3848 6200
240 393 3509 449 mm

316 433 1520 449 __.__.._.._.____.___—....____.____
1895 441 2988 451 _.___._._.__..__.--_-.._____._.....
3000 443 3418 454 .._-._-.._.._-----
3437 449 3462 452 _.
3475 448 3502 453 ,-

1393 663 2429 816 PB/EFATIO.

320 1198 630 1265 Quamvis
685 1214 880 1268 operae
923 1206 1153 1268 pretium
1193 1197 1435 1253 facturos
1477 1211 1575 1250 nos
1613 1211 1730 1250 esse
1777 1196 2160 1250 arbitraremur
2204 1198 2248 1249 si
2293 1195 2536 1266 Origeuis
2576 1196 2747 1266 Opera
2787 1198 2987 1261 omnia,
3023 1207 3128 1250 tam
3159 1197 3246 1251 illa
3277 1213 3506 1265 quorum

242 1291 583 1356 genuinum
633 1305 779 1343 eum
822 1304 942 1342 esse
992 1298 1268 1342 auctorem
1311 1295 1544 1348 constat,
1585 1302 1740 1354 quam
1783 1301 1846 1340 ea
1871 1303 1985 1354 qua:
2015 1289 2111 1340 sub
2146 1289 2260 1354 ejus
2293 1289 2506 1340 nomine
2535 1289 2660 1340 olim
2691 1289 3228 1352 circumferebantur,
3260 1289 3312 1341 in
3342 1305 3504 1343 unum

238 1392 468 1448 corpus
512 1376 965 1444 colligeremus,
991 1375 1245 1443 quoniam
1282 1384 1457 1426 tamen
1491 1374 1766 1441 conquesti
1791 1381 1914 1427 sunt
1946 1373 2041 1426 viri
2072 1373 2271 1440 aliquot
2301 1374 2515 1438 eruditi,
2537 1390 2781 1443 aegreque
2811 1376 2978 1429 tulere
3020 1377 3158 1443 quod
3187 1377 3238 1429 in
3270 1380 3504 1444 priorum

239 1465 501 1530 hujusce
545 1465 840 1518 editionis
869 1465 1199 1518 voluminum
1231 1463 1336 1516 fine
1362 1477 1522 1530 opera
1560 1463 1799 1528 quzcdam
1829 1460 2042 1530 Origeui
2075 1477 2351 1530 perperam
2387 1465 2616 1530 ascripta
2661 1465 2836 1517 addita
2880 1464 3098 1529 fuerint,
3138 1479 3257 1532 quae
3290 1466 3507 1518 omnino

237 1553 552 1618 superflua
590 1554 868 1621 adeoque
900 1553 1201 1606 ementibus
1227 1566 1454 1605 onerosa
1483 1552 1585 1604 sibi
1619 1552 1954 1617 videbantur,
1985 1551 2101 1604 ideo
2136 1553 2186 1603 in
2220 1551 2607 1617 posterioribus
2639 1555 2794 1606 tomis
2835 1554 3036 1620 reliqua
3082 1553 3342 1621 ejusmodi
3375 1566 3505 1616 spu-

238 1644 332 1696 ria
377 1645 738 1698 omittenda
769 1645 1101 1706 censuimus,
1131 1644 1308 1711 qualia
1349 1652 1470 1695 sunt
1513 1643 1940 1696 Commentarios
1970 1641 2105 1694 alter
2139 1643 2187 1692 in
2215 1640 2313 1694 Job
2345 1656 2374 1693 a
2409 1640 2686 1695 Joacliimo
2719 1643 2962 1697 Perionio
2984 1643 3171 1696 Latine
3192 1656 3502 1703 conversus,

248 1730 731 1786 Commentaria
769 1735 822 1786 in
853 1732 1202 1800 Evangelium
1236 1731 1395 1784 Marci
1429 1746 1547 1798 qua:
1578 1731 1675 1784 sibi
1705 1732 1991 1798 aliquando
2031 1731 2232 1784 edenda
2281 1741 2635 1797 proposuerat
2664 1733 3000 1786 doctissimus
3033 1731 3277 1794 lluetius,
3320 1731 3503 1783 Ilomi-

251 1819 352 1870 liae
390 1819 453 1872 in
489 1820 798 1882 diversos,
831 1829 890 1872 et
913 1819 1017 1872 alia
1055 1833 1173 1884 quae
1203 1816 1492 1884 praeferunt
1520 1818 1743 1886 vulgatae
1772 1827 1928 1870 antea
1962 1817 2161 1871 Latina:
2193 1818 2451 1871 editiones
2483 1820 2661 1870 :unde
2695 1820 2750 1870 fit
2785 1830 2840 1872 ut
2867 1836 2968 1873 non
2997 1821 3108 1888 jam
3143 1820 3503 1875 voluminibus

237 1910 549 1976 quinque,
609 1910 773 1962 sicut
817 1910 975 1962 initio
1013 1909 1348 1980 propositum
1402 1908 1596 1970 fuerat,
1637 1910 1730 1961 sed
1786 1915 2013 1972 quatuor
2057 1907 2318 1958 duntaxat
2365 1914 2470 1958 tota
2518 1906 2966 1973 Origenianorum
2997 1907 3229 1975 Operum
3257 1908 3504 1962 calleczio

245 2000 656 2052 conficiatur.

319 2090 549 2142 Mirum
583 2105 738 2144 vero
770 2090 1000 2143 fortasse
1024 2088 1298 2140 videbitur
1335 2093 1584 2152 quartum
1620 2084 1719 2135 hoc
1755 2092 1806 2135 et
1831 2081 2074 2133 ultinmm
2101 2081 2369 2144 volumen,
2406 2086 2544 2150 quod
2589 2085 2639 2136 in
2686 2085 2998 2152 praefatione
3036 2087 3176 2138 tertii
3203 2101 3344 2139 anno
3367 2087 3504 2139 1740

237 2181 418 2247 quasi
481 2196 635 2234 mox
679 2183 839 2247 prelo
878 2177 1317 2232 committendum
1359 2175 1752 2235 nuntiaverant,
1798 2182 1904 2225 tam
1962 2186 2082 2226 sero
2128 2182 2305 2225 tamen
2359 2183 2475 2240 post
2516 2174 2616 2225 alia
2664 2175 2896 2241 prodire.
2933 2173 3122 2228 Verum
3152 2187 3505 2244 praeterquam

237 2269 405 2335 quod
447 2267 721 2336 propius
747 2263 1054 2332 inspicienti
1083 2261 1215 2313 mihi
1241 2261 1329 2314 vix
1369 2261 1658 2328 quidquam
1710 2261 1761 2312 in
1797 2273 1860 2312 eo
1890 2258 2223 2310 elaboratum
2267 2260 2521 2327 preloque
2551 2271 2793 2326 paratum
2826 2264 3080 2326 occurrit,
3113 2267 3316 2318 absenti
3349 2267 3505 2332 paulo

238 2369 414 2426 post,
461 2359 812 2424 alienisque
846 2356 1113 2409 laboribus
1158 2361 1420 2418 occupato
1469 2349 1744 2418 promissis
1788 2359 1928 2401 stare
1967 2361 2070 2400 non
2100 2347 2272 2400 licuit.
2306 2349 2456 2401 Anno
2481 2352 2620 2402 enim
2654 2351 2790 2403 1742
2823 2362 3033 2406 mortuo
3077 2355 3292 2407 domino
3319 2365 3504 2408 nostro

238 2449 434 2503 Petro
473 2447 790 2506 Sabatier,
823 2445 912 2512 qui
940 2445 1131 2498 veteris
1174 2443 1374 2495 Latina:
1414 2439 1726 2501 Bibliorum,
1755 2451 1910 2505 quam
1957 2438 2190 2491 Italicam
2235 2449 2447 2503 vocant,
2483 2441 2757 2494 Versionis
2781 2443 2957 2508 priora
2990 2444 3094 2497 duo
3125 2443 3391 2498 volumina
3422 2446 3504 2499 in-

241 2540 394 2594 folio
433 2539 656 2591 Remis
697 2536 1025 2603 vulgaverat,
1060 2535 1254 2586 Remos
1305 2545 1445 2584 anno
1475 2529 1610 2581 1745
1638 2545 1665 2580 a
1702 2527 2078 2594 Superioribus
2123 2529 2317 2582 missus
2350 2531 2414 2580 ad
2450 2533 2869 2597 persequendam
2918 2535 3071 2594 hanc,
3105 2547 3261 2601 quam
3288 2535 3503 2602 potissi-

242 2644 416 2682 mum
460 2626 801 2695 ﬂagitabat,
838 2625 1093 2692 cujusque
1119 2621 1420 2688 sumptibus
1451 2619 1770 2671 subvenerat
1803 2616 2182 2669 serenissimus
2222 2618 2630 2670 Aurelianorum
2663 2621 2765 2670 dux
2795 2634 2858 2672 ac
2883 2624 3148 2688 princeps,
3177 2623 3489 2688 editionem,

244 2733 356 2772 sex
398 2731 608 2770 annos
645 2715 898 2781 integros
928 2715 1122 2766 ibidem
1153 2710 1414 2776 insumpsi
1449 2709 1607 2762 tertio
1635 2717 1688 2760 et
1720 2706 1905 2758 ultimo
1939 2705 2095 2772 hujus
2125 2705 2379 2758 volumini
2419 2706 2761 2761 absolvendo.
2795 2707 2910 2771 Quo
2941 2710 3086 2761 ﬁnito
3116 2719 3254 2764 totus
3278 2713 3342 2764 ad
3375 2712 3494 2767 Ori-

245 2801 470 2878 genem
510 2806 694 2869 redii,
732 2805 947 2872 singula
978 2806 1041 2858 ad
1080 2802 1476 2868 manuscriptos
1504 2799 1716 2853 codices
1754 2796 1953 2852 contuli
1986 2807 2041 2848 et
2061 2798 2334 2865 castigavi,
2361 2797 2501 2848 notis
2530 2796 2808 2856 illustravi.
2837 2798 2964 2849 nulli
2988 2799 3214 2866 denique
3239 2801 3320 2854 vel
3341 2817 3502 2870 curae,

248 2897 347 2952 vel
381 2897 622 2960 studio,
664 2895 757 2948 vel
795 2894 967 2947 labori
1004 2893 1215 2961 peperci
1243 2899 1303 2943 ut
1337 2891 1598 2956 integrum
1627 2889 1755 2942 illud
1787 2902 1850 2940 ac
1887 2885 2179 2954 perfectum
2210 2886 2427 2953 suisque
2457 2888 2704 2939 omnibus
2752 2887 2987 2939 numeris
3017 2889 3314 2942 absolutum
3349 2891 3496 2943 voln-

246 3001 387 3041 men
435 2985 758 3039 evaderet.
791 2983 848 3036 Si
883 2983 1005 3050 quid
1035 2990 1220 3048 postea
1255 2993 1419 3032 morae
1450 2977 1831 3036 intercesserit.
1861 2976 1910 3027 id
1945 2976 2276 3029 tribuendum
2331 2976 2412 3026 vel
2453 2975 2692 3028 aviditati
2727 2983 2780 3029 et
2812 2976 3104 3030 oscitantiae
3145 2980 3501 3046 typographu-

248 3092 415 3140 rum,
451 3075 587 3142 qui,
636 3089 712 3127 ne
761 3072 1141 3141 typographica
1171 3083 1405 3136 unquam
1439 3082 1536 3122 sua
1561 3065 1766 3120 oilicina
1801 3075 1972 3128 vacet,
1998 3079 2132 3118 nova
2163 3077 2375 3130 semper
2408 3063 2760 3130 imprimenda
2804 3075 3078 3132 appetunt,
3111 3067 3350 3120 inchoata
3395 3080 3498 3122 ποι,

247 3164 519 3232 gligunt,
545 3165 644 3221 vel
681 3162 817 3215 aliis
851 3161 1256 3228 quibuscunque
1295 3155 1527 3218 casibus,
1559 3155 1739 3225 quales
1771 3154 1874 3207 fert
1907 3167 2082 3230 rerum
2116 3153 2470 3206 humanarum
2517 3167 2788 3222 nunquam
2832 3156 2932 3208 sibi
2959 3158 3316 3209 constantiam
3344 3159 3499 3214 vicis-

246 3256 486 3310 situdo.

327 3343 531 3396 Porro
571 3347 771 3391 tomus
806 3335 896 3387 hic
927 3341 1142 3402 quartus
1181 3341 1236 3384 et
1271 3331 1487 3384 ultimus
1528 3330 1577 3382 in
1607 3332 1737 3382 duas
1772 3339 1948 3396 partes
1979 3331 2249 3391 dividitur,
2283 3343 2510 3397 quarum
2551 3330 2995 3407 priocﬁontjnet.
3018 3335 3226 3412 residua
3256 3333 3497 3417 Qt'igeni:

245 3448 444 3504 opera
477 3432 543 3484 in
580 3426 891 3488 Joannem,
924 3424 1275 3492 fragmentum
1303 3436 1332 3474 e
1364 3429 1549 3488 quarta
1581 3420 1759 3473 homili

2018 3436 2032 3474 ι
2065 3421 2455 3488 apostolorum,
2489 3407 3537 3504 ϐοιιιηιξίξξιῇἑοέιςῇιῇιιθιῇ-’ἶόἘρξξξᾶηί

243 3495 370 3578 lam
406 3519 593 3574 Pauli
629 3517 708 3569 ad
746 3516 1044 3576 Romanos,
1073 3527 1192 3566 eum
1239 3510 1556 3578 fragmentis
1586 3510 1636 3562 in
1664 3509 1927 3576 Epistolas
1965 3511 2030 3564 ad
2057 3511 2292 3570 Galatas.
2332 3514 2398 3565 ad
2430 3500 2705 3580 Ephesios,
2734 3495 3197 3592 atljgoléséednsesv,
3240 3495 3536 3573 animi."

240 3610 702 3668 salonicenses,
733 3605 804 3656 ad
853 3602 1054 3666 Titum,
1084 3601 1150 3654 ad
1201 3600 1590 3660 Philemonem,
1621 3599 1686 3650 ad
1733 3598 2001 3659 l‘lebrteos,
2036 3608 2091 3652 et
2129 3601 2334 3652 duobus
2384 3603 2654 3656 consuetis
2697 3586 3498 3673 iridigiioitsﬁiolteroflocorum

241 3702 604 3766 Scriptura:
650 3706 858 3752 sacrae,
882 3690 1050 3742 altero
1092 3703 1271 3741 rerum
1301 3686 1722 3740 memorabilium
1751 3700 1760 3736 :

1987 3688 2066 3737 ior
2091 3701 2212 3753 pars
2245 3688 2619 3755 complectitur
2645 3689 2824 3759 Opera
2853 3673 3239 3768 atljdfigeneur
3255 3694 3503 3762 spectan-

238 3797 352 3858 tia,
385 3763 685 3845 nimirum
717 3786 781 3838 S.
816 3782 1081 3848 Pamphili
1107 3780 1364 3849 martyris
1400 3778 1702 3845 Apologiam
1728 3791 1819 3841 pro
1853 3774 2093 3844 Origene,
2123 3787 2176 3832 et
2207 3793 2303 3845 pro
2335 3781 2520 3832 eodem
2567 3763 3503 3860 Ρηηεῃειξέοζιξκυξρἓιξῖἆςξιεηδοαἷεὲιιιο

233 3895 341 3938 clo
372 3878 685 3946 Gregorio
717 3875 1129 3938 Thaumaturgo
1158 3883 1188 3922 e
1215 3867 1397 3921 schola
1444 3865 1690 3932 Origenis
1725 3866 1778 3917 in
1823 3866 2050 3930 patriam
2097 3868 2271 3920 redire
2308 3870 2512 3934 paranti
2549 3867 3013 3935 compos’ftéinfac
3039 3863 3375 3927 cms’areatin
3402 3877 3501 3928 Pa-

233 3976 482 4027 laestina
524 3966 769 4036 publice
803 3961 1062 4021 habitam,
1095 3957 1408 4035 Qrigeniana
1433 3971 1460 4006 a
1488 3953 1794 4007 doctissimo
1821 3951 2008 4006 lluetio
2038 3954 2258 4022 scripta,
2285 3957 2531 4023 notisque
2563 3956 2834 4009 historicis
2865 3972 2928 4008 ac
2949 3958 3152 4012 criticis
3183 3960 3271 4012 ubi
3290 3974 3409 4016 eum
3437 3979 3503 4017 eo

233 4065 424 4116 nobis
452 4074 580 4112 non
619 4054 899 4110 convenit
926 4051 1204 4112 illustrata,
1235 4061 1354 4100 cum
1391 4058 1598 4099 summa
1629 4044 1866 4109 ejusdem
1897 4046 2073 4111 operis
2103 4045 2385 4107 librorum,
2417 4047 2747 4108 sectionum,
2780 4047 3013 4114 capitqu
3039 4056 3094 4099 et
3119 4064 3497 4114 numerorum;

224 4162 295 4206 et
326 4156 708 4214 excerptum
747 4157 820 4196 ex
850 4141 1090 4208 Georgio
1141 4138 1292 4190 Bullo
1333 4142 1492 4201 caput
1539 4147 1735 4186 nonum
1769 4131 2098 4198 Defensionis
2131 4133 2256 4198 ﬁdei
2305 4132 2558 4200 Nicwna’,
2592 4136 2656 4188 de
2695 4135 2832 4192 Filio
2861 4135 2937 4205 τῷ
2958 4137 3244 4206 opacos-trp,
3282 4140 3370 4192 ubi
3413 4154 3501 4193 ca-

233 4240 471 4293 tholica
512 4231 803 4298 Origenis
827 4229 897 4281 de
928 4227 1186 4280 Trinitate
1223 4225 1349 4277 ﬁdes
1377 4222 1712 4290 potissimum
1733 4221 2060 4274 vindicatur.

313 4377 820 4438 Commentariis
861 4374 917 4425 in
962 4371 1243 4435 Joannem,
1273 4382 1326 4425 et
1367 4374 1626 4441 Apologia:
1673 4374 1934 4439 Pamphili
1966 4363 2195 4440 speciale
2223 4378 2478 4434 Monilum
2508 4386 2791 4451 praeﬁxum
2821 4396 2921 4442 est.
2946 4387 3076 4442 Cum
3107 4407 3234 4446 vero
3275 4395 3341 4449 de
3383 4396 3504 4452 fra-

224 4471 514 4540 gmentis
547 4468 612 4518 in
645 4468 798 4517 Acta
835 4463 1199 4529 apostolorum
1233 4472 1284 4514 et
1328 4465 1379 4515 in
1420 4463 1683 4526 Epistolas
1715 4464 1862 4515 Pauli
1911 4479 2101 4532 agatur
2131 4467 2558 4538 Origenianorwn
2603 4475 2745 4528 libro
2775 4494 2856 4542 ιιι,
2885 4480 3118 4535 sectione
3141 4483 3194 4545 2,
3220 4500 3368 4538 num.
3396 4490 3427 4542 7
3451 4503 3504 4544 et

220 4561 287 4624 8,
320 4574 470 4627 pag.
517 4554 674 4615 297,
711 4561 770 4604 et
795 4552 1038 4604 sectione
1063 4551 1119 4613 3,
1148 4567 1293 4606 num.
1325 4553 1386 4603 H
1411 4564 1463 4605 et
1492 4552 1572 4615 15,
1607 4567 1726 4620 pag.
1763 4553 1866 4606 505
1899 4566 1952 4606 et
1985 4555 2107 4618 506,
2142 4561 2228 4612 ubi
2255 4561 2380 4628 quid
2419 4566 2537 4618 novi
2574 4581 2602 4618 a
2633 4569 2791 4622 nobis
2821 4578 3086 4636 repertum
3133 4576 3204 4628 sit
3230 4576 3368 4631 notis
3406 4584 3501 4634 ob-

216 4649 663 4707 servavimus,
701 4643 840 4695 inde
892 4641 951 4692 fit
1000 4651 1056 4692 ut
1096 4643 1162 4694 de
1201 4641 1300 4694 illis
1328 4642 1515 4694 iterum
1546 4644 1758 4710 prtefari
1783 4661 2234 4712 supervacaneum
2264 4655 2520 4719 videatur,
2548 4659 2648 4710 nisi
2679 4658 2820 4715 forte
2845 4662 3042 4729 aliquid
3071 4665 3288 4734 insuper
3314 4671 3498 4725 dicen-

219 4741 374 4794 dum
406 4739 500 4793 sit
537 4735 619 4790 de
650 4731 1089 4786 Commentariis
1121 4730 1169 4781 in
1199 4730 1480 4798 Epistolam
1509 4733 1572 4783 ad
1606 4731 1891 4787 Romanos.
2291 4737 2294 4742 '

1271 4903 1342 4954 De
1380 4902 1768 4957 Commentariis
1796 4906 1848 4956 in
1870 4902 2156 4964 Epistolam
2186 4900 2252 4949 ad
2283 4898 2560 4953 Romanos.

298 5021 464 5074 cum
521 5011 720 5067 libris
752 5023 792 5057 ν
823 5016 880 5060 et
910 5020 1000 5058 vut
1033 5004 1223 5057 Contra
1257 5005 1455 5056 Celsum
1491 5021 1617 5061 snas
1658 5009 2031 5076 iit-Epistolam
2072 5006 2136 5060 ad
2181 5007 2451 5062 Romanos
2499 5005 2901 5060 ιυευὺτθῑῖοηθε
2928 5019 3188 5062 memoret
3216 5010 3496 5083 Origenes.

212 5122 460 5166 certum
500 5114 606 5158 est
658 5102 721 5151 in
786 5097 929 5149 hanc
971 5098 1115 5162 prius
1146 5095 1455 5160 Epistolam,
1479 5111 1639 5162 quam
1685 5098 1881 5151 Contra
1920 5098 2150 5160 Celsum,
2175 5098 2414 5165 adeoque
2457 5109 2750 5163 antequam
2786 5098 2941 5151 ﬁnem
2975 5099 3272 5165 imperandi
3299 5102 3501 5162 faceret

210 5201 578 5266 philippus,
639 5201 784 5241 eum
835 5185 1131 5249 scripsisse.
1179 5182 1368 5247 Liquet
1396 5185 1553 5236 etiam
1601 5186 1728 5240 illud
1771 5202 1904 5254 opus
1944 5186 2108 5238 fuisse
2147 5186 2476 5239 elaboratum
2512 5193 2628 5251 post
2661 5183 2778 5248 ejus
2809 5185 2860 5235 in
2893 5183 3186 5241 chiticum
3219 5189 3500 5260 llomilias,

210 5303 491 5361 quarum
560 5276 858 5336 secunda:
903 5271 1139 5326 meminit
1182 5271 1272 5322 lib.
1317 5284 1395 5333 rx,
1438 5287 1590 5327 num.
1639 5278 1665 5328 1
1715 5277 2224 5331 Commentariorum
2260 5276 2309 5326 in
2335 5277 2580 5328 eamdem
2616 5272 2928 5338 Epistolam.
2960 5275 3128 5329 Porro
3161 5283 3501 5348 etun,judice

212 5357 470 5440 llufino,
520 5375 670 5426 ista:
708 5363 964 5418 llomiliae
1005 5375 1068 5412 ex
1125 5357 1361 5423 tempore
1399 5366 1762 5429 pronuntiata:
1797 5367 1922 5426 sint,
1957 5365 2166 5417 nonnisi
2197 5373 2317 5430 post
2357 5377 2559 5416 annum
2597 5360 2800 5414 Christi
2829 5364 2933 5417 245
2963 5367 3147 5420 haberi
3186 5377 3496 5435 potuerunt.

213 5468 390 5522 unde
441 5457 812 5524 colligimus
857 5464 964 5515 quo
1007 5457 1244 5513 tempore
1279 5448 1720 5507 Commentarios
1761 5456 1814 5507 in
1862 5455 2168 5506 Matthmum
2199 5455 2560 5508 concinnabat
2591 5452 2878 5520 Origenes,
2911 5470 3098 5521 nempe
3129 5458 3270 5509 circa
3299 5473 3495 5512 annum

208 5554 350 5618 256,
386 5551 758 5618 imperante
803 5537 1063 5602 Philippo,
1103 5534 1292 5588 eodem
1329 5537 1487 5592 etiam
1527 5541 1936 5600 Commentaria
1978 5547 2034 5597 in
2083 5543 2372 5608 Epistulam
2418 5545 2485 5598 ad
2519 5542 2796 5598 Romanos
2828 5559 2948 5599 eum
2975 5545 3282 5599 adornasse.
3316 5544 3499 5614 quue

587 5641 887 5698 PATROL.
926 5632 1034 5689 Gn.
1067 5627 1228 5692 XIV.
3155 5636 3190 5694 1

379 6029 384 6032 '
515 6025 528 6030 “
547 6031 562 6046 ἀ
607 6007 636 6036 ’ἴ
715 6001 866 6048 ’·Ϊζ⁸ο

221 6051 242 6086 ’Ϊ
271 6083 280 6090 -
497 6049 634 6094 ο--αςῑ
659 6047 674 6086 ὀ
711 6055 732 6092 .’
765 6053 808 6088 3.-

71 6133 153 6200 ι,
180 6059 696 6193 ,ρηῃίῶῚ
605 6093 640 6140 ὐ
707 6097 737 6167 ε’
759 6103 796 6142 ει
823 6099 840 6118 ³
