3848 6184
431 269 495 330 H
1563 266 1931 322 PREFATIO
1964 267 2051 321 AD
2090 265 2329 322 TOMUM
2361 266 2448 319 ιν.
2734 282 2741 289 ‘
3537 266 3605 319 12

431 384 776 439 verisimilius
823 383 949 437 illud
1000 380 1227 443 eruitur,
1269 380 1409 447 quod
1449 388 1595 433 tomo
1638 395 1748 432 xvn
1783 381 1834 433 in
1884 379 2188 434 Matthaeum
2229 390 2357 431 suas
2410 377 2462 429 in
2490 375 2777 445 Epistolam
2805 366 2870 431 ad
2902 378 3172 432 Romanos
3198 378 3607 448 explanationes

437 484 730 538 recenseat,
756 482 808 527 et
858 472 949 526 lib.
984 487 1001 523 ι
1037 472 1091 523 in
1115 469 1400 538 Epistolam
1431 469 1497 523 ad
1531 468 1817 533 Romanos,
1855 482 2004 521 num.
2038 469 2089 532 5,
2125 469 2191 522 de
2233 465 2537 537 genealogia
2585 467 2878 521 Salvatoris
2912 482 2940 520 a
2969 467 3218 521 Matthaco
3269 468 3437 522 relata
3483 481 3606 536 pro-

433 568 609 619 mittat
637 580 696 619 se
727 564 893 618 fusius
923 577 1018 616 suo
1042 560 1159 616 loco
1187 562 1238 615 in
1266 559 1608 628 sequentibus
1628 560 1970 626 scripturum.

500 654 868 713 Cassiodorus,
918 651 1157 704 Institut.
1197 649 1355 701 divin.
1395 647 1536 713 lect.,
1578 661 1700 714 cap.
1733 646 1786 711 8,
1823 646 2009 713 viginti
2060 646 2226 700 libros
2264 646 2318 698 in
2362 647 2500 698 hanc
2550 643 2842 712 Epistolam
2892 644 2958 697 ab
2991 644 3222 712 Origene
3273 648 3606 714 conscriptos

434 744 616 800 refert.
652 742 832 796 Sancti
864 740 1017 793 Pauli
1043 740 1209 806 prima
1239 739 1487 800 omnium,
1526 736 1715 804 inquit,
1745 741 1793 786 et
1839 734 2197 786 admirabilior
2224 733 2484 785 destinata
2515 734 2841 799 cognoscitur
2864 733 2931 785 ad
2968 732 3246 796 Romanos,
3288 749 3444 803 quam
3475 735 3601 788 Ori-

432 849 580 905 genes
618 831 794 900 viginti
845 830 993 883 libris
1030 824 1208 882 ϐιαίου
1250 844 1482 883 sermone
1515 826 1816 880 declaravit.
1848 825 2044 878 Verum
2092 824 2337 885 Ruﬁnus,
2369 823 2458 890 qui
2511 822 2740 875 Heraelii
2782 822 3011 890 impulsu
3043 838 3135 878 eos
3163 823 3368 878 Latinas
3406 824 3602 891 linguae

434 922 707 977 donandus
742 919 992 987 suscepit,
1022 920 1322 982 quindecim
1355 927 1559 972 tantum
1606 924 1884 970 enumerat
1918 916 1970 968 in
2007 928 2116 968 sua:
2150 911 2514 966 translationis
2564 913 2828 980 prommio
2862 931 2873 965 :
2907 914 3014 966 imo
3063 912 3276 966 variant
3317 913 3599 975 lectiones,

435 1021 487 1065 et
517 1024 612 1078 pro
638 1009 946 1077 quindecim,
981 1015 1037 1060 ut
1087 1007 1268 1076 legunt
1305 1022 1490 1060 omnes
1536 1007 1683 1068 editi,
1716 1007 1838 1067 duo.
1869 1005 2063 1073 quibus
2096 1003 2177 1057 usi
2207 1016 2412 1064 sumus,
2445 1001 2803 1067 antiquissimi
2828 1002 3067 1066 codices,
3100 1017 3238 1055 unus
3262 1001 3587 1055 cathedralis

433 1087 672 1151 ecclesiae
719 1096 1075 1162 Ebroicensis,
1108 1095 1246 1148 alter
1292 1096 1602 1148 monasterii
1632 1093 2012 1157 Vallis-Clam,
2041 1091 2238 1145 habent
2283 1091 2417 1144 alius
2463 1090 2657 1151 decem,
2685 1090 2819 1142 alius
2859 1090 3148 1142 duodecim.
3189 1090 3294 1144 Sed
3342 1091 3435 1144 hic
3488 1090 3598 1144 for-

436 1197 577 1238 tasse
602 1185 770 1237 libros
796 1184 885 1252 qui
916 1199 1008 1237 sua
1044 1193 1199 1239 aetate
1233 1192 1549 1250 supererant
1575 1174 1940 1237 tantummodo
1966 1182 2186 1235 denotat
2214 1180 2469 1241 Ruﬁnus;
2500 1179 2606 1246 jam
2646 1179 2789 1232 enim
2815 1179 3019 1245 aliquot
3054 1180 3395 1234 intercidisse
3429 1190 3592 1236 testa-

436 1284 521 1325 tur
564 1274 614 1325 in
658 1272 968 1339 prazfatione
1021 1272 1085 1323 ad
1123 1270 1443 1325 Heracliam.
1473 1270 1541 1325 Ut
1572 1280 1627 1323 ut
1658 1270 1747 1333 sit,
1784 1269 2059 1337 deperdita
2103 1268 2168 1321 de
2194 1282 2290 1319 suo
2326 1265 2614 1327 addidisse,
2659 1273 2934 1332 totumque
2962 1280 3095 1333 opus
3119 1266 3186 1318 ad
3216 1267 3443 1319 mediam
3486 1267 3601 1320 fere

434 1371 636 1429 partem
659 1375 717 1414 se
745 1361 1072 1416 contraxisse
1100 1360 1295 1413 ibidem
1336 1360 1617 1427 proﬁtetur
1645 1374 1659 1411 :
1686 1366 1740 1410 et
1772 1357 1968 1424 reipsa,
2003 1363 2136 1410 teste
2177 1354 2492 1408 Cassiodoro
2525 1352 2715 1405 ibidem
2746 1367 2849 1419 quo
2875 1368 3060 1421 supra,
3108 1368 3173 1406 ex
3217 1355 3405 1423 viginti
3447 1355 3598 1412 libris

435 1450 613 1502 decem
650 1449 1011 1501 tantummodo
1039 1446 1268 1500 confecit
1300 1466 1311 1499 :
1352 1445 1491 1508 Quos
1540 1454 1730 1508 tamen,
1778 1444 1970 1510 inquit,
2020 1458 2181 1510 supra
2203 1443 2370 1494 dictus
2417 1439 2637 1507 Ruﬁnus
2658 1444 2711 1492 in
2738 1443 2909 1493 decem
2943 1442 3104 1494 libros
3127 1443 3387 1509 redigens,
3423 1444 3598 1497 adhuc

435 1537 637 1602 capiose
691 1535 956 1588 transtulit
1000 1535 1054 1586 in
1103 1533 1366 1586 Latinum.
1420 1533 1687 1586 Adversus
1730 1533 1870 1584 hanc
1914 1531 2191 1583 audaciam
2245 1528 2583 1583 excandescit
2637 1526 2911 1593 Erasmus,
2945 1543 3041 1581 nec
3080 1529 3352 1584 immerito
3379 1533 3597 1598 quidam

435 1624 683 1678 Ruﬁnum
708 1605 1075 1692 obiurgat-unt,
1104 1623 1548 1690 quemadmodum
1584 1625 1695 1689 ipse
1718 1622 1818 1675 sibi
1850 1620 2117 1688 objectum
2150 1620 2312 1674 fuisse
2335 1621 2409 1672 ait
2441 1621 2493 1672 in
2529 1619 2868 1687 peroratione
2891 1634 2999 1672 suae
3033 1622 3420 1687 translationis,
3451 1627 3599 1692 quod

433 1725 585 1765 suum
623 1710 800 1776 potius
842 1723 998 1777 quam
1034 1708 1279 1774 Origenis
1314 1724 1502 1761 nomen
1548 1708 1704 1772 hujus
1730 1708 1906 1776 Operis
1938 1709 2090 1762 titulo
2116 1723 2222 1761 non
2251 1708 2628 1775 inscripsisset.
2669 1705 2802 1759 Hinc
2832 1708 2975 1760 enim
3006 1711 3064 1761 lit
3098 1719 3155 1764 ut
3191 1712 3283 1765 vix
3305 1712 3595 1781 Origenem

432 1800 486 1853 in
526 1798 756 1868 Origene
800 1798 1055 1865 reperias,
1092 1799 1440 1867 iniuriamque
1480 1798 1693 1868 Origeni
1744 1799 1943 1852 illatam
1979 1798 2185 1853 facilius
2230 1799 2620 1866 deprehendes,
2648 1797 2692 1851 si
2727 1797 3024 1867 fragmenta
3060 1807 3303 1869 quaedam
3337 1806 3598 1860 lucubra-

435 1888 593 1941 tionis
624 1887 779 1955 hujus
811 1888 1008 1939 inserta
1038 1886 1340 1941 Philocaliw
1371 1903 1492 1941 eum
1525 1889 1802 1941 Ruliniana
1830 1888 2181 1943 conversione
2216 1886 2489 1956 confligas.

500 1978 824 2048 Theophilus
870 1979 1207 2043 Salodianus,
1248 1980 1451 2034 ordinis
1485 1980 1848 2033 Observantia:
1892 1980 2309 2034 Mendicantium
2349 1980 2465 2033 Divi
2517 1980 2821 2050 Hieronymi
2852 1977 3146 2048 professor,
3175 1988 3240 2030 ex
3269 1979 3457 2032 codice
3488 1996 3597 2032 nta-

432 2070 706 2138 nuscrlpto
751 2068 1061 2122 Phesulanze
1083 2072 1161 2124 sui
1198 2081 1488 2126 conventus
1525 2071 1880 2135 bibliothecae,
1915 2073 2005 2140 qui
2038 2070 2423 2141 Hieronymum
2464 2073 2807 2140 interpretem
2838 2071 2888 2122 in
2916 2070 3089 2121 fronte
3123 2068 3464 2136 praeferebat,
3495 2072 3594 2124 bos

432 2158 614 2211 decem
650 2157 816 2210 libros
856 2156 1053 2224 primus
1082 2158 1179 2210 sub
1213 2156 1519 2227 Hieronymi
1552 2159 1765 2211 nomine
1789 2158 2025 2213 Venetiis
2066 2159 2234 2212 edidit
2256 2174 2399 2212 anno
2430 2159 2583 2213 1506.
2616 2160 2767 2212 Hunc
2793 2158 2959 2212 secuti
2994 2155 3276 2220 Merlinus,
3309 2156 3590 2221 Erasmus,

430 2242 823 2309 Genebrardus,
874 2244 1291 2313 Hieronymique
1338 2245 1567 2313 Operum
1627 2247 1958 2301 Basileenses
2008 2247 2262 2311 editores,
2298 2263 2435 2300 anno
2482 2247 2634 2309 l57l,
2682 2256 2839 2315 atque
2886 2243 3159 2311 Philippus
3209 2244 3472 2299 Labbaeus
3517 2248 3594 2301 De

430 2336 668 2401 scriptor.
698 2335 900 2394 eccles.,
924 2344 1053 2386 tom.
1082 2332 1143 2398 ll,
1177 2348 1297 2402 pag.
1328 2335 1447 2397 145,
1472 2335 1587 2403 ejus
1616 2349 1792 2403 operis
1817 2335 2316 2402 interpretationem
2346 2334 2670 2404 Hieronymo
2698 2336 2875 2389 itidem
2906 2337 3297 2404 ascripserunt.
3328 2338 3432 2391 Sed
3456 2339 3594 2393 hanc

432 2422 625 2475 Ruﬁno
653 2435 772 2474 esse
805 2420 1139 2474 tribuendam
1164 2422 1563 2477 evidentissime
1584 2424 1812 2491 probant
1841 2431 1951 2476 tum
1982 2423 2357 2486 Cassiodorus,
2392 2433 2500 2476 tum
2532 2425 2878 2491 manuscripti
2901 2425 3092 2487 nostri,
3124 2434 3237 2477 tum
3263 2428 3378 2492 ipsa
3413 2426 3592 2480 Ruﬁni

431 2513 718 2580 peroratio,
765 2511 853 2564 ubi
900 2511 974 2563 ait
1015 2524 1071 2563 se
1110 2509 1266 2578 paulo
1317 2520 1435 2576 post
1481 2524 1861 2564 conversurum
1910 2509 2197 2563 Clementis
2235 2511 2424 2573 libros,
2464 2511 2605 2577 quod
2648 2526 2677 2562 a
2724 2510 2917 2563 Ruﬁno
2961 2511 3164 2564 factum
3197 2525 3317 2565 esse
3351 2525 3588 2568 constat.

431 2603 703 2661 Erasmus,
734 2599 999 2667 mangonii
1049 2598 1297 2652 librarios
1352 2598 1691 2658 insimulans,
1723 2598 1788 2649 ad
1821 2606 2089 2664 eruptores
2121 2597 2435 2650 alliciendos
2472 2607 2780 2663 prmtextum
2814 2598 2880 2651 ab
2927 2599 2992 2651 iis
3040 2599 3352 2669 Hieronymi
3400 2616 3593 2656 nomen

434 2688 745 2741 arbitratur.
775 2687 871 2739 Ast
897 2684 1144 2748 Huetius,
1169 2686 1306 2737 hanc
1337 2684 1543 2739 Erasmi
1571 2683 1983 2752 probabiliorem
2011 2683 2332 2736 sententiam
2377 2696 2653 2750 respuens,
2680 2697 2855 2746 suam,
2892 2687 2977 2739 cui
3003 2685 3221 2740 minime
3248 2692 3590 2751 assentimus,

431 2778 504 2829 ita
530 2776 700 2843 aperit
732 2777 1033 2845 Urigenian.
1082 2775 1174 2830 lib.
1209 2790 1288 2839 tu,
1318 2790 1437 2844 cap.
1465 2775 1519 2838 2,
1563 2782 1694 2829 sect.
1720 2777 1772 2838 3,
1806 2789 1952 2827 uum.
1982 2775 2089 2827 i5:
2121 2775 2265 2827 «Cur
2305 2772 2625 2844 Hieronymo
2677 2776 2871 2829 tributa
2915 2778 2988 2830 sit
3018 2778 3153 2844 (haec
3198 2778 3594 2851 interpretatio)

428 2865 606 2920 Ruﬁni
640 2874 755 2919 astu
800 2874 854 2918 et
890 2862 1100 2917 vafritie
1141 2864 1337 2918 factum
1384 2873 1527 2933 puto,
1566 2866 1655 2932 qui
1690 2866 1757 2918 ad
1790 2862 2156 2917 declinandam
2201 2862 2328 2915 facti
2365 2864 2616 2915 invidiam
2648 2862 2806 2931 (male
2849 2866 3042 2935 quippe
3068 2868 3320 2921 audiebat
3343 2868 3594 2933 Origenis

430 2959 667 3027 nomen),
700 2967 754 3011 et
789 2958 840 3011 in
867 2956 1264 3024 Hieronymum,
1295 2969 1327 3010 a
1364 2970 1470 3025 quo
1495 2969 1633 3022 saepe
1657 2954 1974 3022 Origenismi
2000 2967 2158 3007 causa
2197 2954 2494 3021 exagitatus
2529 2954 2724 3019 fuerat,
2765 2953 3172 3021 retundendam,
3208 2974 3401 3014 nomen
3432 2976 3593 3020 suum

430 3058 537 3099 non
582 3045 849 3113 apposuit,
875 3043 1132 3096 modestia
1176 3041 1378 3096 factum
1421 3040 1700 3105 simulans,
1731 3042 1872 3107 quod
1904 3040 2055 3094 malis
2106 3039 2310 3092 artibus
2361 3048 2536 3092 actum
2572 3048 2750 3093 erat.»
2798 3042 2991 3096 Eadem
3037 3045 3205 3102 ferme
3235 3047 3309 3101 ait
3352 3048 3592 3116 ejusdem

430 3134 685 3189 sectionis
708 3147 855 3185 num.
896 3134 951 3195 5,
998 3133 1085 3185 ubi
1117 3132 1180 3185 de
1206 3130 1454 3186 Homiliis
1476 3132 1527 3184 in
1556 3129 1734 3184 Iosue.
1767 3129 1871 3182 Sed
1907 3129 1973 3182 de
1996 3129 2078 3182 bis
2104 3143 2201 3182 suo
2228 3127 2342 3181 loco
2379 3129 2722 3183 disseremus.

499 3221 702 3275 Praeter
741 3229 1070 3274 contractam
1104 3219 1248 3270 illam
1276 3231 1330 3272 et
1364 3227 1661 3272 truncatam
1707 3217 1884 3270 Ruﬁni
1927 3216 2447 3283 interpretationem,
2496 3219 2753 3269 habemus
2790 3220 2915 3272 tomi
2955 3221 3111 3288 primi
3161 3237 3267 3276 non
3319 3224 3591 3281 mediocre

430 3311 790 3390 frag-meritum
904 3306 1082 3390 capite.
1105 3297 1416 3390 Rhngalia:
1448 3307 1572 3368 ΞΡ,
1601 3319 1664 3358 ac
1689 3306 1821 3358 duas
1850 3302 2079 3355 minores
2123 3302 2347 3357 lacinias
2377 3304 2429 3355 in
2465 3304 2716 3370 Apologia
2748 3303 3067 3374 Pamphili'.
3096 3308 3354 3364 Socrates
3386 3306 3588 3365 Hister.

772 3383 876 3459 Ἧι.
903 3374 1412 3477 έηρέόξίξξέεξι-νιη
1436 3394 1719 3464 Origenem
1746 3395 1798 3445 in
1834 3393 1949 3460 prio

2073 3392 2205 3444 idem
2229 3401 2371 3445 tomo
2388 3393 2408 3423 ³
2434 3387 2692 3445 latissime
2714 3396 3022 3461 exposuisse
3058 3410 3159 3463 qua
3196 3399 3405 3452 ratione
3427 3399 3592 3451 Maria

431 3464 860 3565 ιῖἱῖλέοῖῐξῷῇιιιτε,
880 3464 1458 3565 ιξὶιξςιιὶιῴξὸιῖεθηθε
1499 3485 1609 3552 ipse
1626 3484 1669 3547 ⁸,
1697 3483 1788 3536 lib.
1818 3496 1849 3532 v
1876 3480 2068 3534 Contra
2114 3479 2339 3546 Celsum,
2370 3495 2515 3533 num.
2542 3480 2634 3542 47,
2657 3481 2723 3534 de
2755 3482 3167 3537 circumcisione
3217 3487 3393 3551 egisse
3424 3501 3481 3540 se
3516 3489 3591 3538 ait

430 3558 1185 3652 Comménipgiismi-ﬁn'e‘ail
1211 3573 1479 3627 Romanos
1520 3571 1826 3641 Epistolam.
1867 3569 1949 3623 Sat

2072 3585 2093 3623 s
2121 3570 2348 3623 Basilius
2384 3570 2521 3623 libro
2546 3568 2623 3621 De
2655 3568 2860 3637 Spiritu
2900 3583 3105 3636 sancto,
3135 3587 3252 3641 cap.
3293 3574 3382 3638 29,
3415 3574 3591 3627 locum

428 3645 1168 3743 ειγθὶξᾱξηξῇδζιῆιξῲζιιξόςίξὲ
1191 3662 1356 3743 ecfert
1380 3661 1464 3715 his
1493 3661 1700 3715 verbis:
1737 3663 1801 3712 At
1829 3661 1947 3729 iepe

2070 3657 2254 3728 νάμεις
2278 3660 2573 3727 xwp'qrtxal.
2598 3657 2691 3709 τοῦ
2716 3659 3049 3724 Μονογενοῦς
3072 3661 3165 3711 καὶ
3195 3661 3293 3729 τῆς
3324 3661 3416 3712 τοῦ
3437 3661 3589 3729 ἁγιςυ

431 3733 753 3833 Πνεύῇῥῖτξξ
1301 3751 1510 3802 virtutes
1553 3763 1765 3816 capaces
1805 3758 1922 3801 sunt
1953 3746 2219 3816 Uuigeniti
2259 3759 2305 3800 et
2335 3747 2501 3800 sancti
2544 3745 2769 3813 Spiritus
2792 3749 3001 3802 deitatis
3028 3765 3046 3802 :
3075 3749 3266 3802 librum
3291 3764 3416 3802 vero
3451 3752 3590 3803 unde

436 3842 583 3894 illum
608 3825 1224 3902 ἶειῆῖιέὶθὶίαἱόιΐιῖιῑιιιῖιίίξ
1248 3839 1340 3892 sed
1380 3837 1564 3891 eadem
1606 3838 1767 3890 verba
1808 3836 2149 3903 reperiuntur
2178 3836 2231 3887 in
2266 3835 2706 3902 interpretatione
2739 3834 2942 3900 Rufini,
2973 3836 3065 3890 lib.
3099 3852 3181 3899 ιιι,
3213 3854 3359 3894 num.
3390 3837 3445 3900 8,
3468 3852 3586 3906 pag.

429 3928 553 3983 515.
586 3928 787 3984 Rursus
818 3925 1075 3993 Origenes
1109 3938 1252 3979 tomo
1281 3941 1388 3978 xvn
1417 3927 1468 3979 in
1498 3925 1827 3987 Matthmutu,
1859 3940 2006 3977 num.
2054 3925 2146 3986 52,
2191 3924 2414 3989 plurima
2461 3924 2877 3979 Commentariis
2928 3928 3038 3980 suis
3090 3928 3141 3979 in
3192 3928 3479 3992 Epistolam
3524 3929 3589 3978 ad

431 4018 698 4071 Romanos
725 4031 754 4069 a
785 4032 844 4070 se
871 4017 1010 4069 dicta
1060 4014 1221 4067 fuisse
1269 4012 1476 4066 refert‘
1503 4013 1556 4065 in
1593 4014 1732 4065 hune
1770 4013 2006 4079 Apostoli
2057 4019 2362 4065 contextum
2399 4028 2412 4063 :
2448 4012 2526 4063 An
2577 4013 2851 4080 ignoratis,
2887 4014 3076 4081 fratres
3117 4013 3418 4083 (scientibus
3453 4016 3590 4066 enim

430 4106 586 4171 legem
620 4103 845 4170 loquor),
875 4104 996 4170 quia
1043 4090 1126 4153 lea:
1172 4102 1225 4153 in
1270 4101 1474 4153 homine
1518 4101 1816 4153 dominatur
1839 4109 2030 4169 quanto
2083 4109 2305 4166 tempore
2334 4102 2473 4163 civit,
2503 4110 2609 4153 etc.
2657 4115 2827 4169 usque
2857 4104 2927 4156 ad
2974 4104 3045 4164 id,
3076 4104 3121 4155 si
3152 4103 3304 4169 fuerit
3336 4118 3452 4153 cum
3487 4103 3590 4153 alio

429 4194 539 4245 uiro
558 4194 599 4245 ⁸.
638 4192 794 4244 Aliud
838 4205 1048 4258 quoque
1075 4199 1268 4243 etomo
1318 4206 1371 4242 tx
1404 4190 1754 4258 fragmentum
1806 4190 1961 4243 nobis
2005 4188 2159 4243 oll‘ert
2208 4198 2365 4255 caput
2410 4186 2712 4241 Philocalia:
2757 4194 3017 4245 nonum".
3064 4192 3298 4258 Denique
3337 4190 3591 4257 Origenes

431 4286 622 4340 iterum
657 4283 748 4339 lib.
777 4297 870 4335 vm
902 4282 1093 4334 Contra
1120 4281 1360 4335 eumdem
1391 4280 1614 4344 Celsum,
1657 4296 1811 4333 num.
1842 4279 1932 4341 65,
1972 4278 2103 4332 dicit
2124 4278 2144 4309 ³
2174 4278 2414 4347 pluribus
2454 4281 2505 4331 in
2548 4281 2751 4331 variutn
2791 4294 3011 4335 sensum
3043 4294 3102 4333 se
3131 4288 3389 4333 tractasse
3416 4281 3481 4331 de
3509 4280 3591 4330 his

429 4372 744 4428 versiculis:
776 4371 958 4423 Omnis
1001 4372 1179 4423 anima
1221 4371 1558 4438 potestatibus
1606 4370 2009 4436 prtecellentibus
2041 4368 2250 4420 subdita
2305 4370 2393 4419 sit.
2427 4367 2547 4420 Non
2587 4377 2662 4420 est
2696 4368 2829 4420 enim
2868 4380 3091 4438 potestas
3116 4371 3215 4422 nisi
3241 4386 3271 4421 a
3305 4370 3449 4429 Deo;
3474 4382 3588 4435 qua:

429 4473 603 4518 autem
626 4470 745 4514 sunt
790 4471 1088 4528 potestates,
1120 4477 1150 4512 a
1189 4460 1293 4512 Deo
1341 4459 1596 4511 ordinata:
1647 4468 1812 4513 sunt:
1847 4460 2020 4526 itaque
2059 4457 2146 4524 qui
2187 4459 2425 4523 potestati
2465 4459 2732 4521 resistunt,
2771 4457 2865 4512 Dei
2915 4456 3232 4511 ordinationi
3278 4454 3519 4508 resistunt
3540 4456 3582 4507 '.

430 4554 600 4619 Atque
647 4552 760 4603 haec
805 4563 923 4602 cum
978 4549 1270 4617 legitimum
1314 4551 1565 4601 horumce
1608 4546 2121 4601 Commentariorum
2169 4556 2442 4601 auctorem
2482 4547 2857 4600 Adamantium
2891 4562 3010 4601 esse
3041 4546 3333 4598 clarissime
3367 4544 3586 4596 demon—

431 4650 619 4703 strent,
647 4654 752 4692 non
784 4638 1042 4691 dubitavit
1085 4651 1258 4705 tamen
1298 4639 1529 4691 novitius
1562 4638 1779 4704 quidam
1810 4638 2039 4704 scriptor
2086 4638 2445 4691 heterodoxus
2474 4637 2570 4691 hos
2602 4637 2746 4704 ipsos
2769 4636 2821 4688 in
2849 4635 3307 4704 supposititiorum
3342 4628 3583 4697 Origenis

430 4731 749 4798 scriptorum
798 4728 990 4781 seriem
1044 4728 1342 4792 conjicere;
1391 4740 1421 4777 a
1463 4725 1746 4779 Guilielmo
1775 4726 2029 4780 Perkiuso
2064 4728 2300 4789 delusus,
2330 4726 2420 4793 qui
2470 4740 2562 4779 eos
2612 4725 2746 4778 male
2777 4726 3041 4792 quidema
3082 4721 3271 4775 Ruﬁno
3299 4731 3583 4773 conversos

431 4821 666 4889 scripsit,
698 4819 838 4887 quod
859 4818 1192 4871 verissimum
1222 4826 1325 4880 est,
1349 4818 1566 4886 Origeni
1605 4832 1732 4872 vero
1766 4816 1897 4872 falso
1922 4832 2038 4871 esse
2072 4818 2299 4872 tributos
2328 4818 2631 4886 neutiquam
2657 4817 2931 4885 cogitavit.

502 4968 520 5000 ⁸
548 4967 603 5021 lu
634 4968 903 5035 interpret.
937 4964 1084 5029 Ruf.,
1115 4966 1203 5020 lib.
1244 4981 1283 5028 ι,
1312 4981 1454 5035 num.
1486 4968 1540 5035 ζ),
1572 4975 1683 5020 ιιοι.
1801 4967 1821 4996 ¹
1845 4966 1974 5021 ibid.
2002 4982 2149 5021 num.
2183 4967 2239 5027 5,
2273 4976 2383 5020 not.
2477 4967 2497 4997 ³
2526 4967 2653 5035 ibid.
2685 4976 2793 5019 not.
2891 4964 2913 4995 δ
2946 4962 3209 5035 Ruf.,ulib.
3244 4975 3303 5024 ιι,
3339 4952 3578 5035 annual?

423 5035 616 5156 $1.12..
1118 5020 1281 5089 num;
1298 5034 1350 5086 7.
1435 5034 1455 5063 ⁶
1483 5020 1641 5088 Rom.
1677 5049 1769 5101 vtt,
1796 5020 1912 5089 1-5.
1986 5036 2005 5065 ⁷
2041 5035 2186 5101 Ruf.,
2215 5020 2307 5090 lib.
2335 5051 2407 5100 Vl,
2432 5049 2578 5089 num.
2603 5034 2654 5097 8,
2684 5043 2796 5088 not.
2871 5033 3055 5099 ἰωῇ,
3079 5020 3178 5086 lib.
3202 5020 3452 5092 tx,'uum.
3483 5020 3581 5076 23-
