3848 6204
387 305 454 357 .3
1280 293 1587 359 MONITUM
1615 294 1708 348 an
1746 292 2107 357 COMMENT.
2145 302 2462 359 OBJGENIS
2497 305 2564 359 IN
2594 294 2788 362 JOAN.
3556 312 3625 372 tt

404 438 3589 494 mm:-

1690 686 2356 810 MONITUM

689 963 829 1054 AD
900 967 1804 1060 COMMENTABIA
1872 968 2436 1060 ORIGENIS
2509 972 2633 1116 lN
2705 970 3307 1065 JOANNEM.

1981 1179 2033 1200 iis-

472 1386 522 1447 1.
543 1389 825 1459 Origenes,
849 1404 967 1443 non
996 1389 1155 1457 longe
1182 1400 1464 1466 postquam
1486 1380 1767 1445 Antiochia
1793 1380 1969 1452 rediit,
1998 1395 2042 1449 Α
2071 1375 2413 1459 Evangelium
2466 1397 2574 1445 esse
2623 1386 2845 1445 Joannis
2877 1394 3021 1446 nobis
3065 1390 3407 1461 prapositum,
3459 1393 3608 1464 cujus

396 1494 575 1550 quoa
606 1478 905 1543 Mammaea,
964 1480 1259 1533 Alexandri
1324 1479 1505 1533 Severi
1559 1492 1753 1543 matre,
1802 1481 1976 1533 fuerat

394 1572 727 1631 accersitus,
768 1569 1035 1622 nimirum
1066 1585 1210 1623 anno
1242 1569 1441 1624 Christi
1474 1568 1602 1635 219,
1634 1570 1701 1623 ab
1730 1570 1879 1624 hisce
1918 1570 1969 1623 in

391 1656 674 1713 Joannem
706 1657 1132 1712 Commentariis
1164 1672 1258 1712 sua
1305 1659 1356 1710 in
1404 1658 1734 1724 Scripturam
1766 1646 1971 1725 Exege-

397 1748 518 1802 tica
553 1746 894 1800 Alexandriae
919 1747 1238 1813 auspicatus
1263 1755 1364 1808 est,
1402 1755 1458 1799 ut
1497 1747 1609 1813 ipse
1652 1747 1824 1798 innuit
1852 1761 1970 1812 pro-

393 1833 534 1902 logo
566 1833 621 1885 in
648 1831 937 1894 Joannem,
964 1849 1114 1888 num.
1138 1833 1173 1885 4
1196 1850 1210 1886 :
1247 1834 1431 1902 Πάσης
1454 1834 1627 1885 τοίνυν
1656 1836 1784 1903 ἡμῖν
1834 1834 1972 1903 πρά-ι

394 1919 548 1983 ξεως
599 1920 965 1990 ἀνακειμένης
1012 1919 1150 1988 Θεῷ,
1197 1922 1289 1972 καὶ
1332 1921 1527 1981 παντὸς
1568 1921 1660 1973 τοῦ
1685 1921 1820 1990 βίου,
1851 1923 1970 1973 ἐπεὶ

393 2009 717 2076 σπεύδομεν
746 2010 839 2061 ἐπὶ
865 2011 934 2061 τὰ
964 2009 1265 2078 κρείττονα,
1304 2009 1397 2061 καὶ
1452 2008 1779 2077 βουλομένων
1814 2011 1967 2078 ἡμῶν

388 2096 555 2167 ἔχειν
582 2099 763 2151 πᾶσαν
794 2098 965 2167 αὐτὴν
1018 2097 1266 2168 ἀπαρχὴν
1298 2098 1404 2150 τῶν
1453 2098 1656 2150 πολλῶν
1687 2090 1963 2169 ἀπαρχῶν,

391 2191 459 2241 ετ
488 2207 558 2256 γε
587 2190 664 2259 μὴ
697 2189 1043 2258 σφαλλόμεθα
1066 2189 1225 2240 τοῦτο
1272 2188 1594 2259 νομίζοντες,
1625 2191 1778 2242 ποίαν
1805 2180 1965 2260 ἐχρῆν

388 2277 571 2343 εἶναι,
599 2280 737 2348 μετὰ
755 2281 817 2331 τὸ
842 2280 980 2332 κατὰ
1005 2280 1065 2331 τὸ
1092 2278 1248 2347 σῶμα
1274 2268 1599 2347 κεχωρίσθαι
1638 2282 1781 2350 ἡμᾶς
1808 2280 1967 2344 ἀλλή-

387 2367 544 2431 λων,
575 2369 931 2438 διαφέρουσαν
959 2369 992 2438 ἢ
1031 2368 1127 2437 τὴν
1162 2369 1287 2437 περὶ
1318 2368 1640 2434 Εὐαγγελίου
1686 2369 1962 2433 ὲξέτασιν;

390 2460 526 2510 Καὶ
566 2458 678 2525 γὰρ
703 2458 984 2526 τολμητέον
1020 2459 1191 2508 εἰπεῖν
1221 2457 1406 2508 πασῶν
1435 2457 1540 2507 τῶν
1566 2457 1791 2525 Γραφῶν
1829 2454 1963 2510 εἶναι

387 2547 671 2617 ἀπαρχὴν
696 2548 756 2598 τὸ
785 2546 1129 2613 Εὐαγγέλιον.
1172 2545 1444 2615 Ἀπαρχὴν
1467 2541 1558 2596 οὖν
1582 2543 1844 2614 πράξεων,
1905 2547 1962 2611 ἐξ

389 2630 467 2689 οὗ
504 2639 573 2705 τῇ
619 2634 989 2704 Ἀλεξανδρείᾳ
1037 2633 1533 2701 ὲπιδεδημήκαμεν,
1573 2633 1688 2685 τίνα
1730 2633 1890 2703 ἄλλην
1926 2634 1959 2701 ἢ

389 2724 511 2793 τὴν
546 2726 628 2785 εἰς
655 2722 752 2791 τὴν
781 2722 1035 2791 ἀπαρχὴν
1066 2721 1175 2772 τῶν
1200 2720 1426 2790 Γραφῶν
1463 2721 1624 2791 ἐχρῆν
1651 2722 1957 2788 γεγονέναις

394 2810 575 2865 Omni
605 2811 782 2877 itaque
806 2811 1009 2861 actione
1033 2818 1082 2861 et
1132 2817 1240 2860 tota
1287 2808 1386 2859 vita
1415 2818 1592 2859 nostra
1633 2807 1740 2861 Deo
1762 2809 1957 2871 dicata,

390 2900 660 2969 quoniam
682 2899 750 2950 ad
775 2897 1151 2965 praestantiora
1178 2910 1362 2962 magno
1384 2894 1555 2947 studio
1582 2897 1957 2960 contendimus,

392 2991 836 3057 cupientibusque
867 2989 1014 3040 nobis
1038 2988 1298 3052 primitias
1329 3001 1499 3038 omnes
1543 2986 1824 3038 multarunt
1855 2989 1962 3053 pri-

2071 1498 2270 1535 sensum
2294 1498 2386 1546 pro
2410 1484 2551 1535 virili
2583 1494 2759 1536 nostra
2785 1486 2926 1552 jussi
2967 1500 3142 1537 sumus
3182 1480 3273 1536 abs
3304 1493 3354 1537 te
3399 1486 3608 1538 investi-

2070 1585 2212 1636 gare.
2265 1570 2603 1625 Ambrosium
2661 1562 2751 1624 ~hic
2812 1562 3103 1637 alloquitur
3163 1569 3313 1636 cujus
3392 1572 3605 1625 hortatu

2070 1658 2489 1713 Commentarios
2515 1660 2677 1712 hosce
2703 1659 2955 1727 suscepit,
2995 1660 3150 1726 eique
3189 1661 3535 1726 nuncupavit.

2138 1747 2198 1800 ll.
2245 1733 2481 1800 Achaico
2526 1746 2715 1799 itinere
2756 1734 3127 1799 intermissum
3169 1761 3322 1815 opus,
3350 1748 3521 1802 redux
3552 1752 3607 1803 et

2070 1837 2345 1905 presbyter
2377 1836 2484 1899 jam
2535 1836 2737 1899 lactus,
2788 1830 3123 1888 Alexandria:
3172 1838 3493 1904 resumpsit,
3548 1848 3607 1892 ut
3688 1862 3693 1865 τ

2068 1933 2207 1991 patet
2234 1938 2296 1977 ex
2323 1923 2633 1991 pratl'ationc
2657 1926 2783 1978 tomi
2812 1926 2944 1978 sexti
2967 1926 3018 1978 in
3042 1923 3323 1989 Joannem,
3354 1943 3502 1984 num.
3529 1928 3553 1981 1
3587 1947 3601 1981 :

2066 2004 2174 2064 καὶ
2197 2012 2353 2081 μέχρι
2391 2028 2454 2078 γε
2478 2013 2568 2064 τοῦ
2598 2013 2845 2083 πέμπτου
2872 2009 3054 2085 τόμου,
3088 2017 3134 2068 εἰ
3164 2016 3257 2070 καὶ
3287 2020 3315 2071 ὁ
3344 2019 3482 2071 κατὰ
3505 2014 3604 2089 τὴν

2079 2099 2470 2170 Ἀλεξάνδρειαν
2524 2102 2725 2171 χειμὼν
2773 2105 3144 2174 ἀντιπράττειν
3177 2098 3367 2173 ἐδόκει,
3426 2110 3493 2162 τὰ
3523 2109 3601 2162 διὁ

2062 2188 2257 2258 δόμενα
2303 2191 2769 2260 ὑπηγορεύσαμεν,
2832 2186 3184 2263 ἐπιτιμῶντος
3229 2200 3340 2259 τοῖς
3385 2192 3601 2269 ἀνέμοις

2065 2280 2157 2330 καὶ
2188 2282 2295 2340 τοῖς
2319 2279 2520 2347 κύμασι
2550 2270 2645 2348 τῆς
2674 2274 2942 2351 θαλάσσης
2972 2271 3065 2335 τοῦ
3111 2286 3299 2354 Ἰησοῦ.
3356 2287 3478 2340 Jum
3532 2279 3600 2341 ad

2063 2368 2293 2433 quintum
2324 2384 2480 2434 usque
2528 2379 2741 2429 tomum,
2790 2373 3022 2438 quamvis
3047 2375 3307 2426 adversari
3358 2375 3500 2428 nobis
3528 2380 3602 2429 vis

2062 2453 2270 2504 deretur
2299 2454 2628 2507 Alexandria:
2651 2446 2895 2522 procella,
2924 2474 3038 2526 quae
3086 2475 3324 2513 concessa
3351 2463 3494 2528 [uere
3521 2463 3598 2514 lu-

2063 2544 2165 2592 cuti
2208 2557 2412 2605 sumus,
2453 2542 2582 2595 Jesu
2620 2545 2912 2612 increpante
2938 2556 3113 2599 ventos
3140 2555 3188 2600 et
3219 2552 3386 2603 undas
3416 2553 3597 2606 maris.

2062 2628 2213 2683 Unde
2240 2630 2405 2695 liquet
2430 2631 2635 2697 priores
2655 2631 2889 2699 quinque
2915 2639 3088 2687 tomos
3110 2634 3449 2691 Alexandriae
3474 2647 3598 2693 ante

2062 2733 2257 2770 annum
2294 2717 2420 2781 251,
2451 2733 2557 2785 quo
2583 2718 2877 2772 Cmsaream
2916 2721 3184 2789 migravit,
3225 2724 3391 2780 fuisse
3437 2718 3594 2782 lucu-

2061 2806 2242 2859 bratos
2276 2824 2291 2857 :
2346 2808 2483 2874 quod
2535 2809 2696 2861 etiam
2736 2811 2889 2863 docet
2918 2812 3178 2866 Eusebius
3219 2814 3361 2870 Hist.
3396 2817 3489 2871 lib.
3520 2833 3592 2881 Vt,

2061 2910 2178 2962 cap.
2208 2894 2295 2946 24.
2328 2894 2435 2948 lmo
2462 2903 2668 2949 sextum
2714 2897 3051 2952 Alexandria:
3082 2900 3264 2955 itidem
3311 2905 3596 2959 inchoave-

2062 2991 2164 3042 rat,
2192 2982 2284 3033 sed
2308 2996 2426 3034 eum
2464 2982 2634 3034 denuo
2665 2976 2895 3037 exordiri
2935 3001 3151 3041 necesse
3189 2980 3401 3057 ‘ltabuit,
3452 2997 3594 3062 quod

2059 3072 2288 3138 priorem
2336 3071 2679 3138 scriptionem
2732 3073 3053 3127 Alexandria
3089 3077 3365 3133 discedens
3411 3097 3593 3136 secum

2061 3175 2163 3212 non
2191 3169 2534 3227 asportasset,
2562 3164 3003 3228 quemadmodum
3054 3166 3166 3233 ipse
3208 3169 3282 3221 ait
3319 3169 3371 3223 in
3401 3174 3594 3238 prasina

389 3081 683 3134 mitiorum
708 3078 917 3139 habere,
954 3077 1056 3128 nisi
1116 3076 1208 3125 ltoc
1242 3075 1598 3127 existimantes
1655 3077 1956 3142 decipimur,

386 3183 649 3237 quisnam
684 3166 807 3219 alia:
838 3167 983 3218 nobis
1022 3163 1267 3226 primitia:
1307 3164 1685 3230 praestantiora
1718 3181 1824 3217 esse
1871 3166 1961 3217 de-

389 3254 651 3316 buerunt,
683 3262 1021 3320 posteaquam
1073 3260 1254 3301 mutua
1306 3252 1535 3317 corporis
1592 3252 1958 3305 consuetudine

387 3344 630 3410 δείκηᾶὶ
653 3358 855 3405 sumus,
874 3357 1040 3407 quam
1070 3343 1339 3393 instituere
1365 3342 1426 3393 de
1479 3340 1755 3408 Evangelia
1788 3342 1958 3406 dispu-

380 3431 703 3485 tationem?
779 3429 987 3483 Etenim
1036 3430 1333 3481 audendum
1376 3437 1450 3482 est
1503 3430 1671 3481 dicere
1728 3432 1956 3482 omnium

383 3518 806 3585 Scripturarum
854 3517 1118 3583 primitias
1164 3514 1505 3584 Evangelith
1547 3532 1671 3569 esse.
1733 3516 1816 3569 Es:
1854 3532 1954 3584 quo

380 3608 574 3676 igitur
596 3615 821 3668 tentpore
881 3605 1259 3657 Alexandriam
1314 3605 1658 3671 pervenimus,
1706 3622 1955 3674 quasnam

379 3697 537 3750 alias
587 3711 699 3747 esse
746 3696 975 3760 oportuit
1036 3705 1337 3746 nostrarum
1385 3695 1645 3747 actionum
1702 3694 1955 3759 primitias

375 3802 559 3854 quam
592 3786 647 3837 in
676 3784 1071 3851 Scripturarunt
1100 3784 1382 3850 primitiis?
1409 3784 1471 3835 Et
1515 3783 1647 3835 infra
1698 3799 1846 3835 num.
1875 3784 1907 3836 6
1939 3803 1953 3836 :
2057 3782 2324 3847 fueramus
2375 3784 2725 3847 Alexandriae,
2762 3789 2930 3839 nescio
2984 3806 3084 3856 quo
3112 3800 3264 3855 pacto
3325 3796 3589 3851 nobiscum

388 3874 548 3942 Ἐγὼ
601 3875 648 3925 δ’
681 3871 837 3942 οἶμαι
899 3875 980 3925 ὅτι
1030 3874 1122 3925 καὶ
1172 3873 1216 3923 δ’
1259 3873 1424 3925 ὄντων
1449 3871 1554 3924 τῶν
1601 3873 1953 3939 Εὐαγγελίων,

2066 3868 2218 3921 allata
2246 3886 2344 3921 non
2369 3870 2600 3937 fuerunt.
2636 3872 2771 3925 llinc
2791 3875 2872 3927 vel
2906 3890 3009 3928 non
3039 3869 3362 3943 audiendus,
3401 3883 3482 3935 vel
3511 3885 3588 3936 sic

368 3966 553 4019 οἱονεὶ
588 3964 873 4032 στοιχείων
902 3963 1002 4031 τῆς
1034 3963 1264 4023 πίστεως
1288 3962 1384 4028 τῆς
1424 3963 1757 4031 Ἐκκλησίας,
1783 3962 1840 4024 ἐξ
1885 3955 1957 4014 ὧν

2066 3957 2429 4025 intelligendus
2454 3969 2536 4013 est
2554 3960 2881 4027 Nicephorus
2903 3977 3023 4017 cum
3056 3965 3130 4017 ait
3147 3953 3245 4021 lib.
3277 3981 3331 4032 ν,
3353 3984 3472 4038 cap.
3498 3968 3585 4036 15,

369 4054 675 4123 στοιχείων
690 4056 719 4105 ὁ
741 4056 849 4115 πᾶς
866 4054 1155 4123 συνέστηκε
1177 4055 1392 4120 κόσμος,
1405 4053 1461 4102 ὲν
1477 4052 1689 4121 Χριστῷ
1705 4051 1954 4104 καταλλαε-

2066 4059 2149 4098 sex
2184 4056 2353 4100 tomos
2386 4047 2435 4101 in
2467 4037 2723 4102 Joannem
2753 4050 3087 4106 Alexandriae
3117 4063 3227 4109 tum
3252 4037 3587 4116 fuisseiscri-

365 4144 504 4211 γεἰς
516 4142 604 4211 τῷ
613 4142 757 4210 Θεῷ,
772 4143 912 4195 καθὰ
926 4160 1085 4211 φησιν
1099 4145 1127 4194 ό
1149 4141 1358 4201 Παῦλος
1373 4156 1386 4169 ⁸
1407 4159 1425 4189 s
1443 4140 1570 4202 Θεὸς
1584 4138 1649 4209 ἦν
1665 4142 1721 4194 ὲν
1736 4141 1952 4210 Χριστῷ
2056 4142 2192 4201 plos-

362 4235 598 4302 κόσμον
632 4232 1020 4284 καταλλάσσων
1049 4232 1245 4300 ἑαυτῷ,
1281 4250 1299 4281 s
1329 4222 1388 4283 οὗ
1430 4231 1628 4299 κόσμου
1658 4230 1755 4299 τὴν
1777 4233 1953 4300 ἁμαρ-

2123 4219 2207 4274 lll.
2259 4221 2450 4286 Anno,
2506 4231 2563 4291 ut
2596 4222 2708 4290 jam
2756 4225 3016 4291 diximus,
3071 4230 3199 4298 251,
3258 4226 3583 4290 Demetrium

359 4322 506 4376 τίαν
532 4318 681 4390 ἦρεν
720 4319 959 4388 Ἰησοῦς*
1011 4321 1139 4389 περὶ
1170 4319 1278 4388 γὰρ
1321 4317 1413 4369 τοῦ
1447 4318 1646 4386 κόσμου
1696 4319 1792 4387 τῆς
1829 4319 1949 4370 Ἐκ-

2066 4312 2464 4366 Alexandrinum
2501 4316 2808 4382 episcopum
2840 4317 3018 4370 multis
3042 4319 3105 4370 de
3133 4320 3310 4376 causis
3360 4323 3461 4379 sibi
3498 4324 3582 4377 in-

361 4408 623 4479 κλησιας
645 4407 678 4456 ὀ
700 4406 855 4472 λόγος
868 4407 1014 4458 ἐστὶν
1044 4409 1072 4457 ὁ
1098 4407 1471 4474 γεγραμμένος
1489 4421 1502 4435 ·
1528 4423 1545 4454 ε
1569 4405 1695 4456 Ἰδοὺ
1719 4408 1747 4456 ὁ
1761 4406 1815 4456 Ἀ
1824 4405 1951 4474 μνὸς

2066 4399 2256 4453 ensum
2288 4410 2537 4469 expertus
2565 4402 2822 4473 Origenes
2845 4443 2860 4468 ,
2883 4406 3205 4461 Alexandria
3232 4410 3500 4476 discessit,
3530 4422 3584 4466 et

354 4497 469 4550 τοῦ
504 4495 659 4547 Θεοῦ
684 4496 714 4545 ὁ
734 4496 902 4561 αἴρων
926 4494 1024 4562 τὴν
1050 4493 1318 4563 ἁμαρτίαν
1342 4492 1434 4544 τοῦ
1472 4494 1691 4561 κόσμου,
1727 4512 1745 4544 ι
1776 4496 1950 4563 ἀπαρ-

2066 4487 2303 4542 Ξωεοτοω
2323 4491 2500 4542 sedem
2528 4492 2722 4556 posuit,
2750 4492 2838 4544 ubi
2866 4507 2968 4545 non
3003 4495 3206 4558 statim,
3253 4498 3345 4550 sed
3402 4507 3578 4553 tamen

356 4585 472 4656 χὴν
503 4582 626 4635 τῶν
671 4581 1020 4648 Εὖαγγελίων
1059 4577 1192 4632 εἶναι
1218 4581 1279 4632 τὸ
1319 4578 1775 4649 προστεταγμένον
1821 4583 1948 4650 ἡμῖν

2066 4592 2154 4631 ton
2189 4577 2353 4631 multo
2407 4590 2547 4645 post,
2571 4588 2627 4631 et
2669 4580 2913 4635 fortassis
2962 4591 3084 4650 post
3131 4594 3356 4638 mortem
3386 4587 3578 4641 Demc-

351 4672 480 4725 ὑπὸ
517 4670 621 4723 σοῦ
648 4669 792 4724 κατά
818 4668 1047 4737 δύναμιν
1076 4669 1355 4737 ἐρευνῆσαι
1403 4669 1465 4720 τὸ
1499 4668 1635 4720 κατὰ
1679 4669 1945 4739 Ἰωάννην.

2066 4667 2158 4727 .rii,
2187 4681 2325 4720 anno
2362 4667 2567 4721 scilicet
2587 4668 2710 4731 252,
2744 4669 2974 4738 aliquam
3001 4683 3188 4726 nactus
3221 4677 3585 4743 tranquillita-

348 4760 637 4814 Arbitror
682 4774 803 4811 vero
853 4773 968 4823 ego,
1012 4757 1219 4810 etiamsi
1249 4766 1474 4825 quatuor
1515 4758 1616 4809 sint
1642 4756 1945 4825 Evangelia,
2051 4764 2177 4816 tem,
2214 4755 2567 4824 interruptum
2608 4771 2741 4824 opus
2791 4769 3103 4824 prosecutus
3134 4769 3235 4816 est.
3273 4762 3425 4826 Quod
3460 4769 3583 4834 quia

345 4851 537 4904 πιαιί
572 4847 839 4900 elementa
864 4844 998 4911 ﬁdei
1055 4844 1319 4905 Ecclesiae,
1368 4859 1433 4896 ea:
1460 4845 1644 4912 quibus
1689 4845 1948 4899 elementis
2050 4844 2168 4896 dem
2201 4858 2387 4898 eruere
2414 4846 2575 4898 etiam
2626 4846 2751 4898 licet
2779 4861 2846 4900 ex
2893 4850 3204 4915 pratiatione
3230 4851 3468 4916 ejusdem
3498 4865 3582 4909 to-

342 4951 512 4994 totus
560 4944 777 4989 constat
804 4934 894 4984 hic
936 4934 1165 4985 mundus
1220 4931 1325 4984 Deo
1345 4946 1436 4997 per
1475 4931 1735 4985 Christum
1772 4951 1948 4987 νει-οη-

2066 4936 2119 4987 ni
2144 4936 2277 4987 sexti
2313 4952 2327 4987 :
2352 4936 2460 4988 Καὶ
2480 4938 2543 4990 ὲκ
2571 4938 2662 4989 τοῦ
2694 4923 2750 4992 δὲ
2790 4941 3132 5002 ἐπιπεσόντος
3158 4943 3585 5011 προεληλυθότες

339 5029 617 5085 cilialsts,
675 5023 816 5074 sicut
872 5020 1052 5086 inquit
1105 5018 1299 5071 Paulus
1344 5021 1386 5050 ¹⁰
1435 5037 1448 5071 :
1493 5037 1512 5069 ι
1553 5020 1684 5073 Deus
1742 5031 1854 5075 erat
1893 5024 1946 5074 in

2066 5022 2438 5093 ιξελκύσθημεν
2483 5027 2589 5078 ἀπὸ
2633 5027 2730 5095 τῆς
2767 5029 3056 5094 Αἰγύπτου,
3105 5028 3407 5095 ῥυσαμένου
3439 5034 3585 5101 ἡμᾶς

341 5119 615 5189 Christo,
662 5111 935 5164 mundum
965 5111 1068 5161 sibi
1114 5110 1479 5173 reconcilians;
1522 5130 1540 5160 ι
1567 5112 1714 5179 cujus
1768 5114 1949 5165 mundi

2066 5111 2138 5163 ποῦ
2168 5112 2297 5164 Θεοῦ
2325 5113 2417 5165 τοῦ
2447 5113 2797 5181 ἐξαγαγόντος
2823 5117 2910 5167 τὸν
2936 5116 3057 5166 λαὸν
3087 5115 3250 5167 αὑτοῦ
3272 5116 3368 5166 ἀπ’
3394 5121 3592 5189 αὐτῆς..

334 5214 651 5275 peccatum
702 5198 937 5253 sustulit
970 5197 1160 5259 Iesus;
1210 5198 1269 5248 de
1299 5197 1490 5250 niundo
1519 5203 1651 5254 enim
1698 5201 1947 5255 Ecclesia:

2066 5200 2276 5252 Έπειτα
2309 5201 2401 5253 τοῦ
2441 5202 2630 5271 ἐχθροῦ
2658 5202 2950 5271 πικρότατα
2997 5200 3154 5271 ἡμῶν
3184 5217 3604 5271 καταστρατψ

336 5308 534 5347 sermo
567 5289 670 5342 ille
694 5295 779 5339 est
831 5283 1071 5349 scriptus
1095 5283 1182 5336 υτ
1224 5300 1242 5332 t
1280 5283 1408 5335 Ecce
1456 5288 1624 5352 Agnus
1682 5287 1803 5353 Dei,
1858 5289 1946 5354 qui

2066 5288 2274 5356 ταμένου
2314 5289 2399 5342 διὰ
2456 5290 2562 5342 τῶν
2608 5291 2802 5343 καινῶν
2852 5290 3013 5343 αὑτοῦ
3058 5290 3407 5358 γραμμάτων
3429 5327 3449 5352 ,
3490 5293 3606 5348 τῶν

332 5384 537 5450 aufert
587 5380 898 5444 peccatum
954 5371 1158 5434 mundi,
1205 5391 1223 5421 ›
1258 5369 1632 5440 Evangeliorum
1670 5378 1941 5445 primitias

2066 5377 2255 5446 ιληθῶς
2298 5380 2502 5449 ἐχθρῶν
2527 5380 2603 5448 τῷ
2642 5379 2947 5450 Εὑαγγελίῳ
2964 5420 2984 5445 ,
3024 5379 3120 5437 καὶ
3149 5377 3359 5437 πάντας
3383 5379 3521 5440 τοὺς,
3549 5378 3613 5434 ιν

2061 3248 2202 3300 tione
2225 3249 2457 3317 ejusdem
2489 3252 2634 3314 tomi,
2667 3251 2822 3320 paulo
2850 3252 2985 3305 infra
3015 3271 3030 3308 :
3072 3255 3208 3307 Ἵσθι
3254 3256 3310 3309 δὲ
3357 3258 3437 3311 ὅτι
3486 3261 3593 3313 ἀπὸ

2058 3336 2252 3405 πολλῆς
2282 3337 2581 3408 προθυμίας
2611 3340 2863 3410 δευτέραν
2888 3343 3086 3411 ταύτην
3127 3345 3297 3414 ἀρχὴν
3339 3336 3594 3418 ποιοῦμαι

2057 3428 2210 3481 ἕκτου
2240 3430 2423 3497 τόμου,
2452 3430 2539 3483 διὰ
2582 3430 2642 3483 τὸ
2685 3432 2751 3484 τὰ
2798 3435 3336 3505 προῦπαγορευθέντα
3363 3440 3492 3507 ἡμῖν
3535 3442 3593 3497 ἐν

2054 3520 2119 3585 τῇ
2159 3517 2518 3589 Ἀλεξανδρεία
2547 3522 2644 3572 οὐκ
2673 3518 2766 3574 οἶδ’
2793 3524 2936 3585 ὃπως
2956 3524 3031 3594 μὴ
3059 3527 3394 3595 ὲκκομῖσθαι.
3424 3518 3590 3583 Crete-

2058 3623 2171 3658 rum
2199 3607 2332 3659 scias
2359 3623 2423 3660 ea:
2449 3609 2613 3662 multa
2644 3627 2733 3663 nos
2773 3614 3176 3679 promptitudine
3225 3616 3428 3669 initium
3457 3613 3590 3671 sexti

2057 3696 2180 3745 tanti
2224 3695 2390 3747 denuo
2442 3696 2632 3762 facere,
2662 3714 2720 3750 eo
2768 3701 2905 3764 quod
2945 3716 3058 3769 qua:
3088 3711 3239 3758 antea
3269 3705 3590 3781 interpretati

407 5527 549 5602 ιοδιι
577 5525 725 5581 Cor.
760 5535 821 5585 ν,
858 5519 956 5572 19.
1058 5520 1097 5550 ¹¹
1122 5519 1262 5575 Joan.
1287 5538 1322 5583 ι,
1346 5523 1428 5576 50.
