3848 6200
192 256 260 310 15
1044 248 1356 304 MONITUM
1382 248 1472 303 AD
1509 247 1697 304 COMM

1892 246 2209 304 ORIGENIS
2238 248 2310 305 IN
2340 247 2527 306 JOAN.

3398 234 3501 287 16

187 375 443 443 Αἰγύπτῳ
475 371 699 441 ἀνέμους
735 371 831 438 τῆς
875 368 1130 438 πονηρίας
1169 366 1288 420 καθ’
1314 367 1467 437 ήμῶν
1489 368 1697 437 ἔγειραν

1855 365 2000 420 αυγερ,
2025 347 2163 421 enim
2194 367 2415 421 Rufinus
2440 374 2714 421 enumerat
2743 364 2991 421 Invectiv.
3018 365 3079 429 Ξ,
3114 361 3236 417 ubi
3277 360 3502 413 hunc

185 478 297 522 τος,
332 462 514 530 στῆναι
546 459 737 528 μᾶλλόν
790 474 853 526 με
886 455 1016 525 πρὸς
1044 457 1131 508 τὸν
1157 457 1339 522 ἀγῶνα
1386 457 1697 524 παρεκάλειη

1855 470 1992 521 osum
2021 455 2328 526 Hieronymi
2374 456 2648 523 prologum
2704 457 2911 508 refert:
2961 465 3017 507 et
3074 453 3181 520 qui
3245 446 3499 517 paulo

189 550 359 617 λόγος,
399 551 487 602 καὶ
518 548 746 618 τηρῆσαι
771 547 828 598 τὸ
870 544 1207 615 ἡγεμονικὸν,
1235 545 1435 614 μήποτε
1468 544 1697 615 μοχθηρο

1860 540 1958 594 ifra
2009 543 2192 596 eadem
2244 543 2431 610 repetit
2484 542 2568 596 liis
2617 543 3118 601 verbiszlnterim,
3188 536 3497 604 inquit.

189 638 430 706 λογισμοὶ
476 635 789 703 ὲξισχύσωσι
842 634 928 685 τὸν
952 633 1189 701 χειμῶνα
1244 634 1335 685 καὶ
1364 636 1428 703 τῇ
1451 632 1589 702 ψυχῇ
1622 650 1719 702 μου

189 726 580 790 ἐπεισαγαγεῖν,
625 723 765 791 ήπερ
806 722 1042 790 ἀκαίρως
1073 720 1197 787 πρὶν
1224 721 1457 789 γαλήνην
1482 721 1577 789 τὴν
1604 722 1718 773 διά-

190 831 331 866 νοιαν
353 813 528 864 λαϐεῖν
563 812 844 862 συνάπτειν
882 810 948 860 τὰ
973 809 1098 878 ἑξῆς
1126 808 1224 877 τῆς
1248 809 1485 879 Γραφῖκ.
1520 809 1628 861 Καὶ
1670 813 1717 862 οἱ

190 900 435 969 συνήθεις
473 899 529 951 δὲ
572 897 900 967 ταχύγραφοι
953 897 1025 966 μὴ
1072 899 1332 965 παρόντες
1375 896 1467 948 τοῦ
1505 896 1717 966 ἔχεσθαι

185 988 289 1040 τῶν
321 986 726 1057 ὑπαγορεύσεων
752 984 996 1037 ἐκώλυον.
1022 983 1134 1036 Νῦν
1160 984 1204 1035 δ’
1225 987 1311 1037 ὅτε
1337 985 1402 1037 τὰ
1423 986 1540 1037 καθ’
1562 986 1715 1055 ήμῶν

186 1075 544 1145 πεπυρωμένα
576 1074 759 1137 πολλὰ,
787 1073 1092 1134 σϐεννύντος
1118 1072 1269 1135 Θεοῦ,
1308 1074 1433 1141 βέλη
1477 1075 1709 1143 ήμϐλυν·

181 1182 293 1227 ται,
319 1166 410 1217 καὶ
432 1164 754 1217 ὲνεθισθεῖσα
780 1166 812 1232 ἡ
822 1163 933 1232 μῶν
960 1163 993 1230 ἡ
1037 1162 1180 1232 ψυχὴ
1217 1166 1327 1225 τοῖς
1357 1164 1712 1232 συμϐεϐηκόσι

182 1255 267 1307 διὰ
298 1256 384 1306 τὸν
409 1255 649 1324 οὐράνιον
677 1253 848 1319 λόγον,
880 1252 1059 1320 φέρειν
1081 1252 1207 1319 ῥᾷον
1238 1252 1474 1321 βιάζεται
1505 1252 1601 1315 τὰς
1622 1270 1713 1319 γε·

182 1346 476 1414 γενημένας
532 1342 834 1404 ἐπιϐουλὰς,
878 1343 1111 1411 ὡσπερεὶ
1141 1341 1309 1409 ποσῆς
1341 1341 1515 1401 εὐδίας
1558 1340 1713 1392 λαϐό-

184 1449 351 1501 μενοι,
379 1430 554 1484 οὐκέτι
574 1429 973 1499 ὑπερτιθέμενοι
994 1428 1343 1497 ὑπαγορεύειν
1364 1426 1429 1476 τὰ
1450 1425 1709 1477 ἀκόλουθα

182 1519 492 1588 βουλόμεθα,
524 1517 652 1570 Θεὸν
679 1516 985 1569 διδάσκαλον
1018 1513 1322 1583 ὑπηχοῦντα
1349 1515 1404 1565 ὲν
1434 1512 1508 1582 τῷ
1537 1512 1709 1582 ἀδύτῳ

178 1606 273 1675 τῆς
299 1605 473 1674 ψυχῆς
506 1607 537 1672 ή
547 1603 658 1673 μῶν
684 1605 931 1670 παρεῖναι
956 1601 1247 1669 εὐχόμενοι,
1286 1600 1369 1651 ἵνα
1398 1598 1545 1660 τέλος
1573 1599 1705 1668 λάϐῃ

177 1698 211 1766 ἡ
238 1696 333 1764 τῆς
360 1696 495 1748 κατὰ
530 1694 765 1746 Ἰωάννου
792 1692 1083 1761 διηγήσεως
1106 1688 1194 1742 τοῦ
1223 1689 1546 1755 Εὐαγγελίου
1575 1690 1709 1741 οἰκο-

175 1786 330 1854 δομή.
366 1783 570 1834 Γένοιτο
592 1782 636 1833 δ’
672 1783 700 1833 ὁ
730 1780 856 1842 Θεὸς
884 1781 1109 1848 ἐπήκοος
1140 1778 1290 1848 ήμῶν
1322 1781 1384 1847 τῇ
1419 1778 1567 1848 εὐχῇ,
1627 1780 1703 1841 εἰς

175 1873 234 1924 τὸ
267 1870 490 1939 συνάψαι
521 1868 800 1938 δυνηθῆναι
830 1866 890 1918 τὸ
940 1866 1094 1934 σῶμα
1123 1866 1215 1917 τοῦ
1244 1865 1362 1917 ὅλου
1394 1865 1568 1932 λόγου,
1603 1881 1705 1934 μη-

175 1962 291 2013 κέτι
319 1957 711 2029 μεσολαϐούσης
744 1955 1128 2024 περιστάσεως,
1170 1952 1426 2024 διακοπὴν
1476 1954 1566 2008 τοῦ
1596 1956 1706 2023 εἱρ-

178 2038 276 2121 μοῧ
308 2051 407 2118 τῆς
437 2046 654 2118 Γραφῆς
699 2045 1077 2116 ὁποιανδήποτε
1127 2043 1512 2114 ὲνεργήσασθαι
1548 2044 1705 2096 δυνα-

177 2138 376 2207 μένηςῐ
434 2136 517 2188 Ea:
539 2141 633 2187 hoc
692 2150 815 2187 casu
848 2135 1126 2202 progressi,
1171 2134 1383 2187 extracti
1421 2149 1596 2186 sumus
1642 2148 1705 2184 ea:

172 2226 421 2294 Ai‘gypto,
454 2224 562 2277 Deo
611 2239 704 2275 nos
755 2221 1035 2284 liberante,
1097 2221 1185 2289 qui
1233 2221 1409 2273 eduxit
1456 2217 1699 2286 pupulum

171 2330 318 2367 suum
373 2329 434 2366 ea:
476 2326 580 2364 ea:
610 2310 791 2363 deinde
839 2307 1048 2361 inimico
1101 2306 1410 2373 (Demetrio)
1457 2305 1698 2356 adversus

173 2417 262 2453 nos
289 2399 608 2452 acerbissime
632 2405 886 2466 pugnante
910 2410 1000 2463 per
1035 2411 1154 2448 suas
1185 2410 1343 2448 novas
1369 2393 1592 2454 litteras,
1623 2407 1702 2444 re-

172 2503 287 2541 rera
340 2484 618 2553 Evangelia
660 2484 920 2546 inimicas,
973 2497 1243 2548 omnesque
1278 2478 1490 2549 Αἶρε]ρή
1526 2487 1699 2532 ventos

170 2578 415 2629 adversus
444 2590 533 2626 nos
573 2576 881 2636 concitante,
912 2583 1049 2625 stare
1078 2586 1154 2623 me
1183 2572 1346 2637 magis
1386 2570 1700 2621 adhortaba-

168 2676 255 2718 tur
287 2665 420 2717 ratio
449 2664 515 2715 ad
552 2675 827 2726 certamen,
878 2671 925 2714 et
974 2676 1172 2712 servare
1220 2659 1701 2726 prwstantissimam

170 2737 266 2805 mei
292 2763 508 2821 portent,
558 2768 710 2821 quam
763 2751 1051 2816 importune
1095 2748 1401 2814 conjungere
1432 2755 1700 2798 restantem

168 2842 508 2908 Scripturam,
557 2850 828 2908 antequam
853 2839 1071 2891 rationis
1099 2839 1364 2889 discursus
1408 2832 1702 2901 tranquilli-

168 2943 321 2988 tatem
350 2933 609 2997 reciperet.
664 2946 724 2982 ne
752 2918 883 2997 forte
920 2928 1254 2995 cogitationes
1297 2938 1468 2991 praete
1496 2922 1694 2976 invale-

164 3032 359 3075 scerent
390 3022 445 3072 in
474 3020 700 3070 animum
730 3018 881 3069 etiam
914 3031 1076 3068 meam
1108 3011 1386 3080 procellam
1434 3010 1690 3062 inducere.

168 3110 305 3170 Quin
336 3108 578 3160 'absentes
625 3119 844 3172 quoque,
897 3102 984 3169 qui
1034 3100 1161 3152 milii
1205 3099 1268 3150 de
1302 3113 1439 3150 more
1482 3098 1692 3160 adsunt,

166 3197 354 3248 veloces
376 3195 670 3260 scriptores,
713 3207 791 3243 me
820 3188 1151 3256 prohibebant
1194 3203 1309 3254 qua:
1329 3187 1694 3251 eacogitassem

164 3284 410 3336 mandare
456 3281 657 3333 litteris.
687 3279 841 3331 Nunc
869 3293 981 3330 vero
1040 3275 1245 3343 quando
1291 3275 1561 3325 adversum
1604 3264 1694 3323 nos

164 3377 339 3443 ignita:
363 3373 562 3441 sagittte
599 3370 775 3423 multa:
800 3383 943 3421 name
972 3368 1184 3435 fuerunt
1237 3365 1410 3427 factte,
1443 3362 1551 3415 Deo
1576 3361 1693 3413 illas

164 3464 531 3531 exstinguente,
565 3469 611 3511 et
652 3469 857 3512 assueta
885 3455 1059 3509 anima
1089 3465 1263 3507 nostra
1305 3454 1405 3517 his,
1447 3466 1561 3520 quae
1597 3466 1696 3502 cae-

123 3598 131 3605 .
164 3553 306 3605 testis
336 3549 583 3603 sermonis
607 3562 765 3600 causa
809 3544 1131 3612 contingunt,
1159 3543 1293 3609 ferre
1316 3542 1523 3609 cogitur
1560 3539 1691 3605 faci-

164 3643 264 3693 lius
309 3640 474 3707 factas
513 3635 771 3694 insidias,
821 3632 972 3685 veluti
1036 3631 1356 3699 aliquantum
1403 3629 1694 3682 serenitatis

164 3727 324 3789 nacti,
354 3741 455 3778 non
500 3720 721 3787 amplius
746 3719 1034 3785 differentes
1073 3717 1272 3770 dictare
1301 3716 1537 3770 volumus
1579 3731 1695 3782 qua:

165 3822 374 3877 restant,
429 3811 594 3863 Deum
621 3806 926 3873 magistrum
975 3805 1030 3856 in
1068 3804 1254 3857 animi:
1304 3813 1493 3856 nostra:
1536 3803 1691 3869 adyto

158 3900 411 3972 penetrali
441 3902 763 3953 insonantem
792 3896 972 3948 adesse
1008 3902 1292 3961 precantes,
1344 3901 1399 3943 ut
1428 3891 1579 3957 ﬁnem
1605 3905 1693 3941 ac-

161 3991 316 4056 cipiat
377 3995 639 4041 structura
693 3984 1038 4037 enarrationis
1094 3979 1356 4048 Evangelii
1411 3979 1691 4032 secundum

161 4078 435 4131 Joannem.
468 4077 630 4142 Atque
652 4074 851 4124 utinam
883 4071 1062 4123 audiat
1094 4069 1228 4123 Deus
1258 4084 1431 4137 preces
1465 4077 1688 4129 nostras,

161 4175 219 4219 ut
246 4179 432 4233 corpus
461 4164 614 4215 totius
643 4161 809 4226 operis
834 4160 1141 4227 conjungere
1166 4161 1444 4228 possimus,
1468 4173 1558 4210 nec
1582 4157 1691 4208 ulla

1822 629 2055 698 Origenis
2084 631 2261 697 libros,
2312 642 2367 684 ut
2392 648 2549 700 supra
2583 633 2828 696 diximus,
2862 633 2918 684 in
2950 644 3181 684 omnem
3223 625 3328 678 ad
3340 621 3500 675 mi—

1817 719 2065 771 rationem
2100 719 2319 782 extollit,
2366 730 2414 772 et
2462 721 2586 772 dicit
2627 724 2766 787 quod
2792 720 2838 772 si
2872 736 2957 772 eos
2987 720 3501 783 interpretetur

1820 804 2053 858 Romana
2105 807 2303 875 lingua,
2348 821 2614 875 cognoscet
2669 818 2917 877 quantum
2970 807 3102 859 boni
3155 813 3224 856 et
3307 807 3499 851 ante

1816 896 2047 948 nescierit
2076 905 2124 948 et
2155 895 2284 949 scire
2309 912 2442 949 nunc
2465 899 2692 963 caeperit,
2710 898 2773 950 id
2804 909 2896 962 est,
2928 898 2985 950 in
3022 894 3492 952 Mattleeeum,

1814 985 2013 1051 inquit,
2048 998 2172 1037 xxvn
2207 984 2361 1036 libros
2398 984 2532 1053 (lege
2565 986 2691 1055 xxv)
2719 995 2765 1039 et
2801 988 2854 1038 in
2882 985 3089 1039 Lucam
3117 981 3491 1051 quinque.

1812 1084 1858 1126 et
1886 1075 1939 1126 in
1978 1075 2232 1127 Joannem
2256 1092 2424 1130 xxxii.
2456 1077 2577 1130 Inde
2605 1085 2687 1131 est
2729 1078 2866 1144 quod
2917 1077 2971 1129 in
3030 1090 3145 1128 ms.
3196 1070 3497 1126 codice

1810 1162 2321 1217 Commentariorum
2352 1165 2401 1217 in
2426 1164 2681 1219 Joannem
2714 1179 2819 1231 quo
2848 1180 2977 1218 usus
3002 1171 3093 1217 est
3135 1161 3497 1216 Atnbro-

1811 1252 1918 1304 sius
1941 1252 2237 1316 Ferrarius,
2274 1267 2462 1307 novem
2505 1254 2810 1322 interrupta:
2849 1252 3009 1306 seriei
3075 1251 3287 1318 tomi,
3341 1248 3489 1317 qui

1809 1337 1963 1391 hodie
1994 1349 2296 1405 supersunt,
2348 1341 2399 1391 in
2458 1339 2670 1407 triginta
2723 1340 2854 1393 duos
2903 1348 3092 1394 tomos
3154 1338 3492 1392 fuerant

1807 1426 2094 1479 distributi.
2132 1426 2325 1481 Verum
2362 1426 2536 1480 Ruﬁni
2567 1427 2779 1480 lectioni
2819 1427 2951 1481 lides
3012 1427 3309 1480 minime
3364 1425 3493 1478 vi-

1808 1517 1960 1568 detur
1983 1530 2099 1570 esse
2126 1517 2425 1570 adhibenda
2456 1533 2470 1569 :
2502 1531 2625 1570 nam
2664 1532 2782 1572 cum
2833 1526 3010 1573 tomus
3058 1532 3299 1581 χχχιι,
3342 1516 3485 1583 qui

1808 1603 2065 1672 hodieque
2089 1616 2354 1673 superest,
2412 1607 2619 1660 desinat
2666 1607 2731 1659 ad
2764 1618 2923 1675 caput
2948 1606 3218 1661 Joannis
3290 1620 3484 1667 xui,

1805 1691 1856 1757 ᾗ.
1886 1691 1972 1755 55,
1997 1691 2078 1744 vel
2103 1692 2363 1759 integrum
2393 1708 2525 1762 opus
2549 1695 2848 1761 neutiquam
2876 1694 3124 1749 absolvit
3181 1692 3486 1762 Orige-

1807 1798 1918 1846 nes,
1946 1784 2024 1836 vel
2052 1782 2098 1837 si
2124 1786 2189 1838 ad
2215 1784 2370 1836 linem
2408 1798 2574 1851 usque
2603 1784 2870 1851 perduxit,
2920 1799 3032 1839 non
3068 1784 3487 1851 pauciores

1805 1888 1962 1940 quam
1985 1887 2147 1926 χχχιχ
2176 1882 2346 1926 tomos
2372 1872 2988 1926 elaborasse-verisimile
3012 1882 3131 1927 est.
3171 1873 3487 1927 Deinde

1804 1960 1980 2026 plures
2010 1974 2169 2028 quam
2198 1975 2345 2012 xxx"
2369 1968 2536 2012 tomos
2558 1959 2831 2013 confectos
2852 1958 3020 2012 fuisse
3053 1960 3219 2014 inde
3249 1961 3485 2013 erui-

1805 2056 1908 2108 tur,
1944 2048 2081 2114 quod
2132 2045 2385 2114 Origenes
2433 2048 2545 2114 ipse
2607 2056 2831 2101 tractatu
2878 2063 3025 2101 xxxv
3093 2049 3158 2101 in
3253 2049 3479 2103 Mat-

1800 2134 2016 2197 tlneum,
2042 2147 2162 2201 pag.
2187 2133 2309 2197 992,
2337 2134 2388 2185 in
2422 2134 2533 2188 haec
2568 2133 2795 2186 Matthiei
2844 2135 3012 2188 verba
3046 2147 3062 2182 :
3108 2132 3201 2186 Id
3212 2135 3481 2202 ipsum

1801 2230 1970 2271 autem
1996 2228 2043 2271 et
2063 2220 2304 2280 latrones,
2331 2220 2419 2287 qui
2440 2219 2675 2286 crucifixi
2704 2229 2848 2272 erant
2867 2236 2987 2273 cum
3018 2236 3116 2286 eo,
3164 2221 3483 2289 impro-

1800 2307 2043 2372 perabant
2065 2307 2131 2369 ei,
2164 2307 2237 2359 ait
2261 2322 2318 2360 se
2338 2307 2388 2359 in
2412 2306 2817 2361 Commentariis
2856 2310 2966 2362 suis
2998 2309 3057 2362 in
3084 2309 3485 2370 Joannem

1800 2396 2107 2461 exposuisse
2133 2394 2198 2447 de
2227 2393 2431 2448 duobus
2461 2394 2754 2449 latronibus
2801 2396 2888 2463 qui
2935 2399 3231 2453 crucitixi
3290 2412 3490 2458 sunt

1800 2497 1920 2537 cum
1948 2482 2181 2544 Christo,
2206 2491 2259 2535 et
2283 2481 2353 2535 ibi
2382 2483 2611 2550 agitasse
2639 2498 2703 2535 an
2734 2483 2824 2535 alii
2858 2485 2964 2537 sint
3023 2489 3153 2541 (tuo
3232 2489 3315 2542 hi
3360 2491 3488 2544 la-

1803 2580 1982 2625 trones
2013 2583 2234 2637 quorum
2265 2583 2400 2622 unus
2450 2569 2852 2637 blaspliemabat
2883 2572 3197 2628 Christum
3240 2577 3483 2646 juxta

1800 2657 2015 2720 Lucam,
2062 2667 2115 2712 et
2154 2659 2244 2711 alii
2292 2657 2488 2711 fuerint
2519 2657 2592 2710 illi
2621 2660 2723 2711 duo
2766 2658 3000 2711 latrones
3048 2664 3165 2729 qui
3217 2669 3477 2722 atnbo

1800 2747 2298 2815 blaspliemaverunt
2330 2747 2480 2814 juxta
2512 2746 2811 2799 Mattlneum
2859 2755 2913 2800 et
2965 2747 3315 2808 Marcum.
3362 2756 3476 2812 Es

1798 2838 1936 2899 apud
1959 2833 2234 2898 Joannem,
2266 2835 2455 2901 Inquit,
2489 2836 2620 2887 sicut
2660 2835 2939 2900 potuimus,
3005 2845 3487 2904 exposuimus

1798 2922 1861 2975 de
1914 2924 2113 2975 duobus
2167 2922 2478 2988 latronibus,
2526 2924 2614 2982 qui
2664 2923 2872 2989 fuerunt
2921 2926 3216 2993 cruciﬁxi
3290 2950 3479 2992 cum

1796 3008 2020 3073 Christo,
2047 3013 2134 3081 qui
2154 3013 2431 3065 secundum
2460 3011 2759 3064 Matthteum
2783 3012 2991 3079 quidem
3016 3026 3072 3067 et
3105 3016 3474 3080 Has-curn

1794 3101 2253 3167 improperaverunt
2282 3101 2327 3150 ei
2364 3101 2514 3152 ambo
2569 3101 2624 3154 in
2661 3115 2845 3164 cruce;
2891 3104 3231 3160 secundum
3309 3112 3476 3167 ιιι-

1793 3204 1905 3241 cam
1933 3198 2102 3241 autem
2139 3189 2391 3241 dicentem
2420 3189 2660 3257 quoniam
2689 3205 2825 3242 unus
2865 3188 2930 3242 de
2982 3195 3477 3259 pendentibus

1794 3276 2079 3331 latronibus
2107 3278 2578 3344 blasphemabat....
2613 3276 2927 3332 Conveniens
2965 3296 3107 3348 ergo
3164 3300 3288 3341 ese
3384 3285 3472 3350 {se

1793 3367 1847 3419 in
1872 3368 2049 3433 primis
2069 3366 2271 3434 quidem
2299 3366 2445 3416 ambo
2467 3366 2690 3417 latrones
2734 3365 3117 3435 intelligantur
3178 3380 3479 3440 Domi-

1793 3471 1915 3508 num
1966 3454 2427 3520 blasphemasse....
2490 3454 2592 3505 Aut
2640 3470 2701 3506 ne
2761 3457 2911 3521 forte,
2953 3460 3106 3515 sicut
3160 3478 3233 3521 ee
3302 3476 3479 3535 διιεο

1790 3542 2014 3594 diximus
2070 3540 2495 3611 (Commentariis
2547 3540 2750 3594 scilicet
2797 3543 2849 3595 in
2896 3542 3271 3623 Joannem),
3325 3566 3478 3623 alii

1790 3642 1908 3685 sunt
1940 3630 1994 3683 hi
2017 3630 2119 3683 duo
2162 3630 2387 3681 latrones
2423 3644 2486 3681 ea:
2529 3630 2715 3696 quibus
2762 3645 2896 3683 unus
2937 3633 3473 3709 blasphemabae

1790 3740 1926 3789 eum,
1957 3735 2002 3778 et
2029 3724 2120 3777 alii
2143 3724 2351 3792 [uerunt
2391 3725 2472 3775 illi
2497 3722 2602 3783 duo
2627 3724 2850 3777 latrones
2893 3726 2988 3791 qui
3016 3734 3211 3788 ambo
3284 3742 3469 3802 δια..

1788 3815 2176 3905 sphemauerunt
2211 3810 2309 3905 (sic
2359 3812 2499 3864 enim
2551 3811 2827 3880 legendum
2857 3820 2940 3865 est
2965 3812 3148 3880 juxta
3188 3837 3466 3905 mss,»

1791 3899 1921 3953 litae
1941 3912 2114 3952 autem
2144 3897 2328 3951 nullibi
2364 3897 2701 3965 reperiuntur
2729 3898 2782 3950 in
2809 3913 3003 3953 novem
3048 3913 3272 3968 tomis
3316 3897 3467 3991 (μὴ

1789 3987 2078 4039 etiamnum
2105 3993 2316 4040 exstant
2345 3985 2397 4038 in
2419 3984 2702 4049 Joannem,
2730 3994 2888 4054 atque
2912 4003 2977 4041 ex
3010 3997 3245 4056 verbis
3287 3984 3473 4068 ηἶο,

1787 4074 1856 4127 do
1876 4074 2052 4127 citatis
2081 4081 2135 4127 et
2166 4073 2282 4127 loco
2317 4074 2404 4127 ubi
2430 4087 2491 4127 ea
2513 4073 2675 4127 citata
2708 4083 2850 4139 sunt,
2895 4078 3137 4139 videtur
3172 4090 3474 4168 Orige.

1789 4176 1882 4248 nes
1909 4176 2011 4216 non
2037 4176 2133 4230 per
2175 4169 2537 4248 transennam,
2588 4164 2680 4248 sed
2729 4177 2793 4217 ex
2829 4166 3116 4236 professo,
3187 4190 3274 4236 et
3313 4164 3473 4248 ξυο

162 4254 372 4324 posthac
438 4250 711 4304 necessitas
790 4250 1077 4315 intercipiat
1138 4258 1287 4317 atque
1343 4250 1687 4313 interrumpat
1717 4271 1761 4325 ο
1788 4247 1923 4313 loco,
1974 4256 2231 4301 tractasse
2273 4246 2341 4300 de
2393 4246 2596 4301 duobus
2647 4247 2964 4301 latronibus.
2998 4251 3216 4315 Porro
3265 4246 3461 4330 cuni

163 4342 450 4407 Scriptura:
474 4336 692 4390 seriem!
717 4337 963 4388 Attamen
996 4336 1204 4389 nonnisi
1234 4337 1388 4404 longe
1433 4342 1553 4402 post
1577 4332 1687 4386 Ma—

162 4427 350 4484 ximini
387 4409 826 4494 persecutionem,
861 4425 1051 4492 quippe
1094 4424 1245 4492 cujus
1270 4433 1411 4477 tomo
1437 4437 1549 4476 xxii
1576 4430 1689 4475 me-

162 4517 408 4580 minerat,
455 4522 588 4567 teste
642 4514 867 4566 Eusebio
904 4512 1041 4564 Hist.
1094 4513 1187 4567 lib.
1215 4528 1286 4576 vr,
1327 4526 1443 4581 cap.
1484 4512 1572 4573 28,
1634 4518 1689 4564 et

160 4606 339 4660 forsan
385 4604 440 4656 in
483 4602 713 4655 secundo
762 4601 949 4653 itinere
998 4601 1328 4663 Atheniensi,
1369 4602 1443 4654 uti
1470 4600 1688 4667 conjieit

161 4692 399 4755 lluetius,
430 4690 749 4759 posteriores
775 4688 902 4741 tomi
933 4688 1163 4756 expliciti
1198 4698 1336 4745 sunt.

228 4780 318 4837 IV.
350 4779 702 4847 Hieronymus
724 4776 943 4844 prologo
967 4778 1056 4843 qui
1085 4778 1332 4845 praelixus
1369 4786 1453 4832 est
1483 4776 1688 4832 Latinae

160 4865 579 4935 interpretationi
637 4863 987 4918 Homiliarum
1040 4865 1283 4933 Origenis
1334 4868 1387 4919 in
1443 4867 1684 4929 Lucam,

159 4970 348 5010 novem
383 4963 436 5008 et
488 4953 702 5022 triginta
758 4960 936 5006 tomos
986 4953 1051 5005 ab
1101 4955 1285 5006 eodem
1357 4953 1584 5023 Origene
1628 4955 1685 5007 in

157 5044 417 5099 Joannem
447 5043 670 5109 scriptos
710 5051 1110 5096 commemorat.
1161 5040 1425 5110 Siquidem
1446 5083 1463 5107 ,
1493 5043 1683 5110 inquit,

158 5133 294 5203 quod
311 5132 429 5184 olim
447 5129 620 5183 Roma’
637 5142 813 5185 sancta
831 5131 1059 5186 Blaesilla
1081 5133 1423 5199 ﬂagitaverat,
1448 5143 1502 5185 ut
1525 5147 1683 5185 nul

161 5220 300 5290 (lege
314 5216 441 5287 xxv)
467 5225 629 5269 tomos
647 5216 789 5271 illius
809 5221 862 5271 in
885 5217 1205 5279 Matthteum,
1236 5230 1281 5271 et
1307 5223 1528 5290 quinque
1552 5221 1684 5273 alios

158 5310 223 5361 in-
239 5306 449 5371 Lucam,
467 5316 512 5358 et
534 5320 699 5360 xxxvi
722 5308 776 5359 in
797 5306 1052 5360 Joannem
1075 5319 1264 5361 nostra:
1282 5310 1473 5378 linguae
1504 5313 1684 5363 trade-

159 5409 286 5447 rent.
308 5395 716 5447 Amanuensium
739 5408 977 5448 errorem
1002 5394 1086 5446 hic
1112 5396 1414 5459 suspicatur
1435 5398 1680 5449 doctissi-

162 5496 277 5536 mus
291 5479 526 5547 Huetius,
542 5491 594 5536 et
610 5497 705 5551 pro
726 5498 884 5537 xxxix
907 5482 1181 5552 legendum
1210 5493 1358 5549 putat
1379 5499 1546 5537 xxxii.
1569 5484 1678 5539 Non

1791 4336 2089 4389 tricesimus
2140 4334 2405 4389 secundus
2458 4342 2632 4389 tomus
2659 4335 2864 4389 desinat
2898 4337 2965 4389 ad
3017 4355 3223 4412 caput.
3272 4370 3425 4417 xl"

1785 4426 1840 4492 φ.
1874 4425 1944 4479 53
1982 4424 2250 4494 Evangelii
2295 4423 2547 4489 Joannis,
2590 4434 2645 4477 ut
2687 4425 2797 4492 jam
2845 4404 3128 4496 diximus,
3170 4404 3469 4509 ³8ξῖξῖ-

1787 4527 1913 4568 vero
1942 4514 2007 4567 de
2048 4512 2347 4568 latronibus
2399 4516 2452 4567 in
2486 4516 2659 4583 capite
2705 4527 2817 4577 XIX,
2845 4515 2899 4581 Ῡ.
2959 4516 3035 4572 18
3106 4524 3463 4601 ejusdem

1785 4602 2076 4670 Evangelii,
2130 4603 2308 4670 plures
2344 4618 2503 4671 quam
2558 4618 2703 4656 xxx"
2732 4611 2902 4656 tomos
2957 4604 3014 4660 in
3070 4611 3459 4688 Joannem

1784 4693 2086 4780 elaboratos
2113 4692 2273 4747 fuisse
2296 4694 2582 4747 verisimile
2606 4703 2708 4756 est,
2743 4706 2808 4747 ac
2838 4694 3080 4760 proinde
3115 4720 3462 4780 genuina

1787 4781 1995 4836 videtur
2043 4779 2348 4849 Hieronymi
2403 4781 2588 4843 lectio,
2664 4796 2782 4848 quae
2829 4795 2998 4837 nxrx
3058 4795 3302 4858 tomos
3376 4779 3465 4871 id

1782 4870 2040 4925 Joannem
2066 4878 2459 4923 commemorat.

1855 4959 1919 5011 ν.
1948 4957 2026 5009 Ex
2054 4966 2133 5010 tot
2159 4956 2404 5024 Origenis
2451 4956 2504 5009 in
2530 4954 2788 5011 Joannem
2834 4956 3423 5046 lucubrationibus

1783 5045 2390 5137 xxnduntaxattom-os
2437 5046 2697 5137 adusuam
2747 5054 2963 5137 aetatem
3016 5032 3461 5137 penei-ig;

1784 5131 2281 5225 scribit__Eusebius
2314 5134 2452 5187 uin.
2506 5135 2601 5188 lib.
2658 5149 2736 5225 vi,
2768 5149 2889 5225 cap.
2923 5136 3022 5191 ss.
3073 5145 3213 5204 Sed
3261 5131 3455 5225 ουζιῖ

1781 5235 1944 5277 xxxix
1972 5221 2323 5293 Hieronymus
2355 5233 2555 5290 postea,
2606 5232 2661 5276 et
2708 5222 2930 5277 Ruﬁnus
2969 5226 3190 5291 forsan
3242 5221 3461 5310 dun;

1785 5318 2103 5402 taxatxun
2159 5326 2268 5402 prae
2319 5311 2560 5365 manibus
2602 5310 2905 5402 habuerint.
2956 5324 3018 5402 et
3058 5333 3462 5402 supersint.

1781 5398 2041 5490 hodieque
2067 5401 2192 5452 tomi
2221 5413 2385 5451 xxvnt
2417 5408 2470 5452 et
2493 5413 2661 5462 xxxn,
2687 5397 3088 5465 conjiciendum
3117 5424 3235 5470 est.
3277 5397 3449 5490 n03;

1780 5485 1957 5552 plures
1987 5499 2145 5554 quam
2171 5500 2282 5540 uti
2310 5486 2505 5542 vidisse
2558 5487 2863 5556 Eusebium,
2929 5489 3132 5557 plures
3167 5485 3457 5581 tame;
