3848 6178
273 347 332 399 Π

285 465 380 505 ω,
427 451 572 502 πως
598 411 958 478 eXSthisse.
1014 424 1144 484 llos
1191 441 1482 500 temporum
1530 431 1729 501 injuria
1762 444 1906 503 post-
1939 439 1986 495 Α

300 536 503 587 ιιιωωη
530 506 871 586 absumpsi“.
905 521 1198 586 exceptis
1235 522 1390 574 tomis
1427 536 1464 582 ι,
1503 536 1565 582 ιι,
1589 537 1666 584 vr,
1700 539 1756 586 x.
1793 540 1911 586 xui,

308 634 424 681 ιη’
464 636 544 674 χι,
570 610 732 665 “vni
757 605 820 649 et
873 615 1109 670 xxx",
1170 626 1395 678 quorum
1452 615 1665 677 gemina
1716 617 1915 682 prodiit

322 697 698 774 interpretatio.
731 686 814 740 Ex
852 695 1087 751 codice
1125 701 1328 754 Veneto
1363 701 1420 756 S.
1451 701 1644 767 Marci,
1677 706 1766 772 qui
1800 706 1915 758 nul-

326 786 427 838 lilii
461 788 609 840 hodie
627 784 937 841 comparet,
1006 785 1259 849 priorem
1310 788 1649 843 concinnavit
1689 792 1919 846 Ambrov

333 878 454 928 sius
489 867 768 928 FerrariUS,
791 863 1281 940 Mediolanensis,
1314 881 1610 932 monachus
1641 880 1912 945 Cassinas,

335 972 395 1016 et
430 964 600 1016 edidit
628 970 754 1013 anno
788 955 934 1011 1551
970 978 988 1026 ;
1021 966 1390 1030 posteriorem
1421 981 1486 1020 ex
1534 969 1720 1022 codice
1752 970 1916 1038 Regio

337 1050 652 1105 Joachimus
682 1045 996 1114 Perionius,
1061 1053 1444 1109 Benetlictinus
1499 1057 1680 1111 itidem
1723 1073 1913 1114 mona-

339 1142 508 1203 chus,
545 1138 761 1193 triennio
791 1148 919 1205 post
944 1141 1037 1194 vel
1071 1143 1315 1196 circiter.
1341 1143 1507 1208 Quem
1558 1155 1684 1212 puto
1731 1163 1834 1202 non
1864 1149 1914 1201 in

342 1245 407 1282 se
447 1231 737 1296 recepisset
763 1226 1040 1294 laborem,
1071 1232 1116 1283 si
1150 1245 1251 1284 non
1307 1241 1480 1286 actum
1535 1235 1688 1287 modo
1710 1250 1766 1288 se
1799 1249 1918 1301 age.

345 1333 431 1382 re,
471 1319 569 1371 sed
605 1319 732 1372 bene
759 1325 938 1370 actum
978 1320 1221 1386 pessime
1264 1334 1321 1373 se
1355 1334 1513 1388 agere
1541 1323 1914 1378 intellexisset.

343 1407 419 1458 At
476 1407 712 1458 nondum
740 1416 1071 1472 pervenerat
1113 1409 1178 1460 ad
1225 1423 1342 1461 eum
1393 1409 1710 1464 Ferrariana
1755 1415 1916 1467 inter-

343 1489 628 1556 pretatio;
659 1499 1058 1557 proptereaque
1088 1491 1137 1542 in
1165 1492 1562 1558 explanationis
1588 1509 1696 1547 sua:
1726 1494 1918 1561 praela-

345 1581 508 1631 tione
531 1579 763 1647 primum
801 1593 859 1631 se
887 1578 1090 1632 laboris
1125 1579 1280 1647 hujus
1329 1581 1675 1646 incmptorem
1705 1585 1918 1650 profite-

347 1677 470 1720 tur.
501 1666 852 1720 Persuasititl
888 1668 1046 1720 Sixto
1086 1668 1333 1731 Senensi,
1369 1671 1458 1738 qui
1518 1671 1740 1737 idipsntu
1776 1682 1944 1723 retu-'

344 1757 445 1821 lit;
475 1755 664 1808 Sixtns
693 1757 852 1808 etiam
899 1758 1014 1807 viro
1047 1760 1262 1810 erudito
1287 1737 1549 1825 quil'also
1576 1759 1714 1812 idem
1760 1761 1918 1811 itera-
1949 1737 1989 1788 Β

345 1849 460 1898 vit.
508 1845 622 1899 Hos
654 1855 834 1898 autem
860 1848 1098 1909 codices,
1154 1846 1410 1900 Venetum
1461 1857 1514 1901 et
1566 1848 1810 1915 Regium,
1853 1865 1914 1902 ex

345 1949 470 1987 uno
525 1934 831 2001 eodemque
881 1935 1096 1989 venisse
1145 1937 1437 2003 exemplari
1493 1938 1800 2006 intelligitur
1852 1953 1917 1992 ex

344 2021 617 2076 eonﬂictu
673 2023 1012 2078 Ferrariana:
1049 2026 1511 2094 interpretationis
1560 2043 1680 2080 cum
1739 2027 1918 2082 Perio-

347 2113 527 2165 niaua
580 2122 633 2165 et
666 2113 852 2166 Grrcca
903 2112 1082 2166 Huctii
1129 2116 1363 2168 editione
1413 2117 1478 2168 ad
1513 2117 1784 2183 exemplar
1823 2118 1920 2170 Re-

347 2201 512 2266 gium
564 2201 854 2268 expressis,
909 2202 1045 2254 adeo
1074 2211 1326 2254 accurate
1360 2203 1558 2255 lacuum
1590 2204 1794 2256 lacunis
1839 2219 1921 2258 re-

347 2291 658 2358 spondent,
685 2292 807 2345 licet
831 2293 881 2344 in
923 2293 1195 2360 aliquibus
1227 2293 1522 2347 auctiorem
1559 2303 1611 2346 et
1639 2296 1921 2361 perfectio-

349 2395 484 2434 rem
548 2380 719 2434 l'uisse
769 2379 998 2433 Ferrarii
1058 2383 1298 2435 codicem
1359 2381 1627 2434 fatendum
1680 2383 1768 2435 sit.
1811 2382 1921 2436 lloc

346 2467 643 2536 praecipue
693 2467 1028 2535 discrepabat
1089 2477 1311 2536 uterque
1359 2468 1514 2532 liber,
1541 2471 1681 2535 quod
1727 2469 1922 2538 Regius

350 2571 555 2610 veram
605 2571 667 2609 ac
693 2559 981 2625 genuinam
1021 2573 1208 2610 novem
1242 2567 1504 2611 tomorum
1538 2568 1778 2613 servaret
1811 2560 1910 2612 dis-

350 2645 712 2707 tinctionem,
756 2661 875 2698 cum
928 2645 1163 2701 Venetus
1192 2648 1244 2699 in
1276 2647 1488 2715 triginta
1511 2650 1643 2702 duos
1673 2649 1829 2702 unius
1860 2664 1922 2703 ac

351 2733 640 2787 continua:
669 2735 828 2786 seriei
860 2745 1033 2789 tomos
1063 2745 1243 2789 sectus
1273 2746 1433 2798 esset.
1468 2754 1499 2790 a
1529 2735 1762 2790 Griecqu
1791 2753 1921 2806 quo-

351 2826 488 2876 a'am
521 2826 707 2876 incerti
740 2827 988 2891 nominis,
1020 2827 1096 2877 ait
1128 2825 1309 2880 Sixtus
1345 2827 1620 2892 Senensis,
1663 2846 1792 2882 novo
1822 2833 1921 2883 im-

354 2919 598 2980 postttra:
639 2927 853 2979 genere,
908 2921 966 2963 ut
1017 2929 1145 2978 opus
1201 2900 1530 2966 numerorum
1593 2916 1921 2970 multitudine

353 3008 604 3062 auctum,
663 3008 712 3051 et
741 3000 1085 3051 arithmetica:
1133 3002 1510 3068 supputationis
1541 3003 1720 3056 ordine
1755 3007 1920 3057 conti-

356 3096 591 3141 nuatum
622 3091 905 3157 aptabilius
943 3091 1201 3152 redderet,
1233 3106 1292 3141 ac
1317 3091 1508 3158 majori
1549 3093 1712 3157 pretio
1740 3094 1922 3146 vende-

356 3183 445 3228 ret
478 3191 498 3228 :
529 3176 668 3230 unde
695 3177 916 3231 delusus
953 3176 1240 3230 Ferrarius
1285 3178 1524 3231 eamdem
1557 3181 1777 3233 retinuit
1804 3182 1921 3235 libri

358 3267 748 3334 partitionem,
803 3276 858 3320 et
907 3282 938 3320 e
970 3268 1188 3333 triginta
1235 3282 1422 3320 novem
1478 3269 1638 3322 tomis
1683 3285 1818 3337 quos
1871 3273 1922 3324 iu

356 3354 623 3409 Joannem
653 3356 947 3424 scripsisse
973 3356 1257 3424 Origenem
1294 3358 1538 3423 putabat,
1588 3367 1789 3424 septem
1838 3375 1923 3414 so-

355 3446 479 3496 lum
511 3457 809 3512 postremos
862 3445 1181 3505 desiderari,
1206 3457 1260 3499 et
1312 3447 1513 3514 exiguis
1558 3447 1761 3516 aliquot
1791 3449 1924 3502 dun-

359 3539 526 3585 taxat
556 3531 764 3586 lacunis
799 3533 1094 3601 abruptam
1129 3548 1247 3587 esse
1274 3535 1450 3601 operis
1477 3535 1668 3588 seriem
1697 3538 1922 3590 censuit.

357 3623 687 3687 Quanquam
749 3621 1000 3676 fraudem
1039 3623 1270 3675 subinde
1299 3620 1556 3676 udoratus
1601 3634 1682 3677 est
1707 3624 1788 3676 vir
1837 3626 1926 3680 ille

355 3709 636 3772 eruditus,
675 3724 801 3762 nam
832 3709 888 3762 in
940 3710 1122 3776 priore
1155 3710 1618 3777 interpretationis
1663 3725 1772 3764 suae
1812 3713 1926 3765 edi-

358 3798 537 3858 tione,
577 3798 727 3850 initio
762 3799 893 3852 tomi
940 3815 1056 3860 th,
1107 3800 1172 3851 ad
1203 3814 1376 3862 oram,
1418 3799 1677 3866 suspicari
1712 3814 1769 3854 se
1795 3802 1930 3854 scri-

353 3886 443 3939 bit
476 3890 644 3940 ltosce
697 3897 892 3950 tomos,
929 3903 994 3942 ne
1038 3904 1291 3942 numerus
1340 3890 1798 3956 interpellaretur,
1857 3875 1927 3944 ita

352 3976 534 4030 tuisse
569 3978 858 4032 dissectos.
1519 3975 1522 3979 ’

1948 3024 1989 3080 C

439 4105 527 4159 Vl.
565 4107 658 4170 "At
712 4108 1111 4163 illustrissimus
1157 4111 1409 4173 Huetius,
1468 4112 1556 4178 qui
1605 4112 1804 4178 primus
1836 4127 1927 4166 eos

344 4194 557 4251 Graece
589 4196 760 4248 edidit
792 4195 1134 4266 Rothomagi,
1180 4214 1322 4252 anno
1347 4198 1503 4260 1668,
1556 4215 1706 4251 suum
1734 4202 1926 4266 cuique

349 4298 660 4338 numerum
719 4283 772 4335 in
799 4283 985 4338 Grzeco
1031 4288 1286 4351 restituit,
1322 4295 1536 4338 servata
1581 4287 1810 4340 Ferrarii
1849 4290 1929 4339 in-
1965 4311 2004 4362 ο

349 4373 788 4439 terpretatione,
815 4383 868 4426 ut
897 4381 1013 4426 erat
1043 4375 1212 4442 prius,
1263 4377 1313 4428 in
1365 4390 1512 4427 xxxu
1556 4385 1726 4430 tomos
1755 4378 1933 4430 distri-

349 4463 520 4524 buta,
551 4468 746 4527 utpote
775 4474 911 4526 qum,
940 4461 1064 4514 licet
1095 4469 1150 4513 et
1179 4461 1230 4513 in
1255 4461 1506 4514 oratione
1546 4461 1787 4524 horrida,
1835 4479 1931 4516 ue-

345 4563 466 4617 que
496 4549 643 4602 satis
679 4563 835 4615 pura,
893 4547 1213 4602 Perioniana
1267 4558 1443 4600 tamen
1487 4549 1704 4602 nitidior
1735 4559 1789 4603 et
1820 4565 1932 4603 me-

345 4640 481 4702 lior,
515 4637 736 4690 Graecis
767 4637 1020 4703 proprius
1049 4636 1279 4698 insistat,
1306 4651 1567 4702 suamque
1599 4638 1752 4690 tidem
1798 4640 1946 4711 satis»

344 4735 608 4796 prmstet.
641 4727 770 4777 Suis
797 4737 972 4776 tamen
1006 4724 1218 4777 laborat
1253 4739 1470 4791 quoque
1506 4726 1673 4790 vitiis,
1701 4736 1755 4780 et
1789 4727 1841 4781 in
1870 4712 1954 4783 eo

339 4813 608 4872 Fcrrarii
647 4811 732 4864 vel
766 4811 991 4871 candor,
1030 4809 1112 4861 vel
1161 4808 1512 4876 intelligentia
1560 4823 1735 4862 rerum
1781 4812 1934 4865 valde

338 4903 621 4956 videntur
677 4897 1025 4963 requirenda,
1054 4897 1192 4961 quod
1232 4894 1458 4947 solemni
1495 4897 1851 4951 obtestatione
1879 4898 1930 4950 in

342 4995 461 5045 line
487 4988 689 5055 operis
721 4987 802 5038 sui
847 4983 1246 5038 denuntiaverit
1274 4998 1332 5036 se
1365 4985 1420 5034 in
1459 4985 1552 5035 hoc
1590 4985 1722 5036 libro
1747 4995 1938 5038 verten-

339 5083 413 5133 do
441 5092 675 5132 summa
709 5089 864 5125 usum
909 5072 1016 5136 ﬁde
1043 5086 1104 5122 ac
1135 5072 1423 5137 diligentia,
1459 5081 1512 5122 ut
1557 5073 1690 5124 nihil
1723 5089 1936 5139 prorsus

337 5175 410 5226 sit
443 5174 810 5224 immutatum
837 5163 904 5213 ab
929 5177 990 5212 eo
1020 5163 1152 5226 quod
1173 5161 1342 5210 scribit
1381 5171 1584 5214 auctor.
1613 5164 1820 5216 Deinde
1845 5167 1942 5219 ad-

338 5265 423 5315 dit
462 5279 478 5314 :
515 5257 676 5312 Scito
713 5263 982 5320 prmterea
1021 5263 1100 5299 me
1138 5247 1260 5297 nihil
1292 5248 1540 5300 invenisse
1570 5251 1622 5302 in
1670 5252 1772 5302 hoc
1811 5251 1942 5305 libro

338 5351 492 5419 quod
524 5347 786 5400 videatur
809 5337 1038 5390 decretis
1061 5341 1242 5385 sancta:
1272 5336 1457 5419 matris
1493 5337 1743 5392 Ecclesia!
1765 5343 1948 5394 aduer-

338 5418 497 5497 sari;
539 5445 668 5482 nam
700 5427 749 5477 si
775 5420 1113 5479 invenissem,
1147 5428 1227 5467 mit
1277 5418 1471 5471 librant
1510 5439 1605 5476 non
1646 5427 1946 5491 venissem,

419 5602 467 5632 ιι
499 5593 714 5650 Matth.
758 5599 881 5648 xxi,
922 5581 977 5634 9.
1053 5579 1092 5608 “
1120 5575 1258 5631 Joan.
1287 5593 1382 5643 xu,
1413 5583 1498 5637 12.

1225 316 1534 374 MONITUM
1573 318 1664 373 AD
1700 319 2053 376 COMMENT.
2088 318 2402 375 ORIGENIS
2437 317 2502 370 IN
2538 312 2723 371 JOAN.

3483 315 3546 368 18

2012 444 2100 487 aut
2125 433 2295 486 locum
2324 432 2609 500 signassem
2640 438 2953 497 suspectum.
2995 427 3178 494 Aliqua
3213 432 3388 480 tamen
3429 441 3549 492 pera

2013 536 2180 575 versae
2224 520 2478 574 doctrinm
2535 518 2651 570 labe
2702 532 2940 584 respersa
2969 517 3210 571 consulto
3255 518 3549 570 detraxisse

2014 609 2240 670 videtur,
2291 621 2390 660 nec
2421 607 2672 674 pauciora
2735 621 3014 672 superesse
3063 621 3248 672 passus
3297 616 3399 670 est,
3431 619 3548 674 quae

2013 701 2078 753 ab
2127 698 2379 752 Ecclesia:
2424 697 2656 751 decretis
2688 712 2787 748 non
2832 697 3023 765 exiguo
3054 697 3360 750 recederent
3385 697 3548 750 inter-

2012 788 2166 841 vallo.
2199 789 2320 841 Ηωο
2344 803 2472 840 vero
2493 788 2670 840 omnia
2701 787 2813 839 suis
2837 796 3016 839 notata
3050 796 3173 838 sunt
3197 787 3346 841 locis.

2083 876 2190 930 Vll.
2223 879 2295 930 Ex
2341 876 2549 946 gemina
2601 876 2828 929 Ferrarii
2860 886 2913 928 et
2947 876 3177 928 Perionii
3231 877 3548 940 interpreta-

2017 967 2154 1018 tione
2181 977 2232 1018 et
2283 967 2438 1018 unico
2468 966 2652 1018 codice
2703 963 2870 1032 Regio
2899 965 3184 1016 editionem
3238 980 3386 1017 suam
3418 979 3549 1017 con-

2014 1055 2160 1108 ﬂavit
2187 1055 2425 1113 lluetius,
2459 1055 2547 1122 qui
2577 1054 2697 1105 lauto
2729 1067 2856 1106 sane
2892 1054 3072 1105 animo
3106 1053 3221 1105 aliis
3254 1069 3378 1106 usus
3407 1063 3548 1107 esset

2015 1146 2290 1198 codicibus
2326 1145 2478 1212 jussu
2513 1143 2642 1197 cleri
2691 1143 2949 1196 Gallicani
2983 1143 3264 1208 descriptis
3310 1152 3434 1196 ante
3462 1157 3550 1195 an-

2017 1249 2110 1286 nos
2143 1234 2343 1300 aliquot
2375 1248 2440 1285 ex
2472 1232 2636 1284 Italia:
2671 1233 3032 1295 Bibliothecis,
3060 1232 3104 1285 si
3133 1230 3369 1286 Joannes
3398 1233 3551 1285 Tari-

2016 1339 2133 1387 nus,
2166 1321 2481 1375 Parisiensis
2510 1321 2804 1388 professor,
2837 1321 2984 1387 cujus
3017 1321 3140 1374 fidei
3171 1322 3442 1376 commissi
3475 1323 3548 1376 illi

2016 1422 2167 1464 erant
2223 1419 2279 1464 ut
2304 1412 2485 1463 eadem
2517 1410 2912 1464 Commentaria
2947 1412 3000 1463 in
3046 1409 3300 1464 Joannem
3326 1450 3341 1474 ,
3394 1411 3551 1465 Com-

2018 1502 2306 1554 mentarios
2335 1503 2385 1553 in
2418 1499 2722 1553 Mattliteum
2772 1510 2826 1552 et
2872 1500 3216 1553 Philocaliam
3268 1503 3318 1552 in
3376 1500 3548 1556 lucem

2017 1591 2304 1654 emitteret,
2360 1605 2476 1643 cum
2531 1592 2644 1656 ipso
2683 1591 3082 1644 communicare
3129 1591 3382 1644 voluisset
3413 1612 3424 1644 :
3454 1605 3547 1644 ve-

2019 1695 2133 1731 rum
2163 1679 2338 1732 lumen
2370 1681 2434 1732 de
2467 1694 2562 1733 suo
2591 1680 2792 1734 lumine
2821 1680 3112 1733 accendere
3140 1680 3226 1732 ille
3256 1680 3453 1744 noluit,
3482 1696 3550 1734 ne

2021 1770 2191 1824 minus
2222 1771 2316 1837 ipsi
2346 1786 2499 1824 suum
2527 1770 2729 1824 luceret
2767 1786 2885 1824 cum
2920 1770 3149 1824 alienum
3199 1773 3547 1825 accendisset.

2017 1860 2127 1923 Qua
2165 1861 2228 1912 de
2261 1874 2315 1912 re
2335 1860 2582 1928 graviter
2615 1859 2897 1911 admodum
2945 1873 3046 1911 nec
3091 1859 3289 1926 injuste
3320 1874 3552 1927 conque-

2021 1949 2153 1999 ritur
2201 1946 2528 2000 clarissimus
2581 1946 2796 2000 Praesul.
2859 1946 2966 1998 Nos
3026 1961 3182 2010 vero,
3241 1947 3548 2010 feliciores,

2017 2039 2220 2092 duobus
2249 2039 2326 2091 nsi
2354 2052 2535 2091 sumus
2565 2037 2857 2100 codicibus,
2905 2037 3193 2090 Bodleiano
3219 2037 3466 2090 nimirum
3497 2047 3550 2091 et

2016 2127 2323 2190 Barberino,
2351 2129 2416 2180 ad
2436 2141 2658 2194 quorum
2691 2124 2844 2179 ﬁdem
2875 2125 3057 2178 Graeca
3087 2127 3437 2191 restituimus,
3470 2127 3552 2180 la-

2017 2228 2182 2266 cunas
2225 2214 2594 2280 explevimus,
2658 2212 3000 2281 Ferrariiqne
3056 2213 3549 2281 interpretationem

2017 2303 2433 2366 emendavimus,
2477 2311 2672 2355 mutata
2703 2304 2930 2370 primum
2963 2303 3094 2370 ejus,
3145 2318 3301 2370 quam
3332 2303 3551 2356 Huetius

2021 2393 2070 2444 iu
2104 2390 2294 2445 Latino
2324 2401 2660 2455 servaverat,
2692 2402 2951 2446 tomorum
2989 2393 3273 2446 divisione.

2087 2500 2216 2554 Vlll.
2250 2500 2447 2554 Praeter
2480 2516 2664 2554 novem
2692 2503 2856 2555 hosce
2889 2486 3078 2563 tomos,
3127 2501 3432 2556 Philocalia:
3464 2517 3554 2555 ca-

2020 2589 2125 2656 pita
2152 2590 2184 2643 4
2205 2601 2257 2643 et
2286 2591 2319 2642 5
2346 2591 2449 2642 duo
2480 2591 2731 2643 exhibent
2754 2590 3050 2657 fragmenta
3076 2607 3103 2645 e
3145 2602 3286 2646 tomo
3321 2607 3394 2657 tv,
3427 2594 3554 2647 tria-

2020 2690 2124 2744 que
2181 2677 2282 2728 alia
2329 2691 2392 2730 ex
2427 2678 2738 2744 praefatione
2767 2678 2959 2744 quinti,
2995 2679 3131 2731 inter
3177 2693 3293 2747 qua:
3321 2681 3550 2733 medium

2022 2775 2165 2820 leuet
2192 2765 2448 2834 particula
2487 2782 2517 2819 e
2568 2766 2662 2819 lib.
2714 2781 2765 2818 vr
2793 2766 3099 2821 Eusebiana:
3133 2768 3402 2832 Historiis,
3432 2785 3550 2838 cap.

2019 2853 2110 2917 ‘25,
2158 2855 2417 2907 traducta.
2459 2855 2572 2907 Duo
2622 2868 2834 2921 quoque
2875 2854 3058 2909 Latina
3095 2856 3390 2924 fragmenta
3431 2872 3555 2925 Stip-

2023 2943 2222 3011 peditat
2249 2943 2498 3010 Apologia
2527 2942 2785 3010 Pamphili
2831 2945 3101 3012 martyris.
3154 2945 3388 2998 Primum
3421 2956 3556 3000 este

2024 3041 2164 3085 tomo
2197 3048 2244 3094 v,
2281 3034 2373 3085 sed
2407 3033 2658 3095 alterum,
2689 3035 2827 3100 quod
2857 3049 2887 3086 e
2919 3035 3151 3088 secundo
3187 3036 3552 3102 depromptum

2025 3121 2210 3182 fertur,
2266 3124 2316 3174 in
2370 3137 2434 3176 eo
2482 3122 2666 3176 nullibi
2697 3125 2949 3190 reperies.
2981 3124 3087 3177 Nec
3124 3135 3295 3177 tamen
3324 3126 3444 3177 ideo
3477 3135 3554 3178 to-

2027 3225 2167 3262 mum
2197 3210 2336 3263 hunc
2389 3224 2506 3264 esse
2540 3212 2910 3264 detruncatum
2969 3212 3391 3266 concludendum
3424 3229 3554 3268 ccu-

2025 3312 2222 3363 semus,
2253 3307 2433 3366 utpote
2462 3299 2549 3366 qni
2582 3314 2646 3351 ex
2690 3301 2835 3351 omni
2882 3309 3030 3365 parte
3073 3303 3294 3370 integer,
3350 3316 3449 3356 nec
3480 3303 3556 3356 la-

2025 3389 2180 3440 cunis
2214 3385 2332 3440 ullis
2381 3387 2659 3441 dehiscere
2689 3388 2950 3440 videatur.
3014 3388 3163 3442 Unde
3217 3390 3557 3444 verisimilius

2026 3476 2360 3541 suspicamur
2409 3475 2705 3544 fragmenta
2757 3476 2934 3529 limcce
2968 3477 3072 3530 duo
3103 3491 3169 3529 ex
3203 3493 3306 3531 uno
3340 3478 3558 3533 eodem-

2026 3576 2130 3630 que
2183 3571 2324 3616 tomo
2375 3565 2560 3630 quinto
2589 3579 2708 3618 esse
2735 3563 3002 3630 decerpta.
3048 3565 3210 3632 Cujus
3237 3567 3560 3634 conjectura:

2028 3651 2288 3704 rationem
2325 3652 2650 3706 reddidimus
2683 3654 2770 3706 tibi
2797 3655 3071 3706 convenit.

2099 3739 2185 3792 IX.
2222 3740 2336 3792 Jam
2393 3751 2449 3793 ut
2476 3742 2672 3808 aliquid
2703 3743 2768 3794 de
2801 3743 2958 3795 tomis
2987 3743 3276 3809 deperditis
3297 3744 3558 3806 dicamus,

2029 3837 2378 3896 praeterquam
2431 3831 2569 3896 quod
2600 3831 2788 3883 scribit
2843 3833 3104 3884 Eusebius
3156 3831 3296 3885 Hist.
3350 3833 3445 3886 lib.
3480 3848 3556 3895 Vt,

2030 3932 2147 3983 cap.
2207 3917 2295 3979 28,
2360 3920 2425 3970 de
2473 3919 2742 3970 Maximini
2800 3920 3196 3986 persecutione,
3245 3935 3363 3986 qutn
3421 3936 3560 3973 anno

2029 4003 2224 4056 Christi
2277 4003 2380 4056 255
2429 4005 2603 4057 furere
2647 4005 2825 4072 coepit,
2876 4006 3200 4058 mentionem
3249 4006 3362 4058 ﬁeri
3417 4015 3558 4059 tomo

2033 4111 2163 4155 xxii.
2193 4094 2447 4162 Origenes
2505 4095 2619 4161 ipse
2673 4103 2812 4148 tomo
2857 4111 2944 4148 xvr
2977 4097 3027 4148 in
3080 4094 3402 4159 Matthzeum,
3437 4109 3558 4162 pag.

2033 4185 2153 4247 748,
2189 4185 2238 4236 iu
2264 4186 2376 4236 haec
2401 4183 2628 4235 Mattbrei
2653 4185 2694 4214 ¹²
2718 4185 2878 4237 verba
2913 4199 2927 4237 :
2969 4183 3216 4236 llosanna
3264 4181 3404 4235 Filio
3453 4184 3561 4236 Da-

2034 4274 2133 4337 vid,
2167 4281 2292 4336 etc.,
2319 4272 2500 4324 eadem
2536 4288 2564 4323 a
2595 4272 2769 4338 seipso
2794 4272 3196 4324 Commentariis
3231 4274 3280 4322 in
3303 4270 3559 4324 Joannem

2034 4373 2262 4426 expensa
2293 4358 2458 4412 fuisse
2485 4359 2578 4417 ait,
2610 4360 2820 4426 quando
2849 4358 3095 4412 videlicet
3131 4359 3253 4411 illud
3287 4374 3559 4427 exponen-

2035 4445 2158 4497 dum
2204 4443 2305 4497 sibi
2369 4444 2694 4511 propositum
2751 4445 2896 4496 fuit:
2939 4444 3006 4497 In
3061 4448 3345 4498 crastinum
3391 4454 3564 4500 autem

2037 4530 2186 4582 turba
2229 4529 2395 4583 multa
2441 4546 2555 4597 qua:
2602 4540 2805 4582 venerat
2852 4531 2919 4581 ad
2965 4521 3112 4598 diem'
3146 4533 3326 4596 festum
3358 4533 3420 4596 “,
3454 4545 3561 4588 etc.

2035 4621 2162 4686 Qua:
2195 4621 2406 4686 quidem
2447 4629 2591 4674 tomo
2624 4635 2746 4672 χχιιι
2788 4628 3009 4672 tractata
3060 4621 3225 4675 fuisse
3279 4622 3566 4676 verisimile

2035 4723 2133 4766 est.
2167 4711 2366 4765 Deinde
2410 4711 2459 4762 in
2490 4709 2792 4762 Matthteum
2824 4709 3002 4762 itidem
3049 4718 3204 4763 tract.
3249 4727 3408 4777 xxxv,
3445 4726 3563 4778 pag.

2038 4802 2158 4864 895,
2211 4809 2434 4854 testatur
2485 4813 2543 4852 se
2596 4799 2898 4864 diligentius
2945 4799 2996 4850 in
3055 4799 3464 4852 Commentariis
3511 4800 3565 4851 in

2037 4890 2290 4944 Joannem
2337 4889 2671 4942 examinasse
2701 4902 2766 4939 an
2794 4887 2862 4939 ab
2909 4901 3010 4939 una
3068 4886 3177 4940 sola
3213 4887 3295 4939 vel
3330 4887 3570 4954 pluribus

2042 4978 2348 5031 mulieribus
2380 4977 2576 5030 Christi
2633 4978 2792 5044 pedes
2842 4977 2985 5027 uncti
3034 4975 3260 5028 inissent
3309 4977 3360 5028 in
3392 4991 3568 5030 omna.

2037 5070 2185 5134 Quod
2211 5083 2338 5120 sane
2363 5069 2548 5119 eodem
2575 5076 2716 5116 tomo
2765 5078 2886 5115 xxix
2926 5065 3197 5130 praeﬁxum
3229 5076 3364 5116 erat.
3408 5065 3570 5118 Deni-

2039 5176 2142 5227 que
2171 5160 2220 5211 in
2249 5157 2536 5226 Epistolam
2569 5157 2632 5206 ad
2659 5155 2930 5206 Romanos
2967 5167 3087 5219 cap.
3123 5167 3197 5214 vr,
3224 5153 3316 5205 lib.
3349 5169 3381 5206 v
3416 5173 3427 5206 :
3470 5151 3572 5204 Vc-

2045 5263 2156 5308 rii_m
2186 5249 2247 5297 tle
2277 5247 2472 5298 ratione
2503 5243 2846 5310 baptismatis,
2897 5243 3088 5309 inquit,
3147 5259 3257 5294 cum
3296 5256 3573 5307 exponere-

2047 5352 2156 5388 mits
2211 5335 2546 5402 Evangelium
2587 5335 2864 5384 secundant
2909 5333 3187 5394 Joannem,
3249 5330 3333 5380 tibi
3375 5336 3574 5381 ventum

2047 5435 2120 5480 est
2149 5428 2216 5478 ad
2248 5442 2362 5478 eum
2392 5425 2558 5477 locum
2593 5424 2645 5475 in
2696 5438 2794 5490 qtto
2822 5423 2946 5473 dicit
2997 5422 3060 5472 de
3087 5420 3208 5471 Jesu
3239 5435 3256 5468 :
3295 5437 3311 5467 ι
3351 5417 3466 5484 Ιιιει
3489 5432 3574 5468 vos
