3848 6184
305 345 378 404 19

1146 346 1455 403 MONITUM
1486 348 1577 402 AD
1604 347 1952 405 COMMENT.
1984 347 2299 405 ORIGENIS
2330 351 2395 404 IN
2432 350 2621 408 JOAN.

3482 348 3580 399 ΞΟ

308 454 589 523 baptisabit
640 457 691 508 in
738 456 935 524 Spiritu
988 465 1165 508 sancto
1198 455 1261 523 “,
1300 474 1320 507 ι
1347 465 1394 510 st
1444 457 1565 510 item
1610 457 1697 509 ubi
1740 459 1847 525 ipse
1873 471 1920 529 Α
1947 465 2054 508 tur.
2111 456 2273 521 Licet,
2318 458 2508 527 inquit,
2578 458 2793 511 multum
2835 460 3150 525 perscrutati
3217 455 3573 524 fuerimus,

307 545 554 600 Salvator
586 547 712 598 dicit
752 560 771 596 .'
803 563 822 595 ι
862 545 979 598 Nisi
1006 547 1122 614 quis
1167 556 1374 599 renatus
1401 547 1559 615 fuerit
1585 550 1753 601 denuo
1783 562 1846 600 ex

306 651 444 702 aqua
497 644 544 686 et
578 634 809 702 Spiritu,
886 649 986 687 non
1038 644 1201 702 potest
1260 633 1475 689 introire
1523 639 1579 689 in
1635 652 1849 705 regnum

310 725 403 779 Dei
434 726 479 757 "
503 743 522 781 :
559 743 579 776 ι
611 739 703 791 pro
729 724 921 777 viribus
964 725 1154 777 nostris
1180 741 1295 792 qua:
1341 742 1608 780 occurrere
1658 735 1843 794 potue-

308 824 449 877 runt,
480 815 582 867 imo
607 830 723 883 qua:
753 815 968 868 donavit
992 814 1147 875 Deus,
1176 816 1424 881 diximus,
1457 817 1546 869 ubi
1577 827 1623 869 et
1648 833 1846 869 sermo-

308 905 387 956 nis
413 905 513 956 vim
539 919 643 971 quo
664 904 856 956 dicitur
878 917 897 954 :
930 922 948 954 ι
989 902 1107 957 Nisi
1153 907 1266 974 quis
1320 914 1530 960 renatus
1569 907 1724 974 fuerit
1756 909 1845 960 de-

306 1008 432 1056 nuo,
466 1012 485 1043 ι
520 991 677 1045 altius
705 994 907 1060 aperire
947 996 1277 1048 tentabimus.
1325 993 1493 1049 Porro
1537 1004 1680 1049 tomo
1712 1010 1762 1049 v1
1791 997 1843 1049 in

302 1078 559 1134 Joannem
593 1082 808 1148 exponit
851 1083 1065 1149 quidem
1113 1084 1226 1135 inec
1256 1084 1455 1136 verba:
1490 1081 1609 1150 Ipse
1644 1099 1731 1136 vos
1753 1084 1844 1135 ba-

305 1171 522 1237 ptisabit
576 1172 629 1224 in
673 1169 874 1238 Spiritu
931 1181 1142 1235 sancto;
1189 1172 1484 1238 posteriora
1542 1186 1686 1233 vero,
1745 1172 1844 1226 nisi

303 1258 441 1326 quis,
477 1266 604 1321 etc.,
636 1259 949 1326 exposuisse
978 1260 1161 1315 debuit
1187 1262 1338 1318 initio
1374 1262 1499 1315 tomi
1543 1276 1615 1314 ιι.
1648 1260 1842 1313 Eusta-

305 1346 449 1398 thius
510 1345 875 1400 Antiochenus
947 1345 1193 1415 Origenis
1252 1352 1425 1402 locum
1496 1348 1701 1416 profert
1775 1361 1842 1401 ex

304 1436 489 1488 iisdem
522 1436 679 1490 tomis
704 1436 989 1503 deperditis
1022 1438 1075 1491 in
1104 1437 1382 1503 Joannem,
1408 1438 1498 1492 ubi
1538 1439 1607 1492 de
1634 1437 1843 1506 lapida-

304 1524 448 1578 tione
474 1521 600 1577 Jesu
632 1539 661 1576 a
689 1523 885 1579 ludaeis
942 1525 1080 1579 facta
1124 1528 1401 1594 agebatur.
1456 1526 1545 1581 Sic
1580 1527 1668 1580 ille
1708 1528 1842 1581 libro

302 1612 380 1665 De
414 1611 839 1680 Engastrimytlto
870 1631 887 1666 :
915 1613 1026 1666 Οὐκ
1051 1612 1265 1667 ἔλαττον
1291 1613 1348 1665 δὲ
1380 1615 1472 1666 καὶ
1502 1615 1562 1666 τὸ
1586 1615 1682 1683 τῆς
1703 1612 1844 1682 λιθο-

302 1699 483 1763 δολίας
532 1701 710 1773 δρᾶμα
760 1702 994 1772 θεωρῶν,
1046 1705 1227 1775 ἐπειδὴ
1273 1705 1363 1757 καὶ
1399 1703 1554 1756 τοῦτο
1594 1705 1841 1773 πειρᾶται

300 1790 710 1865 τροπολογῆσαι,
733 1792 824 1843 τοῦ
873 1793 1219 1860 εὐαγγελικοῦ
1246 1794 1633 1862 καταψεύδεται
1658 1797 1837 1864 γράμ-
1868 1787 1909 1840 Β

303 1892 471 1945 ματος
492 1893 506 1907 ’
532 1876 592 1929 οὐ
624 1878 761 1930 πάνυ
792 1895 864 1944 τι,
916 1879 1104 1946 λέγων,
1136 1881 1369 1951 εὕραμεν
1417 1881 1742 1951 ζητήσαντες
1782 1886 1847 1935 ὲν

298 1968 411 2028 τοῖς
434 1966 538 2034 πρὸ
563 1965 772 2031 τούτου,
793 1967 873 2019 ὅτι
898 1966 1195 2020 ἐϐάστασαν
1216 1970 1264 2020 οἱ
1297 1970 1531 2022 Ἰουδαῖοι
1559 1969 1734 2033 λίθους
1757 1971 1840 2024 ἵνα

299 2054 594 2109 λιθώσωσιν
621 2057 797 2109 αὐτόν.
824 2087 895 2097 —
913 2056 1042 2111 Εἶτα
1087 2062 1199 2128 μετ’
1224 2062 1377 2128 ὀλίγα
1403 2063 1561 2131 φησίν
1579 2079 1592 2093 ·
1633 2064 1695 2115 Εἰ
1732 2064 1840 2132 γὰρ

300 2145 459 2198 πάλιν
484 2145 805 2209 ἐϐάστασαν,
830 2148 1090 2218 πρότερον
1118 2149 1437 2205 ἐϐάστασαν.
1477 2153 1621 2205 ’Λνω
1656 2153 1714 2204 δὲ
1746 2154 1840 2205 καὶ

300 2236 447 2287 κάτω
478 2236 720 2304 βούλεται
744 2241 1164 2303 κατασκευάσαι,
1214 2241 1286 2310 μὴ
1326 2241 1695 2311 προηγεῖσθαι,
1746 2244 1841 2295 καὶ

299 2324 461 2394 ἄλλην
514 2326 710 2394 ὁμοίως
765 2328 986 2397 ἐκδοχὴν
1039 2329 1124 2381 ἵνα
1179 2332 1483 2382 συστάσειεν
1526 2333 1605 2383 ὅτι
1629 2332 1837 2399 λόγους,

299 2413 413 2467 ἀλλ’
443 2414 560 2484 οὐχὶ
588 2414 766 2478 λίθους
790 2416 1088 2469 ἐϐάστασαν
1117 2419 1344 2487 ἀμελητὶ
1374 2420 1489 2471 κατ’
1518 2421 1700 2473 αὐτοῦ.
1731 2421 1838 2471 Καί

298 2520 350 2556 τι
395 2503 488 2555 τοῦ
554 2504 928 2570 εὐαγγελιστοῦ
985 2505 1213 2573 πρόσθεν
1256 2508 1564 2576 εἰρηκότος,
1604 2528 1625 2558 ε
1660 2504 1836 2577 ’ᾛραν

296 2588 388 2645 οὖν
438 2592 614 2654 λίθους
675 2594 760 2649 ἵνα
792 2593 1020 2662 βάλωσιν
1070 2597 1154 2646 ἐπ’
1188 2596 1372 2648 αὐτόν·
1405 2614 1425 2646 ι
1457 2597 1532 2658 ὡς
1584 2596 1641 2647 δὲ
1668 2596 1837 2651 ταῦτα

299 2680 643 2749 προύγραφεν
675 2683 732 2739 ἐν
761 2682 838 2752 τῷ
865 2681 1083 2751 μεταξὺ,
1119 2684 1276 2736 πέντε
1307 2702 1407 2737 που
1430 2686 1518 2737 καὶ
1550 2685 1837 2754 τριάκοντα

297 2770 432 2839 πρὸς
453 2774 560 2833 τοῖς
582 2773 768 2825 ἑκατὸν
785 2773 994 2841 στίχους
1009 2774 1268 2844 ὑπερϐάς,
1291 2776 1535 2845 ἐπιφέρει
1564 2775 1832 2844 προσθείς·

303 2876 323 2908 ι
361 2855 692 2913 Ἐσάστασαν
736 2854 827 2911 οὖν
877 2862 925 2912 oi
968 2860 1207 2913 Ἰουδαῖοι
1228 2861 1402 2925 λίθους
1433 2864 1518 2914 ἵνα
1551 2863 1837 2922 λιθάσωσιν

295 2944 474 3000 αὐτόν.
515 2964 534 2995 ι
586 2945 739 2998 Ἀλλὰ
765 2945 932 2998 ταῦτα
967 2947 1063 3015 μὲν
1095 2948 1287 3009 διττοῖς
1313 2948 1712 3017 ἀναγέγραπται
1740 2968 1838 3019 χω-

296 3032 450 3107 ρίοις,
483 3034 540 3084 ὲν
571 3032 840 3102 διαφόροις
861 3034 916 3085 δὲ
945 3035 1190 3100 φαίνεται
1217 3037 1572 3105 πεπραγμένα
1604 3044 1830 3108 καιροῖς,

295 3121 403 3179 ἀπὸ
446 3122 537 3173 τοῦ
596 3122 669 3191 μὴ
696 3122 792 3184 τὰς
822 3123 989 3186 αὐτὰς
1013 3123 1154 3192 ἔχειν
1203 3126 1307 3177 τῶν
1331 3128 1583 3196 ῥημάτων
1615 3129 1834 3182 ἐπιπλο-

295 3210 397 3273 κὰς
422 3211 461 3280 ἢ
491 3210 745 3278 συζυγίας
764 3229 778 3242 ’
813 3212 944 3265 ἀλλὰ
1001 3199 1290 3283 Ὦριγένης,
1336 3217 1364 3266 ὁ
1394 3215 1568 3278 πάσας
1598 3218 1834 3286 οἰόμενος

1861 3092 1901 3146 C

212 3328 227 3339 ο
295 3299 493 3356 ειδέναι
541 3300 638 3363 τὰς
686 3301 922 3370 Γραφὰς,
964 3302 1061 3354 οὐκ
1093 3303 1298 3370 ἀνέγνω
1344 3304 1499 3358 τοῦτο
1536 3308 1629 3359 καὶ
1664 3307 1834 3361 ταῦτα

293 3387 516 3457 γράφων
570 3388 645 3450 ὡς
670 3388 787 3441 ὅλον
815 3390 967 3459 ὁμοῦ⁴
1021 3391 1080 3442 τὸ
1133 3393 1454 3460 Εὐαγγέλιον
1487 3396 1577 3447 ἐπὶ
1619 3394 1829 3459 λέξεως.

293 3476 357 3531 El
386 3475 447 3533 δέ,
473 3493 558 3538 τις
585 3477 948 3547 ὑπολαμϐάνει
976 3479 1144 3533 ταῦτα
1176 3480 1423 3536 πλάττειν
1455 3485 1619 3553 ἡμᾶς,
1647 3487 1833 3548 αὑταῖς

291 3566 410 3627 ταῖς
458 3565 828 3633 εὐαγγελικαῖς
888 3569 1120 3638 ἐντυχὼν
1167 3571 1469 3639 ἀποφάσεσι
1489 3612 1505 3637 ,
1581 3575 1675 3627 καὶ
1724 3577 1834 3637 τοῖς

293 3653 669 3723 ιμπονηθεῖσιν
687 3656 832 3726 αὑτῷ
857 3659 985 3728 περὶ
999 3658 1154 3712 τοῦτο
1176 3662 1592 3731 σπουδάσμασιν,
1615 3665 1831 3734 εὑρήσει

294 3743 457 3813 μηδὲν
487 3746 633 3814 ἡμᾶς
653 3746 925 3817 εἰρηκέναι
954 3748 1166 3817 ψευδές.
1201 3750 1379 3821 Neque
1403 3754 1572 3806 minus
1599 3755 1679 3807 his
1707 3753 1829 3806 dum

293 3829 635 3894 lapidationis.
702 3833 904 3900 factum
970 3837 1264 3903 speculatur
1331 3839 1650 3910 (Origenes),
1697 3840 1829 3892 illud

292 3920 450 3974 etiam
478 3938 539 3974 ae
582 3922 629 3975 si
656 3939 746 3988 per
775 3934 949 3992 tropos
980 3927 1176 3994 factum
1207 3929 1263 3981 in
1301 3929 1462 3982 aliam
1519 3931 1829 3984 sententiam
1895 3987 1908 4001 ,

290 4007 503 4068 σήποντι
547 4013 798 4079 obnitens,
829 4015 887 4067 in
929 4018 1235 4085 euangelicis
1267 4019 1432 4073 verbis
1463 4020 1591 4072 mire
1640 4021 1825 4072 menti.

1945 547 2174 598 nondum
2200 547 2481 601 invenimus
2514 550 2569 601 in
2618 549 2700 602 Itis
2724 565 2840 617 qua:
2868 550 3061 616 scripta
3099 556 3247 611 sunt,
3280 542 3575 598 Judwos

1941 635 2225 701 arripuisse
2251 636 2448 703 lapides
2471 647 2524 690 ut
2552 639 2605 690 in
2627 638 2774 690 illum
2795 640 3088 707 injicerent.
3122 666 3193 677 -ο
3225 634 3305 688 Et
3334 635 3574 703 paucis

1943 724 2136 776 additis
2166 740 2184 776 :
2210 722 2348 776 Nam
2374 727 2420 778 si
2449 728 2635 779 iterum
2668 733 3077 795 assu'mpserunt,
3109 729 3265 795 prius
3307 737 3577 778 assum—

1941 824 2171 881 pserunt.
2204 814 2324 867 Vult
2347 825 2515 869 autem
2543 827 2652 868 tum
2676 817 2729 869 in
2756 818 3132 885 superioribus,
3186 828 3313 870 tum
3342 815 3414 867 in
3460 814 3575 864 in-

1944 902 2238 969 ferioribus,
2267 904 2339 956 nil
2368 905 2469 958 tale
2496 907 2842 971 praecessisse,
2878 917 2935 959 ut
2969 908 3153 974 probet
3185 906 3396 966 verba,
3454 901 3578 955 sed

1944 1009 2045 1045 non
2078 994 2274 1060 lapides
2305 996 2645 1058 assumpsisse
2676 1012 2942 1062 perperam
2999 997 3053 1049 in
3083 996 3265 1047 illum.
3333 993 3418 1045 Et
3478 1002 3579 1044 ta-

1942 1097 2055 1134 men
2099 1082 2406 1149 evangelista
2430 1084 2574 1151 prius
2603 1085 2735 1137 dixit
2761 1098 2781 1136 :
2813 1101 2832 1134 ι
2877 1084 3134 1137 Tulerunt
3162 1085 3352 1152 igitur
3387 1081 3568 1149 lapi—

1942 1174 2029 1221 des
2084 1178 2142 1222 ut
2188 1172 2424 1239 jncerent
2465 1174 2520 1225 in
2570 1173 2716 1225 illum
2744 1173 2806 1224 “.
2852 1191 2870 1224 1
2907 1174 3035 1237 Quae
3060 1175 3151 1226 ubi
3182 1172 3567 1241 scripsisset.

1942 1268 2142 1311 centum
2163 1261 2376 1327 triginta
2396 1262 2618 1329 quinque
2641 1262 2904 1315 versiculis
2928 1262 3250 1330 interfectis,
3283 1260 3515 1314 subdit
3541 1273 3571 1313 :

1947 1362 1966 1395 ε
1999 1345 2332 1401 S‘ttstulerunt
2387 1350 2560 1419 itaque
2593 1348 2770 1403 Judtci
2816 1350 3035 1418 lapides,
3085 1361 3143 1403 ut
3195 1351 3571 1418 lapidarent

1940 1436 2106 1501 ipsum
2138 1436 2200 1486 ν’.
2240 1455 2259 1486 ι
2297 1435 2422 1488 Haec
2457 1436 2661 1504 quidem
2698 1436 2892 1504 duplici
2924 1436 3034 1488 loco
3059 1436 3347 1503 descripta
3378 1440 3569 1495 sunt,

1941 1525 2251 1592 diversisque
2278 1526 2588 1592 temporibus
2613 1535 2751 1591 gesta
2776 1535 3042 1590 apparent,
3077 1525 3226 1588 quod
3259 1540 3389 1576 non
3437 1511 3565 1574 ha.-

1943 1618 2089 1668 beant
2136 1617 2338 1668 eosdem
2387 1614 2650 1667 verborum
2710 1631 2869 1667 nexus
2916 1615 2994 1667 vel
3041 1616 3504 1682 conjunctiones
3538 1627 3567 1666 :

1940 1706 2028 1757 sed
2059 1705 2304 1773 Origenes
2337 1705 2463 1771 ipse,
2518 1703 2608 1771 qui
2647 1720 2701 1756 se
2742 1703 3041 1771 Scripturas
3089 1719 3281 1757 omnes
3342 1714 3573 1757 tenere

1937 1795 2215 1855 existimat,
2243 1794 2352 1845 hinc
2380 1793 2603 1845 scribens
2633 1808 2734 1844 non
2760 1794 2988 1860 cognouit
3020 1801 3194 1845 totum
3241 1794 3300 1844 id
3336 1792 3570 1846 Evan-

1938 1883 2059 1952 gelii
2088 1891 2279 1935 textum
2316 1882 2563 1944 scriptum
2589 1882 2655 1932 ad
2683 1881 2929 1933 litteram.
2962 1878 3134 1933 Porro
3162 1882 3217 1934 si
3245 1882 3389 1950 quis
3417 1883 3566 1935 lucc

1938 1987 2030 2023 nos
2065 1971 2295 2037 eﬂingere
2340 1968 2621 2029 existimat,
2673 1968 2936 2020 sententiis
2967 1968 3297 2036 euangelicis
3347 1969 3569 2036 perle—

1937 2061 2052 2124 ctis,
2104 2060 2346 2128 illiusque
2391 2062 2446 2112 in
2494 2075 2580 2111 eas
2622 2059 3024 2124 commentariis,
3076 2061 3144 2112 ab
3206 2062 3379 2114 omni
3443 2077 3568 2115 nos

1937 2150 2244 2202 abstinuisse
2291 2148 2556 2200 mendacio
2603 2149 2895 2213 comperiet.
2950 2148 3026 2199 Ex
3055 2149 3144 2201 his
3174 2151 3386 2204 verbis
3419 2166 3560 2206 non

1937 2237 2102 2305 liquet
2127 2238 2217 2290 ubi
2245 2238 2311 2290 de
2333 2235 2654 2304 lapidatione
2675 2234 2799 2288 lesu
2829 2250 2856 2286 a
2909 2234 3105 2289 Iudaeis
3136 2235 3300 2291 facta
3337 2242 3563 2308 egerit

1937 2326 2213 2396 Origenes,
2240 2340 2307 2377 an
2332 2340 2452 2379 cum
2479 2325 2716 2393 priorem
2744 2321 2964 2376 Joannis
2995 2335 3334 2379 contextum
3366 2329 3559 2383 edis-
3616 2324 3621 2327 Α

1937 2416 2182 2479 seruerit,
2236 2414 2460 2466 tulerunt
2500 2414 2656 2479 igitur
2685 2412 2881 2478 lapides
2917 2421 2970 2463 ut
2991 2412 3242 2479 jacerent
3270 2418 3333 2469 in
3361 2433 3510 2472 eum
3534 2435 3563 2485 ;

1936 2521 2002 2557 au
2032 2521 2152 2557 cum
2186 2505 2555 2572 posteriorem,
2603 2502 2920 2555 sustulerunt
2944 2503 3117 2567 itaque
3142 2503 3350 2559 Judaei
3386 2510 3565 2576 lapi-

1937 2596 2045 2657 des,
2073 2603 2126 2645 ut
2149 2594 2435 2660 lapidarent
2464 2594 2648 2660 ipsum.
2680 2593 2933 2649 Fortasse
2962 2595 3293 2664 utrobique.
3362 2597 3566 2663 Quod

1937 2684 1981 2735 si
2012 2684 2081 2735 ita
2111 2692 2215 2745 est,
2244 2683 2310 2736 de
2337 2682 2659 2748 lapidatione
2686 2682 2786 2735 hac
2822 2693 2966 2737 tomo
2993 2698 3083 2737 χχι
3112 2695 3174 2737 et
3209 2694 3388 2741 tomo
3420 2704 3559 2745 xxv

1939 2769 2017 2821 vel
2050 2785 2172 2822 sxw
2208 2784 2327 2823 eum
2376 2771 2547 2839 egisse
2597 2770 2706 2822 veri
2752 2785 3005 2838 perquam
3042 2771 3230 2825 simile
3261 2774 3559 2832 videtur.

2005 2857 2071 2910 X.
2127 2857 2492 2911 Tiﬂemontius
2529 2856 2670 2909 Ilist.
2701 2858 2831 2911 ecet.
2884 2867 3015 2911 tom.
3056 2858 3145 2921 Ill,
3202 2875 3354 2931 pag.
3395 2863 3557 2930 572,

1937 2947 2133 3012 aliquid
2165 2954 2308 2998 tomo
2333 2946 2590 2997 v1decsse
2616 2946 2938 3011 suspicatur,
2986 2945 3073 2997 ubi
3105 2954 3223 2999 tum
3256 2949 3341 3004 de
3377 2966 3569 3005 mar-7

1939 3033 2162 3102 tyribus,
2195 3041 2303 3084 tum
2331 3031 2397 3084 de
2422 3042 2572 3098 peste
2599 3033 2824 3098 quadam
2854 3047 2972 3100 qua:
3011 3034 3204 3087 uullibi
3239 3036 3301 3090 in
3346 3039 3564 3095 histo-

1939 3126 2034 3177 riis
2079 3122 2362 3190 reperitur,
2394 3137 2641 3190 quaeque,
2699 3123 2891 3188 inquit,
2944 3123 3089 3174 circa
3142 3138 3381 3180 annum
3425 3129 3563 3185 232

1941 3213 2180 3265 fortassis
2215 3221 2460 3279 grassata
2486 3220 2586 3276 est,
2619 3212 2879 3279 Origenes
2927 3211 3091 3263 multa
3141 3213 3328 3268 verba
3373 3215 3561 3275 fece-

1939 3310 2042 3354 rat.
2080 3299 2270 3354 Verum
2325 3299 2381 3353 id
2406 3315 2510 3353 non
2546 3302 2675 3354 satis
2717 3316 2973 3368 assequar
3011 3302 3157 3355 unde
3215 3307 3560 3375 conjicere

1935 3391 2169 3457 potuerit
2221 3390 2615 3443 eruditissimus
2664 3390 2763 3442 vir.
2821 3388 3121 3455 Utrumque
3169 3394 3339 3446 enim
3376 3412 3565 3454 exse-

1934 3479 2114 3547 quitur
2143 3477 2399 3547 Origenes
2423 3488 2478 3532 et
2518 3479 2584 3531 de
2611 3479 2935 3547 martyribus
2986 3479 3132 3533 etde
3171 3481 3245 3534 iis
3281 3485 3402 3551 qui
3438 3504 3561 3556 pe-

1938 3571 2142 3622 rierunt
2176 3569 2244 3622 ob
2272 3568 2695 3636 pestilentiarum
2741 3569 3158 3623 constitutiones
3197 3574 3400 3629 verba
3462 3579 3563 3632 fa-

1937 3658 2125 3711 ciens:
2165 3672 2264 3712 nec
2289 3657 2361 3711 ibi
2383 3658 2560 3725 agitur
2584 3657 2649 3712 de
2687 3657 2753 3711 iis
2788 3658 2878 3726 qui
2905 3671 3039 3712 nova
3068 3660 3329 3725 quadam
3366 3679 3567 3735 peste

1937 3754 2236 3822 consumpti
2292 3754 2523 3822 periere,
2554 3756 2646 3821 sed
2680 3756 2747 3809 de
2794 3755 2860 3809 iis
2887 3754 2977 3822 qui
3012 3754 3339 3824 antiquitus
3377 3770 3559 3833 apud

1882 3822 1909 3854 ⁸
1934 3844 2159 3911 gentiles
2184 3859 2301 3898 cum
2326 3844 2631 3912 pestilentes
2655 3846 2826 3901 morbi
2847 3853 3253 3913 grassarentur.
3272 3822 3541 3921 acip-sos

1933 3932 1988 3986 in
2015 3934 2262 3988 victimas
2300 3949 2395 4002 pro
2420 3935 2593 4003 patria
2630 3935 2989 4000 tradiderunt,
3021 3940 3557 4005 quemadmodum

1932 4036 2031 4076 suo
2058 4022 2176 4078 loco
2202 4023 2623 4084 observavimus.

358 4180 409 4222 ί-θι
432 4178 590 4242 lusu.
620 4198 659 4248 1,
687 4182 777 4239 33.
854 4184 897 4219 ³⁸
926 4182 1080 4267 Joan.
1108 4203 1195 4256 111,
1208 4190 1270 4259 .3.
1347 4190 1391 4223 “
1409 4188 1566 4245 Joan.
1599 4205 1716 4257 vm.
1745 4189 1834 4246 59-

2005 4206 2122 4249 oan.
2153 4209 2209 4250 κ.
2241 4193 2330 4253 31.

1826 4750 1896 4759 ι-α
