3848 6184
276 214 346 265 ‘23
1710 208 2022 267 ORIGENIS

3440 216 3545 267 25

280 329 413 381 ierit.
443 327 515 381 Hi
558 328 711 394 empti
753 336 864 379 stint
904 342 966 377 ex
1002 324 1289 377 hominibus
1319 325 1560 393 primitia:
1612 325 1714 380 Deo
1756 338 1803 380 et

1994 330 2109 384 θεῖν
2143 331 2255 398 τὴν
2298 332 2458 399 ᾠδὴν
2488 335 2538 385 ει
2571 334 2653 401 μὴ
2679 336 2737 387 a1
2757 330 2888 403 ρμδ⁷
2919 334 3204 402 χιλιάδες,
3237 334 3308 385 οἱ
3347 330 3546 396 ἠγο-

281 421 447 486 Agna,
468 427 517 469 et
548 418 601 469 in
630 433 716 469 ore
755 431 929 469 eorum
972 430 1073 466 non
1103 423 1176 466 est
1214 414 1447 467 inventus
1481 415 1649 469 dolus.
1678 416 1804 471 Sine

1994 420 2179 488 ΐμένοι
2207 423 2323 475 ἀπὸ
2360 421 2464 488 τῆς
2508 422 2632 491 γῆς.
2668 421 2840 479 Οὗτοί
2869 426 3023 477 εἰσιν
3062 424 3119 477 οἳ
3156 421 3336 493 μετὰ
3395 434 3521 485 γυ-

281 504 484 557 macula
521 506 654 556 enim
692 512 826 556 sunt.
856 500 975 553 limo
1032 509 1204 554 autem
1240 502 1344 555 dici
1383 502 1518 571 apud
1550 502 1802 559 Joannem

1994 509 2121 562 ’κῶν
2167 512 2275 562 οὐκ
2315 512 2747 577 ἐμολύνθησαν·
2792 512 3068 579 παρθένοι
3120 510 3234 579 γάρ
3284 509 3541 559 εἰσιν.

283 596 347 649 de
371 594 454 647 his
478 598 568 662 qul
601 594 939 647 crediderunt
971 591 1021 643 in
1052 592 1343 657 Christum,
1374 595 1462 661 qui
1507 596 1665 649 etiam
1709 596 1805 664 ipsi

282 693 493 738 suntex
540 682 779 735 tribubus
802 718 816 740 .
848 680 1055 734 etiamsi
1097 682 1367 747 corporale
1393 683 1620 748 ipsorum
1644 698 1807 750 genus

284 774 350 826 ad
384 786 563 826 semen
587 772 1003 839 patriarcharum
1038 787 1142 825 non
1168 773 1407 825 videatur
1426 772 1633 835 referri,
1670 775 1808 829 lnmc

286 861 336 911 in
379 860 587 912 modum
620 858 867 926 colligere
911 874 1189 925 possumus
1221 877 1235 912 :
1272 858 1443 912 Nolite
1465 898 1479 922 ,
1531 860 1702 927 inquit
1728 862 1770 892 ²¹
1793 900 1808 925 ,

287 963 463 1000 nocere
497 958 664 1003 terrm.
693 960 739 1000 et
779 950 928 1007 mari.
962 965 1119 1017 neque
1146 951 1417 1003 arboribus
1439 987 1454 1012 ,
1478 954 1809 1020 quoadusque

288 1036 381 1088 Dei
421 1038 582 1087 nostri
607 1052 775 1088 servos
804 1038 1172 1104 signaverimus
1208 1040 1260 1090 in
1297 1038 1552 1104 frontibus
1587 1041 1713 1091 suis.
1741 1038 1808 1090 Et

285 1122 465 1174 audivi
509 1138 774 1175 numerum
829 1124 1175 1191 signatorum,
1216 1136 1417 1177 centum
1466 1127 1807 1195 quadraginta

285 1220 507 1277 quatuor
539 1211 701 1262 millia
733 1212 921 1276 signati
962 1227 1025 1263 ex
1056 1212 1193 1264 omni
1215 1214 1348 1263 tribu
1371 1213 1596 1279 ﬁliorum
1620 1214 1806 1268 Israel.

1909 593 2081 651 Οὗτοι
2095 600 2146 649 οἱ
2161 598 2619 662 ἀκολουθοῦντες
2633 598 2710 663 τῷ
2736 600 2927 666 Ἆρνίῳ
2941 600 3091 652 ὅπου
3108 599 3218 650 ἐὰν
3231 593 3545 660 {indim-

1916 682 2086 739 Οὗτοι
2118 687 2536 753 ἠγοράσθησαν
2574 687 2688 739 ἀπὸ
2715 687 2830 740 τῶν
2855 688 3179 756 ἀνθρώπων
3214 679 3548 749 ἀπαρχὴ

1911 773 1988 837 τῷ
2013 773 2130 837 Θεῷ
2155 774 2251 825 καὶ
2278 773 2355 837 τῷ
2385 775 2597 841 Ἄρνίῳ,
2625 775 2720 826 καὶ
2765 776 2833 827 ἐν
2863 775 2940 840 τῷ
2987 777 3238 843 στόματι
3262 768 3553 825 αὐτῶν

1911 864 2021 928 οὐχ
2048 863 2251 928 εὑρέθη
2290 861 2525 928 ψεῦδοςο
2570 862 2785 930 ἄμωμοι
2814 863 2920 932 γάρ
2944 866 3100 917 εἰσιν
3123 863 3223 932 (5).
3252 864 3422 913 Ὀτι
3473 853 3553 907 δὲ

1911 949 2082 1000 ταῦτα
2112 948 2256 1017 παρὰ
2281 948 2358 1015 τῷ
2393 950 2609 1019 Ἰωάννῃ
2642 952 2766 1019 περὶ
2789 951 2895 1003 τῶν
2922 953 2999 1012 εἰς
3030 949 3272 1019 Χριστὸν
3317 961 3552 998 πεπι-

1915 1038 2205 1089 στευκότων
2241 1038 2474 1103 λέγεται,
2519 1039 2608 1089 καὶ
2646 1038 2821 1089 αὐτῶν
2850 1040 3203 1107 ὑπαρχόντων
3232 1037 3373 1090 άπὸ
3408 1050 3550 1102 φυ-

1910 1125 2035 1189 λῶν,
2068 1125 2169 1177 κᾶν
2199 1126 2271 1194 μὴ
2291 1127 2417 1194 δοκῇ
2443 1127 2502 1177 τὸ
2528 1127 2828 1194 σωματικὸν
2853 1127 3026 1179 αὐτῶν
3059 1126 3218 1193 γένος
3241 1123 3551 1192 ἀνατρέ-

1912 1232 2024 1284 χειν
2052 1215 2142 1266 sui.
2177 1215 2237 1266 τὸ
2285 1216 2498 1285 σπέρμα
2539 1214 2645 1267 τῶν
2683 1214 3045 1285 πατριαρχῶν,
3097 1215 3250 1265 ἔστιν
3301 1212 3550 1272 οὕτως
3602 1206 3607 1209 ⁷

286 1301 709 1368 ἐπιλογίσασθαι⁸
769 1304 861 1368 Μὴ
921 1302 1267 1369 ἀδικήσητε,
1327 1306 1484 1372 φησὶ,
1538 1305 1649 1372 τὴν
1712 1307 1841 1374 γῆν,
1867 1306 2016 1373 μήτε
2057 1306 2168 1372 τὴν
2206 1306 2535 1368 θάλασσαν,
2561 1308 2709 1372 μήτε
2738 1305 2808 1357 τὰ
2842 1304 3071 1371 δένδρα,
3104 1305 3244 1371 ἄχρι
3273 1317 3506 1370 σφρα
3528 1328 3545 1341 -

286 1393 540 1459 τίσωμεν
575 1393 713 1457 τοὺς
760 1395 1014 1459 δούλους
1056 1395 1159 1447 τοῦ
1202 1396 1345 1447 Θεοῦ
1388 1398 1553 1463 ἡμῶν
1600 1399 1689 1450 ἐπὶ
1749 1398 1865 1451 τῶν
1896 1398 2174 1466 μετώπων
2218 1398 2428 1452 αὐτῶν.
2487 1399 2591 1450 Καὶ
2642 1398 2872 1463 ἤκουσα
2914 1397 3020 1448 τὸν
3064 1396 3339 1463 ἀριθμὸν
3383 1392 3551 1446 τῶν

286 1480 792 1548 ἐσφραγισμένων·
813 1480 943 1548 ρμδ¹
975 1480 1232 1548 χιλιάδες
1257 1484 1709 1552 ἐσφραγισμένοι
1748 1485 1819 1555 (ϐ)
1856 1487 1922 1539 ἐκ
1950 1486 2148 1552 πάσης
2176 1485 2371 1554 φυλῆς
2399 1484 2542 1538 υιῶν
2583 1484 2832 1551 Ἰσραήλ.

355 1570 408 1622 2.
432 1569 531 1634 Qui
584 1571 745 1639 igitur
792 1572 1068 1639 signantur
1099 1586 1161 1625 ex
1215 1573 1356 1625 omni
1392 1576 1529 1628 tribu
1588 1576 1814 1629 ﬁliorum

1994 1577 2039 1629 Ξ.
2065 1575 2266 1628 Οὐκοῦν
2289 1575 2336 1627 οἳ
2368 1577 2430 1626 ὲκ
2463 1575 2639 1643 πάσης
2672 1573 2839 1641 φυλῆς
2864 1572 2990 1625 υἱῶν
3035 1572 3257 1643 Ἰσραὴλ
3295 1586 3546 1639 σφρα-

288 1658 449 1714 Israel
472 1660 523 1713 in
552 1659 811 1713 frontibus
843 1660 973 1724 suis,
1008 1660 1042 1713 ii
1070 1666 1281 1713 centum
1317 1662 1664 1733 quadraginta
1692 1678 1821 1733 qua-

292 1747 612 1802 tuor‘millia
648 1755 769 1800 sunt
804 1762 1044 1811 numero,
1075 1751 1165 1817 qui
1215 1762 1426 1804 centum
1471 1753 1820 1821 quadraginta

291 1845 516 1902 quatuor
536 1836 722 1899 millia,
752 1851 871 1889 cum
906 1837 1137 1903 virgines
1164 1839 1443 1901 exsistant,
1468 1850 1521 1891 et
1553 1854 1671 1892 cum
1702 1856 1818 1892 mu-

292 1927 508 1980 lieribus
544 1943 647 1981 non
694 1928 798 1981 sint
834 1927 1193 1993 coinquinati,
1220 1929 1270 1981 in
1318 1930 1658 1996 sequentibus
1684 1930 1821 1997 apud

290 2015 544 2071 Joannem
594 2029 784 2069 nomen
829 2016 964 2083 Agni
1010 2024 1063 2067 et
1116 2015 1288 2069 Patris
1327 2016 1441 2083 ejus
1473 2017 1524 2068 in
1561 2015 1821 2070 frontibus

293 2104 403 2157 suis
459 2105 716 2171 scriptum
770 2105 966 2158 habere
1022 2105 1289 2158 dicuntur.
1335 2105 1610 2169 Quodnam
1664 2106 1821 2174 igitur

294 2192 433 2245 aliud
473 2207 591 2247 esse
634 2193 825 2260 poterit
866 2194 1097 2261 sigillum
1151 2194 1414 2247 lruntibns
1456 2195 1688 2259 ipsorum
1724 2202 1821 2246 itu-

292 2293 537 2345 pressum
585 2294 739 2348 quam
786 2293 977 2332 nomen
1006 2280 1140 2348 Agni
1180 2289 1232 2333 et
1264 2295 1450 2334 nomen
1483 2279 1656 2335 Patris
1682 2282 1818 2349 ejus,

293 2382 411 2421 cum
442 2368 677 2435 utrisque
721 2369 773 2422 in
820 2368 950 2422 locis
996 2369 1219 2432 frontes,
1246 2369 1399 2422 modo
1430 2369 1639 2436 quidem
1676 2370 1823 2435 sigil-

293 2455 425 2520 lum,
458 2457 614 2511 modo
642 2471 769 2511 vero
799 2457 1003 2511 litteras
1034 2472 1223 2511 nomen
1255 2458 1386 2526 Agni
1425 2468 1476 2510 et
1504 2456 1823 2512 nomen‘l‘a-

297 2546 392 2598 tris
427 2546 540 2613 ejus
584 2546 915 2599 continentes
966 2546 1161 2599 habere
1193 2546 1435 2599 dicantur
1463 2546 1487 2597 ?
1519 2546 1817 2611 Quinetiam

294 2632 336 2685 si
365 2632 415 2684 bi
440 2633 530 2699 qui
565 2641 685 2685 sunt
724 2647 790 2685 ex
838 2633 1097 2693 tribubus,
1133 2633 1287 2684 iidem
1318 2641 1439 2684 sunt
1477 2647 1539 2685 ac
1569 2632 1819 2699 virgines,

296 2728 352 2773 ut
377 2727 529 2773 antea
556 2721 897 2794 ostendimus,
934 2721 1084 2787 pauci
1113 2728 1286 2774 autem
1312 2733 1431 2773 sunt
1459 2736 1525 2774 ex
1555 2720 1712 2773 Israel
1740 2736 1821 2775 se-

1917 1666 2151 1731 γίζονται
2176 1663 2267 1716 erui.
2304 1663 2408 1714 τῶν
2441 1660 2696 1730 μετώπων
2721 1660 2894 1713 αὐτῶν
2933 1661 3047 1729 ρμιδ⁷
3081 1662 3193 1712 εἶσὶ
3236 1658 3548 1728 κιλιάδ’ς

1916 1754 2005 1804 τὸν
2036 1753 2279 1821 ἀριθμόνσ
2298 1752 2494 1812 αἵτινες
2528 1750 2640 1821 ρμδ⁹
2674 1750 2902 1818 χιλιάδες
2934 1750 2990 1800 ὲν
3021 1752 3135 1811 τοῖς
3169 1748 3303 1819 ἑξῆς
3335 1748 3549 1820 παρὰ

1916 1840 1993 1908 τῷ
2034 1841 2247 1910 Ἰωάννῃ
2278 1840 2517 1906 λέγονται
2553 1838 2691 1905 ἔχειν
2720 1838 2779 1889 τὸ
2805 1837 2968 1905 ὄνομα
2995 1837 3089 1889 τοῦ
3127 1836 3371 1907 Ἀρνίου
3414 1840 3547 1889 καὶ

1916 1927 2010 1979 τοῦ
2042 1928 2249 1995 Πατρὸς
2273 1926 2432 1979 αὑτοῦ
2464 1926 2537 1994 (7)
2555 1925 2927 1995 γεγραμμένον
2947 1926 3036 1976 ἐπὶ
3059 1924 3171 1976 τῶν
3204 1924 3547 1993 μετώπων

1918 2017 2113 2075 αὐτῶν,
2145 2012 2296 2069 οὖσαι
2321 2014 2591 2083 παρθένοι,
2610 2014 2701 2066 καὶ
2726 2013 2859 2083 μετὰ
2880 2013 3150 2079 γυναικῶν
3180 2015 3248 2065 οὐ
3279 2014 3549 2080 μολυν-

1918 2105 2098 2166 θέντες
2122 2104 2217 2172 (8).
2248 2104 2341 2165 Τίς
2372 2099 2461 2155 οὖν
2488 2102 2617 2169 άλλη
2644 2101 2726 2171 εἴη
2750 2104 2784 2170 ἡ
2818 2103 3043 2170 σφραγὶς
3060 2102 3094 2170 ἡ
3120 2102 3219 2153 ἐπὶ
3248 2100 3381 2153 τῶν
3411 2119 3550 2170 μεο

1917 2191 2165 2259 τὼπωνῆ
2204 2191 2266 2243 τὸ
2316 2191 2482 2260 ὄνομα
2527 2189 2619 2242 τοῦ
2664 2189 2865 2259 Ἀρνίου
2908 2189 3000 2241 καὶ
3046 2189 3107 2241 τὸ
3151 2189 3345 2258 ὄνομα
3407 2188 3545 2244 τοῦ

1917 2280 2124 2348 Πατρὸς
2169 2278 2328 2331 αὑτοῦ
2361 2278 2456 2346 (9),
2507 2279 2561 2329 ὲν
2614 2275 2933 2345 ἀμφοτέροις
2972 2277 3083 2337 τοῖς
3125 2276 3336 2338 τόποις
3379 2277 3546 2331 τῶν

1922 2368 2178 2437 μετώπων
2210 2367 2509 2436 λεγομένων
2537 2366 2675 2435 ἔχειν
2713 2365 2788 2435 πὴ
2820 2366 2916 2433 μὲν
2937 2364 3030 2433 τὴν
3065 2367 3395 2434 σφραγῖδα,
3436 2368 3546 2439 τεὴ

1917 2457 1971 2508 δὲ
2014 2457 2082 2507 τὰ
2112 2457 2405 2525 γράμματα
2453 2456 2763 2523 περιέχοντα
2797 2455 2855 2504 τὸ
2897 2454 3061 2521 ὄνομα
3103 2454 3205 2505 τοῦ
3264 2456 3541 2526 Ἀρνιου

1921 2545 2102 2597 καὶτὸ
2132 2546 2296 2613 ὄνομα
2337 2543 2429 2595 τοῦ
2464 2543 2672 2613 Πατρὸς
2704 2543 2894 2605 αὐτοῦς
2935 2543 3088 2595 Ἀλλὰ
3132 2545 3236 2595 καὶ
3273 2546 3330 2596 οἱ
3390 2547 3542 2599 ἀπὸ

1922 2631 2097 2700 φυλῶν
2138 2632 2186 2683 εἰ
2236 2632 2282 2682 οἱ
2315 2629 2460 2683 αὐτοί
2498 2632 2599 2681 εἱσι
2630 2632 2737 2691 τοῖς
2780 2628 3080 2697 παρθένοις,
3110 2629 3191 2691 ὡς
3235 2647 3545 2700 προαπε-

1919 2718 2188 2789 δείξαμεν,
2217 2720 2433 2780 σπάνιος
2463 2718 2517 2769 δὲ
2566 2719 2594 2769 ὁ
2636 2721 2699 2770 ὲκ
2731 2716 2823 2770 τοῦ
2859 2717 2995 2769 κατὰ
3033 2717 3221 2786 σάρκα
3265 2720 3545 2791 Ἰσραὴλ

296 2810 524 2863 cumtum
553 2824 765 2863 carnem
796 2810 882 2876 qui
923 2810 1164 2873 credant,
1196 2810 1271 2862 ita
1312 2820 1369 2861 ut
1405 2809 1649 2862 fortassis
1682 2811 1822 2862 ausit

1994 2808 2205 2870 στεύων,
2230 2808 2306 2869 ὡς
2334 2808 2472 2876 τάχα
2495 2805 2755 2875 τολμῆσαι
2785 2806 2849 2859 ἄν
2872 2823 2988 2858 τινα
3020 2808 3199 2858 εἰπεῖν
3232 2808 3313 2877 μὴ
3350 2827 3541 2880 συμ-

295 2897 415 2965 quis
431 2897 606 2951 dicere
634 2912 699 2951 ne
721 2912 997 2951 numerum
1013 2898 1224 2966 quidem
1245 2909 1453 2951 centum
1475 2899 1820 2966 quadraginta

1994 2897 2250 2967 ηροῦσθαι
2267 2897 2372 2964 (10)
2400 2897 2505 2949 ἀπὸ
2525 2896 2629 2947 τῶν
2659 2898 2721 2949 ἐκ
2746 2896 2841 2949 τοῦ
2862 2894 3001 2948 κατὰ
3036 2895 3223 2966 σάρκα
3264 2899 3542 2971 Ἰσραὴλ

295 2994 525 3052 quatuor
552 2984 715 3038 millia
748 2984 999 3052 compleri
1032 3000 1097 3040 ex
1130 2986 1485 3049 credentibus,
1506 2988 1594 3054 qui
1625 2988 1729 3059 sint
1760 3002 1823 3042 ex

296 3075 488 3129 lsraele
536 3075 825 3130 secundum
857 3089 1093 3138 carnem,
1126 3076 1457 3145 perspicuum
1490 3086 1572 3131 est
1610 3092 1703 3133 eos
1732 3079 1823 3148 qui

297 3180 363 3219 cx
402 3165 646 3233 gentibus
691 3165 869 3220 divino
913 3166 1246 3219 adhmserunt
1288 3167 1476 3231 verbo,
1506 3170 1825 3224 constituere

298 3249 388 3304 illa
413 3260 623 3305 centum
653 3251 997 3320 quadraginta
1024 3252 1074 3321 3
1100 3263 1325 3320 quatuor
1346 3254 1503 3306 millia
1531 3269 1713 3308 eorum
1735 3257 1825 3324 qui

298 3352 418 3391 cum
464 3339 773 3393 mulieribus
823 3354 927 3392 non
978 3351 1102 3393 sunt
1134 3341 1496 3408 coinquinati;
1537 3343 1670 3395 adeo
1700 3351 1758 3395 ut
1794 3358 1824 3395 a

298 3426 523 3479 veritate
555 3440 659 3480 non
704 3425 917 3480 aberret
947 3426 1037 3494 qui
1084 3426 1212 3479 dicit
1262 3427 1523 3493 primitias
1572 3429 1827 3495 cujusque

302 3505 472 3568 tribus
500 3527 619 3567 esse
644 3513 876 3582 virgines
903 3514 1090 3581 ipsius.
1118 3513 1249 3568 Nam
1280 3517 1617 3583 subiungitur
1641 3518 1683 3548 ¹²
1712 3534 1725 3568 :
1754 3516 1826 3569 Hi

299 3602 451 3668 empti
474 3609 593 3653 sunt
628 3616 692 3655 ex
712 3601 1003 3655 hominibus
1032 3602 1274 3670 primitiae
1307 3603 1428 3665 Deo,
1454 3615 1497 3657 et
1514 3605 1679 3673 Agna,
1698 3616 1744 3657 et
1772 3607 1824 3658 in

302 3705 389 3742 ore
410 3704 585 3743 eorum
615 3705 715 3743 non
740 3697 815 3742 est
835 3690 1091 3743 inventum
1122 3692 1443 3743 mendacium
1468 3707 1488 3754 ;
1516 3692 1829 3759 irreprelten-

300 3776 471 3831 cibiles
502 3792 635 3830 emm
676 3786 814 3833 sunt.
841 3776 955 3830 Non
985 3785 1069 3831 est
1104 3787 1279 3832 autem
1323 3779 1689 3846 ignorandum,
1713 3794 1828 3833 ser-

302 3878 507 3919 monem
532 3864 599 3919 de
624 3875 832 3919 centum
852 3865 1197 3935 quadraginta
1223 3875 1449 3933 quatuor
1469 3867 1696 3922 millibus
1725 3869 1829 3923 vir-

302 3955 479 4019 ginum
524 3955 863 4023 anagogicam
907 3954 1397 4021 interpretationem
1438 3956 1699 4022 recipere;
1739 3971 1831 4009 su-

300 4040 558 4109 perﬂuum
587 4057 713 4095 vero
740 4056 904 4103 nunc,
932 4052 1093 4109 atque
1119 4041 1184 4093 ab
1209 4040 1448 4092 instituta
1474 4040 1829 4106 disputatione

302 4130 532 4184 alienum
558 4137 660 4191 est,
685 4129 1056 4197 prophetarum
1078 4127 1377 4182 testimonia
1400 4141 1683 4195 apponere,
1711 4139 1829 4195 quae

304 4220 440 4276 idem
466 4220 534 4273 de
568 4219 633 4273 iis
662 4218 755 4288 qui
781 4232 845 4272 ex
873 4217 1114 4286 gentibus
1134 4216 1474 4271 crediderunt
1498 4229 1594 4270 nos
1617 4217 1826 4272 docent.

371 4310 427 4361 5.
457 4295 601 4371 Quid
625 4316 796 4360 autem
852 4306 962 4360 haec
996 4306 1173 4359 omnia
1215 4304 1315 4359 sibi
1347 4304 1530 4367 velint,
1565 4305 1709 4359 dices
1729 4344 1745 4368 ,
1775 4307 1828 4359 in

304 4396 419 4449 inec
461 4395 660 4461 scripta
697 4393 956 4457 incidens,
986 4406 1020 4446 ο
1060 4393 1327 4456 Ambrosi,
1360 4408 1483 4447 vero
1525 4395 1685 4449 homo
1717 4397 1827 4462 Dei,

305 4493 358 4539 et
377 4486 535 4537 homo
562 4483 617 4536 in
647 4481 882 4545 Christo,
908 4491 963 4536 et
991 4483 1080 4550 qui
1114 4497 1209 4549 pro
1233 4482 1374 4536 virili
1402 4485 1675 4539 contendis
1715 4500 1833 4540 esse

304 4567 616 4638 spiritualis,
644 4582 741 4623 nec
783 4567 1005 4637 amplius
1039 4568 1217 4624 homo.
1245 4567 1349 4623 Alii
1382 4570 1593 4639 quidem
1626 4581 1832 4626 suntex

369 4701 416 4736 ⁸¹
441 4703 605 4772 Apoc.
628 4718 721 4766 vn,
741 4701 795 4769 3,
825 4704 907 4757 4..
951 4706 1178 4773 "Apoc.
1202 4720 1312 4767 xxv,
1343 4704 1399 4767 4,
1433 4704 1486 4758 5.

374 4838 450 4909 (5)
470 4838 750 4894 Ferrarius
792 4838 1053 4909 interpres
1078 4845 1197 4905 post
1243 4838 1356 4909 banc
1394 4834 1565 4909 _verba
1613 4834 1827 4909 ἄμωμοι

304 4904 413 4976 γάρ
432 4904 587 4971 εἰσιν,
619 4921 747 4976 (ιυαῖ
765 4904 1058 4976 νενιίιίεξιιε
1082 4904 1287 4976 macula
1323 4905 1458 4956 enim
1487 4911 1626 4976 sunt,
1659 4904 1827 4967 addit,

310 4970 428 5027 anis
449 4970 688 5027 thronum
717 4973 833 5035 Dei,
856 4973 994 5040 quod
1016 4971 1069 5025 in
1096 4972 1291 5040 nostris
1325 4986 1450 5024 mss.
1474 4970 1822 5040 desideratur.

378 5040 656 5159 (6hCodd.
685 5037 1007 5120 BaOrber'inus
1033 5048 1087 5092 et
1115 5038 1429 5092 Bodleianus
1471 5037 1832 5107 ἐσφραγισμέ-

378 5125 408 5159 ι.
487 5118 660 5159 uellus
688 5107 851 5159 edtdtt
877 5105 1341 5159 ἐσφραγισμένων.

307 5105 660 5178 vct,lluetius
688 5107 851 5178 edidit
877 5105 1341 5178 εσφραγισμένων.

353 5175 742 5259 lnterpres
773 5171 992 5240 legebat
1021 5171 1115 5229 καὶ
1149 5171 1230 5226 ’τὸ
1282 5174 1447 5243 ὄνομα
1500 5171 1589 5224 τοῦ
1625 5172 1832 5243 Πατρὸς

308 5257 993 5429 ζζηζξῖἑῗὲιξμολυνθέντεθ
1026 5309 1333 5381 Legenda!!!
1366 5308 1577 5363 videtur
1618 5309 1678 5363 οὐ
1741 5323 1833 5375 μο-

612 5446 673 5496 τὸ
696 5444 875 5513 ὄνομα
895 5444 995 5499 τοῦ
1026 5416 1250 5510 Πατρὸς
1276 5442 1479 5497 αὐτοῦ.
1508 5440 1657 5510 Apud
1693 5440 1831 5495 Huc-

1923 2988 2297 3051 πιστευόντων,
2330 2986 2459 3056 μηδὲ
2509 2986 2598 3039 τὸν
2628 2986 2734 3038 τῶν
2770 2987 2882 3054 ρμδ¹
2914 2984 3166 3053 χιλιάδων
3215 2986 3534 3057 ἀριθμόν

1921 3078 2095 3148 δῆλον,
2122 3078 2202 3130 ὅτι
2234 3079 2295 3129 ὲκ
2318 3076 2422 3129 τῶν
2449 3076 2552 3128 άπὸ
2586 3075 2691 3129 τῶν
2726 3075 2891 3127 ἐθνῶν
2912 3073 2987 3143 τῷ
3014 3073 3143 3143 θείῳ
3169 3092 3358 3145 προσε
3370 3094 3539 3147 ρχο.

1926 3167 2097 3236 μένων
2120 3166 2258 3235 λόγῳ
2286 3165 2619 3217 συνίστανται
2642 3165 2696 3215 αἱ
2727 3163 2840 3233 ρμδ¹
2860 3162 3090 3231 χιλιάδες
3124 3164 3273 3231 μετὰ
3295 3181 3543 3231 γυναι.

1925 3253 2032 3306 κῶν
2063 3255 2122 3305 οὐ
2159 3253 2540 3322 μολυνομένων·
2586 3251 2723 3302 ὥστε
2770 3250 2844 3320 μὴ
2889 3252 2980 3318 ὲᾷν
3024 3250 3342 3304 ἀποπεσεῖν
3390 3256 3450 3324 (1
3470 3257 3541 3325 1)

1921 3342 2018 3410 τῆς
2045 3340 2292 3409 ἀληθείας
2335 3341 2424 3392 τὸν
2449 3339 2724 3416 ’φάσκοντα
2768 3336 3014 3406 ἀπαρχὴν
3058 3337 3314 3408 ἑκάστης
3351 3338 3541 3398 εἶναι

1925 3431 2092 3499 φυλῆς
2127 3432 2249 3492 τοὺς
2280 3429 2575 3500 παρθένους
2605 3428 2788 3497 αὐτῆς.
2826 3428 2933 3479 Καὶ
2972 3425 3080 3495 γὰρ
3126 3427 3539 3499 ὲιειῑῐιφιὲρεται⁸

1928 3516 2094 3573 Οὗτοι
2135 3518 2553 3586 ἠγοράσθησαν
2579 3515 2692 3568 ἀπὸ
2720 3513 2835 3567 τῶν
2873 3511 3202 3579 ἀνθρώπων
3236 3517 3537 3589 ἀπαρχὴ

1923 3607 2002 3673 τῷ
2038 3606 2156 3670 Θεῷ
2184 3608 2277 3660 καὶ
2305 3605 2384 3670 τῷ
2423 3606 2636 3672 Ἆρνίῳ,
2663 3603 2757 3656 καὶ
2786 3604 2853 3654 ἐν
2874 3602 2950 3666 τῷ
2983 3603 3241 3669 στόματι
3287 3609 3544 3664 αὐτῶν

1924 3699 2033 3764 οὐχ
2056 3696 2260 3762 εὑρέθη
2277 3694 2514 3761 ψεῦδος-ι
2547 3694 2765 3763 ἄμωμοι
2792 3692 2900 3760 γάρ
2928 3694 3101 3744 εἰσιν.
3130 3694 3254 3745 Οὐκ
3289 3695 3543 3770 ἀγνοη-

1923 3785 2039 3837 τέον
2063 3784 2137 3846 δὲ,
2164 3783 2242 3835 ὅτι
2269 3784 2296 3832 ὁ
2324 3781 2573 3853 περὶτῶν
2602 3781 2718 3851 ρμδ
2734 3780 2977 3849 χιλιάδων
3004 3778 3304 3847 παρθένων
3329 3781 3539 3851 λόγος

1925 3873 2222 3941 ἐπιδέχεται
2265 3872 2568 3941 ἀναγωγήν·
2609 3870 2856 3941 περιττὸν
2893 3868 2947 3920 δὲ
2974 3867 3067 3920 νῦν
3094 3868 3196 3920 καὶ
3238 3869 3304 3922 οὐ
3349 3875 3537 3930 κατὰ

1924 3962 2014 4013 τὸν
2060 3960 2404 4029 προκείμενον
2429 3959 2582 4026 λόγον
2608 3959 2669 4011 τὸ
2701 3955 3087 4027 παρατίθεσθαι
3116 3955 3303 4020 λέξεις
3350 3976 3533 4031 προ-

1926 4048 2154 4119 φητικὰς
2205 4047 2394 4100 ταυτὸν
2433 4048 2557 4117 περὶ
2589 4046 2693 4100 τῶν
2726 4045 2782 4110 ἐξ
2815 4044 2980 4098 ἐθνῶν
3010 4044 3161 4112 ἡμᾶς
3199 4044 3539 4104 διδασκού-

1932 4156 2047 4203 σας.

2002 4319 2053 4371 5.
2087 4317 2150 4369 Ti
2196 4316 2252 4368 δὲ
2291 4316 2460 4368 πάντα
2506 4312 2681 4366 ’ταῦτα
2721 4312 2849 4380 ἡμῖν
2898 4308 3141 4378 βούλεται
3172 4309 3321 4381 (12),
3352 4314 3537 4383 ἐρεῖς

1934 4404 2261 4472 ἐντυγχάνων
2285 4405 2394 4464 τοῖς
2410 4400 2741 4471 γράμμασιν,
2779 4396 3079 4467 Ἀμϐρόσιε,
3108 4397 3344 4466 άληθῶς
3361 4400 3533 4461 Θεοῦ

1934 4491 2178 4562 ἄνθρωπε
2207 4492 2299 4544 καὶ
2335 4494 2391 4544 ὲν
2418 4488 2632 4560 Χριστῷ
2658 4487 2902 4557 ἄνθρωπε
2932 4483 3065 4554 (15),
3100 4486 3203 4538 καὶ
3240 4490 3533 4551 σπεύδων

1935 4577 2071 4634 εἶναι
2109 4580 2479 4650 πνευματικὸς,
2500 4578 2677 4632 οὐκέτι
2711 4576 3004 4646 ἅνθρωπος·
3036 4574 3085 4624 οἱ
3110 4574 3217 4642 μὲν
3244 4577 3364 4632 ἀπὸ
3392 4585 3533 4641 τῶν

1930 4836 2065 4916 tium
2096 4837 2245 4889 deest
2268 4834 2328 4887 τὸ
2355 4834 2542 4901 ὄνομα,
2571 4831 2663 4886 sed
2695 4829 2994 4886 restituitur
3014 4844 3080 4884 ex
3127 4835 3336 4895 codice
3361 4842 3530 4902 Bar-

1932 4905 2318 5036 beagqbodex
2350 4968 2692 5036 Barbprimm’
2714 4964 3140 5036 ἐμπληροῦσθαι.

2032 5033 2111 5108 11)
2135 5038 2309 5116 "gate
2330 5037 2415 5106 μὴ
2434 5035 2541 5102 ὲᾷν
2564 5033 2907 5089 ἀποπεσεῖνζ
2937 5033 3081 5102 Lego
3122 5034 3278 5093 ὥστε
3322 5044 3408 5116 μὴ
3442 5049 3527 5106 ἂν

1934 5107 2247 5160 ἀποπεσεῖν.
3323 5107 3337 5113 ⁷

2004 5173 2114 5238 (12)
2138 5172 2313 5226 Codex
2343 5170 2653 5238 Bodleianus
2677 5171 2849 5224 πάντα
2879 5168 3046 5222 ταῦτα
3080 5167 3369 5238 βοῦλεται.

2028 5174 2093 5226 12
2138 5173 2313 5226 Codex
2343 5173 2653 5225 Bodleianus
2677 5173 2849 5224 πάντα
2879 5173 3046 5222 ταῦτα
3080 5173 3369 5238 βούλεται,

2004 5173 2117 5310 ltiti
2144 5239 2248 5310 Καὶ
2270 5237 2585 5310 ἑτξΧραττῷ
2610 5238 3228 5310 ἀζθρωπεειιεεεηιιμω
3256 5248 3498 5308 Videtur

1939 5294 2032 5361 καὶ
2060 5294 2361 5377 ὲνᾲΧριστῷ
2394 5294 2603 5377 aestui.
2645 5294 2732 5377 ξ’ιῖ
2749 5308 2803 5358 in
2853 5294 3056 5358 (ΙΙιτὶἰὶο
3110 5294 3523 5377 [ναιεῆῇῆξξ

3110 5306 3313 5372 frater.
3374 5306 3521 5377 ιιάὶ

1936 5377 2097 5432 etiam
2135 5374 2253 5445 lego
2282 5395 2295 5431 :
2332 5374 2425 5430 ὀιαὶ
2449 5374 2626 5429 οὐκέτι
2647 5374 2944 5445 ἄνθρωπος.
