3848 6190
549 298 609 351 51
1963 288 2116 344 OBIG
2126 289 2275 346 ENIS

550 382 806 463 uiuimus.
836 408 1140 462 Audeamus
1168 404 1331 474 igitur
1355 404 1533 461 dicere
1558 405 1819 475 primitias
1839 406 2069 474 Scripta

2059 435 2078 446 -
2107 410 2153 464 Α
2174 404 2299 472 μὴν
2339 407 2372 457 d
2403 406 2617 469 καλός-
2658 405 2749 458 καὶ
2782 404 2839 456 ἐν
2885 404 2949 473 τῇ
2995 398 3385 467 ’Δποκαλύψειο
3426 393 3574 464 Ἐγώ

553 511 730 553 rarum
780 496 1013 550 omnium
1063 492 1401 560 Evangelium
1451 507 1621 559 esse;
1677 493 2084 563 Evangeliorum

550 597 681 638 vero
703 583 986 652 primitias,
1012 581 1360 651 Evangelium
1391 597 1418 634 a
1446 580 1651 636 Joanne
1682 583 1932 637 traditum
1956 600 1971 649 ;
2000 598 2088 636 cu-

552 675 636 743 ius
678 687 888 727 sensum
938 672 1215 739 percipere
1248 687 1402 726 nemo
1435 680 1629 738 potest,
1670 672 1771 725 nisi
1805 672 1893 739 qui
1927 686 2083 738 supra

552 773 734 830 pectus
752 761 874 815 Jesu
902 762 1225 824 recubuerit,
1250 762 1329 814 vel
1354 763 1617 828 acceperit
1640 778 1666 813 a
1692 761 1815 815 Jesu
1842 762 2084 825 Mariam,

552 867 669 919 qua:
697 852 856 903 etiam
891 850 1053 917 ipsius
1080 859 1246 903 mater
1278 850 1406 913 ﬁati
1433 850 1564 903 adeo
1596 851 1749 904 talem
1775 861 2086 919 tantumque

552 951 671 990 esse
714 951 929 990 necesse
960 946 1071 997 est,
1102 937 1191 1004 qui
1233 935 1462 992 Joannes
1488 938 1624 992 alius
1656 939 1721 991 sit
1767 938 1996 1004 futurus,
2031 948 2090 993 ut

549 1025 997 1092 quemadmodum
1021 1023 1275 1090 Joannes,
1306 1026 1489 1078 itidem
1512 1027 1670 1080 etiam
1700 1036 1756 1078 et
1783 1026 1881 1080 iste
1910 1041 1938 1078 a
1962 1025 2085 1081 Jesu

551 1111 706 1165 Jesus
728 1112 987 1166 exsistere
1009 1114 1340 1166 ostendatur.
1366 1112 1495 1166 Nam
1519 1114 1563 1165 si
1598 1114 1772 1168 nullus
1797 1096 1878 1168 est
1907 1115 2089 1170 Mariae

554 1201 732 1264 ﬁlius,
773 1202 975 1269 judicio
1001 1216 1185 1255 eorum
1221 1204 1311 1270 qui
1354 1202 1420 1255 de
1466 1204 1580 1270 ipsa
1612 1217 1741 1256 sane
1788 1214 2086 1268 senserunt,

554 1300 901 1356 praeterquam
926 1289 1078 1343 Jcsns
1100 1306 1114 1344 :
1139 1291 1369 1357 dicitque
1395 1288 1546 1343 Jesus
1573 1278 1758 1343 matri:
1791 1290 1923 1343 Ecce
1944 1293 2087 1358 ﬁlius

554 1386 671 1429 tuus
705 1378 769 1441 δ’,
802 1386 854 1431 et
882 1393 1007 1444 non,
1039 1395 1164 1437 ecce
1190 1382 1348 1433 etiam
1386 1379 1468 1431 hic
1498 1389 1579 1433 est
1613 1380 1749 1433 ﬁlius
1780 1391 1936 1433 tuus:
1966 1397 2084 1449 per-

554 1462 677 1515 inde
717 1468 817 1527 εει,
847 1478 908 1516 ac
959 1464 1003 1516 si
1056 1465 1313 1518 dixisset:
1347 1465 1480 1517 Ecce
1507 1464 1592 1517 hic
1623 1475 1699 1516 est
1726 1463 1888 1518 'Jesus
1928 1479 2087 1531 quem

556 1547 805 1611 genuisti.
846 1532 1057 1601 'Etenim
1106 1550 1348 1617 quisquis
1377 1549 1639 1617 perlectus
1667 1561 1784 1612 est,
1834 1565 1934 1602 non
1972 1566 2088 1602 am-

557 1634 692 1701 plius
720 1637 848 1688 vivit
880 1639 1012 1704 ipse,
1039 1639 1131 1690 sed
1167 1638 1217 1690 in
1256 1638 1367 1705 ipso
1400 1639 1528 1690 vivit
1560 1638 1801 1692 Christus
1827 1639 1891 1692 δθ.
1921 1638 2081 1692 Cum-

2182 495 2317 547 τὸΑ
2357 495 2453 547 καὶ
2499 495 2562 547 τὸ
2596 498 2661 556 Ω,
2702 495 2740 560 ἡ
2769 492 2920 560 ἀρχὴ
2961 492 3059 544 καί
3092 491 3158 543 τὸ
3197 489 3386 551 τέλος·
3430 489 3465 538 ὁ
3506 501 3578 551 πρ

2183 583 2281 636 καί
2331 585 2364 637 ὁ
2411 582 2683 650 ἔσχατος.
2740 582 3044 652 Τολμητέον
3099 579 3278 631 τοίνυν
3335 578 3513 628 εἰπεῖν
3563 575 3578 626 ἐ

2182 673 2283 741 χὴν
2331 671 2430 740 μὲν
2468 672 2653 724 πασῶν
2684 670 2908 740 Γραφῶν
2960 666 3097 722 εἶναι
3153 667 3223 719 τά
3246 664 3578 731 Εύαγγέλια,

2182 759 2238 811 δὲ
2288 760 2621 826 Εὐαγγελίων
2668 759 2913 828 ἀπαρχὴν
2942 758 3004 810 τὸ
3046 756 3186 810 κατὰ
3228 754 3504 821 Ἰωάννην
3545 749 3578 802 ο⁷

2183 848 2304 901 νοῦν
2358 849 2525 910 οὐδεὶς
2571 848 2789 903 δύναται
2840 847 3019 899 λαϐεῖν
3076 847 3150 915 μὴ
3206 842 3497 898 ἀναπεσὼν
3543 843 3577 891 ἐκ

2186 937 2375 1006 στῆθος
2422 939 2613 1006 Ἰησοῦ,
2647 938 2780 1008 μηδὲ
2811 937 2987 989 λαϐὼν
3029 935 3136 989 ἀπὸ
3180 933 3355 1003 Ἰησοῦ
3385 931 3487 1000 τὴν
3514 931 3572 983 Μ

2183 1027 2465 1095 γινομένην
2528 1026 2621 1080 καὶ
2671 1025 2833 1079 αὐτοῦ
2892 1024 3116 1095 μητέρα*
3167 1023 3262 1074 καὶ
3315 1017 3577 1088 τηλικοῦτ

2184 1114 2431 1181 γενέσθαι
2481 1115 2562 1167 δεῖ
2613 1116 2704 1168 τὸν
2755 1114 3006 1182 ἐσόμενον
3053 1111 3209 1164 ἄλλον
3274 1108 3549 1176 Ἰωάννην,

2183 1203 2341 1255 οἱονεί¹
2393 1202 2481 1257 τὸν
2545 1204 2790 1272 Ἰωάννην
2851 1199 3122 1268 δειχθῆναι
3178 1197 3309 1251 ὄντα
3375 1193 3578 1263 Ἰησοῦν

2196 1290 2386 1359 Ἰησοῦ.
2422 1292 2484 1342 Ei
2514 1290 2620 1359 γὰρ
2646 1290 2817 1351 οὐδεὶς
2848 1289 2957 1349 υἱὸς
2986 1286 3221 1355 Μαρίας,
3253 1283 3394 1336 κατὰ
3421 1282 3550 1342 τοὺς
3576 1300 3577 1305 η

2184 1381 2308 1448 περὶ
2341 1379 2506 1445 αὐτῆς
2541 1376 2854 1442 δοξάζοντας
2884 1376 3014 1445 (52),
3050 1375 3082 1443 ἢ
3120 1371 3348 1442 Ἰησοῦς,
3376 1372 3511 1440 φησὶ
3538 1370 3578 1421 δί

2185 1468 2307 1529 σοῦς
2342 1466 2630 1536 τῇμητρίθ
2675 1465 2785 1518 Ἴδε
2810 1468 2842 1517 ὁ
2873 1467 3007 1528 υἱός
3032 1480 3166 1524 σου,
3197 1462 3288 1514 καὶ
3314 1461 3434 1529 ούχί
3454 1477 3469 1490 ο
3510 1459 3578 1512 Ἴὶ

2182 1549 2334 1617 οὗτος
2382 1555 2492 1616 υἱός
2546 1570 2636 1606 σου
2657 1570 2670 1583 ·
2714 1554 2825 1607 ἴσον
2869 1552 3054 1623 εἴρηκε
3093 1550 3191 1621 τῷ·
3242 1551 3348 1603 Ἴδε
3392 1545 3550 1611 οὗτός

2198 1644 2398 1715 Ἰησοῦς
2442 1644 2499 1697 ὃν
2525 1644 2832 1713 ἐγέννησας.
2860 1643 2966 1695 Καὶ
2998 1643 3104 1712 γάρ
3132 1644 3239 1703 πᾶς
3266 1642 3295 1692 ὁ
3326 1640 3578 1693 τετελειω

556 1737 660 1789 que
698 1725 747 1775 in
798 1725 909 1792 ipso
956 1726 1097 1776 vivat
1129 1725 1392 1788 Christus,
1435 1728 1630 1780 dicitur
1661 1730 1724 1781 de
1769 1743 1832 1782 eo
1865 1729 2075 1783 Maria}:

2031 1747 2042 1782 ι
2069 1748 2084 1783 :
2117 1716 2159 1770 Β
2188 1732 2251 1802 ζῇ
2282 1734 2479 1795 οὐκέτι,
2504 1732 2616 1785 ἀλλ’
2647 1733 2703 1783 ἐν
2735 1730 2881 1800 αὐτῷ
2913 1731 2976 1799 ζῇ
3007 1731 3258 1799 Χριστόςο
3298 1729 3395 1782 καὶ
3428 1728 3550 1780 ἐπεὶ

559 1808 863 1865 Εοεέίιῖιίιιε
892 1822 1016 1867 tuus
1043 1814 1302 1867 Christus.
1347 1814 1482 1879 Quid
1512 1829 1638 1884 ergo
1674 1817 1865 1871 attinet
1913 1819 2091 1873 dicere

557 1910 755 1965 quanta
787 1902 939 1954 nobis
968 1916 1100 1969 opus
1129 1903 1199 1955 sit
1225 1911 1400 1956 mente
1433 1912 1491 1956 ut
1520 1904 1571 1957 in
1603 1906 1852 1959 testaceis
1875 1906 2094 1974 abjecue

560 1987 749 2042 littera:
783 1990 1047 2043 thesauris
1083 1990 1409 2043 reconditum
1445 1992 1659 2045 verbum
1704 1993 1861 2061 digne
1909 1994 2091 2048 valea-

560 2090 678 2128 mus
722 2077 1093 2143 interpretari,
1142 2079 1436 2145 praisertim
1465 2078 1586 2133 cum
1616 2080 1791 2135 littera
1832 2085 2028 2151 passim
2060 2100 2092 2138 a

560 2163 834 2231 quibusvis
868 2165 1071 2232 legatur
1094 2204 1109 2229 ,
1142 2167 1470 2233 verbumque
1498 2183 1592 2235 per
1618 2185 1801 2224 vocem
1842 2175 2094 2228 sensibile

560 2249 802 2301 audiatur
842 2250 909 2303 ab
940 2251 1183 2305 omnibus
1216 2253 1305 2320 qui
1354 2254 1403 2321 7
1449 2256 1684 2307 auditum
1711 2258 1949 2324 praebent
1973 2273 2093 2312 cor-

559 2336 843 2403 poralem?
876 2338 974 2402 Qui
1026 2340 1166 2391 enim
1220 2347 1470 2394 accurate
1506 2343 1935 2410 apprehensurus
1987 2346 2090 2408 sit,

558 2438 684 2478 vere
732 2427 774 2478 is
818 2426 958 2479 dicat
998 2438 1246 2494 Oportet:
1297 2429 1411 2483 Nos
1451 2439 1620 2482 autent
1654 2431 1846 2486 Christi
1886 2450 2092 2488 sensum

498 2582 507 2589 .
560 2514 821 2579 habemus,
853 2524 908 2568 ut
934 2517 1156 2569 sciamus
1177 2533 1290 2584 qua:
1317 2535 1348 2570 a
1377 2518 1479 2571 Deo
1507 2520 1697 2572 donata
1724 2531 1842 2575 sunt
1865 2524 2093 2576 nobis“.

563 2599 712 2665 Quod
744 2616 870 2655 vero
898 2618 1055 2656 ouzne
1084 2602 1480 2659 Testamentum
1511 2606 1712 2661 Novum
1744 2611 1816 2663 sit
1852 2609 2096 2680 Evange-

562 2688 712 2748 lium,
768 2691 955 2745 adduci
995 2707 1276 2754 possumus
1305 2694 1369 2746 ad
1415 2698 1733 2750 credendum
1758 2714 1822 2752 ex
1871 2700 1955 2753 his
1979 2716 2098 2768 qua:

563 2775 754 2830 Paulus
783 2779 932 2842 dicit,
963 2780 1174 2846 quando
1223 2783 1414 2837 alicubi
1446 2786 1491 2816 η
1514 2787 1748 2851 scribit:
1800 2788 2094 2842 Secundum

563 2862 901 2933 Eeangelium
932 2884 1120 2923 meum.
1153 2870 1293 2924 Inter
1329 2874 1525 2941 scripta
1554 2868 1695 2928 enim
1728 2877 1879 2929 Pauli
1919 2880 2095 2933 nullus

2188 1820 2332 1888 αύτῷ
2361 1820 2606 1888 Χριστὸς,
2639 1818 2849 1886 λέγεται
2875 1818 2999 1888 περὶ
3028 1816 3187 1869 αὐτοῦ
3212 1820 3279 1886 τῇ
3314 1816 3506 1887 Μαρία
3528 1833 3541 1845 ·

2189 1912 2299 1972 υἱός
2328 1927 2416 1962 σου
2447 1911 2474 1961 ὁ
2502 1908 2748 1978 Χριστός.
2788 1907 2998 1959 Ἠλίκου
3025 1906 3201 1958 τοίνυν
3227 1905 3318 1958 νοῦ
3353 1907 3487 1975 ἡμῖν
3518 1906 3573 1957 δε

2189 1998 2275 2050 τὸν
2303 2000 2359 2050 ἐν
2396 2000 2505 2059 τοῖς
2532 1996 2866 2065 ὀστρακίνοις
2895 1995 2994 2063 τῆς
3034 1993 3280 2055 εὐτελοῦς
3311 1993 3510 2055 λέξεως
3541 1994 3578 2043 θ⁴

2192 2089 2302 2158 ροῖς
2343 2086 2756 2153 ἐναποκείμενον
2799 2084 2952 2150 λόγον
2980 2083 3089 2151 (55)
3115 2083 3209 2135 τοῦ
3246 2082 3351 2134 ὑπὸ
3378 2082 3578 2134 πάντω·

2190 2176 2616 2243 ἐντυγχανόντων
2676 2173 3177 2242 ἀναγινωσκομένου
3234 2173 3578 2244 γράμματος,

2191 2265 2295 2318 ὑπὸ
2331 2266 2544 2318 πάντων
2585 2264 2689 2316 τῶν
2718 2264 3057 2334 παρεχόντων
3087 2264 3184 2320 τὰς
3218 2261 3538 2331 σωματικάς
3575 2290 3578 2305 ι

2193 2355 2541 2423 άκουομένου,
2558 2353 2811 2422 αἰσθητοῦ
2833 2353 2919 2405 διὰ
2941 2353 3120 2421 φωνῆς
3141 2353 3321 2419 λόγου,
3347 2351 3578 2404 ἐκλαϐεἴ·

2191 2444 2342 2507 ἀξίαν
2368 2442 2696 2512 δυνηθῶμεν,
2716 2442 2766 2493 τί
2787 2442 2867 2493 δεῖ
2887 2442 2979 2494 καὶ
2991 2441 3165 2508 λέγειν
3185 2456 3200 2504 ;
3229 2440 3331 2492 Τὸν
3351 2440 3464 2509 γὰρ
3484 2440 3578 2509 μέλ

2192 2533 2360 2584 ταῦτα
2388 2532 2627 2601 ἀκριϐῶς
2652 2531 3082 2600 καταλαμϐάνειν
3112 2530 3247 2599 μετά
3274 2529 3537 2599 ἀληθείας
3569 2546 3578 2579 ι

2191 2621 2286 2674 δεῖ·
2329 2620 2515 2688 Ἡμεῖς
2542 2620 2610 2672 δὲ
2633 2620 2781 2673 νοῦν
2821 2619 3073 2686 Χριστοῦ
3102 2618 3336 2686 ἔχομεν,
3367 2619 3469 2671 ἵνα
3499 2618 3578 2670 εὶὲ

2194 2710 2262 2761 τὰ
2280 2710 2393 2762 ὑπὸ
2422 2708 2523 2761 τοῦ
2548 2706 2692 2761 Θεοῦ
2724 2706 3074 2774 χαρισθέντα
3104 2706 3264 2774 ἡμῖν.
3302 2707 3464 2757 Ἐστι
3497 2706 3554 2757 δὲ

2193 2797 2419 2866 αχθῆναι
2463 2796 2568 2848 ἀπὸ
2608 2796 2712 2848 τῶν
2756 2796 2859 2848 ὑπὸ
2891 2795 3098 2846 Παύλου
3140 2794 3446 2863 λεγομένων
3493 2810 3578 2864 πεί

2195 2889 2370 2939 πᾶσαν
2395 2887 2491 2955 τὴν
2517 2886 2718 2954 Καινὴν
2748 2882 2880 2937 εἶναι
2905 2885 2971 2937 τά
2995 2884 3296 2951 Εύαγγέλια
3322 2883 3459 2953 (54),
3491 2884 3578 2935 δτα

562 2964 736 3009 exstat
760 2956 894 3009 liber
918 2960 1005 3025 qui
1030 2960 1204 3011 vocari
1233 2961 1568 3030 Evangelium
1597 2970 1958 3022 consueverit.
1990 2971 2081 3023 Set

568 3044 780 3066 Α---ξ,1...-ε
804 3045 816 3066 ι
848 3046 925 3066 --ΑΙ
980 3062 1082 3066 ..μ--
1107 3048 1201 3066 19c-
1253 3048 1285 3066 θ.
1388 3051 1401 3066 ι
1454 3053 1484 3066 ι·
1531 3053 1562 3066 ο.
1661 3063 1668 3066 .
1709 3055 1746 3066 n
1923 3057 1955 3066 ..

2064 2973 2093 3023 d
2120 3010 2163 3066 C
2194 2976 2407 3045 γράφῃδ
2455 2974 2612 3027 Κατὰ
2663 2975 2725 3025 τὸ
2774 2973 3133 3041 Εὐαγγέλιόεν
3174 2975 3411 3066 ﬂow-sv
3455 2972 3577 3041 γρά)

565 3044 818 3112 quidquid
848 3046 951 3125 vel,
979 3048 1291 3114 praedicavit
1322 3051 1404 3103 vel
1436 3053 1568 3105 dixit
1596 3063 1676 3106 est
1707 3055 2048 3124 Evangelium
2077 3077 2092 3125 ;

562 3147 680 3200 quae
710 3149 834 3190 vero
866 3124 1176 3203 praedicavit
1200 3148 1255 3191 et
1281 3141 1451 3201 dixit,
1483 3142 1597 3195 haec
1628 3144 1789 3197 etiam
1838 3149 2051 3214 scripsit

563 3235 690 3291 ergo
710 3238 775 3276 ex
795 3223 879 3277 his
896 3225 1160 3294 colligitur
1182 3228 1347 3293 ipsius
1367 3231 1565 3296 scripta
1590 3232 1927 3302 Evangelium
1954 3254 2092 3294 esse.

565 3309 716 3374 Quod
767 3313 809 3365 si
859 3311 1008 3366 Pauli
1047 3316 1241 3381 scripta
1281 3326 1405 3369 sunt
1438 3318 1783 3389 Evangelium
1811 3365 1824 3386 ,
1861 3329 2096 3391 profecto

565 3396 702 3449 idem
734 3403 1165 3456 ccnsendumest
1210 3405 1275 3457 de
1308 3404 1447 3459 Petri
1475 3408 1633 3461 etiam
1669 3413 1919 3478 scriptis;
1952 3425 2006 3470 et
2036 3428 2093 3469 ut

567 3487 620 3539 in
674 3489 980 3542 universum
1028 3490 1252 3558 loquar,
1290 3495 1467 3547 omnia
1513 3510 1631 3562 quae
1683 3499 1850 3565 ipsius
1896 3502 2094 3556 Christi

565 3578 883 3631 conﬁrmant
909 3582 1219 3645 adventum,
1245 3593 1296 3637 et
1314 3600 1431 3652 qute
1459 3587 1729 3642 stabiliunt
1760 3594 2094 3658 praesentiam

568 3662 708 3719 illius
730 3704 747 3730 ,
777 3680 998 3736 qumque
1030 3670 1285 3726 inducunt
1338 3676 1499 3742 ipsam
1535 3678 1587 3730 in
1635 3678 1846 3733 animos
1878 3682 2096 3747 cupien-

569 3755 699 3807 tium
732 3757 1002 3829 suscipere
1028 3760 1118 3813 Dei
1145 3777 1462 3829 sermonem,
1492 3777 1720 3822 stantem
1749 3785 1845 3835 pro
1872 3771 2092 3836 foribus,

566 3850 623 3894 et
650 3842 975 3913 pulsantem,
1008 3856 1061 3901 et
1097 3850 1303 3918 ingredi
1332 3852 1592 3908 volentem
1642 3856 1693 3908 in
1720 3859 1946 3921 animas,
1974 3868 2098 3912 sunt

568 3927 933 4000 Evangelium.

639 4020 691 4073 7.
722 4021 826 4075 Sed
862 4031 1066 4090 tempus
1087 4023 1197 4090 jam
1226 4034 1309 4080 est
1337 4029 1643 4082 accuratius
1667 4032 1946 4098 exquirere
1969 4032 2098 4100 quid

569 4123 672 4163 vox
697 4110 965 4177 Evangelii
1001 4114 1281 4183 signiﬁcet,
1310 4128 1363 4171 et
1388 4133 1550 4186 quare
1578 4121 1628 4172 hi
1657 4119 1775 4172 libri
1805 4121 2100 4187 inscriptio-

570 4214 688 4252 nem
735 4199 873 4253 hanc
915 4201 1165 4257 habeant.
1202 4205 1293 4257 Est
1332 4207 1494 4273 igitur
1536 4208 1875 4276 Evangelium
1920 4225 2097 4263 sermo

2196 3061 2302 3130 γάρ
2326 3061 2532 3113 Παύλου
2554 3062 2651 3113 οὐκ
2680 3061 2871 3130 ἔχομεν
2901 3060 3099 3129 βιϐλίον
3133 3058 3460 3125 Εὖαγγὲλιον
3490 3076 3578 3111 συκ.

2196 3149 2537 3216 καλούμενον.
2595 3148 2752 3200 Ἀλλά
2792 3150 2897 3198 πᾶν
2942 3147 2970 3197 ὃ
3013 3148 3279 3215 ἐκήρυσσε
3327 3146 3423 3197 καὶ
3465 3145 3578 3212 ἐλεγ

2196 3238 2517 3303 Εύαγγέλιον
2537 3232 2622 3305 ἦν·
2657 3236 2692 3288 ἃ.
2716 3236 2809 3287 καὶ
2838 3235 3103 3303 ἐκήρυσσε
3134 3234 3225 3284 καὶ
3243 3233 3418 3299 ἔλεγε,
3452 3231 3578 3285 ταῦπ

2195 3326 2426 3394 ἔγραφε·
2457 3325 2550 3376 καὶ
2585 3323 2620 3376 ἃ
2651 3323 2851 3392 ἔγραφε
2881 3324 2987 3391 ἄρα
3015 3322 3339 3388 Εὐαγγέλιον
3367 3318 3462 3391 ἦν.
3501 3324 3565 3373 Εἰ

2196 3414 2404 3467 Παύλου
2431 3412 2750 3480 Εύαγγέλιον
2781 3408 2868 3481 ἦν,
2901 3411 3186 3463 ἀκόλουθον
3212 3411 3415 3477 λέγειν,
3447 3412 3530 3463 ὅτι
3566 3429 3578 3462 ι

2197 3503 2398 3572 Πέτρου
2420 3502 2740 3568 Εύαγγέλιον
2763 3496 2850 3569 ἦν,
2871 3501 2964 3552 καὶ
2983 3498 3312 3564 ἁπαξαπλῶς
3336 3499 3407 3552 τά
3428 3516 3578 3551 συνισ

2194 3592 2290 3662 τὴν
2312 3590 2542 3663 Χριστοῦ
2560 3589 2868 3659 ἐπιδημίαν,
2889 3591 2981 3642 καὶ
2999 3586 3469 3650 κατασκευάζοντα
3490 3589 3578 3657 τὴκ

2195 3684 2376 3736 ουσίαν
2418 3680 2600 3745 αὑτοῦ,
2638 3679 2963 3749 ἐμποιοῦντά
2992 3696 3052 3731 τε
3081 3678 3245 3748 αὐτὴν
3270 3681 3392 3740 ταῖς
3415 3679 3578 3747 ψυχαῖ

2199 3772 2526 3842 βουλομένων
2550 3768 2946 3839 παραδέξασθαι
2967 3769 3055 3820 τὸν
3081 3767 3292 3837 ἑστῶτα
3312 3768 3405 3819 ἐπὶ
3429 3768 3528 3837 τὴν
3559 3768 3578 3819 ε

2196 3864 2288 3914 καὶ
2324 3860 2602 3930 κρούοντα,
2643 3858 2736 3910 καὶ
2761 3856 3017 3911 εἰσελθεῖν
3061 3856 3379 3926 βουλόμενον
3413 3858 3495 3921 εἰς
3523 3857 3578 3910 τὰ

2196 3950 2295 4020 χάς
2322 3948 2476 4013 λόγον
2507 3944 2658 3998 Θεοῦ.

2266 4036 2317 4086 7.
2352 4035 2415 4085 Τί
2445 4032 2501 4085 δὲ
2534 4031 2774 4100 βούλεται
2812 4031 3001 4101 δηλοῦν
3032 4033 3066 4102 ἡ
3103 4031 3436 4099 Εὐαγγέλιον
3475 4051 3578 4103 προ

2200 4123 2308 4194 ρία,
2343 4126 2434 4176 καὶ
2460 4121 2546 4174 διὰ
2572 4121 2623 4173 τί
2648 4120 2851 4190 ταύτην
2880 4120 2989 4189 ἔχει
3016 4120 3114 4191 τὴν
3136 4123 3448 4193 ἐπιγραφὴν
3480 4124 3578 4175 ταῦ

2200 4212 2391 4280 βιϐλία,
2427 4211 2523 4280 ήδη
2555 4212 2741 4281 καιρὸς
2776 4210 3045 4273 ἐξετάσαι.
3080 4213 3233 4263 Ἔστι
3264 4213 3446 4266 τοίνυν
3479 4215 3540 4265 τὸ

568 4286 660 4354 qui
691 4300 868 4340 rerum
898 4291 1140 4341 nuntium
1175 4293 1436 4356 continet,
1470 4310 1586 4362 quae
1614 4298 1753 4363 quod
1784 4297 1939 4350 utiles
1967 4299 2087 4360 sint,

2058 4309 2095 4360 Ι,
2129 4297 2171 4347 υ
2199 4296 2373 4362 γέλιον
2404 4295 2560 4361 λόγος
2586 4296 2850 4365 περιέχων
2873 4297 3209 4364 ἀπαγγελίαν
3236 4301 3577 4370 πραγμάτων

567 4373 683 4441 iure
708 4376 900 4429 merito
942 4376 1173 4430 lmtitiam
1210 4381 1422 4443 pariunt
1465 4386 1715 4448 auditori,
1751 4385 1907 4438 simul
1934 4397 2095 4453 atque

570 4464 639 4516 ab
675 4462 790 4530 ipso
815 4464 1045 4520 admissa
1075 4467 1273 4522 fuerint
1311 4487 1429 4539 quae
1460 4474 1794 4529 nuntiantur.
1827 4474 1936 4530 Nec
1970 4493 2096 4531 vero

570 4552 749 4606 minus
780 4554 898 4609 talis
919 4556 1091 4609 oratio
1119 4568 1200 4610 est
1227 4558 1567 4628 Evangelium
1589 4601 1604 4626 ,
1632 4565 1876 4629 quamvis
1903 4579 1967 4618 ex
1996 4565 2095 4618 ha-

571 4636 684 4692 bitu
712 4640 975 4696 audientis
1003 4645 1392 4710 perpendatur:
1423 4646 1526 4713 vel,
1556 4647 1894 4717 Evangelium
1923 4652 2097 4706 oratio

2199 4387 2259 4439 τὸ
2283 4384 2495 4453 εὔλογον
2515 4385 2597 4437 διὰ
2620 4386 2680 4437 τὸ
2703 4386 2924 4453 ὠφελεῖν
2941 4387 3334 4458 εύφραινόντων
3350 4390 3444 4442 τὸν
3464 4393 3578 4444 ﬁxos

2201 4473 2335 4526 ἐπὰν
2363 4472 2725 4543 παραδέξηται
2749 4475 2808 4525 τὸ
2830 4475 3312 4545 ἀπαγγελλόμενονο
3335 4479 3495 4532 οὐδὲν
3525 4480 3570 4531 δ’

2200 4563 2228 4615 ὁ
2255 4561 2487 4623 τοιοῦτος
2509 4560 2662 4628 λόγος
2698 4563 3023 4629 Εὑαγγέλιόν
3049 4565 3214 4627 ἐστιν,
3250 4563 3316 4616 ἂν
3348 4566 3445 4618 καὶ
3469 4567 3578 4636 (55)

2199 4652 2296 4722 τὴν
2330 4651 2509 4720 σχέσιν
2541 4652 2632 4703 τοῦ
2665 4651 2947 4714 ἀκούοντος
2974 4651 3312 4723 ἐξετάζηται*
3349 4656 3383 4723 ἢ
3422 4656 3574 4724 Εύαγ

637 4748 684 4781 ³⁸
702 4748 855 4804 Joan.
889 4764 1000 4811 ιιι,
1027 4748 1115 4802 26.
1187 4751 1232 4782 ⁸⁸³
1255 4750 1426 4808 Galat.
1462 4770 1519 4816 ιι,
1549 4755 1636 4807 20.
1711 4757 1753 4787 ιι
1786 4758 1799 4809 l
1824 4757 1948 4811 Cor.
1976 4773 2038 4818 ll,
2068 4760 2155 4827 12,

1255 4750 1426 4808 Gulat.
1462 4770 1519 4816 ιι,
1549 4755 1636 4807 20.
1711 4757 1753 4787 ⁴¹
1786 4757 1948 4811 lCor.
1976 4773 2038 4818 ll,
2068 4760 2155 4827 12,
2186 4761 2272 4814 i6.
2348 4761 2391 4792 ⁸⁸
2415 4761 2569 4813 Rom.
2603 4778 2661 4824 ιι,
2697 4763 2774 4814 l6.

638 4841 748 4910 (3‘2)
774 4841 931 4895 Κατὰ
953 4841 1091 4905 τοὺς
1117 4840 1293 4908 ὑγιῶς
1340 4844 1465 4908 περὶ
1497 4842 1679 4910 αὐτῆς
1728 4844 2096 4912 δοξάζοντας.

569 4908 703 4966 Tum
731 4908 800 4963 cx
831 4914 930 4964 hoc
957 4911 1091 4979 loco,
1120 4920 1230 4962 tum
1259 4924 1324 4962 ex
1372 4913 1437 4964 iis
1462 4926 1592 4979 iquze
1633 4908 1795 4966 habet
1844 4908 2100 4979 Origenes

575 4988 703 5049 tom.
734 4993 784 5030 ιιι
814 4980 869 5031 in
902 4978 1213 5049 Munitorum
1235 4987 1290 5049 et
1314 4978 1576 5049 humilia?
1605 4980 1656 5031 in
1688 4979 1900 5045 Lucam,
1933 4983 2099 5049 liquet

574 5046 745 5118 ipsum
776 5060 871 5118 pro
893 5045 1245 5118 ‘heterodoxis
1279 5045 1529 5118 habuisse
1561 5062 1655 5100 eos
1683 5049 1770 5114 qui
1793 5045 2098 5118 perpetuam

574 5112 1130 5181 Marizelirginitatem
1158 5116 1442 5181 negabant.
1484 5114 1538 5166 In
1583 5129 1648 5169 eo
1700 5112 1845 5170 certe
1887 5112 2098 5181 errore,

573 5180 744 5251 inquit
763 5176 1005 5251 ﬂuetius,
1035 5181 1197 5251 fuisse
1214 5176 1571 5237 Tertullianus
1592 5184 1847 5247 creditur,
1870 5176 2099 5251 eumque

574 5248 777 5320 duobus
809 5246 936 5320 locis
969 5250 1289 5320 prodidisse,
1313 5254 1448 5307 libro
1475 5251 1549 5320 De
1579 5246 1927 5319 monogamia,
1973 5246 2096 5320 cap.

573 5316 627 5375 8,
647 5323 701 5386 et
723 5314 815 5367 lib.
850 5313 927 5366 De
955 5313 1106 5386 carne
1143 5316 1354 5383 Christi,
1379 5335 1498 5386 cap.
1525 5319 1584 5384 7;
1608 5322 1700 5373 sed
1725 5313 1969 5382 obscure.
2000 5313 2098 5374 nec

575 5381 929 5455 satisaperte.
957 5385 1023 5434 At
1047 5383 1194 5455 clare
1212 5381 1484 5455 eumeum
1522 5381 1638 5439 aliis
1698 5381 1968 5455 professus
2012 5397 2098 5442 est

574 5448 955 5520 Apollinarius,
984 5458 1121 5520 teste
1156 5451 1473 5520 Epiphanio,
1507 5455 1596 5519 qui
1644 5448 2097 5509 Ai'itidicomaria-

575 5516 718 5571 nitas
747 5531 842 5571 eos
884 5516 1216 5587 appellabat,
1257 5516 1443 5574 haeres.
1489 5516 1689 5587 Lixvu,
1739 5537 1854 5591 cap.
1897 5523 1987 5588 26,
2042 5531 2096 5578 et

2199 4851 2638 4909 haeresuxvm,
2676 4862 2795 4915 cap.
2826 4848 2878 4901 l.
2926 4849 3052 4903 Post
3108 4849 3500 4915 Apollinarium
3558 4868 3578 4908 ε

2200 4916 2418 4971 vesania
2447 4915 2761 4969 laborarunt
2799 4916 3108 4979 Eunomius,
3141 4915 3443 4982 Helvidius,
3504 4918 3578 4974 Jo*

2200 5000 2300 5038 nus
2320 4993 2374 5036 et
2398 4984 2654 5037 Bonosus.
2685 4982 2790 5036 Sed
2818 4985 2956 5038 hanc
2987 4986 3230 5038 haeresim
3258 4986 3538 5043 luculento
3557 5005 3578 5042 a

2198 5067 2289 5106 sus
2323 5049 2620 5103 Helvidium
2651 5065 2813 5117 opere
2840 5053 3094 5106 contrivit
3119 5052 3504 5124 Hieronymus.

2267 5140 2376 5209 (55)
2403 5139 2614 5207 Λόγον.
2640 5138 2802 5193 Forte
2832 5140 3112 5209 legendum
3142 5141 3290 5198 νοῦν.

2270 5229 2385 5300 (54)
2409 5230 2484 5300 Τά
2518 5228 2868 5298 Εὐαγγέλια.
2911 5230 3206 5300 Ferrarius
3239 5231 3366 5300 legit
3413 5233 3474 5287 τὸ
3511 5235 3578 5286 Et!

2199 5296 2328 5348 λιον.
2358 5296 2521 5348 Paulo
2543 5296 2662 5363 post
2683 5296 2849 5351 nostri
2878 5299 3088 5352 codices
3123 5296 3326 5353 habent
3358 5317 3371 5353 :
3402 5303 3502 5353 οὐκ
3554 5303 3578 5353 ἕ

2203 5363 2397 5434 βιϐλίον
2429 5364 2757 5431 εὐαγγέλιον.
2779 5364 2956 5421 Huetii
2979 5367 3144 5421 editio
3176 5368 3360 5421 omisit
3384 5368 3578 5437 βιϐλίον

2268 5451 2378 5520 (55)
2416 5451 2633 5520 Ἔστιν,
2672 5452 2748 5505 ἂν
2771 5455 2890 5508 καί.
2914 5454 3039 5511 Huic
3074 5457 3268 5513 desunt
3292 5456 3345 5510 in
3376 5456 3563 5513 codice

2201 5529 2417 5575 secutus
2445 5528 2527 5574 est
2557 5519 2801 5576 Huetius.
