3848 6200
270 245 340 301 δῦ
1377 260 1725 318 COMMENT.
1763 262 1830 318 ιιι

1945 261 2051 322 ΔΝ.
2088 266 2323 323 TOMUS
2354 269 2397 324 Ι.
3432 287 3503 342 34

264 360 376 415 ἐστι
595 344 852 456 περιέχων
866 342 1123 456 Χξῖειιθοῦ
1169 365 1265 436 τῷ
1321 374 1628 429 πιστεύοντι
1661 393 1845 448 παρου-

1961 390 2065 446 est,
2087 381 2366 435 continens
2391 379 2517 435 boni
2541 380 2886 449 praesentiam
2913 375 3210 456 cuicunque
3227 394 3490 452 credenti;

267 448 381 504 σίαν
407 447 462 518 ἦ
497 442 636 547 λόγος
663 433 1157 551 επαῖξγελλόιξξνος
1197 433 1466 529 ⁸ιί·ιιιρεὶ’ναι
1492 464 1551 516 τὸ
1579 433 1776 532 ἀγαθὸν
1804 469 1845 519 τί

1970 433 2013 435 _-
2048 433 2064 446 ,
2100 433 2141 435 η
2200 433 2225 434 η
2283 433 2292 434 κ
3016 433 3490 456 κη-.,..ν...ν........,

1961 467 2061 531 vel,
2093 468 2268 521 oratio
2310 466 2575 523 afﬁrmans
2602 472 2794 525 adesse
2822 469 3020 523 bonum
3046 479 3185 541 quod
3213 494 3493 551 exspecta.

752 526 963 625 ἓάντες
990 531 1057 625 δξ
1081 540 1138 591 οἱ
1167 526 1306 617 ('56)-
1323 526 1701 623 προειρημένοι
1732 556 1862 625 ἡμῖν

1958 554 2132 608 batur.
2165 554 2362 609 Omnes
2392 563 2567 611 autem
2598 573 2734 626 quas
2778 557 3122 627 praediximus
3153 568 3488 626 definitiones

272 624 391 711 δροι
411 620 531 711 (37)
562 615 928 711 ἐφαρμᾴξοιξι
950 622 1078 687 τοῖς
1116 615 1592 709 ἐπιγραφομένοις
1625 615 1862 711 Εὐαγγε-

1916 672 1919 676 ι
1959 641 2025 695 iis
2071 642 2396 697 conveniunt
2425 658 2543 711 quas
2589 646 2956 701 inscribuntur
2994 649 3316 723 Evangelia:
3362 675 3484 713 cum

280 709 434 773 λίοις·
471 710 687 797 ἕκαστον
708 704 818 777 γὰρ
852 707 1210 780 Εὐαγγέλιον
1253 704 1503 797 σύστημα
1528 704 1860 797 ἀπαγγελλο-

292 798 468 867 μένων
490 794 779 887 ὠφελίμων
813 797 893 868 τῷ
919 806 1274 876 πιστεύοντι,
1315 794 1506 885 καὶ-μὴ
1530 794 1859 887 παρεκδεξα-

296 886 459 954 μένῳ,
481 884 736 954 τυγχάνον
767 887 1044 956 ὠφέλειαν
1070 895 1362 966 ἐμποιοῦν,
1396 884 1532 956 κατὰ
1560 884 1623 957 τδ
1645 905 1859 975 εὔλογον

292 976 564 1045 εὸφραίνει
586 976 839 1032 διδάσκον
856 981 961 1053 τὴν
979 983 1048 1035 δι’
1071 985 1393 1059 ἀνθρώπους
1408 992 1501 1044 τοῦ
1523 998 1856 1064 πρωτοτόκου

294 1062 478 1132 πάσης
533 1064 763 1130 κτίσεως
809 1069 1057 1139 Χριστοῦ
1126 1075 1304 1145 Ἰησοῦ
1357 1062 1616 1150 σωτήριον
1676 1085 1858 1148 αὐτοῖς

294 1151 451 1220 ἑπιδη
461 1153 603 1221 μίαν.
652 1155 816 1209 Ἀλλὰ
839 1160 935 1210 καὶ
955 1160 1039 1212 ὅτι
1065 1161 1224 1231 λόγος
1256 1168 1399 1223 ἐστὶν
1423 1169 1644 1224 ἕκαστον
1680 1173 1856 1241 Εὐαγ-

292 1239 470 1328 γέλιον
502 1243 763 1297 διδάσκων
796 1247 898 1316 τὴν
927 1249 1024 1301 τοῦ
1051 1252 1257 1319 ἀγαθοῦ
1278 1257 1484 1326 Πατρὸς
1515 1260 1572 1310 ὲν
1605 1260 1715 1328 Υίῷ
1746 1239 1857 1325 τοῖς

292 1324 637 1396 βουλομένοις
674 1333 1089 1403 παραδέξασθαι
1126 1324 1436 1411 ἐπιδημίαν,
1473 1348 1630 1397 παντὶ
1659 1324 1736 1416 τῷ
1768 1324 1855 1401 πιέ

290 1415 537 1469 στεύοντι
574 1421 764 1487 σαφές·
794 1423 877 1475 ὅτι
898 1424 955 1476 δὲ
980 1427 1076 1478 καὶ
1108 1428 1306 1494 ἀγαθὸν
1338 1415 1721 1499 ἐπαγγέλλεται
1767 1438 1854 1491 διὰ

287 1502 394 1555 τῶν
439 1504 668 1573 βιϐλίων
720 1509 928 1563 τούτων
972 1513 1034 1566 τὸ
1080 1517 1438 1587 προσδοκηθὲν
1483 1523 1581 1574 οὐκ
1625 1525 1848 1594 ἀσαφές·

288 1593 621 1665 σχεδὸν-γὰρ
657 1596 688 1647 ὁ
728 1598 1041 1671 Βαπτιστὴς
1102 1605 1346 1677 Ἰωάννης
1383 1609 1479 1679 τὴν
1526 1615 1722 1677 παντὸς
1748 1593 1849 1670 τοῦ

285 1679 415 1733 λαοῦ
444 1683 633 1735 λαϐὼν
680 1689 867 1758 φωνήν
898 1706 1030 1759 φησι
1070 1692 1289 1762 πέμψας
1321 1697 1396 1765 τῷ
1436 1699 1629 1768 Ἰησοῦ·
1686 1704 1770 1756 Σὺ
1800 1707 1855 1758 εἷ

285 1771 320 1821 δ
347 1770 704 1839 ἐρχόμενος,
751 1774 791 1841 ἢ
821 1774 1029 1842 ἕτερον
1058 1781 1498 1851 προσδοκῶμεν;
1542 1788 1852 1856 Προσδοκὼ-

288 1870 447 1923 μενον
473 1857 588 1926 γὰρ
614 1859 825 1926 ἀγαθὸν
846 1861 925 1930 τῷ
950 1861 1065 1932 λαῷ
1093 1865 1121 1914 ό
1147 1866 1376 1934 Χριστὸς
1398 1866 1484 1939 ἦν,
1516 1875 1639 1942 περὶ
1665 1868 1725 1926 οὗ
1754 1893 1851 1945 κη-

286 1947 602 2013 ρυσσόντων
637 1948 749 2000 τῶν
782 1952 1098 2021 προφητῶν,
1141 1955 1299 2024 μέχρι
1327 1961 1419 2010 καὶ
1448 1960 1555 2013 τῶν
1587 1964 1850 2033 τυχόντων

285 2033 486 2096 πάντες
520 2037 605 2097 είς
649 2037 815 2088 αὐτὸν
853 2037 1009 2107 ἔσχον
1028 2043 1075 2092 oi
1109 2042 1214 2093 ὑπὸ
1250 2043 1408 2112 νόμον
1438 2049 1530 2100 καὶ
1575 2053 1850 2122 προφήτας

286 2122 386 2184 τὰς
418 2122 670 2187 ἐλπίδας,
720 2124 798 2187 ὡς
849 2131 1118 2197 μαρτυρεῖ
1150 2132 1182 2198 ἡ
1232 2131 1552 2203 Σαμαρεῖτις
1601 2137 1846 2204 λέγουσα·

282 2208 442 2275 οῖδα,
475 2212 568 2265 ὅτι
602 2216 886 2280 Μεσσίας
915 2217 1148 2283 ἔρχεται
1176 2221 1210 2270 ὀ
1240 2223 1558 2289 λεγόμενος
1579 2228 1844 2293 Χριστός·

288 2300 473 2353 Ὅταν
527 2301 684 2369 ἔλθῃ
736 2303 985 2369 ἐκεῖνος,
1033 2307 1357 2377 ἀπαγγελεῖ
1402 2312 1545 2378 ἡμῖν
1598 2313 1845 2368 ἅπαντα.

297 2387 460 2442 Ἀλλὰ
520 2393 626 2444 καὶ
681 2392 858 2461 Σίμων
904 2395 1000 2447 καὶ
1045 2395 1308 2462 Κλεόπας,
1353 2399 1658 2467 ὁμιλοῦντες
1715 2405 1848 2473 πρὸς

286 2478 554 2548 ἀλλήλους
586 2481 723 2548 περὶ
746 2482 958 2534 πάντων
983 2482 1092 2535 τῶν
1125 2482 1536 2556 συμϐεϐηκότων
1560 2490 1635 2559 τῷ
1677 2493 1844 2563 Ἰησοῦ

285 2566 434 2635 αὐτῷ
472 2568 554 2637 τῷ
604 2569 830 2638 Χριστῷ
877 2571 1189 2634 ἀναστάντι,
1243 2574 1451 2628 οὐδέπω
1497 2577 1847 2645 γινώσκοντες

288 2656 581 2724 ὲγηγέρθαι
619 2658 784 2710 αὐτὸν
816 2659 881 2711 ὲκ
912 2661 1118 2729 νεκρῶν
1143 2679 1299 2728 φασι·
1335 2665 1417 2717 Σὺ
1438 2668 1622 2733 μόνος
1645 2682 1846 2735 παροι-

288 2745 409 2808 κεῖς
436 2745 507 2796 ἐν
544 2747 966 2815 Ἰερουσαλὴμ,
998 2749 1096 2801 καὶ
1123 2752 1231 2803 οὐκ
1258 2752 1440 2819 ἔγνως
1461 2755 1534 2808 τὰ
1564 2760 1847 2825 γενόμενα

287 2832 354 2883 ἐν
386 2831 542 2899 αὑτῇ
574 2834 652 2886 ὲν
697 2833 830 2898 ταῖς
861 2833 1109 2901 ἡμέραις
1139 2838 1410 2903 ταύταις;
1444 2843 1728 2909 Εἰπόντος
1756 2845 1842 2909 δὲ,

288 2919 429 2972 Ποῖα
446 2933 470 2982 ;
494 2921 948 2988 ἀποκρίνονται,
998 2923 1074 2976 Τὰ
1102 2925 1235 2992 περὶ
1284 2927 1472 2994 Ἰησοῦ
1510 2930 1614 2982 τοῦ
1662 2932 1844 2992 Ναζα-
1870 2952 1911 3008 c

285 3009 489 3075 ρηνοῦ,
529 3010 600 3075 ὃς
651 3010 888 3076 ἐγένετο
931 3012 1087 3078 ἀνὴρ
1128 3014 1448 3081 προφήτης,
1487 3017 1738 3085 δυνατὸς
1775 3022 1844 3074 ἐν

292 3095 436 3163 ἔργω
477 3098 575 3151 καὶ
623 3098 789 3165 λόγῳ
818 3098 1098 3151 ἐναντίον
1137 3099 1241 3152 τοῦ
1297 3103 1440 3155 Θεοῦ
1482 3106 1579 3157 καὶ
1624 3109 1843 3173 παντὸς

292 3185 391 3238 τοῦ
416 3188 588 3251 λαοῦ,
618 3187 783 3252 ὅπως
811 3203 876 3240 τε
905 3188 1254 3254 παρέδωκαν
1280 3193 1460 3246 αὐτὸν
1483 3197 1536 3246 οἱ
1560 3196 1845 3264 ἀρχιερεῖς

292 3274 388 3325 καὶ
429 3278 484 3327 οἱ
523 3275 817 3343 ἄρχοντες
867 3275 1039 3344 ἡμῶν
1077 3279 1165 3341 εὶς
1213 3278 1387 3346 κρῖμα
1431 3283 1703 3350 θανάτου,
1746 3287 1843 3338 καὶ

290 3360 679 3428 ἐσταύρωσαν
734 3365 945 3416 αὐτόν.
1015 3363 1213 3431 Ἡμεῖς
1260 3365 1328 3417 δὲ
1369 3367 1705 3437 ἠλπίζομεν,
1757 3371 1844 3424 ὅτι

198 3484 213 3501 ι
291 3453 471 3515 αὐτός
497 3452 670 3504 ἐστιν
696 3455 728 3504 ό
753 3451 1001 3519 μέλλων
1044 3454 1404 3519 λυτροῦσθαι
1433 3458 1538 3509 τὸν
1592 3459 1839 3525 Ἰσραήλ.

289 3539 434 3608 Πρὸς
456 3539 670 3601 τούτοις
719 3541 974 3613 Ἀνδρέας
1016 3544 1045 3593 ὁ
1080 3544 1303 3609 ἀδελφὸς
1350 3545 1586 3614 Σίμωνος
1614 3549 1840 3620 Πέτρου,

288 3628 461 3695 εὑρὼν
495 3629 587 3680 τὸν
624 3630 852 3698 ἀδελφὸν
884 3631 976 3682 τὸν
1010 3631 1140 3683 [διον
1177 3634 1409 3702 Σίμωνα,
1444 3635 1586 3702 λέγει
1610 3653 1623 3667 ·
1652 3640 1841 3705 Εὐρή-

124 3718 131 3723 ’
168 3734 175 3739 ’
288 3731 474 3783 καμεν
509 3717 618 3769 τὸν
655 3720 956 3783 Μεσσίαν,
996 3719 1031 3770 ὅ
1057 3721 1210 3781 ἐστι,
1243 3725 1839 3791 μεθερμηνευόμενον,

286 3804 554 3869 Χριστός.
601 3805 717 3857 Καὶ
745 3797 886 3873 μετ’
929 3805 1086 3872 ὀλίγα
1132 3809 1161 3858 ὁ
1205 3808 1486 3870 Φίλιππος,
1538 3811 1709 3881 εὑρὼν
1754 3815 1842 3868 τὸν

285 3888 594 3959 Ναθαναὴλ,
620 3892 771 3959 λέγει
797 3893 946 3961 αὑτῴ
963 3910 977 3923 ·
1019 3897 1128 3946 Ὃν
1149 3895 1369 3963 ἔγραψε
1395 3899 1650 3965 Μωϋσῆς
1673 3901 1742 3952 ἐν
1764 3901 1842 3965 τῷ

283 3978 438 4044 νόμῳ
467 3979 567 4031 καί
616 3982 676 4030 οἱ
720 3980 1039 4047 προφῆται,
1083 3983 1419 4050 εὑρήκαμεν
1462 3985 1843 4053 τὸνἺησοῦν

284 4066 386 4118 τὸν
414 4067 549 4119 υιὸν
575 4066 689 4120 τοῦ
737 4069 959 4135 Ἰωσὴφ
985 4069 1092 4122 τὸν
1122 4071 1240 4123 ἀπὸ
1265 4072 1536 4139 Ναζαρέτ.

348 4156 400 4209 8.
451 4154 614 4219 Δόξαι
654 4156 702 4208 δ’
747 4156 814 4210 ἄν
851 4173 936 4219 τις
981 4159 1293 4212 ἐνίστασθαι
1340 4160 1418 4229 τῷ
1460 4161 1657 4232 πρώτῳ
1709 4164 1836 4233 ὅρῳ,

1959 726 2099 778 enim
2147 720 2560 798 miumquodque
2612 732 2955 801 Evangelium
3026 738 3095 791 sit
3146 720 3485 801 coacervatio

1922 813 2263 870 nuntiorum
2301 815 2507 869 utilium
2558 818 2605 871 ei
2658 820 2748 886 qui
2795 820 2948 875 tidem
2992 824 3273 897 adiungit,
3313 844 3485 899 neque

1955 913 2151 967 praeter
2198 917 2504 971 germanam
2538 907 2816 960 scientiam
2860 910 3129 979 intelligit,
3180 924 3233 969 et
3277 919 3477 972 emolu-

1960 998 2198 1041 mentum
2234 990 2439 1053 aﬂ'erat,
2465 992 2590 1060 jure
2623 997 2813 1047 merito
2838 996 3071 1053 lzrlitiam
3101 1004 3258 1070 parit.
3289 1007 3484 1062 docens

1956 1076 2124 1129 saluta
2134 1091 2240 1147 rem
2259 1079 2538 1132 adventum
2557 1083 2619 1133 ad
2637 1082 2898 1162 homines,
2915 1095 2968 1138 et
2989 1101 3201 1155 propter
3216 1093 3481 1158 homines,

1956 1162 2290 1229 primogeniti
2336 1165 2508 1218 omnis
2536 1177 2811 1231 creatum.
2861 1186 3052 1241 nempe
3098 1174 3221 1230 Jesu
3260 1180 3480 1236 Christi.
3524 1211 3536 1218 -

1955 1246 2089 1310 Quin
2147 1251 2306 1304 etiam
2358 1257 2499 1319 quod
2561 1256 2901 1329 Evangelium
2956 1268 3366 1335 unumquodque
3411 1271 3481 1324 sit

1953 1336 2145 1398 oratio,
2177 1339 2373 1392 docens
2401 1341 2520 1393 boni
2547 1342 2720 1398 Patris
2744 1348 2793 1398 in
2828 1347 2962 1402 Filio
2989 1353 3270 1406 adventum
3292 1359 3356 1408 ad
3385 1372 3478 1411 vo-

1953 1422 2119 1478 lentes
2146 1440 2265 1479 eum
2292 1429 2542 1497 excipere
2570 1470 2585 1495 ,
2617 1435 2856 1489 credenti
2899 1438 3113 1493 cuilibet
3144 1444 3477 1511 perspicuum

1951 1520 2053 1564 est.
2082 1512 2233 1576 Quod
2261 1522 2437 1567 autem
2465 1527 2830 1585 exspectatum
2852 1523 3012 1577 etiam
3038 1514 3233 1595 boan
3261 1544 3356 1599 per
3382 1534 3480 1591 bos

1952 1597 2114 1652 libros
2144 1601 2503 1667 promittitur,
2529 1618 2632 1657 non
2670 1616 2750 1660 est
2776 1608 3088 1664 obscurum:
3128 1597 3290 1671 totius
3323 1634 3477 1673 nam-

1951 1699 2054 1752 que
2076 1688 2253 1755 pOpuli
2281 1687 2394 1743 fere
2423 1705 2516 1745 ore
2549 1692 2767 1761 loquens
2791 1696 3027 1765 Baptista
3053 1699 3287 1759 Joannes
3317 1708 3369 1760 in
3400 1709 3476 1762 le-

1949 1775 2161 1841 gatione
2185 1777 2251 1830 ad
2280 1775 2459 1830 Jesum
2494 1782 2652 1835 missa
2684 1785 2758 1837 ait
2777 1785 2852 1839 “z
2898 1786 3039 1840 Num
3080 1803 3135 1843 tu
3165 1808 3219 1845 es
3247 1794 3477 1864 illepen—

1948 1874 2093 1917 turus
2117 1903 2132 1927 ,
2174 1882 2241 1918 an
2289 1868 2451 1920 alium
2502 1876 2896 1939 exspectamus?
2926 1869 3302 1946 Esspectatum
3333 1865 3474 1940 enim

1949 1967 1977 2003 a
2010 1952 2199 2020 popqu
2233 1955 2448 2019 bonum,
2478 1956 2633 2013 Jesus
2668 1970 2816 2023 erat;
2857 1963 2921 2015 de
2948 1978 3054 2032 quo
3084 1968 3359 2035 prophetis
3381 1988 3478 2025 an-

1949 2042 2341 2106 nuntiantibus,
2370 2045 2426 2112 8
2448 2048 2608 2100 etiam
2639 2060 2669 2100 e
2696 2049 2854 2118 Vulgo
2881 2053 3104 2119 quilibet
3124 2056 3364 2113 homines
3384 2064 3472 2128 qui

1947 2130 2044 2182 sub
2071 2129 2185 2195 lege
2208 2139 2262 2184 et
2291 2134 2563 2199 prophetis
2590 2146 2746 2189 erant
2770 2175 2785 2200 ,
2815 2138 2865 2191 in
2898 2154 2961 2195 eo
2987 2156 3131 2209 spem
3167 2145 3472 2211 habebant;

1948 2217 2265 2271 Samaritide
2295 2219 2383 2271 illa
2416 2220 2515 2274 hoc
2547 2232 2775 2278 testante
2804 2235 2966 2295 atque
2991 2230 3203 2285 dicente
3229 2232 3303 2287 “:
3343 2234 3474 2289 Noui

1946 2304 2081 2370 quod
2126 2303 2341 2359 Messias
2366 2311 2532 2370 venit,
2560 2312 2649 2374 qui
2681 2313 2873 2365 dicitur
2905 2315 3162 2373 Christus.
3190 2320 3319 2373 Cum
3352 2338 3472 2391 ergo

1914 2428 1925 2433 -
1946 2396 2139 2468 venerit
2167 2398 2253 2449 ille
2276 2436 2292 2461 ,
2325 2400 2467 2452 nobis
2505 2403 2761 2455 nuntiabit
2796 2408 3011 2465 omnia...
3038 2408 3172 2473 Quin
3206 2420 3254 2463 et
3290 2411 3472 2466 Simon

1946 2492 1999 2536 et
2025 2482 2271 2553 Cleopas,
2300 2485 2439 2540 inter
2464 2503 2521 2542 se
2549 2504 2822 2548 sermones
2847 2496 3183 2552 conferentes
3209 2501 3276 2555 de
3303 2502 3476 2557 omni-

1945 2570 2042 2626 bus
2061 2587 2177 2650 quae
2205 2574 2304 2641 ipsi
2331 2574 2453 2630 Jesu
2475 2577 2706 2642 Christo,
2727 2583 2816 2648 qui
2838 2597 3223 2650 resurrexerat,
3251 2592 3474 2646 accidis-

1944 2668 2081 2724 sent,
2105 2649 2336 2715 nondum
2361 2664 2528 2731 ipsum
2552 2681 2582 2717 e
2607 2671 2832 2724 mortuis
2854 2672 3082 2726 excitum
3114 2675 3279 2730 fuisse
3307 2681 3475 2733 scien-

1946 2754 2046 2808 tes,
2065 2747 2306 2815 inquiunt
2329 2749 2402 2801 ἰιι
2432 2749 2509 2803 Τιι
2532 2753 2669 2805 soltts
2695 2760 2987 2825 peregrinus
3007 2777 3059 2812 es
3081 2761 3470 2832 Hierosolymis,

1943 2850 2101 2901 neque
2152 2839 2427 2903 cognovisti
2474 2856 2588 2907 qua:
2631 2843 2768 2910 facta
2803 2857 2922 2898 sunt
2971 2848 3080 2899 illic
3116 2848 3196 2901 his
3242 2852 3420 2904 diebus
3448 2854 3475 2906 ?

1944 2920 2170 2991 Cumque
2196 2924 2283 2977 ille
2308 2927 2516 2979 dixisset
2537 2967 2550 2988 ,
2600 2930 2771 2991 Quin?
2798 2935 3165 2999 responderunt
3191 2975 3206 3000 ,
3246 2937 3317 2992 De
3341 2938 3467 2991 Iesu

1944 3008 2220 3064 Nazareno
2248 3052 2261 3074 ,
2290 3016 2377 3078 qui
2421 3014 2520 3082 fuit
2557 3016 2633 3067 vir
2676 3016 2932 3085 Propheta
2961 3060 2976 3084 ,
3014 3034 3192 3087 potens
3236 3041 3384 3091 opere
3422 3037 3470 3077 et

1941 3113 2170 3151 sermone
2194 3116 2368 3153 coram
2411 3104 2513 3156 Deo
2541 3114 2589 3157 et
2625 3115 2728 3157 toto
2754 3109 2940 3175 populo
2964 3124 2985 3162 :
3015 3121 3061 3162 et
3088 3115 3340 3176 quomodo
3363 3120 3470 3169 ιω-

1941 3186 2177 3239 diderunt
2203 3204 2318 3241 eum
2344 3194 2533 3244 summi
2562 3196 2851 3247 sacerdotes
2878 3207 2924 3248 et
2950 3198 3204 3263 principes
3225 3203 3388 3253 nostri
3413 3202 3469 3255 in

1941 3277 2408 3329 condemnationem
2450 3281 2655 3343 ntortis,
2693 3292 2739 3335 et
2771 3285 3134 3350 cruciﬁxerunt
3175 3303 3311 3345 eum.
3359 3288 3470 3342 Nos

1940 3376 2108 3415 autem
2147 3367 2474 3431 sperabamus
2513 3385 2624 3421 eum
2660 3387 2767 3424 esse
2798 3374 2946 3425 illum
2983 3376 3070 3442 qui
3115 3378 3469 3444 redempturus

1939 3463 2066 3505 esset
2095 3456 2282 3509 Israel.
2315 3456 2393 3508 Ad
2426 3459 2534 3511 haec
2566 3460 2820 3524 Andreas,
2853 3461 3018 3515 frater
3051 3463 3281 3519 Simonis
3302 3466 3466 3525 Petri.

1942 3532 2149 3607 reperto
2180 3542 2344 3595 fratre
2365 3560 2459 3597 suo
2490 3546 2727 3612 Simone,
2760 3549 2887 3602 dicit
2909 3550 2982 3603 “z
3014 3550 3308 3606 Invenimus
3341 3554 3470 3608 Mess

1939 3630 2069 3680 siam
2103 3631 2237 3696 quod
2268 3639 2378 3694 est,
2427 3634 2471 3684 si
2520 3635 2866 3702 interpreteris
2893 3678 2908 3699 ,
2942 3639 3195 3694 Christus.
3229 3641 3466 3710 Cumque

1939 3717 2094 3783 paulo
2122 3729 2241 3784 post
2273 3719 2544 3789 Philippus
2578 3728 2865 3791 reperisset
2892 3726 3304 3797 Nathanaelcm,
3340 3734 3469 3785 dicit

1941 3803 2014 3857 illi
2049 3805 2125 3856 ιτς
2160 3805 2235 3857 De
2266 3823 2365 3872 quo
2400 3809 2601 3872 scripsit
2630 3809 2837 3879 Moyses
2868 3815 2922 3864 in
2956 3815 3082 3880 lege,
3109 3825 3157 3867 et
3187 3819 3475 3893 prapheta',’

1939 3890 2214 3942 invenimus
2242 3891 2418 3946 Iesum
2450 3894 2615 3959 ﬁlium
2644 3894 2834 3965 Joseplt
2870 3896 3226 3953 Nazarenam.

2006 4160 2058 4213 8.
2093 4159 2243 4225 Quod
2274 4162 2318 4214 si
2354 4162 2475 4229 quis
2507 4176 2800 4232 repugnare
2828 4164 2956 4219 velit
2989 4167 3173 4235 primm
3202 4169 3465 4226 definitio-

285 4244 401 4295 ἐπεὶ
447 4245 544 4297 καὶ
589 4245 664 4298 τὰ
725 4244 803 4316 μὴ
864 4247 1318 4316 ἐπιγεγραμμένα
1364 4250 1663 4316 Εὑαγγέλια
1708 4252 1838 4304 ὑπο-

1945 4248 2017 4311 ιιί,
2053 4250 2179 4314 quia
2217 4251 2413 4302 cadant
2449 4259 2503 4303 et
2532 4252 2633 4303 alia
2675 4255 2771 4304 suh
2819 4266 2935 4307 eam
2982 4269 3098 4321 qua:
3128 4271 3230 4308 non
3276 4257 3470 4312 inscri‘

285 4329 464 4383 πίπτει
508 4331 697 4401 αὐτῷ·
752 4333 783 4384 ὁ
826 4332 935 4403 γὰρ
973 4335 1138 4402 νόμος
1182 4337 1274 4388 καὶ
1303 4337 1351 4387 oi
1397 4339 1663 4408 προφῆται
1694 4339 1838 4407 λόγοι

284 4420 624 4474 πιστεύονται
699 4415 843 4472 εἶναι
900 4423 1248 4492 περιέχοντες
1313 4425 1641 4493 ἀπαγγελίαν
1697 4446 1837 4499 πρα-

282 4507 499 4576 γμάτων
530 4506 682 4561 κατὰ
709 4507 777 4559 τὸ
818 4505 1040 4574 εὔλογον
1079 4507 1170 4559 διὰ
1196 4509 1254 4560 τὸ
1280 4509 1502 4577 ὠφελεῖν
1529 4514 1838 4583 εύφραινόν-

262 4610 383 4646 ,των
405 4598 529 4659 τοὺς
559 4596 890 4659 ἀκούοντας,
925 4595 1064 4649 ἐπὰν
1111 4596 1512 4665 παραδέξωνται
1544 4600 1610 4652 τὰ
1659 4602 1835 4670 ἀπαγ-

282 4680 591 4751 γελλόμενα.
640 4680 879 4752 Λεχθείη
915 4682 961 4734 δ’
1011 4683 1081 4735 ἂν
1109 4682 1247 4750 πρὸς
1292 4684 1446 4737 τοῦτο
1482 4687 1561 4739 ὅτι
1592 4688 1697 4756 πρὸ
1737 4688 1835 4757 τῆς

283 4769 509 4839 Χριστοῦ
560 4769 863 4839 ἐπιδημίας
906 4772 934 4822 ό
983 4770 1149 4838 νόμος
1194 4770 1286 4821 καὶ
1323 4772 1371 4822 oi
1414 4776 1703 4845 προφῆται,
1742 4775 1836 4828 ἆτε

287 4856 499 4926 μηδέπω
527 4856 856 4926 ἐληλυθότος
882 4855 976 4909 τοῦ
1000 4856 1072 4908 τὰ
1095 4856 1154 4907 ὲν
1175 4856 1348 4916 αὐτοῖς
1380 4861 1646 4929 μυστήρια
1669 4876 1838 4929 σαφη-

285 4946 528 5009 νίζοντος,
548 4947 655 4998 οὐκ
679 4941 825 5013 εἶχον
849 4945 909 4997 τὸ
931 4941 1256 5010 ἐπάγγελμα
1278 4943 1367 4995 τοῦ
1389 4949 1517 5016 περὶ
1546 4947 1639 5001 τοῦ
1667 4949 1838 5016 Εὐαγ-

283 5034 452 5100 γελεου
484 5036 637 5105 ὅρου·
674 5035 707 5086 ό
732 5034 789 5086 δὲ
821 5033 1038 5101 Σωτὴρ,
1070 5029 1405 5097 ἐπιδημήσας
1432 5036 1526 5087 καὶ
1570 5036 1629 5088 τὸ
1660 5037 1836 5103 Εὐαγ-

288 5124 450 5189 γέλιον
497 5120 1027 5192 ωματοποιηθῆναι
1092 5118 1333 5184 ποιήσας,
1392 5120 1476 5188 τῷ
1527 5124 1836 5194 Εύαγγελίφ

1939 4335 2136 4387 bantur
2166 4335 2433 4404 Evangelii
2475 4338 2643 4397 titulo,
2675 4340 2917 4407 dicatque
2951 4340 3118 4408 legem
3150 4351 3204 4396 et
3236 4346 3467 4412 promte--

1939 4422 2070 4476 ticos
2094 4436 2367 4479 sermones
2392 4427 2664 4478 continere
2687 4428 2928 4479 nuntium
2962 4442 3136 4481 rerum
3164 4435 3469 4499 quemquem

1936 4509 2092 4562 utiles
2121 4510 2229 4563 sint
2255 4549 2271 4575 ,
2320 4514 2508 4566 merito
2539 4514 2774 4566 laetitiam
2806 4515 3019 4582 pariunt
3043 4519 3275 4572 auditori
3305 4522 3469 4573 simul

1939 4616 2001 4651 ac
2029 4598 2095 4650 ab
2124 4599 2236 4666 ipso
2263 4601 2567 4667 approbata:
2596 4604 2813 4667 fuerint,
2839 4606 3267 4670 respondebimus
3290 4608 3461 4677 legem

1939 4695 1993 4739 et
2040 4686 2377 4754 prapbeticos
2420 4702 2695 4744 sermones
2738 4701 2860 4743 ante
2912 4692 3113 4746 Christi
3151 4696 3464 4760 adventuuz,

1941 4776 2061 4841 quia
2106 4777 2337 4829 nondum
2382 4778 2682 4832 advenisset
2723 4780 2808 4832 ille
2850 4780 2943 4846 qui
2996 4781 3048 4832 in
3094 4782 3178 4835 bis
3217 4791 3475 4838 contento.

1942 4872 2205 4918 reseraret
2234 4866 2505 4934 mysteria,
2535 4880 2639 4920 non
2663 4869 2910 4920 habuisse
2933 4865 3188 4931 ejusmodi
3218 4872 3458 4921 nuntium

1940 4952 2079 5016 quod
2112 4950 2386 5021 Evangelii
2419 4955 2727 5011 deﬁnitione
2758 4957 3090 5010 continetur:
3126 4955 3471 5011 Servatorem

1940 5051 2066 5092 vero
2088 5079 2103 5103 ,
2136 5044 2199 5092 ad
2230 5056 2327 5095 nos
2357 5058 2476 5097 cum
2526 5047 2840 5098 accessisset
2868 5080 2885 5105 ,
2919 5051 2971 5091 et
3017 5048 3076 5090 nt
3128 5039 3478 5109 Evangelium

1942 5143 2166 5196 corpore
2211 5140 2351 5184 esset
2382 5136 2657 5202 praeditum
2688 5132 2957 5186 (ﬂet-isset
2984 5165 3000 5189 ,
3033 5128 3326 5193 perfecisse
3354 5146 3482 5187 cum

350 5282 390 5314 ιι
413 5280 598 5335 Mum,
628 5279 789 5344 “,5,
868 5275 917 5307 δι
945 5272 1109 5326 'Joan.
1134 5286 1200 5332 tv,
1226 5272 1306 5324 25.
1375 5274 1428 5306 ⁸⁸
1458 5276 1586 5331 Luc.
1611 5293 1756 5343 xxrv,
1782 5282 1845 5334 18

1945 5286 2033 5338 let
2057 5300 2203 5354 seqq.
2278 5287 2323 5318 “
2351 5287 2502 5340 Juan.
2535 5303 2572 5349 ι,
2600 5288 2686 5340 Η.
2762 5286 2806 5317 ⁸⁷
2846 5283 3000 5337 102m.
3030 5297 3068 5346 ι,
3098 5282 3194 5335 45.

351 5368 448 5439 (36)
509 5371 703 5448 ίίότος
750 5360 1837 5448 σεξριέιτέθνηάῖξιθή,τῷησξιστςύφιτι

266 5424 694 5503 ιπάροῶσιανῖηλ
755 5424 1102 5503 Πᾷγέέςηδὲ
1126 5424 1350 5503 01."ch
1401 5424 1592 5486 (omnia
1625 5438 1831 5492 deside-

293 5494 461 5557 rantur
482 5505 534 5557 in
563 5502 803 5557 editione
825 5494 1044 5556 Huetii,
1076 5494 1424 5548 restituuntur
1453 5512 1521 5552 ex
1563 5504 1831 5559 codicibus

1940 5374 2228 5429 Barbcriuo
2255 5386 2305 5429 et
2332 5377 2639 5431 Bodleiano.

2008 5444 2116 5512 (57)
2141 5444 2320 5511 Ὅροι.
2348 5445 2519 5500 Codex
2553 5445 2914 5503 Bodleianus,
2940 5437 3105 5504 λόγοι.
