3848 6170
570 214 644 272 35

1962 181 2291 271 putemus

572 328 880 399 Evangelio,
903 335 963 383 ιιι
990 329 1169 382 omnia
1198 335 1379 382 essent
1401 326 1573 381 instar
1597 326 1887 395 Evangelii.
1917 325 2091 397 Neque

2054 344 2102 383 te
2132 346 2174 383 ια.
2205 326 2377 380 πάντα
2432 328 2563 381 ὡσεὶ
2625 328 2950 398 Εὐαγγέλιον
2998 327 3293 400 πεποίηκεν
3319 346 3334 359 ο
3392 328 3484 384 καὶ
3531 327 3573 382 ei

570 428 766 486 praeter
805 418 1132 488 propositum
1177 417 1425 482 exemplo
1476 423 1654 470 uterer
1681 456 1695 479 ,
1732 416 1819 483 qui
1850 431 2106 485 pauca....

576 508 800 573 Quando
823 508 1055 560 enim....
1088 504 1210 557 ﬁliis
1248 503 1524 558 hominum
1554 504 1832 557 divinitate
1865 519 1982 567 sua,
2018 504 2111 558 ab-

571 596 697 658 lato.
722 595 861 663 quod
881 595 930 646 in
964 594 1077 661 lege
1095 601 1150 645 et
1171 593 1445 660 prophetis
1474 602 1610 657 erat,
1640 593 1919 653 velamine.
1945 592 2107 646 Deum

568 684 730 736 certis
764 682 1063 735 rationibus
1089 682 1342 741 ostendit,
1375 682 1549 748 palam
1577 682 1765 736 oculos
1789 665 1995 750 ponens
2025 682 2110 736 his

567 770 658 837 qui
690 768 965 836 sapientia:
1016 767 1133 835 ejus
1166 767 1417 835 discipuli
1457 767 1652 821 vellent
1697 768 1832 829 ﬂeri,
1866 782 2107 835 quaenam

568 866 694 904 vera
731 852 813 904 lex
845 851 1044 922 Moysis
1081 852 1400 913 contineret,
1447 868 1669 919 quorum
1717 856 2015 924 exetnplum
2054 867 2109 909 et

566 940 806 993 umbram
839 940 1089 993 colebant
1128 939 1361 1006 antiqui:
1406 949 1460 992 et
1502 955 1745 1008 quaenam
1790 942 1856 995 sit
1909 942 2107 995 veritas

567 1045 744 1084 rerum
778 1030 831 1082 in
873 1029 1112 1083 historiis
1141 1037 1539 1093 contentarum,
1562 1045 1679 1097 quae
1707 1030 1758 1082 in
1791 1031 1955 1096 ﬁgura
1979 1045 2107 1084 con-

568 1119 841 1186 tingebant
856 1117 981 1181 illis,
997 1126 1213 1186 propter
1228 1132 1322 1170 nos
1335 1117 1551 1184 scripta,
1573 1118 1636 1170 ad
1654 1132 1787 1184 quos
1804 1118 1933 1173 lines
1950 1133 2110 1172 srecu-

567 1207 742 1259 lorum
768 1205 824 1272 9
843 1205 1052 1258 deducti
1074 1215 1199 1258 sunt
1227 1204 1292 1257 ‘3.
1321 1204 1504 1257 Nullus
1526 1218 1653 1272 ergo
1673 1205 1739 1257 ad
1769 1219 1927 1273 quem
1955 1205 2110 1259 Chri-

567 1304 683 1348 stus
711 1294 1020 1355 accesserit,
1044 1293 1128 1345 vel
1162 1294 1212 1344 in
1243 1291 1731 1359 Hierosolymorum
1761 1294 1909 1355 urbe,
1941 1294 2025 1346 vel
2054 1294 2107 1346 in

569 1381 960 1434 Samaritarum
991 1390 1170 1434 monte
1198 1381 1361 1433 Deum
1393 1381 1608 1439 adorat:
1646 1382 1739 1435 sed
1759 1396 1881 1434 cum
1910 1382 2110 1437 didice-

569 1471 639 1523 rit
670 1470 835 1522 Deum
885 1469 1129 1536 spiritum
1167 1485 1305 1533 esse,
1337 1469 1876 1537 spiritualiter'illum
1925 1471 2108 1523 colens

569 1559 761 1626 spiritu
786 1567 838 1611 et
873 1558 1116 1619 veritate,
1148 1572 1251 1609 non
1286 1557 1514 1625 amplius
1556 1560 1654 1612 sub
1684 1559 1865 1626 lignris
1891 1557 2101 1612 Patrem

2208 415 2313 466 ἀπὸ
2344 414 2544 468 σκοποῦ
2574 417 2880 486 χρησαίμην
2912 416 2988 485 τῷ
3015 416 3413 484 παραδείγματι
3442 417 3534 469 τοῦ

2208 503 2299 554 καὶ
2354 503 2433 555 ὅτι
2489 504 2716 558 ὅλον.....
2773 507 2936 556 Ὅταν
2972 505 3100 575 γὰρ.
3132 543 3145 556 .
3170 542 3184 556 .
3211 543 3226 557 .
3262 543 3275 556 .
3307 506 3457 567 υἱοὺς
3490 506 3574 573 (58

2211 591 2506 661 ἀνθρώπων
2555 595 2620 663 τῇ
2678 593 2910 662 θειότητι
2963 592 3125 646 αὑτοῦ
3177 592 3439 662 περιελὼν
3479 594 3539 645 τὺ

2211 680 2356 748 νόμῳ
2387 682 2480 733 καὶ
2507 682 2807 752 προφήταις
2847 680 3103 750 κάλυμμα
3135 681 3244 750 (59)
3280 682 3496 734 πάντων
3522 682 3574 734 τὲ

2208 769 2474 832 ἀπέδειξε,
2505 769 2747 839 φανερῶς
2796 770 3146 839 παραστήσας
3169 773 3282 832 τοῖς
3333 769 3574 838 βουληθεῖ

2208 858 2395 925 σοφίας
2427 858 2585 911 αὐτοῦ
2607 857 2853 924 γενέσθαι
2890 858 3153 927 μαθηταῖς
3174 858 3297 910 τίνα
3317 857 3388 909 τὰ
3409 857 3569 926 άληθι

2206 947 2478 1008 Μωῦσέως
2534 946 2734 1015 νόμου,
2789 940 2862 998 ὧν
2914 946 3266 1015 ὑποδείγματι
3318 946 3415 998 καὶ
3470 949 3574 997 σκιὲ

2211 1051 2398 1104 τρευον
2425 1036 2473 1086 οἱ
2525 1035 2711 1098 πάλαι,
2765 1035 2856 1087 καὶ¹
2906 1034 2987 1096 τίς
3036 1036 3068 1104 ή
3115 1033 3343 1104 ἀλήθεια
3381 1033 3491 1085 τῶν
3551 1037 3574 1085 ἐ

2218 1122 2474 1190 ἱστορίαις
2535 1123 2890 1192 πραγμάτων,
2936 1122 3089 1174 ἅτινα
3151 1122 3394 1185 τυπικῶς
3457 1124 3574 1174 συνέ

2207 1211 2432 1272 ἐκείνοις
2452 1227 2465 1240 ο
2502 1211 2711 1280 ἐγράφη
2742 1211 2797 1262 δέ
2842 1209 2906 1261 δι’
2937 1211 3080 1279 ἡμᾶς
3102 1249 3116 1272 ,
3164 1212 3241 1272 εἰς
3277 1209 3369 1270 οὒς
3401 1209 3471 1261 τὰ
3496 1208 3574 1261 τέ]

2207 1297 2411 1350 αἰώνων
2468 1301 2786 1368 κατήντησε.
2846 1300 2960 1361 Πᾶς
3002 1293 3094 1351 οῦν
3148 1292 3192 1364 ᾧ
3245 1299 3485 1368 Χριστὸς
3522 1299 3574 1349 ἐτ

2210 1405 2400 1456 μηκεν,
2433 1386 2554 1439 οὔτε
2586 1390 2642 1439 ἐν
2681 1388 3064 1457 Ἰεροσολύμοις
3092 1386 3214 1440 οὔτε
3249 1390 3307 1439 ἐν
3334 1386 3414 1455 τῷ
3438 1387 3548 1439 τῶν

2211 1475 2398 1545 ρειτῶν
2446 1476 2561 1545 ὄρει
2605 1473 2712 1544 (40)
2752 1478 3041 1545 προσκυνεῖ
3070 1475 3147 1544 τῷ
3173 1474 3294 1544 Θεῴ
3317 1493 3330 1506 ·
3377 1474 3518 1527 ἀλλὰ
3566 1493 3574 1544 ι

2206 1562 2285 1613 ὅτι
2339 1561 2550 1631 πνεῦμα
2607 1564 2634 1613 ό
2677 1562 2824 1624 Θεὸς,
2883 1562 3261 1631 πνευματικῶς
3290 1561 3574 1632 λατρεύων

567 1647 938 1700 universorum
993 1645 1282 1712 mundique
1330 1646 1573 1712 opiﬁcem
1615 1647 1822 1712 adorat.
1899 1646 2086 1711 Quam-

2054 1661 2101 1698 ι-
2134 1625 2174 1678 Β
2201 1651 2464 1719 πνεύματι
2479 1625 2588 1704 *καὶ
2614 1651 2854 1721 ἀληθείᾳ,
2886 1625 3064 1704 οὐκέτι
3096 1651 3151 1703 δὲ
3177 1625 3461 1715 τυπικῶς,
3479 1668 3573 1720 πρι

564 1739 747 1794 obrem
781 1744 904 1788 ante
931 1735 1055 1787 illud
1090 1733 1430 1802 Evangelium
1479 1735 1617 1803 quod
1642 1749 1733 1802 per
1765 1734 1960 1788 Christi
2012 1737 2105 1790 ad-

568 1834 784 1878 ventum
813 1831 895 1876 est
929 1831 1126 1887 ortum,
1162 1821 1296 1874 nihil
1327 1836 1503 1874 rerum
1549 1824 1883 1890 antiquarum
1936 1824 2106 1876 Evan-

566 1911 761 1977 gelium
808 1919 941 1963 erat.
975 1910 1139 1962 Porro
1162 1908 1531 1976 Evangelium,
1579 1912 1718 1979 quod
1770 1919 1852 1964 est
1900 1910 2102 1964 Novum

566 2003 996 2063 Testamentum,
1020 2016 1139 2052 cum
1170 2015 1267 2052 nos
1290 2016 1317 2050 a
1344 2008 1606 2053 vetustate
1638 2001 1825 2054 litterae
1854 2002 2104 2055 abduxis-

568 2101 670 2155 set,
696 2091 915 2158 spiritus
938 2091 1224 2143 novitatem
1256 2104 1523 2154 nnnquam
1550 2099 1937 2154 senescentem,
1963 2102 2018 2145 et
2039 2093 2103 2144 ad

566 2180 771 2234 Novum
793 2180 1195 2240 Testamentum
1237 2177 1448 2243 proprie
1501 2180 1873 2243 pertinentem,
1902 2193 2017 2245 quae
2049 2178 2102 2230 in

566 2269 815 2321 omnibus
841 2277 922 2321 est
947 2266 1260 2332 Scriptu'ris,
1291 2267 1413 2319 luce
1453 2266 1770 2331 cognitionis
1798 2267 2100 2320 illustravit.

568 2358 798 2412 Necesse
830 2365 1008 2408 autem
1035 2363 1169 2419 erat,
1210 2354 1259 2406 id
1297 2355 1437 2421 quod
1463 2355 1720 2407 efﬁciebat
1751 2363 1805 2407 ut
1839 2356 1888 2406 in
1922 2353 2105 2408 Testa-

571 2455 750 2499 mento
776 2444 953 2497 Veteri
982 2453 1257 2509 putaretur
1286 2442 1630 2510 Evangelium
1660 2458 1798 2507 esse,
1839 2445 2104 2512 praecipue

564 2532 912 2600 Evangelium
948 2528 1222 2596 appellari.

635 2640 691 2693 92
734 2640 982 2690 Attamen
1031 2650 1135 2688 non
1184 2635 1532 2702 ignorandum
1592 2635 1740 2687 nobis
1786 2645 1866 2689 est
1908 2634 2103 2688 Christi

569 2731 881 2788 adventum,
914 2735 1199 2794 antequam
1242 2740 1465 2791 corpore
1494 2729 1559 2777 ad
1591 2734 1762 2777 terras
1807 2725 2102 2777 descende-

568 2825 670 2880 ret,
698 2814 1082 2881 inlelligibilem
1131 2812 1296 2863 multo
1349 2820 1475 2863 ante
1511 2810 1704 2863 factum
1739 2809 1901 2863 fuisse
1931 2810 2105 2878 perfe-

568 2901 840 2963 ctioribus,
876 2899 1196 2964 minimeque
1250 2897 1501 2963 parvulis,
1536 2897 1727 2963 quippe
1757 2897 1845 2963 qui
1873 2912 1899 2947 a
1932 2897 2103 2964 pzeda-
2128 2919 2169 2974 ρ

566 3004 817 3057 gogorum
853 2996 1265 3051 curatnrumqne
1295 3000 1421 3038 cura
1451 3000 1510 3038 ac
1540 2990 1700 3037 tutela
1729 2985 1878 3037 liberi
1903 2993 2099 3048 essent,

565 3079 634 3130 oh
670 3077 856 3129 oculos
886 3076 1141 3127 habentes
1165 3072 1539 3138 plenitudinem
1565 3088 1679 3127 eam
1712 3075 1963 3141 temporis
1987 3089 2103 3141 qua:

567 3176 744 3220 mente
769 3166 1117 3223 cernebatur:
1148 3176 1202 3218 ut
1229 3176 1379 3219 erant
1398 3166 1470 3216 illi
1506 3165 1839 3230 patriarclne,
1871 3174 1923 3216 et
1952 3163 2102 3232 Moy-

566 3271 653 3309 ses
687 3256 771 3307 ille
806 3264 984 3307 tantus
1040 3270 1246 3318 servus,
1296 3269 1357 3307 ac
1413 3253 1599 3319 reliqui
1656 3253 1959 3319 prophetat,
2012 3252 2099 3320 qui

565 3347 760 3401 Christi
799 3347 1021 3413 gloriam
1055 3345 1393 3412 contemplati
1419 3354 1561 3398 sunt.
1594 3343 1861 3397 Czeterum
1899 3353 1955 3396 ut
1979 3354 2102 3397 ante

566 3436 895 3503 corporalem
928 3444 981 3487 et
1014 3436 1349 3488 manifestum
1403 3437 1685 3486 adventum
1738 3434 1801 3485 ad
1836 3433 2103 3501 perfectos

566 3524 878 3585 advenerat,
909 3523 985 3576 sic
1012 3524 1173 3575 etiam
1200 3530 1314 3589 post
1339 3522 1660 3588 divnlgatam
1683 3520 1851 3588 ipsius
1882 3536 2105 3587 praesen-

569 3616 693 3666 tiam
719 3612 782 3664 ad
819 3627 910 3664 eos
940 3612 1027 3678 qui
1068 3612 1357 3663 etiamnum
1393 3619 1515 3663 sunt
1551 3610 1785 3677 parvuli,
1824 3611 1949 3678 quia
1996 3610 2103 3663 sint

565 3701 665 3754 sub
695 3700 1034 3753 curatoribus
1067 3707 1118 3751 et
1170 3697 1714 3759 administratorilms,
1757 3711 1820 3748 ac
1867 3697 2099 3749 nondum

564 3790 905 3861 pervenerint
942 3790 1006 3842 ad
1059 3788 1311 3855 temporis
1359 3787 1770 3855 plenitudinem,
1825 3802 2100 3843 sermones

564 3881 776 3946 quidam
840 3892 1195 3945 pra'cursores
1247 3876 1445 3929 Christi
1505 3877 1853 3941 advenerunt,
1904 3879 2099 3933 animis

567 3966 858 4032 puerilibus
884 3964 1293 4024 accommodati,
1328 3965 1416 4030 qui
1456 3964 1574 4030 jure
1604 3966 1869 4031 pzedagogi
1903 3981 2098 4019 vocen-

568 4067 670 4108 tur.
705 4057 770 4107 At
805 4068 931 4106 vero
965 4054 1076 4117 ipse
1104 4053 1290 4117 Filius,
1317 4052 1426 4119 ipse
1455 4052 1778 4121 gloriﬁcatus
1809 4054 1942 4107 Deus
1968 4056 2100 4109 Ver-

567 4144 689 4195 bum
719 4143 950 4195 nondum
989 4141 1233 4205 advenit;
1266 4140 1513 4192 nimirum
1561 4151 1878 4215 aspectans
1924 4153 1980 4196 ut
2007 4144 2098 4198 Dei

2201 1740 2289 1791 τὸν
2319 1739 2424 1792 τῶν
2449 1740 2585 1791 ὅλων
2622 1739 2837 1810 Πατέρα
2870 1740 2963 1791 καὶ
3007 1739 3355 1808 δημιουργόν.
3411 1740 3574 1791 Οὐκοί

2204 1827 2295 1879 τοῦ
2325 1828 2670 1895 Εὐαγγελίου,
2701 1828 2728 1880 ὃ
2751 1828 2937 1895 γέγονε
2963 1828 3047 1881 διὰ
3070 1829 3167 1897 τὴν
3183 1827 3420 1897 Χριστοῦ
3454 1829 3574 1879 ἐπιδ

2201 1915 2351 1966 οὐδὲν
2378 1914 2484 1967 τῶν
2515 1915 2677 1967 πάλαι
2710 1913 3051 1980 Ἐὑαγγέλιον
3087 1910 3173 1982 ἦν.
3208 1915 3280 1965 Τὸ
3312 1914 3371 1965 δὲ
3416 1915 3574 1981 Εὑαγ

2204 2005 2336 2076 ὅπερ
2370 2005 2484 2057 ἐστὶ
2515 2004 2752 2073 Διαθὴκη
2787 2004 2979 2071 Καινὴ,
3008 2004 3317 2073 ἀποστῆσαν
3356 2006 3513 2074 ἡμᾶς
3552 2023 3574 2055 τ

2201 2109 2358 2161 τητος
2402 2092 2493 2144 τοῦ
2535 2093 2874 2162 γράμματος.
2906 2092 3001 2162 τὴν
3043 2092 3309 2162 μηδέποτε
3356 2093 3574 2145 παλαια

2203 2182 2492 2249 καινότητα
2509 2180 2600 2232 τοῦ
2630 2180 2953 2249 πνεύματος,
2976 2180 3178 2232 οἰκείαν
3201 2180 3298 2248 τῆς
3329 2182 3551 2249 Καινῆς

2202 2286 2303 2338 κης
2335 2271 2731 2338 τυγχάνουσαν,
2772 2271 2828 2321 ἐν
2868 2269 3064 2331 πάσαις
3098 2269 3468 2338 ἀνακειμένην
3509 2271 3574 2337 Γε

2202 2357 2277 2426 τῷ
2301 2360 2437 2425 φωτὶ
2461 2358 2559 2426 τῆς
2588 2357 2834 2425 γνώσεως
2858 2357 3182 2427 ἀνέλαμψεν.
3223 2358 3427 2427 Ἐχρῆν
3457 2359 3517 2410 δὲ
3547 2375 3574 2409 τ

2201 2449 2349 2499 τικὸν
2387 2448 2478 2499 τοῦ
2526 2448 2617 2499 καὶ
2649 2449 2705 2498 ἐν
2739 2451 2803 2516 τῇ
2852 2447 3058 2515 Παλαιᾷ
3109 2446 3346 2515 Διαθήκῃ
3405 2446 3574 2516 νομιζ

2202 2536 2527 2604 Εὑαγγελίου
2566 2536 2854 2605 ἐξαιρέτως
2883 2535 3155 2588 καλεῖσθαι
3188 2536 3556 2602 Εὑαγγέλιον.

2272 2625 2324 2677 9.
2358 2624 2501 2694 Πλὴν
2529 2626 2627 2676 οὐκ
2655 2624 2940 2693 ἀγνοητέον
2963 2621 3195 2692 Χριστοῦ
3224 2624 3535 2693 ἐπιδημίαν
3564 2641 3574 2675 :

2201 2718 2300 2786 τῆς
2331 2716 2470 2769 κατὰ
2505 2715 2658 2783 σῶμα
2682 2714 2968 2783 ἐπιδημίας
2991 2714 3087 2781 τὴν
3112 2713 3304 2782 νοητὴν
3341 2715 3574 2781 γεγονέκ

2202 2804 2548 2874 τελειοτέροις
2593 2804 2685 2855 καὶ
2722 2803 2781 2853 οὐ
2808 2802 3035 2870 νηπίοις,
3075 2801 3191 2852 οὐδὲ
3233 2801 3337 2853 ὑπὸ
3392 2804 3574 2856 παιδα

2203 2896 2295 2949 καὶ
2339 2895 2660 2963 ἐπιτρόπους
2707 2893 3182 2959 ἐπιτυγχάνουσιν,
3207 2888 3289 2952 οἷς
3334 2892 3401 2944 τὸ
3453 2910 3574 2964 νοηι

2202 2983 2388 3052 χρόνου
2419 2982 2684 3050 πλήρωμα
2717 2980 2925 3049 ἐνέστη,
2956 2979 3312 3049 πατριάρχαις
3331 3017 3345 3041 ,
3409 2983 3515 3035 καὶ
3566 2986 3574 3036 l

2202 3072 2276 3140 τῷ
2311 3071 2626 3140 θεράποντι,
2681 3070 2772 3121 καὶ
2831 3072 2941 3130 τοῖς
2981 3069 3327 3138 τεθεαμένοις
3370 3072 3573 3140 Χριστι

2201 3158 2353 3224 δόξαν
2390 3159 2706 3227 προφήταις.
2752 3157 2957 3225 Ὥσπερ
2985 3156 3040 3207 δὲ
3082 3156 3183 3225 πρὸ
3218 3155 3316 3224 τῆς
3349 3157 3574 3225 ἐμφανε

2203 3246 2339 3300 κατὰ
2363 3246 2520 3315 σῶμα
2551 3245 2837 3315 ἐπιδημίας
2872 3244 3179 3314 ἐπεδήμησε
3203 3247 3313 3307 τοῖς
3349 3248 3572 3300 τέλείοι

2201 3337 2292 3388 καὶ
2321 3335 2455 3404 μετὰ
2486 3335 2581 3404 τὴν
2616 3334 3026 3402 κεκηρυγμένην
3052 3334 3348 3401 παρουσίαν
3387 3339 3519 3399 τοῖς
3569 3340 3574 3384 l

2201 3422 2364 3485 πίοις,
2400 3422 2493 3474 ἆτε
2542 3422 2645 3473 ὑπὸ
2691 3421 3013 3490 ἐπιτρόπους
3055 3422 3380 3489 τυγχάνουσι
3443 3426 3553 3476 καὶ

2204 3528 2358 3580 μους,
2384 3512 2476 3562 καὶ
2503 3510 2721 3579 μηδέπω
2752 3511 2841 3561 ἐπὶ
2871 3510 2931 3561 τὸ
2952 3510 3217 3578 πλήρωμα
3249 3511 3345 3563 τοῦ
3374 3515 3574 3582 χρόνοι

2201 3603 2369 3666 κόσιν,
2392 3602 2438 3652 οἱ
2472 3602 2568 3669 μὲν
2585 3600 2873 3671 πρόδρομοι
2895 3599 3124 3669 Χριστοῦ
3152 3599 3574 3669 ἐπιδεδημήκαε

2198 3690 2392 3759 ψυχαῖς
2424 3690 2749 3758 ἁρμόζοντες
2779 3689 2942 3754 λόγοι,
2978 3686 3209 3753 εὐλόγως
3232 3685 3297 3738 ἂν
3323 3687 3574 3757 κληθένε

2198 3784 2459 3851 ἃαγωγοίο
2494 3782 2652 3843 αὐτὸς
2683 3782 2738 3832 δὲ
2758 3781 2785 3829 ὁ
2818 3779 2943 3839 Υἱὸς
2962 3775 3400 3845 όδεδοξασμένος
3452 3780 3574 3833 Θεὸ

2199 3874 2423 3933 οὐδέπω,
2455 3870 2754 3938 περιμένων
2772 3867 2866 3935 τὴν
2894 3865 3113 3918 δέουσαν
3154 3865 3423 3931 γενέσθαι
3486 3887 3574 3941 πρ

2201 3961 2394 4026 σκευὴν
2417 3954 2527 4019 τοῖς
2558 3957 2806 4026 μέλλουσι
2838 3958 3031 4025 χωρεῖν
3072 3952 3233 4006 αὐτοῦ
3269 3956 3370 4025 τὴν
3419 3958 3571 4014 θεότ

2200 4050 2431 4120 θρώποις
2452 4047 2602 4102 Θεοῦ.
2628 4045 2736 4099 Καὶ
2758 4045 2911 4097 τοῦτο
2931 4044 2988 4096 δὲ
3019 4044 3209 4096 εἰδέναι
3227 4046 3432 4115 ἐχρῆν,
3463 4051 3573 4104 ὃτι

2200 4141 2313 4193 ἐστὶ
2332 4139 2488 4207 νόμος
2521 4135 2674 4188 σκιὰν
2724 4135 2988 4204 περιέχων
3030 4132 3137 4184 τῶν
3188 4133 3526 4201 μελλόντων

568 4230 815 4284 homines
844 4229 1174 4281 divinitatem
1203 4227 1344 4281 illius
1367 4230 1662 4294 percepturi
1697 4231 1968 4284 decentem
2000 4248 2087 4301 ap-

2054 4250 2094 4284 .-
2127 4224 2171 4276 D
2199 4228 2303 4279 ὑπὸ
2329 4226 2418 4278 τοῦ
2456 4224 2594 4277 κατὰ
2615 4223 2866 4294 ἀλήθειαν
2898 4221 3410 4290 καταγγελλομένω»
3475 4230 3573 4299 νόε

570 4328 811 4385 paratum
833 4315 1051 4369 faciant.
1070 4312 1184 4367 lam
1204 4324 1254 4367 et
1276 4318 1372 4367 hoc
1395 4330 1604 4383 quoque
1630 4318 1860 4370 sciamus
1881 4335 2089 4376 necesse

2054 4336 2097 4376 ;e
2195 4317 2483 4387 λουμένων,
2531 4313 2672 4367 οὕτω
2719 4314 2812 4366 καί¹
2868 4313 3192 4381 Εὐαγγέλιον
3239 4316 3412 4367 σκιὰν
3471 4338 3573 4389 μυε

566 4414 648 4458 est
680 4419 694 4455 :
727 4414 784 4455 ut
814 4404 893 4455 lex
923 4404 1162 4455 umbram
1200 4406 1432 4455 continet
1463 4403 1762 4456 futurorum
1799 4407 2095 4473 bonorum,

567 4507 684 4559 quae
716 4490 1051 4545 declarantur
1091 4493 1155 4543 ab
1186 4505 1244 4543 ea
1288 4490 1400 4558 lege
1453 4505 1568 4557 quae
1617 4494 1961 4546 annuntiatnr
2015 4511 2100 4549 se-

567 4581 799 4637 cundum
836 4581 1132 4642 veritatem,
1167 4580 1241 4632 sic
1262 4581 1420 4633 etiam
1452 4580 1813 4647 Evangelium,
1844 4586 1984 4652 quod
2018 4586 2100 4639 vel

569 4685 598 4723 a
656 4670 1058 4737 quibuscunque
1109 4667 1413 4732 vulgaribus
1464 4668 1684 4736 intelligi
1736 4672 2096 4735 existimatur,

565 4760 805 4811 umbram
830 4760 980 4809 docet
1008 4756 1377 4825 mysteriorum
1400 4755 1616 4809 Christi.
1648 4758 1818 4825 Atque
1852 4759 2096 4825 equidem

567 4847 706 4912 quod
751 4844 982 4899 Joannes
1031 4843 1263 4911 appellat
1295 4844 1635 4909 Evangelium
1689 4849 2092 4916 sempiternum,

554 4934 702 5000 .quod
735 4933 946 5002 proprie
970 4932 1071 4986 dici
1099 4942 1272 5001 posset
1295 4934 1589 4999 spirituale,
1612 4944 1795 5003 aperte
1821 4935 1951 4989 virls
1975 4951 2097 4989 cor-

568 5023 703 5075 datis
754 5032 807 5073 et
846 5023 1263 5090 intelligentibus
1297 5025 1364 5077 ob
1409 5024 1590 5077 oculos
1623 5026 1771 5086 ponit
1805 5025 1983 5078 omnia
2029 5026 2128 5098 de.

633 5097 727 5166 ⁸ι⁴ι
753 5114 875 5168 Cor.
911 5131 965 5178 κ,
1001 5116 1085 5168 ιι.

638 5207 746 5273 ('58)
776 5206 883 5258 Kal
922 5209 1029 5258 οὐκ
1064 5208 1138 5260 ἂν
1181 5209 1294 5261 ἀπὸ
1339 5208 1568 5260 σκοποῦ
1622 5209 1961 5274 χρησαίμην
2015 5207 2107 5269 τῷ

567 5275 978 5341 παραδείγματι
1017 5275 1121 5327 τοῦ
1164 5277 1341 5342 μικρὰ
1382 5277 1475 5327 καὶ
1520 5277 1606 5326 ὅτι
1661 5274 1894 5326 ὄλον....
1924 5275 2094 5325 Ὅταν

568 5343 760 5409 γὰρ....
791 5343 975 5406 υἱούς,
998 5352 1102 5396 etc.
1128 5342 1245 5395 Her
1261 5344 1432 5395 omnia
1455 5343 1645 5394 dcsnnt
1668 5344 1801 5407 apud
1828 5342 2093 5409 Huetium,

569 5408 659 5460 Sed
688 5411 1037 5462 restituuntur
1069 5425 1132 5462 ex
1176 5411 1449 5462 codicibus
1490 5409 1774 5462 Bodleiano
1805 5419 1856 5462 et
1901 5408 2095 5461 Barbe-

572 5477 709 5539 riuo,
731 5479 781 5530 in
812 5478 1001 5544 quibus
1026 5477 1198 5531 adhuc
1229 5478 1411 5530 lacuna
1437 5478 1594 5529 inest.

2197 4403 2427 4474 Χριστοῦ
2459 4403 2694 4454 διδάσκει
2725 4400 2785 4451 τὸ
2834 4399 3181 4469 νομιζόμενον
3223 4398 3332 4451 ὑπὸ
3393 4404 3574 4457 πάντ

2199 4492 2624 4563 ἐντυγχανόντων
2655 4489 2908 4541 νοεῖσθαι.
2940 4491 3004 4540 Ὃ
3026 4488 3080 4539 δέ
3106 4504 3268 4557 φησιν
3309 4488 3574 4564 Ἰωάννη

2199 4583 2375 4650 γέλιον
2407 4581 2641 4642 αἰώνιον,
2681 4579 2892 4640 οἰκείως
2922 4578 2986 4631 ἂν
3029 4576 3441 4646 λεχθησόμενον
3495 4602 3574 4635 m

2198 4671 2310 4735 κὸν,
2336 4670 2516 4738 σαφῶς
2544 4668 2837 4737 παρίστησι
2866 4671 2976 4730 τοῖς
3004 4665 3181 4718 νοοῦσι
3211 4665 3280 4716 τὰ
3317 4666 3534 4723 πάντα

2201 4761 2327 4828 περ).
2357 4756 2516 4809 αὑτοῦ
2543 4755 2633 4807 τοῦ
2664 4754 2791 4806 Υἱοῦ
2818 4756 2909 4807 τοῦ
2944 4753 3097 4816 Θεοῦ,
3133 4754 3225 4804 καὶ
3266 4752 3338 4806 τὰ
3380 4772 3574 4829 παρις

2204 4845 2469 4914 μυστήρια
2498 4842 2600 4894 ὑπὸ
2629 4843 2735 4893 τῶν
2766 4842 2937 4910 λόγων
2963 4840 3144 4903 αὐτοῦ,
3175 4840 3243 4893 τά
3265 4856 3327 4893 τε
3359 4849 3574 4920 πράγε

2200 4936 2494 5002 αἰνίγματα
2525 4929 2662 5000 ἦσαν
2698 4934 2750 4983 αἱ
2793 4934 3015 5003 πράξεις
3045 4929 3224 4985 αὑτοῦ.
3275 4931 3539 5000 Τούτοις

2198 5023 2381 5076 λουθόν
2401 5024 2543 5072 ἐστιν
2572 5020 2955 5089 ἐκλαμϐάνειν,
2997 5023 3078 5074 ὅτι
3115 5018 3172 5069 ὃν
3219 5018 3432 5084 τρόπον
3481 5027 3555 5078 ἐν

2275 5201 2381 5271 (59)
2413 5200 2596 5274 Codex
2629 5203 2982 5274 Bodleianus.
3010 5207 3070 5262 τὸ
3098 5207 3154 5257 ὲν
3195 5217 3236 5251 π

2199 5269 2370 5349 νόμου
2386 5269 2665 5337 κάλυμμα.
2703 5275 2825 5333 Mox
2851 5300 2946 5351 pro
2973 5269 3184 5335 πάντων
3211 5286 3239 5319 τ

2203 5337 2646 5408 νιιιειιιιῂπάντως
2676 5343 2741 5395 τὸ
2774 5350 2951 5408 Θεῑον,

2232 5474 2242 5485 .
2271 5404 2380 5471 (40)
2418 5406 2600 5470 "Oper.
2644 5410 2771 5468 llaec
2806 5404 3237 5478 vdgﬁstiluitttr
3264 5420 3329 5455 ex
3356 5410 3574 5470 codice

2202 5490 2337 5526 l‘llIO.

3346 5204 3536 5272 ήταις

3340 5273 3463 5325 εῖον
3504 5280 3574 5342 le,
