3848 6172
304 231 368 284 3'1

1375 236 1720 292 COMMENT.
1754 236 1822 293 ιΝ
1851 236 2038 293 JOAN.
2075 235 2309 292 TOMUS
2342 237 2381 291 I.
3434 241 3506 297 32

324 339 554 400 Ἰουδαῖός
576 332 651 396 τίς
694 336 804 381 εστι
849 329 963 384 καὶ
1004 343 1524 413 περιτετμημένος,
1564 345 1704 398 οὕτω
1749 346 1876 414 Χρι-

1983 345 2091 412 ipso
2121 342 2254 396 Filio
2279 342 2392 407 Dei,
2424 348 2533 395 tum
2575 343 2822 407 mysteria
2852 345 2919 398 ab
2959 345 3126 414 ipsius
3167 349 3505 402 sermonibus

324 428 519 490 στιανδς
549 423 650 495 (Μ)
677 416 767 473 καὶ
798 415 1137 496 βάπτισμα.
1167 424 1374 493 Παῦλος
1409 432 1505 500 μὲν
1553 432 1646 485 καὶ
1678 434 1876 503 Πέτρος

325 517 382 569 ὲν
405 504 604 583 φανερῷ
625 508 879 579 πρότερον
918 507 1093 577 ὅντες
1122 518 1172 568 οἰ
1217 518 1486 582 Ἰουδαῖοι,
1538 515 1631 571 καί
1665 529 1876 589 περιτε-

323 604 597 675 τμημένοι,
626 599 842 667 ὕστερον
870 601 974 652 καὶ
1008 604 1071 655 ὲν
1101 603 1182 673 τῷ
1215 605 1437 675 κρυπτῷ
1485 607 1709 658 τοιοῦτοι
1750 623 1880 674 τυγ-

327 696 501 763 χάνειν
524 689 625 745 ἀπὸ
664 685 837 757 Ἰησοῦ
862 688 1150 759 εἰλήφασι,
1175 694 1235 745 τὸ
1256 696 1312 745 ὲν
1338 695 1549 763 φανερῷ
1577 690 1714 747 εἶναι
1755 696 1879 746 Ἰου-

326 778 462 835 δαῖοι
491 780 575 834 διὰ
610 777 708 848 τὴν
760 778 871 831 τῶν
916 780 1137 834 πολλῶν
1182 783 1445 853 σωτηρίαν
1466 822 1482 846 ,
1527 785 1643 836 κατ’
1683 784 1879 836 οἰκονο-

332 872 457 940 μίαν
480 869 609 937 (42).
637 869 697 921 οὐ
736 868 897 937 μόνον
922 868 1104 936 λόγοις
1149 871 1523 940 ὁμολογοῦντες
1547 911 1562 935 ,
1609 871 1743 924 ἀλλὰ
1787 873 1879 924 καί

328 958 415 1011 διὰ
446 957 549 1010 τῶν
589 956 765 1026 ἔργων
791 956 1123 1020 δεικνύντες.
1161 959 1233 1010 Τὸ
1260 960 1304 1010 δ’
1333 959 1459 1011 αὐτὸ
1494 960 1585 1011 καὶ
1624 961 1749 1030 περὶ
1788 959 1876 1012 τοῦ

329 1046 750 1116 Χριστιανισμοῦ
785 1046 964 1098 αὐτῶν
994 1046 1230 1101 λεκτέον.
1261 1050 1366 1101 Καὶ
1405 1048 1587 1118 ὥσπερ
1613 1050 1709 1101 οὐκ
1739 1050 1879 1102 ἔστιν

332 1135 602 1203 ὠφελῆσαι
661 1135 911 1211 δυνατὸν⁵
942 1135 1156 1189 Παῦλον
1190 1138 1313 1199 τοὺς
1349 1138 1485 1190 κατὰ
1527 1140 1702 1209 σάρκα
1751 1142 1879 1192 Ἰου-

332 1224 526 1287 δαίους,
557 1224 651 1276 ὲὰν
679 1223 775 1293 μὴ,
810 1225 897 1276 ὅτε
926 1227 955 1276 ό
976 1225 1132 1290 λόγος
1165 1228 1325 1296 αἱρεῖ,
1359 1230 1620 1301 περιτέμῃ
1662 1229 1751 1281 τὸν
1790 1231 1880 1281 Τι-

250 1372 262 1391 ’
336 1313 542 1383 μόθεον,
565 1313 659 1365 καί
687 1313 777 1365 ὅτε
812 1311 1030 1381 εὔλογόν
1066 1317 1181 1366 ἐστι
1212 1316 1503 1386 ξυράμενον
1526 1357 1540 1380 ,
1585 1318 1675 1369 καὶ
1718 1334 1880 1386 προσ-

335 1402 497 1471 φορὰν
551 1402 875 1469 ποιήσαντα,
930 1403 1023 1453 καὶ
1079 1403 1410 1466 ἁπαξαπλῶς
1461 1407 1572 1467 τοῖς
1618 1404 1880 1466 Ἰουδαίοις

348 1489 584 1540 Ἰουδαῖον
630 1489 956 1557 γενόμενον,
993 1489 1079 1540 ἵνα
1127 1491 1249 1552 τοὺς
1294 1492 1570 1552 Ἰουδαίους
1613 1493 1875 1561 κερδήσῃ·

1975 429 2227 488 exhibita,
2265 437 2372 481 tum
2403 442 2490 481 res
2516 442 2736 494 quarum
2761 430 3038 498 aenigmata
3070 432 3236 500 ipsius
3266 433 3527 486 actionesr

1974 526 2148 570 erant.
2180 515 2271 570 His
2298 529 2631 582 consequens
2653 524 2734 568 est
2769 531 3036 584 exponere
3059 527 3118 571 ut
3149 518 3200 570 in
3224 518 3505 572 manifesto

1974 603 2185 657 Judaeus
2232 603 2354 669 quis
2387 612 2489 669 est,
2524 611 2579 656 et
2628 603 2991 666 circumcisus,
3024 605 3100 658 sic
3139 605 3501 659 Christianum

1974 706 2095 745 esse
2123 701 2175 744 et
2199 691 2479 758 baptisma.
2508 690 2646 755 Quin
2676 692 2778 759 ιο
2805 693 2962 745 etiam
2984 691 3179 747 Paulus
3205 695 3417 761 quidem
3448 703 3505 748 et

1975 779 2182 843 Petrus,
2206 781 2294 847 qui
2332 780 2385 832 in
2429 779 2717 832 manifesto
2747 778 2911 847 Judaei
2947 790 3101 834 antea
3128 791 3281 834 erant
3311 792 3363 836 et
3391 783 3503 835 cir-

1976 866 2214 925 cumcisi,
2248 873 2427 933 postea
2469 874 2670 918 tantum
2698 844 3010 931 iri/occulto,
3056 868 3187 921 tales
3218 878 3273 920 ut
3306 881 3503 934 essent,

1975 970 2003 1005 a
2034 954 2158 1008 Jesu
2188 961 2527 1020 acceperunt,
2551 966 2672 1004 cum
2703 966 2804 1004 non
2831 951 2932 1005 alia
2967 954 3032 1006 de
3058 968 3214 1008 causa
3249 954 3404 1007 etiam
3441 948 3503 1008 Se

1978 1043 2029 1094 in
2061 1040 2338 1094 manifesto
2363 1039 2575 1093 Judazos
2617 1040 2911 1107 essefquam
2956 1051 3170 1109 propter
3214 1042 3499 1096 multorum

1977 1129 2196 1183 salutem
2221 1141 2273 1181 et
2299 1128 2586 1181 secundum
2616 1130 2988 1189 meonomiam,
3029 1143 3130 1180 non
3164 1128 3327 1180 solum
3380 1142 3500 1181 ver-

1976 1217 2058 1270 bis
2104 1216 2419 1277 faterentur,
2459 1228 2641 1267 verum
2674 1214 2833 1267 etiam
2868 1200 3023 1264 factis
3057 1203 3397 1261 declararent.
3442 1207 3498 1259 Id

1977 1305 2117 1372 quod
2140 1303 2301 1355 etiam
2333 1306 2396 1354 de
2417 1315 2602 1354 eorum
2627 1300 3031 1354 Christianismo
3056 1302 3367 1351 censendum
3398 1314 3500 1354 est.

1976 1394 2043 1448 Et
2072 1391 2512 1459 quemadmodum
2543 1389 2738 1442 Juda:is
2767 1390 3051 1441 secundum
3100 1400 3311 1441 carnem
3358 1388 3504 1453 adjue

1978 1488 2152 1533 mento
2175 1494 2293 1532 esse
2320 1494 2418 1531 non
2451 1485 2620 1544 potest
2662 1476 2876 1537 Paulus,
2905 1474 3003 1528 nisi
3033 1475 3242 1542 quando
3273 1478 3503 1541 postulat

335 1576 495 1636 οὕτως
526 1575 617 1627 τὸν
648 1574 966 1644 ἐκκείμενον
989 1576 1069 1637 εἰς
1098 1575 1300 1630 πολλῶν
1338 1577 1598 1644 ὠφέλειαν
1631 1579 1728 1629 οὐκ
1770 1577 1876 1629 ἔστι

1983 1569 2135 1629 ratio,
2164 1566 2516 1620 circumcidat
2544 1564 2900 1627 Timotheum,
2936 1571 2989 1617 et
3026 1563 3236 1630 quando
3281 1576 3503 1616 consen-

336 1666 418 1717 διὰ
440 1664 531 1716 τοῦ
556 1666 616 1716 ὲν
639 1639 858 1733 Χριστῷ
886 1665 1306 1733 Χριστιανισμοῦ
1328 1639 1434 1734 (43)
1473 1639 1628 1735 μόνον
1663 1667 1876 1719 δυνατὸν

1983 1665 2191 1708 laneum
2230 1664 2311 1707 est
2338 1653 2639 1714 tondeatur,
2671 1653 2986 1706 oblationem
3014 1651 3219 1713 offerat,
3255 1659 3329 1713 et,
3360 1662 3418 1702 ut
3450 1651 3503 1703 in

335 1755 452 1814 τοὺς
486 1753 951 1821 στοιχειουμένους
994 1755 1052 1804 ὲν
1096 1754 1172 1823 τῷ
1226 1755 1436 1825 φανερῷ
1480 1755 1878 1825 Χριστιανισμῷ

338 1839 610 1908 βελτιῶσαι
631 1839 729 1891 καὶ
752 1841 1081 1908 προαγαγεῖν
1110 1839 1201 1890 ἐπὶ
1234 1839 1300 1891 τὰ
1333 1839 1607 1908 κρείττονα
1630 1839 1721 1891 καὶ
1751 1841 1882 1891 ἀνω-

337 1928 486 1996 τέρω.
512 1929 712 1996 Διόπερ
726 1928 1017 1994 ἀναγκαῖον
1038 1926 1417 1994 πνευματικῶς
1441 1928 1532 1977 καὶ
1562 1927 1878 1995 σωματικῶς

336 2013 756 2083 Χριστιανίζειν,
804 2015 898 2066 καὶ
936 2016 1068 2066 ὅπου
1110 2014 1206 2082 μὲν
1229 2014 1329 2084 χρὴ
1356 2013 1414 2084 τὸ
1445 2014 1745 2082 σωματικὸν
1777 2031 1876 2083 κη·-

339 2080 545 2173 ρόσσειν
566 2103 915 2169 Εὐαγγέλιον,
950 2080 1433 2169 φάσκονταημηδξν
1468 2080 1601 2153 εἶναι
1633 2101 1741 2170 (44)
1770 2080 1880 2163 τοίς

339 2192 605 2261 σαρκίνοις
634 2191 667 2261 ἦ
713 2192 918 2259 Ἰησοῦν
940 2192 1194 2260 Χριστὸν,
1217 2190 1310 2242 καὶ
1332 2189 1514 2241 τοῦτον
1539 2190 1880 2260 ἐσταυρωμέ-

336 2296 440 2343 νον,
469 2280 626 2331 τοῦτο
659 2280 937 2350 ποιητέον·
981 2280 1121 2333 ἐπὰν
1154 2279 1209 2330 δὲ
1237 2276 1494 2347 εὑρεθῶσι
1526 2278 1884 2346 κατηρτισμέ-

337 2384 409 2420 νοι
437 2369 516 2437 τῷ
540 2370 807 2438 πνεύματι
834 2369 965 2438 (45),
1000 2369 1095 2421 καὶ
1128 2367 1591 2437 καρποφοροῦντες
1631 2367 1686 2418 ὲν
1717 2364 1882 2434 αὐτῷ,

336 2458 561 2527 ἐρῶντες
586 2475 644 2509 τε
672 2458 773 2525 τῆς
797 2457 1045 2526 οὐρανίου
1086 2456 1271 2524 σοφίας
1292 2497 1308 2522 ,
1355 2455 1663 2524 μεταδοτέον
1702 2455 1881 2516 αὐτοῖς

335 2546 421 2598 τοῦ
442 2546 598 2613 λόγου
634 2547 1019 2608 ἐπανελθόντος
1041 2546 1147 2599 ἀπὸ
1166 2546 1257 2598 τοῦ
1294 2544 1661 2617 σεσαρκῶσθαι
1684 2583 1698 2607 ,
1742 2542 1824 2609 ἐφ’
1852 2540 1881 2591 ὃ

336 2629 397 2703 ῆν
420 2638 477 2687 ὲν
511 2636 651 2704 ἀρχῇ
687 2636 824 2705 πρὸς
854 2636 945 2686 τὸν
975 2635 1128 2689 Θεόν.
1166 2646 1178 2655 ’

1979 1742 2279 1794 universum
2313 1740 2501 1803 dicam,
2549 1739 2745 1793 Jndmis
2774 1738 2985 1792 Judaaus
3020 1736 3278 1791 efﬁciatur
3317 1748 3371 1790 ut
3402 1737 3500 1791 Ju-

1977 1831 2114 1882 da'os
2142 1827 2433 1882 lucrifaciat
2463 1847 2475 1878 :
2507 1828 2573 1879 ita
2599 1828 2706 1879 fieri
2736 1827 2918 1894 nequit
2939 1835 2994 1878 ut
3028 1827 3072 1878 is
3100 1826 3191 1894 qui
3222 1825 3504 1878 multorum

1978 1918 2185 1970 utilitati
2214 1917 2483 1985 expositus
2511 1925 2611 1981 est,
2638 1915 2828 1967 evehat
2854 1914 2918 1966 ad
2946 1915 3336 1981 praestantiora,
3371 1923 3424 1966 et
3450 1915 3505 1965 in

1976 2005 2221 2065 sublime,
2265 2004 2614 2067 melioresque
2657 2002 2838 2053 reddat
2883 2015 2979 2068 per
3004 2000 3394 2053 Christianismi
3450 1998 3504 2052 in

1978 2093 2187 2147 occulto
2218 2092 2525 2144 exsistcntis
2552 2091 2712 2157 legem
2752 2103 2842 2143 eos
2874 2088 2962 2155 qui
3003 2090 3318 2141 exteriorem
3351 2088 3506 2143 Chri-

1980 2181 2308 2234 stianismum
2340 2186 2656 2246 sequuntur.
2691 2177 2836 2230 lianc
2866 2178 2934 2228 ob
2971 2191 3213 2240 causam,
3243 2186 3352 2229 tum
3396 2176 3504 2244 spi-

1982 2268 2110 2330 ritu,
2162 2277 2269 2318 tum
2296 2280 2518 2333 corpore
2545 2264 2829 2317 Christiani
2864 2274 2923 2318 ut
2950 2266 3116 2317 simus
3145 2277 3358 2317 necesse
3398 2273 3502 2326 est,

1983 2364 2037 2409 et
2063 2356 2275 2422 quando
2300 2352 2574 2420 corporale
2612 2351 2957 2420 Evangelium
2980 2351 3366 2417 praedicandum
3397 2358 3500 2411 est,

1984 2442 2206 2496 dicendo
2243 2440 2543 2493 carnalibus
2573 2439 2702 2491 nihil
2731 2453 2823 2492 eos
2843 2438 2981 2492 scire
3015 2438 3112 2491 nisi
3141 2436 3321 2491 Iesum
3344 2438 3500 2491 Chri-

1982 2541 2142 2593 stum,
2175 2529 2391 2581 ethunc
2420 2527 2749 2589 cruciﬁxum,
2782 2527 2881 2579 hoc
2917 2526 3212 2579 faciendum
3237 2535 3338 2580 est.
3369 2526 3499 2579 Cum

1984 2630 2157 2675 autem
2194 2619 2391 2672 inventi
2420 2616 2615 2671 fuerint
2636 2616 2825 2670 elevati
2848 2616 3062 2684 spiritu,
3085 2624 3137 2668 et
3164 2616 3214 2667 in
3249 2617 3362 2681 ipso
3393 2615 3505 2667 frn-

338 2726 652 2788 etificantes,
694 2704 1049 2793 amantesque
1076 2725 1347 2793 sapientia:
1388 2726 1639 2788 cmlestis,
1682 2723 1735 2776 hi
1777 2718 2059 2789 participes
2091 2711 2350 2767 eﬂiciendi
2392 2709 2678 2764 suntverbi
2717 2708 2795 2779 [et
2821 2707 2940 2761 Filii
2985 2704 3101 2777 Dei]
3125 2707 3349 2777 regressi
3389 2714 3507 2776 post

341 2817 759 2871 incarnationem
806 2819 872 2870 ad
914 2817 967 2870 id
1002 2817 1145 2885 quod
1181 2826 1294 2871 erat
1332 2819 1384 2870 in
1425 2818 1682 2884 principio
1707 2816 1841 2883 apud
1868 2814 2050 2866 Deum.

403 2907 485 2960 10.
518 2906 699 2959 Ταῦτα
730 2905 787 2957 δὲ
799 2905 1151 2970 ἐξετάζοντες
1180 2906 1306 2974 περὶ
1343 2906 1435 2958 τοῦ
1464 2906 1784 2973 Εὑαγγελίου
1811 2905 1871 2956 οὐ

2040 2899 2125 2950 10.
2157 2896 2418 2948 Caeterum
2466 2893 2578 2947 haec
2622 2892 2763 2944 haud
2809 2889 3008 2943 frustra
3044 2902 3141 2941 nos
3190 2888 3507 2943 disseruisse

345 2996 507 3064 μάτην
534 2995 811 3063 εἰρηκέναι
834 2994 1134 3063 ἡγούμεθα,
1166 2995 1323 3045 οἰονεί
1355 2993 1603 3062 αἰσθητὸν
1648 2992 1880 3059 Εὐαγγέ-

341 3082 444 3135 λιον
476 3081 663 3150 νοητοῦ
693 3082 793 3132 καὶ
831 3078 1200 3148 πνευματικοῦ
1243 3083 1306 3148 τῇ
1340 3080 1548 3149 ἐπινοίᾳ
1585 3079 1879 3148 διακρίνον-

343 3186 424 3232 τες
446 3186 459 3199 ο
482 3169 572 3221 καὶ
602 3169 710 3238 γὰρ
741 3168 837 3220 νῦν
862 3168 1143 3239 πρόκειται
1175 3167 1234 3219 τὸ
1274 3168 1518 3237 αἰσθητὸν
1564 3168 1879 3233 Εὐαγγέλιον

349 3256 650 3326 μεταλαϐεῖν
690 3257 770 3317 εἰς
795 3254 1178 3323 πνευματικόν.
1205 3253 1297 3315 Τίς
1328 3255 1434 3323 γὰρ
1456 3255 1488 3322 ἠ
1527 3254 1761 3322 διήγησις
1788 3252 1879 3304 τοῦ

347 3346 586 3413 αἰσθητοῦ
634 3349 680 3398 εἰ
739 3346 816 3414 μὴ
870 3342 1329 3413 μεταλαμϐάνοιτο
1373 3345 1450 3404 εἰς
1495 3342 1879 3410 πνευματικόν;

350 3433 498 3485 ’Ἤτοι
521 3433 736 3502 οὐδεμία
767 3435 800 3503 ἢ
831 3434 985 3502 ὀλίγη
1016 3432 1108 3484 καὶ
1134 3432 1238 3484 τῶν
1266 3432 1529 3500 τυχόντων
1550 3432 1655 3485 ἀπὸ
1683 3432 1778 3499 τῆς
1798 3430 1881 3482 λέ-

349 3519 476 3584 ξεως
519 3524 705 3585 αὐτοὺς
750 3523 1091 3574 πεπεικότων
1131 3520 1418 3589 λαμϐάνειν
1455 3521 1521 3573 τὰ
1567 3518 1878 3588 δηλούμενα.

360 3611 507 3663 ’Δλλὰ
529 3596 633 3673 πᾶς
665 3610 815 3678 ἀγὼν
850 3612 981 3679 ἡμῖν
1008 3609 1262 3677 ἐνέστηκε
1300 3608 1650 3677 πειρωμένοις
1694 3609 1773 3668 εἰς
1816 3606 1883 3657 τὰ

349 3697 476 3767 βάθη
499 3699 590 3751 τοῦ
613 3697 969 3765 εὐαγγελικοῦ
1004 3695 1096 3748 νοῦ
1127 3696 1323 3763 φθάσαι
1353 3696 1445 3748 καὶ
1483 3695 1760 3764 ἐρευνῆσαι
1788 3694 1882 3760 τὴν

348 3790 402 3839 ἐν
424 3790 563 3858 αὐτῷ
586 3788 797 3858 γυμνὴν
837 3789 1023 3840 τύπων
1055 3786 1322 3856 ἀλήθειαν.
1367 3785 1483 3837 Τῶν
1513 3785 1575 3854 δὴ
1614 3781 1883 3849 εὐαγγελι-

349 3876 575 3943 ζομένων
613 3878 669 3929 ὲν
720 3875 941 3943 ἀγαθῶν
974 3873 1279 3942 ἀπαγγελίᾳ
1318 3871 1615 3940 νοουμένων
1641 3910 1655 3932 ,
1707 3870 1755 3920 οἱ
1788 3867 1883 3936 μὲν

349 3966 616 4018 ἀπόστολοι
646 3966 738 4017 τὸν
775 3964 982 4035 Ἰησοῦν
1003 3962 1432 4031 εὐαγγελίζονται
1452 3977 1465 3991 ο
1496 3959 1735 4026 λέγονται
1770 3956 1884 4025 μέν-

347 4074 420 4109 τοι
450 4058 522 4119 ὼς
546 4056 750 4124 ἀγαθὸν
776 4056 867 4108 καὶ
889 4055 984 4123 τὴν
1004 4054 1291 4105 ἀνάστασιν
1315 4046 1766 4118 εὐαγγελίζεσθαι,
1792 4047 1882 4098 καὶ

348 4148 503 4215 αὐτήν
533 4163 649 4208 πως
681 4142 847 4198 οὖσαν
887 4143 1093 4214 Ἰησοῦν
1130 4142 1236 4212 (46)
1257 4158 1270 4171 ·
1324 4139 1524 4210 Ἰησοῦς
1545 4139 1649 4206 γάρ
1686 4152 1844 4204 φησιν
1865 4151 1878 4163 ·

1976 2987 2360 3046 existimamus,
2412 2980 2678 3049 Evangelii
2732 2993 2944 3032 sensum
2977 2985 3226 3030 accurate
3286 2976 3505 3029 investi-

1977 3082 2182 3142 gantes,
2214 3081 2268 3125 et
2297 3070 2635 3138 Evangelium
2664 3066 2909 3121 sensibile
2945 3066 3011 3117 ab
3036 3065 3316 3131 Evangelia
3348 3066 3503 3117 intel-

1979 3161 2515 3230 ligihiliseparantes.
2554 3156 2761 3208 Etenim
2812 3167 2951 3205 nunc
2988 3152 3141 3203 nobis
3173 3152 3502 3218 propositum

1977 3259 2059 3301 est
2094 3258 2150 3299 nt
2177 3246 2514 3314 Evangelium
2539 3241 2789 3295 sensibile
2817 3250 3240 3293 transmutemus
3263 3240 3313 3291 in
3347 3241 3507 3292 intel~

1977 3334 2173 3404 ligihile
2219 3344 2272 3386 et
2318 3330 2625 3399 spirituale;
2679 3329 2872 3395 alioqui
2923 3342 3038 3395 qua:
3083 3328 3350 3379 enarratio
3401 3329 3506 3380 erit

1989 3421 2259 3492 Evangelii
2286 3418 2575 3479 sensibilis,
2607 3416 2707 3469 nisi
2739 3415 3173 3469 accommodetur
3202 3416 3267 3468 ad
3313 3416 3506 3468 intelli-

1978 3512 2139 3582 gihile
2167 3518 2219 3563 et
2269 3505 2577 3577 spirituale?
2606 3503 2746 3557 nulla
2780 3518 2910 3556 sane
2945 3502 3026 3554 vel
3064 3502 3253 3568 exigua
3275 3540 3289 3562 ,
3337 3516 3505 3567 eaque

1988 3598 2283 3666 vulgarium
2334 3595 2423 3661 qui
2458 3609 2524 3646 ex
2550 3592 2725 3646 verbis
2767 3592 2894 3659 ipsis
2920 3593 3023 3643 vim
3060 3605 3240 3645 eorum
3269 3606 3385 3659 qua:
3413 3592 3505 3644 de-

1981 3686 2250 3739 clarantur
2301 3682 2574 3747 percipere
2619 3679 2716 3731 sibi
2766 3678 3106 3746 persuadent.
3154 3677 3344 3730 Verum
3393 3686 3500 3730 tota

1978 3773 2243 3829 contentio
2273 3780 2450 3823 nostra
2481 3782 2545 3820 eo
2575 3768 2725 3819 nobis
2755 3767 3024 3833 dirigenda
3066 3775 3165 3828 est,
3206 3777 3263 3818 ιιι
3304 3766 3503 3832 pertin-

1979 3860 2121 3931 gere
2159 3873 2411 3913 conemur
2461 3854 2872 3922 profunditatem
2929 3867 3119 3905 sensus
3172 3854 3498 3919 evangelici,

1980 3947 2279 4002 accuratius
2309 3945 2615 4010 indagantes
2652 3940 2923 3993 veritatem
2954 3940 3003 3991 in
3042 3940 3154 4006 ipso
3195 3940 3374 4007 figuris
3405 3956 3501 3991 nu-

1979 4038 2119 4090 dam.
2162 4035 2332 4098 Atque
2359 4031 2599 4099 cquidem
2639 4029 2686 4080 si
2728 4029 3128 4081 considerentur
3167 4043 3229 4080 ea
3257 4042 3374 4094 quae
3402 4042 3501 4079 an-

1980 4125 2288 4179 nnntiantur
2317 4122 2367 4173 in
2397 4119 2653 4171 bonorum
2681 4117 3030 4185 promissione
3063 4132 3076 4167 :
3110 4116 3332 4184 apostoli
3379 4117 3499 4184 qui-

519 4202 699 4301 είμι-υή
733 4202 1097 4293 ἀνάστασις·
1136 4202 1346 4298 ’Ἰησοῦς
1371 4202 1425 4278 δὲ
1466 4226 1531 4276 τὰ
1558 4202 1671 4285 τοὶς
1702 4202 1876 4287 αγίοις

1983 4216 2102 4267 dem
2140 4211 2316 4265 Jesum
2345 4207 2665 4275 pradicant;
2702 4206 2951 4258 dicuntur
2982 4206 3224 4272 quidem.
3269 4219 3365 4258 ceu
3401 4206 3498 4257 ho—

350 4322 669 4390 ἀποκείμενα
695 4316 1095 4386 εὐαγγελίζεται
1118 4320 1227 4378 τοῖς
1259 4317 1509 4382 πτωχοῖς,
1557 4309 1878 4381 παρακαλῶν

351 4411 533 4472 αὐτοὺς
563 4412 655 4461 ἐπὶ
683 4409 784 4471 τὰς
816 4409 962 4469 θείας
1001 4405 1344 4472 ἐπαγγελίας.
1384 4404 1490 4454 Καὶ¹
1526 4397 1879 4469 μαρτυροῦσιν

351 4500 404 4549 αἰ
430 4498 561 4551 θεῖαι
598 4498 813 4568 Γραφαὶ
848 4499 959 4558 τοῖς
1001 4494 1105 4547 ὑπὸ
1132 4493 1236 4546 τῶν
1271 4491 1573 4545 ἀποστόλων
1609 4485 1881 4555 εὐαγγελι-

354 4590 515 4655 σμοῖς,
541 4589 634 4640 καὶ
681 4586 761 4654 τῷ
788 4586 892 4637 ὑπὸ
922 4583 1014 4637 τοῦ
1061 4583 1306 4652 Σωτῆρος
1348 4584 1380 4649 ἡ
1391 4579 1502 4648 μῶν
1546 4577 1652 4648 (47)
1671 4594 1684 4607 '
1728 4579 1756 4628 ὁ
1786 4575 1880 4644 μὲν

418 4703 458 4734 δ’
479 4703 629 4756 Joan.
668 4700 858 4780 31,23.

420 4814 525 4882 (41)
549 4786 649 4867 Ἐκ
663 4810 897 4880 φανερῷ
911 4806 1178 4882 Ἰουᾷαζός
1192 4807 1281 4882 τίς
1294 4804 1428 4882 ἐστι.
1442 4801 1537 4852 καὶ
1558 4806 1879 4882 περιτετμη-

246 4936 251 4941 ,
352 4867 537 4947 μέἒοέ,
554 4867 706 4933 οὕτῶ
718 4867 1083 4947 Χρῖστιανᾴς.
1098 4867 1227 4947 llaec
1242 4867 1874 4947 desuntapudlluetimn,

356 4935 443 5000 sed
472 4935 826 5002 restituuntur
848 4960 877 4996 e
907 4935 1059 4999 codd:
1098 4941 1382 4994 Bodleiano
1406 4946 1458 4988 et
1487 4935 1793 5002 Barberino.

418 5000 690 5083 (ﬁiKaz‘
716 5012 1084 5083 οἰκονομίαν.
1134 5006 1423 5083 errarins
1454 5000 1646 5083 vertit,‘
1669 5008 1874 5083 propter

356 5068 773 5148 aediﬁcationem;
803 5068 1010 5146 legebat
1041 5078 1155 5148 κατ’
1183 5070 1509 5148 οἰκοδομίαν.
1546 5068 1649 5121 Sed
1683 5069 1732 5121 in
1777 5080 1872 5118 no—

280 5144 287 5153 ’
358 5138 473 5201 stris
493 5138 766 5203 codicibus
799 5138 990 5213 legitur
1013 5144 1128 5213 κατ’
1165 5138 1491 5204 οἰκονομίαν.
1546 5202 1572 5213 η
1659 5202 1690 5213 Α
1790 5201 1801 5211 ¹

423 5202 669 5283 (45)7Τοῦ
723 5216 794 5267 ἐν
848 5202 1074 5283 Χριστῷ
1105 5202 1595 5283 ἔριστιάνισμρῦ.
1654 5202 1876 5253 Omnino

378 5277 616 5349 egentium
641 5283 735 5335 τοῦ
763 5284 823 5334 ὲν
856 5277 1547 5349 κρυπτῷ-Χριστιανξσμου.
1717 5335 1729 5349 _
1802 5334 1837 5349 ﬂ

426 5335 524 5417 ΚΗ)
554 5348 738 5403 Εἶναι.
771 5335 1284 5411 Ferr'arius'leg'cbat
1314 5335 1532 5391 εἰδέναι·
1571 5349 1685 5401 qua:
1717 5335 1875 5389 lectio

360 5418 530 5470 .melior
552 5420 777 5472 videtur.

1981 4319 2129 4363 num,
2157 4295 2597 4353 resurrectionem
2648 4293 2805 4346 etiam
2856 4292 3204 4351 aununtiare.
3236 4306 3353 4359 qua:
3388 4292 3497 4357 ipsa

1983 4390 2156 4456 aliquo
2199 4383 2354 4437 modo
2383 4391 2465 4435 est
2503 4377 2677 4439 Jesus,
2710 4378 2916 4430 dicente
2955 4376 3077 4429 Jcsu
3109 4375 3154 4407 "
3186 4392 3200 4427 :
3242 4375 3347 4444 Ego
3388 4392 3498 4427 sum

1983 4473 2307 4528 resurrectio.
2348 4468 2505 4522 Jesus
2554 4478 2684 4518 vero
2710 4479 2824 4531 quae
2854 4464 3057 4517 sanctis
3101 4464 3331 4531 reposita
3380 4472 3502 4515 sunt

1985 4555 2660 4633 evangelizatpauperibus,
2684 4554 2966 4611 cohortans
2984 4568 3074 4609 eos
3095 4552 3158 4606 ad
3180 4550 3352 4604 divina
3374 4565 3495 4618 pro-

2053 4789 2161 4859 (45)
2222 4782 2674 4859 Κατηρζισμένρι
2732 4778 2811 4859 τῷ
2860 4777 3161 4842 πνεύματι.
3218 4771 3496 4825 Ferrarius

1982 4850 2551 4925 legebatxajmp‘pévm,
2586 4850 2784 4925 elevati.
2934 4911 2971 4925 η
3043 4909 3117 4925 Α-
3224 4904 3278 4925 m

2051 4904 2301 4995 ima
2705 4904 3499 4995 om..nrreezzeegssee

1981 4972 2333 5046 haiiei'co—dex
2362 4972 2692 5048 Bodleianu's,
2721 4996 2817 5055 nec
2859 4972 3022 5055 aliter
3040 4972 3499 5055 legisse‘videtnr

1979 5037 2698 5113 Perrarius—jilaileinrtextu
2723 5046 2893 5100 Huetii
2925 5037 3139 5111 legitur:
3193 5039 3282 5091 καὶ
3330 5037 3498 5105 αὑτήν

1980 5145 2092 5189 πως
2123 5123 2212 5177 οὖν
2245 5123 2512 5192 Ἰησοῦν.-
2626 5183 2652 5192 _
2686 5185 2723 5192 _
2814 5180 2838 5191 __
2987 5179 3001 5192 θ
3066 5176 3088 5187 _
3201 5174 3254 5192 δ,

2049 5172 2520 5263 ίλῗνίξίαἰῖτῷνύπὸ
2552 5183 2655 5235 τοῦ
2678 5180 2949 5263 ΣωτῆροςΙ
3190 5172 3503 5263 ἓίυῃί-ιξ-ρηθι

1979 5241 2154 5317 code;
2184 5241 2537 5313 Bodleianns,
2589 5264 2686 5302 nec
2737 5241 3143 5318 aliter‘leg'ebat
3190 5241 3496 5318 ferrarius;

1982 5305 2604 5393 $3681iSiBE'ﬁ'in'jmid,
2628 5318 2787 5393 llggio
2803 5327 2857 5369 ct
2874 5305 3164 5367 Barhcrino
3191 5309 3379 5376 legitur
3405 5305 3501 5359 καὶ

1978 5397 2036 5449 τὸ
2065 5396 2165 5447 ὑπὸ
2190 5394 2278 5446 τοῦ
2314 5390 2553 5454 Σωτῆρος
2582 5386 2754 5450 ἡμῶν.
