3848 6206
221 326 227 333 ’
322 315 374 369 ιι
422 310 427 315 ’
1378 308 1721 363 (ΣΟΜΜΕΝΤ.
1761 304 1827 359 ΙΝ

1956 294 2044 359 NN.
2084 304 2222 359 TOM
2230 304 2316 359 US
2350 304 2392 357 Ι.
3415 306 3485 361 ιὲ

321 431 457 496 Θεοῦ,
476 431 589 497 ὅπερ
626 417 760 490 μετά
809 424 944 477 τῶν
991 428 1398 500 προειρημένων
1440 426 1854 495 εὐαγγελίζονται

1959 438 2180 493 quaeque
2212 410 2632 476 censiderantem
2673 422 2903 476 divinam
2948 422 3390 493 pulchritudinem
3417 426 3482 479 ad

323 517 387 575 ὧν
406 520 570 591 ὡραῖοι
601 511 642 565 oi
670 508 874 575 πόδες.
941 518 1110 570 Ἀλλά
1158 518 1249 570 καὶ
1286 519 1318 587 ἡ
1349 517 1568 586 δύναμις
1604 515 1694 568 τοῦ
1723 515 1853 568 Θεοῦ

325 612 412 681 ήδη
443 607 598 676 ὃγδοον
629 602 756 671 ἡμῖν
795 603 1025 671 ἀγαθὸν
1063 607 1431 674 καταλέγεται,
1473 607 1591 675 ητις
1634 607 1776 657 ἐστὶν
1827 606 1855 656 ὁ

326 697 550 769 Χριστός.
586 692 652 744 Οὐ
697 695 1027 763 σιωπητέον
1064 696 1120 748 δὲ
1157 696 1274 749 οὐδὲ
1318 696 1405 749 τὸν
1443 694 1577 765 μετά
1619 694 1706 747 τὸν
1744 696 1854 747 Πα-

330 787 451 858 τέρα
475 784 572 853 (49)
596 781 693 835 τῶν
718 781 864 835 ὅλων
889 784 1030 837 Θεὸν
1056 786 1222 854 Λόγον
1243 802 1256 815 °
1279 785 1486 847 οὐδενὸς
1509 785 1616 854 γὰρ
1643 784 1855 836 ἔλαττον

330 873 512 944 ἀγαθοῦ
549 870 829 927 καὶτοῦτο
868 873 934 926 τὸ
978 875 1198 942 ἀγαθόν.
1242 875 1509 946 Μακάριοι
1547 875 1641 944 μὲν
1687 871 1777 928 οὖν
1808 876 1855 927 οἱ

328 964 644 1033 χωρήσαντες
671 958 847 1013 ταῦτα.
878 960 950 1012 τά
970 962 1168 1029 ἀγαθὰ,
1198 963 1289 1015 καὶ
1320 961 1736 1033 παραδεξάμενοι
1751 963 1857 1016 ἀπὸ

328 1053 425 1103 τῶν
443 1050 646 1122 ὡραίων
691 1050 820 1113 τοὺς
843 1051 1015 1114 πόδας
1055 1051 1144 1104 καὶ
1184 1051 1671 1121 εὐαγγελιζομένων
1701 1053 1856 1108 αὐτά.

326 1141 458 1210 Πλὴν
476 1140 573 1192 κᾶν
597 1139 885 1209 Κορίνθιός
915 1156 1002 1202 τις
1037 1139 1130 1205 ὢν,
1166 1141 1435 1210 κρίνοντος
1468 1141 1676 1195 Παύλου
1712 1142 1857 1194 οὐδὲν

326 1231 506 1284 εἰδέναι
549 1229 679 1299 παρ’
726 1229 876 1299 αὐτῷ
932 1230 965 1299 ἢ
1032 1229 1233 1300 Ἰησοῦν
1275 1232 1521 1301 Χριστὸν,
1561 1234 1650 1285 καὶ
1677 1231 1859 1284 τοῦτον

322 1320 722 1390 ἐσταυρωμένον
748 1359 765 1384 ,
791 1319 881 1372 τὸν
903 1320 972 1372 δι’
992 1321 1136 1389 ἡμᾶς
1156 1318 1433 1390 ἄνθρωπον
1459 1321 1733 1391 μανθάνων
1759 1338 1860 1374 πα-

328 1409 601 1479 ραδέξηται.
631 1410 702 1461 τά
731 1410 790 1462 ὲν
822 1410 962 1481 ἀρχῇ
995 1408 1103 1461 τῶν
1126 1408 1339 1477 ἀγαθῶν
1373 1408 1481 1480 (50)
1524 1412 1725 1479 γίνεται
1757 1412 1860 1464 ὑπὸ

321 1499 406 1551 τοῦ
435 1498 726 1568 ἀνθρώπου
765 1499 938 1568 Ἰησοῦ
970 1499 1248 1570 ἄνθρωπος
1270 1501 1546 1570 γινόμενος
1572 1499 1724 1563 Θεοῦ,
1768 1504 1859 1553 καὶ

322 1589 419 1641 ἀπὸ
437 1588 530 1640 τοῦ
559 1588 795 1641 θανάτου
826 1578 988 1642 αὐτοῦ
1009 1591 1359 1661 ἀποθνήσκων
1378 1593 1441 1661 τῇ
1471 1591 1731 1662 ἁμαρτίᾳ⁶
1768 1592 1865 1645 καὶ

1956 529 2192 568 amorem
2214 513 2484 568 caelestem
2520 513 2745 566 invitat?
2766 513 2966 568 Bonum
2991 516 3132 568 enim
3160 523 3242 569 est
3261 514 3482 585 Sapien-

1956 603 2029 655 tia
2063 603 2174 656 Dei.
2220 603 2289 655 At
2342 603 2440 655 hoc
2468 617 2697 670 quoque,
2736 612 2928 669 praeter
2954 617 3015 655 ea
3044 617 3162 670 quae
3195 617 3358 672 supra
3396 618 3483 658 re-

1957 692 2282 755 censuimus,
2320 692 2355 744 ii
2384 693 2724 757 annuntiant,
2755 706 2979 759 quorum
3024 692 3181 760 pedes
3212 702 3336 746 sunt
3364 693 3481 762 pul-

1958 783 2095 837 chri.
2121 782 2363 836 Potentia
2412 781 2503 835 Dei
2548 790 2803 850 praeterea
2834 791 3076 836 octavum
3109 782 3262 837 nobis
3287 783 3482 838 bonum

1959 880 2354 933 annumeratur,
2405 871 2492 938 qui
2552 880 2633 925 est
2680 870 2940 926 Christus.
2974 873 3168 926 Verum
3212 872 3483 928 enimvero

1958 964 2095 1018 haud
2121 962 2332 1016 silentio
2357 960 2778 1030 praetereundum
2806 971 2891 1013 est
2916 960 3038 1014 illud
3062 960 3315 1026 Verbum,
3344 964 3483 1030 quod

1946 1062 2079 1122 post.
2110 1050 2318 1107 Patrem
2355 1051 2723 1105 universorum
2753 1059 2837 1104 est
2868 1050 3022 1104 Deus.
3049 1051 3285 1120 Namque
3308 1061 3363 1106 et
3386 1054 3485 1107 hoc

1959 1145 2155 1198 bonum
2179 1143 2322 1196 nullo
2342 1142 2445 1194 alio
2464 1142 2602 1195 bono
2623 1153 2703 1194 est
2732 1141 2975 1194 inferius.
3001 1141 3190 1209 Itaque
3218 1143 3361 1196 beati
3394 1144 3485 1211 qui

1960 1233 2267 1287 admiserint
2279 1232 2390 1285 haec
2405 1232 2563 1296 bona,
2579 1230 2771 1297 quique
2788 1231 3121 1298 perceperint
3135 1246 3193 1285 ea
3205 1270 3220 1294 ,
3238 1232 3382 1286 abiis
3394 1232 3486 1299 qui

1959 1323 2117 1391 pedes
2142 1321 2340 1375 habent
2370 1320 2619 1389 pulchros
2644 1329 2803 1387 atque
2834 1319 2922 1389 qui
2962 1320 3346 1387 evangelizant.
3380 1321 3487 1377 Ve-

1962 1424 2259 1468 rumtamen
2299 1411 2540 1480 quamvis
2576 1408 2886 1464 Corinthius
2948 1408 3210 1478 quispiam
3262 1411 3487 1466 exsule--

1962 1502 2051 1566 rit,
2097 1500 2234 1567 apud
2273 1510 2430 1567 quem
2476 1495 2917 1550 aﬂirmetPaulns
2940 1511 3000 1549 se
3039 1496 3167 1550 nihil
3197 1497 3357 1563 scire,
3386 1497 3484 1550 nisi

1961 1585 2137 1641 Jesum
2180 1571 2472 1647 Christum,
2520 1593 2571 1636 et
2620 1583 2763 1635 hunc
2805 1583 3015 1651 quidem
3071 1584 3383 1638 cruciﬁxum
3406 1585 3484 1650 ⁸³,

322 1679 422 1745 γὰρ
452 1677 708 1741 ἐκεῖνος,
727 1678 759 1730 ὃ
801 1678 1059 1732 ἀπέθανε
1102 1680 1175 1748 τῇ
1242 1681 1507 1749 ἁμαρτίᾳ,
1571 1681 1854 1735 ἀπέθανεν

1962 1679 2281 1744 edoctusque
2302 1675 2441 1728 hunc
2464 1674 2630 1726 nostri
2658 1686 2816 1727 causa
2843 1674 3111 1727 hominem
3147 1673 3343 1729 factum
3372 1679 3491 1729 atti-

319 1766 575 1834 ἐφάπαξ·
623 1768 735 1819 ἀπὸ
778 1767 954 1837 δὲτῆς
982 1766 1124 1838 ζωῆς
1155 1746 1550 1832 estdeinde
1592 1768 1792 1837 Ἰησοῦς
1832 1769 1854 1821 δ

1959 1763 2093 1833 gerit
2138 1764 2290 1817 initia
2325 1762 2613 1827 bonorum,
2654 1764 2698 1817 is
2735 1764 2801 1817 ab
2832 1764 3042 1817 homine
3078 1764 3203 1817 Jesn
3236 1764 3296 1818 ﬁt
3327 1765 3486 1820 homo

320 1854 401 1925 ζῇ,
426 1853 491 1925 ζῇ
518 1854 753 1924 τῷΘεῷ,
776 1858 882 1919 πᾶς
905 1857 934 1907 ό
958 1855 1272 1927 σύμμορφος
1298 1855 1578 1926 γενόμενος
1604 1856 1703 1925 τῆς
1729 1858 1859 1909 ἀνα-

321 1945 551 2008 στάσεως
584 1944 775 2009 αὐτοῦ,
809 1945 1071 2015 λαμϐάνει
1098 1948 1156 2000 τὸ
1182 1946 1279 2016 ζῇν
1304 1946 1380 2016 τῷ
1407 1947 1539 2017 Θεῷ.
1575 1948 1669 2010 Τίς
1699 1948 1755 2000 δὲ
1784 1948 1861 2000 δι-

319 2037 492 2103 στάξει
517 2038 567 2089 εἰ
586 2035 1030 2107 αὐτοδικαιοσύνη
1053 2038 1251 2106 ἀγαθόν
1279 2040 1410 2102 ἐστι,
1454 2040 1546 2091 καὶ
1573 2038 1859 2107 αὐτοαγια-

318 2125 465 2196 σμὸς,
500 2127 595 2178 καὶ
619 2125 1159 2196 αὐτοαπολύτρωσις;
1194 2128 1333 2198 ἀπερ
1363 2129 1454 2181 καὶ
1501 2127 1633 2181 αὐτά
1670 2132 1731 2180 οίη
1756 2129 1859 2198 Ἰη-

316 2213 438 2267 σοῦν
458 2214 929 2284 εὐαγγελιζόμενοι
963 2216 1415 2283 εὐαγγελίζονται,
1442 2217 1683 2284 λέγοντες
1701 2219 1861 2271 αὐτὸν

315 2304 591 2371 γεγονέναι
628 2306 750 2375 ἡμῖν
781 2305 1121 2375 δικαιοσύνην
1144 2306 1251 2359 ἀπὸ
1274 2303 1426 2369 Θεοῦ,
1458 2307 1547 2359 καὶ
1578 2306 1857 2376 ἁγιασμὸν,

317 2394 412 2445 καὶ
436 2393 825 2464 ἀπολύτρωσιν.
864 2394 1138 2464 Παρέσται
1165 2395 1228 2448 δὲ
1264 2395 1370 2448 ἀπὸ
1410 2395 1608 2448 τούτων
1647 2396 1754 2465 (51)
1792 2396 1860 2448 τά

316 2486 673 2554 γεγραμμένα
695 2484 818 2555 περὶ
847 2484 1012 2538 αὐτοῦ
1043 2483 1495 2556 δυσεξαρίθμητα,
1535 2485 1860 2556 παριστάντα

317 2575 431 2636 πῶς
476 2574 679 2644 πλῆθος
714 2574 933 2642 ἀγαθῶν
963 2576 1109 2628 ἐστιν
1148 2573 1369 2644 Ἰησοῦς,
1407 2575 1513 2627 ἀπὸ
1540 2575 1645 2628 τῶν
1686 2574 1862 2639 δυσεξ-

315 2664 627 2735 αριθμήτων
673 2665 768 2717 καὶ
803 2666 1200 2735 γεγραμμένων
1243 2663 1724 2734 καταστοχάζεσθαι
1753 2664 1858 2717 τῶν

315 2750 660 2821 ὑπαρχόντων
687 2751 784 2820 μὲν
807 2753 868 2805 ὲν
891 2750 1060 2821 αὐτῷ,
1104 2754 1183 2813 είς
1214 2750 1271 2803 δν
1302 2751 1581 2821 εὐδόκησεν
1622 2751 1765 2804 ἀπαν
1798 2752 1858 2805 τὸ

317 2839 579 2911 πλήρωμα
642 2841 745 2911 τῆς
810 2841 1062 2911 θεότητος
1117 2840 1434 2908 κατοικῆσαι
1504 2842 1854 2911 σωματικῶς,

315 2928 371 2979 οὐ
425 2927 528 2997 μὴν
575 2928 681 2981 ὐπὸ
727 2928 1070 2999 γραμμάτων
1122 2928 1512 2998 κεχωρημένων
1566 2929 1703 2998 (52)·
1767 2932 1857 2982 καὶ

314 3018 363 3069 τί
399 3017 540 3085 λέγω
584 3018 688 3071 ὑπὸ
739 3017 1112 3088 γραμμάτων;
1162 3018 1250 3069 ὅτε
1302 3019 1390 3070 καὶ
1438 3020 1562 3089 περὶ
1596 3019 1714 3071 ὅλου
1732 3019 1850 3108 *τοῦ
1877 3052 1918 3108 C

317 3107 509 3176 κόσμου
552 3107 717 3175 φησιν
752 3107 781 3157 ὁ
838 3106 1106 3173 Ἰωάννης·
1148 3106 1248 3166 ὅτι,
1289 3105 1426 3158 οὐδὲ
1472 3106 1654 3158 αὐτὸν
1697 3102 1850 3173 οἶμαι

315 3196 415 3250 τὸν
440 3196 670 3265 κόσμον
694 3193 963 3262 χωρῆσαι
994 3195 1064 3246 τὰ
1098 3196 1427 3262 γραφόμενα
1459 3195 1682 3258 βιϐλία.
1714 3196 1852 3247 Ταυ-

318 3288 402 3340 τδν
431 3283 523 3341 οὖν
564 3286 709 3340 ἔστιν
754 3287 950 3349 εἰπεῖν,
991 3286 1073 3338 ὃτι
1110 3287 1200 3337 τὸν
1230 3286 1450 3356 Σωτῆρα
1492 3288 1539 3337 οἱ
1577 3286 1852 3338 ἀπόστολοι

317 3376 760 3445 εὐαγγελίζονται,
789 3376 884 3428 καὶ
914 3375 984 3427 τά
1009 3373 1185 3442 ἀγαθά
1221 3374 1667 3441 εὐαγγελίζονται·
1707 3370 1854 3438 οὗτος

318 3466 421 3536 γάρ
450 3467 594 3517 ἐστιν
617 3466 646 3516 ὁ
672 3467 778 3517 ἀπὸ
798 3465 895 3517 τοῦ
922 3463 1124 3532 ἀγαθοῦ
1162 3462 1373 3532 Πατρὸς
1412 3464 1471 3515 τὸ
1498 3463 1674 3531 ἀγαθὰ
1719 3461 1852 3518 εἶναι

322 3562 517 3627 λαϐὼν,
543 3562 629 3615 ἴνα
649 3561 874 3620 ἕκαστος
897 3556 926 3608 ὃ
950 3556 1133 3624 χωρεῖ,
1158 3553 1190 3622 ἢ
1213 3552 1247 3605 ἃ
1268 3552 1431 3620 χωρεῖ
1454 3544 1538 3600 διὰ
1566 3547 1735 3617 Ἰησοῦ
1766 3548 1858 3600 λα-

325 3651 448 3714 ϐὼν,
471 3652 528 3702 ὲν
551 3648 775 3716 ἀγαθοῖς
793 3642 1057 3712 τυγχάνῃ.
1082 3641 1191 3708 Οὐχ
1216 3634 1315 3691 οἷοί
1348 3655 1405 3691 τε
1427 3637 1481 3688 δὲ
1505 3631 1640 3704 ἦσαν
1659 3638 1704 3687 οἱ
1729 3636 1860 3688 ἀπό-

327 3742 513 3802 στολοι,
540 3733 615 3793 ὧν
656 3737 849 3806 ὡραῖοι
886 3735 935 3785 οἱ
972 3731 1155 3792 πόδες,
1194 3730 1287 3781 καὶ
1322 3729 1369 3778 οἱ
1406 3726 1602 3778 τούτων
1631 3724 1861 3792 ζηλωταὶ

326 3828 757 3898 εὐαγγελίζεσθαι
784 3826 854 3878 τά
876 3820 1077 3891 ἀγαθὰ,
1110 3820 1183 3890 μὴ
1212 3819 1465 3890 πρότερον
1488 3814 1659 3885 Ἰησοῦ
1685 3815 1860 3876 αὐτοῖς

325 3918 454 3971 αὐτά
476 3913 972 3984 εὐαγγελισαμένου
990 3927 1002 3940 ·
1026 3911 1099 3972 ὼς
1122 3911 1151 3961 ό
1185 3908 1404 3970 Ἡσαΐας
1428 3906 1589 3976 φησί·
1617 3905 1803 3968 Αὐτὸς
1827 3908 1860 3957 ὁ

323 4006 518 4061 λαλῶν
539 4006 803 4075 πάρειμι,
827 4003 909 4067 ὠς
933 3998 1052 4067 ὥρα
1077 3997 1175 4050 ἐπὶ
1202 3996 1315 4050 τῶν
1349 3995 1547 4063 ὀρέων,
1574 3996 1651 4057 ὡς
1682 3993 1858 4058 πόδες

318 4091 836 4162 εὐαγγελιζομένου
875 4088 1069 4155 ἀκοὴν
1097 4087 1357 4156 εἰρήνης,
1389 4089 1469 4153 ὡς
1498 4087 1858 4159 abun-alica.

316 4204 487 4256 μενος
520 4187 734 4255 ἀγαθὰ,
782 4183 874 4235 ὅτι
916 4182 1222 4247 ἀκουστὴν
1259 4180 1485 4247 ποιήσω
1523 4182 1634 4249 τὴν
1676 4200 1859 4251 σωτη-

314 4278 446 4342 ρίαν
474 4292 611 4340 σου,
651 4273 868 4342 λέγων’
927 4271 1077 4324 Σιὼν
1109 4270 1462 4333 βασιλεύσει
1496 4288 1607 4324 σου
1639 4274 1672 4321 ό
1698 4270 1855 4334 Θεός.

1958 1856 2073 1919 Dei,
2102 1864 2154 1907 et
2178 1869 2244 1908 ex
2269 1862 2438 1907 morte
2459 1852 2572 1920 ejus
2591 1854 2820 1907 moriens
2850 1860 3088 1921 peccato.
3121 1851 3323 1907 Etenim
3349 1859 3484 1925 quod

1956 1942 2046 1995 ille
2072 1948 2302 1995 mortuus
2329 1940 2428 2007 fuit
2463 1949 2690 2006 peccato,
2738 1949 2972 1994 mortuus
3011 1952 3084 1995 est
3128 1944 3282 1997 semel
3302 1945 3377 2009 ⁶³;
3418 1962 3485 2000 εχ

1957 2036 2062 2088 vita
2095 2048 2222 2088 vero
2248 2033 2435 2103 ipsius,
2458 2033 2709 2100 quoniam
2735 2032 2888 2089 Jesns
2915 2043 2998 2088 est
3020 2033 3148 2089 illud
3171 2037 3311 2104 quod
3333 2037 3483 2101 vivit,

1956 2124 2090 2178 vivit
2115 2124 2222 2177 Deo
2238 2122 2619 2189 unusquisque,
2660 2131 2713 2175 et
2741 2121 3039 2178 conformis
3058 2123 3229 2180 factus
3250 2141 3490 2181 resurre~

1958 2212 2116 2267 ctioni
2145 2213 2258 2277 ejus
2279 2211 2379 2263 hoc
2393 2211 2716 2276 assequitur,
2743 2221 2800 2264 ut
2828 2212 2971 2265 vivat
2992 2211 3120 2268 Deo.
3148 2212 3279 2279 Quis
3302 2224 3481 2271 autem

1962 2302 2201 2368 ambigat
2253 2312 2320 2352 an
2358 2298 2471 2367 ipsa
2513 2299 2743 2366 jnstitia,
2794 2302 2909 2368 ipsa
2940 2302 3294 2358 sanctiﬁcatio
3329 2314 3488 2373 atquo

1957 2391 2069 2458 ipsa
2108 2392 2400 2459 redemptio
2437 2391 2507 2446 sit
2538 2391 2772 2444 bonum?
2799 2405 2918 2459 qua;
2953 2393 3115 2446 etiam
3143 2393 3484 2462 ipsa,Jesum

1957 2479 2422 2547 evangelizantes,
2441 2481 2846 2550 evangelizant:
2876 2483 3112 2537 dicentes
3138 2496 3257 2537 eum
3286 2483 3484 2539 factum

1956 2568 2120 2623 fuisse
2145 2572 2298 2626 nobis
2316 2571 2579 2639 justitiam
2608 2588 2636 2626 a
2670 2573 2800 2637 Deo,
2825 2583 2880 2626 et
2900 2572 3401 2634 sanctiﬁcationem.
3432 2584 3488 2628 et

1957 2660 2368 2728 redemptionem
2380 2662 2442 2714 ⁸³.
2460 2663 2535 2717 Ex
2555 2664 2636 2717 his
2650 2677 2781 2730 ergo
2792 2661 2969 2717 licebit
2984 2661 3276 2730 intelligere
3290 2675 3350 2716 ea
3368 2677 3486 2732 qua:

1956 2749 2023 2802 de
2032 2764 2096 2803 eo
2108 2751 2301 2819 scripta
2318 2762 2457 2817 sunt,
2471 2762 2523 2807 et
2538 2754 2623 2806 vix
2640 2751 2943 2806 enumerari
2956 2760 3197 2821 possunt,
3215 2751 3486 2821 probando

1955 2839 2132 2894 Iesum
2153 2841 2411 2896 bonorum
2427 2857 2543 2897 esse
2559 2843 2950 2898 multitudinem
2974 2853 3163 2912 :atque
3183 2858 3248 2898 ex
3268 2846 3350 2899 bis
3368 2858 3485 2913 quae

1955 2944 2094 3000 aegre
2105 2935 2404 2985 enumerari
2422 2944 2643 3000 possunt
2669 2942 2723 2987 et
2739 2935 2937 3001 scripta
2955 2944 3099 2996 sunt,
3121 2934 3481 3002 conjecturam

1956 3034 2144 3086 capere
2162 3022 2226 3073 de
2242 3022 2309 3074 iis
2332 3036 2452 3089 qua:
2470 3023 2519 3074 in
2538 3023 2650 3090 ipso
2669 3023 2883 3091 quidem
2913 3024 3110 3087 insunt,
3139 3022 3190 3074 in
3213 3036 3369 3090 quem
3390 3022 3484 3076 be-

1951 3110 2264 3176 neplacitutn
2277 3109 2980 3180 fuitomnemplenitudinem
2991 3112 3280 3166 divinitatis
3292 3126 3481 3182 corpo-

1950 3201 2132 3255 raliter
2147 3201 2246 3271 13
2262 3203 2521 3267 habitare,
2536 3203 2674 3256 haud
2689 3213 2863 3258 tamen
2878 3218 2907 3256 a
2922 3204 3109 3258 litteris
3121 3205 3480 3260 continentur:

1950 3291 2074 3359 quid
2100 3292 2220 3345 dico
2245 3307 2273 3343 a
2301 3291 2512 3359 litteris,
2547 3294 2759 3361 quando
2793 3294 2937 3347 etde
2968 3303 3075 3348 toto
3103 3295 3297 3348 mundo
3335 3294 3486 3349 dicat

1949 3380 2180 3441 Joannes
2208 3399 2221 3433 :
2262 3380 2370 3434 Nec
2400 3383 2526 3449 ipse,
2553 3384 2753 3451 opinor,
2781 3384 3003 3436 mundus
3041 3393 3246 3451 caperet
3274 3400 3360 3439 eos
3395 3386 3483 3453 qui

1950 3472 2291 3525 scriberentur
2322 3471 2479 3524 libros
2512 3472 2576 3524 “.
2614 3471 2802 3526 Dicere
2836 3486 2963 3541 ergo
3003 3474 3272 3542 apostolos
3316 3488 3482 3528 evan-

1952 3563 2185 3627 gelizare
2233 3561 2594 3623 Servatorem.
2624 3564 2842 3632 perinde
2874 3573 2954 3620 est
2995 3579 3057 3619 ac
3096 3566 3142 3618 si
3186 3566 3482 3620 diceremus

1951 3663 2045 3702 eos
2092 3648 2455 3716 evangelizare
2488 3651 2623 3703 bona
2650 3651 2845 3704 omnia.
2883 3650 3239 3717 Quamobrem
3272 3652 3360 3706 hic
3401 3665 3480 3707 est

1953 3737 2042 3791 ille
2068 3739 2156 3806 qui
2186 3752 2214 3791 a
2237 3739 2373 3792 bono
2402 3737 2556 3792 Patre
2588 3742 2793 3807 accepit
2821 3750 2878 3793 ut
2909 3751 3049 3794 esset
3079 3748 3161 3795 tot
3190 3742 3329 3795 bona
3372 3758 3386 3794 :
3423 3752 3481 3794 ut

1956 3826 2323 3894 unusquisque
2349 3841 2415 3881 eo
2440 3828 2579 3896 quod
2609 3829 2774 3896 capit,
2808 3828 2889 3880 vel
2919 3826 2983 3882 iis
3008 3842 3125 3895 quae
3153 3831 3315 3897 capit,
3357 3845 3479 3883 cum

1953 3929 2048 3982 per
2072 3913 2253 3969 Jesum
2286 3929 2346 3973 ea
2378 3917 2698 3985 perceperit,
2740 3916 2945 3970 fruatur
2969 3918 3138 3971 bonis.
3186 3919 3336 3972 Haud
3384 3934 3479 3986 po-

1958 4012 2133 4058 terant
2161 4013 2336 4058 autem
2370 4006 2620 4074 apostoli,
2648 4020 2872 4079 quorum
2903 4005 3109 4074 pulchri
3145 4015 3268 4060 sunt
3298 4008 3478 4074 pedes,

1953 4101 2007 4145 et
2052 4092 2242 4146 horum
2291 4093 2513 4147 studiosi
2568 4093 2863 4148 imitatores
2904 4092 3269 4161 evangelizare
3316 4096 3478 4158 bona,

1955 4183 2058 4236 nisi
2087 4180 2240 4236 Jesus
2275 4188 2431 4235 antea
2484 4183 2611 4250 ipsis
2647 4182 3106 4253 evnngelizasset;
3138 4184 3482 4251 quemadmo-

1955 4276 2078 4325 dum
2118 4272 2351 4340 loquitur
2380 4272 2545 4327 lsaias
2570 4274 2614 4304 ⁸⁸
2640 4290 2654 4325 :
2683 4272 2793 4340 Ego
2825 4274 2953 4340 ipse,
2978 4274 3068 4341 qui
3093 4273 3360 4341 loquebar,
3384 4274 3483 4324 att--

321 4366 444 4419 Τίνα
482 4367 588 4436 γὰρ
631 4365 704 4416 τὰ
744 4364 871 4432 ὅρη,
919 4361 1003 4427 ἐφ’
1047 4353 1122 4413 ὧν
1163 4359 1319 4421 αὐτὸς
1346 4362 1375 4411 ὁ
1413 4359 1582 4412 λαλῶν
1612 4364 1854 4430 παρεῖναι

1956 4377 2089 4421 sum,
2139 4363 2272 4414 sicut
2324 4363 2681 4429 opportunitas
2727 4364 2782 4415 in
2832 4363 3114 4425 montibus,
3152 4365 3284 4417 sicut
3328 4366 3479 4434 pedes

386 4503 425 4532 ⁶¹
457 4502 475 4554 Ι
503 4502 631 4556 Cor.
668 4516 730 4563 Il,
763 4499 821 4553 2.

393 4616 492 4685 (i9)
517 4613 683 4685 Μετξι
716 4612 828 4665 τὸν
864 4611 1108 4685 Πατέρα.
1167 4610 1468 4685 Ferrarius,
1517 4610 1853 4685 cum__Patrs,

387 4677 616 4754 ψει-σπι.
648 4683 817 4754 Verte
861 4677 1142 4754 secundum
1191 4677 1425 4754 Patrem,
1465 4677 1853 4754 post__Putrem.

387 4700 616 4754 t‘peram.
652 4700 817 4734 νει-ιθ
861 4700 1142 4733 secunaum
1191 4700 1425 4741 ratrem,
1465 4700 1578 4746 pou
1626 4700 1853 4732 ranam.

320 4700 467 4807 l{inde
505 4759 686 4808 locum
721 4751 870 4803 hunc
891 4748 1182 4802 conciliare
1203 4750 1400 4815 poteris
1423 4763 1540 4801 cum
1571 4747 1660 4799 illo
1690 4749 1856 4802 altero

322 4824 442 4874 iomi
470 4821 648 4875 octavi
670 4817 876 4871 Contra
912 4815 1113 4869 Celsum
1154 4832 1174 4869 :
1216 4816 1392 4869 Ἔστω
1416 4815 1472 4869 δέ
1500 4831 1665 4878 τινας,
1694 4816 1767 4877 ὡς
1796 4817 1854 4867 ὲν

320 4888 502 4959 πλήθει
530 4884 922 4959 πιστευόντων,
971 4885 1394 4959 ,καὶᾷδεχομένων
1424 4884 1729 4959 διαφωνίαν,
1767 4883 1851 4959 διὰ

319 4949 420 5026 τῆν’
436 4956 770 5026 προπέτειαν
809 4949 1297 5026 ’ὐετοτςθεσθαίίτὸν
1335 4949 1558 5026 Σωτῇρα
1588 4949 1735 5026 εἶναι
1759 4953 1848 5026 τόν

320 5018 406 5079 “Et
603 5023 780 5110 9692'-
796 5018 1057 5110 ἀὲλζοτεξι
1080 5037 1139 5110 ιε
1165 5018 1648 5110 ἡμετετοξιιξέικρθί

324 5112 467 5163 μενοι
490 5091 669 5163 αὐτῷ.
681 5090 896 5155 λέγοντι
920 5101 938 5120 ο
984 5094 1040 5142 '0
1072 5087 1267 5157 Πατὴρ
1307 5091 1339 5141 ὀ
1377 5087 1615 5163 πέμψας

313 5156 427 5231 μου
446 5156 977 5231 ὲστίζξιιριέιιιυιῐι
1007 5156 1393 5231 κυιιινετεοειιιιι
1440 5157 1605 5208 Deum
1654 5156 1841 5231 Filium

317 5222 416 5281 non
447 5243 566 5283 esse
590 5222 853 5288 atlirinat,
884 5222 978 5276 sed
1007 5222 1210 5275 Patrem
1234 5241 1248 5287 ;
1274 5223 1462 5288 Filium
1486 5236 1609 5274 vero
1635 5222 1845 5275 univer-

316 5310 488 5350 sorum
517 5296 738 5364 quidem
772 5286 946 5345 Deum
968 5304 1084 5343 esse
1107 5328 1120 5350 ,
1147 5286 1243 5364 sed;
1278 5300 1393 5359 post
1441 5286 1666 5343 Patrem.
1719 5292 1845 5364 Qua;

318 5360 553 5429 quamvis
582 5364 726 5415 male
753 5366 988 5429 sonent,
1012 5360 1246 5429 excusari
1286 5368 1477 5429 tamen
1520 5368 1753 5429 possunt,
1798 5361 1841 5413 si

317 5425 487 5484 omnia
516 5432 711 5485 Filium
749 5443 781 5480 a
812 5427 986 5479 Patre
1028 5428 1291 5493 accepisse
1322 5425 1736 5488 meminerimus,
1776 5442 1841 5481 ac

317 5500 534 5565 proinde
552 5514 612 5552 se
630 5511 751 5552 esse
780 5493 1162 5547 universorum
1190 5493 1526 5565 DeumPatri
1567 5505 1836 5565 acceptum

316 5561 525 5621 referre.
558 5567 738 5619 Primo
765 5573 909 5626 ergo
924 5566 995 5626 Aet
1041 5572 1134 5623 per
1180 5576 1236 5614 se
1283 5563 1645 5615 universorum
1705 5561 1840 5615 Deus

313 5635 582 5699 eslPath',
611 5633 735 5700 quia
769 5645 802 5680 a
822 5624 887 5679 se
917 5624 1057 5676 Deus
1078 5637 1160 5678 est
1189 5647 1202 5679 :
1232 5628 1392 5683 Filius
1408 5631 1633 5682 secundo
1668 5639 1720 5682 et
1746 5645 1841 5697 per

618 5722 907 5781 ΡΑτιιοι..
957 5710 1074 5770 Gn.
1125 5716 1284 5777 XIV.

897 4498 941 4527 ⁶¹
966 4496 1119 4549 Rom.
1149 4512 1223 4560 vr,
1258 4496 1341 4547 10.
1409 4496 1454 4527 ⁸⁸
1484 4494 1502 4547 1
1531 4496 1697 4560 Cora,
1726 4498 1812 4551 50.

1958 4497 2109 4550 Joan.
2137 4511 2248 4561 XXI,
2281 4495 2372 4549 25.
2445 4497 2491 4528 “
2516 4497 2615 4550 lsa.
2649 4511 2741 4561 LII,
2761 4496 2814 4561 6,
2841 4496 2891 4549 7.

1955 4611 2114 4665 alium
2136 4621 2217 4666 est
2246 4612 2618 4666 universorum
2663 4613 2824 4675 Deus,
2850 4614 2972 4680 quia
3012 4612 3171 4666 habet
3224 4627 3253 4665 a
3318 4612 3475 4666 Patre

1953 4682 2032 4733 sic
2068 4689 2313 4746 tanquam
2343 4682 2411 4734 ab
2446 4680 2652 4748 origine
2698 4691 2752 4735 et
2803 4682 3061 4749 principio
3107 4691 3163 4733 ut
3194 4681 3263 4734 sit
3298 4681 3470 4749 Deus:

1951 4749 2360 4818 estenimDeus
2388 4749 2453 4801 de
2491 4747 2617 4813 Deo,
2674 4759 2730 4803 ut
2776 4747 2935 4803 habet
2985 4748 3315 4818 Symbolum.
3368 4747 3474 4802 Sed

1951 4816 2067 4870 haec
2092 4817 2237 4868 alibi.
2267 4816 2521 4871 HUETIUS.

2018 4884 2126 4953 (50)
2159 4884 2267 4938 Τὸν
2289 4884 2363 4937 δι’
2394 4884 2546 4953 ἡμᾶς
2566 4885 2871 4953 ,ἄνθρωπον
2887 4882 3201 4953 μανθάνων
3225 4883 3472 4953 πᾳραδέο

1949 4950 2117 5018 ξηταὶ
2142 4953 2213 5007 τὰ
2242 4955 2309 5006 ἐν
2337 4950 2489 5021 ἀρχῇ
2514 4952 2629 5006 τῶν
2659 4950 2907 5022 ἀγαθῶν,
2937 4962 3041 5022 etc.
3068 4950 3244 5022 Hunc
3270 4952 3468 5022 luc_um,

1943 5021 2257 5143 inriditionc
2283 5017 2744 5086 linétiflnxatuni,
2784 5021 2861 5073 sic
2888 5019 3117 5072 restituit
3144 5019 3313 5072 codex
3335 5017 3468 5072 Bar-

1979 5102 2038 5143 er
2061 5104 2177 5143 nus.

1979 5102 2177 5143 ertnus.

2015 5156 2122 5226 (5i)
2150 5157 2439 5224 Παρέσται
2465 5158 2531 5210 δὲ
2550 5156 2666 5226 ἀπό
2694 5156 2930 5226 eodem,
2958 5165 3061 5226 etc.
3090 5153 3295 5226 Locum
3332 5158 3474 5226 hunc

1946 5222 2254 5287 sanav'eris,
2281 5228 2325 5277 si
2356 5227 2565 5293 legeris,
2589 5224 2680 5275 καὶ
2710 5224 2815 5293 ἀπὸ
2851 5224 2958 5278 τῶν
2996 5222 3473 5293 δυσεξαριθμήτων

1945 5293 2350 5362 γεγραμμένων,
2391 5289 2831 5362 quemadmodum
2872 5295 3081 5362 videtur
3132 5289 3334 5362 legisse
3363 5289 3477 5362 Ῥε-

1945 5354 2837 5481 rionqu'cujus‘inierpretationetn
2869 5354 3216 5415 Ferrarianae'
3242 5357 3344 5409 hoc
3363 5354 3477 5407 low

1945 5440 2107 5481 Dnettt
2155 5465 2171 5480 ο

1983 5440 2171 5480 rietuu.

1943 5444 2597 5568 Ρῃῶἓῗιὶίεκωρημένων,
2621 5495 2784 5551 Codd.
2823 5497 3015 5568 Regius
3040 5503 3097 5548 et
3127 5489 3463 5544 Barber-inus

1942 5581 2153 5635 κεχωρη
2161 5566 2323 5634 μένῳ.

3123 5706 3173 5763 2
