  <div class='ocr_page' id='page_1' title='image "/cluster/home/n/w/nwhite01/storage/ocr_20150623/14 (Origen; pt. 4)/nyp.33433081862280/029.png"; bbox 0 0 3848 6230; ppageno 0'>
   <div class='ocr_carea' id='block_1_1' title="bbox 536 278 2055 334">
    <p class='ocr_par' dir='ltr' id='par_1_1' title="bbox 536 278 2055 334">
     <span class='ocr_line' id='line_1_1' title="bbox 536 278 2055 334; baseline 0.011 -5"><span class='ocrx_word' id='word_1_1' title='bbox 536 278 604 333; x_wconf 73' lang='grc' dir='ltr'>ιδ</span> <span class='ocrx_word' id='word_1_2' title='bbox 1968 280 2055 334; x_wconf 77' lang='lat' dir='ltr'><strong>OB</strong></span> 
     </span>
    </p>
   </div>
   <div class='ocr_carea' id='block_1_2' title="bbox 762 278 2281 334">
    <p class='ocr_par' dir='ltr' id='par_1_2' title="bbox 1968 279 2281 334">
     <span class='ocr_line' id='line_1_2' title="bbox 1968 279 2281 334; baseline 0.006 -2"><span class='ocrx_word' id='word_1_3' title='bbox 1968 279 2281 334; x_wconf 79' lang='lat' dir='ltr'><strong>ORIGENIS</strong></span> 
     </span>
    </p>
   </div>
   <div class='ocr_carea' id='block_1_3' title="bbox 537 389 2056 483">
    <p class='ocr_par' dir='ltr' id='par_1_3' title="bbox 537 393 2056 463">
     <span class='ocr_line' id='line_1_3' title="bbox 537 393 2056 463; baseline 0.001 -18"><span class='ocrx_word' id='word_1_4' title='bbox 537 393 933 463; x_wconf 78' lang='lat' dir='ltr'><strong>erangelizantis</strong></span> <span class='ocrx_word' id='word_1_5' title='bbox 960 408 1155 460; x_wconf 81' lang='lat' dir='ltr'><strong>pacem,</strong></span> <span class='ocrx_word' id='word_1_6' title='bbox 1183 393 1311 445; x_wconf 82' lang='lat' dir='ltr'><strong>sicut</strong></span> <span class='ocrx_word' id='word_1_7' title='bbox 1338 393 1693 462; x_wconf 65' lang='lat' dir='ltr'><strong>evangelicum</strong></span> <span class='ocrx_word' id='word_1_8' title='bbox 1729 394 1885 456; x_wconf 89' lang='lat' dir='ltr'><strong>bona,</strong></span> <span class='ocrx_word' id='word_1_9' title='bbox 1927 411 2056 462; x_wconf 87' lang='lat' dir='ltr'><strong>quo-</strong></span> 
     </span>
    </p>
   </div>
   <div class='ocr_carea' id='block_1_4' title="bbox 2053 389 3572 483">
    <p class='ocr_par' dir='ltr' id='par_1_4' title="bbox 2053 389 3572 483">
     <span class='ocr_line' id='line_1_4' title="bbox 2053 389 3572 483; baseline -0.003 -36"><span class='ocrx_word' id='word_1_10' title='bbox 2053 424 2059 433; x_wconf 85' lang='lat'><strong><em>-</em></strong></span> <span class='ocrx_word' id='word_1_11' title='bbox 2089 428 2135 483; x_wconf 61' lang='grc' dir='ltr'><strong>Ᾱ</strong></span> <span class='ocrx_word' id='word_1_12' title='bbox 2160 395 2420 464; x_wconf 85' lang='grc' dir='ltr'>ὁμολογεῖ,</span> <span class='ocrx_word' id='word_1_13' title='bbox 2450 396 2549 466; x_wconf 81' lang='grc' dir='ltr'><strong>ῆοῑ</strong></span> <span class='ocrx_word' id='word_1_14' title='bbox 2580 394 2799 465; x_wconf 81' lang='grc' dir='ltr'>μηδενὸς</span> <span class='ocrx_word' id='word_1_15' title='bbox 2832 392 2939 447; x_wconf 86' lang='grc' dir='ltr'><strong>τῶν</strong></span> <span class='ocrx_word' id='word_1_16' title='bbox 2975 394 3065 446; x_wconf 75' lang='grc' dir='ltr'><strong>ἐπὶ</strong></span> <span class='ocrx_word' id='word_1_17' title='bbox 3094 393 3196 463; x_wconf 83' lang='grc' dir='ltr'>γῆς</span> <span class='ocrx_word' id='word_1_18' title='bbox 3230 389 3572 460; x_wconf 77' lang='grc' dir='ltr'><strong>ὑψηλοτάτων</strong></span> 
     </span>
    </p>
   </div>
   <div class='ocr_carea' id='block_1_5' title="bbox 541 477 2060 553">
    <p class='ocr_par' dir='ltr' id='par_1_5' title="bbox 541 480 2059 549">
     <span class='ocr_line' id='line_1_5' title="bbox 541 480 2059 549; baseline 0.001 -15"><span class='ocrx_word' id='word_1_19' title='bbox 541 483 678 535; x_wconf 88' lang='lat' dir='ltr'><strong>niam</strong></span> <span class='ocrx_word' id='word_1_20' title='bbox 705 484 938 537; x_wconf 84' lang='lat' dir='ltr'><strong>auditam</strong></span> <span class='ocrx_word' id='word_1_21' title='bbox 973 480 1189 535; x_wconf 87' lang='lat' dir='ltr'><strong>salutem</strong></span> <span class='ocrx_word' id='word_1_22' title='bbox 1220 490 1363 534; x_wconf 90' lang='lat' dir='ltr'><strong>tuam</strong></span> <span class='ocrx_word' id='word_1_23' title='bbox 1401 482 1611 549; x_wconf 91' lang='lat' dir='ltr'><strong>faciam,</strong></span> <span class='ocrx_word' id='word_1_24' title='bbox 1656 485 1827 537; x_wconf 88' lang='lat' dir='ltr'><strong>dicens</strong></span> <span class='ocrx_word' id='word_1_25' title='bbox 1860 499 1877 537; x_wconf 92' lang='lat'><strong><em>:</em></strong></span> <span class='ocrx_word' id='word_1_26' title='bbox 1914 482 2059 547; x_wconf 87' lang='lat' dir='ltr'><strong>Sion,</strong></span> 
     </span>
    </p>
   </div>
   <div class='ocr_carea' id='block_1_6' title="bbox 2078 477 3597 553">
    <p class='ocr_par' dir='ltr' id='par_1_6' title="bbox 2089 477 3597 553">
     <span class='ocr_line' id='line_1_6' title="bbox 2089 477 3597 553; baseline -0.003 -19"><span class='ocrx_word' id='word_1_27' title='bbox 2089 477 2135 483; x_wconf 44' lang='lat' dir='ltr'><strong>ﬂ</strong></span> <span class='ocrx_word' id='word_1_28' title='bbox 2168 484 2430 550; x_wconf 83' lang='grc' dir='ltr'>μεγίστων</span> <span class='ocrx_word' id='word_1_29' title='bbox 2459 485 2704 553; x_wconf 82' lang='grc' dir='ltr'>ἧττονες;</span> <span class='ocrx_word' id='word_1_30' title='bbox 2744 482 2989 544; x_wconf 84' lang='grc' dir='ltr'>οῦστινας</span> <span class='ocrx_word' id='word_1_31' title='bbox 3028 479 3302 550; x_wconf 81' lang='grc' dir='ltr'><strong>ζητεῖσθαι</strong></span> <span class='ocrx_word' id='word_1_32' title='bbox 3337 479 3416 530; x_wconf 84' lang='grc' dir='ltr'><strong>δεῖ</strong></span> <span class='ocrx_word' id='word_1_33' title='bbox 3447 477 3549 530; x_wconf 78' lang='grc' dir='ltr'>ὑπὸ</span> <span class='ocrx_word' id='word_1_34' title='bbox 3588 496 3597 510; x_wconf 72' lang='grc' dir='ltr'><strong>ι</strong></span> 
     </span>
    </p>
   </div>
   <div class='ocr_carea' id='block_1_7' title="bbox 541 568 2060 645">
    <p class='ocr_par' dir='ltr' id='par_1_7' title="bbox 541 568 2060 641">
     <span class='ocr_line' id='line_1_7' title="bbox 541 568 2060 641; baseline 0.002 -19"><span class='ocrx_word' id='word_1_35' title='bbox 541 572 775 641; x_wconf 80' lang='lat' dir='ltr'><strong>regnabit</strong></span> <span class='ocrx_word' id='word_1_36' title='bbox 803 570 937 623; x_wconf 86' lang='lat' dir='ltr'><strong>Deus</strong></span> <span class='ocrx_word' id='word_1_37' title='bbox 974 579 1110 623; x_wconf 87' lang='lat' dir='ltr'><strong>tuus.</strong></span> <span class='ocrx_word' id='word_1_38' title='bbox 1158 568 1388 633; x_wconf 87' lang='lat' dir='ltr'><strong>Quinam</strong></span> <span class='ocrx_word' id='word_1_39' title='bbox 1427 572 1568 625; x_wconf 91' lang='lat' dir='ltr'><strong>enim</strong></span> <span class='ocrx_word' id='word_1_40' title='bbox 1610 581 1732 625; x_wconf 91' lang='lat' dir='ltr'><strong>sunt</strong></span> <span class='ocrx_word' id='word_1_41' title='bbox 1776 580 1979 625; x_wconf 81' lang='lat' dir='ltr'><strong>montes</strong></span> <span class='ocrx_word' id='word_1_42' title='bbox 2011 571 2060 625; x_wconf 88' lang='lat' dir='ltr'><strong>in</strong></span> 
     </span>
    </p>
   </div>
   <div class='ocr_carea' id='block_1_8' title="bbox 2078 568 3597 645">
    <p class='ocr_par' dir='ltr' id='par_1_8' title="bbox 2168 570 3597 645">
     <span class='ocr_line' id='line_1_8' title="bbox 2168 570 3597 645; baseline -0.006 -17"><span class='ocrx_word' id='word_1_43' title='bbox 2168 575 2360 628; x_wconf 83' lang='grc' dir='ltr'>ἱκανῶν</span> <span class='ocrx_word' id='word_1_44' title='bbox 2383 576 2635 628; x_wconf 89' lang='grc' dir='ltr'>διακόνων</span> <span class='ocrx_word' id='word_1_45' title='bbox 2663 576 2760 645; x_wconf 81' lang='grc' dir='ltr'><strong>τῆς</strong></span> <span class='ocrx_word' id='word_1_46' title='bbox 2780 575 2964 644; x_wconf 81' lang='grc' dir='ltr'><strong>καινῆς</strong></span> <span class='ocrx_word' id='word_1_47' title='bbox 2982 573 3272 644; x_wconf 78' lang='grc' dir='ltr'>Διαθήκης,</span> <span class='ocrx_word' id='word_1_48' title='bbox 3311 571 3397 622; x_wconf 84' lang='grc' dir='ltr'><strong>ἵνα</strong></span> <span class='ocrx_word' id='word_1_49' title='bbox 3426 570 3597 640; x_wconf 82' lang='grc' dir='ltr'>τηρήσ</span> 
     </span>
    </p>
   </div>
   <div class='ocr_carea' id='block_1_9' title="bbox 540 655 2059 734">
    <p class='ocr_par' dir='ltr' id='par_1_9' title="bbox 540 655 2059 728">
     <span class='ocr_line' id='line_1_9' title="bbox 540 655 2059 728; baseline 0.001 -17"><span class='ocrx_word' id='word_1_50' title='bbox 540 661 736 728; x_wconf 85' lang='lat' dir='ltr'><strong>quibus</strong></span> <span class='ocrx_word' id='word_1_51' title='bbox 766 660 876 726; x_wconf 88' lang='lat' dir='ltr'><strong>ipse</strong></span> <span class='ocrx_word' id='word_1_52' title='bbox 903 657 993 724; x_wconf 87' lang='lat' dir='ltr'><strong>qui</strong></span> <span class='ocrx_word' id='word_1_53' title='bbox 1028 655 1263 724; x_wconf 88' lang='lat' dir='ltr'><strong>loquitur</strong></span> <span class='ocrx_word' id='word_1_54' title='bbox 1293 658 1466 712; x_wconf 87' lang='lat' dir='ltr'><strong>inesse</strong></span> <span class='ocrx_word' id='word_1_55' title='bbox 1490 674 1550 713; x_wconf 90' lang='lat' dir='ltr'><strong>se</strong></span> <span class='ocrx_word' id='word_1_56' title='bbox 1583 660 1732 723; x_wconf 81' lang='lat' dir='ltr'><strong>dicit,</strong></span> <span class='ocrx_word' id='word_1_57' title='bbox 1764 661 1865 714; x_wconf 89' lang='lat' dir='ltr'><strong>nisi</strong></span> <span class='ocrx_word' id='word_1_58' title='bbox 1897 660 1949 713; x_wconf 91' lang='lat' dir='ltr'><strong>hi</strong></span> <span class='ocrx_word' id='word_1_59' title='bbox 1977 661 2059 728; x_wconf 89' lang='lat' dir='ltr'><strong>qui</strong></span> 
     </span>
    </p>
   </div>
   <div class='ocr_carea' id='block_1_10' title="bbox 2078 655 3597 734">
    <p class='ocr_par' dir='ltr' id='par_1_10' title="bbox 2163 657 3597 734">
     <span class='ocr_line' id='line_1_10' title="bbox 2163 657 3597 734; baseline -0.006 -17"><span class='ocrx_word' id='word_1_60' title='bbox 2163 664 2259 734; x_wconf 77' lang='grc' dir='ltr'>τὴν</span> <span class='ocrx_word' id='word_1_61' title='bbox 2289 664 2544 731; x_wconf 80' lang='grc' dir='ltr'><strong>λέγουσαν</strong></span> <span class='ocrx_word' id='word_1_62' title='bbox 2567 663 2800 733; x_wconf 77' lang='grc' dir='ltr'>ἐντολήνο</span> <span class='ocrx_word' id='word_1_63' title='bbox 2853 663 2968 713; x_wconf 80' lang='grc' dir='ltr'><strong>Ἐπ’</strong></span> <span class='ocrx_word' id='word_1_64' title='bbox 3010 661 3142 729; x_wconf 81' lang='grc' dir='ltr'>ὄρος</span> <span class='ocrx_word' id='word_1_65' title='bbox 3186 659 3429 727; x_wconf 71' lang='grc' dir='ltr'><strong>ὑψηλὸν</strong></span> <span class='ocrx_word' id='word_1_66' title='bbox 3458 657 3597 715; x_wconf 74' lang='grc' dir='ltr'><strong>ἀνάε</strong></span> 
     </span>
    </p>
   </div>
   <div class='ocr_carea' id='block_1_11' title="bbox 541 744 2060 823">
    <p class='ocr_par' dir='ltr' id='par_1_11' title="bbox 541 744 2060 816">
     <span class='ocr_line' id='line_1_11' title="bbox 541 744 2060 816; baseline 0.002 -17"><span class='ocrx_word' id='word_1_67' title='bbox 541 747 680 799; x_wconf 89' lang='lat' dir='ltr'><strong>nulla</strong></span> <span class='ocrx_word' id='word_1_68' title='bbox 710 759 766 800; x_wconf 92' lang='lat' dir='ltr'><strong>re</strong></span> <span class='ocrx_word' id='word_1_69' title='bbox 797 744 1075 797; x_wconf 81' lang='lat' dir='ltr'><strong>inferiores</strong></span> <span class='ocrx_word' id='word_1_70' title='bbox 1121 752 1246 796; x_wconf 90' lang='lat' dir='ltr'><strong>sunt</strong></span> <span class='ocrx_word' id='word_1_71' title='bbox 1279 746 1345 800; x_wconf 91' lang='lat' dir='ltr'><strong>iis</strong></span> <span class='ocrx_word' id='word_1_72' title='bbox 1372 747 1464 814; x_wconf 90' lang='lat' dir='ltr'><strong>qui</strong></span> <span class='ocrx_word' id='word_1_73' title='bbox 1516 761 1675 816; x_wconf 85' lang='lat' dir='ltr'><strong>super</strong></span> <span class='ocrx_word' id='word_1_74' title='bbox 1705 757 1897 800; x_wconf 87' lang='lat' dir='ltr'><strong>terram</strong></span> <span class='ocrx_word' id='word_1_75' title='bbox 1943 758 2060 802; x_wconf 90' lang='lat' dir='ltr'><strong>sunt</strong></span> 
     </span>
    </p>
   </div>
   <div class='ocr_carea' id='block_1_12' title="bbox 2078 744 3597 823">
    <p class='ocr_par' dir='ltr' id='par_1_12' title="bbox 2165 747 3597 823">
     <span class='ocr_line' id='line_1_12' title="bbox 2165 747 3597 823; baseline -0.007 -16"><span class='ocrx_word' id='word_1_76' title='bbox 2165 757 2197 807; x_wconf 87' lang='grc' dir='ltr'><strong>ό</strong></span> <span class='ocrx_word' id='word_1_77' title='bbox 2234 751 2735 823; x_wconf 61' lang='grc' dir='ltr'><strong>εὐαγγελιζόμενος</strong></span> <span class='ocrx_word' id='word_1_78' title='bbox 2777 751 2945 811; x_wconf 87' lang='grc' dir='ltr'>Σιὼν,</span> <span class='ocrx_word' id='word_1_79' title='bbox 2991 751 3238 817; x_wconf 71' lang='grc' dir='ltr'>ὕψωσον</span> <span class='ocrx_word' id='word_1_80' title='bbox 3274 747 3349 815; x_wconf 76' lang='grc' dir='ltr'>τῇ</span> <span class='ocrx_word' id='word_1_81' title='bbox 3393 749 3597 814; x_wconf 71' lang='grc' dir='ltr'>ὶσχύϊτ</span> 
     </span>
    </p>
   </div>
   <div class='ocr_carea' id='block_1_13' title="bbox 541 832 2060 911">
    <p class='ocr_par' dir='ltr' id='par_1_13' title="bbox 541 832 2060 905">
     <span class='ocr_line' id='line_1_13' title="bbox 541 832 2060 905; baseline 0.002 -17"><span class='ocrx_word' id='word_1_82' title='bbox 541 834 756 888; x_wconf 80' lang='lat' dir='ltr'><strong>maximi</strong></span> <span class='ocrx_word' id='word_1_83' title='bbox 792 842 844 884; x_wconf 85' lang='lat' dir='ltr'><strong>et</strong></span> <span class='ocrx_word' id='word_1_84' title='bbox 867 832 1108 886; x_wconf 79' lang='lat' dir='ltr'><strong>altissimi</strong></span> <span class='ocrx_word' id='word_1_85' title='bbox 1131 833 1153 886; x_wconf 81' lang='lat'><strong>?</strong></span> <span class='ocrx_word' id='word_1_86' title='bbox 1180 849 1310 902; x_wconf 89' lang='lat' dir='ltr'><strong>quos</strong></span> <span class='ocrx_word' id='word_1_87' title='bbox 1334 837 1580 902; x_wconf 71' lang='lat' dir='ltr'><strong>qumsitos</strong></span> <span class='ocrx_word' id='word_1_88' title='bbox 1604 837 1840 905; x_wconf 87' lang='lat' dir='ltr'><strong>oportuit</strong></span> <span class='ocrx_word' id='word_1_89' title='bbox 1884 836 1950 890; x_wconf 84' lang='lat' dir='ltr'><strong>ab</strong></span> <span class='ocrx_word' id='word_1_90' title='bbox 1982 838 2060 891; x_wconf 84' lang='lat' dir='ltr'><strong>his</strong></span> 
     </span>
    </p>
   </div>
   <div class='ocr_carea' id='block_1_14' title="bbox 2070 832 3589 911">
    <p class='ocr_par' dir='ltr' id='par_1_14' title="bbox 2164 837 3589 911">
     <span class='ocr_line' id='line_1_14' title="bbox 2164 837 3589 911; baseline -0.005 -15"><span class='ocrx_word' id='word_1_91' title='bbox 2164 842 2368 911; x_wconf 76' lang='grc' dir='ltr'>φωνήν</span> <span class='ocrx_word' id='word_1_92' title='bbox 2405 858 2518 896; x_wconf 86' lang='grc' dir='ltr'>σου</span> <span class='ocrx_word' id='word_1_93' title='bbox 2556 847 2588 895; x_wconf 85' lang='grc' dir='ltr'><strong>ό</strong></span> <span class='ocrx_word' id='word_1_94' title='bbox 2628 838 3128 909; x_wconf 63' lang='grc' dir='ltr'><strong>εὐαγγελιζόμενος</strong></span> <span class='ocrx_word' id='word_1_95' title='bbox 3190 837 3589 905; x_wconf 79' lang='grc' dir='ltr'>Ἰερουσαλήμ.</span> 
     </span>
    </p>
   </div>
   <div class='ocr_carea' id='block_1_15' title="bbox 541 924 2060 1001">
    <p class='ocr_par' dir='ltr' id='par_1_15' title="bbox 541 924 2060 995">
     <span class='ocr_line' id='line_1_15' title="bbox 541 924 2060 995; baseline 0.005 -17"><span class='ocrx_word' id='word_1_96' title='bbox 541 927 626 995; x_wconf 88' lang='lat' dir='ltr'><strong>qui</strong></span> <span class='ocrx_word' id='word_1_97' title='bbox 656 925 787 978; x_wconf 84' lang='lat' dir='ltr'><strong>Novi</strong></span> <span class='ocrx_word' id='word_1_98' title='bbox 817 924 1142 979; x_wconf 82' lang='lat' dir='ltr'><strong>Testamenti</strong></span> <span class='ocrx_word' id='word_1_99' title='bbox 1177 927 1405 980; x_wconf 85' lang='lat' dir='ltr'><strong>ministri</strong></span> <span class='ocrx_word' id='word_1_100' title='bbox 1449 936 1572 981; x_wconf 89' lang='lat' dir='ltr'><strong>sunt</strong></span> <span class='ocrx_word' id='word_1_101' title='bbox 1622 929 1819 991; x_wconf 89' lang='lat' dir='ltr'><strong>idonei,</strong></span> <span class='ocrx_word' id='word_1_102' title='bbox 1864 930 2060 985; x_wconf 87' lang='lat' dir='ltr'><strong>scilicet</strong></span> 
     </span>
    </p>
   </div>
   <div class='ocr_carea' id='block_1_16' title="bbox 2078 924 3597 1001">
    <p class='ocr_par' dir='ltr' id='par_1_16' title="bbox 2164 924 3597 1001">
     <span class='ocr_line' id='line_1_16' title="bbox 2164 924 3597 1001; baseline -0.007 -16"><span class='ocrx_word' id='word_1_103' title='bbox 2164 932 2464 1001; x_wconf 84' lang='grc' dir='ltr'>θαυμαστὸν</span> <span class='ocrx_word' id='word_1_104' title='bbox 2507 930 2563 982; x_wconf 79' lang='grc' dir='ltr'><strong>δὲ</strong></span> <span class='ocrx_word' id='word_1_105' title='bbox 2602 931 2650 980; x_wconf 77' lang='grc' dir='ltr'>εἰ</span> <span class='ocrx_word' id='word_1_106' title='bbox 2692 931 2801 988; x_wconf 86' lang='grc' dir='ltr'>τοῖς</span> <span class='ocrx_word' id='word_1_107' title='bbox 2843 927 3115 997; x_wconf 81' lang='grc' dir='ltr'>μέλλουσιν</span> <span class='ocrx_word' id='word_1_108' title='bbox 3161 924 3597 993; x_wconf 80' lang='grc' dir='ltr'><strong>εὐαγγελίζεσθαι</strong></span> 
     </span>
    </p>
   </div>
   <div class='ocr_carea' id='block_1_17' title="bbox 540 1014 2059 1091">
    <p class='ocr_par' dir='ltr' id='par_1_17' title="bbox 540 1017 2059 1086">
     <span class='ocr_line' id='line_1_17' title="bbox 540 1017 2059 1086; baseline 0.001 -16"><span class='ocrx_word' id='word_1_109' title='bbox 540 1026 597 1070; x_wconf 81' lang='grc' dir='ltr'><strong>ιιι</strong></span> <span class='ocrx_word' id='word_1_110' title='bbox 636 1024 845 1070; x_wconf 82' lang='lat' dir='ltr'><strong>servent</strong></span> <span class='ocrx_word' id='word_1_111' title='bbox 890 1025 1207 1085; x_wconf 56' lang='lat' dir='ltr'><strong>praeceptum</strong></span> <span class='ocrx_word' id='word_1_112' title='bbox 1255 1018 1433 1071; x_wconf 87' lang='lat' dir='ltr'><strong>dicens</strong></span> <span class='ocrx_word' id='word_1_113' title='bbox 1472 1036 1485 1071; x_wconf 95' lang='lat'><strong>:</strong></span> <span class='ocrx_word' id='word_1_114' title='bbox 1532 1017 1699 1086; x_wconf 86' lang='lat' dir='ltr'><strong>Super</strong></span> <span class='ocrx_word' id='word_1_115' title='bbox 1731 1027 1952 1072; x_wconf 87' lang='lat' dir='ltr'><strong>montem</strong></span> <span class='ocrx_word' id='word_1_116' title='bbox 1988 1020 2059 1072; x_wconf 86' lang='lat' dir='ltr'><strong>al-</strong></span> 
     </span>
    </p>
   </div>
   <div class='ocr_carea' id='block_1_18' title="bbox 2078 1014 3597 1091">
    <p class='ocr_par' dir='ltr' id='par_1_18' title="bbox 2165 1014 3597 1091">
     <span class='ocr_line' id='line_1_18' title="bbox 2165 1014 3597 1091; baseline -0.006 -16"><span class='ocrx_word' id='word_1_117' title='bbox 2165 1021 2341 1090; x_wconf 84' lang='grc' dir='ltr'>ἁγαθὰ</span> <span class='ocrx_word' id='word_1_118' title='bbox 2393 1020 2596 1091; x_wconf 80' lang='grc' dir='ltr'>Ἰησοῦς</span> <span class='ocrx_word' id='word_1_119' title='bbox 2641 1017 3034 1085; x_wconf 79' lang='grc' dir='ltr'><strong>εὐαγγελίζεται</strong></span> <span class='ocrx_word' id='word_1_120' title='bbox 3077 1016 3144 1070; x_wconf 77' lang='grc' dir='ltr'>τὰ</span> <span class='ocrx_word' id='word_1_121' title='bbox 3174 1014 3375 1083; x_wconf 85' lang='grc' dir='ltr'>ἀγαθὰ,</span> <span class='ocrx_word' id='word_1_122' title='bbox 3417 1014 3515 1065; x_wconf 85' lang='grc' dir='ltr'><strong>οὐκ</strong></span> <span class='ocrx_word' id='word_1_123' title='bbox 3570 1016 3597 1067; x_wconf 82' lang='grc' dir='ltr'><em>ἅ</em></span> 
     </span>
    </p>
   </div>
   <div class='ocr_carea' id='block_1_19' title="bbox 540 1103 2059 1181">
    <p class='ocr_par' dir='ltr' id='par_1_19' title="bbox 540 1106 2059 1180">
     <span class='ocr_line' id='line_1_19' title="bbox 540 1106 2059 1180; baseline 0.003 -21"><span class='ocrx_word' id='word_1_124' title='bbox 540 1118 648 1159; x_wconf 86' lang='lat' dir='ltr'><strong>tum</strong></span> <span class='ocrx_word' id='word_1_125' title='bbox 689 1109 906 1160; x_wconf 76' lang='lat' dir='ltr'><strong>ascende</strong></span> <span class='ocrx_word' id='word_1_126' title='bbox 937 1107 1027 1175; x_wconf 87' lang='lat' dir='ltr'><strong>qui</strong></span> <span class='ocrx_word' id='word_1_127' title='bbox 1063 1106 1381 1173; x_wconf 61' lang='lat' dir='ltr'><strong>evangelica:</strong></span> <span class='ocrx_word' id='word_1_128' title='bbox 1421 1108 1579 1172; x_wconf 85' lang='lat' dir='ltr'><strong>Sion;</strong></span> <span class='ocrx_word' id='word_1_129' title='bbox 1609 1110 1781 1163; x_wconf 73' lang='lat' dir='ltr'><strong>exaltu</strong></span> <span class='ocrx_word' id='word_1_130' title='bbox 1807 1128 1923 1165; x_wconf 87' lang='lat' dir='ltr'><strong>cum</strong></span> <span class='ocrx_word' id='word_1_131' title='bbox 1952 1112 2059 1180; x_wconf 90' lang='lat' dir='ltr'><strong>for-</strong></span> 
     </span>
    </p>
   </div>
   <div class='ocr_carea' id='block_1_20' title="bbox 2078 1103 3597 1181">
    <p class='ocr_par' dir='ltr' id='par_1_20' title="bbox 2163 1103 3597 1181">
     <span class='ocr_line' id='line_1_20' title="bbox 2163 1103 3597 1181; baseline -0.007 -18"><span class='ocrx_word' id='word_1_132' title='bbox 2163 1112 2486 1181; x_wconf 81' lang='grc' dir='ltr'>τυγχάνοντα</span> <span class='ocrx_word' id='word_1_133' title='bbox 2509 1107 2715 1162; x_wconf 53' lang='grc' dir='ltr'>ἑαυτοῦ</span> <span class='ocrx_word' id='word_1_134' title='bbox 2741 1107 2925 1160; x_wconf 77' lang='grc' dir='ltr'>ἑαυτὸν</span> <span class='ocrx_word' id='word_1_135' title='bbox 2963 1106 3068 1176; x_wconf 82' lang='grc' dir='ltr'>γὰρ</span> <span class='ocrx_word' id='word_1_136' title='bbox 3096 1103 3501 1171; x_wconf 79' lang='grc' dir='ltr'>εὐαγγελίζεται</span> <span class='ocrx_word' id='word_1_137' title='bbox 3529 1104 3555 1155; x_wconf 91' lang='grc' dir='ltr'><strong>ό</strong></span> <span class='ocrx_word' id='word_1_138' title='bbox 3577 1104 3597 1154; x_wconf 70' lang='grc' dir='ltr'><strong>Ἰ</strong></span> 
     </span>
    </p>
   </div>
   <div class='ocr_carea' id='block_1_21' title="bbox 542 1192 2061 1267">
    <p class='ocr_par' dir='ltr' id='par_1_21' title="bbox 542 1198 2060 1263">
     <span class='ocr_line' id='line_1_21' title="bbox 542 1198 2060 1263; baseline 0.003 -12"><span class='ocrx_word' id='word_1_139' title='bbox 542 1199 760 1251; x_wconf 87' lang='lat' dir='ltr'><strong>titudine</strong></span> <span class='ocrx_word' id='word_1_140' title='bbox 784 1213 956 1250; x_wconf 85' lang='lat' dir='ltr'><strong>vocem</strong></span> <span class='ocrx_word' id='word_1_141' title='bbox 988 1210 1129 1248; x_wconf 87' lang='lat' dir='ltr'><strong>tuam</strong></span> <span class='ocrx_word' id='word_1_142' title='bbox 1172 1212 1255 1263; x_wconf 82' lang='lat' dir='ltr'><strong>qur</strong></span> <span class='ocrx_word' id='word_1_143' title='bbox 1304 1198 1582 1251; x_wconf 84' lang='lat' dir='ltr'><strong>annuntias</strong></span> <span class='ocrx_word' id='word_1_144' title='bbox 1625 1198 1950 1255; x_wconf 74' lang='lat' dir='ltr'><strong>Hierusalem</strong></span> <span class='ocrx_word' id='word_1_145' title='bbox 1995 1204 2060 1256; x_wconf 82' lang='lat'><strong>“.</strong></span> 
     </span>
    </p>
   </div>
   <div class='ocr_carea' id='block_1_22' title="bbox 2046 1192 3565 1267">
    <p class='ocr_par' dir='ltr' id='par_1_22' title="bbox 2046 1192 3565 1267">
     <span class='ocr_line' id='line_1_22' title="bbox 2046 1192 3565 1267; baseline -0.007 -12"><span class='ocrx_word' id='word_1_146' title='bbox 2046 1242 2060 1256; x_wconf 91' lang='lat'><strong>.</strong></span> <span class='ocrx_word' id='word_1_147' title='bbox 2164 1200 2254 1253; x_wconf 88' lang='grc' dir='ltr'><strong>τοῦ</strong></span> <span class='ocrx_word' id='word_1_148' title='bbox 2320 1199 2451 1252; x_wconf 89' lang='grc' dir='ltr'>Θεοῦ</span> <span class='ocrx_word' id='word_1_149' title='bbox 2504 1201 2612 1261; x_wconf 89' lang='grc' dir='ltr'>τοῖς</span> <span class='ocrx_word' id='word_1_150' title='bbox 2630 1198 2937 1267; x_wconf 81' lang='grc' dir='ltr'>δυναμένοις</span> <span class='ocrx_word' id='word_1_151' title='bbox 2987 1197 3047 1248; x_wconf 87' lang='grc' dir='ltr'><strong>οὐ</strong></span> <span class='ocrx_word' id='word_1_152' title='bbox 3085 1195 3153 1246; x_wconf 81' lang='grc' dir='ltr'>δι’</span> <span class='ocrx_word' id='word_1_153' title='bbox 3191 1194 3365 1248; x_wconf 78' lang='grc' dir='ltr'>ἄλλων</span> <span class='ocrx_word' id='word_1_154' title='bbox 3408 1192 3565 1245; x_wconf 81' lang='grc' dir='ltr'>αὐτὸν</span> 
     </span>
    </p>
   </div>
   <div class='ocr_carea' id='block_1_23' title="bbox 544 1282 2063 1360">
    <p class='ocr_par' dir='ltr' id='par_1_23' title="bbox 544 1283 2057 1359">
     <span class='ocr_line' id='line_1_23' title="bbox 544 1283 2057 1359; baseline 0.007 -24"><span class='ocrx_word' id='word_1_155' title='bbox 544 1283 653 1337; x_wconf 86' lang='lat' dir='ltr'><strong>Nec</strong></span> <span class='ocrx_word' id='word_1_156' title='bbox 682 1284 872 1338; x_wconf 85' lang='lat' dir='ltr'><strong>mirere</strong></span> <span class='ocrx_word' id='word_1_157' title='bbox 895 1287 938 1337; x_wconf 91' lang='lat' dir='ltr'><strong>si</strong></span> <span class='ocrx_word' id='word_1_158' title='bbox 959 1287 1397 1355; x_wconf 81' lang='lat' dir='ltr'><strong>evangelizaturis</strong></span> <span class='ocrx_word' id='word_1_159' title='bbox 1417 1288 1573 1353; x_wconf 89' lang='lat' dir='ltr'><strong>bona,</strong></span> <span class='ocrx_word' id='word_1_160' title='bbox 1587 1289 1725 1342; x_wconf 90' lang='lat' dir='ltr'><strong>bona</strong></span> <span class='ocrx_word' id='word_1_161' title='bbox 1742 1306 1949 1359; x_wconf 89' lang='lat' dir='ltr'><strong>quoque</strong></span> <span class='ocrx_word' id='word_1_162' title='bbox 1967 1293 2057 1346; x_wconf 87' lang='lat' dir='ltr'><strong>Je-</strong></span> 
     </span>
    </p>
   </div>
   <div class='ocr_carea' id='block_1_24' title="bbox 2077 1282 3596 1360">
    <p class='ocr_par' dir='ltr' id='par_1_24' title="bbox 2165 1282 3589 1360">
     <span class='ocr_line' id='line_1_24' title="bbox 2165 1282 3589 1360; baseline -0.008 -15"><span class='ocrx_word' id='word_1_163' title='bbox 2165 1293 2292 1345; x_wconf 74' lang='grc' dir='ltr'>θεῖψ</span> <span class='ocrx_word' id='word_1_164' title='bbox 2327 1291 2460 1360; x_wconf 85' lang='grc' dir='ltr'>πλὴν</span> <span class='ocrx_word' id='word_1_165' title='bbox 2501 1292 2530 1342; x_wconf 86' lang='grc' dir='ltr'><strong>ὁ</strong></span> <span class='ocrx_word' id='word_1_166' title='bbox 2565 1289 2851 1342; x_wconf 79' lang='grc' dir='ltr'>ἐπιϐαίνων</span> <span class='ocrx_word' id='word_1_167' title='bbox 2889 1286 2992 1338; x_wconf 83' lang='grc' dir='ltr'><strong>τῶν</strong></span> <span class='ocrx_word' id='word_1_168' title='bbox 3033 1284 3172 1355; x_wconf 85' lang='grc' dir='ltr'>όρῶν</span> <span class='ocrx_word' id='word_1_169' title='bbox 3225 1284 3319 1337; x_wconf 73' lang='grc' dir='ltr'><strong>καὶ</strong></span> <span class='ocrx_word' id='word_1_170' title='bbox 3360 1282 3589 1350; x_wconf 87' lang='grc' dir='ltr'>εὐαγγελ</span> 
     </span>
    </p>
   </div>
   <div class='ocr_carea' id='block_1_25' title="bbox 544 1372 2063 1452">
    <p class='ocr_par' dir='ltr' id='par_1_25' title="bbox 544 1375 2058 1448">
     <span class='ocr_line' id='line_1_25' title="bbox 544 1375 2058 1448; baseline 0.007 -23"><span class='ocrx_word' id='word_1_171' title='bbox 544 1388 636 1426; x_wconf 90' lang='lat' dir='ltr'><strong>sus</strong></span> <span class='ocrx_word' id='word_1_172' title='bbox 655 1375 995 1442; x_wconf 81' lang='lat' dir='ltr'><strong>evangelizet,</strong></span> <span class='ocrx_word' id='word_1_173' title='bbox 1010 1390 1127 1443; x_wconf 66' lang='lat' dir='ltr'><strong>quae</strong></span> <span class='ocrx_word' id='word_1_174' title='bbox 1149 1392 1256 1430; x_wconf 87' lang='lat' dir='ltr'><strong>non</strong></span> <span class='ocrx_word' id='word_1_175' title='bbox 1282 1377 1380 1429; x_wconf 87' lang='lat' dir='ltr'><strong>alia</strong></span> <span class='ocrx_word' id='word_1_176' title='bbox 1402 1387 1526 1430; x_wconf 87' lang='lat' dir='ltr'><strong>sunt</strong></span> <span class='ocrx_word' id='word_1_177' title='bbox 1543 1392 1572 1430; x_wconf 91' lang='lat' dir='ltr'><strong>a</strong></span> <span class='ocrx_word' id='word_1_178' title='bbox 1588 1393 1645 1432; x_wconf 88' lang='lat' dir='ltr'><strong>se</strong></span> <span class='ocrx_word' id='word_1_179' title='bbox 1663 1378 1792 1447; x_wconf 91' lang='lat' dir='ltr'><strong>ipso,</strong></span> <span class='ocrx_word' id='word_1_180' title='bbox 1813 1382 2058 1448; x_wconf 88' lang='lat' dir='ltr'><strong>quando-</strong></span> 
     </span>
    </p>
   </div>
   <div class='ocr_carea' id='block_1_26' title="bbox 2078 1372 3597 1452">
    <p class='ocr_par' dir='ltr' id='par_1_26' title="bbox 2167 1372 3597 1452">
     <span class='ocr_line' id='line_1_26' title="bbox 2167 1372 3597 1452; baseline -0.008 -18"><span class='ocrx_word' id='word_1_181' title='bbox 2167 1398 2320 1452; x_wconf 89' lang='grc' dir='ltr'>μενος</span> <span class='ocrx_word' id='word_1_182' title='bbox 2377 1381 2555 1442; x_wconf 87' lang='grc' dir='ltr'>αὐτοῖς</span> <span class='ocrx_word' id='word_1_183' title='bbox 2609 1379 2676 1431; x_wconf 81' lang='grc' dir='ltr'>τὰ</span> <span class='ocrx_word' id='word_1_184' title='bbox 2727 1377 2934 1446; x_wconf 78' lang='grc' dir='ltr'>ἀγαθὰ,</span> <span class='ocrx_word' id='word_1_185' title='bbox 2990 1373 3343 1446; x_wconf 74' lang='grc' dir='ltr'>μαθητευθεὶς</span> <span class='ocrx_word' id='word_1_186' title='bbox 3397 1372 3475 1442; x_wconf 77' lang='grc' dir='ltr'>τῷ</span> <span class='ocrx_word' id='word_1_187' title='bbox 3519 1375 3597 1440; x_wconf 64' lang='lat' dir='ltr'><strong>dm</strong></span> 
     </span>
    </p>
   </div>
   <div class='ocr_carea' id='block_1_27' title="bbox 543 1462 2062 1539">
    <p class='ocr_par' dir='ltr' id='par_1_27' title="bbox 543 1463 2058 1537">
     <span class='ocr_line' id='line_1_27' title="bbox 543 1463 2058 1537; baseline 0.006 -22"><span class='ocrx_word' id='word_1_188' title='bbox 543 1463 753 1531; x_wconf 88' lang='lat' dir='ltr'><strong>quidem</strong></span> <span class='ocrx_word' id='word_1_189' title='bbox 778 1464 1007 1532; x_wconf 89' lang='lat' dir='ltr'><strong>seipsum</strong></span> <span class='ocrx_word' id='word_1_190' title='bbox 1024 1464 1124 1518; x_wconf 90' lang='lat' dir='ltr'><strong>illis</strong></span> <span class='ocrx_word' id='word_1_191' title='bbox 1148 1465 1469 1534; x_wconf 80' lang='lat' dir='ltr'><strong>evangelizat</strong></span> <span class='ocrx_word' id='word_1_192' title='bbox 1492 1466 1656 1520; x_wconf 83' lang='lat' dir='ltr'><strong>Filius</strong></span> <span class='ocrx_word' id='word_1_193' title='bbox 1672 1468 1762 1520; x_wconf 88' lang='lat' dir='ltr'><strong>Dei</strong></span> <span class='ocrx_word' id='word_1_194' title='bbox 1781 1469 1868 1536; x_wconf 87' lang='lat' dir='ltr'><strong>qui</strong></span> <span class='ocrx_word' id='word_1_195' title='bbox 1887 1469 2058 1537; x_wconf 88' lang='lat' dir='ltr'><strong>ipsum</strong></span> 
     </span>
    </p>
   </div>
   <div class='ocr_carea' id='block_1_28' title="bbox 2057 1462 3576 1539">
    <p class='ocr_par' dir='ltr' id='par_1_28' title="bbox 2057 1462 3576 1539">
     <span class='ocr_line' id='line_1_28' title="bbox 2057 1462 3576 1539; baseline -0.005 -18"><span class='ocrx_word' id='word_1_196' title='bbox 2057 1515 2058 1521; x_wconf 48' lang='grc' dir='ltr'><strong>η</strong></span> <span class='ocrx_word' id='word_1_197' title='bbox 2163 1471 2352 1539; x_wconf 73' lang='grc' dir='ltr'>Πατρὶ,</span> <span class='ocrx_word' id='word_1_198' title='bbox 2397 1467 2778 1524; x_wconf 79' lang='grc' dir='ltr'>ἀνατέλλοντι</span> <span class='ocrx_word' id='word_1_199' title='bbox 2814 1468 2916 1519; x_wconf 82' lang='grc' dir='ltr'>τὸν</span> <span class='ocrx_word' id='word_1_200' title='bbox 2944 1466 3117 1532; x_wconf 75' lang='grc' dir='ltr'>ἥλιον</span> <span class='ocrx_word' id='word_1_201' title='bbox 3150 1463 3247 1515; x_wconf 76' lang='grc' dir='ltr'><strong>ἐπὶ</strong></span> <span class='ocrx_word' id='word_1_202' title='bbox 3278 1462 3576 1529; x_wconf 81' lang='grc' dir='ltr'>πονηροὺς</span> 
     </span>
    </p>
   </div>
   <div class='ocr_carea' id='block_1_29' title="bbox 542 1551 2061 1628">
    <p class='ocr_par' dir='ltr' id='par_1_29' title="bbox 542 1551 2061 1623">
     <span class='ocr_line' id='line_1_29' title="bbox 542 1551 2061 1623; baseline 0.006 -19"><span class='ocrx_word' id='word_1_203' title='bbox 542 1565 639 1618; x_wconf 89' lang='lat' dir='ltr'><strong>per</strong></span> <span class='ocrx_word' id='word_1_204' title='bbox 664 1551 794 1605; x_wconf 87' lang='lat' dir='ltr'><strong>alios</strong></span> <span class='ocrx_word' id='word_1_205' title='bbox 815 1552 990 1605; x_wconf 84' lang='lat' dir='ltr'><strong>dicere</strong></span> <span class='ocrx_word' id='word_1_206' title='bbox 1004 1553 1678 1620; x_wconf 82' lang='lat' dir='ltr'><strong>nequeunt.Verumtamen</strong></span> <span class='ocrx_word' id='word_1_207' title='bbox 1705 1556 1795 1623; x_wconf 89' lang='lat' dir='ltr'><strong>qui</strong></span> <span class='ocrx_word' id='word_1_208' title='bbox 1819 1559 2061 1614; x_wconf 75' lang='lat' dir='ltr'><strong>ascendit</strong></span> 
     </span>
    </p>
   </div>
   <div class='ocr_carea' id='block_1_30' title="bbox 2078 1551 3597 1628">
    <p class='ocr_par' dir='ltr' id='par_1_30' title="bbox 2164 1552 3597 1628">
     <span class='ocr_line' id='line_1_30' title="bbox 2164 1552 3597 1628; baseline -0.006 -15"><span class='ocrx_word' id='word_1_209' title='bbox 2164 1559 2435 1628; x_wconf 79' lang='grc' dir='ltr'>ἀγαθοὺς,</span> <span class='ocrx_word' id='word_1_210' title='bbox 2465 1558 2561 1611; x_wconf 81' lang='grc' dir='ltr'>καὶ</span> <span class='ocrx_word' id='word_1_211' title='bbox 2585 1558 2861 1626; x_wconf 81' lang='grc' dir='ltr'>,βρέχοντι</span> <span class='ocrx_word' id='word_1_212' title='bbox 2887 1556 2983 1608; x_wconf 77' lang='grc' dir='ltr'><strong>ἐπὶ</strong></span> <span class='ocrx_word' id='word_1_213' title='bbox 3016 1555 3283 1618; x_wconf 85' lang='grc' dir='ltr'>δικαίους</span> <span class='ocrx_word' id='word_1_214' title='bbox 3311 1552 3410 1605; x_wconf 76' lang='grc' dir='ltr'><strong>καί</strong></span> <span class='ocrx_word' id='word_1_215' title='bbox 3437 1554 3597 1606; x_wconf 74' lang='grc' dir='ltr'><strong>ἀδίκς</strong></span> 
     </span>
    </p>
   </div>
   <div class='ocr_carea' id='block_1_31' title="bbox 542 1640 2061 1720">
    <p class='ocr_par' dir='ltr' id='par_1_31' title="bbox 542 1640 2061 1710">
     <span class='ocr_line' id='line_1_31' title="bbox 542 1640 2061 1710; baseline 0.001 -16"><span class='ocrx_word' id='word_1_216' title='bbox 542 1652 770 1704; x_wconf 81' lang='lat' dir='ltr'><strong>montes,</strong></span> <span class='ocrx_word' id='word_1_217' title='bbox 802 1640 909 1695; x_wconf 89' lang='lat' dir='ltr'><strong>illis</strong></span> <span class='ocrx_word' id='word_1_218' title='bbox 938 1641 1308 1710; x_wconf 75' lang='lat' dir='ltr'><strong>evangelizans</strong></span> <span class='ocrx_word' id='word_1_219' title='bbox 1342 1643 1502 1707; x_wconf 88' lang='lat' dir='ltr'><strong>bona,</strong></span> <span class='ocrx_word' id='word_1_220' title='bbox 1555 1643 1694 1696; x_wconf 84' lang='lat' dir='ltr'><strong>haud</strong></span> <span class='ocrx_word' id='word_1_221' title='bbox 1742 1644 2061 1710; x_wconf 87' lang='lat' dir='ltr'><strong>contemptui</strong></span> 
     </span>
    </p>
   </div>
   <div class='ocr_carea' id='block_1_32' title="bbox 2078 1640 3597 1720">
    <p class='ocr_par' dir='ltr' id='par_1_32' title="bbox 2163 1643 3597 1720">
     <span class='ocr_line' id='line_1_32' title="bbox 2163 1643 3597 1720; baseline -0.008 -17"><span class='ocrx_word' id='word_1_222' title='bbox 2163 1650 2285 1712; x_wconf 82' lang='grc' dir='ltr'>τοὺς</span> <span class='ocrx_word' id='word_1_223' title='bbox 2303 1650 2399 1720; x_wconf 78' lang='grc' dir='ltr'>τὴν</span> <span class='ocrx_word' id='word_1_224' title='bbox 2423 1648 2594 1718; x_wconf 72' lang='grc' dir='ltr'>ψυχὴν</span> <span class='ocrx_word' id='word_1_225' title='bbox 2623 1648 2863 1717; x_wconf 76' lang='grc' dir='ltr'>πτωχοὺς</span> <span class='ocrx_word' id='word_1_226' title='bbox 2897 1647 2995 1716; x_wconf 88' lang='grc' dir='ltr'><strong>οὐχ</strong></span> <span class='ocrx_word' id='word_1_227' title='bbox 3040 1646 3403 1715; x_wconf 78' lang='grc' dir='ltr'>ὑπερηφανεῖ·</span> <span class='ocrx_word' id='word_1_228' title='bbox 3451 1643 3545 1695; x_wconf 75' lang='grc' dir='ltr'><strong>καὶ</strong></span> <span class='ocrx_word' id='word_1_229' title='bbox 3583 1661 3597 1692; x_wconf 68' lang='grc' dir='ltr'><strong>ι</strong></span> 
     </span>
    </p>
   </div>
   <div class='ocr_carea' id='block_1_33' title="bbox 541 1733 2060 1817">
    <p class='ocr_par' dir='ltr' id='par_1_33' title="bbox 541 1733 2060 1801">
     <span class='ocr_line' id='line_1_33' title="bbox 541 1733 2060 1801; baseline 0.002 -15"><span class='ocrx_word' id='word_1_230' title='bbox 541 1733 702 1787; x_wconf 85' lang='lat' dir='ltr'><strong>habet</strong></span> <span class='ocrx_word' id='word_1_231' title='bbox 735 1747 994 1801; x_wconf 84' lang='lat' dir='ltr'><strong>pauperes</strong></span> <span class='ocrx_word' id='word_1_232' title='bbox 1027 1734 1234 1801; x_wconf 81' lang='lat' dir='ltr'><strong>spiritu,</strong></span> <span class='ocrx_word' id='word_1_233' title='bbox 1274 1749 1304 1788; x_wconf 90' lang='lat' dir='ltr'><strong>a</strong></span> <span class='ocrx_word' id='word_1_234' title='bbox 1338 1734 1479 1789; x_wconf 85' lang='lat' dir='ltr'><strong>bono</strong></span> <span class='ocrx_word' id='word_1_235' title='bbox 1506 1734 1597 1788; x_wconf 91' lang='lat' dir='ltr'><strong>illo</strong></span> <span class='ocrx_word' id='word_1_236' title='bbox 1628 1736 1848 1791; x_wconf 88' lang='lat' dir='ltr'><strong>edoctus</strong></span> <span class='ocrx_word' id='word_1_237' title='bbox 1883 1735 2060 1799; x_wconf 79' lang='lat' dir='ltr'><strong>Patre,</strong></span> 
     </span>
    </p>
   </div>
   <div class='ocr_carea' id='block_1_34' title="bbox 2078 1733 3597 1817">
    <p class='ocr_par' dir='ltr' id='par_1_34' title="bbox 2093 1733 3597 1817">
     <span class='ocr_line' id='line_1_34' title="bbox 2093 1733 3597 1817; baseline -0.005 -24"><span class='ocrx_word' id='word_1_238' title='bbox 2093 1763 2135 1817; x_wconf 75' lang='grc' dir='ltr'><strong>Β</strong></span> <span class='ocrx_word' id='word_1_239' title='bbox 2160 1758 2270 1804; x_wconf 88' lang='grc' dir='ltr'>τοις</span> <span class='ocrx_word' id='word_1_240' title='bbox 2325 1740 2418 1811; x_wconf 68' lang='grc' dir='ltr'>γὰρ</span> <span class='ocrx_word' id='word_1_241' title='bbox 2452 1738 2867 1807; x_wconf 82' lang='grc' dir='ltr'>εὐαγγελίζεται,</span> <span class='ocrx_word' id='word_1_242' title='bbox 2905 1738 2979 1799; x_wconf 86' lang='grc' dir='ltr'>ὼς</span> <span class='ocrx_word' id='word_1_243' title='bbox 3016 1736 3175 1797; x_wconf 79' lang='grc' dir='ltr'>αὐτὸς</span> <span class='ocrx_word' id='word_1_244' title='bbox 3219 1737 3487 1805; x_wconf 88' lang='grc' dir='ltr'>μαρτυρεί</span> <span class='ocrx_word' id='word_1_245' title='bbox 3532 1733 3597 1786; x_wconf 91' lang='grc' dir='ltr'><strong>λα</strong></span> 
     </span>
    </p>
   </div>
   <div class='ocr_carea' id='block_1_35' title="bbox 538 1822 2057 1894">
    <p class='ocr_par' dir='ltr' id='par_1_35' title="bbox 538 1822 2057 1892">
     <span class='ocr_line' id='line_1_35' title="bbox 538 1822 2057 1892; baseline 0.002 -17"><span class='ocrx_word' id='word_1_246' title='bbox 538 1825 628 1891; x_wconf 89' lang='lat' dir='ltr'><strong>qui</strong></span> <span class='ocrx_word' id='word_1_247' title='bbox 653 1822 811 1876; x_wconf 88' lang='lat' dir='ltr'><strong>solem</strong></span> <span class='ocrx_word' id='word_1_248' title='bbox 839 1839 988 1876; x_wconf 91' lang='lat' dir='ltr'><strong>suum</strong></span> <span class='ocrx_word' id='word_1_249' title='bbox 1027 1826 1223 1878; x_wconf 73' lang='lat' dir='ltr'><strong>exoriri</strong></span> <span class='ocrx_word' id='word_1_250' title='bbox 1251 1824 1376 1892; x_wconf 89' lang='lat' dir='ltr'><strong>facit</strong></span> <span class='ocrx_word' id='word_1_251' title='bbox 1418 1840 1571 1891; x_wconf 89' lang='lat' dir='ltr'><strong>super</strong></span> <span class='ocrx_word' id='word_1_252' title='bbox 1602 1825 1757 1878; x_wconf 87' lang='lat' dir='ltr'><strong>bonos</strong></span> <span class='ocrx_word' id='word_1_253' title='bbox 1788 1835 1834 1879; x_wconf 88' lang='lat' dir='ltr'><strong>et</strong></span> <span class='ocrx_word' id='word_1_254' title='bbox 1877 1826 2057 1890; x_wconf 88' lang='lat' dir='ltr'><strong>malos,</strong></span> 
     </span>
    </p>
   </div>
   <div class='ocr_carea' id='block_1_36' title="bbox 2060 1822 3579 1894">
    <p class='ocr_par' dir='ltr' id='par_1_36' title="bbox 2060 1824 3579 1894">
     <span class='ocr_line' id='line_1_36' title="bbox 2060 1824 3579 1894; baseline -0.004 -11"><span class='ocrx_word' id='word_1_255' title='bbox 2060 1872 2061 1879; x_wconf 55' lang='grc' dir='ltr'><strong>η</strong></span> <span class='ocrx_word' id='word_1_256' title='bbox 2162 1831 2250 1883; x_wconf 81' lang='grc' dir='ltr'><strong>τὸν</strong></span> <span class='ocrx_word' id='word_1_257' title='bbox 2293 1831 2512 1882; x_wconf 80' lang='grc' dir='ltr'>Ἡσαΐαν</span> <span class='ocrx_word' id='word_1_258' title='bbox 2548 1830 2640 1881; x_wconf 83' lang='grc' dir='ltr'>καὶ</span> <span class='ocrx_word' id='word_1_259' title='bbox 2671 1825 2958 1894; x_wconf 84' lang='grc' dir='ltr'>ἀναγνούς·</span> <span class='ocrx_word' id='word_1_260' title='bbox 2997 1825 3064 1878; x_wconf 84' lang='grc' dir='ltr'><strong>Τὸ</strong></span> <span class='ocrx_word' id='word_1_261' title='bbox 3088 1825 3321 1892; x_wconf 78' lang='grc' dir='ltr'>πνεῦμα</span> <span class='ocrx_word' id='word_1_262' title='bbox 3358 1824 3579 1891; x_wconf 81' lang='grc' dir='ltr'>Κυρίου</span> 
     </span>
    </p>
   </div>
   <div class='ocr_carea' id='block_1_37' title="bbox 539 1913 2058 1985">
    <p class='ocr_par' dir='ltr' id='par_1_37' title="bbox 539 1913 2058 1984">
     <span class='ocr_line' id='line_1_37' title="bbox 539 1913 2058 1984; baseline 0.002 -18"><span class='ocrx_word' id='word_1_263' title='bbox 539 1923 588 1966; x_wconf 88' lang='lat' dir='ltr'><strong>et</strong></span> <span class='ocrx_word' id='word_1_264' title='bbox 616 1915 703 1983; x_wconf 85' lang='lat' dir='ltr'><strong>qui</strong></span> <span class='ocrx_word' id='word_1_265' title='bbox 723 1913 855 1982; x_wconf 81' lang='lat' dir='ltr'><strong>pluit</strong></span> <span class='ocrx_word' id='word_1_266' title='bbox 881 1930 1033 1982; x_wconf 89' lang='lat' dir='ltr'><strong>super</strong></span> <span class='ocrx_word' id='word_1_267' title='bbox 1059 1916 1225 1982; x_wconf 83' lang='lat' dir='ltr'><strong>iustos</strong></span> <span class='ocrx_word' id='word_1_268' title='bbox 1251 1925 1297 1968; x_wconf 88' lang='lat' dir='ltr'><strong>et</strong></span> <span class='ocrx_word' id='word_1_269' title='bbox 1328 1915 1553 1983; x_wconf 88' lang='lat' dir='ltr'><strong>injustas</strong></span> <span class='ocrx_word' id='word_1_270' title='bbox 1588 1915 1679 1967; x_wconf 65' lang='grc'><strong>⁸⁸⁸.</strong></span> <span class='ocrx_word' id='word_1_271' title='bbox 1709 1914 1949 1984; x_wconf 83' lang='lat' dir='ltr'><strong>Namque</strong></span> <span class='ocrx_word' id='word_1_272' title='bbox 1982 1917 2058 1969; x_wconf 90' lang='lat' dir='ltr'><strong>his</strong></span> 
     </span>
    </p>
   </div>
   <div class='ocr_carea' id='block_1_38' title="bbox 2078 1913 3597 1985">
    <p class='ocr_par' dir='ltr' id='par_1_38' title="bbox 2163 1913 3597 1985">
     <span class='ocr_line' id='line_1_38' title="bbox 2163 1913 3597 1985; baseline -0.004 -16"><span class='ocrx_word' id='word_1_273' title='bbox 2163 1916 2285 1985; x_wconf 79' lang='grc' dir='ltr'>ἐμὲ,</span> <span class='ocrx_word' id='word_1_274' title='bbox 2312 1913 2382 1971; x_wconf 81' lang='grc' dir='ltr'>οὗ</span> <span class='ocrx_word' id='word_1_275' title='bbox 2409 1916 2612 1969; x_wconf 77' lang='grc' dir='ltr'>ἕνεκεν</span> <span class='ocrx_word' id='word_1_276' title='bbox 2641 1916 2842 1983; x_wconf 83' lang='grc' dir='ltr'>ἐχρισέ</span> <span class='ocrx_word' id='word_1_277' title='bbox 2874 1930 2969 1982; x_wconf 84' lang='grc' dir='ltr'><strong>με,</strong></span> <span class='ocrx_word' id='word_1_278' title='bbox 3011 1913 3511 1980; x_wconf 74' lang='grc' dir='ltr'>εὐαγγελίσασθαι</span> <span class='ocrx_word' id='word_1_279' title='bbox 3556 1928 3597 1964; x_wconf 82' lang='grc' dir='ltr'><strong>π</strong></span> 
     </span>
    </p>
   </div>
   <div class='ocr_carea' id='block_1_39' title="bbox 540 2001 2059 2074">
    <p class='ocr_par' dir='ltr' id='par_1_39' title="bbox 540 2005 2059 2073">
     <span class='ocr_line' id='line_1_39' title="bbox 540 2005 2059 2073; baseline -0.001 -15"><span class='ocrx_word' id='word_1_280' title='bbox 540 2019 751 2072; x_wconf 90' lang='lat' dir='ltr'><strong>quoque</strong></span> <span class='ocrx_word' id='word_1_281' title='bbox 772 2005 1120 2072; x_wconf 79' lang='lat' dir='ltr'><strong>evangelizat,</strong></span> <span class='ocrx_word' id='word_1_282' title='bbox 1162 2007 1302 2061; x_wconf 87' lang='lat' dir='ltr'><strong>sicut</strong></span> <span class='ocrx_word' id='word_1_283' title='bbox 1345 2006 1576 2073; x_wconf 89' lang='lat' dir='ltr'><strong>ipsemet</strong></span> <span class='ocrx_word' id='word_1_284' title='bbox 1628 2012 1872 2069; x_wconf 86' lang='lat' dir='ltr'><strong>testatur,</strong></span> <span class='ocrx_word' id='word_1_285' title='bbox 1910 2019 1975 2059; x_wconf 85' lang='lat' dir='ltr'><strong>ex</strong></span> <span class='ocrx_word' id='word_1_286' title='bbox 2002 2020 2059 2060; x_wconf 87' lang='lat' dir='ltr'><strong>eo</strong></span> 
     </span>
    </p>
   </div>
   <div class='ocr_carea' id='block_1_40' title="bbox 2078 2001 3597 2074">
    <p class='ocr_par' dir='ltr' id='par_1_40' title="bbox 2164 2001 3597 2074">
     <span class='ocr_line' id='line_1_40' title="bbox 2164 2001 3597 2074; baseline -0.002 -17"><span class='ocrx_word' id='word_1_287' title='bbox 2164 2006 2292 2074; x_wconf 85' lang='grc' dir='ltr'>χοῖς</span> <span class='ocrx_word' id='word_1_288' title='bbox 2315 2004 2650 2059; x_wconf 71' lang='grc' dir='ltr'>ἀπέσταλκε</span> <span class='ocrx_word' id='word_1_289' title='bbox 2665 2021 2759 2071; x_wconf 81' lang='grc' dir='ltr'><strong>με,</strong></span> <span class='ocrx_word' id='word_1_290' title='bbox 2789 2002 3035 2070; x_wconf 78' lang='grc' dir='ltr'>κηρῦξαι</span> <span class='ocrx_word' id='word_1_291' title='bbox 3066 2001 3459 2072; x_wconf 75' lang='grc' dir='ltr'>αἰχμαλώτοις</span> <span class='ocrx_word' id='word_1_292' title='bbox 3490 2001 3597 2069; x_wconf 61' lang='grc' dir='ltr'><strong>ἀρε</strong></span> 
     </span>
    </p>
   </div>
   <div class='ocr_carea' id='block_1_41' title="bbox 539 2091 2058 2164">
    <p class='ocr_par' dir='ltr' id='par_1_41' title="bbox 539 2093 2058 2164">
     <span class='ocr_line' id='line_1_41' title="bbox 539 2093 2058 2164; baseline 0.001 -18"><span class='ocrx_word' id='word_1_293' title='bbox 539 2094 680 2163; x_wconf 85' lang='lat' dir='ltr'><strong>quod</strong></span> <span class='ocrx_word' id='word_1_294' title='bbox 711 2105 922 2163; x_wconf 82' lang='lat' dir='ltr'><strong>sumpto</strong></span> <span class='ocrx_word' id='word_1_295' title='bbox 948 2094 1095 2149; x_wconf 71' lang='lat' dir='ltr'><strong>[salte</strong></span> <span class='ocrx_word' id='word_1_296' title='bbox 1125 2096 1258 2149; x_wconf 89' lang='lat' dir='ltr'><strong>libro</strong></span> <span class='ocrx_word' id='word_1_297' title='bbox 1285 2094 1411 2164; x_wconf 79' lang='lat' dir='ltr'><strong>legit</strong></span> <span class='ocrx_word' id='word_1_298' title='bbox 1438 2113 1453 2148; x_wconf 88' lang='lat'><strong>:</strong></span> <span class='ocrx_word' id='word_1_299' title='bbox 1481 2094 1712 2162; x_wconf 77' lang='lat' dir='ltr'><strong>Spiritus</strong></span> <span class='ocrx_word' id='word_1_300' title='bbox 1747 2093 1954 2146; x_wconf 88' lang='lat' dir='ltr'><strong>Domini</strong></span> <span class='ocrx_word' id='word_1_301' title='bbox 1974 2111 2058 2147; x_wconf 90' lang='lat' dir='ltr'><strong>su-</strong></span> 
     </span>
    </p>
   </div>
   <div class='ocr_carea' id='block_1_42' title="bbox 2078 2091 3597 2164">
    <p class='ocr_par' dir='ltr' id='par_1_42' title="bbox 2168 2091 3597 2163">
     <span class='ocr_line' id='line_1_42' title="bbox 2168 2091 3597 2163; baseline -0.002 -15"><span class='ocrx_word' id='word_1_302' title='bbox 2168 2095 2263 2149; x_wconf 76' lang='grc' dir='ltr'>καὶ</span> <span class='ocrx_word' id='word_1_303' title='bbox 2293 2093 2538 2163; x_wconf 72' lang='grc' dir='ltr'>τυφλοῖς</span> <span class='ocrx_word' id='word_1_304' title='bbox 2569 2093 2924 2160; x_wconf 77' lang='grc' dir='ltr'><strong>ἀνάϐλεψιν·</strong></span> <span class='ocrx_word' id='word_1_305' title='bbox 2963 2092 3189 2158; x_wconf 78' lang='grc' dir='ltr'><strong>πτύξας</strong></span> <span class='ocrx_word' id='word_1_306' title='bbox 3223 2093 3332 2161; x_wconf 73' lang='grc' dir='ltr'>γὰρ</span> <span class='ocrx_word' id='word_1_307' title='bbox 3370 2091 3438 2144; x_wconf 82' lang='grc' dir='ltr'>τὸ</span> <span class='ocrx_word' id='word_1_308' title='bbox 3465 2091 3597 2155; x_wconf 60' lang='grc' dir='ltr'><strong>βιὸέ</strong></span> 
     </span>
    </p>
   </div>
   <div class='ocr_carea' id='block_1_43' title="bbox 538 2166 2057 2256">
    <p class='ocr_par' dir='ltr' id='par_1_43' title="bbox 538 2184 2057 2256">
     <span class='ocr_line' id='line_1_43' title="bbox 538 2184 2057 2256; baseline -0.003 -15"><span class='ocrx_word' id='word_1_309' title='bbox 538 2204 629 2254; x_wconf 84' lang='lat' dir='ltr'><strong>per</strong></span> <span class='ocrx_word' id='word_1_310' title='bbox 661 2204 762 2251; x_wconf 86' lang='lat' dir='ltr'><strong>me,</strong></span> <span class='ocrx_word' id='word_1_311' title='bbox 800 2196 1069 2256; x_wconf 82' lang='lat' dir='ltr'><strong>propterea</strong></span> <span class='ocrx_word' id='word_1_312' title='bbox 1097 2188 1232 2255; x_wconf 91' lang='lat' dir='ltr'><strong>quod</strong></span> <span class='ocrx_word' id='word_1_313' title='bbox 1273 2187 1423 2240; x_wconf 73' lang='lat' dir='ltr'><strong>unxit</strong></span> <span class='ocrx_word' id='word_1_314' title='bbox 1463 2202 1562 2249; x_wconf 87' lang='lat' dir='ltr'><strong>me,</strong></span> <span class='ocrx_word' id='word_1_315' title='bbox 1597 2187 1665 2238; x_wconf 88' lang='lat' dir='ltr'><strong>ad</strong></span> <span class='ocrx_word' id='word_1_316' title='bbox 1699 2184 2057 2253; x_wconf 79' lang='lat' dir='ltr'><strong>euangelizan-</strong></span> 
     </span>
    </p>
   </div>
   <div class='ocr_carea' id='block_1_44' title="bbox 2078 2166 3597 2256">
    <p class='ocr_par' dir='ltr' id='par_1_44' title="bbox 2166 2166 3597 2251">
     <span class='ocr_line' id='line_1_44' title="bbox 2166 2166 3597 2251; baseline -0.002 -14"><span class='ocrx_word' id='word_1_317' title='bbox 2166 2166 2542 2249; x_wconf 62' lang='lat' dir='ltr'><strong>uaidrtob‘obc</strong></span> <span class='ocrx_word' id='word_1_318' title='bbox 2585 2183 2664 2248; x_wconf 86' lang='grc' dir='ltr'>τῷ</span> <span class='ocrx_word' id='word_1_319' title='bbox 2688 2182 2972 2251; x_wconf 80' lang='grc' dir='ltr'><strong>ὑπηρέτῃ,</strong></span> <span class='ocrx_word' id='word_1_320' title='bbox 3013 2183 3285 2236; x_wconf 83' lang='grc' dir='ltr'>ἐκάθισε·</span> <span class='ocrx_word' id='word_1_321' title='bbox 3334 2182 3434 2235; x_wconf 79' lang='grc' dir='ltr'>καὶ</span> <span class='ocrx_word' id='word_1_322' title='bbox 3468 2181 3597 2234; x_wconf 80' lang='grc' dir='ltr'><strong>πάν</strong></span> 
     </span>
    </p>
   </div>
   <div class='ocr_carea' id='block_1_45' title="bbox 542 2272 2061 2349">
    <p class='ocr_par' dir='ltr' id='par_1_45' title="bbox 542 2277 2061 2349">
     <span class='ocr_line' id='line_1_45' title="bbox 542 2277 2061 2349; baseline -0.005 -14"><span class='ocrx_word' id='word_1_323' title='bbox 542 2283 666 2335; x_wconf 90' lang='lat' dir='ltr'><strong>dum</strong></span> <span class='ocrx_word' id='word_1_324' title='bbox 690 2282 1001 2349; x_wconf 86' lang='lat' dir='ltr'><strong>pauperibus</strong></span> <span class='ocrx_word' id='word_1_325' title='bbox 1031 2281 1172 2334; x_wconf 85' lang='lat' dir='ltr'><strong>misit</strong></span> <span class='ocrx_word' id='word_1_326' title='bbox 1205 2295 1304 2344; x_wconf 91' lang='lat' dir='ltr'><strong>me,</strong></span> <span class='ocrx_word' id='word_1_327' title='bbox 1334 2288 1389 2332; x_wconf 88' lang='lat' dir='ltr'><strong>ut</strong></span> <span class='ocrx_word' id='word_1_328' title='bbox 1432 2277 1705 2345; x_wconf 62' lang='lat' dir='ltr'><strong>praedicem</strong></span> <span class='ocrx_word' id='word_1_329' title='bbox 1738 2277 1951 2343; x_wconf 85' lang='lat' dir='ltr'><strong>captivis</strong></span> <span class='ocrx_word' id='word_1_330' title='bbox 1983 2292 2061 2329; x_wconf 88' lang='lat' dir='ltr'><strong>re-</strong></span> 
     </span>
    </p>
   </div>
   <div class='ocr_carea' id='block_1_46' title="bbox 2078 2272 3597 2349">
    <p class='ocr_par' dir='ltr' id='par_1_46' title="bbox 2169 2272 3597 2341">
     <span class='ocr_line' id='line_1_46' title="bbox 2169 2272 3597 2341; baseline -0.004 -14"><span class='ocrx_word' id='word_1_331' title='bbox 2169 2274 2608 2334; x_wconf 81' lang='grc' dir='ltr'>ὲνατενιζόντων</span> <span class='ocrx_word' id='word_1_332' title='bbox 2635 2272 2790 2339; x_wconf 88' lang='grc' dir='ltr'><strong>αὑτῷ</strong></span> <span class='ocrx_word' id='word_1_333' title='bbox 2813 2286 2965 2341; x_wconf 72' lang='grc' dir='ltr'>φησι</span> <span class='ocrx_word' id='word_1_334' title='bbox 2984 2290 2998 2302; x_wconf 77' lang='lat'>&#39;</span> <span class='ocrx_word' id='word_1_335' title='bbox 3033 2272 3298 2341; x_wconf 83' lang='grc' dir='ltr'>Σήμερον</span> <span class='ocrx_word' id='word_1_336' title='bbox 3327 2272 3597 2339; x_wconf 75' lang='grc' dir='ltr'>πεπλήριι</span> 
     </span>
    </p>
   </div>
   <div class='ocr_carea' id='block_1_47' title="bbox 540 2364 2059 2435">
    <p class='ocr_par' dir='ltr' id='par_1_47' title="bbox 540 2364 2053 2435">
     <span class='ocr_line' id='line_1_47' title="bbox 540 2364 2053 2435; baseline -0.005 -12"><span class='ocrx_word' id='word_1_337' title='bbox 540 2372 851 2435; x_wconf 87' lang='lat' dir='ltr'><strong>missionem,</strong></span> <span class='ocrx_word' id='word_1_338' title='bbox 874 2371 1085 2425; x_wconf 71' lang='lat' dir='ltr'><strong>et&#39;cazcis</strong></span> <span class='ocrx_word' id='word_1_339' title='bbox 1102 2368 1286 2423; x_wconf 84' lang='lat' dir='ltr'><strong>visum.</strong></span> <span class='ocrx_word' id='word_1_340' title='bbox 1313 2364 1686 2434; x_wconf 87' lang='lat' dir='ltr'><strong>Complicatum</strong></span> <span class='ocrx_word' id='word_1_341' title='bbox 1708 2366 1843 2417; x_wconf 88' lang='lat' dir='ltr'><strong>enim</strong></span> <span class='ocrx_word' id='word_1_342' title='bbox 1865 2365 2053 2417; x_wconf 89' lang='lat' dir='ltr'><strong>librum</strong></span> 
     </span>
    </p>
   </div>
   <div class='ocr_carea' id='block_1_48' title="bbox 1715 2364 3234 2435">
    <p class='ocr_par' dir='ltr' id='par_1_48' title="bbox 1715 2364 3234 2434">
     <span class='ocr_line' id='line_1_48' title="bbox 1715 2364 3234 2434; baseline 0 -17"><span class='ocrx_word' id='word_1_343' title='bbox 1715 2366 1843 2417; x_wconf 80' lang='lat' dir='ltr'><strong>enim</strong></span> <span class='ocrx_word' id='word_1_344' title='bbox 1865 2365 2053 2417; x_wconf 88' lang='lat' dir='ltr'><strong>librum</strong></span> <span class='ocrx_word' id='word_1_345' title='bbox 2158 2365 2198 2431; x_wconf 79' lang='grc' dir='ltr'><strong><em>ἠ</em></strong></span> <span class='ocrx_word' id='word_1_346' title='bbox 2231 2364 2437 2432; x_wconf 71' lang='grc' dir='ltr'>Γραφὴ</span> <span class='ocrx_word' id='word_1_347' title='bbox 2463 2365 2610 2432; x_wconf 82' lang='grc' dir='ltr'>αὕτη</span> <span class='ocrx_word' id='word_1_348' title='bbox 2639 2365 2708 2418; x_wconf 83' lang='grc' dir='ltr'><strong>ἐν</strong></span> <span class='ocrx_word' id='word_1_349' title='bbox 2729 2364 2843 2430; x_wconf 70' lang='grc' dir='ltr'>τοῖς</span> <span class='ocrx_word' id='word_1_350' title='bbox 2879 2365 3025 2418; x_wconf 77' lang='grc' dir='ltr'>ὠσὶν</span> <span class='ocrx_word' id='word_1_351' title='bbox 3058 2364 3234 2434; x_wconf 81' lang='grc' dir='ltr'>ὑμῶν.</span> 
     </span>
    </p>
   </div>
   <div class='ocr_carea' id='block_1_49' title="bbox 540 2456 3578 2529">
    <p class='ocr_par' dir='ltr' id='par_1_49' title="bbox 540 2456 3578 2529">
     <span class='ocr_line' id='line_1_49' title="bbox 540 2456 3578 2529; baseline -0.001 -13"><span class='ocrx_word' id='word_1_352' title='bbox 540 2480 658 2517; x_wconf 88' lang='lat' dir='ltr'><strong>cum</strong></span> <span class='ocrx_word' id='word_1_353' title='bbox 687 2465 993 2518; x_wconf 81' lang='lat' dir='ltr'><strong>reddidisset</strong></span> <span class='ocrx_word' id='word_1_354' title='bbox 1018 2462 1271 2525; x_wconf 87' lang='lat' dir='ltr'><strong>ministro,</strong></span> <span class='ocrx_word' id='word_1_355' title='bbox 1299 2461 1506 2514; x_wconf 86' lang='lat' dir='ltr'><strong>resedit.</strong></span> <span class='ocrx_word' id='word_1_356' title='bbox 1547 2457 1774 2528; x_wconf 82' lang='lat' dir='ltr'><strong>Cumque</strong></span> <span class='ocrx_word' id='word_1_357' title='bbox 1804 2457 2030 2511; x_wconf 86' lang='lat' dir='ltr'><strong>omnium</strong></span> <span class='ocrx_word' id='word_1_358' title='bbox 2058 2458 2111 2510; x_wconf 89' lang='lat' dir='ltr'><strong>in</strong></span> <span class='ocrx_word' id='word_1_359' title='bbox 2144 2473 2259 2511; x_wconf 89' lang='lat' dir='ltr'><strong>eum</strong></span> <span class='ocrx_word' id='word_1_360' title='bbox 2294 2457 2453 2525; x_wconf 72' lang='lat' dir='ltr'><strong>deﬁxi</strong></span> <span class='ocrx_word' id='word_1_361' title='bbox 2492 2465 2656 2511; x_wconf 86' lang='lat' dir='ltr'><strong>essent</strong></span> <span class='ocrx_word' id='word_1_362' title='bbox 2689 2458 2827 2510; x_wconf 78' lang='lat' dir='ltr'><strong>oculi</strong></span> <span class='ocrx_word' id='word_1_363' title='bbox 2883 2458 3016 2511; x_wconf 74' lang='lat' dir='ltr'><strong>dixit</strong></span> <span class='ocrx_word' id='word_1_364' title='bbox 3044 2474 3063 2511; x_wconf 90' lang='lat'><strong><em>:</em></strong></span> <span class='ocrx_word' id='word_1_365' title='bbox 3095 2456 3266 2512; x_wconf 81' lang='lat' dir='ltr'><strong>Hodie</strong></span> <span class='ocrx_word' id='word_1_366' title='bbox 3295 2458 3578 2529; x_wconf 86' lang='lat' dir='ltr'><strong>Scriptura</strong></span> 
     </span>
    </p>
   </div>
   <div class='ocr_carea' id='block_1_50' title="bbox 537 2551 1476 2622">
    <p class='ocr_par' dir='ltr' id='par_1_50' title="bbox 537 2551 1476 2622">
     <span class='ocr_line' id='line_1_50' title="bbox 537 2551 1476 2622; baseline -0.003 -14"><span class='ocrx_word' id='word_1_367' title='bbox 537 2557 745 2622; x_wconf 87' lang='lat' dir='ltr'><strong>impleta</strong></span> <span class='ocrx_word' id='word_1_368' title='bbox 773 2566 845 2609; x_wconf 89' lang='lat' dir='ltr'><strong>est</strong></span> <span class='ocrx_word' id='word_1_369' title='bbox 874 2556 934 2620; x_wconf 84' lang='lat' dir='ltr'><strong>in</strong></span> <span class='ocrx_word' id='word_1_370' title='bbox 964 2554 1178 2607; x_wconf 85' lang='lat' dir='ltr'><strong>auribus</strong></span> <span class='ocrx_word' id='word_1_371' title='bbox 1206 2553 1387 2605; x_wconf 83' lang='lat' dir='ltr'><strong>vestris</strong></span> <span class='ocrx_word' id='word_1_372' title='bbox 1412 2551 1476 2605; x_wconf 77' lang='grc'><strong>⁸⁷.</strong></span> 
     </span>
    </p>
   </div>
   <div class='ocr_carea' id='block_1_51' title="bbox 611 2642 2130 2717">
    <p class='ocr_par' dir='ltr' id='par_1_51' title="bbox 611 2643 2064 2707">
     <span class='ocr_line' id='line_1_51' title="bbox 611 2643 2064 2707; baseline -0.003 -7"><span class='ocrx_word' id='word_1_373' title='bbox 611 2648 697 2701; x_wconf 75' lang='lat' dir='ltr'><strong>l2.</strong></span> <span class='ocrx_word' id='word_1_374' title='bbox 738 2647 1052 2702; x_wconf 81' lang='lat' dir='ltr'><strong>Necessario</strong></span> <span class='ocrx_word' id='word_1_375' title='bbox 1076 2644 1237 2699; x_wconf 89' lang='lat' dir='ltr'><strong>etiam</strong></span> <span class='ocrx_word' id='word_1_376' title='bbox 1268 2644 1397 2699; x_wconf 87' lang='lat' dir='ltr'><strong>illud</strong></span> <span class='ocrx_word' id='word_1_377' title='bbox 1425 2643 1693 2698; x_wconf 89' lang='lat' dir='ltr'><strong>sciendum</strong></span> <span class='ocrx_word' id='word_1_378' title='bbox 1719 2652 1821 2707; x_wconf 85' lang='lat' dir='ltr'><strong>est,</strong></span> <span class='ocrx_word' id='word_1_379' title='bbox 1850 2656 2064 2697; x_wconf 90' lang='lat' dir='ltr'><strong>omnem</strong></span> 
     </span>
    </p>
   </div>
   <div class='ocr_carea' id='block_1_52' title="bbox 2074 2642 3593 2717">
    <p class='ocr_par' dir='ltr' id='par_1_52' title="bbox 2186 2642 3593 2717">
     <span class='ocr_line' id='line_1_52' title="bbox 2186 2642 3593 2717; baseline 0.002 -22"><span class='ocrx_word' id='word_1_380' title='bbox 2186 2691 2191 2695; x_wconf 91' lang='lat'><strong>.</strong></span> <span class='ocrx_word' id='word_1_381' title='bbox 2240 2642 2324 2696; x_wconf 74' lang='lat'><strong>12.</strong></span> <span class='ocrx_word' id='word_1_382' title='bbox 2366 2643 2675 2711; x_wconf 81' lang='grc' dir='ltr'>Ἀναγκαῖον</span> <span class='ocrx_word' id='word_1_383' title='bbox 2715 2643 2772 2696; x_wconf 79' lang='grc' dir='ltr'>δὲ</span> <span class='ocrx_word' id='word_1_384' title='bbox 2817 2643 3031 2705; x_wconf 84' lang='grc' dir='ltr'>εἰδέναι,</span> <span class='ocrx_word' id='word_1_385' title='bbox 3063 2643 3144 2696; x_wconf 82' lang='grc' dir='ltr'>ὅτι</span> <span class='ocrx_word' id='word_1_386' title='bbox 3173 2644 3593 2717; x_wconf 78' lang='grc' dir='ltr'>ἐμπεριλαμϐάν</span> 
     </span>
    </p>
   </div>
   <div class='ocr_carea' id='block_1_53' title="bbox 536 2730 2055 2807">
    <p class='ocr_par' dir='ltr' id='par_1_53' title="bbox 536 2731 2055 2804">
     <span class='ocr_line' id='line_1_53' title="bbox 536 2731 2055 2804; baseline -0.005 -13"><span class='ocrx_word' id='word_1_387' title='bbox 536 2736 726 2791; x_wconf 81' lang='lat' dir='ltr'><strong>bonam</strong></span> <span class='ocrx_word' id='word_1_388' title='bbox 757 2736 1019 2791; x_wconf 87' lang='lat' dir='ltr'><strong>actionem</strong></span> <span class='ocrx_word' id='word_1_389' title='bbox 1071 2749 1197 2804; x_wconf 75' lang='lat' dir='ltr'><strong>erga</strong></span> <span class='ocrx_word' id='word_1_390' title='bbox 1238 2734 1418 2788; x_wconf 72' lang='lat' dir='ltr'><strong>Iesum</strong></span> <span class='ocrx_word' id='word_1_391' title='bbox 1455 2734 1646 2787; x_wconf 83' lang='lat' dir='ltr'><strong>factam</strong></span> <span class='ocrx_word' id='word_1_392' title='bbox 1687 2731 1788 2786; x_wconf 86' lang='lat' dir='ltr'><strong>hoc</strong></span> <span class='ocrx_word' id='word_1_393' title='bbox 1820 2731 2055 2800; x_wconf 77' lang='lat' dir='ltr'><strong>Evange-</strong></span> 
     </span>
    </p>
   </div>
   <div class='ocr_carea' id='block_1_54' title="bbox 2078 2730 3597 2807">
    <p class='ocr_par' dir='ltr' id='par_1_54' title="bbox 2166 2730 3597 2807">
     <span class='ocr_line' id='line_1_54' title="bbox 2166 2730 3597 2807; baseline 0.004 -23"><span class='ocrx_word' id='word_1_394' title='bbox 2166 2730 2243 2801; x_wconf 83' lang='grc' dir='ltr'>τῷ</span> <span class='ocrx_word' id='word_1_395' title='bbox 2271 2732 2490 2803; x_wconf 83' lang='grc' dir='ltr'>τοιούτῳ</span> <span class='ocrx_word' id='word_1_396' title='bbox 2526 2733 2829 2803; x_wconf 85' lang='grc' dir='ltr'>Εὐαγγελίῳ</span> <span class='ocrx_word' id='word_1_397' title='bbox 2855 2734 2948 2786; x_wconf 76' lang='grc' dir='ltr'>καὶ</span> <span class='ocrx_word' id='word_1_398' title='bbox 2980 2736 3127 2787; x_wconf 86' lang='grc' dir='ltr'>πᾶσα</span> <span class='ocrx_word' id='word_1_399' title='bbox 3151 2735 3184 2804; x_wconf 88' lang='grc' dir='ltr'><strong>ἡ</strong></span> <span class='ocrx_word' id='word_1_400' title='bbox 3208 2738 3287 2799; x_wconf 83' lang='grc' dir='ltr'>εἰς</span> <span class='ocrx_word' id='word_1_401' title='bbox 3326 2737 3537 2807; x_wconf 79' lang='grc' dir='ltr'>Ἰησοῦν</span> <span class='ocrx_word' id='word_1_402' title='bbox 3567 2755 3597 2805; x_wconf 87' lang='grc' dir='ltr'><strong>γ</strong></span> 
     </span>
    </p>
   </div>
   <div class='ocr_carea' id='block_1_55' title="bbox 538 2818 2057 2896">
    <p class='ocr_par' dir='ltr' id='par_1_55' title="bbox 538 2818 2057 2892">
     <span class='ocr_line' id='line_1_55' title="bbox 538 2818 2057 2892; baseline -0.005 -13"><span class='ocrx_word' id='word_1_403' title='bbox 538 2826 667 2879; x_wconf 91' lang='lat' dir='ltr'><strong>lium</strong></span> <span class='ocrx_word' id='word_1_404' title='bbox 701 2826 996 2891; x_wconf 88' lang='lat' dir='ltr'><strong>continere,</strong></span> <span class='ocrx_word' id='word_1_405' title='bbox 1039 2823 1302 2892; x_wconf 90' lang='lat' dir='ltr'><strong>quomodo</strong></span> <span class='ocrx_word' id='word_1_406' title='bbox 1347 2821 1510 2876; x_wconf 87' lang='lat' dir='ltr'><strong>etiam</strong></span> <span class='ocrx_word' id='word_1_407' title='bbox 1546 2819 1784 2874; x_wconf 90' lang='lat' dir='ltr'><strong>continet</strong></span> <span class='ocrx_word' id='word_1_408' title='bbox 1826 2818 2057 2872; x_wconf 82' lang='lat' dir='ltr'><strong>mulieris</strong></span> 
     </span>
    </p>
   </div>
   <div class='ocr_carea' id='block_1_56' title="bbox 2078 2818 3597 2896">
    <p class='ocr_par' dir='ltr' id='par_1_56' title="bbox 2170 2820 3597 2896">
     <span class='ocr_line' id='line_1_56' title="bbox 2170 2820 3597 2896; baseline 0.004 -24"><span class='ocrx_word' id='word_1_409' title='bbox 2170 2820 2303 2890; x_wconf 85' lang='grc' dir='ltr'>μένη</span> <span class='ocrx_word' id='word_1_410' title='bbox 2337 2820 2526 2889; x_wconf 82' lang='grc' dir='ltr'>πρᾶξις</span> <span class='ocrx_word' id='word_1_411' title='bbox 2562 2821 2755 2891; x_wconf 84' lang='grc' dir='ltr'>ἀγαθὴ,</span> <span class='ocrx_word' id='word_1_412' title='bbox 2788 2820 2971 2891; x_wconf 85' lang='grc' dir='ltr'>ὥσπερ</span> <span class='ocrx_word' id='word_1_413' title='bbox 2998 2823 3090 2875; x_wconf 81' lang='grc' dir='ltr'><strong>καὶ</strong></span> <span class='ocrx_word' id='word_1_414' title='bbox 3114 2823 3212 2893; x_wconf 84' lang='grc' dir='ltr'>τῆς</span> <span class='ocrx_word' id='word_1_415' title='bbox 3235 2824 3303 2876; x_wconf 81' lang='grc' dir='ltr'>τὰ</span> <span class='ocrx_word' id='word_1_416' title='bbox 3330 2824 3548 2896; x_wconf 83' lang='grc' dir='ltr'>πονηρὰ</span> <span class='ocrx_word' id='word_1_417' title='bbox 3582 2827 3597 2877; x_wconf 78' lang='grc' dir='ltr'>ἓ</span> 
     </span>
    </p>
   </div>
   <div class='ocr_carea' id='block_1_57' title="bbox 539 2908 2058 2983">
    <p class='ocr_par' dir='ltr' id='par_1_57' title="bbox 539 2908 2058 2983">
     <span class='ocr_line' id='line_1_57' title="bbox 539 2908 2058 2983; baseline -0.005 -15"><span class='ocrx_word' id='word_1_418' title='bbox 539 2915 686 2969; x_wconf 87' lang='lat' dir='ltr'><strong>illius</strong></span> <span class='ocrx_word' id='word_1_419' title='bbox 738 2913 1049 2983; x_wconf 63' lang='lat' dir='ltr'><strong>praeclaram</strong></span> <span class='ocrx_word' id='word_1_420' title='bbox 1094 2914 1236 2967; x_wconf 88' lang='lat' dir='ltr'><strong>illam</strong></span> <span class='ocrx_word' id='word_1_421' title='bbox 1269 2911 1532 2965; x_wconf 85' lang='lat' dir='ltr'><strong>actionem</strong></span> <span class='ocrx_word' id='word_1_422' title='bbox 1565 2925 1683 2978; x_wconf 58' lang='lat' dir='ltr'><strong>quae</strong></span> <span class='ocrx_word' id='word_1_423' title='bbox 1727 2908 1864 2962; x_wconf 86' lang='lat' dir='ltr'><strong>mala</strong></span> <span class='ocrx_word' id='word_1_424' title='bbox 1901 2921 2058 2975; x_wconf 89' lang='lat' dir='ltr'><strong>opera</strong></span> 
     </span>
    </p>
   </div>
   <div class='ocr_carea' id='block_1_58' title="bbox 2078 2908 3597 2983">
    <p class='ocr_par' dir='ltr' id='par_1_58' title="bbox 2167 2910 3597 2981">
     <span class='ocr_line' id='line_1_58' title="bbox 2167 2910 3597 2981; baseline 0.004 -19"><span class='ocrx_word' id='word_1_425' title='bbox 2167 2910 2519 2979; x_wconf 85' lang='grc' dir='ltr'>πεποιηκυίας</span> <span class='ocrx_word' id='word_1_426' title='bbox 2557 2912 2650 2963; x_wconf 69' lang='grc' dir='ltr'>καὶ</span> <span class='ocrx_word' id='word_1_427' title='bbox 2680 2912 3120 2981; x_wconf 84' lang='grc' dir='ltr'>μετανενοηκυίας</span> <span class='ocrx_word' id='word_1_428' title='bbox 3160 2913 3385 2967; x_wconf 83' lang='grc' dir='ltr'>εὐωδίαν</span> <span class='ocrx_word' id='word_1_429' title='bbox 3420 2915 3597 2968; x_wconf 78' lang='grc' dir='ltr'>δεδυντ</span> 
     </span>
    </p>
   </div>
   <div class='ocr_carea' id='block_1_59' title="bbox 538 2998 2057 3102">
    <p class='ocr_par' dir='ltr' id='par_1_59' title="bbox 538 2998 2057 3069">
     <span class='ocr_line' id='line_1_59' title="bbox 538 2998 2057 3069; baseline -0.005 -12"><span class='ocrx_word' id='word_1_430' title='bbox 538 3018 659 3057; x_wconf 87' lang='lat' dir='ltr'><strong>cum</strong></span> <span class='ocrx_word' id='word_1_431' title='bbox 709 3002 1034 3066; x_wconf 86' lang='lat' dir='ltr'><strong>admisisset,</strong></span> <span class='ocrx_word' id='word_1_432' title='bbox 1088 3000 1523 3069; x_wconf 87' lang='lat' dir='ltr'><strong>resipuissetque,</strong></span> <span class='ocrx_word' id='word_1_433' title='bbox 1570 2998 1694 3054; x_wconf 87' lang='lat' dir='ltr'><strong>boni</strong></span> <span class='ocrx_word' id='word_1_434' title='bbox 1738 2998 1916 3051; x_wconf 90' lang='lat' dir='ltr'><strong>odoris</strong></span> <span class='ocrx_word' id='word_1_435' title='bbox 1962 3013 2057 3050; x_wconf 92' lang='lat' dir='ltr'><strong>un-</strong></span> 
     </span>
    </p>
   </div>
   <div class='ocr_carea' id='block_1_60' title="bbox 2078 2998 3597 3102">
    <p class='ocr_par' dir='ltr' id='par_1_60' title="bbox 2091 3001 3597 3102">
     <span class='ocr_line' id='line_1_60' title="bbox 2091 3001 3597 3102; baseline 0.004 -50"><span class='ocrx_word' id='word_1_436' title='bbox 2091 3045 2132 3102; x_wconf 74' lang='lat' dir='ltr'>c</span> <span class='ocrx_word' id='word_1_437' title='bbox 2165 3016 2261 3071; x_wconf 89' lang='grc' dir='ltr'><strong>νης</strong></span> <span class='ocrx_word' id='word_1_438' title='bbox 2292 3001 2400 3102; x_wconf 52' lang='grc' dir='ltr'>(δῦ)</span> <span class='ocrx_word' id='word_1_439' title='bbox 2429 3001 2628 3102; x_wconf 85' lang='grc' dir='ltr'><strong>διὰ</strong></span> <span class='ocrx_word' id='word_1_440' title='bbox 2654 3001 2881 3098; x_wconf 36' lang='grc' dir='ltr'>ἀπὸητῶν</span> <span class='ocrx_word' id='word_1_441' title='bbox 2915 3001 3099 3102; x_wconf 68' lang='grc' dir='ltr'>κακῶν</span> <span class='ocrx_word' id='word_1_442' title='bbox 3128 3004 3354 3074; x_wconf 88' lang='grc' dir='ltr'>γνησίαν</span> <span class='ocrx_word' id='word_1_443' title='bbox 3379 3007 3597 3075; x_wconf 67' lang='grc' dir='ltr'>μετάστι</span> 
     </span>
    </p>
   </div>
   <div class='ocr_carea' id='block_1_61' title="bbox 540 3087 2059 3162">
    <p class='ocr_par' dir='ltr' id='par_1_61' title="bbox 540 3087 2059 3162">
     <span class='ocr_line' id='line_1_61' title="bbox 540 3087 2059 3162; baseline -0.005 -15"><span class='ocrx_word' id='word_1_444' title='bbox 540 3100 790 3162; x_wconf 81' lang='lat' dir='ltr'><strong>guentum</strong></span> <span class='ocrx_word' id='word_1_445' title='bbox 822 3093 1014 3161; x_wconf 86' lang='lat' dir='ltr'><strong>potuit,</strong></span> <span class='ocrx_word' id='word_1_446' title='bbox 1046 3094 1114 3146; x_wconf 91' lang='lat' dir='ltr'><strong>ob</strong></span> <span class='ocrx_word' id='word_1_447' title='bbox 1149 3092 1407 3161; x_wconf 78' lang='lat' dir='ltr'><strong>insignem</strong></span> <span class='ocrx_word' id='word_1_448' title='bbox 1433 3099 1486 3144; x_wconf 92' lang='lat' dir='ltr'><strong>et</strong></span> <span class='ocrx_word' id='word_1_449' title='bbox 1509 3103 1571 3143; x_wconf 83' lang='lat' dir='ltr'><strong>ex</strong></span> <span class='ocrx_word' id='word_1_450' title='bbox 1601 3090 1778 3142; x_wconf 89' lang='lat' dir='ltr'><strong>animo</strong></span> <span class='ocrx_word' id='word_1_451' title='bbox 1810 3087 2005 3141; x_wconf 85' lang='lat' dir='ltr'><strong>factam</strong></span> <span class='ocrx_word' id='word_1_452' title='bbox 2035 3101 2059 3140; x_wconf 87' lang='lat' dir='ltr'><strong>a</strong></span> 
     </span>
    </p>
   </div>
   <div class='ocr_carea' id='block_1_62' title="bbox 2061 3087 3580 3162">
    <p class='ocr_par' dir='ltr' id='par_1_62' title="bbox 2061 3087 3580 3162">
     <span class='ocr_line' id='line_1_62' title="bbox 2061 3087 3580 3162; baseline 0.003 -22"><span class='ocrx_word' id='word_1_453' title='bbox 2061 3087 2132 3140; x_wconf 61' lang='grc' dir='ltr'>ιν</span> <span class='ocrx_word' id='word_1_454' title='bbox 2165 3087 2419 3156; x_wconf 87' lang='grc' dir='ltr'>καταχέαι</span> <span class='ocrx_word' id='word_1_455' title='bbox 2460 3087 2551 3139; x_wconf 89' lang='grc' dir='ltr'><strong>τοῦ</strong></span> <span class='ocrx_word' id='word_1_456' title='bbox 2608 3087 2798 3157; x_wconf 80' lang='grc' dir='ltr'>Ἰησοῦ,</span> <span class='ocrx_word' id='word_1_457' title='bbox 2845 3087 2938 3139; x_wconf 82' lang='grc' dir='ltr'>καὶ</span> <span class='ocrx_word' id='word_1_458' title='bbox 2979 3090 3138 3141; x_wconf 78' lang='grc' dir='ltr'>παντὶ</span> <span class='ocrx_word' id='word_1_459' title='bbox 3177 3090 3255 3159; x_wconf 84' lang='grc' dir='ltr'>τῷ</span> <span class='ocrx_word' id='word_1_460' title='bbox 3291 3092 3426 3161; x_wconf 70' lang='grc' dir='ltr'>οἴκῳ</span> <span class='ocrx_word' id='word_1_461' title='bbox 3475 3094 3580 3162; x_wconf 81' lang='grc' dir='ltr'><strong>τὴν</strong></span> 
     </span>
    </p>
   </div>
   <div class='ocr_carea' id='block_1_63' title="bbox 541 3173 2060 3250">
    <p class='ocr_par' dir='ltr' id='par_1_63' title="bbox 541 3178 2060 3250">
     <span class='ocr_line' id='line_1_63' title="bbox 541 3178 2060 3250; baseline -0.001 -16"><span class='ocrx_word' id='word_1_462' title='bbox 541 3182 697 3236; x_wconf 86' lang='lat' dir='ltr'><strong>malis</strong></span> <span class='ocrx_word' id='word_1_463' title='bbox 727 3182 1098 3244; x_wconf 88' lang='lat' dir='ltr'><strong>mutationem,</strong></span> <span class='ocrx_word' id='word_1_464' title='bbox 1129 3196 1289 3250; x_wconf 81' lang='lat' dir='ltr'><strong>super</strong></span> <span class='ocrx_word' id='word_1_465' title='bbox 1315 3180 1495 3236; x_wconf 86' lang='lat' dir='ltr'><strong>Jesum</strong></span> <span class='ocrx_word' id='word_1_466' title='bbox 1522 3179 1763 3243; x_wconf 82' lang='lat' dir='ltr'><strong>fundere,</strong></span> <span class='ocrx_word' id='word_1_467' title='bbox 1788 3193 1895 3247; x_wconf 88' lang='lat' dir='ltr'><strong>quo</strong></span> <span class='ocrx_word' id='word_1_468' title='bbox 1923 3178 2060 3234; x_wconf 84' lang='lat' dir='ltr'><strong>facto</strong></span> 
     </span>
    </p>
   </div>
   <div class='ocr_carea' id='block_1_64' title="bbox 2078 3173 3597 3250">
    <p class='ocr_par' dir='ltr' id='par_1_64' title="bbox 2166 3173 3597 3248">
     <span class='ocr_line' id='line_1_64' title="bbox 2166 3173 3597 3248; baseline 0.004 -22"><span class='ocrx_word' id='word_1_469' title='bbox 2166 3174 2335 3245; x_wconf 89' lang='grc' dir='ltr'>μύρου</span> <span class='ocrx_word' id='word_1_470' title='bbox 2363 3174 2525 3245; x_wconf 82' lang='grc' dir='ltr'>πνοὴν</span> <span class='ocrx_word' id='word_1_471' title='bbox 2550 3176 2627 3238; x_wconf 85' lang='grc' dir='ltr'><strong>είς</strong></span> <span class='ocrx_word' id='word_1_472' title='bbox 2654 3173 2897 3243; x_wconf 78' lang='grc' dir='ltr'>αἴσθησιν</span> <span class='ocrx_word' id='word_1_473' title='bbox 2922 3174 3132 3228; x_wconf 82' lang='grc' dir='ltr'>πάντων</span> <span class='ocrx_word' id='word_1_474' title='bbox 3154 3176 3262 3229; x_wconf 87' lang='grc' dir='ltr'>τῶν</span> <span class='ocrx_word' id='word_1_475' title='bbox 3287 3179 3345 3229; x_wconf 84' lang='grc' dir='ltr'>ὲν</span> <span class='ocrx_word' id='word_1_476' title='bbox 3366 3178 3519 3248; x_wconf 86' lang='grc' dir='ltr'>αὐτῷ</span> <span class='ocrx_word' id='word_1_477' title='bbox 3542 3180 3597 3248; x_wconf 45' lang='lat' dir='ltr'><strong>si</strong></span> 
     </span>
    </p>
   </div>
   <div class='ocr_carea' id='block_1_65' title="bbox 540 3266 2059 3341">
    <p class='ocr_par' dir='ltr' id='par_1_65' title="bbox 540 3269 2059 3341">
     <span class='ocr_line' id='line_1_65' title="bbox 540 3269 2059 3341; baseline -0.001 -18"><span class='ocrx_word' id='word_1_478' title='bbox 540 3279 649 3326; x_wconf 83' lang='lat' dir='ltr'><strong>tota</strong></span> <span class='ocrx_word' id='word_1_479' title='bbox 674 3271 883 3336; x_wconf 88' lang='lat' dir='ltr'><strong>domus,</strong></span> <span class='ocrx_word' id='word_1_480' title='bbox 918 3270 1022 3341; x_wconf 69' lang='grc'><strong>14</strong></span> <span class='ocrx_word' id='word_1_481' title='bbox 1047 3280 1206 3339; x_wconf 89' lang='lat' dir='ltr'><strong>atque</strong></span> <span class='ocrx_word' id='word_1_482' title='bbox 1231 3270 1363 3325; x_wconf 81' lang='lat' dir='ltr'><strong>adeo</strong></span> <span class='ocrx_word' id='word_1_483' title='bbox 1394 3277 1656 3338; x_wconf 89' lang='lat' dir='ltr'><strong>quotquot</strong></span> <span class='ocrx_word' id='word_1_484' title='bbox 1685 3269 1794 3323; x_wconf 89' lang='lat' dir='ltr'><strong>illic</strong></span> <span class='ocrx_word' id='word_1_485' title='bbox 1820 3270 2059 3335; x_wconf 88' lang='lat' dir='ltr'><strong>aderant,</strong></span> 
     </span>
    </p>
   </div>
   <div class='ocr_carea' id='block_1_66' title="bbox 2076 3266 3595 3341">
    <p class='ocr_par' dir='ltr' id='par_1_66' title="bbox 2164 3266 3595 3339">
     <span class='ocr_line' id='line_1_66' title="bbox 2164 3266 3595 3339; baseline 0.003 -20"><span class='ocrx_word' id='word_1_486' title='bbox 2164 3267 2446 3337; x_wconf 88' lang='grc' dir='ltr'>ποιηκυίας</span> <span class='ocrx_word' id='word_1_487' title='bbox 2465 3283 2479 3296; x_wconf 88' lang='grc'><strong>·</strong></span> <span class='ocrx_word' id='word_1_488' title='bbox 2515 3266 2594 3319; x_wconf 84' lang='grc' dir='ltr'><strong>διὸ</strong></span> <span class='ocrx_word' id='word_1_489' title='bbox 2622 3267 2715 3320; x_wconf 77' lang='grc' dir='ltr'><strong>καὶ</strong></span> <span class='ocrx_word' id='word_1_490' title='bbox 2735 3267 3034 3337; x_wconf 83' lang='grc' dir='ltr'>γέγραπται</span> <span class='ocrx_word' id='word_1_491' title='bbox 3052 3283 3066 3297; x_wconf 72' lang='grc' dir='ltr'><strong>ο</strong></span> <span class='ocrx_word' id='word_1_492' title='bbox 3121 3268 3302 3322; x_wconf 80' lang='grc' dir='ltr'>Ὅπου</span> <span class='ocrx_word' id='word_1_493' title='bbox 3331 3269 3409 3323; x_wconf 84' lang='grc' dir='ltr'><strong>ἂν</strong></span> <span class='ocrx_word' id='word_1_494' title='bbox 3437 3287 3595 3339; x_wconf 82' lang='grc' dir='ltr'>κηρυ</span> 
     </span>
    </p>
   </div>
   <div class='ocr_carea' id='block_1_67' title="bbox 542 3357 2061 3428">
    <p class='ocr_par' dir='ltr' id='par_1_67' title="bbox 542 3358 2061 3428">
     <span class='ocr_line' id='line_1_67' title="bbox 542 3358 2061 3428; baseline -0.002 -16"><span class='ocrx_word' id='word_1_495' title='bbox 542 3359 685 3414; x_wconf 86' lang='lat' dir='ltr'><strong>illius</strong></span> <span class='ocrx_word' id='word_1_496' title='bbox 731 3360 990 3428; x_wconf 76' lang='lat' dir='ltr'><strong>unguenti</strong></span> <span class='ocrx_word' id='word_1_497' title='bbox 1044 3358 1389 3427; x_wconf 79' lang='lat' dir='ltr'><strong>fragrantiam</strong></span> <span class='ocrx_word' id='word_1_498' title='bbox 1449 3373 1609 3412; x_wconf 90' lang='lat' dir='ltr'><strong>sensu</strong></span> <span class='ocrx_word' id='word_1_499' title='bbox 1669 3366 2061 3426; x_wconf 86' lang='lat' dir='ltr'><strong>perceperunt;</strong></span> 
     </span>
    </p>
   </div>
   <div class='ocr_carea' id='block_1_68' title="bbox 2078 3357 3597 3428">
    <p class='ocr_par' dir='ltr' id='par_1_68' title="bbox 2162 3357 3597 3425">
     <span class='ocr_line' id='line_1_68' title="bbox 2162 3357 3597 3425; baseline 0.001 -15"><span class='ocrx_word' id='word_1_500' title='bbox 2162 3358 2226 3410; x_wconf 88' lang='grc' dir='ltr'>τὸ</span> <span class='ocrx_word' id='word_1_501' title='bbox 2259 3357 2616 3425; x_wconf 75' lang='grc' dir='ltr'>Εὑαττέλιον</span> <span class='ocrx_word' id='word_1_502' title='bbox 2643 3357 2835 3420; x_wconf 85' lang='grc' dir='ltr'>τοῦτο,</span> <span class='ocrx_word' id='word_1_503' title='bbox 2857 3358 2924 3410; x_wconf 85' lang='grc' dir='ltr'><strong>ἐν</strong></span> <span class='ocrx_word' id='word_1_504' title='bbox 2948 3357 3094 3412; x_wconf 82' lang='grc' dir='ltr'>πᾶσι</span> <span class='ocrx_word' id='word_1_505' title='bbox 3121 3358 3245 3423; x_wconf 84' lang='grc' dir='ltr'>τοῖς</span> <span class='ocrx_word' id='word_1_506' title='bbox 3270 3360 3501 3422; x_wconf 73' lang='grc' dir='ltr'>ἔθνεσι,</span> <span class='ocrx_word' id='word_1_507' title='bbox 3527 3364 3597 3413; x_wconf 68' lang='grc' dir='ltr'>λιι</span> 
     </span>
    </p>
   </div>
   <div class='ocr_carea' id='block_1_69' title="bbox 542 3443 2061 3518">
    <p class='ocr_par' dir='ltr' id='par_1_69' title="bbox 542 3443 2061 3517">
     <span class='ocr_line' id='line_1_69' title="bbox 542 3443 2061 3517; baseline -0.002 -17"><span class='ocrx_word' id='word_1_508' title='bbox 542 3447 790 3517; x_wconf 87' lang='lat' dir='ltr'><strong>quocirca</strong></span> <span class='ocrx_word' id='word_1_509' title='bbox 836 3446 994 3501; x_wconf 86' lang='lat' dir='ltr'><strong>etiam</strong></span> <span class='ocrx_word' id='word_1_510' title='bbox 1051 3446 1307 3514; x_wconf 87' lang='lat' dir='ltr'><strong>scriptum</strong></span> <span class='ocrx_word' id='word_1_511' title='bbox 1357 3453 1441 3499; x_wconf 90' lang='lat' dir='ltr'><strong>est</strong></span> <span class='ocrx_word' id='word_1_512' title='bbox 1487 3459 1503 3498; x_wconf 90' lang='lat'><strong>:</strong></span> <span class='ocrx_word' id='word_1_513' title='bbox 1545 3443 1836 3513; x_wconf 86' lang='lat' dir='ltr'><strong>Ubicunque</strong></span> <span class='ocrx_word' id='word_1_514' title='bbox 1869 3446 2061 3513; x_wconf 78' lang='grc' dir='ltr'>ρνιεάί-</span> 
     </span>
    </p>
   </div>
   <div class='ocr_carea' id='block_1_70' title="bbox 2078 3443 3597 3518">
    <p class='ocr_par' dir='ltr' id='par_1_70' title="bbox 2162 3446 3597 3518">
     <span class='ocr_line' id='line_1_70' title="bbox 2162 3446 3597 3518; baseline 0.001 -16"><span class='ocrx_word' id='word_1_515' title='bbox 2162 3446 2403 3515; x_wconf 82' lang='grc' dir='ltr'>θήσεται</span> <span class='ocrx_word' id='word_1_516' title='bbox 2442 3446 2539 3499; x_wconf 77' lang='grc' dir='ltr'><strong>καί</strong></span> <span class='ocrx_word' id='word_1_517' title='bbox 2595 3448 2626 3501; x_wconf 85' lang='grc' dir='ltr'><em>ὃ</em></span> <span class='ocrx_word' id='word_1_518' title='bbox 2663 3449 2944 3516; x_wconf 82' lang='grc' dir='ltr'>ἐποίησεν</span> <span class='ocrx_word' id='word_1_519' title='bbox 2996 3449 3143 3515; x_wconf 82' lang='grc' dir='ltr'>αὕτη</span> <span class='ocrx_word' id='word_1_520' title='bbox 3183 3452 3270 3515; x_wconf 75' lang='grc' dir='ltr'>εὶς</span> <span class='ocrx_word' id='word_1_521' title='bbox 3309 3453 3597 3518; x_wconf 70' lang='grc' dir='ltr'>μνημόσι</span> 
     </span>
    </p>
   </div>
   <div class='ocr_carea' id='block_1_71' title="bbox 541 3531 2060 3606">
    <p class='ocr_par' dir='ltr' id='par_1_71' title="bbox 541 3531 2060 3604">
     <span class='ocr_line' id='line_1_71' title="bbox 541 3531 2060 3604; baseline -0.001 -14"><span class='ocrx_word' id='word_1_522' title='bbox 541 3547 715 3590; x_wconf 88' lang='lat' dir='ltr'><strong>catum</strong></span> <span class='ocrx_word' id='word_1_523' title='bbox 749 3536 905 3602; x_wconf 84' lang='lat' dir='ltr'><strong>fuerit</strong></span> <span class='ocrx_word' id='word_1_524' title='bbox 936 3537 1029 3588; x_wconf 81' lang='lat' dir='ltr'><strong>hoc</strong></span> <span class='ocrx_word' id='word_1_525' title='bbox 1067 3531 1405 3602; x_wconf 81' lang='lat' dir='ltr'><strong>Evangelium</strong></span> <span class='ocrx_word' id='word_1_526' title='bbox 1440 3535 1494 3587; x_wconf 90' lang='lat' dir='ltr'><strong>in</strong></span> <span class='ocrx_word' id='word_1_527' title='bbox 1540 3535 1774 3588; x_wconf 89' lang='lat' dir='ltr'><strong>omnibus</strong></span> <span class='ocrx_word' id='word_1_528' title='bbox 1810 3536 2060 3604; x_wconf 89' lang='lat' dir='ltr'><strong>gentibus,</strong></span> 
     </span>
    </p>
   </div>
   <div class='ocr_carea' id='block_1_72' title="bbox 2078 3531 3597 3606">
    <p class='ocr_par' dir='ltr' id='par_1_72' title="bbox 2162 3534 3597 3606">
     <span class='ocr_line' id='line_1_72' title="bbox 2162 3534 3597 3606; baseline 0.001 -18"><span class='ocrx_word' id='word_1_529' title='bbox 2162 3534 2365 3603; x_wconf 84' lang='grc' dir='ltr'>αὐτῆς.</span> <span class='ocrx_word' id='word_1_530' title='bbox 2406 3535 2576 3604; x_wconf 76' lang='grc' dir='ltr'>Σαφὲς</span> <span class='ocrx_word' id='word_1_531' title='bbox 2598 3536 2674 3600; x_wconf 84' lang='grc' dir='ltr'><strong>δὲ,</strong></span> <span class='ocrx_word' id='word_1_532' title='bbox 2699 3537 2778 3589; x_wconf 87' lang='grc' dir='ltr'>ὃτι</span> <span class='ocrx_word' id='word_1_533' title='bbox 2801 3539 2878 3599; x_wconf 82' lang='grc' dir='ltr'><strong>είς</strong></span> <span class='ocrx_word' id='word_1_534' title='bbox 2911 3535 3111 3606; x_wconf 82' lang='grc' dir='ltr'>Ἰησοῦν</span> <span class='ocrx_word' id='word_1_535' title='bbox 3140 3538 3345 3604; x_wconf 88' lang='grc' dir='ltr'>γίνεται</span> <span class='ocrx_word' id='word_1_536' title='bbox 3377 3537 3449 3590; x_wconf 79' lang='grc' dir='ltr'>τὰ</span> <span class='ocrx_word' id='word_1_537' title='bbox 3476 3539 3561 3601; x_wconf 86' lang='grc' dir='ltr'>εἰς</span> <span class='ocrx_word' id='word_1_538' title='bbox 3590 3557 3597 3571; x_wconf 66' lang='grc' dir='ltr'><strong>ι</strong></span> 
     </span>
    </p>
   </div>
   <div class='ocr_carea' id='block_1_73' title="bbox 542 3625 2061 3697">
    <p class='ocr_par' dir='ltr' id='par_1_73' title="bbox 542 3626 2061 3693">
     <span class='ocr_line' id='line_1_73' title="bbox 542 3626 2061 3693; baseline 0.001 -14"><span class='ocrx_word' id='word_1_539' title='bbox 542 3628 741 3682; x_wconf 90' lang='lat' dir='ltr'><strong>dicetur</strong></span> <span class='ocrx_word' id='word_1_540' title='bbox 785 3628 943 3680; x_wconf 88' lang='lat' dir='ltr'><strong>etiam</strong></span> <span class='ocrx_word' id='word_1_541' title='bbox 970 3626 1120 3679; x_wconf 89' lang='lat' dir='ltr'><strong>istius</strong></span> <span class='ocrx_word' id='word_1_542' title='bbox 1154 3626 1352 3693; x_wconf 88' lang='lat' dir='ltr'><strong>factum</strong></span> <span class='ocrx_word' id='word_1_543' title='bbox 1384 3626 1452 3677; x_wconf 87' lang='lat' dir='ltr'><strong>ad</strong></span> <span class='ocrx_word' id='word_1_544' title='bbox 1479 3628 1776 3679; x_wconf 88' lang='lat' dir='ltr'><strong>memoriam</strong></span> <span class='ocrx_word' id='word_1_545' title='bbox 1811 3642 1958 3679; x_wconf 90' lang='lat' dir='ltr'><strong>suam</strong></span> <span class='ocrx_word' id='word_1_546' title='bbox 1992 3626 2061 3681; x_wconf 82' lang='grc'><strong>⁸⁸.</strong></span> 
     </span>
    </p>
   </div>
   <div class='ocr_carea' id='block_1_74' title="bbox 2078 3625 3597 3697">
    <p class='ocr_par' dir='ltr' id='par_1_74' title="bbox 2165 3625 3597 3697">
     <span class='ocr_line' id='line_1_74' title="bbox 2165 3625 3597 3697; baseline 0.003 -21"><span class='ocrx_word' id='word_1_547' title='bbox 2165 3625 2588 3696; x_wconf 86' lang='grc' dir='ltr'>μαθητευθέντας</span> <span class='ocrx_word' id='word_1_548' title='bbox 2652 3627 2793 3697; x_wconf 86' lang='grc' dir='ltr'>αὐτῷ</span> <span class='ocrx_word' id='word_1_549' title='bbox 2842 3627 3242 3695; x_wconf 74' lang='grc' dir='ltr'>ἐπιτελούμενα.</span> <span class='ocrx_word' id='word_1_550' title='bbox 3295 3629 3525 3690; x_wconf 86' lang='grc' dir='ltr'>Δεικνὺς</span> <span class='ocrx_word' id='word_1_551' title='bbox 3586 3646 3597 3659; x_wconf 87' lang='grc'>·</span> 
     </span>
    </p>
   </div>
   <div class='ocr_carea' id='block_1_75' title="bbox 540 3713 2059 3786">
    <p class='ocr_par' dir='ltr' id='par_1_75' title="bbox 540 3716 2059 3785">
     <span class='ocr_line' id='line_1_75' title="bbox 540 3716 2059 3785; baseline 0 -14"><span class='ocrx_word' id='word_1_552' title='bbox 540 3718 708 3771; x_wconf 79' lang='lat' dir='ltr'><strong>Porro</strong></span> <span class='ocrx_word' id='word_1_553' title='bbox 749 3716 1086 3785; x_wconf 82' lang='lat' dir='ltr'><strong>perspicuum</strong></span> <span class='ocrx_word' id='word_1_554' title='bbox 1140 3724 1223 3769; x_wconf 89' lang='lat' dir='ltr'><strong>est</strong></span> <span class='ocrx_word' id='word_1_555' title='bbox 1254 3716 1523 3770; x_wconf 86' lang='lat' dir='ltr'><strong>Christum</strong></span> <span class='ocrx_word' id='word_1_556' title='bbox 1563 3716 1664 3770; x_wconf 87' lang='lat' dir='ltr'><strong>sibi</strong></span> <span class='ocrx_word' id='word_1_557' title='bbox 1709 3725 1923 3785; x_wconf 84' lang='lat' dir='ltr'><strong>accepta</strong></span> <span class='ocrx_word' id='word_1_558' title='bbox 1975 3731 2059 3771; x_wconf 89' lang='lat' dir='ltr'><strong>re-</strong></span> 
     </span>
    </p>
   </div>
   <div class='ocr_carea' id='block_1_76' title="bbox 2077 3713 3596 3786">
    <p class='ocr_par' dir='ltr' id='par_1_76' title="bbox 2160 3713 3589 3786">
     <span class='ocr_line' id='line_1_76' title="bbox 2160 3713 3589 3786; baseline 0.001 -17"><span class='ocrx_word' id='word_1_559' title='bbox 2160 3718 2283 3782; x_wconf 80' lang='grc' dir='ltr'>τοὺς</span> <span class='ocrx_word' id='word_1_560' title='bbox 2321 3713 2378 3772; x_wconf 77' lang='grc' dir='ltr'><strong>εὖ</strong></span> <span class='ocrx_word' id='word_1_561' title='bbox 2411 3718 2739 3780; x_wconf 86' lang='grc' dir='ltr'>πεπονθότας</span> <span class='ocrx_word' id='word_1_562' title='bbox 2777 3719 2907 3786; x_wconf 78' lang='grc' dir='ltr'>φησὶ</span> <span class='ocrx_word' id='word_1_563' title='bbox 2940 3719 3048 3778; x_wconf 85' lang='grc' dir='ltr'>τοῖς</span> <span class='ocrx_word' id='word_1_564' title='bbox 3085 3717 3427 3785; x_wconf 67' lang='grc' dir='ltr'>πεποιηκόσν</span> <span class='ocrx_word' id='word_1_565' title='bbox 3474 3720 3589 3770; x_wconf 70' lang='lat' dir='ltr'><strong>Tati</strong></span> 
     </span>
    </p>
   </div>
   <div class='ocr_carea' id='block_1_77' title="bbox 541 3803 2060 3878">
    <p class='ocr_par' dir='ltr' id='par_1_77' title="bbox 541 3803 2059 3875">
     <span class='ocr_line' id='line_1_77' title="bbox 541 3803 2059 3875; baseline 0 -15"><span class='ocrx_word' id='word_1_566' title='bbox 541 3806 701 3872; x_wconf 82' lang='lat' dir='ltr'><strong>ferre,</strong></span> <span class='ocrx_word' id='word_1_567' title='bbox 726 3820 1055 3875; x_wconf 67' lang='lat' dir='ltr'><strong>quaecunque</strong></span> <span class='ocrx_word' id='word_1_568' title='bbox 1083 3806 1135 3858; x_wconf 90' lang='lat' dir='ltr'><strong>in</strong></span> <span class='ocrx_word' id='word_1_569' title='bbox 1159 3803 1448 3873; x_wconf 85' lang='lat' dir='ltr'><strong>discipulos</strong></span> <span class='ocrx_word' id='word_1_570' title='bbox 1470 3819 1594 3859; x_wconf 90' lang='lat' dir='ltr'><strong>suos</strong></span> <span class='ocrx_word' id='word_1_571' title='bbox 1620 3804 1806 3860; x_wconf 87' lang='lat' dir='ltr'><strong>collata</strong></span> <span class='ocrx_word' id='word_1_572' title='bbox 1842 3804 2059 3860; x_wconf 85' lang='lat' dir='ltr'><strong>fuerint.</strong></span> 
     </span>
    </p>
   </div>
   <div class='ocr_carea' id='block_1_78' title="bbox 2076 3803 3595 3878">
    <p class='ocr_par' dir='ltr' id='par_1_78' title="bbox 2162 3804 3595 3878">
     <span class='ocr_line' id='line_1_78' title="bbox 2162 3804 3595 3878; baseline -0.005 -12"><span class='ocrx_word' id='word_1_573' title='bbox 2162 3811 2194 3865; x_wconf 78' lang='grc' dir='ltr'>ὃ</span> <span class='ocrx_word' id='word_1_574' title='bbox 2231 3810 2563 3878; x_wconf 76' lang='grc' dir='ltr'>ἐποιήσατε,</span> <span class='ocrx_word' id='word_1_575' title='bbox 2602 3810 2726 3878; x_wconf 80' lang='grc' dir='ltr'>ἐμοὶ</span> <span class='ocrx_word' id='word_1_576' title='bbox 2765 3806 3107 3871; x_wconf 80' lang='grc' dir='ltr'>ἐποιήσατε’</span> <span class='ocrx_word' id='word_1_577' title='bbox 3153 3804 3293 3857; x_wconf 83' lang='grc' dir='ltr'>ὥστε</span> <span class='ocrx_word' id='word_1_578' title='bbox 3328 3806 3483 3858; x_wconf 82' lang='grc' dir='ltr'>πᾶσα</span> <span class='ocrx_word' id='word_1_579' title='bbox 3514 3825 3595 3878; x_wconf 83' lang='grc' dir='ltr'><strong>πρ</strong></span> 
     </span>
    </p>
   </div>
   <div class='ocr_carea' id='block_1_79' title="bbox 541 3891 2060 3969">
    <p class='ocr_par' dir='ltr' id='par_1_79' title="bbox 541 3894 2060 3963">
     <span class='ocr_line' id='line_1_79' title="bbox 541 3894 2060 3963; baseline -0.003 -11"><span class='ocrx_word' id='word_1_580' title='bbox 541 3896 692 3952; x_wconf 84' lang='lat' dir='ltr'><strong>Unde</strong></span> <span class='ocrx_word' id='word_1_581' title='bbox 714 3896 1026 3951; x_wconf 81' lang='lat' dir='ltr'><strong>beneﬁcium</strong></span> <span class='ocrx_word' id='word_1_582' title='bbox 1048 3895 1370 3963; x_wconf 83' lang='lat' dir='ltr'><strong>accipientes</strong></span> <span class='ocrx_word' id='word_1_583' title='bbox 1399 3894 1681 3948; x_wconf 87' lang='lat' dir='ltr'><strong>ostendere</strong></span> <span class='ocrx_word' id='word_1_584' title='bbox 1708 3894 1913 3960; x_wconf 84' lang='lat' dir='ltr'><strong>volens,</strong></span> <span class='ocrx_word' id='word_1_585' title='bbox 1939 3896 2060 3948; x_wconf 86' lang='lat' dir='ltr'><strong>dan-</strong></span> 
     </span>
    </p>
   </div>
   <div class='ocr_carea' id='block_1_80' title="bbox 2078 3891 3597 3969">
    <p class='ocr_par' dir='ltr' id='par_1_80' title="bbox 2160 3891 3597 3969">
     <span class='ocr_line' id='line_1_80' title="bbox 2160 3891 3597 3969; baseline -0.005 -17"><span class='ocrx_word' id='word_1_586' title='bbox 2160 3898 2333 3969; x_wconf 82' lang='grc' dir='ltr'>ἀγαθὴ</span> <span class='ocrx_word' id='word_1_587' title='bbox 2358 3900 2392 3967; x_wconf 75' lang='grc' dir='ltr'>ἡ</span> <span class='ocrx_word' id='word_1_588' title='bbox 2424 3898 2503 3960; x_wconf 79' lang='grc' dir='ltr'><strong>είς</strong></span> <span class='ocrx_word' id='word_1_589' title='bbox 2529 3896 2618 3949; x_wconf 73' lang='grc' dir='ltr'><strong>τὸν</strong></span> <span class='ocrx_word' id='word_1_590' title='bbox 2650 3894 2866 3962; x_wconf 86' lang='grc' dir='ltr'>πλησίον</span> <span class='ocrx_word' id='word_1_591' title='bbox 2894 3894 2979 3960; x_wconf 83' lang='grc' dir='ltr'><strong>ὑφ’</strong></span> <span class='ocrx_word' id='word_1_592' title='bbox 3010 3891 3162 3961; x_wconf 79' lang='grc' dir='ltr'>ἡμῶν</span> <span class='ocrx_word' id='word_1_593' title='bbox 3197 3891 3597 3963; x_wconf 79' lang='grc' dir='ltr'>ἐπιτελουμένη</span> 
     </span>
    </p>
   </div>
   <div class='ocr_carea' id='block_1_81' title="bbox 540 3976 2059 4051">
    <p class='ocr_par' dir='ltr' id='par_1_81' title="bbox 540 3980 2059 4050">
     <span class='ocr_line' id='line_1_81' title="bbox 540 3980 2059 4050; baseline -0.004 -9"><span class='ocrx_word' id='word_1_594' title='bbox 540 3987 682 4041; x_wconf 83' lang='lat' dir='ltr'><strong>tibus</strong></span> <span class='ocrx_word' id='word_1_595' title='bbox 738 3985 1051 4041; x_wconf 79' lang='lat' dir='ltr'><strong>beneﬁcium</strong></span> <span class='ocrx_word' id='word_1_596' title='bbox 1105 3984 1240 4038; x_wconf 84' lang='lat' dir='ltr'><strong>dixit</strong></span> <span class='ocrx_word' id='word_1_597' title='bbox 1288 4000 1303 4037; x_wconf 90' lang='lat'><strong>:</strong></span> <span class='ocrx_word' id='word_1_598' title='bbox 1369 3982 1517 4047; x_wconf 85' lang='lat' dir='ltr'><strong>Quod</strong></span> <span class='ocrx_word' id='word_1_599' title='bbox 1564 3983 1642 4035; x_wconf 83' lang='lat' dir='ltr'><strong>Itis</strong></span> <span class='ocrx_word' id='word_1_600' title='bbox 1682 3980 1896 4050; x_wconf 78' lang='lat' dir='ltr'><strong>fecistis,</strong></span> <span class='ocrx_word' id='word_1_601' title='bbox 1933 3983 2059 4036; x_wconf 83' lang='lat' dir='ltr'><strong>mihi</strong></span> 
     </span>
    </p>
   </div>
   <div class='ocr_carea' id='block_1_82' title="bbox 2056 3976 3575 4051">
    <p class='ocr_par' dir='ltr' id='par_1_82' title="bbox 2056 3976 3575 4051">
     <span class='ocr_line' id='line_1_82' title="bbox 2056 3976 3575 4051; baseline -0.004 -16"><span class='ocrx_word' id='word_1_602' title='bbox 2056 3984 2062 4035; x_wconf 78' lang='grc' dir='ltr'><strong>ἱ</strong></span> <span class='ocrx_word' id='word_1_603' title='bbox 2159 3985 2219 4037; x_wconf 84' lang='grc' dir='ltr'><strong>τὸ</strong></span> <span class='ocrx_word' id='word_1_604' title='bbox 2258 3980 2578 4051; x_wconf 76' lang='grc' dir='ltr'>Εὐαγγέλιον</span> <span class='ocrx_word' id='word_1_605' title='bbox 2618 3979 2967 4051; x_wconf 83' lang='grc' dir='ltr'>ἀναφέρεται,</span> <span class='ocrx_word' id='word_1_606' title='bbox 3014 3976 3074 4029; x_wconf 78' lang='grc' dir='ltr'>τὸ</span> <span class='ocrx_word' id='word_1_607' title='bbox 3113 3977 3172 4027; x_wconf 83' lang='grc' dir='ltr'>ὲν</span> <span class='ocrx_word' id='word_1_608' title='bbox 3225 3979 3345 4039; x_wconf 85' lang='grc' dir='ltr'>ταῖς</span> <span class='ocrx_word' id='word_1_609' title='bbox 3397 3976 3575 4041; x_wconf 67' lang='grc' dir='ltr'>πλαξὶ</span> 
     </span>
    </p>
   </div>
   <div class='ocr_carea' id='block_1_83' title="bbox 538 4064 2057 4145">
    <p class='ocr_par' dir='ltr' id='par_1_83' title="bbox 538 4070 2057 4144">
     <span class='ocr_line' id='line_1_83' title="bbox 538 4070 2057 4144; baseline -0.003 -16"><span class='ocrx_word' id='word_1_610' title='bbox 538 4076 730 4144; x_wconf 77' lang='lat' dir='ltr'><strong>fecistis</strong></span> <span class='ocrx_word' id='word_1_611' title='bbox 758 4073 825 4127; x_wconf 79' lang='grc'><strong>⁸⁵.</strong></span> <span class='ocrx_word' id='word_1_612' title='bbox 848 4072 1200 4139; x_wconf 85' lang='lat' dir='ltr'><strong>Quamobrem</strong></span> <span class='ocrx_word' id='word_1_613' title='bbox 1225 4074 1423 4140; x_wconf 68' lang='lat' dir='ltr'><strong>quaevis</strong></span> <span class='ocrx_word' id='word_1_614' title='bbox 1448 4070 1588 4124; x_wconf 89' lang='lat' dir='ltr'><strong>actio</strong></span> <span class='ocrx_word' id='word_1_615' title='bbox 1610 4071 1745 4123; x_wconf 84' lang='lat' dir='ltr'><strong>bona</strong></span> <span class='ocrx_word' id='word_1_616' title='bbox 1770 4084 1798 4123; x_wconf 87' lang='lat' dir='ltr'><strong>a</strong></span> <span class='ocrx_word' id='word_1_617' title='bbox 1828 4070 1979 4125; x_wconf 88' lang='lat' dir='ltr'><strong>nobis</strong></span> <span class='ocrx_word' id='word_1_618' title='bbox 2009 4072 2057 4124; x_wconf 93' lang='lat' dir='ltr'><strong>in</strong></span> 
     </span>
    </p>
   </div>
   <div class='ocr_carea' id='block_1_84' title="bbox 2078 4064 3597 4145">
    <p class='ocr_par' dir='ltr' id='par_1_84' title="bbox 2158 4064 3597 4145">
     <span class='ocr_line' id='line_1_84' title="bbox 2158 4064 3597 4145; baseline -0.006 -17"><span class='ocrx_word' id='word_1_619' title='bbox 2158 4074 2382 4145; x_wconf 84' lang='grc' dir='ltr'>οὐρανοῦ</span> <span class='ocrx_word' id='word_1_620' title='bbox 2424 4072 2777 4143; x_wconf 83' lang='grc' dir='ltr'>γραφόμενον,</span> <span class='ocrx_word' id='word_1_621' title='bbox 2811 4068 2902 4120; x_wconf 81' lang='grc' dir='ltr'><strong>καὶ</strong></span> <span class='ocrx_word' id='word_1_622' title='bbox 2945 4067 3047 4119; x_wconf 82' lang='grc' dir='ltr'>ὑπὸ</span> <span class='ocrx_word' id='word_1_623' title='bbox 3080 4064 3295 4117; x_wconf 85' lang='grc' dir='ltr'>πάντων</span> <span class='ocrx_word' id='word_1_624' title='bbox 3326 4065 3439 4118; x_wconf 85' lang='grc' dir='ltr'><strong>τῶν</strong></span> <span class='ocrx_word' id='word_1_625' title='bbox 3478 4066 3597 4136; x_wconf 77' lang='grc' dir='ltr'>ἠξιι</span> 
     </span>
    </p>
   </div>
   <div class='ocr_carea' id='block_1_85' title="bbox 538 4156 2057 4234">
    <p class='ocr_par' dir='ltr' id='par_1_85' title="bbox 538 4158 2057 4234">
     <span class='ocr_line' id='line_1_85' title="bbox 538 4158 2057 4234; baseline -0.005 -14"><span class='ocrx_word' id='word_1_626' title='bbox 538 4165 837 4234; x_wconf 80' lang='lat' dir='ltr'><strong>proximum</strong></span> <span class='ocrx_word' id='word_1_627' title='bbox 882 4163 1099 4228; x_wconf 85' lang='lat' dir='ltr'><strong>collata,</strong></span> <span class='ocrx_word' id='word_1_628' title='bbox 1131 4165 1196 4215; x_wconf 87' lang='lat' dir='ltr'><strong>ad</strong></span> <span class='ocrx_word' id='word_1_629' title='bbox 1232 4159 1575 4229; x_wconf 81' lang='lat' dir='ltr'><strong>Evangelium</strong></span> <span class='ocrx_word' id='word_1_630' title='bbox 1618 4158 1874 4223; x_wconf 81' lang='lat' dir='ltr'><strong>refertur,</strong></span> <span class='ocrx_word' id='word_1_631' title='bbox 1918 4159 2057 4228; x_wconf 88' lang='lat' dir='ltr'><strong>quod</strong></span> 
     </span>
    </p>
   </div>
   <div class='ocr_carea' id='block_1_86' title="bbox 2078 4156 3597 4234">
    <p class='ocr_par' dir='ltr' id='par_1_86' title="bbox 2159 4156 3597 4233">
     <span class='ocr_line' id='line_1_86' title="bbox 2159 4156 3597 4233; baseline -0.007 -15"><span class='ocrx_word' id='word_1_632' title='bbox 2159 4181 2263 4218; x_wconf 89' lang='grc' dir='ltr'><strong>νων</strong></span> <span class='ocrx_word' id='word_1_633' title='bbox 2287 4164 2385 4233; x_wconf 80' lang='grc' dir='ltr'>τῆς</span> <span class='ocrx_word' id='word_1_634' title='bbox 2408 4162 2512 4215; x_wconf 85' lang='grc' dir='ltr'>τῶν</span> <span class='ocrx_word' id='word_1_635' title='bbox 2538 4162 2671 4214; x_wconf 84' lang='grc' dir='ltr'>ὅλων</span> <span class='ocrx_word' id='word_1_636' title='bbox 2709 4157 2953 4228; x_wconf 84' lang='grc' dir='ltr'>γνώσεως</span> <span class='ocrx_word' id='word_1_637' title='bbox 2987 4156 3497 4226; x_wconf 84' lang='grc' dir='ltr'>ἀναγινωσκόμενον</span> <span class='ocrx_word' id='word_1_638' title='bbox 3518 4174 3533 4187; x_wconf 88' lang='grc'><strong>·</strong></span> <span class='ocrx_word' id='word_1_639' title='bbox 3582 4157 3597 4212; x_wconf 69' lang='grc' dir='ltr'><strong>ί</strong></span> 
     </span>
    </p>
   </div>
   <div class='ocr_carea' id='block_1_87' title="bbox 540 4244 2059 4318">
    <p class='ocr_par' dir='ltr' id='par_1_87' title="bbox 540 4249 2059 4318">
     <span class='ocr_line' id='line_1_87' title="bbox 540 4249 2059 4318; baseline -0.003 -10"><span class='ocrx_word' id='word_1_640' title='bbox 540 4256 592 4308; x_wconf 92' lang='lat' dir='ltr'><strong>in</strong></span> <span class='ocrx_word' id='word_1_641' title='bbox 619 4253 741 4309; x_wconf 77' lang='lat' dir='ltr'><strong>cteli</strong></span> <span class='ocrx_word' id='word_1_642' title='bbox 770 4252 965 4308; x_wconf 80' lang='lat' dir='ltr'><strong>tabulis</strong></span> <span class='ocrx_word' id='word_1_643' title='bbox 997 4250 1338 4313; x_wconf 88' lang='lat' dir='ltr'><strong>inscribitur,</strong></span> <span class='ocrx_word' id='word_1_644' title='bbox 1386 4249 1796 4318; x_wconf 75' lang='lat' dir='ltr'><strong>agnosciturque</strong></span> <span class='ocrx_word' id='word_1_645' title='bbox 1835 4263 1899 4302; x_wconf 89' lang='lat' dir='ltr'><strong>ac</strong></span> <span class='ocrx_word' id='word_1_646' title='bbox 1932 4249 2059 4318; x_wconf 47' lang='lat' dir='ltr'><strong>legi.</strong></span> 
     </span>
    </p>
   </div>
   <div class='ocr_carea' id='block_1_88' title="bbox 2078 4244 3597 4318">
    <p class='ocr_par' dir='ltr' id='par_1_88' title="bbox 2160 4244 3597 4318">
     <span class='ocr_line' id='line_1_88' title="bbox 2160 4244 3597 4318; baseline -0.007 -9"><span class='ocrx_word' id='word_1_647' title='bbox 2160 4255 2254 4313; x_wconf 77' lang='grc' dir='ltr'>καὶ,</span> <span class='ocrx_word' id='word_1_648' title='bbox 2276 4255 2341 4306; x_wconf 83' lang='grc' dir='ltr'>ὲκ</span> <span class='ocrx_word' id='word_1_649' title='bbox 2376 4250 2469 4305; x_wconf 91' lang='grc' dir='ltr'><strong>τοῦ</strong></span> <span class='ocrx_word' id='word_1_650' title='bbox 2504 4250 2738 4305; x_wconf 80' lang='grc' dir='ltr'>ἐναντίου</span> <span class='ocrx_word' id='word_1_651' title='bbox 2780 4247 2939 4318; x_wconf 86' lang='grc' dir='ltr'>μέρος</span> <span class='ocrx_word' id='word_1_652' title='bbox 2965 4246 3080 4298; x_wconf 72' lang='grc' dir='ltr'>ἐστὶ</span> <span class='ocrx_word' id='word_1_653' title='bbox 3108 4244 3202 4298; x_wconf 87' lang='grc' dir='ltr'><strong>τοῦ</strong></span> <span class='ocrx_word' id='word_1_654' title='bbox 3248 4246 3597 4314; x_wconf 85' lang='grc' dir='ltr'>Εὐαγγελίου</span> 
     </span>
    </p>
   </div>
   <div class='ocr_carea' id='block_1_89' title="bbox 540 4336 2059 4415">
    <p class='ocr_par' dir='ltr' id='par_1_89' title="bbox 540 4338 2059 4411">
     <span class='ocr_line' id='line_1_89' title="bbox 540 4338 2059 4411; baseline -0.004 -13"><span class='ocrx_word' id='word_1_655' title='bbox 540 4354 626 4398; x_wconf 91' lang='lat' dir='ltr'><strong>tur</strong></span> <span class='ocrx_word' id='word_1_656' title='bbox 649 4344 715 4398; x_wconf 87' lang='lat' dir='ltr'><strong>ab</strong></span> <span class='ocrx_word' id='word_1_657' title='bbox 750 4343 1000 4398; x_wconf 85' lang='lat' dir='ltr'><strong>omnibus</strong></span> <span class='ocrx_word' id='word_1_658' title='bbox 1035 4344 1128 4411; x_wconf 88' lang='lat' dir='ltr'><strong>qui</strong></span> <span class='ocrx_word' id='word_1_659' title='bbox 1166 4342 1541 4396; x_wconf 86' lang='lat' dir='ltr'><strong>universorum</strong></span> <span class='ocrx_word' id='word_1_660' title='bbox 1572 4338 1873 4407; x_wconf 73' lang='lat' dir='ltr'><strong>cognitione</strong></span> <span class='ocrx_word' id='word_1_661' title='bbox 1914 4338 2059 4409; x_wconf 76' lang='lat' dir='ltr'><strong>digni</strong></span> 
     </span>
    </p>
   </div>
   <div class='ocr_carea' id='block_1_90' title="bbox 2078 4336 3597 4415">
    <p class='ocr_par' dir='ltr' id='par_1_90' title="bbox 2092 4336 3597 4415">
     <span class='ocr_line' id='line_1_90' title="bbox 2092 4336 3597 4415; baseline -0.007 -15"><span class='ocrx_word' id='word_1_662' title='bbox 2092 4350 2139 4409; x_wconf 90' lang='lat' dir='ltr'><strong>D</strong></span> <span class='ocrx_word' id='word_1_663' title='bbox 2162 4344 2484 4415; x_wconf 86' lang='grc' dir='ltr'>κατηγορίαν</span> <span class='ocrx_word' id='word_1_664' title='bbox 2506 4341 2611 4395; x_wconf 86' lang='grc' dir='ltr'><strong>τῶν</strong></span> <span class='ocrx_word' id='word_1_665' title='bbox 2633 4337 2945 4410; x_wconf 76' lang='grc' dir='ltr'>πραξάντων</span> <span class='ocrx_word' id='word_1_666' title='bbox 2985 4336 3050 4389; x_wconf 87' lang='grc' dir='ltr'>τὰ</span> <span class='ocrx_word' id='word_1_667' title='bbox 3087 4338 3166 4399; x_wconf 81' lang='grc' dir='ltr'>εἰς</span> <span class='ocrx_word' id='word_1_668' title='bbox 3213 4336 3424 4407; x_wconf 87' lang='grc' dir='ltr'>Ἰησοῦν</span> <span class='ocrx_word' id='word_1_669' title='bbox 3461 4339 3597 4409; x_wconf 51' lang='grc' dir='ltr'>ἅμα]</span> 
     </span>
    </p>
   </div>
   <div class='ocr_carea' id='block_1_91' title="bbox 537 4425 2056 4505">
    <p class='ocr_par' dir='ltr' id='par_1_91' title="bbox 537 4425 2056 4494">
     <span class='ocr_line' id='line_1_91' title="bbox 537 4425 2056 4494; baseline -0.004 -9"><span class='ocrx_word' id='word_1_670' title='bbox 537 4432 703 4486; x_wconf 70' lang='lat' dir='ltr'><strong>habili</strong></span> <span class='ocrx_word' id='word_1_671' title='bbox 747 4431 943 4487; x_wconf 82' lang='lat' dir='ltr'><strong>fuerint</strong></span> <span class='ocrx_word' id='word_1_672' title='bbox 976 4445 993 4484; x_wconf 90' lang='lat'><strong>:</strong></span> <span class='ocrx_word' id='word_1_673' title='bbox 1020 4446 1141 4486; x_wconf 91' lang='lat' dir='ltr'><strong>cum</strong></span> <span class='ocrx_word' id='word_1_674' title='bbox 1185 4445 1251 4485; x_wconf 81' lang='lat' dir='ltr'><strong>ex</strong></span> <span class='ocrx_word' id='word_1_675' title='bbox 1298 4429 1521 4483; x_wconf 86' lang='lat' dir='ltr'><strong>adverso</strong></span> <span class='ocrx_word' id='word_1_676' title='bbox 1552 4428 1713 4481; x_wconf 89' lang='lat' dir='ltr'><strong>etiam</strong></span> <span class='ocrx_word' id='word_1_677' title='bbox 1741 4440 1863 4494; x_wconf 88' lang='lat' dir='ltr'><strong>pars</strong></span> <span class='ocrx_word' id='word_1_678' title='bbox 1888 4425 2056 4479; x_wconf 85' lang='lat' dir='ltr'><strong>Evan-</strong></span> 
     </span>
    </p>
   </div>
   <div class='ocr_carea' id='block_1_92' title="bbox 2078 4425 3597 4505">
    <p class='ocr_par' dir='ltr' id='par_1_92' title="bbox 2154 4425 3597 4505">
     <span class='ocr_line' id='line_1_92' title="bbox 2154 4425 3597 4505; baseline -0.008 -17"><span class='ocrx_word' id='word_1_679' title='bbox 2154 4436 2368 4505; x_wconf 87' lang='grc' dir='ltr'>νόμενα.</span> <span class='ocrx_word' id='word_1_680' title='bbox 2406 4433 2468 4485; x_wconf 83' lang='grc' dir='ltr'><em>Ἢ</em></span> <span class='ocrx_word' id='word_1_681' title='bbox 2495 4429 2621 4499; x_wconf 89' lang='grc' dir='ltr'>γοῦν</span> <span class='ocrx_word' id='word_1_682' title='bbox 2660 4426 2823 4481; x_wconf 85' lang='grc' dir='ltr'>Ἰούδα</span> <span class='ocrx_word' id='word_1_683' title='bbox 2851 4425 3123 4497; x_wconf 87' lang='grc' dir='ltr'>προδοσία,</span> <span class='ocrx_word' id='word_1_684' title='bbox 3159 4425 3252 4477; x_wconf 76' lang='grc' dir='ltr'><strong>καὶ</strong></span> <span class='ocrx_word' id='word_1_685' title='bbox 3279 4427 3312 4496; x_wconf 77' lang='grc' dir='ltr'>ἡ</span> <span class='ocrx_word' id='word_1_686' title='bbox 3346 4425 3446 4477; x_wconf 91' lang='grc' dir='ltr'><strong>τοῦ</strong></span> <span class='ocrx_word' id='word_1_687' title='bbox 3476 4428 3597 4479; x_wconf 78' lang='grc' dir='ltr'>ἁσει</span> 
     </span>
    </p>
   </div>
   <div class='ocr_carea' id='block_1_93' title="bbox 534 4510 2053 4590">
    <p class='ocr_par' dir='ltr' id='par_1_93' title="bbox 534 4514 2053 4590">
     <span class='ocr_line' id='line_1_93' title="bbox 534 4514 2053 4590; baseline -0.004 -15"><span class='ocrx_word' id='word_1_688' title='bbox 534 4521 661 4590; x_wconf 73' lang='lat' dir='ltr'><strong>gelii</strong></span> <span class='ocrx_word' id='word_1_689' title='bbox 694 4522 1087 4575; x_wconf 86' lang='lat' dir='ltr'><strong>accusationem</strong></span> <span class='ocrx_word' id='word_1_690' title='bbox 1143 4521 1417 4574; x_wconf 85' lang='lat' dir='ltr'><strong>contineat</strong></span> <span class='ocrx_word' id='word_1_691' title='bbox 1461 4531 1643 4571; x_wconf 89' lang='lat' dir='ltr'><strong>eorum</strong></span> <span class='ocrx_word' id='word_1_692' title='bbox 1690 4516 1779 4585; x_wconf 89' lang='lat' dir='ltr'><strong>qui</strong></span> <span class='ocrx_word' id='word_1_693' title='bbox 1823 4514 2053 4584; x_wconf 87' lang='lat' dir='ltr'><strong>delique-</strong></span> 
     </span>
    </p>
   </div>
   <div class='ocr_carea' id='block_1_94' title="bbox 2071 4510 3590 4590">
    <p class='ocr_par' dir='ltr' id='par_1_94' title="bbox 2153 4510 3590 4589">
     <span class='ocr_line' id='line_1_94' title="bbox 2153 4510 3590 4589; baseline 0.003 -14"><span class='ocrx_word' id='word_1_694' title='bbox 2153 4522 2283 4577; x_wconf 84' lang='grc' dir='ltr'>λαοῦ</span> <span class='ocrx_word' id='word_1_695' title='bbox 2307 4520 2647 4589; x_wconf 71' lang='grc' dir='ltr'>καταϐόησις,</span> <span class='ocrx_word' id='word_1_696' title='bbox 2683 4516 2992 4586; x_wconf 59' lang='grc' dir='ltr'>φάσκοντος</span> <span class='ocrx_word' id='word_1_697' title='bbox 3021 4510 3158 4581; x_wconf 75' lang='grc' dir='ltr'>Αἶρε</span> <span class='ocrx_word' id='word_1_698' title='bbox 3180 4514 3297 4567; x_wconf 75' lang='grc' dir='ltr'><strong>ἀπὸ</strong></span> <span class='ocrx_word' id='word_1_699' title='bbox 3319 4513 3436 4582; x_wconf 78' lang='grc' dir='ltr'><strong>τῆς</strong></span> <span class='ocrx_word' id='word_1_700' title='bbox 3466 4517 3590 4584; x_wconf 75' lang='grc' dir='ltr'><strong>γῆς</strong></span> 
     </span>
    </p>
   </div>
   <div class='ocr_carea' id='block_1_95' title="bbox 539 4601 2058 4676">
    <p class='ocr_par' dir='ltr' id='par_1_95' title="bbox 539 4604 2058 4676">
     <span class='ocr_line' id='line_1_95' title="bbox 539 4604 2058 4676; baseline -0.003 -14"><span class='ocrx_word' id='word_1_701' title='bbox 539 4621 661 4664; x_wconf 86' lang='lat' dir='ltr'><strong>rnnt</strong></span> <span class='ocrx_word' id='word_1_702' title='bbox 712 4612 764 4664; x_wconf 91' lang='lat' dir='ltr'><strong>in</strong></span> <span class='ocrx_word' id='word_1_703' title='bbox 817 4608 1018 4666; x_wconf 64' lang='lat' dir='ltr'><strong>Iesum.</strong></span> <span class='ocrx_word' id='word_1_704' title='bbox 1078 4607 1264 4676; x_wconf 84' lang='lat' dir='ltr'><strong>Itaque</strong></span> <span class='ocrx_word' id='word_1_705' title='bbox 1299 4606 1449 4662; x_wconf 69' lang='lat' dir='ltr'><strong>Iuda:</strong></span> <span class='ocrx_word' id='word_1_706' title='bbox 1497 4604 1731 4674; x_wconf 89' lang='lat' dir='ltr'><strong>proditio</strong></span> <span class='ocrx_word' id='word_1_707' title='bbox 1776 4604 2058 4673; x_wconf 88' lang='lat' dir='ltr'><strong>populique</strong></span> 
     </span>
    </p>
   </div>
   <div class='ocr_carea' id='block_1_96' title="bbox 2078 4601 3597 4676">
    <p class='ocr_par' dir='ltr' id='par_1_96' title="bbox 2153 4601 3597 4670">
     <span class='ocr_line' id='line_1_96' title="bbox 2153 4601 3597 4670; baseline -0.003 -9"><span class='ocrx_word' id='word_1_708' title='bbox 2153 4607 2437 4670; x_wconf 86' lang='grc' dir='ltr'>τοιοῦτον,</span> <span class='ocrx_word' id='word_1_709' title='bbox 2481 4606 2577 4658; x_wconf 78' lang='grc' dir='ltr'>καὶ</span> <span class='ocrx_word' id='word_1_710' title='bbox 2626 4603 2906 4668; x_wconf 84' lang='grc' dir='ltr'>σταύρου,</span> <span class='ocrx_word' id='word_1_711' title='bbox 2943 4601 3203 4667; x_wconf 84' lang='grc' dir='ltr'>σταύρου</span> <span class='ocrx_word' id='word_1_712' title='bbox 3249 4601 3466 4668; x_wconf 79' lang='grc' dir='ltr'>αὑτὸν,</span> <span class='ocrx_word' id='word_1_713' title='bbox 3522 4622 3597 4657; x_wconf 86' lang='grc' dir='ltr'><strong>κα</strong></span> 
     </span>
    </p>
   </div>
   <div class='ocr_carea' id='block_1_97' title="bbox 537 4689 2056 4769">
    <p class='ocr_par' dir='ltr' id='par_1_97' title="bbox 537 4692 2056 4767">
     <span class='ocr_line' id='line_1_97' title="bbox 537 4692 2056 4767; baseline -0.007 -14"><span class='ocrx_word' id='word_1_714' title='bbox 537 4699 682 4767; x_wconf 82' lang='lat' dir='ltr'><strong>impii</strong></span> <span class='ocrx_word' id='word_1_715' title='bbox 720 4697 1029 4752; x_wconf 78' lang='lat' dir='ltr'><strong>vociferatio</strong></span> <span class='ocrx_word' id='word_1_716' title='bbox 1072 4695 1297 4750; x_wconf 87' lang='lat' dir='ltr'><strong>dicentis</strong></span> <span class='ocrx_word' id='word_1_717' title='bbox 1341 4710 1356 4747; x_wconf 90' lang='lat'><strong>:</strong></span> <span class='ocrx_word' id='word_1_718' title='bbox 1399 4692 1538 4745; x_wconf 87' lang='lat' dir='ltr'><strong>Tolle</strong></span> <span class='ocrx_word' id='word_1_719' title='bbox 1574 4693 1709 4749; x_wconf 86' lang='lat' dir='ltr'><strong>hunc</strong></span> <span class='ocrx_word' id='word_1_720' title='bbox 1746 4706 1779 4743; x_wconf 82' lang='grc' dir='ltr'><strong>α</strong></span> <span class='ocrx_word' id='word_1_721' title='bbox 1814 4700 1970 4753; x_wconf 87' lang='lat' dir='ltr'><strong>terra,</strong></span> <span class='ocrx_word' id='word_1_722' title='bbox 2011 4699 2056 4743; x_wconf 87' lang='lat' dir='ltr'><strong>et</strong></span> 
     </span>
    </p>
   </div>
   <div class='ocr_carea' id='block_1_98' title="bbox 2078 4689 3597 4769">
    <p class='ocr_par' dir='ltr' id='par_1_98' title="bbox 2155 4689 3597 4769">
     <span class='ocr_line' id='line_1_98' title="bbox 2155 4689 3597 4769; baseline -0.005 -17"><span class='ocrx_word' id='word_1_723' title='bbox 2155 4698 2453 4769; x_wconf 78' lang='grc' dir='ltr'>ὲμπαιγμοὶ</span> <span class='ocrx_word' id='word_1_724' title='bbox 2492 4695 2599 4748; x_wconf 87' lang='grc' dir='ltr'><strong>τῶν</strong></span> <span class='ocrx_word' id='word_1_725' title='bbox 2642 4693 2799 4746; x_wconf 79' lang='grc' dir='ltr'>αὐτὸν</span> <span class='ocrx_word' id='word_1_726' title='bbox 2847 4693 2910 4761; x_wconf 83' lang='grc' dir='ltr'>τῇ</span> <span class='ocrx_word' id='word_1_727' title='bbox 2951 4689 3159 4761; x_wconf 78' lang='grc' dir='ltr'>ἀκάνθῃ</span> <span class='ocrx_word' id='word_1_728' title='bbox 3204 4694 3597 4758; x_wconf 80' lang='grc' dir='ltr'>στεφανωσάντ</span> 
     </span>
    </p>
   </div>
   <div class='ocr_carea' id='block_1_99' title="bbox 533 4777 2052 4855">
    <p class='ocr_par' dir='ltr' id='par_1_99' title="bbox 533 4777 2052 4855">
     <span class='ocr_line' id='line_1_99' title="bbox 533 4777 2052 4855; baseline -0.007 -14"><span class='ocrx_word' id='word_1_729' title='bbox 533 4788 793 4855; x_wconf 75' lang='lat' dir='ltr'><strong>cruciﬁge,</strong></span> <span class='ocrx_word' id='word_1_730' title='bbox 825 4785 1063 4855; x_wconf 78' lang='lat' dir='ltr'><strong>cruciﬁge</strong></span> <span class='ocrx_word' id='word_1_731' title='bbox 1085 4800 1200 4838; x_wconf 84' lang='lat' dir='ltr'><strong>eum</strong></span> <span class='ocrx_word' id='word_1_732' title='bbox 1225 4783 1291 4847; x_wconf 79' lang='grc'><strong>⁷⁸,</strong></span> <span class='ocrx_word' id='word_1_733' title='bbox 1313 4780 1654 4836; x_wconf 89' lang='lat' dir='ltr'><strong>etirrisiones</strong></span> <span class='ocrx_word' id='word_1_734' title='bbox 1669 4793 1875 4843; x_wconf 89' lang='lat' dir='ltr'><strong>eorum,</strong></span> <span class='ocrx_word' id='word_1_735' title='bbox 1896 4793 1924 4831; x_wconf 88' lang='lat' dir='ltr'><strong>a</strong></span> <span class='ocrx_word' id='word_1_736' title='bbox 1944 4777 2052 4846; x_wconf 86' lang='lat' dir='ltr'><strong>qui-</strong></span> 
     </span>
    </p>
   </div>
   <div class='ocr_carea' id='block_1_100' title="bbox 2033 4777 3552 4855">
    <p class='ocr_par' dir='ltr' id='par_1_100' title="bbox 2036 4777 3552 4850">
     <span class='ocr_line' id='line_1_100' title="bbox 2036 4777 3552 4850; baseline -0.005 -9"><span class='ocrx_word' id='word_1_737' title='bbox 2036 4805 2058 4817; x_wconf 90' lang='grc'>·</span> <span class='ocrx_word' id='word_1_738' title='bbox 2157 4788 2250 4839; x_wconf 81' lang='grc' dir='ltr'>καὶ</span> <span class='ocrx_word' id='word_1_739' title='bbox 2305 4785 2373 4838; x_wconf 80' lang='grc' dir='ltr'>τὰ</span> <span class='ocrx_word' id='word_1_740' title='bbox 2422 4783 2626 4845; x_wconf 80' lang='grc' dir='ltr'>τούτοις</span> <span class='ocrx_word' id='word_1_741' title='bbox 2684 4779 3032 4850; x_wconf 79' lang='grc' dir='ltr'>παραπλήσια</span> <span class='ocrx_word' id='word_1_742' title='bbox 3076 4777 3552 4846; x_wconf 84' lang='grc' dir='ltr'>ὲγκατατέτακται</span> 
     </span>
    </p>
   </div>
   <div class='ocr_carea' id='block_1_101' title="bbox 532 4867 2051 4946">
    <p class='ocr_par' dir='ltr' id='par_1_101' title="bbox 532 4868 2051 4946">
     <span class='ocr_line' id='line_1_101' title="bbox 532 4868 2051 4946; baseline -0.007 -16"><span class='ocrx_word' id='word_1_743' title='bbox 532 4878 633 4930; x_wconf 90' lang='lat' dir='ltr'><strong>bus</strong></span> <span class='ocrx_word' id='word_1_744' title='bbox 665 4888 749 4931; x_wconf 85' lang='lat' dir='ltr'><strong>est</strong></span> <span class='ocrx_word' id='word_1_745' title='bbox 773 4877 940 4946; x_wconf 89' lang='lat' dir='ltr'><strong>spinis</strong></span> <span class='ocrx_word' id='word_1_746' title='bbox 959 4884 1266 4935; x_wconf 88' lang='lat' dir='ltr'><strong>coronatus,</strong></span> <span class='ocrx_word' id='word_1_747' title='bbox 1295 4882 1351 4925; x_wconf 91' lang='lat' dir='ltr'><strong>et</strong></span> <span class='ocrx_word' id='word_1_748' title='bbox 1378 4871 1460 4924; x_wconf 89' lang='lat' dir='ltr'><strong>his</strong></span> <span class='ocrx_word' id='word_1_749' title='bbox 1482 4870 1674 4924; x_wconf 86' lang='lat' dir='ltr'><strong>similia</strong></span> <span class='ocrx_word' id='word_1_750' title='bbox 1700 4883 1794 4939; x_wconf 86' lang='lat' dir='ltr'><strong>per</strong></span> <span class='ocrx_word' id='word_1_751' title='bbox 1814 4868 2051 4924; x_wconf 89' lang='lat' dir='ltr'><strong>ordinem</strong></span> 
     </span>
    </p>
   </div>
   <div class='ocr_carea' id='block_1_102' title="bbox 2071 4867 3590 4946">
    <p class='ocr_par' dir='ltr' id='par_1_102' title="bbox 2158 4867 3590 4943">
     <span class='ocr_line' id='line_1_102' title="bbox 2158 4867 3590 4943; baseline -0.005 -15"><span class='ocrx_word' id='word_1_752' title='bbox 2158 4874 2517 4943; x_wconf 87' lang='grc' dir='ltr'>Εὐαγγελίοις.</span> <span class='ocrx_word' id='word_1_753' title='bbox 2563 4869 2867 4923; x_wconf 85' lang='grc' dir='ltr'>Ἀκόλουθον</span> <span class='ocrx_word' id='word_1_754' title='bbox 2892 4868 2948 4919; x_wconf 90' lang='grc' dir='ltr'>δὲ</span> <span class='ocrx_word' id='word_1_755' title='bbox 2971 4867 3174 4929; x_wconf 87' lang='grc' dir='ltr'>τούτοις</span> <span class='ocrx_word' id='word_1_756' title='bbox 3204 4867 3321 4919; x_wconf 78' lang='grc' dir='ltr'>ἐστὶ</span> <span class='ocrx_word' id='word_1_757' title='bbox 3360 4868 3590 4937; x_wconf 79' lang='grc' dir='ltr'>νοῆσαι,</span> 
     </span>
    </p>
   </div>
   <div class='ocr_carea' id='block_1_103' title="bbox 534 4953 2053 5036">
    <p class='ocr_par' dir='ltr' id='par_1_103' title="bbox 534 4960 2053 5036">
     <span class='ocr_line' id='line_1_103' title="bbox 534 4960 2053 5036; baseline -0.006 -16"><span class='ocrx_word' id='word_1_758' title='bbox 534 4969 586 5020; x_wconf 91' lang='lat' dir='ltr'><strong>in</strong></span> <span class='ocrx_word' id='word_1_759' title='bbox 615 4966 916 5036; x_wconf 78' lang='lat' dir='ltr'><strong>Evangeliis</strong></span> <span class='ocrx_word' id='word_1_760' title='bbox 945 4966 1112 5035; x_wconf 89' lang='lat' dir='ltr'><strong>posita</strong></span> <span class='ocrx_word' id='word_1_761' title='bbox 1140 4969 1285 5016; x_wconf 88' lang='lat' dir='ltr'><strong>sunt.</strong></span> <span class='ocrx_word' id='word_1_762' title='bbox 1315 4960 1517 5027; x_wconf 87' lang='lat' dir='ltr'><strong>Quibus</strong></span> <span class='ocrx_word' id='word_1_763' title='bbox 1541 4973 1871 5027; x_wconf 90' lang='lat' dir='ltr'><strong>consequens</strong></span> <span class='ocrx_word' id='word_1_764' title='bbox 1893 4967 1974 5012; x_wconf 90' lang='lat' dir='ltr'><strong>est</strong></span> <span class='ocrx_word' id='word_1_765' title='bbox 2000 4966 2053 5011; x_wconf 91' lang='lat' dir='ltr'><strong>ut</strong></span> 
     </span>
    </p>
   </div>
   <div class='ocr_carea' id='block_1_104' title="bbox 2078 4953 3597 5036">
    <p class='ocr_par' dir='ltr' id='par_1_104' title="bbox 2159 4953 3597 5029">
     <span class='ocr_line' id='line_1_104' title="bbox 2159 4953 3597 5029; baseline -0.003 -14"><span class='ocrx_word' id='word_1_766' title='bbox 2159 4965 2264 5026; x_wconf 80' lang='grc' dir='ltr'>πᾶς</span> <span class='ocrx_word' id='word_1_767' title='bbox 2298 4964 2327 5014; x_wconf 90' lang='grc' dir='ltr'><strong>ό</strong></span> <span class='ocrx_word' id='word_1_768' title='bbox 2357 4961 2461 5014; x_wconf 85' lang='grc' dir='ltr'><strong>τῶν</strong></span> <span class='ocrx_word' id='word_1_769' title='bbox 2492 4957 2740 5029; x_wconf 87' lang='grc' dir='ltr'>μαθητῶν</span> <span class='ocrx_word' id='word_1_770' title='bbox 2782 4956 2889 5027; x_wconf 75' lang='grc'><strong>(54)</strong></span> <span class='ocrx_word' id='word_1_771' title='bbox 2916 4953 3010 5007; x_wconf 88' lang='grc' dir='ltr'><strong>τοῦ</strong></span> <span class='ocrx_word' id='word_1_772' title='bbox 3046 4954 3216 5025; x_wconf 90' lang='grc' dir='ltr'>Ἰησοῦ</span> <span class='ocrx_word' id='word_1_773' title='bbox 3243 4955 3543 5028; x_wconf 81' lang='grc' dir='ltr'>προδότης,</span> <span class='ocrx_word' id='word_1_774' title='bbox 3578 4976 3597 5011; x_wconf 88' lang='grc' dir='ltr'><strong>ε</strong></span> 
     </span>
    </p>
   </div>
   <div class='ocr_carea' id='block_1_105' title="bbox 533 5044 2052 5124">
    <p class='ocr_par' dir='ltr' id='par_1_105' title="bbox 533 5049 2052 5124">
     <span class='ocr_line' id='line_1_105' title="bbox 533 5049 2052 5124; baseline -0.005 -14"><span class='ocrx_word' id='word_1_775' title='bbox 533 5058 928 5110; x_wconf 88' lang='lat' dir='ltr'><strong>consideremus</strong></span> <span class='ocrx_word' id='word_1_776' title='bbox 950 5055 1091 5124; x_wconf 87' lang='lat' dir='ltr'><strong>quod</strong></span> <span class='ocrx_word' id='word_1_777' title='bbox 1120 5053 1363 5123; x_wconf 91' lang='lat' dir='ltr'><strong>quisquis</strong></span> <span class='ocrx_word' id='word_1_778' title='bbox 1390 5049 1512 5106; x_wconf 80' lang='lat' dir='ltr'><strong>Jesu</strong></span> <span class='ocrx_word' id='word_1_779' title='bbox 1546 5050 1832 5119; x_wconf 85' lang='lat' dir='ltr'><strong>discipulos</strong></span> <span class='ocrx_word' id='word_1_780' title='bbox 1870 5049 2052 5119; x_wconf 89' lang='lat' dir='ltr'><strong>prodi-</strong></span> 
     </span>
    </p>
   </div>
   <div class='ocr_carea' id='block_1_106' title="bbox 2078 5044 3597 5124">
    <p class='ocr_par' dir='ltr' id='par_1_106' title="bbox 2157 5044 3597 5120">
     <span class='ocr_line' id='line_1_106' title="bbox 2157 5044 3597 5120; baseline -0.003 -14"><span class='ocrx_word' id='word_1_781' title='bbox 2157 5053 2453 5120; x_wconf 84' lang='grc' dir='ltr'>λελόγισται</span> <span class='ocrx_word' id='word_1_782' title='bbox 2491 5048 2583 5102; x_wconf 87' lang='grc' dir='ltr'><strong>τοῦ</strong></span> <span class='ocrx_word' id='word_1_783' title='bbox 2621 5047 2789 5117; x_wconf 88' lang='grc' dir='ltr'>Ἰησοῦ</span> <span class='ocrx_word' id='word_1_784' title='bbox 2829 5045 3109 5117; x_wconf 81' lang='grc' dir='ltr'>προδότης.</span> <span class='ocrx_word' id='word_1_785' title='bbox 3143 5044 3287 5115; x_wconf 82' lang='grc' dir='ltr'>Πρὸς</span> <span class='ocrx_word' id='word_1_786' title='bbox 3313 5046 3452 5112; x_wconf 87' lang='grc' dir='ltr'>γοῦν</span> <span class='ocrx_word' id='word_1_787' title='bbox 3495 5050 3597 5103; x_wconf 85' lang='grc' dir='ltr'><strong>τὸν</strong></span> 
     </span>
    </p>
   </div>
   <div class='ocr_carea' id='block_1_107' title="bbox 532 5173 2051 5315">
    <p class='ocr_par' dir='ltr' id='par_1_107' title="bbox 532 5183 2051 5315">
     <span class='ocr_line' id='line_1_107' title="bbox 603 5183 2051 5257; baseline -0.007 -10"><span class='ocrx_word' id='word_1_788' title='bbox 603 5194 647 5229; x_wconf 77' lang='lat'><strong>&quot;</strong></span> <span class='ocrx_word' id='word_1_789' title='bbox 684 5192 783 5246; x_wconf 82' lang='lat' dir='ltr'><strong>lsa.</strong></span> <span class='ocrx_word' id='word_1_790' title='bbox 811 5191 968 5252; x_wconf 59' lang='lat'><strong>“,2.</strong></span> <span class='ocrx_word' id='word_1_791' title='bbox 1040 5190 1122 5222; x_wconf 78' lang='lat'><strong>“‘</strong></span> <span class='ocrx_word' id='word_1_792' title='bbox 1148 5190 1338 5243; x_wconf 81' lang='lat' dir='ltr'><strong>Matth.</strong></span> <span class='ocrx_word' id='word_1_793' title='bbox 1367 5188 1542 5257; x_wconf 73' lang='grc' dir='ltr'><strong>ν,145.</strong></span> <span class='ocrx_word' id='word_1_794' title='bbox 1617 5189 1660 5219; x_wconf 83' lang='grc'><strong>⁸⁷</strong></span> <span class='ocrx_word' id='word_1_795' title='bbox 1704 5188 1833 5242; x_wconf 88' lang='lat' dir='ltr'><strong>Luc.</strong></span> <span class='ocrx_word' id='word_1_796' title='bbox 1874 5202 1945 5250; x_wconf 83' lang='lat' dir='ltr'><strong>tv,</strong></span> <span class='ocrx_word' id='word_1_797' title='bbox 2000 5183 2051 5239; x_wconf 78' lang='grc' dir='ltr'>ιε</span> 
     </span>
     <span class='ocr_line' id='line_1_108' title="bbox 532 5256 1112 5315; baseline -0.01 0"><span class='ocrx_word' id='word_1_798' title='bbox 532 5261 577 5293; x_wconf 79' lang='grc'><strong>⁷⁸</strong></span> <span class='ocrx_word' id='word_1_799' title='bbox 605 5260 759 5315; x_wconf 81' lang='lat' dir='ltr'><strong>Joan.</strong></span> <span class='ocrx_word' id='word_1_800' title='bbox 797 5274 909 5315; x_wconf 74' lang='lat' dir='ltr'><strong>xu.</strong></span> <span class='ocrx_word' id='word_1_801' title='bbox 938 5256 992 5315; x_wconf 86' lang='lat'><strong>6,</strong></span> <span class='ocrx_word' id='word_1_802' title='bbox 1024 5258 1112 5311; x_wconf 76' lang='grc'><strong>15.</strong></span> 
     </span>
    </p>
   </div>
   <div class='ocr_carea' id='block_1_108' title="bbox 2078 5173 3597 5315">
    <p class='ocr_par' dir='ltr' id='par_1_108' title="bbox 2078 5173 3597 5251">
     <span class='ocr_line' id='line_1_109' title="bbox 2078 5173 3597 5251; baseline -0.004 -15"><span class='ocrx_word' id='word_1_803' title='bbox 2078 5222 2087 5247; x_wconf 84' lang='grc'><strong>,</strong></span> <span class='ocrx_word' id='word_1_804' title='bbox 2143 5185 2223 5251; x_wconf 89' lang='lat' dir='ltr'><strong>l9,</strong></span> <span class='ocrx_word' id='word_1_805' title='bbox 2269 5181 2359 5235; x_wconf 74' lang='lat' dir='ltr'><strong>2L</strong></span> <span class='ocrx_word' id='word_1_806' title='bbox 2445 5179 2490 5211; x_wconf 83' lang='grc'>⁸⁸</span> <span class='ocrx_word' id='word_1_807' title='bbox 2523 5177 2865 5239; x_wconf 66' lang='grc' dir='ltr'>Μοιιιωιινι,</span> <span class='ocrx_word' id='word_1_808' title='bbox 2901 5175 2984 5228; x_wconf 74' lang='grc'><strong>15.</strong></span> <span class='ocrx_word' id='word_1_809' title='bbox 3061 5175 3105 5206; x_wconf 77' lang='grc'><strong>⁸⁸</strong></span> <span class='ocrx_word' id='word_1_810' title='bbox 3135 5173 3326 5229; x_wconf 81' lang='lat' dir='ltr'><strong>Matth.</strong></span> <span class='ocrx_word' id='word_1_811' title='bbox 3367 5192 3514 5242; x_wconf 76' lang='lat' dir='ltr'><strong>xxv,</strong></span> <span class='ocrx_word' id='word_1_812' title='bbox 3550 5180 3597 5234; x_wconf 71' lang='grc'><strong>44</strong></span> 
     </span>
    </p>
   </div>
   <div class='ocr_carea' id='block_1_109' title="bbox 636 5274 1112 5319">
    <p class='ocr_par' dir='ltr' id='par_1_109' title="bbox 636 5274 1112 5319">
     <span class='ocr_line' id='line_1_110' title="bbox 636 5274 1112 5319; baseline -0.008 -6"><span class='ocrx_word' id='word_1_813' title='bbox 636 5276 759 5313; x_wconf 67' lang='lat'><strong>038.</strong></span> <span class='ocrx_word' id='word_1_814' title='bbox 797 5274 909 5319; x_wconf 71' lang='lat' dir='ltr'><strong>XIX,</strong></span> <span class='ocrx_word' id='word_1_815' title='bbox 938 5274 992 5318; x_wconf 80' lang='grc' dir='ltr'>υ,</span> <span class='ocrx_word' id='word_1_816' title='bbox 1024 5274 1112 5311; x_wconf 71' lang='lat' dir='ltr'><strong>Ii).</strong></span> 
     </span>
    </p>
   </div>
   <div class='ocr_carea' id='block_1_110' title="bbox 606 5351 2125 5441">
    <p class='ocr_par' dir='ltr' id='par_1_110' title="bbox 606 5367 2050 5441">
     <span class='ocr_line' id='line_1_111' title="bbox 606 5367 2050 5441; baseline -0.002 -18"><span class='ocrx_word' id='word_1_817' title='bbox 606 5372 714 5440; x_wconf 74' lang='lat'><strong>(33)</strong></span> <span class='ocrx_word' id='word_1_818' title='bbox 774 5369 1364 5441; x_wconf 58' lang='grc' dir='ltr'>Ἐμπεριλαμρἁνεται.</span> <span class='ocrx_word' id='word_1_819' title='bbox 1383 5409 1395 5423; x_wconf 93' lang='grc'><strong>.</strong></span> <span class='ocrx_word' id='word_1_820' title='bbox 1416 5408 1429 5423; x_wconf 92' lang='grc'><strong>.</strong></span> <span class='ocrx_word' id='word_1_821' title='bbox 1447 5411 1461 5425; x_wconf 93' lang='grc'><strong>.</strong></span> <span class='ocrx_word' id='word_1_822' title='bbox 1511 5371 1757 5424; x_wconf 82' lang='grc' dir='ltr'>εὐωδίαν</span> <span class='ocrx_word' id='word_1_823' title='bbox 1809 5367 2050 5432; x_wconf 71' lang='grc' dir='ltr'>δεδυνη-</span> 
     </span>
    </p>
   </div>
   <div class='ocr_carea' id='block_1_111' title="bbox 2078 5351 3597 5441">
    <p class='ocr_par' dir='ltr' id='par_1_111' title="bbox 2194 5351 3597 5441">
     <span class='ocr_line' id='line_1_112' title="bbox 2194 5351 3597 5441; baseline -0.002 -31"><span class='ocrx_word' id='word_1_824' title='bbox 2194 5358 2338 5441; x_wconf 66' lang='lat'><strong>_(54)</strong></span> <span class='ocrx_word' id='word_1_825' title='bbox 2361 5358 2441 5441; x_wconf 38' lang='lat'><strong>“&#39;0</strong></span> <span class='ocrx_word' id='word_1_826' title='bbox 2464 5355 2582 5437; x_wconf 60' lang='grc' dir='ltr'><strong>τῶν</strong></span> <span class='ocrx_word' id='word_1_827' title='bbox 2594 5352 3034 5441; x_wconf 27' lang='grc' dir='ltr'>μαθητῷνηείιιὶ..</span> <span class='ocrx_word' id='word_1_828' title='bbox 3053 5351 3214 5433; x_wconf 81' lang='lat' dir='ltr'><strong>Deest</strong></span> <span class='ocrx_word' id='word_1_829' title='bbox 3250 5356 3597 5441; x_wconf 49' lang='lat' dir='ltr'><strong>apudhlgue!</strong></span> 
     </span>
    </p>
   </div>
   <div class='ocr_carea' id='block_1_112' title="bbox 531 5421 2050 5510">
    <p class='ocr_par' dir='ltr' id='par_1_112' title="bbox 531 5421 2050 5510">
     <span class='ocr_line' id='line_1_113' title="bbox 531 5421 2050 5510; baseline -0.005 -16"><span class='ocrx_word' id='word_1_830' title='bbox 531 5421 735 5510; x_wconf 57' lang='grc' dir='ltr'><strong>μέὶοᾘξ.</strong></span> <span class='ocrx_word' id='word_1_831' title='bbox 784 5421 881 5493; x_wconf 61' lang='lat' dir='ltr'><strong>iis</strong></span> <span class='ocrx_word' id='word_1_832' title='bbox 897 5421 1050 5492; x_wconf 68' lang='lat' dir='ltr'><strong>codd.</strong></span> <span class='ocrx_word' id='word_1_833' title='bbox 1071 5421 1090 5437; x_wconf 78' lang='grc'><strong><em>⁸</em></strong></span> <span class='ocrx_word' id='word_1_834' title='bbox 1111 5421 1427 5510; x_wconf 45' lang='lat' dir='ltr'><strong>saansaan</strong></span> <span class='ocrx_word' id='word_1_835' title='bbox 1447 5421 1532 5493; x_wconf 70' lang='grc' dir='ltr'>ἐἰ</span> <span class='ocrx_word' id='word_1_836' title='bbox 1551 5421 1889 5510; x_wconf 45' lang='lat' dir='ltr'><strong>parisinus</strong></span> <span class='ocrx_word' id='word_1_837' title='bbox 1927 5421 2050 5510; x_wconf 60' lang='lat' dir='ltr'><strong>sup-</strong></span> 
     </span>
    </p>
   </div>
   <div class='ocr_carea' id='block_1_113' title="bbox 2078 5421 3597 5510">
    <p class='ocr_par' dir='ltr' id='par_1_113' title="bbox 2153 5421 3597 5510">
     <span class='ocr_line' id='line_1_114' title="bbox 2153 5421 3597 5510; baseline -0.005 -29"><span class='ocrx_word' id='word_1_838' title='bbox 2153 5421 2265 5510; x_wconf 66' lang='grc' dir='ltr'><strong>τῶν</strong></span> <span class='ocrx_word' id='word_1_839' title='bbox 2285 5421 2554 5506; x_wconf 76' lang='grc' dir='ltr'>μαθητῶν,</span> <span class='ocrx_word' id='word_1_840' title='bbox 2581 5421 2673 5510; x_wconf 60' lang='grc' dir='ltr'><strong>εἷοά</strong></span> <span class='ocrx_word' id='word_1_841' title='bbox 2694 5421 2961 5510; x_wconf 48' lang='grc' dir='ltr'>εκειειῃξιιί</span> <span class='ocrx_word' id='word_1_842' title='bbox 2990 5421 3532 5510; x_wconf 51' lang='lat' dir='ltr'><strong>marginemcpdic-is</strong></span> <span class='ocrx_word' id='word_1_843' title='bbox 3582 5433 3597 5486; x_wconf 79' lang='grc' dir='ltr'><strong>ι</strong></span> 
     </span>
    </p>
   </div>
   <div class='ocr_carea' id='block_1_114' title="bbox 537 5488 3598 5577">
    <p class='ocr_par' dir='ltr' id='par_1_114' title="bbox 537 5488 3598 5577">
     <span class='ocr_line' id='line_1_115' title="bbox 537 5488 3598 5577; baseline -0.001 -16"><span class='ocrx_word' id='word_1_844' title='bbox 537 5488 1135 5577; x_wconf 54' lang='grc' dir='ltr'><strong>βῖέηῑιιοίιῐαιῆυε</strong></span> <span class='ocrx_word' id='word_1_845' title='bbox 1164 5488 1527 5561; x_wconf 53' lang='lat' dir='ltr'><strong>nsi-(san;</strong></span> <span class='ocrx_word' id='word_1_846' title='bbox 1550 5488 2052 5571; x_wconf 57' lang='grc' dir='ltr'><strong>ιῑιίειῑεῑέιξεδηειςί-</strong></span> <span class='ocrx_word' id='word_1_847' title='bbox 2156 5488 2347 5577; x_wconf 61' lang='grc' dir='ltr'>ὺετῇιῖξε</span> <span class='ocrx_word' id='word_1_848' title='bbox 2379 5488 2832 5577; x_wconf 57' lang='grc' dir='ltr'><strong>«ιῑιςιξιεμαιηριειξεξε</strong></span> <span class='ocrx_word' id='word_1_849' title='bbox 2845 5488 3207 5577; x_wconf 57' lang='grc' dir='ltr'><strong>,Ξθξςῆςξίξεξ</strong></span> <span class='ocrx_word' id='word_1_850' title='bbox 3238 5490 3488 5552; x_wconf 63' lang='lat' dir='ltr'><strong>various</strong></span> <span class='ocrx_word' id='word_1_851' title='bbox 3546 5503 3598 5557; x_wconf 84' lang='lat' dir='ltr'><strong>in</strong></span> 
     </span>
    </p>
   </div>
   <div class='ocr_carea' id='block_1_115' title="bbox 531 5558 3229 5635">
    <p class='ocr_par' dir='ltr' id='par_1_115' title="bbox 531 5558 3229 5635">
     <span class='ocr_line' id='line_1_116' title="bbox 531 5558 3229 5635; baseline -0.008 -3"><span class='ocrx_word' id='word_1_852' title='bbox 531 5558 941 5633; x_wconf 52' lang='lat' dir='ltr'><strong>£iiiii&#39;.”&quot;&quot;&quot;&quot;</strong></span> <span class='ocrx_word' id='word_1_853' title='bbox 1006 5558 1029 5576; x_wconf 64' lang='grc'><strong><em>³</em></strong></span> <span class='ocrx_word' id='word_1_854' title='bbox 1551 5558 1807 5562; x_wconf 40' lang='lat' dir='ltr'><strong>“Mm”</strong></span> <span class='ocrx_word' id='word_1_855' title='bbox 1850 5558 1893 5561; x_wconf 57' lang='grc'><strong>’⁷</strong></span> <span class='ocrx_word' id='word_1_856' title='bbox 1956 5558 1989 5571; x_wconf 10' lang='grc' dir='ltr'><strong>γ’</strong></span> <span class='ocrx_word' id='word_1_857' title='bbox 2158 5558 2475 5635; x_wconf 76' lang='grc' dir='ltr'>ριέιιιιίο“οι</span> <span class='ocrx_word' id='word_1_858' title='bbox 2504 5563 2616 5632; x_wconf 86' lang='lat' dir='ltr'><strong>ipsa</strong></span> <span class='ocrx_word' id='word_1_859' title='bbox 2652 5559 2915 5615; x_wconf 85' lang='lat' dir='ltr'><strong>sententia</strong></span> <span class='ocrx_word' id='word_1_860' title='bbox 2941 5558 3229 5627; x_wconf 87' lang='lat' dir='ltr'><strong>postulant.</strong></span> 
     </span>
    </p>
   </div>
  </div>
