3848 6224
318 370 370 424 i5
1379 362 1724 420 COMMENT.
1762 362 1829 417 IN
1860 363 2044 420 JOAN.
2088 363 2319 418 TOMUS
2359 366 2398 417 Ι.
3408 367 3475 420 46

318 476 530 532 διώκοντα
562 462 776 517 Σαῦλον
799 483 816 497 ⁶
865 475 1102 536 Σαοὺλ.
1141 475 1352 538 Σαοὺλ,
1392 478 1449 529 τί
1481 494 1556 546 με
1603 477 1858 543 dirimere;

1973 477 2117 540 ierit,
2148 477 2191 530 is
2228 484 2503 544 reputetur
2526 474 2703 529 Jesum
2732 475 3043 544 prodidisse.
3077 477 3209 532 llinc
3245 478 3310 531 ad
3337 478 3477 532 Pan-

323 566 422 618 καί·
476 554 603 627 Ἐγώ
646 555 777 623 ειμι
850 561 1117 629 Ἰησοῦς,
1170 564 1241 616 ὃν
1288 564 1367 617 σὺ
1412 550 1651 632 διώκεις.
1704 568 1855 630 Τινὲς

1977 582 2062 619 um
2099 566 2271 619 adhuc
2299 552 2796 632 se‘persequentem
2838 566 3003 636 [dicit
3036 567 3189 621 .lesus
3227 589 3238 623 :
3269 567 3286 639 ]
3326 567 3473 631 Saul,

327 657 373 708 δὲ
399 654 495 724 (55)
515 651 600 709 τὰς
634 646 907 714 ἀκάνθας
943 652 1179 722 ἔχουσιν,
1208 649 1294 717 αἷς
1311 653 1399 707 τὸν
1439 656 1637 724 Ἰησοῦν
1674 658 1857 726 ἀτιμά-

1956 653 2124 715 Saul,
2176 669 2268 705 cur
2310 670 2389 707 me
2424 655 2735 722 persequeris
2761 655 2855 708 7‘?
2893 655 2959 709 Et
2992 656 3115 709 illud
3162 675 3174 709 :
3213 656 3319 725 Ego
3362 675 3475 711 sum

330 749 481 812 ζοντες
508 737 889 809 στεφανοῦσιν,
935 744 987 796 οἳ
1038 745 1141 797 ὑπὸ
1179 744 1449 815 μεριμνῶν
1498 747 1591 799 καὶ
1631 748 1854 799 πλούτου

1973 744 2106 797 Vesus
2135 743 2508 815 [Nazarenus,]
2531 760 2679 806 quem
2708 753 2763 796 tu
2792 745 3104 814 persequeris
3125 746 3190 795 τ’.
3221 744 3317 809 Qui
3347 762 3476 800 vero

328 838 405 890 καί
436 832 612 905 ἡδονῶν
642 828 739 881 τοῦ
787 831 918 901 βίου
970 834 1387 904 συμπνιγόμενοι
1431 835 1564 904 (56),
1609 835 1858 899 λαῦόντες

329 928 404 980 τὸν
437 925 578 992 λόγον
622 920 715 974 τοῦ
766 922 918 975 Θεοῦ
970 925 1033 977 οὐ
1082 925 1483 994 τελεσφοροῦσι,
1522 926 1714 995 Διόπερ
1762 944 1858 993 φυ-

328 1012 523 1067 λακτέον
562 1011 767 1081 μήποτε
803 1010 911 1063 καὶ
948 1013 1110 1080 ἡμεῖς
1140 1011 1214 1073 ὡς
1251 1015 1369 1073 ταῖς
1402 1012 1553 1074 ἰδίαις
1602 1012 1857 1075 ἀκάνθαις

332 1098 683 1168 στεφανοῦντες
714 1096 812 1149 τὸν
873 1098 1083 1167 Ἰησοῦν
1136 1098 1582 1168 ἀναγραφόμενοι,
1636 1100 1856 1153 τοιοῦτοι

328 1185 805 1257 ἀναγινωπιῦμεθα
850 1186 1007 1257 παρά
1051 1189 1162 1249 τοῖς
1191 1187 1278 1239 τὸν
1315 1189 1371 1241 ὲν
1402 1189 1551 1251 πᾶσι,
1593 1189 1681 1240 καὶ
1712 1188 1859 1258 παρὰ

329 1282 445 1333 πᾶσι
477 1278 710 1345 λογικοῖς
736 1278 772 1348 ἢ
814 1277 993 1345 ἁγίοις
1044 1276 1245 1345 Ἰησοῦν
1284 1277 1620 1346 μανθάνουσι,
1654 1278 1760 1329 τίνι
1800 1293 1855 1329 τε

327 1370 492 1440 τρόπῳ
532 1368 643 1437 (57)
692 1367 851 1438 μύρῳ
902 1366 1198 1435 ἀλείφεται,
1244 1368 1335 1419 καὶ
1375 1367 1716 1430 δειπνίζεται,
1765 1367 1858 1420 καὶ

326 1460 606 1523 δοξάζεται,
638 1458 673 1529 ἦ
705 1459 771 1510 ἐκ
792 1457 902 1510 τῶν
925 1457 1178 1510 ἐναντίων
1201 1456 1536 1526 ἀτιμάζεται,
1559 1459 1651 1509 καί
1675 1459 1861 1527 ἐμπαί·

328 1550 482 1615 ζεται,
514 1551 608 1603 καὶ
632 1550 919 1602 τύπτεται.
959 1548 1288 1615 Ἀναγκαίως
1313 1547 1369 1599 δὲ
1392 1546 1541 1599 ταῦθ’
1564 1548 1690 1616 ἡμῖν
1714 1546 1861 1617 εἰρη-

325 1658 403 1693 ται
453 1639 791 1692 δεικνύουσιν
840 1638 916 1700 ὡς
956 1636 1154 1705 ἀγαθαὶ
1192 1636 1345 1706 ἡμῶν
1389 1636 1629 1704 πράξεις,
1672 1637 1764 1689 καὶ
1804 1638 1857 1689 αἱ

327 1729 577 1800 ἁμαρτίαι
606 1727 718 1780 τῶν
753 1726 1049 1779 πταιόντων
1080 1726 1155 1794 τῷ
1188 1725 1498 1795 Εὐαγγελίῳ
1530 1726 1860 1793 ἐγκατατάσ-

1955 835 2134 902 spinas
2190 836 2407 897 habent,
2447 835 2640 903 quibus
2689 843 2921 902 spretum
2965 834 3144 887 Jesum
3200 845 3475 898 coronent,

1957 924 2060 977 nisi
2089 924 2141 977 hi
2170 926 2258 992 qui
2289 925 2596 977 divitiarum
2629 924 3072 979 sollicitudinibus
3109 941 3169 980 ac
3201 929 3476 993 praesentis

1956 1013 2078 1066 vitae
2106 1013 2463 1079 voluptatibus
2511 1011 2771 1076 sull'ocati,
2816 1031 2882 1069 ex
2928 1026 3141 1084 accepto
3188 1015 3279 1069 Dei
3314 1017 3478 1069 verbo

1957 1100 2162 1154 nullum
2211 1100 2447 1154 referunt
2479 1099 2705 1154 fructum
2728 1102 2753 1154 ἰ
2780 1102 3010 1158 Proinde
3053 1107 3346 1159 cavendum
3394 1117 3479 1160 est

1957 1189 2109 1243 nobis
2153 1204 2218 1242 ne
2262 1191 2475 1258 quando
2513 1190 2564 1243 in
2611 1205 2793 1243 eorum
2850 1208 3123 1248 numerum
3183 1195 3380 1250 redacti
3415 1213 3478 1251 ac

1961 1278 2212 1347 descripti
2265 1278 2354 1346 qui
2404 1277 2584 1332 Iesum
2637 1280 2747 1333 suis
2793 1292 3047 1336 coronant
3090 1285 3274 1352 spinis,
3324 1288 3479 1355 hujus

1957 1367 2166 1435 generis
2216 1366 2456 1421 homines
2499 1381 2616 1420 esse
2657 1367 2893 1435 legamur
2932 1373 2998 1424 ab
3034 1373 3097 1425 iis
3139 1375 3229 1440 qui
3272 1376 3477 1429 discunt

1958 1471 2062 1524 quo
2087 1466 2241 1522 pacto
2260 1457 2434 1521 Jesus,
2465 1460 2555 1526 qui
2580 1460 2630 1513 in
2650 1461 2894 1515 omnibus
2923 1471 2978 1514 et
3004 1477 3163 1530 penes
3180 1479 3362 1517 omnes
3389 1480 3477 1517 ra-

1959 1546 2117 1601 tionis
2162 1556 2430 1617 compotes
2465 1557 2517 1603 et
2562 1561 2777 1612 sanctos
2811 1562 3192 1617 commoratur,
3236 1562 3347 1606 tum
3382 1571 3479 1607 un-
3536 1581 3543 1588 -

1958 1645 2152 1701 guento
2179 1647 2426 1706 ungatur,
2462 1648 2570 1695 tum
2590 1642 2836 1697 convivio
2858 1644 3178 1711 excipiatur,
3209 1659 3272 1698 ac
3292 1645 3481 1698 deinde

1958 1723 2289 1791 glorificetur
2316 1737 2425 1782 tum
2456 1741 2641 1786 contra
2672 1742 2970 1801 spernatur,
3002 1734 3395 1801 irrideaturque
3419 1748 3483 1786 ac

326 1835 515 1879 σονται,
545 1818 666 1888 ἢτοι
697 1817 779 1879 είς
809 1814 952 1885 ζωὴν
995 1813 1226 1876 αἰώνιον,
1254 1813 1286 1883 ἢ
1315 1815 1394 1876 εἰς
1425 1813 1735 1883 ὀνειδισμὸν,
1768 1814 1860 1867 καὶ

1973 1814 2188 1882 vapulet.
2216 1814 2525 1874 Necessario
2556 1830 2734 1875 autem
2768 1823 2880 1875 haec
2926 1836 2953 1873 a
3001 1822 3154 1875 nobis
3189 1822 3327 1875 dicta
3358 1832 3482 1876 sunt

324 1909 394 1971 εἰς
416 1906 677 1977 αἰσχύνην
704 1903 939 1957 αἰώνιον.

1967 1903 2452 1963 demonstrantibus
2480 1924 2665 1965 omnes
2692 1913 2931 1966 actiones
2956 1921 3168 1966 nostras
3205 1912 3394 1974 bonas,
3428 1922 3483 1964 et
3523 1950 3532 1961 .

324 2006 529 2064 peccata
564 1993 995 2056 delinquentium
1037 2007 1131 2061 per
1174 1991 1412 2046 ordinem
1457 1991 1508 2044 in
1556 1991 1843 2060 Evangelio
1877 2005 1997 2046 esse
2044 1996 2242 2061 posita,
2287 2004 2378 2049 aut
2413 1999 2478 2053 ad
2525 2000 2687 2054 vitam
2738 2011 3008 2065 aeternam,
3042 2011 3133 2053 aut
3178 2001 3242 2053 ad
3289 2016 3481 2070 oppro-

322 2091 487 2144 brium
522 2100 579 2144 et
605 2089 988 2144 confusionem
1015 2087 1416 2154 sempiternam.

386 2181 471 2235 13.
506 2181 571 2232 Εἰ
604 2179 661 2231 δὲ
698 2179 757 2231 ὲν
782 2176 1085 2248 ἀνθρώποις
1114 2177 1249 2229 εἰσιν
1290 2177 1339 2229 οἰ
1375 2176 1717 2245 τετιμημένοι
1759 2175 1864 2228 δια-

322 2270 468 2340 κονίᾳ
515 2271 581 2339 τῇ
631 2267 742 2320 τῶν
787 2265 1210 2335 εὐαγγελιστῶν,
1257 2265 1350 2316 καὶ
1397 2264 1553 2326 αὐτὸς
1594 2264 1622 2314 ὁ
1666 2263 1864 2333 Ἰησοῦς

322 2358 719 2426 εὐαγγελίζεται
765 2356 964 2424 ἀγαθὰ,
1018 2356 1109 2408 καὶ
1163 2357 1393 2424 πτωχοῖς
1445 2354 1861 2422 εὐαγγελίζεται,

323 2449 417 2500 οὐκ
444 2447 551 2500 ἔδει
572 2448 698 2509 τοὺς
732 2445 1125 2515 πεποιημένους
1164 2445 1265 2497 ὑπὸ
1296 2443 1388 2496 τοῦ
1425 2443 1555 2496 Θεοῦ
1592 2443 1867 2513 πνεύματα

323 2537 601 2605 ἀγγέλους,
636 2537 728 2588 καὶ
758 2536 882 2597 τοὺς
927 2535 1085 2596 ὄντας
1123 2534 1289 2603 πυρὸς
1322 2532 1493 2601 φλόγα
1527 2532 1865 2602 λειτουργοὺς

326 2623 408 2677 τοῦ
451 2624 557 2677 τῶν
601 2623 735 2676 ὅλων
782 2621 1015 2692 Πατρὸς,
1054 2620 1367 2690 ἐστερῆσθαι
1406 2618 1496 2672 τοῦ
1541 2620 1632 2672 καὶ
1677 2620 1866 2680 αὐτοὺς

328 2710 456 2768 εἶναι
486 2712 891 2781 εὐαγγελιστάς.
927 2712 1027 2763 Διά
1051 2710 1203 2763 τοῦτο
1241 2711 1333 2763 καὶ
1364 2709 1606 2777 ἄγγελος,
1646 2708 1865 2770 ἐπιστὰς

326 2807 430 2868 τοῖς
468 2803 689 2873 ποιμέσι
723 2801 876 2871 φησὶ,
912 2800 1067 2863 δόξαν
1106 2800 1332 2868 ποιήσας
1379 2799 1733 2869 περιλάμπειν
1770 2798 1865 2850 αὐ-

327 2894 461 2957 τούς·
495 2893 593 2960 Μὴ
622 2891 923 2961 φοϐεῖσθε,
958 2889 1087 2942 ἰδοὺ
1116 2889 1226 2958 γὰρ
1264 2887 1693 2957 εὐαγγελίζομαι
1728 2887 1868 2955 ὑμῖν

331 2983 513 3052 χαρὰν
549 2979 847 3051 μεγάλην,
900 2977 1033 3043 ἣτις
1069 2976 1239 3029 ἔσται
1277 2976 1452 3028 παντὶ
1483 2972 1561 3040 τῷ
1594 2975 1737 3040 λαῷ,
1780 2975 1867 3028 ὅτι

330 3073 530 3140 ἐτέχθη
582 3070 729 3138 ὑμῖν
767 3066 1033 3135 σήμερον
1077 3064 1297 3131 Σωτὴρ,
1339 3065 1404 3129 ὅς
1443 3064 1570 3117 ἐστι
1619 3063 1867 3131 Χριστὸς

334 3165 533 3231 Κύριος
553 3163 623 3215 ὲν
647 3162 819 3214 πόλει
854 3158 1060 3211 Δαυΐδ·
1094 3157 1183 3209 ὅτε
1208 3155 1299 3208 καὶ
1330 3154 1548 3224 μηδέπω
1575 3153 1867 3223 ἀνθρώπων

334 3254 607 3307 συνιέντων
638 3248 813 3304 τὸτοῦ
851 3246 1178 3315 Εὐαγγελίου
1216 3245 1504 3314 μυστήριον
1543 3245 1591 3295 οἱ
1633 3242 1868 3312 κρείττο-

333 3360 414 3407 νες
464 3343 571 3412 (58)
639 3340 850 3405 αὐτῶν,
913 3337 1136 3409 οὐρανὸς
1210 3334 1558 3402 τυγχάνοντες
1622 3331 1868 3400 στρατεία

2031 2176 2116 2231 15.
2151 2175 2258 2231 Nec
2296 2177 2339 2230 si
2388 2177 2530 2230 inter
2577 2177 2817 2231 homines
2857 2178 3016 2245 aliqui
3057 2178 3163 2231 sint
3214 2177 3480 2244 evangeli-

1962 2277 2161 2321 starum
2216 2267 2508 2319 ministerio
2555 2267 2833 2329 honorati,
2880 2267 3099 2335 ipseque
3149 2265 3307 2321 Iesus
3346 2269 3481 2320 bona

1961 2358 2304 2426 evangelizet,
2349 2365 2507 2424 atque
2551 2357 2709 2408 etiam
2760 2357 3078 2425 pauperibus
3132 2356 3479 2425 evangelizet,

1963 2448 2162 2503 idcirco
2215 2445 2450 2514 oportuit
2487 2444 2701 2513 angelos
2745 2444 2913 2498 factos
2979 2459 3007 2496 a
3071 2445 3179 2498 Deo
3241 2445 3480 2513 spiritus,

1961 2542 2275 2592 exsistentes
2297 2535 2435 2605 ignis
2457 2533 2741 2597 ﬂammam,
2781 2544 2834 2587 et
2866 2535 3139 2589 ministros
3176 2535 3275 2605 15
3307 2535 3482 2590 Patris

1962 2627 2357 2687 universorum,
2388 2624 2490 2677 hac
2518 2623 2670 2677 laude
2696 2623 2917 2693 privari,
2951 2633 3004 2676 ul
3036 2633 3089 2677 et
3118 2625 3215 2693 ipsi
3245 2641 3346 2678 non
3377 2627 3478 2679 sint

1963 2715 2319 2785 evangelista.
2368 2714 2517 2766 llanc
2560 2713 2628 2765 ob
2662 2726 2898 2775 causam,
2951 2726 3130 2764 coram
3180 2714 3483 2781 pastoribus

1965 2807 2186 2877 angelus
2227 2821 2345 2859 cum
2391 2805 2647 2868 stetisset,
2692 2815 2889 2867 eosque
2932 2800 3100 2868 gloria
3131 2803 3483 2868 undeqnaqtte

1965 2897 2280 2951 illustrasset
2309 2913 2321 2948 :
2352 2892 2429 2946 Ne
2458 2891 2768 2955 terreamini,
2799 2891 2988 2959 inquit,
3027 2906 3139 2943 ecce
3167 2893 3296 2943 enim
3327 2906 3482 2942 evan-

1964 2985 2124 3055 gelizo
2148 2985 2286 3038 vobis
2316 2982 2559 3051 gaudium
2592 2996 2854 3049 magnum,
2899 2981 3034 3047 quod
3075 2981 3171 3032 erit
3213 2979 3351 3030 omni
3395 2994 3486 3045 po-

1963 3075 2085 3143 pulo
2118 3088 2137 3126 :
2170 3075 2409 3143 quoniam
2455 3080 2606 3123 natus
2643 3078 2715 3123 est
2745 3069 2882 3122 vobis
2910 3069 3059 3120 hodie
3098 3067 3358 3130 Servator,
3398 3068 3485 3133 qui

1966 3175 2039 3219 est
2064 3164 2297 3217 Christus
2318 3160 2588 3221 Dominus,
2627 3159 2681 3211 in
2714 3158 2916 3210 civitate
2959 3156 3126 3209 David
3149 3156 3215 3215 ⁷³;
3242 3155 3484 3221 quando,

1967 3253 2197 3308 nondum
2249 3247 2662 3317 intelligentibus
2712 3245 3013 3299 hominibus
3058 3244 3325 3312 Evangelii
3374 3258 3486 3312 my-

1967 3339 2344 3407 steriumﬁpsis
2386 3337 2782 3406 praastantiores
2808 3332 3041 3388 cmlestis
3066 3332 3334 3386 exercitus
3367 3330 3484 3390 Dei,

334 3432 457 3488 Θεοῦ
506 3435 637 3503 (59),
698 3429 972 3490 αἰνοῦντες
1009 3427 1099 3479 τὸν
1152 3424 1282 3476 θεὸν
1324 3422 1555 3489 λέγουσι·
1602 3420 1753 3483 Δόξα
1805 3419 1867 3472 ἐν

1973 3429 2219 3484 laudibus
2251 3428 2410 3480 Deum
2445 3426 2703 3478 vehentes
2732 3423 2911 3476 dicant
2947 3438 2961 3474 :
2994 3420 3172 3475 Gloria
3203 3420 3260 3473 in
3297 3420 3488 3472 altissi‘

334 3526 605 3593 ὑψίστοις
629 3522 767 3587 Θεῷ,
797 3521 896 3574 καί
936 3520 1034 3572 ἐπὶ
1064 3517 1181 3585 τῆς
1212 3515 1435 3583 εἰρήνη,
1459 3515 1526 3566 ἐν
1554 3511 1871 3578 ἀνθρώποις

333 3612 584 3666 εὐδοκία.
625 3610 731 3663 Καὶ
772 3607 948 3661 ταῦτα
978 3605 1219 3665 εἰπόντες
1250 3602 1570 3671 ἀπέρχονται
1615 3600 1722 3652 ἀπὸ
1766 3600 1870 3651 τῶν

334 3699 595 3768 ποιμένων
634 3699 714 3758 εἰς
752 3696 843 3748 τὸν
881 3691 1109 3762 οὐρανὸν
1143 3691 1191 3741 οἰ
1227 3689 1458 3756 ἄγγελοι,
1495 3685 1873 3747 καταλιπόντες

336 3790 458 3858 ἡμῖν
484 3791 641 3849 νοεῖν,
672 3785 789 3847 πῶς
817 3786 851 3853 ἡ
879 3778 1321 3849 εὐαγγελισθεῖσα
1350 3780 1480 3847 ἡμῖν
1508 3775 1593 3827 διὰ
1610 3776 1705 3840 τῆς
1726 3774 1875 3841 γενέ-

338 3897 462 3942 σεως
488 3877 722 3950 Χριστοῦ
775 3873 952 3945 Ἰησοῦ
992 3869 1156 3942 χαρὰ,
1203 3869 1326 3934 δόξα
1350 3868 1495 3920 ἐστὶν
1543 3868 1600 3918 ἐν
1637 3865 1873 3933 ὑψίστοις

336 3972 473 4041 Θεῷο
500 3971 605 4023 τῶν
648 3964 1091 4022 ταπεινωθέντων
1139 3962 1218 4023 εἰς
1278 3958 1403 4029 χοῦν
1453 3953 1874 4026 ἐπιστρεφόντων

337 4062 410 4122 εἰς
435 4060 526 4131 τὴν
552 4060 859 4112 ἀνάπαυσιν
901 4051 1098 4110 αὐτῶν.
1133 4049 1226 4101 καὶ
1271 4049 1328 4101 ὲν
1366 4045 1601 4115 ὑψίστοις
1629 4044 1717 4095 διὰ
1746 4043 1875 4111 Χρι-

340 4152 454 4203 στοῦ
486 4149 788 4221 μελλόντων
827 4140 1069 4206 δοξάζειν
1105 4139 1196 4191 τὸν
1223 4137 1372 4189 Θεόν.
1429 4134 1585 4186 Ἀλλὰ
1617 4135 1708 4186 καὶ
1746 4132 1872 4184 θαυ-

342 4244 585 4311 μάξουσιν
621 4241 672 4292 οἱ
707 4235 930 4304 ἄγγελοι
969 4231 1065 4301 τὴν
1100 4229 1191 4282 ἐπὶ
1226 4228 1325 4296 γῆς
1352 4223 1610 4293 ἐσομένην
1645 4222 1730 4275 διὰ
1771 4223 1874 4311 Ἰη-

343 4310 455 4384 σοῦν
484 4330 729 4401 εἰρήνην,
763 4322 860 4377 τοῦ
895 4316 1187 4389 πολεμικοῦ
1225 4314 1440 4386 χωρίου,
1465 4315 1542 4376 εἰς
1577 4313 1606 4364 δ
1636 4310 1876 4364 ἐκπεσὼν

342 4425 397 4474 ὲκ
418 4421 507 4474 τοῦ
539 4400 774 4491 οὐρανοῦ
839 4412 870 4463 ὁ
891 4404 1392 4478 Ἑωσφόροςόπρωῒ
1424 4401 1739 4465 ἀνατέλλων,
1774 4400 1877 4453 ὑπὸ

351 4510 509 4581 Ἰησοῦ
538 4505 888 4577 συντρίϐεται
923 4499 1055 4570 (60).

402 4601 486 4653 14.
523 4599 675 4669 Πρὸς
699 4597 815 4655 τοῖς
850 4589 1158 4662 εἰρημένοις
1182 4587 1273 4640 καὶ
1299 4582 1454 4638 τοῦτο
1484 4582 1607 4652 περὶ
1635 4581 1875 4669 Εὐαγγε-

344 4691 445 4744 ιίου
475 4689 667 4752 ἰστέον,
703 4687 790 4739 ὅτι
826 4681 1039 4751 πρῶτον
1072 4677 1169 4747 τῆς
1214 4673 1446 4743 κεφαλῆς
1487 4670 1576 4723 τοῦ
1615 4668 1731 4722 ὅλου
1771 4668 1875 4719 τῶν

342 4780 648 4850 σωζομένων
692 4774 947 4843 σώματος
987 4764 1221 4838 Χριστοῦ
1264 4761 1433 4832 Ἰησοῦ
1467 4762 1577 4812 ἐστι
1607 4757 1664 4811 τὸ
1703 4757 1876 4824 Εὐαγ-

1968 3519 2066 3573 mis
2107 3517 2235 3580 Deo,
2283 3527 2327 3570 et
2370 3517 2424 3569 in
2463 3524 2599 3567 terra
2630 3528 2732 3582 pax
2764 3532 2784 3575 ,-
2823 3512 2878 3564 in
2912 3510 3204 3563 hominibus
3236 3510 3367 3561 bona
3405 3524 3489 3562 ισο·

1968 3607 2141 3658 luntas
2165 3606 2229 3667 ⁷³,
2255 3603 2444 3670 hisque
2491 3601 2647 3655 dictis
2693 3598 2998 3668 pastoribus
3047 3597 3098 3650 in
3143 3596 3337 3650 cmlum
3371 3611 3489 3650 sese
3582 3657 3585 3659 ἓ

1970 3696 2230 3763 recipiunt
2260 3693 2456 3761 angeli,
2488 3691 2641 3745 nobis
2665 3688 3105 3743 considerandum
3134 3686 3489 3756 relinquentes

1969 3783 2231 3853 quomodo
2263 3780 2632 3834 annuntiatum
2674 3779 2827 3832 nobis
2860 3791 2926 3830 ex
2958 3785 3078 3830 ortu
3126 3775 3324 3829 Christi
3364 3773 3487 3827 Jesu

1970 3871 2239 3940 gaudium.
2286 3869 2453 3938 gloria
2498 3868 2660 3921 etiam
2691 3874 2776 3918 est
2818 3865 2872 3917 in
2907 3862 3181 3916 altissimis
3225 3862 3369 3924 Deo;
3405 3875 3490 3914 re-

1970 3959 2302 4014 vertentibus
2330 3958 2381 4011 in
2414 3957 2649 4024 requiem
2673 3968 2844 4018 suam,
2864 3962 2919 4005 et
2946 3952 2999 4005 in
3022 3950 3296 4003 altissimis
3326 3949 3488 4003 Deum

1972 4048 2351 4119 gloriﬁcaturis
2380 4062 2477 4116 per
2501 4046 2770 4100 Christum
2795 4045 2860 4096 iis
2879 4041 2966 4110 qui
2988 4039 3249 4094 humiliati
3280 4038 3493 4092 fuerant

1973 4138 2026 4191 in
2081 4138 2373 4206 pulverem.
2419 4132 2681 4186 Mirantur
2730 4130 2894 4184 etiam
2943 4126 3120 4198 angeli
3168 4142 3348 4195 pacem
3397 4141 3493 4194 per

1971 4227 2152 4282 Jesutn
2178 4224 2408 4278 futuram
2442 4223 2493 4275 in
2525 4231 2689 4283 terra,
2718 4233 2834 4285 quae
2862 4218 3008 4270 locus
3042 4226 3124 4269 est
3163 4217 3317 4269 bellis
3354 4215 3493 4268 infe-

1973 4326 2107 4376 stus,
2142 4313 2193 4366 in
2217 4327 2373 4380 quem
2402 4309 2651 4378 delapsus
2679 4322 2709 4362 e
2727 4306 2861 4361 cmlo
2884 4305 3098 4360 Lucifer
3127 4303 3212 4358 ille
3228 4305 3318 4373 qui
3341 4317 3494 4356 mane

1973 4406 2245 4459 oriebatur
2266 4403 2334 4467 ",
2372 4416 2402 4454 a
2435 4399 2561 4455 Jesu
2593 4406 2675 4452 est
2704 4397 3079 4451 conterendus.

2047 4577 2132 4630 Η.
2172 4573 2249 4628 Ad
2293 4573 2404 4626 haec
2447 4578 2504 4624 et
2540 4568 2665 4622 illud
2711 4568 2774 4621 de
2804 4565 3095 4635 Evangelia
3137 4565 3367 4617 sciamus
3399 4576 3492 4614 ne-

1979 4678 2126 4716 cesse
2156 4668 2261 4724 est,
2290 4658 2637 4728 Evangelium
2685 4656 2736 4708 in
2768 4655 2953 4723 primis
2984 4669 3101 4708 esse
3132 4652 3251 4706 Jesu
3279 4653 3495 4709 Christi.

1980 4754 2067 4822 qui
2101 4760 2184 4806 est
2214 4758 2372 4817 caput
2402 4749 2564 4801 totius
2594 4746 2835 4814 corporis
2864 4759 3043 4796 eorum
3076 4742 3164 4811 qui
3194 4751 3494 4797 servantur,

553 4829 818 4936 φησίν
845 4863 876 4914 ὁ
898 4829 1155 4929 adripi-cor
1188 4829 1367 4922 Ἀρχῆ
1392 4850 1494 4904 τοῦ
1525 4846 1867 4939 Εὐαγγελίοι

1979 4846 2188 4897 dicente
2216 4840 2394 4894 Marco
2435 4856 2450 4892 :
2488 4836 2701 4890 Initium
2735 4834 3001 4903 Evangelii
3046 4832 3173 4884 Jesu
3199 4829 3390 4882 Christi
3413 4829 3486 4882 7‘:

342 4937 586 5030 Χριστοῦ
652 4952 851 5022 Ἰησοῦ
871 4968 887 4981 ·
928 4948 1031 5018 ήδη
1059 4944 1119 4996 δὲ
1154 4943 1246 4994 καὶ
1274 4941 1378 4993 τῶν
1419 4937 1719 4992 ἀποστόλων
1759 4952 1885 5003 τυγ-

1984 4932 2172 4987 deinde
2201 4931 2362 4984 etiam
2394 4927 2747 4997 apostolorum
2780 4943 2793 4977 :
2827 4924 3070 4990 quocirca
3110 4921 3269 4972 etiam
3301 4919 3496 4971 Paulus

345 5007 627 5122 ξῖνξιῗέιδ
661 5007 821 5113 λέγει
853 5042 882 5093 ὁ
920 5007 1167 5094 Ιίαῦλος·
1218 5029 1374 5081 Κατὰ
1415 5026 1480 5079 τὸ
1529 5024 1867 5122 εὐαγγέλιον

1984 5022 2154 5089 inquit
2189 5036 2205 5073 :
2251 5018 2410 5072 Juxta
2442 5014 2773 5082 Evangetium
2818 5026 2982 5062 meum
3022 5008 3090 5062 ⁷⁷.
3123 5007 3496 5059 Verumtamen

2113 5108 2164 5122 ..
2263 5107 2348 5122 ..ι
2391 5121 2394 5122 ,
2472 5118 2560 5122 η..
2621 5102 2681 5122 ια
2777 5099 2822 5122 ιη
2848 5096 2988 5122 ιιι.--
3053 5109 3069 5122 -
3131 5095 3153 5122 ι
3256 5093 3301 5122 ﬂ
3346 5092 3475 5122 ΩΑ...

407 5096 779 5203 ﬁnirat;
855 5131 902 5161 τί
932 5125 1069 5180 ibid.
1095 5120 1149 5172 5.
1222 5119 1266 5148 τι
1292 5117 1421 5171 Luc.
1450 5130 1511 5180 ιι,
1540 5114 1737 5177 40,“.
1806 5111 1852 5143 τι

1973 5125 2072 5175 :.tt,
2108 5108 2192 5172 Η,
2263 5109 2308 5140 ⁷⁵
2334 5107 2434 5159 lsa.
2470 5118 2580 5167 xiv,
2618 5102 2703 5155 12.
2777 5099 2822 5130 ⁷⁸
2847 5096 3010 5149 Marc.

340 5228 400 5276 ιι,
429 5214 513 5268 16.

344 5345 717 5441 ρεξῆεῖρῑιξιῖῆ
757 5345 944 5441 enim
987 5345 1411 5441 Pssuma:

411 5407 1240 5509 ξξῦῖἒίἳιένῖγόμεγὸιίιῖὸηε
1284 5408 1557 5479 legendum
1603 5407 1888 5477 συμπνιγό-

342 5526 507 5578 μενον.

296 5558 315 5596 θ
555 5573 676 5626 Τίνι
718 5583 786 5620 τε
843 5555 1073 5625 τρόπῳ.
1128 5546 1301 5601 Codex
1327 5542 1659 5607 Bodleianus,
1688 5545 1803 5596 τίνα
1833 5544 1888 5596 δὲ

342 5648 545 5715 τρόπον.

3053 5109 3090 5159 ι,
3131 5095 3183 5148 1.
3256 5093 3301 5124 "
3346 5092 3498 5146 Rom.

408 5246 515 5373 «$2;
543 5295 820 5373 as
841 5296 959 5373 ρις.
986 5274 1700 5373 Ρςξεξνὲξ...¹⁷ξῖξθτίυε

1980 5272 2033 5322 οὶ
2052 5265 2397 5333 κρείττονες.
2424 5259 2547 5313 Hmc
2574 5258 2761 5311 desunt
2797 5255 2849 5306 in
2894 5252 3125 5305 editione
3158 5249 3356 5312 Huetii,
3406 5246 3502 5301 sed

1979 5337 2335 5373 rnnliltmnlnr
2358 5344 2388 5373 ε
2413 5328 2570 5373 codd.
2600 5324 2882 5373 Bodleiano
2913 5329 2965 5373 el.
2992 5320 3301 5372 Barberino.

1979 5320 2335 5391 restituuntur
2352 5320 2388 5381 ἒ
2413 5328 2570 5381 codd.
2600 5324 2882 5377 Bodleiano
2913 5329 2965 5374 et
2992 5320 3301 5391 Barberi‘no.

2189 5397 2449 5472 Οὐρανὸς
2477 5392 2867 5472 τυγχάνοντες
2893 5388 3165 5472 στρατεία
3183 5382 3501 5472 escule-

2014 5458 2204 5525 eandm
2261 5458 2471 5532 videtur
2493 5504 2508 5526 ,
2549 5458 2791 5532 οὐράνιος
2846 5459 3221 5532 τυγχάνοντες,
3255 5458 3502 5532 στρατεία

2024 5520 2135 5599 ἑοῦ,
2168 5534 2250 5588 vel
2273 5520 2867 5602 οὐρανὺςτυγχάνοντες
2894 5520 3258 5602 καί-στρατεία
3281 5520 3431 5602 Θερῦ.

2051 5586 2159 5675 (ἑὸ)
2209 5586 2936 5668 Συὴρίϐέται.’”ΐειτοιηίυε
2998 5586 3121 5658 legit
3169 5586 3500 5655 συντριϐήσε-

404 5681 881 5784 ῐὲξῐζτυνώνταθν
921 5689 988 5743 τὸ
1029 5683 1136 5737 τοῦ
1166 5681 1520 5752 Εὑαγγελιου
1557 5681 1890 5749 μυστήριον
1985 5694 2090 5732 ται.
