3848 6216
555 342 626 392 47
1959 343 2270 400 ORIGENIS

464 503 472 524 ι
551 454 632 507 vel
679 463 845 509 totum
889 455 1049 510 Vetus
1095 421 1530 528 lnstrumenlum,
1577 454 1726 524 cujus
1774 456 1939 525 ﬁgura
1996 469 2073 514 est

2102 481 2146 535 Α
2168 477 2303 527 μου.
2340 458 2480 526 Πλὴν
2521 461 2552 528 ὴ
2589 457 2728 527 ἀρχὴ
2760 454 2852 509 τοῦ
2892 455 3218 524 Εὗαγγελίου
3276 454 3388 524 (Gl)
3431 451 3575 522 (ἐστι

549 541 805 609 Joannes,
839 544 1044 600 initium
1076 553 1159 599 est
1200 543 1468 614 Evangelii
1509 562 1524 611 ;
1570 561 1694 600 nam
1733 547 2074 618 Evangelium

549 649 614 690 eo
645 635 786 703 quod
818 633 1230 708 magnitudinem
1258 635 1472 699 habeat,
1513 635 1723 690 initium
1755 651 1986 704 quoque,
2024 648 2077 692 et

549 739 666 793 qua:
695 733 1003 792 sequuntur,
1038 724 1210 778 media
1260 724 1466 778 scilicet
1508 733 1562 779 et
1593 725 1724 780 ﬁnes
1760 728 1921 781 habet
1951 743 1966 781 :
1994 729 2074 783 vel

548 827 762 884 propter
792 814 1226 881 conjunctionem
1267 813 1399 870 Novi
1425 814 1764 886 lnstrumeqnti
1798 819 1862 871 ad
1889 816 2072 885 Vetus,

547 903 677 958 ﬁnes
709 901 913 957 Veteris
944 901 1287 957 lnstrumenti
1309 942 1324 968 ,
1374 919 1508 973 quos
1553 904 1784 962 Joannes
1815 907 2076 972 exhibuit,

547 993 753 1048 initium
808 1002 932 1046 sunt
977 993 1279 1062 Evangelii,
1324 993 1532 1047 dicente
1575 993 1757 1048 Marco
1795 1011 1810 1048 :
1863 994 2076 1048 Initium

544 1083 810 1151 Evangelii
839 1083 966 1136 Iesu
1002 1083 1220 1148 Christi,
1262 1086 1395 1138 sicut
1435 1087 1684 1161 scriptum
1722 1096 1798 1140 est
1843 1087 1893 1139 in
1930 1085 2076 1138 Isaia

543 1173 788 1241 propheta
812 1186 830 1224 :
854 1172 986 1227 Ecce
1013 1190 1104 1243 ego
1126 1174 1275 1227 mitto
1300 1176 1538 1244 angelum
1560 1191 1728 1228 meum
1749 1184 1870 1228 ante
1892 1175 2077 1243 [aciem

545 1273 710 1325 tuam,
731 1263 815 1330 qui
845 1265 1158 1332 prwparabit
1191 1266 1327 1318 viam
1363 1274 1526 1317 tuam.
1565 1253 1695 1317 ’νοτ
1724 1263 1999 1317 clamantis
2025 1265 2079 1317 in

543 1351 745 1404 deserto
773 1365 792 1402 :
830 1349 1022 1405 Parate
1059 1353 1196 1406 viam
1222 1351 1455 1416 Domini,
1487 1360 1652 1405 rectas
1687 1351 1843 1419 facite
1871 1352 2077 1405 semitas

544 1441 654 1509 ejus
681 1442 746 1494 ⁷⁸.
783 1440 933 1496 Unde
959 1442 1097 1497 subit
1130 1443 1261 1496 mihi
1295 1441 1550 1497 admirari
1594 1444 1858 1509 quomodo
1890 1441 1983 1510 qui
2013 1439 2078 1494 ab

547 1531 799 1607 Ecclesia:
849 1531 1082 1587 decretis
1128 1531 1472 1594 dissentiunt,
1515 1531 1734 1585 duorum
1769 1528 2079 1584 Testamen—

546 1629 720 1673 torum
756 1621 889 1674 duos
915 1632 1162 1675 asserant
1186 1620 1359 1704 deos;
1380 1618 1573 1688 alioqui
1631 1635 1733 1674 non
1785 1634 1967 1688 parum
1998 1620 2080 1673 his

545 1709 720 1762 verbis
763 1710 1013 1765 convicti.
1054 1708 1154 1774 Qui
1216 1709 1330 1763 ﬁeri
1369 1710 1510 1762 enim
1553 1718 1727 1776 potest
1758 1718 1814 1761 ut
1849 1707 2076 1762 Joannes

2177 547 2335 600 αὐτοῦ
2380 547 2601 616 μέγεθος
2644 546 2833 616 ἀρχὴν,
2875 547 2964 598 καὶ⁵
2997 546 3065 596 τά
3104 544 3248 614 ἑξῆς,
3286 545 3379 596 καὶ
3412 543 3581 613 μέσα.

2175 638 2296 706 τέλη
2337 637 2584 706 ἔχοντος),
2609 637 2723 706 ἦτοι
2767 636 2912 688 πᾶσά
2946 639 3090 688 ἐστιν
3119 637 3162 699 ἡ.
3186 632 3403 688 Παλαιὰ
3459 632 3598 685 Διαθ·

2173 727 2339 780 τύπου
2371 728 2532 796 αὐτῆς
2559 727 2706 789 ὄντος
2749 727 3009 789 Ἰωάννου,
3041 727 3073 796 ἢ
3108 723 3192 777 διά
3224 725 3325 794 τὴν
3355 724 3596 794 συναφὴν

2182 814 2386 884 Καινῆς
2405 812 2537 885 πρὸς
2555 811 2900 884 τὴνΠαλαιὰν
2941 816 3008 868 τὰ
3047 815 3171 884 τέλη
3217 814 3319 883 τῆς
3357 809 3593 875 Παλαιᾶς

2187 900 2425 959 ’Ῑὶοάννου
2471 905 2860 976 παριστάμενα·
2907 905 3038 974 φησὶ
3075 903 3179 972 γὰρ
3207 904 3237 954 ὁ
3266 901 3428 963 αὐτὸς
3479 901 3598 970 Μάρ

2187 995 2354 1064 Ἀρχὴ
2398 996 2501 1048 τοῦ
2539 997 2900 1065 Εὐαγγελίου
2953 991 3145 1059 Ἰησοῦ
3189 991 3482 1058 Χριστοῦ,
3532 1007 3598 1043 κο

2174 1086 2486 1154 γέγραπται
2511 1088 2578 1137 ἐν
2599 1084 2811 1150 Ἡσαΐᾳ
2837 1083 2916 1149 τῷ
2940 1079 3231 1150 προφήτῃ
3271 1080 3416 1133 Ἰδοὺ
3439 1079 3552 1148 ἐγὼ
3575 1081 3598 1132 ὀ

2175 1173 2405 1227 στέλλω
2457 1173 2564 1226 τὸν
2619 1171 2876 1243 ἄγγελόν
2921 1190 3037 1242 μου
3090 1173 3201 1240 πρὸ
3258 1168 3597 1237 προσώπου

2174 1263 2600 1318 κατασκευάσει
2644 1265 2756 1331 τὴν
2798 1264 2940 1317 ὀδόν
2973 1279 3108 1316 σου.
3141 1260 3315 1327 Φωνὴ
3343 1258 3598 1324 βοῶντος

2173 1352 2248 1421 τῇ
2271 1353 2481 1421 ἐρήμῳ·
2523 1353 2897 1421 Ἑτοιμάσατε
2913 1352 3027 1419 τὴν
3050 1352 3194 1406 ὁδὸν
3221 1349 3463 1417 Κυρίου,
3493 1352 3597 1403 εὺθ

2175 1442 2389 1495 ποιεῖτε
2424 1441 2528 1507 τὰς
2567 1443 2799 1508 τρίϐους
2836 1441 3039 1494 αὐτοῦ.
3083 1437 3248 1494 Ὅθεν
3296 1437 3594 1507 θαυμάζειν

2175 1529 2350 1582 ἔπεισι
2379 1530 2510 1599 (62),
2545 1530 2658 1592 πῶς
2685 1531 2803 1583 δυσὶ
2859 1531 2998 1592 θεοῖς
3040 1529 3450 1599 προσάπτουσιν
3491 1529 3598 1598 ἀμς

2177 1637 2275 1692 ρας
2301 1621 2396 1684 τὰς
2425 1620 2690 1692 Διαθήκας
2709 1621 2758 1672 οἱ
2789 1620 3096 1689 ἑτερόδοξοι,
3138 1620 3238 1671 οὐκ
3273 1619 3492 1671 ἔλαττον
3531 1635 3598 1670 κα

2174 1710 2358 1763 τούτου
2413 1711 2504 1763 τοῦ
2561 1711 2723 1781 ῥητοῦ
2776 1709 3135 1780 ἐλεγχόμενοι.
3183 1709 3310 1770 Πῶς
3355 1708 3464 1779 γάρ
3506 1708 3597 1761 δὺν

543 1795 810 1865 Evangelii
841 1797 909 1850 sit
931 1797 1161 1857 initium,
1185 1797 1365 1866 ut,ipsi
1392 1806 1599 1864 putant,
1630 1798 1696 1850 ad
1723 1797 1824 1866 ιθ
1847 1797 2069 1850 alterum

2101 1804 2141 1858 Β
2168 1800 2306 1872 ἀρχὴ
2333 1797 2468 1853 εἶναι
2495 1798 2588 1852 τοῦ
2620 1799 2963 1867 Εὑαγγελίου,
2992 1799 3067 1861 ὡς
3093 1798 3249 1851 αὐτοὶ
3277 1799 3501 1858 οἴονται,
3527 1799 3598 1849 ἐτι

542 1887 816 1956 pertinens
840 1886 1026 1951 Deum,
1059 1885 1278 1955 Opiﬁcis
1300 1887 1481 1941 mundi
1516 1888 1694 1951 homo,
1717 1897 1772 1941 et
1802 1889 2076 1957 ignorans,

501 1969 503 1972 ’
545 1984 602 2028 ιιι
635 1985 898 2040 asserunt,
937 1991 1127 2029 novam
1156 1977 1408 2031 deitatem
1452 1978 1475 2031 i
1510 1977 1772 2030 Caaterum
1823 1991 1926 2030 non
1974 1991 2078 2030 uno

543 2077 714 2132 eoque
739 2065 912 2127 brevi,
947 2074 1107 2134 atque
1161 2067 1301 2120 inter
1351 2066 1495 2121 solos
1540 2076 1784 2136 pastores
1835 2067 2078 2121 obeundo

543 2168 766 2208 munere
804 2154 1103 2227 funguntur)
1125 2155 1299 2224 angeli
1346 2155 1652 2223 evangelico
1692 2174 1708 2220 ;
1753 2156 1845 2210 sed
1889 2156 1939 2208 in
1976 2156 2078 2208 line

541 2243 784 2299 sublimis
836 2253 892 2298 et
953 2245 1137 2299 volans
1206 2244 1427 2313 angelus
1480 2244 1822 2313 Evangelium
1876 2245 2077 2298 habens

539 2333 928 2402 evangelizabit
949 2334 1095 2389 omni
1126 2334 1339 2401 populo,
1372 2335 1512 2388 bono
1537 2333 1695 2387 Patre
1723 2349 1829 2387 non
1861 2334 2076 2386 omnino

541 2421 824 2476 deserente
862 2434 956 2474 eos
986 2420 1078 2488 qui
1122 2434 1151 2472 a
1189 2433 1246 2473 se
1285 2420 1628 2473 desciverint.
1686 2418 1864 2486 Itaque
1893 2418 2077 2486 inquit

541 2511 592 2563 in
640 2509 956 2579 Apocalypsi
1000 2507 1240 2562 Joannes
1307 2508 1396 2562 ille
1458 2507 1698 2562 Zebedazi
1745 2507 1885 2560 ﬁlius
1939 2523 1952 2558 :
2008 2505 2076 2558 Et

538 2596 648 2649 nidi
671 2595 908 2664 angelum
941 2594 1195 2648 uolantem
1239 2610 1329 2662 per
1357 2596 1581 2650 medium
1623 2593 1758 2658 cteli,
1804 2594 2075 2647 habentem

543 2680 881 2751 Eaangelium
909 2692 1180 2747 teternunt,
1221 2691 1275 2734 ut
1317 2683 1691 2751 euangelizaret
1725 2682 2074 2735 habitantibus

541 2788 697 2842 super
733 2785 944 2838 terram,
985 2782 1031 2826 et
1062 2772 1203 2824 omni
1226 2773 1385 2841 genti,
1417 2781 1467 2823 et
1487 2772 1663 2834 tribui,
1701 2781 1747 2824 et
1782 2771 1994 2840 linguae,
2025 2782 2072 2825 et

541 2864 750 2931 populo,
785 2865 1034 2917 dicentem
1052 2880 1169 2917 voce
1195 2879 1416 2931 magna:
1443 2861 1639 2915 Timete
1667 2862 1858 2926 Deum,
1885 2871 1935 2914 et
1959 2863 2074 2916 date

541 2954 621 3005 illi
648 2954 911 3014 honorent,
940 2955 1059 3018 quia
1088 2954 1220 3005 uenit
1250 2954 1379 3005 hora
1393 2952 1588 3020 judicii
1617 2952 1753 3020 ejus,
1778 2962 1826 3005 et
1859 2953 2074 3004 adorate

542 3059 680 3108 eum,
726 3045 814 3111 qui
861 3044 980 3110 fecit
1026 3043 1212 3096 caelum
1262 3051 1310 3094 et
1361 3051 1552 3095 terram
1622 3057 1765 3093 mare
1813 3052 1859 3093 et
1907 3040 2074 3120 [antes

541 3149 793 3194 aquarum
823 3135 890 3186 ⁷⁸.

2173 1888 2449 1956 τυγχάνων
2479 1887 2610 1940 Θεοῦ
2643 1890 2670 1939 ὁ
2710 1889 2958 1957 Ἰωάννης
2981 1890 3009 1938 ὁ
3036 1887 3128 1939 τοῦ
3155 1887 3486 1956 δημιουργοῦ
3516 1887 3598 1940 ἄν(

2174 1992 2292 2038 πος,
2315 1979 2406 2031 καὶ
2427 1975 2664 2045 ἀγνοῶν,⁴
2684 1976 2758 2038 ὼς
2785 1976 3080 2046 νομίζουσι,
3108 1975 3208 2044 τὴν
3241 1975 3433 2044 καινὴν
3464 1975 3598 2026 θεόττ

2173 2067 2245 2118 Οὐ
2293 2066 2417 2135 μίαν
2452 2066 2510 2118 δὲ
2553 2067 2644 2118 καὶ
2683 2065 2934 2136 βραχεῖαν
2989 2064 3405 2118 ἐκπιστεύονται
3447 2064 3598 2120 ,διακι

2173 2154 2518 2224 εὐαγγελικὴν
2564 2154 2806 2224 ἄγγελοι,
2859 2155 2976 2206 οὐδὲ
3039 2155 3206 2225 μόνην
3268 2153 3367 2224 τὴν
3421 2152 3556 2223 πρὸς

2173 2243 2426 2313 ποιμένας
2461 2243 2842 2313 γεγενημένηψ
2880 2242 3014 2296 ἀλλὰ
3046 2243 3152 2312 γὰρ
3198 2243 3292 2295 ἐπὶ
3339 2241 3481 2294 τέλει
3525 2259 3598 2311 με·

2177 2351 2262 2403 ρος
2292 2332 2400 2403 (65)
2438 2334 2530 2386 καὶ
2579 2335 2865 2402 ἱπτάμενος
2919 2333 3148 2400 ἄγγελος
3207 2333 3537 2399 Εὐαγγέλιον
3589 2333 3598 2382 l

2171 2423 2556 2492 εὐαγγελιεῖται
2600 2425 2704 2476 πᾶν
2765 2423 2932 2485 ἔθνος,
2984 2421 3074 2474 τοῦ
3131 2421 3342 2489 ἀγαθοῦ
3401 2421 3598 2492 Πατρὸς

2171 2514 2344 2582 πάντη
2399 2513 2778 2575 καταλιπόντος
2837 2514 2955 2573 τοὺς
3019 2513 3488 2574 ἀποπεπτωκότας
3543 2514 3598 2564 αἱ

2169 2601 2332 2670 Φησὶν
2361 2597 2451 2653 οὖν
2483 2603 2539 2654 ὲν
2571 2603 2633 2669 τῇ
2682 2599 3036 2669 Ἀποκαλύψει
3079 2600 3191 2670 (64)
3245 2604 3274 2654 ό
3311 2601 3404 2655 τοῦ
3448 2601 3598 2654 Ζεόεὲ

2183 2689 2454 2759 Ἰωάννηςο
2507 2691 2616 2742 Kal
2654 2686 2812 2744 εἶδον
2855 2692 3110 2760 ἄγγελον
3151 2697 3483 2763 πετόμενον
3520 2695 3588 2746 ἐν

2170 2764 2588 2848 σουρανήματι,
2616 2782 2830 2849 ἔχοντα
2860 2782 3226 2850 Εὺαγγέλιον
3255 2783 3517 2847 αἰώνιον,
3553 2800 3598 2836 ει

2175 2870 2521 2936 γελίσασθαι
2562 2871 2658 2922 ἐπὶ
2709 2870 2847 2936 τοὺς
2883 2871 3259 2939 καθημένους
3305 2874 3403 2926 ἐπὶ
3444 2873 3554 2940 τῆς
3590 2893 3598 2939 ἡ

2171 2958 2268 3008 καὶ
2315 2957 2411 3010 ἐπὶ
2467 2959 2586 3011 πᾶν
2639 2959 2830 3024 ἔθνος,
2871 2961 2969 3014 καὶ
3004 2963 3211 3029 φυλὴν
3249 2962 3384 3033 (65),
3418 2965 3513 3016 καὶ
3545 2973 3598 3032 γρ

2173 3063 2312 3110 σαν,
2343 3049 2436 3100 καὶ
2470 3047 2641 3112 λαὸν,
2674 3049 2924 3117 λέγοντα
2945 3051 3014 3101 ἐν
3037 3050 3206 3118 φωνῇ
3490 3071 3504 3083 ο
3540 3057 3598 3105 Φι

2101 3119 2142 3173 C
2175 3140 2312 3202 θητε
2335 3137 2439 3188 τὸν
2461 3137 2624 3199 Θεὸν,
2648 3139 2742 3190 καὶ
2761 3137 2893 3190 δότε
2913 3139 3071 3204 αὐτῷ
3097 3119 3329 3205 δόξαν,
3350 3119 3445 3194 ὅτι
3468 3138 3598 3209 ἦλθε

545 3223 662 3288 ὥρα
707 3221 813 3290 τῆς
862 3223 1111 3289 κρίσεως
1149 3223 1352 3288 αὐτοῦ,
1408 3223 1502 3276 καὶ
1542 3218 1997 3288 προσκυνήσατε
2035 3221 2138 3274 τὸν
2175 3227 2507 3293 ποιήσαντα
2549 3227 2654 3280 τὸν
2691 3227 2965 3295 οὐρανὸν,
3003 3230 3100 3282 καὶ
3137 3230 3254 3299 τὴν
3295 3231 3435 3300 γῆν,
3482 3233 3578 3284 καὶ

539 3319 874 3380 θάλασσαν,
910 3309 1005 3368 καὶ
1032 3316 1222 3384 πηγὰς
1254 3315 1366 3368 τῶν
1398 3315 1646 3369 ὑδάτων.

612 3409 702 3461 15.
742 3408 876 3472 Quia
912 3407 1072 3474 igitur
1095 3406 1244 3471 juxta
1275 3419 1432 3457 unam
1468 3402 1856 3471 expositionem
1883 3412 2072 3455 osten-

543 3497 721 3554 dimus
761 3507 926 3549 totum
987 3493 1149 3548 Vetus
1211 3495 1658 3554 Instrumentum,
1723 3490 2072 3558 signiﬁcatum

547 3601 646 3658 per
674 3600 862 3640 nomen
886 3584 1126 3647 Joannis,
1159 3582 1431 3652 Evangelii
1457 3581 1665 3635 initium
1697 3595 1837 3645 esse,
1873 3596 1938 3634 ne
1960 3581 2075 3634 sine

546 3678 726 3745 aliquo
780 3675 1088 3730 testimonio
1127 3674 1239 3728 hmo
1272 3673 1543 3738 dicantur,
1581 3684 1908 3738 apponemus
1957 3684 2074 3738 qua:

547 3767 787 3821 referunt
814 3768 946 3820 Acta
963 3766 1257 3835 apostolica
1281 3765 1344 3818 de
1367 3762 1615 3817 eunucho
1645 3761 1839 3830 regium
1864 3759 2072 3814 Ethio-

546 3875 668 3926 pum
710 3867 762 3914 et
804 3856 1042 3925 Philippo
1099 3874 1112 3909 :
1167 3854 1426 3921 Incipiens
1488 3853 1644 3915 enim,
1700 3850 1891 3918 inquit,
1948 3849 2075 3901 Plii-

544 3949 710 4017 lippus
740 3949 804 4002 ab
830 3946 988 4000 Isaia:
1015 3943 1307 4013 Scriptura,
1332 3961 1448 4011 qua:
1474 3945 1665 3997 scilicet
1695 3942 1898 4009 inquit:
1933 3939 2073 3992 Tan-

543 4058 697 4110 quam
738 4041 844 4095 ads
893 4040 959 4092 ad
1008 4039 1313 4091 occisionem
1365 4036 1549 4088 ductus
1589 4034 1684 4095 est,
1735 4040 1783 4083 et
1832 4041 2073 4096 tanquam

546 4147 709 4198 agnus
736 4145 905 4181 coram
926 4127 1164 4178 tondente
1191 4135 1384 4187 mutus,
1403 4121 1765 4190 euangelizavit
1787 4121 1867 4171 illi
1890 4119 2072 4172 Domi—

546 4235 667 4271 num
696 4216 874 4270 Iesum
895 4217 963 4265 ⁸ο.
991 4214 1264 4278 Quomodo
1290 4214 1433 4265 enim
1461 4209 1722 4276 incipiens
1743 4223 1771 4260 a
1793 4207 2070 4276 propheta,

545 4307 873 4375 evangelizat
903 4303 1104 4366 Iesum,
1140 4303 1241 4356 nisi
1269 4316 1392 4369 pars
1415 4299 1594 4366 aliqua
1620 4305 1702 4350 est
1737 4297 1902 4352 Isaias
1927 4299 2074 4366 prin-

548 4397 674 4465 cipii
707 4393 982 4462 Evangelii
1025 4393 1048 4445 ἲ
1093 4392 1312 4460 Insuper
1348 4389 1489 4458 quod
1531 4388 1791 4457 principio
1817 4387 2069 4454 diximus,

553 4495 720 4540 totam
752 4483 956 4538 scilicet
985 4482 1218 4535 divinam
1243 4480 1572 4548 Scripturatn
1600 4491 1756 4545 posse
1777 4477 1879 4530 dici
1901 4474 2071 4528 Evan-

548 4573 767 4641 gelium,
794 4571 919 4624 hinc
949 4569 1253 4624 conﬁrmari
1283 4575 1484 4636 potest.
1512 4563 1751 4633 Namque
1776 4565 1818 4618 si
1843 4577 2071 4632 evange-

2243 3402 2326 3456 15.
2346 3401 2492 3453 Ἐπεὶ
2503 3400 2675 3452 τοίνυν
2689 3399 2827 3470 ἀρχὴ
2840 3400 2970 3471 (65‘)
2983 3401 3074 3454 τοῦ
3090 3403 3422 3472 Εὑαγγελίου
3440 3408 3580 3460 κατὰ

2173 3490 2390 3558 ἐκδοχὴν
2413 3491 2510 3558 τὴν
2532 3491 2706 3541 πᾶσαν
2737 3491 3150 3559 παρεστήσαμεν
3183 3487 3322 3544 εἶναι
3351 3493 3460 3564 (66)
3487 3496 3598 3546 Παλ

2173 3579 2437 3649 Διαθήκην
2470 3579 2554 3630 διὰ
2578 3577 2671 3630 τοῦ
2708 3579 2964 3647 ὀνόματος
3007 3581 3252 3635 Ἰωάννου
3296 3587 3598 3656 σημαινομέ

2172 3668 2309 3738 ὑπὲρ
2341 3667 2430 3720 τοῦ
2463 3668 2535 3738 μὴ
2567 3669 2874 3739 ἀμάρτυρον
2918 3665 3051 3722 εἶναι
3090 3671 3185 3740 τὴν
3227 3673 3456 3742 ἐκδοχὴν
3498 3676 3598 3726 ταῦ

2172 3758 2589 3828 παραθησόμεθα
2613 3759 2672 3810 τὸ
2713 3762 2775 3811 ἐκ
2800 3757 3075 3825 Πράξεων
3116 3762 3241 3829 περὶ
3271 3761 3371 3812 τοῦ
3409 3763 3509 3831 τῆς
3549 3767 3588 3816 Α

2173 3866 2287 3902 πων
2330 3848 2586 3916 βασιλίδος
2647 3847 2894 3915 εὐνούχου
2948 3849 3231 3918 εἰρημένον
3282 3852 3378 3902 καὶ
3432 3854 3597 3906 Φιλξπ

2184 3935 2521 4003 Ἁρξάμενος
2569 3936 2694 4005 γὰρ,
2753 3936 2934 4004 φησὶν,
2992 3939 3024 3988 ό
3078 3936 3374 4003 Φίλιππος
3437 3942 3559 3995 ἀπὸ

2174 4021 2414 4077 Ἡσαΐου
2431 4025 2676 4093 Γραφῆς
2704 4023 2840 4090 τῆςο
2888 4025 2982 4090 Ὡς
3002 4027 3293 4094 πρόϐατον
3333 4029 3432 4083 ἐπὶ
3479 4048 3598 4100 σφα

2171 4110 2344 4178 ἤχθη,
2379 4113 2476 4164 καὶ
2501 4114 2578 4178 ὡς
2595 4113 2774 4181 ἀμνὸς
2800 4113 3051 4165 ἐνώπιον
3085 4114 3190 4166 τοῦ
3228 4117 3541 4185 κείροντος
3571 4123 3598 4174 ἀ

2170 4219 2292 4266 νος,
2347 4205 2767 4271 εὐηγγελίσατο
2820 4203 2976 4267 αὐτῷ
3023 4204 3126 4256 τὸν
3178 4207 3401 4272 Κύριον
3471 4213 3597 4277 Ἰησχ

2171 4293 2292 4356 Πῶς
2315 4292 2420 4360 γὰρ
2447 4294 2740 4363 ἀρχόμενος
2774 4294 2878 4346 ἀπὸ
2914 4293 3004 4346 τοῦ
3051 4297 3330 4365 προφήτου
3371 4301 3598 4369 εὐαγγε)

2169 4400 2256 4436 ται
2301 4383 2520 4452 Ἰησοῦν,
2557 4385 2604 4434 εἰ
2638 4384 2709 4452 μὴ
2748 4383 2843 4452 τῆς
2879 4384 3048 4452 ἀρχῆς
3073 4383 3166 4435 τοῦ
3199 4385 3533 4455 Εὑαγγελίου
3564 4409 3598 4459 μ

2169 4489 2219 4525 τι
2241 4473 2268 4523 ὁ
2295 4461 2511 4533 Ἡσαΐας
2535 4467 2635 4540 ἦν;
2666 4473 2812 4541 "Atta
2833 4472 2889 4524 δὲ
2907 4475 2996 4524 καὶ
3015 4473 3081 4526 τὰ
3101 4475 3156 4525 ὲν
3177 4475 3558 4548 πρώτοιςὴμῖν
3578 4498 3598 4531 ε

2173 4561 2303 4631 μένα
2357 4561 2482 4630 περὶ
2522 4560 2612 4612 τοῦ
2664 4560 2914 4613 δύνασθαι
2968 4563 3292 4630 Εὑαγγέλιον
3349 4565 3490 4619 εἶναι
3545 4587 3598 4620 π(

543 4635 710 4716 lizans
748 4659 1078 4729 evangelizat
1105 4659 1263 4722 bona,
1286 4635 1581 4722 omnesque
1607 4655 1698 4722 qui
1723 4662 1845 4707 ante
1868 4653 2065 4706 adven-

2101 4635 2145 4688 D
2170 4650 2314 4702 θείαν
2340 4651 2576 4720 Γραφὴν,
2605 4651 2847 4704 ἐντεῦθεν
2875 4652 3090 4704 δύναται
3119 4654 3428 4722 δηλοῦσθαι.
3471 4658 3586 4710 Καὶ

544 4762 655 4807 tum
687 4749 886 4804 Christi
919 4742 1249 4816 corporalem
1290 4745 1458 4810 l'nere,
1505 4741 2065 4826 Christumevangeli-

2167 4741 2216 4792 ei
2249 4742 2277 4792 ό
2313 4739 2802 4808 εὐαγγελιζόμενος,
2848 4741 3025 4809 ἀγαθὰ
3057 4744 3482 4811 εὐαγγελίζεται,
3530 4752 3598 4802 πά

645 4885 689 4918 ⁷⁸
716 4885 877 4940 Marc.
919 4900 961 4949 ι,
992 4883 1096 4937 1-5.
1168 4883 1213 4913 ⁷³
1248 4882 1412 4949 Apoc.
1439 4878 1636 4945 stt/,6,
1657 4878 1711 4931 '1.
1783 4877 1828 4910 ⁸⁸³
1850 4877 1962 4932 Act.
1991 4892 2108 4942 vm,
2133 4877 2220 4942 52,
2251 4875 2337 4927 55.

615 5025 723 5093 (6i)
749 5023 918 5093 Πλὴν
941 5025 978 5089 ἠ
1003 5019 1280 5093 ἀρχῄτοῦ
1301 5018 1797 5093 Εὐαγγεᾷίου,ιθιο.
1817 5015 2071 5093 ριχίςεηεε

542 5092 580 5145 Ι.
603 5083 635 5144 Il
655 5083 850 5172 gentm
865 5083 1113 5172 “Cet-sunt}:
1129 5083 1192 5142 Ti
1215 5089 1274 5166 δὲ
1290 5083 1485 5172 ἔταττον
1499 5088 1559 5172 το
1575 5083 2068 5172 ἀρχὴντοὶῦᾲη

543 5177 636 5231 pou
748 5175 927 5231 ματος,
941 5159 1174 5231 τουτέστι
1187 5157 1277 5208 τοῦ
1290 5154 1761 5231 Εὑαγγελίουίεῖναι
1772 5154 1948 5231 μον;
1963 5164 2064 5231 etc.

633 5223 729 5296 62)
749 5223 918 5296 Ὅθεν
949 5226 1252 5296 θαυμάζειν
1277 5226 1607 5296 μοιὲπεισι,
1633 5235 1746 5296 etc;
1773 5223 1896 5296 Haec
1920 5229 2067 5296 _sunt

542 5311 574 5349 e
621 5289 1081 5355 Basilidianorum',
1135 5289 1656 5354 Valentinianorum,
1709 5289 2066 5346 Cerdoniano—

546 5379 686 5426 rum,
722 5361 1152 5430 Marcionitarum
1182 5362 1509 5430 aliorumque
1557 5358 1858 5430 huiusmodi
1895 5358 2065 5410 Incre-

546 5434 771 5485 ticornm
803 5426 1084 5495 theologia.

616 5500 746 5568 (65)!
772 5497 950 5568 ’Ᾱλλᾲ
983 5491 1096 5568 γὰρ
1124 5494 1222 5546 ἐπὶ
1262 5495 1413 5547 τέλει
1461 5496 1761 5568 μετέωρος,
1815 5502 1917 5568 etc.
1966 5491 2063 5545 Hic

546 5563 784 5623 suam'de
811 5565 980 5632 poenis
999 5563 1369 5618 danmatorum
1397 5567 1708 5619 sententiam
1743 5577 1846 5618 non
1865 5563 2060 5618 obscu-

547 5654 603 5692 re
635 5631 871 5693 declarat
894 5631 1163 5702 Origenes.

2244 5012 2363 5082 (64)
2389 5011 2602 5082 φησὶν-
2615 5007 2724 5064 οὖν
2756 5012 2825 5062 ἐν
2865 5011 2938 5078 τῇ
2971 5013 3380 5082 Ἀποκαλύψει,
3413 5023 3522 5068 etc.
3563 5016 3598 5068 γ

2172 5078 2544 5149 Apocalypsitn
2577 5078 2762 5132 Joanni
2795 5081 3034 5149 apostolo
3060 5081 3216 5149 tribui
3258 5078 3451 5134 contra
3490 5082 3598 5137 Mat

2173 5147 2408 5216 nitarutn
2440 5148 2763 5216 opinionem.
2795 5147 2866 5200 Ita
2903 5163 3062 5216 supra
3085 5149 3138 5200 in
3161 5147 3353 5203 Matth.
3386 5165 3481 5204 xx.

2241 5215 2350 5285 (65)
2379 5214 2602 5285 Φυλήν.
2640 5215 2731 5268 Sic
2759 5214 2981 5270 omnino
3009 5216 3326 5285 legendum,
3367 5221 3598 5284 quernad

2170 5285 2292 5353 dutn
2321 5284 2516 5353 habent
2549 5285 2792 5337 universa
2825 5284 3212 5353 Apocalypseos
3239 5288 3597 5353 exetnplaria,

2168 5350 2583 5420 φυλακὴνμιιυοιὶ
2615 5361 2769 5404 antea
2798 5350 3086 5419 legebatur.
3122 5353 3276 5408 Ent'r.
3313 5350 3489 5408 Pars.

2236 5418 2870 5505 ςξξῖλξρνιοξεεδὰρχὴν
2890 5422 3191 5505 legentium.

2234 5487 2536 5560 (ϐω-Μίαν-
2571 5487 2829 5560 ἑκδοχὴν
2852 5487 2962 5560 τὴν
3006 5489 3210 5560 πᾷ-σαν
3249 5494 3598 5560 παρεστήσι

2164 5555 2332 5609 εἶναι.
2366 5555 2485 5626 Haec
2507 5557 2764 5626 desumit.-
2801 5557 3038 5626 editione
3057 5557 3255 5626 Huetii,
3291 5555 3384 5617 sed
3415 5555 3598 5616 restiti

2160 5635 2245 5677 tur
2267 5637 2298 5678 e
2326 5625 2482 5680 codd.
2516 5621 2800 5679 Bodleiano
2829 5635 2882 5680 et
2909 5623 3221 5684 Bartierino.
