3848 6178
418 261 490 323 43
1541 276 1892 332 COMMENT.
1929 275 1995 329 IN
2034 274 2220 331 JOAN.
2257 275 2488 330 TOMUS
2527 275 2564 329 Ι.
3580 271 3646 326 50

417 381 471 434 δέ
501 380 550 468 οἱ
582 378 689 450 πρὸ
714 379 815 450 τῆς
842 386 1188 458 σωματικῆς
1216 389 1452 460 Χριστοῦ
1487 392 1772 462 ἐπιδημίας
1796 393 2016 463 Χριστὸν

2120 401 2260 452 zant,
2284 393 2374 459 qui
2402 403 2483 446 est
2511 391 2744 446 omnium
2785 391 2944 458 bona,
2991 399 3050 446 ut
3084 399 3237 446 antea
3282 389 3645 452 ostendimus;

423 467 864 536 εὐαγγελίζονται
894 469 1036 524 ὄντα
1065 474 1142 528 τά
1175 475 1374 544 ἀγαθὰ,
1400 478 1474 541 ὡς
1497 478 1867 549 ἀπεδείξαμεν,
1895 480 2016 535 πάν-

2123 482 2514 550 quodammodo
2539 497 2813 538 sermones
2846 497 2973 550 pars
3003 491 3129 536 sunt
3169 480 3470 550 Evangelii.
3499 479 3647 544 Quod

429 577 531 612 των
563 557 680 622 πώς
710 561 850 612 εἰσιν
885 561 942 612 οἱ
973 561 1134 630 λόγοι
1164 564 1256 618 τοῦ
1277 566 1603 634 Εὐαγγελίου
1640 568 1817 637 μέρος.
1849 571 2016 640 Ὅπερ

2124 569 2460 638 Evangelium
2487 582 2606 622 cum
2647 569 3026 640 divulgandum
3054 584 3172 624 esse
3204 571 3408 624 dicatur
3447 568 3499 621 in
3539 575 3648 619 toto

437 649 760 719 Εὑαγγὲλιον
798 651 1112 721 λεγόμενον
1153 654 1428 708 λαλεῖσθαι
1480 659 1540 710 ἐν
1584 657 1687 726 ὅλῳ
1719 656 1795 725 τῷ
1835 657 2016 728 κόσμῳ

2122 661 2343 724 mundo,
2375 673 2470 713 nos
2503 674 2596 728 per
2625 668 2792 713 totum
2819 662 3071 715 mundum
3103 675 3207 714 non
3241 668 3446 715 tantum
3490 655 3648 713 intel-

446 745 598 814 ἡμεῖς
656 741 1086 816 ἐκλαμϐάνομεν
1151 746 1581 814 ἀπαγγέλλεσθαι
1649 749 1706 800 ἐν
1779 749 1882 818 ὅλῳ
1943 751 2018 818 τῷ

450 836 664 905 κόσμῳ,
714 835 780 888 οὐ
839 836 1008 906 μόνον
1072 838 1154 908 τῷ
1216 839 1473 909 περιγείῳ
1523 839 1702 908 τόπῳ,
1754 839 1888 892 ἀλλά
1925 841 2019 893 καὶ

369 956 378 985 ;
461 925 614 978 παντὶ
661 924 738 994 τῷ
785 927 1101 996 συστήματι
1132 927 1210 998 τῷ
1247 928 1304 993 ἐξ
1341 918 1564 996 ούρανοῦ
1597 928 1689 979 καὶ
1723 927 1844 997 γῆς,
1886 928 1918 997 ἢ
1961 926 2018 992 ἐξ

463 1015 693 1085 οὐρανῶν
738 1016 835 1069 καὶ
879 1017 1006 1084 γῆς.
1061 1018 1176 1070 Καὶ
1207 1017 1259 1068 τί
1296 1017 1376 1068 δεῖ
1406 1017 1496 1068 ἐπὶ
1547 1017 1726 1069 πλεῖον
1766 1016 2019 1086 μηκύνειν

470 1106 555 1158 τὸν
578 1105 818 1176 περὶτοῦ
851 1107 906 1158 τί
937 1107 998 1158 τὸ
1027 1106 1356 1174 Εὐαγγέλιόν
1390 1109 1504 1158 ἐστι
1527 1106 1678 1173 λόγον
1697 1123 1710 1170 ;
1732 1106 2018 1177 Αὐτάρκως

466 1195 519 1247 δὲ
549 1195 746 1248 τούτων
775 1196 1106 1266 εἰρημένων,
1145 1196 1236 1248 καὶ
1272 1197 1335 1247 ἐκ
1371 1195 1573 1248 τούτων
1603 1195 1708 1248 τῶν
1761 1195 1832 1265 μὴ
1868 1197 2018 1247 ἀνεν-

466 1285 666 1354 τρεχῶν
731 1285 1048 1353 δυναμένων
1134 1287 1203 1340 τὰ
1284 1286 1630 1357 παραπλήσια
1699 1289 2019 1353 συναγαγεῖν

457 1375 569 1427 ἀπὸ
603 1374 713 1427 τῶν
754 1375 1012 1445 Γραφῶν,
1057 1377 1150 1429 καὶ
1196 1376 1427 1445 βλέπειν,
1466 1375 1549 1437 τίς
1587 1378 1619 1444 ἡ
1651 1374 1773 1440 δόξα
1813 1375 1918 1426 τῶν
1963 1376 2019 1427 ἐν

480 1464 648 1535 Ἰησοῦ
677 1465 901 1535 Χριστῷ
947 1465 1166 1533 ἀγαθῶν
1199 1466 1302 1518 ὑπὸ
1356 1462 1446 1518 τοῦ
1515 1465 1859 1533 Εὐαγγελίου,
1904 1463 2018 1518 δια-

467 1554 787 1623 κονουμένου
837 1556 942 1607 ὑπὸ
993 1555 1292 1624 ἀνθρώπων
1351 1555 1443 1608 καὶ
1501 1555 1760 1622 ἀγγέλων,
1815 1554 1922 1621 ἐγὼ
1975 1553 2017 1606 δ’

466 1640 630 1713 οἶμαι,
663 1645 747 1696 ὅτι
802 1646 898 1698 καὶ
958 1644 1161 1714 ἀρχῶν,
1200 1645 1293 1697 καὶ
1349 1643 1620 1708 ἐξουσιῶν,
1651 1644 1741 1695 καὶ
1799 1643 2016 1713 θρόνων,

2123 751 2333 820 ligimus
2360 758 2666 804 terrestrem
2699 751 2839 804 hunc
2875 751 3071 816 locum,
3104 750 3196 802 sed
3234 749 3392 801 etiam
3433 761 3646 800 omnem

2123 842 2331 910 globum
2369 856 2434 893 ex
2481 840 2619 894 coelo
2667 851 2720 894 et
2763 849 2925 903 terra,
2971 840 3054 893 vel
3091 854 3158 893 ex
3198 838 3348 893 cmlis
3394 846 3446 891 et
3483 847 3642 891 terra.

2123 929 2226 984 Sed
2283 929 2409 998 quid
2487 945 2620 998 opus
2689 939 2770 983 est
2832 929 3030 982 diutius
3084 927 3390 997 protrahere
3451 941 3648 980 sermo-

2122 1033 2242 1072 nem
2300 1020 2363 1072 de
2405 1033 2468 1072 eo
2514 1019 2640 1086 quid
2692 1019 2763 1072 sit
2808 1018 3149 1087 Evangelium
3182 1017 3361 1070 YCum
3403 1016 3513 1068 haec
3556 1029 3650 1066 au-

2125 1117 2225 1161 tem
2273 1106 2382 1174 jam
2432 1107 2562 1159 satis
2609 1108 2746 1179 dicta
2793 1107 2924 1165 sint.
2971 1114 3130 1172 atque
3180 1105 3300 1158 inde
3346 1102 3538 1158 similia
3581 1116 3647 1154 ex

2123 1197 2417 1266 Scripturis
2471 1197 2729 1266 colligere
2789 1195 2994 1263 possint
3045 1193 3138 1262 qui
3194 1192 3409 1245 minime
3471 1188 3645 1243 stolidi

2122 1294 2245 1338 sunt
2289 1293 2343 1338 et
2386 1287 2568 1347 rudes,
2624 1292 2678 1337 et
2738 1283 2932 1336 intueri
2992 1295 3147 1348 quam
3211 1279 3434 1347 gloriam
3484 1277 3650 1330 hono-

2122 1388 2238 1426 rum
2287 1375 2398 1452 17
2460 1375 2510 1427 in
2564 1363 2947 1427 Christo-Jesu
2999 1370 3244 1423 exhibeat
3288 1365 3646 1434 Evangelium,

2124 1472 2232 1517 tum
2255 1463 2321 1518 ah
2355 1463 2678 1525 hominibus,
2718 1470 2822 1514 tum
2869 1459 2933 1512 ab
2971 1457 3171 1526 angelis
3200 1455 3646 1517 administratum,

2122 1563 2192 1616 et,
2215 1562 2272 1607 ut
2304 1567 2402 1623 ego
2431 1553 2680 1615 arbitror,
2703 1553 2860 1605 etiam
2891 1565 2918 1603 a
2943 1549 3324 1619 principatibus
3340 1557 3390 1600 et
3414 1554 3648 1615 potesta-

2125 1643 2284 1706 tibus,
2316 1656 2347 1696 a
2386 1640 2591 1695 thronis
2623 1649 2676 1694 et
2709 1640 3160 1703 dominationibus
3183 1677 3198 1701 ,
3247 1653 3309 1690 ac
3352 1637 3541 1690 deinde
3581 1636 3650 1688 ab

468 1733 558 1785 καὶ
586 1735 945 1804 κυριοτήτων,
980 1735 1074 1786 καὶ
1103 1735 1299 1796 παντὸς
1331 1734 1584 1803 ὀνόματος
1611 1732 2016 1801 ὀνομαζομένου,

2121 1732 2265 1786 omni
2303 1731 2550 1794 nomine,
2580 1731 2718 1799 quod
2766 1730 3093 1793 nominatur,
3129 1743 3230 1780 non
3275 1727 3439 1780 solum
3470 1726 3520 1778 in
3552 1725 3651 1779 hoe

469 1825 527 1876 οὐ
557 1825 713 1893 μόνον
748 1827 808 1876 ἐν
852 1825 1026 1893 τούτῳ
1071 1823 1148 1892 τῷ
1195 1823 1366 1887 αἰῶνι,
1402 1823 1537 1876 ἀλλά
1567 1824 1658 1876 καὶ
1679 1825 1736 1875 ἐν
1785 1822 1861 1890 τῷ
1900 1821 2022 1890 μέλ-

2120 1822 2335 1884 saeculo,
2367 1836 2548 1875 verum
2579 1823 2742 1874 etiam
2776 1820 2828 1874 in
2867 1819 3078 1881 futuro,
3104 1826 3216 1871 tum
3251 1817 3411 1872 etiam
3445 1815 3513 1868 ab
3538 1815 3652 1882 ipso

470 1913 625 1978 λοντι,
646 1913 776 1982 εἴγε
807 1914 901 1965 καὶ
931 1914 1023 1964 ὑπ’
1062 1913 1226 1966 αὑτοῦ
1269 1912 1360 1964 τοῦ
1420 1913 1677 1983 Χριστοῦ·
1712 1913 1872 1964 αὑτοῦ
1920 1928 2016 1963 που

2117 1911 2368 1978 Christo,
2416 1903 2516 1966 hoc
2547 1913 2596 1965 in
2626 1911 2742 1970 loco
2789 1911 3031 1964 liniemus
3075 1923 3193 1979 quae
3225 1909 3487 1961 narranda
3531 1919 3650 1959 esse

471 2004 892 2073 καταπαύσομεν
913 2003 982 2055 τά
1010 2003 1115 2073 πρὸ
1148 2003 1246 2073 τῆς
1288 2001 1735 2070 συναναγνώσεως
1774 2001 1879 2054 τῶν
1933 2017 2022 2068 γε·

2118 2001 2348 2056 tlixintns
2387 2010 2513 2056 ante
2549 2002 3044 2071 interpretationem
3087 2014 3271 2054 eorum
3307 2013 3426 2068 qum
3466 1995 3650 2065 praele-

469 2094 816 2163 γραμμένων.
863 2093 998 2162 Ἤδη
1035 2093 1092 2145 δὲ
1117 2091 1233 2161 Θεῷ
1259 2091 1533 2162 αἰτώμεθα
1563 2093 1886 2163 συνεργῆσαι
1933 2092 2016 2144 διὰ

2117 2099 2310 2160 guntur
2364 2092 2447 2146 his
2499 2093 2730 2158 scriptis.
2771 2090 2885 2146 1am
2920 2105 3049 2145 vero
3096 2090 3260 2143 Deum
3309 2101 3542 2150 oremus,
3591 2094 3650 2139 ut

471 2183 697 2252 Χριστοῦ
719 2186 852 2252 ἡμῖν
879 2184 937 2236 ἐν
957 2183 1099 2252 ἁγίῳ
1128 2182 1401 2250 Πνεύματι
1438 2182 1569 2250 πρὸς
1603 2181 1889 2245 ἀνάπτυξιν
1924 2182 2016 2233 τοῦ

2121 2179 2273 2232 nobis
2305 2181 2376 2234 sit
2402 2181 2708 2248 adiumento
2737 2195 2832 2248 per
2854 2179 3123 2235 Christum
3154 2179 3206 2232 in
3239 2185 3427 2232 sancto
3447 2175 3648 2243 Spiritu

470 2275 524 2325 ἐν
577 2276 692 2336 ταῖς
753 2273 960 2339 λέξεσιν
1039 2272 1695 2342 ἐναποτεθησαυρισμένου
1763 2271 2015 2340 μυστικοῦ

2120 2272 2183 2324 ad
2208 2271 2576 2339 explicandum
2604 2272 2884 2341 mysticum
2914 2285 3128 2325 sensum
3151 2270 3204 2324 in
3223 2271 3415 2333 verbis,
3433 2266 3650 2336 perinde

469 2362 581 2416 νοῦ.

2121 2376 2182 2414 ac
2210 2362 2513 2415 thesaurum
2547 2361 2896 2417 reconditum.

1798 2455 2021 2524 Explicit
2053 2454 2310 2522 praefatio.

536 2541 621 2598 16.
665 2544 767 2596 Ἕν
793 2542 953 2610 ἀρχῇ
983 2538 1064 2613 ἦν
1108 2545 1141 2597 ὁ
1179 2546 1385 2613 Λόγος.
1425 2545 1497 2595 Οὐ
1555 2545 1711 2613 μόνον
1765 2544 2015 2613 Ἕλληνες

536 2551 621 2598 16.
666 2551 767 2596 Ἐν
793 2551 950 2610 ἀρχῇ
983 2551 1064 2613 ἠν
1108 2551 1141 2597 ὀ
1179 2551 1385 2613 Λόγος.
1425 2551 1497 2595 Οὐ
1555 2551 1711 2613 μόνον
1765 2551 2015 2613 Ἓλληνες

467 2632 631 2686 πολλά
680 2619 813 2700 (pact
878 2633 1254 2703 σημαινόμενα
1311 2631 1446 2687 εἶναι
1505 2635 1609 2688 ἀπὸ
1670 2633 1776 2702 τῆς
1826 2634 2016 2703 ἀρχῆς

466 2725 866 2794 προσηγορίας,
913 2724 1048 2777 ἀλλά
1093 2725 1199 2796 γὰρ
1242 2725 1296 2777 εἰ
1351 2742 1436 2788 τις
1487 2727 1713 2796 τηρήσαι
1773 2726 2014 2792 συνάγων

169 2877 178 2881 Α
468 2810 721 2864 πάντοθεν
764 2810 924 2863 τοῦτο
961 2811 1022 2864 τὸ
1057 2812 1225 2879 ὄνομα
1249 2851 1264 2875 ,
1319 2815 1412 2865 καὶ
1459 2813 1696 2880 ἀκριϐῶς
1757 2811 2016 2877 ἐξετάζων

466 2725 866 2794 προσηγορίας,
913 2724 1048 2777 ἀλλά
1093 2725 1199 2796 γὰρ
1242 2725 1296 2777 εἰ
1351 2742 1436 2788 τις
1487 2727 1713 2796 τηρήσαι
1773 2726 2014 2792 συνάγων

169 2877 178 2881 Α
468 2810 721 2864 πάντοθεν
764 2810 924 2863 τοῦτο
961 2811 1022 2864 τὸ
1057 2812 1225 2879 ὄνομα
1249 2851 1264 2875 ,
1319 2815 1412 2865 καὶ
1459 2813 1696 2880 ἀκριϐῶς
1757 2811 2016 2877 ἐξετάζων

470 2901 702 2970 βούλοιτο
727 2905 1014 2955 κατανοεῖν
1043 2903 1101 2954 ἐν
1135 2902 1346 2970 ἐκάστῳ
1373 2903 1519 2972 τόπῳ
1542 2903 1647 2955 τῶν
1670 2903 1896 2974 Γραφῶν
1927 2904 2015 2957 ἐπὶ

466 2989 601 3052 τίνος
631 2991 917 3052 τέτακται,
951 2991 1170 3062 εὑρήσει
1200 2993 1291 3044 καὶ
1319 2991 1456 3045 κατὰ
1488 2993 1578 3045 τὸν
1603 2994 1741 3045 θεῖον
1769 2993 1922 3060 λόγον
1957 2992 2016 3047 τὸ

468 3065 771 3149 πολύσημον
807 3079 909 3148 τῆς
941 3080 1157 3148 φωνῆς’
1202 3082 1235 3149 ἠ
1284 3081 1378 3150 μὲν
1408 3081 1513 3152 γάρ
1542 3099 1625 3144 τις
1655 3081 1728 3145 ὡς
1785 3082 2015 3152 μεταϐά-

467 3183 618 3231 σεως,
649 3168 790 3237 αὕτη
823 3168 882 3220 δέ
914 3169 1063 3221 ἐστιν
1096 3172 1129 3238 ἡ
1175 3170 1250 3231 ώς
1285 3170 1402 3223 ὁδοῦ
1457 3173 1549 3224 καὶ
1602 3175 1840 3244 μήκους,
1884 3176 2015 3245 ὅπερ

465 3253 706 3323 δηλοῦται
739 3259 804 3308 ἐκ
828 3256 924 3308 τοῦ
944 3273 957 3288 ο
1000 3257 1170 3326 Ἀρχὴ
1198 3257 1340 3312 ὀδοῦ
1365 3260 1588 3329 ἀγαθῆς
1613 3263 1678 3316 τὸ
1713 3264 1900 3317 ποιεῖν
1947 3266 2018 3318 τὰ

465 3344 674 3399 δίκαια.
689 3348 801 3416 Τῆς
833 3348 948 3418 γάρ
970 3347 1179 3418 ἀγαθῆς
1207 3349 1323 3402 όδοῦ
1354 3352 1611 3422 μεγίστης
1632 3355 2013 3426 τυγχανούσης,

465 3434 604 3487 κατὰ
631 3436 728 3506 μὲν
758 3438 827 3489 τά
851 3438 1044 3510 πρῶτα
1067 3438 1279 3506 νοητέον
1300 3435 1434 3494 εἶναι
1467 3442 1576 3512 (67)
1610 3444 1670 3495 τὸ
1702 3444 2012 3513 πρακτικὸν,

463 3524 598 3594 ὅπερ
631 3527 960 3596 παρίσταται
982 3528 1069 3582 διὰ
1092 3527 1207 3590 τοῦ,
1238 3531 1427 3584 ποιεῖν
1486 3533 1556 3584 τὰ
1609 3531 1834 3588 δίκαια·
1876 3533 2016 3585 κατά

462 3613 517 3666 δὲ
549 3614 615 3668 τά
659 3616 786 3685 ἑξῆς
817 3617 874 3670 τὸ
907 3618 1270 3688 θεωρητικὸν,
1306 3622 1384 3683 εἰς
1439 3622 1468 3673 ὃ
1509 3609 1826 3692 καταλήγείν
1869 3621 2014 3694 οἴμαι

465 3702 638 3755 καὶτὸ
668 3703 824 3766 τέλος
857 3705 1029 3774 αὐτῆς
1050 3708 1121 3757 ’ἐν
1152 3707 1216 3775 τῇ
1249 3705 1511 3780 λεγομένῃ
1562 3710 2011 3777 άποκαταστάσει,

462 3789 546 3843 διὰ
578 3793 636 3844 τὸ
664 3793 870 3864 μηδένα
903 3794 1326 3867 καταλείπεσθαι
1351 3796 1470 3849 τότε
1509 3797 1718 3868 ἐχθρὸν,
1750 3796 1877 3864 εῖγε
1895 3800 2016 3871 άλη-

466 3879 550 3942 θές
581 3882 640 3934 τό
661 3899 675 3916 ο
719 3881 821 3935 Δεῖ
851 3881 967 3950 γὰρ
1011 3885 1200 3936 αὐτόν
1253 3885 1606 3948 βασιλεύειν
1653 3886 1762 3951 ἕως
1816 3885 1890 3940 ἂν
1939 3889 2014 3957 θῇ

462 3969 596 4036 τοὺς
617 3971 870 4039 ἐχθροὺς
897 3971 1088 4025 αὐτοῦ
1118 3971 1236 4026 ὑπὸ
1251 3972 1390 4038 τοὺς
1413 3975 1597 4040 πόδας
1621 3975 2015 4044 αὐτοῦ,ἕσ’χα-

462 4077 556 4127 τος
579 4062 644 4114 δὲ
657 4061 874 4130 ἐχθρός
904 4061 1274 4129 καταργεῖται
1301 4065 1335 4116 ό
1365 4063 1767 4129 θάνατος.Τότε
1785 4068 2010 4140 γάρ(68)

465 4149 556 4216 μία
582 4148 782 4217 πρᾶξις
810 4148 966 4200 ἔσται
993 4146 1103 4200 τῶν
1133 4146 1268 4216 πρὸς
1289 4145 1418 4199 Θεὸν
1438 4147 1523 4199 διὰ
1549 4148 1636 4200 τὸν
1682 4151 1814 4219 πρὸς
1855 4151 2013 4202 αὐτὸν

463 4237 622 4303 Λόγον
654 4237 1000 4305 φθασάντων,
1037 4237 1072 4304 ἠ
1120 4235 1213 4288 τοῦ
1277 4239 1550 4288 κατανοεῖν
1595 4237 1684 4289 τὸν
1714 4237 1841 4290 Θεόν
1858 4256 1872 4268 ο
1927 4240 2012 4292 ἵνα

460 4321 710 4386 γένωνται
739 4323 906 4386 οὕτω,
941 4324 1001 4375 ἐν
1044 4324 1110 4393 τῇ
1167 4321 1365 4389 γνώσει
1396 4323 1488 4376 τοῦ
1547 4325 1752 4396 Πατρὸς
1801 4344 2012 4397 μορφω-

2043 3133 2084 3189 C

2187 2543 2273 2596 16.
2324 2542 2389 2596 In
2417 2538 2671 2606 principio.
2697 2544 2807 2589 erat
2864 2535 3086 2591 Verbum
3119 2539 3185 2593 ⁸¹.
3246 2541 3393 2598 Hanc
3440 2557 3646 2613 vocem,

2116 2633 2381 2701 principii,
2415 2629 2578 2684 multa
2628 2628 2958 2698 signiﬁcare,
3008 2644 3111 2683 non
3162 2640 3366 2686 tantum
3427 2636 3649 2704 gentiles

2116 2725 2372 2787 fatentur,
2400 2721 2491 2776 sed
2524 2721 2685 2773 etiam
2716 2719 2760 2772 si
2791 2718 2914 2787 quis
2941 2718 3228 2774 observare
3255 2731 3414 2791 atque
3455 2725 3648 2780 intelli-

2116 2827 2242 2882 gere
2255 2810 2500 2874 voluerit,
2526 2809 2755 2886 undique
2775 2808 3030 2876 colligens
3061 2811 3159 2863 hoc
3186 2826 3401 2877 nomen,
3424 2822 3476 2867 et
3498 2829 3648 2869 accu-

2117 2911 2231 2957 rate
2254 2901 2560 2969 exquirens,
2587 2913 2691 2968 qua
2729 2899 2794 2952 de
2821 2913 2878 2953 re
2908 2901 2958 2952 in
2989 2900 3214 2967 singulis
3250 2899 3645 2970 Scripturarum

2115 2994 2248 3046 locis
2270 2993 2495 3061 positum
2523 2989 2616 3052 sit,
2656 2988 2890 3042 inveniet
2933 2989 3274 3057 multiplicem
3312 2989 3460 3045 vocis
3493 2991 3648 3057 hujus

2116 3081 2553 3152 signiﬁcationem
2595 3079 2646 3131 in
2703 3077 2898 3131 divinis
2950 3079 3290 3134 sermonibus
3356 3095 3494 3136 esse.
3541 3081 3648 3136 Est

2117 3185 2346 3238 namque
2388 3170 2701 3238 principium
2734 3167 2877 3221 aliud
2907 3169 3168 3222 transitus
3202 3171 3342 3238 quod
3393 3173 3459 3225 ad
3504 3173 3642 3226 viam

2108 3262 2345 3331 "pertinet
2381 3268 2434 3313 et
2458 3259 2844 3328 longitudinem
2873 3296 2888 3319 ,
2915 3249 2972 3312 ut
2998 3259 3110 3313 ha>c
3137 3260 3294 3312 verba
3325 3261 3598 3316 declarant
3629 3282 3642 3316 :

2120 3349 2230 3405 Vite
2255 3352 2398 3406 bona:
2427 3353 2736 3427 principium
2768 3362 2841 3406 est
2867 3352 3038 3421 facere
3053 3351 3200 3420 justa
3242 3352 3308 3408 δ’.
3341 3352 3471 3407 Cum
3501 3355 3642 3408 enim

2113 3441 2249 3494 bona
2287 3441 2371 3494 via
2406 3440 2478 3494 sit
2520 3441 2859 3510 longissima,
2906 3441 2972 3495 ad
3005 3456 3122 3494 eam
3163 3442 3214 3495 in
3254 3442 3439 3510 primis
3478 3445 3644 3512 perti-

2112 3541 2240 3581 nere
2267 3539 2382 3580 eam
2403 3527 2751 3598 philosophiae
2773 3538 2978 3596 partem
3009 3530 3340 3582 censendum
3380 3539 3493 3594 est,
3527 3543 3644 3597 quae

2113 3615 2166 3669 in
2195 3629 2369 3669 rerum
2414 3616 2624 3670 actione
2654 3625 2931 3682 versatur;
2955 3617 3095 3685 quod
3125 3617 3430 3670 ostenditur
3449 3633 3510 3672 ea
3540 3618 3646 3672 illis

2111 3704 2308 3770 verbis,
2335 3704 2504 3772 facere
2517 3705 2698 3773 juxta,
2731 3719 2850 3760 cum
2882 3709 3022 3774 quod
3068 3705 3328 3774 reliquum
3379 3715 3461 3761 est
3521 3707 3638 3770 viae,

2112 3795 2163 3848 id
2193 3803 2360 3848 totum
2395 3795 2462 3848 ad
2492 3809 2610 3849 eam
2637 3795 2741 3848 vim
2769 3804 2972 3863 spectet
2998 3809 3116 3863 qua:
3147 3796 3246 3848 sita
3273 3805 3355 3849 est
3378 3797 3431 3849 in
3465 3811 3640 3849 rerum
3694 3852 3698 3856 ,

2111 3885 2598 3954 contemplatione,
2636 3885 2689 3938 in
2741 3898 2898 3953 quam
2941 3885 3098 3938 etiam
3129 3884 3294 3951 ipsius
3319 3886 3476 3939 linem
3503 3886 3642 3940 desi-

2113 3984 2288 4028 turum
2340 3975 2552 4043 Opinor,
2616 3973 2771 4028 simul
2826 3982 2984 4042 atque
3042 3973 3316 4027 advenerit
3370 3976 3646 4029 restitutio

2109 4081 2267 4135 quam
2307 4074 2501 4120 vocant
2529 4083 2544 4122 :
2584 4080 2648 4120 eo
2676 4065 2815 4134 quod
2843 4074 2950 4118 tum
2980 4048 3230 4132 temporis
3263 4079 3331 4120 ne
3363 4081 3498 4119 unus
3523 4067 3640 4135 qui~

2109 4156 2226 4209 dem
2256 4155 2632 4225 relinquendus
2663 4157 2747 4209 sit
2792 4154 3056 4220 inimicus,
3107 4154 3151 4209 si
3189 4153 3398 4222 quidem
3454 4169 3637 4208 verum

2108 4254 2192 4299 est
2249 4244 2375 4298 illud
2449 4262 2462 4298 :
2534 4244 2744 4313 Oportet
2811 4246 2944 4297 enim
3005 4259 3120 4297 eum
3180 4259 3423 4314 regnare,
3483 4245 3642 4296 donec

2107 4335 2331 4401 posuerit
2360 4350 2534 4387 omnes
2569 4335 2807 4388 inimicos
2837 4334 2930 4387 sub
2960 4332 3111 4402 pedes
3143 4349 3285 4398 suos,
3336 4342 3384 4387 et
3420 4335 3638 4387 novissi-

461 4410 630 4476 θέντες
651 4413 852 4477 πάντες
884 4411 1129 4483 ἀκριϐῶς
1147 4411 1296 4476 Υἱὸς,
1325 4413 1398 4475 ὡς
1453 4413 1545 4467 νῦν
1598 4416 1754 4484 μόνος
1810 4417 1838 4467 ὁ
1887 4417 2010 4480 Υίὸς

2116 4440 2220 4477 mus
2249 4425 2406 4478 hostis
2437 4424 2854 4477 aboleaturmors
2879 4423 2944 4478 ⁸⁸.
2980 4422 3113 4476 Tum
3131 4427 3270 4478 enim
3289 4425 3636 4493 cognoscendi

457 4499 650 4568 ἔγνωκε
672 4502 766 4556 τὸν
799 4503 1042 4572 Πατέρα.
1073 4503 1135 4554 El
1187 4501 1297 4572 γὰρ
1334 4503 1598 4572 ἐπιμελῶς
1647 4523 1730 4569 τις
1774 4506 2008 4571 ἐξετάζοι

2116 4510 2276 4563 Deum
2320 4525 2424 4563 una
2450 4511 2553 4564 erit
2581 4512 2722 4565 actio
2753 4525 2941 4565 eorum
2973 4511 3063 4579 qui
3096 4512 3161 4566 ad
3187 4511 3349 4565 Deum
3383 4526 3637 4580 pervene-

460 4588 579 4640 πότε
605 4589 925 4657 γνώσονται,
959 4587 1042 4653 οἷς
1063 4590 1438 4644 ἀποκαλύπτει
1457 4594 1486 4644 ό
1509 4595 1755 4661 ἐγνωκὼς
1796 4597 1884 4649 τὸν
1902 4598 2012 4650 Πα-

456 4675 598 4747 τέρα,
631 4681 724 4732 καὶ
760 4680 950 4749 βλέπει
989 4681 1050 4732 τὸ
1085 4678 1183 4732 νῦν
1230 4679 1296 4731 δι’
1324 4681 1579 4752 ἐσόπτρου
1632 4687 1724 4738 καὶ
1771 4689 1827 4739 ἐν
1873 4689 2009 4740 αἰνί-

455 4779 612 4832 γματι
645 4768 733 4821 τὸν
761 4767 1032 4837 βλέποντα
1062 4767 1310 4836 βλέπειν,
1347 4770 1549 4825 οὐδέπω
1595 4775 1864 4842 ἐγνωκότα
1908 4794 2007 4830 κα-

454 4851 552 4916 θὼς
576 4855 655 4907 δεῖ
674 4856 898 4923 γνῶναι,
925 4857 1027 4909 οὐκ
1049 4855 1118 4908 ἂν
1147 4857 1385 4927 ἁμάρτοι
1410 4859 1573 4926 λέγων
1614 4863 1809 4934 μηδένα
1843 4867 2006 4932 ἐγνω-

450 4943 614 5008 κέναι,
649 4945 753 5000 xiv
789 4945 1118 5007 ἀπόστολος,
1155 4944 1265 4997 κᾶν
1291 4947 1560 5016 προφήτης
1587 4968 1666 5014 τις
1697 4947 1750 5023 ᾖ,
1783 4953 1871 5005 τὸν
1893 4954 2005 5008 Πα-

2109 4598 2237 4663 rint,
2274 4599 2409 4654 duce
2440 4613 2505 4653 eo
2534 4598 2709 4654 Verbo
2753 4600 2893 4668 quod
2935 4609 3016 4654 est
3053 4601 3191 4668 apud
3221 4602 3382 4655 Deum
3419 4619 3433 4655 :
3467 4610 3524 4655 ut
3558 4600 3635 4655 sic

2107 4688 2213 4742 sint
2245 4687 2294 4741 in
2341 4689 2640 4757 cognitione
2680 4688 2855 4744 Patris
2905 4689 3122 4744 formati
3165 4703 3349 4744 omnes
3392 4699 3636 4744 accurate

2106 4773 2292 4842 Filius,
2309 4764 2369 4835 ut
2393 4793 2534 4833 nunc
2577 4777 2722 4833 solus
2761 4778 2928 4834 Filius
2960 4779 3110 4834 novit
3139 4779 3368 4832 Patrem.
3420 4777 3550 4830 Nam
3587 4779 3631 4831 si

2107 4867 2386 4935 diligenter
2409 4869 2530 4936 quis
2555 4869 2842 4934 examinet,
2872 4869 3085 4939 quando
3109 4867 3318 4921 Patrem
3348 4877 3632 4933 agnoscent

2103 4956 2156 5009 hi
2181 4957 2373 5025 quibus
2407 4959 2607 5012 revelat
2648 4960 2741 5028 qui
2784 4959 2996 5016 Patrem
3025 4957 3207 5020 novit,
3240 4964 3295 5009 et
3329 4957 3630 5010 consideret

450 5030 703 5105 τέρα(69),
720 5034 838 5087 ἀλλ’
851 5036 984 5087 ὅταν
999 5033 1280 5100 γένωνται
1305 5035 1376 5096 ἓν,
1393 5037 1463 5096 ὡς
1497 5037 1626 5102 Υἱὸς
1643 5044 1734 5093 καὶ
1748 5042 1928 5113 Πατὴρ
1947 5044 2004 5094 ἐν

2116 5045 2367 5100 ridentem
2399 5063 2537 5103 nunc
2561 5062 2659 5117 per
2683 5048 2952 5123 speculum
2974 5055 3026 5100 et
3047 5045 3099 5097 iu
3118 5044 3422 5113 aanigmate,
3452 5046 3630 5099 videre

509 5121 550 5154 ⁸¹
576 5121 733 5178 Joan.
766 5139 806 5185 ι,
833 5123 891 5176 1.-
963 5123 1011 5153 ³⁸
1044 5121 1225 5174 Prov.
1253 5137 1357 5181 xtn.
1395 5123 1444 5177 5.
1521 5126 1613 5182 ⁸³1
1642 5130 1765 5187 Cor,
1791 5148 1881 5198 xv,
1917 5134 2098 5202 25,26.

498 5233 608 5303 (67)
636 5229 831 5287 Εἶναι.
869 5229 1070 5303 Exstat
1095 5226 1432 5303 in‘quicibus
1456 5232 1757 5303 Barberino
1781 5250 1833 5293 et
1864 5241 2014 5295 Bod-.

422 5293 609 5367 leiano,
642 5305 799 5354 deest
821 5297 1058 5367 rvero_in
1100 5293 1340 5367 editione
1365 5299 1572 5367 ﬂuetii.

478 5358 606 5443 (68!
629 5360 1055 5443 Τόῖεὲκθρὲνν
1077 5358 1444 5443 εξῒεξῖεληθεῖς
1477 5369 1557 5443 τᾷ
1580 5385 1593 5398 ·
1622 5374 1726 5443 Δεῖ
1745 5378 1852 5443 γὰρ
1901 5379 2002 5430 αὑ-

2103 5255 2202 5320 n_ns
2220 5252 2275 5320 et
2303 5239 2620 5294 Bodleiauus
2644 5239 2925 5293 restituunt
2950 5253 3068 5309 qua:
3095 5239 3293 5292 desunt
3319 5240 3372 5292 in
3401 5238 3632 5292 editione

2102 5309 2297 5444 Ηιΐὲὣ.
2327 5374 2450 5428 Κᾶν
2493 5373 2794 5444 προφήτης
2848 5392 2937 5440 τις
2988 5371 3050 5444 ᾖ,
3089 5372 3192 5444 τόν
3226 5371 3636 5444 ’Πατέρα-510

400 5423 923 5508 τόἶβαάιλεύξῖν
943 5427 1066 5508 έίελς
1077 5507 1091 5508 ί
1106 5423 1191 5508 ἐν
1214 5428 1297 5508 ,θῇ
1331 5423 1467 5496 ὶοῦς
1481 5423 2001 5508 ,ἐκνθρὸῦἐπῖιύἷᾶῦ

2116 5423 2435 5498 ιοὲῖἑῖιᾶὖέὶ
2462 5423 2630 5496 (δοθιξὶ
2658 5423 2974 5497 ἡο-ἇῖθὶιξιιῖιε
2991 5423 3108 5508 E’ét‘
3122 5423 3194 5492 ita
3226 5423 3476 5508 legerunt
3504 5423 3631 5508 Fer-1
3669 5470 3673 5480 ι

392 5492 500 5566 θέω
521 5492 685 5579 ’τοὺς
700 5499 905 5579 ardeae
933 5492 1452 5579 αιειίπῖκεάκςίςος-
1467 5492 1785 5579 “eius;
1806 5492 2005 5579 me

381 5557 626 5654 ﬁﬂa}?
651 5557 948 5627 ἶΙάνατόρ.
989 5557 1141 5610 Τότε
1164 5557 1427 5625 γάρῗδὲί

2106 5513 2276 5564 rarius
2296 5520 2350 5564 et
2380 5509 2681 5574 Perionius;
2716 5512 2849 5564 male
2882 5504 3059 5564 autem
3102 5509 3152 5574 in
3182 5504 3344 5574 codd.
3394 5504 3554 5574 Regio
3582 5514 3635 5554 et

2107 5579 2389 5635 Barbcrino
2414 5580 2618 5647 legitur,
2655 5571 2754 5633 κᾶν
2785 5581 3083 5649 προφήτης,
3117 5572 3156 5640 ἦΔ
3174 5571 3272 5624 τὸν
3313 5571 3542 5638 Πατέρα.
