3848 6182
416 288 429 302 κ
499 266 558 319 5|
1939 264 2251 321 ORIGENIS

499 382 733 435 uolutum
784 392 1215 451 cognoscentem,
1262 380 1704 448 quemadmodum
1753 396 1883 450 opus
1936 394 2018 436 est

2116 383 2267 432 εἰσιν.
2289 380 2350 430 Ei
2373 379 2464 431 καὶ
2491 377 2719 443 δόξειτις
2734 377 2877 446 ἡμᾶς
2906 372 3370 445 παρεκϐεϐηκέναι
3390 371 3442 423 ἓν
3457 388 3607 441 σημαε

500 484 682 537 nosse,
722 471 859 525 haud
886 470 1177 532 aberrabit,
1213 470 1260 522 si
1293 469 1775 524 dixeritneminem
1815 471 2019 525 novisse

2123 469 2338 537 νόμενον
2356 467 2452 534 τῆς
2473 465 2643 535 ἀρχῆς
2664 463 3044 534 σαφηνίζοντας
3065 460 3344 514 καὶταῦτα
3356 461 3607 530 εἰρηκότας

500 555 737 624 Patrem,
778 558 982 612 etiamsi
1018 557 1309 624 apostolus,
1365 558 1572 612 etiamsi
1619 559 1875 626 propheta
1903 560 2019 625 quis

2120 556 2370 620 δεικτέον,
2390 557 2470 608 ὅτι
2518 556 2611 609 καὶ
2642 554 2972 624 παρέκϐασις
3004 553 3139 623 πρὸς
3198 551 3258 602 τὸ
3309 550 3607 618 προκείμενι

497 646 677 709 fuerit,
706 649 799 701 sed
824 656 929 699 tum
961 645 1193 715 [Patrem
1228 648 1294 699 ab
1320 647 1404 701 bis
1431 650 1856 713 cognoscendum
1881 646 2016 718 esse]

2121 646 2384 714 ἀναγκαία
2411 649 2503 698 καὶ
2526 647 2787 716 χρήσιμος
2813 640 2880 713 ἦν
2905 661 2919 675 ’
2965 646 3012 696 εί
3055 643 3163 713 γὰρ
3193 640 3334 711 ἀρχὴ
3384 640 3456 702 ὼς
3488 657 3607 709 μετα

498 751 619 788 cum
650 750 809 787 unum
841 748 1013 799 erunt,
1043 735 1178 789 sicut
1223 734 1389 790 Filius
1417 746 1471 790 et
1500 737 1659 791 Pater
1691 753 1853 790 unum
1880 747 2017 791 sunt.

2122 736 2324 800 ϐάσεώς
2353 738 2467 789 ἐστι
2488 738 2579 789 καὶ
2593 733 2710 787 ὁδοῦ
2736 736 2827 787 καὶ
2857 736 3079 805 μήκους,
3102 733 3242 803 ἀρχὴ
3263 731 3321 783 δὲ
3362 730 3476 782 ὁδοῦ
3519 734 3607 798 ἀγο

498 824 648 888 Quod
672 824 715 875 si
740 824 861 890 quis
885 831 1035 890 putet
1059 839 1157 878 nos
1192 839 1221 876 a
1264 839 1324 878 re
1364 825 1634 893 digressos
1667 823 1828 878 fuisse
1851 862 1868 888 ,
1896 824 2017 891 quia

2123 825 2219 895 Θῆς
2262 826 2321 878 τὺ
2352 829 2518 878 ποιεῖν
2548 825 2615 878 τὰ
2639 826 2836 888 δίκαια,
2863 824 3006 876 ἔστιν
3051 822 3244 875 εἰδέναι
3286 822 3320 888 ὴ
3368 820 3509 872 πᾶσα
3539 821 3607 872 ὁδὶ

498 912 613 964 haec
646 911 996 965 disseruimus
1023 951 1038 977 ,
1079 926 1238 964 unam
1287 912 1528 980 principii
1579 912 2017 981 signiﬁcationem

2120 916 2295 986 ἀγαθὴ
2324 916 2437 979 πῶς
2457 916 2626 987 ἀρχὴν
2660 915 2754 985 μὲν
2778 914 2888 983 ἔχει
2909 913 2968 965 τὸ
2996 915 3164 965 ποιεῖν
3200 909 3268 962 τὰ
3289 909 3487 975 δίκαια,
3522 926 3607 978 μετ

498 1002 871 1070 explanantes,
925 1003 1059 1057 sciat
1101 1003 1187 1056 hic
1212 1002 1348 1056 hanc
1377 1003 1756 1072 digressionem
1797 1003 1862 1056 ad
1911 1018 2017 1057 rem

2120 1006 2177 1058 δὲ
2201 1006 2296 1076 τὴν
2322 1007 2493 1077 ἀρχὴν
2512 1005 2607 1075 τὴν
2632 1004 2876 1076 Θεωρίαν,
2908 1004 3000 1056 καὶ
3023 1003 3142 1056 τίνα
3166 1001 3363 1072 τρόπον
3398 998 3492 1069 τὴν
3526 998 3607 1052 Geo

497 1094 581 1144 de.
612 1106 717 1159 qua
750 1091 926 1160 agitur
974 1101 1029 1146 et
1086 1091 1270 1145 utilem
1316 1100 1371 1145 et
1424 1081 1786 1146 necessariam
1830 1092 2020 1147 fuisse.
2127 1094 2264 1164 ρίαν.

502 1180 607 1248 18
642 1179 774 1234 Nam
804 1183 850 1236 si
880 1181 1197 1249 principium
1224 1221 1240 1246 ,
1278 1190 1338 1235 ut
1385 1174 1650 1238 transitus
1696 1193 1798 1247 est,
1832 1194 1886 1238 et
1931 1183 2029 1236 viae
2058 1192 2113 1237 et
2144 1184 2519 1255 longitudinis;
2569 1183 2990 1253 principiumque
3036 1182 3134 1235 viae
3168 1180 3324 1235 bona;
3357 1186 3444 1233 est
3481 1177 3608 1233 facet

494 1275 656 1341 iusta,
713 1274 986 1329 sciendum
1041 1285 1122 1330 est
1156 1276 1422 1344 quomodo
1452 1277 1626 1331 omnis
1676 1278 1764 1330 via
1805 1278 1942 1332 bona
1976 1277 2294 1346 principium
2350 1278 2542 1333 habeat
2574 1277 2752 1331 facere
2794 1275 2959 1343 iusta,
3003 1281 3123 1342 post
3166 1270 3488 1340 principium
3531 1285 3608 1325 vei

499 1364 1024 1432 contemplationem,
1055 1375 1110 1420 et
1142 1367 1403 1433 quomodo
1432 1366 1954 1435 contemplationem.
3425 1417 3437 1427 .

566 1459 652 1511 17.
682 1457 908 1511 Rursum
938 1466 1018 1511 est
1059 1458 1222 1511 etiam
1261 1457 1581 1526 principium
1611 1458 1751 1512 aliud
1790 1436 2015 1528 genera-

2117 1460 2123 1468 ’
2198 1469 2442 1521 17.Ἕστι
2460 1466 2514 1519 δὲ
2531 1463 2669 1534 ἀρχὴ
2686 1463 2778 1515 καὶ
2796 1464 2830 1530 ἡ
2851 1460 2924 1522 ὼς
2939 1453 3269 1528 γενέσεως,
3291 1455 3422 1524 (69‘)
3436 1454 3579 1517 δόξαι
3598 1455 3607 1506 ε

500 1549 680 1613 tionis,
724 1549 865 1618 quod
902 1548 1070 1602 videri
1114 1557 1286 1617 potest
1312 1549 1367 1601 in
1396 1549 1496 1602 hoc
1522 1548 1665 1604 dicto
1693 1549 1801 1607 :Jn
1830 1551 2019 1618 princi-

2134 1559 2224 1612 ἐπὶ
2253 1555 2375 1610 τοῦ·
2415 1557 2512 1610 Ἐν
2546 1551 2700 1621 ἀρχῇ
2738 1550 3018 1615 ἐποίησεν
3043 1551 3075 1600 ό
3101 1546 3244 1611 Θεὸς
3278 1545 3385 1597 τὸν
3416 1546 3607 1611 οὺρανε

498 1639 584 1705 pio
620 1638 742 1706 fecit
774 1637 910 1692 Deus
940 1638 1120 1691 caelum
1154 1646 1201 1691 et
1231 1649 1418 1691 terram
1451 1638 1517 1690 “.
1562 1637 1666 1694 Sed
1705 1641 1937 1708 apertius
1967 1641 2017 1694 in

2133 1646 2232 1699 καὶ
2253 1646 2363 1711 τὴν
2396 1643 2529 1712 γῆν.
2553 1640 2714 1710 Οἶμαι
2738 1639 2794 1691 δὲ
2831 1636 3153 1704 σαφέστερον
3176 1634 3232 1685 ὲν
3257 1630 3335 1700 τῷ
3373 1630 3490 1683 ’1ὼὸ
3514 1628 3603 1712 τοῦ

498 1726 597 1782 Job
627 1728 979 1797 signiﬁcatum
1009 1724 1107 1783 hoc
1127 1727 1386 1783 enuntiari
1423 1729 1672 1791 arbitror,
1691 1730 1777 1783 his
1803 1730 2017 1783 verbis:

2127 1711 2577 1793 καταγγέλλεσθαι
2602 1722 2663 1775 τὸ
2684 1720 3068 1792 σημαινόμενον
3093 1715 3233 1770 κατὰ
3248 1715 3324 1767 τό’
3356 1711 3607 1766 Τουτέστ

501 1815 616 1869 Hoc
642 1825 716 1870 est
741 1816 1048 1884 principium
1076 1816 1303 1885 ﬁgmenti
1329 1818 1536 1873 Domini
1568 1817 1785 1886 factum,
1810 1829 1866 1870 ut
1898 1818 2020 1870 illu-

2088 1880 2094 1886 _
2128 1813 2280 1882 ἀρχὴ
2330 1812 2675 1881 πλάσματος
2722 1806 3114 1876 πεποιημένον
3145 1801 3607 1873 ἐγκαταπαίζεσθ

501 1908 656 1958 datur
701 1906 764 1959 ab
821 1876 1020 1973 anaelis
1071 1876 1178 1960 iiiis
1210 1907 1276 1959 ⁸⁸.
1308 1907 1520 1979 ,Ροεεει
1562 1876 1705 1961 enir'n
1759 1907 2020 1975 quispiam

2088 1880 2097 1926 ι
2407 1876 2668 1972 ἀγγέλων
2698 1898 2900 1952 αὐτοῦ.
2930 1895 3215 1950 Ὑπολάὸοι
3234 1894 3342 1964 γὰρ
3362 1893 3429 1946 ἄν
3453 1910 3537 1965 τις
3568 1909 3607 1943 τι

503 1996 811 2049 existimare
842 1996 1031 2050 caelum
1076 2009 1130 2050 et
1166 2005 1364 2049 terram
1391 1997 1652 2066 principio
1681 1996 1825 2050 facta
1861 1996 2022 2050 fuisse

2125 1996 2181 2046 ὲν
2205 1993 2411 2061 γενέσει
2442 1994 2505 2061 τῇ
2536 1990 2626 2043 τοῦ
2658 1989 2856 2058 κόσμου
2890 1987 3260 2056 τυγχανόντων
3296 1986 3354 2035 ὲν
3388 1984 3530 2053 ἀρχῇ
3579 1999 3607 2032 11

504 2096 631 2139 ante
665 2086 843 2139 omnia
877 2101 993 2154 quae
1045 2086 1250 2139 suntin
1292 2089 1471 2143 mundi
1514 2088 1874 2156 generatione.
1926 2087 2023 2141 Sed

2130 2082 2379 2151 ποιῆσθαι
2406 2081 2496 2132 τὸν
2513 2077 2734 2148 οὐρανὸν
2769 2078 2861 2130 καὶ
2887 2076 2983 2146 τὴν
3028 2075 3152 2144 γῆν.
3197 2073 3415 2126 Βέλτιον
3457 2072 3515 2124 δὲ
3541 2110 3555 2135 ,
3603 2092 3607 2116 ‹

504 2176 693 2229 melius
718 2183 799 2229 est
837 2183 894 2229 ut
943 2179 1221 2230 sententiae
1270 2176 1369 2231 Job
1407 2177 1584 2232 habita
1632 2178 1856 2238 ratione,
1911 2192 2023 2230 cum

2130 2169 2263 2240 πρὸς
2289 2170 2349 2221 τὸ
2382 2168 2490 2238 (70)
2518 2166 2759 2236 δεύτερον
2795 2164 2973 2234 ῥητὸν,
3009 2162 3217 2216 πολλῶν
3259 2161 3428 2214 ὄντων
3469 2159 3576 2212 τῶν

506 2264 668 2318 multa
695 2266 803 2319 sint
831 2281 947 2333 quas
975 2266 1027 2319 in
1069 2268 1384 2336 corporibus
1436 2268 1575 2320 facta
1616 2266 1763 2320 fuere
1782 2307 1798 2330 ,
1827 2267 2025 2334 primus

2133 2252 2337 2322 σώματι
2381 2251 2771 2322 γεγενημένων,
2804 2249 3014 2320 πρῶτον
3055 2250 3164 2302 τῶν
3217 2251 3273 2300 ὲν
3327 2247 3539 2318 σώματι
3587 2264 3607 2298 τ

504 2372 687 2409 eorum
748 2372 867 2425 qua:
909 2368 1032 2410 sunt
1080 2359 1132 2411 in
1167 2371 1417 2425 corpore,
1455 2357 1631 2411 factus
1690 2358 1760 2411 sit
1811 2355 1900 2409 ille
1940 2356 2023 2422 qui

2131 2342 2453 2411 καλούμενον
2484 2338 2618 2394 εἶναι
2635 2340 2915 2409 δράκοντα,
2942 2337 3336 2408 ὀνομαζόμενον
3360 2338 3416 2389 δέ
3450 2353 3553 2388 που
3584 2354 3607 2388 ιε

504 2449 798 2515 appellatur
840 2450 1005 2502 draco
1041 2448 1109 2511 “,
1139 2449 1442 2502 nominatus
1470 2448 1633 2502 etiam
1688 2447 1883 2500 alicubi
1919 2461 2023 2499 ma-

2134 2434 2270 2502 μέγα
2292 2434 2471 2502 κῆτος,
2497 2433 2630 2502 ὅπερ
2661 2432 2983 2502 ἐχειρώσατο
3019 2431 3046 2481 6
3074 2429 3295 2499 Κύριος.
3343 2430 3456 2481 Καὶ
3516 2429 3607 2481 ἁνο

504 2547 666 2598 gnum
688 2544 824 2599 cete,
853 2538 994 2605 quod
1025 2537 1152 2590 vicit
1186 2535 1462 2590 Dominus.
1507 2534 1900 2601 Sciendumque
1950 2541 2023 2587 est

2131 2527 2279 2574 καῖον
2306 2523 2416 2591 (71)
2444 2522 2728 2591 ἐπιστῆσαι
2762 2524 2806 2574 εἰ
2835 2521 2990 2575 ἆῡλον
3033 2520 3207 2589 πάντη
3252 2520 3355 2573 καὶ
3387 2518 3607 2588 ἀσώμαπ

508 2625 812 2678 necessario
837 2640 955 2677 cum
987 2624 1157 2678 sancti
1184 2625 1347 2678 vitam
1378 2625 1552 2677 omnis
1579 2623 1815 2677 materiae
1839 2637 2027 2690 corpo-

2133 2612 2275 2683 ζωὴν
2309 2612 2519 2676 ζώντων
2546 2614 2602 2665 ὲν
2643 2612 2996 2683 μακαριότητι
3030 2611 3136 2663 τῶν
3166 2610 3367 2677 ἁγίων,
3412 2613 3442 2663 ὁ
3486 2610 3607 2663 καλι

511 2716 691 2782 risque
726 2725 996 2781 expertem
1040 2716 1093 2769 in
1138 2717 1465 2771 beatitudine
1499 2714 1872 2776 traducerent,
1904 2726 2030 2765 num

2137 2720 2293 2772 μενος
2353 2702 2561 2772 δράκων
2621 2703 2766 2767 ἄξιος
2842 2701 3173 2772 γεγένηται,
3234 2701 3535 2754 ἀποπεσὼν
3590 2719 3607 2752 ’π

511 2808 559 2861 is
600 2807 692 2875 qui
736 2808 897 2861 draco
944 2808 1258 2876 appellatur,
1291 2817 1692 2877 posteaquama
1739 2806 1849 2859 vita
1896 2819 2029 2872 pura

2135 2794 2374 2863 καθαρᾶς
2410 2791 2573 2860 ζωῆς,
2598 2792 2700 2862 πρὸ
2728 2792 2938 2844 πάντων
2966 2791 3238 2861 ἐνδεθῆναι
3296 2790 3400 2863 ὕλῃ
3457 2792 3553 2844 καὶ
3588 2808 3607 2842 c

509 2897 731 2960 excidit,
760 2898 949 2966 dignus
1001 2898 1099 2952 fuit
1145 2899 1232 2967 qui
1288 2905 1410 2951 ante
1435 2898 1612 2952 omnia
1644 2897 1695 2949 in
1728 2895 1952 2949 materia
1982 2905 2028 2949 et

2137 2900 2283 2952 ματι,
2312 2883 2396 2934 ἵνα
2427 2882 2512 2935 διὰ
2534 2881 2686 2934 τοῦτο
2714 2881 3059 2952 χρηματίζων
3086 2883 3115 2933 6
3145 2882 3349 2953 Κύριος
3387 2881 3479 2934 διὰ
3512 2881 3602 2932 λαί

510 3000 730 3053 corpore
764 2980 1017 3055 ligaretur
1049 3004 1063 3040 :
1092 2995 1147 3039 ut
1174 2999 1390 3056 propter
1428 2987 1528 3040 hoc
1568 2986 1892 3053 respondens
1930 2983 2029 3038 Do-

2135 2987 2236 3033 πος
2261 2968 2353 3022 καὶ
2382 2968 2553 3037 νεφῶν
2576 2968 2707 3038 λέγῃ
2730 2985 2744 2998 ο
2785 2967 3096 3021 Τουτέστιν
3137 2968 3292 3037 ἀρχὴ
3327 2968 3607 3037 πλάσμα]

511 3075 687 3129 minus
761 3088 857 3142 per
911 3075 1170 3128 turbinem
1217 3084 1272 3130 et
1324 3080 1493 3130 nubes
1549 3077 1690 3128 dicat
1732 3091 1748 3127 :
1804 3072 1917 3126 Hoc
1959 3079 2030 3126 est

2138 3061 2353 3127 Κυρίου
2392 3059 2784 3126 πεποιημένον
2818 3059 3339 3126 ἐγκαταπαίζεσθαι
3391 3059 3517 3114 ὑπὸ
3578 3077 3607 3111 τ

509 3163 821 3233 principium
841 3164 1068 3232 figmenti
1101 3165 1329 3230 Domini,
1366 3165 1562 3233 factum
1608 3174 1664 3217 ut
1691 3164 1947 3217 illudatur
1971 3164 2028 3215 ab

2071 3178 2105 3234 ε
2138 3147 2402 3218 ἀγγέλων
2430 3149 2632 3201 αὑτοῦ.
2666 3146 2892 3199 Δυνατὸν
2919 3146 3163 3214 μέντοιγε
3188 3148 3279 3200 τὸν
3308 3148 3590 3218 δράκοντα

512 3253 706 3320 angelis
746 3254 853 3305 suis
880 3253 962 3316 "';
1013 3254 1125 3307 lieri
1155 3255 1295 3307 enim
1344 3262 1520 3321 potest
1560 3262 1619 3306 ut
1642 3254 1801 3306 draco
1839 3268 1941 3306 non
1969 3253 2031 3305 sit

2139 3239 2463 3304 ἁπαξαπλῶς
2492 3235 2628 3292 εἶναι
2661 3238 2830 3306 ἀρχὴν
2883 3236 3198 3305 πλάσματος
3248 3237 3487 3308 Κυρίου,
3538 3238 3607 3291 ἀλ

514 3343 735 3395 omnino
764 3342 1079 3409 principium
1108 3343 1343 3411 ﬁgmenti
1380 3343 1607 3408 Domini,
1634 3342 1725 3396 sed
1762 3352 1819 3395 ut
1842 3342 2033 3396 multo«

2136 3331 2341 3384 πολλῶν
2388 3332 2446 3382 ὲν
2501 3330 2707 3398 σώματι
2759 3328 3250 3393 ὲγκαταπαίζεσθαι
3304 3330 3607 3399 πεποιημέε

514 3448 635 3486 rum
662 3446 777 3499 quae
808 3432 946 3485 facta
970 3433 1077 3486 sint
1106 3434 1158 3486 iu
1200 3448 1442 3500 corpore,
1481 3442 1541 3487 ut
1578 3433 1921 3486 illudereutur
1973 3431 2033 3485 ab

2136 3421 2238 3474 ὑπὸ
2261 3421 2366 3474 τῶν
2390 3419 2651 3488 ἀγγέλων,
2680 3416 2863 3471 τοῦτον
2893 3420 3063 3489 ἀρχὴν
3088 3419 3195 3472 τῶν
3222 3421 3488 3473 τοιούτων
3535 3416 3607 3473 εἴη

518 3523 743 3590 angelis,
774 3523 842 3575 sit
868 3523 955 3576 hic
976 3522 1136 3577 draco
1155 3523 1488 3591 principium,
1514 3537 1632 3577 cum
1662 3522 1862 3590 possint
1879 3521 2037 3588 aliqui

2136 3511 2442 3582 δυναμένων
2464 3512 2620 3564 τινῶν
2664 3512 2923 3581 ὑπάρχειν
2954 3513 3011 3562 ὲν
3057 3509 3293 3580 σώματι·
3336 3512 3442 3580 οὐχ
3489 3511 3607 3563 οὔτι

515 3615 749 3667 existere
778 3612 830 3664 in
857 3626 1078 3680 corpore
1104 3628 1119 3677 ;
1149 3614 1285 3666 haud
1318 3614 1388 3666 ita
1418 3623 1613 3665 tamen.
1635 3611 1840 3665 Etenim
1864 3612 2034 3664 anima

2138 3605 2230 3658 καὶ
2263 3602 2421 3674 γὰρὴ
2454 3603 2596 3672 ψυχὴ
2613 3602 2704 3655 τοῦ
2728 3602 2877 3673 ἡλίου
2901 3603 3008 3668 (72)
3045 3605 3101 3655 ἐν
3134 3601 3381 3671 σώματι,
3419 3605 3523 3655 καὶ
3556 3621 3607 3655 πε

516 3699 643 3755 solis
674 3700 725 3751 in
755 3714 976 3766 corpore
1008 3708 1109 3761 est,
1136 3710 1292 3768 atque
1321 3700 1479 3753 etiam
1509 3698 1755 3754 universa
1773 3707 2035 3761 creatura,

2136 3695 2170 3762 ἡ
2194 3691 2385 3755 κτίσις,
2409 3692 2534 3763 περὶ
2560 3689 2625 3763 ἦς
2655 3694 2684 3743 6
2726 3691 3038 3752 Ἀπόστολός
3066 3705 3222 3758 φησιο
3254 3687 3437 3742 Πᾶσα
3489 3692 3532 3757 ἡ
3585 3709 3607 3742 a

517 3792 583 3851 de
605 3805 705 3858 qua
745 3790 1027 3858 Apostolus
1057 3790 1185 3844 dicit
1219 3809 1232 3844 :
1272 3789 1398 3843 Tota
1443 3802 1679 3844 creatura
1713 3792 1958 3858 suspirat,
1993 3798 2036 3843 et

2138 3795 2181 3833 σ
2183 3798 2237 3845 ις
2260 3778 2522 3840 στενάζει
2554 3780 2650 3833 καὶ
2691 3779 3004 3833 συνωδίνει
3038 3777 3173 3846 ἄχρι
3227 3777 3331 3830 τοῦ
3393 3778 3525 3832 νῦν
3548 3796 3564 3810 ·

517 3880 747 3934 condolet
775 3896 932 3948 usque
955 3882 1006 3932 in
1038 3896 1264 3947 praesens
1294 3880 1372 3944 ⁸⁸,
1397 3890 1450 3934 et
1486 3880 1730 3934 fortassis
1759 3881 1822 3934 de
1850 3879 1937 3932 illa
1961 3887 2036 3933 est

2139 3872 2276 3940 τάχα
2306 3872 2430 3940 περὶ
2461 3871 2665 3939 ἐκείνης,
2697 3869 2809 3922 ἐστὶ
2837 3869 2898 3921 τό
2920 3886 2934 3899 ·
2979 3869 3057 3935 Τῇ
3083 3869 3434 3936 ματαιότητι
3478 3872 3521 3937 ὴ
3582 3889 3607 3923 a

517 3971 619 4025 hoc
660 3986 675 4022 :
716 3969 945 4024 Vanitati
991 3982 1229 4025 creatura
1285 3971 1513 4039 subjecta
1558 3977 1631 4022 est
1688 3985 1791 4022 non
1846 3970 2036 4032 volens,

2140 3973 2238 4022 σις
2258 3956 2516 4026 ὑπετάγη
2543 3959 2653 4025 οὐχ
2681 3956 2922 4018 ἑκοῦσα,
2954 3955 3112 4009 ἀλλὰ
3156 3954 3251 4008 διὰ
3295 3955 3412 4008 τὸν
3477 3960 3607 4012 ὺπο

517 4062 605 4112 sed
619 4072 824 4128 propter
843 4076 958 4112 eum
983 4062 1071 4128 qui
1093 4060 1308 4127 subjecit
1329 4076 1437 4112 eam
1462 4060 1516 4111 in
1538 4076 1622 4125 spe
1637 4059 1705 4121 ⁸⁸,
1737 4068 1793 4110 ιιι
1821 4057 1876 4110 in
1904 4058 2036 4110 vani-

2142 4048 2326 4113 ξαντα
2357 4048 2429 4116 τῇ
2463 4049 2679 4113 ἐλπίδι,
2709 4050 2793 4102 ἵνα
2818 4050 2874 4102 ὲν
2910 4048 3222 4117 ματαιότητι
3271 4047 3339 4100 τὰ
3374 4048 3607 4120 σώματι

520 4159 631 4204 tate
676 4150 784 4204 sint
816 4164 1063 4217 corpora,
1114 4160 1167 4204 et
1200 4152 1367 4217 ipsum
1417 4147 1594 4203 facere
1640 4148 1953 4216 corporalia,
1987 4148 2039 4202 id

2141 4140 2236 4193 καὶ
2258 4140 2316 4192 τὸ
2338 4144 2505 4192 ποιεῖν
2529 4142 2596 4194 τὰ
2624 4140 2902 4211 σωματικά
2923 4157 2935 4170 ·
2964 4141 3098 4209 ὅπερ
3122 4140 3420 4206 ἀναγκαῖον

519 4237 658 4302 quod
686 4238 1040 4290 necessarium
1060 4246 1141 4290 est
1162 4237 1408 4290 existenti
1439 4237 1491 4288 in
1516 4251 1757 4305 corpore.
1802 4276 1818 4292 .
1846 4273 1861 4288 .
1890 4272 1906 4289 .
1935 4273 1951 4290 .
1982 4271 2001 4290 .
2024 4273 2038 4289 .

2143 4231 2200 4281 ὲν
2233 4228 2438 4300 σώματι
2549 4230 2655 4301 (75)
2683 4232 2912 4302 ὑπάρχει
2939 4233 2967 4283 6
2992 4233 3047 4283 ἐν
3075 4229 3282 4300 σώματι
3305 4230 3424 4301 (74)
3448 4235 3561 4304 οὐχ
3580 4237 3607 4286 ὲ

520 4325 610 4392 qui
641 4325 802 4377 estin
850 4338 1097 4391 corpore,
1129 4340 1231 4378 non
1261 4325 1445 4378 lubens
1474 4324 1602 4377 facit
1627 4340 1746 4392 quae
1777 4336 1901 4378 sunt
1923 4340 2039 4378 cor-

2142 4325 2282 4374 ποιεῖ
2298 4321 2365 4373 τὰ
2411 4321 2501 4373 τοῦ
2543 4320 2807 4390 σώματος.
2856 4321 2952 4374 Διά
2984 4320 3139 4372 τοῦτο
3174 4324 3239 4390 τῇ
3290 4324 3607 4396 ματαιότητ

518 4412 691 4480 poris.
733 4410 978 4466 Hanc-ob
1006 4427 1220 4467 causam
1249 4413 1472 4466 vanitati
1516 4423 1760 4467 creatura
1805 4412 2037 4482 subjecta

2145 4413 2317 4474 κτίσις
2344 4412 2582 4479 ὑπετάγη
2624 4412 2720 4481 οὐχ
2757 4410 2983 4474 ἑκοῦσα,
3018 4410 3110 4462 καὶ
3152 4412 3181 4462 ὁ
3212 4413 3309 4480 οὐχ
3344 4413 3504 4466 ἑκὼν
3551 4433 3607 4467 πε

519 4513 602 4556 est
625 4515 728 4555 nou
761 4500 975 4566 volens;
1004 4511 1059 4556 et
1089 4503 1193 4569 qui
1228 4516 1333 4555 non
1361 4503 1470 4556 vult
1497 4517 1614 4570 qua:
1636 4512 1761 4556 sunt
1795 4503 1897 4571 ιθ
1922 4518 2038 4556 cor-

2087 4499 2117 4553 D
2141 4501 2208 4556 τὰ
2233 4501 2491 4572 σώματος,
2512 4500 2540 4552 ὃ
2569 4502 2726 4565 ποιεῖ,
2750 4502 2889 4553 ποιεῖ
2918 4499 3003 4551 διὰ
3025 4499 3118 4569 τὴν
3160 4500 3375 4565 ἐλπίδα,
3433 4503 3519 4567 ὡς
3552 4508 3606 4559 εἰ

625 4616 672 4648 ⁸⁸
714 4615 846 4669 Gen.
901 4631 940 4678 ι,
986 4615 1038 4669 1.
1108 4616 1153 4647 ⁸⁵
1194 4615 1292 4671 Job
1334 4631 1421 4681 ιι,
1468 4616 1552 4670 14.
1626 4617 1672 4648 ⁸⁸
1711 4616 1810 4672 Job
1861 4634 1941 4685 ιιι,
1981 4620 2034 4674 8.
2106 4619 2144 4651 ⁸¹

2106 4619 2149 4651 ⁸⁷
2191 4618 2289 4672 Job
2355 4633 2442 4680 XL,
2488 4617 2576 4670 l4.
2684 4617 2730 4648 ⁸⁸
2785 4615 2944 4670 Rom.
3003 4631 3118 4680 vm,
3176 4617 3268 4670 22.
3345 4620 3399 4651 "
3449 4622 3601 4679 ibid.

597 4704 1021 4781 (§9_‘)_‘F:ortasse_
1034 4702 1316 4781 legendum
1347 4708 1405 4777 ἦ.
1428 4707 1588 4781 ΔΕιπϊ.
1672 4779 1680 4781 ᾗ
1704 4778 1733 4781 __

2208 4708 2316 4780 (τι)
2338 4710 2443 4763 Καὶ
2462 4707 3240 4781 ἀναγκαῖοηειρεινοιειηιηιη
3255 4698 3599 4781 Ιιῑειιηέειίε

592 4768 967 4847 (’70)’Βέ.βτιον
988 4772 1078 4847 δὲ,
1093 4768 1191 4847 ὣς.
1204 4775 1349 4847 πρὸς
1370 4768 1458 4838 τό,
1491 4788 1607 4847 _etc.
1658 4778 1770 4830 Alia
1797 4782 2045 4847 proponit

2137 4768 2235 4846 pus
2251 4768 2309 4830 et'
2322 4768 2597 4830 materiam
2613 4768 2898 4847 detraliiab
2909 4778 3155 4845 Origene,
3169 4791 3326 4844 quam
3350 4780 3424 4834 iis
3445 4768 3508 4835 in
3528 4768 3607 4838 Μέ

523 4842 778 4926 ρτὶεειιεε
808 4842 990 4926 homil.
1019 4858 1035 4896 ι
1061 4843 1113 4895 in
1150 4842 1382 4926 Genesini
1413 4859 1431 4896 :
1476 4844 1602 4898 Cum
1649 4842 2043 4914 enim’ea'qua:
2142 4842 2266 4926 xxii
2272 4845 2652 4926 circumposuit
2672 4860 2686 4907 ;
2706 4847 2807 4926 sed
2821 4846 2940 4926 ‘haec
2958 4842 3223 4926 proponit,
3241 4863 3347 4900 non
3371 4856 3603 4926 asserit

525 4909 755 4984 [acturus
789 4922 897 4964 erat
928 4909 1089 4984 Deus,
1124 4928 1187 4984 ea:
1212 4912 1395 4984 spiritu
1419 4925 1704 4966 constarent
1726 4924 1774 4967 et
1812 4909 2042 4982 corpore,

2187 4913 2322 4984 _(7:’.)
2356 4909 2648 4984 Καὶ
2681 4909 2986 4984 ψυχὴτοῦ
3015 4909 3214 4984 ἡλίου,
3242 4927 3354 4969 etc.
3428 4920 3607 4977 Sidet

525 4982 625 5049 ista
660 4981 722 5049 de
751 4995 908 5032 causa
935 4982 990 5032 in
1010 4981 1264 5047 principio
1293 4988 1341 5032 et
1378 4991 1494 5033 ante
1523 4984 1694 5034 omnia
1743 4981 1921 5035 caelum
1966 4986 2047 5035 di-
2148 4981 2311 5035 vitam
2339 4998 2445 5034 non
2478 4981 2582 5035 uno
2608 4982 2726 5034 loco
2784 4983 3019 5037 tribuere
3044 4981 3052 4982 ί
3074 4982 3388 5049 Origeuem,
3465 4990 3607 5045 ide"

526 5048 659 5098 citur
680 5047 980 5128 [actamnisi
1001 5051 1280 5128 estnomnis
1309 5049 1558 5128 spiritalis
1590 5051 1913 5128 substantia,
1960 5069 2048 5104 su-
2148 5050 2272 5128 olim
2300 5052 2479 5128 multis
2484 5049 2669 5128 “fuisse
2686 5065 2996 5128 persuasum
3032 5047 3400 5128 e_Pa[riphylo
3427 5072 3608 5128 supra

526 5130 615 5186 per
644 5116 971 5186 qu_am__vclut
1000 5117 1055 5169 in
1076 5118 1257 5186 throno
1294 5118 1516 5186 quodam
1552 5127 1598 5169 et
1626 5120 1742 5170 sedc
1783 5119 1918 5172 Deus
1976 5137 2049 5172 re-
2149 5119 2355 5170 cuimus
2380 5119 2445 5169 ad
2480 5117 2693 5186 Origen.
2728 5117 3022 5186 Comment.
3065 5121 3120 5172 in
3167 5116 3524 5178 Mattttwum'
3577 5147 3608 5183 κ

527 5179 756 5253 quiescit.
781 5179 888 5234 Nec
916 5186 1044 5236 satis
1069 5179 1347 5253 aliquando
1370 5196 1576 5253 tempus
1608 5202 1711 5253 quo
1737 5192 1898 5240 creati
1926 5198 2049 5243 sunt
2148 5185 2390 5239 Verterat
2412 5179 2690 5253 Ferrarius
2721 5185 2870 5247 Elite,
2910 5190 2998 5241 sed
3029 5188 3172 5241 nullo
3195 5204 3388 5243 sensu.
3419 5195 3507 5249 In,

529 5250 698 5329 angeli
732 5264 1050 5333 eogrigscere
1081 5250 1744 5333 se1prolltetur:proinm.
1792 5255 1926 5333 libri
1971 5258 2047 5333 _Dc

2218 5254 2342 5333 (75).
2365 5252 2441 5321 Τῇ
2464 5253 2679 5333 Quid},
2714 5256 2813 5308 ἶνα
2832 5256 2901 5308 ἐν
2915 5258 3256 5333 ματαιότητι
3266 5257 3351 5333 ςτὰ
3376 5262 3607 5333 adma:

530 5270 698 5315 angeli
732 5270 1050 5315 cognoscere
1081 5270 1138 5305 se
1223 5270 1468 5307 routetur
1519 5270 1744 5322 prorem.
1811 5270 1926 5311 ltbt’l
1975 5270 2047 5310 uc

530 5318 811 5398 principiis.
852 5314 939 5368 Est
978 5319 1127 5369 etiam
1158 5270 1550 5398 iliud,_iuquit,
1587 5325 1649 5398 in
1700 5326 2045 5398 ecclesiastica

2218 5270 2328 5319 (ω)
2365 5270 2439 5321 In
2464 5270 2679 5332 ενέπισι,
2715 5270 2813 5308 ινα
2832 5270 2901 5308 εν
2915 5270 3256 5325 ματαιοτητι
3272 5270 3351 5311 τα
3376 5270 3607 5333 (fama:

2145 5321 2242 5398 regi
2266 5321 2349 5398 ’τὸ
2376 5336 2564 5398 aratur
2593 5323 2664 5398 τᾲ
2703 5325 3031 5392 σωματικά·
3066 5325 3207 5398 ὅπερ
3247 5326 3607 5398 ἀναγκαῖοι

530 5387 1026 5464 ῃνανάὶεαιίοηεβηρ
1048 5390 1272 5464 angelos
1308 5388 1402 5464 Dei
1432 5387 1701 5464 quosdam,
1749 5404 1794 5464 et
1839 5395 2045 5447 virtutes
2144 5389 2222 5464 τῷ
2253 5390 2322 5441 ἐν
2344 5389 2738 5464 σώματα-11339
2762 5387 2952 5464 desunt
2990 5396 3125 5464 apud
3162 5387 3459 5464 Httetiurit,
3503 5387 3608 5459 sed

530 5454 708 5510 bonas,
730 5469 845 5517 qua:
864 5453 911 5504 ei
936 5454 1217 5505 ministrent
1263 5458 1329 5507 ad
1375 5453 1590 5511 salutem
1622 5453 1885 5513 hominum
1925 5478 2046 5513 con-
2144 5453 2486 5512 stituuntur'e
2513 5461 2667 5511 codd.
2699 5460 2988 5514 Barberiuo
3010 5453 3063 5514 et
3084 5461 3409 5518 Bodleiano.

530 5519 920 5599 summandami
942 5524 1027 5573 sed
1054 5523 1257 5601 quando
1288 5524 1387 5601 isti.
1405 5528 1561 5601 creati
1578 5530 1698 5601 sin_t_.
1720 5538 1767 5579 et
1792 5533 2043 5593 quomodo

2152 5595 2165 5601 _
2204 5524 2322 5601 .(74)
2363 5524 2628 5601 Ύπᾴρχει
2664 5530 2695 5579 ό
2730 5527 2799 5579 ἐν
2831 5530 3070 5599 σώματι.
3118 5531 3444 5601 Legeudum
3484 5539 3607 5597 Vidi

530 5591 653 5655 sint,
689 5604 791 5641 non
819 5589 946 5643 satis
975 5588 1246 5657 manifesto
1267 5591 1621 5660 distinguitur.
1649 5588 1905 5651 llusrius.

1272 5591 1621 5660 distinguitur.
1649 5588 1905 5651 “uerius.
2144 5588 2448 5665 δ’ὑπάρχων
2476 5588 2791 5664 ἐνσώματι.
