3848 6178
440 260 507 316 ⁵³
1549 282 1889 338 COMMENT.
1925 283 1988 336 IN
2016 285 2204 340 JOAN.
2240 284 2472 341 TOMUS
2502 284 2542 338 ι.
3534 282 3630 337 ‘Sl

645 380 865 473 l1a6itov
881 382 1070 440 θέλειν
1101 392 1383 463 ἐπιμένειν
1413 400 1478 468 τῇ
1497 403 1656 469 σαρκὶ
1690 403 1784 472 οὐχ
1810 403 1994 456 ἑκόντα

2116 406 2279 473 poris,
2304 406 2442 473 quod
2472 403 2615 467 facit,
2652 401 2761 469 spei
2784 401 2951 470 gratia
2976 400 3119 463 facit,
3146 410 3394 469 tanquam
3422 417 3468 456 St
3491 402 3633 458 diee-

442 469 571 523 ἀλλὰ
592 469 682 523 διὰ
700 470 803 542 τὴν
834 472 1058 530 ἐλπίδα.
1093 481 1452 552 Προτιμῶντα
1493 488 1598 558 γὰρ
1637 469 1918 543 κατέ-αὑτὸ
1959 491 1998 542 τε

2119 469 2296 547 remus
2351 492 2567 546 Paulum
2621 491 2752 545 velle
2800 503 3111 558 permanere
3160 490 3210 542 in
3265 504 3429 544 carne
3459 529 3474 552 ,
3526 506 3630 545 non

448 560 703 615 ἀναλῦσαι
730 564 833 617 καὶ
855 566 987 621 σὺν
1013 571 1255 638 Χριστῷ
1277 570 1448 639 εἶναι,
1471 576 1566 629 οὐκ
1588 578 1773 646 ἄλογον
1802 576 1868 649 ἦν
1901 581 1998 649 βού-

2115 591 2321 650 sponte,
2353 580 2444 635 sed
2479 586 2690 646 pr0pter
2724 591 2888 643 spem.
2938 575 3313 629 Prin-ferentem
3345 580 3484 631 enim
3539 595 3632 647 per

454 655 633 709 λεσθαι
657 656 946 727 ἐπιμένειν
969 664 1041 732 τῇ
1070 666 1240 735 σαρκὶ
1260 666 1344 719 διὰ
1384 666 1479 736 τὴν
1506 669 1700 739 ἑτέρων
1735 670 1993 748 ὠφέλειαν

2112 684 2169 724 se
2201 670 2404 732 resolvi,
2439 678 2485 721 et
2512 683 2624 720 cum
2654 665 2856 719 Christo
2891 680 2997 717 esse
3022 666 3091 727 '°,
3121 665 3251 718 nihil
3293 675 3377 719 est
3413 669 3630 722 absurdi

463 748 551 799 καὶ
580 747 861 819 προκοπὴν
913 751 1018 822 τὴν
1069 754 1130 807 ὲν
1176 758 1286 819 τοῖς
1333 756 1692 828 ὲλπιζομένοις
1741 762 1800 812 οὐ
1862 747 2015 830 μόνον

469 838 643 902 αὑτοῦ,
676 838 814 892 ἀλλὰ
836 840 934 893 καὶ
965 843 1080 895 τῶν
1112 844 1498 915 ὠφελουμένων
1535 848 1624 899 ὑπ’
1649 849 1828 902 αὐτοῦ.
1861 851 2013 902 Κατὰ

474 928 618 981 τοῦτο
640 928 695 980 δὲ
721 929 781 982 τὸ
803 929 879 993 ὡς
903 933 1177 998 γενέσεως
1200 936 1582 1005 σημαινόμενον
1596 937 1690 1007 τὴν
1708 939 1894 1008 ἀρχὴν,
1922 939 2013 992 καὶ

478 1021 535 1072 τὸ
567 1020 668 1073 ὑπὸ
698 1020 796 1090 τῆς
830 1023 1026 1090 σοφίας
1059 1026 1117 1078 ὲν
1164 1028 1485 1097 Παροιμίαις
1537 1030 1819 1100 λεγόμενον
1864 1031 2010 1085 ἐκδέ-

468 1108 662 1171 ’ξασθαι
688 1110 1033 1183 δυνησόμεθα
1062 1114 1126 1170 '0
1144 1115 1285 1184 Θεὸς
1303 1117 1407 1188 γὰρ
1430 1158 1444 1181 ,
1485 1120 1661 1189 φησὶν,
1706 1120 1901 1173 ἕκτισέ
1938 1138 2013 1189 με

481 1197 666 1265 ἀρχὴν
686 1198 842 1251 ὁδῶν
860 1202 1048 1255 αὑτοῦ
1072 1206 1159 1268 εὶς
1182 1204 1322 1273 ἔργα
1355 1208 1557 1260 αὐτοῦ.
1605 1208 1827 1261 Δύναται
1886 1210 2011 1278 μέν·

481 1302 617 1352 τοιγε
646 1289 738 1338 καὶ
769 1289 866 1341 ἐπὶ
888 1291 949 1342 τὸ
980 1291 1194 1361 πρῶτον
1218 1294 1506 1361 ἀνάγεσθαι
1525 1335 1539 1359 ,
1580 1297 1818 1350 τουτέστι
1848 1297 1907 1349 τὸ
1936 1298 2010 1360 ὠς

478 1375 591 1427 ὀδοῦ
617 1375 705 1428 διὰ
754 1379 815 1429 τὸ
861 1378 1151 1446 λέγεσθαι·
1198 1383 1249 1433 '0
1288 1383 1427 1448 Θεὸς
1469 1383 1667 1437 ἐκτισέ
1695 1403 1770 1453 με
1818 1386 2010 1453 ἀρχὴν

478 1461 626 1513 ὁδῶν
649 1463 859 1516 αὐτοῦ.
908 1467 1021 1517 Οὐκ
1064 1467 1273 1529 ἀτόπως
1323 1468 1378 1520 δὲ
1429 1470 1521 1521 καὶ
1575 1471 1664 1522 τὸν
1719 1470 1823 1523 τῶν
1876 1470 2008 1524 ὅλων

477 1550 602 1603 Θεὸν
641 1552 760 1621 ἐρεῖ
806 1570 890 1615 τις
922 1554 1123 1624 ἀρχὴν,
1159 1555 1339 1623 σαφῶς
1368 1557 1699 1626 προπίπτων,
1741 1560 1819 1611 ὅτι
1868 1560 2006 1631 ἀρχὴ

478 1639 601 1693 Υίοῦ
629 1644 657 1693 6
686 1642 900 1712 Πατὴρ,
931 1645 1023 1696 καὶ
1049 1645 1187 1714 ἀρχὴ
1215 1646 1693 1715 δημιουργημάτων
1713 1648 2004 1717 όδημιουρ-

474 1727 583 1793 Υδςν
612 1730 707 1781 καὶ
735 1730 1068 1793 ἁπαξαπλῶς
1097 1731 1236 1801 ἀρχὴ
1267 1731 1371 1784 τῶν
1398 1714 1561 1785 όντων
1582 1735 1610 1785 6
1640 1733 1786 1795 Θεός.
1807 1714 2001 1804 hapa—
2033 1714 2073 1767 Β

477 1816 765 1886 μυθήσεται
797 1818 857 1870 δὲ
884 1819 971 1871 διὰ
998 1819 1091 1871 τοῦ
1112 1836 1126 1849 ο
1145 1821 1237 1870 Ἑν
1267 1820 1418 1889 ἀρχῇ
1439 1818 1517 1889 ἦν
1545 1825 1577 1874 ό
1605 1823 1805 1891 Λόγος,
1837 1824 2003 1890 Λόγον

475 1903 602 1956 νοῶν
621 1905 712 1957 τὸν
738 1906 870 1958 Υἰὸν
901 1906 1053 1977 παρὰ
1081 1906 1143 1959 τὸ
1158 1902 1293 1962 εἶναι
1328 1910 1384 1960 ὲν
1413 1908 1489 1978 τῷ
1522 1909 1690 1979 Πατρὶ
1720 1909 2003 1979 λεγόμενον

474 1988 605 2046 εἶναι
634 1995 693 2047 ὲν
717 1996 885 2065 ἀρχῇ.

541 2185 624 2239 18.
652 2186 845 2255 Τρίτον
874 2186 930 2239 δὲ
968 2188 1029 2240 τὸ
1070 2189 1128 2255 ἐξ
1179 2184 1240 2243 o6
1286 2189 1479 2243 οῐονται
1510 2190 1621 2261 (75)
1674 2190 1732 2254 ἐξ
1784 2192 2001 2245 ὑποκει-

476 2274 632 2343 μένης
657 2275 805 2344 ὕλης,
831 2275 968 2345 ἀρχὴ
995 2278 1145 2349 παρὰ
1174 2281 1281 2341 τοῖς
1301 2280 1406 2349 (76)
1428 2280 1679 2347 ἀγένητον
1703 2280 1865 2350 αὐτὴν
1891 2283 2002 2333 ὲπι-

474 2364 774 2431 σταμένοις,
815 2364 925 2416 ἀλλ’
953 2366 1012 2417 οὐ
1052 2366 1180 2436 παρ’
1221 2369 1347 2437 ἡμῖν
1376 2371 1487 2430 τοῖς
1528 2368 1877 2438 πειθομένοις,
1921 2370 2000 2421 ὅτι

472 2452 527 2516 ἐξ
550 2452 648 2503 οὐκ
679 2452 844 2505 όντων
869 2452 935 2506 τὰ
972 2454 1101 2507 ὄντα
1132 2455 1377 2523 ἐποίησεν
1400 2458 1428 2508 6
1450 2455 1577 2519 Θεὸς
1595 2495 1610 2519 ,
1643 2457 1716 2519 ὡς
1757 2458 1790 2527 ἡ
1825 2459 2001 2528 μήτηρ

470 2541 570 2592 τῶν
594 2541 731 2593 ἑπτὰ
764 2542 1051 2613 μαρτύρων
1077 2545 1136 2595 ἐν
1150 2544 1568 2611 Μακκαϐαῖκοῖς,
1585 2547 1675 2598 καὶ
1713 2547 1741 2598 ό
1779 2548 1875 2617 τῆς
1909 2565 2000 2618 με·-

470 2634 676 2697 τανοίας
708 2633 935 2701 ἄγγελος
968 2635 1027 2685 ὲν
1056 2632 1135 2703 τῷ
1163 2634 1393 2701 Ποιμένι
1415 2634 1633 2700 ἐδίδαξε.

533 2830 616 2885 19.
641 2828 783 2901 Πρὸς
815 2829 1025 2891 τούτοις
1058 2828 1197 2899 ἀρχὴ
1224 2828 1312 2879 καὶ
1367 2828 1425 2881 τὸ
1468 2828 1584 2880 καθ’
1611 2822 1720 2880 οἷον
1768 2829 1902 2882 κατὰ
1937 2828 1997 2881 τὸ

468 2912 617 2980 εἶδος,
647 2916 843 2980 οὕτως·
886 2920 1044 2986 εἴπερ
1077 2914 1235 2969 εἰκὼν
1266 2914 1357 2968 τοῦ
1386 2915 1517 2969 Θεοῦ
1561 2915 1649 2967 τοῦ
1697 2916 1922 2986 ἀοράτου
1964 2917 1995 2969 ό

469 3008 798 3075 πρωτότοκος
851 3008 1031 3077 πάσης
1087 3006 1328 3070 κτίσεως,
1355 3005 1495 3075 ἀρχὴ
1542 3004 1700 3058 αὑτοῦ
1731 3008 1759 3058 6
1808 3006 1993 3075 Πατήρ
2021 3030 2061 3086 C

469 3096 627 3147 ἐστιν.
652 3094 881 3165 Ὁμοίως
910 3095 966 3148 δὲ
994 3096 1086 3148 καὶ
1110 3094 1336 3164 Χριστὸς
1362 3095 1499 3164 ἀρχὴ
1526 3094 1631 3147 τῶν
1663 3095 1777 3146 κατ’
1814 3094 1995 3148 εἰκόνα

465 3187 759 3255 γενομένων
783 3183 942 3239 Θεοῦ.
976 3185 1039 3236 Εἰ
1076 3183 1182 3253 γὰρ
1212 3184 1261 3235 οἰ
1292 3182 1556 3254 ἄνθρωποι
1588 3185 1703 3234 κατ’
1737 3184 1935 3248 εἰκόνα,
1962 3185 1995 3254 ή

466 3275 618 3329 εἰκὼν
646 3276 702 3328 δὲ
734 3277 876 3329 κατὰ
906 3277 997 3329 τὸν
1036 3278 1269 3346 Πατέρα,
1321 3274 1381 3327 τὸ
1420 3275 1516 3343 μὲν
1562 3271 1693 3326 καθὸ
1734 3272 1826 3325 τοῦ
1866 3274 1997 3343 Χρι-

467 3363 584 3417 στοῦ
625 3366 654 3417 6
678 3365 868 3437 Πατὴρ
917 3368 1095 3437 ἀρχή·
1148 3366 1207 3418 τὸ
1241 3365 1297 3418 δὲ
1350 3363 1479 3417 καθὸ
1510 3363 1614 3415 τῶν
1648 3361 1939 3431 ἀνθρώπων
1966 3366 1995 3415 6

463 3454 710 3518 Χριστὸς,
742 3456 1045 3525 γενομένων
1073 3455 1133 3506 οὐ
1161 3454 1297 3507 κατὰ
1326 3454 1386 3506 τὸ
1406 3447 1464 3506 o6
1497 3453 1640 3504 ἐστιν
1660 3450 1836 3515 εἰκὼν,
1863 3450 1995 3504 ἀλλὰ

462 3540 599 3592 κατὰ
642 3536 741 3606 τὴν
780 3542 979 3594 εἰκόνα.
1042 3540 1366 3611 ’Δρμόσειδὲ
1396 3540 1489 3603 τὸ,
1534 3540 1634 3592 Ἔν
1655 3537 1810 3607 ἀρχῇ
1839 3531 1914 3606 ἦν
1959 3539 1994 3589 ό

461 3630 662 3698 Λόγος,
686 3630 763 3689 εἰς
790 3629 850 3681 τὸ
882 3628 1014 3681 αὐτὸ
1045 3628 1400 3699 παράδειγμα.

522 3883 607 3938 20.
635 3886 822 3941 Ἔστιν
858 3886 1004 3957 ἀρχὴ
1034 3886 1128 3938 καὶ
1166 3885 1239 3947 ὡς
1269 3883 1566 3955 μαθήσεως,
1597 3882 1729 3937 καθὸ
1755 3882 1822 3937 τὰ
1850 3898 1989 3935 στοι-

458 3974 572 4044 χεῖά
597 3992 771 4046 φαμεν
799 3976 976 4047 ἀρχὴν
1014 3972 1150 4028 εἶναι
1194 3974 1594 4045 γραμματικῆς.
1632 3972 1785 4025 Κατὰ
1836 3971 1988 4024 τοῦτό

458 4078 610 4131 φησιν
652 4066 681 4116 6
724 4063 1066 4127 ’Δπόστολος,
1118 4064 1220 4126 ότι,
1258 4063 1612 4131 Ὀφείλοντες
1649 4057 1796 4115 εἶναι
1840 4060 1989 4113 διδά-

455 4155 659 4204 σκαλοι
690 4152 790 4205 διὰ
818 4152 925 4205 τόν
946 4153 1188 4220 χρόνον,
1217 4151 1399 4204 πάλιν
1428 4151 1631 4218 χρείαν
1665 4151 1829 4217 ἔχετε
1884 4148 1986 4201 τοῦ

456 4243 753 4299 διδάσκειν
777 4245 939 4313 ὑμᾶς
958 4245 1095 4298 τίνα
1122 4244 1195 4297 τὰ
1213 4242 1473 4312 στοιχεῖα
1512 4242 1619 4309 τῆς
1651 4240 1839 4308 ἀρχῆς
1871 4238 1987 4291 τῶν

2115 759 2244 811 velle
2273 770 2580 827 permanere
2624 755 2675 807 in
2715 767 2872 806 carne
2914 763 3130 822 propter
3173 754 3394 809 aliorum
3424 757 3631 810 utilitas

2115 856 2239 909 tem,
2270 855 2323 900 et
2358 844 2649 914 profectum
2691 841 2743 894 in
2772 842 2949 904 rebus,
2982 856 3085 895 non
3126 852 3328 896 tantum
3359 860 3490 911 quas
3515 848 3628 914 ipse

2112 945 2307 1004 sperat,
2332 936 2423 989 sed
2452 934 2611 987 etiam
2638 946 2771 1001 quas
2797 942 3010 1001 sperent
3040 933 3091 985 hi
3123 932 3311 1000 quibus
3355 945 3436 990 est
3472 938 3628 1005 adju-

2112 1032 2309 1077 mento.
2349 1020 2463 1076 Jam
2497 1019 2647 1087 juxta
2681 1021 2782 1074 hoc
2821 1020 3195 1089 signiﬁcatum,
3243 1037 3348 1090 quo
3401 1025 3627 1079 dicimus

2111 1109 2425 1177 principium
2491 1091 2887 1177 generationis,
2961 1107 3253 1175 intelligere
3329 1112 3622 1178 poterimus

2109 1200 2268 1252 etiam
2301 1197 2428 1252 illud
2458 1198 2859 1252 Proverbiorum
2902 1215 2915 1252 :
2955 1198 3092 1252 Deus
3132 1201 3318 1252 creavit
3356 1215 3434 1252 me
3474 1203 3621 1267 prino

2108 1286 2294 1353 cipiunt
2318 1286 2514 1338 viarum
2541 1300 2773 1348 suarum,
2798 1286 2866 1338 ad
2894 1301 3043 1353 opera
3076 1303 3170 1339 sua
3191 1287 3257 1349 ⁹¹,
3285 1289 3422 1355 quod
3450 1296 3623 1342 tamen

2108 1383 2277 1443 potest
2299 1375 2366 1428 ad
2397 1375 2626 1442 primum
2653 1375 3010 1443 signiﬁcatum
3036 1375 3138 1429 via:
3175 1376 3467 1440 τοῖοι-τί,εο
3486 1381 3622 1445 quod

2109 1464 2355 1517 dicatur:
2388 1463 2585 1516 Creavit
2627 1479 2707 1516 me
2750 1462 2886 1517 Deus
2921 1465 3232 1532 principium
3267 1466 3461 1518 viarum
3502 1482 3626 1519 sua-

2107 1566 2241 1604 rum.
2280 1550 2387 1605 Nec
2417 1551 2645 1605 absurde
2670 1552 3033 1607 universorum
3066 1554 3226 1607 Deum
3255 1554 3448 1608 dixerit
3474 1555 3623 1622 quis-

2106 1640 2244 1707 piam
2312 1637 2646 1708 principium,
2701 1638 2873 1707 palam
2919 1654 2984 1693 eo
3038 1641 3338 1707 procidens,
3387 1650 3445 1692 ut
3496 1639 3619 1693 Filii

2102 1727 2415 1796 principium
2468 1728 2539 1781 sit
2592 1727 2771 1792 Pater,
2820 1737 2873 1782 et
2908 1729 3220 1798 principium
3253 1739 3619 1782 creaturarum

2100 1817 2339 1881 Creator,
2389 1825 2549 1885 atque
2592 1821 2888 1885 generatim
2928 1818 3127 1871 entium
3180 1819 3494 1886 principium
3551 1818 3623 1872 sit

2103 1906 2241 1958 Deus
2274 1920 2286 1952 :
2320 1904 2657 1958 conﬁrmabit
2712 1907 2813 1958 hoc
2844 1922 2857 1957 :
2887 1903 2951 1957 In
3005 1906 3256 1974 principio
3311 1916 3421 1960 erat
3497 1905 3619 1959 νιν.

2101 1996 2221 2048 bum
2244 1993 2311 2046 ”.
2346 1991 2577 2047 Verbum
2608 1993 2910 2062 intelligens
2958 1994 3173 2059 Filium,
3205 1995 3293 2063 qui
3334 1996 3384 2049 in
3415 1997 3616 2065 princi-

2101 2084 2186 2153 pio
2205 2099 2321 2138 esse
2350 2084 2558 2147 dicitur,
2588 2083 2710 2151 quia
2734 2084 2803 2135 sit
2823 2082 2874 2135 in
2905 2081 3083 2138 Patre.

2168 2173 2252 2225 18.
2292 2172 2473 2227 Tertio
2544 2172 2668 2224 illud
2722 2187 2788 2225 ex
2852 2187 2980 2241 quo.
3045 2174 3183 2227 unde
3237 2182 3487 2243 tanquam
3550 2191 3615 2229 ex

2101 2262 2484 2329 praeexsistenti
2549 2262 2770 2323 materia
2821 2262 3062 2315 oriantur
3120 2264 3244 2327 alia,
3299 2265 3614 2333 principium

2098 2352 2406 2408 existimant
2457 2350 2554 2415 illi,
2593 2352 2681 2419 qui
2709 2352 2983 2405 materiam
3025 2352 3313 2422 ingenitam
3346 2364 3608 2409 astruunt.

2098 2439 2265 2494 Secus
2290 2454 2415 2493 vero
2438 2440 2573 2507 apud
2601 2455 2696 2494 nos
2726 2451 2824 2505 est,
2850 2442 2937 2511 qui
2960 2443 3226 2495 credimus
3258 2458 3322 2497 ex
3347 2459 3451 2497 non
3480 2446 3613 2498 enti-

2097 2527 2196 2582 bus
2223 2527 2388 2581 Deum
2424 2529 2567 2582 entia
2593 2529 2802 2594 fecisse,
2836 2540 2892 2584 ut
2918 2540 3084 2586 mater
3115 2532 3198 2585 illa
3237 2543 3437 2601 septem
3464 2550 3609 2587 mar-

2097 2626 2268 2687 tyrum
2327 2618 2380 2671 in
2433 2617 2844 2674 Maecabaaorum
2890 2621 3055 2690 gestis
3083 2621 3149 2689 ”,
3207 2632 3260 2677 et
3286 2624 3610 2692 poenitentiae

2095 2707 2308 2775 angelus
2336 2707 2387 2761 in
2416 2706 2632 2763 Pastore
2660 2710 2858 2765 docuit.

2166 2799 2248 2852 l9.
2279 2797 2358 2854 Ad
2382 2801 2492 2856 haec
2528 2804 2841 2873 principium
2882 2807 3041 2861 etiam
3084 2818 3169 2863 est
3213 2811 3375 2864 veluti
3415 2826 3610 2866 secun-

2091 2884 2217 2939 dum
2249 2886 2504 2953 formam,
2558 2893 2658 2946 hoc
2702 2900 2856 2961 pacto
2886 2913 2896 2947 :
2923 2896 2966 2950 si
3007 2897 3391 2969 primogenitus
3440 2902 3611 2956 omnis

2090 2984 2346 3030 meatum:
2413 2988 2496 3031 est
2554 2981 2724 3050 imago
2793 2983 2884 3036 Dei
2936 2985 3240 3056 invisibilis,
3290 2988 3608 3056 principium

2097 3060 2262 3129 ipsius
2295 3069 2377 3116 est
2403 3061 2595 3127 Pater;
2623 3064 2868 3119 similiter
2898 3065 3057 3121 etiam
3085 3068 3326 3122 Christus
3349 3077 3430 3123 est
3460 3069 3608 3138 prin-

2094 3149 2290 3215 eipium
2323 3160 2505 3202 eorum
2552 3150 2641 3217 qui
2677 3150 2798 3206 lacti
2828 3161 2951 3205 sunt
2980 3154 3269 3206 secundum
3324 3155 3608 3224 imaginem

2094 3238 2209 3292 Dei.
2269 3236 2400 3291 Nam
2434 3236 2481 3291 si
2512 3238 2753 3294 homines
2791 3248 2915 3294 sunt
2967 3243 3254 3295 secundum
3302 3243 3604 3313 imaginem,

2094 3329 2267 3396 imago
2295 3342 2422 3384 vero
2469 3331 2755 3385 secundum
2795 3329 3025 3395 Patrem,
3056 3333 3207 3401 juxta
3262 3334 3363 3388 hoc
3400 3334 3609 3402 quidem

2092 3416 2251 3471 Pater
2282 3419 2596 3489 principium
2624 3428 2705 3473 est
2733 3419 2850 3473 Filii
2876 3436 2891 3483 ;
2921 3420 3071 3487 juxta
3107 3421 3233 3475 illud
3262 3437 3407 3487 vero,
3437 3424 3607 3477 homi-

2090 3521 2217 3559 num
2251 3507 2567 3575 principium
2597 3517 2680 3562 est
2707 3508 2983 3576 Christus,
3020 3511 3108 3579 qni
3154 3510 3281 3565 facti
3336 3521 3463 3566 sunt
3503 3528 3606 3567 non

2090 3599 2377 3651 secundum
2400 3599 2455 3653 id
2482 3599 2630 3668 cujus
2657 3608 2738 3654 est
2764 3600 2960 3669 imago,
2992 3602 3084 3656 sed
3112 3604 3401 3657 secundum
3422 3605 3606 3673 Imagi-

2088 3703 2208 3743 nem
2248 3690 2427 3758 ipsius.
2467 3690 2736 3759 Congruet
2781 3702 2956 3745 autem
3004 3692 3068 3745 ad
3122 3692 3257 3746 idem
3304 3693 3601 3762 exemplum

2087 3787 2361 3834 contextus
2390 3779 2478 3833 hic
2508 3795 2523 3831 :
2552 3778 2620 3832 In
2644 3781 2891 3847 principio
2918 3790 3024 3833 erat
3055 3779 3291 3837 Verbum.

2153 3868 2241 3922 20.
2270 3869 2364 3923 Est
2387 3869 2544 3922 etiam
2570 3870 2887 3939 principium
2910 3871 3201 3940 disciplina:
3219 3911 3234 3936 ,
3267 3871 3419 3939 juxta
3446 3891 3602 3944 quam

2087 3958 2487 4028 intelligentiam
2536 3959 2760 4013 dicimus
2809 3960 3077 4014 elementa
3118 3962 3430 4031 principium
3484 3980 3602 4020 esse

2084 4045 2472 4115 grammatices.
2506 4044 2585 4102 0b
2617 4046 2718 4099 hoc
2746 4044 2872 4099 dicit
2895 4046 3176 4113 Apostolus
3202 4064 3215 4100 :
3242 4047 3370 4103 Cum
3399 4050 3603 4105 debere-

2086 4137 2151 4189 tis
2172 4152 2279 4189 esse
2311 4137 2543 4205 magistri
2570 4146 2775 4205 propter
2809 4146 3024 4202 tempus,
3054 4154 3256 4192 rursum
3290 4155 3415 4206 opus
3441 4141 3603 4193 habe-

2085 4228 2149 4279 tis
2202 4235 2260 4277 ιιι
2301 4225 2585 4278 doeeamim'
2628 4241 2744 4293 qua
2798 4225 2899 4277 sint
2939 4226 3183 4280 elementa
3229 4227 3471 4295 principii
3490 4245 3600 4282 ser-

455 4335 653 4402 λογίων
680 4335 789 4389 τοῦ
817 4334 987 4387 Θεοῦ.
1014 4333 1175 4403 Διττὴ
1207 4333 1263 4385 δὲ
1291 4335 1323 4402 ἠ
1355 4333 1428 4396 ὡς
1461 4332 1737 4402 μαθήσεως
1765 4328 1922 4400 ἀρχὴν
1949 4331 1982 4399 ἦ

2100 4331 2291 4369 manum
2325 4314 2416 4368 Dei
2441 4314 2508 4370 ν’.
2545 4313 2650 4370 Sed
2683 4316 2875 4383 duplex
2914 4326 2997 4372 est
3022 4318 3338 4387 principium
3365 4318 3601 4388 discipli-

458 4422 547 4491 μὲν
574 4427 637 4494 τῇ
670 4424 859 4492 φύσει,
884 4426 918 4493 ὴ
952 4423 1009 4476 δὲ
1041 4422 1117 4485 ὡς
1137 4422 1273 4492 πρὸς
1302 4423 1477 4491 ἡμᾶς·
1522 4420 1595 4483 ὡς
1640 4422 1687 4472 εἰ
1742 4418 1986 4488 λέγοιμεν

455 4513 541 4565 ἐπὶ
571 4513 806 4582 Χριστοῦ
826 4531 839 4544 ο
878 4514 1038 4582 φύσει
1066 4511 1165 4581 μὲν
1197 4510 1360 4563 αὐτοῦ
1390 4509 1526 4579 ἀρχὴ
1552 4512 1585 4580 ἡ
1609 4509 1824 4579 θεότης·
1856 4508 1988 4578 πρὸς

450 4604 585 4671 ἡμᾶς
611 4604 687 4666 δὲ,
723 4604 800 4674 μὴ
833 4604 942 4656 ἀπὸ
968 4601 1064 4656 τοῦ
1090 4601 1206 4670 (77)
1265 4599 1517 4670 μεγέθους
1560 4599 1720 4654 αὐτοῦ
1764 4599 1988 4668 δυναμέ-

449 4708 562 4754 νους
587 4692 854 4763 ἄρξασθαι
899 4692 1002 4760 τῆς
1040 4690 1170 4761 περὶ
1204 4688 1367 4740 αὑτοῦ
1395 4688 1659 4758 ἀληθείας,
1691 4691 1725 4758 ἡ
1780 4688 1984 4759 ἀνθρω-

448 4782 606 4849 πότης
634 4780 821 4844 αὑτοῦ,
851 4780 986 4833 καθὸ
1013 4782 1129 4840 τοῖς
1183 4777 1396 4846 νηπίοις
1440 4778 1850 4846 καταγγέλλεται
1882 4775 1986 4845 Ἰη-

448 4871 562 4933 σοῦς
592 4871 848 4941 Χριστὸς,
898 4870 996 4922 καὶ
1039 4862 1201 4928 οὗτος
1254 4867 1647 4935 ἐσταυρωμένος
1666 4884 1680 4898 ο
1722 4867 1796 4929 ὡς
1845 4864 1982 4918 κατὰ

444 4959 588 5011 τοῦτο
610 4961 782 5011 εἰπεῖν
833 4958 1014 5028 ἀρχὴν
1062 4951 1211 5007 εῖναι
1246 4954 1518 5023 μαθήσεως
1549 4958 1614 5025 τῇ
1673 4956 1769 5025 μὲν
1829 4956 1982 5020 φύσει

443 5045 679 5114 Χριστὸν,
717 5044 855 5098 καθὸ
904 5040 1072 5108 σοφία
1120 5040 1223 5092 καὶ
1253 5039 1464 5109 δύναμις
1506 5042 1639 5096 Θεοῦ
1661 5042 1802 5112 (78),
1850 5038 1982 5108 πρὸς

497 5180 544 5215 ⁸⁸
567 5180 785 5250 Pbillip.
817 5177 986 5243 1,25.
1066 5175 1116 5206 “
1154 5172 1317 5229 Prov.
1347 5189 1457 5239 vm,
1492 5176 1601 5237 .22.
1672 5182 1717 5213 "
1741 5178 1894 5234 Joan.
1929 5193 1968 5244 ι,
2005 5176 2053 5230 1.
2128 5174 2174 5209 ⁸⁸
2202 5172 2376 5226 Maeh.
2417 5186 2513 5236 vn,
2560 5169 2646 5223 28.

486 5291 595 5357 (75)
632 5278 1254 5357 almae._Legend_qm
1288 5283 1481 5357 videtur
1511 5277 1629 5338 οἶόν
1660 5303 1738 5342 τε.

501 5344 588 5414 761
620 5356 794 5414 Παρὰ
826 5351 977 5414 τοῖς,
1006 5344 1121 5414 ἕεις.
1144 5344 1488 5414 Marcionitis.

501 5364 567 5414 76
620 5364 680 5411 Π
754 5364 794 5408 ὰ
826 5369 977 5414 τοις,
1006 5364 1121 5398 etc.
1144 5364 1488 5402 maremnttts.

468 5364 765 5501 ἔπὶηρίῖλέ
796 5410 1650 5501 τνθςξεεεεξιςιειεξιεεςῆεςιο.
1700 5423 1787 5501 δερ

397 5478 1229 5562 litth'c'lo—ct'snt't‘egtitnisquiis
1253 5480 1572 5562 Ξοάιρίέιημε
1589 5503 1605 5549 ς
1621 5555 1647 5562 -
1666 5494 1798 5547 male
1843 5493 1978 5562 apud

392 5544 874 5626 lin-eliumvlegitur
899 5546 1050 5617 πρὸς
1073 5544 1227 5610 ἡμᾶς
1249 5546 1314 5613 δὲ,
1346 5553 1374 5619 η
1398 5550 1522 5602 ἀπὸ
1550 5544 1671 5612 τοῦ.

2087 4418 2186 4467 me,
2221 4404 2443 4457 alterum
2466 4404 2675 4473 {natura
2699 4441 2715 4467 ,
2761 4402 2982 4458 alterum
3019 4413 3255 4475 respectu
3299 4405 3466 4458 nostri
3500 4426 3512 4459 :
3545 4414 3605 4459 ut

2087 4494 2132 4548 si
2189 4493 2428 4548 dicamus
2477 4495 2542 4549 de
2585 4494 2798 4550 Christo
2844 4496 2987 4565 quod
3036 4504 3225 4549 natura
3280 4493 3600 4562 principium

2086 4582 2251 4651 ipsius
2275 4583 2347 4637 sit
2367 4584 2648 4651 divinitas;
2690 4586 2862 4653 quoad
2891 4598 2987 4639 nos
3017 4599 3168 4647 vero,
3195 4584 3283 4652 qui
3317 4598 3422 4636 non
3458 4584 3602 4637 vale-

2083 4688 2200 4727 mus
2219 4689 2285 4728 οι
2307 4674 2663 4742 magnitudine
2686 4675 2790 4744 20
2805 4675 2917 4744 ejus
2941 4676 3212 4729 veritatem
3231 4675 3296 4726 de
3324 4674 3435 4740 ipso
3457 4687 3603 4726 asse-

2084 4765 2196 4833 qui,
2235 4764 2555 4828 humanitas,
2610 4765 2661 4818 in
2704 4776 2958 4833 quantum
3007 4763 3242 4832 parvulis
3285 4763 3602 4831 praedicatur

2081 4854 2234 4909 Jesus
2255 4852 2515 4919 Christus,
2543 4861 2597 4908 et
2620 4853 2706 4907 hic
2738 4854 3044 4909 cruciﬁxus.
3076 4851 3251 4916 Quare
3274 4852 3372 4903 hac
3396 4850 3601 4903 ratione

2081 4943 2348 4997 Christum
2379 4943 2601 4997 dicimus
2642 4951 2828 4995 natura
2853 4941 3166 5010 principium
3201 4954 3319 4994 esse
3362 4939 3599 5008 discipli-

2084 5048 2183 5099 nae,
2223 5031 2508 5087 secundum
2550 5032 2690 5100 quod
2741 5031 2836 5085 Dei
2873 5028 3131 5099 sapientia
3160 5036 3214 5081 et
3241 5028 3333 5083 Dei
3362 5028 3600 5099 potentia

2730 5167 2776 5199 ’δ
2806 5166 2963 5220 Hebr.
2991 5180 3043 5229 ν,
3070 5164 3155 5220 12.

2152 5277 2885 5352 (78)“Ἐσταυρωμένος·-ὠς-
2910 5275 3055 5352 scatet
3083 5276 3256 5352 τοίξζο
3291 5280 3477 5352 οἰκεῖν
3499 5280 3601 5352 ἀρετ

2082 5343 2379 5423 χὴν-εἷναι
2400 5343 2712 5423 μαθήσεως
2955 5346 3131 5412 φύσει
3163 5346 3441 5423 Χριστὸν,

2081 5411 2262 5486 ὃόφία
2279 5415 2375 5468 καί
2401 5411 2647 5486 δύναμις
2673 5411 2837 5465 Θεοῦ.
2877 5411 3210 5486 ﬂuidorum};
3244 5414 3442 5486 desunt
3467 5416 3605 5486 apud

2086 5477 2347 5549 Noctium,
2368 5486 2456 5539 sed
2481 5477 2823 5535 reétituuntnr
2839 5496 2870 5536 e
2892 5481 3049 5535 codd.
3082 5477 3370 5534 Bodleiano
3394 5489 3446 5532 et
3474 5477 3605 5531 ΒΜ.

2084 5556 2284 5609 herino.
