3848 6190
554 259 620 316 59
1997 265 2073 320 Oli

1997 265 2149 322 ORIG
2159 265 2305 320 ENIS

556 392 672 443 gem
706 392 896 446 capere
931 389 1215 448 nequeunt.
1260 378 1510 448 Exploret
1559 395 1684 450 ergo
1720 391 1942 449 oportet,
1982 385 2069 450 qui

2100 391 2140 444 A
2173 400 2253 435 σιν
2279 420 2293 444 9
2338 381 2411 443 ὼς
2463 378 2650 449 μηκέτι
2703 379 2861 432 αὐτοῦ
2899 377 3116 448 χρῄζειν
3149 370 3332 441 ἰατροῦ
3361 368 3482 430 τοῦς
3523 385 3617 419 κακ

557 468 828 534 ..ιιιιθςενὶῑ
885 468 999 521 Filii
1039 468 1500 534 nomenclaturas,
1545 485 1784 537 quamam
1848 472 2076 540 ipsarum

2177 471 2394 540 ἔχοντας
2443 469 2840 539 θεραπεύοντος,
2902 468 3034 538 μηδὲ
3069 462 3346 530 ποιμένος,
3407 457 3536 527 μηδὲ
3572 461 3617 510 ατ

558 555 656 620 ipsi
687 557 1033 619 accesserim,
1057 571 1171 624 qua:
1211 555 1341 611 tales
1365 573 1424 612 ac
1455 568 1612 613 tanta:
1634 576 1735 614 non
1765 560 2006 622 fuissent,
2037 563 2077 614 si

2175 559 2506 630 λυτρὼσεως,
2562 557 2694 611 ἀλλὰ
2747 558 2964 625 σοφίας.
3014 555 3107 608 καὶ
3139 554 3318 619 λόγου,
3361 550 3452 600 καὶ
3507 549 3617 600 δικσ

559 645 610 695 in
655 645 906 698 beatitate
936 645 1104 698 sancti
1156 645 1479 715 incepissent
1530 658 1584 702 et
1633 657 2078 718 perseverassent.

2182 647 2362 717 σύνης,
2392 647 2424 716 ἢ
2462 647 2515 699 εἴ
2547 665 2597 698 τι
2628 646 2749 699 ἄλλο
2778 647 2880 715 (90)
2908 649 3017 707 τοῖς
3053 644 3138 696 διὰ
3182 639 3490 707 τελειότητα
3525 655 3617 706 χωε

557 730 687 783 Nam
725 733 944 786 fortasse
974 733 1084 786 sola
1115 735 1391 802 sapientia,
1411 736 1492 789 vel
1525 737 1687 790 etiam
1717 736 1970 800 Verbum,
1994 735 2076 789 vel

2065 735 2082 788 ι
2182 738 2341 790 αὐτοῦ
2380 737 2448 789 τὰ
2491 735 2742 789 κάλλιστα
2781 735 3105 804 δυναμένοις.
3155 729 3402 783 Τοσαῦτα
3458 728 3582 797 περὶ

557 821 683 883 vita,
711 830 864 887 atque
890 824 1104 876 omnino
1132 825 1324 878 veritas
1351 835 1684 893 permaneret
1707 869 1721 891 ,
1748 828 1885 881 hand
1915 836 2082 880 tamen
2195 828 2295 878 Ἐν
2321 824 2494 893 ἀρχῇ.

557 911 730 962 omnia
781 911 880 964 alia
926 914 1136 966 nomina
1187 929 1303 981 quae
1348 917 1513 969 nostri
1561 931 1721 970 causa
1765 918 2071 984 assumpsit.
2124 916 2318 970 Verum
2379 916 2651 969 enimvero
2703 913 2841 968 beati
2892 913 2989 974 illi,
3049 913 3137 980 qui
3186 920 3408 980 egentes
3441 907 3577 961 Filio

558 999 815 1064 ejusmodi
864 1001 1031 1066 fuere,
1079 1012 1136 1055 ut
1166 1003 1217 1055 in
1250 1013 1518 1072 posterum
1557 1022 1659 1060 non
1693 1008 1933 1075 eguerint
1978 1007 2182 1060 medico
2211 1006 2300 1073 qui
2352 1005 2488 1058 male
2535 1004 2748 1058 affectos
2794 1011 3023 1065 curaret,
3062 1016 3233 1069 neque
3277 1009 3515 1068 pastore,
3554 1015 3618 1052 ne

487 1135 495 1142 .
557 1093 937 1160 redemptione,
961 1096 1052 1146 sed
1082 1095 1358 1163 sapientia,
1396 1105 1449 1151 et
1481 1099 1662 1162 verbo,
1708 1099 2010 1167 acjustitia,
2063 1099 2147 1150 vel
2187 1097 2230 1150 si
2259 1097 2382 1162 quid
2413 1096 2551 1150 aliud
2590 1107 2672 1150 est
2705 1097 2767 1150 iis
2806 1096 2894 1163 qui
2937 1096 3004 1148 ob
3048 1093 3436 1162 perfectionem
3480 1092 3618 1160 pulcl

558 1182 690 1233 rima
715 1197 933 1248 quaeque
977 1183 1140 1250 ipsius
1170 1184 1442 1252 percipere
1471 1187 1662 1240 valent.
1691 1186 1794 1241 Sed
1825 1188 1936 1241 haec
1963 1187 2231 1241 sufficiant
2273 1188 2337 1239 de
2378 1201 2440 1238 eo
2464 1188 2602 1254 quod
2637 1187 2888 1252 scriptum
2919 1193 3000 1238 est
3034 1202 3046 1237 :
3088 1183 3152 1235 In
3175 1183 3452 1250 principio.

625 1271 715 1322 9.5.
765 1271 1046 1324 Videamus
1101 1286 1242 1325 nunc
1288 1272 1592 1339 diligentius
1629 1275 1875 1341 quisnam
1905 1275 1974 1328 sit
2001 1275 2085 1328 bic

2060 1290 2085 1328 c
2252 1274 2339 1326 25.
2372 1273 2590 1342 Ἰδωμεν
2621 1272 2677 1323 δὲ
2708 1271 3114 1341 ἐπιμελέστερον
3147 1270 3232 1330 τις
3281 1271 3310 1320 6
3353 1270 3411 1319 ὲν
3445 1268 3579 1337 αὐτῇ

559 1360 746 1427 Λόγος,
776 1359 851 1430 [id
875 1369 956 1414 est
998 1362 1235 1425 verbum,
1267 1377 1359 1416 seu
1395 1364 1552 1429 ratio,
1581 1377 1696 1430 qua:
1726 1364 1776 1416 in
1802 1365 1913 1431 ipso
1943 1365 2078 1432 prin-

2181 1380 2291 1431 γος.
2324 1362 2430 1413 Θαυ
2441 1363 2622 1431 μάζειν
2650 1378 2735 1430 μοι
2762 1360 3012 1422 πολλάκις
3033 1359 3324 1429 ἐπέρχεται
3343 1357 3452 1426 (91)
3469 1374 3617 1410 axem

559 1451 697 1516 cipio
740 1463 856 1502 esse
884 1450 1095 1502 dicitur.
1121 1452 1290 1514 Atque
1325 1444 1592 1514 equidem]
1644 1454 1909 1519 reputanti
1954 1451 2078 1504 mihi

2111 1482 2153 1532 Β
2180 1469 2230 1502 τι
2265 1452 2330 1502 τὰ
2361 1452 2461 1503 ὑπό
2491 1468 2647 1504 τινων
2671 1449 2940 1503 πιστεύειν
2968 1451 3044 1510 εἰς
3071 1449 3160 1501 τὸν
3201 1448 3440 1518 Χριστὸν
3475 1447 3617 1515 βουλε

559 1554 795 1605 quaenam
829 1538 1132 1606 frequenter
1163 1540 1408 1592 dicuntur
1449 1541 1511 1594 de
1563 1540 1775 1595 Christo
1807 1541 1872 1596 ab
1903 1542 1967 1594 iis
1994 1542 2078 1610 qui

2181 1555 2283 1591 νων
2310 1539 2569 1607 λεγόμενα
2611 1539 2734 1608 περὶ
2766 1537 2958 1600 αὐτοῦ,
2985 1537 3037 1588 τί
3074 1536 3296 1606 δήποτε,
3338 1535 3617 1606 δυσεξαριθ

561 1629 612 1682 in
648 1629 814 1694 ipsum
845 1629 1061 1682 credere
1087 1629 1299 1691 volunt,
1333 1630 1512 1682 mirari
1550 1630 1692 1684 subit
1716 1646 1933 1684 curnam
1972 1641 2080 1684 tan-

2181 1644 2285 1680 των
2314 1628 2581 1698 ὀνομάτων
2613 1628 2952 1697 τασσομένων
2993 1627 3082 1677 ἐπὶ
3127 1625 3220 1678 τοῦ
3253 1627 3507 1696 Σωτῆρος
3535 1628 3613 1695 ἡμ

561 1717 678 1770 dem
704 1717 944 1784 imposita
966 1717 1176 1770 nomina
1207 1717 1474 1770 Servatori
1511 1729 1709 1782 nostro,
1736 1734 1850 1786 quae
1877 1720 1958 1772 vix
1989 1735 2080 1772 nu-

2179 1716 2246 1769 τὰ
2304 1718 2400 1785 μὲν
2439 1716 2660 1770 πλεῖστα
2702 1716 3156 1786 παρασιωπῶσιν,
3196 1715 3336 1767 ἀλλὰ
3370 1716 3464 1766 καὶ
3511 1715 3567 1766 ei
3610 1734 3617 1748 ι

565 1805 755 1856 mereri
787 1813 1023 1870 possunt,
1046 1804 1352 1871 plerumque
1378 1805 1431 1856 hi
1455 1804 1662 1858 silentio
1697 1815 2084 1872 pertranseant,

2185 1805 2368 1874 μνήμη
2400 1805 2572 1857 αὐτῶν
2612 1806 2843 1872 γένοιτο,
2874 1803 3376 1875 μεταλαμϐάνουσιν
3399 1805 3459 1855 ού
3491 1805 3617 1873 κυρξ

564 1903 720 1960 atque
772 1894 977 1946 etiamsi
1011 1908 1195 1946 eorum
1246 1896 1442 1948 mentio
1471 1895 1609 1949 facta
1655 1895 1842 1958 fuerit,
1871 1895 1957 1948 illa
1989 1899 2083 1949 im-

2181 1893 2314 1946 ἀλλὰ
2349 1893 2616 1962 τροπικῶς
2655 1893 2822 1945 ταῦτα
2864 1893 3021 1946 αὑτὸν
3078 1891 3479 1960 ὀνομάζεσθαι·
3546 1893 3617 1943 ἐπ

563 1989 766 2036 mutant
815 1996 916 2034 non
951 1985 1196 2050 proprie.
1237 1986 1328 2039 sed
1365 1985 1587 2052 tropice,
1637 1983 1812 2039 Jesum
1865 1985 2082 2040 hisvno-

2186 1979 2349 2048 μόνης
2380 1981 2476 2049 τῆς
2509 1980 2692 2048 Λόγος
2719 1980 3078 2050 προσηγορίας
3119 1979 3419 2048 ἱστάμενοι,
3443 1980 3612 2031 οἱονεὶ

566 2071 793 2123 minibus
860 2071 1104 2137 appellari
1157 2072 1394 2125 dicentes
1453 2073 1557 2125 :in
1599 2072 1708 2126 sola
1764 2081 1938 2126 autem
1995 2089 2085 2142 ap-

2080 2103 2087 2112 .
2182 2084 2272 2134 γον
2298 2068 2450 2136 μόνον
2475 2070 2632 2136 φασὶν
2667 2064 2800 2120 εἶναι
2829 2068 2917 2120 τὸν
2942 2068 3169 2138 Χριστὸν
3192 2067 3286 2119 τοῦ
3310 2068 3469 2128 Θεοῦ,
3499 2068 3599 2119 καὶ

518 2196 531 2207 ι
564 2159 842 2225 pellatione
891 2158 1049 2213 Verbi
1084 2161 1418 2226 insistentes,
1459 2162 1618 2216 veluti
1655 2162 1822 2215 solum
1861 2162 2028 2216 Verbu

2181 2158 2479 2221 ἀκολούθως
2506 2161 2616 2221 τοῖς
2642 2158 2842 2221 λοιποῖς
2872 2157 2979 2211 τῶν
3013 2157 3432 2227 ὀνομαζομένων
3479 2160 3617 2227 έρευι

565 2257 807 2300 astruant
853 2262 969 2301 esse
997 2247 1265 2302 Christum
1304 2250 1432 2314 Dei;
1469 2265 1572 2303 non
1605 2251 1820 2318 perinde
1849 2251 2083 2318 atquein

2182 2245 2272 2299 τοῦ
2307 2248 2693 2316 σημαινομένου
2719 2247 2813 2317 τὴν
2831 2246 3052 2315 δύναμιν
3085 2249 3148 2298 ὲκ
3181 2247 3279 2314 τῆς
3303 2249 3498 2314 Λόγος
3535 2263 3617 2313 φω

565 2339 772 2391 caeteris
829 2337 1117 2400 vocabulis,
1147 2339 1338 2407 quibus
1375 2340 1487 2406 ipse
1538 2349 1900 2408 nuncupatur,
1940 2342 2084 2395 inda-

2065 2371 2087 2381 ο
2181 2337 2209 2389 ὃ
2235 2337 2291 2390 δέ
2318 2354 2456 2406 φημι
2485 2337 2775 2406 θαυμάζειν
2810 2337 2905 2408 τὴν
2935 2336 3261 2408 ἀϐελτηρίαν
3314 2337 3426 2406 (92)
3467 2339 3582 2390 τῶν

564 2437 747 2493 gantes
775 2429 876 2482 vim
901 2400 1182 2496 signiﬁcati
1208 2444 1270 2482 cx
1292 2400 1547 2484 bac-voce
1572 2400 1744 2498 λόγος..
1763 2400 1952 2485 13111νὶ11
1984 2447 2083 2499 quo

2181 2427 2287 2480 λῶν
2316 2400 2674 2496 (σαφέστερον
2703 2428 2807 2497 γὰρ
2835 2400 2986 2497 ἐρῶ),
3020 2400 3256 2478 τοιοῦτόν
3290 2400 3429 2484 ἐστιν.
3466 2429 3615 2498 Φησι

565 2533 648 2569 me
707 2517 887 2570 mirari
948 2519 1117 2571 dicam
1180 2518 1461 2571 multorum
1519 2520 1821 2584 ruditatem,
1856 2522 2084 2588 apertius

2182 2520 2210 2571 6
2250 2518 2373 2580 Υἱὸς
2398 2516 2488 2568 τοῦ
2523 2516 2683 2569 Θεοῦ·
2733 2516 2871 2584 Ἐγώ
2899 2518 3014 2584 ειμι
3053 2517 3120 2570 τὸ
3161 2517 3286 2585 φῶς
3327 2519 3435 2571 τοῦ
3485 2520 3617 2587 κόσγ

563 2607 701 2658 enim
729 2607 934 2674 loquar,
971 2607 1072 2660 tale
1117 2617 1214 2661 est.
1253 2607 1425 2674 lnquit
1468 2609 1660 2661 alicubi
1735 2609 1898 2663 Filius
1926 2610 2017 2663 Dei
2069 2628 2081 2663 :

2183 2608 2272 2659 καὶ
2310 2609 2366 2659 έν
2397 2605 2604 2667 ἄλλοις·
2653 2603 2794 2672 Ἐγώ
2820 2607 2933 2672 εἰμι
2958 2607 2996 2672 ἡ
3022 2605 3391 2672 ἀνάστασις·
3427 2609 3529 2660 καὶ
3563 2625 3617 2659 ττι

569 2693 677 2762 Ego
696 2713 806 2748 sum
823 2697 911 2749 (ua:
927 2697 1100 2749 mundi
1119 2698 1160 2728 ¹⁹
1179 2716 1192 2764 ;
1209 2706 1260 2751 et
1276 2698 1394 2751 alibi
1415 2716 1426 2748 :
1447 2697 1554 2764 Ego
1573 2715 1682 2750 sum
1701 2702 2000 2753 resurrectio
2021 2691 2088 2767 ”

2197 2694 2331 2762 Ἐγώ
2372 2697 2483 2762 εἰμι
2507 2695 2544 2760 ἡ
2575 2693 2728 2758 ὁδὸς,
2763 2694 2856 2746 καὶ
2885 2695 2921 2761 ἠ
2951 2695 3216 2761 ἀλήθεια,
3245 2697 3344 2749 καὶ
3391 2699 3430 2763 ἡ
3484 2698 3617 2763 ζωήί

566 2798 620 2839 et
656 2787 913 2854 rursnmi:
948 2786 1058 2854 Ego
1095 2804 1208 2842 sum
1255 2791 1356 2852 via,
1394 2790 1579 2841 veritas
1633 2798 1680 2842 et
1727 2791 1829 2842 vita
1855 2790 2085 2854 “;scri-

2116 2790 2157 2846 C
2188 2799 2428 2855 γραπται
2452 2783 2507 2835 δὲ
2541 2784 2630 2835 καὶ
2662 2783 2736 2834 τό·
2779 2781 2913 2851 Ἐγώ
2937 2786 3050 2852 ειμι
3094 2786 3133 2853 ἡ
3165 2787 3332 2853 θύρα·
3392 2787 3617 2857 εἴρηται

568 2885 710 2942 ptum
753 2885 834 2930 est
869 2885 922 2930 et
956 2876 1111 2931 illud:
1139 2876 1246 2945 Ego
1287 2893 1399 2931 sum
1437 2878 1623 2930 ostium
1654 2879 1727 2944 ¹³;
1777 2879 1974 2932 dictum
2009 2889 2087 2934 est

2185 2874 2263 2926 τό·
2305 2873 2446 2942 Ἐγώ
2471 2875 2582 2940 ειμι
2614 2876 2646 2924 ὁ
2675 2872 2893 2941 ποιμὴν
2924 2868 3186 2940 δ’καλός·
3223 2877 3319 2928 καὶ
3345 2878 3492 2946 πρὸς
3524 2879 3617 2946 τὴι

566 2963 882 3033 etiaszgo
912 2983 1026 3019 sum
1048 2979 1223 3034 pastor
1256 2968 1415 3021 bonus
1439 2969 1480 2999 “
1508 2985 1524 3034 ;
1549 2978 1603 3021 et
1628 2969 1691 3021 ad
1717 2967 2085 3023 Samaritidem

2189 2964 2425 3030 μαρεῖτιν
2449 2961 2774 3028 φάσκουσαν,
2800 2959 3069 3028 Οἴδαμεν,
3098 2962 3186 3015 ὅτι
3203 2965 3486 3029 Μεσσίας
3516 2967 3617 3033 ἕρ)

569 3055 670 3123 23
699 3056 958 3109 dicentem
989 3073 1003 3108 :
1036 3056 1239 3109 Scimus
1268 3059 1402 3127 quod
1450 3058 1668 3111 Messias
1713 3059 1862 3117 venit,
1885 3059 1970 3126 qui
2011 3059 2088 3110 di-

2187 3052 2219 3102 ὁ
2233 3050 2546 3117 λεγόμενος
2565 3049 2825 3115 Χριστός·
2844 3047 2987 3102 ὅταν
2996 3051 3140 3118 ἔλθῃ
3153 3051 3400 3118 ἐκεῖνος,
3419 3056 3617 3124 ἀνάγ]

569 3150 704 3196 citur
727 3144 958 3198 Christus
985 3161 1001 3198 :
1031 3162 1146 3198 cum
1180 3159 1346 3199 autem
1371 3149 1560 3200 venerit
1588 3147 1694 3210 ille,
1722 3147 1974 3200 nuntiabit
1997 3163 2088 3199 no-

2187 3137 2328 3205 ἠμῖν
2362 3136 2571 3199 πάντα,
2605 3137 2967 3205 ἀποκρίνεται·
3008 3139 3154 3206 Ἐγώ
3180 3143 3295 3208 ειμι
3331 3145 3364 3194 ό
3389 3143 3617 3195 λαλῶν

571 3237 644 3287 bis
667 3237 838 3287 omnia
859 3236 934 3300 ¹⁶;
955 3237 1230 3302 respondet
1251 3252 1263 3288 :
1285 3235 1394 3304 Ego
1416 3252 1524 3287 sum
1549 3237 1634 3304 qui
1660 3236 1839 3303 loquor
1859 3235 2089 3287 tecum“.

2188 3224 2328 3294 Πρὸς
2359 3220 2561 3286 τούτοις
2605 3224 2691 3275 ὅτε
2742 3223 2886 3294 ἔνιψε
2918 3226 3041 3288 τοὺς
3080 3227 3260 3294 ,πόδας
3303 3229 3414 3280 τῶν
3456 3231 3616 3300 μαθη

570 3326 648 3376 Ad
681 3326 792 3376 haec
823 3339 940 3377 cum
970 3324 1180 3378 lavisset
1205 3325 1361 3392 pedes
1393 3325 1787 3392 discipulorum,
1817 3325 2089 3377 Dominum

2078 3339 2090 3375 ι
2187 3313 2385 3383 Κύριος
2418 3313 2509 3364 καὶ⁵
2529 3312 2838 3375 διδάσκαλος
2865 3314 3042 3368 αὐτῶν
3069 3313 3204 3370 εἶναι
3243 3317 3333 3370 διὰ
3369 3320 3597 3371 τούτων

571 3427 628 3463 se
655 3421 705 3465 et
729 3411 1032 3481 Magistrum
1063 3411 1144 3465 bis
1193 3413 1366 3466 verbis
1397 3413 1590 3467 fatetur
1617 3431 1629 3466 :
1663 3413 1763 3467 Vos
1791 3414 1956 3466 dicitis
1987 3412 2090 3465 Do-

2187 3403 2359 3470 λογεί·
2405 3402 2594 3470 Ὑμεῖς
2621 3403 2860 3470 φωνεῖτέ
2882 3421 2958 3472 με
2985 3409 3016 3458 ό
3037 3405 3402 3473 διδάσκαλος
3431 3411 3544 3462 καὶ
3583 3415 3617 3464 o'

571 3501 764 3551 minam
809 3516 888 3552 me
917 3509 966 3553 et
1001 3503 1300 3568 magistrum
1321 3540 1336 3564 ,
1372 3512 1418 3554 et
1449 3503 1569 3555 bene
1615 3503 1786 3554 dicitis
1815 3515 1834 3550 :
1872 3518 1984 3553 sum
2015 3511 2090 3552 et-

2088 3532 2090 3538 .
2179 3509 2338 3559 ριος·
2373 3491 2470 3544 καὶ
2498 3491 2690 3556 καλῶς
2717 3493 2948 3562 λέγετε,
2975 3496 3091 3563 εἰμὶ
3127 3495 3258 3564 γάρ.
3299 3497 3469 3552 Ἀλλὰ
3502 3501 3607 3552 καὶ

571 3592 700 3642 enim
733 3591 794 3646 ".
823 3591 957 3655 Quin
1005 3599 1203 3659 aperte,
1234 3600 1290 3643 et
1319 3591 1460 3644 clare
1482 3605 1539 3644 se
1574 3591 1744 3658 ipsum
1773 3589 1963 3644 Filium
2001 3589 2090 3640 Dei

2189 3574 2323 3631 εἶναι
2355 3579 2486 3630 Θεοῦ
2520 3580 2703 3647 σαφῶς
2753 3582 2940 3634 ἑαυτὸν
2974 3584 3351 3650 καταγγέλλει,
3381 3586 3580 3654 λέγων
3610 3609 3617 3621 ι

571 3696 688 3733 esse
727 3679 1056 3745 pronuntiat,
1083 3678 1304 3732 dicens:
1343 3678 1502 3742 Quem
1535 3675 1694 3730 Pater
1735 3677 2090 3743 sanctiﬁcavit,

2189 3670 2222 3719 ὁ
2246 3666 2441 3732 Πατὴρ
2477 3668 2709 3734 ἡγίασε,
2741 3671 2838 3722 καὶ
2866 3670 3218 3722 ἀπέστειλεν
3238 3675 3332 3735 εἰς
3353 3673 3470 3723 τὸν
3503 3676 3617 3729 κόο

571 3779 617 3820 et
643 3770 780 3821 misit
811 3769 862 3820 in
883 3768 1149 3829 mundum,
1175 3784 1258 3820 vos
1281 3768 1448 3820 dicitis
1471 3782 1548 3818 me
1569 3766 1937 3834 blasphemare,
1970 3783 2090 3835 quo-

2072 3796 2096 3808 -
2188 3755 2354 3822 ὑμεῖς
2387 3754 2608 3821 λέγετε,
2639 3757 2756 3820 ὅτι,
2790 3756 3196 3824 Βλασφημεῖς·
3228 3757 3318 3810 ὅτι
3357 3757 3555 3814 εἷπον
3576 3779 3591 3792 ·

572 3857 708 3909 niam
745 3856 874 3919 dixi,
911 3853 1077 3907 Filius
1111 3854 1202 3908 Dei
1241 3871 1352 3907 sum
1387 3871 1478 3922 ego
1511 3854 1554 3885 “
1576 3853 1681 3908 ?Et
1715 3855 1840 3908 illud
1871 3871 1884 3907 :
1912 3855 2091 3919 Pater,

2188 3845 2290 3897 τοῦ
2318 3845 2458 3897 Θεοῦ
2477 3845 2748 3913 eluuntat-
2776 3846 2960 3912 Πάτερ
2978 3886 2992 3908 ,
3022 3845 3318 3910 ἐλήλυθεν
3338 3851 3374 3917 ἡ
3401 3849 3566 3918 ὥρα·
3593 3855 3617 3906 ἐ

569 3943 699 3996 venit
722 3947 848 3994 liora
876 3959 896 4006 ;
924 3942 1154 4010 glori/ica
1182 3941 1375 3994 Filium
1421 3953 1586 4004 tuum,
1615 3952 1669 3993 ut
1709 3953 1755 3995 et
1786 3941 1950 3995 Filius
1976 3952 2088 3997 tuus

2188 3935 2299 3985 σόν
2327 3948 2439 3986 σου
2469 3935 2569 3986 τὸν
2594 3936 2636 3987 Υ
2634 3935 2742 3999 ἱὸν,
2759 3937 2856 3987 ἵνα
2877 3939 2908 3988 ὁ
2945 3935 3073 4000 Υἱὸς
3094 3934 3324 4004 δοξάσῃ
3356 3955 3459 3994 σε.
3497 3942 3617 4015 Εὑρ

567 4031 817 4099 gloriﬁcet
847 4042 893 4085 te
911 4032 972 4082 ¹⁹.
999 4032 1293 4085 Invenimus
1314 4031 1472 4084 etiam
1489 4045 1546 4084 se
1562 4031 1732 4097 ipsum
1751 4033 2086 4101 pronuntian-

2121 4093 2156 4101 _
2193 4039 2288 4091 μεν
2321 4023 2376 4076 δὲ
2404 4026 2826 4093 καταγγέλλοντα
2849 4025 3033 4078 ἑαυτὸν
3060 4026 3152 4078 καὶ
3185 4026 3438 4095 βασιλέα·
3474 4033 3565 4097 ὡς
3613 4041 3617 4086 ί

571 4093 676 4172 icm
695 4093 892 4186 regem,
921 4118 1084 4172 veluti
1115 4118 1282 4172 Pilato
1313 4118 1507 4172 dicenti
1537 4135 1550 4170 :
1582 4093 1694 4171 item
1719 4093 1770 4172 ei
1798 4129 1854 4171 tu
1880 4120 2090 4172 Judwa-

2121 4093 2164 4146 Ῑ)
2191 4109 2607 4179 ἀποκρινόμενος
2632 4112 2708 4182 τῷ
2738 4112 2949 4181 Πιλάτῳ
2979 4111 3113 4182 πρὸς
3149 4093 3211 4164 τὸ
3231 4152 3246 4178 ,
3277 4115 3364 4168 Σὺ
3397 4115 3467 4172 εἷ
3589 4127 3617 4186 ,ε

570 4220 685 4256 rum
712 4205 755 4235 ¹⁰
783 4205 807 4258 i
855 4205 1174 4271 respondens
1219 4205 1351 4258 dixit
1377 4222 1393 4260 :
1435 4204 1663 4274 Regnum
1693 4221 1860 4258 meum
1889 4223 1990 4259 non
2015 4215 2089 4260 est

2189 4201 2331 4264 λεὺς
2387 4201 2502 4253 τῶν
2544 4203 2874 4266 Ἰουδαίων;
2919 4203 3077 4272 λέγῃ·
3123 4203 3193 4256 Ἦ
3227 4206 3546 4268 ,βασιλεία
3581 4216 3617 4280 ἢ

569 4306 631 4342 ea:
657 4292 752 4343 hoc
780 4291 968 4344 mundo
987 4307 1005 4345 :
1023 4293 1067 4345 si
1089 4308 1152 4345 ea:
1178 4294 1270 4345 hoc
1297 4293 1485 4346 mundo
1513 4301 1638 4346 esset
1669 4308 1876 4360 regnum
1901 4309 2088 4359 meum,

2191 4291 2298 4342 οὐκ
2325 4289 2488 4342 ἐστιν
2508 4292 2576 4343 ἐκ
2608 4291 2709 4344 τοῦ
2743 4300 2971 4360 κόσμου
3003 4294 3212 4346 τούτου
3238 4311 3254 4325 ·
3294 4300 3349 4349 εὶ
3385 4299 3467 4352 ἐκ
3507 4304 3617 4357 toi

569 4381 796 4432 ministri
842 4384 937 4434 mei
977 4384 1221 4434 certaturi
1247 4381 1479 4448 fuerant,
1515 4397 1576 4434 ne
1602 4380 1827 4433 traderer
1857 4381 2088 4446 ludatis;

2195 4393 2346 4445 σμου
2371 4379 2580 4432 τούτου
2599 4376 2676 4448 ἦν
2697 4382 2734 4446 ἡ
2757 4382 3038 4443 ,βασιλεία
3068 4383 3106 4449 ἠ
3135 4383 3269 4451 ἐμὴ,
3294 4390 3350 4438 οἱ
3373 4391 3617 4459 ὺπηρέπ

570 4485 703 4522 nunc
719 4481 889 4522 autem
910 4485 1117 4538 regnum
1143 4486 1310 4524 meum
1327 4487 1427 4523 non
1447 4479 1518 4523 est
1541 4471 1661 4522 hinc
1685 4471 1750 4522 “.
1766 4468 2012 4538 Legimus
2037 4480 2089 4524 et

2084 4488 2090 4524 -,
2191 4465 2317 4533 ἐμοὶ
2341 4466 2681 4535 ἠγωνίζοντο
2731 4468 2824 4532 ἂν,
2858 4471 2956 4522 ἵνα
2984 4469 3068 4537 μὴ
3101 4473 3422 4538 παραδοθῶ
3456 4482 3603 4548 τοῖς

570 4559 696 4612 illud
725 4575 739 4610 :
766 4557 876 4627 Ego
898 4575 1013 4612 sum
1042 4560 1156 4613 vitis
1186 4575 1324 4624 vera,
1346 4569 1392 4612 et
1423 4557 1580 4612 Pater
1597 4576 1738 4613 meus
1765 4559 1988 4627 agricola
2008 4561 2089 4625 “,-

2192 4555 2394 4620 δαίοις·
2424 4556 2538 4610 νῦν
2571 4557 2637 4609 δὲ
2661 4560 2698 4625 ἡ
2749 4559 3027 4621 βασιλεία
3056 4562 3093 4626 ἡ
3131 4561 3242 4628 ἐμὴ
3282 4566 3402 4617 οὐκ
3441 4568 3617 4626 ἔστι]

567 4658 623 4702 et
653 4663 861 4702 rursum
890 4667 904 4702 :
931 4647 1043 4718 Ego
1073 4666 1186 4702 sum
1230 4650 1367 4712 vitis,
1411 4665 1496 4701 vos
1523 4649 1778 4716 palmites.
1813 4650 1857 4681 ³³
1887 4649 2086 4704 Connu-

2193 4644 2414 4698 τεῦθεν.
2462 4646 2789 4717 Ἀνέγνωμεν
2838 4650 2930 4701 καὶ
2953 4651 3030 4701 τό·
3074 4649 3217 4718 Ἐγώ
3265 4656 3384 4722 ειμι
3411 4659 3460 4725 ἠ
3497 4661 3617 4730 ἅμε

569 4747 839 4791 merentur
867 4739 949 4791 bis
971 4737 1084 4792 haec
1123 4751 1331 4806 quoque
1359 4755 1372 4790 :
1398 4736 1507 4801 Ego
1534 4753 1646 4789 sum
1688 4740 1834 4804 panis
1867 4739 1981 4791 vitae
2007 4739 2088 4804 “;

2193 4737 2230 4801 ἡ
2265 4737 2534 4815 ἀληθινὴ,
2569 4737 2664 4790 καὶ
2709 4742 2740 4790 ό
2789 4737 2982 4804 Πατήρ
3028 4755 3144 4806 μου
3181 4743 3215 4791 ό
3266 4751 3557 4815 γεωργός
3612 4787 3617 4803 ,

567 4837 622 4880 et
660 4827 850 4880 iterum
897 4842 911 4878 :
955 4822 1067 4893 Ego
1111 4842 1226 4878 sum
1250 4826 1396 4894 panis
1429 4826 1614 4889 vivens,
1646 4827 1732 4893 qui
1758 4829 1820 4878 de
1853 4827 1974 4880 caelo
1999 4830 2086 4880 de-

2192 4825 2284 4877 mi.
2315 4813 2490 4878 πάλιν·
2521 4825 2664 4896 Ἐγώ
2688 4831 2801 4896 εὶμι
2821 4827 3101 4896 ἄμπελος,
3134 4829 3305 4895 ὑμεῖς
3342 4813 3617 4911 τὰήκλή,1

567 4917 760 4982 scendi,
781 4925 827 4970 et
852 4916 1004 4970 vitam
1026 4917 1211 4968 mundo
1229 4915 1425 4982 prwbea
1443 4916 1507 4967 ’⁵.
1527 4914 1591 4967 Ει
1608 4915 1717 4968 haec
1743 4915 1951 4983 quidem
1973 4930 2086 4983 qua!

2191 4915 2622 4986 Συναριθμείσθω
2654 4917 2858 4979 τούτοις
2895 4916 2986 4969 καὶ
3021 4915 3112 4967 τό·
3168 4917 3310 4986 Ἐγώ
3353 4925 3492 4991 εἰμι
3535 4934 3574 4982 ό
3607 4955 3617 4983 ι

674 5052 716 5082 ¹⁰
761 5051 910 5104 Joan.
955 5066 1071 5110 vin.
1102 5050 1187 5103 l2.
1280 5051 1321 5081 “
1356 5051 1504 5105 Joan.
1542 5065 1624 5111 χι,
1668 5049 1756 5104 25.
1857 5053 1897 5081 “
1918 5049 2193 5112 Joan.x1v,

2090 5047 2282 5117 x1v,6_.
2390 5048 2434 5078 ι·
2462 5046 2686 5112 Joan.x,
2724 5051 2776 5104 9.
2882 5049 2925 5080 ιι
2963 5049 3092 5102 ibid.
3127 5050 3184 5102 tt
3306 5053 3609 5117 "sum...

568 5119 610 5149 “
643 5118 768 5186 ibid.
803 5119 890 5172 26.
1004 5121 1044 5151 ¹⁷
1081 5119 1232 5173 Joan.
1273 5135 1388 5182 xui,
1418 5119 1502 5172 15.
1606 5119 1649 5150 ¹⁸
1673 5118 1826 5171 Joan.
1877 5134 1929 5174 x.
1983 5120 2070 5173 56.

2177 5119 2217 5186 ξ’
2251 5113 2405 5186 ΙῘοιιιι.
2445 5132 2576 5181 xm,
2621 5118 2673 5170 1.
2769 5119 2812 5150 ³ο
2837 5117 2990 5172 Joan.
3045 5133 3197 5185 xvnl,
3227 5119 3318 5175 55.
3447 5130 3500 5159 “
3539 5113 3617 5186 ibi

566 5189 609 5216 ²¹
643 5185 796 5240 Joan.
833 5186 976 5250 xv,I.
1047 5187 1090 5218 ²³
1111 5190 1236 5244 ibid.
1269 5189 1322 5243 5.
1395 5189 1438 5219 "
1464 5187 1614 5242 Joan.
1639 5203 1712 5252 vt,
1742 5188 1829 5241 55.
1903 5187 1948 5218 ’⁸
1977 5188 2082 5241 ibid

833 5186 976 5250 xv,I.
1047 5187 1090 5218 ²³
1111 5190 1236 5244 ibid.
1269 5189 1322 5243 5.
1395 5189 1438 5219 "
1464 5187 1614 5242 Joan.
1639 5203 1712 5252 vt,
1742 5188 1829 5241 55.
1903 5187 1948 5218 ’⁸
1977 5188 2102 5241 ibid.
2125 5185 2211 5250 55,
2249 5184 2338 5236 41.

643 5328 1320 5400 (90)]Αλλο.ῡοοειλορυό
1355 5329 1622 5400 Huetinm,
1665 5339 1840 5386 exstat
1868 5345 1991 5384 vero
2032 5331 2087 5384 in
2196 5328 2385 5400 desunt
2411 5329 2462 5381 in
2493 5329 2724 5400 editione
2751 5329 2948 5396 l‘luetii,
2973 5331 3330 5386 restituuntur
3357 5350 3523 5396 vero
3551 5362 3590 5400 εξ

571 5399 722 5447 codd.
756 5397 1036 5448 Bodleiano
1068 5405 1122 5447 et
1158 5397 1459 5449 Barberino.
2196 5397 2478 5449 Bodleiano
2499 5411 2551 5449 et
2581 5399 2886 5452 Barberino.

643 5466 748 5540 (_9|)
775 5464 1010 5540 Ἵδωμετς
1128 5463 1574 5540 ἐπιμελέστερον
1621 5469 1714 5540 τίςΔ
1756 5471 1787 5519 ὁ
1825 5468 1894 5520 ἐν
1944 5464 2093 5540 αρτῇ

2062 5464 2093 5532 ᾗ
2203 5533 2215 5540 ⁸
2262 5464 2783 5540 (θέλ-Ἀϐελλτηρίαν.
2815 5466 2968 5521 Deest
2988 5469 3415 5540 apndlinetium,
3461 5487 3581 5540 sed

576 5534 779 5600 Λόγος.
817 5531 1130 5601 Θαυμάζειν
1150 5549 1245 5601 μοι
1285 5531 1571 5600 πολλάκις
1613 5531 1930 5604 ἐπέρχεται.
1981 5531 2095 5590 Huic

1981 5531 2103 5590 nec
2202 5533 2254 5586 in
2274 5531 2466 5588 codice
2492 5534 2796 5599 Bodleiano,
2824 5546 2878 5590 et
2909 5540 2982 5592 ita
3013 5531 3141 5608 [egit
3164 5531 3496 5602 Ferrarius.
