3848 6172
303 287 352 344 BI
1417 285 1766 344 COMMENT.
1808 287 1875 341 1N
1913 286 2101 342 JOAN.
2137 285 2372 342 TOMUS
2403 286 2445 342 l.
3443 289 3510 336 b2.

305 400 393 468 τῆς
409 388 550 458 Me
584 380 677 436 καὶ
710 382 914 442 πάλιν
934 407 956 424 ο
1015 397 1180 469 Ἐγώ
1213 404 1326 470 ειμι
1356 404 1388 456 δ
1424 401 1599 469 ἄρτος
1628 406 1661 457 δ
1683 401 1827 468 ζῶν,

1954 401 2174 462 ,Γιιίιιιιι
2206 404 2296 457 Dei
2328 417 2387 457 se
2420 417 2537 457 esse
2565 400 2783 465 asserit,
2822 413 3043 469 quaeque
3085 399 3238 454 nobis
3273 399 3338 453 ad
3370 399 3418 451 id
3447 401 3512 452 de

304 495 359 546 ire
399 481 489 539 τοῦ
530 471 794 560 οὐρανίφῧ
841 491 1178 555 καταϐὰς,
1229 492 1327 545 καὶ
1367 491 1515 560 ἄσην
1560 494 1759 559 διδοὺς
1803 496 1853 559 τί

1956 506 2087 560 ⁸(ιιιο
2119 492 2323 560 agimus
2348 498 2742 555 succurrerunt,
2774 505 2838 543 ex
2862 487 3258 557 Evangeliorum
3287 497 3430 540 textu
3461 487 3508 539 in

307 578 489 642 κόσμῳ.
503 562 600 619 Καὶ
622 558 818 615 ταῦτᾶ
854 569 989 636 μὲν
1025 577 1130 630 ὲπὶ
1150 578 1243 631 τοῦ
1271 558 1525 650 παρόντος
1550 558 1853 634 ὑποπεσόντι

1981 558 2212 635 medium
2250 579 2585 648 protulimus.
2626 578 2727 633 Sed
2756 577 3052 631 addendum
3081 577 3241 630 etiam
3274 576 3399 627 illud
3430 586 3510 629 est

310 665 397 723 ἀπὸ
419 660 512 714 τῶν
538 657 590 708 ὲν
622 653 738 744 τεοῖς
772 655 1195 744 Εὐαγγελίοις
1228 671 1486 739 κειμένων
1518 672 1877 744 παρεθέμεθα,

314 749 507 809 τοσαῦτα.
536 740 682 799 αὐτὸν
724 741 1045 818 λέγοντος
1097 753 1235 810 εἶναι
1273 758 1362 811 τοῦ
1409 759 1538 812 Υἱοῦ
1582 740 1674 813 τοῦ
1723 740 1874 816 Θεοῦ.

288 844 299 856 ’
330 840 461 896 Ἀλλὰ
485 837 569 891 καὶ
592 836 643 887 ὲν
665 835 737 902 τῇ
783 836 1093 899 Ἰωάννου
1141 848 1511 918 Ἀποκαλύψειτ
1541 850 1719 918 λέγει’
1737 850 1878 919 Ἐγώ

322 936 415 1001 εἰμι
441 933 468 984 ό
495 925 704 995 πρῶτος
729 926 844 979 καὶ
881 933 922 983 ό
952 933 1249 1004 ἔσχατος,
1277 938 1378 1009 καὶ
1403 941 1434 991 ό
1457 937 1585 1001 ζῶν,
1619 939 1715 991 καὶ
1754 938 1877 1007 ἐγε-

325 1026 486 1091 νόμην
506 1016 719 1085 νεκρός’
759 1016 912 1073 ἰδοὺ
950 1021 1078 1083 ὧν
1096 1029 1213 1095 ειμι
1246 1029 1332 1092 είς
1362 1028 1501 1093 τοὺς
1529 1027 1739 1094 αἰῶνας
1761 1028 1876 1082 τῶν

327 1111 551 1165 αἰώνωνο
577 1108 666 1161 καὶ
695 1106 877 1161 πάλιν
898 1127 918 1141 °
953 1114 1199 1184 Γέγονα
1235 1115 1302 1169 τὸ
1343 1136 1383 1170 α
1404 1119 1500 1171 καὶ
1529 1118 1594 1170 τὸ
1618 1135 1680 1181 ω,
1710 1119 1804 1172 καὶ
1842 1122 1875 1172 ὀ

331 1199 531 1267 πρῶτος
566 1197 659 1252 καὶ
697 1200 732 1251 ὁ
774 1197 1070 1270 ἔσχατος
1095 1244 1110 1269 ,
1159 1207 1199 1273 ἠ
1241 1205 1393 1273 ἀρχή
1444 1206 1541 1260 καὶ
1582 1205 1647 1259 τὸ
1684 1206 1868 1273 τέλος.

334 1293 473 1345 Ἐστι
501 1290 555 1342 δὲ
582 1290 679 1342 οὐκ
704 1288 874 1357 ὀλίγα
918 1293 1023 1345 τὸν
1073 1294 1210 1364 μετὰ
1238 1297 1657 1365 παρατηρήσεως
1684 1297 1871 1363 ἐντυγ-

330 1381 538 1450 χάνοντα
590 1381 705 1442 ταῖς
737 1380 935 1447 ἁγίαις
981 1382 1184 1452 βίϐλοις
1239 1382 1333 1436 καὶ
1384 1385 1488 1436 ἀπὸ
1526 1386 1631 1438 τῶν
1668 1403 1872 1457 προφη-

328 1467 431 1521 τῶν
455 1468 803 1537 παραπλήσια
822 1466 1024 1521 λαϐεῖν
1046 1469 1178 1539 (95),
1204 1462 1331 1533 οἷον,
1357 1470 1436 1522 ὅτι
1457 1470 1605 1539 βέλος
1626 1471 1870 1525 ἐκλεκτὸν

328 1557 507 1610 ἑαυτὸν
537 1559 708 1619 καλεῖ,
738 1558 836 1609 καὶ
864 1558 1058 1613 δοῦλον
1093 1559 1186 1612 τοῦ
1222 1558 1374 1622 Θεοῦ,
1406 1560 1499 1611 καὶ
1538 1560 1651 1628 φῶς
1681 1560 1866 1614 ἐθνῶν.

326 1648 486 1715 Λέγει
508 1649 564 1701 δὲ
590 1647 731 1701 οὓτω
779 1645 1043 1711 Ἡσαΐας·
1098 1650 1196 1702 Ἐκ
1236 1650 1463 1713 κοιλίας
1494 1651 1716 1718 μητρός
1751 1670 1867 1720 μου

322 1736 573 1790 ἐκάλεσέ
601 1753 679 1805 με
705 1736 773 1789 τὸ
813 1736 1007 1804 ὄνομά
1039 1755 1180 1805 μου,
1217 1738 1314 1791 καὶ
1357 1740 1531 1813 ἔθηκε
1571 1742 1636 1793 τὸ
1683 1744 1853 1811 στόμε

1965 1733 2196 1797 electam,
2223 1742 2269 1786 et
2321 1734 2374 1786 in
2409 1733 2654 1801 pharetra
2697 1749 2795 1785 sua
2833 1732 3103 1785 abscondit
3148 1748 3248 1795 me,
3286 1742 3333 1784 et
3364 1732 3492 1784 dixit
3590 1808 3600 1815 ς

317 1843 436 1893 μου
459 1827 537 1891 ὡς
559 1825 863 1894 μάχαιραν
894 1825 1128 1890 ὀξεῖαν,
1185 1829 1280 1881 καὶ
1320 1829 1435 1882 ὑπὸ
1474 1829 1586 1897 τὴν
1637 1831 1868 1899 σκέπην

320 1914 433 1982 τῆς
451 1915 645 1981 χειρὸς
674 1915 863 1968 αὑτοῦ
884 1915 1114 1982 ἔκρυψέ
1127 1932 1220 1983 με.
1251 1917 1458 1983 Ἔθηκέ
1483 1935 1558 1985 με
1575 1919 1654 1983 ὡς
1682 1918 1867 1985 βέλος

317 2003 621 2068 ἐκλεκτὸν,
677 2004 778 2056 καὶ
810 2005 881 2055 ἐν
918 2003 996 2071 τῇ
1031 2003 1282 2072 φαρέτρα
1315 2005 1496 2058 αὐτοῦ
1533 2007 1755 2075 ἔκρυψέ
1768 2027 1862 2078 με,

320 2094 422 2146 καὶ
452 2090 581 2147 εἶπέ
619 2111 743 2162 μοι·
772 2093 1000 2158 Δοῦλός
1021 2110 1136 2161 μου
1162 2090 1221 2147 εἷ
1244 2092 1344 2158 σὺ,
1385 2095 1633 2163 Ἰσραὴλ,
1665 2098 1762 2150 καὶ
1795 2099 1864 2150 ἐν

317 2182 419 2235 σοι
471 2182 949 2250 δοξασθήσομαι.
999 2183 1107 2235 Καὶ
1151 2184 1265 2252 μετ’
1301 2182 1449 2251 ὀλίγα
1471 2201 1482 2212 ·
1520 2185 1629 2237 Καὶ
1660 2189 1692 2239 ό
1727 2189 1865 2253 Θεός

310 2289 432 2339 μου
490 2272 661 2326 ἔσται
701 2290 802 2341 μοι
858 2274 1056 2341 ἰσχύς*
1096 2276 1193 2328 καὶ
1233 2272 1359 2328 εἷπέ
1397 2290 1525 2344 μοι’
1555 2276 1716 2343 Μέγα
1762 2277 1861 2329 σοί

310 2362 449 2414 ἐστι
490 2360 664 2413 τοῦτο
715 2359 1014 2428 κληθῆναί
1057 2375 1130 2414 σε
1183 2361 1290 2432 (94)
1337 2361 1516 2415 παῖδά
1559 2380 1676 2430 μου
1695 2402 1709 2427 ,
1756 2364 1860 2417 τοῦ

310 2449 541 2518 στῆσαι
576 2450 681 2514 τὰς
714 2450 914 2518 φυλὰς
942 2449 1175 2513 Ἰακὼϐ,
1216 2451 1317 2504 καὶ
1376 2451 1487 2519 τὴν
1535 2451 1859 2519 διασπορὰν

309 2540 419 2593 τσῦ
470 2539 721 2607 Ἰσραὴλ
757 2539 1131 2606 ἐπιστρέψαι.
1179 2540 1329 2594 Ἰδοὺ
1378 2541 1606 2594 τέθεικά
1651 2557 1724 2595 σε
1772 2545 1858 2608 εὶς

311 2630 432 2698 φῶς
457 2628 670 2692 ἐθνῶν,
685 2629 806 2683 ’τοῦ
830 2625 984 2682 εἷναί
1010 2646 1083 2682 σε
1106 2632 1191 2694 εὶς
1215 2631 1508 2696 σωτηρίαν
1533 2631 1642 2696 ἕως
1678 2631 1858 2699 ἐσχά-

310 2737 413 2773 του
444 2718 553 2787 τῆς
578 2718 712 2788 γῆς.
753 2718 912 2771 Ἀλλὰ
944 2719 1037 2771 καὶ
1069 2721 1124 2771 ὲν
1161 2719 1237 2789 τῷ
1278 2720 1513 2791 Ἱερεμίᾳ
1548 2720 1714 2784 οὕτως
1754 2722 1854 2774 αὑ-

310 2811 397 2863 τὸν
426 2809 596 2880 ἀρνίῳ
656 2812 860 2879 ὁμοιοῖ·
909 2807 1055 2876 Ἐγὼ
1090 2810 1169 2875 ὡς
1203 2811 1409 2877 ἀρνίον
1457 2810 1678 2863 ἄκακον
1721 2811 1857 2878 ἀγό-

308 2913 488 2964 μενον
531 2896 640 2949 τοῦ
677 2897 943 2950 θύεσθαι.
978 2893 1160 2949 Ταῦτα
1193 2898 1289 2966 μὲν
1317 2893 1407 2951 οῦν
1434 2897 1525 2949 καὶ
1550 2897 1618 2950 τὰ
1650 2897 1854 2961 τούτοις

313 2987 660 3057 παραπλήσια
688 2985 854 3047 αὐτὸς
888 2984 1078 3037 ἑαυτόν
1110 3001 1290 3055 φησιν.
1326 2987 1475 3038 Ἔστι
1501 2987 1556 3039 δὲ
1587 2987 1677 3038 καὶ
1706 2986 1852 3058 παρὰ

1980 685 2043 724 ex
2071 667 2289 724 Joannis
2316 666 2627 736 Apocalypsi
2650 684 2663 719 :
2684 666 2792 735 Ego
2819 682 2931 719 sum
2964 666 3181 734 primus,
3208 674 3252 717 et
3278 662 3504 725 ultimus,

1950 792 1954 796 Α
1979 767 2024 810 et
2049 757 2238 821 vivens,
2275 764 2321 808 et
2356 755 2523 823 factus
2551 770 2663 807 sum
2691 763 2942 809 mortuus.
2971 753 3034 806 Et
3062 769 3175 807 ecce
3195 752 3363 805 vivens
3391 769 3505 804 sum

1978 846 2035 899 in
2076 844 2269 899 sa’cula
2317 842 2622 896 steculorum
2657 842 2736 906 ²⁶;
2772 849 2827 895 et
2881 855 3064 896 rursus
3097 858 3113 895 :
3149 838 3343 892 Factus
3391 856 3504 893 sum

1976 942 2068 995 ego
2126 928 2173 982 A
2197 937 2245 982 et
2274 931 2356 995 Ω,
2414 933 2463 980 et
2528 931 2724 999 primus
2762 938 2808 981 et
2838 930 3071 994 ultimus,
3112 928 3417 995 principium
3456 937 3504 981 et

1946 1074 1949 1077 .
1975 1021 2092 1090 ﬁnis
2114 1022 2179 1076 "’.
2208 1020 2340 1075 Sunt
2382 1029 2553 1075 autem
2595 1034 2696 1073 non
2724 1034 2907 1088 pauca,
2929 1028 3084 1087 atque
3114 1019 3197 1073 his
3219 1033 3337 1085 quae
3364 1017 3502 1072 dixi-

1976 1125 2094 1164 mus
2141 1109 2353 1174 similia,
2404 1125 2521 1178 qua:
2575 1111 2710 1163 sumi
2743 1125 2807 1163 ex
2849 1108 3117 1178 prophetis
3156 1115 3403 1174 poterunt
3434 1107 3502 1161 ab

1975 1214 2039 1253 eo
2061 1199 2147 1268 qui
2185 1199 2461 1267 diligenter
2504 1208 2744 1253 versatus
2786 1197 2944 1252 fuerit
2983 1199 3035 1250 in
3077 1197 3276 1250 sanctis
3307 1196 3498 1261 libris;

1973 1287 2133 1341 veluti
2160 1288 2296 1356 quod
2324 1289 2568 1354 sagittam
2606 1289 2849 1351 electam,
2879 1297 2934 1340 et
2964 1301 3173 1341 servmn
3203 1285 3312 1350 Dei,
3343 1296 3396 1340 et
3422 1286 3501 1338 lu-

1974 1389 2087 1429 cem
2119 1376 2351 1444 gentium
2393 1376 2623 1443 seipsum
2672 1375 2917 1445 appellat,
2954 1376 3084 1430 Isaia
3102 1373 3499 1429 dicente":Ex

1973 1473 2116 1517 utero
2140 1466 2320 1517 matris
2350 1480 2475 1518 meae
2513 1466 2704 1518 vocavit
2747 1481 2824 1518 me
2861 1466 3062 1518 nomine
3090 1482 3221 1530 meo,
3250 1473 3298 1518 et
3327 1465 3499 1533 posuit

1973 1570 2029 1606 os
2066 1570 2228 1607 meum
2254 1556 2403 1621 quasi
2433 1554 2661 1624 gladium
2708 1564 2938 1618 acutum,
2990 1564 3037 1607 et
3066 1555 3157 1608 sub
3184 1555 3498 1623 protectione

1970 1660 2153 1696 manus
2188 1660 2295 1698 suae
2334 1644 2595 1698 abscondit
2628 1660 2727 1698 me.
2765 1641 2948 1697 Posuit
2978 1660 3056 1696 me
3082 1644 3230 1707 quasi
3253 1645 3494 1711 sagittam

1966 1823 2091 1874 mihi
2115 1837 2134 1876 :
2155 1823 2342 1875 Servus
2365 1838 2503 1875 meus
2525 1839 2577 1876 es
2603 1830 2680 1886 tu,
2704 1821 2890 1884 Israel,
2913 1834 2958 1875 et
2981 1823 3034 1875 in
3065 1832 3115 1874 te
3146 1821 3490 1890 gloriﬁcabor.

1964 1909 2027 1962 Et
2055 1918 2171 1978 post
2197 1924 2358 1978 pauca
2382 1925 2395 1960 :
2429 1910 2561 1962 Deus
2596 1926 2735 1962 meus
2767 1912 2861 1962 erit
2883 1909 3132 1978 fortitudo
3158 1925 3291 1964 mea.
3315 1906 3380 1960 Et
3409 1910 3490 1963 di-

1961 1999 2040 2051 xit
2068 1998 2189 2050 mihi
2219 2015 2237 2051 :
2268 1998 2513 2067 Magnum
2552 2000 2645 2051 tibi
2663 2010 2755 2065 est,
2778 2009 2832 2051 ut
2860 2002 3049 2052 voceris
3073 2015 3242 2052 servus
3265 2015 3421 2061 meus,
3441 2008 3489 2053 et

1962 2088 2177 2140 suscites
2204 2088 2367 2140 tribus
2382 2086 2565 2151 Iacob,
2584 2098 2627 2140 et
2651 2088 3018 2154 dispersionem
3042 2087 3254 2141 lsraelis
3284 2104 3489 2143 conver-

1961 2183 2060 2228 tas.
2092 2173 2223 2228 Ecce
2250 2176 2397 2243 posui
2425 2188 2474 2229 te
2498 2177 2550 2228 in
2577 2174 2740 2228 lucem
2764 2178 3007 2244 gentium,
3037 2177 3182 2229 utris
3209 2175 3351 2229 salus
3374 2193 3486 2230 mea

1960 2278 2117 2331 usque
2171 2262 2239 2314 ad
2294 2274 2576 2317 extremum
2618 2274 2786 2317 teme.
2822 2263 2926 2318 Sed
2974 2274 3025 2319 et
3058 2266 3106 2318 in
3145 2263 3373 2319 Jeremia
3413 2267 3484 2320 ita

1957 2353 2187 2420 seipsum
2212 2370 2345 2424 agno
2373 2355 2630 2409 assimilat
2682 2371 2696 2407 :
2741 2350 2851 2420 Ego
2876 2355 3010 2406 sicut
3060 2372 3222 2424 agnus
3243 2356 3483 2412 innocens

1955 2443 2041 2508 qui
2067 2443 2272 2495 ducitur
2290 2445 2355 2495 ad
2379 2444 2774 2510 sacriﬁcandum
2792 2443 2857 2495 ”.
2884 2443 3004 2501 Haec
3030 2448 3206 2515 itaque
3227 2457 3280 2502 et
3301 2450 3385 2504 bis
3409 2450 3482 2504 si-

1958 2530 2097 2584 milia
2126 2532 2356 2600 seipsum
2394 2532 2500 2604 24
2527 2533 2775 2602 appellat.
2820 2534 2987 2590 Porro
3022 2537 3294 2592 innumera
3333 2554 3484 2594 voca-

1955 2620 2096 2685 bula,
2129 2631 2236 2675 tum
2266 2623 2403 2690 apud
2440 2624 2745 2691 Evangelia,
2780 2635 2886 2678 tum
2911 2627 3046 2695 apud
3070 2627 3352 2696 apostolos,
3371 2639 3480 2682 tum

1955 2710 2089 2773 apud
2137 2711 2417 2779 pr0phetas
2453 2712 2671 2782 colligas
2721 2712 2920 2778 licebit,
2959 2716 3153 2784 quibus
3179 2716 3345 2773 Filius
3389 2719 3480 2773 Dei

1951 2800 2200 2869 appellari
2232 2804 2452 2869 gaudet;
2477 2803 2723 2858 videlicet
2750 2804 2832 2857 vel
2853 2805 2917 2859 iis
2941 2805 3029 2874 qui
3058 2805 3337 2875 Evangelia
3355 2811 3480 2863 scri-

1950 2897 2172 2956 pserunt
2207 2890 2332 2957 quid
2364 2891 2428 2944 de
2476 2891 2589 2961 ipso
2637 2891 2899 2946 sentirent
2939 2897 3349 2962 exponentibus,
3397 2899 3477 2953 vel

1952 2977 2203 3044 apostolis
2226 2992 2288 3031 ex
2308 2979 2390 3033 his
2406 2995 2522 3047 qua:
2540 2981 2831 3035 didicerant
2852 2982 3018 3049 ipsum
3038 2983 3476 3052 gloriﬁcantibus,

314 3045 418 3140 τοῖς
466 3045 849 3141 Εὐαγγελίοις,
898 3072 991 3124 καὶ
1043 3045 1192 3143 παρα
1226 3076 1334 3137 τοῖς
1372 3075 1713 3141 ἀποστόλοις,
1759 3045 1851 3131 διαὶ

1954 3066 2035 3119 vel
2064 3067 2334 3135 prophetis
2370 3070 2532 3138 ipsius
2561 3071 2794 3125 futurum
2831 3072 3115 3126 adventum
3142 3076 3476 3143 praecinenti-

312 3164 394 3216 διὰ
439 3164 548 3216 τῶν
585 3160 884 3233 προφητῶν
938 3161 1130 3231 μυρίας
1171 3162 1299 3224 ὅσας
1335 3164 1694 3234 προσηγορίας
1729 3182 1850 3218 συν-

313 3257 547 3321 αγαγεῖν,
580 3252 652 3316 ἃς
695 3251 939 3304 καλεῖται
970 3252 1000 3304 ὁ
1034 3251 1160 3312 Υἱὸς
1200 3250 1292 3303 τοῦ
1319 3250 1476 3319 Θεοῦ,
1501 3254 1616 3322 ἦτοι
1646 3252 1752 3305 τῶν
1782 3254 1849 3309 τὰ

311 3343 599 3411 Εὐαγγέλια
641 3340 974 3413 γραψάντων
1014 3340 1114 3409 τὴν
1159 3341 1292 3394 ἰδίαν
1322 3341 1550 3395 διάνοιαν
1581 3343 1690 3397 τῶν
1723 3345 1847 3414 περὶ

308 3432 394 3484 τοῦ
435 3435 464 3485 ὃ
504 3433 559 3485 τί
587 3432 718 3485 ποτέ
755 3433 906 3485 ἐστιν
935 3429 1313 3500 ἐκτιθεμένων,
1348 3433 1381 3501 ἢ
1409 3433 1514 3486 τῶν
1541 3433 1842 3488 ἀποστόλων

307 3521 365 3587 ἐξ
397 3517 470 3578 ὧν
519 3523 867 3593 μεμαθήκασι
915 3521 1324 3589 δοξολογούντων
1374 3523 1553 3586 αὑτὸν,
1600 3524 1691 3583 καὶ
1738 3525 1843 3577 τῶν

307 3612 589 3681 προφητῶν
652 3611 1145 3681 προκηρυσσόντων
1205 3610 1368 3663 αὐτοῦ
1423 3611 1520 3681 τὴν
1584 3613 1840 3682 ἐσομένην

304 3700 604 3772 ἐπιδημίαν,
641 3704 735 3755 καὶ
759 3703 830 3755 τὰ
857 3701 988 3771 περὶ
1019 3698 1179 3753 αὐτοῦ
1204 3700 1643 3769 ἀπαγγελλόντων
1662 3702 1841 3770 διαφό-

307 3807 412 3861 ροις
445 3794 755 3862 ὀνόμασινι
787 3787 901 3843 οἷον
945 3792 976 3843 ό
1029 3790 1273 3860 Ἰωάννης
1300 3791 1461 3848 αὑτὸν
1489 3790 1544 3845 Ἀ
1555 3804 1688 3860 μνον
1706 3792 1838 3844 Θεοῦ

303 3879 629 3950 ἀναγορεύει,
662 3879 871 3945 λέγων·
901 3876 1020 3931 Ἴδε
1046 3880 1078 3931 ό
1104 3875 1315 3946 Ἀμνὸς
1346 3876 1449 3929 τοῦ
1488 3878 1651 3941 Θεοῦ,
1686 3881 1718 3931 ό
1747 3879 1837 3930 ατ-

294 3985 410 4034 ρων
434 3970 546 4036 τὴν
569 3969 870 4038 ἁμαρτίαν
904 3966 1009 4019 τοῦ
1034 3967 1281 4037 κόσμου·
1314 3966 1407 4018 καὶ
1435 3966 1597 4037 ἄνδρα
1622 3967 1707 4019 διὰ
1719 3968 1838 4019 τού-

298 4074 427 4111 των·
460 4059 649 4124 Οὗτός
679 4059 855 4111 ἐστιν
876 4055 1025 4121 ὑπὲρ
1054 4051 1124 4109 οὗ
1154 4055 1266 4125 ἐγὼ
1290 4051 1835 4120 εἷπον,ὅτι,’οπίσω

292 4164 403 4213 μου
429 4149 664 4217 ἔρχεται
694 4147 873 4215 ἀνὴρ,
931 4144 999 4209 ὃς
1037 4144 1368 4212 ἔμπροσθέν
1401 4161 1516 4212 μου
1548 4144 1785 4213 γέγονεν
1815 4163 1831 4177 ·

297 4234 380 4288 ὅτι
423 4237 653 4304 πρῶτός
675 4253 799 4304 μου
826 4235 934 4303 ἧν·
970 4235 1127 4302 κάγὼ
1157 4236 1267 4287 οὐκ
1316 4233 1481 4301 ᾔδειν
1510 4234 1707 4286 αὐτόν.
1749 4233 1833 4287 Ἐν

292 4323 346 4375 δὲ
398 4330 460 4397 τῇ
503 4325 770 4395 καθολικῇ
834 4323 1165 4395 Ἐπιστολῇὸ
1212 4322 1458 4390 Ἰωάννης
1494 4321 1830 4393 παράκλητον
1861 4363 1905 4417 D

293 4415 411 4483 περὶ
433 4414 540 4466 τῶν
563 4414 757 4482 ψυχῶν
797 4411 952 4481 ἡμῶν
982 4413 1114 4482 πρὸς
1135 4411 1226 4464 τὸν
1252 4410 1465 4480 Πατέρα
1511 4412 1640 4478 φησὶ
1672 4411 1829 4464 αὐτὸν

291 4497 435 4566 εἶναι,
479 4503 687 4570 λέγων’
748 4500 858 4555 Καὶ
904 4499 1011 4553 ἐάν
1046 4516 1134 4564 τις
1181 4498 1427 4567 ἁμάρτῃ,
1456 4498 1831 4567 παράκλητον

226 4593 237 4603 ⁸
288 4592 491 4660 ἔχομεν
532 4591 691 4658 πρὸς
738 4589 844 4643 τὸν
886 4591 1111 4656 Πατέρα
1153 4586 1399 4654 Ἰησοῦν
1452 4588 1702 4655 Χριστὸν
1753 4588 1831 4641 δί-

288 4695 463 4735 καιον.
505 4679 791 4750 Ἐπιφέρει
819 4678 899 4742 δὲ,
923 4678 1005 4731 ὅτι
1034 4679 1128 4731 καὶ
1165 4672 1385 4745 ἱλασμός
1413 4677 1525 4728 ἐστι
1568 4678 1694 4747 περὶ
1720 4677 1825 4732 τῶν

1950 3157 2073 3221 bus,
2108 3167 2161 3210 et
2194 3172 2277 3210 res
2300 3159 2441 3214 illius
2468 3162 2632 3216 variis
2667 3163 2965 3218 nominibus
2990 3164 3483 3228 oll‘ereutibusNel-

1955 3244 2033 3302 uti
2063 3243 2293 3301 Joannes
2325 3251 2540 3317 Agnum'
2568 3250 2657 3306 Dei
2700 3255 2866 3323 ipsum
2908 3256 3191 3324 praedicat,
3247 3257 3429 3313 dicens
3457 3276 3472 3311 :

1949 3330 2080 3385 Ecce
2104 3338 2277 3402 Agnus
2306 3335 2418 3402 Dei,
2436 3354 2546 3392 ecce
2566 3342 2652 3407 qui
2671 3342 2800 3395 tollit
2826 3354 3087 3410 peccatum
3105 3346 3281 3398 mundi
3300 3346 3374 3411 ³⁰;
3392 3346 3473 3400 vi-

1948 3436 2064 3474 rum
2096 3421 2230 3478 ’γει-ο
2279 3425 2362 3478 his
2401 3440 2517 3495 quae
2561 3441 2853 3498 sequuntur
2908 3453 2921 3487 :
2967 3431 3068 3486 llic
3119 3445 3217 3499 est,
3258 3436 3323 3488 de
3375 3453 3472 3506 quo

1945 3514 2172 3568 dicebam
2193 3532 2213 3569 :
2239 3514 2367 3569 Post
2406 3536 2484 3572 me
2528 3521 2604 3573 vir
2632 3524 2762 3574 venit
2790 3524 2877 3591 qui
2912 3534 3029 3577 ante
3060 3541 3137 3579 me
3163 3526 3332 3593 [actus
3355 3536 3428 3580 est
3449 3546 3473 3595 ,-

1943 3605 2179 3671 quoniam
2204 3606 2343 3672 prior
2363 3624 2439 3660 me
2453 3619 2560 3661 erat
2580 3620 2655 3662 :et
2674 3626 2764 3677 ego
2789 3612 3072 3666 nesciebam
3096 3630 3211 3667 eum
3234 3615 3298 3669 ⁸¹.
3333 3614 3474 3672 Sane

1943 3690 1995 3744 in
2031 3693 2286 3748 catholica
2327 3695 2557 3763 Epistola
2598 3695 2828 3754 Joannes
2878 3700 3024 3754 illum
3065 3704 3287 3771 appellat
3311 3706 3474 3760 advo-

1943 3789 2119 3834 catum
2142 3783 2435 3836 animarum
2461 3787 2523 3838 ad
2548 3786 2780 3851 Patrem,
2813 3788 2994 3843 dicens
3018 3810 3032 3846 :
3064 3792 3122 3846 Si
3155 3797 3273 3862 quis
3292 3812 3473 3863 pecca-

1940 3872 2081 3933 verit,
2114 3872 2411 3925 advocatum
2443 3877 2579 3943 apud
2606 3876 2812 3932 Patrem
2841 3881 3083 3936 habemus
3117 3882 3292 3936 Jesum
3322 3883 3472 3937 Citri-

1938 3967 2072 4010 stum
2091 3959 2295 4028 justum
2316 3963 2379 4015 δ’.
2410 3962 2691 4035 Subjungit
2712 3969 2871 4022 etiam
2902 3973 3041 4039 quod
3064 3973 3132 4025 sit
3158 3975 3469 4029 reconcilia-

1940 4046 2011 4100 tio
2059 4064 2153 4116 pro
2198 4054 2425 4118 peccatis
2470 4057 2706 4121 nostris;
2758 4059 2822 4112 ad
2868 4061 3020 4129 cujus
3066 4062 3465 4116 similitudinem

1935 4133 2128 4191 Paulus
2159 4140 2385 4206 appellat
2413 4157 2533 4196 eum
2570 4148 3042 4216 reconciliatorem,
3061 4151 3276 4206 dicens:
3302 4150 3463 4215 Quem

1933 4230 2193 4291 proposuit
2223 4229 2356 4283 Deus
2393 4234 2827 4290 recanciliatorem
2855 4255 2946 4306 per
2962 4240 3116 4307 ﬁdem
3136 4242 3190 4294 in
3215 4242 3463 4309 sanguine

1933 4312 2116 4379 ipsius,
2133 4328 2336 4384 propter
2354 4322 2696 4375 remissionem
2720 4328 3093 4392 praeteritorum
3114 4340 3459 4398 peccatorum,

1932 4418 2046 4468 qum
2070 4403 2203 4458 Deus
2225 4407 2456 4462 toleravit
2473 4410 2536 4464 ³³.
2556 4414 2634 4466 Ad
2664 4414 2771 4467 haec
2790 4417 3103 4483 praedicatus
3128 4429 3210 4472 est
3240 4419 3398 4473 etiam
3426 4435 3459 4474 ει

1933 4494 2114 4557 Paulo,
2151 4497 2409 4564 sapientia
2440 4507 2493 4553 et
2528 4504 2757 4570 potentia
2790 4506 2879 4558 Dei
2911 4522 3057 4570 esse,
3097 4518 3152 4562 ut
3192 4514 3244 4563 in
3275 4510 3459 4566 Corin-

1935 4584 2163 4637 thiorum
2202 4585 2471 4655 Epistola,
2513 4594 2726 4659 quando
2756 4593 2928 4648 dicit:
2963 4596 3196 4652 Christus
3236 4610 3307 4652 est
3363 4601 3457 4655 Dei

1930 4677 2152 4743 potentia
2181 4685 2225 4727 et
2256 4678 2507 4743 sapientia
2533 4680 2597 4735 ".
2627 4681 2774 4746 Quod
2818 4684 2975 4738 etiam
3008 4688 3360 4741 sanctiﬁcatio
3388 4689 3455 4741 sit

285 4770 553 4840 ἁμαρτιῶν
612 4769 771 4840 ήμῶν
795 4786 808 4798 ⁸
849 4761 894 4836 ᾧ
947 4764 1335 4839 παραπλησίως
1376 4766 1405 4816 ὁ
1446 4765 1651 4829 Παῦλος
1684 4764 1825 4834 λέγει

1954 4772 1980 4816 ιι
2000 4767 2323 4832 redemptio:
2356 4765 2676 4845 Factus’est,
2721 4773 2909 4840 inquit,
2955 4777 3205 4841 sapientia
3240 4776 3382 4827 nobis
3418 4793 3451 4828 α

286 4861 435 4912 αὐτὸν
474 4856 617 4912 εἶναι
672 4859 980 4929 ἱλαστήριον
1002 4895 1018 4921 ,
1064 4858 1304 4926 φάσκων⁹
1348 4854 1453 4904 Ὃν
1480 4857 1751 4921 προέθετο
1791 4859 1825 4910 ό

1954 4852 2055 4916 ὶεο,
2081 4864 2126 4906 et
2142 4854 2370 4921 justitia,
2397 4868 2445 4911 et
2466 4861 2827 4929 sanctiﬁcatio,
2851 4873 2896 4915 et
2925 4864 3196 4931 redemptio
3218 4864 3281 4916 ⁸⁵.
3311 4863 3450 4928 Quin

284 4950 415 5015 Θεὸς
439 4949 796 5017 ἱλαστήριον
820 4948 915 5002 διὰ
952 4950 1206 5010 πίστεως
1234 4945 1304 4997 έν
1325 4944 1403 5007 τῷ
1427 4943 1618 5011 αἵματι
1640 4945 1821 5000 αὐτοῦ

1958 4945 2080 4997 tiam
2103 4949 2435 5002 sacerdotem
2469 4966 2717 5021 maguum
2747 4955 2986 5006 eumdem
3022 4969 3139 5007 esse
3173 4956 3324 5009 docet
3354 4971 3449 5011 nos

280 5035 368 5090 διὰ
402 5038 518 5105 τὴν
563 5036 817 5104 πάρεσιν
842 5037 960 5089 τῶν
1001 5030 1438 5101 προγεγονότων
1491 5032 1821 5102 ἁμαρτημά-

1925 5036 1991 5089 ad
2054 5035 2302 5092 Hebraeos
2352 5039 2633 5095 scribens:
2665 5040 2921 5095 Habentes
2962 5059 3079 5112 ergo
3132 5046 3447 5101 sacerdotem

279 5138 385 5174 των
412 5124 485 5175 ἐν
510 5121 590 5190 τῇ
621 5120 816 5189 ἀνοχῇ
866 5120 971 5175 τοῦ
1024 5117 1193 5172 Θεοῦ.
1229 5116 1564 5202 Κεκήρυκται
1601 5119 1656 5172 δὲ
1682 5122 1818 5176 κατὰ

1957 5142 2181 5195 mgnum,
2213 5130 2300 5197 qui
2325 5133 2645 5197 pertransivit
2673 5132 2841 5195 caelos,
2878 5130 3056 5185 Jesum
3095 5132 3289 5188 Filium
3329 5135 3445 5202 Dei,

277 5207 358 5259 τὸν
385 5208 595 5261 Παῦλον
627 5209 786 5275 σοφία
819 5203 958 5260 εἶναι
992 5206 1087 5258 καὶ
1128 5202 1351 5269 δύναμις
1381 5201 1533 5269 θεοῦ,
1559 5206 1633 5270 ὡς
1666 5211 1722 5261 ὲν
1747 5214 1813 5285 τῇ

1954 5232 2178 5271 ineamus
2229 5222 2597 5290 confessionem
2620 5223 2684 5275 “.
2709 5222 2988 5291 Propheta:
3038 5228 3195 5281 etiam
3248 5237 3445 5295 praeter

373 5358 604 5442 We;
636 5357 794 5442 1:17;
953 5358 1127 5442 Aves
1149 5359 1405 5442 erats-
1481 5363 1524 5395 "
1549 5365 1853 5442 Caeam.

1954 5387 2023 5425 rs.
2058 5371 2162 5436 l,2
2194 5381 2247 5426 et
2282 5388 2394 5442 seq.

2495 5376 2785 5456 ’?_-!¢3_l’-_§l.
2810 5383 2905 5456 19,
2938 5454 2947 5456 _
3007 5388 3051 5418 ³⁸
3076 5387 3232 5441 Joan.
3263 5405 3304 5456 ι,
3348 5391 3435 5447 9.9.

278 5419 315 5451 ³⁸
362 5414 499 5478 ἰΙιίιΙ.’
531 5427 619 5480 ⁸50.
661 5414 673 5421 ’
696 5427 740 5458 ⁸⁸
776 5428 794 5480 l
832 5414 1017 5479 Joan:
1047 5439 1109 5486 ll,
1146 5424 1194 5474 l.
1270 5414 1311 5456 ³³
1334 5426 1480 5484 Rom.
1506 5414 1853 5502 uifékféﬁ.’

1954 5414 2023 5494 ἱῖ
2062 5414 2263 5505 δαὶῗ,
2282 5414 2394 5496 ἐἱῖ
2424 5462 2429 5469 ε
2453 5443 2495 5476 ιε
2521 5414 2649 5498 ιιῆἷιῖ
2664 5414 2785 5500 '56"
2809 5414 3250 5519 ἧῖἰώνῘιῖΪἻῖ.

341 5514 442 5582 (95)
472 5517 636 5571 Codd.
663 5518 1074 5588 Bodleianuspt
1104 5513 1429 5588 Barberinus,
1458 5523 1666 5581 λαϐεῖν.
1707 5531 1810 5588 lle-

277 5581 401 5646 gius,
425 5580 585 5654 quem
616 5597 833 5643 secutus
861 5592 950 5638 est
979 5580 1228 5647 Huetius,
1259 5580 1438 5652 λέγειν.

1989 5535 2106 5615 (91),
2124 5536 2330 5615 ξεηιιιι
2355 5538 2522 5615 _codd_._
2545 5540 2813 5615 Bodleian.
2864 5558 2917 5600 et
2967 5548 3303 5615 Barbcrinus.
3332 5568 3437 5608 non
3534 5588 3537 5591 -

1922 5621 2029 5674 μοι,
2060 5614 2115 5658 ιιι
2142 5604 2331 5675 legitur
2352 5607 2403 5663 in
2441 5606 2673 5665 editione
2705 5608 2903 5668 lluetii.
