3848 6226
555 317 625 372 £3
1972 309 2286 370 ORIGENIS
3572 312 3624 364 δι

559 427 670 480 hanc
697 426 920 482 diversis
965 442 1081 480 eum
1118 424 1415 479 nominibus
1444 426 1706 494 appellant
1738 443 1754 481 :
1793 425 1950 481 Jacob
1973 429 2078 496 qui-

2115 428 2161 483 Α
2188 420 2321 491 πρὸς
2350 420 2683 490 Κορινθίους,
2717 422 2795 474 ὅτι
2816 461 2830 483 ,
2872 420 3116 488 Χριστὸς
3166 419 3380 486 δι’ναμίς
3415 421 3522 474 ἐστι
3555 427 3629 476 καὶ

557 517 674 567 dem
733 514 785 567 in
838 529 899 567 ea
945 513 1314 566 benedictione
1356 529 1456 581 qua
1497 515 1551 568 in
1594 517 1788 571 liberos
1821 531 1946 571 usus
1986 525 2076 580 est1

2191 509 2334 562 Θεοῦ
2362 511 2560 577 σοφία.
2598 511 2737 580 Πρὸς
2760 511 2964 573 τούτοις
2989 512 3069 563 ὅτι
3095 513 3187 564 καὶ
3212 511 3430 580 ἁγιασμός
3447 513 3540 562 ἐστι
3559 513 3629 565 καὶ

553 602 740 656 Judam
770 603 1039 655 nominat:
1072 599 1236 664 Juda,
1272 603 1462 670 inquit,
1505 605 1790 659 laudabunt
1833 618 1880 660 te
1901 610 2072 673 fratre:

2186 598 2550 668 ἀπολύτρωσις
2569 617 2583 630 ο
2620 602 2720 663 Ὃς
2743 600 2987 668 ἐγενήθη
3019 601 3146 670 γὰρ,
3183 601 3316 668 φησὶ,
3344 601 3498 667 σοφία
3522 602 3629 668 ἡμῖν

556 692 630 742 ιιιὶ
659 707 677 743 .'
704 705 885 741 manus
907 699 1010 741 tua:
1058 705 1210 756 super
1244 690 1453 743 dorsum
1511 693 1831 744 inimicorum
1861 702 2075 746 tuorum.

2185 687 2300 740 ἀπὸ
2360 687 2543 750 Θεοῦ,
2586 687 2930 754 δικαιοσύνη
2985 706 3047 740 τε
3099 688 3198 740 καὶ
3251 688 3513 756 ἁγιασμὸς,
3560 691 3629 741 καὶ

555 778 766 830 Catulus
790 778 946 829 leonis
972 776 1006 828 J
1013 777 1113 830 uda
1146 797 1166 832 :
1192 794 1255 831 ea:
1279 782 1528 848 germine,
1553 782 1630 848 fili
1659 783 1748 844 mi,
1775 783 2074 836 ascendisti.‘

2183 775 2609 842 ἀπολύτρωσις.
2653 776 2807 828 Ἀλλὰ
2853 777 2942 828 καὶ
2983 776 3240 846 ἀρχιερέα
3273 777 3415 845 μέγαν
3449 776 3625 828 διδάσκει

553 867 840 920 recumbens
864 868 1100 920 dormisti
1134 879 1187 921 ut
1213 871 1312 934 leo,
1348 881 1394 924 et
1433 882 1486 923 ut
1509 872 1668 925 leonis
1705 875 1928 928 catulus.
1957 875 2072 939 Quit

2184 865 2328 934 ἡμᾶς
2377 866 2535 917 αὐτὸν
2599 865 2880 935 τυγχάνειν
2931 865 3065 934 πρὸς
3125 865 3381 934 Ἑϐραίους
3432 866 3617 934 γράφων

553 957 797 1010 excitabit
823 957 969 1010 illum
987 958 1030 988 ⁸⁷
1048 959 1073 1010 9
1097 957 1352 1013 Cancrum
1371 963 1644 1027 praesentis
1662 979 1761 1016 non
1782 975 1862 1018 est
1885 977 2072 1035 tempo‘

2186 954 2463 1020 Ἔχοντες
2495 950 2604 1008 οὖν
2629 954 2897 1022 ἀρχιερέα
2923 955 3130 1022 μέγαν,
3157 955 3506 1020 διεληλυθότα
3534 954 3629 1005 τοὺς

549 1050 624 1103 ris
660 1049 886 1120 singulis
917 1051 1210 1115 immorari,
1239 1053 1568 1107 ostendendo
1595 1057 1857 1121 quomodo
1883 1071 2000 1126 qua:
2020 1059 2068 1112 dt

2181 1042 2489 1107 οὐρανοὺς,
2519 1042 2761 1108 Ἰησοῦν
2787 1042 2891 1094 τὸν
2931 1043 3064 1094 Υίὸν
3086 1042 3191 1094 τοῦ
3224 1041 3370 1103 Θεοῦ,
3398 1039 3629 1107 κρατῶμει

543 1136 675 1192 Juda
723 1138 827 1192 dici
883 1140 1158 1204 videntur,
1220 1139 1436 1194 Christo
1497 1145 1865 1210 conveniant;
1923 1155 2062 1212 atqm

2180 1135 2287 1203 τῆς
2327 1137 2660 1204 ὁμολογίας.
2699 1137 2760 1188 0i
2795 1135 2848 1188 δὲ
2899 1136 3169 1206 προφῆται
3217 1133 3351 1204 παρὰ
3393 1134 3542 1186 ταῦτα
3579 1150 3629 1184 κα

545 1228 704 1280 etiam
743 1230 973 1296 objectio
997 1245 1112 1298 qua:
1131 1230 1253 1296 jure
1281 1230 1463 1284 inferri
1487 1242 1690 1300 posset,
1707 1235 1942 1288 scilicet:
1962 1235 2064 1287 Nor

2179 1225 2380 1296 ἑτέροις
2417 1225 2667 1295 ὀνόμασιν
2711 1225 2868 1277 αὑτὸν
2917 1225 3196 1278 καλοῦσιν·
3228 1227 3254 1276 6
3285 1223 3370 1293 μὲν
3413 1221 3576 1275 Ἰακὼϐ
3612 1226 3629 1274 ἐ

544 1316 743 1382 deﬁciet
769 1318 1000 1385 princeps
1029 1320 1090 1371 de
1127 1318 1287 1382 Iuda,
1316 1330 1361 1372 et
1392 1321 1499 1374 dua:
1545 1323 1607 1375 de
1645 1323 1923 1390 femoribus
1945 1327 2057 1394 ejus

2177 1319 2241 1386 τῇ
2270 1315 2402 1385 πρὸς
2425 1316 2546 1376 τοὺς
2570 1316 2715 1377 υἱοὺς
2747 1315 2960 1384 εὐλογίᾳ
3008 1313 3226 1366 Ἰούδαν
3263 1314 3317 1365 τὸ
3340 1312 3451 1383 γάρ·
3477 1313 3629 1367 ἰούδι

542 1405 703 1458 donec
731 1409 916 1460 venerit
952 1410 1033 1462 cui
1067 1411 1341 1476 repositum
1391 1421 1464 1464 est
1484 1412 1551 1473 ³⁸,
1574 1412 1706 1468 alias
1751 1419 2061 1470 commodius

2177 1408 2252 1462 σὲ
2281 1406 2630 1460 αίνέσαισαν
2660 1409 2713 1459 oi
2741 1406 2988 1474 ἀδελφοί
3009 1419 3146 1464 σου.
3179 1406 3239 1456 al
3266 1403 3439 1471 χεῖρές
3460 1421 3560 1456 σου
3582 1403 3629 1454 ἐι

543 1495 794 1550 solvetur.
811 1497 971 1552 Isaias
990 1500 1149 1553 etiam
1183 1502 1325 1554 novit
1351 1502 1515 1570 ipsum
1534 1503 1801 1558 Christum
1829 1508 2058 1575 appellas

2176 1496 2362 1548 νώτου
2392 1495 2508 1548 τῶν
2537 1494 2759 1563 ἐχθρῶν
2782 1510 2914 1548 σου.
2949 1495 3220 1562 Σκύμνος
3238 1493 3458 1558 λέοντος
3481 1493 3629 1548 Ἰούδι

539 1586 704 1640 Jacoh
733 1598 786 1641 et
810 1587 988 1654 Israel,
1020 1591 1408 1646 dicenszlacob
1437 1594 1654 1648 dilectus
1683 1613 1822 1650 meus
1855 1599 2053 1651 auxilia

2176 1588 2243 1640 ἐκ
2292 1588 2585 1652 βλαστοῦ,
2620 1587 2709 1640 υἱέ
2729 1605 2880 1656 μου,
2913 1587 3161 1653 ἀνέϐης·
3213 1584 3508 1639 ἀναπεσὼν
3542 1586 3629 1637 ἐκο

542 1680 632 1729 bar
651 1680 696 1730 ei
715 1660 916 1732 {Israel
945 1681 1128 1734 electus
1161 1699 1322 1747 meus,
1345 1660 1561 1752 suscepit
1591 1685 1735 1738 illum
1753 1688 1926 1740 anima
1943 1705 2061 1742 mea.

2110 1735 2147 1752 ..
2171 1677 2364 1746 μήθης
2387 1679 2465 1743 ὡς
2491 1677 2663 1742 λέων,
2695 1677 2787 1729 καὶ
2809 1677 2887 1741 ὡς
2901 1677 3185 1744 σκύμνος.
3213 1675 3302 1739 Τίς
3315 1674 3629 1743 ἐγερεῖαὺτόι

538 1765 803 1820 Iudicium
841 1768 945 1836 25
973 1770 1207 1838 gentibus
1237 1775 1491 1826 nuntiabit
1511 1790 1528 1827 :
1551 1791 1651 1828 non
1677 1780 1962 1844 contendet,
1991 1795 2057 1832 ne!

2110 1735 2149 1792 Β
2281 1735 2420 1822 κατὰ
2441 1735 2538 1822 τὸν
2571 1735 2891 1837 ἐνεστηκότα
2921 1768 2977 1820 δὲ
3013 1735 3203 1837 ναιρον
3247 1735 3362 1819 ἐστι⁷
3391 1735 3514 1836 πρὸς
3555 1767 3629 1831 λέξ

538 1871 634 1923 que
664 1856 923 1919 clamabit,
953 1876 1112 1928 neque
1157 1863 1334 1916 audiet
1364 1863 1552 1931 aliquis
1592 1866 1645 1920 in
1683 1866 1867 1934 plateis
1907 1885 2057 1922 vocen

2177 1861 2540 1929 παραστῆσαι,
2591 1859 2706 1921 πῶς
2734 1861 2799 1912 τὰ
2827 1860 2904 1930 τῷ
2946 1861 3112 1930 Ἰούδᾳ
3141 1860 3394 1927 λεγόμενα
3424 1858 3539 1926 περὶ
3568 1855 3629 1926 Χε

536 1942 670 2008 ejus.
725 1943 992 1998 Calamum
1031 1951 1306 2002 contritum
1343 1968 1444 2004 non
1490 1953 1798 2023 confringet,
1837 1967 1882 2010 et
1913 1957 2055 2010 linun

2175 1948 2297 2000 στοῦ
2338 1950 2501 2001 ἐστιν.
2521 1948 2677 2000 Ἀλλὰ
2699 1949 2789 2002 καὶ¹
2809 1948 3155 2020 ἀνθυποφορὰ
3169 1949 3400 2015 εὐλόγως
3422 1946 3629 2014 ἐπενεχο

537 2033 796 2103 fumigans
828 2053 930 2090 non
961 2041 1266 2109 exstinguet,
1297 2042 1456 2095 donec
1479 2045 1750 2112 projecerit
1773 2063 1837 2100 ea:
1870 2059 2056 2103 conten-

2171 2053 2257 2089 ναι
2284 2037 2549 2108 δυναμένη
2568 2078 2582 2101 ,
2609 2041 2727 2091 Οὐκ
2759 2039 3024 2106 ἐκλείψει
3049 2038 3254 2106 ἄρχων
3279 2036 3345 2101 ἐξ
3383 2035 3577 2098 Ἰούδα,
3600 2053 3629 2087 κ

535 2124 671 2179 tione
678 2127 961 2194 judicium,
987 2139 1035 2182 et
1066 2131 1120 2183 in
1151 2133 1352 2185 nomine
1374 2133 1483 2200 ejus
1510 2146 1679 2202 gentes
1704 2139 1978 2206 sperabunt
2007 2140 2049 2171 ³³

2169 2126 2492 2194 ἡγούμενος
2514 2127 2581 2178 ἐκ
2626 2125 2742 2179 τῶν
2785 2126 2989 2194 μηρῶν
3035 2125 3245 2189 αὐτοῦ,
3291 2125 3398 2190 ἓως
3442 2123 3516 2176 ἂν
3563 2123 3624 2174 sa

535 2216 684 2281 Quod
707 2217 844 2271 enim
866 2219 975 2272 haec
997 2220 1060 2271 de
1087 2219 1297 2274 Christo
1318 2223 1588 2290 propheta:
1620 2227 1879 2294 nuntient,
1897 2229 2054 2296 palan

2167 2206 2215 2278 ᾧ
2245 2215 2542 2268 ἀπόκειται
2565 2216 2694 2286 (95),
2719 2217 2776 2270 ὲν
2813 2216 2987 2278 ἄλλοις
3001 2215 3380 2286 εὐκαιρότερον
3403 2213 3629 2282 λυθήσετε

535 2304 811 2360 Matthaaus
858 2309 1089 2361 ostendit
1127 2309 1180 2362 in
1224 2310 1544 2379 Evangelio,
1587 2327 1654 2367 ex
1693 2323 1844 2383 parte
1889 2318 2054 2372 mutii:

2169 2301 2287 2357 Οἵδε
2323 2304 2380 2356 δὲ
2415 2305 2503 2358 τὸν
2535 2305 2762 2375 Χριστὸν
2817 2305 3005 2358 Ἰακὼϐ
3055 2307 3150 2358 καὶ
3195 2303 3404 2374 Ἰσραὴλ
3454 2300 3629 2370 ὀνομαέ

532 2397 702 2452 citans
733 2408 786 2452 et
807 2399 1018 2453 dicens:
1051 2401 1117 2454 Ut
1156 2402 1455 2472 impleretur
1495 2409 1632 2475 quod
1661 2410 1853 2463 dictum
1875 2422 1948 2464 est
1981 2430 2051 2482 pet

2170 2410 2324 2463 μενον
2363 2395 2601 2460 Ἡσαΐας,
2628 2395 2794 2463 λέγων
2810 2413 2822 2426 ’
2866 2394 3071 2448 Ἰακὼϐ
3092 2399 3125 2449 ὀ
3148 2395 3291 2460 παῖς
3309 2411 3446 2463 μου,
3471 2394 3629 2446 ἀντιλ

529 2486 827 2554 prophetam
844 2505 862 2542 :
893 2488 943 2541 Ν
949 2507 1011 2542 οη
1029 2494 1318 2560 contendet,
1341 2506 1385 2547 et
1409 2513 1506 2550 non
1527 2499 1765 2553 clamabit
1781 2501 1844 2565 ⁸ο,
1874 2511 1926 2556 et
1953 2518 2048 2571 qua

2165 2486 2348 2551 ψομαι
2398 2486 2599 2538 αὑτοῦ·
2656 2485 2897 2552 Ἰσραὴλ
2942 2489 2974 2538 ό
3011 2485 3303 2551 ἐκλεκτός
3342 2501 3482 2553 μου,
3536 2498 3629 2550 πρε

533 2588 828 2641 sequuntur
852 2618 866 2632 .
932 2580 1164 2634 Vocatur
1200 2585 1359 2636 etiam
1398 2586 1556 2641 David
1583 2587 1848 2655 Christus,
1905 2593 2052 2647 velut?

2163 2571 2403 2635 εδέξατο
2428 2573 2611 2626 αὑτὸν
2634 2576 2671 2641 ἡ
2696 2575 2862 2643 ψυχή
2902 2592 3042 2643 μου.
3070 2574 3290 2642 Κρίσιν
3323 2573 3448 2639 τοῖς
3475 2573 3629 2627 ἔθνει

529 2665 741 2728 quando
771 2665 1014 2720 Ezechiel
1047 2673 1371 2738 prophetans
1401 2675 1468 2727 ad
1517 2688 1760 2743 pastores
1792 2682 2048 2751 subiungit

2162 2663 2510 2730 ἀπαγγελεῐο
2543 2665 2653 2716 οἰκ
2673 2663 2876 2731 ἐρίσει,
2902 2663 3044 2716 οὐδὲ
3087 2662 3319 2731 πράξει,
3357 2662 3502 2717 οὐδὲ
3544 2663 3629 2716 diu

528 2765 597 2802 ex
626 2767 847 2819 persona
880 2755 1011 2810 Dei:
1058 2755 1303 2814 Excitabo
1334 2761 1498 2816 David
1527 2781 1725 2818 servum
1759 2784 1945 2835 meum,
1974 2750 2039 2840 qu

2161 2764 2254 2801 σει
2282 2766 2368 2814 τις
2395 2750 2464 2802 ἐν
2481 2767 2606 2816 ταις
2632 2751 2937 2817 πλατείαις
2975 2751 3090 2819 τὴν
3113 2751 3330 2820 φωνὴν
3367 2752 3574 2806 αὑτοῦ.
3604 2755 3629 2802 l.

529 2853 662 2908 reget
692 2859 776 2897 eos
805 2844 870 2902 “.
899 2845 1010 2900 Non
1034 2849 1174 2902 enim
1197 2850 1358 2906 David
1383 2855 1679 2921 patriarcha
1707 2871 1956 2930 exsurget
1982 2877 2048 2916 re-

2159 2845 2351 2911 λαμω-
2394 2844 2888 2912 συντετριμμένον
2924 2847 2994 2898 οὐ
3050 2845 3352 2909 κατεάξει,
3392 2847 3497 2898 καὶ
3554 2847 3629 2898 λίι

525 2939 710 2986 cturus
731 2946 966 3001 sanctos,
1000 2939 1091 2992 sed
1128 2940 1390 2996 Christus.
1421 2943 1499 2997 Ad
1525 2947 1636 2999 haec
1664 2947 1862 3018 virgam
1891 2959 1942 3003 et
1967 2948 2044 3004 θος

2160 2933 2490 2999 τυφόμενον
2533 2935 2604 2986 οὐ
2643 2932 2866 2996 σϐέσει,
2896 2933 3006 2999 ἕως
3037 2934 3115 2987 ἂν
3141 2935 3375 3004 ἐκϐάλῃ
3410 2936 3481 2989 ἐκ
3520 2937 3629 2987 νίκη

526 3035 638 3075 rem
674 3025 908 3093 appellat
934 3027 1202 3083 Christum
1243 3031 1403 3086 Isaias
1429 3035 1512 3088 his
1540 3036 1758 3093 verbis:
1816 3038 2045 3108 Egredie-

2110 3045 2125 3100 ς
2158 3023 2270 3091 τὴν
2293 3025 2509 3091 κρίσιν,
2547 3024 2642 3077 καὶ
2678 3023 2756 3090 τῷ
2786 3025 3026 3094 ὀνόματι
3060 3027 3247 3081 αὐτοῦ
3298 3027 3449 3094 ἔθνη
3492 3028 3629 3082 ἑλπι

523 3121 609 3164 tur
633 3114 772 3184 virga
799 3117 862 3170 de
883 3119 1055 3172 radice
1075 3119 1242 3184 .lesse,
1264 3130 1309 3174 et
1330 3125 1430 3191 ﬂos
1456 3124 1518 3176 de
1545 3127 1719 3180 radice
1738 3129 1849 3196 ejus
1877 3147 2042 3184 ascen-

2156 3128 2276 3164 σιν·
2306 3113 2386 3164 ὅτι
2419 3112 2524 3184 γὰρ
2553 3115 2581 3166 6
2614 3114 2841 3184 Χριστός
2884 3115 2998 3166 ἐστι
3045 3116 3172 3185 περὶ
3204 3111 3269 3169 οὗ
3308 3116 3490 3169 ταῦτα
3521 3134 3629 3186 προ

523 3203 628 3263 det,
656 3213 702 3255 et
723 3207 999 3272 requiescet
1027 3224 1180 3276 super
1200 3226 1313 3264 eum
1339 3211 1567 3279 Spiritus
1595 3214 1823 3280 Domini,
1844 3221 2042 3287 spiritui

2152 3198 2382 3261 τεύεται,
2412 3200 2596 3268 σαφῶς
2625 3201 2653 3253 6
2683 3199 2956 3264 Ματθαῖος
2985 3201 3135 3270 δηλοῖ
3168 3204 3228 3255 ὲν
3271 3204 3354 3274 τῷ
3414 3206 3629 3274 Εὑαγγε

519 3291 787 3358 sapientia:
821 3304 866 3345 et
897 3294 1206 3360 intellectus,
1238 3300 1448 3366 spiritus
1485 3303 1690 3356 consilii
1716 3317 1760 3357 et
1784 3307 2038 3374 fortitudi-

2154 3289 2406 3359 μνησθεὶς
2450 3289 2556 3342 ἀπὸ
2599 3288 2793 3360 μέρους
2835 3291 2932 3361 τῆς
2970 3294 3301 3364 περικοπῆς,
3357 3294 3577 3347 εἰπών’
3613 3297 3629 3316 “

522 3380 622 3441 nis,
677 3381 893 3448 spiritus
937 3387 1243 3452 cognitionis
1293 3401 1340 3443 et
1367 3392 1594 3458 pietatis,
1626 3405 1672 3447 et
1698 3397 1905 3463 replebit
1936 3415 2041 3451 eum

2149 3377 2428 3444 πληρωθῇ
2463 3378 2525 3431 τὸ
2560 3378 2899 3446 εἰρημένον·
2929 3383 3052 3434 Οὐκ
3072 3380 3285 3449 ἐρίσει,
3316 3386 3474 3438 οὐδὲ
3507 3385 3629 3454 κρά

520 3467 734 3530 spiritus
758 3471 959 3525 timoris
991 3473 1087 3527 Dei
1116 3477 1180 3530 δ’.
1215 3477 1330 3530 Jam
1361 3479 1494 3549 lapis
1526 3483 1684 3536 etiam
1711 3485 1903 3539 dicitur
1945 3487 2039 3543 Do-

2149 3467 2241 3518 καὶ
2271 3465 2338 3518 τὰ
2383 3465 2526 3535 ἑξῆς.
2577 3468 2830 3521 Καλετται
2861 3469 2917 3522 δὲ
2955 3470 3049 3524 καὶ
3096 3472 3260 3526 Δαυῒδ
3293 3475 3325 3527 6
3363 3477 3625 3548 Χριστὸς

521 3552 698 3607 minus
723 3568 935 3623 noster;
969 3559 1038 3613 ita
1087 3561 1140 3614 in
1182 3562 1404 3619 Psalmis
1446 3583 1460 3619 :
1505 3567 1747 3637 Lapidem
1791 3587 1938 3639 quem
1969 3589 2040 3626 re-

2148 3554 2281 3607 ὲπὰν
2331 3554 2582 3628 Ἰεζεκιὴλ
2600 3559 2976 3630 προφητεύσας
3001 3561 3134 3633 πρὸς
3157 3564 3290 3628 τοὺς
3315 3567 3609 3636 ποιμένας

515 3642 854 3706 probaverunt
895 3647 1230 3716 tediﬁcantes,
1277 3652 1362 3705 hic
1403 3653 1572 3721 [actus
1601 3667 1673 3709 est
1697 3658 1747 3709 in
1771 3671 1922 3728 caput
1950 3679 2034 3715 an-

2146 3643 2284 3714 φέρῃ
2337 3647 2400 3698 ἐκ
2451 3645 2738 3718 προσώπου
2777 3649 2909 3702 Θεοῦ
2929 3667 2942 3682 ·
2991 3651 3355 3719 Ἀναστήσω
3401 3659 3610 3711 Δαυῒδ

515 3731 660 3796 guli:
687 3752 718 3788 ιι
750 3735 968 3794 Domino
991 3740 1160 3807 {actus
1181 3753 1252 3795 est
1273 3743 1378 3808 hic,
1401 3755 1449 3797 et
1477 3757 1551 3799 est
1575 3749 1826 3803 mirabilis
1850 3752 1902 3804 in
1932 3769 2034 3805 ocu-

2144 3733 2322 3786 παῖδά
2370 3753 2506 3803 μου,
2562 3736 2629 3804 ὃς
2671 3741 2948 3807 ποιμανεῖ
2984 3741 3220 3807 αὐτούς·
3276 3744 3346 3795 οὐ
3375 3745 3500 3815 γὰρ
3529 3749 3629 3800 Aw

514 3821 580 3876 lis
615 3828 803 3880 nostris
830 3828 894 3884 ⁴³.
933 3829 1172 3886 Declarat
1197 3842 1368 3897 autem
1395 3835 1756 3904 Evangelium,
1785 3850 1836 3894 et
1872 3840 2033 3898 Luca:

2143 3824 2481 3896 πατριάρχης
2543 3827 2894 3898 ἀναστήσεται
2949 3829 3252 3899 ποιμαίνειν
3323 3834 3575 3903 μέλλων

513 3911 568 3965 in
601 3912 881 3972 Actis'non
921 3919 1082 3974 alium
1115 3936 1236 3976 esse
1262 3923 1514 3993 lapidem,
1545 3941 1704 3994 quam
1736 3929 2032 3998 Christum;

2141 3917 2505 3983 ἁγίους,-ἀλλὰ
2542 3921 2791 3992 Χριστός.
2830 3923 2948 3974 Ἔτι
2975 3921 3030 3974 δὲ
3060 3924 3088 3974 6
3127 3923 3379 3990 Ἡσαΐας
3421 3930 3629 3998 ῥάϐδοι

512 4001 850 4074 Evangelium
900 4009 1114 4076 quidem
1157 4012 1235 4065 sic
1273 4028 1286 4063 :
1329 4012 1610 4079 Nunquam
1660 4017 1853 4084 legistis
1886 4036 1905 4074 :
1935 4019 2031 4073 La-

2140 4006 2294 4070 ἇνθος
2323 4009 2572 4079 ὀνομάζει
2609 4010 2698 4064 τὸν
2740 4012 2970 4082 Χριστὸν
3017 4015 3073 4067 ὲν
3124 4013 3238 4084 τῷ·
3298 4017 3629 4083 Ἐξελεύο

508 4092 678 4162 pidem
721 4112 869 4162 quem
922 4099 1317 4166 reprobaverunt
1353 4103 1670 4170 aediﬁcantes
1698 4144 1712 4168 ,
1748 4107 1829 4159 hic
1870 4107 2027 4176 [actm

2131 4093 2348 4161 ῥάϐδος
2371 4097 2438 4150 ὲκ
2481 4096 2590 4166 τῆς
2620 4099 2786 4168 ῥίζης
2820 4101 3049 4166 Ἰεσσαὶ,
3094 4103 3195 4157 καὶ
3223 4105 3441 4174 ἄνθος
3509 4111 3592 4164 ἐκ

509 4193 579 4235 est
612 4187 665 4237 in
696 4195 845 4254 caput
872 4188 1088 4254 anguli?
1116 4187 1312 4252 Omnis,
1347 4193 1434 4260 qui
1463 4193 1706 4246 ceciderit
1732 4213 1884 4265 super
1906 4199 2028 4268 lapi‘

2130 4181 2293 4248 ῥίζης
2329 4185 2703 4253 ἀναϐήσεται,
2748 4190 2842 4242 καὶ
2872 4190 3385 4249 ἐπαναπαύσεται
3422 4197 3542 4251 ἐπ’
3578 4218 3626 4253 a

509 4274 625 4325 dem
665 4276 832 4339 hunc,
868 4284 1191 4341 conteretur;
1231 4295 1384 4346 super
1420 4296 1568 4346 quem
1614 4299 1728 4337 vero
1769 4287 2028 4355 ceciderit,

2139 4272 2368 4341 πνεῦμα
2392 4275 2497 4328 τοῦ
2523 4277 2687 4342 Θεοῦ,
2723 4279 2953 4349 πνεῦμα
2979 4281 3199 4354 σοφίας
3230 4286 3347 4339 καὶ
3391 4290 3629 4344 συνέσ

507 4369 734 4413 conteret
762 4377 876 4414 eum
917 4361 983 4415 “.
1013 4362 1069 4416 In
1099 4366 1244 4419 Actis
1280 4380 1405 4421 vero
1433 4367 1602 4424 Lucas
1635 4373 1943 4430 scribitzﬂic
1965 4393 2026 4431 est

2110 4366 2113 4387 ¹
2140 4361 2370 4428 πνεῦμα
2393 4365 2631 4434 βουλῆς
2648 4370 2743 4422 καὶ
2775 4348 3000 4439 ίσχίύος,
3027 4348 3268 4441 πνεῦμα
3300 4377 3629 4446 γνώσεως

505 4450 637 4516 lapis
675 4449 760 4503 ille
786 4452 874 4520 qui
915 4453 1128 4518 rejectus
1157 4467 1235 4508 est
1278 4474 1309 4508 a
1336 4458 1475 4512 vobis
1509 4461 1879 4529 azdiﬁcantibus
1900 4505 1914 4529 ,
1951 4484 2024 4537 qu:

2137 4453 2459 4518 εὐσεϐείας,
2503 4457 2598 4510 καὶ
2644 4458 2936 4526 ἐμπλήσει
2986 4462 3172 4515 αὐτὸν
3223 4467 3519 4536 πνεῦμα
3583 4490 3629 4539 5c

503 4539 673 4610 factus
705 4551 777 4594 est
815 4553 967 4610 caput
996 4544 1171 4612 anguli
1197 4547 1264 4601 ⁸³.
1299 4547 1429 4601 Cum
1458 4549 1620 4619 igitur
1649 4551 1878 4608 Verbum
1908 4557 2022 4614 illuc

2140 4544 2303 4598 Θεοῦ.
2334 4546 2441 4597 Καὶ
2469 4546 2613 4609 λίθος
2643 4548 2699 4600 δὲ
2735 4550 2793 4602 ἐν
2828 4551 2937 4611 τοῖς
2969 4549 3218 4620 Ψαλμοῖς
3245 4554 3278 4605 6
3314 4557 3588 4628 Κύριος

500 4630 644 4699 quod
689 4637 805 4684 erat
834 4630 888 4685 in
937 4632 1235 4701 principio,
1288 4635 1560 4705 Verbum,
1609 4640 1860 4709 inquam,
1894 4644 2019 4701 Deut

2135 4629 2270 4685 εἶναι
2311 4633 2522 4703 λέγεται
2556 4635 2758 4701 οὕτως’
2793 4639 2972 4693 Λίθον
3017 4639 3090 4693 ὃν
3132 4643 3629 4716 ἀπεδοκίμασε

500 4722 636 4790 apud
676 4721 838 4775 Deum
862 4759 877 4786 ,
907 4738 1066 4777 unum
1106 4728 1173 4779 sit
1215 4741 1278 4780 ex
1316 4729 1618 4785 nominibus
1649 4731 1918 4788 Servatori
1949 4746 2019 4790 at-

2132 4721 2591 4791 οἰκοδομοῦντες,
2624 4723 2798 4792 οὗτος
2831 4729 3079 4798 ἐγενήθη
3129 4735 3219 4798 είς
3275 4742 3629 4810 κεφαλὴν

501 4809 732 4872 tributis,
764 4826 862 4867 nec
914 4823 1091 4869 tamen
1121 4816 1187 4869 ab
1231 4816 1347 4884 ipso
1381 4818 1598 4883 dictum,
1629 4823 1721 4874 sed
1765 4837 1796 4876 a
1825 4823 2020 4880 Joanne

2132 4812 2283 4877 νίας.
2315 4815 2477 4881 Παρὰ
2512 4818 2728 4884 Κυρίου
2758 4818 2987 4886 ἐγένετο
3037 4823 3213 4890 αὐτὴ,
3249 4827 3378 4881 καὶ
3439 4809 3621 4886 ἐστι

497 4899 775 4967 scriptum,
821 4915 997 4970 operae
1027 4903 1256 4970 pretium
1297 4906 1456 4959 fuerit
1485 4907 1684 4961 instare
1717 4909 1780 4962 iis
1809 4913 1918 4979 qui,
1953 4924 2016 4968 ιοι

2125 4902 2325 4971 μαστὴ
2369 4905 2438 4956 ἐν
2483 4906 2804 4976 ὀφθαλμοῖς
2833 4911 3014 4976 ἡμῶν.
3049 4912 3210 4981 Δηλοί
3241 4915 3310 4967 δὲ
3363 4919 3454 4972 τὸ
3511 4923 3623 4976 Eia

499 5004 528 5040 τι
561 4989 714 5042 nobis
765 5002 1075 5047 enumerata
1123 4995 1336 5048 nomina
1384 5000 1849 5064 praztermittentes
1878 5042 1893 5068 ,
1927 5006 2018 5060 hoc

2131 4993 2260 5057 λιον,
2301 4995 2392 5047 καὶ
2436 4997 2492 5050 ὲν
2527 5001 2644 5061 ταῖς
2688 4999 2951 5070 Πράξεσιν
2989 5003 3018 5053 6
3048 5003 3295 5071 Λουκᾶς,
3339 5011 3486 5065 οὐκ
3544 5017 3629 5069 ἄλ

495 5076 606 5129 solo
641 5076 796 5132 Verbi
831 5083 1087 5138 vocabulo
1116 5099 1212 5140 ceu
1246 5086 1514 5155 praecipuo
1539 5097 1795 5146 utuntur:
1839 5109 2014 5150 rursus

2127 5080 2217 5133 τὸν
2242 5083 2469 5150 Χριστὸν
2505 5081 2638 5138 εἶναι
2667 5086 2759 5140 τὸν
2785 5086 2925 5140 λίθον
2946 5104 2962 5118 ο
2991 5089 3053 5141 τὸ
3095 5091 3196 5160 μὲν
3235 5096 3629 5168 Εὐαγγὲλυ

494 5181 676 5219 corum
701 5169 1212 5242 interpretationem,
1247 5176 1291 5231 si
1317 5193 1419 5246 qua
1449 5179 1568 5248 quis
1595 5181 1903 5249 protulerit,
1937 5199 2013 5239 re-

2125 5195 2258 5242 τως·
2299 5180 2588 5236 Οὐδέποτε
2618 5184 2937 5254 ἀνέτνωτε’
2995 5191 3174 5258 Λίθος
3216 5193 3304 5247 ὃν·
3355 5198 3629 5256 das-:60

492 5261 763 5319 quirentes
786 5296 802 5322 ,
839 5268 893 5312 et
928 5261 1028 5316 hoc
1072 5281 1234 5320 unum
1268 5267 1422 5323 Verbi
1459 5271 1771 5325 vocabulum
1823 5276 2011 5329 admit-

2123 5281 2318 5343 σαν,οί
2344 5281 2807 5350 οἰκοδομοῦντες,
2831 5283 3006 5354 οὗτος
3025 5289 3289 5361 ἐγενήθη
3320 5299 3448 5363 εἰς
3481 5319 3629 5373 aee;

592 5415 791 5474 "Gen.
837 5436 978 5485 xux,
1017 5423 1073 5484 8,
1125 5427 1176 5479 9.
1279 5430 1320 5461 ³⁸
1349 5430 1582 5488 ibid.lO.
1692 5435 1735 5467 ³⁹
1764 5435 1865 5489 lsa.
1917 5438 2002 5506 Cal

483 5480 528 5514 “
571 5484 765 5538 Ezech.
797 5503 972 5538 xxxtr-
1003 5491 1091 5538 23.
1166 5495 1208 5526 δ’
1247 5495 1338 5538 In,
1387 5514 1438 5538 τι
1496 5503 1586 5538 4-0
1639 5503 1670 5538 ει
1765 5505 1811 5536 ιι
1843 5505 1960 5538 οραι

2099 5455 2203 5501 :Ln,
2239 5453 2375 5493 vers.
2409 5441 2520 5497 i-i.
2627 5443 2674 5475 "
2700 5443 2884 5498 Matth.
2945 5447 3077 5516 Cap.
3122 5466 3222 5514 xu,
3272 5468 3484 5510 vers.
3577 5462 3618 5514 1

2102 5522 2152 5538 ιιι
2212 5507 2278 5538 ου)
2360 5509 2429 5538 0'!
2529 5510 2572 5538 ιι
2603 5509 2769 5538 νηηι.
2837 5530 2924 5538 ...η
3000 5517 3057 5538 ια
3100 5518 3152 5538 ιι
3265 5521 3325 5538 Α.
3382 5523 3409 5538 Α
3503 5535 3518 5538 Α

617 5489 765 5540 zech.
797 5503 972 5553 xxxtv,
1003 5491 1091 5547 23.
1166 5495 1208 5526 δ’
1247 5495 1342 5551 Isa.
1387 5514 1459 5564 xt,
1496 5503 1607 5567 1-2,
1639 5503 1690 5556 '5.
1765 5505 1811 5536 “
1841 5489 2136 5560 95513ch

2113 5489 2450 5571 λεί-ιε.
2603 5489 3222 5580 Maa'ti.";;.,"2§lti‘."
3264 5489 3629 5583 ls‘iféd

554 5620 662 5691 (95)
698 5622 844 5677 "Eur
872 5623 946 5678 ἂν
974 5627 1114 5695 ἔλθῃ
1139 5622 1185 5697 ᾧ
1210 5629 1525 5714 ἀπςκειται.
1561 5633 1682 5690 Haec
1730 5635 1916 5694 desunt
1948 5640 1997 5693 in
2030 5655 2073 5694 et

2117 5641 2258 5695 tione
2289 5637 2485 5706 Huclii,
2511 5643 2599 5696 scd
2629 5646 2978 5703 restituuntur
3008 5666 3036 5703 e
3080 5651 3274 5707 codice
3309 5653 3629 5716 Bodle’u
