3848 6208
266 349 323 403 65
1378 332 1732 391 COMMENT.
1772 332 1838 389 IN
1869 331 2058 389 JOAN.
2096 333 2330 390 TOMUS
2357 333 2397 388 Ι.
3417 333 3486 388 66

268 453 473 529 γωνίαςὶ
499 437 613 502 Πᾶς
647 438 683 489 δ
713 443 984 529 ξῑεσὼν
1012 449 1123 503 ἐπὶ
1155 450 1257 504 τὸν
1278 450 1447 504 λίθον
1478 448 1686 503 τοῦτον
1710 463 1855 500 συν-

1955 454 2162 500 teutcs:
2196 454 2445 514 tanquam
2490 445 2693 514 liqueat
2736 444 2965 515 quid'sit
2998 444 3165 500 Filius
3195 444 3320 510 Dei,
3349 443 3483 499 Ver-

271 527 617 604 ii.ta007l0’““‘
642 541 659 557 ⁸
708 527 827 596 ἐφ’
868 533 969 588 ὃν
1002 538 1066 591 δ’
1093 539 1173 593 ἂν
1208 539 1386 606 πέσῃ,
1429 537 1708 607 ⁸λικμήσει
1758 538 1856 591 αὐ-

1957 534 2081 589 buni
2107 543 2455 603 nuncupatus,
2484 534 2642 601 idque
2668 544 2777 589 tum
2802 535 3031 603 maxime
3056 536 3198 604 quod
3226 534 3478 590 continue

272 635 373 689 τόν.
396 627 473 680 Ἐν
497 620 550 673 δὲ
575 618 695 677 ταῖς
729 618 1079 688 Πράξεσιν
1102 632 1133 683 ὁ
1167 630 1373 692 Λουκᾶς
1409 629 1636 699 γράφει·
1675 622 1856 692 οὗτός

1957 632 2172 676 utantur
2194 623 2300 677 hoc
2331 623 2502 677 dicto:
2539 621 2810 676 Eructavit
2848 639 2938 677 cor
2965 638 3131 677 meum
3158 623 3366 676 verbum
3398 623 3487 676 bo-

278 725 415 777 ὲστιν
434 716 462 767 ό
478 709 629 771 λίθος
661 707 696 757 δ
726 706 1224 785 ἐξωδενωθεὶς
1255 721 1353 787 ὑφ’
1380 719 1543 788 ὑμῶν
1567 717 1681 771 τῶν
1701 720 1856 772 οἱκο-

1958 726 2079 765 num
2106 709 2170 775 “,
2204 710 2573 777 existimantes
2620 711 2808 765 Filium
2857 712 2949 766 Dei
2998 722 3271 780 paternam
3310 712 3487 781 prola-

212 840 222 863 ρ
285 810 461 875 δόμων,
493 802 521 854 ὁ
543 794 902 867 γενόμενος
957 808 1062 872 εὶς
1095 807 1365 876 κεφαλὴν
1394 807 1625 876 γωνίας.
1657 806 1750 859 Ἓν
1800 804 1858 858 δὲ

292 897 376 952 τῶν
413 892 495 945 ἐπὶ
540 884 626 941 τοῦ
668 885 981 962 Σωτῆρος
1031 896 1378 966 τεταγμένων
1417 896 1710 966 ὀνομάτων,
1743 894 1858 949 ἀλλ’

294 986 377 1053 οὐχ
407 982 486 1034 ὑπ’
516 974 667 1031 αὑτοῦ
698 974 1076 1050 λεγόμενον,
1107 985 1210 1038 ὑπὸ
1235 985 1291 1038 δὲ
1319 985 1410 1038 τοῦ
1454 985 1694 1038 Ἰωάννου
1732 985 1860 1039 ἀνα-

302 1069 653 1142 γεγραμμένον,
686 1062 817 1118 ἒστι
862 1071 982 1123 καὶ
1014 1072 1046 1124 ὁ
1089 1074 1147 1124 ὲν
1198 1073 1336 1143 ἀρχῇ
1381 1073 1548 1140 Λόγος
1594 1073 1726 1142 πρὸς
1769 1073 1858 1124 τὸν

305 1160 413 1214 Θεὸν
426 1157 544 1218 Θεὸς
568 1152 754 1221 Λόγος.
792 1155 932 1209 Καὶ
961 1158 1117 1213 ἐστιν
1148 1158 1292 1225 ἄξιον
1309 1159 1595 1228 ἐπιστῆσαι
1609 1161 1717 1223 τοῖς
1748 1159 1854 1229 (96)

309 1250 366 1302 τά
410 1246 629 1300 τοσαῦτα
663 1241 775 1295 τῶν
830 1246 1272 1320 ὀνομαζομένων
1324 1250 1855 1321 παραπεμπομένοις,

313 1338 394 1392 καὶ
419 1335 579 1408 τούτῳ
600 1335 673 1398 ὡς
702 1333 993 1409 ἐξαιρέτῳ
1025 1339 1344 1409 χρωμένοις,
1369 1340 1461 1391 καὶ
1488 1340 1642 1393 πάλιν
1666 1340 1861 1393 ἐπικεί-

314 1445 456 1497 μενον
479 1428 569 1496 μὲν
592 1425 698 1496 (97)
721 1424 992 1498 διήγησιν
1019 1428 1287 1499 ζητοῦσιν,
1309 1428 1362 1480 ετ
1379 1445 1460 1490 τις
1488 1428 1668 1491 αὑτοῖς
1691 1445 1859 1500 προσ-

310 1519 424 1586 άγοι
450 1516 600 1578 αὐτὰ,
637 1516 730 1568 ἐπὶ
775 1515 836 1568 δὲ
881 1517 1066 1587 τούτῳ
1097 1518 1226 1587 (98),
1260 1518 1335 1581 ὡς
1374 1519 1538 1586 σαφὲς
1570 1520 1859 1590 προσιεμέο

311 1625 416 1671 νοις
443 1607 501 1659 τὸ
516 1607 569 1658 τί
596 1605 727 1658 ποτέ
758 1607 915 1659 ἐστιν
947 1609 979 1660 ό
1008 1608 1135 1670 Υἱὸς
1154 1608 1246 1661 τοῦ
1276 1607 1410 1660 Θεοῦ
1443 1609 1613 1675 Λόγος
1665 1610 1859 1679 ὀνομα-

313 1696 543 1766 ζόμενος,
586 1697 681 1748 καὶ⁵
730 1695 972 1766 μάλιστα
1020 1697 1141 1750 ἐπεὶ
1186 1698 1415 1769 συνεχῶς
1470 1698 1703 1770 χρῶνται
1747 1699 1854 1769 τῷ,

1958 800 2154 854 tionem
2173 813 2291 854 esse
2320 810 2567 868 tanquam
2600 800 2651 853 in
2680 799 2897 870 syllabis
2922 803 3180 870 positam;
3211 810 3264 855 et
3288 802 3487 856 idcirco

1955 890 2261 960 hypostasin
2289 928 2305 954 ,
2349 890 2456 959 26
2488 897 2540 943 et
2570 888 2967 943 subsistentiam
2998 890 3073 944 illi
3102 928 3121 956 ,
3165 890 3208 945 si
3241 901 3488 945 accurate

1956 979 2098 1047 ipsos
2113 979 2517 1047 interrogemus,
2540 992 2643 1031 non
2670 979 2985 1043 tribuentes,
3009 993 3179 1048 neque
3203 979 3485 1035 essentiam

1957 1066 2071 1136 ejus
2091 1067 2460 1137 esplanantes,
2491 1068 2719 1120 nondum
2749 1066 2975 1122 dicimus
3001 1067 3157 1122 talem
3181 1069 3262 1122 vel
3291 1069 3448 1123 talem
3469 1109 3487 1135 ,

1955 1157 2049 1212 sed
2083 1159 2561 1227 quomodocunque
2589 1157 2899 1211 essentiam.
2930 1156 3160 1212 Verbum
3192 1159 3334 1213 enim
3359 1174 3485 1228 pro-

1956 1248 2253 1302 nuntiatum
2285 1247 2580 1316 intelligere
2607 1247 2690 1302 vel
2716 1248 2952 1317 vulgaris
2982 1248 3156 1316 quivis
3188 1257 3391 1316 potest;
3429 1257 3484 1303 at

1955 1336 2260 1392 renuntient
2302 1336 2454 1390 nobis
2485 1345 2537 1390 et
2581 1337 2855 1405 proferant
2902 1336 3134 1391 Verbum
3168 1337 3268 1390 tale
3303 1352 3399 1404 per
3429 1352 3489 1392 se

1956 1426 2156 1492 vivere,
2183 1426 2323 1495 quod
2354 1424 2435 1480 vel
2463 1440 2567 1480 non
2605 1426 2674 1480 sit
2699 1436 3003 1495 separatum
3028 1443 3058 1479 a
3096 1426 3277 1492 Patre,
3304 1434 3359 1480 et
3386 1429 3486 1481 hac

1956 1514 2115 1567 etiam
2164 1515 2371 1568 ratione
2420 1528 2593 1582 neque
2632 1516 2928 1578 subsistat,
2980 1529 3149 1583 neque
3181 1516 3253 1569 sit
3282 1514 3483 1578 Filius;

1958 1604 2039 1657 vel
2063 1605 2203 1672 quod
2228 1604 2298 1657 sit
2321 1616 2644 1672 separatum,
2673 1613 2727 1657 et
2753 1603 3102 1658 substantiam
3135 1604 3325 1659 habeat
3351 1605 3488 1658 Deus

1959 1692 2214 1746 Verbum.
2262 1691 2442 1761 Itaque
2478 1692 2754 1747 dicendum
2802 1702 2884 1747 est
2931 1708 3034 1747 non
3087 1708 3239 1755 secus
3269 1707 3298 1747 a
3337 1693 3489 1748 nobis

322 1757 697 1853 Ἔξηρεύξατο
794 1787 1013 1854 καρδία
1028 1805 1147 1856 μου
1369 1757 1608 1857 ἀγαθὸν,
1624 1757 1855 1860 οἰόμενοι

1955 1782 2069 1836 ﬁeri
2103 1783 2316 1845 debere,
2349 1757 2469 1836 eum
2503 1781 2756 1837 vocabulo
2784 1780 2946 1836 Verbi
2996 1783 3085 1837 ille
3131 1790 3482 1851 nuncupatur,

310 1877 583 1949 προφορὰν
618 1878 895 1949 πατρικὴν
940 1879 1104 1931 οἱονεὶ
1146 1880 1203 1931 ὲν
1257 1879 1539 1945 συλλαϐαῖς
1601 1882 1854 1952 κειμένην

310 1964 444 2021 εἶναι
472 1969 563 2021 τὸν
592 1967 721 2021 Υἰδν
752 1967 847 2019 τοῦ
892 1966 1053 2032 Θεοῦ,
1089 1968 1181 2020 καὶ
1221 1969 1359 2022 κατά
1382 1968 1536 2022 τοῦτο
1569 1970 1855 2023 ὑπόστασιν

311 2057 475 2127 αὐτῷ,
505 2058 554 2109 εἰ
580 2056 832 2127 ἀκριϐῶς
865 2057 1046 2111 αὐτῶν
1073 2057 1485 2129 πυνθανοίμεθα,
1512 2060 1570 2111 οὐ
1608 2060 1853 2124 διδόασιν,

309 2146 430 2198 οὐδὲ
488 2147 675 2199 οὐσίαν
730 2145 898 2199 αὐτοῦ
956 2146 1364 2215 σαφηνίζουσιν,
1420 2147 1624 2201 οὐδέπω
1681 2150 1856 2219 φαμὲν

307 2234 522 2296 τοιόνδε,
547 2235 581 2303 ἢ
606 2233 837 2295 τοιάνδε,
869 2233 982 2285 ἀλλ’
1016 2233 1161 2295 ὅπως
1180 2234 1306 2285 ποτὲ
1332 2233 1537 2288 οὐσίαν.
1558 2234 1726 2302 Λόγον
1750 2237 1855 2307 γὰρ

308 2321 778 2391 ἀπαγγελλόμενον
825 2322 941 2375 υἱὸν
975 2317 1112 2374 εἶναι
1151 2322 1336 2390 νοῆσαι
1378 2322 1470 2375 καὶ
1518 2323 1595 2392 τῷ
1641 2324 1854 2394 τυχόντι

308 2412 458 2463 ἐστὶν
482 2412 757 2480 ἀμήχανον
775 2427 789 2440 ο
829 2410 926 2462 καὶ
957 2410 1126 2477 Λόγον
1142 2409 1375 2463 τοιοῦτον
1406 2408 1582 2473 ζῶντα
1613 2413 1705 2464 καὶ
1742 2413 1856 2482 ἦτοι

308 2499 363 2550 οὑ
417 2498 817 2567 κεχωρισμένον
858 2497 955 2550 τοῦ
1014 2497 1242 2568 Πατρός,
1285 2499 1381 2552 καὶ
1418 2500 1554 2553 κατὰ
1600 2501 1754 2554 τοῦτο
1781 2501 1858 2570 τῷ

315 2588 383 2658 μὴ
409 2588 707 2656 ὑφεστάναι
731 2588 855 2640 οὐδὲ
887 2587 1013 2641 Υίὸν
1049 2589 1394 2656 τυγχάνοντα,
1430 2589 1462 2658 ἢ
1499 2590 1591 2643 καὶ
1631 2607 1856 2661 κεχωρι-

314 2676 503 2744 σμένον
531 2677 627 2727 καί⁵
653 2676 1009 2744 οὑσιωμένον,
1042 2676 1519 2743 ἀπαγγελλέτωσαν
1555 2679 1681 2747 ἡμῖν
1729 2679 1858 2733 Θεὸν

315 2764 497 2832 Λόγον.
543 2764 784 2816 Λεκτέον
816 2759 932 2827 οὖν,
968 2764 1070 2826 ὃτι,
1100 2764 1285 2836 ὥσπερ
1334 2767 1454 2820 καθ’
1491 2767 1713 2820 ἕκαστον
1751 2769 1857 2823 τῶν

316 2851 727 2921 προειρημένων
746 2852 1022 2922 ὀνομάτων
1050 2854 1155 2906 ἀπὸ
1185 2856 1280 2925 τῆς
1311 2856 1598 2926 ὀνομασίας
1620 2858 1856 2912 ἀναπτυ-

317 2941 458 2993 κτέον
479 2941 577 3010 τὴν
598 2942 808 2994 ἔννοιαν
832 2942 927 2994 τοῦ
950 2942 1363 3014 ὀνομαζομένου,
1391 2945 1483 2999 καὶ
1497 2948 1859 3017 ἐφαρμοστέον

1953 1879 2113 1937 atque
2142 1869 2363 1925 iacimus
2392 1870 2702 1939 singillatim
2746 1870 2801 1923 in
2840 1870 3144 1925 nominibus
3178 1872 3442 1941 praedictis
3469 1910 3484 1933 ,

1952 1974 2072 2012 cum
2103 1973 2169 2013 ex
2197 1960 2527 2029 pr0prietate
2573 1959 2804 2014 nominis
2835 1959 3161 2027 explicamus
3195 1960 3486 2030 intelligen-

1954 2056 2081 2106 tiam
2107 2052 2183 2104 rei
2210 2052 2508 2113 nominate,
2536 2063 2762 2117 cumque
2797 2059 2972 2104 certas
3001 2050 3231 2105 rationes
3270 2051 3487 2119 adapta-

1954 2153 2070 2193 mus
2104 2137 2172 2191 ad
2203 2137 2572 2205 explicandum
2604 2135 2869 2203 quomodo
2919 2135 3089 2190 Filius
3138 2135 3230 2190 Dei
3271 2136 3368 2191 hoc
3403 2139 3486 2190 vel

1955 2227 2046 2281 illo
2081 2226 2293 2281 nomine
2318 2234 2670 2293 nuncupetur.
2700 2223 2827 2289 Quae
2852 2224 2993 2278 enim
3023 2238 3106 2279 est
3136 2227 3248 2279 haec
3277 2228 3480 2294 privata

1954 2317 2175 2370 istorum
2209 2315 2422 2378 electio,
2450 2327 2553 2366 non
2583 2311 2832 2366 insistere
2855 2313 2905 2365 in
2933 2313 3154 2382 singulis
3171 2314 3482 2384 'quibusque

1953 2402 2242 2473 spectando
2286 2403 2391 2456 vim
2421 2400 2663 2454 vocabuli
2690 2438 2706 2462 ,
2759 2401 2851 2455 sed
2879 2440 2894 2464 ,
2925 2412 2982 2454 ut
3008 2403 3076 2455 ita
3109 2404 3277 2460 dicam
3299 2444 3316 2470 ,
3361 2418 3481 2458 cum

1953 2493 2262 2560 quaesierint
2293 2491 2558 2563 quomodo
2588 2493 2803 2555 ostium,
2842 2494 3104 2561 quomodo
3136 2495 3318 2560 vitem,
3354 2509 3486 2565 qua-

1957 2595 2079 2635 nam
2113 2580 2270 2636 etiam
2298 2582 2363 2634 de
2390 2596 2550 2636 causa
2583 2582 2875 2653 intelligere
2903 2586 3190 2639 debeamus
3218 2600 3342 2640 eum
3369 2600 3485 2644 esse

1955 2667 2113 2731 viam,
2146 2667 2286 2722 idem
2315 2671 2485 2724 solum
2517 2688 2619 2725 non
2655 2673 2829 2728 facere
2853 2712 2869 2738 ,
2896 2689 3017 2728 cum
3046 2674 3198 2728 audis
3234 2688 3355 2728 eum
3383 2675 3483 2729 dici

1956 2756 2007 2809 in
2041 2756 2333 2826 Scripturis
2362 2758 2634 2814 Verbum?
2669 2761 2735 2818 Ut
2761 2776 2889 2832 ergo
2914 2763 3217 2833 diligentius
3241 2778 3306 2820 ac
3333 2781 3484 2822 reve-

1956 2847 2161 2901 rentius
2211 2862 2560 2918 assequamur
2606 2865 2667 2905 ea
2715 2867 2833 2920 qua:
2871 2852 3064 2907 dicturi
3101 2869 3284 2909 sumus
3332 2856 3384 2909 in
3418 2870 3482 2911 ea

1957 2950 2058 3003 qua
2082 2937 2145 2990 de
2176 2937 2369 3007 agitur,
2397 2940 2778 3009 disputatione,
2801 2941 3007 2996 scilicet
3035 2944 3298 3010 quomodo
3320 2944 3485 2998 Filius

320 3030 447 3097 μετὰ
478 3028 826 3094 ἀποδείξεως,
854 3030 971 3092 πῶς
989 3033 1018 3082 ό
1042 3032 1166 3094 Υἱὸς
1195 3031 1289 3083 τοῦ
1322 3032 1452 3085 Θεοῦ
1479 3034 1634 3087 τοῦτο
1655 3035 1714 3087 τὸ
1742 3036 1856 3089 ὅνο-

1962 3024 2054 3079 Dei
2093 3026 2298 3081 dicatur
2320 3041 2439 3082 esse
2466 3029 2691 3085 Verbum
2720 3045 2749 3084 a
2785 3033 3083 3088 nominibus
3115 3033 3301 3101 ipsius,
3328 3035 3484 3090 nobis

322 3136 391 3187 μα
440 3116 574 3173 εἶναι
624 3121 867 3189 λέγεται,
911 3120 1083 3184 οὕτως
1109 3122 1199 3174 καὶ
1234 3123 1324 3174 ἐπὶ
1356 3122 1448 3175 τοῦ
1491 3124 1658 3190 Λόγον
1698 3126 1856 3178 αὑτὸν

1960 3127 1988 3164 a
2023 3114 2283 3181 principio
2308 3118 2621 3185 propositis,
2660 3120 2975 3187 incipiamus
3003 3136 3219 3178 necesse
3249 3135 3350 3180 est.
3379 3125 3487 3180 Nec

318 3208 661 3278 ὀνομάζεσθαι
698 3210 975 3280 ποιητέον.
1013 3211 1112 3274 Τίς
1139 3211 1245 3283 γὰρ
1285 3214 1316 3282 ὴ
1359 3213 1733 3285 ἀποκλήρωσις
1771 3218 1856 3283 ἐφ’

319 3298 428 3362 ἑνὸς
456 3301 550 3369 μὲν
579 3301 813 3353 ἑκάστου
844 3300 918 3369 μὴ
951 3299 1196 3352 ἵστασθαι
1226 3302 1317 3353 ἐπὶ
1346 3302 1444 3371 τῆς
1479 3302 1691 3366 λέξεως,
1724 3304 1856 3357 ἀλλὰ

321 3385 444 3457 φέρε
465 3389 636 3440 εἰπεῖν
671 3388 878 3455 ζητεῖν,
913 3387 1030 3446 πῶς
1061 3387 1220 3440 αὐτὸν
1242 3389 1516 3442 ἐκδεκτέον
1542 3391 1725 3461 θύραν,
1760 3394 1854 3446 καὶ⁵

318 3477 433 3530 τίνα
459 3478 657 3547 τρόπον
676 3475 943 3547 ἄμπελον,
974 3476 1094 3527 τίνα
1123 3492 1182 3527 τε
1206 3478 1382 3531 αἰτίαν
1406 3477 1510 3548 (99)
1533 3479 1669 3543 ὁδὸν,
1695 3482 1785 3534 ἐπὶ
1805 3483 1861 3536 δὲ

323 3566 474 3634 μόνου
499 3566 592 3619 τοῦ
605 3568 772 3634 Λόγον
795 3566 960 3619 αὑτὸν
983 3566 1386 3637 ἀναγεγράφθαι
1413 3568 1471 3620 τὺ
1495 3568 1863 3639 παραπλήσιον

1960 3200 2266 3274 ignoramus
2295 3204 2409 3258 fore
2454 3204 2660 3274 aliquos
2692 3208 2885 3275 quibus
2914 3206 3172 3274 ejusmodi
3221 3211 3480 3281 digressio

1960 3289 2127 3357 major
2156 3305 2313 3358 quam
2345 3307 2439 3359 pro
2472 3295 2550 3347 rei
2583 3295 2900 3351 necessitate
2938 3310 3059 3352 esse
3087 3299 3365 3355 videatur:
3401 3314 3484 3357 at-

1960 3387 2134 3433 tamen
2167 3380 2399 3433 animum
2446 3382 2718 3438 adhibenti
2767 3386 2843 3440 rei
2877 3387 2942 3440 de
2987 3401 3090 3456 qua
3137 3390 3330 3455 agitur,
3380 3406 3483 3446 non

1957 3485 2143 3539 parum
2174 3470 2302 3525 utile
2340 3470 2501 3526 fuerit
2535 3475 2816 3543 explorare
2845 3491 3035 3544 sensa,
3064 3478 3130 3532 de
3155 3481 3348 3548 quibus
3388 3498 3485 3536 no-

1954 3560 2095 3613 mina
2135 3569 2432 3627 ponuntur,
2482 3577 2705 3631 quorum
2745 3568 2908 3621 etiam
2947 3567 3308 3623 consideratio
3342 3570 3484 3624 utilis

317 3654 377 3705 οὑ
408 3656 686 3725 ποιητέον;
725 3657 847 3709 Ἵνα
889 3655 1068 3708 τοίνυν
1123 3656 1316 3724 μᾶλλον
1358 3656 1856 3728 δυσωπητικώτερον

1955 3648 2057 3701 erit
2082 3650 2149 3702 ad
2185 3664 2271 3703 res
2310 3665 2427 3718 qua:
2461 3654 2872 3721 subsequuntur.
2906 3657 3137 3716 Proinde
3175 3676 3294 3716 cum
3326 3661 3485 3714 semel

323 3744 734 3814 παραδεξιῦμεθα
762 3744 833 3797 τὰ
859 3744 1228 3813 λεχθησόμενα
1259 3747 1337 3808 είς
1378 3744 1445 3797 τὰ
1472 3746 1708 3814 περὶτοῦ
1750 3747 1856 3810 πῶς

1957 3740 2008 3793 in
2038 3739 2351 3808 theologiam
2382 3741 2448 3794 de
2480 3740 2764 3796 Servatore
2797 3746 3162 3812 iuciderimus,
3207 3749 3482 3803 invenien-

321 3831 482 3898 Λόγος
520 3834 668 3885 ἐστὶν
708 3836 738 3885 ό
785 3833 916 3894 Υἱὸς
944 3832 1038 3884 τοῦ
1069 3832 1222 3895 Θεοῦ,
1252 3833 1479 3903 ἀρκτέον
1514 3832 1618 3885 άπὸ
1656 3835 1763 3887 τῶν
1803 3836 1856 3900 ἐξ

1964 3840 2041 3882 tes
2066 3868 2081 3894 ,
2109 3829 2378 3896 diligentia
2414 3830 2669 3894 adhibita,
2714 3847 2832 3900 qua:
2861 3836 2924 3886 de
2962 3835 3051 3889 illo
3077 3835 3322 3892 feruntur
3348 3873 3365 3896 ,
3398 3850 3485 3890 ne-

322 3918 481 3988 ἀρχῆς
519 3922 651 3990 ἡμῖν
686 3919 1060 3990 προτεθέντων
1098 3908 1370 3990 ὀνομάτων
1412 3923 1592 3974 αὑτοῦ.
1634 3924 1739 3976 Καὶ
1779 3925 1856 3977 ὅτι

1961 3919 2197 3973 ccssario
2226 3934 2326 3971 non
2358 3928 2561 3973 tantum
2594 3937 2712 3975 eum
2741 3939 2801 3978 ea
2827 3939 2979 3992 parte
3006 3928 3485 3985 considerabiums,

323 4007 416 4076 μὲν
439 4009 574 4073 δόξει
597 4011 710 4062 τισὶ
744 4009 952 4079 σφόδρα
989 4010 1383 4079 παρεκδατικὸν
1412 4008 1547 4064 εἷναι
1592 4013 1651 4065 τὸ
1687 4011 1856 4066 τοιοῦ-

1960 4024 2061 4078 qua
2100 4007 2267 4075 Λόγος
2315 4007 2390 4077 [id
2430 4019 2511 4063 est
2559 4008 2786 4065 Verbum
2837 4022 2890 4067 et
2929 4013 3085 4085 ratio]
3122 4014 3348 4077 dicitur;
3394 4013 3486 4067 sed

317 4108 422 4159 τον,
444 4098 537 4151 οὐκ
560 4098 896 4168 ἀγνοοῦμενσ
944 4097 1082 4167 πλὴν
1126 4100 1475 4168 ὲπιστήσαντι
1517 4101 1610 4154 καὶ
1636 4102 1768 4172 πρὸς
1799 4102 1856 4155 τὸ

1960 4099 2117 4154 etiam
2147 4099 2374 4167 plenius,
2408 4105 2461 4151 et
2491 4099 2704 4156 uberius
2735 4119 2828 4171 pro
2874 4105 3015 4158 virili
3048 4114 3252 4169 nostra,
3282 4105 3486 4171 reliqua

317 4188 661 4256 προκείμενον
699 4189 973 4257 χρήσιμον
1023 4186 1171 4240 ἔσται
1217 4188 1278 4239 τὸ
1313 4188 1595 4256 βασανίσαι
1633 4191 1728 4253 τὰς
1773 4194 1856 4245 ἐν·

1959 4189 2213 4244 vocabula
2249 4188 2442 4257 quibus
2471 4189 2783 4258 appellatur,
2812 4194 3178 4249 tractabimus.

316 4275 471 4341 νοίας,
500 4281 624 4333 καθ’
663 4275 740 4334 ὧν
784 4279 856 4333 τά
900 4281 1137 4349 ὀνόματα
1181 4284 1373 4343 κεῖται,
1426 4284 1518 4336 καὶ
1550 4285 1771 4356 προόδου
1805 4285 1909 4338 τῶν
1958 4283 2359 4354 ἐπιφερομένων
2395 4284 2619 4354 ὑπάρξει
2660 4286 2693 4357 ἡ
2736 4289 3055 4360 κατανόησις
3085 4289 3193 4344 τῶν
3239 4288 3491 4361 πραγμά-

314 4381 436 4419 των.
465 4369 642 4434 “Ana;
684 4370 742 4423 δὲ
792 4372 873 4433 είς
915 4368 1011 4439 τὴν
1061 4372 1186 4440 περὶ
1212 4370 1306 4423 τοῦ
1354 4371 1598 4441 Σωτῆρος
1635 4372 1904 4439 θεολογίαν
1968 4370 2291 4440 ἐμπεσόντες
2319 4408 2334 4432 ,
2381 4371 2687 4437 ἀναγκαίως
2732 4375 2830 4444 ὅση
2880 4375 3103 4446 δύναμις
3144 4378 3219 4447 (1)
3264 4378 3329 4430 τὰ
3366 4376 3491 4448 περὶ

317 4460 473 4512 αὐτοῦ
509 4461 651 4531 μετά
701 4461 933 4532 ἐρεύνης
968 4462 1308 4531 εὑρίσκοντες
1332 4501 1348 4527 ,
1395 4461 1751 4532 πληρέστερον
1792 4464 1951 4518 αὑτὸν
1994 4462 2053 4514 οὐ
2107 4460 2261 4529 μόνον
2304 4454 2338 4533 ᾖ
2382 4461 2547 4529 Λόγος
2589 4463 2704 4516 ἐστὶ
2757 4467 3049 4535 νοήσομεν,
3101 4467 3233 4519 ἀλλά
3287 4467 3378 4520 καὶ
3423 4468 3491 4521 τά

315 4546 490 4605 λοιπά.

379 4642 468 4697 24.
502 4642 730 4709 Ἔλεγεν
754 4636 847 4694 οὖν
874 4641 1062 4694 ἑαυτὸν
1088 4637 1227 4695 εἶναι
1251 4641 1366 4710 φῶς
1407 4639 1500 4694 τοῦ
1529 4642 1748 4712 κόσμου,
1786 4646 1856 4698 κα

2050 4646 2140 4699 24.
2188 4646 2318 4700 Cum
2367 4660 2495 4715 ergo
2539 4645 2736 4700 dixerit
2778 4646 3009 4714 seipsmn
3059 4648 3230 4702 lucem
3285 4650 3488 4712 mundi,

378 4757 425 4790 ⁵⁸
458 4758 598 4812 Psal.
630 4770 781 4818 mv,
810 4757 862 4810 i.

382 4876 498 4956 (9.6).
518 4876 629 4929 Καὶ
675 4873 852 4956 ἐςτιν
880 4873 1050 4956 εξειοττ
1082 4868 1856 4956 ﬁesfies.{signes-.39-

1965 4883 2167 4956 postne.
2183 4874 2481 4956 theologus,
2503 4878 2684 4956 eadem
2711 4878 2763 4932 in
2795 4878 2885 4932 illo
2912 4878 3250 4956 reprehendit
3283 4880 3485 4956 quarm

316 4939 983 5017 lentiti'ianos,_Marcosins
1000 4952 1052 5017 et
1079 4940 1421 5017 golarliasios
1442 4939 1706 5017 suggillat.
1735 4939 1862 4993 Vide
1965 4939 2347 5017 Valentinianis
2364 4939 2482 5011 ipse
2501 4949 2770 5017 carpebat,
2801 4947 2953 5017 quasi
2971 4939 3141 4999 "suam
3160 4987 3176 5013 ,
3211 4939 3316 5000 ιιοιὶ
3366 4948 3485 5002 illo—

312 5011 722 5084 lreriaztim,_lib.
752 5026 806 5084 ι,Δ
820 5025 936 5077 cap.
962 5010 1047 5074 lo;
1078 5006 1856 5084 Epiphaniam,.haeresxxxtv,
1963 5006 2423 5084 ruanententiatn
2453 5006 2782 5081 protulisset.
2811 5006 3064 5084 Ηυετιυε.

314 5094 432 5149 qua:
467 5090 556 5137 est
574 5072 984 5149 Marcosiort'un,
1014 5072 1136 5143 cap.
1159 5072 1217 5149 β,
1241 5083 1296 5126 et
1321 5072 1571 5149 llilarium
1598 5075 1690 5149 lib:
1714 5076 1855 5149 x_De

2030 5072 2570 5149 (9A7)A’mesi'péror
2606 5084 2734 5143 μέν,
2760 5092 2862 5134 etc.
2920 5081 3220 5149 Legendum
3259 5083 3487 5139 fortasse

317 5140 505 5219 Triuia.
569 5149 743 5214 Quam
804 5140 1093 5219 impiorum
1159 5140 1524 5194 haereticorum
1579 5143 1854 5219 .neiariam

1960 5140 2049 5219 vel:
2075 5140 2157 5197 ἐπ’
2184 5140 2406 5219 έκεξνοιξ
2435 5150 2548 5219 μέν,
2585 5140 2735 5219 quod:
2775 5140 3069 5215 opponetur
3114 5150 3238 5206 huic
3287 5153 3379 5206 ἐπὶ
3432 5155 3486 5208 δὲ

315 5208 613 5284 doctrinam
643 5224 765 5284 post
778 5208 1043 5284 _Oijiigenis
1082 5219 1321 5284 tempora
1354 5208 1637 5284 renovavit_
1667 5209 1858 5264 Paulus
1960 5213 2131 5284 τούτῳ
2155 5217 2293 5284 quod
2325 5208 2564 5284 proiime
2591 5208 2845 5283 sequitur.

315 5275 728 5338 Samosata-niis.
776 5275 1127 5350 Philastrius,
1165 5277 1357 5350 haeres.
1386 5288 1527 5326 inv.
1577 5275 1677 5330 llic
1712 5294 1856 5350 _ver_o
1958 5349 1965 5350 ί
2014 5275 2138 5350 (98)
2174 5275 2300 5334 Ἐπὶ
2325 5275 2396 5336 δὲ
2426 5285 2628 5347 τούτῳ.
2660 5275 2747 5336 Sic
2775 5291 2920 5337 recte
2950 5284 3110 5340 habet
3140 5287 3305 5341 codex
3352 5289 3491 5345 Bod-

317 5352 564 5420 Qrigcnis
600 5353 767 5420 locus
797 5351 864 5420 iis
912 5345 1290 5420 adjuiigendus
1335 5350 1414 5393 est
1432 5356 1586 5420 .quos
1646 5346 1856 5420 collegit

1956 5345 2160 5420 leiantis
2183 5351 2359 5420 ;_male
2386 5353 2436 5403 in
2463 5345 2693 5404 editione
2726 5350 2899 5405 Huetii
2929 5354 3018 5406 ἐπὶ
3045 5355 3101 5408 δὲ
3128 5355 3346 5410 τούτων.

317 5406 625 5489 Pamphilus
646 5420 696 5472 iu
733 5406 1006 5489 Apologia,
1034 5406 1618 5489 u_t:eoruin.cot_ifutaret
1655 5406 1856 5489 calum-

2023 5417 2139 5489 (99),
2153 5406 2287 5471 Τίνα
2299 5436 2360 5489 ςε
2373 5420 2773 5489 aitlar.Code}t
2785 5406 3123 5484 Bodleianus,
3139 5406 3484 5489 τίνιὰξάιίτίᾳ.

317 5475 463 5541 niam-
489 5489 579 5557 qui
606 5475 860 5557 perverso
882 5475 1014 5538 huic
1062 5475 1327 5529 Valentini
1384 5475 1606 5556 dogmati
1663 5479 1856 5549 Orige-

318 5569 436 5609 nem
463 5557 678 5611 haesisse
708 5554 1007 5626 iactabant.
1032 5544 1116 5626 Ad
1147 5544 1502 5626 haesitantem.
1523 5559 1639 5611 eius
1687 5551 1851 5626 verba

2024 5475 2098 5557 (1)
2114 5475 2268 5553 δοση
2288 5485 2550 5556 δύναμις.
2569 5488 2714 5555 Apud
2734 5487 2978 5542 Huetiutn
3001 5475 3227 5560 legiiur'i)
3245 5475 3484 5561 δύναμις.

1955 5555 2007 5626 in
2060 5555 2240 5626 codice
2260 5555 2552 5626 Bodleiano
2578 5595 2594 5619 ,
2643 5556 2787 5626 ώςίή
2836 5557 3079 5626 δύναμις,
3133 5561 3224 5613 sed
3274 5562 3483 5614 omttiuu

463 5595 1121 5680 'n‘onwsjati‘swatteudissel
1170 5595 1622 5676 [itaistanlissim'us
1677 5619 1853 5672 aetatis
1954 5595 2240 5692 ichiid‘lmi
2256 5595 2359 5694 ac;
2383 5595 2787 5696 δῖςᾮὶᾘέλὶἶεᾶ
2817 5595 3008 5681 €69,173"
3014 5595 3191 5680 'féfo.
