3848 6236
274 364 327 415 ‘59

1356 353 1698 411 COMMENT.
1740 351 1802 405 IN
1839 349 2024 406 JOAN.
2059 342 2302 404 TOMUS
2343 331 2386 388 1ο
3398 336 3461 388 ro

274 473 480 540 γεννὴτῳ
514 456 988 535 μθητευόμενοι
1041 470 1193 539 φωτί.
1250 472 1370 532 Τοῖς
1391 471 1444 522 δὲ
1484 471 1558 539 μὴ
1599 466 1829 538 χωροῦσι

1936 479 2152 532 quorum
2182 446 2677 514 administrantium
2721 458 3068 529 apostolorum
3101 456 3183 510 vel
3232 429 3457 523 prophe-

279 561 361 622 τὰς
404 550 599 626 ἡλιακὰς
627 547 913 616 Χριστοῦ
959 558 1183 620 ἀκτῖνας
1214 560 1260 609 οί
1293 557 1434 625 ἅγιοι
1469 556 1830 617 διακονοῦντες

286 648 546 718 παρέχουσι
575 645 887 711 φωτισμὸν
919 647 1107 717 πολλῷ
1135 647 1227 700 τοῦ
1258 647 1652 718 προειρημένου
1681 645 1831 698 ἐλάτ-

292 755 419 799 τονα,
455 736 590 804 μόγις
623 731 723 782 καὶ
778 733 992 789 τοῦτον
1025 740 1218 808 χωρεῖν
1254 737 1581 806 δυναμένοις,
1617 737 1709 788 καὶ
1741 737 1829 787 ὑπ’

297 827 438 880 αὑτοῦ
460 826 641 894 πληρου
651 823 1051 890 μένοις.Ἕστι
1068 830 1123 881 δὲ
1138 831 1165 881 ὁ
1187 829 1410 900 Χριστὸς
1433 827 1544 896 φῶς
1558 827 1828 894 τυγχάνων

299 917 494 984 κόσμου,
511 913 614 981 φῶς
625 910 765 980 ἀληθ
776 915 899 967 ινὸν
918 918 1056 986 πρὸς
1065 917 1455 987 ἀντιδιαστολὴν
1472 915 1742 984 αἰσθητοῦ,
1755 915 1829 966 οῦ-

296 1005 426 1066 δενὸς
443 1001 682 1071 αἰσθητοῦ
712 1002 881 1067 ὄντος
903 1007 1155 1076 ἀληθινοῦ
1177 1006 1399 1076 (6),ἀλλ’
1416 1007 1554 1075 οὐχὶ,
1587 1009 1706 1059 ἐπεὶ
1735 1008 1832 1058 οὐκ

297 1091 523 1160 ἀληθινὸν
547 1091 606 1141 τὸ
632 1091 902 1160 αἰσθητὸν
919 1095 1220 1164 (7),ψεῦδος
1247 1095 1302 1147 τὸ
1318 1097 1563 1165 αἰσθητόν
1579 1112 1591 1124 ·
1616 1095 1831 1148 δύναται

297 1178 392 1247 γὰρ
405 1177 681 1245 ἀναλογίαν
695 1179 846 1248 ἒχειν
863 1182 926 1233 τὸ
937 1183 1187 1252 αἰσθητὸν
1203 1184 1335 1254 πρὸς
1349 1185 1408 1236 τὸ
1419 1185 1622 1253 νοητὸν,
1651 1185 1708 1236 οὑ
1726 1185 1830 1253 μὴν

294 1268 348 1318 τὸ
374 1267 552 1335 ψεῦδος
586 1268 756 1335 ὑγιῶς
784 1273 991 1334 παντὸς
1016 1273 1425 1342 κατηγορεῖσθαι
1453 1273 1543 1325 τοῦ
1575 1275 1672 1326 οὐκ
1702 1275 1831 1342 ἀλη-

295 1356 450 1410 θινοῦ.
477 1357 630 1426 Ζητῶ
660 1357 718 1409 δὲ
755 1361 804 1410 εί
825 1361 1021 1412 ταυτὸν
1050 1365 1160 1414 ἐστι
1185 1363 1244 1413 τὸ
1270 1362 1382 1429 φῶς
1406 1363 1495 1415 τοῦ
1527 1364 1724 1432 κόσμου
1758 1363 1832 1433 τῷ

293 1447 421 1513 φωτὶ
452 1446 556 1499 τῶν
581 1447 913 1518 ἀνθρώπων,
946 1451 1036 1503 καὶ
1084 1451 1317 1521 ἡγοῦμαι
1351 1452 1567 1504 πλείονα
1611 1454 1832 1524 δύναμιν

297 1538 654 1606 παρίστασθαι
675 1540 769 1591 τοῦ
793 1543 991 1608 φωτὸς,
1029 1544 1115 1594 ὅτε
1144 1543 1254 1611 φῶς
1286 1544 1378 1596 τοῦ
1425 1547 1623 1614 κόσμου
1667 1562 1832 1614 προσ-

291 1625 628 1694 αγορεύεται,
665 1629 814 1698 ἥπερ
841 1629 955 1696 φῶς
986 1630 1091 1682 τῶν
1118 1630 1430 1700 ἀνθρώπων·
1454 1634 1481 1685 ὁ
1507 1632 1612 1701 γὰρ
1639 1631 1833 1700 κόσμος

291 1714 425 1766 κατὰ
453 1716 580 1784 μίαν
609 1717 863 1788 ἐκδοχὴν,
897 1720 957 1770 οὑ
990 1719 1145 1788 μόνον
1182 1720 1469 1790 ἄνθρωποι.
1501 1722 1608 1774 Καὶ
1656 1738 1830 1791 παρα-

293 1803 471 1871 στήσει
497 1802 558 1853 τὸ
589 1803 774 1854 πλεῖον
795 1803 828 1872 ἢ
859 1804 1040 1872 ἓτερον
1061 1802 1197 1857 εἶναι
1223 1807 1312 1858 τὸν
1327 1807 1522 1876 κόσμον
1545 1807 1689 1876 παρὰ
1709 1810 1830 1869 τοὺς

288 1891 600 1962 ἀνθρώπους
618 1895 648 1945 ὁ
661 1892 875 1956 Παῦλος
902 1895 1034 1963 πρὸς
1054 1896 1366 1967 Κορινθίους
1386 1899 1625 1968 προτέρᾳ
1640 1898 1828 1965 λέγων’

290 1981 541 2048 Θέατρον
565 1982 934 2050 ἑγενήθτυιεν
957 1983 1035 2047 τῷ
1068 1986 1268 2052 κόσμῳ
1308 1987 1401 2038 καὶ
1439 1987 1708 2055 ἀγγέλοις
1739 1988 1834 2040 καὶ

288 2069 635 2136 ἀνθρώποις.
676 2071 994 2141 Ἐπίστησον
1021 2072 1075 2124 δὲ
1095 2074 1143 2124 εἰ
1167 2074 1303 2126 κατὰ
1335 2075 1460 2143 μίαν
1493 2076 1710 2145 ἐκδοχὴν
1740 2077 1834 2128 κό-

292 2175 420 2226 σμος
448 2160 596 2211 ἐστὶν
623 2162 656 2230 ἡ
689 2159 1108 2232 ὲλευθερουμὲνη
1139 2163 1310 2225 κτίσις
1338 2163 1442 2214 ἀπὸ
1466 2163 1564 2233 τῆς
1598 2164 1834 2228 δουλείας

290 2248 382 2315 τῆς
413 2248 620 2316 φθορᾶς
641 2251 723 2310 είς
753 2249 852 2318 τὴν
875 2251 1178 2320 ἐλευθερίαν
1203 2252 1298 2320 τῆς
1324 2253 1477 2322 δόξης
1504 2253 1608 2305 τῶν
1637 2255 1834 2307 τέκνων

287 2336 374 2388 τοῦ
427 2337 586 2401 Θεοῦ,
623 2334 692 2408 ἧς
722 2342 756 2408 ἡ
785 2341 1190 2410 ἀποκαραδοκία
1229 2342 1321 2411 τὴν
1358 2343 1686 2411 ἀποκάλυψιν
1731 2344 1836 2397 τῶν

289 2425 419 2476 υίῶν
444 2426 538 2477 τοῦ
564 2426 696 2478 Θεοῦ
721 2429 1094 2498 ἀπεκδέχεται.
1130 2431 1440 2500 Ἐπίστησον
1459 2431 1535 2496 δὲ,
1569 2433 1834 2503 προσεθή-

291 2531 492 2582 καμεν,
524 2514 610 2566 διά
643 2517 702 2568 τὸ
733 2518 1094 2587 παρακεῖσθαι
1125 2520 1186 2571 τὸ
1230 2521 1518 2589 δυνάμενον
1556 2521 1614 2572 τό
1634 2536 1648 2550 ⁸
1692 2521 1835 2590 Ἐγὼ

291 2604 413 2670 φῶς
443 2607 558 2673 εἰμι
591 2605 697 2658 τοῦ
721 2607 973 2674 κόσμου,
1006 2607 1438 2672 συνεξετάζεσθαι
1470 2610 1690 2662 ἐπὶτῶν
1733 2627 1832 2679 μα-

295 2693 464 2763 θητῶν
498 2695 604 2748 ὑπὸ
649 2696 824 2765 Ἰησοῦ
871 2697 1187 2767 λεγόμενοντ
1232 2699 1410 2766 Ὑμεῖς
1438 2700 1576 2752 ἐστε
1609 2701 1674 2753 τὸ
1713 2701 1834 2767 φῶς

293 2784 392 2836 τοῦ
425 2787 705 2852 κόσμου.
752 2786 874 2838 Εἰσὶ
915 2787 1022 2856 γὰρ
1067 2787 1528 2858 ὑπολαμϐάνοντες
1591 2790 1835 2858 μείζονας

295 2873 427 2929 εἶναι
454 2879 581 2941 τοὺς
609 2878 935 2949 ἀνθρώπους
958 2882 1082 2943 τοὺς
1103 2883 1180 2954 τῷ
1203 2883 1370 2951 Ἰησοῦ
1402 2883 1632 2952 γνησίως
1661 2900 1834 2952 μεμα-

297 2964 653 3035 θητευμένους
700 2969 810 3021 τῶν
862 2969 1032 3022 ἄλλων
1074 2974 1398 3041 κτισμάτων,
1445 2977 1492 3027 οί
1533 2975 1654 3044 μὲν.
1681 2974 1834 3042 φύσει

295 3057 557 3119 τοιούτους
588 3060 993 3130 γεγενημένους
1028 3060 1124 3131 (8),
1160 3065 1207 3114 οί
1246 3063 1302 3114 δὲ
1349 3065 1438 3116 καὶ
1488 3064 1545 3116 ὲν
1585 3063 1724 3133 λόγῳ
1762 3062 1836 3132 τῷ

294 3147 433 3198 κατά
458 3149 546 3200 τὸν
591 3149 975 3220 χαλεπώτερον
1002 3150 1218 3217 ἀγῶνα.
1269 3152 1492 3215 Πλείους
1530 3153 1637 3223 γὰρ
1669 3156 1716 3205 οἱ
1745 3153 1840 3205 πό-

295 3251 393 3299 νοι,
429 3239 518 3291 καὶ
549 3240 860 3310 ἐπισφαλὴς
889 3242 922 3309 ἡ
953 3239 1064 3309 ζωὴ
1106 3240 1212 3293 τῶν
1241 3242 1302 3293 ὲν
1343 3244 1501 3313 σαρκὶ
1533 3243 1624 3295 καὶ
1656 3244 1840 3313 αἵματι

297 3327 439 3396 παρά
459 3330 585 3392 τοὺς
605 3331 666 3382 ὲν
694 3329 922 3399 αἰθερίῳ
949 3327 1185 3398 σώματι·
1213 3330 1311 3382 οὐκ
1335 3330 1399 3382 ἂν
1430 3330 1536 3382 τῶν
1559 3331 1616 3382 ἐν
1636 3331 1842 3400 οὐρανῷ

298 3421 585 3490 φωστήρων
615 3420 675 3470 ὲν
710 3418 788 3488 τῷ
809 3419 1098 3470 ἀναλαϐεῖν
1141 3418 1208 3471 τά
1239 3420 1402 3489 γήϊνα
1451 3418 1672 3488 σώματα
1695 3421 1842 3472 ἀκιν-

294 3508 455 3573 δύνως
481 3511 578 3563 καὶ
599 3512 816 3573 πάντως
841 3512 1236 3580 ἀναμαρτήτως
1259 3510 1611 3562 διανυσάντων
1637 3511 1731 3580 τήν
1757 3511 1843 3562 ὲν-

293 3597 462 3652 ταῦθα
490 3599 655 3669 ζωήν.
688 3602 749 3653 Οί
781 3601 839 3651 δὲ
873 3599 951 3669 τῷ
992 3600 1132 3667 λόγῳ
1167 3600 1336 3666 τούτῳ
1361 3600 1742 3668 παριστάμενοι
1775 3599 1843 3652 τὰ

296 3687 519 3754 μέγιστα
551 3689 682 3760 περὶ
720 3687 1046 3758 ἀνθρώπων,
1083 3689 1535 3757 ἀποφαινομέναις
1558 3690 1841 3758 χρήσονται

293 3773 461 3841 λέξεσι
481 3777 586 3828 τῶν
601 3777 861 3846 Γραφῶν,
878 3777 938 3828 τὸ
953 3777 1309 3846 ἀνυπέρθετον
1321 3779 1418 3847 τῆς
1434 3778 1754 3846 ἐπαγγελίας
1767 3779 1840 3846 (9)

290 3864 372 3915 ὅτι
405 3866 488 3917 τὸν
527 3865 820 3937 ἄνθρωπον
856 3865 1046 3933 φθάνει
1082 3868 1438 3934 φασκούσαις,
1485 3869 1544 3920 οὐ
1593 3869 1695 3938 μὴν
1716 3885 1844 3920 ταυιή
1877 3933 1884 3938 1

292 3955 382 4006 τὸν
423 3957 571 4009 τοῦτο
601 3959 699 4010 καὶ
735 3958 990 4026 περὶτῆς
1035 3957 1282 4020 κτίσεως,
1331 3959 1386 4028 ἦ,
1425 3959 1498 4021 ὠς
1533 3958 1840 4028 ἐδεξάμεθα,

291 4044 488 4114 κόσμου
519 4045 1146 4115 ἀπαγγελλούσαις(10)·
1170 4047 1230 4099 τὸ
1250 4046 1358 4117 γὰρ
1383 4047 1437 4098 δέ
1453 4063 1467 4077 ο
1502 4048 1594 4112 Ὡς
1620 4049 1730 4116 ἐγὼ
1748 4050 1842 4102 καὶ

289 4134 370 4186 σὺ
384 4135 665 4204 ἕνέσμεν,
686 4136 791 4188 ἵνα
802 4137 900 4187 καὶ
915 4136 1078 4188 αὐτοὶ
1093 4136 1314 4204 ἐντξμῖν
1327 4132 1528 4200 ἐνῶσι,
1547 4138 1843 4191 καίν’οπου

287 4227 404 4291 εἰμὶ
436 4226 564 4294 ἐγὼ,
591 4226 728 4279 ἐκεῖ
747 4227 846 4279 καὶ
874 4229 907 4278 ὁ
929 4224 1204 4290 διάκονος
1228 4230 1260 4279 ὀ
1291 4226 1430 4292 ἐμὸς
1449 4228 1633 4291 ἔσται,
1663 4227 1844 4297 σαφῶς

288 4317 418 4387 περὶ
437 4319 739 4387 ἀνθρώπων
766 4317 1176 4386 ἀναγέγραπται
1197 4336 1210 4348 ·
1246 4320 1372 4389 περὶ
1393 4319 1449 4371 δὲ
1474 4319 1571 4388 τῆς
1601 4320 1843 4381 κτίσεως,

1932 565 2124 616 tarum,
2158 567 2221 604 ac
2252 562 2322 602 ne
2355 543 2660 612 angelorum
2695 551 2948 616 quidem:
2994 548 3285 601 audendum
3316 546 3456 597 enim

1929 652 2010 697 est
2051 642 2329 695 veritatem
2358 635 2566 690 dicere:
2605 640 2825 706 proinde
2857 639 3064 700 addam,
3114 651 3282 705 neque
3319 649 3457 701 prae-

1929 731 2373 786 stantissimorum
2422 727 2673 781 virtutum
2717 741 2808 781 eos
2854 726 3128 791 indigere,
3161 738 3292 792 quos
3345 724 3455 789 ipsa

1929 819 2244 890 primigenia
2271 817 2378 886 28
2404 816 2494 870 lux
2517 818 2806 872 edocuerit.
2835 816 3002 870 Porro
3030 815 3092 868 iis
3120 815 3208 882 qui
3241 813 3457 865 minime

1930 911 2130 964 solares
2185 907 2384 962 Christi
2437 909 2614 960 radios
2668 921 2856 974 capere
2890 907 3105 968 valent,
3144 903 3315 958 sancti
3353 899 3453 966 ipsi

1931 1000 2290 1054 ministrantes
2325 999 2496 1051 lucem
2533 998 2787 1064 prazhent,
2817 998 2910 1052 sed
2931 1009 2991 1047 ea
3023 1010 3178 1063 quam
3213 991 3455 1061 praedixi-

1932 1106 2046 1145 mus
2072 1091 2222 1156 longe
2247 1087 2572 1147 inferiorem,
2596 1101 2717 1140 cum
2745 1087 2830 1139 vix
2856 1084 3051 1152 alioqui
3080 1084 3216 1135 hanc
3239 1095 3452 1150 parvam

1932 1182 2030 1250 ipsi
2081 1194 2272 1247 capere
2303 1179 2652 1233 valeantmox
2695 1178 2760 1230 ab
2805 1177 2917 1243 ipsa
2969 1173 3128 1241 pleni.
3157 1173 3246 1225 Est
3278 1179 3454 1224 autem

1930 1271 2172 1325 Christus
2203 1272 2289 1322 lux
2321 1269 2536 1322 mundi:
2573 1277 2652 1322 est
2681 1276 2734 1321 et
2764 1267 2852 1318 lux
2881 1279 3030 1326 vera,
3075 1262 3142 1315 ad
3183 1260 3294 1327 ejus
3325 1261 3456 1312 lucis

1931 1359 2278 1414 dillerentiam
2309 1373 2426 1427 quae
2470 1373 2628 1411 sensu
2662 1354 2979 1423 percipitur;
3010 1367 3127 1406 cum
3164 1349 3292 1403 nihil
3318 1348 3456 1416 quod

1931 1463 2089 1503 sensu
2118 1448 2444 1516 percipiatur
2475 1445 2547 1499 sit
2581 1460 2799 1508 verum;
2831 1456 2926 1495 nec
2960 1451 3130 1494 tamen
3167 1441 3286 1503 quia
3317 1439 3456 1504 quod

1933 1551 2090 1589 sensu
2120 1535 2409 1604 percipitur
2438 1549 2540 1588 non
2565 1543 2645 1587 est
2673 1548 2880 1593 verum,
2913 1531 3110 1583 idcirco
3137 1528 3324 1581 falsum
3351 1536 3456 1589 est,

1932 1642 2052 1680 nam
2077 1633 2251 1693 potest
2270 1624 2716 1694 comparationem
2744 1624 3240 1691 proportionemque
3263 1617 3458 1671 habere

1932 1718 2070 1786 quod
2104 1730 2259 1770 sensu
2293 1715 2576 1783 percipitur
2601 1715 2665 1766 ad
2694 1713 2819 1766 illud
2845 1712 2985 1781 quod
3014 1711 3193 1763 animo
3221 1708 3458 1762 cernitur

1935 1809 2245 1876 rationeque
2292 1805 2758 1874 comprehenditur
2787 1842 2802 1867 ,
2833 1818 2952 1856 cum
2983 1803 3193 1855 interim
3223 1815 3348 1853 sane
3376 1814 3460 1852 re-

1934 1909 2120 1966 cteque
2149 1899 2214 1951 de
2243 1898 2384 1952 omni
2422 1911 2526 1950 non
2579 1910 2705 1948 vero
2743 1910 2846 1947 non
2892 1894 3204 1962 praedicetur
3246 1891 3457 1945 falsum.

1937 1989 2124 2056 Qiter
2153 1998 2328 2042 autem
2361 2004 2426 2040 an
2464 1987 2598 2039 idem
2627 1985 2696 2037 sit
2736 1984 2820 2036 lux
2869 1983 3048 2036 mundi
3092 1994 3146 2036 et
3173 1983 3256 2035 lux
3290 1981 3462 2035 homi-

1937 2094 2082 2134 num.
2117 2079 2193 2131 Ac
2223 2091 2394 2130 meum
2421 2077 2630 2144 quidem
2658 2075 2912 2143 judicium
2943 2082 3024 2127 est
3045 2072 3297 2140 majorem
3335 2081 3463 2127 tunc

1936 2170 2073 2223 lucis
2103 2170 2204 2222 vim
2234 2168 2476 2221 exhiberi
2512 2182 2630 2220 cum
2659 2165 2953 2234 appellatur
2978 2165 3066 2216 lux
3093 2163 3274 2217 mundi
3303 2177 3460 2228 quam

1939 2259 2149 2327 quando
2193 2257 2280 2309 lux
2320 2257 2631 2310 hominum:
2680 2269 2802 2307 nam
2837 2253 3066 2306 mundus
3109 2253 3256 2319 juxta
3301 2267 3459 2304 unum

1939 2362 2148 2401 sensum
2168 2386 2183 2410 ,
2216 2361 2317 2398 non
2347 2353 2546 2397 tantum
2585 2343 2845 2396 homines.
2879 2343 2946 2395 Et
2973 2342 3166 2396 Paulus
3194 2342 3244 2394 in
3288 2342 3464 2409 priore

1941 2437 2004 2490 ad
2051 2434 2356 2489 Corinthios
2398 2431 2634 2500 Epistula
2686 2430 2856 2498 majus
2888 2431 3138 2498 quiddam
3178 2445 3295 2485 esse
3323 2471 3340 2496 ,
3379 2432 3464 2486 vel

1938 2527 2094 2580 etiam
2121 2525 2384 2578 diversum
2411 2524 2477 2576 ab
2500 2522 2801 2576 hominibus
2820 2523 3067 2574 mundum
3093 2524 3231 2575 hunc
3249 2523 3464 2584 astruit.

1939 2617 2148 2670 dicens:
2194 2613 2465 2666 Theatrum
2492 2613 2616 2681 facti
2649 2628 2824 2665 sumus
2858 2612 3066 2675 mundo,
3094 2621 3140 2664 et
3170 2614 3383 2680 angelis,
3416 2623 3463 2666 et

1938 2705 2224 2758 hominibus
2250 2703 2316 2757 5’.
2349 2702 2581 2755 Proinde
2623 2703 2846 2755 observa
2875 2715 2941 2754 an
2967 2701 3116 2768 juxta
3154 2717 3313 2754 unum
3344 2717 3465 2756 sen-

1938 2809 2052 2847 sum
2079 2793 2303 2846 mundus
2336 2792 2407 2846 sit
2433 2802 2678 2845 creatura
2705 2791 2791 2844 illa
2821 2806 2935 2858 quae
2963 2792 3238 2845 liberanda
3271 2792 3466 2847 dicitur

1940 2889 2004 2938 ab
2031 2885 2274 2938 interitus
2307 2884 2568 2937 servitute
2614 2883 2666 2936 in
2703 2883 2994 2936 libertatem
3028 2885 3208 2953 gloria:
3237 2883 3462 2938 filiorum

1941 2975 2032 3028 Dei
2061 2976 2126 3040 ⁸³,
2153 2974 2303 3040 cujus
2339 2974 2621 3026 vehemens
2644 2972 2968 3026 desiderium
3003 2974 3371 3027 revelationem
3405 2975 3465 3026 li-

1863 3095 1904 3151 c
1939 3063 2126 3117 liorum
2152 3062 2243 3116 Dei
2271 3071 2542 3129 exspectat
2562 3063 2629 3114 ⁵⁵.
2659 3063 2890 3115 Observa
2922 3072 3115 3126 autem,
3143 3063 3462 3126 addidimus,

1939 3155 2075 3222 quod
2110 3154 2162 3205 in
2197 3153 2424 3205 medium
2477 3152 2724 3219 producta
2762 3151 2959 3204 fuerint
3003 3164 3064 3204 ea
3106 3153 3299 3205 verba:
3353 3151 3465 3220 Ego

1939 3258 2048 3294 sum
2083 3241 2174 3294 tua:
2203 3243 2378 3294 mundi
2408 3241 2474 3306 ⁸⁵,
2506 3257 2620 3309 quae
2650 3249 2876 3309 possunt
2904 3242 3064 3294 etiam
3097 3244 3160 3294 de
3192 3242 3465 3308 discipulis

1940 3331 2186 3399 intelligi,
2225 3345 2346 3383 cum
2375 3332 2452 3382 eis
2481 3345 2690 3398 quoque
2728 3327 2882 3384 Jesus
2927 3331 3120 3384 dixerit
3148 3349 3160 3383 :
3218 3330 3313 3384 Vos
3342 3333 3464 3385 estis

1939 3422 2029 3474 tua:
2053 3423 2230 3474 mundi
2253 3423 2320 3474 ⁵⁸.
2363 3421 2636 3489 Siquidem
2671 3430 2793 3474 sunt
2831 3422 2919 3489 qui
2965 3422 3306 3488 suspicantur
3334 3438 3467 3490 prte-

1941 3511 2230 3565 stantiores
2268 3510 2386 3564 aliis
2422 3512 2683 3564 creaturis
2710 3527 2800 3564 eos
2832 3525 2948 3565 esse
2996 3512 3241 3565 homines
3268 3512 3357 3580 qui
3401 3513 3468 3564 ab

1941 3601 2055 3666 ipso
2103 3599 2228 3652 Jesu
2259 3601 2465 3654 sincere
2512 3601 2682 3654 edocti
2715 3600 2931 3653 fuerint.
2970 3600 3204 3666 Quorum
3231 3601 3316 3652 alii
3346 3601 3468 3669 qui-

1941 3687 2058 3740 dem
2087 3688 2182 3740 hos
2210 3688 2450 3742 homines
2475 3699 2686 3747 natura.
2727 3688 2816 3740 alii
2868 3703 2992 3742 vero
3025 3689 3228 3742 ratione
3270 3703 3387 3756 quze
3414 3689 3467 3742 in

1941 3779 2150 3834 actione
2166 3777 2440 3832 diﬂiciliort
2469 3789 2729 3843 versatur,
2750 3779 2882 3832 tales
2905 3780 3161 3833 exsistere
3186 3780 3466 3842 allirmant;

1942 3870 2167 3935 majores
2194 3869 2333 3921 enim
2363 3868 2573 3921 labores
2607 3868 2914 3936 Inajoraque
2945 3870 3062 3920 vitae
3091 3868 3348 3936 pericula,
3375 3869 3467 3936 qui

1941 3972 2104 4012 carne
2145 3973 2208 4011 ac
2259 3957 2511 4028 sanguine
2563 3966 2848 4018 constant,
2902 3957 3137 4019 habere,
3186 3972 3343 4025 quam
3380 3959 3468 4025 qui

1942 4050 2175 4103 tethereo
2204 4063 2446 4115 corpore.
2498 4048 2626 4101 Nam
2659 4062 2830 4114 neque
2870 4047 3068 4100 lumina
3098 4047 3338 4102 caelestia
3389 4049 3470 4102 di-

1943 4147 2070 4192 cunt
2109 4153 2330 4206 corpora
2380 4147 2588 4191 terrena
2634 4138 2677 4191 si
2726 4139 3124 4204 suscepissent,
3158 4151 3187 4189 a
3220 4137 3470 4206 periculis

1943 4229 2160 4282 omnino
2196 4236 2248 4282 et
2291 4242 2320 4280 a
2367 4229 2632 4296 peccando
2668 4229 2920 4282 immunia
2965 4236 3282 4298 praesentem
3312 4229 3471 4282 vitam

1949 4326 2301 4371 transactura.
2333 4315 2430 4370 Cui
2468 4316 2627 4369 etiam
2658 4319 2852 4372 rationi
2893 4320 2980 4388 qui
3017 4319 3198 4370 favent
3227 4317 3472 4385 Scriptu-

285 4407 366 4458 ὅτι
413 4407 788 4478 ἐλευθεροῦται
830 4407 938 4457 ἀπὸ
982 4407 1080 4475 τῆς
1121 4407 1362 4470 δουλείας
1404 4408 1499 4475 τῆς
1540 4407 1737 4476 φθορᾶς
1769 4408 1836 4470 εἰς

1949 4421 2124 4457 rarum
2168 4407 2519 4472 quarumdam
2567 4408 2887 4462 testimoniis
2923 4407 3323 4460 enuntiantibus
3361 4423 3472 4458 rna-

284 4496 384 4564 τὴν
423 4497 734 4566 ἐλευθερίαν
759 4495 860 4562 τῆς
889 4494 1046 4563 δόξης
1080 4495 1190 4546 τῶν
1219 4495 1422 4546 τέκνων
1453 4495 1543 4546 τοῦ
1567 4496 1718 4558 Θεοῦ,
1753 4496 1836 4547 καὶ

1947 4494 2084 4546 xima
2110 4495 2175 4546 de
2204 4495 2526 4558 horninibus,
2551 4497 3138 4563 supervenientiamque
3167 4497 3476 4563 promiSsio-

284 4586 709 4656 προσθήσουσιν,
758 4585 840 4636 ὅτι
885 4585 1023 4653 οὐχὶ,
1070 4586 1119 4636 εἰ
1169 4583 1559 4652 ἐλευθεροῦται,
1611 4585 1707 4655 ἤδη
1753 4585 1836 4637 καὶ

1949 4584 2028 4636 nis
2062 4585 2126 4636 ad
2162 4585 2429 4640 hominem
2472 4587 2737 4655 pertinere
2777 4587 3090 4646 dicentibus,
3129 4586 3276 4638 usuri
3331 4595 3472 4646 sunt,

283 4679 531 4728 κοινωνεί
564 4677 664 4745 τῆς
695 4675 855 4744 δόξης
881 4675 988 4726 τῶν
1029 4675 1238 4726 τέκνων
1279 4673 1368 4724 τοῦ
1401 4673 1550 4726 Θεοῦ.
1579 4676 1692 4728 Οὐκ
1717 4679 1836 4729 ἀπο-

1950 4687 2068 4725 cum
2100 4683 2271 4726 tamen
2307 4675 2406 4729 hoc
2450 4677 2620 4743 ipsum
2655 4675 2720 4729 de
2745 4686 3010 4740 creatura,
3040 4672 3143 4734 vel,
3175 4682 3233 4724 ut
3274 4673 3478 4726 intelle-

285 4767 622 4835 σιωπήσουσι
663 4764 721 4816 δὲ
756 4759 898 4815 οῦτοι
937 4763 1032 4814 καὶ
1075 4762 1137 4814 τὺ
1179 4761 1272 4813 τὸν
1305 4761 1634 4829 πρωτότοκον
1676 4763 1836 4832 πάσης

1953 4763 2148 4823 ximus,
2177 4762 2240 4814 de
2270 4764 2466 4816 mundo
2525 4761 2832 4815 testimonia
2868 4761 2980 4814 haec
3007 4775 3110 4813 non
3140 4761 3476 4825 promittant.

283 4855 511 4918 κτίσεως
554 4855 642 4907 διά
668 4855 771 4924 τὴν
802 4854 936 4924 πρὸς
967 4852 1060 4928 τρν
1090 4849 1376 4919 ἄνθρωπον
1401 4849 1535 4920 ὑπὲρ
1576 4851 1750 4904 πάντα
1776 4870 1836 4904 τι-

1953 4849 2085 4902 lllud
2147 4849 2288 4902 enim
2333 4850 2422 4903 ’τε
2494 4848 2557 4902 ω
2606 4864 2746 4917 ego,
2808 4857 2860 4904 et
2923 4861 2975 4900 tu
3037 4859 3196 4898 unttm
3259 4860 3481 4906 sumus,

386 4989 435 5019 ⁸²
466 4985 633 5040 lCor.
667 4999 742 5047 tv,
770 4983 824 5038 9.
902 4983 947 5013 ⁸³
986 4980 1155 5034 Rom.
1192 4991 1291 5038 vlt,
1319 4974 1398 5028 l9.
1469 4976 1514 5007 ⁵⁸
1543 4977 1679 5032 ibid.
1707 4980 1794 5032 Ἦ.

1939 4979 2090 5033 Joan.
2112 4994 2228 5044 vm,
2255 4977 2342 5033 12.
2440 4975 2488 5010 ⁸⁸
2513 4978 2704 5038 Matth.
2725 4993 2782 5046 v,
2808 4979 2894 5034 ιι.
2973 4977 3018 5007 ⁸⁷
3042 4972 3196 5026 Joan.
3228 4987 3373 5036 xvu,
3400 4973 3464 5023 ει

345 5128 427 5198 (6)
463 5122 726 5198 οὐδενὸς
755 5115 1047 5198 alveum?
1069 5109 1560 5198 δείξειςξέεηθφῖοῖλ
1599 5112 1836 5198 iteca

1952 5110 2903 5198 eratValentinianoru‘mdoctrina,
2952 5119 3040 5172 qui
3085 5109 3194 5154 tres
3247 5099 3477 5151 diversa

277 5175 718 5250 adhlescetitiori
747 5175 1047 5240 Academia
1085 5181 1388 5246 deprompta
1409 5189 1542 5234 sunt.
1599 5179 1734 5236 Vid.
1766 5182 1854 5236 Ci-
1958 5185 2471 5254 hominumnaturas
2502 5179 2786 5254 ﬁngebant.
2815 5175 2889 5226 In.
3000 5238 3048 5254 Δ.

277 5229 707 5250 αυυιςειςιηιυι.
747 5229 1047 5240 ι-ν--υν---ην
1093 5229 1179 5246 *τι
1312 5229 1329 5245 π
1368 5229 1542 5234 """"
1616 5229 1734 5236 "“'
1773 5229 1823 5236 "'

277 5283 390 5320 cer.
419 5263 676 5316 Academ.
704 5273 778 5310 tv.
807 5255 1079 5324 IIUET|U§o
1159 5312 1173 5324 ,
1199 5315 1218 5324 _
1269 5315 1290 5324 η
1355 5313 1365 5324 ,
1476 5317 1486 5324 ,
1572 5321 1583 5324 _
1656 5319 1679 5324 ,
1777 5318 1787 5324 .

1958 5229 2735 5324 ”’(ὗῖ’ῖδᾶῖ’ὖῖτῖἐὲἆεὲὂῗ’τῆς
2761 5238 3150 5324 “melius
3169 5229 3521 5324 ,Ψέιθηξῗξίἷῑ

811 5305 943 5401 ἐπεὶ
978 5318 1104 5401 οτξθξ
1139 5312 1407 5401 (ξξῃθξζθζ
1434 5317 1492 5401 τε)
1521 5318 1835 5383 αἰσθητὸν

1959 5305 2162 5382 rarids,
2212 5305 2666 5383 supervenienliam
2687 5305 3109 5378 promissionis;
3169 5305 3262 5352 vix
3352 5305 3532 5383 lauit-it
3606 5319 3612 5327 -

1960 5389 1976 5401 .
2041 5390 2069 5401 Α.
2252 5388 2262 5401 Ι
2288 5387 2298 5401 .
2377 5400 2380 5401 ,
2426 5399 2444 5401 η
2469 5400 2472 5401 ,
2501 5383 2590 5401 .-ει
2622 5397 2634 5401 -
2667 5380 2791 5401 ιιι-..]
2815 5380 2950 5401 -..τη
2990 5386 3068 5401 Α...
3100 5385 3212 5401 nun
3239 5374 3543 5401 nrnnussa

274 5374 381 5457 etc:
400 5374 410 5386 '
431 5374 970 5469 ιῦἇίᾝιεῑμρθλ
1005 5389 1103 5469 Δξι.
1141 5374 1525 5469 ἔληθινόν⁵
1543 5374 1827 5469 opptinttn

1960 5374 2392 5469 Pajim'redagrg
2422 5383 2635 5469 posﬁi‘s:
2667 5374 2953 5469 illud‘enir‘n
2987 5386 3076 5469 Iesst
3099 5385 3213 5439 quo
3239 5374 3544 5432 promissa

812 5445 1305 5536 ’Ᾰληθξνόχ
1332 5445 1379 5502 et
1409 5445 1646 5536 ψεῦδος’,’
1690 5455 1836 5536 ἐναυη

1963 5458 2153 5536 habent
2175 5464 2231 5536 ut
2260 5445 2697 5536 minim‘e‘di'll'erri
2726 5449 2964 5536 pgssinta
2987 5445 3204 5536 lp.|Mh
3249 5487 3530 5536 “ml-ws)

274 5505 947 5601 quae
977 5515 1338 5601 ἀντιιφατικῶς
1364 5505 1710 5601 οργκγηυῖιίυζ
1778 5525 1834 5575 ai

1960 5505 2137 5601 Ϊῂζίθ)
2176 5505 3038 5593 Ἀπαγγελλούσαις.ἰῖέηυτίυε
3067 5505 3211 5576 legit
3249 5505 3530 5556 ἐπαγγει
3557 5518 3577 5529 ·

276 5583 762 5663 ίέῖίῖίι-ὦξίνετυιη
783 5583 888 5650 est;
913 5597 1045 5650 qua:
1071 5583 1332 5663 ἐναντίως,
1356 5583 1444 5640 non
1471 5591 1624 5663 item.
1678 5589 1818 5663 ι».-

1960 5583 2186 5654 λοῦσαὶς.

340 5657 510 5731 (δῖοί
533 5669 654 5741 μὲν
685 5662 861 5732 φύσει
909 5657 1233 5710 τοιούτους
1257 5659 1682 5725 γεγενημένους,
1772 5657 1857 5712 Ea
