3848 6228
663 370 724 421 71
2090 369 2176 422 0R

2090 366 2401 422 ORIGENIS

659 483 766 552 29
791 491 911 536 utet
936 483 1030 548 ipsi
1045 482 1096 532 in
1122 480 1262 532 nobis
1294 481 1431 544 sint;
1458 490 1512 535 et
1539 481 1584 513 ⁸⁸
1609 499 1622 533 :
1654 479 1751 533 Ubi
1775 497 1864 550 ego
1893 498 2031 545 sum,
2061 485 2170 535 illic

2025 524 2031 544 .
2061 485 2170 535 illic
2206 493 2248 544 Α
2278 484 2379 552 μὴν
2407 482 2683 553 ἄνθρωπον
2717 483 2810 551 μὲν
2839 482 3116 550 γεγονέναι,
3139 481 3181 531 οὐ
3208 479 3285 548 μὴν
3307 475 3407 538 ζῶόν
3427 492 3467 526 τι
3486 473 3543 524 τῶ

657 575 749 626 erit
773 583 821 626 et
846 573 1075 624 minister
1100 587 1259 632 metu,
1300 581 1482 638 aperte
1509 571 1573 624 de
1594 572 1895 625 hominibus
1924 573 2176 640 scriptum

2006 573 2177 640 'iptum
2277 571 2502 641 οὐρανῷ.
2546 571 2700 623 Ἀλλά
2724 572 2816 624 καλ⁸
2847 571 3101 642 δεύτερον,
3125 569 3192 621 καὶ
3225 567 3425 626 διάκονον,
3457 564 3525 614 καὶ

657 671 768 726 est;
798 657 861 714 de
893 670 1131 715 creatura
1167 672 1310 722 vero,
1358 659 1496 727 quod
1529 659 1788 712 liberatur
1815 663 1881 712 ab
1933 660 2176 713 interitus

2023 660 2179 713 critus
2276 663 2364 714 λον
2390 663 2485 731 τῆς
2514 660 2760 729 γνώσεως
2803 660 2970 728 Ἰησοῦ
3001 659 3086 711 τὸν
3116 660 3158 709 ἐν
3186 659 3235 726 τῇ
3262 653 3436 722 ἀνατολῇ
3464 669 3542 719 φαν

656 751 992 817 corruptione
1040 749 1093 801 in
1138 749 1438 802 libertatem
1489 747 1671 816 gloriae
1717 747 1944 801 ﬁliorum
1992 749 2083 802 Dei
2107 749 2174 811 ⁸⁸,

2012 749 2083 802 )ei
2107 749 2174 811 ⁸⁸,
2275 751 2476 821 ἀστέρα
2503 748 3002 819 δεδημιουργῆσθαι,
3037 749 3136 817 ἦτοι
3165 747 3305 814 ὅμοιον
3327 743 3426 794 ὄντα
3447 743 3531 802 τοῖς

654 839 807 892 etiam
837 836 1047 900 addent,
1080 851 1181 890 non
1220 838 1266 890 si
1312 838 1584 902 liberatur,
1621 839 1731 906 jam
1763 839 1922 892 etiam
1964 839 2173 906 partici-

2033 839 2178 892 rtici-
2276 843 2394 902 ποῖς
2421 839 2652 908 ἄστροις,
2685 838 2717 907 ἢ
2745 839 2881 906 τάχα
2905 837 2994 888 καὶ
3024 836 3267 906 κρείττονα,
3296 833 3368 886 ἅτε
3389 830 3461 883 τοῦ
3485 830 3544 882 πά

652 944 766 998 pem
801 943 918 982 esse
952 929 1177 982 ﬁliorum
1219 928 1310 982 Dei
1341 928 1541 996 gloriae.
1586 927 1697 982 Non
1740 929 1972 983 silebunt
2000 937 2171 981 autem

2026 937 2174 981 autem
2271 929 2608 998 διαφέροντος
2637 928 2916 996 γενόμενον
2940 929 3154 996 σημεῖον.
3169 925 3254 976 Καὶ
3270 924 3308 974 εί
3325 921 3380 973 τὰ
3399 921 3545 989 καυχὴτ

649 1017 806 1071 etiam
855 1016 968 1081 isti,
998 1017 1408 1085 primogenitum
1442 1016 1617 1070 omnis
1662 1025 1948 1079 creaturae,
1991 1031 2088 1084 pro
2114 1029 2168 1070 eo

2029 1031 2088 1069 ro
2114 1029 2178 1070 eo
2271 1019 2376 1070 τῶν
2405 1019 2569 1086 ἁγίων
2592 1018 2736 1070 ἐστὶν
2764 1019 2821 1069 ὲν
2847 1017 3097 1086 θλίψεσιν,
3121 1014 3324 1073 εἰδότων,
3349 1011 3420 1063 ὅτι
3444 1012 3475 1078 ἡ
3500 1015 3545 1063 θλ

650 1105 852 1160 honore
877 1121 981 1174 quo
1007 1106 1271 1158 hominem
1301 1115 1494 1174 praeter
1528 1114 1715 1159 caetera
1741 1105 2169 1173 prosequebatur,

2025 1114 2173 1168 vatur,
2271 1107 2579 1174 ὑπομονὴν
2615 1103 3030 1172 κατεργάζεται,
3056 1106 3092 1171 ἡ
3125 1103 3180 1155 δὲ
3199 1099 3417 1168 ὑπομονὴ
3439 1099 3544 1151 δοκι

648 1196 914 1250 hominem
945 1195 1169 1256 factum,
1197 1209 1298 1248 non
1323 1195 1515 1248 animal
1542 1194 1750 1263 aliquod
1773 1194 2006 1248 caeleste.
2037 1193 2167 1258 Quin

2037 1193 2174 1258 Quin
2271 1194 2310 1259 ἡ
2341 1191 2407 1244 δὲ
2429 1192 2637 1260 δοκιμὴ
2663 1191 2893 1254 ἐλπίδα,
2918 1192 2954 1257 ἠ
2980 1190 3046 1242 δὲ
3079 1189 3216 1252 ἐλπὶς
3254 1189 3311 1240 οὑ
3343 1201 3545 1252 καταισχ

647 1288 808 1340 etiam
858 1300 1045 1339 rursus
1092 1286 1290 1339 addunt
1325 1285 1624 1338 ministram
1655 1295 1709 1339 et
1759 1299 1966 1339 servam
1993 1283 2166 1351 cogni-

2019 1283 2176 1351 ιοςζηί-
2270 1281 2390 1335 οὔτε
2417 1282 2705 1352 ὑπομονὴν,
2733 1281 2850 1334 οὔτε
2885 1281 3118 1350 δοκιμὴν,
3145 1278 3242 1330 οὔτε
3260 1277 3415 1329 ἐλπίδα
3449 1276 3538 1341 ἓξει

649 1377 809 1430 tionis
836 1374 959 1430 Jesu
987 1375 1213 1436 stellam,
1245 1389 1363 1442 qua:
1403 1375 1454 1427 in
1483 1374 1686 1429 oriente
1717 1375 1978 1443 apparuit.
2018 1388 2168 1428 crea-

2026 1388 2173 1428 crea-
2268 1375 2589 1444 τεθλιμμένη
2621 1375 2792 1434 κτίσις
2821 1372 2916 1441 τήν
2946 1372 3082 1440 ἴσην,
3109 1369 3216 1421 ἀλλὰ
3245 1367 3428 1436 ἑτέραν·
3461 1367 3545 1418 Ἐςι

647 1475 754 1519 tam
786 1465 947 1518 fuisse
977 1465 1055 1519 vel
1086 1465 1310 1518 similem
1361 1465 1578 1532 reliquis
1622 1466 1802 1528 astris,
1837 1465 1918 1517 vel
1945 1463 2166 1518 fortasse

2016 1472 2174 1517 rtasse
2263 1466 2601 1534 ματαιότητι
2627 1465 2663 1531 ἡ
2706 1463 2899 1526 κτίσις
2932 1459 3169 1527 ὑπετάγη
3201 1459 3293 1525 οὐχ
3329 1456 3535 1517 ἑκοῦσα,

644 1557 805 1608 etiam
835 1555 1258 1623 praestantiorem
1286 1594 1301 1617 ,
1350 1557 1544 1624 quippe
1593 1570 1712 1623 quae
1749 1554 1986 1610 omnium
2036 1567 2163 1622 prae-

2036 1567 2173 1622 prae-
2267 1554 2363 1608 διὰ
2389 1555 2492 1605 τὸν
2518 1551 2888 1613 ὑποτάξαντα
2927 1551 3016 1602 ἐπ’
3053 1546 3237 1601 ἐλπίδι.
3273 1546 3321 1596 '0
3342 1545 3389 1596 δὲ
3421 1545 3484 1614 μὴ
3511 1561 3545 1595 Tt

644 1645 1025 1699 stantissimum
1062 1646 1381 1712 designaret.
1419 1645 1566 1712 Quod
1598 1645 1643 1697 si
1681 1643 2025 1712 gloriationes
2051 1658 2163 1698 san-

2051 1658 2173 1698 san-
2271 1643 2336 1696 τὰ
2368 1641 2661 1712 τηλικαῦτα
2686 1641 2760 1709 τῷ
2794 1637 3057 1708 ἀνθρώπῳ
3087 1634 3498 1706 κατακεχαρίσθαι,
3537 1637 3545 1686 ί

644 1742 846 1786 ctorum
871 1739 994 1782 sunt
1022 1731 1073 1782 in
1103 1729 1498 1796 alllic'tionibus,
1528 1731 1615 1800 qui
1638 1731 1808 1783 sciunt
1847 1732 2163 1800 afﬂictionem

2026 1746 2169 1784 onem
2265 1732 2516 1802 χωρήσας
2537 1730 2613 1799 τῷ
2642 1730 2897 1798 θελήματι
2918 1728 3049 1798 (Η),
3082 1729 3217 1797 φήσει
3241 1729 3296 1794 τῇ
3327 1725 3545 1795 ματαιότη

644 1835 828 1886 parere
854 1821 1175 1888 patientiam,
1198 1821 1497 1888 patientiam
1517 1836 1633 1874 vero
1654 1820 2027 1887 probationem,
2049 1836 2163 1887 pro-

2026 1867 2027 1872 η
2049 1836 2170 1887 pro-
2202 1827 2241 1880 Β
2267 1820 2437 1873 κτίσιν
2467 1819 2900 1888 ὑποτασσομένην
2923 1816 3173 1870 θλίϐεσθαι
3191 1815 3361 1885 μᾶλλον
3378 1814 3545 1876 στενὰς

644 1909 893 1962 bationem
921 1925 1038 1962 vero
1069 1925 1228 1975 spent,
1261 1926 1398 1977 spem
1425 1924 1592 1962 autem
1625 1926 1726 1963 non
1745 1910 2054 1976 confundere
2077 1909 2123 1940 ⁶⁰
2146 1925 2162 1975 ;

2029 1925 2054 1962 ο
2077 1909 2123 1940 ⁶⁰
2146 1925 2162 1975 ;
2264 1911 2296 1980 ἢ
2325 1912 2371 1962 oi
2397 1910 2544 1970 ὄντες
2562 1911 2617 1962 ὲν
2635 1909 2710 1978 τῷ
2733 1911 2914 1977 σκήνει
2941 1905 3271 1968 στενάζουσιν,
3299 1905 3382 1958 ἆτε
3400 1907 3482 1957 καὶ
3499 1904 3545 1956 π]

645 2011 816 2065 neque
842 1999 1177 2066 patientiam,
1209 2013 1381 2066 neque
1423 1998 1786 2067 probationem
1813 1999 2030 2053 habebit
2064 2015 2164 2053 non

2025 2014 2030 2050 ι
2064 2015 2165 2053 non
2261 2000 2382 2052 ὅσον
2405 1999 2588 2069 χρόνον
2616 1998 2706 2049 καὶ
2734 1995 3141 2050 πολλαπλασίονα
3165 1994 3245 2046 τοῦ
3269 1993 3542 2064 ἀνθρωπίνο

643 2086 834 2140 alllicta
866 2098 1110 2142 creatura
1142 2087 1547 2156 :equalem,lsed
1587 2090 1884 2153 diversam,
1924 2090 2162 2157 quoniam

2030 2090 2167 2142 niam
2260 2106 2349 2151 νος
2398 2091 2462 2158 τῇ
2526 2087 2833 2157 ματαιότητι
2879 2084 3231 2142 δουλείωυσαν.
3292 2087 3381 2140 Διὰ
3421 2086 3469 2138 τί
3505 2103 3545 2153 γε

639 2176 855 2227 vanitati
883 2186 1118 2227 creatura
1147 2175 1374 2241 subjecta
1405 2185 1477 2227 est
1504 2191 1606 2227 non
1635 2174 1825 2238 volens,
1859 2175 1947 2227 sed
1964 2183 2158 2240 propter

2026 2183 2167 2236 apter
2261 2175 2455 2228 ἑκοῦσα
2485 2175 2635 2228 τοῦτο
2666 2178 2823 2237 ποιεῖ,
2851 2175 2883 2244 ἢ
2912 2175 2991 2226 ὅτι
3025 2173 3160 2243 παρά
3185 2173 3327 2241 φύσιν
3358 2175 3492 2226 ἐστὶν
3519 2192 3545 2226 α

637 2278 752 2315 eum
777 2265 865 2330 qui
883 2264 1098 2332 subjecit
1140 2264 1286 2316 illam
1317 2265 1409 2316 sub
1444 2280 1530 2331 spe
1551 2266 1616 2316 “.
1642 2264 1904 2318 Ceterum
1939 2264 2027 2332 qui
2057 2279 2156 2316 non

2026 2311 2027 2314 η
2057 2279 2161 2316 non
2263 2268 2572 2337 ματαιότητι
2600 2264 2972 2333 ὑποτετάχθαι,
3018 2266 3106 2316 καὶ
3146 2263 3212 2334 μὴ
3237 2263 3326 2334 τὴν
3359 2281 3545 2335 προηγο

639 2353 691 2406 ἰη
721 2354 951 2406 animum
980 2353 1182 2406 inducit
1201 2368 1354 2406 suum
1391 2353 1510 2406 talia
1546 2354 1746 2407 homini
1772 2353 2030 2406 beneﬁcia
2056 2353 2158 2406 col-

2017 2353 2165 2406 tcol-
2259 2359 2399 2428 ἔχειν
2439 2359 2538 2428 τῆς
2575 2358 2714 2426 ζωῆς
2758 2356 3110 2416 κατάστασιν;
3150 2355 3212 2424 ἢν
3245 2355 3536 2425 ἀπολήψεται

639 2441 744 2494 lata
774 2442 953 2504 fuisse,
979 2443 1082 2496 alio
1100 2443 1370 2496 voluntate
1404 2443 1649 2505 tendens,
1689 2443 1830 2495 dicet
1859 2451 2158 2496 creaturam

2026 2457 2161 2495 Iram
2259 2449 2550 2519 Θερουμένη
2579 2450 2634 2500 ὲν
2661 2449 2724 2516 τῇ
2754 2445 2844 2498 τοῦ
2871 2448 3070 2514 κόσμου
3101 2445 3280 2514 φθορᾷ,
3310 2445 3401 2497 καὶ
3420 2445 3509 2514 τῆς
3537 2461 3545 2476 ·

639 2546 758 2599 qua:
778 2533 997 2586 vanitati
1020 2536 1295 2601 suspirans
1324 2535 1581 2602 subjacet,
1614 2533 1772 2602 allligi
1803 2536 1968 2601 magis
2003 2548 2158 2600 quam

2006 2548 2160 2600 quam
2261 2541 2440 2610 μάτων
2477 2537 2822 2607 ματαιότητος
2854 2534 3202 2603 ἀπολυομένη.
3247 2535 3379 2586 Ἀλλ’
3409 2536 3525 2587 ἐπεὶ

637 2622 735 2677 hos
761 2623 849 2690 qui
877 2623 1148 2691 suspirant
1178 2625 1230 2676 in
1260 2625 1357 2678 hoc
1393 2624 1738 2677 tabernaculo
1770 2641 1784 2676 :
1826 2624 2020 2691 quippe
2043 2639 2156 2691 qua:

2043 2639 2163 2691 qua:
2258 2630 2350 2682 καὶ
2390 2629 2449 2679 οὐ
2495 2627 2632 2680 κατά
2681 2625 2742 2677 τὸ
2794 2625 3136 2696 προκείμενον
3186 2625 3466 2696 πρόϐλημα
3520 2626 3545 2678 δ

640 2721 872 2778 tempore
910 2712 1317 2779 quamplurimo,
1361 2713 1522 2780 idque
1544 2728 1664 2766 cum
1699 2712 2159 2780 multiplicatione,

2026 2713 2159 2777 ione,
2258 2718 2548 2789 εἰρηκέναι,
2593 2713 3051 2782 ὲπανελευσόμεθα
3085 2715 3173 2765 ἐπὶ
3217 2715 3277 2767 τὸ
3324 2715 3382 2779 ἐξ
3424 2717 3545 2785 ἀρχῖ

636 2800 838 2852 serviat
891 2799 1108 2853 humani
1159 2801 1470 2854 certaminis
1513 2801 1754 2853 vanitati.
1801 2800 1976 2866 Quare
2017 2800 2155 2853 enim

2026 2800 2158 2853 Βηίῐη
2260 2810 2640 2879 μιμνήσκοντες
2674 2806 2758 2859 διὰ
2790 2805 2842 2856 τί
2875 2804 2986 2872 φῶς
3016 2805 3105 2856 τοῦ
3138 2806 3339 2875 κόσμου
3366 2809 3394 2858 ὁ
3419 2806 3545 2858 Σωτέ

635 2888 822 2943 nolens
849 2891 946 2944 hoc
980 2891 1123 2954 facit,
1157 2891 1258 2943 nisi
1289 2891 1427 2957 quod
1458 2889 1677 2943 vanitati
1709 2889 1998 2956 subjectam
2043 2902 2154 2942 esse

2043 2902 2160 2942 esse
2255 2913 2360 2960 ται,
2411 2897 2502 2948 καὶ
2546 2894 2658 2962 φῶς
2704 2892 2965 2961 ἀληθινὸν,
3015 2893 3106 2944 καὶ
3155 2891 3270 2960 φῶς
3317 2892 3426 2945 τῶν
3473 2895 3545 2946 ἀνί

636 2988 692 3031 et
731 2994 834 3032 non
887 2979 1086 3032 habere
1117 2980 1439 3048 praecipuum
1487 2981 1605 3033 vitae
1649 2987 1842 3032 statum
1878 2979 1946 3032 sit
1977 2986 2155 3031 contra

2020 2986 2157 3031 )Itll'a
2268 2982 2592 3044 Ἀποδέδοται
2624 2981 2720 3049 μὲν
2748 2980 2872 3048 γὰρ,
2911 2980 2991 3030 ὅτι
3022 2979 3108 3030 διὰ
3135 2980 3196 3030 τὸ
3225 2981 3340 3048 φῶς
3373 2981 3467 3033 τοῦ
3508 2999 3539 3033 κ

631 3067 748 3135 ejus
774 3068 1058 3120 naturam?
1081 3083 1238 3136 quem
1261 3069 1476 3135 quidem
1507 3077 1722 3134 statum,
1744 3067 1868 3136 quia
1903 3069 1954 3120 in
1978 3069 2150 3121 mundi

2025 3069 2154 3121 undi
2255 3071 2500 3141 αἰσθητὸν
2543 3070 2749 3136 λέγεται
2781 3069 2891 3136 φῶς
2922 3067 3188 3136 ἀληθινὸν,
3221 3070 3315 3121 καὶ
3349 3072 3432 3124 ὅτι
3463 3074 3544 3141 ﬁt:

634 3157 848 3209 interitu
879 3165 932 3210 et
962 3157 1012 3209 in
1039 3157 1258 3210 interitu
1290 3157 1538 3210 vanitatis
1564 3171 1845 3224 corporum
1892 3155 2153 3210 liberatur

2026 3166 2156 3208 'alur
2182 3146 2224 3204 C
2255 3164 2365 3213 ἐστι
2395 3161 2454 3212 τὸ
2490 3159 2602 3227 φῶς
2631 3158 2721 3210 τοῦ
2755 3157 2952 3226 κόσμου
2984 3156 3061 3226 τῷ
3095 3160 3233 3224 φωτὶ
3260 3160 3373 3212 τῶν
3411 3161 3545 3231 ἀνθρ

631 3253 686 3296 οι
731 3244 987 3309 solvitur,
1033 3253 1306 3312 receptura
1343 3253 1443 3298 est.
1470 3244 1665 3300 Verum
1687 3243 1958 3296 enimvero
2015 3257 2150 3310 quo-

2023 3257 2151 3310 quo-
2253 3248 2554 3316 ἐπιδέχεται
2593 3246 2829 3308 ἐξέτασιν
2870 3246 2943 3307 ὡς
2986 3246 3199 3298 ταυτόν.
3243 3247 3542 3317 Ἀναγκαίο

630 3333 770 3384 niam
803 3332 952 3398 plura
982 3346 1139 3399 quam
1169 3345 1287 3400 quae
1314 3331 1634 3385 conveniant
1659 3331 1942 3398 proposita:
1971 3332 2149 3400 dispu-

2029 3348 2152 3400 spu-
2251 3339 2374 3398 τοὺς
2405 3336 2560 3405 μηδὲν
2591 3335 2926 3403 ἐξειληφότας
2953 3335 3015 3387 ἐκ
3057 3334 3152 3386 τοῦ
3193 3337 3371 3405 Λόγον
3413 3337 3545 3393 εἶναι

632 3421 816 3474 tationi
831 3421 1071 3474 videmur
1094 3420 1429 3482 disseruisse,
1446 3420 1724 3472 redeamus
1759 3420 1898 3472 unde
1913 3420 2149 3488 digressa

1986 3433 2149 3488 gressa
2250 3425 2390 3493 τῆρα
2437 3424 2602 3475 ταῦτα
2651 3423 2971 3492 ήρεύνηται,
3025 3424 3110 3475 ἵνα
3171 3426 3505 3497 πειθώμεθα

631 3520 748 3564 erat
775 3509 967 3572 oratio,
1013 3509 1268 3563 memoria
1310 3515 1608 3575 repetentes
1632 3523 1735 3575 qua
1760 3508 1825 3561 de
1853 3523 2009 3562 causa
2037 3519 2145 3562 tum

2037 3519 2145 3562 tum
2251 3513 2618 3584 ἀποκλήρωσιν
2666 3512 2907 3565 ἵστασθαι
2954 3513 3048 3581 μὲν
3083 3514 3180 3565 ἐπὶ
3231 3517 3336 3584 τῆς
3371 3520 3545 3586 Λόγοι

629 3601 721 3654 lux
757 3601 956 3663 mundi,
1010 3609 1116 3652 tum
1151 3599 1239 3652 lux
1273 3613 1416 3664 vera,
1445 3608 1552 3652 tum
1582 3599 1810 3667 denique
1852 3599 1942 3651 lux
1974 3599 2146 3652 homi-

1996 3599 2146 3652 tomi-
2251 3603 2342 3655 καὶ
2371 3605 2631 3672 προσήκοι
2666 3603 2742 3672 τῷ
2769 3604 2934 3673 χωρὶς
2971 3603 3078 3673 (12)
3138 3605 3515 3676 μεταλήψεως

629 3705 757 3742 num
789 3689 1046 3742 Servatur
1094 3688 1322 3741 dicatur.
1379 3686 1712 3755 Explicatum
1740 3695 1821 3741 est
1859 3701 1986 3754 ergo
2026 3701 2145 3739 eum

2026 3701 2145 3739 eum
2252 3693 2415 3762 μένης
2446 3692 2958 3762 μεταλαμϐάνεσθαι,
2987 3695 3214 3760 ἀνάγειν
3260 3696 3321 3746 δὲ
3370 3698 3478 3748 καὶ
3514 3700 3545 3748 ἀ

626 3778 795 3832 lucem
833 3792 1012 3831 veram
1036 3776 1287 3845 appellari
1319 3815 1334 3842 ,
1377 3787 1590 3844 propter
1615 3777 1784 3830 lucem
1815 3776 1999 3829 mundi
2028 3790 2145 3829 sen-

2028 3790 2146 3829 seno
2247 3780 2363 3850 τὴν,
2406 3779 2529 3847 φῶς
2557 3781 2659 3834 τοῦ
2707 3782 2954 3848 κόσμου,
2997 3781 3205 3849 φωνὴν,
3244 3783 3347 3833 καὶ
3392 3784 3472 3835 τὰ
3521 3784 3541 3834 λ

623 3869 857 3933 sibilem;
893 3868 971 3921 vel
1001 3870 1142 3936 quod
1173 3868 1310 3922 idem
1354 3869 1426 3921 sit
1459 3881 1578 3922 esse
1615 3868 1786 3920 lucem
1828 3866 2037 3932 mundi,
2093 3872 2142 3919 et

1386 3869 1426 3920 it
1459 3881 1578 3922 esse
1615 3868 1786 3920 lucem
1828 3866 2037 3932 mundi,
2093 3872 2147 3919 et
2249 3866 2453 3919 πολλῶν
2479 3867 2514 3920 ἃ
2546 3867 2903 3938 παρεθέμεθα.

622 3959 794 4014 lucem
847 3959 1144 4026 hominum,
1203 3959 1286 4014 vel
1327 3960 1378 4012 in
1431 3959 1844 4028 disputationem
1883 3959 2058 4020 cadat,
2103 3957 2175 4010 sit
2210 3971 2376 4012 necne
2409 3958 2569 4011 idem.
2623 3959 2749 4024 Qua:
2779 3958 3080 4013 necessario
3110 3959 3282 4014 nobis
3318 3961 3542 4017 investi

620 4059 836 4119 propter
877 4064 968 4104 eos
999 4051 1087 4118 qui
1120 4051 1251 4103 nihil
1303 4051 1650 4104 commentati
1688 4031 1833 4113 sunt,
1891 4065 2054 4117 quare
2107 4049 2354 4103 Servatur
2395 4050 2660 4106 diceretur
2689 4052 2916 4106 Verbum
2966 4067 2981 4104 :
3041 4065 3156 4118 quo
3201 4068 3546 4122 persuasun

620 4157 737 4196 mus
767 4157 866 4196 nos
891 4157 992 4194 non
1044 4156 1109 4194 ex
1159 4142 1507 4209 praalinitione
1547 4151 1690 4194 stare
1719 4141 1915 4193 debere
1967 4141 2017 4192 in
2063 4139 2223 4193 solius
2255 4140 2502 4194 vocabuli
2553 4141 2728 4210 hujus,
2769 4139 3011 4207 Verbum,
3051 4141 3170 4210 3o
3231 4143 3546 4216 intelliget

621 4232 794 4284 minus
843 4232 913 4285 sit
949 4233 1142 4284 decens
1196 4241 1254 4283 ut
1303 4233 1399 4284 hoc
1428 4231 1736 4284 vocabulum
1793 4245 1886 4299 per
1933 4229 2330 4282 translationem
2373 4245 2477 4282 non
2513 4239 2840 4296 exponatur,
2873 4243 2992 4282 cum
3047 4231 3381 4298 anagogice
3430 4247 3541 4301 atq

622 4319 730 4372 rice
761 4333 1086 4386 exponamus
1127 4321 1253 4375 illud
1298 4316 1471 4373 lumen
1503 4321 1713 4384 mundi,
1759 4330 1917 4388 atque
1954 4319 2116 4372 multa
2143 4319 2244 4371 alia
2272 4333 2387 4386 qua:
2415 4321 2466 4372 iu
2499 4323 2722 4374 medium
2752 4320 3083 4388 protulimus.

687 4412 776 4467 25.
811 4412 880 4466 Ut
913 4421 1088 4467 autem
1119 4428 1182 4466 eo
1215 4413 1356 4483 quod
1402 4414 1654 4467 illuun’uct
1686 4413 2016 4480 illustretque
2046 4413 2139 4464 ho-
2172 4420 2206 4473 1]

2046 4413 2139 4464 Ιιο-
2172 4420 2214 4473 1)
2307 4412 2396 4465 25.
2433 4413 2637 4482 ’Ὠσπερ
2659 4413 2714 4464 δὲ
2741 4411 2886 4482 παρά
2913 4411 2974 4464 τὸ
3003 4409 3290 4480 φωτίζειν
3328 4417 3446 4468 καὶ
3485 4436 3545 4470 xc

621 4501 821 4553 minum
845 4511 1072 4567 mentes,
1097 4503 1180 4556 vel
1200 4502 1496 4571 generatim
1527 4504 1761 4557 omnium
1785 4503 1874 4571 qui
1920 4501 2138 4554 rationis

2026 4501 2138 4554 ouis
2234 4501 2302 4554 τὰ
2341 4503 2637 4571 ήγεμονικὰ
2683 4502 2790 4554 τῶν
2836 4501 3178 4572 ἀνθρώπων,
3238 4504 3280 4572 ἦ
3339 4506 3545 4573 ἅπαξ(

617 4599 739 4643 sunt
763 4605 1009 4660 capaces,
1033 4592 1121 4646 lux
1155 4603 1238 4647 est
1264 4594 1556 4656 hominum,
1586 4602 1640 4645 et
1679 4592 1767 4644 lux
1795 4607 1937 4656 vera,
1968 4600 2021 4642 et
2049 4590 2136 4642 lux

2049 4590 2136 4642 lux
2233 4590 2480 4656 λογικῶν,
2521 4591 2634 4658 φῶς
2673 4593 2815 4643 ἐστιν
2857 4591 3192 4660 ἀνθρώπων,
3251 4593 3373 4644 καὶ
3426 4597 3545 4662 φῶ

617 4680 796 4733 mundi
822 4697 836 4733 :
867 4681 946 4734 sic
977 4695 1042 4735 eo
1067 4683 1204 4750 quod
1235 4691 1424 4736 auctor
1455 4683 1525 4736 sit
1563 4681 1738 4734 omnis
1788 4680 2135 4734 mortalitatis

2026 4680 2135 4732 ratis
2230 4680 2322 4732 καὶ
2352 4679 2464 4746 φῶς
2494 4680 2584 4732 τοῦ
2612 4681 2842 4750 κόσμου’
2871 4680 3038 4742 οὕτως
3057 4682 3130 4732 ὲκ
3171 4681 3293 4734 τοῦ
3332 4684 3447 4737 διὰ
3500 4704 3545 4737 τ‹

614 4768 940 4837 deponendze
966 4769 1417 4839 ingenerandique
1456 4783 1570 4822 eam
1599 4783 1759 4836 quam
1792 4767 2008 4834 proprie
2039 4780 2133 4819 vo—

2039 4780 2133 4819 vo—
2231 4765 2351 4818 σθαι
2381 4767 2478 4835 τὴν
2510 4766 2761 4818 ἀπόθεσιν
2790 4765 2965 4835 πάσης
2992 4765 3408 4834 νεκρότητος,
3445 4771 3545 4822 καὶ

613 4872 801 4913 camus
828 4859 1012 4922 vitam,
1038 4860 1436 4928 resurgentibus
1461 4871 1526 4911 ex
1559 4857 1782 4909 mortuis
1807 4855 1871 4908 iis
1894 4853 1982 4921 qui
2009 4868 2128 4906 eum

2026 4869 2128 4906 tum
2233 4852 2327 4922 τὴν
2358 4854 2558 4923 κυρίως
2591 4853 2926 4922 καλουμένην
2967 4851 3116 4934 ζωὴν
3167 4854 3253 4906 ὲκ
3298 4858 3545 4925 νεκρῶι

611 4948 819 5003 sincere
844 4950 1166 5017 receperint,
1193 4949 1486 5018 appellatur
1513 4945 1858 5001 resurrectio.
1904 4943 2013 4997 Hoc
2035 4958 2128 4995 au-

2035 4958 2128 4995 au-
2231 4960 2335 4995 νων
2380 4945 2486 4995 τῶν
2525 4945 2684 4996 αὑτὸν
2737 4943 2968 5012 γνησίως
3014 4945 3545 5014 κεχωρηκότων,

615 5045 715 5088 tem
741 5051 844 5090 non
877 5039 1032 5092 modo
1071 5040 1121 5092 in
1144 5038 1422 5105 praesentia
1448 5037 1498 5090 in
1532 5036 1613 5090 his
1645 5044 1898 5103 Operatur
1925 5033 2012 5098 qui
2038 5047 2128 5083 va-

2038 5047 2128 5083 va-
2231 5031 2535 5093 ἀνάστασις.
2587 5033 2752 5085 Τοῦτο
2797 5033 2851 5085 δὲ
2895 5032 2952 5082 οὐ
3005 5033 3191 5100 μόνον
3274 5037 3401 5087 ἐπὶ
3465 5054 3545 5089 το

613 5120 717 5173 lent
747 5123 921 5177 dicere
948 5143 961 5177 :
998 5125 1290 5195 Consepulti
1306 5141 1483 5179 smnus
1508 5139 1621 5176 cum
1639 5122 1842 5176 Christo
1858 5136 1946 5188 per
1961 5120 2127 5185 bapti-

2027 5120 2127 5185 pti-
2229 5119 2434 5190 ἐνεργεῖ
2482 5126 2592 5186 τοῖς
2637 5123 2945 5193 δυναμένοις
2972 5121 3172 5189 λέγειν
3201 5140 3221 5154 ο
3302 5128 3545 5178 Evr-ev

608 5224 770 5260 unum
795 5213 857 5274 ",
881 5227 1105 5281 cumque
1124 5229 1188 5268 eo
1214 5213 1369 5268 simul
1394 5213 1813 5275 resurreximus;
1840 5207 1930 5264 sed
1962 5208 2122 5260 etiam

2022 5208 2122 5258 iam
2228 5210 2453 5276 Χριστῷ
2489 5212 2583 5266 διὰ
2630 5214 2733 5268 τοῦ
2774 5213 3255 5280 βαπτίσματος,
3316 5215 3449 5266 καὶ
3503 5233 3541 5267 σ

676 5319 720 5348 ⁸⁸
751 5316 901 5372 Joan.
935 5335 1030 5380 xu,
1067 5321 1156 5373 26.
1223 5323 1268 5352 "
1294 5323 1448 5377 Rom.
1484 5338 1598 5388 vm,
1636 5323 1726 5375 2|.
1781 5321 1824 5352 ⁸ο
1859 5320 2014 5374 Rom.
2043 5332 2095 5380 ν,
2124 5317 2195 5369 ’δας

1859 5320 2014 5374 Rom.
2043 5332 2095 5380 ν,
2124 5317 2243 5370 5-5.
2319 5319 2360 5350 ⁶¹
2386 5321 2546 5379 Rom.
2577 5343 2692 5391 vm,
2722 5325 2809 5379 20.
2851 5325 2895 5355 ⁶¹
2933 5327 3098 5380 Rom.
3131 5344 3246 5395 VI,
3277 5331 3360 5388 4.

677 5436 785 5515 (Διί)
847 5440 1336 5515 Κατακεχαρίσθαι
1358 5479 1392 5515 ,_
1415 5441 1634 5494 ἄλλοσε
1692 5439 1963 5515 χωρήσας
1980 5503 2017 5515 ᾖ
2048 5433 2126 5515 τῷ

2048 5433 2126 5515 ff;
2299 5443 2408 5513 (1:2)
2438 5449 2546 5497 Και
2572 5446 2863 5515 προσήκοι
2888 5443 2966 5508 τῷ
2995 5445 3244 5515 χωρίς,
3273 5439 3428 5498 etc.
3475 5445 3539 5498 Li

608 5504 904 5583 θελήματι.
933 5505 1005 5583 lt_a
1039 5503 1346 5583 rectenhuuc
1380 5503 1742 5583 locutn__sana'_t
1768 5503 1935 5563 codex
1980 5503 2120 5556 Bod-
2226 5518 2281 5583 et
2309 5503 2627 5583 corruptus:
2649 5518 2731 5569 cui
2751 5503 2958 5579 absque
2989 5503 3250 5583 meliori
3264 5515 3409 5566 bus
3457 5531 3538 5569 cc

608 5573 848 5646 leiauus;
887 5573 1096 5646 maleiu
1133 5573 1364 5646 editione
1400 5573 1585 5646 Δ11ιιιιιὶἰ
1636 5579 1826 5646 legitur
1885 5587 2122 5639 καταχα-
2227 5573 2667 5642 θίαὶιιειιηῒυοοὶο
2692 5583 2825 5640 velle
2860 5573 3269 5635 teuncrarium
3307 5592 3459 5639 est.

609 5639 871 5709 ρίσθαι....
893 5642 1140 5710 χωρήσας
1161 5639 1236 5708 τῷ
1263 5641 1614 5711 προσλήματι,
