3848 6220
298 275 360 329 73
1364 268 1709 325 COMMENT.
1747 267 1811 321 IN

1959 266 2035 321 tN.
2072 262 2308 322 TOMUS
2337 265 2376 319 Ι.
3408 275 3473 333 τι

294 388 445 458 αὐτῷ·
471 383 597 438 ἀλλὰ
627 381 810 454 πολλῷ
844 386 1055 455 μᾶλλον
1078 389 1162 440 ὅτε
1192 387 1371 454 ἄκρως
1401 387 1576 439 πᾶσάν
1603 403 1686 447 τις
1707 386 1841 437 ἀπο-

1959 386 2107 439 nulto
2142 382 2316 451 magis
2352 397 2470 437 cum
2498 389 2740 451 prorsus.
2780 388 2926 443 omni
2956 390 3188 457 deposita
3223 393 3470 449 mortali-

298 476 500 545 θέμενος
531 471 858 543 νεκρότητα,
896 478 960 528 ὲν
997 479 1064 546 τῇ
1093 475 1254 528 αὐτοῦ
1289 475 1381 527 τοῦ
1415 474 1542 528 Υἱοῦ
1572 474 1840 543 καινότητι

303 561 431 630 ζωῆς
460 563 765 629 περιπατεῖ⁸
803 562 932 628 Τὴν
965 565 1253 630 νέκρωσιν
1284 561 1388 617 τοῦ
1447 562 1740 628 Ἰησοῦνέν
1764 562 1843 627 τῷ

302 652 505 719 σώματι
529 649 786 703 πάντοτε
811 652 1054 706 ἐνταῦθα
1081 651 1481 719 περιφέρομεν,
1508 652 1596 704 ὅτε
1644 651 1844 718 ἀξιολό-

305 756 405 807 γως
439 739 788 811 ὠφελήμεθα,
826 743 932 795 ἵνα
976 745 1014 810 ’ἡ
1062 741 1170 809 ζωὴ
1219 741 1324 794 τοῦ
1371 739 1560 807 Ἰησοῦ
1607 740 1677 793 ἐν
1723 741 1843 804 τοῖς

303 829 562 897 σώμασιν
592 829 763 897 ἡμῶν·
791 828 1124 898 φανερωθῇ.

368 916 453 970 26.
496 916 657 969 Ἀλλά
683 919 781 971 καὶ
822 920 857 986 ἡ
904 920 963 971 ὲν
1005 919 1166 988 σοφίᾳ
1194 917 1406 989 πορεία,
1439 916 1531 969 καὶ
1573 915 1842 985 πρακτικὴ

304 1003 402 1057 τῶν
444 1003 765 1075 σωζομένων
802 1008 860 1058 tv
913 1006 1062 1075 αὐτῷ
1103 1007 1353 1075 γινομένη
1402 1005 1538 1057 κατὰ
1580 1004 1675 1066 τὰς
1719 1003 1845 1072 περὶ

304 1093 549 1164 ἀληθείας
592 1097 651 1147 tv
701 1096 846 1165 λόγῳ
877 1095 1006 1165 θείῳ
1048 1095 1327 1158 διεξόδους,
1359 1094 1453 1148 καὶ
1486 1092 1706 1163 πράξεις
1746 1092 1844 1153 τὰς

304 1184 438 1236 κατὰ
472 1184 568 1253 τὴν
604 1184 781 1254 άληθῆ
808 1182 1167 1254 δικαιοσύνην,
1201 1174 1522 1251 παρίστησιν
1554 1183 1680 1250 ἡμῖν
1710 1181 1845 1233 νοεῖν

305 1270 415 1333 πῶς
446 1271 607 1333 αὐτός
636 1274 783 1324 ἐστιν
813 1274 847 1341 ή
870 1272 1006 1334 ὁδὸς,
1036 1271 1117 1339 ἐφ’
1148 1272 1213 1341 ἢν
1236 1271 1349 1323 ὁδὸν
1373 1269 1520 1323 οὐδὲν
1546 1266 1717 1339 αίρειν
1738 1268 1844 1337 (15)

300 1360 395 1422 δεῖ,
433 1359 559 1412 οὔτε
574 1362 780 1431 πήραν,
794 1360 916 1412 οὔτε
938 1361 1167 1430 ἱμάτιον,
1182 1360 1293 1412 ἀλλ’
1311 1359 1428 1411 οὐδὲ
1452 1358 1641 1428 ῥάϐδον
1662 1358 1846 1435 ἔχοντα

298 1446 501 1498 ὁδεύειν
529 1447 658 1517 χρὴ,
687 1447 809 1499 οὐδὲ
841 1447 1153 1516 ὑποδήματα
1182 1445 1520 1498 ὑποδεδέσθαι
1553 1445 1689 1498 κατὰ
1724 1447 1847 1506 τοὺς

302 1534 486 1597 πόδας.
514 1536 809 1605 Αὐτάρκης
844 1537 952 1605 γάρ
981 1537 1093 1587 ἐστι
1111 1535 1216 1603 (14)
1252 1535 1450 1596 παντὸς
1480 1534 1686 1602 ὲφοδίου
1710 1534 1845 1603 αὐτὴ

300 1626 333 1693 η
361 1625 502 1688 ὁδὸς,
534 1626 631 1676 καὶ
669 1624 918 1694 ἀνενδεὴς
946 1623 1196 1692 τυγχάνει
1227 1624 1334 1686 πᾶς
1362 1626 1391 1675 ὁ
1413 1622 1613 1693 ταύτης
1636 1622 1849 1675 ἐπιϐαί-

298 1728 418 1773 νων,
456 1712 872 1781 κεκοσμημέθος
898 1710 1147 1780 ὲνδύματι
1176 1703 1221 1778 ᾧ
1251 1710 1449 1780 πρέπει
1484 1710 1847 1780 κεκοσμῆσθαι

296 1802 384 1855 τὸν
411 1803 508 1854 ἐπὶ
543 1801 644 1871 τὴν
687 1801 878 1870 κλῆσιν
923 1800 1013 1853 τοῦ
1055 1801 1232 1870 γάμου
1271 1801 1516 1866 ἀπιόντα,
1553 1802 1758 1863 οὐδενός
1787 1818 1846 1854 τε

298 1890 529 1961 χαλεποῦ
549 1891 853 1960 δυναμένου
881 1891 1181 1959 ἀπαντῆσαι
1207 1890 1347 1943 κατὰ
1372 1890 1568 1959 ταύτην
1592 1888 1688 1960 τὴν
1712 1890 1845 1944 ὁδόν.

307 1982 612 2050 Ἀμήχανον
633 1979 743 2052 γὰρ
767 1980 918 2042 ὁδοὺς
937 1980 1109 2048 ὄφεως
1132 1980 1225 2031 ἐπὶ
1260 1979 1459 2049 πέτρας
1489 1980 1683 2050 εὑρεῖν.
1710 1978 1846 2032 κατὰ

296 2066 381 2118 τὸν
436 2067 796 2136 Σολομῶντα,
849 2066 991 2136 φημὶ
1039 2065 1082 2116 δ’
1132 2064 1262 2133 ἐγὼ,
1320 2068 1401 2119 ὅτι
1452 2065 1543 2118 καὶ
1571 2060 1631 2120 οὗ
1653 2066 1846 2135 δήποτε

296 2155 505 2227 θηρίου·
536 2156 619 2209 διὸ
652 2155 776 2210 οὐδὲ
799 2155 955 2225 χρεία
984 2154 1177 2225 ῥάϐδου
1210 2156 1268 2207 tv
1297 2154 1420 2224 ὁδῷ,
1452 2155 1567 2208 οὐδὲ
1602 2154 1719 2224 ἴχνη
1744 2155 1847 2207 τῶν

299 2244 556 2298 ἐναντίων
599 2245 823 2316 ἐχούσῃ,
875 2246 970 2297 καὶ
1006 2245 1334 2314 άνεπιδέκτῳ
1378 2244 1465 2297 διὰ
1504 2246 1565 2296 τὸ
1611 2245 1847 2315 στερρὸν,

297 2333 479 2403 διόπερ
511 2335 606 2387 καὶ
633 2335 810 2405 πέτρα
832 2335 1067 2402 λέγεται,
1092 2335 1197 2388 τῶν
1224 2334 1476 2404 χειρόνων
1496 2334 1844 2405 τυγχανούσῃ.

366 2600 453 2653 27.
498 2599 753 2670 ’Δλήθεια
793 2599 850 2652 δὲ
891 2602 920 2652 ό
964 2600 1267 2670 Μονογενής
1308 2603 1420 2653 ἐστι
1468 2600 1638 2653 πάντα
1684 2601 1849 2669 ἐμπε-

303 2690 591 2761 ριειληφὼς
623 2690 715 2743 τὸν
754 2692 881 2760 περὶ
913 2690 1018 2743 τῶν
1048 2690 1182 2744 ὅλων
1213 2692 1348 2746 κατὰ
1388 2690 1449 2742 τὺ
1483 2690 1727 2760 βούλημα
1756 2689 1847 2742 τοῦ

299 2780 509 2851 Πατρὸς
542 2779 682 2849 μετὰ
729 2781 910 2850 πάσης
937 2780 1260 2850 τρανότητος
1287 2780 1460 2847 λόγον,
1508 2780 1599 2833 καὶ
1640 2780 1847 2848 ἑκάστῳ

301 2868 436 2922 κατὰ
478 2867 579 2938 τὴν
627 2867 789 2932 ἀξίαν
829 2867 990 2921 αὐτοῦ
1023 2864 1056 2942 ᾖ
1098 2869 1321 2939 ἀλήθειά
1360 2871 1473 2921 ἐστι
1522 2867 1843 2937 μεταδιδούς.

317 2956 439 3011 ἐὰν
460 2957 517 3009 δέ
543 2974 629 3019 τις
657 2957 795 3026 ζητῇ
825 2955 933 3026 (15)
960 2958 1008 3010 εί
1033 2958 1139 3010 πᾶν
1155 2956 1262 3027 (16)
1291 2957 1319 3008 ὅ
1351 2956 1401 3008 τί
1431 2973 1555 3008 ποτε
1581 2957 1836 3026 ἐγνωσμέ-

308 3060 393 3097 νον
419 3045 524 3097 ὕπὺ
559 3044 656 3097 τοῦ
702 3044 917 3114 Πατρδς
947 3043 1087 3096 κατά
1113 3045 1174 3096 τὸ
1199 3044 1357 3113 βάθος
1383 3044 1475 3098 τοῦ
1505 3044 1727 3098 πλούτου
1757 3047 1847 3098 καὶ

299 3133 396 3201 τῆς
443 3135 636 3201 σοφίας
680 3133 776 3186 καὶ
827 3134 926 3202 τῆς
968 3133 1219 3201 γνώσεως
1266 3134 1447 3196 αὑτοῦ,
1495 3134 1773 3198 ἐπίσταται
1821 3137 1848 3187 ὁ

301 3219 484 3290 Σωτὴρ
512 3221 696 3290 ἡμῶν,
728 3221 821 3274 καὶ
845 3222 1114 3291 φαντασίᾳ
1136 3222 1226 3275 τοῦ
1250 3219 1485 3286 δοξάζειν
1514 3221 1606 3273 τὸν
1635 3222 1848 3291 Πατέρα

298 3309 666 3378 ἀποφαίνηται
723 3326 844 3360 τινα
904 3310 1277 3379 γινωσκόμενα
1342 3311 1444 3362 ὑπὸ
1494 3311 1586 3365 τοῦ
1645 3311 1849 3381 [Ia-cpe;

297 3397 607 3462 ἀγνοεῖσθαι
656 3396 763 3449 ὑπὸ
812 3397 905 3449 τοῦ
944 3396 1097 3459 Υίοῦ,
1148 3395 1487 3468 διαρκοῦντος
1534 3396 1847 3467 ἐξισωθῆναι

298 3485 416 3543 ταῖς
462 3482 803 3552 καταλήψεσι
863 3482 958 3535 τοῦ
1013 3484 1273 3553 ἀγενήτου
1322 3483 1454 3536 Θεοῦ
1472 3499 1486 3514 ·
1539 3484 1849 3536 ἐπιστατέον

298 3571 461 3631 αὑτὸν
487 3573 551 3625 ἐκ
580 3572 678 3625 τοῦ
718 3571 975 3641 ἀλήθειαν
1018 3568 1156 3626 εἶναι
1185 3573 1275 3625 τὸν
1303 3572 1549 3642 Σωτῆρα,
1578 3572 1669 3624 καὶ
1697 3588 1853 3641 προσ-

294 3661 508 3723 ακτέον,
555 3662 660 3722 ὃτι,
714 3661 764 3711 εί
816 3659 1105 3729 ὀλόκληρός
1147 3662 1291 3713 ἐστιν
1343 3660 1644 3731 ήάλήθεια,
1703 3661 1851 3714 οὐδὲν

295 3746 490 3815 ἀληθὲς
515 3749 721 3814 άγνοεῖ,
755 3747 842 3800 ἴνα
874 3748 948 3817 μὴ
992 3746 1164 3817 σκάζῃ
1191 3748 1445 3801 λείπουσα
1467 3751 1500 3818 ἡ
1528 3749 1750 3819 ἀλήθεια
1772 3746 1850 3813 οἷς

292 3838 354 3887 οὐ
387 3836 667 3904 γινώσκει,
698 3839 822 3890 κατ’
850 3837 1112 3900 ἐκείνους,
1148 3839 1495 3908 τυγχάνουσιν
1523 3841 1580 3893 tv
1613 3839 1754 3909 μόνῳ
1776 3840 1851 3909 τῷ

294 3926 504 3996 Πατρί·
537 3927 570 3995 ἢ
598 3926 867 3979 δεικνύτω
891 3943 997 3990 τις,
1028 3927 1108 3978 ὅτι
1136 3927 1277 3981 ἔστιν
1295 3928 1721 3997 άγινωσκόμενα
1741 3928 1850 3997 (17)

290 4011 395 4080 τῆς
420 4012 679 4082 ἀληθείας
710 4012 1086 4082 προσηγορίας
1105 4014 1164 4065 οὐ
1189 4015 1534 4083 τυγχάνοντα,
1563 4014 1696 4067 ἀλλὰ
1718 4015 1852 4084 ὑπὲρ

291 4101 469 4172 αὐτὴν
498 4103 648 4156 ὄντα.

360 4190 455 4244 28.
499 4194 679 4261 Σαφὲς
735 4192 821 4257 δὲ,
866 4192 950 4245 ὅτι
998 4193 1199 4262 κυρίως
1249 4193 1348 4261 τῆς
1398 4191 1712 4263 εἰλικρινοῦς
1763 4193 1853 4246 καὶ

1942 481 2070 535 tate.
2111 472 2304 540 aliquis
2345 474 2397 524 in
2432 470 2672 525 novitate
2694 468 2815 527 vita
2849 476 3015 542 ipsius
3041 477 3160 533 Filii
3191 481 3470 538 ambulat:

1943 559 2312 617 Mortalitutem
2351 573 2478 615 vero
2500 558 2628 613 Jour
2667 571 2864 625 semper
2880 564 2934 619 in
2958 580 3192 633 corpore,
3223 567 3350 622 dum
3384 569 3472 626 hic

1942 648 2200 713 degimus,
2237 648 2677 717 circumfer-intus.
2717 652 2927 716 quando
2957 668 3204 722 magnum
3238 656 3470 714 fructum

1941 737 2198 804 cepimus,
2233 745 2289 790 ut
2320 738 2423 791 vita
2462 736 2587 793 leta
2619 736 2670 788 in
2711 742 3007 806 corporibus
3032 743 3222 799 nostris
3248 745 3470 815 manlia.

1941 833 2102 881 stetur
2118 826 2184 877 “.

2010 913 2098 967 26.
2142 914 2440 981 Quinetiam
2480 916 2566 970 via
2598 931 2717 984 quae
2741 926 2824 973 est
2868 917 2921 972 in
2952 920 3232 986 sapientia.
3273 930 3327 978 et
3351 937 3472 993 qnze

1943 1005 2050 1058 vim
2082 1007 2241 1061 habet
2272 1005 2530 1061 eﬂiciendi
2555 1020 2648 1061 eos
2677 1007 2767 1074 qui
2789 1020 2882 1074 per
2909 1021 3028 1063 eam
3058 1008 3281 1065 salutem
3306 1013 3473 1080 adipi-

1945 1098 2168 1145 scuntur
2189 1093 2476 1148 secundum
2496 1092 2871 1160 explicationes
2890 1094 2954 1147 de
2977 1096 3197 1150 veritate
3219 1097 3271 1151 in
3292 1098 3472 1152 divino

1948 1179 2111 1233 verba
2139 1188 2194 1233 et
2224 1180 2459 1235 actiones
2480 1182 2802 1235 'essistcntes
2824 1180 2875 1233 in
2907 1196 3030 1234 vera
3059 1183 3287 1249 justitia.
3318 1186 3473 1242 nobis

1948 1268 2340 1336 intelligendum
2364 1269 2561 1336 praebet
2582 1270 2847 1336 quomodo
2874 1268 3119 1325 Christus
3142 1273 3220 1326 via
3243 1275 3469 1340 dicatur,

1946 1357 2000 1407 in
2028 1370 2184 1424 quam
2211 1356 2349 1409 viam
2377 1356 2506 1411 nihil
2543 1367 2751 1424 gestare
2783 1358 2938 1413 debet
2963 1374 3132 1426 neque
3151 1375 3354 1427 peram.
3380 1377 3474 1418 ne-

1945 1457 2049 1512 que
2066 1444 2278 1513 pallium
2295 1458 2358 1499 ac
2374 1458 2442 1499 ne
2460 1445 2704 1500 baculum
2725 1450 2933 1515 quidem
2953 1451 3039 1504 vel
3053 1452 3261 1507 calceos
3281 1454 3344 1517 “.
3362 1454 3475 1521 qui-

1944 1533 2042 1587 bus
2065 1534 2249 1588 induat
2270 1534 2430 1602 pedes
2459 1535 2561 1589 iter
2611 1534 2869 1593 lacturus.
2901 1539 3177 1597 Sulliciens
3200 1542 3341 1597 enim
3377 1556 3474 1610 per

1945 1635 2003 1675 se
2032 1632 2113 1677 est
2137 1623 2251 1676 haec
2284 1623 2365 1677 vis
2393 1624 2460 1677 ad
2484 1625 2658 1678 omnia
2684 1628 3063 1695 suppeditanda
3087 1629 3262 1685 itineri
3285 1645 3474 1687 neces-

1946 1714 2110 1774 saria.
2142 1710 2389 1779 nullaque
2421 1726 2479 1764 re
2503 1714 2720 1769 omnino
2743 1715 2943 1783 indiget
2961 1717 3203 1786 quisquis
3232 1720 3370 1774 hanc
3392 1719 3476 1775 in-

1944 1798 2200 1866 greditur.
2230 1808 2452 1854 ornatus
2481 1815 2547 1854 eo
2573 1804 2892 1861 vestimento
2921 1819 3024 1871 quo
3072 1816 3324 1863 ornatum
3353 1822 3477 1865 esse

1944 1901 2063 1941 eum
2089 1887 2241 1941 decet
2277 1890 2364 1954 qui
2394 1888 2646 1945 invitatus
2668 1892 2813 1947 vadit
2835 1894 2900 1946 ad
2929 1894 3160 1960 nuptias,
3185 1907 3304 1948 eum
3327 1896 3475 1951 nulla

1946 1990 2031 2029 res
2049 1975 2264 2030 molesta
2290 1975 2457 2041 possit
2487 1977 2537 2030 in
2565 1978 2664 2033 hac
2690 1980 2777 2033 via
2808 1995 3111 2039 occurrere.
3134 1981 3310 2036 Facile
3331 1985 3476 2038 enim

1944 2063 2086 2119 factu
2113 2080 2217 2119 non
2243 2073 2346 2128 est,
2376 2072 2514 2119 teste
2533 2066 2816 2125 Salomone
2841 2068 2909 2131 ”.
2936 2078 2991 2121 ut
3017 2071 3299 2137 serpentis.
3325 2079 3398 2137 et,
3416 2079 3479 2125 ut

1944 2168 2041 2220 ego
2071 2155 2321 2219 arbitror,
2342 2155 2575 2222 cujusvis
2606 2157 2767 2212 etiam
2794 2156 2917 2211 lem
2964 2159 3080 2217 vias
3098 2159 3335 2215 inveniat
3356 2160 3478 2227 quis

1945 2255 2100 2310 supra
2156 2252 2379 2311 petram.
2437 2246 2614 2310 Quare
2677 2245 2804 2300 nihil
2846 2260 2981 2312 opus
3028 2255 3112 2300 est
3172 2247 3362 2303 baculo
3422 2249 3476 2301 in

1948 2332 2032 2385 via
2074 2331 2197 2396 hac,
2231 2346 2349 2399 quae
2385 2342 2585 2387 tantum
2618 2333 2772 2389 abest
2798 2341 2857 2387 ut
2894 2335 3282 2390 contrariorum
3315 2338 3479 2391 vesti-

1946 2421 2030 2489 gia
2062 2422 2277 2485 habeat,
2313 2433 2374 2477 ut
2417 2437 2485 2476 ne
2514 2423 2724 2477 illorum
2754 2423 2965 2491 quidem
3006 2437 3123 2491 qua:
3149 2423 3286 2481 maia
3319 2434 3464 2487 sunt,

1945 2512 2013 2566 ob
2036 2512 2380 2576 soliditatem.
2409 2517 2549 2567 unde
2577 2514 2739 2567 etiam
2765 2520 2915 2581 petra
2936 2512 3149 2577 dicitur,
3177 2511 3249 2567 sit
3285 2527 3475 2581 capax.

2012 2602 2102 2657 27.
2134 2602 2296 2657 Porro
2318 2602 2627 2675 Unigenitus
2656 2602 2855 2657 veritas
2874 2610 2976 2666 est,
3005 2615 3213 2656 omnem
3238 2603 3476 2658 omnium

1944 2704 2118 2744 rerum
2130 2689 2277 2757 juxta
2298 2689 2473 2745 Patris
2486 2689 2814 2746 voluntatem
2835 2703 2953 2745 cum
2967 2689 3369 2747 omniularitate
3391 2707 3477 2745 ra-

1949 2778 2211 2833 tionem'in
2228 2793 2286 2834 se
2300 2778 2676 2847 complectens.
2691 2787 2847 2847 atque
2864 2777 3147 2846 unicuique
3159 2778 3478 2847 inquantum

1943 2880 2025 2920 est
2042 2868 2239 2920 veritas
2252 2881 2355 2936 pro,
2378 2865 2519 2922 illius
2559 2866 2812 2936 dignitate
2837 2873 2891 2922 et
2911 2864 3102 2919 merito
3130 2865 3478 2922 distribuens.

1872 2993 1915 3048 C
1946 2956 2092 3021 Quod
2105 2956 2146 3010 si
2159 2956 2280 3024 quis
2291 2956 2525 3048 inquirat
2536 2970 2660 3048 nam
2672 2968 2827 3009 omne
2837 2955 2979 3048 quod
2985 2961 3035 3008 ta
3042 2953 3196 3009 ndcm
3211 2954 3478 3021 cognitum

1948 3054 2028 3098 est
2040 3044 2183 3097 Patri
2189 3045 2340 3112 juxta
2356 3043 2792 3113 profunditatem.
2806 3051 2862 3098 et
2876 3043 3259 3107 divitiarum,et
3270 3044 3476 3112 sapienv

1949 3133 2055 3196 tim,
2086 3142 2140 3185 et
2161 3132 2480 3202 cognitionis
2507 3132 2620 3198 eius
2641 3132 2710 3196 “,
2743 3131 2999 3188 Servator
3015 3133 3117 3201 ει
3145 3141 3325 3188 noster
3347 3134 3482 3188 sciat

1948 3231 2003 3275 et
2023 3236 2183 3279 causa
2197 3222 2526 3291 gloriﬁcandi
2542 3221 2752 3277 Patrem
2775 3222 3016 3288 quaedam
3040 3236 3072 3276 a
3095 3220 3254 3276 Patre
3271 3223 3481 3290 cognita

1947 3326 2066 3365 esse
2091 3311 2233 3365 dicat
2257 3325 2376 3378 qua:
2398 3310 2566 3365 Filius
2592 3309 2816 3379 ignoret.
2850 3325 2970 3365 cum
2996 3309 3194 3378 alioqui
3226 3310 3392 3379 possit
3413 3323 3481 3364 ex

1946 3413 2099 3466 sequo
2122 3400 2343 3468 perinde
2376 3408 2535 3466 atque
2566 3399 2832 3467 ingenitus
2861 3398 2996 3453 Deus
3025 3397 3479 3467 apprehensiones

1951 3486 2313 3554 prehendere;
2341 3485 2612 3540 sciendum
2637 3494 2721 3538 est
2748 3484 3083 3538 Servatorem
3114 3485 3306 3553 ipsum,
3351 3484 3476 3552 quia

1951 3573 2021 3629 sit
2052 3573 2268 3638 veritas,
2301 3573 2432 3627 nihil
2464 3573 2577 3627 veri
2630 3573 2896 3640 ignorare.
2933 3573 3088 3640 idque
3113 3582 3224 3626 tum
3248 3574 3482 3627 maxime

1952 3659 2339 3728 adiungendum
2361 3670 2462 3722 est,
2496 3660 2663 3715 solida
2693 3662 2734 3714 si
2766 3662 3088 3725 estveritas,
3124 3677 3191 3733 ne
3218 3662 3483 3717 claudicet

1952 3749 2149 3804 veritas
2175 3750 2434 3804 diminuta
2464 3749 2765 3815 cognitione
2787 3762 2970 3804 eorum
2992 3763 3110 3817 quae
3136 3759 3260 3804 sunt
3284 3751 3339 3804 in
3366 3750 3483 3806 solo

1951 3835 2135 3900 Patre,
2158 3846 2216 3891 ut
2246 3837 2332 3892 isti
2368 3836 2619 3890 tradunt:
2649 3835 2731 3889 vel
2759 3836 3215 3906 ostendataliquis
3237 3838 3479 3905 quaedam

1952 3936 2073 3977 esse
2112 3937 2231 3990 quae
2265 3933 2679 3992 cognoscuntur,
2711 3937 2827 3990 qua:
2858 3923 3099 3977 veritatis
3129 3922 3482 3990 appellatione

1952 4012 2246 4079 nuncupari
2273 4026 2374 4065 nou
2403 4022 2647 4079 possunt.
2695 4013 2789 4065 sed
2814 4026 2973 4080 supra
3007 4015 3174 4079 ipsam
3205 4011 3480 4064 veritatem

1953 4101 2052 4155 sita
2075 4111 2220 4154 sunt.

2021 4190 2111 4244 28.
2141 4191 2399 4247 Caeterum
2428 4190 2765 4260 perspicuum
2792 4199 2876 4246 est
2902 4191 3219 4260 principium
3256 4189 3483 4245 fontem-

280 4278 527 4347 ἀμιγοῦς
560 4280 699 4350 πρός
725 4297 780 4333 τι
818 4279 1005 4348 ἕτερον
1033 4278 1177 4349 ζωῆς
1206 4281 1239 4350 ἡ
1268 4280 1408 4350 ἁρχὴ
1447 4281 1505 4332 ὲν
1544 4280 1620 4350 τῷ
1647 4281 1848 4351 Πρωτο-

1959 4290 2063 4346 que
2087 4278 2208 4332 vitae
2228 4278 2537 4334 sineerioris
2572 4292 2635 4332 ac
2661 4279 2915 4347 purioris.
2951 4288 3114 4346 atque
3158 4295 3186 4331 a
3233 4277 3484 4333 mistions

288 4369 439 4436 τόκῳ
480 4369 656 4438 πάσης
687 4369 922 4431 κτίσεως
947 4369 1220 4437 τυγχάνει,
1251 4370 1343 4435 ἀφ’
1368 4365 1434 4439 ἧς
1455 4371 1502 4421 oi
1534 4369 1745 4438 μέτοχοι
1764 4369 1853 4422 τοῦ

216 4480 221 4485 -
290 4457 532 4527 Χριστοῦ
575 4457 949 4528 λαμϐάνοντες
991 4456 1093 4526 τὴν
1123 4456 1337 4525 άληθῶς
1369 4456 1500 4520 ζῶσι
1544 4457 1704 4527 ζωὴν,
1750 4457 1855 4509 τῶν

286 4547 427 4617 παρ’
455 4548 623 4619 αὐτὴν
650 4545 1026 4618 νομιζομένων
1054 4545 1154 4615 ζῇν
1194 4545 1379 4616 ὥσπερ
1406 4547 1504 4600 οὐκ
1542 4547 1767 4616 ἐχόντων
1797 4547 1858 4599 τὸ

286 4635 543 4705 ἀληθινὸν
568 4637 708 4705 φῶς,
740 4638 919 4698 οὕτως
943 4634 1065 4688 οὐδὲ
1090 4634 1153 4686 τὸ
1176 4632 1420 4701 ἀληθινὸν
1444 4634 1559 4703 ζῇν.

355 4902 454 4958 29.
503 4905 614 4957 Καὶ
657 4902 783 4955 ἐπεὶ
811 4902 872 4954 tv
903 4900 981 4969 τῷ
1033 4897 1214 4966 Datth
1263 4896 1356 4949 οὐκ
1393 4897 1509 4952 ἐστι
1553 4899 1858 4968 γενέσθαιῆ

1959 4365 2319 4435 cujuscunque
2371 4368 2448 4422 rei
2504 4368 2710 4431 alienas.
2747 4369 2962 4443 proprie
3015 4367 3067 4419 itt
3123 4363 3484 4436 Primogenito

1959 4454 2133 4508 omnis
2164 4463 2428 4511 creatura:
2467 4456 2759 4522 exsistere,
2790 4470 2820 4509 a
2867 4470 2970 4523 qua
3008 4454 3095 4522 qui
3136 4455 3335 4509 Christi
3363 4462 3486 4509 sunt

1954 4542 2246 4611 participes
2291 4553 2585 4609 sumentes,
2620 4558 2800 4598 veram
2828 4547 3016 4599 vivunt
3049 4544 3233 4608 vitam,
3266 4557 3385 4597 cum
3428 4542 3486 4595 hi

1961 4632 2051 4700 qui
2086 4642 2280 4698 praeter
2313 4633 2486 4701 ipsum
2540 4632 2720 4688 vivere
2766 4633 3140 4690 existimantur
3162 4669 3177 4693 ,
3213 4639 3273 4683 ut
3306 4644 3488 4684 veram

1959 4721 2129 4776 lucem
2169 4736 2274 4777 non
2314 4723 2541 4787 habent,
2581 4724 2654 4778 ita
2707 4739 2776 4779 ne
2818 4738 2999 4777 veram
3045 4720 3262 4788 quidem
3306 4718 3494 4771 vivant

1964 4810 2148 4865 vitam.

2030 4896 2120 4949 29.
2153 4895 2414 4962 Quoniam
2442 4912 2569 4952 vero
2598 4914 2648 4950 m
2679 4900 2836 4952 Patre
2862 4895 2944 4948 vel
2970 4892 3107 4961 apud
3143 4891 3365 4944 Patrem
3392 4902 3499 4942 non

357 5045 406 5076 ⁸³
430 5043 475 5096 ll
505 5042 631 5096 Cor.
668 5055 743 5104 tv,
778 5039 861 5091 10.
934 5035 980 5068 ⁸⁸
1007 5034 1204 5087 Matth.
1229 5047 1279 5094 κ,
1313 5033 1398 5087 10.
1466 5037 1512 5068 ⁸⁸
1541 5037 1698 5091 Prov.
1732 5050 1848 5099 xxx,

1959 5072 1971 5090 .
2046 5032 2090 5063 “
2117 5032 2133 5084 Ι
2160 5032 2282 5085 Cor.
2307 5047 2367 5095 ll,
2393 5031 2478 5086 10.

387 5148 479 5215 15)
495 5145 648 5215 -Ἕςέ
662 5142 756 5215 ⁸ἦν
776 5140 921 5195 d667-
939 5136 1352 5215 οὺᾷὲιςμῖρριν.
1382 5138 1459 5215 Ita
1492 5153 1658 5215 fecit»,
1703 5142 1859 5215 hab!“

424 5201 854 5272 x'Bodleianus;
905 5207 1048 5274 apud
1105 5201 1344 5260 "uetiam
1395 5207 1601 5277 legitur
1644 5210 1727 5276 ἐφ’
1792 5204 1858 5278 ἧς

284 5284 404 5339 ὁδὸν
433 5280 635 5403 αἴρειν.
1053 5335 1065 5346 _
1524 5344 1536 5356 ⁸
1568 5345 1579 5357 ⁸
1801 5342 1834 5357 μ

284 5350 475 5472 ὲπρυ
522 5352 647 5405 dem
674 5343 844 5400 codex
879 5338 1392 5400 Bodleiantts,tat£-
1441 5344 1619 5399 editio
1664 5342 1859 5407 ﬂuctu,

360 5455 479 5554 iis)
515 5481 670 5554 Ἐφ’.
693 5477 761 5528 δέ
782 5464 1076 5554 ,τξςέηῖὲνε
1097 5472 1434 5554 θξ9;.,νει¹οι·θ
1466 5477 1633 5554 ﬁsso.
1643 5486 1864 5554 ροεειιηι

360 5493 479 5554 (15)
519 5493 659 5535 Ὲᾱν
693 5493 877 5552 astte
903 5493 1216 5550 ςητιιιυιυη
1240 5493 1434 5529 valere
1487 5493 1576 5532 nae
1643 5493 1861 5547 possunt

291 5555 554 5609 adversus
577 5547 795 5611 Origem
825 5543 1073 5592 lltlelllan
1122 5536 1321 5595 solitam
1384 5493 1861 5610 crimig'fttiouem,

576 5635 841 5691 Ρλτιιοι.
882 5621 995 5678 Gtt.
1041 5617 1129 5674 ΧΙ
1145 5621 1208 5681 γ,

1999 5139 2101 5194 uod
2128 5139 2301 5194 Patris
2325 5138 2676 5206 cognitionem
2717 5136 2982 5206 majorem
2998 5140 3155 5206 nesse
3187 5125 3524 5206 cognitione

2008 5193 2082 5261 'tlii
2105 5208 2368 5259 statuerit.
2390 5193 2567 5269 'Quam
2598 5193 2849 5269 quoniam
2887 5202 2946 5253 in
2992 5193 3342 5261 Origsnianis
3368 5205 3532 5243 excu-

1964 5277 2149 5334 timus.
2183 5274 2332 5334 plura
2364 5288 2465 5323 non
2491 5270 2697 5323 addam.
2730 5270 3040 5334 HUETIUS-_
3227 5322 3260 5334 _
3388 5332 3401 5334 _

2365 5319 2695 5391 ὀὗζιῑιέίεῐέὼέ
2725 5319 3146 5391 σι’ὗαὲῢετίιιυε
3171 5322 3301 5375 πᾶν
3324 5335 3341 5349 ·
3377 5319 3548 5375 editio

1965 5405 2161 5469 Hu'etii,
2188 5405 2340 5458 ἐπάν.

2188 5447 2720 5539 ζιῖᾝινωσκόμξνα,
2773 5473 2958 5526 Forte
3011 5458 3310 5530 legendum
3369 5449 3446 5502 τά
3478 5447 3566 5501 vel

1961 5544 2100 5595 τινά.

3166 5611 3202 5665 3
