3848 6224
626 293 704 348 ἾΒ
1304 284 1311 289 ”
2024 285 2339 345 ORIGENIS

630 411 757 466 licet
783 424 900 466 esse
929 412 975 465 ei
1014 411 1102 479 qui
1158 408 1386 477 primum
1433 409 1500 463 ab
1551 409 1657 463 imo
1686 410 2023 464 ascendendo
2051 425 2149 464 non

2014 428 2023 462 ι
2051 425 2156 464 non
2186 415 2233 470 Α
2258 408 2404 478 παρὰ
2437 408 2513 478 τῷ
2535 408 2642 479 (18)
2670 410 2863 480 Πατρὶ,
2892 414 2963 483 μὴ
2987 411 3232 479 φθάσαντα,
3254 409 3405 480 πρῶτον
3429 412 3533 466 nam

631 500 930 571 pervenerit
952 499 1017 553 ad
1037 497 1157 553 Filii
1184 497 1538 560 divinitatem,
1568 512 1666 566 per
1689 514 1847 568 quam
1862 499 1979 567 quis
1999 514 2160 553 manu

634 590 756 644 duci
805 596 977 657 potest
1028 589 1188 643 etiam
1235 588 1302 641 ad
1335 595 1632 656 paternam,
1670 588 1885 643 ostium.
1915 587 2162 641 Salvator

629 678 914 747 inscriptus
935 685 1049 733 est:
1069 676 1279 745 generis
1295 683 1467 730 autem
1490 676 1706 731 humani
1724 690 1908 731 amans
1928 692 2046 731 cum
2068 678 2157 742 sit,

627 776 682 821 et
712 766 1134 834 qualemcunque
1167 765 1467 818 animorum
1499 765 1564 817 ad
1614 765 1890 819 meliorem
1951 764 2157 832 frugem

626 854 1022 910 inclinationem
1063 854 1331 918 admittat,
1375 867 1562 907 eorum
1613 853 1708 923 qui
1753 854 1819 907 ad
1862 852 2073 923 [Λόγον,
2105 854 2157 907 id

623 942 725 1012 est]
758 942 823 996 ad
846 942 1103 996 rationem
1134 956 1240 995 non
1269 940 1534 1007 festinant,
1561 941 1847 1009 oviumque
1866 941 2034 995 instar
2052 955 2155 995 non

622 1032 964 1099 exquisitam,
1022 1031 1117 1086 sed
1175 1030 1537 1084 irrationalem
1593 1030 2051 1084 mansuetudinem
2105 1041 2158 1083 et

622 1125 897 1180 lenitatem
931 1124 1147 1187 habent,
1180 1131 1365 1192 pastor
1393 1121 1619 1176 efﬁcitur
1650 1138 1665 1175 :
1701 1120 1951 1175 Homines
1990 1121 2153 1185 enim,

617 1224 666 1268 et
679 1215 916 1283 jumenta
945 1223 1111 1267 servat
1152 1212 1405 1266 Dominus
1428 1211 1494 1263 ⁸⁷.
1520 1209 1658 1276 Quin
1695 1218 1749 1264 et
1782 1210 1947 1264 Israel
1976 1220 2031 1264 et
2057 1208 2154 1263 Ju-

618 1304 715 1357 das
741 1304 935 1357 nedum
969 1300 1371 1365 hominum,sed
1398 1302 1559 1355 etiam
1583 1301 1945 1369 jumentorum
1973 1315 2154 1353 semen

616 1393 848 1447 seminat
869 1391 938 1444 “.

680 1480 773 1535 50.
797 1480 875 1534 Ad
907 1481 1018 1535 haec
1042 1494 1074 1533 τι
1105 1480 1366 1549 principio
1387 1479 1840 1534 considerandum
1870 1489 1952 1533 est
1996 1478 2154 1534 Citri-

616 1568 683 1621 sti
711 1566 1048 1632 vocabulum,
1096 1568 1346 1633 adjuncto
1375 1566 1536 1619 etiam
1572 1565 1831 1620 vocabulo
1877 1566 2040 1635 regis,
2096 1573 2155 1619 ut

614 1654 1019 1722 comparatione
1047 1652 1177 1720 quid
1220 1650 1471 1705 differant
1502 1651 1846 1720 intelligatur.
1877 1649 2009 1704 Cum
2051 1650 2153 1703 ita-

2259 498 2628 562 ἀναϐαίνοντα,
2674 499 2766 552 ἐπὶ
2794 500 2895 570 τὴν
2922 500 3015 553 τοῦ
3053 499 3158 552 Υἱοῠ
3187 498 3366 568 θεότητα,
3397 499 3442 551 δι’
3465 497 3512 571 ἦς

2257 588 2724 658 χειραγωγηθῆναι
2751 589 2968 642 δύναται
2988 589 3077 641 καὶ
3095 591 3167 640 ἐπὶ
3182 585 3261 656 τὴν
3273 588 3465 658 πατρικὴν
3485 608 3534 658 μα

2262 676 2497 745 ριότητα,
2531 676 2667 746 θύρα
2690 679 2718 729 ὁ
2746 677 2929 747 Σωτὴρ
2972 677 3319 746 ἀναγέγραπται·
3343 676 3534 747 φιλάνθρω

2256 762 2312 815 δὲ
2339 762 2434 825 ὢν,
2463 764 2555 816 καὶ
2584 764 2679 834 τὴν
2705 766 2848 826 ὅπως
2869 764 2996 816 ποτὲ
3022 765 3105 817 ἐπὶ
3142 763 3191 814 τδ
3217 762 3367 831 βέλτιον
3385 764 3534 832 ἀποδεχ

2257 869 2345 915 νος
2370 852 2476 906 τῶν
2511 853 2693 921 ψυχῶν
2723 855 2910 925 ῥοπὴν,
2942 854 3047 906 τῶν
3076 852 3152 905 ἐπὶ
3176 852 3248 903 τὸν
3272 853 3396 919 Λόγον
3421 853 3474 924 μὴ
3508 871 3531 905 σ

2254 940 2468 1003 δόντων,
2503 941 2635 993 ἀλλὰ
2658 941 2809 1011 δίκην
2835 940 3108 1011 προϐάτων
3127 940 3204 991 οὐκ
3225 938 3534 1008 ἐξητασμένον,‹

2255 1027 2442 1095 ἄλογον
2461 1028 2519 1081 τὸ
2537 1029 2737 1098 ἥμερον
2768 1028 2861 1080 καὶ
2882 1028 3050 1096 πρᾶον
3071 1026 3275 1095 ἐχόντων,
3294 1025 3446 1093 ποιμὴν
3461 1023 3534 1092 γίνε

2269 1118 2623 1185 Ἆγθρώπους
2650 1117 2756 1187 γὰρ
2788 1118 2884 1171 καὶ
2927 1117 3107 1185 κτήνη
3133 1112 3266 1174 σώζει
3301 1118 3326 1168 ό
3359 1116 3532 1182 Κύριοςο

2253 1210 2282 1260 ὁ
2318 1208 2527 1278 Ἰσραὴλ
2549 1209 2605 1261 δέ
2632 1208 2722 1260 καὶ
2740 1210 2768 1261 ό
2800 1207 2996 1269 Ἰούδας
3021 1205 3255 1275 σπείρεται
3274 1206 3442 1275 σπέρμα
3456 1206 3500 1257 οὐ
3521 1222 3534 1273 ι

2253 1296 2568 1367 ἀνθρώπων,
2598 1296 2730 1350 ἀλλὰ
2758 1298 2851 1350 καὶ
2887 1295 3112 1367 κτηνῶν.

2320 1478 2407 1531 '50.
2462 1479 2603 1549 Πρὸς
2667 1478 2874 1541 τούτοις
2928 1474 3278 1544 ἐπισκοπητέον
3318 1473 3368 1540 ἐξ
3404 1473 3534 1544 ἀρχῆς

2250 1570 2478 1641 Χριστὸς
2506 1569 2890 1640 προσηγορίαν,
2914 1568 3008 1620 καὶ
3029 1565 3344 1637 προσληπτέον
3355 1565 3433 1633 τὴν
3449 1564 3531 1632 βασ

2252 1660 2336 1712 ἵνα
2362 1661 2428 1729 τῇ
2453 1658 2744 1729 παραθέσει
2774 1660 2806 1727 ἡ
2833 1656 3061 1725 διαφορὰ
3080 1655 3239 1726 νοηθῇ.
3269 1655 3452 1721 Λέγεται
3476 1654 3519 1705 δὲ

611 1759 719 1813 que
742 1718 805 1797 in
828 1753 1018 1813 quarto
1050 1718 1137 1797 hic
1152 1752 1206 1796 et
1229 1742 1643 1811 quadragesimo
1664 1718 1869 1809 psalmo
1881 1741 1925 1773 "
1946 1741 2130 1795 dicatui

2014 1750 2151 1795 satur
2182 1718 2224 1771 Β
2254 1718 2560 1818 μδν
2622 1750 2650 1800 ὁ
2713 1718 3015 1815 ἠγαπηκὼς
3048 1718 3461 1814 τῆν’διιιαιοσῦνην,
3485 1756 3533 1791 κο

616 1847 801 1887 amans
818 1831 1034 1901 jumitiae
1053 1840 1105 1885 et
1123 1845 1246 1885 osor
1262 1828 1556 1899 iniquitatis
1574 1843 1681 1897 prae
1698 1827 2064 1895 participibus,
2085 1826 2152 1880 ob

614 1925 773 1978 talem
802 1937 929 1993 erga
954 1921 1212 1988 justitiam
1256 1932 1514 1981 amorem,
1565 1931 1795 1986 ergaque
1822 1916 2151 1983 iniquitatem

604 2014 811 2075 odium,
870 2011 1230 2080 promeruisse
1287 2017 1346 2062 ut
1404 2016 1715 2077 ungeretur,
1750 2014 2002 2073 tanquam
2046 2017 2149 2056 non

612 2102 771 2157 simul
796 2115 914 2155 cum
937 2112 1057 2153 esse
1083 2096 1391 2151 unctionem
1408 2095 1756 2148 exsistentem
1782 2099 2153 2146 conereatam-

610 2201 715 2255 que
735 2183 1035 2254 acceperit;
1056 2196 1174 2252 quae
1196 2181 1377 2235 unctio
1402 2181 1551 2250 regni
1584 2177 1957 2248 interdumque
1980 2179 2149 2233 etiam

609 2276 891 2331 sacerdotii
917 2273 1234 2327 mortalibus
1258 2276 1584 2338 est-signum
1610 2268 1895 2322 :censebis
1922 2276 1975 2321 tu
2003 2281 2149 2320 mor-

611 2364 715 2417 tale
742 2363 859 2417 Filii
895 2361 985 2415 Dei
1013 2373 1233 2427 regnum
1256 2371 1376 2411 esse
1394 2370 1494 2410 nec
1508 2354 1668 2409 simul
1684 2369 1803 2409 cum
1836 2368 1901 2408 eo
1933 2353 2151 2407 natum?

607 2454 766 2520 Atqui
801 2452 891 2521 qui
930 2450 1046 2505 lieri
1078 2455 1248 2517 potest
1274 2454 1333 2500 ut
1366 2444 1758 2512 Primogenitus
1788 2442 1966 2496 omnis
2001 2457 2151 2497 crea-

611 2553 745 2597 tura:
783 2554 878 2595 rex
922 2537 1240 2599 efﬁceretur,
1283 2548 1405 2588 cum
1452 2533 1504 2587 id
1535 2542 1690 2587 antea
1736 2548 1840 2586 non
1884 2531 2151 2585 haberet?

608 2644 663 2687 et
696 2633 897 2685 idcirco
922 2629 1047 2697 quia
1074 2627 1334 2695 justitiam
1364 2624 1631 2688 dilexerit,
1660 2636 1783 2677 cum
1804 2623 1875 2675 sit
1904 2620 2009 2690 32
2032 2621 2146 2690 ipsa

603 2720 810 2790 iustitia
823 2721 849 2772 ‘l
863 2719 1057 2773 Verum
1087 2715 1495 2782 haudquaquam
1525 2727 1620 2766 nos
1639 2711 1808 2765 latere
1826 2711 1982 2764 debet
1995 2724 2150 2762 voca-

607 2807 993 2865 bulumCliristi
1015 2806 1078 2858 ad
1095 2818 1212 2858 eam
1235 2812 1481 2856 naturam
1500 2815 1602 2868 qua
1618 2810 1701 2854 est
1717 2800 1874 2853 homo
1890 2799 2150 2866 praecipue

606 2901 895 2969 pertinere,
930 2897 1081 2966 juxta
1117 2908 1279 2963 quam
1312 2893 1470 2946 etiam
1506 2890 1683 2943 anima
1732 2889 1899 2956 ipsius
1957 2889 2150 2942 dicitur

2253 1840 2377 1907 μίαν
2426 1836 2738 1907 μεμισηκὼς
2795 1835 2942 1903 παρὰ
2981 1835 3102 1896 τοὺς
3142 1833 3377 1903 μετόχους,
3419 1831 3534 1883 αίτία

2248 1927 2526 1997 κεκρίσθαι
2553 1926 2612 1978 τὸ
2637 1925 2775 1978 οὕτω
2804 1923 2911 1993 (19)
2937 1923 3254 1993 δικαιοσύνην
3295 1920 3534 1992 προσεληλι

2247 2016 2553 2086 ἐσχηκέναι,
2601 2016 2692 2067 καὶ
2738 2015 2832 2084 τὴν
2875 2003 3100 2084 ἀνομίαν
3143 2011 3471 2083 μεμισηκέναι,
3512 2010 3534 2060 ti

2247 2107 2361 2177 ἃμα
2399 2103 2475 2174 τῷ
2525 2100 2661 2157 εἶναι
2704 2104 2797 2174 τὴν
2843 2104 3022 2174 χρίσιν
3066 2103 3455 2173 συνυπάρχουσαν
3490 2098 3534 2168 (ἳ

2248 2194 2638 2265 συγκτηθεῖσαν
2665 2193 2862 2257 λαϐὼν,
2884 2195 3004 2262 ἥτις
3019 2193 3190 2264 χρίσις
3216 2192 3455 2262 βασιλείας
3475 2190 3534 2241 ἐπ

2244 2292 2355 2353 τοῖς
2391 2291 2505 2342 ἐστι
2540 2286 2820 2357 σύμϐολον,
2867 2285 2976 2338 ἔσθ’
3014 2288 3100 2339 ὅτε
3135 2286 3187 2339 δὲ
3224 2285 3311 2339 καὶ
3341 2284 3534 2355 ἱερωσύν

2244 2374 2336 2432 οὖν
2362 2378 2648 2447 ἐπιγενητή
2689 2378 2832 2428 ἐστιν
2858 2377 2894 2446 ἡ
2930 2374 3021 2428 τοῦ
3059 2375 3180 2428 Υίοῦ
3214 2375 3305 2428 τοῦ
3339 2374 3456 2427 Θεοῦ
3493 2373 3534 2442 βο

2246 2470 2338 2522 καὶ
2372 2468 2432 2520 οὐ
2464 2466 2712 2536 συμφυὴς
2753 2464 2926 2534 αύτῷ;
2963 2464 3071 2517 Καὶ
3108 2463 3216 2526 πῶς
3240 2464 3420 2518 οἴονται
3442 2463 3520 2516 τὸν

2243 2571 2400 2607 τοκον
2441 2554 2618 2624 πάσης
2663 2552 2907 2614 κτίσεως,
2952 2551 3049 2603 οὐκ
3090 2551 3212 2603 ὄντα
3258 2550 3491 2620 βασιλέα,

2248 2644 2465 2714 βασιλέα
2504 2643 2800 2712 γεγονέναι,
2834 2641 2921 2694 διὰ
2958 2641 3017 2694 τὸ
3057 2642 3384 2711 ἠγαπηκέναι
3412 2642 3532 2697 δικαι

2246 2734 2339 2786 καὶ
2364 2731 2534 2786 ταῦτα
2561 2733 2891 2802 τυγχάνοντα
2921 2732 3288 2802 δικαιοσύνην;
3317 2734 3523 2803 Μήποτε

2247 2820 2394 2874 θάνει
2421 2821 2566 2890 ἡμᾶς
2589 2822 2616 2873 ὁ
2644 2820 2740 2890 μέν
2770 2819 3048 2889 ἄνθρωπος
3075 2819 3235 2871 αὐτοῦ
3262 2820 3478 2891 Χριστὸς
3500 2818 3532 2870 ἃ

2245 2910 2340 2980 τὴν
2365 2909 2536 2980 ψυχὴν
2566 2909 2652 2961 διὰ
2682 2908 2741 2960 τὸ
2774 2907 3105 2978 ἀνθρώπινον
3128 2909 3221 2961 καὶ
3243 2907 3534 2978 τεταραγμέ

607 2990 821 3045 turbata
861 2995 916 3041 et
947 2984 1213 3055 pcrtristis
1246 2981 1447 3045 fuisse;
1489 2977 1807 3033 vocabulum
1851 2990 1978 3030 vero
2008 2977 2126 3043 regi:

2008 2977 2147 3087 regis
2174 3026 2219 3087 ο
2250 2977 2538 3069 πέρξλυὲπρν
2564 2977 2927 3068 γεγενημένην
2960 2997 3188 3067 μάλιστα
3223 2977 3517 3068 νοούμενος,

605 3077 796 3134 referri
813 3075 878 3129 ad
897 3074 1248 3137 divinitatem;
1268 3071 1317 3124 id
1334 3069 1471 3139 quod
1483 3081 1550 3122 ex
1569 3067 1738 3136 primo
1749 3074 1803 3119 et
1817 3067 2149 3135 septuagesi-

604 3183 694 3224 mo
706 3165 965 3237 psalmo"
976 3159 1444 3223 eontirmarelicet,
1462 3158 1669 3211 dicente
1688 3173 1702 3209 :
1721 3155 1878 3217 Deus,
1885 3155 2146 3223 judicium

588 3269 752 3312 ’tuttm
777 3255 884 3323 regi
912 3254 1065 3318 da,e(
1084 3251 1345 3321 justitiam
1381 3256 1524 3300 tuam
1555 3246 1665 3313 ﬁlio
1683 3245 1841 3313 regis,
1868 3253 1922 3297 ut
1945 3243 2147 3311 judicet

592 3345 1007 3415 populumtuum
1032 3340 1394 3409 injustitia,et
1424 3352 1673 3405 pauperes
1697 3343 1812 3388 tuos
1833 3334 1885 3387 in
1904 3334 2145 3402 judicio;

605 3441 789 3503 aperte
803 3432 941 3486 enim
957 3429 1225 3485 Salomoni
1251 3426 1538 3493 inscriptus
1549 3424 1636 3478 hic
1652 3423 1888 3492 psalmus
1907 3423 1972 3478 de
1992 3423 2147 3477 Chri-

604 3531 690 3580 sto
709 3522 990 3593 praphetat
1014 3535 1029 3572 :
1058 3531 1341 3586 operasque
1361 3516 1587 3583 pretium
1613 3523 1693 3568 est
1718 3513 1901 3565 videre
1918 3513 2002 3566 cui
2033 3510 2145 3580 regi

592 3620 754 3682 optet
770 3625 799 3664 a
818 3611 925 3663 Deo
945 3607 1209 3676 Propheta
1227 3604 1483 3675 judicium
1509 3602 1644 3668 dari,
1660 3612 1715 3656 et
1731 3603 1813 3656 cui
1846 3602 1955 3655 ﬁlio
1980 3603 2140 3669 regis,

602 3711 658 3757 et
701 3699 853 3770 cujus
910 3697 1052 3767 regis
1095 3695 1375 3766 justitiam.
1430 3691 1601 3745 Meum
1659 3694 1840 3759 itaque
1891 3691 2141 3759 estjudi-

603 3793 782 3853 cium,
850 3787 1167 3857 prmcipuam
1220 3782 1573 3851 'Primogeuiti
1651 3783 1814 3835 totius
1886 3789 2143 3834 creatura

602 3890 873 3941 naturam,
904 3876 990 3930 cui
1021 3876 1090 3929 ob
1124 3872 1481 3943 praestantiam
1528 3870 1707 3923 datum
1754 3868 1825 3922 sit
1861 3869 2138 3937 judicium,

599 3983 780 4038 regem
803 3965 941 4029 dici;
972 3964 1136 4018 tilium
1170 3976 1295 4016 vero
1317 3959 1479 4029 regis,
1507 3974 1626 4013 eum
1661 3972 1818 4026 quem
1855 3958 2142 4026 assumpsit

600 4059 893 4118 hominem,
919 4055 986 4107 ab
1003 4053 1090 4107 illa
1117 4052 1425 4112 formatum,
1452 4058 1508 4101 et
1529 4046 1822 4116 efﬂgiatum
1854 4046 2139 4100 secundum

593 4146 876 4219 justitiam.
917 4143 1085 4208 Quam
1118 4154 1225 4194 rem
1256 4138 1335 4193 sic
1364 4150 1422 4191 se
1464 4135 1661 4190 habere
1696 4144 1754 4187 ut
1781 4135 2018 4198 credam,
2046 4134 2141 4188 ad-

599 4237 768 4293 ducor
802 4248 867 4287 ex
898 4247 962 4287 eo
999 4232 1137 4299 quod
1168 4232 1268 4285 sub
1300 4243 1455 4282 unam
1504 4235 1558 4280 et
1591 4225 1830 4280 eamdem
1872 4226 2136 4279 rationem

2253 3088 2428 3150 σιλεὺς
2474 3086 2611 3139 κατὰ
2640 3086 2699 3138 τὸ
2742 3085 2916 3149 θεῖον;
2963 3086 3400 3158 Παραμυθοῦμαι
3442 3087 3496 3139 δέ

2251 3174 2638 3246 ἐδδομηκοστοῦ
2673 3172 2886 3244 πρώτου
2923 3174 3135 3243 ψαλμοῦ
3161 3174 3430 3243 λέγοντος·
3473 3176 3531 3226 '0

2250 3265 2425 3331 κρίμα
2452 3279 2565 3315 σου
2598 3260 2675 3326 τῷ
2698 3258 2947 3325 ,βασιλεῖ
2981 3261 3106 3326 δὸς,
3141 3263 3241 3315 καὶ
3277 3264 3395 3331 τὴν
3418 3263 3534 3316 δικι

2250 3367 2363 3404 σου
2394 3349 2471 3414 τῷ
2494 3349 2601 3415 υἱῷ
2638 3350 2742 3403 τοῦ
2771 3349 3092 3415 βασιλέως,
3124 3351 3362 3418 κρινεῖν
3389 3353 3492 3405 τὸν
3513 3360 3534 3404 .1

2247 3440 2317 3492 ἐν
2339 3440 2705 3506 δικαιοσύνῃ,
2737 3438 2835 3491 καὶ
2865 3437 3007 3503 τοὺς
3034 3441 3319 3507 πτωχούς
3350 3458 3465 3495 σου
3490 3440 3534 3491 ὲτ

2250 3527 2429 3594 σαφῶς
2453 3525 2560 3597 γὰρ
2580 3527 2657 3589 εἰς
2682 3524 3002 3595 Σολομῶντα
3027 3525 3519 3597 ἐπιγεγραμμένος

2247 3614 2372 3685 περὶ
2424 3614 2656 3685 Χριστοῦ
2707 3614 3125 3684 προφητεύεταιο
3185 3617 3287 3668 καὶ
3336 3617 3489 3682 ἄξιον

2248 3703 2452 3774 βασιλεί
2478 3704 2536 3755 τὸ
2562 3703 2731 3774 κρίμα
2765 3702 2976 3773 εὔχεται
2999 3703 3225 3772 δοθῆναι
3264 3705 3383 3758 ὑπὸ
3407 3703 3534 3755 Θεοί

2245 3794 2381 3858 τεία,
2410 3793 2502 3845 καὶ
2531 3792 2632 3845 τίνι
2663 3791 2761 3862 υίῴ
2791 3793 3068 3862 βασιλέως,
3107 3794 3209 3845 καὶ
3239 3794 3409 3845 ποίου
3438 3793 3532 3861 βαο

2244 3881 2603 3950 δικαιοσύνην.
2676 3880 2941 3951 Ἠγοῦμαι
2988 3877 3080 3934 οὖν
3136 3880 3389 3950 βασιλέα
3443 3882 3534 3952 μὲν

2243 3972 2340 4043 τὴν
2377 3970 2785 4041 προηγουμένην
2823 3970 2916 4023 τοῦ
2956 3969 3337 4040 Πρωτοτόκου
3391 3972 3532 4024 πάσιι

2244 4058 2423 4126 φύσιν,
2456 4052 2489 4130 ᾗ
2528 4058 2725 4110 δίδοται
2755 4056 2843 4110 διὰ
2874 4057 2934 4110 τὸ
2966 4058 3276 4129 ὑπερέχειν
3307 4058 3383 4110 τὸ
3416 4057 3534 4128 κρίι

2244 4146 2519 4216 ἄνθρωπον
2557 4145 2615 4197 ὃν
2666 4146 2969 4216 ἀνείληφεν,
3014 4147 3108 4197 ὑπ’
3167 4146 3419 4217 ἐκείνης
3481 4165 3534 4216 με

2243 4234 2382 4287 κατὰ
2421 4232 2758 4303 δικαιοσύνην
2807 4236 2901 4286 καὶ
2943 4233 3393 4304 ἐκτυπούμενον
3429 4235 3522 4306 (21

599 4332 930 4380 contractum
981 4320 1051 4374 sit
1089 4326 1399 4386 utrumque;
1434 4314 1658 4383 etquod
1700 4327 1818 4380 qua:
1868 4312 2116 4367 dicuntur

2014 4322 2138 4406 ηυγ,
2169 4347 2216 4406 D
2244 4323 2521 4393 βασιλέως.
2544 4324 2651 4376 Καὶ
2677 4324 3016 4395 προσάγομαι
3053 4326 3140 4386 εἰς
3169 4324 3241 4376 τὸ
3277 4326 3455 4379 τοῦθ’
3516 4343 3533 4377 c

601 4428 705 4466 non
734 4423 982 4479 tanquam
1003 4408 1068 4461 de
1083 4408 1286 4462 duobus
1321 4404 1661 4475 quibusdam,
1680 4402 1773 4457 sed
1796 4410 2047 4470 tanquam
2071 4403 2120 4456 dt

2015 4416 2047 4454 ιι
2071 4403 2137 4457 de
2170 4402 2201 4406 θ
2240 4412 2636 4483 παραδέξασθαι
2669 4414 2778 4467 ἀπὸ
2800 4414 2892 4466 τοῦ
2918 4415 2997 4475 είς
3028 4414 3132 4466 ἕνα
3179 4414 3370 4483 λόγον
3408 4417 3533 4470 συνῖ

599 4515 707 4557 uno
722 4500 1081 4555 enuntientur.
1097 4495 1225 4550 Nam
1246 4495 1360 4563 fecit
1382 4493 1634 4548 Servatur
1655 4501 1870 4559 utraque
1888 4507 2050 4545 unum
2065 4492 2132 4558 ⁷⁸,

2237 4517 2388 4571 τερα,
2425 4502 2517 4553 καὶ
2541 4502 2609 4553 τὰ
2644 4500 3031 4570 ἐπιφερόμενα,
3066 4503 3285 4556 οὐκέτι
3312 4506 3409 4570 ὡς
3436 4524 3534 4576 πει

597 4607 718 4647 cum
745 4605 928 4645 eorum
955 4601 1071 4657 quae
1117 4586 1249 4639 fiunt
1296 4591 1525 4650 utraque
1568 4596 1753 4644 unum,
1785 4581 2046 4650 primitias
2078 4581 2116 4635 it

2020 4596 2046 4635 s
2078 4581 2132 4635 in
2236 4589 2686 4657 ἀπαγγέλλεσθαι,
2722 4590 2834 4643 ἀλλ’
2858 4592 2930 4654 ὡς
2960 4592 3090 4662 περὶ
3138 4593 3309 4657 ἐνός.
3352 4600 3533 4650 Πεπι

597 4683 776 4751 seipse
808 4689 928 4735 ante
968 4678 1144 4732 omnia
1189 4675 1420 4730 fecisset.
1467 4672 1660 4726 Vocem
1697 4681 1873 4725 autem
1916 4682 2116 4740 utraqut

2014 4687 2132 4740 tque
2236 4677 2423 4748 Σωτὴρ
2448 4680 2518 4733 τὰ
2543 4680 2839 4747 ἀμφότερα
2866 4680 2954 4743 ἐν,
2988 4681 3141 4734 κατὰ
3168 4683 3293 4752 τὴν
3329 4687 3472 4739 ἀπα
3484 4704 3533 4757 ρ]

598 4772 774 4827 refero
804 4771 868 4825 ad
892 4768 1136 4823 homines
1173 4767 1334 4821 etiam
1366 4764 1485 4818 illos
1517 4763 1625 4831 qui,
1658 4761 1965 4829 permistam
2011 4760 2131 4828 Spi-

597 4862 702 4916 ritu
749 4869 934 4915 sancto
968 4857 1227 4911 habentes
1278 4854 1539 4913 animam,
1594 4848 1905 4919 spirituales
1949 4846 2125 4904 effecti

2235 4767 2527 4837 γινομένων
2544 4770 2863 4842 ἀμφοτέρων
2888 4772 2945 4822 ἐν
2968 4771 3168 4841 ἐαυτῷ
3205 4775 3342 4844 πρὸ
3371 4780 3534 4831 πάντ

2244 4856 2606 4926 Ἀμφοτέρων
2628 4859 2684 4912 δὲ
2710 4859 2853 4929 λέγω
2875 4863 2968 4916 καὶ
2995 4864 3090 4916 ἐπὶ
3124 4862 3264 4915 τῶν
3298 4865 3533 4936 ἀνθρώ

663 4996 706 5029 ⁸⁷
727 4996 868 5050 Psal.
892 5010 1052 5062 xxxv,
1091 4995 1143 5047 7.
1203 4994 1246 5025 ⁸⁸
1272 4992 1376 5047 Jer.
1404 5005 1554 5053 xm,
1574 4989 1663 5042 27.
1738 4987 1783 5018 ⁶⁹
1819 4985 1970 5042 Vers.
2000 4990 2053 5044 8.
2123 4992 2169 5022 ⁷⁸

1427 4989 1663 5053 :xx1,27.
1738 4987 1783 5018 ⁶⁹
1819 4985 1970 5042 Vers.
2000 4990 2053 5044 8.
2123 4992 2169 5022 ⁷⁸
2192 4990 2339 5049 Vers.
2364 4997 2418 5049 '2.
2478 4999 2520 5028 '“
2545 4999 2738 5067 Ephes.
2770 5016 2832 5065 ιι,
2863 5001 2946 5054 14.

665 5107 777 5174 (l8)
799 5110 919 5161 Οὐκ
938 5108 1065 5179 ἐστι
1086 5111 1355 5179 γενέσθαι
1382 5108 1420 5176 ἢ
1438 5108 1598 5179 παρὰ
1613 5103 1714 5170 τῷ,
1744 5115 1856 5179 etc.
1877 5103 1975 5179 Si_c_
1991 5114 2136 5179 recte

600 5170 946 5244 habet'codex
972 5170 1316 5244 Bodleianus,
1343 5170 1484 5231 male
1517 5170 1696 5229 autem
1732 5172 1898 5226 editio
1934 5170 2133 5240 lluetii,

598 5242 776 5317 οὐκέξι
803 5241 1058 5317 Ιεῖέσθαξ
1074 5246 1289 5317 πτερὰ
1304 5241 1406 5315 ’τῷι

668 5309 777 5392 μθ)
797 5306 974 5363 Codex
1026 5306 1373 5379 ΒοόΙείιὶιιιιεξ
1407 5313 1467 5365 τὸ
1504 5310 1674 5363 οὕτω*
1715 5310 1878 5363 editio
1931 5306 2130 5370 ﬂuetii,

596 5392 935 5510 Male
963 5445 1125 5502 editio
1163 5446 1338 5501 Huetii
1370 5449 1420 5500 in
1450 5459 1595 5501 textu
1631 5403 1789 5500 habet
1811 5439 1903 5497 οὖν
1959 5442 2130 5510 ὑπάρ-

2305 5110 2414 5177 (21)
2442 5114 2552 5186 Kal
2594 5116 3061 5186 ἐκτυπούμενον.
3117 5117 3224 5172 Ita
3287 5120 3511 5175 habet

2234 5179 2478 5234 leianus:
2513 5185 2565 5234 iu
2598 5185 2833 5241 editione
2852 5179 3040 5241 lluetii
3064 5187 3522 5244 desideratur

2302 5247 2414 5324 (αξξ)
2444 5251 2603 5324 Κατὰ
2619 5250 2733 5324 τῂν
2751 5255 3054 5324 ἀπαρχὴν,
3087 5263 3237 5312 etc.
3284 5259 3506 5312 Deleo

2231 5315 2325 5398 τὴν
2359 5317 2607 5398 ἀπαρχὴν
2623 5315 2732 5398 τῶν
2760 5315 3067 5398 γινᾱμῖένων
3088 5326 3532 5398 ἀμφοτέρων

2230 5383 2335 5461 πρὸ
2354 5383 2574 5461 πάντων
2596 5383 2851 5459 ποιήσας,
2873 5383 2993 5461 dum
3023 5395 3114 5448 sic
3142 5383 3360 5451 ἰιὲηο
3392 5383 3414 5451 Ξ
3448 5411 3533 5448 cu

2228 5450 2381 5532 [lunt
2410 5460 2627 5523 utraque
2674 5450 2861 5528 unum,
2885 5450 3185 5532 primitias
3233 5450 3315 5520 ire
3353 5450 3433 5522 se
3469 5478 3534 5516 αι

596 5510 1037 5584 χουσανηιίιὶιίοηι
1080 5530 1175 5584 pro
1227 5516 1613 5583 συγκτηθεῖσαν
1672 5515 1799 5582 legit
1848 5510 2115 5566 Ferrarius

882 5513 1037 5584 {idem
1080 5530 1175 5584 pro
1227 5516 1613 5583 συγκτηθεῖσαν
1672 5515 1799 5582 legit
1848 5510 2130 5566 Ferrarius
2228 5510 2401 5572 cisset.

600 5577 1019 5634 συγκτισθεῖσαν.
