3848 6180
294 297 349 353 ,η

1405 293 1755 353 COMMENT.
1796 293 1862 350 ΙΝ
1900 293 2088 350 JOAN.
2125 292 2355 349 TOMUS
2387 293 2429 348 1.
3449 294 3512 348 78

301 409 622 478 ἀιδιχξχραται
656 382 739 457 τῷ
784 389 953 466 ἁγίῳ
1014 402 1315 479 Πνεῦματι
1363 411 1397 479 ἠ
1445 410 1673 464 ἑκάστου
1721 410 1885 480 ψυχὴ,

1992 419 2296 464 servantur.
2334 407 2405 464 Ut
2449 406 2611 477 igitur
2659 407 2866 477 aliquos
2918 421 3136 463 cernere
3188 416 3272 463 est
3325 408 3517 477 quibus

311 500 394 550 ita).
420 501 610 566 γέγονεν
650 479 897 547 ἐκαπθξ
944 491 1088 547 τῶν
1140 499 1458 569 σωζομένων
1497 479 1877 571 πνευματικός.

319 588 501 656 Ὠσπερ
514 577 593 636 οὖν
617 572 719 626 εἶσί
742 591 902 643 τινες
943 592 1381 660 ποιμαινόμενοι
1415 590 1518 644 ὑπὸ
1542 589 1773 660 Χριστοῦ
1796 590 1885 644 διὰ

319 675 376 725 sb
400 676 530 743 σφῶν
564 664 757 729 αὐτῶν,
807 667 890 733 ὥς
933 678 1386 750 προειρήκαμεν,
1441 680 1613 749 πρᾶον
1655 679 1751 749 μὲν
1790 680 1883 731 καὶ

322 764 572 825 εὐπαθὲς,
592 755 938 830 ἀλογώτερον
966 764 1054 817 δέ·
1087 768 1234 823 οὕτω
1275 771 1365 823 καὶ
1406 769 1804 839 βασιλευόμενοι
1832 769 1881 820 οἱ

324 852 456 904 κατά
477 845 818 918 λογικώτερον
854 856 1164 921 προσιέναι
1202 860 1267 929 τῇ
1314 857 1738 929 θεοσεϐείᾳ(⁴ὶ5)⁶
1789 857 1883 909 καὶ

325 940 726 1010 βασιλευομένων
787 939 1065 1015 διαφοραὶ
1090 984 1105 1008 ,
1160 948 1278 1018 ἦτοι
1341 946 1736 1017 μυστικώτερον
1791 946 1884 998 καὶ

324 1032 735 1102 ἀπορρητότερον
777 1031 880 1083 καὶ
924 1033 1395 1108 Θεοπρεπέστερον
1438 1036 1879 1107 βασιλευομένων,

324 1122 355 1192 ἣ
384 1123 774 1193 ὑποδεέστερον.
796 1125 914 1178 Καὶ
945 1126 1156 1197 εἴποιμ’
1190 1128 1254 1181 ἂν
1282 1128 1405 1190 τοὺς
1441 1128 1539 1197 μὲν
1558 1126 1885 1197 τεθεωρηκό-

320 1228 414 1273 τας
448 1212 512 1264 τὰ
544 1212 647 1275 ἔξω
688 1214 990 1282 σωμάτων,
1035 1216 1343 1286 καλούμενα
1383 1217 1529 1286 παρά
1567 1217 1643 1286 τῷ
1688 1216 1880 1285 Παύλῳ

320 1302 355 1353 ἀ
372 1303 533 1369 ἱρατα
569 1306 661 1356 καὶ
684 1305 762 1375 μὴ
782 1304 1114 1375 βλεπόμενα,
1133 1307 1235 1371 ἔξω
1253 1308 1449 1371 παντὸς
1470 1308 1719 1377 αίσθητοῦ
1744 1308 1881 1376 λόγῳ

316 1392 728 1460 γεγενημένους,
756 1393 1207 1464 βασιλευομένους
1229 1396 1332 1448 ὑπὸ
1354 1396 1452 1464 τῆς
1475 1395 1881 1466 προηγουμένης

315 1481 526 1547 φύσεως
549 1481 645 1533 τοῦ
667 1483 1030 1550 Μονογενοῦςο
1054 1485 1182 1546 τοὺς
1206 1485 1261 1536 δὲ
1288 1485 1445 1555 μέχρι
1478 1486 1569 1537 τοῦ
1613 1487 1737 1555 περὶ
1776 1485 1880 1537 τῶν

314 1570 585 1640 αἰσθητῶν
599 1571 764 1638 λόγου
782 1572 1109 1640 έφθακότας,
1127 1573 1221 1625 καὶ
1239 1572 1326 1625 διὰ
1346 1573 1547 1626 τούτων
1569 1573 1882 1638 δοξάζοντας

313 1660 403 1711 τὸν
428 1662 768 1726 πεποιηκότα
792 1662 885 1713 καὶ
906 1660 1103 1724 αὐτοὺς
1118 1662 1228 1715 ῦπδ
1241 1662 1396 1730 λόγου
1417 1662 1877 1732 βασιλευομένους,

1981 497 2229 553 Christus
2247 506 2330 552 cst
2354 506 2555 566 pastor,
2574 497 2729 553 sicuti
2755 497 3120 566 prtediximus,
3135 506 3350 568 propter
3368 514 3517 554 suam

1983 587 2214 657 ipsorum
2247 588 2705 643 mansuetudinem
2729 596 2783 641 et
2804 587 3113 641 ﬁrmitatem
3146 602 3264 658 qua:
3296 588 3434 642 inest
3462 588 3518 643 itt

1982 677 2277 732 irrationali
2328 685 2479 747 parte
2528 677 2753 743 animas,
2798 678 2878 733 sic
2920 680 3078 733 etiam
3106 679 3313 747 aliquos
3340 679 3522 733 videas

1982 768 2174 836 quibus
2206 781 2298 822 rex
2324 768 2394 821 sit
2432 767 2544 835 ipse
2576 765 2818 821 Christus
2847 767 2919 822 ob
2949 782 3066 822 eam
3098 768 3288 823 animae
3313 778 3519 839 partem

1982 872 2098 927 qua:
2126 856 2351 911 rationis
2389 856 2555 924 magis
2586 864 2671 909 est
2710 868 2900 925 capax,
2946 869 3042 926 per
3071 871 3229 925 quam
3263 860 3522 915 accedunt

1982 948 2048 1000 ad
2079 947 2168 1001 Dei
2202 946 2424 1001 cultum.
2468 945 2701 1012 Quorum
2745 945 2959 1013 quidem
2995 959 3170 1011 regem
3210 945 3518 1001 habentium

1982 1043 2104 1090 sunt
2133 1034 2462 1097 differentiae,
2492 1043 2746 1104 regnante
2784 1034 2835 1087 in
2890 1033 2997 1088 illis
3025 1048 3173 1105 rege,
3217 1034 3302 1090 vel
3353 1036 3522 1105 magis

1982 1126 2269 1179 secundum
2288 1124 2569 1194 mysticam
2601 1132 2654 1177 et
2684 1137 2934 1177 arcanam
2962 1123 3242 1190 rationem,
3272 1125 3523 1179 arcanius

1981 1228 2042 1268 ac
2074 1213 2327 1277 divinius,
2364 1212 2448 1266 vel
2473 1211 2862 1280 impcrl‘ectius.
2892 1210 2968 1265 Ex
3008 1226 3116 1280 quo
3155 1212 3379 1267 dixerim
3423 1229 3522 1282 ego

1983 1303 2034 1356 in
2064 1303 2165 1357 illis
2192 1304 2280 1372 qui
2322 1316 2557 1371 eousque
2602 1304 2809 1355 ratione
2855 1311 3251 1371 pervenerunt,
3285 1314 3343 1358 ut
3386 1319 3519 1359 con-

1982 1393 2216 1461 templati
2270 1392 2469 1446 fuerint
2517 1404 2577 1444 ea
2630 1404 2747 1457 qua)
2774 1404 3033 1454 corporea
3062 1404 3164 1445 non
3214 1402 3359 1455 sunt,
3406 1402 3460 1447 et
3488 1408 3520 1447 a

1980 1480 2142 1533 Paulo
2160 1480 2208 1511 ‘"
2230 1487 2485 1531 vocantur
2512 1476 2812 1542 invisibilia,
2834 1485 2890 1535 et
2919 1470 3037 1546 quas
3066 1479 3235 1533 oculis
3260 1483 3363 1533 non
3392 1494 3519 1533 εον-

1982 1580 2200 1631 nuntur,
2231 1567 2567 1636 prmcipuatn
2598 1566 2867 1636 Uuigcniti‘
2896 1581 3121 1636 regnare
3148 1580 3430 1632 naturam;
3465 1567 3519 1621 in

1981 1655 2047 1711 iis
2073 1671 2203 1711 vero
2222 1655 2312 1725 qui
2341 1656 2601 1711 rationem
2625 1658 2787 1710 etiam
2815 1656 3108 1726 attigerunt
3136 1671 3314 1711 rerum
3337 1671 3522 1711 earum

316 1750 420 1801 ὑπ’)
463 1748 559 1801 τοῦ
613 1723 859 1820 Χριστοῦ
913 1723 1323 1820 βασιλεύεσθαι..
1352 1723 1550 1822 Μηδεὶς
1606 1723 1679 1804 δὲ·
1720 1723 1881 1822 προσέ

1989 1758 2103 1813 quae
2136 1723 2297 1799 sensu
2332 1746 2533 1813 percipi
2580 1755 2822 1815 possunt,
2851 1755 2905 1800 et
2924 1723 3008 1799 ἐι
3042 1747 3190 1801 hisce
3225 1748 3383 1802 rebus
3410 1746 3524 1816 glo-

315 1837 561 1889 κοπτέτω
602 1836 989 1906 διακρινόντων
1011 1836 1171 1907 ἡμῶν
1198 1838 1309 1908 (21)
1332 1839 1432 1901 τὰς
1462 1840 1520 1891 έν
1554 1839 1631 1908 τῷ
1671 1839 1881 1909 Σωτῆρι

314 1928 577 1990 ἐπινοίας,
606 1927 853 1996 οἰόμενος
892 1928 987 1979 καὶ
1010 1930 1077 1998 τῇ
1101 1927 1258 1998 οὐσίᾳ
1292 1928 1483 1981 ταυτδν
1516 1929 1661 1999 ἡμᾶς
1684 1931 1873 1981 ποιεῖν.

1986 1836 2199 1891 riﬁcant
2225 1850 2347 1889 eum
2372 1836 2464 1903 qui
2500 1836 2626 1890 fecit
2654 1837 2887 1891 utetiam
2919 1837 3017 1905 ipsi
3044 1838 3145 1890 sub
3173 1852 3339 1907 regno
3360 1839 3525 1895 ratio-

1986 1926 2066 1979 nis
2093 1924 2221 1990 sint,
2244 1924 2411 1995 ipsum
2428 1924 2705 1982 Christum
2732 1939 2978 1994 regnare.
3006 1925 3189 1995 Neque
3214 1941 3344 1982 vero
3358 1926 3525 1983 oﬁ‘eno

315 2024 475 2074 datur
505 2022 670 2081 ullus.
702 2021 1085 2089 separantibus
1118 2021 1292 2085 nobis,
1321 2036 1440 2090 qua:
1463 2032 1586 2077 sunt
1616 2023 1667 2076 in
1691 2023 1994 2085 Servatore,
2018 2019 2455 2090 signiﬁcationes,
2490 2022 2629 2076 idem
2654 2022 2968 2079 existimans
3003 2022 3164 2079 etiam
3197 2022 3255 2079 in
3275 2024 3524 2083 substan-

314 2112 386 2165 tia
425 2112 600 2180 ipsius
629 2126 734 2165 nos
753 2110 952 2166 facere.

379 2204 472 2256 5|.
503 2202 656 2254 Πάνυ
702 2202 762 2256 δὲ
805 2202 900 2256 καὶ
948 2204 1058 2265 τοῖς
1101 2201 1348 2272 τυχοῦσιν
1378 2202 1487 2273 (25)
1530 2204 1715 2273 σαφὲς,
1769 2203 1883 2266 πῶς

314 2292 433 2344 ἔστι
462 2291 787 2355 διδάσκαλος
817 2294 912 2346 καὶ
956 2292 1286 2363 σαφηνιστὴς
1327 2293 1433 2345 τῶν
1483 2294 1562 2356 είς
1608 2293 1881 2346 εὐσέϐειαν

316 2382 430 2451 (26)
460 2383 850 2435 συντεινόντων
879 2385 909 2436 6
953 2382 1156 2452 Κύριος
1203 2381 1377 2452 ἡμῶν,
1408 2382 1501 2435 καὶ
1529 2380 1723 2451 Κύριος
1760 2380 1880 2433 δού-

316 2470 425 2524 λων
462 2470 575 2523 τῶν
625 2472 895 2539 ἐχόντων
937 2472 1171 2539 πνεῦμα
1223 2471 1499 2535 δουλείας
1552 2472 1638 2534 είς
1676 2471 1878 2538 φόϐον,

316 2559 758 2632 προκοπτόντων,
804 2559 900 2613 καὶ
928 2561 1022 2614 ἐπὶ
1050 2561 1146 2631 τὴν
1181 2561 1368 2628 σοφίαν
1403 2559 1752 2622 σπευδόντων,
1786 2561 1879 2614 καὶ

317 2650 521 2718 ταύτης
549 2650 890 2720 ἀξιουμένων
912 2665 926 2680 ·
986 2649 1146 2703 Ἐπεὶ
1194 2652 1227 2702 ὁ
1267 2649 1484 2715 δοῦλος
1532 2651 1641 2703 οὐκ
1666 2644 1787 2702 οἶδε
1820 2651 1879 2703 τί

318 2738 472 2794 θέλει
503 2744 538 2793 ό
569 2741 781 2807 κύριος
803 2738 1011 2802 αὐτοῦ,
1055 2739 1115 2791 οὐ
1163 2738 1309 2809 μένει
1355 2739 1539 2809 κύριος
1558 2780 1572 2803 ,
1605 2739 1879 2808 γινόμενος

319 2830 491 2882 αὐτῶν
517 2829 695 2898 φίλος,
735 2830 831 2881 καὶ
856 2828 1023 2893 αὐτὸς
1045 2827 1201 2882 τοῦτο
1227 2827 1479 2893 διδάσκει,
1520 2828 1652 2880 ὅπου
1682 2827 1776 2897 μὲν
1802 2826 1882 2880 έτι

2055 2201 2159 2271 33
2188 2200 2278 2255 3|.
2318 2198 2419 2254 Vel
2463 2199 2772 2270 vulgaribus
2816 2217 2944 2257 vero
2987 2204 3285 2275 quibusque
3331 2208 3520 2265 admo-

1986 2288 2112 2343 dum
2148 2289 2306 2343 etiam
2343 2288 2545 2355 patebit
2579 2290 2847 2357 quomodo
2901 2290 3155 2345 Dominus
3202 2304 3385 2350 noster
3414 2311 3522 2351 ma-

1985 2376 2151 2445 gister
2174 2376 2243 2429 sit
2273 2384 2327 2430 et
2368 2375 2683 2442 explanator
2712 2376 2798 2431 his
2823 2376 2911 2445 qui
2943 2381 3279 2435 contendunt
3310 2386 3377 2438 ad
3407 2385 3521 2453 pie—

1984 2474 2168 2530 tatem,
2202 2477 2266 2518 ac
2292 2463 2551 2518 Dominus
2596 2479 2872 2519 servorum
2913 2465 3122 2521 illorum
3163 2470 3252 2539 qui
3275 2473 3521 2540 spiritum

1982 2552 2242 2606 servitutis
2268 2550 2450 2604 habent
2484 2551 2552 2602 ad
2574 2551 2809 2604 timorem
2825 2551 2907 2615 ";
2939 2551 3031 2620 qui
3062 2551 3106 2606 si
3134 2554 3435 2624 proﬁciant,
3464 2566 3523 2613 et

1986 2640 2051 2694 ad
2079 2639 2393 2708 sapientiam
2424 2652 2633 2695 summo
2658 2640 2836 2694 studio
2854 2643 3200 2707 contendant,
3229 2645 3391 2699 etiam
3420 2647 3522 2702 hac

1984 2726 2127 2797 digni
2170 2726 2454 2789 habentur,
2508 2728 2753 2794 quoniam
2802 2743 2975 2782 servus
3018 2731 3198 2792 nescit,
3226 2732 3353 2800 quid
3398 2737 3520 2787 velit

1982 2816 2222 2870 dominus
2275 2816 2523 2883 ipsius“,
2574 2829 2673 2870 nec
2719 2816 2948 2884 amplius
3004 2826 3184 2872 autem
3240 2832 3522 2887 permanet

318 2919 486 2972 δοῦλοι
518 2920 770 2989 ὑπῆρχον
802 2918 852 2970 οἱ
893 2916 1248 2988 ἀκροώμενοι,
1275 2917 1493 2986 φάσκων
1514 2932 1528 2947 ’
1565 2916 1747 2985 Ὑμεῖς
1772 2934 1885 2984 φω-

1989 2904 2258 2968 Dominus,
2282 2905 2455 2960 factus
2478 2905 2687 2959 illorum
2706 2905 2930 2969 amicus,
2952 2905 3006 2960 id
3029 2906 3170 2975 quod
3194 2907 3309 2975 ipse
3337 2909 3517 2973 docet,

318 3008 469 3062 νεῒτέ
498 3025 576 3076 με
605 3012 639 3061 ό
665 3006 1055 3071 διδάσκαλος,
1096 3006 1194 3059 καὶ
1225 3009 1261 3061 ό
1288 3008 1512 3073 Κύριος,
1555 3006 1649 3058 καὶ
1688 3004 1883 3071 καλῶς

320 3096 555 3165 λέγετε,
605 3095 729 3165 εἰμὶ
759 3094 908 3164 γάρ’
967 3095 1097 3147 ὅπου
1147 3093 1235 3147 δέ·
1287 3094 1495 3148 Οὐκέτι
1536 3095 1687 3162 ὑμᾶς
1732 3094 1883 3163 λέγω
1948 3151 1953 3155 ,

323 3185 598 3251 δούλους,
652 3184 745 3238 δτι
794 3187 828 3237 ό
872 3181 1094 3247 δοῦλος
1136 3183 1246 3235 οὐκ
1288 3179 1411 3236 οἶδε
1454 3182 1513 3235 τί
1550 3183 1617 3237 τὸ
1661 3181 1884 3250 θέλημα

326 3272 426 3326 τοῦ
450 3273 663 3340 κυρΙου
691 3260 911 3326 αὐτοῦ·
939 3272 1076 3326 ἀλλ’
1105 3271 1218 3340 ἐγὼ
1261 3268 1413 3339 ὑμᾶς
1457 3271 1672 3339 φίλους
1709 3270 1880 3339 λέγω,

323 3357 400 3410 ὃτι
420 3359 895 3429 atoue-pertinace
910 3361 1039 3429 μετ’
1063 3359 1207 3427 ἐμοῦ
1255 3359 1325 3412 ἐν
1344 3358 1494 3413 πᾶσι
1540 3358 1663 3424 τοῖς
1690 3371 1885 3425 πεφα-

322 3447 490 3515 σμοῒς
509 3466 651 3516 μου.
706 3450 769 3501 Οί
801 3436 895 3501 οῦν
927 3447 1068 3500 κατά
1093 3445 1253 3514 φόϐον
1286 3445 1541 3515 βιοῦντες,
1574 3446 1632 3499 δν
1668 3447 1889 3500 ἀπαιτεῖ

322 3535 423 3587 ἀπὸ
451 3536 559 3587 τῶν
591 3538 653 3589 οὗ
687 3536 868 3588 καλῶν
904 3534 1104 3588 δούλων
1135 3537 1164 3587 6
1201 3534 1351 3597 Θεὸς,
1384 3533 1459 3596 ὡς
1493 3535 1798 3605 ἀνέγνωμεν
1825 3536 1883 3586 ὲν

321 3622 392 3690 τῷ
420 3622 678 3691 Μαλαχίᾳ
697 3638 711 3652 ·
744 3624 818 3675 El
854 3622 1067 3687 Κύριός
1089 3623 1205 3689 ειμι
1227 3620 1359 3689 ἐγὼ,
1401 3620 1517 3674 ποῦ
1542 3620 1708 3674 ἐστιν
1730 3623 1763 3674 ό
1786 3621 1884 3688 59(5-

321 3714 417 3777 σος
438 3730 591 3780 μου;
620 3712 802 3765 δοῦλοι
824 3712 1150 3781 τυγχάνουσι
1175 3712 1375 3782 Κυρίου
1400 3710 1492 3765 τοῦ
1518 3711 1761 3781 Σωτῆρος
1788 3711 1882 3764 αὒ-

320 3801 422 3853 τῶν
446 3802 609 3854 καλου
618 3802 805 3871 μένου.

384 3890 468 3943 52.
521 3891 686 3943 Ἀλλά
729 3890 818 3943 διὰ
866 3889 1069 3942 τούτων
1118 3889 1331 3942 πάντων
1358 3889 1418 3943 οὐ
1455 3889 1638 3957 σαφῶς
1667 3889 1699 3956 ἡ
1728 3887 1881 3953 εὐγέ-

319 3998 430 4032 νεια
475 3982 809 4051 παρίσταται
849 3978 945 4031 τοῦ
978 3978 1111 4031 Υἱοῦ
1136 3995 1151 4009 ·
1182 3978 1269 4031 ὅτε
1314 3978 1371 4031 δὲ
1398 3980 1488 4031 τό*
1520 3979 1646 4042 Υἱός
1676 3993 1793 4044 μου
1834 3971 1890 4027 εἷ

318 4071 415 4133 σὺ,
443 4071 557 4139 ἐγὼ
601 4068 875 4137 σήμερον
896 4068 1233 4136 γεγέννηκὰ
1268 4083 1362 4131 σε,
1390 4068 1603 4134 λέγεται
1629 4065 1761 4136 πρὸς
1787 4064 1883 4117 αὑ-

318 4161 402 4214 τὸν
439 4161 541 4214 ὑπὸ
568 4160 665 4213 τοῦ
700 4157 860 4222 Θεοῦ,
911 4151 955 4225 ᾧ
984 4157 1071 4210 ἀεί
1096 4159 1211 4209 ἐστι
1238 4158 1298 4209 τὸ
1347 4158 1611 4229 σήμερονο
1663 4154 1762 4206 οὐκ
1804 4152 1880 4204 ένι

1982 3005 2102 3046 cum
2133 2993 2309 3048 adhuc
2341 2994 2479 3047 servi
2508 3001 2664 3048 erant
2687 2991 2856 3060 ipsius
2887 2992 3193 3058 auditores,
3224 2994 3409 3049 dicens
3428 2994 3476 3029 "
3497 3012 3517 3051 ι

1989 3079 2093 3135 Vos
2127 3082 2318 3135 vocatis
2342 3097 2422 3135 me
2444 3081 2753 3149 Magistrum
2793 3097 2854 3134 ac
2880 3080 3178 3147 Dominum,
3209 3090 3259 3136 et
3283 3083 3405 3137 bene
3432 3086 3520 3137 di-

1981 3167 2117 3227 citis,
2156 3182 2269 3219 sum
2313 3168 2534 3228 etenim;
2576 3165 2705 3219 alibi
2749 3179 2879 3220 vero
2914 3165 3221 3233 :Posthac,
3267 3185 3370 3221 non
3401 3171 3519 3224 dico

1981 3272 2067 3309 eos
2098 3271 2291 3318 servos,
2320 3256 2441 3322 quia
2477 3270 2652 3308 servus
2693 3257 2853 3309 nescit
2889 3272 3005 3324 qua:
3048 3258 3114 3310 sit
3143 3257 3384 3312 voluntas
3423 3260 3520 3313 do-

1981 3346 2112 3397 mini
2140 3346 2225 3398 sui
2253 3346 2381 3399 :sed
2417 3345 2534 3398 dico
2571 3360 2658 3398 vos
2679 3345 2876 3400 amicos
2897 3345 2963 3411 ⁷⁸,
2995 3348 3247 3415 quoniam
3275 3364 3519 3416 perman-

1981 3434 2120 3487 sislis
2184 3450 2379 3487 mecum
2432 3434 2484 3486 in
2538 3435 2779 3487 omnibus
2828 3434 3258 3489 tribulationibus
3310 3436 3518 3491 meis".

1982 3522 2080 3587 Qui
2108 3536 2234 3592 ergo
2265 3522 2315 3575 in
2343 3523 2540 3576 timore
2561 3523 2768 3585 vivunt,
2801 3537 2958 3590 quem
2983 3523 3153 3591 exigit
3178 3523 3318 3577 Deus
3348 3538 3377 3577 a
3404 3539 3522 3578 ser-

1984 3610 2064 3662 vis
2094 3624 2199 3663 non
2235 3609 2406 3671 bonis,
2441 3620 2501 3663 ut
2532 3610 2759 3678 legimus
2809 3612 2860 3664 in
2912 3610 3174 3667 Malaeltia
3196 3612 3243 3645 ⁷⁸
3271 3629 3286 3666 :
3310 3612 3369 3666 Si
3414 3614 3523 3666 Do-

1981 3697 2153 3750 minus
2183 3713 2276 3765 ego
2315 3714 2450 3761 sum,
2477 3698 2564 3751 ubi
2592 3708 2666 3751 est
2699 3691 2851 3750 timor
2885 3699 3068 3752 meus?
3098 3699 3239 3753 servi
3266 3708 3393 3755 sunt
3421 3700 3523 3755 Do-

1983 3786 2111 3838 mini
2143 3788 2231 3854 qui
2268 3786 2479 3840 illorum
2504 3795 2729 3840 vocatur
2749 3788 3031 3840 Servatur.

2049 3874 2138 3929 δε.
2176 3876 2428 3929 Attamen
2459 3890 2558 3929 nec
2584 3876 2663 3928 his
2690 3875 2937 3929 omnibus
2963 3877 3244 3930 manifeste
3282 3876 3403 3931 Filii
3427 3891 3522 3931 no-

1983 3962 2163 4015 bilitas
2205 3962 2531 4027 declaratur,
2576 3964 2669 4017 sed
2712 3972 2821 4015 tum
2874 3979 2997 4016 cum
3031 3962 3252 4018 :Filius
3293 3980 3436 4019 meus
3466 3981 3520 4019 es

1984 4058 2061 4115 tu,
2102 4066 2195 4120 ego
2236 4051 2389 4104 hodie
2430 4053 2584 4120 genui
2614 4062 2664 4106 te
2686 4051 2753 4116 ",
2787 4052 2984 4106 dicitur
3033 4053 3100 4107 ad
3142 4052 3293 4107 illum
3327 4068 3359 4106 ιι
3388 4052 3518 4117 Deo,

1984 4140 2069 4194 cui
2100 4155 2314 4208 semper
2344 4150 2426 4193 est
2457 4139 2635 4204 hodie,
2662 4155 2838 4209 neque
2866 4142 3008 4195 enim
3038 4151 3121 4197 est
3147 4155 3367 4210 vespera
3402 4141 3519 4207 Dci,

688 4211 859 4309 Θεοῦ,
883 4211 993 4313 ἐγὼ
1023 4247 1081 4299 δὲ
1110 4245 1369 4315 ἠγοῦμαι,
1400 4211 1502 4298 δτι.
1526 4244 1643 4297 οὐδὲ
1685 4242 1881 4313 πρωῒα,

1990 4243 2161 4297 neque
2195 4244 2374 4293 mane,
2410 4243 2529 4283 meo
2565 4230 2778 4297 quidem
2816 4230 3040 4300 judicio,
3071 4232 3163 4286 sed
3192 4240 3422 4298 tempus,
3462 4240 3521 4287 ut

317 4339 424 4390 ἀλλ’
449 4341 478 4391 6
508 4336 1005 4408 συμπαρεκτείνων
1043 4337 1113 4405 τῇ
1140 4336 1390 4405 ἀγενήτῳ
1418 4335 1508 4389 καὶ
1535 4334 1688 4402 ἀϊδίῳ
1718 4329 1881 4384 αὐτοῦ

319 4425 448 4497 ζωῇ,
483 4428 550 4479 ἵν’
594 4425 774 4486 οὕτως
802 4425 958 4487 εἴπω,
1006 4424 1199 4493 χρόνος
1233 4424 1417 4492 ἡμέρα
1442 4423 1587 4476 ἐστὶν
1615 4420 1762 4491 αὐτῷ
1791 4420 1885 4490 σή-

320 4532 498 4587 μερον,
551 4518 609 4568 έν
742 4514 1064 4582 γεγέννηται
1117 4512 1147 4564 6
1197 4512 1357 4573 Υἱός·
1404 4511 1578 4581 ἀρχῆς
1624 4509 1886 4577 γενέσεως

316 4603 472 4656 αὐτοῦ
509 4604 684 4664 οὕτως
714 4602 814 4670 οὐχ
839 4600 1257 4670 εὑρισκομένης,
1287 4598 1360 4660 ὡς
1390 4598 1506 4650 οὐδὲ
1536 4598 1635 4667 τῆς
1656 4596 1885 4666 ἡμέρας.

384 4694 472 4746 55.
513 4691 853 4762 Προσθετέον
878 4692 989 4752 τοῖς
1021 4688 1335 4759 εἰρημένοις
1374 4686 1488 4750 πῶς
1536 4690 1678 4740 έστιν
1701 4689 1729 4737 6
1758 4685 1882 4748 Υἱὸς

318 4780 534 4849 ἀληθινή
576 4777 842 4847 ἄμπελος.
883 4776 1055 4829 Τοῦτο
1086 4774 1145 4826 δὲ
1176 4772 1330 4841 δῆλον
1369 4771 1521 4825 ἔσται
1552 4775 1661 4833 τοῖς
1695 4771 1885 4822 συνιεῖ-

320 4887 397 4922 σιν
430 4870 594 4933 ἀξίως
620 4869 844 4938 χάριτος
875 4863 1226 4936 προςρητικῆς
1253 4861 1338 4912 τό·
1376 4858 1554 4928 Οἷνος
1592 4860 1887 4929 εὐφραίνει

316 4960 559 5027 καρδίαν
579 4956 916 5024 ἀνθρώπου.
967 4955 1032 5006 Εί
1057 4950 1169 5019 γὰρ
1193 4949 1226 5015 ὴ
1253 4948 1440 5018 καρδία
1469 4949 1535 5003 τὸ
1564 4946 1889 5017 διανοητικόν

319 5050 447 5113 ἐστι,
482 5050 546 5101 τὸ
576 5049 645 5101 δὲ-
684 5046 976 5117 εὐφραῖνον
1008 5039 1144 5093 αὐτὸ
1189 5038 1216 5087 ό
1244 5038 1625 5105 ποτιμώτατός
1669 5040 1781 5090 έστι
1808 5033 1891 5087 λό-

1981 4318 2051 4371 ita
2088 4318 2284 4379 dicam,
2332 4318 2492 4372 simul
2540 4333 2597 4371 se
2639 4322 2933 4373 extendens
2960 4334 3081 4374 cum
3108 4320 3197 4374 illa
3230 4322 3398 4389 ipsius
3428 4322 3514 4375 in-

1981 4407 2155 4472 genita
2186 4416 2239 4459 et
2270 4410 2590 4474 sempiterna
2620 4408 2723 4461 vita
2761 4408 2857 4476 ipsi
2887 4409 3002 4463 dies
3026 4409 3313 4473 est'ltodie,
3337 4410 3387 4462 in
3416 4424 3519 4477 qua

1982 4495 2194 4562 genitus
2215 4503 2296 4547 est
2331 4494 2535 4560 Filius;
2573 4496 2651 4550 sic
2693 4511 2796 4550 non
2830 4497 3048 4553 invento
3092 4498 3321 4567 originis
3356 4499 3524 4568 ipsius

1981 4581 2265 4649 principio,
2298 4584 2436 4636 sicut
2470 4598 2643 4652 neque
2669 4584 2796 4643 diei.

2056 4674 2145 4727 33.
2186 4674 2406 4740 Insuper
2468 4674 2771 4728 addendum
2829 4686 2910 4730 est
2966 4678 3050 4732 his
3099 4693 3216 4746 qua
3269 4679 3522 4741 diximus,

1990 4764 2254 4831 quomodo
2292 4763 2458 4816 Filius
2506 4764 2581 4817 sit
2610 4766 2733 4820 vitis
2784 4782 2910 4823 vera
2936 4767 2999 4821 θ’.
3030 4770 3105 4821 Ac
3134 4767 3372 4835 profecto
3420 4768 3522 4820 hoc

1989 4854 2326 4922 perspicuum
2373 4854 2479 4907 erit.
2506 4854 2575 4908 iis
2607 4856 2720 4922 qui,
2754 4864 2812 4907 ut
2842 4856 3056 4924 dignum
3093 4864 3175 4907 est
3203 4854 3517 4922 pr0pltetica

1993 4944 2186 5013 gratia,
2213 4941 2517 5012 intelligunt
2543 4943 2671 4996 illud
2693 4944 2735 4975 "
2768 4957 2783 4995 :
2822 4941 3015 4995 Vinum
3061 4942 3294 5007 laetiﬁcat
3315 4957 3405 4994 cor
3432 4942 3525 4994 Ito-

1997 5032 2178 5085 utinis.
2208 5031 2339 5085 Nam
2367 5031 2410 5085 si
2437 5045 2530 5086 cor
2556 5040 2638 5086 est
2687 5029 3015 5098 intelligendi
3048 5029 3291 5095 facultas,
3329 5030 3525 5098 ipsam-

382 5178 425 5208 "
448 5177 656 5229 Coloss.
691 5174 837 5237 ι,16.
914 5172 962 5203 ⁷⁸
988 5169 1145 5237 llotu.
1168 5166 1421 5237 ""115?
1482 5169 1538 5237 Ϊδ
1558 5168 1712 5222 Joan.
1734 5185 1820 5232 xv,
1853 5169 1892 5221 ll

1996 5169 2055 5237 A"
2075 5166 2224 5220 Joau.
2244 5168 2465 5237 ιιιι,15.
2539 5167 2585 5198 ’⁸
2609 5166 2761 5220 Joan.
2785 5179 2873 5228 xv,
2895 5164 2982 5219 15.
3055 5166 3100 5197 ⁷⁷
3126 5164 3260 5221 Luc.
3279 5166 3521 5233 xxn,28.

321 5244 362 5275 "
383 5260 499 5313 cap.
522 5262 565 5307 ι,
610 5259 754 5297 vers.
783 5243 837 5294 6.

384 5378 492 5445 (23)
521 5378 701 5445 Lego:
745 5369 965 5427 οἶκατά
1009 5360 1348 5433 λογικώτερον
1409 5371 1752 5436 προσίενται
1819 5374 1884 5442 τῇ

322 5445 939 5563 θεῖξὶξεὲῗᾶκωνόντων
958 5493 1140 5563 ἡμῶν.
1175 5494 1250 5548 Ita
1280 5510 1429 5554 recte
1493 5504 1672 5559 habet
1718 5507 1885 5560 codex

385 5512 490 5592 (ἓιίὶ
516 5512 1843 5592 ΔιακρινέτῖωἷηἘῗζξάωηῗῗξίέ.-ΡΨῩῌΞΨῈ

322 5563 666 5642 Bodleianusf
710 5573 846 5628 male
894 5577 1022 5619 vero
1056 5563 1193 5627 apud
1245 5564 1531 5624 ﬂuetium
1592 5572 1782 5642 legitur
1830 5573 1885 5626 in

915 5239 961 5269 ”
989 5234 1129 5288 i’sal.
1172 5245 1229 5292 tt,
1258 5231 1306 5285 7.
1377 5234 1430 5265 ⁸⁸
1469 5234 1642 5289 Joan.
1680 5252 1769 5299 xv,
1799 5231 1845 5289 1.
1918 5236 1960 5267 ⁸¹
1995 5235 2132 5288 Psal.
2177 5249 2292 5297 cm,
2327 5235 2413 5287 15.

1994 5369 2450 5440 ιοκιιιμδιακρίνων
2475 5368 2647 5440 ἡμῶν.

2062 5436 2175 5509 (‘25)
2188 5435 2620 5509 Τυχοῦιζινέξιο
2637 5446 2783 5509 recte
2808 5437 2972 5491 habet
2987 5438 3153 5492 codex
3174 5435 3523 5509 Bodleianus,

1993 5502 2129 5565 male
2154 5502 2526 5572 'aute't’nreditio
2553 5503 2731 5560 lluetil
2756 5507 2808 5559 in
2846 5505 3323 5572 textujuyxdvmv.

2060 5572 2169 5646 (26)
2199 5571 2541 5629 Εὐσέϐειαν.
2568 5572 2730 5630 Deest
2745 5574 2798 5628 in
2827 5581 2973 5628 textu
2996 5566 3194 5629 ﬂuetii.
