3848 6200
541 343 612 400 83
1954 335 2269 393 ORIGENIS
3565 325 3610 379 8t

539 453 661 519 bus,
685 451 807 520 quia
842 459 995 505 natus
1031 450 1099 504 sit
1139 463 1204 504 cx
1238 446 1478 517 Virgine,
1507 453 1560 503 ct
1587 447 1657 502 ob
1701 447 1958 516 reliquam
1991 450 2066 502 vi.

2168 447 2260 501 τοῦ
2288 445 2533 516 οὐρανοῦ,
2584 445 2652 497 τὰ
2702 444 2936 513 στοιχεῖα
2971 442 3177 502 ἐκεῖνα,
3229 437 3304 490 ἴνα
3339 432 3393 487 δι’
3419 434 3553 487 αὐτῶν
3569 440 3610 487 τὸ

539 548 646 594 tam
696 538 1087 594 admirabiliter
1117 545 1462 601 transactam,
1509 535 1580 589 ita
1631 537 1774 590 inter
1826 549 2067 591 mortuos

538 645 644 685 non
673 629 919 684 derelicta
950 637 1030 681 est
1073 626 1248 679 anima
1293 624 1411 693 ejus
1432 625 1483 678 in
1518 622 1804 689 infernum,
1834 640 1899 680 eo
1927 627 2066 696 quod

535 720 646 774 illic
674 719 817 773 solus
843 718 1003 771 fuerit
1039 716 1195 773 liber.
1236 713 1409 784 Atque
1438 715 1581 770 hunc
1623 716 1837 785 quidem
1867 716 1921 769 in
1961 732 2066 769 mo-

533 807 659 859 dum
706 807 912 873 primus
960 813 1043 860 est
1080 814 1135 860 et
1174 804 1411 860 ultimus.
1450 806 1603 871 Quod
1647 806 1689 860 si
1725 802 1850 860 sunt
1877 804 2067 859 littera:

535 892 644 960 Dei,
671 903 728 948 ut
754 903 903 950 certe
936 904 1078 955 sunt.
1102 910 1236 964 quas
1262 896 1428 951 sancti
1458 895 1692 963 legentes
1723 910 1786 950 ea
1806 909 1864 949 se
1883 895 2067 948 dicunt

530 994 725 1050 .cgere,
761 997 878 1051 quae
906 984 1015 1039 sint
1045 985 1098 1039 in
1128 983 1324 1039 tabulis
1356 984 1502 1046 cteli,
1530 984 1791 1038 elementa
1840 984 1950 1045 illa,
1974 998 2068 1052 per

530 1084 650 1139 qua
705 1071 926 1141 legenda
962 1082 1082 1128 sunt
1129 1074 1389 1140 celestia,
1420 1075 1663 1128 notiones
1686 1082 1831 1138 sunt,
1865 1073 1917 1127 in
1962 1074 2069 1143 36

531 1159 767 1215 minutas
815 1169 997 1229 partes
1046 1162 1262 1227 divisas,
1312 1177 1500 1231 nempe
1549 1164 1600 1216 in
1646 1158 1705 1214 A'
1736 1169 1790 1215 et
1829 1176 1946 1230 quae
1979 1175 2068 1215 se-

532 1256 791 1316 quuntur,
845 1264 1014 1319 usque
1054 1252 1119 1305 ad
1158 1252 1219 1314 0,
1252 1252 1391 1320 quod
1446 1260 1529 1304 est
1565 1250 1730 1304 Filius
1768 1251 1882 1304 Dei.
1929 1248 2067 1301 ιὶιιιη

531 1352 627 1393 sus
676 1339 815 1393 idem
865 1341 1182 1409 principium
1229 1350 1311 1394 est
1356 1350 1410 1394 et
1445 1341 1595 1403 ﬁnis;
1643 1340 1734 1393 sed
1776 1340 2065 1393 secundum

528 1428 954 1497 signiﬁcationes
999 1446 1103 1483 non
1138 1441 1220 1485 est
1250 1432 1409 1483 idem.
1445 1430 1575 1482 Nam
1610 1429 1928 1498 principium
1959 1438 2066 1492 εει,

529 1526 794 1585 quatenus
820 1518 1082 1585 sapientia
1115 1528 1215 1580 est,
1245 1528 1305 1571 ut
1332 1519 1385 1571 in
1424 1517 1728 1571 Proverbiis
1762 1517 2067 1571 didicimus.

531 1606 802 1675 Scriptum
832 1618 919 1661 est
950 1621 1078 1676 ergo
1105 1607 1150 1640 "
1179 1629 1191 1662 :
1223 1607 1362 1661 Deus
1397 1608 1587 1660 creavit
1634 1621 1714 1659 me
1756 1605 2068 1674 principium

529 1697 730 1749 uiarum
755 1711 970 1749 suarum
1000 1697 1068 1750 ad
1093 1710 1246 1763 opera
1275 1695 1407 1761 ejus.
1428 1692 1703 1760 Quatenus
1731 1701 1906 1746 autem
1938 1692 2068 1746 Ver-

529 1783 656 1836 bum
708 1794 810 1849 est,
850 1792 970 1839 non
1023 1792 1109 1838 est
1154 1782 1496 1851 principium,
1529 1781 1654 1849 quia
1718 1784 1772 1836 in
1814 1780 2069 1846 principio

537 1882 653 1927 erat
708 1873 944 1927 Verbum.
987 1871 1155 1940 Igitur
1195 1869 1613 1939 signiﬁcationes
1640 1867 1753 1932 eius
1798 1867 2068 1920 continent

531 1963 876 2032 principium,
900 1973 956 2017 et
983 1965 1276 2018 secundum
1304 1962 1578 2031 quiddam,
1600 1969 1655 2014 et
1683 1960 1917 2021 tertium,
1941 1972 2068 2026 prae-

2161 535 2382 604 οὺράνια
2429 531 2761 600 ἀναγνωσθῇ,
2796 532 2852 582 αί
2899 530 3096 583 έννοιαι
3130 524 3460 594 τυγχάνουσιν,
3499 539 3610 574 κατα·

2162 624 2613 695 κερματιζόμεναι
2639 624 2718 685 εἰς
2758 621 2922 690 ἄλφα,
2950 621 3043 672 καὶ
3076 617 3147 670 τὰ
3175 616 3308 686 ἑξῆς,
3335 614 3465 684 μέχρι
3483 614 3553 665 τοῦ
3576 634 3606 665 ω

2160 714 2251 767 τοῦ
2284 712 2412 765 Υίοῢ
2440 713 2532 765 τοῦ
2576 711 2727 765 Θεοῦ.
2782 711 2949 764 Πάλιν
2978 709 3036 762 δὲ
3077 706 3223 777 ἀρχὴ
3265 703 3343 756 καὶ
3368 702 3488 764 τέλος
3513 705 3532 754 ὁ
3555 704 3609 755 σὺ

2170 804 2275 866 τὸς.
2310 803 2420 856 ἀλλ’
2450 803 2509 855 οὐ
2538 801 2675 854 κατά
2698 800 2797 862 τὰς
2839 798 3081 859 ἐπινοίας
3121 798 3152 849 ὁ
3180 795 3342 857 αὑτός.
3377 792 3512 863 Ἀρχὴ
3536 792 3610 862 γᾶς

2169 893 2243 953 ὡς
2276 893 2332 943 ἐν
2376 893 2493 952 ταῖς
2531 890 2866 956 Παροιμίαις
2918 885 3328 956 μεμαθήκαμεν,
3374 883 3487 935 καθὸ
3521 884 3609 949 cogi

2169 980 2437 1049 τυγχάνει,
2495 977 2639 1030 ἐστί·
2686 976 2988 1045 γέγραπται
3040 974 3205 1042 γοῦνο
3247 975 3294 1024 ‘0
3336 971 3460 1036 Θεὸς
3487 972 3610 1025 eam

2165 1086 2240 1138 με
2283 1067 2476 1136 ἀρχὴν
2525 1064 2676 1119 ὁδῶν
2702 1065 2884 1118 αὐτοῦ
2930 1066 3020 1129 είς
3056 1063 3203 1133 ἔργα
3231 1061 3408 1116 αὐτοῦ.
3463 1061 3610 1114 Καθὸὲ

2171 1158 2321 1226 λόγος
2346 1157 2508 1218 ἐστὶν,
2541 1156 2639 1208 οὐκ
2654 1155 2794 1207 ἔστιν
2813 1154 2950 1223 ἀρχή
2970 1168 2984 1182 ⁸
2997 1147 3234 1221 ἐνὰρχῇ
3252 1150 3344 1221 γὰρ
3362 1144 3609 1218 ἦνόΛόγοι

2173 1246 2376 1300 Οὐκοῦν
2402 1247 2456 1298 αἰ
2504 1245 2734 1297 ἐπίνοιαι
2767 1241 2929 1295 αὑτοῦ
2957 1241 3173 1308 ἔχουσιν
3202 1238 3376 1308 ἀρχὴν,
3408 1238 3490 1289 καὶ
3511 1238 3609 1289 δεύτ

2174 1336 2263 1407 ρόν
2289 1353 2340 1387 τι
2373 1334 2520 1404 παρά
2550 1333 2646 1403 τὴν
2674 1331 2867 1402 ἀρχὴν,
2900 1331 2993 1381 καὶ
3024 1328 3228 1398 τρίτον,
3256 1329 3338 1380 καὶ
3360 1325 3507 1389 οὕτως
3528 1326 3610 1395 μέχ

2171 1424 2350 1486 τέλους
2372 1439 2385 1453 ο
2425 1423 2554 1474 ὡσεὶ
2585 1422 2795 1488 ἔλεγεν·
2851 1420 3017 1489 Ἀρχή
3055 1421 3195 1488 εἰμι.
3229 1418 3350 1469 καθὸ
3375 1416 3514 1485 σοφία
3537 1419 3610 1486 εἰμ

2170 1514 2411 1583 δεύτερον
2441 1512 2518 1576 δέ,
2567 1513 2616 1564 εἰ
2642 1508 2783 1563 οὕτω
2824 1508 2994 1578 τύχοι,
3041 1506 3179 1561 καθὸ
3212 1507 3418 1577 ἀόρατός
3447 1509 3561 1576 είμι,
3589 1524 3610 1558 κ

2169 1604 2346 1673 τρίτον
2371 1600 2504 1653 καθὸ
2532 1598 2641 1668 ζωή
2665 1616 2678 1629 ·
2708 1599 2829 1651 ἐπε)⁸
2854 1598 2885 1650 ὃ
2913 1597 3186 1666 γέγονεν,
3218 1598 3283 1650 ἐν
3300 1596 3446 1661 αὐτῷ
3470 1596 3564 1663 ζωὴ
3589 1593 3610 1660 ἦ

2170 1692 2277 1744 Καὶ
2309 1690 2361 1742 εί
2385 1707 2469 1752 τις
2500 1688 2680 1751 ίκανδς
2731 1687 3032 1757 βασανίζων
3064 1687 3159 1739 τὸν
3184 1686 3303 1740 νοῦν
3343 1686 3442 1739 τῶν
3481 1687 3610 1758 Γραφ

2169 1783 2317 1851 ὸρᾷν,
2351 1779 2490 1849 τάχα
2521 1778 2738 1848 εὑρήσει
2768 1776 2939 1830 πολλὰ
2964 1778 3064 1848 τῆς
3094 1776 3298 1843 τάξεως
3322 1778 3408 1830 καὶ
3446 1777 3501 1830 τὸ
3527 1777 3610 1829 τέλη

2169 1869 2265 1920 οὐκ
2296 1862 2447 1936 οἶμαι
2490 1866 2596 1936 γὰρ
2629 1866 2678 1917 εί
2712 1864 2908 1920 πάντα.
2939 1865 3278 1934 Σαφέστερον
3321 1865 3420 1935 δ’ή
3451 1864 3575 1935 ἀρχὴ
3605 1882 3610 1917 τ

2167 1956 2319 2018 τέλος
2364 1955 2509 2007 δοκεί
2552 1955 2688 2007 κατά
2718 1955 2815 2025 τὴν
2866 1954 3159 2024 συνήθειαν
3210 1954 3284 2016 ὡς
3308 1955 3408 2021 ⁵ἔιτιί.
3446 1955 3610 2031 ᾐνωμέ

531 2059 618 2103 ter
642 2050 984 2119 principium,
1009 2058 1063 2104 et
1105 2051 1186 2104 sic
1213 2064 1383 2119 usque
1411 2051 1476 2103 ad
1506 2049 1662 2102 ﬁnem
1697 2065 1711 2101 :
1752 2057 2000 2115 tanquam
2024 2045 2066 2100 si

2167 2046 2446 2114 λέγεσθαι·
2489 2040 2598 2105 οἷον
2647 2046 2786 2116 ἀρχὴ
2818 2045 2996 2108 οἰκίας
3041 2048 3072 2099 ὁ
3096 2045 3359 2115 θεμέλιος,
3387 2046 3476 2099 καὶ
3495 2045 3610 2097 τέλος

510 2137 734 2192 'diceret
762 2157 776 2193 :
804 2139 1130 2206 Principium
1159 2153 1299 2203 sum,
1322 2146 1588 2207 quatenus
1616 2136 1878 2204 sapientia
1913 2149 2066 2199 sum;

531 2228 824 2282 secundum
877 2238 1080 2291 autem,
1105 2228 1149 2281 si
1200 2228 1342 2281 torte
1388 2226 1468 2280 sic
1496 2225 1832 2293 contingeret
1856 2222 1983 2284 dici,
2015 2223 2068 2274 in

528 2325 785 2383 quantum
813 2332 930 2370 sunt
955 2316 1263 2377 invisibilis.
1292 2314 1527 2380 tertium,
1565 2313 1616 2367 in
1648 2322 1902 2380 quantum
1927 2311 2067 2374 vita;

527 2405 780 2473 quoniam
803 2407 942 2473 quod
963 2406 1164 2473 factum
1185 2415 1279 2469 est,
1302 2404 1358 2457 in
1380 2405 1488 2471 ipso
1510 2403 1613 2456 vita
1639 2412 1749 2456 erat
1770 2402 1834 2455 “.
1858 2401 2008 2467 Quod
2027 2400 2074 2455 si

528 2493 650 2560 quis
673 2494 1071 2563 Scripturarnm
1103 2508 1317 2548 sensum
1349 2493 1702 2560 investigans,
1737 2492 1962 2546 idoneus
1994 2501 2077 2545 est

529 2596 654 2635 eum
670 2584 905 2650 assequi,
919 2585 966 2637 is
979 2583 1190 2652 quidem
1213 2583 1438 2636 fortasse
1454 2579 1681 2634 inveniet
1699 2579 1946 2648 pleraque
1960 2594 2078 2648 qua:

532 2669 603 2725 ad
626 2669 869 2725 ordinem
887 2672 1184 2739 pertineant
1206 2679 1369 2739 atque
1390 2671 1549 2724 ﬁnem
1572 2671 1766 2738 ipsum,
1788 2670 1969 2724 nescio
1990 2685 2082 2722 au-

531 2767 644 2815 tem
688 2774 756 2813 an
794 2760 993 2814 omnia.
1025 2760 1275 2829 Apertius
1298 2767 1474 2813 autem
1497 2760 1815 2828 principium
1845 2773 1909 2814 ac
1935 2758 2077 2825 ﬁnis,

530 2849 824 2905 secundum
840 2864 1175 2905 communem
1197 2850 1446 2918 loquendi
1463 2848 1917 2912 consuetudinem,
1935 2848 1999 2902 de
2022 2861 2079 2901 re

531 2939 786 2994 continua
803 2948 857 2994 et
872 2939 1019 2993 unita
1040 2939 1144 2994 dici
1161 2939 1441 2993 videntur:
1464 2948 1520 2991 ut
1546 2938 1738 2992 domus
1756 2937 2075 3004 principium

530 3039 617 3084 est
644 3029 1042 3082 fundamentum
1075 3038 1130 3083 et
1155 3028 1280 3082 ﬁnis
1309 3027 1602 3096 fastigium.
1639 3026 1702 3080 Et
1728 3040 1857 3080 sane
1880 3042 2080 3079 summa

2171 2134 2423 2202 στεφάνη.
2457 2134 2565 2187 Καὶ
2594 2133 2958 2203 ἐφαρμοστέον
2989 2149 3076 2202 γε,
3108 2133 3199 2186 διὰ
3230 2133 3288 2186 τὸ
3313 2134 3610 2203 (inperari-ia

2169 2224 2304 2279 εἶναι
2334 2226 2505 2279 λίθον
2548 2224 2654 2277 τὸν
2683 2223 2961 2291 Χριστὸν,
2993 2223 3073 2294 τῷ
3109 2225 3370 2295 ήνωμένῳ
3420 2224 3571 2277 παντὶ
3607 2248 3610 2267 ι

2175 2334 2302 2387 ματι
2330 2315 2438 2368 τῶν
2472 2313 2788 2384 σωζομένων
2812 2314 2875 2366 τὸ
2924 2314 3273 2385 παράδειγμα
3301 2314 3388 2367 τό·
3422 2315 3591 2367 πάντα

2173 2404 2268 2457 καὶ
2296 2405 2352 2455 ἐν
2377 2404 2508 2455 πᾶσι
2552 2402 2780 2472 Χριστὸς
2808 2403 2836 2454 ὁ
2864 2402 3179 2471 μονογενὴς,
3208 2402 3283 2464 ὡς
3313 2403 3405 2471 μὲν
3431 2403 3567 2473 ἀρχὴ
3598 2404 3610 2454 ἐ

2175 2491 2457 2560 ἀνείληφεν
2501 2489 2786 2561 ἀνθρώπῳ,
2830 2491 2906 2554 ὡς
2947 2490 3004 2543 δὲ
3044 2491 3199 2553 τέλος
3229 2492 3287 2544 ἐν
3330 2492 3407 2562 τῷ
3448 2493 3610 2545 τελευι

2173 2579 2281 2633 τῶν
2306 2580 2476 2647 ἀγίων
2526 2578 2761 2647 δηλονότι
2790 2579 3093 2648 τυγχάνων,
3138 2580 3234 2632 καὶ
3261 2581 3318 2632 ὲν
3360 2583 3471 2643 τοῖς
3506 2597 3610 2649 μετι

2175 2673 2210 2741 ἢ
2237 2671 2312 2734 ὡς
2341 2671 2436 2739 μὲν
2465 2668 2605 2740 ἀρχὴ
2646 2671 2702 2722 ἐν
2742 2669 2939 2739 Ἀδάμ·
2989 2670 3067 2731 ὡς
3089 2670 3147 2722 δὲ
3186 2670 3339 2733 τέλος
3369 2672 3429 2723 ἐν
3456 2673 3524 2742 τῇ
3557 2673 3610 2723 ἐτ

2183 2761 2298 2830 μία,
2354 2759 2493 2812 κατά
2546 2759 2608 2811 τὸ
2657 2759 2978 2829 εἰρημένον·
3036 2760 3101 2812 '0
3147 2760 3411 2828 ἔσχατος
3451 2761 3610 2830 Ἀδὰμ

2179 2851 2409 2919 πνεῦμα
2435 2849 2766 2909 ζωοποιοῦν.
2825 2850 2973 2919 Πλὴν
3017 2850 3180 2903 τοῦτο
3222 2851 3284 2904 τὸ
3318 2853 3481 2922 ῥητὸν
3509 2853 3610 2919 ἐφα

2180 2955 2259 2991 σει
2289 2939 2382 2992 καὶ
2406 2941 2472 3009 τῇ
2503 2938 2749 2992 ἀποδόσει
2778 2937 2872 2991 τοῦ
2904 2940 3137 3007 πρῶτος
3168 2942 3265 2993 καὶ
3289 2942 3573 3009 ἔσχατος.

528 3117 771 3185 capulari
793 3116 963 3181 lapide
993 3117 1282 3170 exsistente
1306 3115 1513 3170 Christo
1535 3116 1601 3182 ",
1620 3116 1715 3169 toti
1745 3115 1952 3183 corpori
1979 3117 2126 3169 unito
2147 3131 2326 3171 eorum
2345 3117 2435 3185 qni
2457 3126 2760 3182 servantur,
2783 3117 3149 3186 adaptandum
3174 3129 3260 3174 est
3281 3121 3596 3189 exemplum

530 3209 710 3267 omnia
760 3209 901 3262 enim
942 3217 995 3262 et
1034 3208 1085 3261 in
1115 3208 1363 3262 omnilms
1384 3208 1432 3239 ⁹⁶
1458 3216 1541 3261 est
1588 3206 1839 3261 Christus
1893 3207 2215 3275 unigenitus,
2263 3208 2353 3276 qui
2406 3217 2464 3260 ut
2516 3207 2834 3277 principium
2873 3209 2926 3262 in
2959 3223 3026 3263 eo
3058 3220 3143 3264 est
3180 3211 3406 3264 homine
3467 3227 3610 3280 qnen

532 3301 801 3368 sumpsit:
831 3308 888 3352 ut
934 3299 1057 3354 ﬁnis
1109 3310 1284 3353 autem
1321 3300 1374 3352 in
1420 3300 1628 3364 ultimo,
1678 3308 1986 3355 sanctorum
2048 3300 2274 3364 scilicet,
2314 3300 2473 3355 etiam
2523 3301 2576 3354 in
2616 3301 2703 3356 his
2756 3302 2848 3370 qui
2874 3312 3000 3357 sunt
3034 3304 3087 3356 in
3115 3304 3321 3361 medio.
3357 3305 3455 3359 Est
3479 3307 3610 3358 etial

532 3392 853 3462 principium
884 3392 1118 3460 quidem,
1146 3392 1197 3445 in
1236 3392 1438 3457 Adam;
1485 3400 1544 3445 ut
1582 3392 1702 3446 linis
1733 3400 1928 3457 autem,
1969 3393 2020 3445 in
2052 3393 2282 3447 adventu
2332 3407 2452 3456 suo,
2481 3392 2631 3461 juxta
2667 3393 2797 3448 illud
2813 3395 2857 3425 "
2886 3410 2901 3448 :
2930 3392 3164 3449 Ultimus
3208 3397 3387 3449 Adam
3431 3398 3495 3450 in
3526 3402 3610 3465 spi

533 3484 899 3552 viviﬁcantem.
927 3482 1305 3538 Verumtamen
1329 3483 1432 3537 hoc
1457 3483 1654 3537 dictum
1690 3494 1949 3553 congruet
1985 3484 2149 3539 etiam
2187 3484 2533 3552 explicationi
2570 3484 2763 3539 harum
2809 3500 3022 3551 vocum,
3054 3488 3259 3555 primus
3287 3489 3604 3543 etnitimus

602 3572 692 3627 35.
729 3571 993 3627 Caeterum
1037 3573 1082 3627 si
1131 3572 1596 3628 observaverimus
1617 3587 1737 3643 qua:
1769 3576 2017 3643 superius
2048 3591 2072 3629 a

2250 3574 2342 3628 55.
2371 3575 2715 3645 Τηρήσαντες
2746 3576 3021 3645 μέντοιτά
3048 3580 3323 3650 εἰρημένα
3358 3581 3502 3651 περὶ
3542 3594 3610 3649 πε

535 3662 690 3719 nobis
721 3662 864 3718 dicta
894 3661 1042 3718 fuere
1073 3664 1139 3716 de
1182 3663 1463 3718 vocabulis
1491 3663 1648 3731 primi
1675 3673 1729 3719 et
1760 3665 1951 3732 ultimi,
1985 3668 2075 3723 ubi

532 3762 647 3807 tum
669 3752 736 3807 ad
764 3752 970 3819 species
1003 3752 1368 3819 rationalium,
1398 3760 1508 3806 tum
1540 3755 1607 3808 ad
1634 3753 1755 3809 Filii
1774 3755 1865 3809 Dci
1896 3757 2070 3811 diver-

533 3856 629 3898 sas
664 3841 1048 3911 appellationes
1067 3850 1122 3896 et
1159 3842 1581 3910 signiﬁcationes
1600 3845 1899 3900 orationem
1926 3856 2075 3902 retu-

532 3930 713 3992 limus,
747 3930 1004 3984 habemus
1042 3931 1202 3985 etiam
1227 3929 1586 3984 diﬁ'erentiam
1619 3933 1801 4002 primi,
1835 3945 1889 3988 et
1930 3937 2075 4001 priu-

534 4020 683 4088 cipii,
713 4029 770 4074 et
799 4019 995 4084 ultimi,
1020 4029 1074 4074 et
1105 4020 1247 4087 ﬁnis,
1277 4020 1405 4088 quin
1430 4018 1591 4073 etiam
1613 4019 1749 4090 ejus,
1783 4024 1925 4090 quod
1958 4037 2076 4076 esse

535 4111 737 4164 dicitur
767 4109 886 4163 Aet
907 4110 949 4161 Ω
974 4125 990 4162 :
1022 4111 1116 4165 sed
1150 4125 1325 4178 neque
1353 4111 1642 4165 obscurum
1670 4122 1774 4178 est,
1806 4114 2075 4180 quomodo

535 4197 786 4252 Christus
815 4197 1026 4252 dicatur
1051 4198 1243 4263 uiuens,
1267 4209 1322 4254 et
1350 4211 1608 4267 mortuus,
1638 4202 1747 4255 imo
1778 4210 1901 4269 post
1936 4202 2077 4256 hanc

536 4298 725 4338 vocem
770 4291 1023 4348 mortuus,
1070 4286 1243 4339 civem
1290 4289 1347 4341 in
1399 4288 1597 4341 sa'cula
1677 4287 1984 4341 sa'culorum
2005 4287 2076 4341 “.

538 4374 804 4440 Quoniam
833 4374 1106 4429 enimnon
1130 4376 1451 4444 juvabainur
1495 4392 1525 4430 a
1559 4378 1875 4445 praecedenti
1909 4377 2076 4446 ipsius

537 4463 671 4529 vita,
703 4471 923 4531 peccato
951 4462 1189 4527 obnoxii,
1219 4463 1499 4518 descendit
1528 4465 1641 4533 ipse
1673 4465 1737 4519 ad
1772 4466 2077 4518 mortalita-

540 4561 649 4608 tem
701 4560 973 4618 nostram;
1007 4561 1069 4606 ut
1109 4566 1209 4608 nos
1248 4554 1417 4622 ipsius
1452 4555 1577 4610 Jesu
1623 4566 1845 4626 peccato
1879 4556 2077 4609 mortui

540 4642 1011 4698 mortiﬁcationem
1079 4643 1518 4700 circumferentes
1538 4646 1606 4710 ”,
1650 4646 1838 4701 ordine
1887 4659 2080 4712 capere

541 4731 814 4803 possimus
853 4745 996 4797 eam,
1051 4746 1170 4799 quae
1225 4741 1348 4800 post
1393 4734 1860 4787 mortiﬁcationem
1915 4734 2080 4801 ipsius

537 4822 764 4888 exstitit,
797 4820 960 4874 vitam
995 4820 1047 4874 in
1075 4820 1269 4875 saecula
1290 4822 1628 4875 szeculornm.
1660 4821 1792 4875 Nam
1815 4822 1904 4889 qui
1935 4836 2079 4876 sem-

2176 3667 2268 3719 καὶ
2289 3664 2569 3732 ἐσχάτου,
2615 3666 2706 3717 καὶ
2734 3668 2862 3737 περὶ
2891 3667 3064 3739 ἀρχῆς
3110 3670 3207 3722 καὶ⁵
3234 3670 3459 3736 τέλους,
3510 3673 3610 3725 ὄπι

2174 3757 2253 3817 εἰς
2282 3755 2393 3826 εἴδη
2419 3755 2646 3822 λογικῶν
2690 3756 3091 3828 ἀνηνέγκαμεν,
3114 3760 3252 3812 ὅπου
3288 3760 3351 3813 δὲ
3375 3764 3464 3825 εἰς
3487 3762 3610 3827 διας,

2174 3845 2411 3906 ἐπινοίας
2444 3842 2538 3896 τοῦ
2567 3843 2696 3895 Υἱοῦ
2727 3845 2821 3896 τοῦ
2862 3846 3019 3911 Θεοῦ,
3054 3847 3147 3901 τὸν
3186 3850 3382 3918 λόγον,
3439 3853 3552 3904 καὶ
3604 3854 3610 3903 1

2173 3932 2269 4001 τὴν
2312 3931 2569 4000 διαφορὰν
2602 3929 2819 4001 πρώτου
2857 3934 2950 3986 καὶ
2999 3937 3200 4006 ἀρχῆς,
3243 3942 3355 3992 καὶ
3404 3942 3610 4011 ἐσχάτη

2174 4019 2376 4081 τέλους,
2412 4019 2491 4070 ἔτι
2518 4018 2574 4071 δὲ
2608 4018 2821 4071 καὶτοῦ
2858 4038 2894 4072 α
2928 4024 3143 4076 καὶτοῦ
3174 4043 3241 4077 ω.
3289 4027 3417 4079 Οὐκ
3458 4029 3610 4099 ἄδη)

2174 4106 2230 4158 δὲ
2260 4106 2320 4158 τὸ
2348 4104 2455 4165 ζῶν
2494 4107 2587 4158 καὶ
2618 4107 2847 4174 νεκρός,
2884 4111 2979 4163 καὶ
3008 4111 3147 4180 μετὰ
3173 4114 3239 4166 τὸ
3279 4115 3559 4183 νεκρός,
3578 4118 3610 4177 ζ

2175 4196 2314 4261 τοὺς
2349 4196 2564 4261 αἰῶνας
2586 4196 2703 4250 τῶν
2725 4198 2973 4254 αἰώνων.
3028 4202 3179 4257 Ἐπεὶ
3206 4205 3329 4276 γὰρ
3359 4206 3481 4259 οὐκ
3511 4208 3610 4277 ὡς

2177 4285 2245 4338 θα
2275 4284 2380 4339 ἀπὸ
2405 4286 2502 4355 τῆς
2532 4289 2943 4360 προηγουμένης
2978 4291 3125 4362 ζωῆς
3153 4294 3365 4363 αὐτοῦ,
3399 4299 3610 4369 γενόμ

2176 4375 2436 4446 ἁμαρτίᾳ,
2461 4375 2662 4446 κατέϐη
2691 4377 2782 4429 ἐπὶ
2805 4376 2905 4448 τὴν
2939 4381 3244 4453 νεκρότητα
3273 4387 3495 4456 ἡμῶν,
3539 4390 3605 4442 ἵν

2181 4463 2427 4527 θανόντος
2452 4465 2612 4518 αὑτοῦ
2635 4468 2703 4543 τῇ
2729 4466 2990 4539 ἁμαρτίᾳ,
3024 4470 3124 4540 τὴν
3144 4473 3454 4544 νέκρωσιν
3497 4480 3610 4530 τοί

2181 4555 2239 4606 ἐν
2267 4553 2343 4624 τῷ
2377 4554 2585 4629 σώματι
2613 4554 2722 4624 (36)
2754 4558 3162 4630 περιφέροντες,
3210 4562 3328 4633 τὴν
3363 4568 3545 4634 μετὰ
3603 4587 3610 4603 ι

2180 4642 2412 4713 κρότητα
2443 4641 2586 4712 ζωὴν
2608 4643 2768 4695 αὐτοῦ
2798 4647 2877 4708 είς
2898 4649 3024 4710 τοὺς
3049 4649 3259 4715 αἰῶνας
3292 4653 3429 4705 τῶν
3465 4656 3610 4708 αἰώα

2179 4732 2259 4797 ξει
2301 4731 2542 4800 χωρῆσαι
2586 4732 2932 4803 δυνηθῶμεν·
2983 4738 3033 4788 οἰ
3065 4738 3176 4810 γὰρ
3228 4741 3350 4810 τὴν
3384 4743 3610 4815 νέκρυ

2192 4819 2365 4888 Ἰησοῦ
2394 4822 2452 4872 ἐν
2493 4819 2572 4890 τῷ
2604 4821 2813 4891 σώματι
2850 4826 3079 4879 πάντοτε
3109 4831 3585 4903 περιφέροντες

538 4922 638 4976 per
674 4906 801 4962 Iesu
843 4906 1310 4963 mortiﬁcationem
1355 4909 1407 4962 in
1452 4924 1548 4963 suo
1584 4923 1809 4977 corpore
1838 4910 2072 4964 circnm-

2177 4906 2318 4978 ζωὴν
2337 4907 2430 4959 τοῦ
2474 4909 2646 4978 Ἰησοῦ
2679 4910 2888 4977 ἕξουσιν
2920 4916 2978 4967 ἐν
3003 4918 3117 4979 τοῖς
3158 4918 3461 4990 σώμασιν
3492 4929 3610 4979 αὒ-

540 4996 742 5060 terunt,
785 5000 946 5053 etiam
1003 5002 1170 5070 ipsam
1193 4998 1318 5053 Iesu
1348 4998 1510 5051 vitam
1553 4999 1784 5051 habituri
1821 4998 1926 5067 37
1955 5008 2081 5052 sunt

541 5083 595 5135 in
626 5084 936 5150 corporibus
962 5086 1193 5155 ipsorum
1221 5085 1367 5139 clare
1399 5096 1763 5153 apparentem.

610 5168 701 5222 56.
731 5168 798 5223 Et
814 5170 928 5224 hac
945 5174 1158 5238 quidem
1188 5176 1302 5243 ipse
1324 5174 1391 5228 de
1430 5174 1604 5241 seipso
1632 5174 1856 5229 inlibris
1882 5174 2073 5229 Testa-

544 5257 716 5310 menti
740 5254 875 5312 Novi
904 5262 1219 5317 enuntiavit.
1257 5263 1410 5331 Apud
1442 5262 1636 5318 Isaiam
1663 5273 1842 5317 autem
1871 5264 1889 5294 ‘
1920 5277 2076 5317 suum

633 5392 1011 5466 ξ’,ξτονχνιιιρ
1035 5398 1122 5449 22.
1229 5400 1275 5431 ’⁸
1297 5401 1447 5455 Joan.
1477 5419 1525 5466 ι,
1553 5405 1606 5465 3,
1629 5408 1681 5460 4.

570 5459 656 5523 l7,
683 5460 768 5516 18.
838 5465 884 5497 ”
911 5465 956 5519 ll
977 5464 1099 5518 Cor.
1130 5480 1200 5530 tv,
1232 5467 1314 5520 i0.
1389 5470 1407 5500 ⁸
1581 5459 1721 5537 imx,
1747 5487 1887 5526 vers.
1903 5459 1969 5536 ’2,
2000 5472 2052 5524 ὅ.

1792 5405 1836 5436 ’⁸
1859 5404 2054 5471 Ephes.
2082 5416 2142 5465 ιι,
2165 5403 2252 5458 20.

2185 5015 2241 5050 νε
2247 5015 2338 5067 ρου
2347 4999 2532 5068 μένην.

2379 5174 2486 5225 Καὶ
2515 5175 2683 5231 ταῦτα
2715 5177 2811 5248 μὲν
2837 5180 2945 5234 ἀπὸ
2975 5183 3081 5236 τῶν
3107 5185 3208 5256 τῆς
3231 5187 3521 5262 Καινῆς
3573 5199 3610 5248 Δ

2185 5261 2397 5329 βιϐλίων
2440 5263 2652 5332 ἐλέγετο
2682 5267 2772 5319 ὑπ’
2809 5270 2971 5324 αὑτοῦ
3022 5274 3151 5344 περὶ
3201 5276 3455 5332 ἑαυτοῦ
3487 5299 3507 5311 ο
3564 5287 3610 5337 ὲ

2348 5388 2448 5457 ’σοι
2476 5404 2598 5460 Cor.
2629 5421 2716 5474 ιν,
2746 5411 2836 5466 28.
2946 5414 2991 5446 ιτ
3020 5414 3153 5471 ibid.
3210 5418 3321 5476 45.

3450 5423 3610 5482 ,δέ

640 5609 749 5672 (36)
779 5610 879 5666 Ἐν
902 5610 978 5676 τῷ
1002 5609 1236 5680 σώματι.
1276 5614 1432 5671 Deest
1454 5616 1508 5671 in
1537 5619 1716 5676 codice
1738 5619 2041 5684 Bodleiano,
2074 5633 2246 5693 neque
2273 5623 2534 5681 redditum
2558 5636 2640 5682 est
2663 5626 2731 5682 ab
2756 5628 3046 5702 interprete
3078 5637 3392 5696 Ferrario.
