3848 6178
424 267 480 321 85
1478 253 1827 310 COMMENT.
1864 249 1933 306 IN
1968 249 2161 308 JOAN.
2199 242 2528 306 TOMUST.‘
3529 248 3608 301 86

435 380 596 449 Ἡσαΐᾳ
623 374 829 442 ἔφασκεν
863 364 995 422 ὑπὸ
1033 372 1138 427 τοῦ
1169 374 1380 445 Πατρὸς
1411 372 1677 426 τεθεῖσθαι
1710 371 1871 424 αὐτοῦ
1902 370 1956 422 τὸ

2060 366 2228 436 ipsius
2254 381 2315 421 os
2339 380 2369 419 a
2391 365 2547 418 Patre
2568 360 2810 431 positum
2836 368 2954 412 esse
2983 360 3147 424 dixit,
3170 355 3326 412 veluti
3361 353 3605 426 gladium

430 470 572 539 στόμα
596 468 659 528 ὡς
690 460 969 533 μάχαιραν
1014 463 1228 529 ὀξεῖαν,
1263 466 1354 517 καὶ
1386 462 1681 535 κεκρύφθαι
1714 462 1817 514 ὑπὸ
1863 462 1959 530 τὴν

406 547 604 649 ξσκέπην
629 556 715 624 τῆς
738 549 922 621 χειρὸς
982 555 1185 619 αὑτοῦ,
1221 556 1359 625 βέλει
1401 552 1635 622 ἐκλεκτῷ
1674 551 1958 622 ὡμοιωμέ-

428 665 519 711 νος,
551 646 635 700 καὶ
672 646 725 697 ἒν
761 643 825 711 τῇ
858 643 1139 715 φαρέτρα
1174 644 1269 698 τοῦ
1313 644 1521 715 Πατρδς
1570 641 1957 713 κεκρυμμένος,

425 734 584 799 δοῦλος
606 733 694 788 τοῦ
730 729 857 785 Θεοῦ
914 732 1038 787 τῶν
1086 734 1225 788 ὅλων
1262 734 1350 785 ὑπ’
1386 732 1547 785 αὐτοῦ
1603 730 1956 799 καλούμενος,

425 825 507 876 καὶ
557 823 785 893 Ἰσραὴλ,
831 820 936 873 καὶ
994 821 1118 890 φῶς
1174 821 1360 875 ἐθνῶν.
1411 821 1664 890 Μάχαιρα
1723 819 1819 888 μὲν
1869 813 1959 871 οὖν

421 910 556 975 ὀξεῖά
583 911 694 962 ἐστι
737 911 798 962 τὸ
838 910 1023 980 στόμα
1054 908 1150 963 τοῦ
1189 909 1318 962 Υίοῦ
1356 907 1449 961 τοῦ
1484 907 1639 973 Θεοῦ,
1681 909 1800 960 ἐπεὶ
1833 906 1961 961 Ζῶν

416 999 678 1069 τυγχάνει
718 1003 750 1055 ὀ
783 999 967 1067 ,λόγος
1017 998 1125 1053 τοῦ
1175 999 1355 1062 Θεοῦ,
1403 998 1497 1051 καὶ
1544 995 1819 1065 ἐνεργὴς,
1861 995 1959 1049 καὶ

414 1089 725 1156 τομώτερος
756 1085 907 1153 ὑπὲρ
947 1086 1158 1143 πᾶσαν
1180 1087 1472 1157 μάχαιραν
1519 1087 1819 1154 δίστομον,
1860 1084 1956 1137 καὶ

410 1176 814 1245 διικνούμενος
844 1176 986 1246 ἄχρι
1012 1176 1303 1247 μερισμοῦ
1338 1175 1542 1245 ψυχῆς
1579 1175 1673 1228 καὶ
1705 1176 1958 1242 πνεύμα-

406 1281 537 1332 τος,
578 1266 782 1335 ἁρμῶν
826 1283 892 1320 te
930 1266 1031 1320 καὶ
1072 1265 1330 1334 μυελῶν,
1370 1264 1469 1318 καὶ
1508 1263 1758 1331 κριτικὸς
1791 1264 1955 1316 670v-

399 1354 644 1423 μήσεων
680 1354 779 1408 καὶ
807 1354 1056 1408 ἐννοιῶν
1082 1355 1325 1422 καρδίας
1341 1370 1354 1383 ·
1390 1353 1559 1415 ἄλλως
1585 1368 1644 1404 τε
1675 1351 1765 1404 καὶ
1791 1350 1956 1403 ἐλθὼν

405 1444 502 1495 οὐκ
532 1443 756 1514 εἰρήνην
801 1443 895 1495 ἐπὶ
923 1445 1022 1514 τὴν
1064 1444 1189 1513 γῆν,
1231 1443 1499 1495 τουτέστιν
1543 1441 1632 1492 ἐπὶ
1663 1442 1729 1493 τά
1776 1456 1957 1509 σωμιι⁴

404 1531 526 1584 τικά
568 1532 665 1584 καὶ
694 1530 928 1601 αἰσθητά
977 1532 1175 1601 βαλεῖν,
1215 1529 1348 1585 ἀλλά
1394 1529 1679 1600 μάχαιραν,
1712 1530 1804 1582 καὶ
1841 1529 1954 1580 δια-

405 1618 618 1672 κόπτων
648 1620 770 1690 τὴν,
805 1621 872 1672 ἵν’
897 1621 1067 1682 οὕτως
1100 1621 1255 1685 εἴπω,
1285 1618 1546 1688 ὲπιὸλαὸῆ
1575 1603 1749 1687 φιλίαν
1783 1617 1955 1687 ψυχῆς

406 1708 497 1760 καὶ
553 1705 837 1777 σώματος,
893 1708 957 1760 ἵν’
1001 1710 1035 1776 ἡ
1084 1707 1249 1776 ψυχὴ,
1309 1704 1610 1760 ὲπιδιδοῦσα
1668 1705 1832 1773 αὐτὴν
1883 1703 1957 1773 τῷ

408 1797 819 1867 στρατευομένῳ
863 1796 1006 1849 κατὰ
1050 1797 1147 1866 τῆς
1179 1796 1375 1867 σαρκὸς
1407 1795 1689 1865 πνεύματι,
1732 1793 1957 1864 φιλιωθῇ

2064 465 2300 519 acutum,
2330 461 2384 506 et
2412 468 2469 507 se
2493 448 2870 507 absconditum
2901 446 3059 501 fuisse
3073 447 3169 502 sub
3192 445 3374 500 unmra
3404 455 3597 496 manus

2064 546 2250 613 ipsius,
2280 544 2631 599 assimilatum
2662 535 2881 594 interim
2930 538 3135 606 sagitta:
3172 536 3374 597 electae,
3433 541 3488 589 et
3537 531 3593 585 in

2062 634 2238 689 Patris
2272 634 2521 702 pharetra
2544 628 2910 685 absconditum
2944 641 3192 683 :servum
3239 623 3329 678 Dei
3372 623 3589 677 univer-

2063 736 2241 776 sorum
2272 721 2337 774 ab
2367 720 2480 788 ipso
2505 727 2773 784 vocatum,
2807 724 2861 771 et
2888 716 3155 778 lsraelem,
3183 722 3237 768 et
3260 715 3432 766 lucem
3463 725 3593 779 gen-

2065 811 2216 866 tium.
2246 810 2465 865 Gladius
2493 809 2671 876 itaque
2699 817 2887 861 acutus
2911 814 2993 860 est
3035 820 3096 859 os
3144 803 3259 857 Filii
3305 803 3416 867 Dei,
3456 816 3589 869 quo-

2066 900 2203 951 niam
2233 901 2374 952 vivus
2402 908 2472 952 est
2507 913 2672 951 sermo
2707 894 2820 959 Dei,
2865 905 2912 947 et
2942 896 3138 962 efﬁcax,
3169 902 3214 946 et
3243 891 3592 960 penetrantior

2060 989 2237 1057 quovis
2258 988 2431 1057 gladio
2461 986 2699 1054 utrinque
2731 984 3005 1045 incidente,
3029 991 3077 1035 et
3098 981 3390 1049 pertingens
3425 992 3587 1045 usque

2062 1080 2127 1129 ad
2150 1075 2450 1128 divisionem
2482 1075 2671 1128 animae
2700 1073 2856 1125 simul
2897 1087 2958 1123 ac
2983 1070 3213 1135 spiritus,
3253 1081 3578 1137 compagum-

2060 1180 2156 1232 que
2179 1173 2225 1215 et
2258 1161 2622 1223 medullarum,
2646 1169 2693 1212 et
2723 1160 2976 1211 discretor
3004 1156 3391 1224 cogitationum,
3419 1163 3464 1206 et
3490 1168 3583 1206 no-

2062 1255 2259 1305 tionum
2305 1251 2473 1304 cordis
2504 1252 2546 1315 ’;
2591 1248 2887 1318 praesertim
2948 1260 3069 1300 cum
3122 1243 3341 1305 venerit,
3377 1257 3481 1296 non
3530 1250 3589 1294 ut

2061 1344 2232 1395 mittat
2259 1355 2440 1410 pacem
2474 1355 2634 1410 super
2662 1349 2858 1393 terram
2882 1338 2923 1399 ³,
2953 1337 3051 1389 hoc
3080 1343 3161 1388 est
3201 1334 3254 1386 in
3292 1345 3378 1386 res
3405 1345 3591 1398 corpo-

2060 1445 2179 1484 reas
2217 1438 2273 1482 et
2318 1428 2635 1494 sensibiles,
2684 1427 2778 1482 sed
2811 1425 3075 1496 gladium,
3114 1429 3168 1476 et
3204 1430 3265 1475 ut
3319 1418 3587 1474 discindat

2060 1524 2434 1590 perniciosam,
2497 1532 2556 1577 ut
2602 1524 2673 1576 ita
2703 1521 2907 1589 loquar,
2942 1517 3178 1586 corporis
3216 1514 3504 1569 amicitiam
3534 1520 3585 1566 et

2060 1604 2269 1677 animm,
2297 1628 2403 1683 quo
2432 1613 2607 1667 anima
2634 1610 2952 1681 permittens
2976 1609 3207 1677 seipsam
3232 1602 3465 1674 spiritui,
3492 1602 3587 1671 qui

1985 1689 2028 1743 Β
2059 1705 2250 1759 militat
2271 1704 2524 1757 adversus
2550 1714 2792 1764 carnem,
2816 1697 3110 1752 amicitiam
3135 1709 3257 1749 cum
3283 1692 3391 1746 Deo
3420 1690 3595 1754 ineat;

2056 1793 2306 1863 gladium,
2336 1791 2416 1845 vel
2455 1799 2704 1858 tanquam
2756 1788 2988 1855 gladium
3035 1795 3247 1839 acutum
3292 1780 3478 1835 habuit
3521 1794 3588 1834 os

407 1885 481 1954 τῷ
507 1885 654 1953 Θεῷο
695 1885 993 1956 μάχαιραν,
1025 1884 1059 1954 ἢ
1090 1886 1164 1946 ὡς
1192 1885 1459 1954 μάχαιραν
1495 1883 1666 1947 ὀξεῖαν
1698 1882 1835 1935 κατά
1871 1884 1956 1934 τὸν

2060 1881 2198 1948 iuxta
2224 1879 2591 1948 propheticum
2609 1878 2932 1932 serinonem.
2956 1873 3093 1940 Quin
3116 1873 3274 1927 etiam
3297 1870 3604 1939 inspiciens

408 1975 736 2044 προφητικὸν
769 1975 925 2043 λόγον
965 1973 1088 2043 ἔσχε
1123 1973 1184 2025 τὸ
1216 1972 1401 2041 στόμα.
1443 1971 1599 2024 Ἀλλὰ
1631 1972 1722 2024 καὶ
1752 1970 1959 2041 βλέπων

405 2062 687 2125 τοσούτους
736 2061 1107 2132 τετρωμένους
1136 2063 1201 2129 τῇ
1254 2060 1373 2130 θείᾳ
1421 2061 1625 2131 ἀγάπῃ,
1654 2058 1848 2128 ὁμοίως
1889 2061 1957 2128 τῇ

404 2148 737 2220 ὁμολογούσῃ
785 2147 942 2200 τοῦτο
990 2145 1310 2199 πεπονθέναι
1353 2147 1408 2196 ἐν
1463 2143 1539 2213 τῷ
1574 2144 1805 2212 ’ᾼσματι
1851 2141 1956 2194 τῶν

406 2238 660 2307 ᾀσμάτων
687 2234 779 2289 διά
824 2232 998 2296 τοῦτο,
1037 2234 1148 2295 ὃτι,
1204 2231 1525 2299 τετρωμένη
1573 2229 1803 2298 ἀγάπης
1848 2230 1954 2297 (57)

406 2326 535 2393 ἐγὼ,
566 2325 627 2378 τὸ
657 2323 878 2394 τρῶσαν
911 2322 1060 2391 βέλος
1088 2319 1186 2382 τάς
1217 2320 1321 2372 τῶν
1347 2318 1608 2372 τοσούτων
1636 2319 1714 2378 εἰς
1744 2316 1956 2385 ἀγάπην

407 2412 537 2465 Θεοῦ
583 2411 764 2481 ψυχὰς
812 2411 915 2463 ούκ
959 2409 1084 2464 ἄλλο
1130 2425 1182 2460 τι
1227 2409 1443 2478 εὑρήσει
1492 2406 1650 2477 ἢτὸν
1704 2405 1957 2459 εἰπόνταο

411 2501 621 2569 Ἐθηκέ
641 2518 722 2568 με
753 2500 836 2564 ὠς
860 2498 1047 2563 ,ϐέλος
1074 2496 1373 2551 ἐκλεκτόν.

471 2588 555 2641 57.
602 2588 727 2639 Ἔτι
759 2585 818 2638 δὲ
850 2585 954 2647 πᾶς
994 2586 1022 2636 6
1055 2583 1253 2645 συνιεὶς
1301 2580 1417 2643 πῶς
1456 2582 1566 2644 τοῖς
1597 2580 1958 2651 μαθητευομέ-

407 2692 510 2738 νοις
533 2677 562 2728 6
610 2675 822 2744 Ἰησοῦς
848 2674 1140 2743 γεγένηται
1165 2674 1262 2741 οὐχ
1286 2673 1360 2734 ὡς
1391 2673 1419 2724 ό
1448 2672 1812 2741 ἀνακείμενος,
1844 2670 1955 2724 ἀλλ’

409 2762 480 2825 ὡς
513 2764 542 2815 ὀ
562 2761 847 2824 διακονῶν,
880 2761 1092 2831 μορφὴν
1123 2759 1305 2812 δούλου
1329 2760 1357 2811 ό
1380 2760 1504 2822 Υἱὸς
1537 2759 1627 2811 τοῦ
1658 2759 1788 2811 Θεοῦ
1821 2760 1957 2828 ὑπὲρ

409 2851 717 2923 ὶλευθερίας
774 2852 884 2903 τῶν
931 2850 1325 2903 δουλευσάντων
1374 2852 1438 2918 τῇ
1481 2849 1718 2919 ἁμαρτίᾳ
1760 2849 1954 2912 λαϐὼν,

406 2942 503 2996 οὐκ
528 2944 790 3012 ἀγνοήσει
828 2942 950 2995 τίνα
978 2939 1177 3010 τρόπον
1202 2940 1230 2990 6
1256 2940 1402 3008 Πατή
1411 2956 1442 3008 ρ
1472 2955 1601 3007 φησι
1639 2939 1769 3009 πρὸς
1799 2939 1956 2991 αὑτὸν

405 3033 490 3087 τό’
530 3033 756 3099 Δοῦλός
784 3048 905 3101 μου
945 3027 1005 3085 εἴ
1033 3031 1146 3085 σύ⁶
1181 3030 1273 3082 καὶ
1307 3030 1420 3099 μετ’
1447 3028 1627 3095 ὀλίγα·
1662 3028 1823 3095 Μέγα
1857 3029 1956 3081 σοι

406 3124 531 3177 ἐστι
586 3122 765 3177 τοῦτο
813 3119 1111 3188 κληθῆναί
1144 3133 1216 3173 σε
1257 3117 1435 3172 παῖδά
1475 3135 1613 3186 μου.
1655 3116 1957 3186 Τολμητέον

407 3211 510 3282 γὰρ
547 3213 721 3265 εἰπεῖν
755 3210 998 3272 πλείονα,
1029 3207 1120 3261 καὶ
1150 3207 1442 3275 θειοτέραν,
1476 3206 1569 3259 καὶ
1596 3204 1807 3288 ἀληθῶς
1839 3206 1958 3256 κατ’

408 3301 580 3355 εἰκόνα
622 3301 721 3355 τοῦ
771 3300 985 3371 Πατρὸς
1033 3298 1132 3368 τὴν
1186 3296 1490 3367 ἀγαθότητα
1536 3295 1813 3364 φαίνεσθαι
1864 3294 1957 3347 τοῦ

406 3389 631 3461 Χριστοῦ
650 3430 666 3455 ,
722 3391 815 3442 ὅτε
886 3387 1132 3441 Ἑαυτὸν
1192 3385 1553 3439 ἐταπείνωσε
1572 3422 1587 3446 ,
1646 3385 1959 3453 γενόμενος

404 3476 665 3543 ὑπήκοος
684 3477 868 3546 μέχρι
899 3474 1174 3538 θανάτου,
1217 3472 1468 3527 θανάτου
1502 3471 1570 3523 δὲ
1603 3471 1881 3538 σταυροῦ,
1922 3472 1954 3541 ἢ

404 3568 452 3620 sl
486 3567 779 3638 ἁρπαγμὸν
810 3566 1055 3635 ἡγήσατο
1076 3563 1137 3615 τὸ
1170 3559 1306 3617 εἶναι
1335 3561 1423 3614 ῐσα
1457 3560 1592 3630 Θεῷ,
1619 3560 1711 3612 καὶ
1738 3559 1810 3629 μὴ
1840 3560 1960 3628 βου-

405 3655 581 3725 ληθεὶς
618 3655 713 3708 ἐπὶ
738 3657 808 3724 τῇ
839 3651 934 3705 τοῦ
965 3652 1169 3721 κόσμου
1205 3649 1443 3720 σωτηρίᾳ
1475 3648 1719 3716 γενέσθαι
1755 3647 1954 3711 δοῦλος.

409 3746 502 3798 Διά
544 3744 723 3806 τοῦτο,
767 3742 978 3805 διδάξαι
1031 3742 1177 3811 ἡμᾶς
1241 3738 1553 3809 βουλόμενος
1599 3737 1736 3806 μέγα
1790 3736 1959 3805 δῶρον

410 3838 686 3908 εἰληφέναι
718 3835 830 3889 ἀπὸ
862 3832 955 3887 τοῦ
987 3832 1194 3901 Πατρὸς
1234 3828 1310 3898 τῷ
1352 3827 1520 3891 οὕτως
1553 3827 1657 3896 (58)
1689 3826 1957 3878 δεδουλευ-

405 3927 582 3989 κέναι,
617 3923 787 3994 φησί’
838 3921 951 3977 Καὶ
990 3923 1024 3973 ὀ
1064 3920 1207 3983 Θεός
1245 3934 1364 3985 μου
1408 3916 1575 3968 ἔσται
1613 3932 1713 3982 μοι
1745 3915 1954 3981 ὶσχύς’

406 4016 499 4068 real
534 4011 664 4068 εἶπέ
688 4030 795 4082 μοι
814 4027 831 4042 ⁸
869 4011 1035 4079 Μέγα
1067 4007 1167 4061 σοι
1195 4007 1325 4059 ἐστι
1355 4003 1527 4057 τοῦτο
1559 4003 1851 4070 κληθῆναί
1884 4017 1957 4055 σε

408 4102 583 4157 παῖδά
636 4119 783 4171 μου.
834 4098 929 4167 Μὴ
987 4096 1272 4165 γενόμενος
1318 4091 1428 4160 γὰρ
1478 4089 1689 4153 δοῦλος,
1745 4091 1843 4142 οὐκ
1891 4091 1956 4143 ἂν

407 4193 593 4262 ιστησε
620 4190 723 4253 τὰς
758 4187 932 4255 φυλάς
961 4183 1054 4237 τοῦ
1096 4181 1283 4235 Ἰακὼϐ
1316 4178 1447 4250 ('59),
1475 4178 1593 4230 οὐδὲ
1620 4177 1715 4247 τὴν
1742 4178 1958 4231 διασπο-

2056 1971 2247 2038 aliquis
2280 1978 2358 2024 tot
2391 1968 2571 2022 divino
2595 1980 2780 2020 amore
2807 1964 3094 2027 sauciatos.
3129 1977 3231 2016 non
3255 1973 3411 2015 secus
3428 1966 3601 2026 atque

2055 2067 2171 2114 erat
2192 2058 2302 2122 illa,
2327 2072 2445 2125 quae
2473 2057 2525 2111 in
2556 2054 2776 2110 Cantico
2802 2052 3131 2108 canticorum
3155 2063 3211 2104 se
3237 2049 3342 2103 hoc
3374 2058 3605 2115 passam

2054 2142 2335 2207 fatebatur,
2362 2142 2609 2209 inquiens
2633 2157 2649 2194 :
2678 2142 2867 2194 Amore
2889 2137 3161 2193 vulnerata
3198 2151 3289 2205 ego
3319 2150 3431 2187 sum
3453 2132 3507 2197 ⁸;
3540 2132 3602 2186 is,

2054 2229 2289 2297 profecto
2316 2243 2417 2282 non
2454 2228 2614 2280 aliam
2664 2227 2977 2280 inventurus
3034 2232 3119 2278 est
3168 2222 3420 2293 sagittam
3478 2229 3589 2275 tam

2055 2316 2337 2371 multorum
2385 2316 2590 2370 animas
2626 2328 2807 2368 amore
2855 2312 2950 2365 Dei
3001 2311 3390 2373 vulnerantem,
3423 2321 3601 2376 quam

2053 2423 2171 2462 eum
2207 2407 2300 2477 qui
2323 2407 2453 2461 dicit
2487 2407 2508 2438 ⁸
2537 2423 2550 2457 :
2593 2403 2779 2459 Posuit
2807 2419 2883 2457 me
2912 2403 3043 2456 sicut
3068 2402 3309 2471 sagittam
3350 2399 3585 2454 electam.

2121 2582 2208 2636 57.
2270 2581 2351 2636 Ad
2385 2581 2499 2635 hazc
2529 2578 2775 2648 quisquis
2807 2575 3126 2632 intellexerit
3165 2588 3392 2642 quonam
3431 2580 3590 2641 pacto

2053 2671 2206 2728 Jesus
2236 2671 2407 2726 factus
2431 2671 2500 2724 sit
2526 2668 2801 2736 discipulis
2841 2680 2947 2720 non
2975 2675 3224 2733 tanquam
3250 2663 3587 2723 recumbens,

2056 2762 2147 2834 sed
2211 2769 2463 2826 tanquam
2500 2757 2834 2817 ministrans,
2886 2755 3082 2822 quippe
3128 2754 3371 2819 quicum
3421 2748 3593 2802 Filius

2058 2851 2148 2904 Dei
2177 2858 2340 2912 esset,
2376 2863 2472 2916 pro
2502 2845 2793 2900 lilierandis
2824 2844 2889 2898 iis
2907 2842 2997 2911 qui
3020 2849 3238 2910 peccato
3259 2838 3587 2896 serviebant,

2057 2936 2280 2989 formam
2331 2934 2472 2989 servi
2513 2931 2834 2999 sumpserit,
2878 2944 2982 2984 non
3023 2927 3288 2997 ignorabit
3325 2922 3593 2992 quomodo

2057 3025 2123 3077 ad
2172 3023 2342 3090 ipsum
2391 3021 2550 3075 Pater
2601 3021 2788 3074 dicat:
2824 3018 3011 3072 Servus
3055 3031 3196 3068 meus
3245 3029 3297 3065 es
3350 3022 3404 3064 tu
3440 3010 3483 3073 ⁸,
3522 3023 3605 3062 οε.

2057 3127 2179 3166 mox
2212 3129 2226 3164 :
2255 3109 2501 3178 Magnum
2542 3108 2634 3159 tibi
2663 3114 2763 3166 est,
2810 3115 2863 3159 ut
2916 3103 3107 3158 voceris
3159 3116 3330 3155 seruus
3371 3114 3512 3152 meus
3542 3098 3591 3149 '.

2063 3199 2195 3254 Nam
2234 3198 2385 3251 nobis
2413 3195 2710 3250 audendum
2738 3204 2821 3248 est
2852 3192 3054 3258 dicere,
3079 3189 3333 3258 majorem
3359 3185 3588 3243 divinio-

2053 3299 2304 3354 remque,
2355 3292 2510 3351 atque
2564 3295 2690 3335 vere
2721 3277 3011 3334 secundum
3057 3274 3342 3344 imaginem
3387 3270 3587 3333 Patris,

2055 3374 2251 3428 Christi
2282 3373 2574 3427 bonitatem
2610 3384 2875 3439 apparere
2897 3405 2914 3432 ,
2941 3365 3154 3435 quando
3172 3362 3413 3417 humilem
3452 3375 3588 3430 prter-

2056 3465 2164 3516 buit
2195 3462 2539 3529 semetipsum,
2579 3458 2747 3527 [actus
2786 3456 3023 3510 obediens
3061 3468 3218 3522 usque
3252 3450 3320 3503 ad
3347 3457 3595 3514 mortem,

2054 3562 2265 3606 mortem
2288 3559 2457 3603 autem
2488 3548 2654 3601 crucis
2683 3546 2725 3609 ⁸,
2750 3560 2932 3613 quam,
2959 3543 3003 3597 si
3033 3541 3269 3610 rapinam
3295 3538 3588 3592 arbitratus

2054 3657 2171 3695 esse
2199 3655 2256 3694 se
2284 3638 2541 3706 aequalem
2574 3637 2680 3691 Deo
2711 3637 2752 3700 θ,
2788 3635 3043 3689 noluisset
3079 3644 3173 3698 pro
3204 3628 3384 3683 mundi
3418 3626 3607 3682 salute.

2056 3729 2169 3791 ﬁeri
2218 3741 2420 3782 servus.
2475 3724 2555 3779 οι)
2600 3738 2716 3780 eam
2774 3735 2987 3776 causam
3022 3718 3205 3773 volens
3249 3728 3346 3770 nos
3394 3715 3589 3768 docere

2055 3831 2301 3886 magnum
2354 3815 2550 3868 donum
2594 3826 2652 3867 se
2700 3809 2916 3864 aPatre
2971 3806 3265 3873 accepisse,
3313 3803 3456 3871 quod
3506 3800 3587 3854 sic

2054 3904 2319 3967 servierit,
2365 3899 2600 3969 inquit‘°
2637 3915 2652 3951 :
2689 3896 2755 3950 Et
2804 3896 2942 3948 Deus
2981 3909 3123 3945 meus
3174 3891 3284 3961 38
3330 3890 3427 3943 erit
3460 3887 3586 3940 mihi

2054 3995 2304 4063 fortitudo
2330 4006 2442 4045 mea
2465 4006 2483 4042 :
2505 3987 2576 4042 Et
2616 3988 2745 4042 dixit
2779 3985 2905 4039 mihi
2930 3997 2948 4035 :
2969 3981 3215 4051 Magnum
3248 3980 3340 4031 tibi
3372 3987 3486 4041 est,
3529 3986 3585 4029 ut

2056 4084 2243 4139 voceris
2284 4095 2460 4134 servus
2488 4092 2666 4132 meus:
2690 4091 2810 4129 nam
2846 4085 3031 4127 servus
3082 4084 3186 4123 non
3235 4068 3409 4121 factus
3432 4106 3448 4131 ,
3480 4079 3586 4119 non

2054 4172 2342 4228 excitasset
2371 4168 2556 4232 Jacob,
2585 4180 2756 4235 neque
2779 4161 3165 4232 dispersionem
3187 4156 3351 4211 Israel
3371 4168 3590 4211 conver-

410 4246 632 4355 p&v.106
667 4246 890 4350 ’l'aoaﬁ).
913 4246 1286 4343 'éwéo‘rpstl/sv,
1325 4246 1436 4322 ἀλλ’
1465 4266 1582 4319 οὐδὲ
1616 4246 1851 4335 ἐγεγόνει
1891 4268 1956 4322 ἂν

2060 4265 2211 4319 tisset
2242 4280 2255 4316 :
2290 4262 2381 4317 sed
2417 4273 2590 4329 neque
2619 4257 2826 4310 futurus
2851 4259 2966 4308 erat
3013 4251 3064 4304 in
3115 4251 3286 4302 lucem
3329 4246 3587 4315 gentium,

405 4375 481 4435 εἰς
518 4372 631 4440 φῶς
670 4368 846 4422 ἐθνῶν
874 4363 969 4418 τοῦ
997 4360 1131 4416 εἶναι
1158 4362 1238 4423 εἰς
1283 4358 1552 4428 σωτηρίαν
1591 4356 1691 4418 ἕως
1731 4358 1952 4427 ἐσχάτου

404 4461 499 4531 τῆς
517 4460 637 4529 γῆς.
672 4458 784 4510 Καὶ
810 4452 1026 4525 μέτριόν
1046 4467 1109 4519 γε
1141 4450 1201 4502 τὸ
1228 4448 1410 4502 δοῦλον
1437 4447 1592 4500 αὑτὸν
1613 4446 1877 4514 γενέσθαι,
1906 4448 1957 4499 εἰ

406 4550 497 4603 καὶ
524 4549 665 4618 μέγα
693 4543 802 4596 ὑπὸ
835 4540 928 4594 τοῦ
958 4536 1169 4608 Πατρδς
1210 4532 1347 4589 εἶναι
1377 4532 1532 4586 τοῦτο
1557 4532 1789 4600 λέγεται,
1832 4550 1956 4602 συγ-

404 4637 579 4708 κρίσει
621 4632 814 4705 ἀρνίου
862 4627 1067 4681 ἀκάκου
1111 4625 1205 4678 γαὶ
1251 4619 1456 4708 ἀμνοῦξ
1488 4619 1577 4708 Ᾱὼς
1618 4618 1726 4689 γάρ
1775 4620 1955 4689 ἀρνίον

403 4706 603 4780 ἄκακον
651 4719 948 4790 γεγένηται
993 4713 1257 4783 ἀγόμενον
1294 4707 1391 4761 τοῦ
1439 4706 1655 4760 θύεσθαι
1693 4709 1721 4761 6
1767 4708 1956 4777 ’Δμνὺς

403 4812 494 4867 τοῦ
537 4809 700 4872 Θεοῦ,
750 4808 842 4861 ἵνα
890 4805 996 4873 ἄρῃ
1042 4801 1139 4872 τὴν
1199 4794 1471 4868 ἁμαρτίαν
1517 4795 1610 4848 τοῦ
1658 4797 1881 4865 κόσμου,
1923 4798 1952 4849 6

407 4904 534 4956 πᾶσι
576 4899 674 4953 τοῦ
723 4896 886 4964 λόγου
925 4889 1171 4962 χορηγὸς,
1201 4882 1502 4955 ὡμοιωθεὶς
1533 4883 1687 4954 ἀμνῷ
1732 4882 1954 4938 ἐνώπιον

405 4990 495 5043 τοῦ
521 4988 797 5059 κείροντος
822 4980 1043 5050 ἀφώνῳ,
1064 4979 1214 5037 ὅπως
1252 4970 1334 5040 τῷ
1369 4971 1576 5041 θανάτῳ
1600 4973 1759 5027 αὐτοῦ
1799 4976 1955 5043 ἡμεῖς

407 5081 598 5141 πάντες
620 5072 1006 5144 ηθαρθῶμεν,
1037 5060 1407 5130 ἀναδιδομένῳ
1437 5061 1631 5129 τρόπον
1669 5065 1952 5136 φαρμάκου

2058 4364 2115 4407 ut
2163 4366 2332 4421 usque
2379 4350 2444 4403 ad
2492 4356 2789 4401 extremum
2829 4352 2983 4396 terra:
3011 4336 3155 4394 salus
3185 4344 3347 4390 esset.
3405 4334 3470 4388 Et
3504 4348 3597 4387 res

2059 4443 2271 4510 quidem
2317 4454 2423 4493 non
2456 4450 2623 4505 usque
2661 4433 2791 4486 adeo
2832 4443 3017 4498 magna
3066 4434 3164 4491 est,
3219 4426 3358 4495 quod
3402 4437 3593 4477 servus

2060 4531 2172 4596 ipse
2201 4526 2356 4580 fuerit
2377 4525 2565 4584 lactus,
2580 4520 2823 4589 quamvis
2843 4532 2872 4569 a
2902 4516 3059 4569 Patre
3083 4515 3183 4567 hoc
3207 4525 3452 4581 magnum
3471 4522 3593 4563 esse

2060 4620 2288 4679 dicatur,
2320 4614 2362 4668 si
2405 4612 2716 4666 conferatur
2754 4622 2874 4661 cum
2908 4602 3137 4673 agnello,
3180 4609 3234 4654 et
3266 4613 3403 4668 agno
3430 4598 3588 4652 inuo—

2059 4716 2216 4762 cente
2243 4722 2258 4759 :
2290 4714 2349 4758 ut
2372 4697 2780 4768 enimagnellus
2825 4694 3119 4756 innocens,
3157 4688 3248 4759 qui
3282 4687 3494 4740 ducitur
3533 4693 3591 4738 ut

2057 4797 2392 4854 sacriﬁcetur
2417 4793 2486 4856 τι,
2508 4791 2681 4846 factus
2700 4794 2783 4842 est
2810 4786 2900 4840 ille
2924 4784 3106 4853 Agnus
3142 4780 3255 4843 Dei,
3294 4786 3350 4832 ut
3383 4774 3613 4855 auferat.

2057 4893 2335 4956 peccatum
2375 4879 2579 4944 mundi,
2610 4887 2662 4933 et
2686 4876 2774 4945 qui
2797 4873 3048 4928 omnibus
3070 4880 3367 4922 sermonem
3397 4877 3615 4930 suppe-.

2059 4978 2212 5038 ditat,
2230 4975 2390 5030 etiam
2419 4969 2747 5026 assimilatus
2776 4973 2861 5016 est
2888 4958 3092 5028 agnello
3115 4957 3230 5008 sine
3254 4966 3381 5006 voce
3408 4965 3586 5004 coram

2062 5065 2337 5127 tondente,
2369 5069 2427 5115 ut
2459 5066 2631 5113 morte
2677 5050 2846 5120 ipsius
2879 5059 3064 5101 omnes
3097 5057 3194 5097 nos
3224 5038 3586 5109 puriﬂcemur,

474 5217 496 5247 ³
530 5210 692 5265 Hebr.
732 5222 804 5265 Iv.
836 5203 930 5257 12.
994 5200 1015 5231 ³
1042 5191 1444 5265 Μιιιιιιεμιῷῥ,
1508 5189 1857 5265 δεδιῃι,]ι’5.
1923 5196 1942 5223 s

2060 5206 2230 5253 .xux,
2252 5189 2304 5245 2.
2382 5186 2521 5241 “lsa.
2549 5195 2695 5241 xux,
2723 5177 2777 5229 5.
2849 5174 2868 5203 ⁷
2901 5173 3031 5224 ibid.
3062 5170 3114 5223 6.
3191 5172 3210 5200 ⁸
3236 5161 3589 5237 Ριιὶιίρ.ἰι,8.

397 5258 690 5335 ,ο
732 5258 911 5327 ἷθἸεο.
944 5280 1084 5326 nix,
1124 5262 1180 5324 5,
1224 5259 1279 5310 6.
1363 5258 1401 5288 ¹¹
1429 5260 1527 5309 lsa.
1562 5273 1678 5320 LIII,
1704 5259 1754 5311 7.

487 5389 601 5458 (37),
623 5385 889 5458 Ἀγύπης.
915 5378 1004 5433 Sic
1028 5373 1199 5429 codex
1224 5368 1593 5434 Bodleianus;
1637 5370 1858 5424 lluetius
1893 5370 1944 5422 in

430 5456 563 5526 testu
575 5456 778 5526 ἀγάπῃ.

492 5501 941 5592 ζῇῖῖξίὸὕτως.
1001 5510 1074 5563 Ita
1122 5501 1298 5558 codd.
1355 5517 1508 5565 mss.;
1567 5502 1733 5557 editio
1779 5513 1953 5557 autem

2058 5365 2254 5428 lluetii,
2278 5364 2338 5414 τὸ
2356 5362 2542 5428 οὕτως.

2127 5408 2254 5501 ὧδῖ
2275 5408 2648 5501 ’ὶᾶθξῶξῖεοιε
2666 5416 2841 5501 liabet
2854 5417 3031 5501 ‘codex
3074 5411 3415 5475 Budleiauus;
3456 5408 3605 5468 male

2059 5482 2235 5553 auten;
2263 5482 2424 5552 editio
2449 5490 2623 5547 Huctii
2666 5482 2907 5553 Ἰσραήλ.
