3848 6226
105 328 139 377 διδ

117 447 341 565 V
363 446 694 565 ξξῖέξμεξος
732 446 1088 565 Ἐπιστολῇ·
1124 446 1259 565 ad}
1278 446 1398 547 γάρ’
1417 446 1505 545 tt;-
1530 446 1756 549 άμάῥὲῃ
1780 446 1895 535 .4.

603 544 862 619 ἔχομεν
895 542 1066 627 πρὸς(
1103 563 1211 616 τὸν
1237 542 1896 639 ΙίατέρανἸησοῦίΧριέ

149 598 219 661 νὼ
254 598 313 618 ,
431 598 445 610 .
643 598 837 619 συντ-τι
895 598 1053 627 wng
1108 598 1195 616 ιυι
1237 598 1464 635 μωιαμιι
1514 598 1736 637 ιηυυυν
1764 598 1896 639 Αμυ-

174 630 417 731 (4)1-
450 631 740 731 δίκαιον.
779 645 909 700 Καὶ
951 645 1137 716 οὗτος
1173 656 1424 724 ἱλασμός
1446 658 1574 711 ἐστι
1611 661 1739 727 περὶ
1779 659 1896 713 τῶν

192 724 1007 827 Μτιξῖινμήμῶνεκοιι
1045 742 1075 793 ὀ
1108 742 1333 814 ίλασμὸς
1380 745 1437 798 ὲν
1482 749 1547 816 τῇ
1591 724 1724 819 αὑτῇ
1752 750 1894 801 vam.

216 812 451 906 ἆτοξῇ
485 815 807 890 λεγόμενος
842 824 1084 898 ἱλασμὸς
1126 812 1263 884 εἶναι
1309 834 1435 904 περὶ
1614 812 1893 906 ἁμαρτιῶν

235 903 472 994 ἡμᾶν-
510 905 762 979 Ὁμοίως
809 912 873 967 δὲ
920 918 1018 969 καὶ
1060 921 1117 972 ὲν
1158 921 1223 988 τῇ
1259 903 1392 991 πρὸς
1437 903 1749 991 Ῥωμαίους,
1787 924 1898 977 ἰλα-

257 1002 560 1070 ατῆριοψ
610 1001 720 1053 Ὃν
774 1005 1071 1071 προέθετο
1111 1011 1144 1061 ὁ
1191 1008 1332 1073 Θεὸς
1391 1010 1736 1078 ἱλαστήριον
1799 1011 1898 1065 διὰ

281 1097 603 1154 ςιῑστεως·
651 1083 717 1143 οὗ
772 1092 1091 1166 ἱλαστηρίου
1138 1100 1218 1160 είς
1260 1099 1328 1151 τὰ
1361 1099 1603 1153 ὲσὼτατα
1652 1101 1761 1171 (44)
1805 1102 1898 1155 καὶ⁷

287 1186 485 1248 Ἅγια
512 1178 625 1233 τῶν
662 1181 844 1249 ἁγίων
887 1186 1016 1238 σκιά
1041 1202 1123 1248 τις
1148 1187 1405 1257 ἐτύγχανε
1435 1190 1496 1240 τὸ
1525 1188 1754 1264 χρυσοῦν
1792 1190 1898 1244 ίλα·

294 1271 564 1338 στήριον,
603 1270 962 1341 ἐπικείμενον
989 1277 1100 1337 τοῖς
1128 1275 1245 1328 δυσὶ
1279 1278 1554 1348 χερουὸίμ.
1590 1277 1712 1344 Πῶς
1757 1278 1803 1330 δ’
1832 1279 1897 1332 ἂν

293 1357 678 1428 παράκλητος
721 1361 823 1412 καὶ
865 1362 1089 1432 ίλασμὸς
1126 1365 1218 1417 καὶ
1253 1366 1576 1436 ἱλαστήριον,
1604 1368 1773 1438 χωρὶς
1808 1367 1897 1420 δυο

294 1450 542 1518 νὰμεως
596 1448 741 1502 Θεοῦ
801 1451 1225 1524 ὲξαφανιζούσης
1277 1455 1430 1525 ήμῶν
1480 1457 1577 1527 τὴν
1622 1457 1897 1513 ἀσθένειαν

294 1537 576 1607 γενέσθαι
610 1532 732 1602 οἷός
766 1557 828 1592 τε
858 1536 946 1611 ἦν,
965 1543 1318 1614 ἐπιρρεούσης
1343 1548 1461 1609 ταῖς
1486 1546 1895 1615 τῶν”πιστευόν-

298 1645 433 1681 των
470 1627 701 1696 ψυχαῖς,
750 1630 857 1683 ὑπὸ
908 1631 1080 1701 Ἰησοῦ
1112 1633 1544 1705 διακονουμένης,
1590 1631 1657 1706 ἧς
1687 1637 1897 1707 πρῶτός

302 1719 474 1770 ἐστιν
510 1718 883 1789 αὑτοδύναμις
906 1720 1061 1784 Θεοῦ,
1105 1722 1170 1774 δι’
1193 1723 1251 1775 ὃν
1281 1725 1420 1776 εἴποι
1461 1741 1543 1787 τις
1572 1725 1667 1778 ἄν’
1699 1725 1900 1778 Πάντα

305 1807 518 1873 ἰσχύω
567 1808 641 1859 ἐν
687 1806 774 1871 τῷ
826 1807 1258 1877 ἐνδυναμοῦντί
1301 1828 1377 1879 με
1411 1812 1636 1879 Χριστῷ
1674 1815 1897 1880 Ἰησοῦ;

303 1893 533 1966 Διόπερ
564 1896 796 1964 Σίμωνα
838 1896 929 1948 τὸν
982 1898 1153 1966 μάγον
1183 1899 1343 1951 αὑτὸν
1382 1901 1771 1972 άναγορεύοντα
1808 1901 1899 1954 δύ-

308 2000 495 2053 ναμιν
520 1983 685 2047 Θεοῦ,
718 1986 819 2054 τὴν
845 1986 1178 2056 καλουμένην
1206 1989 1462 2059 μεγάλην,
1492 1990 1645 2060 ἴσμεν
1678 1991 1791 2060 ἅμα
1820 1991 1898 2059 τῷ

316 2071 583 2141 ἀργυρίῳ
628 2072 801 2124 αὑτοῦ
850 2076 931 2135 είς
973 2074 1187 2145 ὄλεθρον
1220 2077 1312 2128 καὶ
1352 2076 1620 2131 ἀπώλειαν
1658 2097 1899 2150 κεχωρη-

317 2158 518 2211 κέναι·
557 2160 802 2230 Χριστὸν
838 2159 896 2213 δὲ
944 2162 1327 2230 ὁμολογοῦντες
1370 2164 1582 2234 ἀληθῶς
1622 2162 1760 2220 εἶναι
1807 2169 1897 2220 δύ-

314 2264 495 2317 ναμιν
549 2250 690 2303 Θεοῦ
712 2289 729 2311 ,
790 2251 965 2304 πάντα
1021 2252 1091 2305 τὰ
1160 2254 1292 2305 ὅπου
1346 2255 1475 2306 ποτὲ
1528 2255 1901 2326 δυναμούμενοι

319 2339 587 2409 μετέχειν
656 2339 859 2405 αὑτοῦ,
914 2340 1048 2394 καθὸ
1108 2341 1331 2411 δύναμίς
1388 2345 1537 2408 ἐστι,
1608 2336 1899 2397 πεπιστεύ-

316 2441 530 2498 κειμεν.

404 2518 492 2573 39.
532 2519 626 2588 Μὴ
658 2519 1142 2589 παρασιωπηθήτω
1167 2521 1211 2573 δ’
1245 2524 1396 2591 ἡμῖν,
1432 2523 1563 2594 μηδὲ
1585 2523 1717 2575 Θεοῦ
1744 2524 1901 2592 σοφία

322 2606 574 2676 εὐλόγως
605 2610 916 2678 τυγχάνων,
944 2610 1040 2662 καὶ
1070 2609 1159 2663 διὰ
1191 2611 1345 2663 τοῦτο
1386 2612 1528 2664 τοῦτ’
1572 2609 1707 2664 εἶναι
1754 2612 1901 2680 λεγό-

329 2708 534 2759 μενοςο
580 2696 643 2747 οὐ
689 2695 805 2765 γὰρ
850 2698 906 2747 ὲν
935 2697 1115 2765 ψιλαῖς
1158 2699 1476 2764 φαντασίαις
1517 2698 1609 2750 τοῦ
1643 2698 1774 2750 Θεοῦ
1807 2700 1900 2750 καὶ

322 2778 548 2852 Πατρός
575 2783 703 2834 τῶν
721 2783 859 2836 ὅλων
883 2784 982 2854 τὴν
1011 2785 1302 2838 ὑπόστασιν
1327 2785 1435 2854 ἔχει
1465 2789 1496 2856 ή
1528 2787 1688 2854 σοφία
1713 2787 1896 2852 αὑτοῦ,

322 2872 477 2925 κατὰ
505 2873 575 2925 τὰ
622 2873 888 2940 ἀνάλογον
919 2875 1030 2934 τοῖς
1068 2873 1417 2944 ἀνθρωπίνοις
1448 2878 1733 2946 ἐννοήμασι
1772 2892 1902 2944 φαν-

318 2960 606 3030 τάσματα.
634 2962 701 3014 El
729 2962 787 3013 δέ
815 2979 899 3024 τις
924 2956 1035 3024 οἷός
1056 2962 1116 3013 τέ
1139 2964 1282 3014 ὲστιν
1306 2963 1586 3034 ἀσώματον
1612 2965 1900 3017 ὑπόστασιν

322 3052 597 3104 ποικίλων
641 3052 1040 3122 θεωρημάτων,
1079 3052 1432 3121 περιεχόντων
1474 3055 1596 3115 τοὺς
1625 3054 1731 3107 τῶν
1768 3055 1902 3107 ὅλων

316 3133 545 3208 λόγους,
585 3142 797 3205 ζῶσαν,
843 3141 938 3193 καὶ
965 3142 1126 3194 οἱονεὶ
1154 3140 1388 3210 ἔμψυχον
1431 3143 1681 3204 ἐπινοεῖν,
1706 3144 1903 3196 εἵσεται

314 3231 434 3302 τὴν
465 3233 601 3303 ὑπὲρ
631 3233 817 3284 πᾶσαν
844 3231 1018 3282 κτίσιν
1054 3230 1240 3297 σοφίαν
1271 3230 1364 3283 τοῦ
1398 3231 1528 3283 Θεοῦ
1560 3231 1738 3293 καλῶς
1779 3233 1905 3301 περὶ

315 3321 509 3389 αὐτῆς
547 3321 819 3387 λέγουσαν
839 3335 854 3350 ⁸
890 3320 954 3397 ⁸Ὀ
993 3317 1136 3383 Θεὸς
1162 3317 1362 3371 ἐκτισέ
1398 3336 1479 3384 με
1514 3319 1709 3387 ἀρχὴν
1749 3319 1902 3373 ὁδῶν

317 3409 522 3464 αὐτοῦ
552 3413 640 3475 εἰς
673 3408 822 3476 ἔργα
852 3406 1062 3469 αὑτοῦ,
1094 3406 1159 3459 δι’
1181 3408 1246 3476 ἢν
1281 3407 1454 3460 κτίσιν
1495 3408 1772 3477 δεδύνηται
1814 3409 1906 3460 καὶ

321 3502 489 3551 πᾶσα
528 3498 710 3556 κτίσις
756 3496 1078 3565 ὑφεστάναι,
1120 3496 1218 3548 οὑκ
1267 3495 1541 3565 ἀνένδοχος
1582 3491 1713 3548 οὖσα
1757 3495 1905 3559 θείας

320 3592 530 3659 σοφίας
563 3591 691 3644 καθ’
734 3590 804 3659 ἥν
854 3589 1178 3658 γεγένηταιο
1213 3587 1415 3640 Πάντα
1467 3588 1593 3658 γὰρ,
1629 3587 1769 3649 κατὰ
1817 3588 1904 3640 τὸν

320 3683 625 3753 προφήτην
686 3679 888 3740 Acs-326,
940 3679 1011 3731 ἐν
1055 3677 1237 3745 σοφίᾳ
1297 3677 1581 3755 {inducar
1642 3680 1674 3730 ό
1736 3678 1900 3741 Θεός.

340 3769 513 3823 Ἀλλά
547 3770 723 3823 πολλὰ
759 3770 859 3839 μὲν
893 3769 1091 3837 μετοχῇ
1139 3766 1327 3834 σοφίας
1365 3766 1671 3835 γεγένηται,
1701 3765 1798 3816 οὐκ
1823 3767 1909 3817 ἁν-

323 3862 787 3932 τιλαμὸανόμενα
833 3857 1008 3925 αὐτῆς
1106 3855 1376 3908 ἔκτισται·
1414 3854 1616 3924 σφόδρα
1657 3853 1716 3905 δὲ
1756 3853 1908 3920 ὀλίγα

323 3951 400 4002 οὐ
432 3950 592 4020 μόνον
622 3948 724 4017 τὴν
753 3947 885 4016 περὶ
909 3944 1089 3998 αὑτῶν
1111 3943 1511 4014 καταλαμϐάνει
1545 3942 1752 4010 σοφίαν,
1775 3941 1908 3995 ἀλλὰ

326 4040 434 4092 καὶ
464 4038 594 4109 περὶ
641 4035 858 4088 πολλῶν
913 4035 1108 4103 ἑτέρων
1150 4031 1384 4103 Χριστοῦ
1428 4031 1528 4099 τῆς
1560 4032 1738 4100 πάσης
1779 4046 1908 4097 τυγ-

326 4127 593 4195 χάνοντος
631 4124 847 4191 σοφίας.
883 4121 1151 4183 Ἕκαστος
1190 4120 1246 4172 δὲ
1290 4119 1398 4171 τῶν
1432 4120 1605 4187 σοφῶν
1637 4117 1755 4170 καθ’
1789 4118 1909 4170 ὅσον

327 4221 507 4288 χωρεί
534 4216 754 4284 σοφίας,
780 4212 1033 4266 τοσοῦτον
1062 4211 1274 4281 μετέχει
1299 4207 1556 4279 Χριστοῦ,
1586 4207 1719 4260 καοὺ
1752 4208 1909 4275 σοφία

1419 277 1766 333 coenam.
1806 278 1872 335 1N
1902 279 2091 337 tom.
2131 279 2367 336 renus
2406 278 2448 333 ι.
2909 238 2916 244 ’
3458 285 3523 341 eo

358 354 426 467 fit
460 357 828 467 ἱξασήρξον
851 392 869 407 θ
909 381 946 433 ὁ
1004 387 1115 454 μὲν
1145 390 1489 462 παράκλητος
1533 394 1591 447 ὲν
1627 397 1693 464 τῇ
1729 394 1899 448 ἰωάψ

2003 404 2103 459 tus,
2158 405 2213 450 et
2248 394 2576 465 propitiatio,
2626 402 2681 448 et
2735 396 3170 467 propitiator:et
3213 399 3524 453 advocatum

1993 485 2206 554 quidem
2253 490 2527 550 nuncupat
2551 497 2672 536 eum
2696 481 2928 539 Joannes
2963 485 3014 537 in
3058 484 3293 551 Epistola
3321 500 3415 539 sua
3443 490 3528 541 di-

1993 584 2118 624 cens
2136 570 2181 601 ”
2205 582 2221 622 :
2250 569 2309 623 Si
2333 570 2612 638 peccaverit
2634 571 2769 638 quis,
2794 572 3096 626 advocatum
3115 572 3357 626 habemus
3384 573 3530 642 apud

1994 657 2202 711 Patrem
2230 655 2408 711 Jesum
2436 656 2697 710 Christum
2717 657 2943 723 justum.
2969 659 3172 713 Dicitur
3200 660 3365 714 etiam
3396 677 3519 730 pro~

1995 743 2198 811 pitiatio
2230 745 2297 796 ab
2324 745 2506 797 eodem
2536 746 2587 797 in
2615 747 2802 799 eadem
2829 745 3060 814 Epistola
3091 748 3133 778 ³⁸
3164 763 3180 800 :
3207 747 3273 799 Et
3302 748 3387 802 hic
3405 765 3528 817 pro-

1992 834 2201 899 pitiatio
2231 842 2304 885 est
2331 848 2425 900 pro
2446 835 2669 901 peccatis
2687 835 2896 888 nostris.
2932 834 3189 890 Similiter
3220 836 3271 890 in
3294 837 3527 905 Epistula

1994 919 2060 973 ad
2105 919 2370 975 Romanos
2407 923 2476 986 ²²,
2510 921 2874 989 propitiator;
2907 938 3055 990 quem
3092 927 3359 992 proposuit
3392 925 3528 979 Deus

1992 1009 2383 1077 propitiatorem
2420 1025 2512 1077 per
2557 1010 2734 1076 ﬁdem,
2794 1012 2949 1078 cuius
2997 1013 3354 1080 propitiatorii
3408 1022 3530 1069 erat

1996 1097 2179 1150 umbra
2212 1097 2453 1164 qutedatn
2483 1112 2700 1151 aureum
2719 1098 2845 1152 illud
2869 1100 3299 1167 prepitiatorium
3321 1104 3528 1158 duobus

1996 1183 2302 1252 impositum
2330 1184 2606 1239 cherubim
2628 1186 2686 1237 in
2707 1187 2894 1240 intima
2923 1224 2939 1251 ,
2985 1198 3040 1241 et
3067 1190 3260 1244 Sancta
3311 1201 3526 1246 sancto.

1996 1287 2136 1327 rum.
2172 1272 2576 1338 Quomodonam
2613 1288 2737 1329 vero
2760 1277 3073 1342 advocatus,
3110 1286 3166 1333 et
3195 1281 3526 1349 prepitiatio,

1999 1371 2106 1417 tum
2133 1364 2294 1418 etiam
2322 1363 2756 1432 propitiatorium
2795 1379 2914 1419 esse
2940 1374 3121 1433 posset
3142 1364 3297 1423 Jesus
3327 1369 3528 1438 absque

1996 1453 2088 1508 Dei
2122 1454 2358 1522 potentia
2386 1492 2402 1519 ,
2435 1468 2554 1522 qua
2581 1462 2817 1508 nostram
2849 1456 3026 1509 abolet
3051 1457 3412 1512 inﬁrmitatem
3432 1498 3448 1523 ,
3475 1468 3531 1511 et

2000 1557 2118 1610 quae
2144 1543 2193 1595 in
2223 1533 2554 1596 credentium
2581 1543 2787 1597 animos
2821 1544 3010 1608 inﬂuit,
3040 1555 3096 1599 et
3121 1559 3151 1597 a
3177 1544 3301 1599 Jesu
3328 1546 3534 1599 submi-

1999 1630 2272 1694 nistratur,
2302 1632 2392 1697 qui
2415 1646 2475 1685 ea
2494 1633 2652 1700 [prior
2675 1640 2760 1686 est
2777 1671 2791 1694 .
2837 1648 2961 1687 cum
2984 1634 3054 1687 sit
3081 1635 3194 1702 ipsa
3217 1635 3309 1690 Dei
3340 1644 3533 1704 poten‘

1931 1698 1972 1752 Β
1999 1720 2088 1781 tia,
2121 1734 2214 1786 per
2240 1735 2397 1788 quem
2444 1698 2605 1774 etiam
2653 1720 2798 1774 dicat
2823 1722 3021 1789 aliquis
3064 1698 3117 1755 ’ί
3134 1739 3150 1778 :
3184 1698 3374 1777 Omnia
3409 1740 3531 1793 pos-

1996 1826 2109 1863 sum
2137 1825 2231 1877 per
2261 1808 2547 1876 Christum,
2593 1812 2686 1879 qui
2714 1826 2795 1863 me
2822 1812 3163 1865 corroborat?
3202 1814 3537 1882 Quapropter

1998 1897 2267 1951 Simonem
2302 1899 2516 1967 quidem
2545 1899 2691 1953 illum
2742 1899 2951 1969 Magum
2979 1902 3209 1970 seipsum
3243 1903 3535 1970 praedican-

2000 1996 2102 2040 tem
2123 2000 2242 2041 esse
2260 1989 2553 2055 potentiam
2572 1988 2691 2055 Dei,
2717 2003 2835 2058 quae
2855 1999 3076 2044 vocatur
3100 2006 3310 2061 magna,
3334 1993 3535 2046 scimus

1997 2090 2099 2129 una
2138 2092 2257 2131 cum
2281 2093 2376 2133 suo
2412 2089 2634 2148 argento
2682 2080 2735 2133 in
2784 2081 3059 2135 interitum
3089 2091 3143 2136 et
3183 2083 3533 2151 perditionem

1995 2169 2190 2222 abiisse
2211 2170 2293 2231 ²⁸;
2328 2183 2425 2223 nos
2454 2184 2581 2224 vero
2613 2170 2891 2225 Christum
2937 2186 3065 2227 vere
3112 2173 3206 2227 Dei
3238 2172 3530 2240 potentiam

1997 2270 2115 2310 esse
2141 2255 2385 2321 fatentes,
2414 2272 2746 2328 quaecunque
2788 2275 2872 2314 res
2899 2262 2949 2313 vi
2982 2261 3202 2330 pollent,
3231 2261 3395 2330 ipsius
3416 2275 3537 2316 esse

1999 2343 2287 2410 participes
2308 2352 2627 2412 persuasum
2658 2347 2937 2401 habemus.

2065 2518 2152 2572 39.
2219 2518 2348 2573 Illud
2405 2528 2579 2574 autem
2639 2520 2856 2577 silentio
2917 2536 3021 2575 non
3083 2525 3537 2590 praetereundum,

1997 2603 2176 2658 Iesum
2202 2604 2293 2658 Dei
2329 2607 2646 2671 sapientiam
2679 2608 2874 2660 merito
2897 2608 3179 2671 exsistere,
3209 2617 3266 2662 et
3301 2610 3441 2664 hanc
3468 2613 3540 2665 ob

1999 2705 2214 2745 causam
2239 2692 2341 2746 hoc
2364 2694 2578 2748 nomine
2606 2695 2865 2761 appellari
2893 2713 2906 2748 :
2940 2697 3136 2765 quippe
3170 2711 3292 2751 eum
3321 2712 3430 2752 non
3478 2700 3535 2752 in

2001 2782 2156 2836 nudis
2183 2782 2485 2838 visionibus
2507 2784 2599 2839 Dei
2625 2794 2679 2838 et
2708 2784 2883 2840 Patris
2905 2788 3271 2841 universorum
3297 2788 3542 2842 substan-

2003 2871 2126 2922 tiam
2155 2872 2347 2924 habeat
2393 2875 2656 2939 sapientia
2690 2875 2878 2943 ipsius,
2924 2876 3146 2942 perinde
3177 2885 3339 2944 atque
3370 2878 3541 2944 phan-

1927 2994 1971 3051 c
2005 2967 2228 3012 tasmata
2274 2961 2658 3027 cogitationum
2714 2964 3091 3016 humanarum.
3142 2964 3295 3029 Quod
3343 2966 3387 3018 si
3419 2966 3543 3032 quis

1983 3055 2178 3117 .potest
2200 3047 2567 3115 incorpoream
2600 3050 2952 3104 substantiam
2999 3051 3271 3104 variarum
3295 3052 3543 3118 specula—

2005 3136 2229 3197 tionem,
2271 3150 2389 3201 qua:
2410 3137 2655 3189 omnium
2689 3136 2928 3189 rationes
2949 3138 3246 3200 continent,
3278 3139 3542 3192 viventem

2003 3233 2056 3275 et
2087 3222 2195 3292 40
2221 3223 2381 3276 veluti
2407 3225 2700 3276 animatam
2735 3224 3113 3289 considerare,
3154 3226 3199 3279 is
3220 3226 3378 3293 plane
3410 3226 3544 3280 sciet

2004 3313 2095 3366 Dei
2136 3314 2451 3380 sapientiam
2499 3316 2645 3366 omni
2678 3326 2922 3368 creatura
2973 3315 3129 3382 longe
3182 3324 3542 3383 praestantem,

2003 3416 2064 3452 ac
2088 3401 2221 3453 bene
2257 3404 2323 3453 de
2358 3403 2527 3468 seipsa
2557 3405 2773 3456 dicere:
2802 3403 2939 3457 Deus
2987 3404 3175 3457 creavit
3216 3420 3296 3458 me
3337 3405 3545 3457 initium

2004 3493 2203 3543 viarum
2234 3508 2469 3556 suarum,
2519 3493 2587 3544 ad
2618 3508 2772 3560 opera
2813 3494 2923 3560 ejus
2958 3494 3031 3559 ⁸⁵,
3070 3508 3164 3560 per
3200 3509 3359 3562 quam
3389 3508 3544 3547 erea-

2006 3581 2200 3634 tionem
2245 3582 2418 3646 potuit
2475 3581 2677 3648 qumvis
2726 3594 2971 3636 creatura
3021 3584 3340 3647 subsistere,
3403 3583 3544 3636 baud

2007 3683 2198 3735 expers
2235 3670 2502 3725 exsistens
2530 3671 2719 3723 divime
2747 3672 3044 3737 sapientite,
3083 3686 3178 3739 per
3212 3688 3368 3740 quam
3400 3672 3543 3726 facta

2003 3758 2588 3825 est;quandoquidem,
2636 3768 2775 3814 teste
2820 3762 3014 3814 Davide
3054 3763 3123 3824 “,
3180 3761 3247 3815 In
3288 3763 3545 3829 sapientia

2005 3847 2126 3915 fecit
2149 3847 2320 3899 outuia
2347 3847 2508 3900 Deus.
2541 3848 2646 3902 Sed
2681 3850 2845 3903 multa
2886 3850 3104 3917 quidem
3128 3851 3541 3917 participatione

2004 3938 2280 4007 sapientia:
2304 3949 2422 3992 orta
2452 3949 2599 4003 sunt,
2632 3955 2755 4008 quae
2785 3941 3021 3995 vicissim
3053 3956 3155 3995 non
3179 3951 3542 4009 assequuntur

2004 4041 2122 4080 eam
2155 4040 2259 4094 qua
2292 4035 2472 4080 creata
2498 4036 2656 4092 sunt;
2696 4043 2965 4095 perpauca
3006 4039 3182 4082 autem
3227 4038 3375 4090 sunt,
3427 4042 3548 4095 qua:

2008 4131 2109 4168 non
2145 4117 2301 4170 modo
2323 4126 2440 4168 eam
2481 4131 2600 4184 quae
2642 4118 2709 4170 ad
2768 4132 2849 4182 se,
2898 4135 3085 4175 verum
3127 4120 3291 4173 etiam
3332 4133 3450 4186 qua:
3478 4118 3547 4171 ad

2011 4203 2174 4263 multa
2211 4203 2316 4258 alia
2360 4213 2592 4271 spectat,
2632 4209 2950 4272 sapientiam
3007 4217 3382 4276 assequuntur,
3424 4223 3547 4261 cum

329 4305 516 4361 ἐστίν·
554 4307 748 4375 ὥσπερ
786 4305 1019 4365 ἕκαστος
1060 4301 1167 4354 τῶν
1208 4300 1431 4369 δύναμιν
1459 4298 1684 4367 ἐχόντων
1730 4299 1902 4368 κρείτ-

2010 4298 2256 4352 Christus
2301 4298 2374 4350 sit
2442 4299 2691 4353 universa
2746 4302 3029 4369 sapientia.
3080 4302 3311 4367 Quilibet
3370 4310 3550 4354 autem

330 4412 471 4452 τονα
500 4400 624 4451 ὅσον
661 4394 852 4464 εἴληχε
890 4393 990 4462 τῆς
1030 4391 1329 4459 δυνάμεως,
1359 4387 1606 4440 τοσοῦτον
1650 4385 1904 4456 Χριστοῦ,

337 4489 480 4543 καθὸ
524 4487 760 4557 δύναμίς
802 4487 949 4547 ἔστι,
994 4478 1372 4549 κεκοινώνηκε.
1424 4478 1496 4530 Τὸ
1541 4477 1910 4548 παραπλήσιον

333 4576 403 4630 δὲ
449 4580 543 4632 καὶ
573 4576 709 4647 περὶ
761 4571 1035 4641 ἁγιασμοῦ
1066 4571 1161 4623 καὶ
1203 4566 1627 4638 ἀπολυτρώσεως
1672 4568 1904 4637 νοητέον.

336 4666 513 4728 Αὐτὸς
555 4665 657 4734 μὲν
698 4660 811 4731 γὰρ
842 4658 1128 4727 ἁγιασμὸς,
1154 4655 1274 4708 ὅθεν
1306 4655 1355 4706 οἱ
1384 4652 1526 4720 ἅγιοι
1564 4650 1904 4718 ἀγιάζονται,

332 4754 474 4823 ¹ἡμῖν
502 4756 531 4806 ὁ
560 4750 777 4821 Ἰησοῦς
807 4748 1093 4816 γεγένηται
1120 4744 1214 4797 καὶ
1249 4741 1619 4809 ἀπολύτρωσις
1638 4757 1652 4771 ο
1685 4740 1911 4803 ἕκαστος

339 4840 405 4896 δὲ
437 4842 595 4913 ἡμῶν
650 4839 850 4907 ἐκείνῳ
892 4836 971 4906 τῷ
1015 4832 1266 4903 ἁγιασμῷ
1315 4831 1625 4898 ἁγιάζεται,
1672 4831 1763 4882 καὶ⁸
1795 4830 1914 4882 κατ’

344 4932 559 5002 ἐκείνην
612 4928 995 4998 ἀπολύτρωσιν
1044 4921 1457 4991 ἁπολυτροῦται.
1516 4918 1830 4988 Ἐπίστησον
1859 4919 1915 4971 δὲ

346 5022 399 5071 εἰ
430 5020 503 5088 μὴ
534 5019 717 5089 μάτην
771 5016 833 5067 τὸ
861 5012 1007 5083 ἡμῖν
1035 5012 1182 5083 παρὰ
1230 5009 1311 5077 τῷ
1347 5005 1647 5073 ’Δποστόλῳ
1676 5023 1914 5074 προσκα-

348 5104 518 5160 λεῖται
547 5107 687 5177 (45),
720 5104 931 5170 λέγοντι
953 5118 968 5133 ο
1008 5103 1101 5165 ⁸ος
1131 5097 1387 5167 ἐγενήθη
1426 5094 1603 5161 σοφία
1623 5094 1764 5161 ἡμῖν
1800 5095 1913 5148 ἀπὸ

318 5261 325 5270 ·
422 5241 687 5298 "IJoan.
726 5241 866 5301 ",1.
955 5237 995 5269 ²¹
1021 5235 1145 5288 ibid.
1180 5233 1233 5284 2.

355 5324 467 5377 \‘lll,
500 5312 595 5367 Ὤ.
678 5309 727 5341 ⁸⁸
749 5305 892 5359 Psal.
921 5318 1036 5366 cut,
1062 5302 1152 5355 24.

428 5423 531 5492 (ﬂ)
562 5423 668 5486 Εἷς
693 5418 1067 5492 ademerant.
1117 5411 1208 5492 Sic
1244 5414 1402 5459 recte
1432 5420 1591 5473 mss.._
1619 5408 1911 5480 malevero

362 5478 720 5545 editinllluétii
746 5490 824 5549 είς
850 5486 916 5538 τὰ
945 5484 1067 5544 ἔσω,
1092 5478 1192 5554 τά·
1477 5545 1493 5554 _
1531 5540 1549 5550 _
1687 5541 1722 5554 Α

432 5541 534 5629 (45)
548 5541 726 5630 ⁷Παρὰ
748 5541 827 5620 τῷ
865 5541 1185 5610 Ἀπυσέόλῳ
1208 5541 1659 5607 προσκαλεῖται.
1684 5541 1906 5598 Codices

1341 5230 1388 5258 ”
1413 5241 1525 5295 cap.
1557 5241 1640 5289 tu,
1668 5242 1810 5280 vers.
1840 5228 1928 5282 9.5.

2007 4385 2240 4449 sapiens,
2270 4395 2536 4452 quatenus
2578 4388 2898 4454 sapientiam
2936 4390 3102 4458 capit,
3135 4388 3195 4441 tit
3226 4388 3469 4452 Christi,
3498 4389 3550 4440 in

2010 4486 2268 4535 quantum
2310 4482 2394 4527 est
2420 4475 2680 4542 sapientia
2701 4513 2719 4540 ,
2760 4479 3027 4548 particeps
3056 4497 3071 4532 :
3102 4479 3550 4547 quemadmodum

2011 4562 2378 4630 unusquisque
2428 4564 2632 4618 viribus
2685 4564 2842 4635 longe
2891 4567 3237 4635 praecellens,
3294 4575 3552 4635 quantum

2010 4653 2280 4722 particeps
2307 4663 2392 4708 est
2417 4657 2704 4723 potentiae,
2745 4658 3070 4710 tantumdem
3116 4657 3282 4710 etiam
3326 4657 3553 4720 Christi,

2016 4750 2281 4808 quatenus
2316 4752 2401 4796 est
2442 4742 2701 4807 potentia,
2749 4754 2833 4796 est
2875 4742 3162 4810 particeps.
3211 4742 3365 4803 Quod
3414 4739 3558 4792 idem

2015 4831 2177 4883 etiam
2208 4829 2274 4881 de
2300 4827 2742 4889 sanctiﬁcatione,
2765 4839 2819 4883 et
2846 4829 2913 4882 de
2938 4824 3298 4892 redemptione
3322 4824 3562 4876 sentien-

2016 4919 2137 4971 dum
2164 4927 2269 4971 est.
2318 4917 2436 4987 lpsa
2467 4917 2728 4985 siquidem
2762 4916 3115 4971 sanctiﬁcatio
3142 4951 3156 4973 ,
3195 4910 3581 4998 undesaneti

2015 5014 2233 5060 sumunt
2278 5007 2760 5062 sanctiﬁcationem
2786 5045 2799 5068 ,
2855 5014 2907 5058 et
2957 4998 3255 5066 redemptio
3314 4995 3587 5058 Christus;

2016 5096 2169 5150 nobis
2202 5097 2379 5149 factus
2423 5106 2504 5150 est
2529 5111 2546 5154 :
2574 5095 2937 5160 unusquisque
2983 5097 3166 5142 autem
3207 5093 3470 5135 nostrum
3495 5080 3584 5133 illa

2016 5230 2062 5261 “
2091 5227 2285 5296 Philip.
2314 5242 2388 5291 tv,
2415 5228 2500 5282 15.
2577 5224 2759 5278 “Act.
2791 5236 2907 5285 vni,
2935 5219 2990 5282 9,
3019 5215 3118 5277 40,
3149 5211 3242 5264 20.
3333 5208 3389 5239 “
3430 5207 3591 5259 Prov.

2021 5407 2218 5474 Regius
2250 5412 2303 5456 et
2321 5403 2680 5477 Bodleiauus:
2704 5397 2830 5477 περὶ
2861 5396 2937 5465 τῷ

2242 5449 2877 5524 ξέιινοῖῆίέίΒατιλοιίἶιμε
2903 5449 3051 5515 recte
3084 5456 3258 5508 habet
3280 5449 3375 5501 iul
3419 5455 3599 5503 margt

2018 5560 2133 5598 neut
2168 5539 2312 5609 παρὰ
2344 5538 2420 5607 τῷ
2458 5535 2753 5605 Ἀποστόλῳ
2782 5533 3137 5602 πρόσκειται.
