3848 6212
531 278 594 332 ιη
1933 268 2246 323 ORIGENIS
3611 260 3630 308 ἓ

533 382 952 438 sanctiﬁcatione
1014 380 1386 435 sanctiﬁcatur
1441 387 1495 434 et
1559 379 1646 433 illa
1703 381 2063 449 redemptione

2173 380 2329 444 Θεοῦ,
2357 378 2702 445 δικαιοσύνη
2729 395 2813 443 τε,
2854 379 2950 431 καί
2989 367 3310 443 ἁγιασμὸς,
3349 365 3440 420 καί
3474 368 3630 421 ἁπολι

520 472 832 526 'redimitur.
882 470 1119 523 Observa
1144 477 1322 523 autem
1352 485 1418 523 an
1451 467 1762 537 particulam
1790 470 1933 522 nobis
1964 470 2063 522 mi-

536 560 681 614 nime
728 558 926 612 frustra
981 557 1246 613 addiderit
1280 557 1583 625 Apostolus,
1632 557 1812 611 dicens
1848 558 1890 589 "
1921 573 1934 608 :
1962 557 2064 620 Qui

539 647 704 715 factus
728 654 801 700 est
823 645 966 699 nobis
995 647 1249 714 sapientia
1271 663 1303 699 ιι
1326 646 1453 708 Deo.
1477 656 1524 699 et
1550 646 1780 713 justitia,
1805 655 1851 697 et
1881 646 2066 698 sancti-

537 736 736 804 ficatio,
766 745 814 790 et
846 738 1150 802 redemptio.
1178 737 1471 805 Itidemque
1495 738 1716 790 observa
1757 736 2065 803 Apostolum

538 840 645 880 non
702 827 769 880 ab
820 840 879 881 re
927 826 1053 880 alibi
1111 827 1311 881 dixisse
1358 827 1600 880 absolute
1639 827 1923 886 Christum,
1973 826 2064 880 Dei

535 915 875 983 upieatiam,
899 924 953 968 et
989 916 1079 969 Dei
1111 916 1423 984 potentiam,
1460 924 1720 983 quatenus
1749 915 1977 983 potentia
2014 922 2068 968 et

537 1001 799 1070 sapientia
829 1011 929 1065 est,
980 1003 1186 1056 etiamsi
1211 1016 1307 1056 nos
1330 1002 1782 1056 existimassemus
1809 1017 1927 1055 eum
1962 1016 2063 1055 non

535 1102 656 1142 esse
684 1089 972 1157 potentiam
995 1089 1109 1154 Dei,
1131 1102 1305 1158 neque
1328 1089 1639 1157 sapientiam
1666 1090 1715 1141 in
1737 1090 2064 1150 universum,

536 1178 629 1231 sed
661 1178 833 1232 nobis.
888 1176 1039 1232 Nunc
1075 1186 1248 1232 autem
1295 1177 1476 1232 Iesum
1511 1179 1751 1232 scribens
1784 1177 2067 1244 Apostolus

538 1267 856 1336 sapientiam
897 1279 1015 1321 esse
1070 1282 1135 1322 ac
1162 1267 1488 1336 potentiam,
1524 1267 1802 1335 aliquoties
1840 1266 2069 1320 vocabu-

537 1356 645 1409 lum
679 1358 824 1409 nobis
847 1356 1012 1422 addit,
1049 1357 1329 1424 aliquoties
1356 1373 1459 1411 non
1487 1358 1651 1419 addit,
1683 1356 1921 1410 absolute
1947 1370 2066 1410 eum

539 1445 880 1513 sapientiam,
906 1455 959 1499 et
985 1446 1275 1514 potentiam
1314 1449 1577 1510 scribens,
1602 1460 1721 1499 cum
1751 1446 1887 1499 idem
1931 1446 2071 1500 inte-

540 1534 641 1587 rim
675 1548 779 1588 non
813 1534 1003 1597 faciat,
1028 1534 1269 1589 scribens
1296 1550 1417 1588 eum
1450 1549 1569 1589 esse
1595 1534 2067 1589 sanctiﬁcationem

538 1631 594 1676 et
642 1623 1083 1690 redemptionem.
1153 1622 1414 1687 Quocirca
1458 1624 1599 1687 vide,
1661 1627 1907 1691 quoniam
1976 1624 2066 1691 qui

2160 484 2403 537 τρωσις·
2431 469 2523 520 καὶ
2546 469 2592 519 εί
2628 469 2700 538 μὴ
2727 471 2783 521 ὲν
2814 466 2989 527 ἀλλοις
3026 463 3159 533 περὶ
3190 458 3285 512 τοῦ
3317 460 3529 529 Χριστοῦ
3560 464 3630 512 καί

2163 559 2322 626 σοφία
2363 559 2509 612 ἐστὶν
2564 557 2968 628 ἀπολελυμένους
3017 553 3258 621 ἐλέγετο,
3307 548 3397 602 καὶ
3439 548 3563 602 καθὸ
3602 551 3626 602 δ

2161 664 2346 717 ναμις,
2386 648 2465 700 ὅτι
2526 648 2753 716 Χριστὸς
2799 644 2930 698 Θεοῦ
2974 641 3204 711 δύναμίς
3249 641 3394 703 ἐστι,
3442 639 3528 692 καὶ
3562 639 3630 691 Θει

2165 737 2352 805 σοφία,
2394 737 2492 790 κᾶν
2539 738 2903 807 ὑπενοήσαμεν
2944 733 3017 804 μὴ
3066 728 3326 793 καθάπαξ
3372 728 3523 781 αὐτὸν
3564 724 3630 780 εῖν

2165 825 2369 893 σοφίαν,
2402 826 2533 895 μηδὲ
2573 825 2795 893 δύναμιν
2833 822 2987 888 Θεοῦ,
3014 820 3153 874 ἀλλά
3192 820 3348 889 ἡμῖν.
3377 817 3485 870 Νῦν
3521 817 3573 870 δὲ
3609 822 3630 870 ὲ

2168 913 2264 982 μὲν
2302 913 2398 982 τῆς
2438 914 2623 981 σοφίας
2665 914 2753 965 καὶ
2803 913 3080 981 δυνάμεως
3130 908 3272 979 πρὸς
3302 906 3379 977 τῷ
3425 907 3561 975 ἡμῖν
3611 925 3630 959 ν

2163 1000 2224 1053 τὸ
2267 1000 2524 1053 ἀπόλυτον
2580 1002 3020 1071 ἀναγέγραπται,
3073 998 3166 1050 ἐπὶ
3212 997 3270 1049 δὲ
3305 996 3396 1048 τοῦ
3447 997 3630 1064 ἀγιασμ

2165 1090 2259 1142 καὶ
2299 1090 2396 1159 τῆς
2424 1090 2840 1161 ἀπολυτρώσεως
2871 1092 2904 1159 ἠ
2942 1091 3078 1160 αὐτὴ
3124 1087 3403 1155 ἀπόφασις
3432 1087 3529 1139 οὐκ
3566 1086 3630 1155 εἶε

2165 1192 2270 1228 ται.
2316 1178 2509 1248 Διόπερ
2555 1180 2671 1249 δρα,
2723 1181 2849 1232 ἐπεὶ
2892 1182 2925 1231 ό
2972 1177 3224 1248 ἁγιάζων
3260 1175 3361 1228 καὶ
3402 1177 3455 1228 οἱ
3494 1175 3630 1243 ἀγιαα

2160 1284 2326 1336 μενοι
2367 1268 2435 1331 ἐξ
2483 1268 2622 1331 ἐνὸς
2674 1268 2920 1334 πάντες,
2971 1269 3019 1320 εἰ
3075 1265 3243 1320 αὑτοῦ
3309 1263 3402 1317 τοῦ
3455 1264 3630 1334 ήμετές

2166 1357 2431 1427 ἀγιασμοῦ
2465 1359 2725 1428 ἀγιασμός
2755 1360 2898 1411 ἐστιν
2927 1360 2955 1410 6
2987 1359 3211 1427 Πατήρ*
3251 1354 3442 1424 ὥσπερ
3488 1354 3630 1423 Χρισ

2167 1448 2315 1510 ὄντος
2356 1448 2623 1517 ἡμετέρας
2666 1448 2931 1517 κεφαλῆς,
2969 1450 2998 1500 6
3029 1447 3221 1517 Πατὴρ
3254 1443 3421 1497 αὐτοῦ
3473 1445 3585 1495 ἐστι
3626 1461 3630 1471 ·

2170 1536 2327 1606 φαλή.
2365 1536 2751 1607 Ἀπολύτρωσις
2793 1538 2847 1590 δὲ
2879 1537 3033 1606 ἡμῶν
3062 1538 3091 1587 6
3120 1534 3365 1604 Χριστὸς
3404 1532 3512 1584 τῶν
3539 1532 3623 1584 διὰ

2171 1624 2612 1695 ᾑχμαλωτεῦσθαι
2670 1625 3093 1695 ἀπολυτρώσεως
3144 1624 3507 1694 δεδεημένων.
3556 1624 3630 1676 Αὐ

538 1709 856 1779 sanctificat,
894 1718 944 1763 et
987 1713 1078 1780 qui
1125 1712 1523 1779 sanctiﬁcantur
1556 1728 1621 1765 ea:
1663 1728 1763 1765 uno
1800 1728 1972 1765 omnes
2002 1713 2068 1777 ’⁸,

2173 1676 2366 1783 εἷ’τὴν
2414 1676 2895 1783 ἀπολύτροᾷσιρὀιτ
2926 1676 3092 1782 ζητῶ,
3141 1676 3251 1766 τοῦ
3293 1676 3630 1781 ’ἑτεπειριιμέι

541 1811 608 1851 sn
635 1799 824 1867 ipsius,
851 1799 941 1867 qui
971 1808 1055 1854 est
1079 1808 1259 1855 nostra
1289 1801 1648 1854 sanctiﬁcatio
1670 1839 1685 1864 ,
1717 1800 2071 1854 sanctiﬁcatio

2173 1800 2322 1853 κατὰ
2345 1801 2536 1854 πάντα
2563 1801 2687 1855 καθ’
2722 1803 3032 1870 ὁμοιότητα
3076 1803 3261 1870 χωρὶς
3292 1802 3602 1870 ἁμαρτίας,

540 1886 615 1938 sit
663 1884 863 1949 Pater;
908 1887 1356 1954 quemadmodum
1407 1888 1571 1953 ipsius
1599 1887 1818 1950 Christi,
1857 1888 1944 1954 qui
1990 1895 2073 1940 est

2177 1890 2438 1960 μηδέποτε
2467 1891 2569 1943 ὑπὸ
2608 1892 2713 1944 τῶν
2752 1891 2957 1962 ἐχθρῶν
3000 1894 3081 1954 είς
3111 1892 3502 1962 αἰχμαλωσίαν
3543 1909 3630 1944 κεν

544 1984 787 2029 nostrum
817 1985 978 2044 caput
1002 2013 1018 2039 ,
1048 1985 1207 2044 caput
1232 1987 1315 2029 est
1337 1974 1511 2028 Pater.
1550 1974 1649 2027 Est.
1667 1984 1841 2027 autem
1867 1973 2073 2027 redem-
2175 1976 2428 2045 τημένου.

542 2069 654 2136 ptio
673 2078 852 2123 nostra
874 2068 1136 2134 Christus,
1162 2082 1228 2121 eo
1246 2068 1387 2134 quod
1411 2068 1463 2121 in
1488 2067 1845 2133 captivitatem
1869 2065 2081 2120 abducti
2111 2083 2244 2136 opus
2270 2070 2550 2126 habuimus
2581 2071 2958 2139 redemptione.
2983 2069 3092 2125 Nec
3118 2071 3293 2139 ipsius
3317 2073 3630 2142 redemptim

477 2192 485 2201 ο
542 2175 741 2229 quaero,
761 2162 853 2231 qui
874 2170 1098 2216 (erucius
1118 2169 1192 2213 est
1220 2176 1312 2228 per
1338 2160 1510 2213 omnia
1542 2162 1697 2228 juxta
1731 2159 2126 2214 similitudinem
2152 2164 2342 2231 absque
2366 2174 2571 2227 peccato
2603 2166 2671 2228 ”,
2712 2165 2804 2219 sed
2836 2178 3107 2232 nunquam
3146 2167 3217 2218 ab
3264 2164 3524 2219 hostibus
3576 2164 3623 2217 l'a

542 2253 802 2320 captivus.

609 2340 700 2393 40.
725 2339 859 2397 Cum
893 2339 1060 2394 semel
1099 2348 1278 2394 autem
1316 2338 1717 2394 distinxerimus
1740 2338 1879 2392 inter
1904 2352 2074 2391 vocu-

543 2432 648 2485 lam
672 2430 818 2483 nobis
840 2437 895 2483 et
926 2428 1169 2483 voculam
1194 2428 1519 2497 simpliciter,
1551 2427 1789 2482 dicentes
1814 2441 1917 2480 non
1946 2428 2076 2480 sim—

546 2517 757 2587 pliciter
788 2516 1271 2570 sanctiﬁcationem
1299 2525 1352 2569 et
1382 2515 1802 2583 redemptionem
1848 2514 2009 2568 scribi
2044 2529 2078 2569 a

545 2605 711 2660 Paulo
755 2619 878 2660 esse
926 2603 1222 2668 Christum,
1252 2604 1345 2657 sed
1374 2618 1495 2658 cum
1532 2604 1893 2657 additamenta
1933 2605 2077 2657 nobis

548 2693 714 2764 (cum
758 2692 996 2761 potentia
1049 2703 1105 2745 et
1150 2691 1411 2760 sapientia
1462 2691 1689 2753 dicatur,
1723 2698 1778 2742 et
1824 2704 1944 2743 cum
1988 2690 2082 2741 ad-

549 2782 845 2836 ditamento
867 2779 971 2852 ιι
1006 2782 1173 2844 nobis,
1196 2789 1249 2834 et
1278 2779 1589 2847 simpliciter
1618 2780 1732 2832 sine
1764 2778 1948 2832 vocula
1985 2794 2080 2830 uo-

549 2867 677 2938 bis),
708 2883 814 2924 non
853 2870 1034 2924 sinere
1065 2867 1322 2922 debemus
1352 2867 1737 2935 inexploratum
1782 2879 2079 2919 sermonem

549 2958 617 3014 de
636 2957 863 3025 iustitia.
891 2957 959 3012 Et
986 2959 1126 3027 quod
1152 2957 1365 3025 quidem
1393 2955 1601 3023 justitia
1648 2955 1802 3009 nobis
1830 2955 1902 3008 sit
1921 2953 2078 3007 Chri-

554 3058 661 3113 tus,
686 3025 1027 3118 perspicuum
1057 3057 1142 3102 est
1166 3061 1232 3101 ex
1260 3062 1324 3102 eo
1356 3063 1374 3102 :
1403 3046 1504 3112 Qui
1539 3046 1706 3113 facta;
1728 3054 1800 3100 est
1827 3045 1970 3098 nobis
1991 3060 2079 3097 sa-
2098 3025 2150 3091 .C

549 3136 747 3206 pientia
765 3153 799 3190 α
830 3136 959 3201 Deo,
982 3145 1033 3190 et
1060 3136 1298 3205 justitia,
1336 3146 1383 3190 et
1410 3135 1775 3204 sanctiﬁcatio,
1804 3142 1852 3187 et
1889 3133 2083 3185 redem-

552 3226 660 3293 ptio
699 3226 766 3279 ⁸⁸.
815 3225 965 3291 Quod
1010 3227 1053 3279 si
1101 3240 1204 3280 non
1256 3226 1559 3280 invenimus
1605 3225 1776 3291 ipsum
1816 3222 2081 3288 justitiam

554 3315 871 3384 simpliciter
897 3315 1026 3379 dici,
1054 3314 1497 3382 quemadmodum
1527 3312 1843 3381 simpliciter
1873 3313 2084 3380 sapien-

557 3403 654 3465 tia,
686 3411 743 3456 et
784 3402 1018 3470 potentia
1067 3402 1161 3455 Dei
1214 3401 1429 3465 dicitur,
1475 3401 1847 3468 inquirendum
1899 3409 1980 3453 est
2016 3415 2082 3452 an

558 3493 662 3560 ipsi
689 3490 923 3555 Christo,
949 3490 1390 3557 quemadmodum
1417 3488 1773 3543 sanctiﬁcatio
1799 3497 1880 3542 est
1907 3488 2086 3550 Pater,

563 3580 637 3635 ita
670 3580 830 3635 etiam
876 3579 1081 3646 justitia
1112 3580 1177 3634 sit
1210 3580 1387 3633 Pater.
1431 3579 1611 3647 Neque
1647 3578 1787 3631 enim
1828 3578 2085 3645 injustitia

556 3676 645 3722 est
684 3668 820 3736 apud
855 3667 1016 3721 Deum
1051 3668 1117 3730 υ,
1154 3676 1207 3721 et
1230 3666 1405 3734 justus
1445 3675 1500 3720 et
1541 3675 1758 3719 sanctus
1795 3673 1876 3718 est
1908 3664 2087 3718 Domi-

561 3770 700 3820 nus,
745 3767 800 3809 et
835 3755 887 3807 in
935 3755 1143 3824 iustitia
1192 3754 1391 3824 judicia
1423 3754 1538 3823 ejus
1571 3753 1638 3805 ³¹.
1679 3751 1862 3806 Justus
1908 3760 2084 3805 autem

559 3859 681 3899 cum
702 3844 950 3911 sit,juste
976 3844 1155 3898 omnia
1190 3844 1483 3910 dispensat.
1517 3840 1667 3908 Quod
1692 3850 1868 3895 autem
1900 3841 2090 3894 attinet

561 3937 629 3990 ad
659 3937 709 3990 id
736 3936 876 4005 quod
909 3934 1142 3997 haeretici
1173 3934 1377 3996 dicunt,
1422 3933 1689 3985 diversum
1737 3930 1944 3984 scilicet
1973 3942 2091 3981 esse

556 4025 756 4091 justum
787 4039 816 4077 a
851 4025 1008 4087 bono,
1054 4024 1147 4077 sed
1183 4024 1324 4090 quod
1364 4021 1461 4089 ipsi
1506 4034 1612 4079 non
1644 4018 1954 4084 explanant,
1979 4017 2091 4071 exi-

561 4112 841 4165 stimantes
878 4110 1075 4178 iustum
1129 4110 1343 4176 quidem
1392 4120 1512 4160 esse
1559 4106 1739 4158 mundi
1792 4104 2087 4173 Opiﬁcem,

562 4198 763 4253 Christi
790 4206 967 4252 autem
1003 4197 1214 4250 Patrem
1241 4198 1434 4250 bonum
1460 4233 1477 4259 ,
1506 4209 1620 4247 mea
1672 4194 1971 4257 sententia,
2003 4208 2093 4247 ac-

565 4295 749 4339 curate
788 4285 1153 4339 examinatum
1194 4292 1372 4352 posset
1400 4282 1503 4336 dici
1533 4282 1600 4336 de
1627 4281 1785 4336 Patre
1827 4292 1881 4335 et
1913 4281 2050 4334 Filio
2072 4318 2089 4344 ,

565 4375 702 4430 Filio
730 4375 942 4444 quidem
963 4373 1497 4440 exsistentejustitia,
1521 4373 1609 4440 qui
1635 4374 1837 4440 accepit
1859 4380 2092 4440 potesta-

568 4473 675 4519 tem
729 4463 956 4517 faciendi
1005 4462 1263 4531 judicium
1296 4499 1313 4525 ,
1365 4461 1609 4529 quoniam
1653 4458 1824 4513 Filius
1870 4461 2093 4513 hominis

566 4552 793 4615 esl”,et
821 4551 1070 4614 iudicabit
1095 4554 1267 4604 orbem
1287 4558 1540 4604 terrarum
1567 4550 1621 4601 in
1637 4549 1846 4618 justitia
1881 4549 1959 4614 ”;
1994 4548 2094 4601 Pa-

568 4650 652 4696 tre
678 4654 806 4695 vero
827 4642 942 4708 (eos
969 4642 1061 4709 qui
1079 4643 1131 4694 in
1149 4640 1263 4693 Filii
1294 4639 1502 4707 iustitia
1534 4639 1726 4693 eruditi
1758 4639 1953 4692 fuerint
1973 4650 2093 4706 post

567 4734 766 4789 Christi
796 4748 1014 4804 regnum
1046 4732 1308 4787 beneﬁcio
1335 4729 1753 4798 atlieiente)bnni
1780 4731 2093 4784 vocabulum

568 4824 822 4893 operibus
862 4833 1145 4876 ostensum
1167 4858 1183 4884 ,
1211 4820 1421 4889 quando
1449 4819 1611 4873 fuerit
1660 4817 1801 4872 Deus
1829 4818 2003 4870 omnia
2039 4817 2093 4870 in

569 4913 815 4967 omnibus
850 4911 921 4966 ⁸⁸.
953 4910 1121 4977 Cujus
1156 4908 1398 4962 fortassis
1442 4905 1650 4974 iustitia
1707 4906 1961 4959 Servator
2014 4905 2098 4958 iu-

2242 2338 2328 2391 40.
2372 2337 2551 2401 Ἀπαξ
2603 2338 2660 2390 δὲ
2717 2336 3104 2391 διασταλέντων
3147 2336 3245 2389 τοῦ
3303 2337 3476 2405 ἡμῖν,
3521 2337 3617 2390 καὶ

2174 2427 2377 2494 ἁπλῶς
2395 2444 2409 2458 ’
2435 2428 2576 2495 ἡμῖν
2605 2428 2724 2495 μὲν,
2747 2427 2840 2479 καὶ
2868 2427 2964 2495 οὐχ
2996 2425 3185 2489 ἁπλῶς
3214 2425 3315 2478 τοῦ
3352 2426 3630 2495 ἀγιασμοῦ

2176 2516 2274 2584 τῆς
2296 2512 2732 2584 ἀπολυτρώσεως·
2751 2515 2844 2566 καὶ
2865 2514 3006 2579 ἡμῖν
3024 2513 3080 2564 δὲ
3101 2514 3196 2565 καὶ
3225 2513 3423 2577 ἁπλῶς
3445 2514 3549 2584 τῆς
3568 2531 3629 2565 σο

2177 2604 2387 2672 καὶτῆς
2419 2602 2712 2671 δυνάμεως,
2751 2603 2847 2654 οὐκ
2882 2601 3236 2665 ἀνεξέταστον
3269 2603 3470 2655 ἐατέον
3504 2602 3600 2654 τὸν

2179 2691 2278 2759 τῆς
2306 2689 2637 2758 δικαιοσύνης
2666 2689 2837 2757 λόγον.
2867 2689 2973 2741 Καὶ
3002 2691 3085 2741 ὅτι
3114 2689 3213 2757 μὲν
3253 2690 3396 2758 ἡμῖν
3443 2689 3630 2741 δικαιο

2182 2777 2430 2849 Χριστὸς,
2479 2776 2724 2843 δῆλονὲκ
2745 2775 2866 2827 τοῦ·
2904 2777 3000 2840 Ὃς
3052 2774 3313 2845 ἐγενήθη
3376 2778 3577 2845 σοφία
3626 2798 3630 2809 ι

2181 2866 2297 2922 ἀπὸ
2323 2868 2487 2925 Θεοῦ,
2516 2866 2861 2931 δικαιοσύνη
2887 2881 2971 2926 τε,
2994 2865 3093 2917 καὶ
3120 2866 3456 2934 ἁγιασμὸς,
3490 2867 3593 2920 καὶ

2178 2958 2487 3025 λύτρωσις·
2520 2955 2612 3008 ὲάν
2626 2954 2681 3008 δὲ
2699 2954 2772 3025 μὴ
2786 2955 3125 3026 εὑρίσκωμεν
3141 2954 3337 3018 ἀπλῶς
3366 2955 3542 3009 αὑτὸν
3568 2955 3630 3008 δι

2181 3047 2374 3117 σύνην,
2412 3047 2594 3116 ὥσπερ
2626 3043 2807 3108 ἁπλῶς
2839 3045 3031 3114 σοφίαν
3055 3045 3150 3097 καὶ
3185 3044 3432 3115 δύναμιν
3466 3045 3615 3098 Θεοῦ

2181 3136 2452 3189 σανιστέον
2474 3138 2523 3191 εί
2549 3136 2641 3189 καὶ
2668 3132 2814 3204 αὑτῷ
2841 3133 2917 3204 τῷ
2944 3132 3163 3205 Χριστῷ
3186 3173 3201 3198 ,
3233 3133 3442 3205 ὥσπερ
3497 3136 3630 3203 ἅγια

2180 3227 2208 3279 6
2239 3226 2443 3296 Πατὴρ,
2474 3225 2613 3278 οὕτω
2636 3226 2727 3278 καὶ
2754 3223 3060 3295 δικαιοσύνη
3086 3227 3115 3277 6
3142 3226 3365 3295 Πατήρ.
3386 3226 3511 3279 Καὶ
3541 3228 3629 3294 γάγ

2182 3315 2362 3369 ἀδικία
2392 3315 2541 3385 παρά
2560 3315 2637 3384 τῷ
2667 3313 2804 3384 Θεῷ,
2829 3316 2923 3368 καὶ
2952 3314 3158 3378 δίκαιος
3200 3317 3300 3368 καὶ
3340 3318 3506 3379 ὅσιος
3538 3318 3630 3380 ,Κί

2182 3406 2274 3458 καὶ
2305 3407 2360 3456 ὲν
2381 3404 2685 3474 δικαιοσύνῃ
2717 3405 2784 3457 τά
2811 3404 3050 3474 κρίματα
3077 3403 3246 3457 αὑτοῦ
3267 3422 3281 3435 ο
3308 3405 3549 3470 δίκαιος
3590 3408 3630 3459 δὶ

2182 3488 2401 3551 δικαίως
2444 3488 2512 3540 τά
2562 3488 2737 3543 πάντα
2785 3491 2979 3542 διέπει.
3021 3490 3095 3542 Τὸ
3135 3491 3193 3543 δὲ
3233 3492 3264 3544 ὃ
3297 3488 3377 3563 ἦν
3408 3493 3486 3547 ἂν
3515 3497 3629 3548 τοῦ

2183 3576 2289 3629 τῶν
2322 3575 2428 3645 (46)
2454 3577 2712 3646 αἱρέσεων
2745 3580 2823 3641 εἰς
2862 3579 2923 3631 τὸ
2965 3579 3148 3649 ἕτερον
3191 3582 3380 3634 εἰπεῖν
3432 3584 3540 3636 τὸν
3589 3586 3623 3637 δ

2184 3662 2274 3716 τοῦ
2296 3663 2514 3730 ἀγαθοῦ,
2553 3663 2625 3733 μὴ
2647 3665 2916 3734 τρανωθὲν
2936 3665 2991 3718 δὲ
3017 3669 3146 3737 παρ’
3183 3668 3402 3733 αὐτοῖς,
3439 3672 3630 3741 οἰηθεῑ

2186 3768 2335 3805 καιον
2369 3752 2463 3821 μὲν
2486 3748 2620 3805 εἶναι
2647 3753 2736 3805 τὸν
2767 3753 3121 3825 δημιουργὸν,
3168 3757 3386 3823 ἀγαθὸν
3440 3760 3510 3813 δὲ
3562 3762 3630 3814 τὸ

2185 3839 2417 3910 Χριστοῦ
2439 3840 2673 3910 Πατέρα,
2708 3838 2855 3911 οἶμαι
2884 3845 3001 3911 μετ’
3034 3843 3345 3910 ἐξετάσεως
3384 3848 3515 3919 (47)
3550 3851 3630 3904 ἀκ

2189 3927 2505 3997 βασανισθὲν
2533 3928 2786 3982 δύνασθαι
2816 3930 3066 3998 λέγεσθαι
3120 3936 3213 3987 ἐπὶ
3265 3936 3373 3990 τοῦ
3420 3939 3630 4011 Harp?

2187 4015 2279 4068 τοῦ
2306 4014 2432 4069 Υἱοῦ
2451 4032 2464 4046 ο
2492 4016 2583 4069 τοῦ
2620 4018 2714 4087 μὲν
2740 4019 2867 4071 Υίοῦ
2896 4022 3255 4091 τυγχάνοντος
3282 4024 3630 4083 δικαιοσύνη

2188 4105 2373 4159 ἔλαϐεν
2397 4106 2638 4172 ἐξουσίαν
2664 4109 2838 4180 κρίσιν
2872 4116 3076 4176 ποιεῖν,
3113 4115 3237 4167 Ὅτι
3276 4118 3434 4185 Υἱὸς
3473 4122 3630 4191 ἀγυι

2188 4197 2339 4260 ἐστὶ,
2367 4197 2464 4250 καὶ
2483 4198 2674 4265 κρινεῖ
2696 4199 2809 4266 τὴν
2844 4202 3203 4271 οἰκουμένην
3245 4206 3321 4258 ἐν
3369 4209 3630 4266 δικαιοί

2189 4280 2283 4332 τοῦ
2310 4281 2367 4333 δὲ
2392 4283 2600 4353 Πατρὸς
2628 4285 2753 4347 τοὺς
2773 4287 2830 4339 ὲν
2866 4292 2931 4358 τῇ
2962 4289 3283 4364 δικαιοσύνῃ
3322 4297 3444 4350 τοῦ
3493 4300 3630 4354 Υἱοτ

2190 4369 2467 4433 δευοέντας
2502 4372 2637 4441 μετά
2657 4374 2752 4444 τὴν
2766 4376 2998 4447 Χριστοῦ
3025 4379 3302 4448 βασιλείαν
3322 4386 3630 4458 εὐεργετι

2191 4458 2287 4526 τὴν
2350 4460 2569 4528 ἀγαθὸς
2606 4467 2968 4535 προσηγορίαν
2998 4468 3177 4538 ἔργοις
3202 4471 3549 4542 δείξοντος,
3577 4482 3630 4534 ὃ·

2193 4562 2347 4637 νηται
2373 4549 2402 4599 6
2419 4547 2556 4637 θεὸς
2583 4549 2650 4603 τά
2677 4551 2851 4617 πάντα
2871 4554 2928 4605 ὲν
2961 4557 3112 4607 πᾶσι.
3151 4557 3266 4610 Καὶ
3299 4562 3480 4633 τάχα
3532 4570 3621 4637 τῇ

2194 4634 2499 4708 δικαιοσύνῃ
2537 4638 2566 4688 6
2598 4639 2784 4711 Σωτὴρ
2817 4642 3121 4714 εὐτρεπίζει
3159 4646 3230 4700 τὰ
3294 4651 3523 4707 πάντα.
3545 4693 3567 4719 ,

2196 4724 2533 4794 ἐπιτηδείοις,
2562 4728 2654 4780 καὶ
2674 4728 2835 4801 λόγῳ,
2876 4732 2970 4785 καὶ
3009 4733 3181 4801 τάξει,
3210 4738 3311 4791 καὶ
3347 4743 3629 4799 κολάσεη

2196 4814 2328 4880 τοῖς,
2355 4813 2421 4866 ἶν’
2452 4813 2622 4878 οὕτως
2658 4816 2823 4883 εῐπω,
2861 4828 3247 4891 πνευματικοῖς
3286 4828 3501 4884 αὑτοῦ
3561 4836 3630 4888 ια

2202 4901 2524 4990 βοηθήμασι,
2548 4903 2681 4974 πρὸς
2704 4906 2763 4959 τὸ
2786 4908 3031 4979 χωρῆσαι
3051 4911 3143 4965 ἐπὶ
3157 4914 3306 4967 τέλει
3328 4917 3463 4990 τὴν
3496 4923 3630 4990 ἀγο

572 5000 732 5054 struit
751 4999 953 5066 omnia,
982 4998 1306 5068 temporibus
1334 4995 1556 5060 idoneis,
1582 5002 1637 5050 et
1665 4994 1893 5056 ratione.
1931 5000 1986 5046 et
2010 5006 2080 5047 or-

2199 4989 2292 5043 τοῦ
2320 4989 2549 5060 Πατρδς,
2572 4993 2761 5062 ἥντινα
2808 5000 3001 5069 νοήσας
3030 5002 3168 5071 πρὸς
3208 5004 3304 5058 τὸν
3353 4989 3630 5081 Μονογι

641 5154 687 5233 ‘.'
713 5152 733 5206 '
762 5153 1107 5233 C°'-.'o.5°’..
1141 5154 1188 5233 Ἰ
1217 5155 1374 5233 ηοιπο
1405 5167 1464 5218 ιιν
1498 5153 1583 5233 Ξί-
1624 5151 1708 5233 ..”.
1730 5149 1887 5233 '.'.¢'"-
1908 5163 1992 5233 ἔν’
2018 5148 2080 5233 ΣΞ

2173 5146 2253 5201 ³⁸1
2282 5146 2405 5202 Cor-
2434 5160 2473 5213 ι,
2506 5147 2595 5206 50.
2668 5155 2714 5188 ’ί
2736 5156 2896 5215 Joan.
2925 5176 3019 5225 vn.
3046 5160 3132 5219 i8.
3203 5162 3251 5194 ³¹
3282 5164 3507 5233 Apoc.
3550 5183 3630 5223 xv

574 5221 620 5254 ⁸⁸
649 5220 802 5275 Joan.
830 5235 883 5285 ν,
903 5219 995 5276 27.
1057 5216 1114 5254 ⁷⁸⁵
1145 5221 1283 5276 Psal.
1312 5216 1472 5284 χονιι,
1496 5220 1550 5276 9.
1621 5218 1667 5251 ³⁸
1691 5220 1712 5274 ι
1735 5216 1860 5275 Cor.
1902 5232 1990 5282 xv,
2018 5216 2108 5271 28.

646 5350 755 5430 (£6)
795 5350 865 5430 Td
888 5350 955 5403 es
976 5349 1008 5404 δ
1137 5353 1212 5405 ἂν
1235 5355 1391 5420 τούς,
1421 5364 1523 5409 etc.
1548 5354 1848 5424 chendum
1880 5351 2080 5405 fortass

2212 5348 2404 5430 lla-etii,
2444 5351 2535 5430 sed
2563 5351 2693 5409 illud
2732 5368 3115 5430 reprteseutant
3159 5359 3399 5415 codices
3485 5363 3630 5422 Βοι

568 5419 630 5470 τὸ
664 5418 972 5481 δὲκινῆοαν
1001 5418 1144 5481 τούς.
1177 5431 1278 5474 etc.

646 5483 756 5569 (ΓΙ)
796 5483 961 5551 οἶμαι
985 5487 1105 5551 μετ’
1136 5486 1473 5555 ἐξετάσεως.
1498 5490 1651 5545 Deest
1687 5484 1835 5557 οἶμαι
1865 5488 1916 5544 in
1950 5494 2092 5541 textu

2212 5424 2265 5471 ct
2289 5414 2626 5473 Barbcrinus.
