3848 6212
602 277 665 331 ω
2003 266 2317 321 υιιιιιιιιηιε

603 380 1022 436 sanctiﬁcatione
1085 379 1456 434 sanctiﬁcatur
1512 386 1566 433 et
1629 378 1717 432 illa
1773 380 2122 448 redemptione

2036 395 2134 433 one
2161 383 2207 439 Α
2235 379 2399 442 Θεοῦ,
2428 377 2773 444 δικαιοσύνη
2800 394 2883 441 τε,
2925 377 3025 430 καὶ
3065 367 3336 443 ἁγιασμὸς,
3369 362 3448 419 καί
3478 365 3555 418 dm

590 470 903 524 'redimitur.
953 468 1189 522 Observa
1214 476 1392 522 autem
1422 483 1489 521 an
1521 466 1832 535 particulam
1861 468 2004 520 nobis
2035 468 2103 521 mi

2035 468 2134 521 mi-
2231 482 2441 535 τρωσις
2459 482 2473 496 ·
2502 468 2594 519 καὶ⁸
2617 468 2663 518 εί
2699 467 2771 537 μὴ
2798 469 2854 520 ὲν
2885 465 3064 526 ἀλλοις
3101 462 3219 533 περὶ
3243 457 3318 511 τοῦ
3343 456 3528 528 Χριστοῦ

606 558 751 612 nime
800 556 996 610 frustra
1051 555 1316 611 addiderit
1351 556 1653 624 Apostolus,
1703 556 1882 609 dicens
1918 557 1960 588 ⁸⁷
1991 573 2004 608 :
2033 556 2125 619 Qui

2036 556 2134 619 Qui
2233 557 2392 625 σοφία
2434 558 2580 611 ἐστὶν
2634 556 3043 627 ἀπολελυμένους
3092 552 3297 619 ἐλέγετο,
3336 546 3414 600 καὶ
3449 544 3555 598 καθὸ

609 645 775 714 factus
798 652 871 699 est
894 644 1036 698 nobis
1065 645 1319 712 sapientia
1342 662 1373 697 ιι
1397 644 1523 706 Deo,
1548 654 1594 697 et
1621 644 1850 712 justitia,
1876 653 1922 696 et
1951 645 2128 697 sancti.

2014 645 2136 697 ncli-
2231 663 2417 716 ναμις,
2456 647 2536 699 ὅτι
2597 647 2823 715 Χριστὸς
2870 644 3003 697 Θεοῦ
3047 641 3255 709 δύναμίς
3291 641 3413 700 ἐστι,
3454 636 3528 689 καὶ

608 734 806 803 ﬁcatio,
836 744 884 789 et
916 736 1219 801 redemptio.
1249 735 1541 803 Itidemque
1565 736 1787 789 observa
1827 734 2127 801 Apostolum

2006 734 2134 788 alum
2235 736 2422 803 σοφία,
2465 735 2563 789 κᾶν
2609 737 2974 805 ὑπενοήσαμεν
3017 732 3090 802 μὴ
3139 727 3354 792 καθάπαξ
3394 725 3525 779 αὐτὸν

608 838 715 878 non
773 826 839 879 ab
891 839 949 879 re
997 825 1123 878 alibi
1181 824 1381 880 dixisse
1428 825 1670 878 absolute
1710 825 1993 885 Christum,
2042 825 2127 879 Dci

2042 825 2134 879 Dei
2235 824 2439 891 σοφίαν,
2472 825 2603 893 μηδὲ
2643 824 2865 892 δύναμιν
2904 820 3059 887 Θεοῦ,
3087 818 3215 872 ἀλλά
3247 818 3374 888 ἡμῖν.
3399 815 3494 868 Νῦν
3526 814 3555 867 δῖ

605 914 945 981 sapientiam,
969 923 1022 967 et
1058 914 1149 967 Dei
1181 915 1493 982 potentiam,
1530 922 1791 982 quatenus
1820 914 2046 981 potentia
2084 922 2124 967 ei

2036 930 2046 967 ι
2084 920 2138 967 et
2237 912 2334 981 μὲν
2372 912 2468 980 τῆς
2508 913 2693 979 σοφίας
2735 913 2824 964 καὶ
2873 912 3151 980 δυνάμεως
3196 907 3312 978 πρὸς
3336 904 3402 975 τῷ
3442 905 3555 973 ἡμῖν

606 1000 869 1069 sapientia
899 1010 999 1064 est,
1050 1002 1256 1054 etiamsi
1281 1015 1377 1055 nos
1400 1000 1852 1054 existimassemus
1879 1016 1997 1053 eum
2032 1015 2125 1053 non

2036 1015 2133 1053 non
2232 999 2294 1051 τὸ
2337 999 2594 1051 ἀπόλυτον
2650 1001 3092 1070 ἀναγέγραπται,
3145 996 3227 1050 ἐπὶ
3265 995 3312 1049 δὲ
3339 994 3418 1047 τοῦ
3465 996 3555 1060 ἁγιι

605 1100 726 1141 esse
754 1088 1042 1155 potentiam
1066 1088 1179 1153 Dei,
1201 1101 1375 1156 neque
1398 1088 1710 1155 sapientiam
1735 1088 1786 1140 itt
1807 1089 2124 1149 universum1

2018 1103 2133 1149 .um,
2234 1089 2328 1140 καὶ
2369 1088 2466 1157 τῆς
2494 1089 2911 1160 ἀπολυτρώσεως
2942 1092 2975 1158 ἡ
3012 1090 3149 1159 αὐτὴ
3192 1086 3426 1155 ἀπόφασις
3453 1085 3537 1137 οὐκ

606 1177 699 1230 sed
731 1176 903 1231 nobis.
958 1175 1109 1231 Nunc
1145 1185 1318 1231 autem
1365 1176 1546 1231 Jesum
1580 1177 1821 1231 scribens
1853 1175 2125 1243 Apostolus

2036 1175 2136 1232 )lus
2234 1192 2340 1227 ται.
2386 1177 2579 1247 Διόπερ
2625 1179 2741 1248 ὅρα,
2793 1179 2920 1231 ἐπεὶ
2962 1182 2996 1231 ό
3043 1176 3276 1246 ἁγιάζων
3306 1174 3390 1226 καί
3426 1176 3473 1226 οι
3510 1174 3555 1242 ἀς

607 1266 926 1335 sapientiam
967 1278 1085 1320 esse
1140 1281 1205 1321 ac
1232 1266 1558 1335 potentiam,
1594 1266 1872 1334 aliquoties
1910 1265 2126 1319 vocabu-

2041 1265 2138 1318 bu-
2229 1283 2396 1335 μενοι
2436 1268 2504 1331 ἐξ
2553 1267 2692 1331 ἐνὸς
2744 1267 2991 1333 πάντες,
3042 1269 3090 1319 εί
3146 1265 3292 1320 αὐτοῦ
3345 1262 3428 1316 τοῦ
3476 1264 3555 1333 ὴμε

607 1355 716 1408 lum
749 1356 894 1408 nobis
917 1355 1082 1421 addit,
1119 1356 1398 1423 aliquoties
1426 1372 1528 1409 non
1557 1357 1721 1418 addit,
1752 1355 1991 1409 absolute
2016 1369 2126 1409 eum

2036 1369 2135 1408 tum
2236 1357 2501 1427 ἀγιασμοῦ
2535 1358 2795 1427 ἀγιασμός
2825 1359 2968 1410 ἐστιν
2998 1359 3026 1409 6
3057 1359 3266 1426 Πατήρ·
3300 1354 3464 1423 ὥσπερ
3505 1353 3555 1421 Χ,

609 1444 950 1511 sapientiam,
976 1455 1030 1498 et
1056 1445 1344 1512 potentiam
1384 1447 1646 1509 scribens,
1671 1459 1790 1498 cum
1820 1445 1956 1498 idem
2001 1445 2128 1499 inte-

2036 1451 2141 1499 tte-
2236 1447 2385 1509 ὄντος
2426 1448 2693 1517 ἡμετέρας
2737 1447 3001 1516 κεφαλῆς,
3039 1449 3068 1499 6
3100 1446 3276 1516 Πατὴρ
3304 1443 3448 1497 αὑτοῦ
3495 1444 3555 1493 scr

609 1533 711 1586 rim
745 1547 849 1587 non
883 1532 1073 1595 faciat,
1097 1533 1339 1588 scribens
1366 1549 1486 1587 eum
1521 1547 1639 1588 esse
1664 1533 2128 1588 sanctiﬁcationem

2035 1549 2136 1589 tem
2240 1535 2397 1606 φαλή.
2434 1535 2821 1606 Ἀπολύτρωσις
2862 1537 2918 1589 δὲ
2949 1536 3103 1606 ἡμῶν
3132 1537 3162 1586 6
3189 1534 3398 1604 Χριστὸς
3432 1531 3530 1584 τῶν

608 1630 665 1674 et
712 1621 1152 1689 redemptionem.
1223 1621 1484 1687 Quocirca
1528 1623 1668 1685 vide,
1729 1626 1976 1690 quoniam
2045 1623 2127 1690 qui

2045 1623 2135 1690 qui
2172 1675 2214 1694 ﬁ
2240 1623 2682 1693 ⁴ᾐχμαλωιεῦσθαι
2739 1623 3164 1694 ἀπολυτρώσεως
3210 1624 3527 1694 δεδειγμένων.

609 1708 926 1776 sanctiﬁcat,
964 1717 1014 1762 et
1057 1711 1148 1779 qui
1194 1711 1591 1779 sanctiﬁcantur
1626 1726 1690 1763 ea:
1732 1726 1832 1764 uno
1868 1726 2041 1764 omnes
2071 1711 2128 1776 ’⁸,

2035 1711 2138 1776 ιη,
2171 1708 2215 1734 ⁸³
2241 1711 2296 1763 δὲ
2337 1711 2435 1781 τὴν
2484 1710 2849 1781 ἀπολύτρωσιν
2890 1713 2950 1764 οὐ
2996 1711 3162 1782 ζητῶ,
3207 1711 3302 1765 τοῦ
3345 1726 3554 1779 πεπειρι

611 1810 677 1849 an
705 1797 894 1865 ipsius,
921 1798 1011 1866 qui
1041 1807 1124 1853 est
1149 1806 1328 1854 nostra
1359 1799 1717 1853 sanctiﬁcatio
1739 1838 1754 1862 ,
1786 1798 2130 1853 sanctiﬁcatio

2036 1800 2140 1853 alio
2242 1799 2391 1853 κατὰ
2414 1799 2606 1853 πάντα
2632 1800 2756 1854 καθ’
2792 1801 3101 1869 ὁμοιότητα
3146 1801 3312 1870 χωρίς
3338 1801 3555 1869 ἁμαρτία

610 1884 684 1937 sit
733 1883 932 1948 Pater;
978 1886 1424 1953 quemadmodum
1476 1887 1640 1952 ipsius
1668 1886 1888 1949 Christi,
1926 1886 2013 1953 qui
2059 1894 2129 1939 esl

2007 1887 2013 1938 ἱ
2059 1894 2142 1939 est
2246 1889 2507 1959 μηδέποτε
2536 1889 2638 1943 ὑπὸ
2678 1890 2782 1944 τῶν
2821 1890 3027 1962 ἐχθρῶν
3070 1893 3150 1954 είς
3181 1891 3526 1961 αἰχμαλωσίαν

614 1982 856 2028 nostrum
886 1984 1047 2042 caput
1071 2012 1088 2037 ,
1117 1983 1276 2043 caput
1301 1986 1385 2027 est
1407 1973 1580 2027 Pater.
1619 1972 1710 2026 Est
1735 1983 1910 2025 autem
1936 1972 2142 2026 redem-
2244 1975 2497 2045 τημένου.

611 2067 723 2134 ptio
742 2076 921 2122 nostra
943 2066 1206 2132 Christus,
1231 2080 1297 2119 eo
1315 2066 1455 2133 quod
1480 2066 1532 2119 in
1557 2066 1914 2131 captivitatem
1938 2064 2150 2119 abducti
2180 2082 2313 2136 opus
2339 2069 2620 2125 habuimus
2651 2070 3028 2139 redemptione.
3053 2069 3162 2124 Nec
3187 2071 3342 2139 ipsius
3362 2074 3556 2141 redem;

547 2191 555 2199 -
611 2172 810 2228 quaero,
832 2161 922 2229 qui
944 2168 1167 2214 tentata“
1188 2168 1261 2212 est
1289 2175 1381 2227 per
1406 2159 1579 2212 omnia
1611 2160 1766 2227 juxta
1800 2158 2195 2213 similitudinem
2221 2162 2411 2230 absque
2434 2174 2640 2227 peccato
2671 2165 2739 2227 ",
2781 2164 2873 2218 sed
2905 2178 3176 2231 nunquam
3212 2167 3276 2218 ab
3318 2163 3555 2219 hostibus

611 2252 871 2318 captivus.
3037 2256 3052 2266 °

678 2338 769 2392 40.
794 2337 929 2395 Cum
962 2338 1128 2392 semel
1167 2345 1346 2392 autem
1385 2337 1786 2392 distinxerimus
1809 2337 1948 2392 inter
1971 2351 2142 2390 vocu-

2035 2352 2142 2390 >cu-
2311 2337 2396 2390 40.
2441 2336 2620 2401 Ἀπαξ
2672 2337 2728 2390 δὲ
2787 2336 3173 2391 διαπαλέντων
3213 2335 3304 2388 τοῦ
3356 2337 3513 2405 ἡμῖν,

612 2430 717 2483 lam
742 2429 887 2482 nobis
910 2436 964 2482 et
995 2427 1237 2481 voculam
1262 2427 1587 2495 simpliciter,
1620 2426 1858 2480 dicentes
1882 2440 1985 2479 non
2015 2427 2131 2479 sim-

2036 2427 2145 2479 ;im-
2243 2426 2446 2493 ἁπλῶς
2463 2443 2477 2457 ⁸
2504 2427 2645 2494 ἡμῖν
2673 2427 2792 2494 μὲν,
2816 2426 2910 2479 καὶ
2937 2427 3033 2495 οὐχ
3065 2424 3249 2489 ἁπλῶς
3276 2425 3368 2478 τοῦ
3399 2428 3555 2495 ἁγιασ

615 2515 826 2585 pliciter
857 2514 1339 2569 sanctiﬁcatiouem
1367 2524 1421 2568 et
1451 2514 1871 2582 redemptionem
1917 2513 2077 2567 scribi
2113 2528 2134 2567 a

2035 2513 2077 2567 bi
2113 2528 2145 2568 a
2244 2515 2342 2583 τῆς
2365 2512 2801 2583 ἀπολυτρώσεως·
2820 2514 2913 2565 καὶ
2933 2514 3075 2579 ἡμῖν
3093 2513 3149 2564 δὲ
3170 2513 3261 2565 καὶ
3287 2513 3467 2577 ἁπλῶς
3488 2515 3554 2584 τῆ

614 2603 780 2658 Paulo
825 2617 947 2658 esse
995 2602 1290 2667 Christum,
1321 2602 1413 2656 sed
1443 2617 1563 2657 cum
1600 2603 1961 2656 additamento
2001 2603 2133 2656 nobii

2038 2603 2146 2655 abis
2245 2604 2340 2656 καὶ
2363 2603 2456 2672 τῆς
2488 2601 2781 2671 δυνάμεως,
2819 2603 2916 2654 οὐκ
2951 2601 3299 2665 ἀνεξέταστον
3330 2603 3513 2655 ἐατέον
3545 2619 3555 2637 η

618 2690 783 2762 (cum
828 2691 1065 2759 potentia
1118 2702 1173 2744 et
1219 2690 1479 2759 sapientia
1529 2690 1757 2751 dicatur,
1791 2696 1846 2741 et
1893 2702 2012 2741 cum
2056 2689 2137 2741 ad-

2056 2689 2150 2741 atl-
2247 2690 2347 2758 τῆς
2375 2688 2706 2757 δικαιοσύνης
2735 2688 2905 2756 λόγον.
2935 2689 3042 2741 Καὶ
3070 2691 3154 2741 ὅτι
3182 2689 3278 2757 μὲν
3315 2690 3445 2758 ἡμῖν
3491 2690 3555 2742 διι

618 2779 914 2833 ditamento
935 2777 1039 2849 ιι
1075 2780 1242 2843 nobis,
1264 2788 1318 2833 et
1346 2778 1657 2846 simpliciter
1686 2779 1800 2831 sine
1832 2777 2016 2831 vocula
2053 2793 2137 2829 no-

2053 2793 2148 2829 πο·
2250 2777 2499 2848 Χριστὸς,
2548 2775 2793 2843 δῆλονιὲκ
2814 2775 2934 2827 τοῦ·
2973 2777 3069 2840 Ὃς
3121 2774 3372 2845 ἐγενήθη
3429 2793 3551 2845 σοερ

618 2865 746 2936 bis),
777 2881 883 2922 non
922 2868 1102 2922 sinere
1133 2866 1390 2921 debemus
1421 2866 1806 2934 inexploratum
1851 2878 2137 2918 sermonem

2036 2878 2147 2917 nem
2250 2866 2365 2921 ἀπὸ
2391 2867 2556 2924 Θεοῦ.
2585 2866 2930 2932 δικαιοσύνη
2955 2881 3039 2926 τε,
3063 2866 3162 2917 καί
3189 2866 3506 2935 ἁγιασμὸς,
3539 2886 3555 2919 2

619 2956 686 3011 de
705 2955 931 3022 iustitia.
960 2955 1027 3009 Et
1055 2958 1195 3025 quod
1221 2956 1433 3023 quidem
1461 2954 1670 3022 iustitia
1716 2954 1870 3008 nobis
1899 2953 1970 3007 sit
1988 2952 2138 3006 Chri-

2036 2953 2147 3006 bt'i-
2194 3024 2205 3026 _
2246 2957 2555 3024 λύτρωσις-ο
2588 2955 2680 3008 ἐὰν
2694 2954 2749 3008 δὲ
2768 2954 2840 3025 μὴ
2855 2954 3194 3026 εὑρίσκωμεν
3210 2954 3397 3018 ἁπλῶς
3424 2956 3555 3009 αὐτὸ

623 3055 731 3112 tus,
755 3024 1096 3116 perspicuum
1126 3055 1299 3100 estex
1328 3060 1392 3100 eo
1425 3062 1441 3100 :
1470 3044 1572 3110 Qui
1607 3045 1774 3112 facta;
1797 3053 1868 3098 est
1895 3044 2038 3097 nobis
2059 3059 2142 3095 sa.

2036 3024 2218 3095 :sa--C
2250 3046 2442 3116 σύνην,
2480 3047 2662 3116 ὥσπερ
2694 3024 2876 3108 ἀπλῶς
2907 3024 3105 3113 σοφίαν
3124 3045 3219 3098 κα)⁸
3253 3045 3487 3115 δύναμιν
3520 3047 3555 3098 Θ

617 3134 868 3204 pientiaa
899 3134 1028 3199 Deo,
1050 3143 1101 3187 et
1129 3134 1366 3202 justitia,
1404 3144 1451 3188 et
1478 3133 1842 3202 sanctiﬁcatio,
1873 3140 1920 3186 et
1957 3132 2136 3185 νεάδην

2036 3132 2152 3184 ίεηι·
2250 3136 2520 3189 σανιστέον
2542 3137 2591 3190 εί
2617 3136 2709 3189 καὶ
2737 3133 2883 3204 αὐτῷ
2910 3132 2985 3204 τῷ
3013 3133 3233 3205 Χριστῷ
3255 3174 3271 3198 ,
3303 3134 3501 3206 ὥσπερ
3553 3165 3555 3182 ι

621 3224 729 3291 ptio
768 3224 835 3276 ³⁸.
883 3223 1034 3289 Quod
1078 3225 1122 3277 si
1170 3238 1272 3277 non
1324 3224 1626 3277 invenimus
1673 3224 1845 3290 ipsum
1885 3221 2140 3287 justitiam

2036 3221 2149 3273 iam
2248 3226 2277 3278 6
2308 3226 2511 3296 Πατὴρ,
2542 3223 2681 3278 οὕτω
2704 3226 2795 3277 καὶ
2821 3224 3130 3295 δικαιοσύνη
3155 3227 3184 3277 ὁ
3212 3226 3430 3296 Πατήρ.
3449 3227 3555 3280 Καί

623 3313 940 3381 simpliciter
965 3312 1094 3376 dici,
1123 3313 1565 3380 quemadmodum
1595 3311 1911 3380 simpliciter
1941 3312 2142 3379 sapien-

2038 3312 2152 3365 ien-
2250 3314 2430 3368 ἀδικία
2460 3314 2608 3384 παρὰ
2628 3314 2704 3384 τῷ
2735 3313 2872 3384 Θεῷ,
2897 3316 2991 3368 καὶ
3020 3314 3228 3378 δίκαιος
3272 3317 3374 3369 καὶ
3410 3318 3555 3381 ὅσιος

626 3401 723 3463 tia,
755 3409 811 3454 et
853 3399 1086 3468 potentia
1136 3400 1229 3452 Dei
1282 3400 1497 3464 dicitur,
1543 3400 1914 3466 inquirendum
1967 3408 2048 3452 est
2084 3413 2145 3451 an

2036 3408 2048 3451 ι
2084 3413 2151 3451 an
2250 3406 2342 3457 καὶ
2372 3406 2428 3456 ὲν
2449 3403 2752 3474 δικαιοσύνῃ
2785 3405 2852 3456 τά
2880 3404 3119 3475 κρίματα
3146 3405 3320 3458 αὑτοῦ
3341 3423 3355 3436 ·
3384 3406 3555 3460 δίκαιε

627 3490 730 3558 ipsi
757 3488 992 3552 Christo,
1018 3488 1458 3555 quemadmodum
1485 3487 1842 3542 sanctiﬁcatio
1867 3496 1948 3540 est
1974 3487 2146 3549 Pater1

2033 3497 2155 3549 Iter,
2250 3487 2469 3550 δικαίως
2512 3487 2579 3540 τά
2629 3488 2805 3542 πάντα
2853 3491 3047 3543 διέπει.
3090 3492 3164 3543 Τὸ
3206 3491 3267 3544 δὲ
3308 3492 3340 3545 ὃ
3374 3489 3450 3563 ἦν
3481 3494 3552 3547 ἂν

631 3578 705 3632 ita
739 3578 898 3633 etiam
944 3577 1149 3644 iustitia
1180 3577 1245 3632 sit
1278 3577 1455 3631 Pater.
1499 3577 1679 3645 Neque
1714 3577 1854 3630 enim
1896 3576 2150 3643 injustitia

2039 3577 2153 3629 titia
2251 3575 2356 3628 τῶν
2389 3575 2496 3645 (46)
2522 3577 2780 3645 αἱρέσεων
2813 3580 2891 3641 είς
2930 3579 2991 3631 τὸ
3033 3580 3220 3650 ἕτερον
3266 3582 3456 3634 εἰπεῖν
3505 3585 3555 3635 τί

625 3674 713 3721 est
752 3665 887 3734 apud
922 3665 1084 3719 Deum
1119 3665 1184 3729 ³⁸,
1222 3674 1275 3719 et
1298 3665 1473 3733 justus
1513 3673 1569 3719 et
1608 3673 1825 3718 sanctus
1862 3672 1944 3717 est
1976 3663 2144 3716 Domi-

2028 3663 2155 3716 ami-
2252 3661 2342 3715 τοῦ
2364 3662 2582 3730 ἀγαθοῦ,
2620 3664 2692 3733 μὴ
2714 3665 2984 3734 τρανωοὲν
3004 3665 3060 3718 δὲ
3086 3669 3218 3737 παρ’
3258 3669 3481 3733 αὐτοῖς,
3515 3688 3547 3722 ο

629 3767 768 3818 nus,
813 3764 868 3807 et
903 3752 955 3805 in
1002 3752 1211 3822 iustitia
1261 3752 1459 3822 judicia
1491 3751 1606 3821 ejus
1639 3751 1705 3804 ³⁸.
1746 3749 1930 3805 Justus
1975 3758 2148 3803 autem

2035 3758 2151 3803 Item
2253 3767 2402 3804 καιον
2437 3752 2531 3820 μὲν
2554 3747 2687 3804 εῖναι
2715 3752 2804 3804 τὸν
2834 3752 3192 3825 δημιουργὸν,
3242 3757 3468 3823 ἀγαθὸν
3519 3760 3552 3811 δ

627 3858 748 3896 cum
770 3842 1018 3908 sit,juste
1043 3842 1222 3896 omnia
1258 3842 1551 3908 dispensat.
1584 3839 1734 3906 Quod
1760 3848 1936 3893 autem
1968 3839 2146 3892 attinet

2036 3839 2158 3892 tinet
2253 3838 2485 3909 Χριστοῦ
2506 3840 2740 3909 Πατέρα,
2775 3837 2923 3910 οἶμαι
2952 3845 3069 3911 μετ’
3102 3843 3433 3909 ἐξετάσεως
3470 3848 3555 3916 (ιιπ

629 3934 696 3987 ad
726 3934 776 3987 id
804 3934 944 4002 quod
976 3932 1210 3995 haretici
1241 3933 1444 3995 dicunt,
1489 3931 1756 3983 diversum
1805 3928 2012 3982 scilicet
2041 3940 2148 3980 esse

2041 3940 2159 3980 esse
2257 3927 2572 3996 βασανισθὲν
2601 3927 2854 3982 δύνασθαι
2883 3930 3134 3997 λέγεσθαι
3191 3936 3294 3987 ἐπὶ
3352 3936 3463 3989 τοῦ
3506 3938 3555 3989 ΙΙ

623 4023 824 4089 justum
854 4036 884 4074 a
918 4023 1075 4085 bono,
1122 4022 1214 4075 sed
1251 4021 1391 4088 quod
1431 4019 1528 4087 ipsi
1574 4033 1678 4079 non
1711 4017 2022 4082 explanant,
2046 4016 2142 4069 exi-

2046 4016 2159 4069 exi-
2255 4014 2346 4067 τοῦ
2374 4013 2499 4068 Υίοῦ
2518 4031 2531 4045 ·
2559 4015 2650 4068 τοῦ
2687 4017 2781 4087 μὲν
2808 4019 2935 4072 Υίοῦ
2964 4023 3343 4091 τυγχάνοντος
3373 4025 3555 4079 δικαυ

629 4110 908 4163 stinisntss
946 4108 1142 4175 iustum
1197 4107 1410 4175 quidem
1460 4118 1579 4159 esse
1627 4104 1807 4157 mundi
1860 4103 2148 4171 Opiﬁcem,

2008 4116 2115 4156 cent
2139 4141 2155 4166 ,
2256 4104 2440 4159 ἐλαϐεν
2465 4106 2704 4171 ἐξουσίαν
2732 4109 2906 4180 κρίσιν
2940 4117 3144 4177 ποιεῖν,
3185 4115 3326 4168 Ὅτι
3369 4118 3527 4185 Υἱὸς

629 4196 831 4250 Christi
857 4204 1035 4250 autem
1071 4195 1282 4248 Patrem
1308 4196 1501 4248 bonum
1527 4231 1544 4257 ,
1574 4206 1688 4245 mea
1740 4193 2038 4255 sententia,
2070 4207 2148 4246 ac-

2036 4234 2038 4248 .
2070 4207 2161 4246 ac-
2257 4196 2406 4259 ἐστὶ,
2434 4196 2532 4249 καί
2550 4198 2741 4265 κρινεῖ
2764 4199 2876 4267 τὴν
2912 4203 3287 4272 οἰκουμένην
3337 4208 3422 4260 ἐν
3470 4210 3555 4262 δα

632 4292 817 4336 curate
855 4282 1221 4336 exaniinatum
1261 4290 1439 4350 posset
1468 4281 1571 4335 diei
1600 4280 1667 4335 de
1695 4280 1852 4334 Patre
1895 4291 1949 4333 et
1981 4280 2151 4343 Filio,

2028 4281 2118 4332 ilio
2140 4317 2157 4343 ,
2190 4325 2235 4365 η
2257 4280 2350 4331 τοῦ
2378 4280 2433 4332 δὲ
2460 4282 2666 4353 Πατρὸς
2695 4285 2820 4347 τοὺς
2840 4287 2898 4339 ὲν
2934 4292 2999 4359 τῇ
3030 4289 3384 4365 δικαιοσύνῃ
3428 4297 3543 4349 τοῦ

632 4372 770 4428 Filio
797 4372 1009 4441 quidem
1030 4325 1564 4438 exsisteuiejustitia,
1589 4371 1677 4438 qui
1703 4372 1904 4438 accepit
1927 4325 2151 4438 potesta:

2036 4325 2157 4343 ...η
2270 4325 2347 4331 ---
2388 4325 2433 4332 --
2460 4325 2568 4333 ..--
2612 4325 2664 4345 -,
2707 4325 2895 4347 .--νη
2946 4325 2983 4340 υ.
3030 4325 3360 4347 “nemo”.
3428 4325 3544 4348 'uu

2036 4380 2160 4423 :sla-
2190 4325 2235 4380 D
2258 4368 2534 4432 δευθέντας
2569 4325 2704 4440 εἰετά
2724 4374 2819 4444 τὴν
2834 4325 3066 4447 Χριστοῦ
3093 4325 3407 4449 βασιλείοιζ
3431 4325 3555 4457 ἐὺει

636 4470 742 4516 tem
797 4460 1023 4515 faciendi
1073 4460 1330 4529 judicium
1364 4497 1381 4523 ,
1433 4459 1676 4527 quoniam
1721 4457 1891 4511 Filius
1938 4460 2155 4512 hominis

2036 4460 2161 4512 sinis
2259 4458 2355 4526 τὴν
2417 4460 2636 4527 ἀγαθὸς
2673 4468 3036 4536 προσηγορίαν
3065 4469 3258 4540 ἔργοις
3290 4474 3555 4541 δείξοντ‹

633 4558 707 4603 ssl
725 4550 860 4613 ",et
888 4549 1137 4613 indicabit
1163 4553 1334 4602 orbem
1355 4557 1608 4602 terrarum
1635 4549 1688 4600 in
1704 4547 1913 4616 justitia
1949 4547 2026 4612 ³⁵;
2061 4547 2152 4599 Pa-

2061 4547 2162 4599 Pa-
2260 4560 2414 4614 νηται
2440 4549 2469 4598 6
2495 4547 2623 4610 Θεὸς
2650 4550 2717 4603 τά
2744 4552 2918 4617 πάντα
2939 4556 2995 4606 ὲν
3028 4559 3184 4609 πᾶσι.
3228 4559 3370 4611 Καὶ
3409 4563 3555 4632 τάχι

635 4647 720 4693 tre
746 4653 873 4693 vero
894 4641 1009 4707 (eos
1036 4640 1198 4707 quiin
1216 4639 1331 4692 Filii
1361 4637 1570 4705 justitia
1601 4638 1794 4691 eruditi
1825 4637 2020 4690 fuerint
2040 4649 2154 4705 post

2040 4649 2160 4705 post
2262 4632 2566 4708 δικαιοσύνῃ
2604 4638 2633 4688 6
2665 4640 2850 4712 Σωτὴρ
2885 4644 3194 4715 εὐτρεπίζει
3239 4648 3327 4701 τὰ
3406 4653 3555 4704 πάνε

634 4731 833 4788 Christi
864 4746 1082 4802 regnum
1113 4730 1374 4786 beneﬁcio
1402 4728 1820 4796 amciente)buni
1848 4729 2153 4782 vocabulum

2036 4729 2160 4782 ιιηηι
2263 4724 2600 4794 ἐπιτηδείοις,
2629 4728 2721 4781 καὶ
2742 4729 2903 4801 λόγῳ,
2943 4735 3037 4786 καὶ
3076 4735 3267 4803 τάξει,
3304 4740 3429 4793 καὶ
3473 4759 3555 4794 κο

636 4822 889 4890 operibus
929 4831 1213 4875 ostensum
1234 4857 1250 4883 ,
1278 4818 1489 4887 quando
1517 4817 1678 4871 fuerit
1727 4816 1868 4870 Deus
1896 4817 2070 4869 omnia
2107 4816 2155 4869 iu

2036 4820 2070 4868 ia
2107 4816 2160 4869 in
2262 4814 2395 4879 τοῖς,
2423 4813 2488 4865 ἵν’
2519 4813 2689 4879 οὕτως
2725 4817 2890 4885 εῐπω,
2929 4829 3353 4893 πνευματικοῖς
3401 4829 3555 4882 αὐτ(

636 4910 882 4965 omnibus
918 4909 988 4964 ³⁸.
1020 4908 1188 4976 Cujus
1223 4907 1465 4961 fortassis
1509 4904 1717 4972 iustitia
1774 4904 2028 4958 Servatur
2082 4904 2155 4957 iu-

2082 4904 2166 4957 iu-
2269 4901 2591 4970 βοηθήμασι,
2615 4904 2748 4974 πρὸς
2771 4908 2831 4961 τὸ
2853 4910 3098 4980 χωρῆσαι
3118 4913 3221 4967 ἐπὶ
3239 4916 3428 4969 τέλει
3455 4918 3555 4989 τὴε

639 4998 799 5052 struit
818 4998 1020 5064 omnia,
1049 4996 1373 5066 temporibus
1401 4993 1623 5059 idoneis,
1649 5001 1705 5048 et
1732 4992 1960 5055 ratione,
1998 4999 2054 5045 et
2077 5004 2158 5045 or-

2036 4999 2169 5045 lor-
2267 4989 2359 5042 τοῦ
2388 4989 2617 5059 Πατρδς,
2640 4994 2829 5063 ἥντινα
2875 5002 3068 5070 νοήσας
3098 5003 3254 5073 πρὸς
3305 5005 3429 5059 τὸν
3490 5008 3555 5061 Μ

708 5152 754 5233 ξ’
780 5150 801 5204 1
829 5151 955 5206 Cor.
970 5167 1039 5233 1L
1049 5152 1176 5233 50,“
1208 5152 1255 5233 ff
1283 5153 1442 5233 ilebr.
1472 5166 1532 5216 ιι,
1564 5152 1595 5233 1
1600 5151 1650 5204 1.
1797 5147 1954 5233 llehr.
1971 5162 2059 5233 tv,

2036 5164 2059 5211 ’ν
2234 5146 2279 5178 ³⁸
2303 5145 2321 5199 Ι
2349 5144 2472 5201 εον·
2501 5159 2540 5212 ιν
2574 5146 2663 5206 ’5οι
2737 5156 2964 5217 “Joan.
2992 5177 3087 5225 vn,
3112 5162 3207 5220 i8.
3302 5163 3366 5196 ⁸³
3408 5165 3555 5233 Apﬂ

642 5219 688 5252 ³⁸
715 5218 869 5273 Joan.
896 5234 949 5284 v,
970 5218 1062 5274 27.
1124 5215 1181 5253 ’³⁸
1212 5220 1350 5274 Psal.
1379 5215 1538 5282 xcvn,
1564 5219 1617 5274 9.
1689 5217 1734 5250 ³⁸
1758 5218 1778 5272 1
1802 5215 1927 5273 Cor.
1968 5230 2058 5280 xv,
2085 5215 2175 5269 28.

712 5348 822 5432 (ἕρ)
862 5349 931 5430 Τρ
955 5349 1022 5403 δὲ
1043 5348 1075 5403 ὃ
1204 5351 1458 5432 ἂν-τούς,
1488 5363 1590 5407 etc.
1615 5352 1915 5423 Lugendum
1948 5349 2174 5403 fortasse
2280 5346 2471 5432 ll‘u'mqii2
2505 5350 2602 5432 sed
2630 5352 2762 5412 illud
2803 5369 3186 5432 repraesentant
3245 5360 3555 5416 codices

634 5417 697 5469 το
722 5413 787 5467 ss
804 5413 1039 5479 ’κινῆσαν
1068 5413 1211 5479 τοῦς,
1244 5429 1345 5473 etc.
1414 5413 1453 5418 ’γ
1690 5413 1718 5423 ”

1690 5413 1718 5423 ”
2279 5422 2332 5469 ct
2355 5413 2696 5474 Barbcrinns.
2804 5413 2819 5416 ⁷
2844 5413 2878 5432 V'

713 5483 823 5569 (i7)
863 5483 1028 5551 οἴμαι
1051 5486 1172 5551 μετ’
1202 5484 1539 5553 ἐξετάσεως.
1565 5489 1718 5544 Deest
1753 5483 1902 5554 οἶμαι
1932 5486 1983 5542 in
2017 5492 2159 5538 textu
