3848 6234
575 315 648 366 95

2017 315 2333 372 ORIGENIS

580 439 700 479 rum
737 425 821 479 his
854 425 944 493 qui
990 425 1279 479 etiamnum
1327 426 1587 482 laboriosa
1642 445 1703 484 ac
1751 432 1965 486 duriore
1993 434 2099 487 vita

2030 434 2114 487 ita:
2141 443 2190 498 Α
2215 449 2321 495 νοις
2353 432 2605 484 ἐπιπόνου
2633 430 2726 483 καὶ
2753 427 3119 499 σκληροτέρας
3161 419 3370 489 ἀγωγῆς,
3398 415 3480 469 καὶ
3509 412 3549 482 μὶ

581 515 919 569 institutione
967 516 1203 584 indigent
1230 555 1245 579 ,
1278 531 1399 570 cum
1453 519 1674 573 necdum
1704 521 1911 591 seipsos
1944 524 2113 577 amori

582 605 1074 672 mansnetudinique
1112 603 1288 660 Patris
1316 608 1667 675 permiserint.
1709 610 1854 666 lianc
1901 612 1968 665 ob
1997 627 2117 666 cau-

582 711 695 750 sam
716 696 759 750 si
794 696 942 764 virga
975 704 1213 761 vocatur,
1236 698 1558 765 egredietur,
1579 715 1749 769 neque
1767 702 1908 756 enim
1941 712 2118 757 manet

583 786 726 839 intra
767 799 847 848 se,
877 786 970 839 sed
1013 796 1165 841 extra
1205 788 1574 857 primigeninm
1603 802 1798 845 statum
1826 809 1943 847 esse
1972 795 2120 847 vide-

587 883 690 928 tur.
728 874 968 943 Cumque
997 890 1247 945 egressus
1279 877 1435 931 fuerit
1465 879 1633 934 factus
1664 882 1832 951 virga,
1865 898 1968 936 nou
2000 900 2118 937 ma-

584 973 675 1017 net
704 965 874 1032 virga,
904 966 996 1019 sed
1039 978 1158 1033 post
1187 969 1385 1037 virgam
1413 971 1654 1023 exoritur
1684 971 1780 1026 ﬂos
1806 974 2116 1027 ascendens.

587 1051 736 1106 Unde
764 1053 933 1120 ipsam
965 1055 1126 1122 virgae
1146 1058 1534 1112 extremitatem
1558 1058 1743 1113 ﬂorem
1773 1053 1892 1116 esse
1911 1061 2123 1130 conspi-

582 1142 735 1195 ciunt
762 1140 834 1194 illi
862 1143 951 1209 qui
982 1143 1048 1196 ah
1077 1158 1140 1197 eo
1172 1144 1311 1198 fat-to
1336 1146 1481 1211 virga
1510 1147 1707 1200 visitati
1733 1147 1948 1203 fuerint.
1979 1151 2120 1203 Visi-

585 1228 719 1281 tabit
743 1230 884 1282 enim
917 1231 1055 1284 Deus
1082 1232 1133 1284 in
1174 1232 1320 1302 virga
1365 1234 1575 1304 (nempe
1608 1218 1842 1307 Christo)
1870 1238 2122 1305 iniquita-

586 1328 667 1371 tes
684 1333 863 1372 eorum
881 1333 1015 1387 quos
1037 1320 1293 1385 visitabit,
1310 1324 1726 1378 misericordiam
1743 1326 1849 1397 43
1872 1343 1998 1382 vero
2019 1345 2121 1382 non

586 1408 852 1473 disperget
872 1408 939 1462 ab
972 1422 1036 1462 eo
1057 1409 1123 1462 ⁸⁸.
1154 1409 1325 1477 Ipsum
1358 1427 1583 1480 namque
1620 1415 1927 1480 miseratur,
1956 1431 2125 1482 quan-

565 1496 869 1563 doquidem
898 1512 1032 1565 quos
1061 1500 1342 1553 miseratur
1367 1501 1549 1565 Filius,
1566 1504 1850 1558 miseratur
1874 1517 1927 1559 et
1947 1506 2123 1562 Pater.

589 1585 879 1641 Possumus
897 1600 1075 1642 autem
1094 1605 1197 1643 non
1213 1591 1278 1645 de
1292 1591 1476 1646 iisdem
1498 1593 1766 1661 accipere,
1785 1594 1981 1650 factum
2001 1596 2130 1651 fuis-

590 1691 651 1732 se
680 1677 850 1745 ipsum
872 1680 1076 1745 virgam
1095 1691 1147 1733 et
1165 1679 1347 1734 ﬂorem
1370 1698 1383 1747 ;
1406 1682 1498 1736 sed
1518 1683 1946 1752 virgaquuidem
1966 1697 2128 1754 egen-

593 1764 738 1819 tibus
765 1765 1263 1832 punitione,ﬂorem
1301 1782 1429 1822 vero
1461 1769 1547 1824 his
1582 1772 1675 1839 qui
1703 1784 2004 1837 servantur;
2037 1774 2129 1827 sed

597 1854 786 1908 melius
811 1855 1047 1909 arbitror
1067 1858 1207 1925 quod
1228 1858 1374 1925 prius
1403 1858 1531 1913 dixi.
1564 1859 1815 1913 Attamen
1848 1863 1945 1914 hoc
1967 1862 2130 1915 etiam

598 1944 653 1995 in
701 1943 801 1997 hoc
828 1944 947 1998 loco
995 1945 1291 1999 addendum
1315 1956 1415 2013 est,
1442 1947 1670 2004 fortasse
1700 1950 1934 2003 futurum
1966 1962 2021 2003 ut
2045 1951 2131 2005 cui

600 2032 763 2085 fuerit
807 2033 1052 2088 Christus
1084 2036 1250 2104 virga,
1299 2037 1367 2090 sit
1411 2037 1483 2090 illi
1536 2040 1695 2092 etiam
1728 2049 1946 2108 propter
1972 2042 2134 2109 virga:

600 2121 993 2175 extremitatem
1027 2126 1246 2178 omnino
1277 2124 1392 2190 ﬂos,
1425 2127 1517 2180 sed
1548 2143 1651 2180 non
1692 2139 1882 2182 contra
1910 2145 1926 2192 ;
1964 2144 2135 2196 neque

600 2208 741 2261 enim
772 2209 814 2260 si
841 2210 1000 2263 alicui
1029 2211 1147 2278 ﬂos,
1186 2211 1307 2266 huic
1343 2213 1503 2267 etiam
1530 2224 1614 2269 est
1642 2216 1786 2285 virga
1821 2234 1834 2270 :
1869 2217 1967 2272 nisi
1993 2216 2134 2271 forte

582 2294 739 2362 quod
770 2295 867 2350 ﬂos
895 2298 967 2349 sit
997 2299 1287 2364 perfectior
1319 2300 1470 2365 ﬂore,
1500 2303 1719 2372 ipsaque
1749 2302 1936 2357 ﬂorum
1964 2306 2130 2360 emis-

598 2384 770 2447 sione,
797 2398 917 2452 qum
954 2386 1020 2440 de
1045 2388 1110 2440 iis
1141 2388 1334 2443 dicitur
1359 2392 1446 2459 qui
1470 2391 1674 2447 fructus
1706 2394 1971 2461 perfectos
1999 2409 2132 2448 non-

603 2472 727 2526 dum
760 2474 1015 2539 tulerunt,
1042 2475 1265 2544 perfecti
1289 2479 1339 2532 id
1367 2482 1510 2547 quod
1543 2496 1700 2550 supra
1729 2483 1909 2536 ﬂorem
1939 2482 2139 2539 Christi

609 2572 716 2627 est,
753 2566 984 2633 capiant.
1016 2565 1116 2631 Qui
1152 2583 1280 2625 vero
1322 2570 1489 2638 ipsius
1524 2571 1670 2639 virga
1702 2573 1886 2626 tentati
1920 2573 2139 2638 fuerint,

610 2655 769 2707 simul
819 2671 940 2709 cum
973 2658 1086 2725 ipsa
1118 2659 1265 2725 virga
1319 2658 1484 2713 futuri
1532 2675 1635 2713 non
1687 2670 1810 2714 sunt
1853 2663 2143 2731 participes

604 2741 990 2810 perfectiouum
1020 2745 1259 2811 Christi,
1296 2748 1387 2801 sed
1422 2757 1623 2801 tantum
1650 2748 1799 2803 ﬂoris
1839 2754 2143 2817 prmceden-

610 2830 683 2885 tis
745 2830 950 2886 fructus
1004 2835 1187 2901 ipsius.
1241 2838 1478 2906 Denique
1531 2848 1817 2908 antequam
1874 2842 1940 2894 ad
1996 2844 2142 2896 vocis

617 2921 794 2989 Λόγος
818 2937 1041 2976 examen
1078 2927 1395 2982 accedamus
1419 2973 1433 2994 ,
1477 2931 1611 2995 lapis
1650 2942 1732 2984 est
1780 2931 2023 2987 Christus
2059 2948 2143 2987 re-

2215 522 2607 594 παρεσχηκόσιν
2630 522 2738 591 (5|)
2762 521 2982 580 ἑαυτοὺς
3022 519 3089 586 τῇ
3131 512 3302 581 ἀγάπῃ
3339 509 3417 562 καὶ
3450 508 3507 575 τῇ
3545 523 3550 538 ⁴

2213 630 2331 682 τητι
2357 612 2450 664 τοῦ
2478 611 2703 680 Πατρός.
2753 610 2849 663 Διά
2894 607 3079 667 τοῦτο,
3127 604 3219 657 ἐὰν
3264 599 3425 671 ῥάϐδος
3461 595 3550 648 καλ

2215 702 2579 767 ἐξελεύσεταιο
2623 701 2683 751 ού
2727 698 2833 770 γὰρ
2884 698 3033 767 μένει
3071 697 3131 747 ἐν
3163 691 3325 761 αὐτῷ,
3366 686 3464 742 ἀλλ’
3495 685 3550 747 ἕξε

2217 790 2625 861 προηγουμένης
2680 789 3060 847 καταστάσεως
3107 779 3242 837 εἶναι
3277 781 3417 834 δοκεῖ.
3473 776 3550 841 Ἐξ

2216 880 2271 932 δὲ
2298 880 2390 932 καὶ
2419 880 2699 949 γενόμενος
2733 878 2939 948 ῥάϐδος,
2973 876 3033 929 ού
3062 875 3210 945 μένει
3233 872 3416 943 ῥάϐδος,
3437 867 3550 923 ἀλλὰ

2218 969 2314 1038 τὴν
2350 970 2538 1040 ῥάϐδον
2570 968 2724 1031 ἄνθος
2748 968 2953 1036 γίνεται
2978 965 3278 1026 ἀναϐαῖνον,
3316 963 3397 1015 καὶ
3440 959 3550 1029 πέρι

2220 1055 2356 1111 εἶναι
2390 1058 2577 1128 ῥάϐδος
2604 1058 2664 1110 τὸ
2695 1057 2851 1119 ἄνθος
2871 1054 3246 1109 ἀποδείκνυται
3268 1053 3366 1113 τοῖς
3394 1049 3473 1102 διὰ
3500 1064 3550 1099 το

2221 1147 2308 1199 τὸν
2350 1148 2623 1214 γεγονέναι
2664 1147 2856 1217 ῥάϐδον
2916 1143 3217 1212 ἐπισκοπῆς
3251 1139 3550 1208 τετυχηκόσιη

2234 1236 2608 1304 Ἐπισκέψεται
2636 1235 2742 1307 γὰρ
2773 1238 2800 1287 ὁ
2830 1234 2958 1296 Θεὸς
3002 1235 3055 1285 ἐν
3090 1230 3264 1302 ῥάϐδῳ
3303 1227 3370 1297 τῷ
3410 1228 3550 1296 Χριστ

2224 1327 2448 1396 ἀνομίας
2478 1326 2652 1380 αὐτῶν
2684 1321 2755 1379 ὧν
2777 1324 3160 1393 ἐπισκέψεταιο
3185 1321 3241 1373 τὸ
3269 1320 3320 1372 δὲ
3365 1319 3496 1380 ἕλεος
3542 1320 3550 1377 l

2228 1411 2300 1481 μὴ
2328 1411 2661 1464 διασκεδάσει
2685 1411 2776 1464 ἀπ’
2811 1409 2972 1463 αύτοῦ
2993 1426 3007 1439 °
3033 1408 3193 1461 αὐτὸν
3224 1406 3321 1476 γὰρ
3348 1406 3509 1465 ἐλεεῖ,
3537 1404 3550 1453 ἱ

2229 1499 2465 1569 βούλεται
2485 1501 2513 1551 ό
2537 1499 2662 1561 Υίὺς
2681 1497 2961 1558 ἐλεεῖσθαι,
2984 1498 3013 1548 δ
3038 1493 3225 1564 Πατὴρ
3246 1493 3389 1545 ἐλεεῖ.
3416 1491 3550 1541 Ἔστι

2231 1588 2303 1658 μὴ
2342 1588 2431 1640 ἐπὶ
2454 1588 2559 1640 τῶν
2590 1585 2764 1640 αὐτῶν
2789 1585 3099 1654 λαμϐάνειν,
3133 1582 3315 1652 ῥάϐδον
3346 1581 3495 1633 αὑτὸν
3518 1596 3550 1646 γ

2229 1679 2321 1731 καὶ
2353 1676 2527 1738 ἄνθος,
2562 1675 2693 1728 ἀλλά
2719 1673 2907 1743 ῥάϐδος
2935 1673 3030 1742 μὲν
3059 1674 3170 1733 τοῖς
3199 1671 3453 1740 δεομένοις
3474 1668 3550 1721 κο)

2161 1740 2203 1794 Β
2229 1764 2385 1828 ἀνθος
2415 1765 2469 1816 δὲ
2490 1767 2599 1826 τοῖς
2630 1740 2953 1832 σωζομένοις
2972 1777 2986 1790 ο
3024 1760 3231 1830 βέλτιον
3251 1759 3293 1811 δ’
3318 1754 3460 1827 οἶμαι
3489 1756 3546 1809 τὸ

2234 1871 2339 1923 ρον.
2373 1854 2514 1923 Πλὴν
2540 1853 2693 1905 τοῦτο
2716 1851 3034 1920 προσθετέον
3061 1850 3201 1903 κατά
3229 1848 3312 1900 τὸν
3332 1849 3504 1908 τόπον,
3528 1848 3550 1898 ὅ

2229 1944 2315 1996 διὰ
2348 1944 2406 1996 τὸ
2435 1942 2604 2005 τέλος,
2635 1941 2688 1992 εἴ
2703 1958 2806 1993 τινι
2840 1941 2935 2010 μὲν
2966 1939 3172 2008 γίνεται
3192 1938 3395 2008 ῥάϐδος,
3417 1935 3531 1988 ἐστὶ

2230 2034 2325 2085 καὶ
2352 2032 2524 2095 ἄνθος,
2548 2034 2606 2085 ού
2643 2032 2744 2101 μὴν
2768 2031 2901 2100 (54),
2931 2031 2982 2082 εἷ
3003 2046 3109 2081 τινι
3139 2028 3313 2090 ἄνθος,
3350 2027 3533 2095 ἐκείνῳ

2232 2123 2324 2174 καὶ
2348 2121 2537 2191 ῥάϐδος
2559 2137 2574 2151 ο
2613 2123 2660 2173 εί
2695 2120 2769 2191 μὴ
2799 2120 2926 2191 ἀρα.
2953 2119 3073 2171 ἐπεί
3099 2121 3243 2171 ἐστιν
3275 2116 3427 2179 ἄνθος
3457 2116 3549 2168 τελξ

2231 2212 2323 2264 τοῦ
2352 2212 2561 2274 ἄνθους,
2591 2210 2684 2265 καὶ
2715 2209 2807 2263 τοῦ
2836 2209 3014 2263 ἀνθεῖν
3039 2208 3131 2260 ἐπὶ
3171 2206 3274 2260 τῶν
3310 2206 3526 2277 μηδέπω

2234 2300 2715 2371 καρποφορούντων
2745 2297 3167 2369 ὀνομαζομένου,
3191 2299 3240 2349 οἱ
3262 2297 3446 2350 τέλειοι
3472 2298 3532 2349 τὸ

2235 2391 2391 2453 ἀνθος
2418 2391 2652 2461 χωροῦσι
2681 2390 2773 2443 τοῦ
2798 2387 3058 2460 Χριστοῦ·
3092 2389 3141 2440 οί
3174 2385 3231 2439 δέ
3260 2387 3447 2456 ῥάϐδου
3479 2387 3546 2440 αύ

2236 2482 2637 2553 πεπειραμένοι,
2671 2481 2783 2550 ἅμα
2804 2483 2866 2549 τῇ
2896 2478 3074 2549 ῥάϐδῳ
3107 2480 3166 2530 ού
3202 2477 3299 2546 τῆς
3331 2477 3550 2529 τελειότι

2235 2572 2352 2635 τοῦ,
2382 2572 2516 2624 ἀλλά
2534 2571 2627 2623 τοῦ
2655 2570 2844 2632 ἀνθους
2866 2567 2959 2621 τοῦ
2982 2568 3086 2638 πρὸ
3104 2568 3213 2619 τῶν
3245 2568 3468 2639 καρπῶν
3496 2568 3550 2619 αξ

2237 2660 2575 2731 ταλήψονται.
2600 2658 2908 2711 Τελευταῖον
2923 2657 3029 2727 «πρὸ
3055 2656 3147 2708 τοῦ
3175 2656 3347 2723 Λόγου
3368 2652 3434 2725 ἦν
3455 2656 3550 2708 λίθι

2241 2751 2364 2812 στος
2391 2748 2913 2818 ἀποδοκιμαζόμενος
2944 2746 3050 2799 ὑπὸ
3085 2745 3192 2797 τῶν
3223 2745 3518 2814 οίκοδόμων
3538 2784 3550 2808 ,

2241 2839 2478 2910 κεφαλὴν
2526 2837 2725 2906 γωνίας
2776 2834 3280 2904 κατατασσόμενοςο
3338 2835 3459 2887 ἐπεὶ
3508 2852 3545 2901 γ

2244 2930 2439 2994 ζῶντες
2466 2926 2862 2997 οἰκοδομοῦνται
2886 2925 2978 2978 ἐπὶ
3000 2924 3232 2994 θεμελίῳ
3271 2925 3479 2994 ἑτέροις
3508 2925 3550 2974 λι

611 3012 866 3096 probatus
897 3012 965 3064 ab
986 3013 1392 3079 miliﬂcantibus,
1422 3027 1475 3071 et
1506 3020 1556 3070 in
1591 3028 1749 3087 caput
1776 3020 1951 3088 anguli
1994 3022 2130 3075 ordi-

2032 3022 2137 3075 rdi-
2170 3053 2211 3108 ο
2242 3016 2544 3069 ἀποστόλων
2587 3017 2680 3069 κα)⁸
2722 3014 3032 3086 προφητῶν,
3051 3015 3201 3078 ὄντος
3221 3015 3549 3108 ἀκρογωνιαί

611 3087 771 3152 natus
798 3099 865 3152 “.
893 3101 1152 3164 Quoniam
1181 3106 1321 3157 enim
1353 3105 1552 3173 lapides
1591 3108 1692 3158 vivi
1723 3087 2056 3162 aedificantur
2089 3111 2140 3163 in

609 3187 990 3254 fundamento,
1043 3191 1164 3246 aliis
1205 3192 1464 3261 lapidibus
1519 3197 1873 3260 apostolorum
1921 3209 1976 3253 et
2018 3215 2143 3267 pro-

611 3276 914 3343 phetarum,
948 3282 1061 3349 ipso
1089 3282 1212 3336 Iesu
1239 3282 1456 3337 Christo
1499 3284 1726 3340 Domino
1759 3298 1942 3341 nostro
1996 3290 2145 3342 exsi-

612 3378 794 3421 stente
823 3383 1035 3423 summo
1077 3371 1313 3439 angulari
1343 3373 1515 3437 lapide
1557 3373 1626 3439 “,
1656 3389 1719 3428 eo
1749 3376 1885 3442 quod
1918 3378 2027 3443 ipse
2079 3377 2148 3429 sit

611 3470 739 3522 pars
758 3467 1036 3513 structurae
1063 3474 1179 3528 qua:
1194 3474 1274 3515 est
1299 3476 1360 3513 ex
1380 3462 1641 3528 lapidibus
1658 3464 1955 3518 viventibus
1987 3465 2037 3517 in
2066 3480 2148 3518 re-

617 3547 772 3613 gione
800 3549 1088 3601 viventium
1116 3588 1130 3611 ,
1167 3548 1301 3618 lapis
1346 3552 1660 3618 appellatur.
1719 3550 1838 3605 llacc
1896 3561 2072 3606 autem
2118 3567 2145 3604 a

614 3633 773 3687 nobis
799 3635 943 3688 dicta
969 3645 1092 3688 sunt
1126 3637 1445 3705 redarguere
1485 3639 1680 3693 multos
1709 3639 2033 3702 volentibus,
2059 3640 2146 3707 qui

619 3723 831 3790 privata
888 3726 1117 3791 quadam
1157 3726 1419 3779 electione
1464 3738 1515 3778 et
1554 3737 1774 3781 utuntur
1800 3767 1816 3792 ,
1867 3738 1921 3781 et
1962 3742 2151 3797 segnes

614 3820 743 3865 sunt
771 3814 823 3866 in
856 3813 1175 3883 indagando,
1208 3830 1327 3869 nam
1375 3826 1451 3869 tot
1490 3818 1701 3869 nomina
1745 3831 1865 3869 cum
1902 3818 2007 3869 sint
2035 3830 2150 3882 qua:

2250 3104 2479 3179 Χριστοῦ
2514 3101 2682 3175 Ἰησοῦ
2704 3103 2796 3156 τοῦ
2825 3105 3026 3175 Κυρίου
3050 3104 3228 3174 ἡμῶν,
3256 3104 3347 3157 διὰ
3384 3105 3445 3156 τὸ
3476 3101 3550 3157 εῖτ

2252 3197 2411 3267 μέρος
2450 3195 2546 3265 τῆς
2573 3196 2636 3246 ἐκ
2660 3193 2821 3246 λίθων
2850 3192 3067 3256 ζώντων
3090 3196 3148 3246 ἐν
3172 3194 3332 3265 χώρᾳ
3358 3194 3550 3257 ζώντω

2253 3286 2378 3355 μῆς.
2417 3284 2559 3347 λίθος
2596 3281 3071 3354 προσαγορεύεται.
3120 3282 3307 3336 Ταῦτα
3339 3284 3399 3336 δὲ
3461 3287 3550 3353 ημ

2251 3374 2458 3443 εἴρηται
2481 3372 2541 3424 τὸ
2567 3371 2673 3423 τῶν
2703 3370 2909 3425 πολλῶν
2938 3372 3391 3442 ἀποκληρωτικὸν
3439 3374 3539 3424 καὶ

2255 3477 2374 3512 στον
2403 3459 2613 3527 ἐλέγξαι
2640 3459 2998 3529 βουλομένοις,
3027 3462 3109 3513 ὅτι
3143 3460 3421 3514 τοσούτων
3444 3463 3550 3529 dvo;

2251 3547 2408 3600 αύτδν
2428 3548 2840 3619 ἀναφερομένων
2868 3549 3107 3603 ἵστανται
3127 3549 3219 3601 ἐπὶ
3245 3549 3421 3619 μόνης
3452 3551 3550 3619 (56

2252 3655 2349 3704 νος
2381 3637 2688 3707 ὀνομασίας,
2708 3640 2806 3691 οὐκ
2825 3638 3163 3703 ἐξετάζοντες
3189 3638 3244 3689 τί
3263 3638 3477 3707 δήποτε
3493 3642 3550 3691 Λ·

2254 3725 2382 3788 Θεὸς
2412 3727 2467 3778 ἐν
2487 3727 2624 3796 ἀρχῇ
2653 3726 2784 3796 πρὸς
2816 3727 2906 3778 τὸν
2934 3726 3169 3794 Πατέρα,
3202 3724 3272 3776 δι’
3298 3720 3364 3778 οὗ
3397 3726 3476 3778 τὰ
3506 3744 3550 3777 π

2253 3832 2391 3878 νετυ,
2423 3816 2826 3885 ἀναγέγραπται
2847 3819 2874 3868 ό
2906 3815 3031 3876 Υἱὸς
3053 3812 3145 3865 τοῦ
3170 3813 3337 3867 Θεοῦ.

619 3904 685 3957 ad
711 3904 981 3959 Christum
1024 3904 1340 3970 referantur,
1393 3906 1445 3960 in
1482 3907 1595 3959 solo
1621 3905 1710 3957 τοῦ
1733 3906 1889 3974 λόγου
1920 3905 1995 3975 [id
2023 3914 2106 3958 est
2137 3904 2354 3957 rationis
2393 3913 2447 3958 et
2489 3904 2775 3975 sermonis]
2818 3905 3078 3959 vocabulo
3120 3905 3550 3973 acquiescentes

618 3998 856 4064 pendunt
908 4013 1127 4053 curnam
1182 4000 1392 4053 tandem
1448 3999 1614 4052 Filius
1667 3998 1794 4060 Dei,
1846 3999 1983 4051 Deus
2028 3998 2079 4049 in
2110 3997 2366 4067 principio
2420 3997 2555 4065 apud
2605 3995 2839 4062 Patrem,
2893 3996 3178 4065 inscriptus
3208 3997 3288 4049 sit
3320 3996 3513 4064 Λόγος

616 4091 796 4144 omnia
828 4091 966 4144 facta
1001 4101 1128 4145 sunt
1155 4092 1219 4146 “.

685 4180 775 4232 42.
809 4179 873 4233 Ut
896 4180 1059 4245 igitur
1086 4190 1304 4248 propter
1346 4180 1609 4233 actionem
1636 4219 1651 4242 ,
1688 4192 1752 4232 eo
1791 4178 1929 4246 quod
1961 4178 2153 4231 illumi-
2183 4183 2204 4238 ι

2030 4178 2153 4231 .tmi-
2183 4183 2227 4239 D
2324 4175 2410 4229 42.
2453 4175 2657 4243 ’Ὥσπερ
2678 4173 2855 4227 τοίνυν
2879 4173 3026 4244 παρά
3050 4172 3145 4243 τὴν
3171 4171 3502 4241 ἐνέργειαν,
3528 4156 3549 4223 ἐ

620 4277 711 4319 net
735 4268 1008 4331 mundum,
1035 4268 1187 4335 cujus
1234 4278 1314 4320 est
1346 4268 1456 4330 lux,
1484 4266 1575 4319 lux
1623 4266 1806 4320 mundi
1832 4266 2149 4334 appellatur,

624 4364 677 4406 et
707 4369 771 4407 ex
802 4370 866 4408 eo
891 4357 1034 4422 quod
1082 4366 1269 4408 auctor
1313 4357 1383 4409 sit
1427 4356 1748 4421 deponenda:
1793 4356 2156 4409 mortificatio-

619 4442 731 4503 uis,
762 4443 833 4495 illi
869 4445 1078 4497 sincere
1112 4445 1503 4498 adhaerentibus
1542 4454 1595 4497 et
1626 4445 2026 4513 resurgentibns
2075 4460 2157 4498 re-

602 4529 854 4596 .cipiendi
887 4532 1008 4585 vitae
1042 4532 1342 4600 novitatem,
1377 4534 1697 4588 resurrectio
1730 4543 1968 4597 vocatur,
2004 4534 2157 4586 item-

625 4632 732 4686 que
777 4629 991 4688 propter
1019 4620 1176 4674 aliain
1223 4624 1506 4688 actionem,
1538 4634 1592 4678 et
1640 4632 1839 4692 pastor,
1868 4635 1920 4677 et
1971 4639 2159 4691 prince-

626 4717 750 4778 ptor
773 4750 788 4776 ,
838 4720 890 4765 et
916 4727 1006 4766 rex
1033 4752 1049 4778 ,
1073 4726 1135 4766 ac
1164 4712 1392 4783 denique
1418 4714 1609 4781 sagitta
1639 4713 1828 4775 electa,
1862 4723 1910 4765 et
1943 4728 2151 4779 servus,

630 4800 698 4853 ad
729 4800 841 4853 haec
870 4801 1161 4855 advocatus
1185 4839 1201 4866 ,
1236 4800 1545 4869 propitialio
1567 4839 1582 4863 ,
1609 4812 1662 4854 et
1701 4800 2032 4869 propitiator,
2077 4799 2154 4853 sic

630 4891 789 4943 etiam
820 4890 990 4958 Λόγος
1013 4891 1139 4962 [hoc
1164 4900 1245 4946 est
1275 4889 1434 4961 ratio]
1462 4890 1676 4954 dicitur,
1706 4890 1961 4958 quidquid
1985 4888 2037 4942 in
2062 4901 2158 4942 no-

2253 4265 2417 4328 τίζειν
2455 4263 2543 4315 τὸν
2574 4263 2793 4331 κόσμον,
2827 4258 2885 4317 οῦ
2919 4263 3032 4330 φῶς
3066 4266 3214 4325 ἐστι,
3271 4262 3405 4330 φῶς
3448 4263 3550 4314 κόο

2256 4354 2586 4423 αγορεύεται,
2616 4353 2707 4404 καὶ
2739 4352 2887 4423 παρά
2917 4353 2977 4405 τὸ
2998 4355 3166 4403 ποιεῖν
3199 4351 3550 4404 ἁποτίθεσθς

2256 4443 2490 4511 κρότητα
2516 4441 2638 4501 τοὺς
2664 4440 2900 4509 γνησίως
2933 4437 3080 4507 αὐτῷ
3097 4437 3473 4506 προσιόντας,
3507 4456 3545 4490 κ

2259 4532 2436 4583 ϐάνειν
2469 4530 2754 4598 καινότητα
2784 4527 2926 4597 ζωῆς
2951 4525 3385 4595 ἀνισταμένους,
3424 4527 3545 4580 ἁνά

2260 4621 2452 4681 λεῖται,
2489 4618 2615 4688 παρ’
2638 4616 2826 4686 ἑτέραν
2854 4616 3049 4687 πρᾶξιν
3085 4613 3297 4686 ποιμὴν
3362 4617 3473 4668 καὶ
3530 4615 3550 4665 ἓ

2260 4709 2351 4763 καὶ
2400 4705 2665 4777 βασιλεὺς,
2716 4702 2865 4773 βέλος
2911 4720 2968 4756 τε
3018 4702 3281 4756 ἐκλεκτὸν
3320 4704 3432 4754 καὶ
3471 4703 3550 4753 δοι

2261 4797 2461 4859 τούτοις
2497 4795 2838 4866 παράκλητος
2867 4796 2957 4846 καὶ
2980 4794 3223 4863 ίλασμὸς,
3256 4792 3369 4845 καὶ
3395 4792 3550 4845 ἱλασο

2262 4902 2366 4947 τως
2388 4885 2479 4937 καὶ
2502 4883 2690 4950 Λόγος,
2724 4881 2819 4933 καὶ
2847 4883 2951 4933 πᾶν
2970 4882 3155 4947 ἄλογον
3187 4879 3371 4950 ἡμῶν
3409 4897 3550 4951 περι

702 5025 747 5059 ⁵³
774 5024 914 5079 Psal.
948 5040 1203 5086 Lxxxvm,
1233 5023 1322 5085 55,
1349 5023 1440 5078 54.
1518 5023 1563 5053 ’⁵⁵
1593 5020 1732 5074 Psal.
1758 5035 1923 5084 cxvii,
1949 5021 2036 5074 22.
2118 5019 2162 5052 “
2191 5019 2221 5072 Ε

1606 5020 1732 5074 Psal.
1758 5035 1923 5084 cxvii,
1949 5021 2036 5074 22.
2118 5019 2162 5052 “
2191 5018 2381 5087 Ephes.
2419 5030 2479 5079 ll,
2507 5014 2598 5067 20.
2669 5013 2715 5045 “
2735 5011 2889 5065 Joan.
2919 5027 2958 5073 ι,
2989 5012 3044 5075 2,
3073 5011 3125 5065 5.

702 5137 1416 5217 (61).?yafctpsoznxdozar.
1457 5133 1545 5188 Sic
1594 5133 1757 5187 codex
1810 5130 2161 5195 Bodleianus;
2201 5139 2205 5144 ‘

635 5203 803 5260 editio’
834 5203 1008 5257 Hu’etii
1031 5203 1446 5274 παρεσχηκόσιν.

2267 5129 2479 5188 πάντως
2497 5125 2672 5186 ἄνθος,
2706 5124 2735 5175 δ
2753 5123 2848 5192 μή,
2876 5131 2979 5192 etc.

2336 5197 2448 5265 (55)
2479 5197 2542 5246 Οὶ
2561 5193 2628 5265 δὲ
2647 5188 2870 5265 ράεδάυ
2893 5189 3100 5265 αὐτοῦ.
3128 5199 3239 5242 etc.
3264 5188 3550 5265 Sicnoptj

707 5274 818 5343 (52)
852 5258 1361 5343 Tetvxnxdo'z;.'lta
1388 5272 1552 5326 codex
1591 5268 1940 5334 Bodleianus;
1999 5268 2165 5322 editio
2268 5266 2320 5343 i_n
2344 5258 2539 5343 codice
2564 5259 2870 5343 Bodleiano,
2898 5260 3038 5311 male
3059 5270 3245 5311 autem
3274 5260 3341 5309 in
3381 5258 3544 5326 Regi

639 5340 812 5394 [litetii
840 5341 1161 5407 τετευχόσιν.

712 5410 822 5477 (55)
852 5402 1073 5477 Ἕλεός.
1101 5408 1189 5460 Sic
1206 5407 1360 5477 codd.
1382 5408 1696 5477 Bodleianus
1727 5415 1779 5458 et
1812 5402 2164 5464 Barberinus;

641 5474 918 5542 perperam
947 5476 1205 5528 lluetiana
1236 5475 1396 5526 editio
1418 5475 1468 5528 in
1493 5485 1633 5542 textu
1659 5474 1792 5535 ἕλος.

2266 5331 2351 5393 δος
2383 5329 2564 5390 αὑτοῦ,
2587 5338 2692 5381 etc.

2337 5399 2450 5466 (56)
2492 5398 2784 5466 Ἵστανξᾳι
2831 5393 2932 5445 ἐπὶ
2987 5395 3201 5466 μόνης,
3275 5401 3413 5447 etc.
3473 5393 3550 5446 Vt

2272 5463 2522 5535 intellige,
2556 5466 2645 5532 qui
2675 5463 2865 5535 Filium
2892 5477 2988 5529 per
3008 5463 3407 5535 prolatioglem
3461 5476 3545 5530 ge

711 5530 821 5611 (ἐι)
848 5542 1088 5611 Πάντως
1116 5542 1212 5611 καὶ
1244 5542 1442 5606 ἄνθος,
1472 5541 1702 5608 meum»,
1728 5530 1847 5611 etc.
1880 5538 2007 5611 δίο-
2025 5543 2166 5611 recte

1472 5541 1702 5608 οὺμὴν,
1728 5530 1847 5611 οἷο.Δ
1880 5538 2166 5611 _Sic__rec_t.e
2275 5530 2693 5589 arbitrabantur.
2731 5530 2990 5585 HUETIUS.

646 5602 815 5666 habet
832 5618 995 5666 codex
1018 5602 1359 5674 Bbdlcianus,
1384 5602 1517 5664 male
1543 5602 1716 5662 autem
1766 5606 1928 5662 editio
1969 5602 2162 5664 Huciii,
