3848 6174
257 268 356 324 τοι

1250 306 1251 309 η
1343 263 1693 321 COMMENT.
1727 264 1794 321 IN
1825 264 2014 322 JOAN.
2049 262 2285 320 TOMUS
2319 260 2357 315 l.

3348 262 3450 316 102

262 375 483 443 ἀοράτου
510 365 654 423 Θεοῦο
684 363 779 418 καὶ
806 366 1001 425 ταῦτα
1026 375 1149 443 μὲν,
1184 376 1271 429 ἵνα
1297 381 1817 451 συμπεριφερόμενοι

1922 380 2130 439 dobere,
2160 390 2252 429 cor
2280 376 2372 429 Dei
2402 383 2523 427 esse
2547 368 2665 435 eius
2693 380 2811 424 eam
2853 371 2955 426 vim
2991 385 3107 441 quae
3149 370 3450 442 intelligen-

261 466 329 532 τῇ
349 462 449 516 τῶν
477 457 672 514 πολλῶν
686 456 880 529 ἔκδοχῇ
906 463 1347 536 παραδεξιῖῳεθα
1369 468 1478 521 ἀπὸ
1498 469 1589 521 τοῦ
1608 470 1814 539 Πατρὸς

257 552 507 621 λέγεσθαι
551 550 629 604 τό“
701 548 1107 618 Ἐξηρεύξατο
1135 557 1175 624 ἡ
1214 557 1424 625 καρδία
1472 576 1589 626 μου
1635 561 1818 628 λόγον

261 646 497 713 ἀγαθόν.
521 645 594 698 Οὐ
624 642 798 712 πάντη
820 643 880 696 δὲ
901 644 1091 705 αὐτοῖς
1124 647 1567 717 παραχωρητέον,
1596 648 1670 710 ὡς
1688 650 1813 718 ὁμο-

262 733 592 804 λογουμένως
630 733 804 787 ταῦτα
851 733 1289 801 ἀπαγγέλλοντος
1334 735 1427 788 τοῦ
1456 735 1609 789 Θεοῦ.
1641 736 1736 790 Διὰ
1764 737 1817 789 τι

259 822 370 892 γάρ
421 823 538 890 οὐχ)⁸
589 824 620 875 ὁ
664 823 950 892 προφήτης
995 822 1145 874 ἔσται
1184 821 1357 889 λέγων
1387 821 1686 893 πληρωθεὶς
1722 821 1815 874 τοῦ

258 912 596 983 Πνεύματος,
654 914 752 967 καὶ
794 914 1198 985 προφερόμενος
1242 914 1396 982 λόγον
1442 914 1639 980 ἀγαθὸν
1691 914 1816 983 περὶ

258 1002 593 1071 προφητείας
621 1003 725 1072 τῆς
743 1004 869 1072 περὶ
894 1002 1153 1073 Χριστοῦ,
1188 1004 1423 1072 συνέχειν
1457 1003 1613 1055 αὐτὸν
1635 1004 1693 1055 οὐ
1725 1003 1815 1055 δυ-

258 1093 507 1160 νάμενος,
556 1092 641 1144 τό·
703 1093 1098 1159 Ἑξηρεύξατο
1142 1094 1180 1160 ἠ
1223 1094 1433 1160 καρδία
1475 1109 1591 1161 μου
1634 1094 1818 1159 λόγον

255 1178 502 1246 ἀγαθὸν,
565 1180 725 1248 λέγω
758 1181 870 1248 ἐγὼ
912 1181 983 1233 τὰ
1021 1182 1164 1248 ἔργα
1187 1199 1303 1248 μου
1334 1178 1414 1244 τῷ
1459 1180 1719 1243 ,ϐασιλεῖ’
1774 1182 1813 1247 ὴ

255 1268 506 1335 γλῶσσὰ
550 1288 675 1337 μου
722 1269 989 1335 κάλαμος
1033 1272 1401 1339 γραμματέως
1460 1270 1813 1339 ὀξυγράφου·

256 1356 468 1423 ὡραῖος
495 1357 714 1410 κάλλει
742 1358 899 1425 παρὰ
928 1360 1069 1424 τοὺς
1120 1359 1285 1423 υἱοὺς
1319 1359 1436 1411 τῶν
1472 1357 1808 1425 ἀνθρώπων·

256 1442 373 1497 εἶτα
401 1446 538 1515 πρὸς
562 1447 730 1498 αὐτὸν
746 1447 835 1499 τὸν
859 1449 1109 1518 Χριστόν·
1155 1448 1429 1516 Ἐξεχύθη
1464 1448 1503 1514 ἡ
1540 1446 1705 1514 χάρις
1749 1447 1818 1498 ἐν

258 1536 490 1602 χείλεσὶ
537 1551 692 1598 σου;
740 1537 862 1599 Πῶς
882 1538 1017 1608 γὰρ,
1048 1540 1097 1590 εἰ
1138 1538 1167 1590 ὁ
1218 1537 1404 1608 Πατὴρ
1435 1536 1581 1589 ταῦτ’
1614 1537 1813 1604 ἔλεγεν,

256 1624 556 1692 ἐπεφέρετο
589 1624 691 1694 τῷ,
734 1625 1015 1693 Ἑξεχύθη
1053 1629 1092 1693 ἡ
1116 1626 1286 1695 χάρις
1318 1628 1386 1679 ἐν
1418 1628 1648 1693 χείλεσι
1678 1641 1813 1688 σου,

1921 467 2049 519 tiam
2087 464 2281 518 eﬂiciat
2311 471 2365 517 et
2391 461 2642 514 universa
2665 457 2911 529 disponat
2941 478 2956 526 ;
3000 475 3300 516 sermonem
3339 460 3451 532 ω

1918 570 2045 610 vero
2074 555 2200 608 illud
2234 567 2371 618 esse,
2413 551 2575 619 quod,
2610 563 2728 617 quae
2766 551 2819 605 in
2853 550 2943 605 illo
2986 560 3108 604 sunt
3147 552 3329 618 corde,
3361 566 3450 607 re-

1924 645 2158 698 nuntiet.
2201 643 2330 709 Quis
2378 655 2509 695 vero
2550 639 2725 694 Patris
2756 641 3035 695 consilium
3072 640 3266 710 bisqui
3309 641 3450 697 inter

1919 732 2170 787 mortales
2196 731 2337 801 digni
2369 730 2695 793 exstiterint,
2734 731 2931 798 quique
2968 729 3158 782 borum
3204 741 3447 783 naturam

1919 821 2303 890 superaverint,
2328 820 2621 883 renuntiat,
2643 819 2743 872 nisi
2770 819 3021 872 Servator
3041 818 3064 870 ?
3083 815 3242 872 Forte
3269 826 3446 873 autem

1919 927 2022 965 non
2044 910 2245 964 frustra
2278 910 2507 976 positum
2536 917 2640 971 est,
2666 908 2937 971 cruciavit,
2964 920 3081 959 cum
3111 905 3268 972 hujus
3299 905 3447 959 verbi

1918 999 2036 1051 vice
2066 997 2167 1050 alia
2201 997 2477 1049 innumera
2507 995 2612 1049 dici
2632 992 2952 1062 potuissent,
2989 992 3237 1043 nimirum
3255 1003 3451 1059 propo-

1918 1087 2045 1151 suit,
2068 1087 2151 1137 vel
2184 1084 2413 1153 protulit
2443 1098 2540 1139 cor
2573 1097 2746 1135 meum
2772 1092 3075 1135 sermonem
3106 1079 3336 1142 bonum;
3366 1080 3447 1130 lo-

1919 1184 2097 1228 cutum
2134 1182 2215 1226 est
2254 1186 2349 1225 cor
2384 1185 2558 1225 meum
2606 1181 2906 1223 sermonem
2933 1168 3147 1220 bonum.
3178 1164 3282 1219 Sed
3318 1164 3444 1219 vide

1919 1277 1985 1315 ne
2013 1262 2147 1315 l'orte
2175 1260 2614 1328 quemadmodum
2655 1256 2879 1325 alicujus
2920 1253 3076 1309 ﬂatus
3096 1252 3291 1306 occulti
3322 1268 3450 1321 pro-

1919 1366 2130 1421 gressus
2161 1351 2211 1403 in
2240 1359 2479 1417 apertum
2503 1358 2584 1402 est
2628 1355 2812 1400 ructus
2851 1345 3162 1403 eruetantis,
3194 1352 3447 1410 tanquam

1918 1455 2013 1510 per
2035 1441 2169 1493 hunc
2191 1438 2522 1507 respirantis,
2550 1438 2618 1490 ita
2644 1435 2884 1489 veritatis
2917 1432 3312 1502 speculationes
3333 1446 3439 1484 non

1919 1531 2195 1584 continens
2228 1527 2390 1580 Pater
2434 1534 2662 1588 eructet,
2702 1525 2965 1590 faciatque
3011 1523 3202 1575 harum
3255 1520 3450 1588 ﬁguras

1919 1619 1973 1673 in
2003 1631 2267 1679 sermone,
2294 1615 2384 1683 qui
2416 1615 2576 1669 etiam
2610 1616 2747 1666 hanc
2780 1614 2850 1666 ob
2892 1625 3109 1665 causam
3151 1619 3375 1663 vocetur
3402 1609 3449 1639 δ’

256 1710 337 1773 τδ,
362 1711 465 1762 Διὰ
488 1712 671 1763 τοῦτο
707 1714 1005 1781 εὐλόγησέ
1034 1729 1107 1767 σε
1135 1719 1167 1767 ὀ
1200 1714 1340 1781 Θεὸς
1375 1719 1460 1780 εις
1490 1717 1593 1768 τὸν
1616 1716 1815 1772 αἰῶνα*

1922 1708 2200 1763 invisibilis
2243 1706 2336 1759 Dei
2388 1706 2581 1772 imago.
2627 1702 2693 1756 Et
2734 1703 2846 1756 haec
2889 1701 3124 1768 quidem,
3175 1707 3235 1753 ut
3281 1696 3449 1751 illud:

255 1800 347 1852 καὶ
380 1803 499 1868 μετ’
525 1801 705 1868 ὀλίγα·
735 1805 836 1854 Διὰ
867 1804 1041 1855 τοῦτο
1070 1804 1270 1872 ἕχρισέ
1296 1809 1415 1859 σεδ
1440 1806 1580 1871 Θεὸς
1612 1810 1645 1859 ὁ
1677 1808 1818 1874 Θεός

256 1902 371 1942 σου
413 1890 631 1944 ἔλαιον
681 1891 1096 1959 ἀγαλλιάσεως
1126 1895 1310 1962 ,παρὰ
1366 1896 1506 1961 τοὺς
1529 1899 1820 1965 μετόχους

257 1990 407 2040 σου;
451 1979 875 2047 Ἀνουπενέγκοι
912 1981 1020 2050 (64)
1064 1983 1119 2035 δέ
1149 2000 1231 2046 τις
1266 1983 1598 2055 (βουλόμενος
1628 1988 1690 2039 ὲκ
1726 1986 1817 2040 τοῦ

257 2066 468 2137 ﬂat-96;
488 2068 559 2121 τὰ
578 2070 639 2121 ἐν
666 2068 746 2138 τῷ
774 2069 972 2140 ψαλμῷ
1008 2072 1457 2145 ἀπαγγέλλεσθαι)
1497 2074 1576 2127 τόδ
1616 2077 1817 2130 Ἀκου-

259 2170 399 2219 σον,
430 2159 712 2225 θύγατερ,
766 2159 865 2210 καὶ
914 2159 1022 2223 ἴδε,
1066 2161 1161 2213 καὶ
1191 2161 1404 2215 κλῖνον
1438 2163 1503 2216 τὸ
1549 2160 1657 2229 οὖς
1682 2179 1816 2231 σου,

259 2248 353 2300 καὶ
380 2248 675 2302 ἐπιλάθου
695 2249 803 2303 τοῦ
828 2251 983 2305 λαοῦ
1010 2268 1144 2316 σου,
1179 2253 1275 2305 καὶ
1305 2252 1409 2308 τοῦ
1438 2257 1661 2322 Πατρός
1682 2272 1816 2310 σου·

255 2337 319 2388 οὗ
366 2337 478 2409 γάρ
521 2339 552 2388 ὁ
590 2336 885 2409 Προφήτης
924 2341 1062 2410 πρὸς
1102 2341 1198 2413 τὴν
1239 2344 1553 2414 Ἐκκλησίαν
1596 2348 1709 2415 ὲρεί
1737 2348 1817 2400 τό⁸

264 2428 574 2488 Ἄκουσον,
609 2428 882 2495 θύγατερ.
916 2430 991 2481 Οὐ
1037 2431 1268 2499 χαλεπὸν
1301 2432 1355 2489 δὲ
1383 2432 1549 2497 δεῖξαι
1587 2435 1680 2486 καὶ
1714 2436 1821 2488 άπὸ

264 2515 460 2584 ἑτέρων
485 2514 739 2586 ψαλμῶν,
771 2518 854 2570 ὅτι
882 2519 1185 2589 προσώπων
1222 2522 1455 2589 γίνονται
1506 2524 1598 2576 ἐπὶ
1644 2524 1820 2578 πλεῖον

263 2602 568 2671 ὲναλλαγαὶ,
604 2604 749 2657 ὥστε
780 2607 875 2657 καὶ
899 2606 1082 2659 ἐνθάδε
1100 2609 1351 2663 δύνασθαι
1368 2612 1471 2664 άπὸ
1499 2611 1821 2678 τοῦ,Ἀκου-

262 2706 391 2757 σον,
418 2695 696 2763 θύγατερ,
730 2697 821 2749 τὸν
845 2698 1061 2768 Πατέρα
1084 2699 1277 2767 λέγειν’
1308 2702 1633 2772 παραοετέον
1662 2705 1717 2758 δὲ
1742 2707 1820 2768 εἰς

262 2782 356 2851 τὴν
387 2785 517 2855 περὶ
543 2786 642 2837 τοῦ
678 2786 844 2854 λόγου
893 2788 1133 2851 ἐξέτασιν
1159 2791 1252 2843 καὶ
1296 2793 1373 2843 τό·
1418 2792 1498 2857 Τῷ
1531 2796 1687 2861 λόγῳ
1714 2795 1819 2848 τοῦ

265 2873 480 2940 Κυρίου
510 2876 565 2926 οἱ
606 2874 856 2941 οἰψανοὶ
899 2876 1360 2944 ἐστερεώθησαν,
1394 2880 1488 2932 καὶ
1526 2878 1603 2944 τῷ
1645 2881 1821 2935 πνεύ-

264 2979 391 3027 ματι
437 2963 547 3016 τοῦ
595 2964 897 3032 στόματος
930 2966 1040 3035 (65)
1077 2968 1261 3020 αὐτοῦ
1311 2967 1477 3023 πᾶσα
1508 2972 1544 3037 ἡ
1575 2970 1820 3039 δύναμις

262 3052 469 3106 αὐτῶν
513 3053 662 3125 άπερ
712 3054 857 3116 τινὲς
896 3053 1148 3124 ἡγοῦνται
1184 3058 1276 3110 ἐπὶ
1322 3059 1414 3113 τοῦ
1445 3060 1687 3129 Σωτῆρος
1726 3077 1794 3113 κα

262 3139 351 3191 τοῦ
388 3141 545 3208 ἁγίου
598 3140 899 3194 τάσσεσθαι
951 3144 1280 3214 Πνεῦματος,
1327 3146 1593 3217 δυνάμενα
1634 3146 1821 3216 δηλοῦν

263 3227 337 3296 τῷ
365 3228 505 3298 λόγῳ
536 3229 679 3282 Θεοῦ
715 3230 843 3292 τοὺς
868 3230 1124 3301 οὐρανοὺς
1153 3233 1526 3303 ὲστερεῶσοαι,
1558 3236 1630 3298 ὡς
1657 3236 1705 3287 εἱ
1733 3234 1822 3288 λέ-

261 3332 443 3385 γοιμεν
470 3317 617 3386 λόγῳ
640 3318 1065 3389 άρχιτεκτονικῷ
1090 3321 1189 3391 τὴν
1208 3322 1400 3384 οἰκίαν,
1428 3323 1520 3376 καὶ
1535 3324 1676 3394 λόγῳ
1691 3340 1818 3378 ναυ-

263 3406 475 3477 πηγικῷ
504 3408 610 3477 τὴν
660 3408 795 3461 ναῦν
841 3410 1139 3477 γεγονέναι,
1185 3412 1353 3475 οὕτως
1384 3409 1475 3466 οὖν
1516 3413 1656 3484 λόγῳ
1690 3412 1821 3468 Θεοῦ

263 3497 381 3559 τοὺς
401 3499 689 3566 οὐρανοὺς,
732 3497 1001 3568 θειοτέρου
1042 3501 1393 3569 τυγχάνοντος
1419 3501 1526 3573 (66)
1559 3501 1818 3572 σώματος,

265 3587 353 3639 καὶ
382 3586 469 3639 διὰ
494 3588 658 3640 τοῦτο
701 3588 1034 3657 καλουμένου
1082 3589 1324 3659 στερεοῦ,
1370 3590 1470 3643 οὐκ
1512 3591 1719 3661 ἔχοντος
1760 3592 1822 3644 τὸ

264 3673 484 3727 immiti:
517 3675 749 3745 ρευστδν
779 3676 874 3728 καὶ
901 3676 1201 3730 εὐδιάλυτον
1218 3678 1324 3731 τῶν
1356 3678 1573 3744 λοιπῶν,
1611 3680 1702 3739 καὶ
1725 3697 1822 3732 κα-

264 3764 475 3833 τωτέρω
517 3765 909 3835 ὲστερεῶσθαι,
959 3768 1051 3819 καὶ
1094 3768 1182 3821 διὰ
1224 3769 1283 3821 τὸ
1323 3770 1570 3838 διάφορον
1601 3772 1822 3842 ἐσχηκέ-

262 3869 346 3906 ναι
369 3853 479 3925 (67)
508 3854 807 3924 ἐξαιρέτως
835 3855 913 3925 τῷ
946 3857 1070 3927 Θείῳ
1104 3859 1265 3928 λόγῳ.
1308 3860 1455 3913 Ἐπεὶ
1485 3857 1575 3915 οῦν
1605 3862 1821 3932 πρόκει-

263 3956 350 3993 ται
393 3942 504 4014 (68)
565 3944 649 4007 τὸ,
705 3945 809 3997 Ἐν
853 3945 1008 4013 ἀρχῇ
1037 3943 1116 4015 ἦν
1151 3950 1185 4000 ὁ
1225 3949 1428 4016 Λόγος,
1463 3950 1643 4020 σαφῶς
1676 3952 1819 4016 ἰδεῖν,

264 4030 400 4101 ἀρχὴ
414 4032 471 4084 δὲ
505 4031 650 4102 μετὰ
674 4035 983 4103 μαρτυριῶν
1006 4035 1113 4088 τῶν
1130 4037 1193 4088 ὲκ
1212 4037 1319 4089 τῶν
1345 4039 1666 4108 Παροιμιῶν
1693 4042 1824 4093 ἀπο-

261 4116 461 4172 δέδοται
493 4121 753 4190 εἰρῆσθαι
771 4125 805 4191 ἡ
836 4123 1014 4190 σοφία,
1042 4124 1134 4175 καὶ
1162 4125 1274 4177 ἔστι
1313 4128 1764 4198 προεπινοουμένη
1789 4130 1821 4199 ἡ

263 4209 417 4274 σοφία
445 4209 541 4261 τοῦ
579 4210 753 4280 αὐτὴν
802 4213 1235 4279 ἀπαγγέλλοντος
1276 4215 1451 4282 λόγου,
1486 4217 1698 4287 νοητέον
1736 4216 1823 4269 τὸν

261 4293 410 4361 λόγον
441 4297 550 4367 (69)
579 4299 639 4349 ὲν
666 4301 734 4367 τῇ
765 4299 928 4368 ἀρχῇ,
956 4300 1204 4352 τουτέστι
1237 4303 1300 4370 τῇ
1343 4302 1520 4372 σοφίᾳ,
1554 4304 1638 4355 ἀεὶ
1665 4298 1821 4368 εἶναι,

258 4355 380 4442 ὄντα
496 4355 556 4439 ἐν
581 4391 647 4457 τῇ
686 4355 1191 4460 σοφέαᾪαλουμὲνῃ
1235 4355 1372 4460 ἀρχῇ
1416 4355 1824 4461 μῆικωλύεσοαι
1855 4355 1897 4408 D

258 4473 392 4531 εἶναι
433 4476 577 4550 πρὸς
612 4476 707 4532 τὸν
746 4476 897 4544 Θεὸν,
959 4478 1052 4533 καὶ
1095 4479 1255 4536 αὐτὸν
1296 4481 1424 4534 Θεὸν
1476 4482 1825 4551 τυγχάνοντα,

258 4568 347 4618 καὶ
374 4568 680 4638 οὐγυμνῶς
709 4567 820 4636 (70)
846 4564 985 4621 εἶναι
1023 4568 1186 4621 αὐτὸν
1224 4568 1356 4637 πρὸς
1391 4568 1481 4621 τὸν
1518 4568 1666 4632 Θεὸν,
1695 4568 1826 4621 ἀλλὰ

257 4655 380 4708 ὄντα
401 4660 460 4710 ὲν
489 4661 557 4728 τῇ
590 4660 734 4729 ἀρχῇ
755 4663 822 4729 τῇ
847 4659 1012 4729 σοφίᾳ
1030 4654 1172 4709 εἶναι
1203 4658 1335 4727 πρὸς
1363 4658 1451 4710 τὸν
1472 4657 1617 4711 Θεόψ
1643 4657 1833 4728 ὲπιφέο

263 4762 336 4814 ρει
356 4747 488 4813 γοῦν
517 4750 613 4802 καί
642 4764 829 4818 φησιν’
852 4745 1047 4812 Οὗτος
1070 4747 1142 4799 ἐν
1166 4746 1319 4813 ἀρχῇ
1347 4742 1493 4814 ,πρὸς
1517 4750 1622 4802 τὸν
1659 4750 1822 4802 Θεόνο

257 4835 475 4890 ἐδύνατο
524 4837 635 4907 γάρ
678 4838 982 4908 εξρηκέναι·
1038 4830 1208 4897 υῦτος
1252 4832 1317 4905 ἦν
1367 4838 1501 4907 πρὸς
1542 4839 1630 4892 τὸν
1678 4839 1825 4892 Θεόν.

1922 1795 2188 1849 Eructarit
2227 1809 2316 1846 cor
2344 1807 2511 1845 meum
2555 1806 2834 1843 sermonem
2861 1790 3069 1851 bonum,
3103 1787 3206 1842 dici
3239 1801 3266 1838 a
3295 1785 3452 1838 Patre

1917 1882 2291 1951 intelligamus.
2343 1880 2626 1933 multorqu
2681 1877 3040 1945 intelligentiae
3086 1876 3443 1930 adhaerentes.

1916 1971 2117 2036 Quibus
2165 1979 2339 2022 tamen
2378 1981 2482 2020 non
2520 1966 2698 2020 statim
2746 1965 3061 2027 cedendum,
3112 1963 3332 2032 perinde
3380 1977 3444 2014 ac

1917 2066 2125 2112 constet
2171 2056 2335 2110 Deum
2393 2053 2508 2107 haec
2557 2054 2858 2106 enumiare.
2920 2050 3097 2115 Quare
3147 2050 3289 2103 enim
3345 2063 3451 2103 non

1917 2146 2180 2214 Propheta
2228 2146 2319 2199 ille
2365 2145 2615 2214 loquatur
2664 2142 2849 2210 plenus
2894 2138 3094 2208 Spiritu
3138 2146 3355 2200 sancto,
3399 2145 3454 2191 et

1917 2234 2150 2302 proferat
2179 2247 2478 2287 sermonem
2526 2232 2721 2285 bonum
2754 2229 3101 2298 pertinentem
3136 2226 3201 2280 ad
3227 2225 3455 2294 pr0plte-

1921 2323 2045 2376 tiam
2082 2323 2148 2375 de
2171 2320 2404 2384 Christo,
2435 2321 2707 2374 continere
2736 2317 2907 2385 ipsum
2952 2329 3060 2368 non
3097 2312 3305 2377 valens,
3346 2312 3454 2365 sci-

1921 2412 2075 2465 licet:
2109 2409 2380 2463 Eructavit
2422 2425 2511 2462 cor
2566 2423 2732 2461 meum
2768 2420 3049 2459 sermonem
3096 2404 3302 2469 bonum,
3336 2402 3452 2454 dico

1923 2517 2016 2569 ego
2039 2515 2194 2566 opera
2224 2514 2339 2552 mea
2371 2498 2477 2566 regi
2498 2513 2518 2550 :
2539 2497 2713 2565 lingua
2746 2510 2857 2547 mea
2883 2494 3118 2546 calamus
3155 2491 3340 2544 scriba:
3369 2506 3453 2543 ve-

1930 2589 2110 2643 lociter
2135 2588 2401 2641 scribentis
2427 2602 2445 2639 :
2471 2584 2744 2654 Speciosus
2777 2584 2943 2651 forma
2981 2596 3090 2649 pra:
3120 2580 3246 2648 ﬁliis
3279 2579 3448 2633 homi-

1918 2694 2040 2731 num
2084 2678 2129 2709 °°
2176 2696 2191 2732 :
2234 2685 2414 2744 postea
2450 2675 2517 2728 ad
2563 2675 2735 2741 ipsum
2778 2671 3048 2726 Christum
3086 2686 3101 2725 :
3145 2669 3349 2738 Ili/fusa
3378 2678 3455 2723 est

1918 2767 2090 2837 gratia
2116 2767 2169 2820 in
2192 2764 2345 2817 labiis
2381 2764 2483 2816 tuis
2505 2763 2545 2794 "
2568 2763 2592 2815 ‘l
2618 2761 2673 2816 Si
2702 2762 2842 2816 enim
2866 2761 2981 2814 haec
3013 2758 3172 2814 Pater
3196 2758 3453 2827 loqueba-

1921 2863 2025 2916 tur,
2061 2852 2327 2921 quomodo
2354 2850 2439 2904 bis
2473 2850 2689 2904 verbis:
2726 2847 2932 2915 Dilfusa
2965 2854 3041 2900 est
3078 2847 3253 2916 gratia
3285 2851 3343 2898 in
3370 2845 3451 2897 la—

1919 2942 2017 2993 biis
2055 2941 2178 3004 luis,
2218 2940 2455 2993 additum
2487 2948 2568 2992 est
2598 2937 2722 2991 illud
2749 2954 2763 2990 :
2809 2937 3080 3003 Propterea
3112 2935 3370 2988 benedixit
3402 2943 3451 2986 te

1797 3023 1887 3112 ΞΟ
1920 3033 2058 3086 Deus
2091 3034 2145 3085 in
2185 3042 2436 3087 wlernum
2482 3030 2565 3093 ⁶²;
2614 3037 2668 3081 et
2708 3037 2826 3096 post
2860 3042 3064 3096 pauca:
3097 3023 3316 3093 Propter
3358 3026 3455 3077 hoc

1923 3123 2071 3176 unxit
2113 3132 2163 3175 te
2196 3121 2333 3174 Deus
2379 3130 2499 3173 tuus
2537 3118 2648 3172 oleo
2689 3117 3050 3171 exsultationis
3087 3130 3194 3183 prae
3238 3115 3457 3182 partici-

1922 3213 2069 3279 pibus
2097 3212 2198 3264 tuis
2246 3211 2337 3263 “7
2382 3208 2578 3264 Verum
2615 3207 2740 3262 illud
2769 3205 2987 3272 objiciet
3029 3202 3219 3270 aliquis
3249 3201 3455 3272 (volens

1922 3305 2036 3359 haec
2063 3302 2247 3372 psalmi
2282 3302 2441 3355 verba
2471 3316 2499 3353 a
2532 3300 2691 3354 Patre
2714 3297 3037 3364 enuntiari):
3065 3294 3220 3357 Audi,
3249 3292 3386 3362 ﬁlia,
3408 3301 3457 3345 et

1925 3396 2060 3457 uide,
2085 3402 2133 3447 et
2160 3392 2353 3446 inclina
2385 3405 2562 3442 aurem
2589 3397 2758 3450 tuam,
2788 3398 2835 3439 et
2870 3385 3167 3438 obliviscere
3204 3380 3455 3449 populum

1925 3492 2093 3544 tuum,
2119 3489 2167 3533 et
2195 3480 2402 3532 domum
2432 3476 2595 3545 patris
2621 3474 2687 3541 “,
2728 3482 2783 3528 et
2828 3473 2968 3526 dicat
3003 3468 3321 3539 Prophetam
3352 3482 3458 3521 non

1924 3591 2088 3645 fuisse
2120 3589 2390 3644 dicturum
2432 3586 2500 3641 ad
2549 3585 2866 3646 Ecclesiam,
2915 3581 3074 3647 Audi,
3101 3582 3236 3650 ﬁlia.
3278 3581 3347 3634 At
3388 3594 3456 3634 ex

1923 3680 2043 3735 aliis
2075 3679 2291 3748 psalmis
2313 3676 2529 3731 diﬂicile
2561 3691 2665 3729 non
2693 3674 2858 3728 fuerit
2887 3674 3171 3728 ostendere
3199 3686 3457 3741 persona-

1926 3785 2041 3822 rum
2073 3769 2380 3837 plerumque
2420 3767 2534 3821 ﬂeri
2569 3765 2989 3826 immutationes.
3032 3771 3090 3818 ut
3118 3764 3184 3818 ab
3213 3778 3276 3817 eo
3314 3763 3455 3828 loco,

1923 3858 2083 3923 Audi,
2116 3857 2252 3924 lilia,
2302 3856 2469 3924 possit
2497 3855 2655 3908 Pater
2703 3853 2868 3920 loqui.
2918 3850 3037 3906 Jam
3069 3852 3459 3920 ‘indagantibus

1927 3947 2080 4000 nobis
2116 3947 2218 3999 vim
2261 3945 2546 4007 sermonis,
2580 3943 2973 4011 adiungendum
3019 3950 3101 3995 est
3125 3942 3281 3994 etiam
3317 3941 3455 3993 hoc:

1927 4034 2174 4089 Sermone
2207 4034 2302 4088 Dei
2339 4035 2453 4088 ειειὲ
2481 4034 2676 4102 ﬁrmati
2718 4041 2856 4095 sunt,
2902 4039 2948 4084 et
2988 4031 3173 4098 spiritu
3204 4031 3313 4081 oris
3345 4029 3459 4097 ejus

1928 4126 2097 4178 omnis
2130 4126 2289 4178 uirtus
2318 4141 2494 4179 eorum
2525 4125 2592 4190 ",
2622 4138 2740 4193 qua:
2780 4122 2996 4191 quidam
3042 4119 3353 4174 existimant
3395 4120 3461 4174 de

1929 4212 2214 4268 Servatore
2248 4222 2302 4268 et
2336 4214 2537 4282 Spiritu
2567 4221 2754 4266 sancto
2786 4211 2954 4278 posita
2986 4223 3125 4272 esse,
3153 4222 3272 4262 cum
3298 4207 3459 4260 etiam

1929 4305 2066 4357 lmuc
2110 4318 2322 4357 sensum
2373 4304 2571 4356 habere
2618 4300 2842 4370 possint,
2889 4299 3063 4353 eteius
3112 4298 3203 4352 Dei
3251 4299 3463 4352 ratione

1931 4392 2166 4446 ﬁrmatos
2199 4391 2382 4452 fuisse,
2407 4405 2510 4443 non
2535 4405 2692 4444 srcus
2725 4405 2788 4443 ac
2820 4389 3043 4442 dicimus
3076 4389 3285 4441 dommn
3329 4386 3461 4440 aedi-

1929 4481 2140 4535 ﬂcatam
2167 4480 2333 4533 fuisse
2372 4477 2575 4531 ratione
2607 4477 2693 4530 illa
2733 4492 2852 4546 quae
2883 4488 2963 4529 est
2995 4490 3084 4529 ars
3129 4474 3462 4528 fabricanda-

1931 4586 2046 4624 rutn
2094 4570 2307 4635 aedium,
2338 4568 2511 4622 navim
2544 4577 2870 4636 compactam
2920 4567 3084 4620 fuisse
3122 4565 3330 4618 ratione
3374 4564 3462 4618 illa

1929 4673 2046 4726 quae
2084 4667 2167 4713 est
2202 4673 2290 4711 ars
2338 4657 2759 4712 fabricandarum
2810 4656 3043 4718 navium,
3085 4654 3163 4708 sic
3194 4652 3351 4706 etiam
3382 4652 3464 4703 di-

1931 4756 2138 4812 centes,
2173 4746 2336 4802 oculos
2378 4747 2468 4800 Dei
2501 4747 2705 4800 ratione
2731 4744 2834 4817 47
2870 4744 3107 4797 firmatos
3140 4741 3327 4803 fuisse,
3370 4740 3461 4806 qui

1935 4837 2166 4890 divinius
2203 4850 2398 4904 corpus
2432 4846 2804 4902 assequuntur,
2847 4833 2988 4901 quod
3036 4831 3199 4884 etiam
3246 4838 3463 4894 propter

267 4924 399 4977 Ἀλλ’
427 4925 625 4995 ὥσπερ
661 4922 730 4994 ἦν
766 4928 826 4977 ὲν
875 4926 1050 4995 ἀρχῇ,
1085 4923 1252 4985 οὕτως
1284 4925 1372 4975 καὶ
1402 4925 1536 4995 πρὸς
1577 4928 1666 4980 τὸν
1700 4927 1818 4979 Gabi

1936 4924 2039 4978 hoc
2094 4924 2479 4978 ﬁrmamentum
2529 4932 2771 4987 vocatur,
2810 4936 2911 4973 non
2950 4920 3152 4972 habens
3180 4913 3462 4981 quamplu-

256 5010 311 5062 ἐν
335 5014 481 5084 ἀρχῇ
511 5010 603 5084 ἦν⁹
636 5016 730 5066 καὶ
761 5012 975 5067 Πάντα
1007 5011 1085 5063 δι’
1111 5011 1290 5063 αὑτοῦ
1314 5012 1562 5080 ἐγένετο,
1588 5016 1733 5079 ὄντος
1774 5019 1818 5069 ei

1934 5016 2124 5069 rimum
2174 5013 2368 5079 ﬂuxus,
2416 5028 2642 5082 eamque
2689 5010 3001 5066 facilitatem
3055 5004 3247 5058 ﬂuendi
3302 5017 3461 5067 quam

322 5122 364 5154 ss
391 5123 574 5178 οοιοε,
609 5138 650 5188 ι,
684 5124 771 5177 15,
850 5120 899 5152 ⁸ο
932 5116 1084 5171 Psal.
1113 5131 1250 5177 λων,
1282 5119 1385 5174 1-5.
1463 5122 1507 5153 ⁶¹
1536 5121 1669 5178 ibid.
1702 5124 1754 5178 5.

1924 5124 2031 5179 bid.
2105 5123 2153 5154 ⁸⁸
2182 5123 2311 5176 ibid.
2387 5122 2433 5152 ⁶¹⁶
2467 5121 2593 5175 ibid.
2625 5120 2708 5174 Η.
2784 5119 2828 5150 ⁸⁸
2852 5117 2989 5172 Psal.
3021 5129 3193 5179 xxx",
3216 5112 3271 5167 6.

320 5233 446 5305 (64)
462 5233 647 5287 Codex
668 5231 1013 5287 Bodleianus
1056 5222 1448 5296 ἀνθυπενέγκοι,
1488 5230 1697 5302 Regius
1742 5234 1818 5288 άν·

2004 5233 2118 5305 (68)
2149 5233 2484 5305 Πρόκειταιε·
2510 5231 2585 5305 l_ta
2608 5239 2777 5305 recte
2799 5230 2957 5305 habet
2997 5230 3163 5283 codex
3214 5224 3463 5279 Bodleia-

265 5297 584 5373 θυῆτεχέθαηε
732 5367 744 5373 -
1031 5356 1181 5373 -ιη-
1241 5361 1253 5373 -
1584 5297 1672 5373 νη
1771 5369 1799 5373 --

1934 5297 2231 5373 ηιιὲηιιηιιε
2250 5313 2375 5351 vero
2392 5297 2575 5373 fdilio
2607 5297 2778 5373 littelii
2806 5298 3140 5373 προσκειται.

326 5369 428 5439 (65)
463 5356 596 5439 'To'ii
628 5367 985 5439 στόματος-ε,
1006 5356 1185 5439 Deest
1214 5361 1287 5439 in
1323 5366 1573 5439 editione
1628 5366 1818 5433 liuetii,

2002 5356 2108 5439 (69)
2149 5367 2357 5435 Λόγον.
2389 5364 2543 5418 Deest
2565 5365 2615 5418 in
2643 5356 3094 5429 editionélluelii,
3143 5360 3235 5414 sed
3286 5369 3468 5437 exstat

262 5424 346 5490 sed
373 5424 553 5491 exalat
583 5437 636 5489 in
668 5424 803 5486 mis.
841 5424 1156 5503 Bodleiano
1174 5437 1225 5478 et
1251 5428 1575 5503 βδςυεισίηο.
1602 5502 1609 5503 ί
1810 5424 1823 5433 ’
1933 5440 1986 5493 in
2006 5424 2142 5491 ‘ms’s.
2239 5424 2251 5435 ’
2318 5499 2340 5503 ᾖ
2430 5497 2480 5503 __
2611 5497 2627 5503 _
2725 5497 2759 5503 _
3081 5424 3091 5429 ’
3348 5434 3349 5437 “

346 5488 431 5574 66)
460 5488 920 5574 Μάνῳτοςεη
932 5488 1233 5574 {fita}???
1249 5495 1378 5574 legit.
1411 5502 1818 5574 Wrxdvomc-

1934 5488 2110 5574 "'(70)
2133 5488 2399 5574 Γυμνῶς.
2425 5497 2516 5555 Sic
2533 5497 2698 5555 codex
2725 5497 3079 5565 Bodleianus;
3115 5499 3279 5556 editio
3322 5501 3464 5556 liue-

344 5555 424 5641 67)’
465 5555 1117 5638 δεὰἱηκέναιζτονὶηυε
1138 5555 1233 5628 legi
1262 5555 1464 5622 volebat
1498 5555 1818 5637 ἐὲτηκέναῖξ

1934 5555 2019 5639 lii,‘
2037 5555 2254 5637 γυμνός.
