3848 6168
580 216 682 272 103
2016 216 2099 272 0R

2016 216 2331 272 ORIGENIS

575 336 767 380 cetera
814 325 1062 380 interiora
1108 341 1121 377 :
1170 332 1389 391 propter
1433 339 1590 392 quam
1643 322 1998 380 diﬂ'erentiam
2044 342 2094 380 at

2134 332 2179 386 Α
2207 329 2269 394 τῇ
2297 327 2452 396 ἀρχῇ·
2482 325 2653 377 πάντα
2684 327 2791 395 γὰρ
2831 329 2885 378 ὲν
2921 327 3082 395 σοφίᾳ
3107 327 3134 377 6
3160 323 3318 384 Θεὸς
3363 317 3530 372 κατὰ
3559 314 3651 367 τὸι

577 416 935 483 ριέδιειιιὶεηι
981 414 1206 466 dicimus
1246 415 1408 467 etiam
1459 415 1650 470 cmlum
1687 416 1882 470 eximie
1924 416 2096 470 divina

2206 416 2441 482 ἐποίησε.
2485 416 2592 466 Καὶ
2619 414 2696 466 ἔτι
2728 417 2804 476 εἰς
2818 416 2878 467 τὸ
2909 411 3343 484 παραδέξασθαι
3378 407 3511 478 (71)
3555 406 3651 458 τὸν

576 503 780 554 ratione
826 502 1034 553 ﬁrmata
1068 500 1248 554 fuisse.
1286 503 1548 566 Quoniam
1601 503 1760 572 igitur
1790 506 2095 570 proponitur

2208 505 2339 556 ἰδίαν
2371 506 2708 573 περιγραφὴν
2741 506 2949 572 ἔχοντα,
2987 500 3097 556 οἷον
3128 502 3525 571 τυγχάνοντα
3587 495 3651 567 Cf

575 603 632 644 ut
662 599 843 657 aperte
864 590 1217 657 intelligamus
1241 592 1340 644 hoc
1365 592 1564 645 dictum
1595 610 1608 645 :
1634 592 1697 645 In
1717 594 1969 660 principio
1990 603 2094 644 erat

2205 595 2410 656 ἑαυτὸν,
2458 593 2670 646 λεκτέον
2707 595 2952 664 καὶπερὶ
2993 594 3322 662 δυνάμεων,
3367 590 3441 642 οὐ
3477 588 3651 658 μόνοι

573 681 758 747 Λόγος
797 681 841 710 ⁸⁸
876 679 1014 748 [hoc
1043 689 1124 732 est
1153 695 1350 742 sermo.
1392 683 1504 737 sive
1535 682 1730 752 ratio],
1786 682 2092 750 principium

2210 701 2368 752 μεως·
2400 682 2538 736 Τάδε
2565 683 2721 751 λέγει
2755 685 2962 750 Κύριος
2990 682 3108 734 τῶν
3135 679 3527 748 δυνάμεων,
3568 694 3647 729 πο

571 784 702 821 vero
732 769 1048 834 sapientiam
1078 771 1180 823 dici
1206 772 1525 838 explicatum
1553 782 1656 835 est,
1681 772 2000 825 testimoniis
2030 786 2090 824 ex

2205 774 2397 834 κεῖται,
2434 771 2659 838 λογικῶν
2691 789 2848 824 τινων
2881 771 3038 823 θείων
3071 769 3230 832 ζώων
3265 769 3601 835 δυνάμεων

569 856 871 911 Proverbiis
905 860 1152 927 sumptis,
1184 861 1661 929 consideraturque
1683 861 1941 929 sapientia
1970 870 2088 914 ante

2200 857 2455 927 ζομὲνων,
2491 853 2563 910 ὧν
2615 860 2647 918 ἡ
2675 859 2923 928 ἀνωτέρω
2956 860 3050 911 καὶ
3097 857 3396 927 κρείττων
3444 855 3648 924 Χριστ

569 959 868 999 sermonem
919 949 1086 1014 ipsam
1122 953 1551 1013 annuntiantem,
1599 951 1954 1019 intelligamus
2000 965 2083 1003 ne-

2197 946 2255 996 οὐ
2286 946 2439 1014 μόνον
2471 948 2626 1014 σοφία
2655 945 2808 1008 Θεοῦ,
2841 947 2974 998 ἀλλά
2997 947 3090 998 καὶ
3112 947 3370 1015 δύναμις
3405 959 3651 1014 προσαγ

565 1049 716 1088 cesse
751 1047 852 1099 est,
895 1052 1191 1092 sermonem
1227 1041 1277 1092 in
1311 1041 1593 1108 principio,
1635 1041 1737 1093 hoc
1767 1048 1850 1092 est
1889 1039 2084 1106 sapien.

2200 1051 2376 1101 μενος·
2402 1034 2587 1104 ὥσπερ
2613 1032 2701 1087 οὖν
2745 1035 3000 1104 δυνάμεις
3039 1035 3174 1087 Θεοῦ
3207 1032 3503 1094 πλείονές
3543 1033 3644 1082 εἰσ

558 1124 659 1186 tia,
693 1139 904 1188 semper
932 1141 1071 1190 esse,
1107 1143 1337 1197 cumque
1378 1131 1448 1183 sit
1478 1131 1528 1181 in
1565 1129 1821 1196 sapientia
1850 1143 1968 1194 qua:
2002 1142 2077 1179 vo-

2198 1123 2397 1191 ἑκάστη
2417 1124 2552 1175 κατὰ
2567 1125 2926 1194 περιγραφὴν,
2944 1120 3017 1177 ὧν
3038 1125 3300 1195 διαφέρει
3334 1124 3368 1173 6
3398 1121 3642 1191 Σωτὴρ,

564 1220 716 1263 catur
741 1212 1081 1281 principium,
1129 1231 1231 1268 non
1271 1218 1538 1284 prohiberi
1573 1231 1692 1270 esse
1731 1215 1868 1284 apud
1909 1216 2083 1280 Deum,

2195 1212 2286 1263 καὶ
2313 1212 2483 1278 λόγος,
2523 1215 2569 1264 εἰ
2599 1215 2684 1265 καῖ
2707 1215 2734 1265 6
2756 1217 2883 1282 παρ’
2913 1216 3041 1284 ἡμῖν
3065 1217 3166 1267 οὐκ
3195 1215 3334 1266 ἔστι
3364 1213 3532 1266 κατά
3563 1230 3638 1263 πε

562 1311 683 1349 cum
729 1299 799 1353 sit
838 1302 1002 1354 etiam
1035 1307 1146 1370 ipse
1183 1305 1358 1358 Deus:
1393 1321 1489 1358 nec
1531 1305 1667 1372 apud
1699 1303 1858 1356 Deum
1894 1303 2081 1369 simpli-

2197 1301 2298 1370 φὴν
2319 1301 2656 1371 ὲκτὺςήμῶν,
2675 1302 2991 1372 νοηθήσεται
3019 1304 3046 1354 6
3078 1303 3332 1374 Χριστὸς
3358 1302 3462 1354 διὰ
3491 1301 3573 1354 τὰ
3603 1321 3647 1353 π

562 1388 696 1439 citcr
730 1399 811 1441 est
865 1391 1002 1456 ipse,
1038 1394 1127 1444 sed
1161 1394 1422 1446 exsistens
1459 1395 1507 1445 in
1539 1392 1800 1460 principio
1835 1392 2081 1460 (similitel

2195 1389 2454 1458 τασμένα,
2488 1391 2544 1440 ὲν
2559 1391 2696 1460 ἀρχῇ
2725 1394 2789 1460 τῇ
2816 1391 2976 1460 σοφίᾳ
3004 1392 3100 1462 τὴν
3123 1391 3464 1444 ὑπόστασιν
3493 1390 3651 1458 ἔχων

561 1477 818 1542 sapientia
863 1479 926 1546 ⁸⁷)
963 1489 1040 1533 est
1089 1481 1224 1548 apud
1273 1482 1432 1533 Deum
1467 1497 1483 1544 ;
1518 1481 1788 1548 subiungit
1827 1479 1966 1534 enim
1991 1519 2006 1542 ,
2043 1493 2080 1530 el

2196 1495 2263 1528 τα
2291 1481 2420 1546 ἡμῖν
2454 1479 2544 1530 ἐπὶ
2575 1479 2665 1530 τοῦ
2714 1479 2977 1551 παρόντος
3009 1479 3242 1549 ἀρκέσει
3277 1482 3372 1542 εἰς
3409 1478 3501 1531 τόο
3551 1481 3651 1530 Ἐν

565 1565 774 1633 inQuit:
815 1566 914 1619 llic
943 1579 1050 1620 erat
1083 1570 1136 1621 in
1171 1570 1419 1635 principio
1460 1570 1596 1634 apud
1646 1569 1830 1622 Deum.
1875 1568 2093 1621 Poterat
2124 1567 2163 1618 Β
2194 1563 2269 1634 ἦν
2291 1570 2322 1618 ό
2359 1568 2564 1634 Λόγος.

561 1655 702 1706 enim
753 1656 972 1710 dicere:
1010 1657 1105 1709 llie
1147 1669 1262 1710 erat
1301 1658 1438 1724 apud
1488 1658 1670 1710 Deum.
1720 1655 1822 1709 Sed
1859 1656 2301 1720 quemadmodum
2335 1664 2452 1706 erat
2498 1657 2547 1705 in
2596 1655 2877 1722 principio,
2929 1655 3008 1709 sic
3038 1665 3094 1710 et
3141 1655 3295 1724 apud
3351 1654 3547 1707 Deum
3584 1653 3643 1707 in

559 1741 698 1809 cipio
730 1753 885 1808 erat;
915 1755 962 1796 et
992 1747 1165 1798 omnia
1195 1761 1284 1812 per
1304 1748 1471 1814 ipsum
1501 1747 1635 1812 facta
1664 1756 1781 1797 sunt
1812 1744 1879 1807 °',
1910 1747 2252 1797 exsistentem
2286 1744 2337 1794 in
2366 1744 2630 1812 principio
2657 1761 2671 1809 ;
2707 1729 2887 1800 omnia
2922 1747 3064 1799 enim
3095 1747 3242 1800 Deus
3275 1746 3470 1815 (teste
3506 1744 3651 1797 Davi

563 1834 614 1886 in
646 1837 904 1904 sapientia
931 1838 1078 1893 fecit.
1113 1841 1191 1894 Ad
1227 1841 1338 1893 hac
1370 1849 1428 1893 ut
1467 1840 1826 1906 intelligamus
1857 1839 2172 1893 Sermonem
2205 1839 2472 1907 propriam
2516 1838 2713 1892 habere
2774 1838 3215 1905 inscriptionem,
3273 1837 3453 1891 velut
3500 1841 3610 1904 qui

559 1939 654 1991 per
691 1940 747 1979 se
774 1939 1111 1994 assequatur,
1144 1930 1420 1981 dicendum
1448 1929 1609 1981 etiam
1640 1937 1721 1981 est
1751 1929 1816 1981 de
1855 1931 2124 1996 potentiis,
2176 1944 2280 1982 non
2327 1929 2392 1981 de
2436 1929 2697 1996 potentia.
2745 1925 2874 1980 Ηιιιε
2915 1928 3044 1978 dicit
3085 1926 3366 1980 Dominus
3416 1929 3652 1995 potenti.

559 2017 740 2071 multis
766 2019 818 2071 in
848 2019 978 2072 locis
1017 2020 1254 2087 ponitur,
1285 2019 1496 2072 nomine
1526 2021 1884 2084 potentiarum
1919 2019 2202 2072 intellectis
2230 2017 2545 2086 quibusdam
2570 2017 2763 2070 divinis
2809 2017 3200 2080 animantibus,
3237 2031 3379 2086 qua:
3417 2018 3652 2070 rationi:

559 2109 802 2175 capacia,
831 2109 1020 2173 quibus
1051 2110 1290 2177 superior
1317 2119 1370 2162 et
1396 2108 1729 2176 praestantior
1754 2107 2000 2162 Christus
2023 2115 2126 2170 est,
2160 2122 2263 2160 non
2295 2116 2494 2159 tantum
2527 2106 2788 2173 sapientia
2829 2105 2941 2170 Dei,
2967 2107 3060 2158 sed
3092 2106 3264 2159 etiam
3301 2110 3576 2174 potentia
3618 2108 3651 2158 d

558 2196 632 2251 Ut
661 2199 838 2265 igitur
881 2200 1105 2251 virtutes
1131 2199 1430 2266 complures
1464 2207 1610 2260 sunt,
1661 2212 1885 2265 quarum
1933 2197 2154 2265 singula:
2191 2197 2602 2274 descriptionem
2642 2196 2862 2260 habent,
2895 2197 3096 2265 quibus
3141 2195 3342 2250 diﬂ‘ert
3390 2196 3651 2251 Servate

557 2288 717 2341 etiam
750 2289 777 2338 6
809 2288 976 2354 Λόγος
1011 2286 1085 2358 [id
1116 2298 1198 2341 est
1231 2289 1318 2342 ille
1351 2289 1518 2343 Filius
1550 2289 1660 2351 Dei,
1693 2288 1778 2341 illa
1800 2287 1971 2357 'ratio]
2008 2286 2189 2357 (etiam
2223 2287 2268 2341 si
2299 2287 2388 2339 illa
2437 2287 2589 2349 ratio,
2623 2302 2742 2355 qua:
2787 2289 2836 2340 in
2875 2287 3028 2339 nobis
3057 2297 3164 2350 est,
3195 2301 3314 2341 non
3344 2287 3568 2340 habeat
3599 2289 3652 2340 dt

557 2379 792 2447 ptionem
825 2389 972 2432 extra
1010 2381 1128 2448 nos)
1169 2381 1492 2449 intelligetur
1538 2381 1801 2443 Christus,
1838 2381 1987 2448 juxta
2018 2395 2078 2433 ea
2109 2395 2224 2447 qua:
2257 2390 2410 2432 antea
2452 2379 2836 2446 indagavimus,
2868 2379 3202 2448 hypostasim
3265 2381 3502 2435 habens
3552 2381 3612 2435 in

557 2473 720 2540 cipio,
751 2474 852 2527 hoc
885 2484 967 2528 est
999 2475 1050 2528 iu
1078 2475 1360 2544 sapientia.
1399 2475 1505 2529 Sed
1537 2477 1794 2528 hactenus
1827 2475 1892 2527 de
1919 2487 1983 2526 eo
2009 2474 2147 2540 quod
2177 2481 2282 2537 est,
2311 2470 2376 2524 In
2405 2473 2658 2540 principio
2687 2482 2795 2524 erat
2830 2471 3036 2526 Sermo.

1613 2903 1615 2906 ,
1691 2775 2616 2906 ΩΡΙΓΕΝΟΥΣ

1155 2987 1287 3040 ΤΩΝ
1319 2989 1444 3040 ΕΙΣ
1485 2987 1561 3038 ῚῸ
1598 2987 1783 3039 ΚΑΤΑ
1820 2981 2150 3038 ΙΩΑΝΝΙΙΝ
2177 2981 2657 3035 ΕΥΑΓΓΕΛΙΟΝ
2688 2982 3164 3038 ΕΞΙΙΓΗΤΙΚΩΝ

1871 3104 2248 3189 ΤΟΜΟΣ
2319 3103 2428 3186 B'.

1754 3373 2540 3486 ORIGENIS

969 3549 1689 3614 EXPLANATIONUM
1725 3549 1825 3612 IN
1857 3545 2416 3610 EVANGELIUM
2444 3547 2894 3611 SECUNDUM
2931 3550 3360 3616 JOANNEM

1851 3681 2248 3772 TOMUS
2304 3684 2432 3768 ll.

625 3972 734 4042 [‘8
762 3972 808 4023 1.
837 3987 854 4019 ι
877 3968 942 4021 Ει
965 3966 1179 4020 verbum
1209 3972 1321 4016 erat
1350 3959 1487 4030 apud
1516 3961 1699 4019 Deum,
1729 3969 1783 4012 et
1804 3959 1942 4012 Deus
1968 3969 2081 4013 erat
2110 3978 2144 4033 ρ

2111 3978 2151 4033 C
2260 3971 2309 4022 1.
2351 3989 2370 4021 ι
2400 3972 2507 4023 Kal.
2529 3973 2557 4023 6
2585 3973 2751 4040 Λόγος
2784 3970 2854 4045 ἦν
2888 3981 3026 4049 πρὸς
3062 3984 3156 4036 τὸν
3181 3985 3338 4049 Θεὸν,
3372 3991 3470 4040 καὶ
3495 3989 3630 4051 Θεὸς

560 4058 866 4116 Verbum".
887 4074 904 4106 ›
930 4055 1068 4108 Satis
1093 4069 1188 4121 pro
1208 4049 1631 4113 viribusnostris,
1650 4063 1802 4101 sacer
1815 4047 2077 4117 Ambrosi,

2191 4061 2358 4128 Λόγος
2388 4060 2516 4129 (72).
2549 4082 2566 4112 ι
2609 4065 2906 4136 Αὐτάρκως
2934 4047 3078 4124 κατά
3099 4074 3197 4144 τὴν
3215 4047 3506 4148 παροῦσαν
3529 4047 3645 4130 esch

565 4152 811 4215 idemque
841 4146 1008 4199 frater
1034 4143 1327 4211 Evangelia
1368 4145 1672 4206 conformis,
1701 4159 1822 4199 cum
1861 4149 2084 4202 antehac

2185 4151 2294 4218 ἱερὲ
2328 4149 2517 4218 ἀδελφὲ
2568 4152 2876 4222 ’Λμϐρόσιε,
2907 4161 3001 4211 καὶ
3029 4143 3172 4214 κατά
3203 4165 3263 4216 τὸ
3295 4143 3637 4236 Εὐαγγέλιον

560 4237 975 4289 disseruerimus
1016 4237 1144 4303 quid
1186 4237 1255 4289 sit
1284 4234 1643 4301 Evangelium,
1687 4243 1742 4288 et
1789 4238 1928 4304 quod
1959 4253 2079 4306 qua-

2187 4239 2521 4309 μορφωμένε,
2563 4241 2618 4291 ὲν
2643 4246 2752 4306 τοῖς
2795 4246 2900 4316 πρὸ
2920 4248 3124 4301 τούτων
3147 4234 3506 4318 διαλαϐόντες
3540 4255 3592 4306 τί
3635 4255 3643 4304 ἑ

558 4325 674 4377 leve
713 4325 1055 4391 principium,
1079 4325 1129 4375 in
1155 4338 1258 4390 quo
1293 4332 1404 4376 erat
1433 4323 1640 4388 Sermo,
1671 4334 1725 4376 et
1747 4327 1990 4391 quisnam
2018 4329 2077 4381 sil

2183 4325 2526 4392 Εὑαγγέλιον,
2551 4332 2646 4382 καὶ
2675 4333 2815 4402 τίςή
2847 4336 3011 4407 ἀρχὴ,
3049 4341 3106 4390 ὲν
3209 4337 3279 4411 ἦν
3310 4347 3342 4396 6
3381 4346 3578 4412 Λόγος,
3610 4361 3638 4394 τ

559 4411 647 4465 ille
695 4411 885 4466 Sermo
942 4412 1029 4478 qui
1079 4421 1196 4463 erat
1254 4411 1304 4463 in
1361 4410 1642 4480 principio.
1689 4412 2078 4482 Consequenter

2180 4413 2207 4462 6
2239 4412 2406 4478 Λόγος
2436 4415 2539 4502 όὲν
2568 4418 2735 4488 ἀρχῇ,
2765 4423 3069 4488 ἀκολούθως
3096 4410 3190 4480 νῦν
3214 4410 3635 4502 ἐπισκοποῦμεν

555 4517 698 4556 nunc
729 4503 1130 4558 consideremus
1162 4517 1390 4570 quonam
1429 4511 1582 4571 pacto
1613 4504 1801 4556 Sermo
1845 4505 1932 4559 ille
1974 4520 2074 4560 cra‘

2183 4503 2210 4554 6
2244 4502 2412 4570 Λόγος
2438 4500 2505 4574 ἦν
2534 4508 2666 4577 πρὸς
2701 4511 2795 4563 τὸν
2818 4512 2967 4566 Θεὸν.
3001 4516 3290 4587 Χρήσιμον
3321 4523 3508 4575 τοίνυν
3538 4500 3640 4572 συν

553 4594 692 4662 apud
727 4594 910 4649 Deum.
957 4595 1092 4664 Ergo
1143 4595 1271 4648 utile
1309 4595 1412 4648 erit
1455 4593 1521 4646 ad
1567 4593 1668 4648 hoc
1714 4595 2072 4663 explicandum

2186 4593 2300 4658 γείν
2329 4595 2406 4655 εἰς
2427 4595 2580 4649 τοῦτο
2600 4596 2774 4667 ’λόγον
2801 4603 3292 4677 ἀναγεγραμμένον
3317 4613 3611 4681 γεγονέναι.

551 4682 796 4752 colligere
820 4697 1118 4737 sermonem
1169 4685 1256 4752 qui
1301 4683 1531 4751 scriptus
1572 4692 1655 4736 est
1697 4683 1892 4736 factum
1921 4681 2070 4737 fuissv

2187 4696 2352 4745 τινας·
2396 4681 2522 4738 οἷον·
2560 4705 2578 4738 ι
2625 4689 2792 4758 Λόγος
2821 4694 3024 4764 Κυρίου
3055 4696 3114 4759 ὃς
3144 4699 3396 4772 ἐγενήθη
3439 4703 3575 4772 πρὸς
3620 4701 3641 4751 ’t

555 4771 622 4824 ad
655 4773 933 4840 quosdam.
965 4769 1123 4827 Verbi
1171 4773 1338 4841 gratia
1367 4791 1380 4826 :
1409 4790 1428 4825 ι
1467 4773 1656 4828 Sermo
1682 4771 1887 4824 Domini
1918 4769 2074 4842 factus

2301 4773 2393 4862 τοῦ
2431 4775 2649 4846 Βεηρεί·
2688 4800 2705 4831 ι
2749 4783 2858 4848 καὶ,
2897 4802 2914 4834 ι
2968 4785 3026 4837 '0
3054 4787 3210 4855 λόγος
3242 4792 3271 4842 6
3299 4769 3605 4862 γενόμενος

551 4871 634 4915 est
673 4861 738 4914 ad
767 4861 900 4916 Osee
931 4861 1095 4914 tilium
1144 4860 1292 4914 Beeri
1317 4861 1404 4925 τις
1443 4877 1462 4912 ι
1507 4869 1582 4922 et,
1628 4877 1644 4908 ι
1676 4857 1864 4912 Sermo
1914 4856 2070 4909 factm

2197 4859 2416 4946 ᾝσαῖαν
2462 4865 2581 4920 υἱὸν
2631 4869 2828 4939 ’Λμὼς,
2863 4875 2990 4944 περὶ
3015 4876 3115 4946 τῆς
3179 4856 3471 4946 Ἰουδαίας,
3521 4883 3611 4936 καὶ

552 4959 634 5002 est
663 4950 725 5000 ad
765 4949 974 5012 Isaiam,
1002 4949 1167 5004 tilium
1209 4952 1395 5013 Amos,
1425 4948 1490 5003 de
1518 4946 1724 5008 Judaaa,
1749 4955 1802 5000 et
1831 4945 1894 4998 de
1928 4942 2071 4998 Jeru-

2196 4945 2572 5044 :lepouea)d)g.-
2624 4977 2641 5010 ι
2699 4963 2811 5025 καὶ,
2855 4981 2874 5013 ι
2924 4942 2982 5016 'D
3022 4942 3179 5034 λόγος
3219 4971 3249 5021 6
3287 4942 3586 5044 γενόμενος
3634 4989 3639 5002 ¹

551 5037 736 5100 ﬁdem.
767 5040 813 5069 "
842 5059 860 5091 ι
887 5052 961 5106 et,
997 5061 1013 5092 ι
1052 5042 1241 5096 Sermo
1292 5041 1460 5093 factus
1487 5049 1570 5093 est
1596 5041 1659 5091 ad
1684 5035 1970 5092 Jcremiam
2019 5035 2070 5086 ιιι

2196 5033 2456 5106 Ἱερεμίαν
2484 5048 2611 5117 περὶ
2638 5048 2735 5119 τῆς
2757 5051 3034 5123 ἀϐροχίας.
3069 5033 3241 5123 »Πῶς
3262 5033 3358 5116 06v
3381 5033 3535 5131 λόγος
3565 5062 3639 5113 Κυ

621 5164 666 5197 ⁸⁸
691 5163 846 5220 Joan.
879 5181 918 5232 ι,
950 5170 996 5221 1.
1072 5173 1112 5202 ⁸⁷
1147 5172 1271 5224 ibid.
1307 5171 1361 5223 2.
1439 5169 1482 5199 ⁸⁸
1513 5169 1640 5222 ibid.
1692 5168 1744 5223 5.
1821 5168 1864 5199 ‘°
1893 5165 2032 5220 Psal.
2059 5180 2140 5219 Clll

2097 5179 2172 5229 ιιι,
2199 5168 2286 5224 24.
2363 5174 2416 5205 τ’
2449 5180 2599 5235 Joan.
2631 5198 2669 5248 ι,
2701 5183 2752 5235 1.
2786 5219 2792 5226 -
2831 5184 2873 5214 ⁷⁸
2902 5186 3026 5242 Ose.
3065 5205 3105 5254 ι,
3137 5189 3188 5244 1.
3268 5194 3314 5223 ⁷⁸
3341 5193 3474 5250 lsai.
3504 5192 3616 5258 1,1-

590 5297 731 5396 1112
755 5298 1685 5396 5235323351messae:
1705 5303 2088 5396 Ofe-amt-
2188 5301 2462 5396 92:5.th
2479 5313 2770 5396 ,σξιξικεισιν
2805 5317 2940 5396 ερὲς
2967 5320 3064 5396 τὰς
3087 5322 3311 5396 λργικάς
3335 5325 3594 5396 δυνάμεις
3635 5357 3637 5364 ι

553 5369 728 5464 ginem
755 5369 954 5464 codicis
989 5369 1399 5464 lfaz‘berinithc
1439 5374 1751 5464 legniitur‘:
1804 5371 2072 5464 Φξυαρεῖξε

1802 5371 2087 5464 Mss;
2188 5369 2590 5464 δέιειιιέηάιλξ
2613 5369 2782 5464 ἑῦτυές
2812 5369 3321 5464 venissest;

559 5427 752 5499 μάταιε
785 5435 1038 5503 αἱρετικέ.
1062 5435 1189 5493 Θεὸς
1226 5437 1332 5504 γὰρ
1384 5427 1589 5508 κυανῆν
1637 5441 1742 5500 ἀεὶ,
1792 5439 1886 5492 καὶ
1927 5427 2078 5499 αὑτός

559 5504 696 5536 ἐντι-νυ
718 5503 746 5536 δι
773 5503 922 5536 πρηθείη
944 5519 956 5531 ο
987 5503 1081 5536 Λιίν
1113 5502 1236 5536 sn.
1269 5507 1298 5536 ,τι
1338 5508 1487 5536 ...ματη
1524 5509 1610 5536 ..-ι
1645 5509 1798 5536 ...·,->.-
1833 5510 1888 5536 ι..
1928 5509 2055 5536 ...’....·.ι

2190 5427 2795 5536 ηἰζῃξηῐζίᾶῑὸεῖςηῆἱ
2816 5427 3462 5526 blaesum
3491 5465 3542 5518 in
3567 5473 3637 5514 cor

555 5504 696 5553 ἐστιν
718 5503 748 5570 ὴ
773 5502 924 5568 σοφία
944 5519 956 5531 ο
987 5503 1084 5554 οὐκ
1112 5502 1238 5571 ἄλλη
1269 5502 1312 5573 ἡ“
1338 5508 1490 5574 σοφία
1524 5502 1615 5560 καὶ
1643 5509 1798 5573 αὐτὸς
1833 5510 1888 5559 ἐν
1927 5509 2074 5576 αὐτῇ.

987 5503 1084 5554 οὐκ
1112 5502 1238 5571 ἄλλη
1269 5502 1312 5573 ἡ“
1338 5508 1490 5574 σοφία
1524 5502 1615 5560 καὶ
1643 5509 1798 5573 αὐτὸς
1833 5510 1888 5559 ἐν
1927 5509 2080 5576 αὐτῇ.
2190 5502 2485 5564 Bodleiano.
