3848 6186
303 323 398 377 I05
688 381 729 383 η
1422 315 1769 373 COMMENT.
1813 313 1875 368 ΙΝ
1911 312 2103 371 JOAN.
2143 313 2377 371 TOMUS
2407 314 2470 370 II.
3409 325 3511 383 19;;

305 407 504 477 ὶγενὴθη
528 393 650 470 πρδς
686 381 909 477 ἀφιὲν
946 400 1060 453 καὶ
1115 405 1146 457 ό
1186 403 1339 467 λόγος
1378 407 1523 459 ἐστὶν
1549 410 1577 460 6
1601 406 1824 476 γενόμεν

1990 404 2220 459 siccitate
2238 405 2382 458 "4‘.
2414 422 2432 455 1
2468 404 2740 470 Quomodo
2756 419 2884 474 ergo
2905 422 3081 466 sermo
3103 412 3311 469 Domini
3337 414 3509 471 factus

315 474 447 561 1:96;
469 474 661 544 Ἦσαῐαν
682 560 697 568 Α
718 474 857 568 υίξν
907 483 1133 556 Ἀμῶς,
1178 493 1270 546 καὶ
1307 493 1465 546 πάλιν
1501 496 1530 546 ό
1563 474 1834 567 λόγοςήπρί

1991 501 2064 547 εει
2099 492 2165 545 ad
2188 494 2380 547 Oseatn
2414 501 2468 547 et
2499 507 2678 548 sermo
2716 496 2784 548 ad
2830 494 3021 553 Isaiam
3056 501 3216 555 lilium
3239 505 3425 568 Amos,
3457 516 3510 559 et

329 560 564 648 Ἱερεμίαν
591 560 714 633 περὶ
760 565 887 636 τῆς
936 574 1232 649 ἀϐροχίας,
1266 560 1673 651 ὲπισκοπητέον,
1706 585 1770 636 ἶν’
1796 560 1848 636 ’ὼ

1990 593 2171 634 rursus
2210 579 2278 634 ad
2320 577 2604 634 Jercmiam
2638 583 2705 636 de
2752 583 3017 653 siccitate,
3062 591 3509 650 considerandum

323 665 674 734 παρακείμενον
700 653 766 706 εὑ
776 660 1031 732 ρεθῆναι
1059 667 1258 739 δυνηθῇ
1286 669 1401 733 πῶς
1421 673 1449 724 6
1476 672 1642 739 Λόγος
1670 668 1842 744 ἦν’πρί

1991 677 2084 733 εει,
2118 669 2304 734 utsic,
2349 670 2637 724 collatione
2679 671 2851 738 facta,
2892 675 3115 733 inveniri
3164 681 3329 748 possit
3374 699 3510 752 qun-

321 750 411 803 τὸν
444 753 583 806 Θεόν.
616 750 669 802 '0
695 746 803 816 μὲν
836 748 945 805 οὖν
996 757 1167 822 πολὺς
1209 760 1565 832 ἁπλούστερον
1597 763 1840 833 ὲκλήψετι

1992 773 2102 813 nam
2154 769 2310 828 pacto
2362 760 2549 814 Sermo
2608 759 2695 814 ille
2745 771 2861 817 erat
2912 766 3048 834 apud
3103 746 3290 825 Deum.
3340 746 3511 843 Atque

325 840 389 892 τὰ
421 841 541 911 περὶ
570 840 662 892 τῶν
694 844 1014 911 προφητῶν
1054 849 1338 918 εἰρημένα,
1365 853 1441 915 ὼς
1470 853 1625 920 λόγου
1659 854 1844 925 Κυρίοι

1990 848 2222 916 equidem
2274 847 2460 918 vulgus
2501 849 2796 917 simplicius
2853 866 3084 922 exponet
3132 840 3509 926 prophetarum

324 928 356 997 ἢ
401 929 492 982 τοῦ
527 930 671 997 λόγου
699 932 1013 1002 γενομένου
1052 938 1187 1007 πρὸς
1217 938 1429 1002 αὐτούς.
1460 942 1681 1012 Μήποτε
1717 944 1774 997 δὲ
1806 944 1843 996 ὦ

1991 934 2139 997 dicta,
2189 934 2352 988 veluti
2406 949 2654 990 sermone
2689 938 2922 1004 Domini,
2962 942 3042 996 vel
3077 958 3323 998 sermone
3366 946 3510 1002 facto

323 1034 500 1087 φαμεν
531 1020 671 1073 τόνδε
707 1020 835 1074 τινὰ
864 1023 1009 1092 πρὸς
1049 1027 1197 1080 τόνδε
1235 1029 1492 1096 γίνεσθαι,
1531 1030 1700 1095 οὕτως
1739 1032 1842 1086 όνῦ

1991 1023 2041 1076 1d
2077 1024 2235 1092 ipsos.
2273 1023 2350 1077 Tu
2392 1040 2518 1080 vero
2563 1027 2703 1093 vide,
2748 1045 2815 1084 ne
2861 1030 2997 1085 forte
3020 1040 3077 1085 ut
3113 1036 3339 1091 dicimus
3371 1038 3510 1093 hunc

323 1101 723 1176 θεολογούμενος
752 1106 891 1171 Υἱὸς
921 1112 1093 1179 Λόγος
1123 1114 1347 1186 ἐγενήθη
1380 1117 1515 1189 πρὸς
1553 1118 1726 1189 Ὠσηὲ,
1750 1121 1842 1172 ἀπε

1988 1112 2040 1164 ιιι
2081 1114 2222 1166 hunc
2260 1113 2394 1177 ﬁeri,
2447 1115 2525 1169 sic
2567 1117 2753 1183 etiam_‘
2772 1134 2913 1173 nunc
2957 1135 2985 1172 a
3026 1123 3179 1178 nobis
3210 1125 3507 1198 theologica

321 1193 533 1257 σταλεὶς
562 1196 665 1247 ὑπὸ
705 1194 798 1249 τοῦ
828 1198 1049 1269 Πατρὸς
1088 1202 1221 1273 πρὸς
1260 1204 1436 1257 αὐτόν·
1469 1207 1606 1258 κατὰ
1639 1207 1734 1277 μὲν
1780 1209 1840 1282 τὴ

1987 1202 2348 1257 consideratus
2382 1203 2568 1272 Filius,
2605 1219 2782 1263 sermo
2829 1208 3001 1263 factus
3046 1211 3119 1264 sit
3165 1212 3230 1266 ad
3280 1193 3506 1281 Oscam,

317 1282 557 1354 ἱστορίαν
583 1286 714 1355 πρὸς
752 1288 845 1341 τὸν
881 1291 999 1343 υἱὸν
1024 1292 1117 1344 τοῦ
1147 1294 1338 1364 Βεηρεὶ
1382 1297 1660 1367 προφήτην
1702 1299 1836 1367 Ὠσηλ

1988 1289 2171 1343 missus
2203 1290 2269 1344 ad
2298 1291 2470 1360 ipsum
2500 1309 2529 1346 a
2561 1292 2722 1348 Patre
2750 1311 2764 1348 :
2795 1297 2935 1363 quod
2972 1298 3036 1351 ad
3071 1298 3348 1356 historiam
3383 1305 3507 1372 qui-

317 1373 461 1425 κατὰ
492 1373 548 1426 δὲ
575 1377 837 1445 μυστικὸν
872 1379 1031 1447 λόγον
1064 1381 1199 1452 πρὸς
1235 1382 1323 1436 τὸν
1350 1381 1653 1453 Σωζόμενον
1688 1385 1836 1457 (Ὠση

1986 1380 2094 1432 dem
2142 1381 2354 1445 attinet,
2399 1384 2465 1436 ad
2518 1387 2827 1451 prophetam
2881 1385 3073 1442 Oscam
3121 1389 3286 1445 tilium
3334 1392 3505 1457 Beeri,

311 1460 423 1531 γάρ
465 1463 825 1534 ἑρμηνεύεται
867 1468 1198 1538 σωζὸμενος
1224 1468 1375 1545 [75])
1414 1474 1525 1525 υἱὸν
1564 1476 1774 1546 Βεηρεὶ,
1818 1478 1830 1528 ί

1980 1473 2229 1531 quantum
2279 1481 2405 1521 vero
2454 1470 2520 1521 ad
2573 1472 2850 1539 mysticam
2885 1474 3172 1545 rationem,
3209 1479 3273 1532 ad
3309 1478 3499 1535 Serva-

309 1551 675 1620 ἑρμηνεύεται
717 1554 979 1624 φρέατα·
1023 1559 1205 1629 πηγῆς
1245 1561 1353 1633 γὰρ
1395 1565 1458 1615 ὲκ
1510 1562 1700 1632 βάθους
1749 1566 1828 1617 ἀνι

1987 1563 2082 1602 Lum
2117 1553 2297 1621 (sonat
2337 1555 2478 1633 enim
2508 1554 2694 1620 Oseas,
2728 1559 2773 1613 si
2821 1559 3212 1630 interpreteris,
3257 1574 3506 1634 servatus)

306 1635 733 1712 σλυσταινούσης
767 1644 960 1712 σοφίας
989 1645 1143 1712 Θεοῦ,
1163 1647 1389 1711 ἕκαστος
1418 1650 1523 1702 τῶν
1557 1650 1825 1720 σωζόμενα

1986 1638 2137 1693 lilium
2170 1640 2345 1719 Beeri,
2376 1658 2492 1711 qua:
2524 1660 2627 1700 vox
2655 1657 2836 1716 puteos
2870 1661 3026 1706 sonat
3059 1668 3075 1707 :
3107 1652 3336 1710 eﬂicitur
3363 1659 3505 1714 enint

307 1727 423 1792 υίὸς
434 1729 661 1797 γίνεται.
686 1733 797 1785 Καὶ
808 1733 960 1786 οὐδὲν
980 1733 1284 1805 θαυμαστὸν
1307 1736 1475 1801 οὕτως
1494 1739 1606 1792 υἱὸν
1627 1740 1826 1811 φρεάτιι

1985 1727 2206 1795 quilibet
2241 1745 2425 1785 eorum
2453 1736 2542 1802 qui
2576 1747 2878 1803 servantur,
2898 1742 3042 1807 putei
3075 1741 3236 1808 ﬁlius,
3263 1747 3389 1814 quia
3420 1762 3504 1801 sa.

304 1812 443 1870 εἶναι
471 1819 564 1871 τὸν
606 1820 767 1886 ἆγιον
798 1822 907 1874 ἀπὸ
941 1822 1048 1876 τῶν
1086 1823 1578 1896 ἀνδραγαθημάτων
1608 1827 1823 1899 πολλαχι

1985 1816 2166 1870 )icntia
2198 1818 2291 1871 Dei
2331 1834 2393 1874 ex
2421 1823 2687 1890 profundo
2732 1829 2980 1882 scaturit.
3011 1829 3120 1886 Nec
3154 1812 3346 1888 mirum
3375 1851 3504 1892 sane

304 1905 419 1957 υἱὸν
445 1907 871 1977 ὀνομαζόμενον,
908 1910 1058 1980 παρὰ
1087 1912 1183 1980 μὲν
1216 1913 1277 1965 τὸ
1302 1914 1534 1984 λάμπειν
1588 1915 1750 1969 αὐτοῦ
1803 1934 1823 1969 1

1984 1915 2048 1957 est
2074 1914 2351 1972 puteorum
2384 1909 2553 1964 lilium
2583 1913 2662 1968 sic
2687 1927 2803 1971 esse
2831 1925 3100 1984 sanctum,
3132 1922 3220 1989 qui
3255 1938 3319 1977 ex
3368 1932 3503 1979 stre-

301 1995 439 2063 ἔργα
477 1996 792 2069 ἔμπροσθεν
846 2001 954 2054 τῶν
993 2001 1309 2072 ἀνθρώπων,
1371 2005 1577 2072 φωτός·
1628 2007 1773 2077 παρὰ
1811 2008 1820 2055 t‘

1983 2008 2069 2048 rue
2112 1992 2268 2050 faelis
2317 1996 2632 2069 frequenter
2682 2003 2822 2059 (ilius
2877 2008 3186 2064 nominatur
3233 2028 3249 2064 :
3304 2014 3502 2069 idcirco

301 2081 362 2135 τὸ
394 2082 537 2153 ἔχειν
592 2086 696 2154 τὴν
746 2089 993 2158 εἰρήνην»
1025 2090 1117 2142 τοῦ
1171 2090 1304 2145 Θεοῦ
1350 2092 1447 2162 τὴν
1504 2093 1820 2167 ὑπερέχουσα

1982 2084 2175 2150 pridem
2203 2087 2327 2154 quia
2354 2088 2565 2144 luceant
2580 2107 2741 2161 opera
2759 2093 2878 2161 eius
2901 2112 3084 2152 coram
3105 2100 3413 2158 hominibus
3433 2105 3501 2168 ”.

303 2172 480 2226 πάντα
509 2175 660 2240 νοῦν,
697 2177 941 2246 εἰρήνης’
983 2177 1062 2231 ἔτι
1088 2179 1145 2232 δὲ
1179 2179 1266 2233 διά
1295 2180 1390 2251 τὴν
1419 2182 1526 2235 ἀπὸ
1553 2183 1649 2254 τῆς
1680 2184 1822 2251 σοφία

1981 2169 2107 2224 ilius
2152 2172 2286 2227 lucis
2328 2188 2664 2247 nuncupatus
2704 2199 2719 2235 :
2754 2184 2878 2252 quia
2914 2200 3044 2241 vero
3085 2188 3277 2243 habent
3318 2205 3500 2260 pacem

298 2259 588 2329 ὠφέλειαν,
627 2265 822 2319 τέκνον
869 2270 1078 2335 σοφίαςο
1131 2287 1149 2319 ι
1216 2269 1533 2340 Ἐδικαιώθη
1585 2271 1713 2340 γάρ,
1761 2290 1817 2340 φτ

1982 2257 2082 2324 )ei,
2115 2274 2525 2331 exsuperantem
2560 2282 2774 2325 onmem
2806 2274 3210 2345 intelligentiam
3244 2256 3333 2345 ν’,
3363 2282 3501 2337 filius

301 2347 410 2411 σὶν,
458 2352 492 2420 ἡ
540 2352 707 2420 σοφία
749 2354 857 2407 ἀπὸ
890 2354 998 2409 τῶν
1029 2355 1229 2410 τέκνων
1267 2360 1454 2428 αὐτῆς.
1497 2378 1516 2411 1
1554 2360 1736 2424 Οὕτως
1776 2359 1820 2416 οἰ

1982 2351 2124 2414 pacis
2150 2368 2165 2405 :
2199 2362 2359 2422 atque
2386 2354 2548 2409 etiam
2579 2367 2799 2428 propter
2822 2362 3098 2430 sapientiae
3127 2364 3412 2421 utilitatem
3441 2369 3501 2421 li-

300 2439 330 2488 6
375 2439 552 2493 πάντα
588 2442 828 2510 ἐρευνῶν
868 2444 995 2514 θείῳ
1034 2446 1303 2517 Πνεῦματι
1344 2449 1435 2501 καὶ
1486 2449 1553 2502 τὰ
1589 2449 1722 2522 βάθη
1772 2468 1819 2503 τι

2011 2454 2068 2492 us
2091 2439 2399 2508 sapientiae:
2426 2460 2447 2494 ι
2468 2442 2765 2500 Justiticata
2790 2457 2871 2502 est
2889 2451 3052 2513 enim,
3077 2452 3268 2522 inquit,
3292 2457 3501 2525 sapien—
3526 2512 3530 2517 .

299 2528 452 2594 Θεοῦ,
485 2531 632 2586 ὥστε
662 2532 1106 2602 ἀποφθέγξασθαι
1133 2537 1322 2605 αὐτόν·
1360 2556 1379 2589 ι
1415 2540 1476 2590 Ὢ
1510 2540 1667 2609 βάθος
1706 2540 1818 2595 πλοι

1980 2527 2035 2581 .ia
2056 2543 2085 2581 a
2106 2528 2228 2584 llliis
2243 2530 2356 2585 suis
2388 2532 2454 2587 7‘.
2482 2553 2502 2585 1
2537 2533 2691 2589 Hunc
2711 2533 3183 2605 igiturin'modum
3219 2543 3306 2598 ille
3338 2546 3499 2601 etiam

299 2633 392 2672 του
432 2621 530 2674 καὶ
568 2621 765 2690 σοφίας
816 2624 911 2676 καὶ
951 2624 1200 2692 γνώσεως
1224 2626 1395 2679 Θεοῦί
1434 2647 1453 2680 1
1485 2627 1702 2682 δύναται
1729 2628 1818 2686 civ:

1981 2615 2052 2683 lui
2099 2615 2209 2686 49
2257 2619 2433 2674 divino
2492 2620 2688 2690 Spiritu
2730 2627 2911 2679 omnia
2942 2627 3201 2695 profunda
3241 2631 3333 2686 Dei
3382 2650 3500 2701 per-

302 2710 545 2779 φρεάτων
607 2712 748 2776 υἱὸς,
788 2713 925 2784 πρὸς
979 2713 1038 2767 ὃν
1085 2715 1114 2767 6
1164 2714 1318 2783 λόγος
1373 2716 1573 2787 Κυρίου
1635 2719 1817 2786 γίνετα

1979 2716 2253 2771 scrutatur,
2297 2716 2356 2764 ut
2389 2709 2560 2779 eloqui
2585 2713 2754 2781 possit
2784 2730 2797 2766 :
2830 2714 2909 2771 «Ο
2932 2716 3256 2782 profunditas
3287 2722 3498 2777 divitia-

311 2797 536 2868 Ὁμοίως
564 2799 727 2869 λόγος
758 2802 853 2854 καὶ
898 2802 1032 2872 πρὸς
1074 2803 1296 2857 Ἡσαΐαν
1345 2804 1558 2875 ἔρχεται
1603 2806 1830 2861 διδάσκω

1980 2808 2107 2858 rum,
2123 2804 2177 2849 et
2195 2797 2487 2867 sapientiae,
2512 2811 2563 2855 et
2593 2804 2912 2871 cognitionis
2934 2805 3025 2861 Dei
3058 2809 3125 2872 ⁷⁸,
3146 2826 3166 2860 1
3188 2819 3361 2878 potest
3380 2828 3499 2869 esse

299 2884 366 2938 τὰ
401 2888 457 2939 ὲν
494 2888 760 2957 ἐσχάταις
808 2889 1038 2960 ἡμέραις
1078 2892 1493 2962 ἀπαντησόμενα
1532 2896 1596 2964 τῇ
1639 2896 1818 2949 Ἰουδαί

1978 2892 2241 2938 Juteorum
2292 2885 2455 2952 filius,
2500 2890 2566 2944 ad
2611 2906 2767 2959 quem
2809 2908 2986 2948 sermo
3013 2897 3105 2950 fiat
3143 2900 3371 2954 Domini.
3406 2905 3497 2959 Sic

302 2975 391 3027 καὶ
441 2976 804 3049 Ἰερουσαλήμ
825 2995 839 3009 ⁸
888 2979 1144 3043 ὡσαύτως
1184 2981 1242 3035 δὲ
1285 2982 1379 3035 καὶ
1415 2984 1548 3053 πρὸς
1598 2985 1821 3056 Ἰερεμία

1978 2986 2139 3027 sermo
2169 2974 2331 3029 etiam
2360 2976 2426 3031 ad
2456 2975 2642 3031 Isaiam
2669 2980 2814 3034 venit
2837 2981 3034 3038 docens
3061 2999 3178 3052 quae
3210 2987 3263 3041 iu
3296 2990 3497 3046 ultimis

302 3063 421 3137 θείῳ
448 3029 818 3139 μτεωρισέᾦ
1224 3029 1600 3144 (ἐρμηνειξεται
1639 3029 1821 3147 γὲρΓιιε

2405 3029 2414 3031 ,
2461 3029 2497 3031 ,_
2842 3029 3033 3038 ην-.-
3064 3029 3177 3052 η-..
3297 3029 3493 3046 ...ηηηε

1974 3059 2153 3116 diebus
2173 3073 2427 3117 eventura
2458 3076 2613 3119 erant
2641 3078 2752 3121 tum
2778 3068 2997 3136 Judzeze,
3028 3081 3137 3127 tum
3161 3075 3451 3133 Jerusalem
3478 3097 3493 3133 :

300 3157 614 3225 τεωρισμὸς
641 3157 767 3211 ’Ῑαώ
791 3153 955 3230 [74].)
995 3160 1149 3215 Ἀλλὰ
1173 3161 1309 3232 πρὸς
1351 3162 1449 3232 μὲν
1485 3164 1609 3226 τοὺς
1651 3165 1819 3236 ἀνθρὰ

1976 3148 2149 3202 eodem
2191 3151 2348 3205 modo
2382 3160 2436 3205 et
2465 3152 2529 3207 ad
2571 3151 2856 3209 Jeremiam
2899 3160 3077 3213 divina
3125 3162 3356 3220 elatione
3386 3167 3495 3220 ela-

300 3261 445 3308 πους,
476 3246 747 3317 πρότερον
777 3247 837 3299 οὐ
868 3248 1172 3319 χωροῦντας
1194 3250 1291 3321 τὴν
1316 3250 1409 3304 τοῦ
1439 3251 1567 3304 Υίοῦ
1596 3253 1689 3305 τοῦ
1726 3254 1819 3307 Θεο

1984 3252 2068 3290 um
2128 3236 2269 3308 (nam
2330 3240 2709 3310 interpretatur
2739 3244 2894 3299 elatio
2937 3247 3075 3319 Jac).
3124 3251 3229 3306 Sed
3278 3255 3344 3308 ad
3396 3256 3494 3310 bo-

298 3332 463 3400 Λόγου
522 3337 887 3406 τυγχάνοντος
936 3338 1224 3408 ἐπιδημίαν
1249 3379 1265 3404 ,
1320 3341 1350 3393 6
1396 3341 1565 3409 Λόγος
1617 3343 1817 3410 γίνεται

1974 3324 2130 3381 niues
2168 3328 2413 3396 quidem,
2462 3331 2550 3398 qui
2595 3332 2741 3400 prius
2796 3348 3022 3403 capaces
3051 3354 3154 3394 non
3200 3354 3360 3398 erant
3400 3353 3493 3400 ad-

299 3421 425 3491 πρὸς
452 3422 508 3476 δὲ
539 3424 636 3477 τὸν
676 3424 813 3477 Θεὸν
845 3426 906 3477 οὐ
945 3427 1185 3494 γίνεται,
1227 3428 1302 3490 ὡς
1343 3427 1600 3499 πρότερον
1644 3432 1744 3484 οὐκ
1783 3431 1818 3485 ὢ

1974 3448 2145 3493 ientus
2174 3438 2294 3493 Filii
2350 3439 2465 3504 Dei,
2515 3442 2606 3509 qui
2647 3453 2731 3498 est
2781 3444 2991 3512 Sermo,
3043 3450 3103 3505 tit
3157 3467 3371 3524 sermo;
3427 3461 3493 3515 ad

297 3516 423 3585 πρὸς
445 3518 629 3572 αὐτόν’
665 3521 819 3590 παρά
866 3520 924 3573 δὲ
965 3521 1025 3574 τὸ
1063 3524 1148 3576 ἀεὶ
1176 3527 1411 3580 συνεῖναι
1447 3524 1525 3593 τῷ
1552 3527 1741 3595 Πατρὶ,
1768 3528 1816 3582 λέ

1972 3528 2118 3580 )eum
2145 3527 2277 3584 vero
2312 3544 2416 3584 non
2447 3532 2525 3599 tit,
2567 3535 2720 3602 quasi
2744 3538 2834 3605 qui
2867 3548 3023 3593 antea
3062 3556 3168 3597 non
3205 3516 3491 3606 exsisteret

295 3620 440 3671 γεται
462 3624 477 3638 ’
507 3628 527 3661 ι
566 3609 683 3663 Καὶ
719 3612 749 3663 ό
792 3610 964 3678 Λόγος
992 3607 1060 3681 ἧν
1105 3612 1239 3682 πρὸς
1269 3613 1358 3665 τὸν
1398 3614 1527 3667 Θεόν
1550 3632 1563 3645 ’
1607 3634 1627 3667 1
1659 3618 1719 3669 οὑ
1748 3618 1814 3684 γά

1972 3617 2092 3683 ιριιιι
2119 3618 2313 3686 ipsum,
2341 3621 2435 3674 sed
2458 3635 2521 3674 eo
2548 3624 2690 3689 quod
2716 3624 2784 3677 sit
2808 3639 3022 3695 semper
3047 3643 3166 3684 cum
3199 3632 3377 3700 Patre,
3405 3638 3491 3692 di-

295 3697 497 3764 ὲγένετο
518 3701 657 3771 πρὸς
678 3700 774 3754 τὸν
795 3701 946 3766 Θεὸν,
964 3704 1056 3756 καὶ
1078 3703 1270 3757 ταυτὸν
1315 3704 1464 3774 ῥῆμα
1505 3704 1565 3758 τὸ
1589 3724 1607 3755 ι
1630 3702 1739 3776 ἦνξι
1761 3725 1814 3760 τε

1970 3702 2094 3754 :itur
2125 3718 2138 3754 :
2173 3720 2193 3754 ι
2227 3703 2294 3757 Et
2320 3705 2510 3760 Sermo
2540 3716 2660 3760 erat
2690 3712 2826 3781 apud
2851 3709 3014 3766 Deum
3046 3712 3120 3780 ης
3163 3735 3181 3767 1
3210 3735 3315 3774 non
3344 3697 3489 3778 enim

295 3781 459 3849 Λόγου
484 3788 910 3856 κατηγορεῖται,
954 3789 1034 3841 ὅτι
1071 3790 1128 3840 ὲν
1173 3791 1312 3859 ἀρχῇ
1341 3786 1408 3858 ἦν
1446 3790 1541 3843 καὶ
1575 3792 1664 3845 ὅτε
1719 3794 1814 3863 πρὸ

1968 3790 2124 3845 iactus
2147 3801 2229 3847 est
2252 3795 2392 3863 apud
2423 3795 2612 3864 Deum,
2635 3806 2689 3851 et
2736 3800 2874 3853 idem
2904 3804 3122 3858 verbum
3160 3823 3180 3858 ι
3216 3819 3334 3863 erat
3361 3830 3382 3863 1
3423 3815 3487 3867 de

292 3869 376 3922 τὸν
395 3872 526 3926 Θεὸν
552 3870 624 3944 ἦν
648 3914 665 3937 ,
699 3873 826 3928 οὔτε
865 3877 963 3946 τῆς
986 3878 1158 3949 ἀρχῆς
1195 3879 1554 3949 χωριζόμενος
1573 3918 1589 3942 ,
1611 3881 1732 3934 οὔτε
1760 3899 1811 3935 το

1965 3877 2206 3935 Sermone
2250 3884 2586 3951 praedicatur,
2632 3887 2881 3955 quoniam
2935 3890 2986 3944 in
3057 3895 3320 3963 principio
3368 3910 3484 3954 erat

292 3959 495 4033 Πατρός
520 3964 981 4036 ἀπολειπόμενος’
1022 3970 1114 4021 καὶ
1154 3968 1312 4051 πάλιν
1344 3968 1465 4022 οὔτε
1511 3970 1616 4023 ἀπὸ
1641 3971 1732 4025 τοῦ
1774 3990 1811 4042 μ

1965 3970 2107 4022 aliam
2135 3978 2243 4023 tum
2267 3985 2387 4028 cum
2410 3975 2549 4041 apud
2580 3972 2747 4028 Deum
2774 3986 2910 4041 erat,
2943 3959 3115 4047 neque
3165 3997 3194 4035 a
3223 3959 3484 4056 principio

291 4042 417 4101 εἶναι
462 4052 520 4104 ὲν
563 4052 710 4122 ἀρχῇ
756 4054 1036 4122 γινόμενος
1066 4057 1122 4108 ὲν
1162 4042 1330 4125 ἀρχῇ,
1360 4056 1481 4109 οὔτε
1519 4058 1626 4110 ἀπὸ
1652 4058 1742 4111 τοῦ
1778 4077 1810 4129 μ

1965 4064 2245 4123 separatus,
2282 4072 2450 4127 neque
2496 4059 2711 4115 Patrem
2754 4062 3009 4120 deserens
3027 4042 3061 4117 ⁷ι
3091 4077 3148 4121 et
3176 4042 3359 4127 rursus
3396 4042 3484 4129 ite-

290 4140 564 4208 τυγχάνειν
595 4141 737 4211 πρὸς
764 4143 856 4195 τὸν
881 4143 1011 4197 Θεὸν
1037 4146 1127 4197 ἐπὶ
1154 4144 1233 4219 τῷ
1259 4146 1393 4216 πρὸς
1433 4146 1523 4199 τὸν
1554 4147 1683 4200 Θεὸν
1713 4145 1809 4202 sive

1962 4158 2054 4211 me
2076 4160 2141 4200 eo
2165 4147 2307 4214 quod
2342 4162 2449 4202 non
2479 4149 2551 4204 sit
2578 4149 2630 4203 in
2659 4150 2920 4219 principio
2967 4154 3160 4223 factus,
3196 4158 3249 4213 in
3275 4162 3481 4228 princi-

290 4226 558 4296 γινόμενος
582 4245 598 4258 ·
629 4229 739 4299 πρὸ
766 4227 876 4298 γὰρ
904 4231 1104 4294 παντὸς
1137 4233 1322 4302 χρόνου
1378 4234 1470 4287 καὶ
1514 4234 1706 4299 αἰῶνος
1736 4255 1754 4287 ι
1792 4239 1809 4289 ἐ

2005 4247 2060 4296 o,
2093 4247 2263 4301 neque
2306 4250 2371 4290 eo
2417 4237 2558 4305 quod
2591 4253 2693 4293 non
2722 4239 2793 4293 sit
2834 4239 2973 4308 apud
3003 4243 3192 4310 Deum,
3223 4226 3394 4303 factus
3425 4260 3485 4304 ut
3514 4268 3520 4275 ‘

288 4315 420 4384 ἀρχῇ
448 4312 518 4386 ἦν
561 4319 591 4370 ό
627 4318 824 4385 Λόγος,
858 4318 953 4370 καὶ
981 4321 1009 4372 6
1038 4319 1210 4387 Λόγος
1240 4316 1307 4391 ἦν
1350 4322 1484 4392 πρὸς
1516 4323 1606 4375 τὸν
1636 4324 1784 4378 Θεόν.

1961 4332 2089 4376 asset
2117 4325 2252 4392 apud
2280 4325 2440 4379 Deum
2475 4338 2640 4383 :ante
2679 4342 2838 4385 omne
2865 4333 3007 4385 enim
3047 4342 3254 4404 tempus
3300 4347 3355 4392 et
3383 4355 3480 4394 sa:-

298 4401 443 4456 Ἐπεὶ
472 4405 655 4459 τοίνυν
682 4408 764 4469 εις
792 4405 1008 4476 εὕρεσιν
1037 4407 1149 4471 τοῦ,
1185 4426 1204 4458 ι
1239 4410 1347 4462 Καὶ
1375 4412 1403 4462 ό
1425 4410 1592 4478 Λόγος
1619 4407 1686 4481 ἦν
1711 4414 1817 4483 πρὸ

1961 4411 2147 4474 culum,
2189 4429 2209 4463 ι
2260 4413 2310 4466 in
2345 4415 2607 4484 principio
2637 4427 2758 4471 erat
2793 4417 3007 4486 Sermo,
3044 4429 3101 4476 et
3150 4401 3338 4479 Sermo
3366 4440 3480 4484 erat

286 4490 372 4546 τὸν
390 4493 541 4560 Θεὸν,
581 4514 602 4546 1
630 4494 982 4565 παρεθέμεθα
1013 4495 1183 4559 λέξεις
1209 4498 1564 4577 προφητιριὰς,
1597 4500 1711 4563 πῶς
1733 4502 1805 4568 ὲγι

1960 4500 2085 4567 apud
2117 4500 2304 4556 Deum.
2343 4520 2364 4555 1
2399 4504 2660 4570 Quoniam
2696 4507 2853 4574 igitur
2877 4518 2935 4562 ut
2966 4510 3326 4569 inveniremus
3358 4531 3479 4570 seu-

286 4598 400 4634 νετο
428 4585 564 4654 πρὸς
604 4585 785 4654 Ὠσηὲ,
815 4586 911 4638 καὶ
951 4585 1171 4639 Ἡσαΐαν
1192 4626 1208 4651 ,
1239 4587 1331 4639 καὶ
1364 4588 1645 4677 Ἰερεμίαν,
1705 4607 1805 4660 παρ

1959 4603 2064 4643 tum
2088 4591 2368 4645 verborum
2401 4593 2627 4660 illorum,
2680 4613 2699 4647 ι
2735 4605 2791 4649 et
2832 4596 3022 4652 Sermo
3066 4600 3153 4656 ille
3179 4613 3295 4655 erat
3339 4606 3478 4677 apud

283 4672 626 4742 ετηρήσαμὲν
654 4689 717 4725 τε
735 4673 795 4724 οὐ
816 4673 917 4742 τὴν
939 4674 1201 4742 τυχοῦσαν
1230 4675 1489 4760 διαφοράν
1513 4676 1626 4741 τοῦ,
1669 4695 1687 4727 ι
1724 4680 1802 4745 ὲγε

1954 4677 2129 4744 Deum,
2165 4697 2185 4732 1
2225 4682 2566 4751 apposuimus
2612 4687 2777 4740 verba
2823 4688 3165 4756 prophetica,
3211 4672 3473 4760 quomodo

281 4757 413 4830 νήθη
442 4778 461 4811 1
482 4761 575 4812 καὶ
626 4778 647 4811 ι
680 4760 899 4828 ἐγένετο
922 4778 941 4810 1
981 4761 1115 4831 πρὸς
1155 4762 1215 4815 τὸ
1236 4782 1253 4813 ι
1273 4758 1362 4832 ἦν,
1384 4782 1403 4814 1
1446 4765 1800 4835 upooo'qootw

1954 4766 2120 4823 lactus
2155 4768 2225 4823 sit
2273 4784 2452 4827 sermo
2476 4775 2542 4826 ad
2601 4774 2813 4840 Oscam,
2867 4785 2924 4830 et
2976 4777 3189 4843 Isaiam,
3228 4757 3473 4833 etlere-

344 4874 465 4909 ’ίοεσ
490 4874 697 4932 Jerem.
729 4892 842 4939 xiv,
866 4877 923 4930 1.
995 4876 1246 4931 “Matth.
1275 4892 1330 4942 v,
1356 4879 1444 4932 Hi.
1515 4881 1561 4912 ⁷⁸
1594 4880 1783 4948 Philip.
1808 4898 1860 4936 tv

1949 4920 1964 4936 .
2036 4884 2082 4915 ⁷¹
2113 4884 2302 4942 Matth.
2328 4903 2405 4954 ιι,
2437 4888 2522 4945 19.
2598 4890 2644 4922 ⁷⁸
2673 4889 2825 4945 Item.
2859 4907 2933 4955 ιι,
2956 4890 3044 4945 35.
3118 4893 3382 4958 ".loan.t,
3416 4893 3468 4950 ι.

343 4986 459 5055 (ῖδ)
511 4988 692 5069 Ὠσηὲ
717 4989 1238 5074 meismeis“!
1272 4988 1603 5074 Σφξόμειτξςο
1631 5001 1739 5074 μου
1791 4993 1835 5047 Α

1952 5003 2078 5074 πῇ..
2110 4999 2247 5074 quod
2307 4998 2583 5074 Samaritae
2639 5000 2988 5074 per_"’_Ia6o_tI,
3046 5000 3305 5074 Eusebius
3373 5021 3471 5074 per

277 5061 415 5137 Vm,
439 5061 688 5121 servavit,
720 5061 780 5112 tit
806 5062 983 5137 νιν-Π,
1006 5058 1163 5118 Osce,
1205 5060 1343 5124 quod
1391 5058 1834 5128 signiﬁcationem
1947 5058 2526 5157 :Isu'tbiTlteodgteftts
2557 5058 3472 5157 ‘pekiaiizutlirieeiﬁveteres

277 5131 506 5199 activam
535 5147 778 5211 postulat
800 5131 981 5213 potius
1004 5162 1163 5219 quam
1189 5146 1473 5219 passivam.
1500 5149 1679 5219 Bson:
1708 5163 1796 5202 ver

1949 5131 2070 5219 ’Iau'i
2110 5131 2768 5219 exprimebant.nl\:otuttt_
2799 5136 2923 5219 illud
2977 5138 3235 5206 Apollinis
3300 5131 3468 5199 enim

274 5224 379 5273 est.
409 5200 574 5283 rud,
613 5229 646 5267 a
846 5200 1055 5283 ραιειιξ.
1099 5200 1636 5283 Ἀνόιόλυστανούσης,
1668 5200 1793 5283 ique

1248 5200 1636 5283 ῑλυστανούσης,
1668 5200 1832 5283 ηιίδί]
1934 5201 2071 5265 apud
2107 5200 2426 5254 Macrobiqu
2456 5218 2473 5255 ι
2503 5200 2722 5256 Saturn.
2753 5215 2767 5250 :

273 5282 542 5361 sequitur,
589 5293 803 5361 rectum
827 5280 957 5361 last.
999 5280 1251 5361 IIesych.,
1286 5280 1792 5361 éyamuoydivetv'xc

2003 5285 2212 5354 Φράζεο
2237 5286 2351 5340 τῶν
2384 5287 2620 5343 πάντων
2650 5288 2878 5342 ὕπατον
2916 5291 3053 5345 θεὸν
3075 5293 3259 5361 ἔμμεν
3295 5295 3432 5351 Ἰαὼ.

272 5348 589 5408 ἀναϐλύσαι.
619 5351 798 5419 Quam
827 5348 1079 5419 Hesyclni
1105 5348 1293 5401 'vocem
1322 5349 1590 5403 immerito
1617 5365 1791 5419 suspet

274 5415 1505 5553 ⁸⁴⁸⁸ἱ²ίῧ³δὲ>ῗξτῗε³έὲῗὶὲῗίέέῗῖἓῗὲωρισμδί
1527 5483 1660 5536 ταώ.
1698 5484 1827 5553 Haec
1931 5465 2064 5553 ,Υὲάε
2098 5462 2653 5553 ηενεξξτξέίιχρρεε-
2692 5463 3271 5553 β;,ἐ¹ίιξεοηνιιεῖοηι.οεηι
3317 5471 3389 5553 ".-
3416 5485 3470 5553 ρ·

269 5533 753 5618 Ρτόὲιγνίῆ-σῶὦξ
768 5533 836 5601 'c’,
874 5533 1826 5606 Ferhm'mméﬁ'5;"pélli6,,ii';;:
1931 5533 2392 5618 gi,:—-heilttionis
2448 5544 2646 5589 nostrae
2695 5545 2823 5588 tom.
2858 5533 2935 5600 II,
2975 5536 3079 5591 col.
3111 5537 3239 5603 εδδ,
3278 5548 3387 5592 not.
3420 5545 3470 5589 ε.

269 5600 738 5690 ἱιᾶιῖΐιιξεῖ-ιῖἧῖξ
753 5600 1027 5668 πλε-ηε
1050 5600 1330 5675 ese-tmarii
1362 5600 1788 5685 ἶεὶ-ίέξιδιίεξῖ

763 5600 1027 5668 leuamus
1050 5600 1330 5675 esuwmv
1362 5600 1826 5685 ἶεῆ-ίέξιδῄεξξι
1931 5600 2084 5654 Ευιτ.
2120 5600 2282 5655 ΡΑτιι.

577 5710 870 5767 Ρλτιιοι.
923 5702 1035 5761 (in.
1083 5703 1237 5764 XIV.
3133 5713 3170 5770 l1
