3848 6172
498 298 601 356 107

1941 295 2253 355 ΟΒΙΟΕΝΙΞ

499 414 681 472 miam,
713 408 1209 474 observavimusque
1235 420 1337 460 non
1371 419 1557 475 parum
1587 405 1798 462 differre
1827 424 1844 458 ι
1873 407 1974 462 fuit
2005 427 2020 460 ι

2129 409 2285 462 ὄτιὲν
2319 408 2414 477 μὲν
2456 409 2532 478 τῷ
2561 408 2694 479 πρὸς
2721 409 2845 471 τοὺς
2888 409 3172 480 προφήτας
3213 406 3512 477 γίνεσθαι
3558 420 3664 473 (ge

495 512 550 556 et
583 521 600 553 ι
637 501 806 555 factus
849 509 928 552 est
971 515 990 549 ι
1024 511 1054 550 a
1108 497 1268 550 verbo
1302 515 1320 548 ι
1366 507 1500 562 erat,
1540 515 1558 549 ι
1593 499 1868 562 addemus,
1903 500 2028 552 dum

497 593 564 645 ad
610 591 890 660 praphetas
920 600 1094 640 sermo
1127 584 1202 650 fit,
1236 585 1546 640 Sermonem
1584 587 1867 656 pr0pltetas
1905 588 2026 641 illu-

497 691 671 735 strare
721 678 837 731 luce
887 676 1231 744 cognitionis,
1302 675 1584 730 facientem
1611 690 1724 740 eos,
1779 685 2025 744 tanquam

495 783 672 823 coram
723 767 979 830 videntes,
1004 779 1065 818 ea
1125 764 1308 818 videre
1341 781 1458 834 qua:
1492 780 1596 818 non
1638 765 2024 828 intellexerant,

492 865 774 923 antequam
831 855 983 907 fieret
1011 853 1076 906 ad
1115 867 1206 907 eos
1240 867 1418 906 sermo
1479 853 1624 921 ipse;
1678 854 1813 920 apud
1866 854 2025 906 Deum

491 958 617 998 vero
643 943 806 998 Deum
834 956 972 1005 esse,
997 956 1059 994 ex
1089 956 1152 994 eo
1187 942 1324 1009 quod
1353 942 1422 995 sit
1461 942 1596 1007 apud
1631 941 1819 1008 ipsum.
1847 940 2027 1008 Itaque

491 1033 718 1086 fortasse
747 1031 904 1085 talem
930 1029 1210 1098 quemdam
1241 1028 1480 1082 ordinem
1531 1029 1750 1081 intuitus
1797 1026 2028 1080 Joannes

491 1123 542 1175 in
572 1136 816 1176 sermone
864 1136 968 1174 non
1015 1119 1320 1187 prarposuit,
1355 1135 1373 1168 ι
1408 1119 1546 1172 Deus
1587 1128 1703 1172 erat
1759 1105 1965 1184 Sermo,
2002 1137 2020 1169 ι

491 1213 594 1266 illis
625 1211 821 1272 verbis,
876 1227 894 1259 ι
936 1209 1122 1263 Sermo
1150 1216 1264 1262 erat
1289 1209 1426 1275 apud
1463 1208 1651 1267 Deum.
1686 1227 1703 1258 ι
1741 1206 1867 1260 nihil
1897 1207 2027 1259 alin-

487 1303 599 1370 qui,
632 1300 770 1368 quod
807 1299 872 1351 ad
907 1298 1300 1352 enuntiationes
1358 1294 1567 1357 attinet,
1609 1295 1855 1348 obfutura
1887 1295 2026 1348 serie

489 1391 554 1443 ad
610 1389 1002 1457 intelligendam
1059 1389 1162 1439 vim
1217 1399 1456 1439 seorsum
1521 1384 1877 1452 cujuscunque
1907 1399 2025 1450 pro-

422 1479 428 1485 ’
487 1479 718 1532 nuntiati
752 1495 765 1530 :
821 1491 980 1529 unum
1036 1491 1268 1540 namque
1316 1475 1719 1542 pronuntiatum
1750 1481 1828 1525 est
1863 1488 1878 1524 :
1917 1489 1934 1522 ι
1969 1470 2026 1524 In

483 1569 743 1637 principio
771 1577 888 1620 erat
922 1567 1010 1620 ille
1038 1565 1264 1626 Sermo;
1301 1583 1318 1615 ι
1351 1565 1575 1618 alterum
1615 1579 1628 1614 :
1661 1581 1678 1613 ι
1710 1562 1799 1616 llle
1839 1561 2027 1616 Sermo

483 1670 597 1715 erat
626 1659 762 1728 apud
792 1658 978 1719 Deum,
1008 1676 1026 1710 ι
1056 1669 1108 1710 ει
1137 1657 1384 1726 deinceps
1413 1673 1428 1709 :
1463 1674 1480 1706 ι
1517 1655 1576 1708 Ει
1615 1655 1751 1708 Deus
1788 1661 1903 1706 erat
1935 1651 2024 1705 ille

2128 499 2250 560 τοὺς
2277 499 2552 568 προφήτας
2577 499 2652 568 τῷ
2678 501 2814 571 φωτὶ
2844 501 2939 568 τῆς
2972 499 3253 566 γνώσεως,
3290 499 3509 551 ποιῶν
3606 513 3664 546 α

2129 585 2220 638 ἆτε
2254 587 2551 656 ἔμπροσθεν
2584 587 2876 656 βλέποντας
2901 590 3029 657 όρᾷν
3057 588 3093 641 ἃ
3128 588 3238 658 πρὸ
3265 585 3453 640 αὑτοῦ
3531 585 3639 638 οὗ

2129 676 2342 728 ενόουν⁶
2405 676 2538 747 πρὸς
2587 677 2642 730 δὲ
2693 677 2782 730 τὸν
2829 677 2960 730 Θεὸν
2983 679 3043 730 τὸ
3074 678 3210 740 Θεός
3273 679 3392 729 ἐστι
3444 691 3664 743 τυγ)

2127 763 2232 816 ἀπὸ
2255 763 2346 816 τοῦ
2392 761 2528 818 εἶναι
2566 765 2700 836 πρὸς
2740 767 2916 819 αὐτόν.
2950 767 3060 818 Kal
3103 768 3248 836 τάχα
3290 765 3652 834 τοιαύτην

2125 853 2274 916 τάξιν
2307 857 2334 906 6
2371 855 2616 924 Ἰωάννης
2668 857 2725 907 ἐν
2760 855 2837 924 τῷ
2876 855 3019 924 λόγῳ
3065 855 3192 907 ἰδὼν
3219 857 3282 907 οὐ
3317 853 3663 924 προέταξ

2133 961 2151 992 ι
2175 943 2304 1005 Θεὸς
2322 939 2388 1012 ἦν
2405 944 2431 994 6
2449 944 2634 1010 Λόγος,
2657 961 2676 994 ι
2695 943 2808 1005 τοῦ,
2829 963 2848 994 ι
2869 945 2927 994 '0
2944 945 3116 1011 Λόγος
3135 939 3210 1013 ἦν
3231 943 3371 1014 πρὸς
3395 943 3548 996 τὸν
3587 942 3663 994 Θ.

2126 1035 2246 1086 ὅσον
2292 1033 2383 1085 ἐπὶ
2419 1035 2535 1096 ταῖς
2578 1033 2908 1100 ἀποφάσεσιν
2951 1035 3103 1086 οὐδὲν
3143 1033 3214 1087 ἂν
3243 1033 3664 1087 κωλυθέντα

2126 1122 2315 1191 είρμοῦ
2345 1123 2477 1192 πρὸς
2507 1123 2568 1174 τὸ
2594 1122 2712 1174 καθ’
2737 1123 2866 1175 αὐτὸ
2901 1123 3026 1176 ἰδεῖν
3049 1124 3288 1176 ἑκάστου
3314 1123 3442 1179 τῶν
3492 1124 3664 1190 ἀξιι

2124 1228 2231 1263 των
2258 1210 2352 1280 τὴν
2394 1211 2615 1281 δύναμιν
2637 1227 2653 1242 ’
2682 1211 2739 1263 ἓν
2773 1212 2881 1282 γάρ
2920 1213 3140 1283 ἀξίωμα
3167 1214 3255 1278 τὸ,
3277 1231 3296 1264 ι
3321 1215 3414 1267 Ἑν
3480 1215 3664 1284 ἆρχε

2125 1302 2153 1351 6
2182 1301 2368 1368 A670;,
2406 1319 2424 1352 ι
2454 1302 2546 1354 καὶ
2566 1301 2810 1373 δεύτερον
2853 1307 2936 1365 τὸ,
2971 1319 2994 1353 ι
3031 1301 3088 1354 ⁸0
3118 1303 3298 1370 Λόγος
3335 1299 3407 1373 ἦν
3476 1304 3664 1373 πρὸς

2125 1389 2273 1453 Θεὸν,
2305 1409 2324 1439 ι
2355 1390 2446 1442 καὶ
2473 1390 2623 1461 ἑξῆςο
2659 1410 2677 1442 ι
2697 1391 2801 1446 Kal
2823 1391 2954 1454 Θεὸς
2983 1386 3052 1460 ἦν
3076 1391 3105 1442 6
3129 1392 3328 1458 Λόγος.
3377 1411 3395 1442 ι
3425 1391 3642 1444 Ἀλλ’

2124 1478 2262 1548 τάχα
2293 1479 2444 1544 τάξιν
2469 1480 2589 1532 τινὰ
2616 1480 2766 1550 δηλοῖ
2791 1481 2852 1533 τὸ
2886 1481 3104 1550 πρῶτον
3133 1481 3400 1550 τετάχθαι
3453 1482 3548 1533 τό
3584 1499 3606 1512 ο

2126 1566 2262 1635 ἀρχῇ
2291 1561 2358 1636 ἦν
2400 1567 2428 1617 6
2466 1567 2668 1634 Λόγος,
2706 1587 2724 1618 ι
2758 1567 2900 1620 κατά
2939 1569 3000 1620 τὸ
3031 1567 3207 1631 οὕτως
3241 1569 3374 1638 ἑξῆς
3427 1571 3519 1622 τό
3545 1586 3564 1599 ο
3620 1589 3645 1621 ε

2125 1656 2153 1706 6
2182 1655 2350 1722 Λόγος
2383 1650 2448 1725 ἦν
2473 1655 2608 1726 πρὸς
2651 1656 2742 1708 τὸν
2789 1657 2953 1710 Θεόν·
2990 1681 3008 1708 ι
3043 1658 3138 1710 καὶ
3185 1658 3370 1728 τρίτον
3408 1658 3500 1710 τό
3535 1676 3555 1688 ο
3619 1678 3644 1709 ι

485 1750 693 1810 Sermo.
732 1766 751 1800 ι
784 1747 887 1802 Sed
922 1749 1172 1816 quoniam
1209 1747 1434 1800 fortasse
1469 1743 1708 1798 ordinem
1739 1741 2019 1811 quemdam

2126 1739 2251 1802 Θεὸς
2287 1736 2354 1810 ἦν
2384 1743 2412 1794 6
2439 1741 2640 1808 Λόγος,
2680 1759 2699 1792 ι
2729 1742 2816 1795 διὰ
2853 1743 3039 1806 τοῦτο,
3075 1744 3164 1794 ἵνα
3205 1745 3422 1816 δυνηθῇ
3486 1747 3640 1800 ἀπὸ

485 1838 740 1900 declarat,
775 1838 897 1904 quia
931 1837 1158 1904 positmu
1188 1835 1260 1888 sit
1309 1833 1482 1903 primo
1513 1832 1626 1886 loco
1655 1832 1754 1884 boc
1786 1845 2020 1898 pronun-

487 1930 695 1991 tiatum,
754 1947 772 1978 ι
809 1926 866 1979 ln
898 1925 1158 1995 principio
1183 1932 1298 1977 erat
1329 1922 1418 1975 ille
1448 1919 1655 1985 Sermo,
1701 1938 1720 1970 ι
1753 1919 1902 1986 juxta
1939 1927 2018 1972 ta-

485 2019 587 2072 lem
636 2018 852 2081 serietn,
918 2033 936 2066 ι
975 2015 1038 2068 Ει
1091 2013 1280 2066 Sermo
1331 2017 1446 2063 erat
1501 2009 1637 2075 apud
1696 2008 1880 2071 Deum,
1922 2025 1941 2058 ι
1977 2016 2031 2061 ct

2125 1831 2260 1901 πρὸς
2276 1832 2365 1884 τὸν
2385 1831 2516 1884 Θεὸν
2541 1829 2676 1885 εἷναι
2704 1833 2731 1883 6
2751 1833 2920 1900 A670;
2948 1834 3206 1903 νοηθῆναι
3238 1836 3582 1905 γινόμενος
3620 1839 3664 1889 Ε

2123 1918 2331 1988 λέγεται
2355 1938 2368 1951 '
2410 1939 2429 1972 ι
2464 1921 2572 1974 Kal
2599 1923 2627 1973 6
2647 1922 2816 1988 Λόγος
2841 1918 2909 1991 ἦν
2939 1923 3074 1992 πρὸς
3104 1924 3196 1975 τὸν
3226 1924 3383 1989 Θεόν,
3426 1944 3451 1975 ι
3532 1927 3664 1978 ἕπε

2141 2027 2158 2058 ι
2196 2011 2302 2062 Kal
2328 2009 2457 2072 Θεὸς
2487 2006 2553 2079 ἦν
2583 2012 2610 2064 6
2634 2011 2820 2078 Λόγος.
2853 2029 2872 2061 ι

487 2112 642 2162 tertio
691 2107 828 2170 loco,
867 2125 884 2156 ι
917 2105 980 2158 Ει
1013 2105 1147 2158 Deus
1172 2111 1288 2156 erat
1335 2101 1543 2163 Sermo,
1576 2117 1596 2151 ›
1631 2099 1834 2152 idcirco
1882 2096 2114 2152 dicitur:
2155 2116 2174 2149 ι
2209 2101 2276 2154 Ει
2315 2100 2403 2154 ille
2447 2099 2636 2154 Sermo
2683 2110 2800 2154 erat
2843 2100 2983 2169 apud
3024 2101 3220 2166 Deum,
3255 2121 3274 2153 ι
3309 2101 3545 2160 deinde
3590 2122 3607 2156 :
3656 2129 3664 2153 ς

485 2203 625 2254 Deus
653 2207 766 2252 erat
796 2197 883 2249 ille
911 2195 1121 2258 Sermo,
1165 2212 1182 2244 ι
1219 2203 1271 2245 ιιι
1301 2191 1387 2245 ille
1427 2190 1617 2245 Sermo
1665 2187 1887 2258 intelligi
1922 2189 2089 2255 possit
2113 2204 2232 2245 esse
2255 2190 2417 2255 Deus,
2444 2190 2567 2259 quia
2596 2191 2663 2244 sit
2691 2191 2828 2258 apud
2860 2191 3048 2245 Deum.

552 2289 657 2358 50
683 2289 735 2340 2.
788 2286 1047 2340 Caeterum
1108 2297 1296 2350 magna
1324 2281 1695 2337 observatione
1745 2279 1869 2351 (non
1906 2290 2057 2332 tan--

483 2390 641 2444 quam
676 2389 776 2426 non
828 2372 1030 2426 callens
1077 2371 1411 2425 elaboratum
1465 2372 1769 2428 Grzecorum
1811 2373 2018 2428 dicendi

484 2462 669 2531 genius)
701 2461 824 2513 alibi
865 2460 1080 2528 quidem
1114 2459 1353 2514 articulis
1383 2477 1510 2516 usus
1528 2471 1609 2516 est
1636 2462 1890 2525 Joannes,
1919 2462 2018 2515 ali-

483 2553 534 2604 bi
587 2565 711 2614 vero
765 2549 1019 2603 reticuit:
1050 2548 1099 2600 in
1135 2561 1263 2601 voce
1306 2563 1535 2616 namque
1575 2550 1840 2604 Sermonis
1890 2551 2021 2603 arti-

484 2638 658 2691 culum
694 2651 812 2690 cum
839 2635 1122 2698 addiderit,
1151 2635 1200 2686 in
1239 2633 1330 2688 Dei
1365 2635 1627 2690 vocabulo
1651 2635 1940 2704 aliquando
1967 2638 2019 2688 id

483 2727 656 2795 ponit,
707 2725 990 2794 aliquando
1018 2724 1333 2779 dill'ereutia:
1391 2725 1564 2794 gratia
1619 2726 1671 2780 id
1720 2741 1820 2780 non
1851 2726 2019 2794 ponit.

488 2817 618 2870 Nam
644 2831 762 2870 cum
797 2815 885 2869 Dei
919 2815 1232 2869 vocabulum
1267 2816 1483 2883 ponitur
1531 2815 1594 2868 de
1629 2815 1862 2884 ingenito
1900 2816 2020 2869 uni-

486 2919 759 2959 versorum
789 2911 1024 2967 auctore,
1069 2904 1353 2958 articulum
1383 2903 1549 2971 ponit,
1583 2903 1810 2957 reticens
1870 2903 2020 2965 illud,

2188 2280 2240 2333 2.
2271 2281 2417 2333 Πάνυ
2441 2281 2497 2332 δὲ
2531 2281 3062 2352 παρατετηρημένως
3085 2320 3100 2345 ,
3132 2283 3228 2334 καὶ
3259 2282 3360 2352 οὐχ
3397 2284 3499 2348 ὡς
3557 2286 3664 2338 Ἑλ

2121 2369 2270 2439 νικὴν
2299 2369 2670 2440 ἀκριϐολογίαν
2696 2370 2793 2420 οὐκ
2818 2369 3199 2438 ἐπιστάμενος,
3220 2373 3250 2423 6
3283 2372 3589 2444 Ἰωάννης
3619 2376 3655 2426 ὃ

2123 2461 2220 2529 μὲν
2247 2462 2357 2522 τοῖς
2397 2459 2938 2533 ἀρθροιςοὲχρήσατο,
2966 2461 3101 2512 ὅπου
3144 2461 3201 2513 δὲ
3246 2462 3436 2516 ταῦτα
3483 2465 3664 2518 ἁπεσ

2123 2569 2310 2622 πησεν,
2341 2551 2430 2603 ἐπὶ
2474 2552 2568 2620 μὲν
2607 2551 2699 2604 τοῦ
2735 2554 2928 2621 Λόγου
2958 2554 3275 2626 προστιθεὶς
3307 2555 3388 2620 τὸ,
3432 2559 3502 2623 ό,
3541 2558 3659 2610 ἐπὶ

2121 2641 2220 2708 τῆς
2265 2643 2406 2704 Θεός
2453 2641 2814 2712 προσηγορίας
2877 2643 3013 2695 ὅπου
3060 2643 3160 2712 μὲν
3203 2645 3404 2710 τιθεὶς,
3464 2648 3632 2700 ὅπου

2122 2729 2355 2798 διαιρῶν.
2389 2729 2575 2798 Τίθησι
2609 2730 2706 2798 μὲν
2739 2731 2845 2800 γὰρ
2873 2732 2932 2784 τὸ
2959 2732 3181 2803 ἄρθρον,
3210 2735 3298 2787 ὅτε
3334 2737 3461 2806 (75)
3500 2740 3542 2808 ή
3584 2743 3664 2793 Ge

2123 2818 2375 2886 ὀνομασία
2401 2818 2490 2869 ἐπὶ
2513 2818 2604 2870 τοῦ
2633 2820 2891 2890 ἀγενήτου
2917 2822 3176 2876 τάσσεται
3197 2827 3307 2878 τῶν
3327 2827 3487 2881 ὅλων
3516 2829 3664 2882 alt-tt

2127 2907 2300 2975 σιωπᾷ
2327 2906 2382 2958 δὲ
2414 2907 2559 2969 αὐτὸ,
2590 2907 2676 2958 ὅτε
2708 2909 2736 2958 6
2765 2909 2937 2975 Λόγος
2963 2910 3096 2973 Θεός
3121 2914 3491 2982 ὀνομάζεται.
3542 2919 3647 2982 Ὡς

489 3010 609 3049 cum
641 2993 726 3046 illc
753 2992 942 3046 Sermo
979 2992 1120 3046 Deus
1149 2993 1473 3047 nominatur.
1509 2991 1743 3047 Proinde
1778 2993 1917 3060 vide,
1956 3009 2020 3050 ne

2126 2994 2360 3063 διαφέρει
2385 2995 2523 3048 κατά
2547 2995 2762 3059 τούτους
2782 2999 2906 3058 τοὺς
2935 2999 3134 3064 τόπους
3154 3006 3188 3055 ό
3211 2976 3378 3069 Θεός,
3408 3008 3522 3059 καὶ
3551 2976 3664 3061 Θέι

489 3085 627 3138 forte
680 3090 739 3135 ut
789 3081 842 3134 in
872 3081 955 3134 bis
985 3079 1114 3133 locis
1141 3079 1318 3133 ditfert
1353 3081 1489 3134 Deus
1538 3095 1657 3134 cum
1691 3080 1942 3146 articulo,
1971 3091 2024 3136 et

485 3176 626 3230 Deus
659 3175 774 3227 sine
805 3171 1051 3232 articulo,
1081 3171 1159 3224 sic
1215 3169 1424 3224 diﬁ‘erat
1454 3170 1612 3225 etiam
1648 3172 1677 3223 6
1729 3170 1914 3238 Λόγος,
1946 3170 2024 3242 [id

487 3275 570 3319 est
621 3263 706 3316 ille
760 3261 969 3321 Sermo,
1019 3258 1098 3312 vel
1134 3258 1219 3312 illa
1254 3257 1442 3329 ratio,]
1487 3274 1606 3314 cum
1665 3259 1912 3324 articulo,
1969 3269 2024 3314 et

485 3354 672 3421 Λόγος,
710 3351 786 3421 [id
824 3359 903 3403 est
933 3349 1140 3411 Sermo,
1169 3349 1280 3402 sive
1314 3348 1497 3418 ratio,]
1531 3349 1644 3402 sine
1668 3349 1916 3403 articulo.
1955 3349 2025 3404 Ut

483 3443 624 3498 enim
659 3442 794 3494 Deus
845 3439 952 3503 ille,
980 3439 1066 3506 qui
1095 3445 1178 3490 est
1207 3438 1258 3490 in
1319 3438 1585 3500 omnibus,
1621 3437 1707 3490 ille
1748 3436 1888 3492 Deus
1909 3449 2014 3503 est,

487 3528 632 3598 [cum
660 3526 933 3597 articulo,]
959 3536 1012 3580 et
1029 3541 1133 3580 non
1151 3525 1463 3593 simpliciter
1481 3525 1636 3589 Deus,
1662 3525 1800 3596 [sine
1823 3527 2022 3581 articu-

490 3615 588 3686 lo,]
623 3616 702 3670 sic
724 3615 842 3669 fons
868 3614 1090 3668 rationis
1115 3613 1253 3683 (quae
1280 3614 1565 3682 unicuique
1594 3615 1814 3668 rationis
1839 3617 2020 3685 capaci

483 3704 816 3771 lnest),ratio
841 3701 926 3756 illa
962 3710 1062 3768 est,
1093 3700 1236 3771 [cum
1269 3701 1490 3755 articulo
1510 3699 1550 3770 ;]
1577 3715 1696 3754 cum
1715 3699 1907 3770 alioqui
1937 3715 2022 3754 ra-

485 3797 582 3860 tio,
607 3809 726 3864 quaa
749 3795 802 3848 in
835 3807 1150 3862 unoquoque
1204 3793 1362 3857 inest,
1393 3807 1498 3846 non
1533 3792 1755 3860 perinde
1783 3793 2017 3861 proprie,

481 3894 640 3955 atque
667 3884 752 3940 illa
780 3883 919 3940 ratio
948 3883 1138 3952 prima,
1188 3882 1370 3954 [quam
1411 3884 1610 3937 fontem
1665 3881 1821 3950 hujus
1849 3880 2018 3951 dico,]

553 3997 662 4078 (75)
705 3997 907 4078 τέθησι
952 3994 1064 4062 μέν
1099 3995 1206 4078 πάρ
1229 3995 1306 4078 τὸ
1354 3994 1593 4078 ᾅρθερνν
1625 3992 2020 4078 ξδ’,τελεὶεςῂρέῖ

483 4060 699 4124 stinctio
751 4060 861 4117 haec
920 4060 1295 4115 nonnullorum
1343 4063 1585 4114 convicia
1626 4062 1678 4112 in
1731 4060 2015 4124 Origenem

484 4133 793 4191 concitavit.
829 4131 958 4183 Eam
997 4131 1208 4196 quidem
1241 4130 1652 4197 Chrysostomus
1688 4127 1872 4197 homil.
1903 4127 1948 4197 ὄλ
1964 4129 2018 4178 in

481 4205 664 4264 10am,
699 4195 1033 4252 dissimulato
1072 4198 1306 4250 auctoris
1355 4195 1588 4258 nomine,
1636 4196 1892 4262 explodit.
1925 4195 2019 4264 At-

2125 3083 2291 3148 οὖτως
2314 3083 2516 3154 μήποτε
2536 3084 2760 3157 διαφέρῃ
2779 3087 2812 3138 ὁ
2828 3089 3016 3157 Λόγος
3037 3093 3132 3143 καὶ
3149 3093 3359 3161 Λόγος.
3376 3097 3487 3148 "Ov
3511 3098 3662 3167 τρόπ

2125 3171 2231 3240 γὰρ
2251 3172 2278 3222 6
2297 3171 2385 3223 ἐπὶ
2408 3171 2516 3240 (76)
2538 3173 2668 3225 πᾶσι
2690 3173 2865 3237 Θεδςό
2885 3180 3049 3244 Θεός,
3069 3181 3164 3232 καὶ
3185 3182 3284 3250 οὐχ
3310 3183 3522 3246 ἁπλῶς
3547 3187 3662 3238 Θει

2127 3257 2294 3321 οὕτως
2321 3261 2354 3327 ἡ
2385 3258 2531 3328 πηγὴ
2567 3261 2660 3312 τοῦ
2689 3261 2747 3313 ὲν
2781 3263 2993 3334 ἑκάστῳ
3029 3267 3139 3319 τῶν
3178 3267 3423 3337 λογικῶν
3459 3272 3662 3339 λόγου,

2129 3345 2330 3411 Λόγος,
2370 3345 2460 3397 τοῦ
2495 3348 2551 3398 ὲν
2581 3347 2790 3418 ἑκάστῳ
2816 3349 2974 3418 λόγου
3003 3353 3106 3406 οὐκ
3143 3355 3210 3408 ἂν
3251 3359 3474 3427 κυρίως
3508 3361 3660 3428 ὁμοία

2128 3433 2204 3501 τῷ
2224 3433 2418 3503 πρώτῳ
2445 3433 2829 3504 ὀνομασθέντος
2848 3441 2941 3492 καὶ
2967 3441 3268 3510 λεχθέντος,
3295 3449 3328 3498 ό
3345 3449 3578 3516 Λόγος.
3607 3453 3658 3502 Κ

2121 3524 2182 3576 τὸ
2207 3522 2430 3584 πολλοὺς
2453 3520 2724 3588 φιλοθέους
2756 3517 2894 3574 εἶναι
2919 3523 3248 3593 εὐχομένους
3273 3529 3595 3598 ταράσσον,
3630 3547 3659 3581 ε

2123 3610 2478 3680 λαὸουμένους
2501 3608 2591 3660 δύο
2627 3609 2986 3679 ἀναγορεῦσαι
3010 3610 3187 3676 θεοὺς,
3222 3615 3316 3666 καὶ
3345 3618 3514 3688 παρὰ
3555 3619 3658 3671 τοίς

2126 3700 2544 3767 περιπίπτοντας
2566 3698 2776 3766 ψευδέσι
2823 3699 2916 3752 καὶ
2957 3701 3176 3755 ἀσεϐέσι
3221 3704 3544 3775 δόγμασιν·
3597 3711 3658 3780 ἧι

2125 3789 2481 3861 ἀρνουμένους
2539 3787 2771 3856 ἰδιότητα
2795 3788 2907 3857 (77)
2961 3789 3094 3842 Υἱοῦ
3152 3791 3347 3863 ἑτέραν
3397 3797 3564 3866 παρὰ
3615 3815 3658 3850 τι

2121 3880 2213 3932 τοῦ
2251 3877 2491 3947 Πατρὸς,
2542 3877 2932 3946 ὁμολογοῦντας
2978 3879 3109 3934 Θεὸν
3173 3877 3312 3936 εἶναι
3375 3883 3479 3937 τὸν
3545 3885 3655 3955 μέχ

2127 3989 2247 4062 fons
2291 3986 2580 4062 divinitatis
2605 3987 2802 4062 _totius,
2833 3989 2956 4062 inde
2983 4004 3102 4062 eum
3133 3991 3392 4062 ἀληθινὸν
3441 3995 3586 4048 Θεόν
3619 4011 3647 4048 a

2125 4057 2381 4132 pellavit;
2430 4055 2618 4132 reliqui
2669 4066 2846 4132 autem
2895 4057 3006 4110 θεοὶ
3052 4061 3118 4129 τῇ
3160 4055 3380 4132 Δμετοχῇ
3429 4064 3532 4116 τοῦ
3567 4065 3656 4116 Θει

2122 4123 2412 4198 γινόμενοι,
2454 4123 2621 4176 Filius
2657 4124 2933 4198 nimirum,
2979 4136 3035 4179 et
3080 4123 3187 4195 (Ῑυῖ
3207 4132 3278 4183 dii
3310 4123 3648 4198 appellanti:

2122 4190 2552 4268 Atudivinitatetn
2588 4205 2626 4268 ξ
2660 4190 2822 4247 Patre
2870 4209 2977 4268 n01!
3019 4190 3126 4248 uno
3163 4190 3654 4268 modo'recipiunl

487 4259 782 4348 tendissent
818 4266 1083 4350 quomodo
1124 4265 1177 4317 in
1225 4264 1572 4350 sequentibus
1594 4259 1870 4350 lexp'licata
1901 4263 2012 4350 siti:
2051 4296 2094 4350 Β
2124 4261 2562 4350 [illius‘epimnit-a
2595 4259 2733 4350 Deus
2747 4270 2844 4350 mest.
2877 4277 2906 4314 a
2934 4262 3115 4350 Patre,
3150 4275 3208 4318 ut
3239 4259 3653 4350 unqeadémqt;

484 4341 663 4396 Pater,
701 4329 900 4398 inquit,
931 4334 1072 4399 quod
1111 4348 1179 4386 ex
1213 4346 1270 4385 se
1300 4329 1444 4384 Deus
1473 4331 1562 4390 sit.
1594 4332 1696 4384 hoc
1727 4341 1830 4399 est,
1861 4329 2019 4383 αὐτό-

485 4408 624 4466 θεος,
664 4402 694 4453 6
723 4399 854 4462 Θεός
895 4398 1192 4469 appellatur
1223 4399 1463 4469 :AFilius,
1512 4400 1758 4469 quodusit
1802 4398 1944 4469 Deus
1991 4413 2022 4450 a

484 4465 666 4533 Patre,
701 4471 838 4522 Deus
883 4465 1107 4536 dé'Deo,
1153 4477 1208 4521 ut
1237 4467 1485 4536 loquitur
1516 4465 1801 4522 concilium
1849 4465 2021 4520 Nicae-

485 4555 634 4602 num,
660 4536 790 4598 Θεός
817 4535 1072 4589 dicendus
1098 4544 1200 4591 est.
1232 4535 1488 4590 Hum-tus.

557 4608 667 4679 (76)
692 4604 1068 4679 *Ὃν-,τρόποις
1097 4603 1206 4679 γὰρ
1234 4605 1410 4679 όᾼέπί,
1453 4612 1554 4679 etc.
1595 4602 1870 4679 sententia
1907 4603 2022 4656 hinc

487 4671 576 4731 est
610 4671 772 4728 tetius
801 4671 1171 4737 disputationis
1204 4689 1217 4724 :
1265 4671 1718 4736 Quemadmodum
1757 4686 1785 4723 a
1835 4671 2017 4735 Patre,

489 4745 578 4812 qui
613 4752 696 4798 est
722 4739 1013 4812 ίαὺτόθεος,
1038 4742 1208 4812 liabet
1237 4739 1402 4812 Filius
1431 4748 1490 4793 ut
1531 4739 1603 4812 sit
1637 4740 1805 4812 Deus,
1840 4747 1892 4792 et
1917 4754 2022 4812 caa-

490 4805 588 4868 teri
645 4811 746 4879 qui
784 4811 859 4879 dii
899 4808 1253 4879 appellantur,
1307 4809 1430 4879 quia
1483 4805 1800 4879 principium
1835 4808 2018 4879 totius

488 4874 783 4935 diviniiatis
815 4874 978 4929 Pater
1001 4885 1113 4941 est;
1145 4876 1216 4928 ita
1245 4891 1274 4929 a
1305 4875 1460 4937 Filio,
1489 4874 1594 4942 qui
1636 4882 1718 4927 est
1757 4875 1785 4925 6
1819 4874 2015 4940 Λόγος,

487 4949 642 5012 ratio,
673 4956 727 5001 et
762 4946 879 4999 fons
909 4945 1070 4998 totius
1114 4943 1355 5007 rationis,
1387 4942 1651 5012 habentii
1690 4942 1779 5008 qui
1813 4945 2018 4998 ratione

491 5010 710 5069 utuntur
737 5024 799 5066 ut
829 5013 938 5066 sint
973 5012 1191 5066 rationis
1233 5012 1545 5080 participes:
1585 5010 1746 5080 Igitur
1792 5019 1849 5062 ut
1879 5011 2013 5080 divi-

491 5084 711 5136 nitatem
758 5096 906 5134 suam
955 5080 1088 5134 Filio
1130 5077 1486 5135 conimunicat
1519 5077 1695 5141 Pater,
1733 5077 1804 5131 ita
1854 5079 2015 5131 ratio-

492 5165 612 5218 nem
663 5149 737 5218 iis
777 5149 864 5214 qui
901 5149 1120 5218 rationis
1170 5149 1454 5218 participes
1484 5155 1610 5218 sunt
1656 5147 2015 5218 cpnimtrnicat

487 5215 678 5270 Filius.
706 5213 866 5267 Pater
898 5213 1216 5282 principium
1248 5225 1328 5270 est
1353 5213 1642 5270 divinitatis
1675 5214 1817 5276 Filii,
1847 5213 2014 5266 Filius

490 5284 808 5352 principium
834 5291 909 5333 est
955 5283 1176 5336 rationis
1201 5299 1380 5338 eorum
1409 5284 1758 5352 quiirationis
1792 5296 2014 5352 gapaces

489 5350 630 5404 Sunt.
660 5350 833 5416 Atque
863 5362 926 5400 eo
965 5363 1121 5402 sensu
1156 5359 1214 5403 ut
1235 5365 1298 5412 se
1327 5350 1486 5405 habet
1513 5351 1673 5406 Pater
1699 5352 1765 5404 ad
1798 5350 2010 5408 Filium,

489 5419 561 5470 ita
606 5417 773 5486 Filius
816 5417 880 5466 ad
915 5429 976 5468 ea
1015 5429 1132 5483 qua:
1165 5419 1370 5471 ratione
1407 5421 1623 5486 pollent.
1671 5418 2012 5486 Comparatin

487 5499 614 5553 ergo
656 5484 771 5538 lucc
817 5491 929 5553 est,
971 5493 1129 5551 atque
1162 5499 1226 5537 ea
1270 5484 1578 5553 imperfecta
1618 5497 1672 5541 ει
1724 5488 1777 5540 in
1807 5484 2012 5538 multis

487 5549 812 5608 claudicans.
864 5549 1023 5605 Pater
1044 5549 1255 5618 autem,
1299 5549 1420 5621 quia
1472 5555 1787 5622 principium
1831 5562 1914 5606 est
1955 5561 2009 5604 et

2125 4329 2401 4404 divinitate
2447 4326 2608 4404 Pater
2652 4336 2710 4404 et_
2745 4327 2912 4404 Filius
2947 4326 3465 4404 polleautareliqui
3503 4326 3653 4404 ante};

2123 4397 2219 4469 d_ii,
2255 4397 2482 4469 diversa,
2518 4395 2712 4462 dispari
2755 4395 3108 4469 et_ina§quali
3144 4395 3438 4456 divinitaie
3475 4403 3648 4469 praedi

2123 4463 2364 4540 sint._Ne
2397 4478 2720 4540 quemquam
2774 4465 2933 4540 igitur
2977 4463 3193 4540 moveat
3226 4486 3332 4540 vox
3385 4463 3649 4540 γινόμενα

2123 4547 2242 4600 qua:
2277 4533 2343 4584 iis
2385 4532 2631 4586 omnibus
2665 4532 2919 4586 convenit
2970 4534 3060 4601 qui
3112 4537 3182 4589 ab
3221 4538 3328 4592 alio
3378 4532 3586 4592 liabe'nt
3633 4555 3652 4590 ι

2121 4603 2248 4673 sint,
2275 4601 2386 4654 sive
2413 4615 2507 4668 per
2534 4603 2960 4673 generationem,
2988 4603 3102 4673 sive
3126 4617 3226 4673 per
3253 4609 3652 4673 processionem

2121 4669 2233 4722 sive
2265 4683 2360 4737 per
2401 4669 2748 4732 creationem,
2796 4679 2853 4722 ut
2886 4670 3044 4737 paulo
3091 4669 3231 4726 infra
3255 4669 3652 4730 ‘demonstrabi

2120 4735 2277 4789 mus.’
2314 4735 2708 4807 Nonnunquam
2765 4735 2901 4807 vero:
2943 4739 3284 4807 simpliciter,
3339 4760 3358 4792 ι
3389 4745 3650 4798 exsistere

2117 4819 2300 4878 εδδ-οη
2341 4804 2624 4878 significat.
2669 4805 2844 4878 Atque
2889 4805 3002 4860 haec
3032 4804 3250 4878 quidem
3271 4804 3558 4878 posterior
3588 4825 3650 4862 no

2119 4822 2257 4868 esse,
2283 4823 2300 4856 ι
2341 4822 2624 4869 Signlltcat.
2669 4822 2844 4872 Atque
2890 4822 3002 4860 [me
3073 4822 3250 4861 ttlaetn
3284 4822 3558 4878 posterior
3588 4825 3649 4862 n0

2119 4874 2251 4924 tatio
2283 4872 2542 4939 huicipsi
2582 4871 2702 4926 loco
2743 4874 2952 4927 videtur
2981 4822 3286 4930 triiiuenda.
3331 4877 3432 4933 His
3463 4880 3536 4932 ita
3587 4892 3649 4931 ex

2156 4941 2352 5004 licatis,
2396 4938 2707 5009 facileviri
2759 4941 3036 5009 cujusdam
3091 4945 3458 5000 eruditissimi
3509 4945 3638 4998 refel

2140 5017 2300 5060 untur
2329 5007 2753 5077 criminationes,
2783 5007 2873 5077 qui
2908 5025 2976 5063 ex
3009 5011 3111 5063 hoc
3147 5011 3270 5065 loco
3304 5015 3522 5068 violata:
3551 5012 3648 5065 Fili

2114 5075 2395 5149 dignitatis
2425 5091 2574 5130 reum
2602 5075 2886 5149 Origenem
2919 5079 3157 5149 peragit,
3195 5081 3324 5136 licet
3355 5084 3492 5137 alias
3530 5095 3648 5149 saepc

2115 5145 2170 5196 in
2201 5145 2386 5196 eodem
2415 5145 2728 5212 argumento
2757 5145 2938 5213 lapsus
2969 5145 3071 5200 sit.
3097 5147 3172 5200 In.

2186 5231 2500 5305 (7?)_'Htot
2540 5234 2947 5305 ἀρνουμένους
2993 5236 3279 5305 ἰδιότητα,
3321 5251 3430 5294 etc.
3462 5240 3536 5294 Ea
3571 5237 3644 5290 fui

2112 5300 2284 5373 Nocti
2313 5301 2545 5373 haeresis
2569 5300 2739 5373 circa'
2760 5303 3006 5373 Origeuis
3052 5300 3274 5361 aetatem
3306 5318 3489 5361 exorta
3513 5347 3527 5369 ,
3571 5317 3646 5358 net

2115 5367 2283 5421 multo
2313 5378 2431 5440 post
2455 5370 2750 5440 a_Sabellio
2775 5367 3128 5440 amplificata.
3167 5376 3305 5430 Male
3331 5367 3646 5429 autemtam-

2109 5437 2749 5574 'srpgitiﬁvczr‘litlserrarius
2781 5437 3190 5512 proprietatem,
3222 5444 3363 5518 quod
3392 5455 3646 5513 personal
