3848 6196
385 333 472 385 109

386 443 607 508 ὀνόματος
642 419 763 508 παρ’,
791 388 1029 508 σξτεξῖς
1123 425 1242 482 Tib

396 483 1164 594 ὲξᾷῖιξνοιςὶὴήθεότητα
1217 483 1974 592 (γεῖξςξᾶῗῗᾷἐῖζέὸένταξ

398 586 454 665 ei
479 586 622 664 αὺτοῦ
645 609 724 678 τὴν
748 586 992 684 W1“???-
1037 606 1165 658 καὶ
1192 586 1298 680 τὴν
1327 586 1510 664 οὐσίαν
1545 613 1684 666 κατὰ
1711 631 1970 684 περιγρα-

405 699 507 767 φῆν
529 673 843 766 τυγχάνουσα-ν
870 673 1108 753 ὶτέραν
1141 673 1264 749 τοῦ.
1297 699 1506 769 Πατρὸς
1527 738 1542 762 ,
1569 673 1808 752 ἐντεῦθεν
1850 673 1969 752 λῦε-

407 787 529 838 σθαι
555 786 770 839 δύναται..
795 769 1024 833 Λεκτέον
1062 783 1196 854 γὰρ
1233 787 1442 851 αὐτοῖς,
1477 787 1556 839 ὃτι
1594 788 1712 839 τότε
1743 787 1839 858 μὲν
1877 790 1972 840 αὐ-

407 876 587 937 τόθεος
613 878 640 928 6
666 875 782 934 Θεὸς
811 873 914 922 ἐστι
935 903 954 928 ν
990 865 1216 946 διόπερ
1239 877 1333 929 καὶ
1357 879 1385 928 6
1413 879 1600 948 Σωτήρ
1636 895 1794 948 φησιν
1821 882 1880 931 ἐν
1902 882 1968 948 τῇ

411 966 545 1034 πρὸς
568 965 654 1016 τὸν
677 963 878 1033 Πατέρα
896 955 1076 1028 εὓχῇο
1114 981 1136 1014 ι
1161 965 1602 1033 Ἵναγινὼσκωσί
1623 983 1679 1018 σε
1701 968 1788 1019 τὸν
1815 968 1970 1037 μόνον

407 1053 660 1122 ἀληθινὸν
687 1054 810 1106 Θεόν
831 1068 842 1082 ·
871 1069 888 1102 ι
920 1050 1030 1102 πᾶν
1059 1051 1125 1104 δὲ
1159 1055 1222 1107 τὸ
1250 1057 1395 1126 παρὰ
1417 1057 1476 1109 τὸ
1499 1057 1744 1121 αὑτόθεος
1774 1060 1968 1126 μετοχῇ

407 1143 507 1210 τῆς
534 1143 734 1196 ἐκείνου
767 1140 1004 1210 θεότητος
1035 1141 1456 1213 θεοποιούμενον
1482 1145 1577 1214 οὐχ
1607 1148 1633 1198 6
1657 1146 1805 1209 Θεὸς,
1838 1145 1968 1197 ἀλλὰ

405 1232 543 1295 Θεὸς
583 1232 902 1302 κυριώτερον
937 1229 1003 1282 ἂν
1037 1231 1254 1300 λέγοιτο
1281 1233 1411 1302 (79),
1439 1227 1482 1300 ᾧ
1512 1235 1724 1296 πάντως
1755 1237 1782 1288 6
1810 1236 1964 1304 Πρω-

404 1321 624 1383 τότοκος
658 1321 834 1391 πάσης
885 1322 1118 1384 κτίσεως
1139 1361 1154 1384 ,
1197 1324 1290 1376 ἆτε
1337 1324 1547 1392 πρῶτος
1587 1324 1663 1393 τῷ
1703 1325 1835 1395 πρὸς
1881 1325 1971 1376 τὸν

401 1409 541 1462 Θεὸν
564 1406 722 1473 εἶναι,
745 1412 952 1473 σπάσας
975 1412 1074 1481 τῆς
1099 1411 1350 1481 θεότητος
1381 1416 1458 1475 εἰς
1491 1414 1694 1476 ἑαυτὸν,
1727 1415 1838 1466 ἔστι
1859 1415 1967 1484 (80)

401 1500 733 1571 τιμιώτερος
755 1503 866 1563 τοῖς
893 1501 1097 1564 λοιποῖς
1132 1505 1260 1573 παρ’
1284 1503 1440 1555 αὑτὸν
1463 1503 1622 1566 θεοῖς,
1663 1497 1736 1556 ὧν
1778 1506 1805 1556 6
1840 1504 1970 1566 Θεὸς

399 1589 540 1652 Θεός
582 1593 734 1654 ἐστι,
763 1591 902 1644 κατὰ
944 1591 1006 1642 τὸ
1050 1591 1358 1661 λεγόμενον,
1406 1612 1423 1644 ι
1459 1594 1586 1656 Θεὸς
1613 1593 1745 1646 θεῶν
1772 1593 1968 1664 Κύριος

400 1679 653 1749 ὲλάλησε,
682 1680 776 1731 καὶ
803 1680 1026 1732 ἐκάλεσε
1050 1680 1148 1749 τὴν
1181 1681 1304 1749 γῆν,
1337 1699 1355 1731 ι
1381 1680 1696 1750 διακονήσεις
1727 1681 1786 1734 τὸ
1817 1683 1964 1749 γενέ-

401 1768 527 1820 σθαι
552 1768 714 1831 Θεοῖς,
747 1769 856 1821 ἀπὸ
878 1767 970 1820 τοῦ
995 1769 1128 1820 Θεοῦ
1155 1768 1362 1838 ἀρύσας
1397 1771 1474 1832 εἰς
1504 1770 1566 1822 τὸ
1590 1771 1964 1840 θεοποιηθῆναι

1508 324 1855 380 COMMENT.
1898 326 1966 380 IN
2002 325 2187 382 JOAN.
2231 323 2464 381 TOMUS
2502 323 2566 380 ll.

1244 450 1274 484 ν
1333 437 1852 506 προσαγορευόμενον
1868 453 1879 465 ·
1937 437 1959 505 ἦ

2074 438 2376 490 nominetur
2403 437 2716 506 dicaturque
2741 439 2828 493 illa
2858 440 3014 506 ratio,
3045 439 3186 511 [cum
3227 443 3502 518 articulo.]
3539 452 3601 505 Et

3500 330 3601 384 ΗΟ

2078 525 2203 581 hinc
2231 526 2358 578 solvi
2388 535 2557 594 potest
2595 527 2740 594 illud,
2785 530 2925 598 quod
2955 534 3228 596 perturbat
3258 536 3449 591 multos
3481 555 3598 607 pro-

2073 613 2282 667 ﬁtentes
2312 629 2369 668 se
2401 615 2491 668 Dei
2517 627 2754 670 amantes
2785 632 2924 680 esse,
2951 633 3016 672 ac
3042 631 3285 676 verentes
3313 625 3442 679 duos
3468 643 3597 695 pra:-

2070 702 2250 756 dicare
2277 702 2444 768 Deos,
2479 714 2531 757 et
2563 715 2775 774 propter
2810 708 2911 760 hoc
2943 707 2995 761 in
3038 710 3167 763 falsa
3197 721 3250 764 et
3286 713 3444 782 impia
3495 718 3593 769 do-

2066 801 2240 859 gmata
2265 789 2586 856 incidentes;
2645 793 2727 846 vel
2759 805 3008 864 negantes
3049 798 3427 866 proprietatem
3484 801 3601 856 Filii

2068 891 2186 931 esse
2217 877 2372 932 aliam
2403 894 2431 931 a
2464 879 2636 934 Patris
2677 883 3033 952 proprietate;
3087 887 3404 944 conﬁtcntes
3438 889 3600 945 Deum

2067 981 2184 1021 esse
2223 982 2344 1020 cum
2399 971 2616 1023 nomine
2660 980 2880 1033 tantum,
2927 975 3016 1041 qui
3069 979 3206 1045 apud
3259 979 3402 1046 ipsos
3439 981 3604 1036 Filius

2068 1055 2395 1122 appellatur;
2442 1059 2525 1111 vel
2561 1072 2813 1129 negantes
2860 1061 2980 1116 Filii
3029 1063 3387 1134 divinitatem,
3427 1081 3480 1122 et
3510 1084 3600 1137 ρον

2068 1157 2256 1201 nentes
2291 1148 2454 1216 ipsius
2513 1152 2888 1218 proprietatem
2936 1161 2988 1206 et
3033 1157 3318 1209 essentiam
3359 1171 3456 1224 per
3497 1160 3599 1212 cir-

2067 1235 2534 1304 cumscriptionem
2576 1236 2835 1290 exsistere
2861 1236 3018 1290 aliam
3050 1253 3079 1290 a
3106 1239 3282 1292 Patre.
3314 1240 3598 1296 Dicendum

2067 1324 2209 1375 enim
2239 1333 2320 1377 est
2354 1324 2480 1389 illis,
2505 1325 2643 1393 quod
2675 1325 2922 1389 αὑτόθεος
2954 1327 3188 1394 quidem,
3233 1328 3354 1398 [hoc
3377 1340 3478 1396 est,
3506 1346 3598 1400 per

2067 1426 2123 1464 se
2151 1411 2507 1482 Deus,].‘Dens
2531 1413 2615 1468 ille
2640 1423 2720 1468 est
2756 1414 2900 1484 [eum
2927 1415 3200 1486 articulo,]
3225 1429 3440 1487 propter
3461 1423 3600 1487 quod

2065 1512 2118 1554 et
2153 1500 2410 1556 Servator
2449 1504 2499 1555 in
2530 1506 2833 1572 precatione
2869 1506 2933 1558 ad
2971 1504 3184 1560 Patrem
3226 1509 3396 1576 inquit
3434 1527 3447 1562 :
3479 1528 3498 1561 ι
3535 1510 3598 1566 Ut

2066 1602 2355 1660 agnoscant
2387 1603 2436 1646 te
2467 1593 2612 1646 illum
2655 1593 2823 1647 solum
2860 1609 3042 1647 verum
3086 1593 3247 1648 Deum
3286 1596 3362 1662 7'*;
3393 1617 3412 1649 ι
3450 1601 3597 1667 quid-

2065 1683 2192 1750 quid
2232 1695 2360 1735 vero
2406 1693 2488 1736 est
2530 1692 2722 1751 praeter
2773 1684 2930 1745 hunc,
2977 1684 3066 1752 qui
3108 1685 3355 1750 αὐτόθεος
3385 1689 3606 1742 dicitur.

2067 1770 2190 1840 [hoc
2210 1780 2313 1836 est,
2340 1787 2433 1840 per
2455 1787 2510 1826 se
2534 1771 2716 1844 Deus,]
2737 1774 3136 1842 participatione
3157 1785 3211 1829 et
3231 1779 3602 1837 communione

397 1859 601 1920 αὐτοὺς
627 1859 877 1925 ἀφθόνως
903 1896 917 1922 ,
945 1859 1215 1920 κάκείνοις
1255 1859 1395 1911 κατὰ
1423 1859 1520 1927 τὴν
1550 1858 1709 1911 αὑτοῦ
1735 1862 1959 1929 χρηστό-

2071 1862 2520 1916 divinitatisillius
2544 1843 2870 1929 deiﬁcatum,
2907 1880 3012 1918 non
3057 1866 3148 1921 ille
3179 1868 3482 1940 Deus,[cum
3516 1885 3601 1923 ar-

397 1963 538 2015 τητα
587 1946 916 2016 μεταδιδούς.
961 1945 1232 2016 Ἀληθινὸς
1269 1943 1360 1999 οὖν
1397 1946 1526 2009 Θεὸς
1573 1949 1601 1998 6
1631 1947 1758 2009 Θεός
1780 1964 1792 1976 ·
1824 1951 1870 2000 οἰ
1907 1949 1964 2001 δὲ

398 2043 518 2093 κατ’
562 2042 768 2094 ἐκεῖνον
803 2039 1160 2110 μορφούμενοι
1185 2039 1314 2102 θεοὶ,
1355 2039 1428 2100 ὡς
1455 2038 1654 2100 εἰκόνες
1694 2039 1964 2108 πρωτοτό-

399 2148 526 2183 που.
567 2130 729 2183 Ἀλλὰ
761 2131 921 2197 πάλιν
945 2130 1052 2181 τῶν
1080 2128 1334 2180 πλειόνων
1357 2127 1573 2180 εἰκόνων
1603 2129 1634 2197 ἡ
1664 2129 1962 2198 ἀρχέτυπος

397 2223 565 2273 εἰκὼν
593 2221 622 2272 6
642 2221 780 2290 πρὸς
813 2220 904 2272 τὸν
937 2219 1064 2271 Θεόν
1089 2221 1202 2270 ἐστι
1236 2218 1426 2285 Λόγος,
1450 2218 1506 2280 ὃς
1533 2219 1589 2271 ὲν
1619 2220 1756 2288 ἀρχῇ
1786 2215 1852 2288 ἦν
1885 2218 1960 2286 τῷ

399 2309 538 2364 εἶναι
565 2312 702 2382 πρὸς
725 2312 816 2364 τὸν
843 2310 972 2362 Θεὸν
1002 2311 1086 2362 ἀεὶ
1123 2310 1294 2378 μένων
1322 2307 1450 2370 Θεὸς
1470 2347 1484 2371 ,
1518 2310 1624 2360 οὐκ
1653 2309 1716 2360 ἂν
1751 2309 1795 2360 δ’
1832 2310 1960 2361 αὐτὸ

399 2403 668 2472 ἐσχηκὼς,
692 2405 742 2454 εἰ
776 2401 851 2471 μὴ
884 2399 1017 2470 πρὸς
1039 2399 1128 2452 τὸν
1151 2399 1281 2451 Θεὸν
1302 2394 1507 2473 ἧνηκαὶ
1535 2398 1631 2450 οὐκ
1658 2397 1722 2452 ἂν
1777 2395 1960 2466 μείνας’

402 2491 551 2553 Θεὸς,
585 2493 633 2542 εἰ
667 2491 743 2559 μὴ
775 2491 1069 2559 παρέμεινε
1095 2491 1160 2558 τῇ
1188 2487 1504 2556 ἀδιαλείπτῳ
1533 2487 1628 2558 θέᾳ
1649 2486 1741 2539 τοῦ
1767 2502 1959 2558 πατρι-

401 2581 496 2634 κοῦ
531 2581 744 2650 βάθους.

2071 1948 2370 2020 ticulo],sed
2393 1951 2529 2005 Deus
2547 1951 2683 2021 [sine
2711 1954 2958 2025 articulo]
2991 1957 3157 2026 magis
3185 1959 3399 2026 proprie
3419 1959 3599 2014 dicen-

2066 2043 2188 2094 dum
2215 2056 2356 2104 esse,
2383 2057 2490 2110 quo
2525 2044 2736 2098 nomine
2765 2046 2982 2100 omnino
3005 2049 3388 2116 primogenitus
3429 2055 3607 2109 omnis

2062 2142 2338 2194 creatum,
2384 2133 2576 2201 quippe
2607 2135 2695 2202 qui
2743 2149 2862 2188 cum
2897 2136 3098 2205 primus
3140 2123 3210 2192 sit
3233 2141 3367 2208 apud
3400 2142 3596 2208 ipsum.

2063 2221 2337 2273 attrahcns
2366 2220 2695 2274 divinitatem
2721 2223 2786 2274 ad
2815 2223 3068 2291 seipsum,
3100 2226 3464 2280 honorabilior
3493 2227 3592 2298 51

2062 2317 2144 2361 est
2168 2309 2390 2374 reliquis
2416 2309 2536 2372 diis,
2563 2310 2654 2378 qui
2681 2321 2806 2363 sunt
2826 2321 3018 2380 praeter
3043 2314 3240 2380 ipsum,
3267 2331 3491 2383 quorum
3514 2318 3601 2368 ill:

2064 2398 2218 2462 Deus,
2249 2398 2389 2452 Deus
2413 2407 2512 2463 est,
2535 2399 2687 2465 juxta
2718 2399 2768 2452 id
2793 2402 2931 2468 quod
2952 2402 3153 2456 dicitur
3176 2405 3244 2467 ⁷⁵,
3294 2423 3312 2456 ι
3347 2406 3435 2458 llle
3463 2406 3604 2461 Deus

2063 2487 2280 2540 deorum
2304 2483 2558 2540 Dominus
2595 2486 2800 2542 locutus
2832 2498 2932 2556 est,
2967 2499 3022 2543 et
3071 2494 3280 2548 vocavit
3322 2503 3541 2560 terram,
3575 2515 3594 2546 ι

2065 2577 2198 2631 dans
2228 2590 2348 2630 esse
2379 2577 2500 2642 diis,
2545 2592 2574 2630 a
2621 2578 2729 2630 ί)ιο
2779 2579 3032 2633 hauriens
3082 2582 3414 2638 abundanter
3461 2587 3602 2639 unde

404 2672 550 2737 ipsos
590 2669 790 2723 elIiciat
828 2668 956 2722 deos
994 2675 1045 2721 et
1083 2666 1222 2720 unde
1265 2666 1368 2720 illis
1400 2667 1548 2735 juxta
1588 2680 1738 2720 suam
1781 2665 1944 2734 ipsius
1995 2665 2282 2719 bonitatem
2321 2667 2638 2734 suppeditet.
2665 2666 2831 2722 Verus
2877 2670 3038 2736 igitur
3059 2672 3198 2728 Deus
3217 2673 3406 2728 estille
3439 2676 3576 2737 Deus

407 2756 548 2829 [cum
579 2758 812 2813 articulo
839 2758 876 2826 :]
902 2756 988 2825 qui
1025 2765 1201 2810 autem
1227 2757 1296 2811 dii
1329 2756 1676 2811 eﬁormantur
1698 2759 1762 2810 ad
1791 2757 1906 2825 ejus
1950 2756 2198 2820 formam,
2229 2756 2372 2811 velut
2419 2758 2674 2826 imagines
2699 2760 2939 2828 quzedam
2978 2773 3101 2817 sunt
3143 2765 3300 2831 primi
3337 2767 3575 2834 exempla

407 2850 500 2904 ris.
553 2849 659 2904 Sed
710 2863 905 2903 rursus
962 2849 1246 2904 multarum
1298 2850 1586 2918 imaginum
1648 2849 1935 2917 archetypa
1984 2847 2157 2915 imago
2197 2859 2279 2903 est
2322 2847 2410 2902 ille
2439 2848 2627 2916 Λόγος,
2678 2852 2764 2919 qui
2813 2859 2893 2906 est
2925 2853 3061 2921 apud
3106 2854 3270 2908 Deum
3313 2856 3366 2909 in
3397 2855 3589 2924 princi.

409 2943 493 3011 pio
518 2943 809 3004 exsistens,
843 2942 967 3010 quia
1010 2941 1080 2994 sit
1121 2943 1258 3009 apud
1305 2941 1472 2995 Deum
1515 2955 1724 3007 semper
1773 2954 1993 2994 manens
2031 2940 2192 3002 Deus,
2226 2939 2637 3008 haudquaquam
2678 2942 2730 2996 id
2773 2943 3054 2999 habiturus
3097 2945 3208 3013 nisi
3242 2946 3381 3012 apud
3431 2946 3592 3001 Deum

407 3042 564 3096 esset,
583 3043 634 3084 et
651 3032 1065 3100 haudquaquam
1091 3031 1226 3084 Deus
1247 3044 1547 3092 mansurus,
1569 3029 1671 3082 nisi
1704 3038 1960 3097 perpetuo
1991 3031 2369 3098 permansisset
2390 3031 2442 3084 in
2463 3031 2909 3098 contemplatione
2934 3041 3168 3101 paternae
3195 3036 3595 3102 profunditatis.

472 3126 525 3178 5.
566 3123 702 3175 Ἀλλ’
737 3123 862 3175 ἐπεὶ
903 3123 1048 3185 εἰκὸς
1074 3121 1183 3190 (81)
1211 3120 1533 3192 προσκόψειν
1563 3120 1711 3182 τινὰς
1737 3122 1846 3193 τοῖς
1878 3122 1955 3173 εἰ·

2126 3123 2178 3176 5.
2213 3121 2318 3177 Sed
2359 3121 2609 3189 quoniam
2658 3121 2887 3177 fortasse
2927 3125 3214 3179 verisimile
3241 3137 3324 3180 est
3352 3127 3594 3183 futurum

413 3214 676 3284 ρημένοις,
711 3213 832 3273 ἐνὸς
867 3211 963 3280 μὲν
992 3209 1239 3280 ἀληθινοῦ
1267 3209 1400 3261 Θεοῦ
1427 3208 1521 3261 τοῦ
1549 3208 1758 3277 Πατρὸς
1785 3209 1959 3275 ἀπαγ-

2063 3221 2118 3264 ιιι
2138 3212 2286 3266 multi
2316 3211 2653 3266 oll‘endantur
2680 3213 2803 3282 quia
2833 3213 3127 3270 dixerimus
3160 3231 3322 3270 unum
3352 3231 3473 3274 esse
3504 3235 3593 3275 ve-

411 3302 720 3371 τελλομένου
745 3341 758 3364 ,
789 3300 940 3370 παρὰ
972 3300 1027 3351 δὲ
1059 3299 1148 3351 τὸν
1173 3299 1418 3369 ἀληθινὸν
1445 3299 1574 3350 Θεὸν
1614 3297 1748 3349 θεῶν
1785 3297 1959 3350 πλειό-

2063 3317 2175 3353 rum
2205 3301 2394 3364 Deum,
2423 3314 2612 3368 nempe
2655 3299 2887 3366 Patrem,
2911 3311 2965 3357 et
2990 3313 3184 3373 praeter
3209 3306 3374 3363 Deum
3408 3324 3594 3366 verum

411 3411 509 3446 νων
540 3397 603 3463 τῇ
651 3395 853 3462 μετοχῇ
889 3391 983 3442 τοῦ
1017 3389 1146 3440 Θεοῦ
1175 3387 1502 3457 γινομένων,
1540 3385 1958 3454 εὐλαϐουμένους

2063 3390 2251 3443 multos
2288 3389 2460 3444 factos
2500 3392 2627 3444 deos
2672 3393 3083 3459 participatione
3149 3396 3240 3450 Dei
3284 3415 3298 3451 :
3351 3411 3596 3456 verentes

409 3484 500 3564 τὴν
521 3484 611 3536 τοῦ
641 3485 821 3535 πᾶσαν
843 3480 1016 3532 κτίσιν
1038 3478 1385 3547 ὑπερέχοντος
1409 3475 1562 3540 δόξαν
1585 3473 1832 3540 ἐξισῶσαι
1849 3478 1958 3536 τοῖς

409 3573 604 3634 λοιποῖς
626 3572 726 3641 τῆς
754 3569 890 3630 Θεὸς
916 3566 1282 3637 προσηγορίας
1317 3564 1672 3634 τυγχάνουσι,
1717 3565 1851 3633 πρὸς
1891 3569 1955 3634 τῇ

410 3661 761 3730 ἀποδεδομένῃ
786 3658 1049 3724 διαφορᾷ,
1076 3655 1191 3707 καθ’
1231 3654 1296 3723 ἢν
1335 3653 1640 3722 ὲφάσκομεν
1683 3654 1810 3705 πᾶσι
1847 3656 1957 3713 τοῖς

410 3751 600 3812 λοιποῖς
645 3750 789 3809 θεοῖς
837 3748 1077 3800 διάκονον
1127 3741 1264 3796 εἶναι
1294 3744 1393 3812 τῆς
1436 3741 1682 3809 θεότητος
1713 3740 1800 3792 τὸν
1826 3739 1956 3802 Θεὸν

409 3842 593 3908 Λόγον,
627 3841 721 3895 καὶ
763 3838 967 3906 ταύτην
1005 3835 1372 3907 παραπατέον
1394 3849 1408 3864 ο
1448 3835 1476 3885 6
1517 3831 1623 3901 γὰρ
1663 3831 1720 3882 ὲν
1746 3830 1956 3898 ἑκάστῳ

402 3929 555 3996 *λόγος
580 3929 687 3982 τῶν
710 3926 945 3995 λογικῶν
970 3925 1152 3977 τοῦτον
1179 3924 1268 3976 τὸν
1309 3922 1460 3989 λόγον
1484 3920 1595 3989 ἔχει
1630 3919 1762 3987 πρὸς
1785 3918 1872 3973 τὸν
1898 3921 1954 3971 ἐν

407 4021 542 4089 ἀρχῇ
584 4019 738 4086 λόγον
768 4019 904 4087 πρὸς
938 4018 1028 4070 τὸν
1071 4016 1202 4069 Θεὸν
1223 4057 1236 4079 ,
1273 4015 1402 4066 ὄντα
1446 4012 1613 4079 Λόγον
1642 4011 1790 4073 Θεὸν,
1836 4011 1894 4062 ὃν
1927 4013 1954 4062 ὁ

407 4111 533 4172 Θεὸς
575 4113 745 4179 Λόγος
790 4111 924 4179 πρὸς
957 4111 1045 4162 τὸν
1091 4109 1222 4160 Θεόν
1246 4123 1260 4137 σ
1284 4103 1380 4169 ’ὡς
1421 4105 1527 4175 γὰρ
1556 4103 1820 4165 αὐτόθεος,
1862 4104 1954 4156 καὶ

406 4201 649 4270 ἀληθινὸς
667 4202 800 4263 Θεὸς
822 4203 849 4251 6
882 4200 1066 4269 Πατὴρ
1092 4198 1226 4268 πρὸς
1254 4197 1432 4248 εἰκόνα
1450 4233 1464 4258 ,
1497 4196 1589 4247 καὶ
1617 4193 1824 4254 εἰκόνας
1859 4193 1953 4260 τῆς

407 4292 626 4354 εἰκόνος,
653 4292 728 4344 διὸ
757 4291 853 4344 καὶ
883 4291 1000 4342 κατ’
1029 4288 1212 4340 εἰκόνα
1237 4286 1476 4352 λέγονται
1502 4281 1638 4338 εἶναι
1671 4285 1719 4335 οἱ
1747 4282 1954 4351 ἄνθρω-

2060 3479 2281 3548 gloriam
2341 3479 2473 3547 ejus,
2538 3481 2626 3548 qui
2691 3494 2902 3534 onmem
2949 3491 3256 3537 creaturam
3315 3489 3596 3554 praecellit,

2057 3567 2255 3632 aequari
2289 3565 2504 3633 reliquis
2531 3567 2895 3621 obtinentibus
2921 3569 3332 3637 appellationem
3359 3573 3450 3627 Dei
3480 3575 3596 3631 sine

2059 3672 2108 3708 at
2124 3655 2304 3716 ticulo,
2331 3665 2520 3721 praeter
2543 3657 2721 3708 datam
2743 3655 3118 3724 diﬂerentiam,
3135 3674 3403 3730 perquam
3431 3663 3593 3718 Deum

2058 3746 2225 3812 Λόγον
2273 3745 2510 3799 diximus
2558 3745 2776 3812 reliquis
2821 3747 3067 3802 omnibus
3136 3750 3239 3804 diis
3291 3753 3592 3810 ministrum

2055 3849 2175 3888 esse
2199 3833 2434 3898 deitatis,
2466 3834 2626 3888 etiam
2657 3835 2769 3890 haec
2805 3834 3108 3892 diﬂ‘erentia
3133 3848 3215 3896 est
3257 3843 3590 3908 apponenda-

2057 3924 2129 3978 Ea
2161 3924 2301 3978 enim
2327 3923 2462 3977 ratio
2492 3939 2609 3990 qua:
2660 3925 2713 3977 in
2751 3925 2974 3993 singulis
3029 3929 3254 3983 rationis
3306 3933 3594 3998 capacibus

2056 4014 2218 4076 inest,
2249 4013 2489 4066 eamdem
2523 4013 2972 4080 comparationem
3029 4014 3192 4068 habet
3220 4016 3289 4070 ad
3327 4018 3471 4074 illam
3503 4034 3594 4071 ra-

2054 4102 2252 4156 tionem
2283 4116 2404 4168 qua:
2451 4102 2505 4154 in
2551 4101 2814 4169 principio
2860 4104 2998 4170 apud
3031 4103 3196 4158 Deum
3239 4114 3344 4170 est,
3379 4117 3432 4160 et
3451 4109 3592 4162 Deus

2052 4203 2134 4245 cst
2157 4192 2346 4259 Λόγος,
2387 4206 2542 4258 quam
2579 4190 2741 4244 habet
2785 4189 2924 4245 Deus
2947 4192 3135 4259 Λόγος,
3182 4193 3258 4264 [id
3287 4204 3370 4249 est
3409 4193 3588 4264 ratio].

2053 4280 2169 4332 sine
2197 4279 2427 4332 articulo
2445 4278 2510 4332 ad
2532 4279 2694 4332 Deum
2722 4277 2866 4330 illum
2895 4277 3038 4348 [cum
3064 4280 3334 4351 articulo.]
3358 4279 3424 4335 Ut
3443 4283 3590 4335 enim

406 4396 494 4432 ποι
512 4418 526 4440 ,
568 4383 668 4433 οὐκ
711 4380 917 4442 εἰκόνες
941 4418 954 4441 ,
980 4378 1150 4439 οὕτως
1179 4377 1207 4427 6
1243 4375 1402 4437 αὐτὸς
1425 4375 1591 4441 Λόγος
1623 4372 1754 4441 πρὸς
1777 4371 1865 4423 τὸν
1894 4370 1950 4422 ὲν

2063 4368 2207 4422 Pater
2235 4368 2500 4430 αὑτόθεος,
2521 4365 2646 4436 [hoc
2671 4377 2886 4434 est,per
2908 4382 2965 4421 se
2979 4368 3205 4432 Deus,et
3225 4385 3384 4426 verus
3404 4369 3591 4442 Dens,]

842 4430 847 4432 ν
868 4430 1168 4536 ’Λμφότερα
1211 4459 1314 4536 γὰρ
1542 4430 1649 4530 Eiet
1668 4430 1861 4530 ,χώραν
1881 4476 1893 4487 '
1926 4461 1954 4510 6

2063 4474 2116 4514 se
2146 4459 2306 4512 habet
2349 4457 2415 4511 ad
2440 4430 2751 4524 imaginem,
2793 4430 2850 4512 et
2896 4461 2963 4513 ad
3010 4430 3272 4529 imagines
3318 4430 3591 4530 imaginis;

409 4557 504 4626 μὲν
545 4559 732 4630 Πατὴρ
767 4558 1043 4629 θεότητος,
1074 4559 1102 4608 6
1145 4555 1200 4607 δὲ
1235 4555 1357 4616 Υἱὸς
1383 4553 1570 4619 Λόγου.
1609 4552 1812 4620 Ὠσπερ
1862 4544 1953 4601 οὖν

407 4645 515 4699 θεοὶ
546 4648 757 4710 πολλοὶ,
786 4648 898 4700 ἀλλ’
941 4648 1070 4715 ἡμῖν
1113 4639 1192 4705 εἷς
1228 4643 1356 4705 Θεὸς
1388 4645 1416 4695 ό
1443 4643 1648 4710 Πατὴρ,
1682 4640 1774 4691 καὶ
1823 4637 1952 4690 πολι⁸

405 4737 484 4789 λοὶ
522 4738 721 4808 κύριοι,
767 4738 879 4790 ἀλλ’
913 4739 1043 4806 ἡμῖν
1077 4731 1159 4796 εἷς
1195 4733 1394 4801 Κύριος
1433 4730 1634 4800 Ἰησοῦς
1677 4729 1911 4799 Χριστὸς
1933 4767 1948 4791 ,

405 4825 572 4890 οὕτως
593 4826 773 4878 πολλοὶ
797 4827 962 4892 λόγοι,
987 4823 1100 4876 ἀλλ’
1130 4824 1258 4892 ἡμῖν
1281 4819 1542 4888 εὐχόμεθα
1568 4820 1711 4879 ὅπως
1740 4816 1950 4887 ὑπάρξῃ

473 4920 520 4952 ⁷⁸
557 4918 717 4974 Joan.
744 4919 948 4983 xvu,5.
1029 4918 1074 4948 ⁷⁸
1125 4914 1266 4967 Psal.
1301 4929 1442 4975 thx,
1479 4915 1528 4966 ‘l.

476 5009 587 5076 (78)
609 5009 679 5062 ΤἨ
699 5006 1118 5076 ἀρνουμένους,
1135 5002 1249 5068 τὴν
1279 5005 1543 5076 θεότητα,
1564 5011 1667 5056 etc.
1684 5001 1948 5076 _0t'ige_nes

476 5043 586 5076 μυ,
610 5043 673 5062 μ
699 5043 1094 5075 υνιυυμσνυυι,
1140 5043 1230 5068 νη,
1279 5043 1537 5068 suum“,
1564 5043 1667 5056 νη..
1699 5043 1948 5080 suos"..-

405 5075 498 5129 lib.
525 5092 601 5130 vn
645 5080 702 5130 in
746 5077 914 5142 Epist.
947 5077 1014 5149 qd
1079 5073 1329 5149 Romam.
1368 5086 1488 5149 eap.
1517 5072 1550 5124 9
1579 5087 1609 5149 :_
1630 5087 1648 5120 ι
1679 5071 1742 5149 Et
1786 5084 1949 5149 puror

408 5147 674 5209 quomodo
707 5137 920 5212 quidam
961 5142 1203 5212 legentes
1217 5137 1382 5212 “quod
1418 5137 1553 5190 idem
1584 5137 1866 5212 Apostolus
1897 5137 1948 5187 in

407 5203 523 5265 aliis
571 5203 758 5265 dicit':
807 5210 956 5262 Unus
1004 5203 1146 5271 Deus
1203 5203 1360 5255 Pater
1411 5221 1474 5256 ex
1507 5203 1852 5271 quo’omnia,
1901 5213 1948 5256 et

411 5295 540 5332 unus
589 5282 842 5333 Dominus
900 5276 1060 5329 Iesus
1117 5270 1351 5323 Christus
1397 5289 1485 5334 per
1520 5270 1682 5338 quem
1739 5273 1948 5334 omnia,

411 5360 600 5414 negent
675 5347 866 5401 Filium
945 5342 1040 5396 Dei
1101 5340 1262 5389 Deum
1316 5341 1512 5391 debere
1569 5340 1836 5404 proﬁteri,
1889 5355 1954 5391 ne

411 5415 537 5458 ιΙιιης
571 5418 706 5458 nens
742 5416 921 5458 dicere
951 5410 1286 5458 vidcantur.)
1321 5405 1578 5458 HUETIUS.

409 5415 537 5467 duos
570 5418 706 5469 Deos
742 5416 921 5466 dicere
951 5415 1286 5459 vidcantur.)
1322 5415 1578 5459 Hunnus.

480 5484 584 5552 (79)
616 5482 875 5552 Aérozto,
919 5478 1010 5552 §ic
1037 5475 1210 5552 codex
1237 5474 1589 5537 Bodleianus;
1623 5472 1758 5525 male
1788 5473 1953 5526 codex

414 5539 617 5620 Regius,
645 5539 877 5620 lé'rotftb
911 5539 988 5620 ᾦν,
1015 5548 1124 5620 θιῇ
1177 5607 1207 5620 ..
1245 5609 1255 5620 .
1515 5608 1527 5620 .
1615 5606 1652 5620 ,.
1728 5606 1740 5618 .

477 5604 776 5687 (turma.
798 5616 870 5669 Ita
889 5604 1064 5664 codex
1079 5604 1414 5674 Bodleianus;
1429 5608 1597 5663 codex
1615 5606 1828 5673 Regius,
1847 5606 1948 5659 ἔτι.

2057 4563 2218 4617 quam
2256 4547 2325 4601 ob
2349 4561 2562 4602 causam
2591 4547 2752 4601 etiam
2777 4547 3024 4601 dicuntur
3055 4549 3296 4602 homines
3334 4563 3436 4602 non
3471 4563 3592 4604 esse

2059 4638 2336 4705 imagines,
2367 4635 2456 4690 sed
2481 4635 2546 4688 ad
2569 4636 2875 4704 imaginem,
2919 4636 2996 4690 sic
3030 4636 3170 4688 hunc
3213 4637 3265 4690 in
3293 4637 3502 4690 modum
3530 4652 3591 4690 se

2059 4729 2216 4782 habet
2237 4728 2375 4782 idem
2391 4726 2577 4794 Λόγος,
2603 4726 2726 4797 [hoc
2741 4734 2842 4790 est,
2866 4727 2976 4793 ipsa
3003 4726 3185 4795 ratio,]
3211 4727 3276 4781 ad
3306 4740 3446 4789 eam,
3471 4741 3590 4793 quze

2058 4825 2138 4869 est
2162 4814 2214 4868 in
2240 4815 2477 4886 singulis,
2508 4813 2790 4869 rationem.
2817 4813 3052 4881 Utraque
3078 4813 3218 4901 enim
3247 4813 3419 4867 locum
3446 4814 3588 4867 obti-

2124 4995 2232 5062 (8l)
2280 4992 2430 5064 Ἀλλ’
2460 4991 2584 5064 ἐπεὶ
2630 4992 2964 5064 εἰκόςηειο.
3005 4985 3308 5064 audiendus
3351 4985 3401 5036 in
3446 4985 3588 5064 hunc

2053 5052 2226 5118 locum
2277 5063 2492 5129 Dionys.
2541 5052 2784 5129 Petavius
2825 5057 2918 5129 lib.
2941 5070 2962 5129 _I
3014 5053 3089 5104 De
3121 5052 3336 5129 Triuia,
3365 5067 3492 5129 cap:
3517 5054 3586 5111 Δ,

2053 5151 2106 5187 ιι.
2136 5133 2190 5185 5.
2226 5129 2350 5182 Mihi
2391 5121 2569 5200 tamen
2600 5127 2650 5200 id
2684 5125 2844 5184 dolet,
2881 5123 3117 5187 iniquum
3152 5122 3286 5200 adeo
3318 5121 3368 5172 in
3402 5122 3585 5200 Orige-

2056 5215 2173 5253 nem
2219 5213 2276 5251 se
2324 5199 2555 5263 gessisse
2601 5195 2772 5263 virum
2823 5203 3105 5256 magnum,
3153 5197 3212 5240 ut
3248 5203 3367 5252 quae
3416 5195 3588 5240 minus

2056 5282 2182 5320 sana
2213 5267 2264 5318 in
2294 5258 2358 5316 eo
2405 5258 2888 5328 deprehenduntur,
2933 5269 3191 5328 germana
3228 5268 3369 5328 esse,
3418 5269 3589 5322 neque

2056 5338 2124 5389 ab
2152 5333 2362 5384 Arianis
2395 5322 2612 5388 inserta,
2645 5336 2828 5399 contra
2868 5322 3041 5399 ttuliui
3077 5322 3441 5399 testimonium
3477 5336 3590 5399 per-

2057 5387 2286 5456 tenderit
2321 5420 2330 5450 :
2361 5413 2478 5463 qua:
2521 5411 2646 5464 vero
2693 5393 3001 5446 orthodoxae
3024 5397 3164 5464 sunt
3210 5387 3599 5464 tit.l.ei.,‘_amiga

2059 5452 2226 5522 manu
2277 5452 2488 5532 adtexta
2555 5463 2952 5532 l'ttissecontra
3009 5455 3303 5532 Athanasii
3349 5456 3475 5532 (lib:
3524 5452 3602 5532 De

2055 5521 2241 5589 decrel.
2301 5531 2530 5587 Nica’ua:
2585 5530 2802 5600 synodi)
2847 5526 3229 5581 auctoritatem
3304 5521 3602 5574 crediderit.

2058 5605 2315 5660 HUE'I‘IUS.
