3848 6168
397 323 495 376 111

1799 296 2110 353 ORIGENIS
3587 274 3622 326 1
3655 271 3666 323 ¹

403 429 713 486 nentl‘ontis
769 434 820 479 ct
851 421 1105 490 originis;
1146 417 1302 470 Pater
1347 413 1564 482 quidem
1610 410 1923 472 divinitatis,

2029 411 2050 460 6
2078 409 2133 460 ἐν
2176 408 2312 478 ἀρχῇ
2340 407 2506 472 Λόγος
2525 445 2537 467 ,
2569 404 2596 456 6
2631 401 2764 472 πρὸς
2793 399 2883 452 τὸν
2907 396 3039 450 Θεὸν
3071 394 3149 446 ὢν
3174 394 3203 446 6
3228 391 3368 453 Θεὸς
3410 388 3666 453 Λόγος

399 521 564 576 Filius
591 532 716 571 vero
743 515 930 580 Λόγου,
962 510 1034 579 [id
1061 515 1160 570 est,
1193 500 1927 573 rationis].Quemadmodum

400 623 528 678 ergo
555 607 626 659 dii
659 602 823 664 multi,
851 598 942 652 sed
976 596 1126 650 nobis
1150 609 1286 648 unus
1317 592 1454 645 Deus
1481 584 1597 652 est,
1624 603 1814 656 nempe
1838 586 1930 640 ille

398 677 594 758 Pallor;
643 699 696 743 et
745 687 893 742 multi
943 683 1138 738 domini
1181 691 1323 748 sunt,
1372 680 1460 734 sed
1489 679 1640 732 nobis
1663 693 1800 730 unus
1830 677 1930 730 Do-

399 785 575 836 minus
597 787 679 833 est
697 773 847 830 Jesus
865 773 1106 829 Christus
1132 787 1147 824 :
1169 771 1247 823 sic
1267 767 1413 821 multi
1439 768 1598 820 etiam
1621 773 1745 818 sunt
1762 765 1927 830 λόγοι,

399 871 527 942 [hoc
569 877 670 930 est,
695 859 974 931 rationes,]
1019 859 1109 912 sed
1159 857 1314 910 nobis
1346 855 1493 908 illum
1532 853 1721 920 Λόγον,
1751 852 1829 922 [id
1851 859 1931 904 est

401 941 659 1014 rationem
685 949 874 1018 illam,]
897 961 1176 1018 precamur
1210 946 1408 1009 inesse,
1443 957 1559 1012 qum
1589 953 1672 996 est
1701 942 1752 994 in
1782 941 1922 1010 prin-

401 1047 558 1116 cipio,
603 1057 720 1112 quas
760 1049 840 1095 est
872 1038 1008 1106 apud
1042 1037 1202 1089 Deum
1253 1033 1393 1086 Deus
1423 1031 1612 1097 Λόγος.
1642 1028 1742 1094 Qui
1787 1027 1930 1080 enim

398 1114 500 1189 non
527 1133 668 1202 capit
725 1129 892 1195 Λόγον
922 1127 1081 1190 hunc,
1123 1121 1199 1193 [id
1229 1131 1328 1183 εει,
1358 1116 1663 1188 rationem,]
1704 1131 1821 1185 qua:
1874 1114 1927 1168 in

395 1221 657 1292 principio
705 1217 841 1285 apud
895 1215 1060 1268 Deum
1115 1221 1215 1276 est,
1261 1218 1354 1264 aut
1397 1209 1564 1276 ipsum
1594 1213 1926 1273 assequetur,

399 1322 659 1382 quatenus
706 1320 832 1361 caro
875 1303 1047 1357 factus
1091 1310 1192 1366 est,
1236 1307 1331 1353 aut
1368 1297 1635 1367 particeps
1676 1292 1930 1348 eﬂicietur

399 1401 622 1465 alicujus
665 1410 868 1459 eorum,
911 1393 998 1461 qui
1031 1392 1200 1457 Λόγον
1232 1390 1391 1451 hunc,
1416 1385 1491 1457 [id
1523 1393 1627 1450 est,
1667 1384 1928 1437 rationem

398 1493 590 1561 ipsam,
597 1489 616 1558 J
647 1493 1000 1554 assequuntur
1031 1497 1045 1534 :
1085 1483 1130 1536 si
1175 1494 1304 1534 vero
1344 1493 1439 1532 nec
1469 1475 1692 1544 alicujus
1717 1473 1927 1542 quidem

400 1578 709 1646 borutn,qui
741 1574 896 1642 hujus
927 1573 1147 1626 rationis
1175 1569 1462 1639 participes
1489 1565 1774 1627 exsistunt,
1806 1575 1930 1629 par-

2027 498 2083 560 ὃς
2115 496 2219 566 γὰρ
2251 497 2310 548 ού
2347 497 2510 564 χωρεῖ
2541 491 2724 544 τοῦτον
2747 490 2836 542 τὸν
2863 488 3036 554 Λόγον
3058 485 3150 536 τὸν
3181 485 3239 534 ὲν
3270 481 3445 549 ἀρχῇ
3518 478 3666 566 πρέ

2026 586 2114 638 τὸν
2129 562 2287 646 Θεὸν,
2312 562 2590 653 ήτοι-αὑτῷ
2611 577 2880 647 γενομένῳ
2898 574 3061 645 σαρκὶ
3089 569 3379 642 προσέξει,
3427 566 3479 635 ἦ
3523 562 3666 633 μεε

2027 675 2132 738 ἐξει
2171 673 2277 726 τῶν
2317 670 2719 742 μετεσχηκότων
2751 668 2890 726 τινὸς
2927 663 3119 716 τούτου
3179 659 3274 712 τοῦ
3316 657 3565 724 Λόγου
3606 691 3627 715 ,

2027 760 2313 816 ἀποπεσὼν
2337 760 2428 812 τοῦ
2463 758 2705 828 μετέχειν
2733 756 2822 808 τοῦ
2871 750 3290 824 μετεσχηκότος,
3324 748 3394 799 ὲν
3448 743 3665 797 πάντ’

2027 852 2281 922 ἀλλοτρίῳ
2303 849 2394 902 τοῦ
2426 850 2582 916 λόγου
2613 847 2761 898 ἔσται
2784 843 3124 912 καλουμένῳ.
3155 839 3335 906 Σαφες
3357 837 3442 889 δὲ
3491 835 3666 886 ἐστο

2027 943 2086 994 τὸ
2125 921 2403 1012 εἰρημένον
2443 941 2504 991 ἐκ
2533 935 2981 1007 παραδειγμάτων
3006 932 3114 983 τῶν
3141 929 3272 999 περὶ
3300 926 3415 980 τοῦ
3475 921 3666 976 Θεοῦ

2027 1029 2225 1083 καὶτοῦ
2255 1027 2605 1094 ΘεοῦΛόγου,
2645 1025 2738 1077 καὶ
2753 1023 3041 1092 θεῶν,ήτοι
3070 1018 3434 1090 μετεχόντων
3475 1012 3666 1067 Θεοῦ

2026 1119 2059 1188 ἢ
2093 1119 2391 1187 λεγομένων
2418 1117 2532 1186 μὲν,
2561 1113 2804 1182 οὐδαμῶς
2833 1111 2888 1163 δὲ
2921 1111 3090 1162 ὄντων
3124 1108 3285 1170 θεῶν,
3315 1104 3433 1157 καὶ
3470 1101 3657 1156 πάλι

2027 1210 2197 1274 Λόγου
2225 1207 2380 1269 Θεοῦ,
2407 1206 2501 1258 καλ⁸
2526 1204 2694 1270 Λόγου
2725 1200 3011 1271 γενομένου
3057 1195 3194 1250 Θεοῦ
3239 1193 3512 1265 σαρκὸς,
3563 1209 3666 1244 κα.

2026 1300 2198 1366 λόγων
2228 1296 2337 1367 (82)
2377 1296 2492 1365 ἦτοι
2521 1294 2849 1364 μετεχόντων
2881 1307 2996 1352 πως
3037 1287 3132 1340 τοῦ
3169 1287 3350 1354 Λόγου
3379 1323 3401 1348 ,
3449 1285 3666 1350 λόγω*

2025 1388 2316 1457 δευτέρων,
2349 1387 2382 1456 ἢ
2415 1385 2641 1456 τρίτων,
2677 1383 2825 1453 παρά
2855 1383 2944 1434 τὸν
2977 1380 3084 1450 πρὸ
3122 1378 3346 1432 πάντων
3392 1376 3666 1444 νομιζο

2030 1477 2200 1547 μένων
2231 1477 2326 1546 μὲν
2356 1467 2545 1542 λόγων,
2579 1473 2676 1525 οὐκ
2705 1473 2868 1524 ὄντων
2896 1471 2952 1523 δὲ
2977 1469 3196 1539 ἀληθῶς
3224 1467 3449 1535 λόγων,
3492 1463 3657 1517 ἀλλ’

2028 1565 2091 1617 ἵν’
2120 1563 2288 1626 οὕτως
2311 1565 2463 1628 εῐπω,
2496 1563 2612 1616 ὅλον
2637 1561 2790 1614 τοῦτο
2814 1561 3022 1627 ἀλόγων
3052 1559 3250 1625 λόγων,
3282 1556 3510 1626 ὥσπερ
3557 1555 3666 1608 xui

400 1670 568 1736 ticeps
604 1665 737 1720 eﬂici
768 1662 982 1734 poterit,
1015 1663 1068 1714 in
1105 1671 1332 1712 numero
1357 1655 1572 1711 omnino
1600 1667 1787 1707 eorum
1825 1649 1928 1704 erit

2029 1653 2115 1706 ἐπὶ
2141 1651 2246 1706 τῶν
2273 1651 2573 1722 λεγομένων
2602 1652 2717 1721 μὲν,
2749 1651 2846 1701 οὐκ
2876 1649 3042 1700 ὄντων
3067 1647 3122 1698 δὲ
3150 1647 3291 1698 θεῶν
3325 1645 3530 1709 τάξαι
3569 1662 3666 1707 τις

399 1757 488 1824 (ιυί
507 1727 549 1808 ἰι
581 1727 786 1808 ratione
813 1749 970 1803 alieni
999 1748 1268 1801 dicuntur.
1319 1743 1374 1798 ld
1400 1752 1575 1796 autem
1610 1740 1750 1810 quod
1787 1738 1926 1792 dixi-

2029 1739 2090 1793 ἂν
2131 1741 2250 1792 ἀντὶ
2281 1739 2371 1792 τοῦ
2404 1739 2608 1806 ἀλόγων
2652 1739 2820 1806 λόγων
2852 1737 2911 1789 τὸ
2943 1737 3003 1788 ού
3033 1736 3173 1788 θεῶν
3208 1735 3371 1788 θεῶν.
3422 1736 3501 1787 Ὁ
3546 1736 3666 1804 μὲν

401 1861 540 1909 mus,
574 1843 743 1913 palam
774 1839 1034 1895 eﬂicietur
1069 1851 1132 1890 ex
1166 1832 1423 1900 exemplis
1448 1833 1513 1884 de
1534 1832 1641 1884 Deo
1671 1829 1781 1892 illo,
1812 1826 1928 1897 [qui

400 1936 504 2005 52
532 1931 799 2002 profertur
845 1943 966 1982 cum
1012 1922 1281 1993 articulo,]
1304 1931 1356 1977 et
1385 1920 1450 1976 de
1473 1919 1562 1974 illo
1599 1919 1778 1987 Λόγῳ,
1806 1930 1928 2005 cum

397 2004 669 2092 articulo,]
686 2021 772 2088 qui
801 2029 882 2074 est
905 2019 1062 2082 Deus,
1084 2015 1200 2070 sine
1238 2011 1480 2074 articulo,
1514 2008 1646 2079 [tum
1676 2007 1835 2061 etiam
1867 2004 1932 2058 de

399 2115 523 2179 diis,
551 2113 642 2181 qui
672 2110 754 2165 vel
789 2107 1106 2179 participant
1135 2105 1322 2165 Deum,
1363 2101 1442 2154 vel
1485 2099 1558 2152 dii
1600 2097 1811 2168 quidem
1851 2095 1932 2149 di-

397 2212 613 2267 cuntur,
645 2199 786 2255 nullo
818 2206 970 2264 pacto
996 2203 1171 2248 autem
1200 2202 1356 2257 sunt;
1383 2200 1436 2244 et
1466 2203 1654 2242 rursus
1684 2187 1747 2240 de
1776 2184 1932 2252 Λόγῳ

397 2293 530 2356 Deo,
575 2299 630 2344 et
677 2288 744 2342 de
788 2286 941 2352 Λόγῳ
971 2282 1060 2350 qui
1104 2282 1273 2333 factus
1312 2287 1394 2332 est
1443 2291 1589 2340 caro,
1632 2287 1834 2328 necnon
1867 2273 1932 2325 de

397 2381 572 2448 λόγοις
599 2377 689 2447 (ιυί
720 2377 860 2430 hunc
889 2373 1114 2441 quodam
1147 2369 1304 2423 modo
1329 2367 1669 2436 participant,
1705 2372 1760 2417 et
1787 2361 1932 2428 λόγοι

400 2465 619 2524 secundi
670 2480 732 2520 ac
778 2465 921 2518 tertii
950 2462 1018 2516 ab
1056 2461 1173 2525 ipso
1213 2457 1486 2519 dicuntur,
1531 2465 1584 2508 et
1622 2452 1764 2519 λόγοι
1814 2464 1933 2504 εεεε

399 2556 791 2616 existimantur,
815 2565 933 2604 cum
960 2559 1134 2601 tamen
1161 2560 1285 2600 vere
1315 2559 1417 2597 non
1459 2543 1588 2604 sint,
1617 2541 1709 2595 sed
1735 2540 1928 2608 potius,

399 2653 459 2698 ut
487 2643 561 2696 ita
607 2642 814 2708 loquar,
844 2649 1060 2708 prorsus
1103 2633 1206 2687 dici
1249 2639 1518 2685 merentur
1544 2629 1722 2696 ἀλογοι
1762 2627 1930 2694 λόγοι,

402 2735 528 2808 [hoc
548 2741 630 2787 est
653 2731 884 2784 rationes
906 2723 1240 2780 irrationales
1255 2721 1300 2791 ;]
1322 2719 1756 2789 quemadmodum
1775 2719 1930 2772 etiam

401 2807 468 2880 de
504 2825 590 2889 iis,
615 2823 704 2892 qui
753 2819 825 2874 dii
857 2817 1069 2885 quidem
1103 2813 1370 2875 dicuntur,
1405 2824 1524 2863 cum
1554 2822 1658 2861 non
1687 2808 1812 2868 sint,
1847 2807 1932 2860 di-

398 2924 546 2970 ceret
568 2911 759 2978 aliquis
799 2908 869 2962 dii
900 2921 1002 2959 non
1030 2903 1102 2956 dii
1135 2919 1150 2956 :
1183 2915 1287 2955 non
1327 2913 1486 2953 secus
1513 2897 1654 2950 enim
1685 2906 1737 2950 et
1768 2895 1820 2948 hi
1843 2909 1934 2948 vo-

401 3011 590 3057 cantur
639 2999 818 3065 ἀλογοι
853 2993 1017 3061 λόγοι,
1043 2991 1168 3064 [hoc
1199 2997 1303 3052 est,
1343 2987 1578 3041 rationes
1602 2985 1808 3039 ratione
1838 2999 1929 3038 ca-

406 3087 633 3159 rentes.]
661 3088 834 3155 Atque
855 3084 943 3139 ille
972 3081 1184 3151 quidem
1211 3079 1349 3133 Deus
1397 3079 1784 3139 universorum,
1816 3073 1928 3128 ele-

405 3178 604 3234 ctionis
645 3185 728 3231 est
765 3174 924 3237 Deus,
953 3181 1009 3226 et
1056 3169 1224 3224 multo
1263 3167 1434 3236 magis
1479 3165 1636 3230 illius,
1665 3165 1752 3232 qui
1792 3164 1928 3218 hanc

400 3263 635 3320 servavit
694 3279 708 3317 :
748 3262 992 3328 deinceps
1058 3270 1261 3322 eorum,
1314 3255 1405 3322 qui
1449 3267 1574 3308 vere
1602 3260 1726 3306 sunt
1755 3251 1846 3316 dii,
1877 3259 1932 3304 et

401 3359 461 3407 ut
481 3350 648 3405 semel
690 3349 884 3410 dicam,
937 3347 1076 3400 Deus
1115 3354 1197 3398 est
1227 3344 1531 3405 viventium,
1561 3351 1617 3396 et
1650 3355 1753 3394 non
1782 3355 1928 3395 mor-

401 3450 613 3494 tuorum
632 3434 696 3498 7‘;
716 3430 1057 3487 atverol)eus
1081 3433 1267 3500 Λόγος,
1294 3432 1523 3484 fortasse
1557 3430 1694 3484 Deus
1727 3439 1809 3484 est
1836 3444 1929 3484 eo-

400 3542 520 3582 rum
550 3526 642 3596 qui
673 3526 726 3580 in
777 3525 892 3594 ipso
920 3523 1115 3578 sistunt
1158 3522 1356 3586 omnia,
1395 3519 1593 3589 quique
1623 3520 1931 3573 existimant

399 3618 575 3686 ipsum
621 3629 738 3670 esse
782 3614 1014 3668 Patrem.
1065 3610 1156 3666 Sol
1184 3622 1382 3676 autem,
1413 3619 1467 3663 et
1506 3609 1647 3672 luna,
1681 3617 1735 3662 et
1763 3617 1928 3672 astra,

399 3715 459 3759 ut
503 3712 624 3759 ante
667 3717 765 3758 nos
815 3703 1025 3771 quidam
1076 3701 1479 3765 disseruerunt,
1532 3698 1636 3752 illis
1678 3699 1928 3752 attributa

399 3789 637 3854 fuerunt,
671 3789 762 3858 qui
795 3790 969 3844 minus
1001 3789 1144 3857 digni
1173 3787 1436 3842 habentur
1468 3797 1528 3842 ut
1573 3787 1662 3841 illo
1693 3787 1846 3841 titulo
1866 3801 1928 3842 ac

401 3881 554 3936 laude
576 3881 1012 3945 cohonestentur,
1040 3888 1097 3933 ut
1121 3881 1260 3934 Deus
1288 3880 1504 3934 deorum
1530 3880 1668 3933 Deus
1695 3879 1928 3946 ipsorum

399 3970 487 4023 sit.
529 3969 618 4024 Sic
647 3978 820 4025 autem
864 3969 1234 4024 intellexerunt
1275 3966 1488 4022 adducti
1531 3969 1708 4023 verbis
1735 3969 1927 4022 Dente‘

397 4058 623 4112 ronomii
649 4071 766 4126 quae
797 4057 866 4111 ita
897 4071 1015 4111 sese
1039 4058 1234 4110 habent
1263 4057 1308 4088 ⁷⁷
1341 4072 1354 4108 :
1383 4073 1402 4106 (
1429 4054 1505 4109 Ne
1529 4070 1648 4109 cum
1677 4070 1931 4124 suspexe-

398 4143 476 4197 r-is
512 4143 562 4196 in
589 4144 804 4206 ctelum,
836 4153 890 4197 et
913 4143 1136 4221 intuitus
1164 4142 1330 4196 fueris
1356 4143 1544 4206 solem,
1578 4153 1632 4198 et
1654 4143 1851 4209 lunam,
1876 4151 1932 4197 et

398 4246 556 4285 omne
610 4232 730 4287 cwli
783 4241 1175 4292 ornamentum,
1217 4233 1466 4299 deceptus
1517 4235 1708 4286 adores
1752 4247 1832 4295 ea,
1873 4243 1928 4287 et

464 4323 511 4352 "
538 4319 723 4372 Matth.
760 4335 891 4384 xm,
921 4320 1008 4372 '52.
1083 4321 1125 4352 "
1155 4320 1306 4374 Deut.
1329 4334 1405 4383 Iv,
1437 4318 1522 4375 19.

2027 1827 2117 1884 οῦν
2145 1830 2274 1892 Θεὸς
2300 1830 2407 1882 τῶν
2439 1830 2572 1883 ὅλων
2597 1829 2696 1898 τῆς
2727 1828 2953 1896 ἐκλογῆς
2989 1827 3098 1896 (85)
3139 1828 3258 1878 ἐστι
3298 1825 3454 1888 Θεὸς
3483 1864 3504 1889 ,
3547 1825 3666 1878 καὶ

2029 1916 2159 1969 πολὺ
2195 1916 2387 1986 μᾶλλον
2419 1915 2511 1967 τοῦ
2543 1915 2641 1984 τῆς
2681 1914 2906 1983 ἐκλογῆς
2939 1914 3190 1983 Σωτῆρος
3210 1930 3225 1944 ο
3259 1913 3476 1965 ἔπειτα
3522 1913 3666 1965 τῶν

2029 2006 2238 2076 ἀληθῶς
2269 2006 2402 2058 θεῶν
2432 2005 2545 2057 ἐστὶ
2570 2005 2718 2067 Θεὸς,
2743 2004 2836 2057 καὶ
2863 2003 3199 2068 ἁπαξαπλῶς
3234 2003 3505 2067 ζώντων,
3547 2004 3666 2055 καὶ

2028 2097 2088 2148 ού
2117 2094 2319 2164 νεκρῶν
2350 2097 2463 2147 ὲστι
2495 2095 2654 2156 Θεός·
2688 2094 2716 2145 ὁ
2747 2093 2803 2145 δὲ
2834 2092 2964 2154 Θεὸς
3010 2093 3182 2160 Λόγος
3223 2091 3370 2162 τάχα
3403 2091 3544 2144 τῶν
3585 2093 3662 2144 ἐν

2029 2185 2174 2255 αὐτῷ
2219 2186 2474 2239 ἱστάντων
2507 2185 2566 2237 τὸ
2591 2187 2696 2236 πᾶν
2731 2185 2824 2237 καὶ
2857 2184 2965 2236 τῶν
2993 2185 3220 2253 Πατέρα
3247 2185 3422 2236 αὐτὸν
3460 2201 3657 2253 νομι-

2031 2273 2226 2336 ζόντων
2255 2272 2369 2324 ἐστὶ
2400 2272 2546 2333 Θεός.
2571 2271 2756 2334 ’Ἤλιος
2787 2271 2843 2324 δὲ
2875 2272 2969 2323 xui.
2991 2272 3189 2342 σελήνη
3223 2273 3319 2324 καὶ
3349 2272 3650 2342 ἀστέρες,

2031 2362 2104 2424 ῶς
2133 2379 2275 2425 τινες
2299 2363 2406 2414 τῶν
2439 2363 2543 2432 πρὸ
2585 2361 2738 2432 ἡμῶν
2772 2361 2880 2431 (84)
2909 2362 3242 2431 διηγήσαντο
3263 2401 3278 2426 ,
3316 2363 3652 2432 ἀπενεμή-

2032 2449 2197 2520 θησαν
2234 2454 2345 2513 τοῖς
2393 2451 2464 2520 μὴ
2509 2451 2678 2516 ἀξίοις
2718 2451 3120 2520 ἐπιγράφεσθαι
3163 2450 3258 2503 τὸν
3307 2451 3455 2503 Θεὸν
3513 2452 3649 2505 τῶν

2032 2541 2185 2604 θεῶν,
2215 2541 2343 2593 Θεὸν
2373 2541 2548 2592 αὐτῶν
2568 2535 2722 2592 εἶναι.
2757 2537 2910 2590 Οὕτω
2934 2539 2989 2591 δὲ
3015 2538 3328 2604 ἐξεδέξαντο
3356 2541 3647 2610 κινηθένο·

2029 2647 2117 2692 τες
2158 2631 2221 2682 ὲκ
2263 2629 2365 2681 τῶν
2412 2629 2468 2680 ὲν
2507 2627 2583 2696 τῷ
2624 2629 3022 2698 Δευτερονομίῳ
3053 2628 3145 2681 τὸν
3172 2629 3381 2698 τρόπον
3417 2630 3644 2684 τοῦτον

2031 2719 2255 2787 ἐχόντων
2278 2732 2292 2747 ·
2335 2735 2353 2768 ι
2382 2717 2474 2786 Μὴ
2502 2715 2804 2784 ἀναϐλέψας
2829 2717 2907 2778 εἰς
2935 2716 3026 2768 τὸν
3057 2717 3319 2785 οὐρανὸν,
3349 2719 3451 2770 καὶ
3494 2718 3641 2772 ίδὼν

2030 2809 2120 2859 τὸν
2149 2807 2296 2875 ἥλιον
2317 2847 2331 2870 ,
2365 2807 2458 2859 καὶ
2483 2805 2580 2876 τὴν
2615 2805 2839 2875 σελήνην
2858 2845 2873 2869 ,
2903 2807 2996 2858 καὶ⁹
3039 2807 3221 2860 πάντα
3257 2808 3351 2860 τὸν
3401 2809 3638 2878 κόσμον

2029 2895 2121 2947 τοῦ
2165 2894 2388 2963 οὐρανοῦ
2412 2933 2426 2959 ,
2473 2893 2760 2964 πλανηθεὶς
2814 2897 3200 2966 προσκυνήσῃς
3244 2897 3438 2960 αὐτοῖς
3463 2937 3481 2962 ,
3523 2900 3633 2950 καὶ

2031 2984 2324 3054 λατρεύσῃς
2370 2985 2581 3046 αὐτοῖς,
2607 2984 2644 3036 ἀ
2682 2984 2974 3051 ἀπένειμεν
3005 2985 3145 3038 αὐτὰ
3177 2985 3388 3057 Κύριος
3419 2990 3453 3040 ὁ
3482 2988 3632 3049 Θεός

2034 3088 2126 3124 σου
2151 3073 2279 3124 πᾶσι
2307 3072 2415 3134 τοῖς
2443 3071 2644 3123 ἔθνεσιν
2667 3086 2680 3100 ·
2696 3089 2714 3122 ι
2743 3072 2868 3141 ὑμῖν
2886 3073 2943 3125 δὲ
2961 3073 3059 3142 οὐχ
3085 3073 3258 3138 οὕτως
3287 3076 3466 3129 ἔδωκε
3501 3077 3627 3130 Κύ-

2035 3177 2147 3231 ριος
2168 3161 2196 3210 ὁ
2223 3160 2350 3224 Θεός
2384 3177 2497 3212 σου.
2521 3159 2642 3222 Πῶς
2666 3161 2774 3230 γὰρ
2796 3162 3059 3232 ἀπένειμε
3089 3165 3224 3216 πᾶσι
3243 3169 3361 3228 τοῖς
3392 3165 3627 3219 ἔθνεσιν

2031 3251 2178 3321 ἥλιον
2226 3250 2319 3303 καὶ
2367 3250 2591 3320 σελήνην
2621 3250 2714 3303 καὶ
2751 3252 2928 3305 πάντα
2954 3253 3045 3305 τὸν
3073 3255 3280 3324 κόσμον
3310 3257 3408 3309 τοῦ
3436 3259 3622 3329 οὐρα-

2032 3341 2123 3395 νοῦ
2169 3342 2197 3392 6
2228 3342 2387 3405 Θεὸς,
2434 3342 2530 3411 οὐχ
2568 3342 2737 3405 οὕτως
2766 3344 3011 3406 δεδωκὼς
3049 3346 3190 3399 αὐτὰ
3217 3347 3299 3418 τῷ
3345 3350 3620 3421 Ἰσραήλ;

2034 3433 2122 3503 Τῷ
2146 3436 2268 3495 τοὺς
2298 3433 2371 3503 μὴ
2396 3432 2718 3501 δυναμένους
2762 3435 2852 3485 ἐπὶ
2894 3435 2990 3503 τὴν
3035 3437 3230 3507 νοητὴν
3263 3438 3618 3509 ἀναδραμεῖν

2034 3527 2211 3596 φύσιν,
2227 3527 2291 3579 δι’
2323 3525 2587 3596 αἰσθητῶν
2620 3525 2754 3577 θεῶν
2783 3525 3130 3594 κινουμένους
3161 3528 3290 3596 περὶ
3323 3528 3615 3598 θεότητος,

2031 3616 2321 3686 ἀγαπητῶς
2350 3615 2450 3668 κᾶν
2482 3617 2538 3668 ἐν
2577 3615 2782 3676 τούτοις
2810 3615 3056 3668 ἵστασθαι
3077 3655 3092 3680 ,
3139 3617 3232 3668 καὶ
3267 3617 3343 3687 μὴ
3378 3619 3614 3672 πίπτειν

2032 3707 2122 3758 ἐπὶ
2144 3705 2332 3758 εἴδωλα
2365 3705 2456 3757 καὶ
2486 3704 2748 3772 δαιμόνια.
2779 3703 2986 3757 Οὐκοῦν
3017 3707 3065 3757 οἱ
3113 3707 3208 3774 μὲν
3245 3706 3382 3761 Θεὸν
3418 3708 3612 3776 ἔχουσι

2031 3796 2121 3848 τὸν
2143 3795 2248 3847 τῶν
2273 3795 2405 3847 ὅλων
2422 3793 2553 3845 Θεόν
2571 3810 2586 3823 ο
2613 3795 2661 3844 οἱ
2685 3794 2742 3846 δὲ
2768 3795 2919 3864 παρὰ
2936 3795 3156 3858 τούτους
3180 3795 3425 3864 δεύτεροι
3452 3799 3608 3853 ἱστά-

2035 3899 2182 3952 μενοι
2211 3883 2300 3934 ὲπὶ
2334 3882 2424 3934 τὸν
2452 3881 2577 3933 Υίὸν
2600 3881 2692 3934 τοῦ
2722 3882 2854 3935 Θεοῦ
2878 3884 2967 3936 τὸν
3009 3885 3243 3954 Χριστὸν
3272 3887 3441 3940 αὑτοῦ
3462 3904 3475 3918 ·
3509 3888 3637 3940 καὶ·

2028 3973 2198 4042 τρίτοι
2226 3973 2273 4023 οἱ
2304 3971 2394 4022 τὸν
2424 3970 2569 4039 ἥλιον
2595 3971 2688 4023 καὶ
2715 3972 2812 4042 τὴν
2861 3973 3088 4044 σελήνην
3140 3975 3234 4027 καὶ
3277 3977 3462 4030 πάντα
3507 3979 3601 4030 τὸν

2029 4061 2227 4129 κόσμον
2261 4059 2352 4110 τοῦ
2402 4058 2659 4128 οὐρανοῦ,
2694 4061 2802 4113 ἀπὸ
2851 4062 2984 4115 Θεοῦ
3039 4063 3136 4133 μὲν
3191 4065 3597 4136 πλανηθέντες,

2027 4148 2164 4219 πλὴν
2221 4148 2425 4218 πλάνην
2473 4147 2649 4218 πολλῷ
2713 4149 3071 4220 διαφέρουσαν
3139 4157 3233 4207 καὶ
3303 4157 3596 4226 κρείττονα

2029 4237 2134 4291 τῶν
2208 4237 2507 4290 καλούντων
2579 4238 2730 4302 θεοὺς
2793 4239 2929 4310 ἔργα
2989 4246 3185 4314 χειρῶν
3243 4247 3553 4318 ἀνθρώπων
3578 4286 3594 4311 ,

466 4407 989 4492 (82)
1013 4407 1172 4492 eodd.
1217 4406 1531 4463 Bodleianus
1577 4417 1631 4462 et
1677 4408 1928 4464 Barbari-

2031 4409 2233 4492 πιστοί·
2283 4407 2387 4492 ναὶ.
2419 4407 2522 4492 μὴν
2569 4409 2808 4492 κάκεῖνρι
2857 4414 2905 4464 οἱ
2940 4414 3055 4492 ’ἀπὸ
3091 4417 3193 4492 τῆς
3227 4417 3336 4492 τῶν
3372 4420 3591 4492 ἄστρων

399 4490 529 4535 nus;
564 4476 726 4542 editio
753 4476 948 4536 lluetii,
971 4476 1143 4542 λόγον.

467 4543 575 4620 (8_5)
749 4543 1020 4620 ἐκλογῆς.
1038 4541 1284 4620 Ἐκλογὴ,
1300 4542 1351 4596 id
1374 4552 1456 4597 est
1482 4543 1649 4620 electi.
1668 4544 1746 4620 _lta
1774 4545 1929 4599 Rom.

397 4624 475 4670 ιι,
501 4611 554 4672 7,
599 4611 686 4662 ubi
720 4620 773 4662 ct
803 4613 1019 4678 quidam
1048 4611 1436 4675 vocemhanc,
1483 4613 1620 4666 unde
1668 4613 1771 4668 huc
1817 4626 1927 4668 tra-

395 4679 551 4730 durta
588 4687 668 4730 est
691 4679 794 4740 ,ita
827 4688 1116 4733 verterunt.
1152 4679 1409 4733 llusrtus.

438 4746 580 4824 χει)
605 4746 720 4824 ,Ὧς
761 4761 914 4824 τιιςες
939 4744 1060 4824 τῶν
1093 4747 1205 4824 πρὸ
1247 4746 1430 4824 τ’ρμιὶἶηνς3
1468 4757 1571 4802 ειε.
1605 4746 1926 4824 Clementem

397 4815 485 4887 hic
507 4813 915 4887 designal_cujns
939 4815 1051 4867 haec
1068 4817 1225 4887 verba
1251 4813 1378 4887 sunt
1393 4814 1586 4887 Strout.
1607 4831 1657 4868 Vt
1680 4834 1692 4868 :
1712 4817 1924 4887 Ἐπειδὴ

395 4880 503 4957 ’γὰρ
533 4880 645 4950 ᾔδει
666 4881 828 4957 Θεὸς,
849 4881 943 4935 ac:
984 4881 1327 4957 προγνῴστης
1351 4881 1552 4957 ὣνλμὴ
1585 4880 1930 4957 πιστεύσοντὰ

396 4949 599 5021 τοῦτον,
628 4949 774 5021 οὐδὲν
798 4949 956 5021 ἦττον
981 4949 1127 5021 ὅπως
1146 4951 1241 5021 τήν
1261 4949 1322 5016 γε
1351 4949 1668 5021 καθ’έαυτὸν
1683 4953 1930 5021 ἀναδέξη-

396 5031 482 5093 ται
512 5015 799 5093 τελείωσιν,
821 5015 983 5093 ξδωκε
1013 5017 1115 5093 μὲν
1137 5015 1452 5093 ’φιλοσοφίαν
1477 5019 1640 5093 αὐτῷ,
1671 5019 1803 5093 ἀλλά
1826 5015 1928 5090 πρὸ

396 5081 490 5148 τῆς
523 5069 798 5143 πίστεως⁶’
819 5085 981 5136 ἔδωκε
1009 5069 1065 5137 δὲ
1098 5069 1192 5136 τὸν
1225 5069 1532 5154 ἦλιολκαὶί

398 5149 492 5223 καὶ
519 5149 583 5201 τά
619 5151 789 5223 ἄστρα
813 5153 890 5223 είς
906 5152 1233 5223 θρησκείαν·
1266 5154 1301 5206 ἃ
1323 5155 1578 5223 εποίησεν
1604 5157 1632 5207 6
1655 5153 1785 5218 Θεὸς
1817 5159 1925 5219 τοῖς

399 5215 589 5294 ἔθνεσι,
619 5215 776 5294 φησιν
810 5219 838 5269 6
862 5215 1038 5294 νόμος,
1063 5221 1448 5294 ῖναᾼμὴᾼτέλεον
1473 5215 1618 5294 ἄθεοι
1646 5215 1921 5294 γενόμενοι

396 5282 1202 5378 Ξξλξ.ιεῖπξάι.ἱξεξξὲεζξίῑισιξτ,σε
1232 5282 1288 5374 is
1328 5291 1428 5343 κάν
1458 5292 1622 5362 ταύτῃ
1635 5282 1922 5378 mea

397 5351 464 5416 τῇ
486 5350 666 5430 ἐντολῇ
691 5350 1013 5430 ἀγνώμονες,
1035 5355 1288 5430 γλυπτοῖς
1314 5350 1741 5430 προσεσχηκότες
1768 5350 1926 5428 ἀγάλ-

395 5433 551 5534 ἓιασι,
581 5417 678 5468 κᾶν
829 5417 1220 5489 μετανοήσωσι,
1259 5417 1582 5493 κρίνονταίό’
1605 5431 1652 5481 οἱ
1695 5417 1920 5498 μῖὲνξδτι

426 5483 703 5534 υντιθέντες
728 5487 823 5534 οὐκ
853 5489 1113 5534 ἠθέλησαν
1155 5493 1430 5534 πιστεῦσαι
1462 5497 1538 5534 ειμι-ς.
1581 5497 1726 5534 αυτ..
1759 5500 1804 5534 ιιι
1841 5497 1896 5534 δι

398 5483 703 5565 δυνηθέντες
721 5483 1113 5565 ’ρι’ξκήθέλησαν
1155 5483 1430 5565 πιστεῦσαι
1462 5497 1538 5564 τῷ
1581 5483 1726 5565 Θεῷ”
1759 5483 1811 5548 oi
1841 5497 1917 5565 δὲ,

395 5553 474 5603 ὅτι
511 5552 609 5621 ,καὶ
671 5552 1124 5626 θελήσαντεςόύκ
1169 5552 1918 5634 ἐξεπόνησαν’περιγενέσθαι

2034 4479 2299 4562 sesqui-:2;
2328 4476 2899 4562 μῂςὲεταναίδραμόχτες
2935 4485 3027 4562 ἐπὶ
3055 4476 3160 4562 τὸν
3175 4476 3391 4562 τούτων
3431 4476 3590 4562 πριη⁴

2030 4541 2159 4627 τήΥ;
2187 4545 2299 4627 ὀξδὲ
2324 4541 2441 4627 ηρ
2457 4541 2686 4626 ﬁv~abég
2712 4541 2922 4627 δοθεῖσα
2943 4553 3053 4627 τοῖς
3077 4552 3284 4627 ἔθνεσιν
3308 4541 3585 4627 ἀνακύψαι

2031 4611 2162 4694 πρὸς
2195 4613 2324 4665 Θεὸν
2369 4611 2454 4694 διά
2482 4611 2590 4694 τῆς
2618 4611 2724 4668 τῶν
2761 4617 2982 4694 ἀστρων
3025 4611 3346 4694 θρησκείας.
3401 4644 3421 4676 ι
3451 4611 3584 4692 Quia

2031 4681 2171 4753 enim
2215 4688 2439 4734 noverat
2491 4681 2900 4753 peustutpote
2951 4681 3234 4753 praescius,
3281 4681 3429 4747 hunc
3461 4681 3580 4748 ἶιιιιι

2031 4750 2399 4825 crediturum,
2453 4748 2805 4802 nihilominus
2855 4748 3028 4825 tamen
3087 4766 3146 4825 ut
3191 4748 3578 4824 perfectionem

2031 4818 2291 4900 reciperet
2318 4818 2668 4900 cujus-capax
2694 4827 2833 4900 erat,
2879 4819 3025 4900 dedit
3056 4823 3104 4874 ei
3139 4818 3358 4900 quidem
3408 4831 3579 4900 philo-

2031 4883 2308 4963 mhiam!
2344 4883 2436 4963 se.“
2468 4883 2594 4963 3'"?
2639 4885 2830 4963 "fici";
2873 4888 3017 4941 dedit
3062 4883 3243 4945 anteiit
3281 4883 3576 4963 δοῑεῆι,ει

2032 4951 2236 5030 lunam,
2262 4959 2315 5004 et
2339 4959 2484 5030 astra
2511 4951 2575 5003 ad
2609 4952 2922 5030 religionem
2951 4971 3117 5030 aqua:
3141 4962 3408 5030 gentibus
3451 4951 3573 5021 [scit

2029 5019 2188 5084 Deus,
2224 5017 2531 5097 inquit-lex,
2565 5035 2631 5097 ne
2659 5017 2900 5076 funditus
2924 5017 3068 5097 athei
3099 5017 3299 5095 eﬂ‘ecti,
3335 5017 3573 5088 funditus

2028 5095 2266 5166 pereant.
2295 5086 2364 5166 At
2391 5085 2490 5166 illi_
2517 5088 2569 5140 in
2603 5089 2705 5144 hoc
2752 5101 3020 5166 praecepto
3054 5085 3568 5166 inconsideratijin

2026 5153 2492 5239 sculptileidelisi
2535 5153 2767 5239 statuas,
2806 5153 3326 5239 nisi'paanitentiam
3375 5153 3565 5239 aiant,

2021 5222 2372 5299 iudicantur:
2403 5222 2461 5299 ιιι
2497 5224 2730 5299 quidem.
2762 5229 2884 5294 quia
2927 5222 3051 5299 c'um
3094 5244 3338 5299 possent,
3387 5222 3565 5291 η’ὂιυθὶ

2028 5297 2151 5343 runt
2199 5290 2591 5369 Deodcmdere;
2636 5293 2708 5346 illi
2752 5290 2885 5369 vero
2931 5298 3023 5364 qui
3071 5290 3282 5356 e'tiamsi
3326 5290 3560 5369 'vellent,

2027 5372 2130 5435 non
2161 5362 2335 5435 conati
2376 5370 2501 5415 sunt
2535 5368 2711 5435 tamen
2750 5362 3221 5435 ﬁdeles—evadere,
3252 5380 3309 5424 et
3339 5372 3373 5425 ii
3403 5362 3557 5428 etiam

2024 5425 2112 5491 qui
2138 5425 2204 5477 ab
2232 5435 2497 5480 astrorum
2538 5431 2706 5492 cultu,
2747 5432 2814 5484 ad
2856 5445 3041 5485 eorum
3083 5425 3556 5494 conditoremrnou

2026 5504 2388 5570 recurrerunt.
2433 5495 2554 5548 Haec
2594 5499 2735 5570 enim
2775 5499 2856 5553 via
2895 5511 3009 5553 erat
3044 5504 3298 5570 gentibus
3328 5507 3444 5563 data
3492 5509 3556 5562 ad

2027 5559 2186 5614 Deum
2215 5574 2310 5627 per
2338 5571 2607 5618 astrorum
2637 5566 2835 5621 cultum
2871 5559 3176 5638 assurg'erc.
3205 5590 3224 5623 ι
3261 5575 3336 5628 to.
