3848 6186
283 5 1932 26 βψ

383 270 484 324 H5
1804 255 2120 312 OlllGENIS
3576 233 3636 286 11

382 382 562 438 Jcsum
587 383 890 447 Christum;
911 392 962 436 et
995 383 1132 436 hunc
1173 375 1487 432 cruciﬁxum
1521 375 1586 438 ⁸⁸,
1619 373 1910 439 eademque
1953 368 2181 424 Verbum
2213 383 2425 424 carnem
2456 371 2652 426 vident.
2681 372 2856 427 Tertia
2889 371 3085 434 etiam,
3127 378 3275 434 qua:
3313 355 3506 428 paulo
3550 369 3628 406 an

387 478 640 533 diximus.
659 464 810 542 ‘Quid
845 485 971 527 vero
1001 469 1190 522 attinet
1217 466 1282 522 de
1314 467 1380 521 iis
1417 466 1616 529 dicere,
1653 463 1742 532 qui
1767 461 1820 514 iu
1851 458 2023 511 Verbo
2047 471 2164 511 esse
2192 459 2589 522 existimantur,
2628 462 2720 514 sed
2759 475 2860 515 non
2895 461 3080 516 solum
3124 455 3207 508 ab
3246 453 3543 510 honesto,
3587 459 3638 493 νε

388 586 503 626 rum
534 571 692 622 etiam
725 567 791 621 ab
817 566 931 633 ejus
961 561 1217 632 vestigiis,
1255 569 1414 628 atque
1437 557 1501 612 iis
1521 557 1609 624 qui
1641 556 1756 624 ejus
1781 561 1906 606 sunt
1937 549 2238 620 participes,
2268 552 2647 624 aberrarunt?|

459 661 567 732 54
598 661 650 714 4.
693 658 793 711 llic
833 625 944 709 erat
987 657 1040 708 in
1088 625 1345 724 principio
1390 652 1527 718 apud
1574 648 1759 703 Deum.
1799 643 1918 697 Tri-

2092 643 2144 694 4.
2179 639 2360 708 οὗτος
2391 641 2468 713 ἦν
2495 645 2566 697 ἐν
2601 641 2757 711 ἀρχῇ
2788 643 2936 710 πρὸς
2975 645 3093 698 τὸν
3136 639 3341 692 θεόν’
3399 629 3517 732 Δ,ιὰ
3544 625 3638 732 ,τῇ

388 754 490 808 bus
518 750 782 822 praedictis
819 745 1290 815 propositionibus,
1326 751 1434 795 tres
1465 740 1680 794 ordines
1702 751 1800 790 nos
1830 736 1923 789 do-

391 856 518 895 cens
565 835 913 906 evangelista,
943 834 1045 888 tria
1073 833 1123 886 in
1159 845 1322 884 unum
1360 828 1655 890 connectit,
1689 826 1873 880 dicens
1905 839 1920 876 :

396 948 417 983 ι
441 929 537 985 Hic
565 936 684 983 erat
719 927 771 980 in
795 924 1057 994 principio
1086 923 1222 992 apud
1253 920 1436 975 Deum.
1465 939 1484 971 ι
1520 917 1574 972 In
1604 917 1778 988 prima
1801 931 1924 985 pro-

393 1020 656 1089 positione
703 1015 985 1070 didicimus
1027 1015 1076 1067 iu
1125 1028 1232 1081 quo
1272 1022 1388 1066 erat
1439 1011 1629 1078 Λόγος,
1677 1007 1923 1061 videlicet

393 1109 532 1174 quod
561 1108 610 1162 in
643 1105 906 1174 principio
934 1121 948 1159 :
974 1113 1028 1157 et
1059 1103 1195 1171 apud
1215 1116 1374 1169 quent
1399 1101 1486 1154 hic
1514 1108 1649 1163 erat,
1679 1096 1926 1150 videlicet

393 1197 533 1264 quod
559 1195 696 1264 apud
730 1194 890 1247 Deum
917 1209 932 1257 ;
961 1200 1016 1246 et
1041 1193 1285 1260 quisnam
1311 1191 1479 1257 Λόγος
1511 1197 1647 1252 erat,
1680 1187 1927 1242 videlicet

392 1285 531 1352 quod
567 1286 720 1338 Deus.
751 1283 1022 1352 Tanquam
1050 1296 1178 1350 ergo
1197 1282 1568 1335 demonstrans
1592 1278 1926 1338 Sermonem,

391 1391 549 1444 quem
583 1383 708 1428 ante
736 1374 944 1427 dixerat
973 1373 1135 1426 Deum
1169 1386 1262 1440 per
1291 1369 1600 1439 particulam
1633 1368 1794 1430 «,ltic,
1828 1387 1846 1419 ι
1875 1377 1928 1421 et

392 1464 447 1518 in
476 1473 718 1534 quartam
752 1462 1160 1533 propositionem
1189 1474 1516 1530 congregans
1562 1460 1689 1514 illud
1714 1461 1782 1523 ⁸⁸,
1813 1479 1830 1509 ι
1871 1460 1925 1512 lu

392 1552 654 1620 principio
692 1558 808 1604 erat
852 1549 1079 1612 Sermo,
1109 1556 1163 1601 et
1200 1546 1388 1600 Sermo
1418 1554 1534 1599 erat
1568 1544 1708 1614 apud
1737 1543 1924 1606 Deum,

391 1651 448 1695 et
477 1643 614 1696 Deus
645 1649 758 1694 erat
786 1639 872 1694 ille
886 1639 1122 1701 Sermo,i
1147 1636 1319 1704 inquit
1349 1653 1363 1689 :
1393 1653 1411 1685 ι
1442 1635 1538 1688 llic
1573 1635 1759 1688 eratin
1784 1633 1931 1702 prin'

395 1727 536 1796 cipio
566 1727 702 1796 apud
739 1728 922 1780 Deum.
960 1743 979 1776 ι
1011 1724 1190 1780 Potest
1233 1734 1410 1778 tamen
1438 1723 1685 1791 principii
1732 1735 1929 1776 nomen

397 1816 535 1868 sumi
575 1817 736 1870 etiam
765 1815 831 1867 de
861 1814 1126 1881 principio
1171 1813 1374 1875 mundi,
1407 1811 1805 1866 addiscentibus
1836 1823 1932 1862 no-

394 1904 480 1957 bis
503 1919 599 1971 per
619 1904 730 1957 haec
757 1904 916 1965 dicta,
946 1901 1416 1969 Serutouemjillum
1437 1901 1788 1968 antiquiorem
1813 1911 1931 1953 esse

398 1993 556 2045 rebus
588 2007 616 2045 a
650 1991 911 2060 principio
945 1991 1118 2045 factis.
1155 1989 1285 2042 Nam
1317 1990 1362 2043 si
1404 2007 1422 2039 ι
1449 1989 1497 2042 in
1526 1989 1784 2057 principio
1810 1986 1929 2040 fecit

398 2080 539 2135 Deus
564 2081 756 2136 corium
793 2089 848 2134 et
876 2089 1070 2134 terram
1096 2079 1164 2142 θ’,
1207 2096 1226 2130 ι
1262 2078 1465 2130 elarum
1491 2086 1576 2130 est
1617 2077 1666 2130 id
1695 2077 1832 2144 quod
1876 2077 1928 2126 in

397 2169 659 2238 principio
683 2180 818 2234 erat,
860 2170 1128 2238 antiquius
1151 2182 1268 2221 esse
1297 2181 1362 2220 eo
1391 2167 1532 2234 quod
1585 2165 1636 2218 in
1667 2165 1932 2232 principio

396 2257 594 2312 factum
651 2267 771 2312 est:
802 2272 900 2312 nec
931 2259 1098 2312 solum
1138 2257 1470 2310 ﬁrmamento
1514 2265 1569 2309 et
1619 2255 1786 2316 arida,
1840 2254 1931 2308 sed

398 2349 535 2402 cmlo
551 2355 605 2402 ct
635 2356 775 2402 terra
815 2347 1006 2402 Sermo
1034 2347 1121 2401 ille
1151 2356 1233 2400 est
1260 2346 1542 2413 antiquior.
1577 2343 1734 2398 Forte
1754 2353 1929 2397 autent

398 2450 500 2489 non
533 2436 761 2490 absurde
780 2437 899 2504 quis
921 2435 1153 2504 iuquirat
1177 2450 1344 2505 quare
1367 2449 1470 2488 non
1488 2435 1558 2488 sit
1583 2434 1776 2488 dictum
1804 2448 1850 2482 :r
1877 2430 1929 2483 In

397 2524 662 2593 principio
683 2535 800 2578 erat
821 2525 1006 2578 Sermo
1038 2525 1167 2588 Dei;
1213 2534 1264 2577 et
1320 2523 1507 2578 Sermo
1531 2522 1620 2576 Dei
1649 2531 1766 2575 erat
1792 2520 1929 2589 apud

399 2610 674 2675 Deum;et
694 2611 831 2665 Deus
848 2623 967 2667 erat
991 2613 1079 2666 ille
1111 2613 1303 2666 Sermo
1335 2612 1482 2664 Dei.»
1512 2610 1614 2664 Sed
1644 2611 1932 2679 consequi-

402 2708 491 2750 tur
512 2707 571 2752 ιιι
598 2699 687 2767 qui
717 2700 909 2766 quaerit
947 2717 1043 2755 cur
1081 2702 1292 2756 tandem
1325 2715 1427 2754 non
1458 2701 1716 2768 scriptum
1750 2702 1840 2765 sit,
1876 2701 1929 2753 in

400 2786 668 2855 principio
695 2799 807 2842 erat
842 2789 1029 2845 Sermo
1056 2789 1169 2857 Dei,
1203 2799 1256 2844 et
1277 2805 1392 2859 quae
1413 2799 1725 2858 sequuntur,
1757 2791 1933 2858 plures

401 2880 642 2938 enuntiet
675 2899 793 2940 esse
815 2878 1123 2943 Sermones,
1155 2889 1208 2934 et
1235 2880 1460 2935 fortasse
1483 2879 1676 2934 diversi
1702 2883 1930 2950 generis.

401 2971 497 3027 Vel
525 2988 661 3026 unus
686 2974 895 3040 quidem
924 2973 1026 3027 erit
1044 2969 1134 3027 Dei
1155 2966 1361 3033 Sermo,
1379 2968 1535 3036 alter,
1567 2978 1624 3023 ut
1648 2971 1718 3022 ita
1737 2971 1931 3034 dicam,

403 3063 710 3133 angelorum
754 3062 961 3127 Sermo,
1003 3063 1138 3118 alius
1178 3061 1305 3118 item
1339 3060 1641 3125 hominum,
1683 3071 1733 3114 et
1770 3062 1844 3114 ita
1877 3062 1932 3115 in

404 3153 611 3207 caeteris
638 3152 1002 3207 Sermonibus.
1039 3151 1188 3217 Quod
1224 3153 1266 3206 si
1290 3149 1800 3206 vocabulum'Sermo
1834 3153 1934 3206 hoc

2022 736 2423 805 προειρημένων
2454 734 2616 805 τριῖῦν
2647 732 2957 802 προτάσεων
3001 733 3308 798 τάγματα
3347 722 3499 793 τρία
3538 719 3632 771 διδ

2024 823 2117 886 ξας
2147 824 2291 893 ἡμᾶς
2333 823 2361 873 ὁ
2393 822 2772 892 εὖαγγελιστὴς
2819 813 3371 888 συγκεφαλαιοῦται
3423 808 3504 860 τὰ
3543 823 3638 876 τρι

2021 915 2101 975 εἰς
2128 912 2204 976 ἓν,
2231 911 2400 980 λέγων
2420 913 2496 964 τόο
2528 931 2546 963 ι
2575 904 2739 973 Οὗτος
2761 907 2828 981 ἦν
2854 913 2911 966 ἐν
2933 911 3075 979 ἀρχῇ
3105 905 3278 976 πρὸς
3310 900 3419 954 τὸν
3451 897 3633 952 Θεόν.

2025 1003 2240 1072 Πρῶτον
2264 1003 2319 1056 δὲ
2345 1002 2450 1055 τῶν
2475 1003 2637 1072 τριῶν
2671 1001 3065 1071 μεμαθήκαμεν
3103 998 3176 1048 ἑν
3217 992 3346 1046 τίνι
3374 986 3455 1058 ἦν
3495 989 3530 1040 ὁ
3567 989 3640 1039 AI.

2024 1109 2115 1159 γος
2135 1132 2148 1156 ,
2174 1094 2252 1144 ὅτι
2277 1095 2331 1144 ὲν
2361 1094 2499 1163 ἀρχῇ
2530 1110 2542 1122 ·
2579 1093 2670 1144 καὶ
2701 1091 2834 1161 πρὸς
2866 1090 2986 1143 τίνα
3013 1082 3192 1147 οὗτος
3227 1079 3311 1153 ἦν
3331 1122 3349 1147 ,
3389 1080 3488 1133 ὅτι
3531 1079 3640 1148 π’ρὲ

2023 1183 2112 1234 τὸν
2139 1181 2267 1233 Θεόν
2288 1198 2300 1210 ο
2346 1183 2438 1234 καὶ
2477 1181 2559 1244 τίς
2597 1183 2626 1234 6
2675 1181 2842 1248 Λόγος
2867 1175 2964 1249 ἦν,
2991 1179 3072 1231 ὅτι
3106 1174 3294 1237 Θεός.
3335 1169 3550 1224 Οἱονεὶ
3584 1163 3640 1218 οἰ

2024 1271 2232 1334 δεικνὺς
2246 1271 2334 1324 τὸν
2351 1272 2738 1342 προειρημένον
2751 1270 2880 1322 Θεὸν
2897 1269 3067 1335 Λόγον
3084 1265 3194 1320 διὰ
3238 1261 3351 1316 τοῦ
3377 1280 3400 1311 ι
3424 1255 3632 1322 οὗτος,

2026 1365 2115 1416 καὶ
2143 1363 2382 1429 συνάγων
2403 1363 2480 1424 εἰς
2504 1361 2763 1431 τετάρτην
2791 1358 3048 1429 πρότασιν
3067 1355 3140 1408 τό
3163 1371 3236 1407 τε
3257 1369 3276 1387 ο
3309 1372 3331 1403 ι
3383 1353 3491 1404 Ἐν
3523 1351 3640 1418 ἀρχ

2025 1449 2091 1522 ἦν
2121 1455 2149 1505 ό
2171 1451 2366 1519 Λόγος,
2399 1471 2418 1502 ι
2455 1452 2548 1504 καὶ
2577 1449 2666 1502 τό·
2703 1469 2721 1500 ι
2771 1450 2830 1501 '0
2857 1448 3028 1516 Λόγος
3047 1441 3122 1516 ἦν
3160 1443 3328 1514 πρὸς
3360 1439 3470 1494 τὸν
3505 1437 3639 1490 Θεὸπ

2027 1544 2119 1594 καὶ
2151 1541 2278 1602 Θεὸς
2307 1537 2372 1610 ἦν
2397 1540 2426 1592 ὁ
2454 1540 2650 1606 Λόγος,
2687 1557 2706 1588 ι
2743 1537 2904 1606 φησίν
2926 1551 2938 1564 ·
2989 1552 3007 1584 ι
3041 1527 3238 1594 Οὗτος
3275 1525 3358 1599 ἦν
3412 1528 3485 1579 ἑν
3517 1527 3641 1595 άρχ

2027 1631 2162 1700 πρὸς
2181 1629 2268 1682 τὸν
2283 1628 2430 1681 Θεόν.
2464 1647 2482 1680 ι
2502 1626 2729 1680 Δύναται
2749 1627 2925 1695 μέντοι
2941 1641 3004 1692 γε
3026 1624 3087 1675 τὸ
3104 1622 3224 1692 τῆς
3251 1619 3460 1691 ἀρχῆς
3485 1617 3641 1685 ὄνομ

2027 1718 2386 1789 λαμϐάνεσθαι
2417 1719 2508 1770 καὶ
2528 1718 2620 1770 ἐπὶ
2645 1717 2742 1786 τῆς
2762 1715 2856 1768 τοῦ
2902 1715 3110 1783 κόσμου
3159 1710 3394 1780 ἀρχῆς,
3437 1707 3642 1777 μανοα

2029 1806 2220 1860 νόντων
2245 1805 2398 1875 ἡμῶν
2427 1805 2514 1859 διὰ
2545 1805 2649 1858 τῶν
2679 1805 2984 1872 λεγομένων
3004 1843 3018 1866 ,
3046 1804 3134 1855 ὅτι
3171 1799 3612 1870 πρεσϐύτερος

2028 1897 2196 1962 Λόγος
2218 1895 2324 1948 τῶν
2355 1896 2602 1966 άπαρχῆς
2623 1895 2924 1964 γενομένων
2944 1889 3032 1962 ἦν.
3077 1893 3146 1944 ΕΞ
3183 1891 3311 1960 γὰρ
3350 1909 3371 1940 ι
3413 1891 3481 1941 ἐν
3511 1889 3642 1957 άρχ⁴

2032 1987 2280 2056 ἐποίησεν
2310 1988 2338 2038 6
2367 1986 2496 2050 Θεὸς
2531 1988 2618 2039 τὸν
2641 1986 2865 2056 οὐρανὸν
2909 1987 3003 2038 καὶ
3035 1985 3139 2055 τὴν
3185 1983 3309 2052 γῆν
3335 2023 3351 2046 ,
3398 2003 3420 2033 ι
3462 1982 3532 2034 τὸ
3583 1980 3642 2033 δὲ

2029 2080 2085 2130 ἑν
2128 2078 2266 2148 ἀρχῇ
2306 2072 2401 2148 ἦν,
2425 2077 2608 2144 σαφῶς
2642 2074 3008 2144 πρεσϐύτερόν
3058 2076 3186 2126 ἑστι
3244 2072 3356 2126 τοῦ
3394 2074 3459 2124 ἑν
3503 2073 3644 2140 ἀρχῇ

2031 2169 2388 2238 πεποιημένου
2429 2168 2488 2219 ού
2536 2167 2690 2237 μόνον
2717 2165 3094 2236 στερεώματος
3119 2165 3229 2218 καὶ
3257 2164 3484 2233 ξηρᾶς,
3515 2161 3644 2214 ἀλλά

2029 2257 2251 2329 ούρανοῦ
2285 2258 2376 2310 καὶ
2403 2257 2503 2326 γῆς
2531 2256 2894 2326 πρεσϐύτερός
2910 2257 3056 2306 ἐστιν
3083 2256 3112 2307 6
3134 2254 3356 2320 Λόγος.
3393 2252 3566 2319 Τάχα
3596 2251 3644 2303 δὲ

2035 2349 2132 2401 οὐκ
2151 2347 2362 2407 ἀτόπως
2381 2363 2462 2408 τις
2485 2347 2713 2416 ζητήσαι
2746 2345 2811 2398 ἂν
2835 2343 2923 2396 διὰ
2944 2345 2996 2396 τί
3025 2344 3128 2396 οὐκ
3153 2344 3400 2414 εἴρηται
3428 2356 3444 2370 ³
3485 2361 3506 2391 ι
3561 2341 3644 2392 Ἐκ

2030 2443 2168 2511 ἀρχῇ
2189 2436 2256 2509 ἦν
2281 2441 2308 2490 6
2331 2438 2499 2505 Λόγος
2525 2435 2619 2488 τοῦ
2649 2435 2810 2488 Θεοῦ·
2846 2435 2940 2488 καὶ
2971 2435 3000 2486 ὁ
3031 2434 3216 2502 Λόγος
3247 2431 3354 2486 τοῦ
3395 2431 3544 2485 Θεοῦ
3583 2428 3644 2502 ἧι

2030 2531 2162 2601 πρὸς
2187 2528 2275 2580 τὸν
2298 2527 2426 2580 Θεόν
2447 2544 2460 2557 ο
2494 2527 2586 2579 καὶ
2608 2525 2739 2586 Θεὸς
2762 2520 2829 2593 ἦν
2855 2526 2884 2578 6
2915 2524 3085 2592 Λόγος
3108 2523 3210 2576 τοῦ
3245 2523 3423 2576 Θεοῦ.
3440 2541 3459 2573 ι
3485 2523 3644 2574 Ἀκό-

2029 2619 2212 2672 λουθεν
2233 2617 2289 2670 δέ
2322 2615 2542 2669 ἑστιτδν
2572 2613 2833 2684 ζητοῦντα
2863 2613 2914 2665 τί
2943 2613 3144 2681 δήποτε
3173 2614 3242 2665 οὐ
3273 2609 3646 2683 γέγραπται,

2037 2728 2055 2758 ι
2077 2707 2164 2760 Ἐν
2190 2707 2327 2778 ἀρχῇ
2351 2700 2416 2773 ἦν
2437 2705 2466 2756 6
2487 2704 2654 2771 Λόγος
2684 2702 2776 2756 τοῦ
2795 2701 2953 2766 Θεοῦ,
2979 2720 2998 2753 ι
3023 2703 3120 2754 καὶ
3151 2703 3228 2755 τὰ
3257 2702 3423 2770 ἑξῆς,
3453 2699 3646 2753 πλείο-

2031 2815 2126 2860 νας
2156 2793 2540 2864 ἀποφαίνεσθαι
2585 2794 2802 2860 λόγους,
2837 2793 2932 2846 καὶ
2957 2793 3101 2862 τάχα
3133 2795 3526 2864 ἑτερογενεῖς.
3567 2792 3644 2843 Ἢ

2030 2889 2059 2938 6
2090 2887 2185 2957 μέν
2202 2903 2286 2948 τις
2305 2885 2396 2938 τοῦ
2419 2883 2552 2938 Θεοῦ
2579 2884 2767 2951 Λόγος,
2789 2883 2974 2952 ἔτερος
3001 2883 3078 2947 δὲ,
3105 2883 3248 2954 φέρε
3276 2885 3491 2949 εἰπεῖν,
3531 2883 3640 2948 ἀγ-

2031 2977 2199 3046 γέλων
2234 2977 2400 3044 Λόγος
2423 3015 2437 3038 ,
2469 2975 2561 3028 καὶ
2592 2973 2746 3037 ἄλλος
2777 2972 3078 3044 ἀνθρώπων
3098 3011 3112 3036 ,
3157 2974 3264 3026 καὶ
3316 2972 3505 3034 οὕτως
3539 2971 3639 3023 ἐπὶ

2032 3067 2137 3119 τῶν
2161 3065 2356 3118 λοιπῶν
2379 3065 2568 3132 λόγων.
2603 3064 2666 3116 El
2696 3063 2751 3116 δὲ
2773 3065 2980 3131 Λόγος,
3013 3062 3154 3131 τάχα
3188 3064 3293 3115 καὶ
3337 3061 3512 3130 σοφία
3537 3061 3638 3114 καὶ

2032 3150 2360 3220 δικαιοσύνη.
2391 3153 2618 3203 ’Λτοπον
2638 3151 2694 3202 δὲ
2717 3150 2962 3212 πλείονας
2989 3151 3224 3217 φάσκειν
3245 3150 3377 3216 τῆς,
3405 3148 3631 3218 Λόγος,

405 3243 564 3296 modo
585 3257 642 3295 se
680 3242 914 3308 habebit,
959 3244 1093 3295 idem
1118 3243 1362 3298 fortassis
1393 3243 1717 3297 censendum
1737 3243 1840 3298 erit
1869 3245 1932 3298 de

2039 3241 2398 3312 προσηγορίας
2426 3239 2626 3310 κυρίως
2651 3240 2955 3309 τυγχάνειν,
2987 3240 3081 3292 καὶ⁷
3113 3242 3181 3308 τῇ
3217 3239 3398 3309 σοφία
3431 3238 3531 3290 καὶ
3563 3240 3631 3306 τῇ

405 3331 661 3398 sapientia
693 3339 746 3384 et
770 3334 832 3384 de
856 3332 1078 3397 justitia.
1119 3332 1418 3388 Absurdum
1450 3343 1531 3388 est
1553 3343 1728 3388 autem
1761 3336 1938 3389 dicere

409 3419 590 3484 plures
617 3420 764 3472 vocis
787 3419 943 3487 hujus
978 3419 1159 3474 Sermo
1191 3431 1461 3490 compotes
1497 3423 1633 3488 lteri,
1669 3432 1723 3477 et
1761 3423 1937 3491 huius,

411 3508 700 3576 sapientia;
730 3519 785 3561 et
825 3508 986 3574 illius,
1018 3507 1246 3576 justitia.
1288 3509 1677 3566 Convincemur
1713 3514 1872 3568 etiam
1909 3528 1938 3566 a

407 3595 653 3659 veritate,
689 3597 904 3651 minime
925 3612 954 3650 a
980 3598 1130 3652 nobis
1164 3600 1326 3666 quzeri
1351 3608 1600 3668 oportere
1626 3599 1803 3669 plures
1827 3617 1941 3657 ser-

411 3700 617 3749 mones,
658 3695 712 3740 et
748 3688 1054 3756 sapientias,
1089 3699 1142 3744 et
1171 3690 1434 3759 justitlas,
1469 3705 1590 3759 quae
1628 3693 1840 3762 proprie
1863 3693 1942 3749 sic

409 3775 770 3830 nominentur.
782 3776 910 3832 Nam
925 3779 1288 3848 unusquisque
1303 3781 1642 3837 conﬁteretur
1653 3797 1810 3839 unam
1823 3797 1942 3840 esse

412 3865 713 3932 veritatem,
760 3881 858 3922 nec
889 3870 1111 3925 auderet
1154 3870 1346 3940 aliquis
1385 3871 1585 3936 dicere,
1621 3872 1780 3927 aliam
1824 3887 1942 3928 esse

415 3955 507 4010 Dei
537 3958 834 4022 veritatem,
869 3959 1026 4014 aliam
1059 3961 1389 4029 angelorum,
1415 3962 1572 4016 aliam
1617 3963 1891 4017 hominum
1925 3981 1938 4024 ;

413 4063 534 4101 eum
569 4049 621 4102 in
655 4057 846 4104 natura
865 4049 1067 4104 entium
1101 4065 1205 4104 una
1234 4051 1305 4104 sit
1325 4051 1390 4105 de
1422 4065 1738 4119 unaquaque
1773 4065 1830 4104 re
1852 4065 1942 4104 ve-

414 4137 563 4190 ritas.
579 4138 731 4204 Quod
758 4137 800 4191 si
819 4138 1016 4191 veritas
1045 4147 1126 4193 est
1157 4155 1287 4201 una,
1313 4139 1644 4207 perspicuum
1670 4148 1750 4193 est
1783 4139 1941 4191 etiam

415 4223 754 4288 sapientiam,
788 4238 905 4292 qua:
927 4225 1259 4279 conﬁrmatio
1290 4237 1345 4278 et
1372 4225 1752 4280 demonstratio
1781 4226 1943 4293 ipsius

416 4320 501 4365 est
538 4312 810 4371 veritatis.
860 4312 1050 4366 merito
1093 4313 1314 4382 intelligi
1365 4329 1520 4367 uuam
1564 4329 1682 4368 esse
1711 4333 1724 4370 :
1752 4316 1944 4383 quippe

411 4414 534 4452 cum
557 4413 624 4453 ne
641 4413 706 4452 ea
740 4400 950 4466 quidem
977 4415 1095 4469 qua:
1130 4402 1422 4470 appellatur
1441 4403 1720 4470 sapientia,
1753 4419 1940 4457 nomen

413 4503 568 4543 suum
602 4497 747 4543 recte
773 4490 902 4543 tueri
938 4500 1118 4558 queat,
1147 4493 1190 4543 si
1237 4506 1341 4544 non
1369 4492 1509 4545 adsit
1544 4493 1762 4547 veritas.
1791 4493 1943 4560 Quod

2035 3331 2339 3400 δικαιοσύνῃ
2368 3329 2497 3400 (88).
2527 3330 2636 3381 Καὶ
2665 3329 3086 3398 πληχθησόμεοα
3118 3330 3265 3400 πρὸς
3293 3329 3358 3381 τὸ
3403 3327 3483 3398 μὴ
3515 3327 3633 3379 δεῖν

2037 3423 2213 3484 ζητεῖν
2248 3421 2492 3482 πλείονας
2539 3419 2728 3486 λόγους
2756 3420 2847 3472 καὶ
2882 3420 3070 3488 σοφίας
3098 3419 3194 3472 καὶ
3229 3417 3626 3480 δικαιοσύνας,

2038 3511 2238 3581 κυρίως
2261 3509 2430 3572 οὕτως
2455 3509 2844 3580 ὀνομαζόμενοι,
2869 3510 2978 3563 άπὸ
3022 3511 3120 3579 τῆς
3168 3508 3462 3580 ἀληθείας.
3509 3507 3628 3568 Πᾶς

2037 3601 2142 3672 γὰρ
2170 3600 2410 3654 ὁστισοῦν
2435 3601 2756 3670 ὁμολογήσαι
2777 3598 2841 3653 ἂν
2876 3600 3003 3670 μίαν
3029 3596 3164 3653 εἶναι
3201 3601 3306 3671 τὴν
3327 3599 3624 3668 ἀλήθειαν.

2041 3692 2113 3744 Οὐ
2141 3691 2247 3762 γὰρ
2277 3693 2371 3743 καὶ
2412 3692 2497 3744 ἐπ’
2529 3691 2697 3760 αὐτῆς
2727 3690 2992 3761 τολμήσαι
3044 3708 3128 3754 τις
3177 3691 3369 3758 λέγειν
3422 3689 3628 3758 ἑτέραν

2039 3782 2175 3838 εἶναι
2220 3784 2317 3854 τὴν
2348 3782 2440 3837 τοῦ
2473 3782 2603 3835 Θεοῦ
2649 3782 2938 3853 ἀλήθειαν,
2974 3785 3068 3836 καὶ
3122 3784 3323 3855 ἑτέραν
3358 3783 3461 3853 τὴν
3508 3781 3624 3836 τῶν

2040 3875 2300 3944 ἀγγέλων,
2340 3875 2434 3928 καὶ
2465 3874 2628 3944 ἄλλην
2659 3873 2755 3941 τὴν
2786 3873 2893 3926 τῶν
2925 3873 3230 3944 ἀνθρώπων
3251 3891 3265 3905 ο
3309 3877 3370 3927 ἑν
3402 3873 3517 3943 γὰρ
3550 3875 3618 3942 τῇ

2040 3967 2195 4034 φύσει
2217 3963 2320 4017 τῶν
2347 3964 2532 4026 ὅντων,
2569 3962 2664 4032 μία
2695 3965 2728 4032 ὴ
2764 3963 2893 4033 περὶ
2919 3964 3146 4016 ἑκάστου
3179 3964 3439 4033 ἀλήθεια.
3465 3963 3529 4014 Εἰ
3558 3961 3618 4014 δὲ

2039 4055 2259 4125 ἀλήθεια
2295 4053 2410 4123 μία,
2437 4052 2672 4122 δηλονότι
2693 4053 2838 4122 καὶὴ
2870 4054 3181 4124 κατασκευὴ
3215 4053 3396 4122 αὐτῆς
3444 4052 3541 4104 καὶ
3583 4052 3618 4118 ἡ

2039 4141 2302 4206 ἀπόδειξις
2330 4142 2486 4210 σοφία
2513 4141 2869 4210 τυγχάνουσα,
2906 4143 3001 4211 μία
3032 4143 3270 4210 εὐλόγως
3302 4143 3370 4196 ἂν
3413 4143 3615 4205 νοοῖτο,

2042 4231 2218 4299 πάσης
2261 4230 2356 4299 τῆς
2399 4229 2750 4300 νομιζομένης
2777 4232 3000 4299 σοφίας,
3057 4233 3117 4284 οὺ
3165 4230 3488 4303 κρατούσης
3513 4229 3614 4296 τῆς

2039 4319 2291 4388 ἀληθείας
2311 4359 2326 4380 ,
2365 4319 2483 4371 οὐδὲ
2516 4319 2702 4387 σοφίας
2731 4319 2798 4372 ἂν
2830 4320 2996 4388 ύγιῶς
3036 4323 3507 4391 χρηματιξούσης.
3545 4319 3610 4370 Ei

2039 4409 2084 4461 δ’
2113 4408 2334 4478 ἀλήθεια
2367 4407 2479 4477 μία,
2508 4408 2601 4460 καὶ
2641 4409 2798 4476 σοφία
2845 4411 2973 4479 μία,
3009 4413 3104 4464 καὶ
3131 4413 3308 4479 Λόγος
3363 4413 3393 4463 6
3427 4412 3612 4475 ἀπαγ-

2041 4497 2242 4564 γέλλων
2263 4497 2358 4566 τὴν
2400 4496 2650 4566 ἀλήθειαν
2677 4498 2768 4549 καὶ
2794 4497 2890 4569 τὴν
2921 4501 3108 4567 σοφίαν
3151 4501 3344 4554 ἁπλῶν
3369 4502 3465 4554 καὶ
3501 4515 3607 4567 φα-

415 4580 462 4632 si
501 4579 698 4633 veritas
742 4593 868 4642 una,
909 4588 963 4632 et
997 4581 1254 4647 sapientia
1291 4597 1392 4634 una
1435 4591 1552 4648 est,
1598 4598 1732 4638 unus
1780 4587 1932 4638 etiam

2041 4584 2210 4655 νερῶν
2241 4587 2319 4647 είς
2341 4585 2464 4647 τοὺς
2506 4587 2870 4654 χωρητικοὺς,
2927 4581 3006 4649 εἷς
3050 4588 3115 4640 ἂν
3157 4590 3442 4660 τυγχάνοι.
3492 4587 3604 4641 Καὶ

415 4668 605 4724 Sermo
634 4670 704 4723 sit
726 4679 956 4738 oportet,
984 4671 1302 4724 annuntians
1323 4672 1620 4737 veritatem,
1641 4682 1695 4728 et
1733 4676 1941 4742 sapieno

417 4761 544 4814 tiam
576 4775 753 4815 rerum
783 4775 968 4815 earum
999 4776 1116 4829 quae
1164 4761 1434 4830 simplices
1463 4773 1588 4818 sunt
1622 4774 1676 4818 et
1721 4776 1938 4833 apertae,

414 4849 480 4901 ad
511 4849 614 4919 55
650 4865 743 4904 eos
781 4850 868 4920 qui
901 4859 1025 4904 sunt
1055 4863 1302 4916 capaces.
1332 4851 1438 4904 Nec
1464 4852 1565 4906 ltoe
1588 4851 1812 4908 dicimus
1848 4870 1940 4908 ue-

415 4949 600 5007 gantes
624 4954 742 4995 esse
767 4941 1047 4995 veritatem
1079 4950 1133 4995 et
1159 4942 1501 5010 sapientiam,
1527 4952 1580 4997 et
1623 4943 1937 4999 Sermonem

413 5028 534 5090 Dei.
566 5030 658 5083 sed
687 5031 1024 5084 ostendentes
1069 5031 1350 5085 utilitatem
1391 5029 1459 5084 ob
1504 5044 1662 5096 quam
1704 5045 1934 5099 evange-

416 5112 536 5166 lista
573 5115 780 5166 reticuit
804 5115 895 5170 Dei
925 5117 1260 5182 vocabulum,
1294 5131 1396 5170 non
1422 5115 1691 5169 scribens:
1711 5117 1763 5169 In
1789 5118 1936 5184 prin-

415 5197 557 5265 cipio
596 5208 713 5252 erat
749 5198 937 5253 Sermo
969 5203 1079 5255 Dei.
1113 5202 1254 5255 ldem
1299 5214 1474 5256 autem
1511 5203 1741 5258 Joannes
1775 5206 1933 5261 etiam

410 5299 534 5338 cum
561 5287 825 5341 additione
858 5305 878 5337 ι
910 5287 997 5340 Dei
1027 5307 1046 5337 ι
1084 5291 1320 5344 nominat
1336 5307 1456 5346 eum
1492 5293 1543 5344 iu
1577 5293 1921 5362 Apocalypsi,

479 5413 530 5446 ⁸⁸
555 5413 574 5465 I
603 5413 723 5468 Cor.
759 5429 817 5481 ιι,
841 5417 894 5471 2.
969 5418 1008 5448 ⁸⁸
1031 5416 1180 5472 .loan.
1208 5435 1246 5481 ι,
1287 5423 1338 5484 Ι,
1371 5420 1425 5474 2.
1492 5424 1534 5453 ⁸⁸
1562 5421 1694 5476 Gen.
1717 5439 1754 5488 ι,
1783 5427 1831 5478 l.

2041 4675 2158 4744 οὐχ).
2183 4673 2352 4727 ταῦτά
2389 4689 2564 4743 φαμεν
2595 4673 2913 4745 ἀρνούμενοι
2949 4675 3044 4745 τὴν
3079 4677 3342 4747 ἀλήθειαν
3373 4678 3469 4731 καὶ
3498 4678 3600 4746 τὴν

2043 4763 2228 4830 σοφίαν
2253 4763 2346 4816 καὶ
2367 4763 2456 4816 τὸν
2477 4764 2646 4830 Λόγον
2677 4761 2812 4817 εἶναι
2833 4764 2923 4817 τοῦ
2950 4765 3106 4827 Θεοῦ,
3129 4766 3266 4819 ἀλλὰ
3289 4767 3601 4830 δεικνύντες

2037 4853 2097 4904 τὸ
2119 4852 2377 4921 χρήσιμον
2401 4852 2494 4904 τοῦ
2550 4853 2910 4922 σεσιωπῆσθαι
2946 4853 3038 4904 τοῦ
3061 4853 3217 4918 Θεοῦ,
3243 4858 3340 4909 καὶ
3367 4855 3443 4926 μὴ
3469 4858 3598 4910 ἀνα-

2049 4935 2377 5006 γεγράφθαιο
2412 4954 2430 4987 ι
2475 4939 2562 4990 Ἐν
2591 4940 2734 5011 ἀρχῇ
2761 4937 2827 5011 ἦν
2859 4943 2887 4994 6
2928 4942 3098 5010 Λόγος
3134 4947 3228 5000 τοῦ
3269 4949 3430 5003 Θεοῦ.
3488 4949 3604 5005 ι,⁶0

2049 5023 2206 5082 αὐτὸς
2242 5022 2297 5073 δὲ
2332 5023 2580 5096 Ἰωάννης
2623 5029 2683 5080 ἑν
2724 5033 2787 5099 τῇ
2816 5030 3178 5102 ’Λποκαλύψει
3204 5039 3299 5090 καὶ
3334 5037 3475 5107 μετὰ
3503 5037 3602 5100 τῆς

2039 5116 2349 5188 προσθήκης
2362 5116 2520 5172 αὑτὸν
2551 5120 2799 5190 ὀνομάζει
2823 5120 2921 5190 τῆς
2950 5138 2969 5170 ι
2998 5119 3183 5186 Θεοῦ,ι
3205 5123 3407 5192 λέγων·
3437 5141 3456 5172 ι
3480 5123 3594 5175 Καὸ

2039 5204 2174 5257 εἶδον
2201 5203 2423 5273 οὐρανὸν
2455 5207 2788 5281 ἀνεῳγμένον
2809 5248 2824 5273 ,
2871 5208 2978 5262 ἰδοὺ
3009 5209 3170 5272 ἵππος
3203 5211 3417 5274 λευκὸς,
3447 5207 3583 5260 καὶό

2041 5294 2336 5361 καθήμενος
2359 5295 2445 5347 ἐπ’
2473 5300 2635 5354 αὑτὸν
2662 5299 2987 5371 καλούμενος
3013 5298 3204 5360 Πιστὸς
3241 5302 3336 5353 καὶ
3373 5295 3580 5364 ’Δληθι-

485 5522 596 5595 (88)
633 5525 739 5580 Kal
763 5525 832 5594 τῇ
861 5531 1041 5597 σοφίᾳ
1069 5527 1168 5582 και
1185 5528 1254 5596 τῇ
1282 5531 1648 5600 δικαιοσύνῃ.
1684 5533 1838 5604 Lege,
1876 5553 1932 5588 κο

2039 5535 2108 5605 ῆς,
2143 5533 2298 5601 σοφία
2328 5534 2536 5610 (supple
2565 5540 2962 5621 προσηγορίας),
2988 5538 3084 5596 καὶ
3101 5538 3216 5609 τῆς,
3251 5539 3566 5605 δικαιοσύνη.
