3848 6172
319 239 415 290 H7

1409 229 1754 287 cenarem.
1792 228 1855 282 IN
1893 227 2078 281 JOAN.
2120 227 2355 294 TOMUS
2392 227 2455 276 ιι.

3418 227 3540 280 118

322 351 436 413 νδς,
468 342 551 396 καὶ
584 340 637 392 ὲν
681 335 1010 410 δικαιοσύνῃ
1060 345 1245 415 κρίνει
1290 349 1382 400 καὶ
1421 350 1659 417 πολεμεῖ.
1717 350 1776 400 Οἱ
1826 347 1880 398 δὲ

1989 345 2160 398 dicens
2184 343 2229 374 ⁸³
2264 359 2276 393 :
2314 360 2332 390 ε
2377 340 2437 392 Et
2470 337 2578 390 vidi
2606 333 2798 388 coelum
2829 337 3084 404 apertum,
3118 346 3164 392 et
3191 351 3314 392 ecce
3347 354 3514 408 equus

321 433 568 507 ὀφθαλμοὶ
591 427 748 484 αὐτοῦ
769 427 843 491 ὼς
875 429 1020 498 φλὸξ
1052 438 1228 507 πυρός
1249 455 1262 468 ο
1293 439 1383 490 καὶ
1412 441 1501 490 ἐπὶ
1528 441 1623 507 τὴν
1646 437 1880 506 κεφαλὴν

325 526 482 581 αὐτοῦ
516 524 812 592 διαδήματα
855 521 1039 575 πολλὰ
1063 562 1079 586 ,
1117 525 1258 594 έχων
1293 527 1459 596 ὄνομα
1484 527 1878 595 γεγραμμένον,

322 617 352 670 ὃ
380 617 544 678 οὐδεὶς
572 611 705 667 οἶδεν
741 611 789 662 εἰ
817 610 896 681 μὴ
925 613 1126 676 αὐτὸς,
1157 616 1251 668 καὶ
1279 615 1726 684 περιϐεϐλημένος
1761 615 1881 684 ἱμά-

321 724 433 760 τιον
467 704 876 777 ὲρῤαντισμένον
913 705 1147 775 αἵματι,
1188 707 1281 758 καὶ
1331 706 1584 776 ἐκέκλητο
1626 706 1686 758 τὺ
1715 706 1882 774 ὄνομα

323 799 485 850 αὐτοῦ
513 797 680 864 Λόγος
730 794 823 848 τοῦ
863 795 1023 848 Θεοῦ.
1062 797 1174 848 Καὶ
1211 796 1278 848 τὰ
1306 795 1680 866 στρατεύματα
1720 793 1879 846 αὐτοῦ

321 890 379 940 ὲν
407 886 484 955 τῷ
521 883 736 956 οὐρανῷ
785 884 1072 952 ἠκολούθει
1125 885 1271 955 αὐτῷ
1315 886 1397 954 ἐφ’
1431 887 1611 946 ἵπποις
1655 885 1877 947 λευκοῖς,

321 976 691 1045 ὲνδεδυμένοις
721 974 832 1044 (89)
862 974 1113 1043 βύσσινον
1145 975 1406 1045 καθαρὸν,
1437 976 1526 1028 καὶ
1558 976 1621 1026 ὲκ
1643 973 1733 1026 τοῦ
1767 974 1882 1026 στό-

321 1081 488 1136 ματος
508 1064 673 1116 αὐτοῦ
699 1064 1056 1134 ἐκπορεύεται
1089 1064 1328 1133 ῥομφαία
1359 1064 1524 1128 ὀξεῖα,
1549 1065 1633 1116 ἵνα
1659 1065 1713 1114 ὲν
1745 1064 1878 1132 αὐτῇ

322 1154 534 1225 πατάξῃ
583 1154 654 1207 τὰ
716 1154 843 1224 ἔθνη
870 1193 884 1217 ,
941 1153 1034 1205 καὶ
1088 1152 1249 1214 αὐτὸς
1301 1155 1552 1222 ποιμανεῖ
1592 1153 1782 1213 αὐτοὺς
1825 1153 1881 1202 ὲν

321 1244 500 1313 ρἀδῳ
529 1245 750 1314 σιδηρᾷ,
787 1245 879 1296 καὶ
910 1243 1070 1304 αὐτὸς
1105 1245 1262 1296 πατεῖ
1294 1243 1390 1312 τὴν
1421 1243 1576 1312 ληνὸν
1603 1241 1692 1293 τοῦ
1739 1241 1880 1293 οἴνου

319 1333 416 1400 τῆς
444 1332 617 1401 ὀργῆς
651 1331 747 1384 τοῦ
787 1333 963 1401 θυμοῦ
998 1332 1105 1401 (90)
1139 1331 1230 1383 τοῦ
1283 1330 1415 1382 Θεοῦ
1445 1329 1536 1382 τοῦ
1582 1330 1881 1398 παντοκρά-

318 1437 507 1492 τορος,
563 1422 662 1472 καὶ
713 1420 824 1490 ἔχει
871 1422 963 1472 ἐπὶ
1003 1421 1060 1473 τὸ
1107 1422 1315 1490 ἱμάτιον
1339 1421 1430 1473 καὶ
1463 1422 1554 1472 ἐπὶ
1597 1421 1685 1472 τὸν
1715 1421 1881 1490 μηρὸν

318 1508 480 1561 αὑτοῦ
528 1509 704 1578 ὃνομα
755 1510 1177 1579 γεγραμμένονο
1221 1511 1277 1561 '0
1304 1509 1556 1572 Βασιλεὺς
1604 1509 1879 1576 βασιλέων,

320 1601 411 1651 καὶ
440 1597 650 1666 Κύριος
685 1597 909 1668 κυρίων.
955 1616 972 1647 ι
1023 1599 1352 1664 Ἀναγκαίως
1383 1598 1440 1649 δὲ
1486 1599 1578 1650 καὶ
1607 1597 1881 1660 ἀπολύτως

321 1688 531 1756 εἴρηται
575 1687 668 1739 καὶ
737 1689 946 1754 Λόγος,
991 1687 1083 1738 καὶ
1129 1687 1264 1754 μετὰ
1329 1686 1639 1756 προσθήκης
1701 1688 1885 1754 Λόγος

320 1775 423 1828 τοῦ
453 1775 628 1828 Θεοῦ.
663 1769 763 1828 ’Ὧν
795 1779 843 1828 εί
881 1776 941 1828 τὸ
969 1775 1150 1846 ἕτερον
1178 1775 1506 1846 σεσιώπητο,
1549 1775 1796 1844 ἀφορμὰς
1822 1775 1885 1828 ἂν

320 1865 539 1934 εἴχομεν
570 1866 666 1918 τοῦ
709 1866 1110 1936 παραδέξασθαι
1147 1867 1289 1936 (9i),
1339 1869 1429 1920 καὶ
1463 1869 1749 1920 ἀποπεσεῖν
1789 1870 1886 1938 τῆς

323 1957 446 2026 περὶ
483 1957 585 2025 τῆς
620 1959 818 2024 Λόγου
851 1957 1123 2026 ἀληθείας.
1165 1958 1228 2008 Εἰ
1267 1957 1372 2027 γὰρ
1407 1958 1594 2025 Λόγος
1633 1959 1726 2028 μὲν
1762 1958 1886 2010 ἀνα-

333 2046 634 2114 τέγραπτο,
671 2048 865 2114 Λόγος
907 2047 962 2099 δὲ
1025 2045 1170 2098 Θεοῦ
1225 2049 1296 2116 μὴ
1342 2049 1550 2116 εἴρητο,
1589 2049 1649 2099 οὐ
1704 2047 1885 2114 σαφῶς

323 2135 730 2204 ὲμανθάνομεν,
789 2136 872 2186 ὅτι
906 2129 1057 2196 οὗτος
1101 2137 1130 2187 6
1177 2136 1348 2201 Λόγος
1366 2149 1385 2196 ,·
1416 2135 1582 2201 Λόγος
1627 2134 1718 2187 τοῦ
1751 2135 1883 2188 Θεοῦ

324 2225 454 2275 ἐστι.
496 2223 668 2276 Πάλιν
703 2225 753 2275 τ’
792 2218 859 2276 αῦ
900 2226 950 2276 εί
973 2225 1159 2293 Λόγος
1196 2223 1291 2292 μὲν
1313 2223 1417 2276 τοῦ
1446 2224 1592 2277 Θεοῦ
1621 2241 1886 2295 προσηγο-

327 2311 528 2384 ρεύετο,
555 2315 751 2381 Λόγος
767 2314 824 2365 δὲ
846 2313 1125 2372 ἀπολύτως
1156 2314 1254 2366 ούκ
1292 2315 1492 2384 εἴρητο,
1535 2313 1635 2366 κᾶν
1666 2315 1884 2377 πολλοὺς

327 2400 522 2468 Λόγους
554 2401 994 2464 ἀναπλάσσοντες
1029 2402 1166 2455 κατά
1198 2402 1294 2472 τὴν
1339 2403 1474 2472 πρὸς
1515 2403 1738 2456 ἕκαστον
1778 2403 1883 2454 τῶν

331 2490 550 2556 λογικῶν
581 2491 808 2559 σχέσιν,
844 2492 1018 2561 μάτην
1040 2492 1104 2544 ἂν
1134 2492 1360 2554 πολλοὺς
1391 2491 1592 2561 κυρίως
1634 2492 1885 2561 ὀνομαζο-

333 2579 515 2646 μένους
562 2578 996 2649 παρεδεξάμεθα.
1046 2580 1236 2642 Καλῶς
1284 2582 1461 2649 μέντοι
1492 2597 1553 2645 γε
1578 2581 1885 2650 διαγράφων

331 2667 394 2718 τὰ
439 2669 562 2740 περὶ
601 2668 698 2720 τοῦ
733 2670 907 2734 Λόγου
948 2668 1042 2720 τοῦ
1083 2670 1215 2721 Θεοῦ
1263 2672 1319 2721 ὲν
1358 2672 1420 2738 τῇ
1455 2669 1807 2736 ’Λποκαλύψει
1856 2669 1886 2720 6

343 2756 675 2819 ’Δπόστολος,
709 2758 802 2808 καὶ
829 2758 858 2808 ὁ
885 2757 1299 2827 εύαγγελιστὴς,
1330 2757 1428 2826 ἤδη
1469 2757 1525 2810 δὲ
1552 2758 1643 2811 καὶ
1677 2757 1761 2809 διὰ
1787 2759 1885 2827 τῆς

345 2846 758 2914 Ἀποκαλύψεως
816 2847 911 2898 καὶ
953 2848 1252 2916 προφήτης,
1310 2847 1440 2915 φησὶ
1488 2847 1579 2899 τὸν
1603 2838 1718 2898 ’τοῦ
1751 2846 1884 2901 Θεοῦ

1981 433 2156 493 albus,
2185 439 2238 482 et
2264 427 2352 494 qui
2387 425 2606 480 sedebat
2630 437 2788 492 super
2821 438 2940 477 eum
2979 426 3265 478 vocabatur
3294 425 3511 491 Fidelis,

1979 530 2034 574 et
2070 517 2261 581 Verax,
2290 524 2344 568 et
2375 515 2427 567 in
2446 513 2654 580 justitia
2681 510 2886 578 judicat
2915 521 2970 565 et
2999 523 3215 581 pugnat.
3246 513 3393 567 Oculi
3420 531 3513 569 au-

1981 620 2086 665 tem
2122 606 2258 674 ejus,
2281 606 2417 658 sicut
2443 603 2653 655 ﬂamma
2677 601 2813 670 ignis
2846 617 2858 651 :
2891 609 2945 655 et
2975 601 3025 654 in
3059 603 3228 669 capite
3252 601 3366 668 ejus
3393 605 3511 658 dia-

1981 701 2190 752 demata
2223 694 2406 756 multa,
2438 693 2640 745 habens
2667 705 2857 743 nomen
2883 677 3160 757 scriptum,
3188 693 3327 759 quod
3356 708 3512 747 nemo

1980 786 2127 841 novit
2147 784 2245 838 nisi
2275 783 2405 851 ipse,
2433 787 2488 835 et
2510 779 2723 832 indutus
2742 787 2856 832 erat
2886 788 3030 831 veste
3051 779 3212 831 tincta
3235 781 3512 846 sanguine.

1981 876 2045 928 Et
2069 882 2291 928 vocatur
2337 882 2528 924 nomen
2569 868 2702 937 ejus,
2757 868 2944 922 Sermo
2976 867 3088 921 Dei.
3123 867 3187 920 Et
3225 868 3511 933 exercitus,

1980 964 2069 1031 qui
2101 971 2223 1018 sunt
2251 960 2304 1013 in
2349 961 2504 1022 caelo,
2542 955 2904 1025 sequebantur
2931 969 3048 1007 eum
3092 955 3142 1008 in
3172 955 3324 1022 equis
3354 956 3513 1020 albis,

1982 1054 2158 1106 vestiti
2185 1053 2406 1122 byssina
2429 1052 2569 1114 albo,
2598 1058 2650 1101 et
2690 1061 2840 1116 puro,
2878 1055 2933 1099 et
2968 1062 3032 1100 ex
3062 1060 3154 1100 ore
3183 1043 3301 1116 ejus
3331 1060 3514 1114 proce-

1981 1145 2058 1197 dit
2086 1144 2288 1210 gladius
2329 1151 2536 1200 acutus.
2579 1148 2635 1190 ut
2673 1153 2737 1191 eo
2778 1137 3038 1203 percutiat
3079 1144 3282 1208 gentes,
3317 1145 3370 1188 et
3404 1136 3514 1203 ipse

1981 1239 2128 1299 reget
2155 1245 2248 1283 eos
2280 1231 2423 1297 virga
2469 1229 2665 1288 ferrea,
2705 1235 2759 1278 ct
2793 1225 2904 1292 ipse
2931 1222 3100 1276 calcat
3134 1224 3370 1276 torcular
3403 1223 3514 1276 vini

1983 1319 2073 1371 ira:
2091 1319 2282 1372 furoris
2309 1318 2399 1371 Dei
2424 1313 2824 1383 omnipotentis,
2841 1321 2895 1364 et
2921 1310 3084 1388 habet.
3102 1310 3151 1362 in
3175 1313 3514 1374 vestimento,

1981 1417 2034 1461 et
2094 1408 2148 1461 in
2189 1406 2395 1460 femore
2435 1420 2529 1458 suo
2565 1417 2752 1456 nomen
2804 1406 3105 1471 scrlptum:
3143 1400 3255 1456 Rex
3307 1414 3514 1468 regum,

1981 1507 2033 1552 et
2063 1499 2319 1551 Dominus
2353 1494 2762 1548 dominantium.
2797 1511 2815 1543 ι
2855 1493 2958 1546 Sed
3000 1490 3300 1545 necessario
3339 1500 3393 1543 et
3425 1492 3514 1544 ab-

1982 1571 2156 1640 solute
2203 1585 2379 1651 posuit
2423 1581 2656 1635 Joannes
2696 1579 3009 1632 vocabulum
3059 1578 3238 1633 Sermo
3262 1617 3276 1642 ,
3313 1587 3516 1632 etcum

1984 1677 2278 1744 adjectione
2291 1673 2472 1736 etiam,
2503 1669 2684 1724 Sermo
2711 1668 2824 1721 Dei.
2849 1667 2980 1720 Nam
3001 1666 3045 1720 si
3075 1667 3299 1721 alterum
3325 1670 3515 1722 tacuis-

1985 1774 2085 1834 set,
2110 1763 2444 1817 occasionem
2478 1759 2709 1812 habituri
2741 1771 2958 1810 eramus
2991 1765 3188 1823 praeter
3209 1769 3516 1825 germanam

1985 1853 2304 1907 sententiam
2369 1848 2718 1917 intelligendi,
2773 1855 2826 1898 et
2870 1847 3154 1921 aberraudi
3205 1861 3234 1898 a
3293 1847 3517 1899 veritate

1985 1943 2143 2009 hujus
2173 1939 2416 1995 vocabuli
2465 1938 2643 1991 Sermo
2666 1955 2687 1986 .-
2716 1951 2780 1989 ac
2827 1938 2870 1990 si
2915 1936 3156 1990 absolute
3213 1936 3516 2003 scripsisset

1983 2032 2231 2093 Joannes,
2277 2028 2595 2088 Sermonem,
2621 2039 2720 2080 nec
2749 2024 2972 2079 dixisset
3013 2028 3173 2077 etiam
3209 2040 3328 2078 cum
3374 2023 3512 2091 adje-

1984 2121 2178 2186 ctione,
2221 2116 2517 2170 Sermonem
2563 2115 2695 2178 Dei,
2754 2129 2857 2167 non
2917 2112 3290 2167 didicissemus
3340 2122 3518 2188 aperte

1985 2209 2125 2262 hunc
2178 2207 2486 2260 Sermonem
2534 2219 2652 2260 esse
2709 2203 3018 2256 Sermonem
3073 2201 3188 2255 Dei.
3243 2202 3444 2255 Rursus
3474 2202 3518 2254 si

1985 2295 2282 2348 Sermonem
2329 2291 2423 2344 Dei
2464 2292 2720 2354 dixisset,
2772 2304 2870 2342 nec
2910 2289 3150 2342 absolute
3187 2287 3514 2355 Sermonem,

1985 2383 2360 2450 etiampmltos
2378 2381 2661 2435 Sermones
2679 2380 2934 2446 [ingentes
2947 2378 3099 2444 juxta
3123 2379 3430 2432 relationem
3454 2379 3519 2429 ad

1981 2485 2411 2540 unumquemque
2439 2485 2622 2524 eorum
2653 2470 2743 2538 qui
2772 2482 3017 2522 sermone
3044 2482 3106 2520 ac
3127 2469 3330 2521 ratione
3360 2475 3519 2520 utun-

1986 2572 2091 2628 tur,
2125 2563 2322 2615 frustra
2350 2559 2543 2613 multos
2568 2558 2782 2626 proprie
2819 2556 2898 2610 sic
2926 2556 3228 2610 nominatos
3263 2555 3519 2609 admisis-

1984 2665 2183 2706 semus.
2215 2649 2397 2716 Itaque
2443 2656 2588 2702 recte
2621 2645 2893 2715 apostolus
2930 2653 2985 2698 et
3020 2641 3366 2710 evangelista,
3407 2639 3519 2710 jam

1983 2754 2110 2794 vero
2135 2739 2294 2794 etiam
2335 2745 2554 2806 propter
2595 2735 2948 2804 Apocalypsin
2979 2736 3261 2802 prepheta,
3317 2731 3520 2784 descri-

1985 2831 2116 2884 bens
2156 2830 2207 2882 in
2239 2825 2557 2895 Apocalypsi
2601 2825 2914 2878 Sermonem
2948 2823 3064 2885 Dei,
3094 2835 3154 2875 se
3184 2820 3272 2874 Dei
3307 2820 3520 2873 Sermo-

278 2962 280 2964 τ
335 2936 495 3001 Λόγον
527 2910 834 3004 ἑωρακέναι
868 2936 925 2988 ὲν
959 2910 1215 3002 ἀνειργότι
1245 2910 1332 3003 τῷ*
1355 2910 1586 3003 οὐρανῷ,
1621 2935 1704 3000 ἐφ’
1738 2935 1884 3004 ἵππῳ

1989 2935 2104 2974 nem
2137 2919 2332 2972 vidisse
2357 2916 2546 2984 inquit,
2574 2923 2762 2981 aperto
2790 2913 2947 2976 caelo,
2974 2926 3112 2979 equo
3142 2910 3261 2964 albo
3286 2918 3518 2964 vectum.

335 3025 498 3092 λευκῷ
539 3024 855 3093 ὀχούμενον.
902 3024 965 3074 Τί
991 3024 1048 3075 δὲ
1094 3023 1379 3075 αἰνίττεται
1411 3023 1471 3075 τὸ
1500 3022 1765 3091 ἀνεῷχθαι
1797 3024 1883 3077 τὸν

337 3115 578 3184 οὐρανὸν,
609 3116 707 3167 καὶ
735 3116 764 3166 6
797 3114 988 3176 λευκὸς
1018 3115 1180 3177 ἵππος
1198 3152 1212 3177 ,
1240 3115 1334 3166 καὶ
1370 3113 1427 3166 τὸ
1453 3114 1536 3166 ἐπ’
1564 3113 1724 3166 αὐτοῦ
1757 3114 1885 3166 καθ-

339 3201 542 3264 έζεσθαι
590 3203 684 3254 τὸν
733 3202 1065 3271 καλούμενον
1107 3202 1200 3254 τοῦ
1245 3202 1378 3254 Θεοῦ
1417 3203 1617 3270 Λόγον,
1657 3203 1790 3272 πρὸς
1824 3203 1886 3254 τὸ

340 3287 468 3342 εἶναι
498 3292 630 3344 Θεοῦ
667 3292 841 3358 Λόγον
885 3293 979 3344 κα)⁵
1034 3292 1217 3344 πιστὸν
1261 3293 1352 3343 καὶ
1389 3292 1634 3362 ἀληθινὸν
1653 3330 1667 3354 ,
1708 3293 1799 3343 καὶ
1828 3293 1885 3344 έν

338 3378 634 3451 δικαιοσύνῃ
665 3381 953 3451 κρινοῦντα
968 3382 1098 3452 (91⁸)
1119 3384 1207 3435 καὶ
1232 3383 1881 3453 πολεμοῦντωλεγόμενον,

340 3472 707 3539 κατανοητέον,
739 3472 826 3524 ἵνα
856 3471 934 3523 ἐτι
959 3471 1153 3539 μᾶλλον
1180 3471 1622 3542 πψοϐιϐασθῶμεν
1638 3469 1712 3539 τῷ
1728 3470 1886 3523 ἐκλα-

341 3557 448 3611 ϐεῖν
503 3559 570 3612 τά
605 3563 734 3629 περὶ
781 3559 877 3611 τοῦ
932 3560 1101 3628 Λόγου
1131 3559 1221 3612 τοῦ
1267 3559 1421 3621 Θεοῦ,
1475 3559 1790 3612 Κεκλεῖσθαι
1827 3559 1884 3611 δὲ

340 3648 566 3716 ἡγοῦμαι
613 3649 704 3700 τὸν
726 3648 957 3718 οὐρανὸν
998 3651 1109 3710 τοῖς
1143 3649 1394 3710 ἀσεϐέσι,
1443 3649 1532 3700 καὶ
1568 3648 1664 3718 τὴν
1705 3647 1884 3700 εἰκόνα

339 3735 426 3786 τοῦ
459 3737 636 3805 χοϊκοῦ
677 3738 934 3807 φέρουσιν
957 3777 972 3798 ,
1005 3737 1269 3806 ἀνεῷχθαι
1302 3737 1357 3788 δὲ
1390 3740 1499 3797 τοῖς
1539 3737 1761 3798 δικαίοις
1793 3737 1885 3789 καὶ

339 3826 764 3894 κεκοσμημένοις
809 3827 876 3894 τῇ
910 3823 1004 3876 τοῦ
1056 3825 1375 3893 ἐπουρανίου
1415 3824 1524 3894 (92)
1550 3824 1712 3876 εἰκόνι
1734 3837 1746 3851 ⁸
1778 3827 1885 3886 τοῖς

317 3914 435 3982 ,μὲν
460 3917 566 3986 γὰρ
585 3957 599 3980 ,
653 3917 750 3970 ἆτε
801 3918 951 3970 κάτω
981 3918 1302 3985 τυγχάνουσι
1327 3956 1341 3979 ,
1392 3918 1486 3968 καὶ
1525 3918 1584 3967 ὲν
1613 3915 1773 3986 σαρκὶ
1804 3915 1882 3967 ἔτι

338 4004 663 4075 ὑπάρχουσιν
697 4006 1116 4059 ἀποκέκλεισται
1152 4005 1222 4057 τὰ
1249 4005 1529 4074 κρείττονα
1549 4043 1562 4066 ,
1607 4005 1664 4055 οὐ
1697 4003 1887 4055 συνιεῖ-

342 4109 419 4144 σιν
443 4095 579 4146 αὐτὰ
597 4135 614 4158 ,
643 4095 765 4147 οὐδὲ
787 4095 850 4146 τὸ
881 4094 1073 4155 κάλλος
1095 4092 1271 4145 αὐτῶν
1294 4092 1604 4160 δυναμένοις
1621 4130 1636 4154 ,
1667 4091 1786 4142 ἐπεὶ
1812 4089 1883 4159 μὴ

341 4183 639 4251 βούλονται,
692 4185 991 4244 κατανοεῖν,
1039 4181 1436 4249 συγκύπτοντες
1481 4180 1588 4248 (95)
1610 4219 1623 4241 ,
1673 4179 1766 4232 καὶ
1813 4179 1883 4248 μὴ

339 4273 652 4336 ἐπιδιδόντες
678 4273 873 4334 αὐτοὺς
906 4274 984 4333 εἰς
1012 4271 1072 4323 τὸ
1098 4270 1425 4323 ἀνακύπτειν
1445 4287 1457 4298 ο
1487 4271 1596 4330 τοῖς
1626 4267 1682 4320 δὲ
1703 4267 1883 4335 διαφέ-

342 4375 549 4427 ρουσιν,
599 4362 694 4414 ἆτε
739 4361 801 4412 τὸ
826 4359 1122 4427 πολίτευμα
1172 4358 1380 4426 ἔχουσιν
1421 4359 1478 4409 ὲν
1508 4357 1782 4425 οὐρανοῖς,
1817 4354 1885 4406 τὰ

339 4449 558 4518 οὐράνια
588 4454 653 4521 τῇ
679 4451 848 4503 κλειδὶ
871 4449 963 4503 τοῦ
987 4449 1150 4502 Δαυτδ
1174 4447 1378 4515 ἀνέῳγε
1398 4444 1759 4514 θεωρούμενα,
1790 4443 1882 4496 τοῦ

340 4533 476 4587 θείου
505 4539 675 4604 Λόγου
712 4537 1015 4604 ἀνοίγοντος
1047 4535 1204 4596 αὐτὰ,
1236 4535 1330 4586 καὶ
1366 4531 1774 4599 σαφηνίζοντος,
1801 4530 1887 4583 διὰ

339 4623 428 4675 τοῦ
453 4627 690 4694 ὀχεῖσθαι
713 4628 884 4696 ἵππῳ,
907 4627 1112 4694 φωναῖς
1142 4623 1209 4675 τὰ
1229 4620 1593 4691 σημαινόμενα
1619 4620 1887 4686 ἀπαγγελ-

341 4714 582 4778 λούσαις·
608 4716 814 4785 λευκῷ,
865 4716 952 4768 διὰ
975 4714 1037 4766 τὸ
1066 4711 1292 4781 φανερὸν
1325 4709 1416 4761 καὶ
1459 4708 1520 4759 τὸ
1547 4707 1763 4770 λευκὸν,
1794 4709 1887 4760 καὶ

343 4807 593 4869 φωτεινὸν
620 4807 716 4875 τῆς
745 4803 1020 4873 γνώσεως.
1052 4801 1347 4864 Καθέζεται
1375 4799 1431 4851 δὲ
1458 4799 1548 4851 ἐπὶ
1582 4799 1672 4851 τὸν
1700 4799 1886 4850 λευκὸν

345 4890 503 4944 ἵππον
544 4896 573 4946 6
612 4893 943 4963 καλούμενος
967 4891 1201 4954 Πιστὸς,
1246 4887 1520 4956 ἱδρυμένος
1549 4887 1885 4958 βεϐαιότερον

409 5005 452 5037 ⁸³
480 5007 649 5074 Apoc.
688 5021 802 5069 nx,
843 5005 904 5056 11
946 5009 1002 5055 et
1027 5015 1144 5067 seq.
1221 4997 1265 5030 “
1291 4996 1514 5065 Philipp.
1548 5013 1635 5062 nt,
1670 4999 1761 5052 20.

412 5116 520 5181 (89)
573 5116 1044 5184 Ἐνδεδυμένοές.
1066 5111 1215 5184 ⁸Ῑτεεθ
1241 5108 1577 5184 ἐνδεδυμένοι.

416 5177 522 5252 (90)
567 5186 677 5238 Τοῦ
707 5177 920 5252 θυιὶοῦ,
947 5178 1297 5252 Desideratur
1329 5177 1376 5227 in
1401 5179 1649 5252 editione
1691 5178 1881 5240 lluelii,

351 5243 438 5306 sed
461 5243 730 5320 suppletur
751 5243 982 5320 e‘codd.
1015 5243 1373 5320 Bodleiapdpt
1399 5244 1714 5320 Barberiuo.

402 5308 1041 5439 ί(9ηΠαραδὲιξάσθιιι.
1081 5317 1185 5386 etc:
1225 5308 1369 5387 Nullo
1403 5325 1552 5364 sensu
1606 5313 1729 5365 hwc
1772 5314 1912 5365 reiI-.

349 5388 397 5438 di
435 5399 587 5439 erunt
628 5387 916 5439 Ferrarius
959 5388 1016 5429 et
1062 5375 1350 5428 Pertontus.
1391 5377 1568 5439 Legas,
1614 5381 1888 5439 παρεκδέ-

435 5375 587 5440 erunt
628 5375 916 5440 Ferrarius
959 5388 1020 5447 et
1062 5375 1350 5447 Perionius.
1391 5377 1568 5447 Legas,
1614 5381 1888 5447 παρεκδέ-

356 5454 564 5517 ξασθαι,
618 5451 872 5521 proclivis
938 5443 1049 5496 crit
1087 5442 1481 5521 interpretatio;
1525 5442 1886 5521 ῌαρεκδέξα-

355 5508 463 5574 ἆθαι
493 5508 663 5578 autem
690 5529 766 5577 est
797 5523 1003 5584 pra'ler
1034 5508 1322 5584 ceteranam
1347 5508 1648 5566 sententiam
1687 5508 1888 5570 intelli-

1987 3009 2121 3075 Quid
2165 3021 2292 3062 vero
2337 3006 2522 3058 innuat
2562 3003 2681 3056 cmli
2725 3002 2950 3070 apertio,
2984 3011 3038 3054 et
3062 3015 3231 3068 equus
3256 2998 3434 3060 albus,
3467 3007 3520 3052 et

1985 3113 2145 3166 super
2174 3098 2344 3164 ipsum
2379 3094 2548 3148 sessio
2584 3093 2725 3146 illius
2756 3092 2844 3158 qui
2886 3091 3074 3144 Sermo
3119 3089 3210 3142 Dei
3255 3095 3520 3151 vocatur,

1985 3187 2073 3255 qui
2105 3186 2287 3248 etiam,
2313 3192 2666 3251 praeterquam
2693 3191 2774 3236 est
2807 3179 2996 3232 Sermo
3041 3179 3157 3240 Dei,
3186 3177 3355 3230 lidelis
3387 3176 3519 3230 dici-

1989 3289 2093 3338 tur,
2131 3283 2185 3330 et
2222 3289 2402 3338 verax,
2443 3283 2496 3327 et
2560 3273 2611 3326 in
2653 3271 2863 3338 justitia
2894 3269 3154 3338 judicans
3201 3276 3253 3319 et
3293 3265 3518 3329 bellans,

1985 3363 2432 3420 considerandum
2459 3371 2573 3424 est,
2606 3370 2664 3413 nt
2695 3351 2761 3414 eo
2791 3359 2959 3427 magis
2988 3356 3354 3424 proﬁciamus,
3396 3367 3519 3406 cum

1986 3450 2406 3506 intellexerimus
2453 3462 2568 3516 qua:
2609 3448 2675 3500 ad
2722 3446 2812 3499 Dei
2865 3445 3176 3498 Sermonem
3229 3441 3518 3510 pertinent.

1985 3540 2211 3594 Proinde
2235 3539 2463 3592 arbitror
2484 3551 2582 3606 ego
2617 3535 2794 3604 impiis
2821 3543 2874 3588 et
2901 3542 3207 3588 terrestrem
3237 3530 3518 3600 imaginem

1985 3627 2310 3698 gerentibus,
2339 3627 2531 3681 caelum
2554 3639 2672 3680 esse
2709 3624 2972 3686 clausum,
3013 3628 3254 3691 apertum
3277 3634 3406 3674 vero
3430 3619 3520 3687 ju-

1984 3717 2103 3780 stis,
2133 3715 2238 3785 56
2284 3724 2337 3768 et
2373 3716 2455 3768 his
2495 3715 2584 3782 qui
2623 3714 2860 3782 insigniti
2893 3712 3089 3765 fuerint
3118 3709 3517 3778 supercmlestis

1984 3807 2236 3875 imagine.
2267 3804 2529 3857 Nimirum
2566 3805 2742 3872 impiis
2773 3803 2984 3870 quidem
3029 3803 3173 3854 humi
3221 3801 3518 3853 etiamnum

1984 3898 2306 3965 repentibus,
2345 3903 2398 3948 et
2448 3895 2499 3947 in
2527 3909 2687 3947 carne
2711 3887 3114 3951 exSistentibus,
3143 3890 3515 3959 praestantiora

1983 3996 2108 4040 sunt
2135 3985 2338 4048 clausa,
2368 3985 2490 4052 quia
2538 3997 2645 4036 non
2700 3981 2998 4050 intelligant
3042 3993 3103 4032 ea
3126 4017 3141 4042 ,
3176 3992 3274 4032 nec
3312 3983 3520 4046 possint

1983 4091 2164 4130 eorum
2190 4073 2636 4143 pulchritudinem
2659 4073 2803 4140 (quia
2825 4069 3032 4138 nolunt)
3053 4069 3335 4136 dispicere,
3364 4066 3520 4132 proni

1985 4182 2082 4220 nec
2118 4167 2328 4234 erigere
2360 4179 2416 4218 se
2447 4173 2721 4224 conantes.
2753 4177 2873 4216 cum
2903 4161 3032 4231 justi
3073 4170 3126 4214 et
3168 4158 3517 4220 excellentes,

1915 4245 1963 4303 D
1986 4255 2110 4322 quia
2136 4255 2223 4322 jus
2250 4253 2478 4307 civitatis
2517 4252 2567 4304 in
2596 4252 2747 4305 cmlis
2775 4250 3008 4303 habeant
3027 4249 3096 4310 ⁸⁸,
3124 4247 3364 4302 ctelestia
3393 4259 3523 4298 con-

1991 4341 2330 4410 templentur,
2359 4342 2568 4396 Davidis
2588 4341 2723 4395 clavi
2743 4349 2954 4406 aperta,
2980 4352 3166 4406 nempe
3195 4337 3375 4390 divino
3397 4335 3523 4389 Ser-

1991 4448 2146 4488 mone
2171 4433 2442 4502 aperiente
2469 4449 2530 4487 ea
2567 4443 2622 4486 et
2660 4431 3057 4494 manifestante,
3089 4443 3153 4481 eo
3183 4426 3321 4494 quod
3365 4425 3521 4476 veha-

1993 4539 2080 4582 tur
2109 4541 2267 4595 cqno,
2305 4527 2402 4579 hoc
2443 4535 2525 4578 est
2557 4524 2775 4578 vocibus
2823 4521 3120 4589 signiﬁcata
3166 4513 3524 4569 renuntianti-

1991 4618 2123 4678 bus;
2149 4617 2289 4680 albo,
2319 4625 2538 4684 propter
2562 4613 2990 4683 perspicuam,et
3019 4608 3318 4667 candidam,
3356 4612 3410 4656 et
3439 4603 3521 4654 lu-

1991 4708 2162 4760 eidam
2183 4706 2554 4774 cegnitionem.
2575 4703 2924 4756 Sedetautem
2943 4712 3100 4766 super
3117 4709 3311 4764 equum
3339 4691 3520 4744 album

1992 4796 2076 4850 ille
2106 4795 2195 4863 qui
2241 4803 2458 4848 vocatur
2485 4791 2675 4853 ﬁdelis,
2702 4789 2906 4843 ﬁrmius
2933 4797 3006 4850 et,
3036 4795 3090 4838 ut
3120 4787 3189 4836 ita
3211 4783 3402 4842 dicam,
3436 4791 3518 4829 re-

1991 4886 2159 4955 galius
2197 4884 2432 4937 insidens
2470 4885 2523 4936 in
2564 4881 2803 4942 vocibus,
2846 4893 2964 4947 quae
3000 4873 3231 4930 subverti
3261 4885 3366 4924 non
3393 4882 3522 4936 pos--~

1991 5121 2104 5170 qere
2129 5115 2173 5157 et
2207 5103 2481 5170 explicare.
2514 5101 2766 5170 linﬁ'rws.

2056 5173 2184 5240 (91‘)
2226 5161 2563 5240 κρινοῦντα,
2590 5167 2742 5219 Forte
2760 5161 3112 5240 _xpivov'ra,nt
3142 5169 3403 5240 congrua}
3428 5175 3521 5213 su.

1992 5227 2205 5308 periuri
2229 5227 2285 5308 ei
2307 5236 2664 5308 inferioribus
2683 5227 2871 5308 κρίνει,
2888 5228 3174 5308 ¹κρίνοντα,
3198 5227 3314 5308 etc;
3359 5227 3517 5308 ξονς.

2061 5306 2170 5376 (92)
2196 5302 2596 5376 Ὲπουρανίρρο
2613 5293 2864 5376 5.16693”;
2888 5293 3200 5376 ljtidleianus
3213 5293 3491 5376 etiBarberi
3505 5324 3520 5334 -

1994 5360 2129 5435 Ilus;
2151 5360 2286 5424 male
2306 5360 2426 5423 vero
2448 5365 2609 5419 editio
2638 5360 2810 5435 liuetii
2837 5361 3053 5435 intextu
3076 5360 3518 5435 habetmapvfou.

2061 5426 2170 5506 (93)
2212 5438 2671 5506 Συγκύπτονζες.
2707 5428 2778 5506 Ita
2808 5430 2976 5506 codex
3015 5426 3367 5495 Bodleianus;
3416 5426 3524 5479 Ro.

1991 5495 2102 5581 gitis
2131 5495 2254 5566 vero
2278 5495 2329 5562 e't
2357 5501 2695 5562 Barbcrinus,
2723 5495 3103 5577 ὲγκύπτοντες.
