3848 6232
447 238 551 294 “9

200 61 248 74 __
723 49 766 56 __
1035 46 1040 48 _
2107 26 2341 50 ___.
2451 36 2731 43 _______._

1894 245 2049 300 ORlG
2057 246 2207 299 ENIS

444 363 589 418 aunt,
621 370 683 408 ac
713 356 900 420 quovis
925 370 1060 422 equo
1101 353 1338 408 velocius
1375 368 1440 409 ac
1472 355 1702 410 celerius
1726 367 1979 423 currunt,

2092 360 2194 420 καὶ,
2233 359 2294 409 ἵν’
2325 358 2492 421 οὕτως
2517 358 2684 423 εῖπω,
2724 358 3144 428 βασιλικώτερον
3191 358 3265 408 ὲν
3314 343 3627 420 φωναῖς

445 456 496 518 et
526 445 690 514 gloria
729 446 778 498 in
809 448 920 513 ipso
947 447 1144 512 impetu
1185 453 1438 511 superant
1462 445 1827 500 adversarium
1858 464 1974 502 om-

444 550 562 590 nem
614 536 951 588 simulantem
1003 550 1060 586 se
1099 550 1218 588 esse
1269 534 1622 600 Sermonem,
1685 537 1978 602 itidemque

443 625 782 678 simulantem
829 640 884 677 se
913 640 1031 678 esse
1060 626 1338 678 veritatem
1371 634 1425 679 et
1456 638 1796 693 apparentem
1837 630 1977 682 veri-

445 723 628 768 tatem.
647 711 882 766 Vocatur
908 723 1086 767 autem
1119 714 1289 768 lidelis
1311 714 1399 782 qui
1427 717 1571 769 sedet
1591 716 1641 768 in
1673 731 1808 784 equo
1835 717 1977 779 albo,

448 819 550 855 non
579 804 701 870 quia
737 803 896 855 ﬁdem
927 803 1084 858 alicui
1112 804 1344 870 habeat,
1384 804 1474 859 sed
1500 805 1624 873 quia
1657 806 1759 858 [ide
1791 807 1981 873 dignus

446 891 533 944 sit.
571 890 700 944 Nam
749 892 892 946 Mose
933 901 1067 948 teste
1107 895 1176 959 ⁸⁸,
1220 894 1391 948 ﬁdelis
1423 903 1476 947 et
1505 908 1664 949 verax
1703 905 1782 948 est
1813 896 1981 948 Domi-

450 994 566 1031 nus.
602 980 771 1032 Verax
800 981 1060 1034 estetiam
1089 982 1153 1034 ad
1184 981 1543 1036 dilferentiam
1587 982 1808 1045 umbrae,
1839 994 1891 1035 et
1921 983 1982 1035 ﬁ-

449 1082 614 1134 gurae,
641 1078 695 1120 et
727 1068 994 1136 imaginis,
1027 1071 1277 1137 quoniam
1313 1070 1433 1125 talis
1460 1079 1541 1125 est
1562 1071 1648 1126 ille
1679 1072 1868 1125 Sermo
1890 1072 1978 1140 qui

445 1166 527 1212 est
568 1159 618 1211 in
643 1159 778 1211 cwlo
803 1170 1029 1235 aperto;
1072 1176 1174 1214 non
1221 1161 1360 1214 enim
1395 1162 1517 1216 talis
1555 1171 1638 1216 est
1662 1162 1850 1216 Sermo
1878 1174 1985 1216 ter-

447 1248 634 1301 restris
663 1247 836 1315 qualis
861 1248 1257 1317 cmlestis,quia
1282 1249 1452 1303 factus
1470 1265 1596 1303 caro
1622 1265 1716 1318 per
1741 1253 1978 1319 umbras,

445 1346 503 1391 et
536 1338 758 1406 ﬁguras,
793 1347 846 1392 et
874 1339 1131 1405 imagines
1168 1341 1426 1408 loquitur.
1456 1339 1820 1397 Multitudines
1854 1359 1982 1412 ergo

447 1441 634 1481 eorum
669 1427 758 1495 qui
782 1439 1037 1494 putantur
1065 1436 1308 1496 credere,
1341 1434 1528 1487 umbra
1552 1434 1845 1498 Sermonis,
1877 1450 1981 1488 non

445 1530 576 1572 vero
609 1517 698 1571 illo
723 1517 982 1572 Sermone
1009 1517 1099 1572 Dei
1129 1521 1218 1588 qui
1253 1529 1336 1576 est
1369 1523 1420 1575 in
1459 1523 1598 1576 coelo
1631 1535 1836 1592 aperto,
1864 1539 1984 1594 eru-

450 1604 690 1658 diuntur.
729 1604 1019 1675 Pr0pterea
1057 1606 1317 1662 Jeremias
1355 1610 1527 1678 inquit
1552 1609 1599 1641 ⁸⁸
1644 1627 1658 1664 :
1693 1627 1712 1661 ι
1753 1609 1984 1679 Spiritus

2081 448 2347 516 τραπῆναι
2403 449 2475 516 μὴ
2521 448 2870 518 δυναμέναις,
2919 448 3126 510 παντὸς
3178 447 3411 498 ἵππου
3489 430 3648 498 ὀξύ·

2083 538 2176 588 καὶ
2208 537 2388 605 τάχιον
2413 537 2726 605 τρεχούσαις
2748 578 2762 602 ,
2804 540 2897 590 καὶ
2925 537 3228 608 παρευδοκι
3239 529 3392 604 μού
3404 541 3585 586 σαις
3632 523 3648 574 έ

2084 628 2222 695 φορᾷ
2255 626 2428 677 πάντα
2466 627 2555 679 τὸν
2594 629 2994 698 ἀνταγωνιστὴν
3025 624 3384 696 ὑποκριτὴν
3442 616 3648 680 Λόγο

2086 713 2368 783 μιζόμενον
2412 717 2611 782 Λόγον,
2637 719 2731 770 καὶ
2758 718 3012 788 ἀληθείας
3058 715 3376 768 δοκοῦσαν
3437 703 3637 774 ἀλήθ

2085 804 2338 856 Καλεῖται
2363 804 2420 856 δὲ
2445 804 2635 870 Πιστὸς
2661 810 2689 859 ό
2719 809 2810 860 ἐπὶ
2841 807 2936 859 τοῦ
2981 804 3178 858 λευκοῦ
3208 806 3448 856 ἵππου
3509 791 3648 864 (94

2084 890 2169 944 διὰ
2193 891 2252 943 τὸ
2277 892 2548 945 πιστεύειν
2567 931 2581 955 ,
2611 896 2730 947 ὅσον
2756 896 2846 948 διὰ
2873 896 2932 946 τὸ
2959 894 3260 956 πιστευτὺς
3303 887 3512 942 εἶναι
3539 924 3559 948 9
3622 899 3648 934 ⁴¹

2085 979 2232 1045 έστι,
2263 980 2355 1032 τοῦ
2403 982 2744 1037 πιστεύεσθαι
2778 985 2944 1049 ἄξιος.
2990 984 3198 1053 Κύριος
3229 980 3416 1050 γὰρ,
3470 973 3648 1028 κα.τέ

2086 1070 2339 1132 Μωῡσέα,
2368 1071 2552 1136 πιστὸς
2576 1075 2668 1125 καὶ
2684 1073 2950 1142 ἀληθινός.
2971 1076 3078 1126 Καὶ
3106 1073 3247 1145 άληθ
3262 1070 3419 1130 ινὸς
3441 1065 3601 1136 γὰρ
3643 1084 3648 1096 ⁸

2087 1153 2482 1226 άντιδιαστολὴν
2537 1161 2720 1222 σκιᾶς,
2754 1161 2846 1211 καὶ
2881 1160 3083 1224 τύπου,
3127 1160 3225 1212 καὶ
3263 1156 3566 1215 εἰκόνος
3591 1171 3608 1181 ·

2087 1240 2319 1304 τοιοῦτος
2368 1244 2396 1294 6
2439 1245 2497 1296 ὲν
2528 1244 2605 1314 τῷ
2637 1247 2894 1316 ἀνεῳγότι
2940 1247 3153 1319 οὐρανῷ
3185 1247 3443 1314 Λόγος.
3496 1242 3605 1295 Οὐ

2089 1329 2180 1380 ἐπὶ
2209 1330 2310 1398 γῆς
2333 1332 2362 1382 6
2386 1331 2620 1395 τοιοῦτος
2649 1333 2780 1404 (95),
2815 1335 2996 1397 ὁποῖος
3017 1338 3046 1387 6
3073 1338 3132 1388 ὲν
3160 1332 3437 1406 οὐρανῷ
3460 1372 3479 1396 ,
3519 1331 3648 1384 ἅτε

2087 1418 2305 1487 νόμενος
2331 1421 2463 1491 σὰρξ
2483 1460 2498 1483 ,
2532 1424 2622 1475 καὶ
2649 1423 2735 1476 διὰ
2768 1427 2924 1487 σκιᾶς
2957 1424 3052 1476 καὶ
3085 1425 3288 1478 τύπων
3323 1424 3457 1476 καὶ
3504 1423 3648 1474 είκέ

2088 1505 2406 1577 λαλούμενος
2455 1511 2585 1580 (96).
2625 1513 2704 1566 Τὰ
2749 1514 2806 1566 δὲ
2849 1514 3027 1586 πλήθη
3059 1515 3168 1568 τῶν
3227 1530 3644 1567 πεπιστευκ

2089 1598 2448 1668 νομιζομένων
2480 1605 2545 1672 τῇ
2597 1605 2722 1673 σκιᾷ
2762 1604 2858 1656 τοῦ
2888 1606 3084 1673 Λόγου,
3117 1607 3212 1658 καὶ
3243 1606 3406 1675 οὐχ).
3471 1603 3581 1673 τῷ
3621 1604 3648 1654 d

447 1692 604 1746 faciei
653 1703 850 1746 nostra:
894 1694 1136 1748 Christus
1185 1697 1460 1762 Dominus,
1490 1700 1576 1751 cui
1626 1699 1978 1754 diximus:ln

2092 1687 2208 1757 3tch
2235 1689 2390 1759 Λόγῳ
2417 1690 2572 1754 Θεοῦ,
2599 1693 2657 1744 ἐν
2675 1692 2752 1762 τῷ
2773 1694 3032 1764 ἀνεῳγότι
3061 1695 3121 1746 οὐ
3131 1695 3289 1766 ρανῷ
3327 1695 3648 1762 τυγχάνο

447 1781 634 1835 umbra
663 1782 830 1850 ipsius
847 1783 1085 1837 vivemus
1107 1784 1161 1837 in
1185 1785 1447 1852 gentibus.
1464 1804 1482 1837 ι
1502 1785 1590 1840 Sic
1614 1787 1773 1856 igitur
1794 1788 1982 1843 Sermo

449 1873 538 1924 ille
567 1871 682 1935 Dei,
714 1873 804 1941 qui
826 1872 1020 1932 Fidelis
1047 1883 1290 1936 vocatur,
1340 1877 1498 1928 etiam
1537 1891 1696 1930 verax
1725 1887 1946 1931 vocatur
1966 1918 1982 1943 ,

445 1971 498 2014 et
533 1961 812 2030 iniustitia
847 1962 1048 2029 iudicat
1083 1971 1138 2015 et
1191 1963 1380 2016 bellum
1409 1966 1566 2033 gerit,
1591 1972 1732 2035 quod
1771 1966 1980 2034 iustitia

447 2050 564 2115 ipsa
592 2065 653 2104 ac
675 2051 880 2119 iudicio
917 2053 1030 2119 ipso
1066 2052 1374 2106 facultatem
1405 2068 1434 2106 a
1471 2053 1578 2108 Deo
1603 2055 1874 2122 acceperit
1897 2055 1981 2122 iu-

447 2139 683 2200 dicandi,
716 2148 769 2194 et
796 2139 1145 2194 distribuendi
1179 2155 1243 2196 ex
1271 2141 1530 2210 dignitate
1565 2143 1979 2213 uniuscuiusque

446 2227 672 2282 entium.
709 2228 875 2282 Nemo
903 2229 1044 2282 enim
1085 2245 1270 2285 eorum
1302 2233 1390 2302 qui
1428 2232 1690 2298 justitiam
1727 2249 1790 2288 ac
1817 2234 1984 2288 facul-

448 2323 610 2368 tatem
649 2316 924 2383 iudicandi
952 2319 1202 2388 populum
1232 2322 1449 2386 habent,
1492 2324 1561 2376 ita
1590 2323 1640 2375 in
1673 2338 1764 2378 sua
1819 2325 1984 2392 ipsius

446 2409 623 2459 anima
652 2408 874 2462 omnino
909 2410 1215 2478 imprimere
1247 2413 1447 2478 poterit
1477 2423 1530 2466 et
1556 2413 1798 2482 iustitia},
1822 2425 1874 2468 et
1897 2415 1988 2481 ju-

444 2495 654 2551 dicandi
679 2497 876 2566 ﬁguras
899 2499 1132 2567 ipsas,et
1167 2502 1402 2565 ideas,ut
1424 2503 1567 2556 nulla
1607 2505 1658 2556 in
1692 2519 1748 2558 re
1766 2505 1986 2559 sitinte-

447 2585 558 2637 rior
580 2599 640 2638 ea
663 2599 780 2652 qua:
794 2600 859 2639 ex
883 2601 943 2640 se
957 2597 1037 2641 est
1053 2589 1287 2656 iustitia,
1311 2598 1362 2644 et
1380 2604 1443 2644 eo
1465 2594 1602 2659 quod
1621 2606 1685 2646 ex
1705 2607 1761 2647 se
1784 2596 1986 2660 est,iu-

449 2672 589 2725 dicio
605 2688 620 2724 :
634 2675 1077 2740 quemadmodum
1096 2692 1266 2746 neque
1281 2681 1369 2748 qui
1391 2681 1558 2749 pingit
1571 2682 1873 2751 imaginem.
1893 2699 1986 2752 po-

452 2766 522 2816 tis
541 2763 641 2816 erit
659 2764 862 2831 pictura
879 2765 1180 2832 exprimere
1201 2781 1390 2822 onmes
1413 2769 1489 2822 rei
1509 2770 1728 2838 depicta:
1748 2775 1986 2839 proprie-

451 2863 608 2928 tates.
641 2854 930 2922 Propterea
954 2855 1207 2909 Davidem
1227 2858 1425 2911 dixisse
1442 2873 1566 2912 reor
1581 2860 1624 2890 ⁸⁷
1652 2879 1693 2914 ει
1713 2859 1988 2928 Noniusti-

448 2943 757 2998 ﬁcahiturin
773 2953 1060 3013 conspectu
1082 2955 1170 2999 tuo
1180 2947 1353 3001 omnis
1371 2948 1578 3014 vivens;
1591 2964 1722 3003 ιιιοιι
1737 2951 1877 3004 enim
1895 2966 1987 3020 ge-

447 3035 673 3089 neratim
693 3034 798 3104 57
827 3035 978 3101 dixit,
1009 3037 1182 3092 omnis
1203 3036 1380 3102 homo,
1411 3038 1523 3092 sive
1553 3040 1727 3094 omnis
1748 3041 1985 3107 angelus,

447 3128 542 3181 sed
573 3143 595 3177 ι
624 3128 800 3182 omnis
845 3129 1048 3191 vivens,
1087 3146 1105 3179 ι
1143 3129 1394 3195 quoniam
1435 3130 1592 3183 etiam
1627 3131 1670 3184 si
1706 3131 1828 3184 vitae
1869 3132 1991 3200 quis

449 3215 520 3266 sit
564 3215 854 3283 particeps,
897 3225 953 3270 et
982 3217 1358 3270 mortalitatem
1402 3233 1623 3286 prorsus
1667 3221 1986 3283 excusserit,

449 3306 530 3358 sic
572 3319 742 3374 neque
787 3305 858 3358 tui
886 3308 1291 3372 comparatione
1317 3307 1601 3374 iustificari
1621 3312 1834 3376 poterit,
1871 3324 1992 3376 per-

451 3399 574 3452 inde
599 3409 757 3465 atque
802 3399 934 3452 vita.
963 3397 1143 3466 Neque
1177 3399 1290 3451 ﬁeri
1320 3409 1494 3468 potest
1527 3411 1582 3452 ut
1612 3402 1699 3468 qui
1730 3402 1991 3469 particeps

451 3496 535 3539 est
567 3485 708 3548 vitae,
734 3493 790 3538 et
816 3486 884 3538 ob
927 3485 1026 3538 hoc
1062 3485 1246 3539 vivens
1275 3489 1597 3554 nominatur,
1631 3489 1743 3556 ipse
1766 3489 1833 3541 sit
1861 3491 1992 3552 vita,

453 3586 554 3626 nec
577 3573 666 3640 qui
697 3587 914 3641 compos
941 3582 1024 3627 est
1044 3572 1285 3640 iustitiae,
1321 3583 1375 3628 et
1416 3576 1613 3629 idcirco
1652 3577 1829 3644 iustus
1860 3577 1992 3631 dici-

454 3671 578 3724 tur,
607 3661 824 3716 omnino
856 3663 956 3730 ipsi
1001 3662 1222 3730 iustitiaa
1255 3665 1572 3732 aaquiparari
1615 3667 1828 3732 poterit.
1875 3663 1992 3720 Jam

451 3765 581 3804 vero
612 3752 1058 3819 quemadmodum
1083 3754 1148 3806 ad
1183 3753 1272 3807 Dei
1306 3752 1616 3808 Sermonem
1647 3754 1878 3823 pertinet
1905 3758 1995 3822 iu-

455 3841 634 3894 dicare
655 3842 706 3894 in
729 3840 932 3908 iustitia
963 3841 1026 3905 ⁸⁸,
1055 3842 1124 3895 ita
1153 3845 1312 3897 etiam
1343 3843 1410 3898 ad
1433 3844 1602 3912 ipsum
1631 3843 1862 3912 pertinet
1885 3843 1996 3897 bel-

454 3931 562 3985 lum
595 3945 781 4001 gerere
812 3932 866 3986 in
911 3932 1120 3999 iustitia
1151 3948 1165 3984 :
1199 3942 1255 3986 ut
1285 3947 1349 3986 ex
1391 3947 1454 3988 eo
1495 3934 1634 4001 quod
1671 3935 1867 3986 dicitur
1902 3949 1996 4002 op-

451 4035 690 4091 pugnare
718 4023 857 4077 hunc
897 4023 952 4076 in
1002 4025 1244 4088 modum,
1269 4025 1366 4091 ipsi
1395 4022 1660 4090 Sermoni,
1689 4034 1744 4078 et
1775 4024 1996 4092 iustitiae

456 4113 722 4176 inimicos,
772 4111 994 4166 sublatis
1031 4113 1116 4167 his
1147 4114 1237 4180 qui
1270 4128 1298 4166 a
1326 4114 1530 4167 ratione
1561 4123 1684 4166 sunt
1731 4114 1913 4176 alieni,
1943 4123 1998 4167 et

454 4201 718 4269 iniustitia
757 4203 987 4264 sublata,
1024 4202 1285 4256 inhabitet
1323 4213 1378 4256 et
1399 4202 1692 4271 iustificet;
1728 4202 1997 4270 expellens

2083 1777 2456 1846 μαθητεύεται.
2511 1781 2705 1851 Διόπερ
2735 1785 2763 1835 6
2807 1784 3075 1853 Ἱερεμίας
3127 1786 3324 1856 φησί·
3408 1803 3434 1835 ε
3486 1785 3648 1836 Πνεὶ

2081 1865 2368 1936 προσώπου
2417 1870 2569 1938 ήμῶν
2615 1870 2845 1940 Χριστὸς
2891 1873 3115 1942 Κύριος,
3161 1874 3223 1932 οὗ
3261 1879 3603 1948 εἴπομεν·

2079 1961 2143 2027 τῇ
2187 1962 2311 2029 σκιᾷ
2343 1961 2505 2013 αὐτοῦ
2537 1962 2809 2032 ζησόμεθα
2833 1965 2890 2016 ἐν
2923 1967 3035 2028 τοῖς
3063 1964 3308 2019 ἔθνεσιν.
3360 1986 3386 2018 ι
3440 1959 3648 2028 Οὗτος

2081 2053 2109 2101 6
2128 2050 2294 2116 Λόγος
2322 2049 2430 2118 (97)
2455 2049 2546 2102 τοῦ
2568 2050 2722 2114 Θεοῦ,
2744 2051 2772 2100 ὁ
2795 2051 2987 2116 Πιστὸς
3011 2055 3403 2126 καλούμενος,
3440 2058 3562 2109 καὶ
3601 2058 3644 2109 ἀ

2083 2138 2224 2199 θινὸς
2249 2139 2515 2202 καλεῖται,
2569 2142 2661 2193 καὶ
2709 2143 2765 2194 ὲν
2796 2142 3108 2216 δικαιοσύνῃ
3140 2147 3353 2216 κρίνειγ
3399 2147 3522 2198 καὶ
3569 2164 3648 2198 πε

2086 2231 2175 2298 μεῖ
2194 2267 2208 2291 ,
2233 2232 2298 2299 τῇ
2324 2229 2757 2300 αὐτοδικαιοσύνῃ
2783 2232 2875 2284 καὶ
2905 2234 3219 2304 αὐτοκρίσει
3253 2215 3355 2288 τὸ.
3373 2235 3530 2288 κατ’
3563 2235 3648 2300 ὰξ

2083 2324 2306 2377 ἑκάστου
2359 2322 2466 2376 τῶν
2521 2323 2687 2376 ὄντων
2740 2323 3032 2392 ἀπονέμειν
3073 2324 3181 2376 ἀπὸ
3209 2324 3369 2378 Θεοῦ
3425 2326 3648 2380 δύνασι

2082 2412 2258 2465 λαϐὼν
2287 2414 2378 2466 κα)⁸
2409 2413 2614 2482 κρίνειν
2637 2429 2648 2440 ·
2690 2413 2862 2475 οὐδεὶς
2891 2413 3002 2482 γάρ
3048 2412 3159 2465 τῶν
3200 2413 3616 2484 μετεχόντων

2083 2502 2370 2572 καιοσύνης
2391 2542 2405 2565 ,
2439 2503 2531 2556 καὶ
2558 2503 2656 2571 τῆς
2678 2501 2770 2555 τοῦ
2798 2502 3002 2572 κρίνειν
3031 2501 3159 2556 λαὸν
3181 2503 3540 2573 δυνάμεως,
3572 2503 3647 2555 οὒ

2083 2593 2257 2661 πάντη
2309 2591 2744 2661 ὲναπομάξασθαι
2794 2589 2985 2643 ἑαυτοῦ
3039 2593 3104 2661 τῇ
3163 2591 3317 2661 ψυχῇ
3387 2592 3648 2661 δυνήσει

2081 2680 2205 2741 τοὺς
2233 2679 2329 2747 τῆς
2354 2679 2696 2749 δικαιοσύνης
2717 2679 2942 2742 τύπους,
2974 2680 3070 2731 καὶ
3113 2680 3206 2732 τοῦ
3239 2680 3484 2750 κρίνειν
3509 2718 3527 2743 ,
3563 2679 3648 2731 ὥς

2083 2771 2139 2821 ἐν
2164 2771 2350 2840 μηδενὶ
2375 2769 2589 2822 ἀποδεῖν
2608 2771 2705 2839 τῆς
2727 2769 3209 2838 αὐτοδικαιοσύνης
3236 2772 3344 2822 καὶ¹
3382 2771 3507 2839 τῆς
3537 2771 3648 2822 αὐτ

2084 2860 2314 2928 κρίσεως
2339 2856 2451 2920 (ὡς
2473 2858 2592 2910 οὐδὲ
2622 2860 2650 2910 6
2681 2858 2906 2928 γράφων
2937 2858 3122 2910 εἰκόνα
3155 2855 3268 2921 οἷός
3298 2876 3366 2910 τε
3401 2858 3581 2910 ἔσται
3613 2876 3648 2926 μ

2085 2947 2328 3000 ταδοῦναι
2355 2947 2566 2999 πάντων
2603 2946 2708 2999 τῶν
2740 2946 2833 2999 τοῦ
2866 2947 3214 3018 γραφομένου
3244 2948 3600 3017 ἰδιωμάτων
3636 2965 3648 2980 ο

2089 3039 2291 3105 γραφῇ.
2326 3036 2422 3088 Διὰ
2448 3035 2603 3088 τοῦτο
2635 3035 2690 3087 δὲ
2719 3035 2961 3106 ἠγοῦμαι
2989 3037 3079 3090 τὸν
3121 3037 3286 3090 Δαυῖδ
3339 3037 3552 3105 λέγειν
3597 3055 3648 3089 τι

2096 3146 2111 3175 ι
2143 3127 2215 3180 Οὐ
2241 3125 2649 3195 δικαιωθήσεται
2684 3125 2908 3178 ἐνώπιόν
2934 3142 3028 3178 σου
3053 3129 3160 3188 πᾶς
3185 3125 3294 3189 ζῶν
3319 3143 3334 3157 ο
3367 3145 3389 3177 ι
3475 3129 3546 3178 οὐ
3594 3144 3648 3194 γέ

2089 3215 2415 3281 ἁπαξαπλῶς
2439 3212 2556 3268 εἷπε
2587 3217 2691 3277 πᾶς
2709 3215 3014 3286 ἄνθρωπος,
3044 3217 3078 3286 ἢ
3103 3219 3213 3280 πᾶς
3241 3217 3524 3286 ἄγγελος,
3557 3219 3648 3270 άλ]

2097 3325 2115 3356 ι
2145 3309 2248 3370 πᾶς
2265 3307 2388 3371 ζῶν⁸
2413 3327 2431 3357 ι
2457 3309 2558 3369 ὅτι,
2586 3307 2688 3360 κᾶν
2716 3308 2812 3376 τῆς
2837 3307 2979 3378 ζωῆς
3001 3327 3082 3372 τις
3113 3311 3345 3383 μετέχῃ,
3367 3314 3476 3364 καὶ
3507 3315 3648 3366 ardor

2091 3397 2185 3466 τὴν
2231 3397 2524 3466 νεκρότητα
2556 3397 2931 3468 άποσείσηται,
2963 3399 3072 3450 οὐδ’
3102 3399 3278 3463 οὕτως
3325 3403 3412 3463 ὡς
3452 3403 3607 3472 πρὸς
3637 3419 3648 3451 <

2090 3486 2434 3555 δικαιωθῆναι
2483 3486 2766 3556 δυνήσεται
2799 3489 3198 3559 παραπλησίως
3241 3493 3306 3560 τῇ
3369 3490 3522 3560 ξωῇο
3570 3493 3648 3542 ob;

2091 3574 2307 3628 δυνατὸν
2328 3575 2416 3627 τὸν
2447 3575 2734 3644 μετέχοντα
2756 3577 2857 3645 τῆς
2880 3577 3043 3645 ζωῆς,
3071 3580 3166 3631 καὶ
3185 3579 3272 3632 διὰ
3292 3579 3470 3634 τοῦτο
3500 3580 3648 3644 ζῶντ

2092 3666 2508 3736 χρηματίζοντα,
2551 3665 2710 3718 αὐτὸν
2757 3665 3006 3732 γενέσθαι
3039 3666 3206 3737 ζωὴν,
3236 3669 3333 3721 καὶ
3377 3669 3484 3721 τὸν
3528 3686 3648 3738 μετι

2093 3773 2252 3826 χοντα
2279 3756 2637 3825 δικαιοσύνης,
2671 3757 2764 3808 καὶ
2789 3756 2874 3810 διὰ
2896 3757 3055 3811 τοῦτο
3085 3758 3292 3811 δίκαιον
3315 3758 3441 3828 (98)
3476 3759 3648 3811 καλοῦ

2097 3862 2252 3914 μενον
2285 3843 2603 3912 ἐξισωθῆναι
2647 3845 2820 3912 πάντη
2861 3847 2928 3914 τῇ
2975 3845 3310 3917 δικαιοσύνῃ.
3365 3848 3586 3914 Ἔργον
3630 3846 3648 3898 ξ

2093 3932 2185 3984 τοῦ
2231 3933 2400 3998 Λόγου
2431 3931 2524 3982 τοῦ
2561 3931 2694 3984 Θεοῦ
2736 3931 2843 4001 (99)
2873 3932 3058 4003 ὥσπερ
3095 3935 3302 4005 κρίνειν
3354 3937 3420 3988 ὲν
3464 3936 3648 3988 δικαιο

2097 4019 2248 4088 σύνῃ,
2285 4018 2426 4070 οὕτω
2457 4019 2549 4070 κα)⁸
2593 4018 2848 4089 πολεμεῖν
2885 4022 2942 4072 ὲν
2973 4020 3310 4096 δικαιοσύνῃ,
3349 4023 3450 4088 ἶν’,
3481 4027 3552 4077 ὲκ
3583 4039 3647 4075 το

2095 4109 2217 4170 τοὺς
2247 4106 2470 4176 ἐχθροὺς
2505 4105 2645 4183 λόγῳ
2691 4108 2783 4158 καὶ
2826 4108 3138 4182 δικαιοσύνῃ
3185 4112 3328 4164 οὕτω
3377 4113 3648 4180 πολεμεῖν

2096 4195 2495 4266 ἀναιρουμένων
2516 4195 2622 4247 τῶν
2650 4196 2853 4264 ἀλόγων
2879 4198 3090 4267 καὶτῆς
3115 4199 3355 4263 ἀδικίας,
3384 4199 3648 4266 λέγεσθαι

455 4291 724 4344 contraria
756 4291 823 4342 ab
848 4292 1024 4343 anima
1072 4291 1213 4344 illius
1252 4292 1343 4360 qui
1394 4292 1581 4345 salutis
1621 4305 1804 4355 causa,
1834 4301 1892 4344 ut
1919 4295 1989 4345 ita

2097 4284 2349 4354 ἐνοικήσῃ
2391 4283 2484 4336 καὶ
2530 4281 2812 4353 δικαιώσῃ,
2856 4283 3132 4337 ἐκϐάλλων
3179 4286 3248 4338 τὰ
3295 4287 3531 4340 ἐναντία
3577 4287 3641 4354 τῆ

457 4379 654 4445 dicam,
690 4379 933 4444 captivus
963 4379 1135 4432 factus
1159 4389 1240 4433 est
1265 4395 1295 4432 a
1334 4379 1569 4433 Christo.
1619 4377 1722 4432 Sed
1754 4381 1992 4446 apertius

455 4483 681 4524 cernere
710 4484 992 4537 possumus
1013 4471 1116 4524 hoc
1141 4471 1413 4525 Sermonis
1443 4469 1633 4523 bellum
1671 4471 1810 4538 quod
1837 4471 1991 4540 gerit,

458 4559 672 4626 quando
700 4558 813 4626 ipse
842 4558 1053 4626 quidem
1083 4557 1321 4629 fungitur
1347 4558 1610 4628 legatione
1633 4574 1728 4627 pro
1748 4563 1994 4623 veritate,

461 4647 597 4699 alter
625 4660 781 4710 vero,
809 4648 899 4715 qui
933 4663 1035 4701 non
1080 4657 1163 4702 est
1211 4647 1423 4712 Sermo,
1462 4652 1554 4703 sed
1591 4649 1740 4717 ﬁngit
1773 4665 1831 4704 se
1877 4664 1995 4703 esse

461 4735 810 4802 Sermonem;
843 4739 1074 4804 itemque
1111 4738 1358 4791 simulata
1388 4741 1602 4803 veritas,
1633 4756 1750 4807 quae
1788 4756 1890 4794 non
1917 4751 1998 4794 est

459 4826 678 4890 veritas,
708 4828 799 4880 sed
828 4827 1184 4891 mendacium,
1216 4829 1466 4893 praadicat
1490 4843 1545 4882 se
1565 4843 1683 4882 esse
1716 4829 1881 4896 ipsam
1909 4843 1998 4881 ve-

461 4915 694 4971 ritatem.
726 4915 877 4971 Tunc
901 4917 1043 4971 enim
1083 4925 1318 4970 armatus
1348 4915 1538 4971 Sermo
1567 4928 1748 4972 contra
1779 4919 1998 4972 menda-

531 5008 578 5039 ⁸⁸
603 5008 753 5060 Deut.
775 5022 943 5071 xxxu,
978 5007 1030 5058 4.
1120 5005 1166 5034 “
1203 5005 1400 5059 Thren.
1430 5022 1501 5070 tv,
1521 5007 1612 5061 20.
1685 5009 1729 5040 ’ν
1756 5006 1893 5060 Psal.
1922 5022 2082 5070 cxut,

532 5097 641 5166 (95)
678 5097 742 5166 [0
778 5097 874 5149 ἐπὶ
913 5095 1017 5148 τοῦ
1046 5094 1264 5148 λευκοῦ
1307 5096 1509 5150 ἵππου.
1557 5096 1678 5150 Haec
1719 5096 1908 5150 desunt
1946 5096 1995 5147 in

465 5164 648 5218 codice
677 5164 984 5217 Bodleiano.

534 5231 648 5304 (95)
688 5232 853 5304 Cod_d.
889 5231 1202 5285 Bodleianus
1231 5240 1284 5285 et
1325 5231 1667 5299 Barberinus,
1705 5235 1733 5286 6
1771 5231 1878 5304 γάρ
1907 5231 1998 5283 ἐπὶ

588 5300 647 5351 οὐ
675 5297 926 5369 τοιοῦτος,

469 5366 647 5489 11⁷(9ιί)
691 5369 864 5421 Codex
919 5366 1267 5433 Barbcrintts,
1317 5370 1674 5440 καλούμενος,
1721 5378 1776 5422 ιιι
1834 5369 1997 5421 editio

520 5448 664 5488 uuln.

520 5448 664 5488 uuln.

541 5503 650 5572 (97)
693 5502 914 5573 Legebat
945 5503 1246 5573 Ferrarius,
1275 5505 1443 5566 οὕτως
1471 5507 1525 5558 δὲ
1561 5510 1589 5558 6
1617 5507 1802 5573 Λόγος.

544 5577 655 5641 (υὸ)
687 5571 785 5622 Διὰ
824 5572 996 5625 τοῦτο
1056 5572 1304 5625 δίκαιον.
1353 5574 1440 5627 Sic
1483 5577 1637 5630 habet
1667 5571 1829 5630 cudex
1862 5571 1998 5626 Bod-

2097 4375 2272 4444 ψυχῆς
2301 4374 2415 4437 τοῦ,
2450 4373 2515 4425 ἵν’
2561 4373 2730 4437 οὔτως
2759 4373 2916 4435 εἴπω,
2958 4376 3051 4426 ἐπὶ
3089 4377 3333 4447 σωτηρίᾳ
3374 4376 3648 4445 αίχμαλω

2097 4463 2366 4526 τισθέντος
2387 4463 2489 4514 ὑπὸ
2516 4462 2769 4533 Χριστοῦ.
2816 4463 2935 4514 Ἔτι
2973 4463 3029 4515 δὲ
3065 4464 3263 4532 μᾶλλόν
3294 4466 3414 4517 ἐστι
3447 4464 3545 4517 τὸν
3575 4462 3648 4514 τοί

2100 4556 2269 4622 Λόγου
2313 4553 2542 4622 πόλεμον
2590 4554 2733 4616 ἰδεῖν,
2765 4553 2822 4604 ὃν
2866 4554 3108 4623 πολεμεῖ,
3166 4556 3304 4609 ἐπάν
3345 4555 3518 4616 αὐτὸς
3569 4553 3648 4622 μὲ·

2101 4643 2372 4715 πρεσϐεύῃ
2418 4643 2545 4712 περὶ
2577 4642 2848 4713 ἀληθείας,
2900 4645 2929 4695 6
2972 4645 3016 4697 δ’
3050 4644 3482 4716 ὑποκρινόμενος
3527 4638 3647 4695 εἷνα

2102 4733 2288 4799 Λόγος,
2313 4732 2375 4783 οὐ
2404 4732 2571 4798 Λόγος
2604 4730 2698 4794 ὢν,
2734 4734 2826 4786 καὶ
2845 4736 2878 4802 ἡ
2917 4734 3110 4803 ἑαυτὴν
3138 4735 3561 4806 ἀναγορεύσασα
3585 4731 3648 4801 (Ιξ

2101 4823 2374 4893 ἀλήθειαν,
2422 4823 2520 4874 οὐκ
2567 4823 2792 4893 ἀλήθεια
2845 4826 3206 4894 τυγχάνουσα,
3259 4825 3396 4879 ἀλλὰ
3443 4821 3647 4892 ψεῦδος

2103 4913 2282 4981 φάσκῃ
2322 4907 2456 4964 εἶναι
2493 4913 2688 4984 ἑαυτὴν
2723 4915 2821 4984 τὴν
2866 4915 3142 4984 ἀλήθειαν.
3179 4915 3311 4968 Τότε
3351 4914 3464 4984 γάρ
3519 4907 3648 4964 καθ-

2109 5005 2162 5057 2.
2236 5003 2281 5035 ⁸⁸
2303 5003 2468 5070 Apoc.
2495 5018 2609 5066 xtx,
2642 5005 2728 5058 il.

2104 5093 2340 5152 leianus;
2377 5089 2702 5145 Barberinus
2732 5100 2908 5147 autem
2944 5103 2999 5147 ct
3020 5093 3241 5164 Regius,
3285 5091 3449 5146 αὐτοῦ
3481 5090 3544 5143 τὸ
3572 5089 3648 5143 δί-

2101 5176 2269 5213 καιον.

2171 5228 2281 5301 (99)
2305 5224 2516 5301 Qndex.
2541 5225 2887 5301 Bodleianus,
2917 5230 3114 5301 Ἔργον
3147 5230 3202 5281 δὲ
3238 5227 3332 5301 τοῦ
3356 5227 3528 5301 Λόγου
3543 5224 3648 5301 ,τοῦ

2102 5294 2233 5369 Θεοῦ
2251 5294 2658 5369 '__I_i:u'herjnus,_
2685 5299 2882 5369 ’Ἔργον
2913 5299 2968 5352 δὲ
2991 5294 3152 5352 ’τοῦτο
3174 5297 3266 5349 τοῦ
3299 5297 3468 5363 Λόγου
3489 5311 3502 5326 ·
3543 5296 3640 5346 lie-

2103 5367 2242 5438 gius,
2270 5363 2464 5438 ’ἔργον
2491 5361 2546 5438 δὲ
2570 5361 2769 5438 τούτου
2788 5361 2978 5438 Λόγου.

2175 5429 2250 5502 (ί)
2282 5429 2387 5508 δαὶ
2418 5431 2457 5508 ll
2480 5430 2708 5508 έέἔυξτὴν
2736 5429 3207 5508 ἀναγορεύσασα.
3249 5435 3340 5508 Sic
3368 5442 3514 5508 [crte
3545 5430 3637 5508 lia:-

2103 5496 2192 5552 bet
2221 5496 2384 5568 codex
2417 5496 2771 5568 Bodleianus;
2809 5496 2944 5564 mauis
2970 5519 3143 5562 autem
3178 5505 3341 5558 codex
3367 5500 3576 5566 ltcgius,
3601 5496 3635 5564 ἡ

2101 5565 2291 5620 ἑαυτού
2323 5563 2418 5637 τὴν
2445 5563 2881 5642 ἀναγορεύσασα.
