3848 6176
299 231 384 287 ιιι
1383 233 1730 290 (ῘΟΜΜΕΝΤ.
1771 234 1827 288 ΙΝ

1932 235 2061 290 ιΑΝ.
2101 233 2330 290 TOMUS
2365 233 2428 288 ll.

3379 242 3480 297 £22

295 342 622 411 οπλισάμενος
643 297 881 424 δ’Δργος
939 337 1100 392 κατὰ
1132 340 1228 394 τοῦ
1255 341 1478 411 ψεύδους
1510 347 1693 400 ἀναλοῖ
1717 349 1827 400 αὐτὶ

1944 314 2108 412 cium,
2133 346 2261 400 illud
2285 344 2540 400 interﬁcit
2566 345 2758 415 spiritu
2792 349 2902 400 oris
2931 347 3033 414 sui,
3058 356 3110 404 et
3131 349 3355 406 destruit
3387 371 3480 424 ap-

290 437 373 506 τῷ
413 431 656 499 πνεύματι
685 421 776 477 τοῦ
805 423 1101 495 πόματος
1152 431 1338 492 αὐτοῦ.
1367 434 1459 486 κα)⁵
1490 439 1751 505 καταργεῖ
1778 440 1843 507 τῇ

288 523 565 594 ἐπιφανείᾳ
595 518 687 588 τῆς
715 519 1033 587 παρουσίας
1067 523 1258 576 αὐτοῦ.
1290 523 1396 578 Καὶ
1419 526 1519 594 δρα
1548 529 1596 578 εί
1631 527 1848 582 δύναται

289 617 431 672 κατὰ
477 614 534 666 τὸ
569 607 748 680 νοητὸν
789 608 973 662 ταῦτα
1023 613 1134 666 ὑπὸ
1181 615 1274 666 τοῦ
1325 616 1640 668 ’Λποστόλου
1687 617 1743 669 ἐν
1779 621 1844 688 τῇ

290 707 428 776 πρὸς
453 696 848 765 Θεσσαλονικεῖς
903 703 1275 772 παρίστασθαι
1315 705 1615 774 Ἐπιστολῇ.
1651 705 1716 758 Τί
1740 708 1845 777 γάρ

290 796 404 846 ἐστι
437 793 495 845 τὸ
524 789 887 859 ἀναλούμενον
907 790 988 860 τῷ
1017 791 1286 860 πνεύματι
1307 791 1400 844 τοῦ
1429 793 1687 862 στόματος
1709 793 1844 863 Χρι-

288 882 448 946 στοῦ,
494 880 726 951 Χριστοῦ
788 881 1167 948 τυγχάνοντος
1213 880 1385 946 Λόγου
1453 883 1545 933 καὶ
1595 881 1846 950 ἀληθείας

285 973 380 1024 καὶ
412 970 621 1038 σοφίας,
650 969 684 1038 ἢ
715 967 780 1020 τὸ
814 969 1047 1038 ψεῦδος;
1085 969 1195 1021 Καὶ
1230 970 1282 1021 τί
1315 969 1376 1021 τὸ
1409 970 1844 1039 καταργούμενον

283 1062 346 1125 τῇ
398 1059 684 1126 ἐπιφανείᾳ
735 1057 835 1125 τῆς
890 1058 1190 1125 παρουσίας
1230 1057 1480 1126 Χριστοῦ,
1534 1057 1721 1125 σοφίας
1753 1059 1842 1110 καὶ

283 1145 456 1210 Λόγου
502 1142 814 1211 νοουμένου,
847 1142 882 1211 ἢ
935 1143 1043 1194 πᾶν
1089 1142 1150 1194 τὸ
1203 1141 1660 1212 ἐπαγγελλόμενον
1704 1139 1840 1195 εἷναι

283 1233 464 1301 σοφία,
526 1232 795 1300 τυγχάνον
847 1231 906 1284 δὲ
960 1229 1018 1285 ἓν
1075 1231 1296 1294 τούτων,
1336 1226 1408 1284 ὧν
1440 1233 1468 1283 6
1494 1231 1624 1295 Θεὸς
1671 1233 1838 1303 δράσ-

279 1337 431 1373 σεται
459 1320 588 1382 τοὺς
628 1320 702 1390 μὴ
726 1320 887 1381 ὄντας
917 1321 983 1388 τῇ
1013 1318 1237 1388 ἀληθινῇ
1269 1319 1427 1388 σοφίᾳ
1459 1321 1650 1388 σοφοὺς
1675 1319 1752 1389 (2)
1783 1322 1840 1371 ἐν

276 1414 340 1481 τῇ
394 1412 704 1481 πανουργίᾳ
751 1409 966 1473 αὐτῶν;
1003 1410 1123 1462 Ὅτι
1168 1410 1196 1460 6
1239 1410 1487 1484 Ἰωάννης
1529 1409 1840 1480 θαυμασιώ-

274 1517 410 1553 τατα
461 1502 520 1552 ἐν
567 1503 682 1562 τοῖς
723 1499 852 1567 περὶ
895 1498 988 1550 τοῦ
1028 1498 1316 1567 ὀχουμένου
1358 1496 1432 1566 τῷ
1472 1498 1646 1568 λευκῷ
1688 1500 1836 1569 ἵππῳ

274 1588 446 1655 Λόγου
478 1587 616 1656 φησὶ
642 1586 737 1638 καί⁵
765 1587 842 1638 τό”
883 1603 902 1636 ι
940 1587 1002 1638 Oi
1030 1585 1292 1653 ὀφθαλμοὶ
1323 1585 1380 1637 δὲ
1419 1585 1578 1637 αὐτοῦ
1608 1587 1682 1647 ὼς
1709 1587 1835 1654 φλὸξ

1946 438 2209 507 paritione
2246 437 2544 505 praesentiae
2582 452 2691 492 sua:
2712 438 2778 491 ".
2811 439 2876 492 Et
2900 441 3020 494 vide
3052 456 3118 493 an
3148 442 3260 497 haec
3288 459 3481 498 secun-

1946 528 2068 580 dum
2095 523 2390 592 spiritalem
2417 539 2631 580 sensum
2658 526 2981 580 subinnuere
3011 528 3481 598 vulueritAposto-

1945 614 2100 668 iusin
2131 615 2366 681 Epistula
2407 616 2472 667 ad
2499 615 3023 674 Thessalonicenses.
3071 617 3206 684 Quid
3234 624 3372 676 enim
3397 635 3480 680 est

1943 706 2084 772 quod
2111 705 2300 772 spiritu
2325 705 2438 759 oris
2462 704 2661 759 Christi
2693 706 3035 772 interﬁcitur,
3074 724 3193 764 cum
3233 711 3478 768 Christus

1943 792 2014 845 sit
2059 792 2269 856 Sermo,
2299 793 2500 846 veritas
2521 801 2574 845 et
2606 795 2898 862 sapientia,
2955 798 3054 851 nisi
3101 801 3478 856 mendacium?

1943 882 2007 935 Et
2030 883 2154 949 quid
2183 891 2261 936 est
2297 883 2422 935 illud
2461 884 2602 951 quod
2629 886 2926 938 destruitur
2968 888 3298 955 apparitione
3336 905 3476 958 prte-

1943 973 2126 1026 sentia:
2145 971 2365 1036 Chrisri,
2389 973 2477 1041 qui
2501 973 2762 1042 sapientia
2779 984 2832 1028 et
2849 975 3034 1029 Sermo
3052 977 3472 1040 considerantur,

1941 1063 2046 1116 nisi
2087 1063 2139 1116 id
2164 1077 2323 1117 omne
2355 1067 2496 1132 quod
2527 1063 2810 1131 proﬁtetur
2858 1078 2918 1118 se
2965 1078 3083 1118 esse
3135 1066 3472 1132 sapientiam,

1940 1163 2100 1204 unum
2148 1166 2275 1205 vero
2300 1162 2384 1206 est
2413 1165 2475 1205 ex
2511 1152 2638 1216 illis,
2673 1153 2867 1220 quibus
2925 1154 3328 1220 comprehendit
3380 1169 3476 1209 eos

1939 1238 2030 1306 qui
2085 1253 2189 1293 non
2232 1247 2355 1293 sunt
2397 1241 2668 1306 sapientes
2696 1255 2827 1292 vera
2860 1241 3149 1309 sapientia,
3182 1242 3234 1294 in
3262 1243 3476 1296 vafritie

1938 1325 2215 1393 ipsorum?
2245 1326 2424 1392 Quare
2454 1328 2589 1381 mire
2615 1340 2678 1380 ac
2694 1341 2854 1394 supra
2879 1328 3090 1380 modum
3122 1328 3189 1382 de
3215 1327 3473 1382 Sermone

1940 1415 2206 1469 disserens
2229 1414 2482 1479 Joannes,
2523 1416 2613 1484 qui
2646 1430 2786 1483 equo
2813 1415 2933 1469 albo
2955 1417 3266 1477 vehebatur,
3301 1418 3474 1483 inquit

1937 1503 2097 1556 etiam
2116 1504 2276 1559 illud:
2295 1506 2470 1560 «Oculi
2491 1515 2664 1560 autem
2681 1506 2795 1574 ejus
2815 1507 2961 1560 velut
2987 1506 3195 1559 ﬂamma
3221 1508 3432 1577 ignis".
3447 1527 3466 1560 ο

1939 1589 2009 1642 Ut
2041 1591 2182 1642 enim
2215 1590 2428 1646 ﬂamma
2461 1593 2627 1657 clara,
2660 1596 2863 1661 pariter
2901 1603 2954 1649 et
2983 1595 3180 1658 lucida,
3202 1595 3313 1663 jam
3346 1610 3472 1650 vero

275 1677 463 1746 πυρός.
501 1695 522 1728 ι
566 1676 660 1737 Ὠς
688 1674 797 1743 γάρ
820 1675 854 1742 ἡ
895 1673 1025 1742 φλὸξ
1051 1674 1217 1743 πυρὸς
1245 1673 1304 1725 τὸ
1325 1673 1568 1742 λαμπρὸν
1595 1675 1712 1743 ἅμα
1740 1676 1827 1726 καὶ

1933 1678 2091 1731 etiam
2124 1680 2276 1748 ignea
2323 1689 2408 1736 est
2453 1691 2507 1737 et
2547 1684 2914 1752 consumptrix
2959 1685 3349 1748 materialium,
3394 1685 3473 1739 sic

274 1764 626 1834 φωτιστικὺν,
667 1763 749 1815 ἔτι
783 1764 842 1815 δὲ
878 1764 972 1815 καὶ
1013 1761 1256 1832 πυρῶδες
1285 1761 1418 1832 ἔχει,
1453 1764 1545 1815 καὶ
1573 1763 1830 1816 ἀναλωτι-

273 1855 366 1907 κὸν
412 1853 522 1906 τῶν
586 1853 930 1922 ὑλικωτέρων
955 1868 968 1881 °
1016 1851 1185 1913 οὕτως
1235 1853 1304 1916 οἱ,
1346 1851 1411 1902 ἶν’
1451 1850 1620 1914 οὕτως
1672 1856 1827 1918 είπω,

271 1943 532 2012 ὀφθαλμοὶ
554 1942 652 1994 τοῦ
680 1942 854 2008 Λόγου
880 1935 961 2004 οἷς
1012 1941 1215 2010 βλέπει,
1264 1943 1356 1994 καὶ
1389 1944 1493 2003 πᾶς
1521 1943 1550 1992 6
1593 1943 1830 2012 μετέχων

272 2030 426 2084 αὐτοῦ
449 2069 464 2094 ,
509 2031 651 2099 πρὸς
679 2029 757 2099 τῷ
784 2029 872 2082 διὰ
905 2028 1468 2100 τῶνένυπαρχουσῶν
1509 2031 1655 2100 αὐτῷ
1685 2033 1830 2083 ἀντι-

272 2117 642 2188 λαμϐάνεσθαι
670 2117 782 2170 τῶν
810 2118 1036 2187 νοητῶν,
1079 2117 1330 2170 ἀναλοῦσι
1377 2118 1470 2171 καὶ
1515 2120 1827 2186 ἀφανίζουσι

269 2209 333 2260 τὰ
361 2208 671 2276 ὑλικώτερα
697 2207 792 2259 καὶ
817 2205 1098 2276 παχύτερα
1130 2205 1236 2258 τῶν
1270 2207 1580 2276 νοημάτωνο
1615 2209 1828 2263 πάντων

270 2298 322 2349 δὲ
378 2299 474 2367 τὴν
527 2297 821 2366 ἰσχνότητα
867 2297 963 2349 καὶ
1026 2296 1326 2366 λεπτότητα
1382 2298 1682 2366 ἐκπέφευγε
1729 2300 1826 2368 τῆς

271 2387 517 2456 ἀληθείας
551 2387 624 2439 τά
674 2385 1026 2438 ὁπωσποτοῦν
1072 2385 1395 2456 ψευδόμενα.
1439 2387 1586 2440 Πάνυ
1632 2387 1690 2440 δὲ
1740 2404 1826 2440 τε-

269 2475 549 2543 ταγμένως
599 2473 740 2542 μετὰ
803 2472 895 2525 τὸν
935 2472 1010 2540 (5)
1075 2474 1132 2524 ἐν
1197 2472 1503 2543 δικαιοσύνῃ
1547 2473 1817 2544 κρίνοντα,

270 2566 358 2616 καὶ
422 2564 563 2616 κατὰ
619 2563 683 2616 τὸ
733 2565 792 2615 ἑν
843 2563 1159 2634 δικαιοσύνῃ
1212 2563 1414 2633 κρίνειν
1470 2563 1822 2632 πολεμοῦντα,

271 2655 388 2723 ἑξῆς
422 2655 477 2706 δέ
520 2654 584 2706 τὸ
612 2654 692 2722 (4)
723 2653 978 2723 πολεμεῖν
1030 2653 1358 2721 φωτίζοντα,
1404 2654 1723 2722 ἐπιφέρεται
1763 2655 1825 2706 τὸ

271 2745 357 2796 ἐπὶ⁵
413 2743 512 2813 τὴν
567 2743 812 2812 κεφαλὴν
869 2739 1009 2795 εἶναι
1060 2742 1221 2794 αὑτοῦ
1281 2741 1450 2794 πολλὰ
1501 2742 1819 2810 διαδήματα.

271 2834 330 2887 Ei
357 2833 452 2901 μὲν
479 2833 588 2902 γὰρ
609 2832 669 2882 ἒν
699 2827 768 2900 ἦν
788 2832 881 2882 καὶ
905 2831 1175 2900 μονοειδὲς
1199 2831 1258 2882 τὸ
1284 2831 1495 2899 ψεῦδος,
1518 2824 1708 2883 καθ’οῦ
1731 2831 1822 2885 τὸν

271 2923 524 2990 στέφανον
572 2920 892 2990 ἡττωμένου
947 2918 1245 2987 ἐλάμϐανεν
1299 2921 1328 2971 6
1363 2920 1588 2988 νικήσας
1634 2919 1820 2981 πιστὸς

267 3011 356 3064 καὶ
386 3010 640 3080 ἀληθινὸς
674 3009 868 3076 Λόγος,
900 3009 993 3060 καὶ
1020 3007 1076 3059 ἓν
1100 3007 1331 3077 διάδημα
1373 3007 1708 3078 περικεῖσθαι
1737 3009 1824 3059 εὺ-
1849 2992 1890 3047 C

266 3099 427 3167 λόγως
480 3099 878 3168 άναγέγραπτο
923 3099 952 3149 6
1001 3098 1370 3167 ἐπικρατήσας
1419 3099 1526 3150 τῶν
1573 3097 1826 3150 ἐναντίων

268 3190 392 3243 θεοῦ
436 3190 629 3257 Λόγοςο
667 3189 788 3240 νυνὶ
820 3187 876 3238 δὲ
917 3186 1124 3240 πολλῶν
1165 3187 1330 3238 ὄντων
1354 3187 1459 3238 τῶν
1494 3187 1824 3255 ἐπαγγελλο-

271 3281 436 3348 μένων
462 3280 564 3348 τὴν
604 3277 868 3347 ἀλήθειαν
907 3275 1136 3344 ψευδῶν,
1167 3276 1286 3328 καθ’
1313 3269 1387 3329 ὧν
1425 3278 1826 3346 στρατευσάμε-

265 3385 348 3430 νος
372 3371 400 3420 6
433 3369 606 3436 Λόγος
647 3365 1030 3434 στεφανοῦται,
1069 3366 1236 3418 πολλὰ
1267 3367 1522 3436 γινόμενα
1557 3367 1626 3419 τὰ
1654 3367 1825 3438 διαδή-

267 3474 401 3527 ματα
428 3459 494 3527 τῇ
525 3456 739 3525 κεφαλῇ
764 3455 858 3507 τοῦ
886 3456 1063 3508 πάντα
1100 3455 1416 3523 νικήσαντος
1445 3457 1821 3526 περικείμενα,

266 3547 356 3597 καὶ
378 3546 615 3614 ἑκάστης
638 3544 696 3596 δὲ
715 3542 1171 3610 άποστατησάσης
1189 3542 1465 3611 ἐνεργείας
1485 3542 1559 3611 (5)
1583 3543 1821 3612 κρατῶν,

264 3634 427 3686 πολλὰ
464 3635 779 3704 διαδήματα
801 3631 880 3701 τῷ
918 3633 1073 3701 νικᾷν
1106 3631 1458 3701 περιτίθεται.
1500 3632 1652 3701 Ἑξῆς
1688 3631 1823 3702 μετὰ

261 3725 325 3777 τὰ
335 3725 645 3794 διαδήματα
671 3722 880 3790 ἀναγέγ
889 3738 1088 3791 ραπται
1104 3721 1193 3789 ἔχε
1201 3739 1245 3774 ιν
1266 3721 1433 3790 ὄνομα
1447 3721 1824 3791 γεγραμμένον

257 3813 286 3865 ὃ
317 3814 484 3876 οὐδεὶς
513 3808 678 3873 οἶδεν,
706 3813 757 3864 εί
791 3811 865 3881 μὴ
888 3810 1066 3871 αὑτός·
1102 3805 1252 3872 οὗτος
1279 3809 1386 3880 γὰρ
1412 3812 1440 3863 6
1471 3809 1706 3879 ἔμψυχος
1725 3809 1825 3862 Λό-

257 3919 347 3970 γος
392 3902 683 3955 ἐπίσταταί
731 3916 855 3953 τινα
906 3899 1084 3968 μόνος,
1110 3897 1196 3950 διὰ
1237 3899 1298 3950 τὸ
1339 3898 1716 3968 ὑποδεέστερον
1766 3899 1823 3950 ἑν

254 3997 360 4055 τοίς
380 3993 503 4061 ἑξῆς
527 3992 782 4059 γενητοῖς
799 3989 897 4058 τῆς
919 3986 1133 4054 φύσεως
1160 3985 1348 4049 αὑτοῦ,
1363 3985 1573 4050 οὐδενὸς
1595 3984 1825 4055 χωροῦν-

255 4099 341 4144 τος
373 4083 552 4133 πάντα
580 4079 617 4132 ὃ.
647 4080 855 4139 ἐκεῖνος
886 4072 1291 4143 καταλαμϐάνει
1325 4074 1565 4144 θεωρεῖν.
1587 4074 1738 4142 Τάχα
1761 4073 1818 4125 δὲ

253 4168 343 4221 καὶ
385 4167 436 4219 oi
484 4165 809 4235 μετέχοντες
864 4162 1070 4214 ἐκείνου
1115 4161 1206 4213 τοῦ
1253 4161 1424 4228 Λόγου
1473 4161 1620 4230 μόνοι
1674 4161 1822 4230 παρὰ

251 4258 373 4318 τοὺς
395 4255 471 4325 μὴ
503 4254 837 4324 μετέχοντας
861 4250 1006 4304 ἴσασι
1033 4250 1106 4320 (6)
1123 4250 1189 4302 τὰ
1215 4250 1288 4320 μὴ
1315 4251 1396 4311 εἰς
1420 4250 1657 4308 ἐκείνους
1680 4250 1817 4316 φθά-

252 4363 422 4400 νοντα.
460 4346 537 4399 Οὐ
588 4343 803 4414 γυμνὸς
846 4342 903 4394 δὲ
950 4340 1028 4410 τῷ
1073 4339 1292 4409 Ἰωάννῃ
1332 4342 1524 4409 ὁρᾶται
1556 4339 1634 4409 τῷ
1667 4341 1817 4409 ἵππῳ

251 4437 539 4507 ὀχούμενος
569 4437 599 4486 6
626 4433 728 4487 τοῦ
755 4432 890 4485 Θεοῦ
917 4432 1114 4500 Λόγος*
1148 4431 1532 4500 περιϐέϐληται
1558 4431 1667 4500 γὰρ
1691 4432 1816 4500 ἱμά-

251 4545 358 4581 τιον
405 4525 766 4598 ἐρῤαμμένον
819 4522 1032 4591 αἵματι,
1067 4520 1294 4590 ἐπείπερ
1347 4522 1466 4590 ἴχνη
1515 4520 1816 4589 περίκειται

251 4619 279 4669 6
303 4618 600 4686 γενόμενος
632 4614 808 4681 Λόγος
837 4611 993 4681 σὰρξ,
1021 4613 1114 4664 καὶ
1156 4611 1244 4664 διὰ
1271 4613 1332 4663 τὸ
1356 4611 1634 4678 γεγονέναι
1682 4609 1816 4680 σὰρξ

250 4706 556 4772 ἀποθανὼν,
597 4705 680 4766 ὡς
715 4701 1049 4774 προχυθιῖψαι
1083 4701 1241 4754 αὐτοῦ
1287 4702 1380 4754 καὶ
1424 4697 1561 4769 αἷμα
1602 4700 1691 4751 ἐπὶ⁵
1717 4698 1814 4768 τὴν

251 4797 370 4864 γῆν,
401 4796 671 4859 νύξαντος
711 4791 806 4844 τοῦ
839 4791 1170 4860 στρατιώτου
1215 4791 1312 4860 τὴν
1348 4790 1583 4859 πλευρὰν
1615 4789 1772 4840 αὐτοῦ
1798 4806 1811 4818 ο

253 4888 455 4938 ἐκείνου
476 4885 574 4938 τοῦ
603 4884 832 4949 πάθους,
851 4884 989 4952 τάχα
1003 4883 1110 4953 γὰρ
1125 4883 1229 4935 κᾶν
1253 4882 1400 4942 ὅπως
1422 4879 1550 4930 ποτὲ
1569 4881 1625 4929 ἐν
1641 4881 1704 4947 τῇ
1725 4879 1816 4930 τοῦ

253 4978 420 5045 Λόγου
454 4974 776 5045 ὑψηλοτάτη
803 4975 897 5026 καὶ
917 4974 1162 5042 άνωτάτῃ
1183 4970 1382 5039 θεωρίᾳ
1411 4967 1709 5036 γενώμεθα,
1727 4970 1820 5020 καὶ

254 5067 347 5137 τῆς
368 5066 635 5137 ἀληθείας
667 5064 729 5116 οὐ
759 5063 936 5132 πάντη
963 5059 1352 5129 ἐπιλησόμεθα,
1390 5058 1488 5126 τῆς
1523 5059 1580 5108 ἐν
1613 5055 1820 5126 σώματι

1934 1768 2097 1830 oculi,
2133 1778 2191 1822 ut
2219 1771 2292 1824 ita
2326 1772 2525 1837 dicam,
2551 1774 2845 1838 Sermonis,
2871 1775 3065 1842 quibus
3093 1783 3147 1828 et
3171 1773 3284 1844 ipse
3305 1775 3470 1839 videt,

1933 1867 1987 1912 et
2019 1860 2260 1928 quisquis
2286 1861 2427 1916 illius
2453 1862 2615 1918 fuerit
2635 1865 2928 1940 particeps,
2949 1875 3301 1934 praeterquam
3327 1867 3472 1934 quod

1933 1949 2236 2018 percipiunt
2264 1951 2618 2019 intelligihilia
2649 1961 2744 2021 per
2771 1968 2831 2008 ea
2873 1969 2991 2022 quae
3024 1955 3075 2008 in
3107 1955 3226 2022 ipso
3257 1955 3464 2019 insunt,

1933 2039 2223 2094 conﬁciunt
2261 2051 2315 2094 et
2345 2041 2707 2097 demoliuntur
2733 2054 3024 2112 conceptus
3053 2047 3375 2109 crassiores,
3415 2055 3472 2100 et

1932 2131 2100 2197 magis
2131 2132 2438 2186 materiales
2463 2171 2480 2198 ,
2513 2133 2762 2187 omnibus
2811 2134 3293 2202 quomodocunque
3321 2135 3470 2190 falsis

1930 2219 2284 2286 gracilitatem
2341 2229 2395 2273 et
2444 2223 2757 2275 tenuitatem
2821 2224 3060 2277 veritatis
3122 2225 3470 2292 fugientibus.

1931 2307 2096 2360 Valde
2127 2317 2304 2362 autem
2334 2309 2579 2363 ordinate
2603 2321 2885 2380 postquam
2917 2313 3126 2366 induxit
3156 2314 3470 2368 Sermonem

1923 2396 2255 2465 iudicantem
2289 2398 2339 2451 in
2364 2399 2573 2467 justitia
2607 2401 2674 2465 οι,
2707 2411 2762 2454 et
2798 2410 2856 2454 ut
2898 2401 3105 2470 judice’t
3158 2401 3212 2455 in
3258 2403 3470 2468 iustitia

1927 2484 2122 2538 bellum
2156 2495 2448 2553 gerentem,
2496 2488 2604 2559 58
2640 2498 2800 2558 atque
2843 2490 3034 2548 deinde
3083 2502 3206 2562 post
3248 2494 3467 2558 bellum,

1929 2573 2336 2644 illuminantem,
2373 2577 2500 2633 illud
2551 2580 2914 2650 subjungitur,
2971 2583 3025 2637 in
3079 2585 3246 2652 ipsius
3295 2585 3471 2654 capite

1929 2664 2092 2718 multa
2117 2681 2236 2721 esse
2265 2667 2564 2722 diademata
2589 2670 2655 2724 “.
2687 2669 2818 2724 Nam
2849 2671 2894 2725 si
2933 2687 3092 2727 unum
3117 2683 3172 2727 et
3204 2674 3470 2729 uniforme

1925 2767 2073 2812 esset
2097 2759 2430 2813 mendacium
2456 2760 2522 2814 de
2547 2775 2654 2828 quo
2687 2772 2958 2830 prostrato
2984 2778 3235 2818 coronam
3262 2766 3472 2835 accipe-

1926 2857 2006 2900 ret
2036 2847 2228 2912 victor,
2259 2848 2426 2902 ﬁdelis
2450 2861 2505 2904 et
2526 2863 2691 2904 verax
2713 2850 2924 2917 Sermo,
2934 2850 2953 2918 j
2963 2866 3056 2906 ure
3070 2853 3232 2906 etiam
3253 2855 3466 2918 Sermo,

1924 2937 2014 3005 qui
2039 2945 2343 3004 superasset
2365 2937 2472 2991 Deo
2500 2949 2872 3006 repugnantes,
2904 2939 3134 3008 scriptus
3154 2939 3336 2995 fuisset
3362 2957 3468 2996 uno

1927 3026 2224 3081 diademate
2248 3027 2553 3095 insignitus.
2601 3027 2752 3081 Nunc
2805 3037 2980 3082 autem
3012 3029 3177 3082 multa
3211 3043 3331 3082 cum
3360 3029 3466 3084 sint

1926 3114 2205 3168 mendacia
2239 3130 2356 3184 quae
2389 3115 2707 3183 proﬁtentur
2733 3118 3034 3180 veritatem,
3063 3119 3316 3172 adversus
3345 3135 3467 3188 quae

1925 3202 2122 3255 bellum
2158 3218 2352 3272 gerens
2387 3203 2474 3258 ille
2525 3205 2713 3258 Sermo
2761 3215 3075 3272 coronatur,
3132 3209 3291 3261 multa
3340 3219 3468 3264 sunt

1923 3291 2084 3344 etiam
2121 3292 2419 3346 diademata
2467 3293 2628 3361 capiti
2681 3303 2877 3348 cuncta
2930 3296 3150 3350 victoris
3192 3297 3460 3364 imposita.

1925 3381 2062 3447 Quin
2093 3382 2251 3435 etiam
2283 3397 2715 3451 unamquamque
2738 3385 3001 3439 actionem
3037 3386 3285 3441 rebellem
3303 3403 3464 3456 supe-

1925 3482 2071 3532 rans,
2101 3467 2281 3523 munitis
2304 3471 2514 3525 coroais
2543 3472 2610 3525 ob
2648 3473 2926 3526 victoriam
2959 3474 3304 3542 multiplicem
3337 3477 3467 3531 insi-

1923 3556 2124 3625 gnitur.
2159 3557 2347 3613 Dictus
2381 3561 2541 3614 etiam
2567 3573 2686 3630 post
2718 3563 3014 3618 diademata
3039 3566 3196 3634 capiti
3217 3567 3464 3634 imposita

1923 3659 2114 3698 nomen
2132 3645 2330 3699 habere
2347 3647 2626 3714 scriptum,
2646 3650 2786 3717 quod
2807 3665 2962 3704 nemo
2980 3652 3124 3706 novit
3143 3653 3240 3708 nisi
3260 3652 3373 3721 ipse
3395 3653 3462 3718 ”;

1923 3735 2067 3786 novit
2094 3736 2236 3788 enim
2257 3734 2402 3788 solus
2425 3738 2666 3803 quaedam
2693 3739 2959 3792 animatus
2989 3741 3078 3794 hic
3103 3741 3313 3804 Sermo,
3344 3759 3464 3796 cum

1924 3824 2103 3877 nullus
2127 3824 2328 3877 intueri
2357 3826 2524 3892 possit
2555 3840 2617 3878 ea
2648 3841 2766 3893 qua:
2793 3827 2881 3880 ille
2922 3831 3351 3897 comprehendit,
3400 3845 3465 3885 eo

1925 3912 2066 3980 quod
2096 3927 2180 3965 res
2204 3927 2320 3980 qua:
2351 3917 2598 3968 continue
2633 3927 2960 3982 generantur
2985 3918 3138 3986 longe
3178 3920 3465 3978 inferiores

1921 4004 2029 4056 sint
2060 4015 2244 4056 natura
2272 4004 2452 4071 ipsius.
2483 4008 2662 4074 Atque
2694 4008 2856 4060 etiam
2889 4006 3140 4062 fortassis
3166 4009 3265 4063 soli
3300 4012 3466 4079 parti-

1922 4092 2066 4160 cipes
2094 4093 2234 4147 illius
2263 4092 2540 4150 Sermonis
2568 4097 2806 4163 quaedam
2832 4107 3029 4151 norunt
3055 4111 3172 4166 qua!
3197 4099 3463 4152 suntahs-

1920 4174 2133 4226 condita
2181 4190 2287 4228 non
2333 4176 2776 4246 participantibus
2825 4178 2994 4231 illum.
3059 4179 3224 4234 Porro
3277 4179 3466 4234 Sermo

1922 4256 2010 4310 ille
2045 4258 2134 4311 Dei
2169 4275 2272 4312 non
2303 4262 2476 4314 nudus
2505 4276 2532 4312 a
2561 4259 2764 4314 Joanne
2792 4263 3033 4316 cernitur
3069 4264 3136 4328 “,
3169 4265 3293 4318 dum
3326 4279 3466 4332 equo

1925 4340 2045 4393 albo
2060 4341 2288 4406 vehitur,
2315 4343 2404 4396 sed
2425 4342 2794 4396 circumdatus
2815 4355 2962 4399 veste
2984 4348 3246 4414 sanguine
3275 4348 3462 4410 tincta,

1921 4428 2353 4496 quandoquidem
2407 4431 2650 4500 vestigiis
2691 4441 2744 4483 et
2797 4432 2940 4485 notis
2992 4433 3351 4487 circumdatus
3383 4441 3467 4486 cst

1923 4515 2111 4569 Sermo
2139 4515 2311 4572 factus
2339 4533 2488 4584 caro,
2517 4529 2571 4573 et
2599 4521 2799 4575 idcirco
2825 4523 2987 4574 etiam
3020 4533 3265 4577 mortuus
3287 4562 3302 4587 ,
3340 4523 3465 4590 quia

1920 4620 2048 4660 caro
2098 4608 2288 4672 factus,
2336 4607 2408 4660 ita
2453 4618 2511 4661 ut
2544 4610 2855 4677 sanguinem
2893 4625 3054 4680 super
3084 4621 3280 4665 terram
3311 4626 3464 4665 suum

1919 4696 2232 4765 profuderit,
2251 4697 2417 4750 milite
2439 4696 2576 4752 latus
2590 4699 2706 4768 ejus
2719 4711 3002 4768 pungente.
3022 4699 3290 4753 Passionis
3321 4715 3467 4751 nam-

1920 4801 2024 4854 que
2061 4787 2219 4850 illius,
2241 4797 2296 4840 et
2326 4787 2590 4852 veritatis,
2615 4799 2668 4843 et
2693 4790 2920 4843 instituti
2968 4790 3087 4842 vitae
3111 4803 3268 4856 quam
3297 4788 3466 4840 tenuit

1922 4877 1974 4930 iu
2007 4891 2232 4944 corpore
2256 4887 2458 4942 nostro,
2491 4878 2634 4932 nulla
2673 4895 2771 4933 nos
2811 4893 3044 4946 unquam
3077 4880 3282 4931 tenebit
3327 4879 3465 4931 obli-

1923 4966 2028 5028 vio,
2053 4968 2214 5018 etiam
2247 4966 2290 5020 si
2311 4967 2536 5020 fortasse
2557 4967 3033 5035 quomodocunque
3061 4968 3462 5032 pervenerimus

1925 5057 1989 5108 ad
2022 5056 2332 5110 altissimam
2366 5071 2762 5123 supernamque
2805 5056 2970 5124 ipsius
2999 5054 3274 5110 Sermonis
3298 5065 3351 5110 et
3371 5055 3463 5111 Fi-

321 5159 367 5190 ⁸⁹
398 5159 439 5211 ll
464 5157 672 5210 Thess.
719 5168 781 5207 Il.
855 5152 1092 5220 “:Apoc.
1128 5165 1243 5202 nx.
1287 5148 1374 5200 12.
1451 5148 1494 5178 ⁹¹
1524 5147 1648 5198 ibid.
1693 5148 1777 5201 Η.

1932 5147 2054 5202 ibid.
2083 5146 2167 5198 l2.
2243 5146 2287 5177 ”
2316 5145 2445 5198 ibid.
2517 5146 2563 5178 “
2584 5146 2710 5200 ibid.
2740 5145 2825 5200 15.

324 5249 398 5318 (εἰ)
462 5246 608 5310 Τοὺς
660 5242 761 5318 ,μὴ
821 5239 1122 5318 artaci]?
1173 5235 1436 5318 άτιῃθιγῆ
1486 5242 1663 5318 σρφίςι
1715 5254 1826 5318 ρο-

258 5306 424 5385 ςεόύξ.
476 5306 606 5369 Haec
639 5306 845 5385 desunt
868 5311 921 5361 itt
949 5306 1185 5362 editione
1222 5307 1426 5366 lluetit,
1457 5307 1548 5358 sed
1578 5306 1828 5374 supplen-

263 5378 338 5438 iur
373 5378 400 5436 e
435 5385 633 5437 codice
665 5378 982 5430 Bodleiano.

252 5460 256 5496 ξ
327 5454 400 5521 (5)
445 5451 612 5505 Μετὰ
640 5447 915 5521 tenete.
945 5442 1034 5521 _l_ta
1062 5441 1214 5521 codd.
1255 5440 1569 5521 ﬁodlciatnus
1603 5450 1654 5494 et
1687 5439 1826 5495 Bar-

264 5506 515 5580 bcriuus;
559 5516 705 5570 male
739 5506 907 5567 editio
944 5509 1149 5580 liuetii,
1174 5510 1308 5580 κατὰ
1336 5506 1452 5580 τόν,
1479 5518 1580 5561 etc.

245 5653 251 5664 .
331 5589 410 5659 (4)
459 5575 646 5653 Ἑξῆς
669 5582 742 5635 δὲ
772 5580 861 5645 τό,
893 5586 1002 5634 etc.
1031 5576 1323 5644 Legenaum
1362 5576 1588 5643 videtur,
1614 5575 1740 5645 ἑξῆς
1766 5576 1828 5629 δὲ

1929 5238 2027 5307 τῷ,
2059 5245 2163 5307 etc.

2004 5307 2076 5374 (5)
2109 5304 2458 5374 Ἐνεργείας.
2494 5301 2586 5374 _S_ic
2628 5301 2779 5374 codd.
2823 5300 3142 5374 Bodleianus
3185 5311 3237 5356 et
3275 5301 3465 5356 Barbe-
3573 5303 3579 5307 ’

1933 5370 2110 5434 riuus;
2147 5370 2462 5439 unale‘editio
2489 5370 2688 5434 lluetii,
2717 5371 3012 5439 ἐναργείας.

2003 5433 2332 5508 (ϋ)ν’1σαᾳι.
2371 5437 2462 5508 ita
2517 5433 2867 5508 recte'habet‘
2904 5440 3074 5508 codex
3120 5433 3463 5500 Bodleiautts;

1937 5502 2071 5566 male
2110 5524 2232 5564 vero
2257 5506 2451 5576 Regius
2476 5517 2530 5562 et
2553 5505 2896 5568 Barberinus,
2931 5502 3063 5553 ἰᾶσι.
