3848 6184
668 239 774 291 125

2092 228 2407 285 ORIGENIS

668 327 724 379 lii
763 329 850 381 hci
889 327 1406 396 contemplationem.
1435 323 1585 378 Hunc
1626 323 1720 377 Dei
1746 323 2059 379 Sermonem
2087 341 2187 380 cu:-

1956 339 2059 378 tem
2087 341 2200 380 cm-
2231 335 2274 386 Α
2305 324 2457 394 ἡμῶν
2489 322 2775 392 γενομένης
2797 324 2862 376 δι’
2886 322 3046 376 αὑτοῦ
3079 317 3332 386 εἰσαγωγῆς.
3353 311 3475 366 Τούτι

667 414 832 468 lcstes
866 417 1130 469 exercitus
1153 425 1336 468 omnes
1361 421 1658 481 sequuntur
1678 413 1746 475 ",
1775 412 2087 466 Sermonem
2117 428 2201 467 se-

665 514 886 572 quentes
927 505 1133 565 ducem,
1156 513 1208 556 et
1240 503 1512 556 imitantes
1555 517 1676 555 eum
1706 503 1758 554 in
1803 503 2050 556 omnibus
2077 519 2092 554 :
2123 503 2198 556 id-

665 607 769 660 que
806 602 909 644 tum
938 592 1163 644 maxime
1182 605 1302 644 cum
1334 605 1436 644 non
1467 603 1622 643 secus
1648 603 1712 642 ac
1740 590 1853 657 ipse
1888 590 2202 644 inscendunt

663 696 826 748 equos
855 680 1040 743 albos;
1091 680 1264 732 omnia
1298 680 1438 732 enim
1479 689 1660 746 aperta
1688 687 1812 731 sunt
1859 679 2202 747 intelligenti-

665 769 784 820 bus.
837 766 900 818 Et
942 766 1382 833 quemadmodum
1428 764 1755 832 fugitdolor,
1798 774 1852 818 et
1899 778 2117 828 maeror,
2148 773 2202 817 et

665 855 948 924 suspirium
987 855 1038 906 in
1075 855 1178 908 line
1230 869 1427 917 rerum,
1461 855 1539 908 sic
1567 854 1798 907 arbitror
1829 853 2008 924 fugere
2041 855 2200 907 etiam

662 942 1043 998 obscuritatem
1075 952 1128 996 et
1161 943 1569 1002 dubitationem,
1617 943 1871 996 omnibus
1923 942 2202 1008 sapientiae

665 1035 758 1089 Dei
798 1035 1068 1104 mysteriis
1123 1035 1406 1102 diligenter
1441 1040 1495 1086 et
1537 1031 1819 1086 manifeste
1870 1033 1922 1084 in
1961 1040 2202 1100 apertum

664 1122 954 1189 productis.
996 1121 1291 1175 Considera
1344 1135 1474 1174 vero
1508 1119 1657 1173 albos
1698 1133 1866 1186 equos
1899 1133 2082 1172 eorum
2111 1119 2202 1187 qui

663 1222 957 1279 sequuntur
978 1212 1291 1266 Sermonem
1309 1211 1376 1276 ⁸⁸,
1396 1211 1606 1263 indutos
1624 1209 1764 1272 albo,
1784 1217 1836 1263 et
1863 1223 1994 1276 puro
2015 1209 2198 1278 bysso;

662 1310 718 1354 et
757 1301 1033 1354 considera
1068 1314 1190 1352 num
1214 1300 1338 1367 quia
1371 1299 1561 1367 byssus
1601 1312 1633 1352 e
1671 1305 1815 1352 terra
1843 1297 2042 1363 oritur,
2076 1298 2202 1366 bys-

663 1391 775 1444 sina
813 1389 1122 1449 indumenta
1159 1388 1457 1456 signiﬁcent
1495 1385 1848 1455 proprietates
1903 1385 2202 1452 linguarum

663 1493 784 1544 qua:
836 1485 960 1531 sunt
1014 1477 1065 1530 in
1115 1486 1293 1540 terra,
1324 1476 1516 1544 quibus
1567 1475 1765 1528 induta:
1827 1483 1950 1529 sunt
2014 1488 2200 1536 voces,

666 1582 752 1620 res
776 1577 959 1634 aperte
1000 1576 1054 1619 et
1095 1581 1225 1634 pure
1265 1566 1646 1636 signiﬁcantes.
1679 1566 1801 1621 “me
1837 1580 2016 1619 autem
2053 1581 2203 1620 sum-

2300 411 2432 462 Θεοῦ
2461 413 2614 480 Λόγῳ
2636 411 2702 462 τὰ
2733 414 2789 462 ὲν
2817 411 2893 480 τῷ
2919 409 3118 479 οὐρανῷ
3136 405 3434 477 στρατεύματα
3459 403 3476 452 ὀ

2301 500 2493 563 πάντα,
2543 499 2696 568 Λόγῳ
2747 499 2984 568 ἑπόμενα
3035 495 3284 567 ἡγουμένῳ,
3327 495 3401 543 καλ⁵
3442 508 3475 559 μη

2299 587 2457 640 αὑτὸν
2502 588 2560 640 ὲν
2585 589 2736 650 πᾶσι,
2765 590 2857 640 καὶ
2890 587 3110 656 μάλιστα
3132 584 3190 654 τῷ
3209 580 3476 648 ὲπιϐεὸηκένυ

2299 675 2444 745 αὐτῷ
2471 675 2654 738 ἵπποις
2679 676 2908 738 λευκοῖς·
2929 677 3098 728 πάντα
3122 673 3206 741 γὰρ
3226 669 3411 723 ἐνώπιον
3429 686 3476 720 το

2300 766 2405 817 Καὶ
2424 767 2606 836 ὥσπερ
2633 766 2837 834 ἀπέδρα
2860 765 2933 834 (7)
2963 764 3115 833 ὀδύνη
3139 764 3214 815 καὶ
3227 761 3346 830 λύπη
3365 761 3440 813 καὶ
3462 776 3476 810 c

2301 856 2391 908 ἐπὶ
2418 854 2494 924 τῷ
2531 854 2671 906 τέλει
2698 853 2803 906 τῶν
2831 854 3167 924 πραγμάτων,
3187 851 3328 913 οὕτως
3371 845 3476 916 οἶμα

2301 945 2428 1014 έδρα
2442 944 2670 1013 ἀσάφεια
2691 945 2782 996 καὶ
2798 945 3014 1014 ἀπορία,
3024 943 3206 996 πάντων
3217 939 3441 1010 ἐπιμελῶς
3451 957 3476 990 κ

2301 1033 2708 1102 προπιπτόντων
2733 1033 2838 1085 τῶν
2873 1033 2971 1102 τῆς
2997 1031 3086 1085 τοῦ
3117 1031 3225 1083 Θεοῦ
3255 1030 3414 1096 σοφίας
3442 1046 3475 1097 μ

2315 1119 2626 1189 Ἐπίσκεψαι
2648 1120 2703 1172 δὲ
2729 1122 2853 1182 τοὺς
2884 1120 3103 1181 λευκοὺς
3131 1119 3296 1179 ἵππους
3321 1117 3413 1168 τῶν
3431 1117 3476 1168 ἀ)

2300 1227 2406 1262 των
2444 1209 2521 1278 τῷ
2569 1210 2724 1278 Λόγῳ
2774 1210 3141 1277 ἐνδεδυμένους
3192 1207 3400 1276 βύσσινον
3441 1205 3476 1255 λι

2301 1298 2554 1366 καθαρὸν,
2602 1300 2650 1350 εί
2687 1298 2759 1367 μὴ
2796 1299 2917 1350 ἐπεὶ
2961 1298 3142 1366 βύσσος
3177 1297 3267 1348 ἀπὸ
3297 1296 3386 1364 γῆς
3414 1295 3476 1362 γίη

2302 1387 2392 1438 ἐπὶ
2425 1387 2526 1456 γῆς
2549 1387 2859 1450 διαλέκτων,
2897 1388 2962 1450 ἃς
3001 1387 3326 1457 ἠμφιεσμέναι
3350 1388 3467 1438 εἰσιν

2302 1494 2488 1530 νουσαι
2526 1478 2697 1544 φωναὶ
2723 1477 2970 1547 καθαρῶς
3007 1476 3073 1529 τὰ
3101 1477 3376 1545 πράγματα,
3415 1475 3468 1527 τύ

2304 1583 2450 1619 νουσι
2477 1567 2544 1619 τὰ
2578 1566 2795 1634 βύσσινα
2831 1566 3113 1635 ἐνδύματα.
3141 1566 3302 1618 Ταῦτα
3335 1566 3393 1635 δὴ
3419 1569 3476 1617 ὲπ

665 1665 752 1722 pta
799 1670 864 1709 ex
902 1655 1244 1724 Apocalypsi,
1280 1672 1398 1723 qua:
1448 1656 1602 1710 docet
1635 1670 1730 1709 nos
1775 1654 1945 1721 qualis
1991 1655 2062 1708 sit
2097 1654 2184 1724 59

1991 1655 2062 1708 sit
2097 1654 2203 1724 59
2233 1639 2274 1692 Β
2299 1657 2398 1725 τῆς
2455 1656 2863 1724 Ἀποκαλύψεως
2910 1655 3237 1724 διδασκούσης
3283 1655 3398 1725 περὶ
3443 1657 3475 1706 Λ

666 1743 758 1798 Dei
789 1743 994 1807 Sermo,
1024 1745 1281 1813 prolixius
1313 1745 1684 1809 tractavimus,
1716 1755 1774 1796 ut
1807 1744 2110 1797 accuratius
2139 1756 2194 1796 et

2297 1747 2527 1816 εἴρηται,
2555 1747 2640 1799 ἴνα
2674 1745 3055 1814 ἀκριϐέστερον
3083 1745 3145 1798 τὰ
3172 1745 3286 1814 περὶ
3311 1743 3461 1796 αὑτοῦ

663 1835 908 1890 subtilius
941 1852 1058 1904 quae
1086 1838 1153 1890 ad
1198 1837 1370 1905 ipsum
1406 1838 1718 1892 Sermonem
1747 1848 1989 1903 spectant
2024 1837 2502 1893 consideraremus.

735 1925 786 1981 ³5.
827 1925 928 1979 Hic
953 1938 1062 1980 erat
1104 1929 1156 1980 in
1178 1929 1427 1996 principio
1454 1930 1590 1997 apud
1627 1928 1790 1982 Deum
1813 1929 1878 1980 ".
1906 1927 1973 1982 Iis
2002 1929 2092 1995 qui
2115 1943 2205 1983 ac-

664 2033 848 2079 curate
876 2039 978 2079 non
1009 2027 1292 2079 attendunt
1320 2026 1565 2080 diversas
1587 2026 1638 2078 in
1675 2025 1755 2078 his
1779 2039 1894 2093 quae
1918 2028 2202 2080 enuntian-

666 2133 752 2176 tur
787 2123 1205 2192 propositiones,
1238 2124 1502 2178 videbitur
1535 2125 1861 2192 evangelista
1890 2123 2072 2177 eadem
2112 2139 2198 2178 re-

665 2228 864 2286 petere,
909 2234 970 2272 ac
1017 2218 1062 2272 si
1097 2219 1228 2272 nihil
1288 2218 1405 2287 plus
1435 2219 1636 2272 diceret
1665 2219 1748 2272 his
1797 2216 1996 2280 verbis,
2053 2237 2069 2268 ι
2105 2216 2202 2272 Hic

663 2326 777 2371 erat
803 2318 854 2371 in
881 2319 1141 2387 principio
1163 2320 1300 2386 apud
1334 2318 1518 2381 Deum,
1554 2335 1573 2370 ι
1605 2331 1763 2385 quam
1795 2316 1897 2371 illis
1932 2335 1987 2371 τι
2029 2317 2094 2371 Ει
2117 2317 2204 2372 ille

663 2418 856 2472 Sermo
887 2428 1002 2473 erat
1021 2419 1159 2487 apud
1189 2419 1371 2473 Deum.
1407 2437 1426 2470 ι
1457 2417 1561 2472 Sed
1591 2418 1936 2472 observemus
1983 2432 2202 2473 necesse

663 2529 767 2582 est,
801 2534 918 2582 nos,
957 2520 1168 2587 quando
1217 2520 1466 2583 dicimus,
1511 2537 1530 2572 ι
1580 2518 1672 2572 llle
1694 2522 1876 2575 Sermo
1913 2529 2028 2572 erat
2067 2520 2202 2587 apud

665 2609 899 2682 Deum,_i
951 2622 1054 2660 non
1102 2607 1382 2660 addiscere
1441 2605 1655 2674 quando
1699 2615 1836 2667 erat,
1867 2604 1950 2656 vel
2002 2605 2052 2657 in
2097 2619 2202 2672 quo

664 2705 780 2752 erat
817 2697 954 2764 apud
982 2697 1166 2757 Deum,
1195 2696 1345 2764 juxta
1389 2704 1638 2763 quartum
1674 2695 2072 2762 pronuntiatum
2113 2694 2203 2745 ad-

664 2784 848 2839 ditum.
911 2783 1044 2836 Nam
1091 2793 1318 2851 quatuor
1357 2775 1622 2836 cum'siut
1663 2781 1761 2834 hoc
1801 2780 1997 2834 inloco
2042 2779 2203 2845 ἀξιώ-

668 2891 830 2944 ματα,
865 2871 988 2942 [ltoc
1012 2869 1522 2940 est,pronuntiata,]
1553 2883 1669 2938 quae
1703 2869 1863 2937 aliqui
1928 2874 2209 2941 προτάσεις

669 2965 796 3034 μιοε
845 2973 947 3029 est,
988 2963 1402 3031 propositiones]
1449 2959 1763 3029 appellant,
1807 2959 2205 3026 pronuntiatum

663 3062 909 3120 quartum
942 3063 1021 3105 est
1050 3067 1064 3102 :
1096 3069 1112 3101 ι
1158 3049 1253 3103 llic
1281 3059 1398 3102 erat
1427 3051 1478 3102 in
1509 3049 1766 3117 principio
1799 3047 1935 3116 apud
1963 3047 2146 3101 Deum.
2183 3063 2201 3097 ι

665 3136 886 3206 lnsnper
931 3139 1042 3191 haec
1092 3135 1404 3203 propositio,
1468 3152 1486 3184 ι
1539 3135 1627 3188 llle
1671 3135 1859 3188 Sermo
1903 3143 2020 3188 erat
2069 3135 2208 3202 apud

667 3228 854 3291 Deum,
891 3246 910 3279 ι
946 3242 1047 3280 non
1094 3228 1278 3280 eadem
1313 3234 1395 3278 est
1425 3239 1543 3278 cum
1568 3225 1652 3278 illa
1671 3240 1786 3292 quae
1825 3225 2017 3291 inquit,
2062 3242 2080 3275 ι
2115 3222 2207 3277 llic

664 3325 802 3378 erat,
839 3335 857 3366 ι
895 3329 998 3368 non
1025 3315 1340 3382 simpliciter
1368 3315 1504 3381 apud
1529 3315 1689 3367 Deum
1714 3330 1729 3378 ;
1763 3314 1857 3367 sed
1889 3314 2099 3381 quando
2126 3313 2206 3366 vel

667 3407 720 3458 in
771 3420 876 3472 quo
911 3405 1046 3473 apud
1091 3404 1277 3456 Deum.
1324 3421 1342 3454 ι
1380 3403 1477 3456 Hic
1523 3404 1705 3466 enim,
1747 3404 1951 3470 inquit,
1993 3411 2108 3456 erat
2153 3403 2204 3456 itt

667 3494 928 3561 principio
955 3494 1094 3561 apud
1121 3494 1318 3557 Deum;
1353 3512 1374 3546 ι
1395 3493 1518 3560 quin
1548 3493 1704 3545 etiam
1734 3492 1858 3546 illud
1878 3492 1960 3545 hic
1990 3508 2087 3560 per
2120 3494 2210 3546 dc-

668 3582 1109 3634 monstrationem
1157 3581 1555 3634 existimabitur
1579 3580 1808 3644 positum
1836 3578 2002 3633 fuisse
2038 3579 2118 3632 vel
2146 3580 2210 3633 de

669 3670 946 3734 Sermone,
963 3671 1044 3725 vel
1067 3672 1130 3724 de
1154 3672 1280 3735 Deo,
1304 3671 1369 3724 ab
1385 3684 1448 3723 eo
1463 3671 1551 3739 qui
1571 3671 1744 3724 minus
1761 3670 2040 3737 diligenter
2063 3671 2208 3724 inve-

666 3761 941 3829 atigaverit
965 3799 979 3819 .
1004 3760 1233 3814 utetiam
1259 3760 1492 3814 inveniat
1519 3759 2044 3828 comprehensionem
2072 3759 2212 3828 ptio-

669 3851 805 3917 rum,
819 3862 874 3906 et
896 3851 1418 3919 comprehensionem
1435 3850 1874 3903 considerationis
1896 3849 2052 3918 hujus
2065 3851 2210 3904 vocis

667 3940 866 4007 Sermo,
902 3951 954 3996 et
991 3940 1148 4008 hujus
1187 3942 1333 3994 vocis
1361 3940 1518 4003 Deus,
1563 3939 1758 3993 factam
1797 3940 1848 3991 in
1875 3939 2205 4008 pronomine,

665 4033 842 4096 κίρκοι
862 4032 974 4085 haec
1002 4031 1384 4084 demonstratio
1407 4029 1456 4082 in
1489 4044 1650 4080 unum
1681 4043 1742 4082 ea
1764 4038 2054 4096 congreget
2087 4043 2205 4096 quae

667 4121 1087 4175 consideratione
1103 4129 1226 4172 sunt
1250 4120 1456 4173 diversa
1478 4135 1492 4181 ;
1515 4131 1684 4185 neque
1708 4116 1851 4170 enim
1876 4119 1996 4168 dum
2022 4117 2202 4169 consi-

669 4213 913 4262 deramus
937 4208 1096 4261 Deum
1112 4201 1512 4261 consideramus
1529 4207 1869 4269 Sermonem;
1888 4219 2057 4273 neque
2077 4205 2200 4258 dum

668 4299 1070 4352 consideramus
1103 4297 1431 4359 Sermonem,
1456 4297 1856 4350 consideramus
1875 4293 2060 4348 Deum.
2083 4293 2204 4347 For-

670 4387 828 4439 tassis
843 4395 1017 4438 autem
1043 4400 1245 4438 smmna
1264 4394 1343 4440 est
1362 4397 1411 4440 et
1439 4386 1679 4440 collectio
1705 4387 1860 4439 trium
1886 4385 2203 4451 propositio—

669 4489 792 4528 num
830 4474 880 4525 in
912 4487 1065 4524 unam
1097 4473 1271 4527 hanc:
1314 4492 1331 4524 ι
1363 4474 1459 4528 llic
1499 4484 1614 4527 erat
1663 4476 1715 4528 in
1760 4473 2019 4544 principio
2063 4473 2201 4540 apud

671 4567 832 4618 Deum
853 4581 896 4628 ς»
918 4575 1176 4632 quatenus
1198 4566 1340 4618 enim
1370 4565 1421 4618 in
1446 4565 1704 4634 principio
1723 4571 1842 4617 erat
1865 4562 2078 4626 Sermo,
2098 4577 2201 4614 non

668 4655 1024 4709 didiceremus
1056 4656 1193 4722 quod
1221 4656 1357 4724 apud
1382 4656 1578 4719 Deum;
1607 4664 1871 4722 quatenus
1905 4668 2032 4707 vero
2063 4654 2200 4720 apud

671 4743 832 4796 Deum
848 4743 1036 4798 Sermo
1059 4743 1146 4798 ille
1171 4754 1308 4808 erat,
1324 4759 1428 4797 non
1447 4757 1831 4810 agnoveramus
1853 4752 2037 4810 aperte
2061 4743 2202 4810 quod

636 4902 638 4904 ν
670 4833 722 4885 in
743 4833 1006 4902 principio
1041 4835 1178 4900 apud
1211 4821 1370 4886 Deum
1398 4842 1543 4894 erat;
1572 4841 1833 4899 quatenus
1861 4839 2038 4884 autem
2066 4831 2202 4884 Deus

670 4919 758 4973 ille
797 4921 982 4974 Sermo
1011 4932 1148 4985 erat,
1173 4935 1342 4989 neque
1373 4921 1747 4974 declarabatur
1780 4921 1951 4987 ipsum
1977 4920 2028 4972 in
2060 4921 2205 4987 prin-

669 5009 810 5075 cipio
860 5026 998 5073 esse,
1043 5025 1210 5078 neque
1255 5012 1393 5074 quod
1424 5010 1561 5078 apud
1595 5010 1756 5061 Deum
1803 5018 1939 5064 erat.
1975 5009 2123 5073 Quod
2157 5010 2201 5064 si

671 5097 882 5150 dicente
923 5101 1264 5166 evangelista,
1317 5119 1334 5151 ι
1375 5099 1472 5152 llic
1522 5107 1638 5152 erat
1679 5098 1732 5150 in
1775 5098 2036 5166 principio
2063 5101 2201 5166 apud

674 5185 997 5249 Deunmsub
1021 5185 1336 5254 pronomine
1354 5179 1768 5244 demonstrativo
1795 5189 1896 5254 hic,
1929 5189 2196 5260 intelliga-

741 5297 786 5328 "
815 5297 942 5350 ibid.
985 5297 1068 5352 M.
1134 5297 1180 5330 "
1221 5299 1345 5352 ibid.
1417 5301 1460 5331 ³⁷
1493 5299 1644 5355 Joan.
1677 5316 1714 5365 ι,
1739 5299 1798 5354 2.

743 5384 818 5454 (7)
851 5387 953 5438 Καὶ
982 5386 1451 5458 ὣσπερ-ἀπέδρα,
1486 5399 1588 5444 etc.
1625 5391 1807 5444 Finem
1854 5404 2065 5458 quoque
2120 5391 2209 5445 hic

677 5453 1044 5506 damnatorum
1077 5455 1246 5519 pcenis
1279 5458 1484 5508 statuit.
1517 5458 1770 5512 llue'rtus.

751 5521 826 5590 (8)
858 5523 1017 5575 Κατὰ
1039 5521 1242 5585 δεῖξιν.
1270 5522 1359 5575 Sic
1388 5521 1576 5591 legitur
1603 5530 1654 5582 in
1682 5525 2203 5599 codicc_Bodlciano;

2371 1931 2424 1984 5.
2459 1927 2641 1996 Οὗτος
2679 1929 2756 2000 ἦν
2791 1932 2860 1984 ἐν
2895 1930 3051 1998 ἀρχῇ
3091 1931 3226 1998 πρὸς
3257 1932 3355 1984 τὸν
3393 1933 3476 1984 Θει

2307 2018 2621 2089 ἀκριϐοῦσιν
2655 2019 2751 2081 τὰς
2779 2019 3067 2089 διαφόρους
3113 2020 3166 2071 ὲν
3209 2022 3312 2082 τοῖς
3343 2021 3476 2086 ἀπαγ

2302 2109 2608 2178 προτάσεις,
2640 2107 2777 2171 δόξει
2823 2109 3154 2176 ταυτολογεῑν
3187 2109 3214 2159 ό
3238 2108 3471 2175 εύαγγελι

2300 2199 2456 2251 πλέον
2511 2197 2679 2265 λέγων
2721 2199 2778 2251 ὲν
2817 2197 2928 2266 τῷ,
2968 2216 2986 2248 ι
3021 2194 3180 2260 Οὗτος
3214 2193 3278 2268 ἦν
3305 2199 3361 2250 ὲν
3400 2200 3476 2269 ἀρῖ

2297 2287 2444 2349 Θεόν,
2460 2286 2634 2354 »παρά
2660 2287 2720 2338 τό
2742 2285 2907 2338 ἰΚαὶ
2930 2287 2958 2336 ό
2975 2287 3138 2353 Λόγος
3157 2283 3219 2356 ἦν
3242 2288 3370 2355 πρὸς
3392 2287 3476 2339 τὸν

2303 2375 2486 2446 ρητέον
2498 2373 2664 2436 δὲρδτι
2679 2375 2734 2427 ὲν
2756 2377 2854 2445 μὲν
2875 2377 3002 2447 τῷ,‹
3023 2378 3078 2429 '0
3099 2377 3260 2444 Λόγος
3287 2373 3352 2446 ἦν
3373 2379 3472 2446 πρὸ

2300 2463 2360 2513 οὐ
2397 2462 2728 2531 μανθάνομεν
2757 2463 2816 2515 τὸ
2851 2464 2998 2527 πότε,
3034 2464 3067 2533 ἢ
3101 2466 3156 2517 ὲν
3185 2464 3286 2518 τίνι
3315 2461 3381 2535 ἦν
3417 2483 3476 2535 πρ

2302 2551 2442 2603 κατά
2476 2552 2536 2603 τὸ
2573 2553 2828 2622 τέταρτον
2876 2553 3090 2622 ἀξίωμα
3137 2555 3476 2625 προσκείμενι

2230 2669 2272 2727 c
2303 2638 2409 2708 γὰρ
2439 2637 2746 2727 ἀξιώματα,
2762 2640 2904 2710 άπερ
2922 2641 3075 2711 παρά
3096 2659 3201 2694 τισι
3234 2645 3476 2713 προτάσει

2304 2727 2447 2780 ἐστιν
2479 2727 2682 2790 ὲνθάδε,
2712 2723 2785 2782 ὦν
2814 2729 2874 2781 τὸ
2903 2731 3159 2801 τέταρτον
3179 2747 3194 2762 ⁸
3232 2751 3250 2784 ι
3286 2727 3457 2797 Οὗτος

2304 2819 2436 2887 πρὸς
2459 2818 2545 2870 τὸν
2565 2819 2744 2870 Θεόν·›
2772 2819 2832 2870 οὐ
2853 2821 3044 2872 ταύτὸν
3076 2822 3132 2872 δὲ
3151 2821 3212 2873 τό
3229 2861 3244 2886 ,
3275 2841 3294 2873 ι
3333 2824 3393 2875 '0
3419 2827 3476 2876 Λ‹

2302 2906 2391 2956 τὸν
2415 2905 2570 2968 Θεόν,
2591 2925 2610 2956 ι
2659 2907 2751 2959 καὶ
2774 2907 2832 2958 τό
2849 2945 2864 2970 ,
2899 2926 2917 2958 ι
2952 2903 3120 2971 Οὗτος
3145 2905 3213 2979 ἦν
3235 2947 3270 2973 ,.
3289 2928 3308 2962 ι
3343 2912 3468 2980 οὐχ)⁸

2303 2995 2391 3047 τὸν
2444 2995 2599 3058 Θεὸν,
2635 2995 2768 3048 ἀλλά
2809 2997 2972 3058 πότε,
3018 2999 3051 3068 ἢ
3107 3001 3165 3054 ὲν
3219 2998 3328 3053 τίνι
3379 3001 3476 3072 πρὸ

2310 3102 2328 3133 ι
2373 3077 2537 3147 Οὗτος
2564 3083 2696 3154 γάρ,
2733 3086 2926 3153 φησιν,
2976 3081 3044 3156 ἦν
3079 3089 3135 3139 ὲν
3172 3089 3316 3159 ἀρχῇ
3362 3090 3475 3160 πρὸ

2305 3173 2437 3225 ἀλλά
2492 3175 2583 3226 καὶ
2620 3174 2679 3226 τὸ
2752 3171 2926 3240 οὗτος
2999 3178 3142 3230 κατὰ
3198 3178 3366 3242 δεῖξιν
3427 3180 3476 3249 (8

2304 3279 2392 3314 vov
2415 3263 2794 3334 νομισθήσεται
2813 3265 2908 3316 ἐπὶ
2933 3265 3027 3317 τοῦ
3053 3267 3232 3334 Λόγου
3264 3270 3472 3338 τετάχθ

2305 3351 2458 3417 Θεοῦ,
2491 3352 2593 3404 ὑπὸ
2629 3352 2722 3404 τοῦ
2779 3354 2852 3423 μὴ
2899 3355 3222 3426 συχνότερον
3281 3359 3476 3428 ἐρευνῦ

2306 3439 2438 3510 εὕρῃ
2508 3439 2760 3510 σύλληψιν
2816 3441 2923 3495 τῶν
2979 3445 3269 3513 προτέρων
3349 3463 3476 3513 γινο

2307 3527 2481 3594 οὗτος
2511 3532 2868 3601 προσηγορίᾳ,
2898 3533 2997 3602 τῆς
3029 3551 3088 3585 τε
3113 3537 3320 3602 Λόγος
3355 3538 3476 3589 ὲπικ

2310 3620 2472 3683 Θεός,
2518 3619 2601 3671 ἵνα
2626 3621 2658 3689 ἡ
2686 3619 2846 3685 δεῖξις
2876 3623 3161 3693 συναγάγῃ
3197 3627 3285 3687 είς
3330 3626 3393 3677 ’ἐν
3443 3644 3475 3678 τ

2307 3707 2562 3778 διάφορα·
2596 3710 2655 3760 οὐ
2684 3708 2791 3780 γὰρ
2824 3712 2880 3762 ὲν
2913 3714 2978 3782 τῇ
3017 3713 3247 3782 ἐπινοίᾳ
3302 3717 3376 3783 τῇ
3405 3720 3476 3768 Λι

2307 3798 2339 3865 ὴ
2370 3799 2531 3861 Θεός,
2556 3795 2673 3848 οὐδὲ
2709 3799 2766 3850 ἐν
2788 3801 2852 3867 τῇ
2878 3801 3038 3864 Θεός,
3067 3802 3123 3870 ἡ,
3154 3803 3384 3870 Λόγος.
3414 3805 3476 3855 Tt

2311 3883 2599 3952 φαλαίωσίς
2629 3885 2744 3936 ἐστι
2775 3885 2882 3936 τῶν
2914 3886 3081 3954 τριῶν
3119 3890 3475 3958 προτάσεων

2237 3993 2281 4047 D
2316 3992 2333 4024 ι
2363 3966 2525 4033 Οὗτος
2557 3968 2624 4041 ἦν
2656 3974 2713 4025 ὲν
2759 3973 2898 4044 ἀρχῇ
2932 3975 3071 4044 πρὸς
3093 3977 3196 4029 τὸν
3227 3977 3401 4032 Θεόν.
3449 3999 3471 4030 ι

2307 4061 2444 4130 ἀρχῇ
2485 4055 2550 4128 ἦν
2599 4060 2626 4110 ό
2677 4061 2877 4128 Λόγος,
2925 4063 2985 4114 οὐ
3017 4065 3473 4136 μεμαθήκαμεν

2304 4151 2452 4204 Θεόν·
2470 4151 2602 4204 καθὸ
2625 4151 2679 4203 δὲ
2696 4153 2829 4220 πρὸς
2856 4155 3090 4208 τὸνΘεὸν
3114 4158 3147 4208 ὁ
3187 4153 3386 4224 Λόγος
3401 4154 3476 4228 ἦν

2308 4252 2402 4305 μεν
2423 4236 2625 4303 σαφῶς,
2639 4237 2720 4288 ὅτι
2739 4239 2795 4290 ὲν
2811 4240 2950 4310 ἀρχῇ
2979 4243 3120 4311 πρὸς
3151 4243 3262 4296 τὸν
3282 4245 3440 4297 Θεὸν
3463 4241 3476 4298 i

2301 4326 2330 4375 ό
2344 4325 2509 4391 Λόγος
2531 4323 2617 4396 ἦν,
2645 4326 2766 4379 οὒτε
2789 4330 2848 4380 τὸ
2869 4331 2926 4382 ὲν
2947 4333 3090 4402 ἀρχῇ
3119 4333 3315 4385 αὐτὸν
3343 4332 3476 4387 sive:

2305 4414 2384 4465 ὅτι
2415 4414 2547 4484 πρὸς
2570 4416 2658 4467 τὸν
2684 4417 2814 4470 Θεὸν
2841 4420 3167 4490 ἐτύγχανεν.
3205 4425 3314 4476 Ἐν
3346 4425 3416 4478 δὲ
3441 4444 3476 4478 τ

2306 4503 2443 4574 ἀρχῇ
2462 4506 2595 4574 πρὸς
2608 4505 2698 4560 τὸν
2725 4507 2878 4572 Θεόν,
2905 4529 2921 4560 ›
2948 4513 3298 4582 ἀπαγγελίᾳ
3358 4515 3474 4567 τοῦ

2305 4592 2474 4659 Λόγου
2501 4596 2593 4646 καὶ
2611 4595 2744 4648 Θεοῦ
2771 4599 3078 4669 νοουμένου,
3103 4603 3219 4654 καὶ
3250 4604 3398 4667 τοῦ,
3431 4625 3454 4656 ι

2307 4685 2721 4753 συναπτομένου,
2743 4688 2834 4740 τοῦ
2859 4706 2937 4752 τε,
2967 4690 3108 4760 πρὸς
3139 4692 3254 4746 τὸν
3287 4695 3476 4763 Θεόν,

2305 4773 2452 4824 οὐδὲν
2463 4774 2846 4843 παραλείπεται
2870 4778 2978 4831 τῶν
3002 4783 3060 4832 ὲν
3091 4785 3243 4844 ταῖς
3265 4787 3462 4854 τρισὶ

2307 4866 2820 4934 συγκεφαλαιοῦται,
2874 4874 3305 4942 συναγομένων
3363 4876 3468 4936 εἰς

2305 4952 2442 5004 κατά
2489 4953 2550 5004 τὸ
2574 4955 2748 5010 δισσὸν
2780 4959 3147 5027 ὀνομάζεσθαι
3185 4962 3268 5013 τὸ
3314 4980 3338 5011 ι
3375 4963 3452 5014 ὲν

2305 5044 2448 5111 ἡμᾶς
2476 5045 2758 5112 μανθάνειν
2797 5049 3100 5118 πράγματα.
3155 5051 3306 5104 δύο·
3353 5051 3430 5102 ἓν

2301 5125 2367 5198 ἦν
2385 5132 2420 5181 «ὁ
2449 5132 2635 5198 Λόγος,
2663 5134 2736 5197 ὼς
2764 5137 2811 5187 εί
2846 5138 2938 5189 καὶ
2965 5138 3090 5191 καθῗ
3134 5141 3352 5192 altth
3382 5137 3474 5211 ἦν

2303 5217 2436 5286 πρός
2467 5235 2614 5271 τινα⁸
2649 5221 2831 5292 ἓτερον
2875 5225 2952 5288 δὲ,
2977 5274 2979 5278 .
3006 5226 3093 5279 ὅτι
3137 5228 3215 5278 ὲν
3255 5229 3453 5299 ἀρχῇ

2314 5390 2632 5463 Barberinus
2663 5392 2819 5463 habet
2844 5397 2984 5450 κατά
3017 5399 3240 5463 τάξιν.

2313 5457 2666 5589 Λόὲςίὶοιιοχ
2702 5459 3046 5534 Bodleiattus,
3082 5457 3211 5541 ἑῇ,
3253 5471 3476 5537 Λόγος
