3848 6182
175 247 346 341 n25

169 397 310 469 τιν’

188 490 259 538 ὲν

199 533 324 623 ζὼν
366 533 506 623 Θεὸν
540 535 712 623 μόνον
745 541 1078 610 τυγχάνων,
1113 545 1237 596 ἐπεὶ
1259 547 1352 598 καὶ
1383 548 1437 598 ὲν
1463 547 1601 615 ἀρχῇ
1631 542 1718 616 ἦν,
1745 545 1869 611 οὔτε

220 622 294 701 ἓν
339 622 498 691 ἀρχῇ
534 622 705 690 μόνον
741 623 851 691 ὢν,
887 627 987 680 καὶ
1016 629 1140 698 οὐχὶ
1169 632 1304 700 πρὸς
1342 631 1433 683 τὸν
1465 631 1596 685 Θεὸν
1627 631 1720 696 ὢν,
1752 634 1872 685 ἐπεὶ

245 753 270 784 ε
312 705 487 776 οὗτος
520 709 593 783 ἦν
637 716 700 767 ὲν
738 716 897 787 ἀρχῇ
930 719 1070 789 πρὸς
1099 719 1190 771 τὸν
1221 721 1371 773 Θεόν.
1402 741 1420 772 ι

1399 251 1746 306 COMMENT.
1785 250 1853 304 IN
1887 251 2078 308 JOAN.
2119 252 2350 308 TOMUS
2382 253 2444 307 11.

365 351 462 403 καὶ
486 345 683 421 οἶμαι,
712 354 804 408 ὅτι
838 355 906 408 οῦ
938 356 1149 426 ψεῦδος
1187 363 1360 418 εἰπεῖν
1393 369 1518 436 περὶ
1571 364 1753 427 αὐτοῦ,
1787 367 1865 418 ὅτι

1972 376 2072 430 tur,
2106 377 2159 421 et
2193 368 2400 431 Sermo,
2429 373 2482 420 et
2515 365 2673 428 Deus,
2697 374 2752 419 et
2783 363 3076 433 particular
3099 367 3150 418 in
3175 367 3456 436 principio,
3483 388 3503 422 ι

313 446 478 513 δίρχῇ
510 438 609 514 ἦν,
649 446 756 498 καὶ
795 449 861 501 ἐν
897 451 1049 523 ἀρχῇ
1083 455 1225 523 πρὸς
1263 456 1352 508 τὸν
1385 456 1535 520 Θεὸν,
1575 457 1695 509 οὔτε
1733 451 1892 528 πρὸς’

3411 252 3511 308 {26

1963 459 2050 512 .sic
2102 459 2469 526 conjungatur,
2493 455 2823 522 addaturque
2863 453 3043 517 etiam,
3070 472 3088 504 ‹
3123 457 3256 523 apud
3285 456 3502 517 Deum,»

1973 548 2110 601 nihil
2132 547 2395 600 omittitur
2449 559 2634 598 eorum
2683 557 2802 611 quae
2830 551 2954 596 sunt
2987 543 3037 595 in
3068 544 3236 597 tribus
3266 547 3508 612 proposi-

1974 637 2226 696 tionibus,
2267 634 2405 701 quod
2443 630 2746 686 summatim
2777 645 2882 683 non
2912 631 3392 696 comprehendatur
3421 647 3505 684 re-

1971 725 2142 778 dactis
2177 722 2346 776 tribus
2393 717 2840 788 pr0positionibus
2890 718 2942 769 in
2987 733 3172 770 unum.
3206 716 3339 771 Vide
3379 732 3506 770 vero

260 833 340 871 ,τι
375 803 490 858 ﬁeri
521 805 704 871 possit
745 815 817 860 ut
859 807 1028 860 etiam
1069 809 1206 862 duas
1257 823 1341 863 res
1386 810 1650 876 dicamus,
1689 815 1812 882 quia
1852 817 1932 870 bis
1968 816 2195 878 dicatur,
2239 829 2258 864 ι
2299 811 2348 863 ἰη
2388 807 2671 876 principio,
2713 823 2732 857 ι
2766 804 2984 858 alteram
3001 806 3234 873 quidem,
3274 807 3412 872 quod
3453 808 3503 859 in

281 893 553 970 principio
595 903 720 947 erat
758 895 856 950 ille
903 895 1118 961 Sermo,
1162 898 1316 967 quasi
1352 900 1512 953 etiam
1560 916 1626 956 ex
1673 917 1729 956 se
1764 915 1928 969 esset,
1963 915 2016 959 et
2049 920 2149 958 non
2195 901 2411 956 omnino
2441 897 2578 966 apud
2607 897 2878 963 aliquem;
2917 895 3136 948 alteram
3162 911 3323 960 vero,
3365 897 3504 963 quod

289 992 354 1043 in
401 984 664 1053 principio
711 985 862 1053 apud
914 987 1081 1040 Deum
1128 996 1263 1041 erat.
1305 988 1583 1058 Meumque
1626 1001 1707 1046 est
1739 994 2000 1062 judicium
2049 994 2246 1058 absque
2288 988 2565 1044 mendacio
2610 987 2712 1040 dici
2749 999 2903 1052 posse
2949 985 3015 1038 de
3057 999 3120 1037 co
3166 987 3304 1052 quod
3349 995 3402 1038 et
3451 986 3503 1038 in

303 1074 562 1142 principio
597 1083 741 1139 erat,
774 1083 834 1128 et
867 1075 921 1129 in
966 1077 1228 1145 principio
1273 1079 1407 1146 apud
1441 1079 1627 1148 Deum,
1665 1097 1835 1152 neque
1867 1085 2127 1155 apudeo
2157 1084 2318 1135 Deum
2346 1079 2514 1134 solum
2551 1077 2829 1139 exsistens,
2864 1074 3108 1142 quoniam
3154 1075 3204 1126 in
3244 1075 3508 1142 principio

301 1168 437 1218 erat.
464 1172 639 1225 neque
667 1160 721 1212 in
754 1160 1026 1228 principio
1058 1161 1228 1215 solum
1262 1165 1544 1232 exsistens,
1571 1176 1756 1221 etnon
1804 1168 1941 1235 apud
1981 1169 2144 1221 Deum
2180 1167 2442 1220 exsistens
2464 1202 2478 1227 ,
2526 1162 2774 1231 quoniam
2827 1177 2845 1210 ι
2880 1161 2966 1214 hic
2999 1171 3115 1214 erat
3147 1161 3199 1213 in
3248 1162 3504 1231 principio

294 1248 435 1317 apud
462 1247 654 1302 Deum.
693 1265 714 1298 ι

367 1339 420 1391 6.
447 1339 656 1391 Πάντα
681 1338 759 1391 δι’
785 1339 975 1393 αὑτοῦ
1016 1341 1267 1410 ἐγένετο.
1304 1344 1566 1397 Οὐδέποτε
1591 1346 1688 1415 τὴν
1720 1347 1866 1416 πρώ-

285 1446 392 1498 την
418 1427 608 1498 χώραν
639 1427 755 1497 ἔχει
815 1429 876 1480 τὸ
933 1429 1008 1481 δι’
1037 1427 1130 1495 οὗ,
1156 1431 1406 1502 δευτέραν
1429 1434 1484 1486 δὲ
1511 1435 1596 1487 ἀεί
1615 1452 1628 1465 ο
1674 1431 1781 1488 οἷον
1809 1437 1864 1488 ὲν

280 1520 354 1586 τῇ
401 1517 544 1585 πρὸς
587 1515 925 1586 Ῥωμαίους·
969 1536 988 1567 ι
1027 1519 1234 1581 Παῦλος
1275 1521 1486 1586 δοῦλος,
1534 1526 1692 1595 φησὶ,
1733 1527 1865 1596 Χρι-

280 1603 421 1654 στοῦ
465 1603 650 1672 Ἰησοῦ
679 1643 694 1667 ,
751 1604 950 1674 κλητὸς
1003 1607 1292 1670 ἀπόστολος
1323 1649 1336 1672 ,
1374 1611 1746 1680 ἀφωρισμένος
1787 1614 1865 1674 εἰς

277 1692 634 1759 Εὑαγγέλιον
661 1691 825 1755 Θεοῦ,
859 1692 888 1744 ὃ
916 1697 1383 1763 προεπηγγείλατο
1411 1697 1498 1749 διὰ
1531 1699 1638 1753 τῶν
1660 1716 1866 1770 προφη-

273 1779 396 1830 τῶν
427 1780 599 1832 αὐτοῦ
639 1780 701 1830 ὲν
738 1781 986 1850 Γραφαϊς
1013 1782 1196 1848 ἁγίαις
1227 1785 1349 1852 περλ⁵
1380 1785 1473 1837 τοῦ
1512 1786 1639 1838 Υἱοῦ
1679 1787 1863 1850 αὐτοῦ,

271 1867 380 1918 τοῦ
437 1867 745 1936 γενομένου
805 1871 868 1920 ὲκ
927 1869 1234 1939 σπέρματος
1276 1872 1435 1925 Δαυῖδ
1482 1874 1622 1926 κατὰ
1669 1875 1863 1946 σάρκα,

271 1954 377 2006 τοῦ
422 1955 749 2026 ὁρισθέντος
782 1955 913 2008 Υἱοῦ
948 1957 1079 2008 Θεοῦ
1113 1960 1169 2010 ὲν
1206 1958 1446 2029 δυνάμει,
1492 1962 1627 2014 κατὰ
1657 1963 1866 2033 πνεῦμα

268 2043 610 2114 ἁγιωσύνης
634 2083 650 2107 ,
695 2044 756 2109 ἐξ
791 2045 1138 2108 ἀναστάσεως
1168 2046 1372 2116 νεκρῶν
1413 2047 1585 2118 Ἰησοῦ
1633 2051 1864 2120 Χριστοῦ

272 2131 380 2182 τοῦ
421 2134 637 2203 Κυρίου
672 2132 856 2202 ἡμῶν,
903 2133 969 2186 δι’
1011 2129 1070 2187 οὗ
1121 2134 1378 2204 ἐλάϐομεν
1421 2138 1519 2207 τὴν
1570 2140 1726 2209 χάριν
1775 2143 1867 2193 καὶ

271 2220 604 2291 ἀποστολὴν
650 2223 735 2284 εἰς
764 2222 1008 2292 ὑπακοὴν
1046 2224 1278 2287 πίστεως
1312 2225 1370 2277 ὲν
1401 2227 1531 2278 πᾶσι
1577 2231 1687 2290 τοῖς
1726 2229 1868 2281 ἔθνε-

276 2323 373 2357 σιν
408 2310 550 2379 ὑπὲρ
577 2309 674 2360 τοῦ
711 2310 974 2378 ὀνόματος
996 2310 1209 2363 αὐτοῦ.»
1243 2312 1298 2363 '0
1323 2312 1429 2382 γὰρ
1449 2313 1579 2376 Θεὸς
1612 2314 1671 2365 τὸ
1694 2316 1867 2383 Εὐαγ-

273 2395 473 2460 γέλιον
519 2398 723 2451 ἑαυτοῦ
778 2401 1241 2469 προεπηγγείλατο
1276 2401 1361 2454 διὰ
1393 2402 1500 2454 τῶν
1537 2404 1824 2472 προφητῶν
1849 2445 1865 2469 ,

275 2484 724 2558 ὑπηρετούντων
751 2487 862 2540 τῶν
894 2489 1201 2558 προφητῶν,
1235 2491 1324 2542 καὶ
1351 2491 1577 2559 ἐχόντων
1607 2492 1694 2544 τὸν
1717 2491 1868 2558 λόγον

268 2573 388 2626 τοῦ
448 2578 522 2629 δι’
547 2573 646 2638 οὗ,
688 2579 787 2630 καὶ
816 2578 996 2639 πάλιν,
1023 2579 1051 2629 ὁ
1077 2577 1206 2640 Θεὸς
1231 2578 1391 2632 ἔδωκε
1428 2580 1583 2650 χάριν
1616 2581 1706 2632 καὶ
1736 2581 1868 2632 ἀπο-

273 2666 495 2736 στολὴν
549 2669 634 2730 εἰς
680 2667 931 2734 ὑπακοὴν
973 2667 1206 2730 πίστεως
1260 2669 1315 2720 ὲν
1366 2671 1496 2720 πᾶσι
1549 2672 1657 2732 τοῖς
1697 2669 1866 2722 ἔθνεσι

272 2749 495 2825 Παύλῳ
548 2757 644 2808 καὶ
690 2759 807 2817 τοῖς
849 2756 1086 2820 λοιποῖςσ
1143 2758 1235 2810 καὶ
1295 2758 1459 2810 ἔδωκε
1508 2759 1593 2811 διὰ
1636 2759 1866 2830 Χριστοῦ

279 2839 484 2914 Ἰησοῦ
537 2847 636 2898 τοῦ
680 2845 935 2914 Σωτῆρος
963 2845 1176 2914 ἔχοντος
1217 2847 1277 2898 τὸ
1313 2846 1385 2899 δι’
1413 2843 1502 2901 οὗ.
1545 2848 1651 2900 Καὶ
1705 2851 1760 2902 ὲν
1800 2852 1865 2918 τῇ

261 2933 434 3018 rapa;
508 2932 844 3004 Ἑϐραίους,
907 2935 935 2984 ὁ
989 2933 1150 2994 αὐτὸς
1210 2933 1417 2995 Παῦλός
1436 2950 1628 3002 φησιν·
1690 2952 1707 2984 ι
1751 2936 1864 2988 Ἐπ’
1895 2963 1934 3018 C

258 3015 527 3092 ἐσχάτου
561 3023 674 3074 τῶν
703 3021 926 3091 ἡμερῶν
957 3021 1214 3090 ἐλάλησεν
1236 3025 1362 3091 ἡμῖν
1391 3023 1447 3073 ἐν
1472 3023 1605 3092 Υἱῷ,
1629 3024 1686 3076 ὂν
1705 3023 1862 3093 ἔθηκε

256 3104 635 3181 κληρονόμον
662 3111 903 3176 πάντων,
929 3111 996 3162 δι’
1016 3103 1076 3162 οῦ
1107 3111 1197 3162 καὶ
1224 3112 1346 3173 τοὺς
1377 3110 1576 3172 αἰῶνας
1595 3112 1859 3182 ἐποίησε»

255 3195 564 3255 διδάσκων
599 3203 788 3271 ἡμᾶς,
831 3201 911 3252 ὅτι
962 3202 990 3252 ὁ
1036 3199 1168 3261 Θεὸς
1207 3200 1330 3262 τοὺς
1367 3200 1562 3262 αἰῶνας
1602 3201 1863 3266 πεποίηκε

253 3284 386 3342 διὰ
415 3291 507 3343 τοῦ
534 3291 689 3352 Υἰοῦ,
719 3291 778 3342 ὲν
805 3289 882 3359 τῷ
908 3289 1033 3351 τοὺς
1059 3288 1254 3351 αἰῶνας
1297 3289 1535 3356 γίνεσθαι
1577 3289 1669 3342 τοῦ
1694 3291 1864 3342 Μονο-

253 3384 487 3441 γενοῦς
535 3381 755 3449 ἔχοντος
784 3380 846 3432 τὸ
875 3379 949 3430 δι’
976 3375 1072 3433 οὗ.
1107 3379 1259 3430 Οὕτω
1305 3379 1481 3430 τοίνυν
1536 3380 1630 3432 καὶ
1683 3380 1864 3432 ἐνθάδε

251 3461 296 3526 (Ι
321 3467 413 3538 Ο)
450 3471 496 3521 εἱ
545 3470 726 3522 πάντα
763 3468 850 3520 διὰ
902 3468 996 3519 τοῦ
1045 3467 1216 3534 Λόγου
1249 3468 1480 3535 ἐγένετο,
1523 3469 1619 3538 οὐχ
1652 3469 1751 3522 ὑπὸ
1774 3469 1864 3521 τοῦ

246 3549 472 3624 ΛεΞγου
518 3558 759 3625 ἐγένετο,
804 3557 922 3610 ἀλλ’
988 3557 1093 3610 ὑπὸ
1133 3556 1435 3626 κρείττονος
1483 3557 1573 3608 καὶ
1627 3555 1884 3625 μείζονος·

241 3650 453 3719 παρὰ
480 3649 572 3702 τὸν
599 3649 793 3716 Λόγον.
827 3648 925 3709 Τίς
973 3646 1018 3698 δ’
1071 3645 1135 3699 ἂν
1177 3645 1333 3708 ἄλλος
1375 3641 1524 3708 οὗτος
1563 3645 1798 3715 τυγχάνῃ
1831 3646 1863 3716 ἢ

232 3727 262 3776 ό
307 3730 546 3805 Πατήρ
564 3753 578 3800 ;
595 3735 944 3800 Ἐξεταστέον
970 3734 1046 3798 δὲ,
1071 3733 1302 3800 ἀληθοῦς
1333 3733 1482 3797 ὄντος
1505 3733 1620 3796 τοῦ,
1639 3753 1657 3784 ι
1687 3735 1867 3786 Πάντα

224 3810 348 3863 5“
399 3825 564 3877 αὑτοῦ
589 3825 865 3891 ὲγένετο,›
888 3825 936 3876 εἰ
961 3825 1053 3875 καὶ
1077 3823 1137 3874 τὸ
1165 3823 1386 3890 Πνεῦμα
1409 3823 1467 3874 τὸ
1498 3823 1648 3890 ἆγιον
1675 3823 1739 3874 δι’
1768 3823 1866 3874 αὑ-

219 3918 332 3955 τα
349 3914 394 3965 ’ῦ
421 3915 656 3980 ἐγένετο.
681 3913 849 3983 Οἶμαι
880 3913 1008 3983 γὰρ,
1033 3914 1115 3965 ὅτι
1135 3911 1211 3981 τῷ
1242 3913 1338 3981 μὲν
1358 3912 1612 3980 φάσκοντι
1643 3913 1867 3983 γενητὸν

213 3991 434 4053 arma
465 3999 626 4064 εἶναι,
664 4002 760 4053 καὶ
781 4001 1090 4071 προϊεμένῳ
1119 4001 1205 4052 τό·
1229 4018 1247 4049 ι
1279 4000 1458 4051 Πάντα
1478 3999 1544 4051 δι’
1566 3999 1726 4052 αὑτοῦ
1750 4000 1868 4068 ἐγέ-

213 4098 304 4133 νε
337 4108 442 4153 -το,
469 4111 488 4142 ι
524 4093 822 4157 ἀναγκαῖον
856 4087 1450 4160 παραδέξασθαι,ὃτιτὸ
1474 4090 1624 4154 ἅγιον
1651 4087 1868 4156 Πνεῦμα

209 4175 392 4233 διςὶ
421 4181 513 4233 τοῦ
542 4181 720 4248 Λόγου
759 4181 997 4247 ἐγένετο,
1039 4163 1408 4248 πρεσϐυτέρου
1437 4177 1564 4246 παρ’
1595 4177 1725 4228 αὐτὸ
1758 4176 1866 4245 (Η)

1971 1349 1989 1381 ’-
2038 1341 2091 1395 6.
2126 1339 2313 1393 Omnia
2339 1353 2430 1406 per
2453 1337 2617 1404 ipsum
2646 1337 2787 1404 facta
2808 1341 2925 1386 sunt
2954 1333 3018 1386 ’⁸.
3055 1331 3329 1401 Nunquam
3359 1335 3508 1402 prin-

1968 1431 2140 1498 cipcm
2182 1427 2352 1480 locum
2377 1425 2539 1478 habet
2566 1423 2824 1491 particula
2842 1438 2932 1488 per
2953 1437 3102 1489 quem
3121 1460 3136 1485 ,
3169 1423 3260 1475 sed
3294 1437 3505 1489 semper

1968 1519 2285 1582 secundum,
2315 1513 2477 1568 veluti
2513 1515 2562 1567 in
2593 1513 2828 1582 Epistola
2853 1513 2916 1565 ad
2943 1514 3211 1566 Romanos
3229 1515 3295 1576 ’⁵,
3329 1531 3346 1563 ι
3372 1514 3504 1565 Pan-

1969 1609 2050 1662 lus
2083 1619 2291 1666 servus,
2328 1602 2520 1670 inquit,
2558 1600 2680 1655 Jesu
2704 1601 2922 1663 Christi,
2963 1610 3180 1654 vocatus
3218 1602 3280 1654 ad
3313 1617 3504 1654 munus

1967 1693 2335 1763 apostolicum,
2379 1698 2688 1758 segregatus
2729 1688 2780 1740 in
2831 1687 3166 1756 Evangelium
3215 1687 3328 1751 Dei,
3365 1689 3503 1756 quod

1967 1792 2091 1834 ante
2118 1775 2464 1846 [promiserat
2493 1788 2586 1842 per
2614 1773 2907 1841 prophetas
2947 1787 3070 1826 suos
3120 1773 3172 1825 in
3211 1772 3505 1840 Scriptnris

1966 1866 2166 1922 sanctis
2193 1865 2256 1918 de
2285 1863 2422 1916 Filio
2443 1876 2558 1925 suo,
2588 1862 2675 1930 qui
2704 1863 2914 1929 genitus
2945 1861 3044 1914 fuit
3072 1875 3136 1915 ex
3177 1863 3377 1915 semine
3400 1864 3502 1915 Da-

1964 1955 2052 2007 vid
2099 1954 2390 2007 secundum
2437 1964 2651 2004 carnem
2688 1966 2703 2001 :
2737 1949 2824 2015 qui
2875 1948 3176 2002 declaratus
3208 1949 3304 2002 fuit
3338 1949 3504 2003 Filius

1969 2043 2056 2096 Dei
2083 2056 2200 2096 cum
2231 2039 2486 2109 potentia,
2523 2039 2816 2092 secundum
2845 2036 3090 2104 spiritum
3125 2038 3504 2090 sanctiﬁcatio-

1966 2134 2068 2196 nis,
2095 2147 2161 2184 οι
2191 2145 2255 2184 eo
2285 2129 2426 2197 quod
2459 2127 2754 2183 resurrexit
2777 2142 2806 2180 e
2831 2127 3052 2178 mortuis
3079 2124 3234 2193 Jesus
3261 2127 3505 2182 Christus

1968 2221 2222 2276 Dominus
2270 2226 2468 2281 noster,
2520 2231 2614 2284 per
2641 2230 2798 2283 quem
2843 2216 3142 2282 accepimus
3170 2216 3415 2284 gratiam,
3450 2226 3505 2269 et

1967 2309 2239 2378 apostolici
2297 2308 2532 2361 muneris
2573 2305 2927 2367 iunctionem,
2962 2314 3016 2358 ut
3060 2306 3342 2359 obediatur
3383 2305 3503 2359 fidei

1968 2401 2110 2453 inter
2147 2411 2333 2451 omnes
2383 2404 2570 2465 gentes
2617 2409 2777 2463 super
2822 2394 2986 2463 ipsius
3029 2395 3262 2447 nomine.
3305 2412 3324 2445 ι
3366 2395 3505 2448 Deus

1965 2489 2104 2541 enim
2131 2485 2474 2553 Evangelium
2494 2499 2646 2536 suum
2676 2485 3135 2552 praenuntiaverat
3156 2498 3251 2551 per
3276 2485 3506 2551 prophe-

1969 2585 2085 2641 tas,
2139 2574 2669 2629 subministrantibus
2725 2572 3034 2640 prophetis,
3081 2580 3132 2626 et
3185 2571 3506 2626 habentibus

1967 2674 2265 2714 sermonem
2300 2658 2458 2718 illius,
2496 2658 2580 2711 cui
2607 2659 2856 2725 competit
2883 2673 2972 2724 per
2990 2675 3156 2725 quem,
3184 2669 3236 2710 et
3267 2673 3501 2723 rursum,

1970 2749 2106 2804 Deus
2137 2750 2279 2803 dedit
2316 2748 2538 2817 gratiam
2585 2756 2640 2800 et
2681 2746 2953 2814 apostolici
3000 2747 3235 2802 muneris
3274 2748 3504 2802 functio-

1967 2852 2086 2891 nem
2117 2837 2277 2891 Paulo
2306 2845 2359 2889 et
2384 2835 2625 2902 reliquis,
2658 2843 2716 2887 ut
2741 2834 2987 2887 obediant
3018 2835 3138 2887 lidei
3166 2849 3352 2888 omnes
3379 2849 3507 2902 gen-

1972 2938 2078 2991 tes;
2121 2936 2172 2980 et
2197 2925 2339 2978 dedit
2369 2939 2462 2992 per
2500 2923 2768 2977 Christum
2801 2921 3141 2977 Servatorem
3170 2963 3186 2989 ,
3221 2924 3501 2978 habentem

1969 3014 2276 3083 particulam
2305 3029 2396 3079 per
2437 3029 2602 3080 quem.
2642 3013 2700 3064 Et
2737 3013 2787 3063 in
2811 3011 3039 3081 Epistola
3093 3013 3157 3064 ad
3210 3013 3456 3066 llebrmos
3486 3013 3504 3043 ί

1969 3105 2081 3171 ipse
2110 3102 2302 3155 Paulus
2353 3102 2545 3168 inquit,
2588 3119 2606 3150 ι
2643 3101 2696 3153 In
2729 3101 3036 3155 novissimis
3077 3101 3264 3153 diebus
3299 3101 3507 3156 locutus
3602 3148 3604 3152 ,

1969 3201 2051 3247 est
2077 3192 2228 3245 nobis
2257 3192 2307 3244 in
2345 3189 2498 3253 Filio,
2529 3205 2684 3258 quem
2728 3192 2904 3259 posuit
2939 3191 3204 3244 haeredem
3243 3191 3503 3254 omnium,

1969 3295 2063 3345 per
2086 3293 2241 3342 quem
2269 3278 2394 3332 fecit
2415 3287 2467 3331 et
2497 3277 2710 3343 saecula,
2739 3296 2756 3329 ι
2782 3280 2980 3333 docens
3011 3293 3106 3335 nos
3124 3277 3284 3332 Deum
3315 3280 3506 3332 saecula

1943 3369 2162 3430 iecisse
2204 3383 2298 3431 per
2327 3367 2517 3421 Filium
2544 3405 2559 3432 ,
2603 3367 2886 3434 Unigenito
2929 3367 3158 3420 habente
3191 3367 3503 3433 particulam

1968 3456 2045 3507 δι’
2069 3449 2147 3519 οῦ,
2167 3453 2241 3524 [id
2263 3463 2363 3520 est,
2381 3469 2468 3520 per
2482 3452 2673 3523 quem,]
2696 3455 2817 3507 dum
2837 3452 3026 3508 saecula
3056 3453 3262 3507 fierent.
3295 3452 3382 3506 Sic
3413 3453 3508 3521 ξετ-

1973 3554 2057 3598 tur
2085 3544 2184 3597 hoc
2211 3543 2370 3596 etiam
2403 3543 2454 3596 in
2486 3543 2618 3607 loco,
2645 3542 2688 3596 si
2710 3544 2885 3596 onmia
2918 3557 3011 3610 per
3033 3542 3342 3596 Sermonem
3366 3541 3506 3596 facta

1970 3631 2203 3696 fuerunt,
2224 3647 2326 3685 non
2351 3647 2379 3683 a
2403 3632 2659 3685 Sermone
2683 3632 2824 3686 facta
2857 3631 3196 3696 fuerunt,sed
3225 3633 3291 3685 ab
3324 3646 3388 3685 eo
3415 3630 3506 3698 qui

1971 3725 2084 3793 ipso
2123 3724 2380 3777 Sermone
2409 3721 2578 3786 major
2622 3732 2724 3784 est,
2753 3737 2908 3790 quem
2939 3724 3059 3789 quis
3107 3721 3266 3774 alium
3311 3722 3506 3774 dixerit

1970 3827 2126 3881 quam
2171 3811 2378 3863 Patrem
2413 3811 2582 3878 ipsum
2617 3811 3011 3876 ?.-Qu:rrendum
3042 3819 3124 3864 est
3159 3821 3212 3862 et
3256 3810 3406 3871 illud,
3437 3824 3504 3862 an

1972 3903 2082 3969 ipse
2109 3901 2268 3954 etiam
2308 3898 2536 3967 Spiritus
2559 3909 2776 3953 sanctus
2799 3900 3080 3967 peripsum
3110 3899 3179 3952 sit
3207 3898 3398 3961 factus,
3418 3912 3508 3950 ve-

1971 3977 2085 4044 rum
2112 4005 2228 4042 cum
2263 3990 2350 4051 sit,
2383 3989 2560 4041 omnia
2585 4002 2681 4055 per
2713 3986 3023 4042 Sermonem
3058 3988 3193 4041 facta
3224 3987 3406 4060 fuisse.
3429 3992 3506 4041 Ac

1972 4094 2089 4133 meo
2113 4079 2323 4146 quidem
2358 4077 2580 4146 judicio,
2612 4078 2654 4130 si
2686 4077 2804 4144 quis
2838 4077 2978 4130 dicat
3005 4076 3204 4130 factum
3234 4089 3356 4130 esse
3387 4075 3508 4143 Spi-

1972 4170 2131 4222 ritum
2181 4177 2444 4231 sanctum,
2475 4175 2528 4221 et
2559 4168 2808 4221 admittat
2852 4167 3028 4219 omnia
3057 4180 3153 4232 per
3191 4165 3506 4220 Sermonem

210 4268 402 4320 ’τω-ὖ
443 4270 618 4336 Λόγου
666 4268 1040 4336 τυγχάνοντος.
1092 4266 1181 4335 Τῷ
1226 4266 1282 4318 δὲ
1331 4267 1404 4336 μὴ
1457 4265 1758 4335 βουλομένῳ
1810 4265 1869 4316 τὸ

1973 4257 2109 4311 facta
2140 4256 2326 4320 fuisse,
2354 4257 2399 4311 is
2427 4255 2585 4309 etiam
2621 4254 2848 4308 lateatnr
2878 4269 3094 4309 necesse
3116 4261 3219 4319 est,
3251 4253 3506 4321 Spiritum

213 4353 463 4424 ἄξιον
504 4357 735 4426 Πνεῦμα
760 4357 848 4408 διὰ
872 4355 966 4409 τοῦ
999 4353 1234 4426 Χριστοῦ
1265 4354 1564 4421 γεγονέναι,
1587 4355 1773 4405 ἕπεται
1808 4351 1868 4403 τὸ

213 4440 598 4513 ἀξέννητον
645 4443 778 4497 αὐτὸ
809 4443 986 4510 λέγειν
1019 4441 1343 4510 (1⁸2),ἁληθῆ
1380 4440 1446 4492 τὰ
1488 4441 1544 4493 ὲν
1588 4439 1664 4509 τῷ
1697 4441 1870 4506 Εὐαγ-

213 4529 471 4597 γΞλιῳ
496 4531 674 4598 τούτῳ
702 4527 839 4582 εἶναι
891 4530 1147 4599 κρίνοντι.
1185 4530 1374 4581 Ἔσται
1411 4527 1467 4578 δέ
1498 4542 1580 4587 τις
1625 4527 1717 4578 καὶ
1757 4527 1873 4597 τρί-

253 4630 406 4677 ἀις
427 4619 530 4690 (15)
557 4620 714 4689 παρὰ
738 4621 864 4682 τοὺς
896 4619 1008 4682 δύο,
1044 4620 1138 4671 τόν
1174 4635 1232 4670 τε
1263 4616 1350 4670 διὰ
1381 4617 1474 4668 τοῦ
1505 4616 1675 4683 Λόγου
1703 4633 1874 4686 παρα-

393 4700 612 4764 "Joan.
661 4724 700 4770 ι,
754 4709 806 4761 5.
905 4709 950 4742 ⁹⁹
984 4724 1104 4777 cap.
1143 4723 1186 4770 ι,
1216 4722 1356 4761 vers.
1398 4709 1448 4772 1,
1497 4707 1533 4758 2
1569 4722 1720 4775 seqq.

392 4793 490 4868 (l0)
525 4799 695 4868 Οὔτῳ
732 4799 943 4868 τοίνυν
966 4798 1065 4850 καὶ
1107 4795 1337 4868 ἐνθάδε,
1361 4805 1465 4848 etc.
1500 4795 1749 4868 Imperite
1789 4796 1881 4868 hic

321 4856 494 4933 lapsus
523 4877 608 4921 est
649 4866 913 4933 Origenes
962 4880 1085 4918 cnrn
1143 4879 1174 4916 a
1235 4864 1389 4933 Patre
1441 4856 1615 4916 omnia
1663 4866 1877 4918 condita

321 4932 518 5005 genuit,
553 4949 661 5005 non
703 4931 870 5005 etiam
923 4947 954 4985 a
990 4933 1192 4994 Verbo,
1245 4940 1305 4982 ut
1337 4931 1772 4986 demonstremus
1819 4934 1872 4985 in

323 4993 666 5062 Origenianis.
703 5000 968 5054 Hue'rtus.

391 5063 490 5142 (li)
530 5067 949 5142 Πρεσόυτέρου
988 5065 1130 5132 παρ’
1155 5065 1328 5142 αὐτό,
1366 5072 1491 5142 τις..
1517 5064 1635 5118 Haec
1662 5067 1874 5142 videtur

321 5139 390 5243 ﬁ:
419 5138 528 5202 ejus
564 5132 812 5254 poi-siina,
835 5132 1046 5200 dicere,
1080 5132 1240 5198 cujus
1273 5132 1581 5185 sententiam
1625 5137 1864 5202 exponit,

394 5213 420 5248 η
445 5219 508 5254 ex
543 5219 667 5254 sna.
733 5219 786 5254 1).

320 5207 420 5248 ηοιι
445 5219 508 5257 ex
543 5219 667 5258 sna.
707 5207 786 5256 In.

391 5267 494 5341 (ιε)
549 5274 792 5324 Ἔπεται
844 5268 912 5322 τὸ
959 5266 1304 5328 ἀγέννητον
1353 5266 1486 5341 αὐτὸ
1549 5266 1767 5341 λέγεινς
1813 5269 1869 5322 Si

317 5339 433 5410 {per
465 5335 795 5410 ἀγέννητον,
867 5349 980 5410 [ton
1017 5343 1258 5386 creatum
1296 5369 1310 5391 ,
1369 5335 1444 5410 vel
1489 5350 1611 5410 non_
1642 5338 1872 5402 genitum

314 5401 591 5474 ιιιιριιεκξω,
647 5401 880 5474 Spiritui
937 5410 1148 5454 sancto
1184 5401 1508 5474 conveniet;
1570 5401 1762 5474 si_’.pro
1810 5418 1874 5455 eo

307 5473 441 5550 illud
460 5467 737 5550 ίπίιίείρῖο
757 5479 920 5550 paret
958 5473 1287 5550 usurpetgr,
1323 5481 1418 5542 non
1451 5468 1591 5518 item.
1626 5467 1762 5520 llinc
1793 5481 1874 5547 est

297 5535 388 5579 cur
411 5528 1040 5620 dﬁﬂgﬂpcllatiouem
1103 5528 1142 5582 'a
1195 5528 1389 5600 Spiritu
1417 5544 1617 5588 -sancto
1642 5576 1647 5581 .
1674 5537 1870 5591 vetusti

1971 4351 2142 4418 ipsum
2181 4362 2210 4401 a
2237 4347 2494 4401 Sermone
2537 4347 2757 4412 factum,
2801 4347 3049 4401 nimirum
3097 4345 3352 4400 Sermone
3393 4345 3508 4414 ipso

1972 4440 2274 4507 antiquiore
2318 4438 2610 4492 exsisteute
2639 4438 2752 4505 ipso
2780 4437 2994 4506 Spiritu.
3022 4437 3122 4503 Qui
3140 4451 3265 4490 vero
3283 4435 3510 4490 noluerit

1973 4529 2228 4597 Spiritum
2261 4536 2500 4581 sanctum
2534 4540 2630 4594 per
2661 4526 2933 4580 Christum
2976 4526 3138 4578 fuisse
3177 4523 3394 4588 factum,
3419 4536 3508 4576 se-

1976 4616 2156 4684 quitur
2184 4624 2243 4668 ut
2263 4614 2472 4673 is.vera
2498 4613 2722 4668 credens
2753 4629 2869 4683 qua:
2891 4613 2943 4667 in
2960 4614 3060 4666 hoc
3077 4611 3358 4681 Evangelio
3385 4619 3510 4666 sunt

1799 4707 1815 4736 ¹
1841 4721 1956 4774 cap.
1982 4722 2019 4769 ι,
2054 4720 2196 4759 vers.
2235 4707 2287 4771 l,
2317 4705 2372 4758 2.

1993 4795 2181 4848 Patres
2213 4797 2476 4848 removeri
2505 4793 2688 4848 velint.
2716 4793 2942 4847 Basilius
2967 4790 3176 4861 quidem
3211 4789 3421 4861 homil._
3441 4790 3508 4842 l7

1985 4861 2178 4915 Contra
2225 4862 2420 4918 Sabell.
2475 4863 2675 4916 idcirco
2709 4857 2999 4929 Spiritum'
3023 4869 3263 4929 sanctum
3297 4857 3363 4908 ah
3408 4857 3510 4911 hoc

1983 4930 2236 5001 vocabulo
2253 4931 2519 5001 prohibet,
2546 4931 2683 4998 quod
2712 4927 2825 4984 hiet:
2853 4927 3338 5001 captnrnlnnnanje
3366 4939 3508 5001 men:

1983 4999 2051 5052 tis
2077 4989 2326 5062 superent
2357 5018 2368 5051 :
2408 4989 2774 5053 Theodoretus
2817 4989 2994 5048 autem
3022 4989 3227 5062 D_ia_lo_g.
3254 4992 3327 5062 _5,
3365 4993 3506 5056 quod

1976 5081 2078 5119 vox
2105 5057 2361 5131 ejusmodi
2405 5066 2455 5119 in
2510 5066 2815 5132 Scripturis
2841 5062 3006 5117 sacris
3047 5057 3270 5125 Spiritui
3321 5071 3509 5115 sancto

1976 5135 2194 5186 minime
2230 5133 2511 5186 tribuatur.
2543 5133 2614 5185 In.

2047 5202 2157 5269 (15)
2190 5203 2397 5253 Ἔσται
2424 5199 2489 5251 δέ
2519 5217 2605 5264 τις
2629 5199 2725 5269 xai
2750 5199 2960 5269 τρίτος,
2979 5204 3088 5269 (θιςζ
3107 5193 3245 5269 Illaec
3275 5210 3395 5246 cum
3429 5210 3512 5269 se-
3557 5198 3564 5212 ‘

1975 5260 2277 5336 quentibus,
2304 5269 2454 5336 ad_id
2486 5260 2878 5336 ηειίυοέτιέζς
2903 5260 2962 5336 τό
2989 5260 3245 5336 ἈίΠάντομ
3275 5266 3511 5336 eli-"sub

1976 5327 2133 5389 linem
2172 5327 2316 5386 num.
2369 5333 2420 5396 6,
2457 5327 2582 5398 quae
2623 5335 2776 5387 uncis
2832 5327 3161 5398 inclusimus.
3216 5331 3267 5379 in
3318 5327 3512 5398 Ferra-

1976 5406 2125 5456 riana
2155 5395 2589 5472 interpretatione
2618 5418 2721 5472 non
2748 5395 3516 5472 comparent.Qbservavinms

1975 5473 2168 5538 quippe
2201 5463 2310 5540 loca
2340 5469 2583 5540 Origenis
2602 5471 2775 5536 aliqua
2806 5463 3072 5540 perversa:
3101 5463 3364 5540 doctrina;
3398 5463 3517 5514 labe

1975 5527 2194 5604 lix-data,
2228 5527 2620 5604 sivein'ipsius
2674 5527 2923 5603 ant-loris,
2971 5533 3086 5588 sive
3141 5529 3196 5581 in
3254 5527 3519 5581 lectorum

2515 5627 2529 5647 ο

3550 5163 3562 5192 ἱ
