3848 6184
187 319 272 375 1Ξ9
1276 321 1630 376 CDMMENT.
1665 319 1731 374 IN

1849 320 1949 374 AN.
1983 311 2224 373 TOMUS
2258 305 2316 365 ΙΙ.

3278 328 3378 384 150

182 454 277 492 των
301 429 392 482 τῶν
419 421 513 476 ὑπὸ
539 415 623 470 τοῦ
651 411 873 506 ῐῐᾳιτρδς
912 417 1016 473 διὰ
1047 425 1325 498 Χριστοῦ
1361 437 1744 506 γεγενημένων.

1853 434 1950 488 bus
1981 448 2098 501 qua:
2131 445 2162 485 a
2201 425 2356 482 Patre
2385 445 2482 500 per
2507 433 2775 490 Christum
2807 437 3018 491 condita
3046 445 3204 502 sunt,
3239 453 3373 506 prmo

186 527 282 582 Καὶ
310 521 430 588 τάχα
462 512 589 579 αὕτη
625 505 783 596 ἐστὶν
812 508 852 577 ἡ
894 511 1072 568 αἰτία
1117 521 1245 593 (18)
1277 527 1369 579 τοῦ
1399 527 1471 596 μὴ
1515 505 1606 580 κάι
1651 528 1750 581 as-

185 612 336 669 τουιδν
356 598 678 678 χρηματίζειν
705 595 804 648 τοῦ
840 597 994 653 Θεοῦ
1026 643 1044 666 .
1083 611 1267 678 μόνου
1293 616 1387 668 τοῦ
1404 595 1749 684 γΜονογενοῦς

187 703 328 773 φύσει
367 693 484 749 Υἱοῦ
517 687 744 760 ἀρχῆθεν
781 692 1214 764 τυγχάνοντος,
1249 699 1312 758 οὗ
1346 705 1560 774 χρῄζειν
1608 705 1748 758 ἔοικε

185 789 248 842 τὸ
273 787 404 853 ἁγιον
424 778 656 848 Πνεῦμα,
684 775 1092 849 διακονοῦντος
1125 791 1298 846 αὑτοῦ
1326 796 1390 864 τῇ
1417 794 1701 847 ὑποστάσει
1730 832 1745 856 ,

185 880 248 930 οὑ
291 877 428 946 μόνον
456 873 530 934 εις
560 870 617 922 τὸ
642 865 805 936 εἶναι,
863 872 1014 928 ἀλλὰ
1082 882 1187 934 καὶ
1230 885 1389 952 σοφὸν
1431 881 1566 936 εἶναι
1594 922 1608 945 ,
1656 885 1748 937 καὶ

187 967 406 1034 λογικὸν,
439 963 528 1016 καὶ
556 962 783 1023 δίκαιον,
835 963 942 1018 καὶ
999 971 1119 1025 πᾶν
1156 975 1439 1026 ότιποτοῦν
1489 976 1591 1045 χρὴ
1621 975 1749 1027 αὐτὸ

189 1057 325 1106 νοεῖν
345 1053 610 1120 τυγχάνειν
631 1090 646 1115 ,
692 1051 840 1104 κατὰ
884 1059 1139 1130 μετοχὴν
1197 1061 1304 1116 τῶν
1344 1065 1747 1134 προειρημένων

185 1144 316 1211 ἡμῖν
333 1139 551 1212 Χριστοῦ
580 1140 852 1196 ἐπινοιῶν.
867 1139 938 1196 UT
946 1163 1048 1214 μαι
1067 1148 1127 1200 δέ
1151 1150 1213 1202 τὸ
1233 1151 1381 1218 ἆγιον
1397 1152 1615 1222 Πνεῦμα
1631 1153 1744 1222 τὴν,

192 1229 256 1280 ἵν’
278 1229 444 1291 οὕτως
462 1229 616 1292 εῐπω,
631 1227 760 1298 ῦλην
785 1229 899 1282 τῶν
928 1235 1044 1286 ἀπὸ
1078 1236 1215 1289 Θεοῦ
1245 1240 1587 1307 χαρισμάτων
1612 1256 1749 1310 παρ-

187 1318 336 1385 ἐχειν
393 1321 501 1379 τοῖς
537 1318 600 1370 δι’
630 1317 761 1372 αὑτδ
807 1320 908 1373 καὶ⁹
957 1322 1061 1393 τὴν
1099 1325 1325 1394 μετοχὴν
1350 1325 1509 1379 αὑτοῦ
1539 1344 1748 1398 χρημα-

183 1409 420 1470 τίζουσιν
456 1409 653 1474 ἁγίοις,
699 1409 798 1478 τῆς
838 1412 1142 1481 εἰρημένης
1187 1413 1314 1482 ὕλης
1348 1415 1454 1468 τῶν
1485 1417 1749 1485 χαρισμάο

182 1513 287 1549 των
327 1498 726 1567 ἐνεργουμένης
763 1499 862 1566 μὲν
893 1500 1006 1552 ἀπὸ
1034 1501 1129 1552 τοῦ
1154 1501 1306 1563 Θεοῦ,
1336 1503 1748 1574 διακονουμένης

181 1588 235 1640 δὲ
267 1587 371 1640 ὑπὸ
401 1588 496 1640 τοῦ
548 1588 812 1658 Χριστοῦ,
865 1588 1186 1658 ὑφεστώσης
1221 1591 1276 1642 δὲ
1308 1591 1444 1644 κατὰ
1493 1592 1552 1642 τὺ
1597 1593 1746 1660 ἆγιον

182 1678 424 1748 Πνεῦμα.
477 1679 595 1730 Καὶ⁸
648 1680 786 1730 κινεῖ
836 1695 902 1748 με
953 1682 1032 1741 εἰς
1083 1680 1144 1732 τὸ
1185 1679 1337 1733 ταῦθ’
1377 1681 1544 1743 οὕτως
1607 1682 1747 1750 ἔχειν

1846 523 2161 576 stantiorem
2200 533 2340 583 esse,
2371 531 2426 574 ut
2455 524 2595 590 pium
2623 533 2678 578 et
2718 539 2900 579 verum
2950 529 3287 584 concedimus
3324 539 3381 585 et

1847 615 2221 682 approbamus.
2251 610 2423 680 Atque
2451 613 2562 666 haec
2595 614 2820 670 forsitan
2847 631 3004 671 causa
3034 627 3118 672 est
3141 632 3238 672 cur
3268 620 3379 688 ipse

1850 705 1941 758 Dei
1972 718 2075 757 non
2109 701 2319 755 dicatur
2348 715 2465 756 esse
2502 703 2696 768 Filius;
2728 707 2866 773 quod
2896 706 3039 760 solus
3069 706 3378 775 Unigenitus

1847 809 1875 846 a
1914 792 2174 862 principio
2203 800 2392 844 natura
2433 791 2599 847 Filius
2629 793 2730 858 sit,
2772 809 2878 862 quo
2911 796 3144 862 indigere
3173 798 3378 852 videtur

1847 882 2078 951 Spiritus
2110 892 2350 944 sanctus,
2381 882 2720 936 ministrante
2762 884 2924 951 ipsius
2955 885 3241 954 hypostasi,
3271 901 3377 941 non

1846 973 2014 1026 solum
2045 981 2102 1024 ut
2151 973 2242 1036 sit,
2281 972 2373 1025 sed
2409 980 2468 1024 ut
2494 972 2706 1038 sapiens
2733 974 2837 1036 sit,
2867 983 2922 1027 et
2957 977 3178 1028 rationis
3213 977 3379 1044 parti-

1846 1074 1987 1126 ceps,
2013 1069 2067 1114 et
2093 1061 2198 1130 62
2225 1061 2434 1127 justus,
2467 1069 2520 1114 et
2551 1075 2706 1113 omne
2746 1060 2795 1114 id
2824 1063 2963 1128 quod
2993 1078 3111 1116 eum
3150 1066 3380 1120 essein-

1847 1148 2184 1215 telligendnm
2221 1158 2324 1212 est,
2353 1164 2418 1203 ex
2447 1147 2644 1202 Christi
2688 1151 2983 1217 notionum,
3015 1168 3132 1220 qua:
3165 1169 3194 1207 a
3222 1155 3378 1210 nobis

1845 1239 2000 1304 paulo
2029 1247 2152 1290 ante
2179 1247 2606 1293 commemoratae
2636 1249 2780 1304 sunt,
2812 1242 3238 1308 participatione.
3266 1243 3376 1312 Ego

1846 1334 2020 1378 autem
2069 1325 2312 1378 existimo
2364 1324 2620 1393 Spiritum
2659 1338 2901 1382 sanctum
2925 1366 2939 1389 ,
2977 1338 3034 1381 ut
3064 1329 3134 1381 ita
3166 1331 3374 1397 dicam,

1846 1413 2120 1466 materiam
2147 1413 2442 1480 gratiarum
2469 1431 2588 1483 qua:
2618 1430 2648 1468 a
2680 1415 2788 1469 Deo
2814 1417 3225 1484 proﬁciscuntur
3253 1434 3382 1488 sup-

1845 1502 2085 1569 peditare
2117 1501 2186 1554 iis
2228 1501 2318 1568 qui
2353 1517 2447 1570 per
2476 1503 2647 1570 ipsum
2701 1501 2918 1570 ejusque
2949 1507 3376 1560 communionem

1845 1587 2014 1641 sancti
2047 1597 2187 1650 sunt,
2217 1589 2341 1642 dum
2369 1593 2609 1655 materia,
2637 1605 2796 1658 quam
2829 1591 2936 1644 dixi
2971 1593 3377 1656 charismatum,

1847 1689 1875 1727 a
1911 1674 2016 1728 Deo
2041 1675 2252 1743 quidem
2283 1686 2554 1744 operatur,
2594 1693 2624 1730 a
2657 1678 2868 1732 Christo
2905 1689 3079 1732 autem
3107 1681 3380 1734 ministra-

183 1767 470 1819 ὑπολαϐεῖν
505 1768 746 1830 Παῦλος,
782 1768 910 1836 περὶ
940 1769 1288 1837 χαρισμάτων
1315 1768 1455 1820 οὑτω
1480 1786 1579 1821 που
1612 1771 1744 1840 γρά-

1849 1773 1950 1826 tur,
1977 1777 2074 1831 per
2103 1763 2356 1830 Spiritum
2376 1777 2503 1818 vero
2528 1774 2768 1821 sanctum
2810 1769 3045 1823 exsistit.
3081 1769 3228 1835 Quod
3263 1772 3380 1840 qui-

181 1873 320 1922 φωνο
359 1875 376 1906 ι
417 1857 736 1926 Διαιρέσεις
790 1856 847 1907 δέ
895 1857 1246 1926 χαρισμάτων
1288 1858 1427 1920 εἰσὶ,
1461 1857 1520 1910 τὸ
1548 1859 1591 1910 δ’
1618 1859 1746 1911 αὑτὸ

181 1943 396 2014 Πνεῦμα
417 1961 431 1973 °
460 1946 562 1997 καὶ
594 1944 891 2016 διαιρέσεις
935 1944 1212 1996 διακονιῶν
1243 1946 1369 2008 είσι,
1414 1947 1507 1999 καὶ
1533 1949 1560 1999 ό
1590 1947 1746 2009 αὐτὸς

181 2034 377 2104 Κύριος
396 2052 410 2065 ο
445 2035 547 2087 καὶ
580 2034 884 2104 διαιρέσεις
906 2034 1286 2105 ἐνεργημάτων
1317 2036 1438 2098 είσὶ,
1480 2037 1571 2089 καὶ
1597 2038 1626 2088 ὁ
1652 2037 1746 2090 αὐ·-

183 2124 267 2186 τός
294 2125 409 2176 ἐστι
443 2123 608 2187 Θεὸς,
644 2124 673 2174 ό
699 2123 935 2194 ἐνεργῶν
957 2123 1028 2176 τά
1051 2124 1226 2177 πάντα
1251 2127 1307 2176 ἐν
1336 2125 1515 2178 πᾶσιν.
1547 2145 1565 2176 ι
1598 2128 1746 2196 Ἔχει

183 2213 236 2264 δέ
268 2213 626 2282 ἐπαπόρησιν
653 2213 764 2281 (19)
794 2212 882 2265 διά
901 2229 959 2264 τε
989 2212 1049 2264 τό
1067 2233 1080 2248 ·
1107 2231 1126 2263 ι
1162 2214 1343 2266 Πάντα
1365 2213 1429 2265 δι’
1452 2214 1612 2267 αὑτοῦ
1628 2217 1749 2283 ἐγέ-

185 2317 316 2364 νετο,
343 2320 362 2350 ι
387 2301 485 2352 καὶ
504 2297 829 2352 ἀκολουθεῖν
844 2299 905 2351 τὸ
927 2299 1168 2368 Πνεῦμα,
1200 2302 1422 2369 γενητὸν
1445 2302 1524 2366 δν,
1545 2302 1632 2355 διὰ
1654 2303 1745 2356 τοῦ

184 2388 344 2456 Λόγου
372 2387 691 2454 γεγονέναι,
721 2385 838 2449 πῶς
861 2388 1019 2438 οἱονεὶ
1039 2390 1364 2457 προτιμᾶται
1391 2389 1485 2442 τοῦ
1513 2389 1745 2460 Χριστοῦ

186 2477 237 2530 εν
270 2493 374 2528 τισι
431 2477 710 2547 Γραφαῖς,
758 2475 817 2527 ἐν
876 2475 974 2543 μὲν
1017 2475 1095 2544 τῷ
1149 2476 1342 2546 Ἡσαΐᾳ
1370 2477 1746 2547 ὁμολογοῦντος

188 2566 413 2633 Χριστοῦ
457 2565 562 2633 οὑχ
596 2564 705 2616 ὑπὸ
755 2565 849 2615 τοῦ
902 2565 1112 2634 Πατρὺς
1165 2566 1495 2619 ἀπεστάλθαι
1551 2568 1742 2637 μόνου,

189 2653 310 2707 ἀλλά
333 2655 424 2707 καὶ
450 2653 562 2705 ὑπὸ
596 2652 695 2705 τοῦ
724 2653 879 2720 ἁγίου
902 2654 1215 2723 Πνεὺματος
1253 2655 1403 2726 (φησὶ
1436 2659 1561 2727 γάρ·
1593 2678 1610 2709 ι
1638 2659 1746 2710 Καὶ

187 2743 272 2795 νῦν
291 2743 495 2814 Κύριος
515 2741 809 2795 ἀπέστειλέ
832 2759 918 2812 με,
935 2743 1028 2795 καὶ
1048 2743 1108 2794 τὸ
1125 2744 1342 2814 Πνεῦμα
1360 2747 1520 2798 αὑτοῦ
1535 2747 1599 2816 ›)·
1620 2749 1676 2800 ἐν
1689 2748 1744 2801 δὲ

187 2833 256 2902 τῷ
285 2833 608 2901 Εὑαγγελίῳ
639 2832 833 2898 ἄφεσιν
869 2833 966 2901 μὲν
1016 2834 1476 2902 ἐπαγγελλομένου
1526 2837 1616 2888 ἐπὶ
1644 2837 1746 2905 τῆς

188 2927 259 2986 είς
285 2924 442 2976 αὑτὸν
469 2922 780 2992 ἁμαρτίας,
810 2923 1240 2992 ἀποφαινομένου
1267 2924 1322 2976 δέ
1351 2925 1478 2994 περὶ
1525 2925 1624 2994 τῆς
1665 2928 1744 2990 είς

189 3015 242 3066 τὸ
269 3014 414 3080 ἅγιον
450 3013 687 3083 Πνεῦμα
719 3011 1083 3082 βλασφημίας,
1113 3012 1186 3075 ὡς
1213 3014 1272 3064 οὑ
1309 3014 1464 3083 μόνον
1491 3016 1547 3067 ἐν
1571 3015 1741 3085 τούτῳ

189 3099 259 3170 τῷ
291 3101 442 3154 αἰῶνι
493 3101 570 3170 μὴ
625 3100 896 3169 ἐσομένης
951 3100 1051 3168 τῆς
1096 3100 1340 3168 ἀφέσεως
1389 3101 1464 3171 τῷ
1507 3105 1583 3165 είς
1615 3104 1743 3156 αὑτὸ

190 3191 629 3260 δυσφημήσαντι,
676 3188 794 3241 ἀλλ’
819 3188 940 3240 οὐδὲ
973 3191 1031 3240 ἐν
1061 3189 1139 3258 τῷ
1178 3189 1437 3258 μέλλοντι.
1481 3193 1590 3244 Καὶ
1640 3194 1743 3262 μή·

193 3297 309 3333 ποτε
337 3282 395 3333 οὑ
439 3281 665 3344 πάντως
709 3279 798 3331 διὰ
824 3279 886 3330 τὸ
909 3277 1229 3350 τιμιώτερον
1263 3274 1398 3330 εἶναι
1427 3280 1486 3332 τὺ
1526 3282 1744 3352 Πνεῦμα

190 3369 246 3420 τὸ
267 3370 413 3437 ἅγιον
431 3370 527 3422 τοῦ
565 3368 830 3439 Χριστοῦ,
865 3369 925 3420 οὐ
950 3369 1156 3434 γίνεται
1195 3369 1381 3435 ἄφεσις
1413 3369 1487 3439 τῷ
1515 3371 1590 3434 είς
1617 3371 1745 3423 αὑτὸ

193 3458 292 3528 (30)
326 3459 693 3530 ἡμαρτηκότι,
740 3456 878 3509 ἀλλά
921 3455 1008 3508 διά
1053 3456 1114 3507 τὸ
1154 3457 1384 3526 Χριστοῦ
1425 3457 1520 3526 μὲν
1573 3459 1744 3510 πάντα

197 3548 428 3616 μετέχειν
480 3547 554 3600 τὰ
599 3546 832 3614 λογικὰ,
878 3539 959 3607 οἷς
1001 3545 1196 3596 δίδοται
1243 3546 1530 3616 συγγνώμη
1585 3563 1746 3615 μετα-

190 3635 525 3704 ϐαλλομένοις
581 3634 694 3686 ἀπὸ
735 3632 843 3685 τῶν
887 3632 1316 3702 ἁμαρτημάτων,
1361 3633 1453 3684 τοῦ
1503 3634 1558 3686 δὲ
1591 3635 1742 3702 ἁγίου

193 3723 493 3792 Πνεύματος
537 3724 665 3784 τοὺς
709 3720 1168 3790 κατηξιωμένους,
1230 3721 1493 3791 μηδεμιᾶς
1531 3721 1745 3790 εὔλογον

191 3808 318 3865 εἶναι
358 3813 691 3882 συγγνώμης
715 3815 900 3882 τυχεῖν
931 3811 1066 3880 μετὰ
1101 3811 1424 3882 τηλικαύτης
1451 3813 1543 3865 καὶ
1565 3813 1744 3866 “cerati-

191 3919 282 3970 της
320 3903 625 3972 συμπνοίας
665 3904 780 3964 τοῖς
821 3903 903 3963 εἰς
944 3900 1007 3952 τὸ
1053 3901 1221 3952 κακὸν
1261 3899 1338 3953 ἔτι
1387 3901 1744 3956 ἁποπίπτουσι

190 3991 278 4041 καὶ
303 3990 729 4058 ἐκτρεπομένοις
758 3987 873 4058 (21)
911 3986 1009 4049 τὰς
1041 3986 1132 4039 τοῦ
1159 3987 1546 4057 ἐνυπάρχοντος
1577 3989 1744 4041 Πνεῦ-

193 4095 350 4146 ματος
396 4079 748 4148 συμϐουλίας.
807 4078 870 4129 Ei
917 4076 976 4128 δὲ
1021 4076 1159 4128 κατά
1199 4076 1288 4129 τὸν
1327 4077 1551 4130 Ἦσαῖαν
1585 4079 1746 4148 φησὶν

185 4169 214 4221 ό
260 4169 458 4239 Κύριος
505 4168 670 4238 ἡμῶν
709 4166 820 4219 ὑπὸ
865 4165 961 4217 τοῦ
1009 4165 1222 4234 Πατρός
1278 4167 1606 4219 ἀπεστάλθαι
1652 4168 1746 4220 καὶ

185 4257 274 4309 τοῦ
335 4259 652 4327 Πνεύματος
697 4255 867 4310 αὑτοῦ
893 4295 910 4319 ,
979 4255 1094 4307 ἔστι
1155 4255 1249 4309 καὶ
1316 4255 1544 4308 ἐνταῦθα
1620 4258 1746 4328 περὶ

1845 1852 1962 1905 dem
2008 1863 2065 1905 ut
2094 1855 2163 1905 ita
2195 1867 2313 1906 esse
2341 1862 2540 1920 putem,
2586 1855 2714 1909 facit
2742 1856 2934 1910 Paulus
2963 1896 2978 1920 ,
3011 1858 3101 1925 qui
3148 1861 3378 1927 quodam

1844 1937 1966 1993 loco
1993 1939 2014 1970 ³
2045 1940 2319 2008 de-gratiis
2345 1943 2640 2010 scribiLhis
2669 1945 2881 1998 verbis:
2913 1963 2931 1995 ι
2961 1945 3260 2002 Divisiones
3281 1963 3380 2001 au-

1848 2033 1950 2078 tem
1975 2026 2263 2093 gratiarum
2299 2035 2446 2090 sunt,
2479 2029 2616 2084 idem
2650 2039 2828 2084 autem
2860 2031 3130 2099 Spiritus:
3167 2042 3220 2088 et
3242 2035 3383 2088 divi-

1843 2117 2024 2171 siones
2051 2117 2498 2174 ministr’ationum
2529 2129 2672 2186 sunt,
2705 2122 2844 2174 idem
2879 2133 3054 2176 autem
3092 2123 3378 2189 Dominus;

1845 2215 1899 2259 et
1925 2205 2216 2261 divisiones
2241 2207 2607 2276 operationum
2639 2217 2790 2274 sunt,
2828 2210 2965 2263 idem
3001 2219 3179 2264 autem
3214 2210 3376 2278 Deus,

1844 2293 1938 2360 qui
1969 2303 2220 2359 Operatur
2248 2299 2425 2350 omnia
2443 2297 2496 2350 in
2514 2299 2800 2356 omnibus.)
2821 2297 2990 2352 Habet
3019 2306 3198 2351 autem
3216 2299 3378 2351 dubi-

1847 2383 2281 2452 tationem,quod
2311 2401 2330 2436 ι
2353 2387 2536 2440 omnia
2567 2401 2660 2453 per
2681 2387 2851 2454 ipsum
2876 2387 3011 2441 facta
3037 2405 3056 2439 ι
3083 2389 3211 2452 sint,
3230 2396 3284 2441 et
3311 2403 3380 2442 ex

1843 2485 1910 2525 eo
1934 2480 2187 2540 sequatur
2207 2510 2222 2536 ,
2252 2481 2310 2526 ut
2337 2473 2565 2541 Spiritus
2596 2483 2834 2536 sanctus,
2865 2475 2954 2542 qui
2982 2473 3150 2528 factus
3176 2484 3275 2538 est,
3309 2475 3378 2528 ab

1844 2561 1961 2628 ipso
2013 2561 2188 2617 factus
2215 2564 2286 2618 sit
2323 2581 2338 2618 :
2379 2565 2643 2632 quomodo
2692 2563 2906 2618 Christo
2958 2563 3012 2617 in
3063 2565 3378 2633 quihusdam

1845 2649 2140 2718 Scripturis
2167 2661 2544 2720 anteponatur,
2581 2667 2700 2707 cum
2737 2653 2982 2710 Christus
3017 2653 3129 2721 ipse
3166 2655 3218 2707 in
3242 2653 3380 2708 Isaia

1843 2739 2055 2806 quidem
2086 2753 2144 2794 se
2173 2755 2278 2794 non
2312 2741 2483 2795 solum
2515 2756 2544 2794 a
2574 2741 2764 2803 Patre.
2796 2742 2887 2795 sed
2919 2741 3083 2794 etiam
3112 2756 3140 2793 a
3173 2742 3380 2810 Spiritu

1845 2837 2034 2883 sancto
2054 2831 2272 2884 missum
2301 2845 2419 2885 esse
2448 2831 2710 2894 fateatur;
2737 2831 2812 2884 ait
2839 2831 2981 2884 enim
3005 2831 3028 2862 ⁵
3052 2848 3066 2884 :
3103 2850 3122 2882 ι
3148 2831 3211 2884 Et
3239 2847 3382 2885 nunc

1843 2917 2100 2972 Dominus
2121 2917 2268 2972 misit
2292 2933 2396 2982 me,
2420 2919 2640 2988 ejusque
2667 2918 2931 2986 Spiritus;
2966 2937 2987 2969 ι
3014 2919 3067 2971 in
3092 2919 3381 2986 Evangetio

1844 3018 2018 3060 autem
2067 3009 2432 3062 remissionem
2470 3011 2743 3076 promittat
2785 3010 2839 3062 in
2892 3019 3114 3077 peccato
3148 3013 3290 3078 quod
3321 3011 3378 3065 in

1844 3099 2012 3166 ipsum
2039 3098 2417 3163 committitur;
2455 3098 2760 3165 pronuntiet
2795 3113 2921 3151 vero
2950 3100 3016 3153 de
3050 3099 3378 3166 blasphemia

1843 3187 1896 3240 in
1919 3197 2160 3240 sanctum
2191 3186 2470 3253 Spiritum,
2498 3203 2604 3241 non
2633 3187 2746 3242 fore
2777 3196 2834 3240 ut
2869 3197 3045 3255 pateat
3077 3203 3181 3242 non
3205 3189 3379 3245 solum

1843 3276 1896 3330 in
1931 3278 2030 3329 hoc
2064 3277 2278 3342 smculo,
2306 3278 2400 3330 sed
2431 3278 2587 3330 etiam
2630 3278 2683 3330 in
2712 3276 2888 3330 futuro
2913 3277 2979 3331 ad
3025 3279 3140 3344 ejus
3168 3280 3378 3333 veniam

1841 3374 1897 3418 et
1923 3365 2300 3420 remissionem
2331 3365 2550 3420 auditus
2577 3367 2625 3420 ei
2655 3367 2746 3436 qui
2786 3368 2838 3420 in
2869 3368 3013 3421 illum
3045 3367 3382 3436 blasphema-

1842 3455 1998 3508 verit.
2037 3453 2100 3506 Et
2135 3455 2366 3507 fortasse
2393 3469 2496 3509 non
2527 3466 2806 3523 pr0pterea
2837 3457 2886 3510 ei
2916 3458 3004 3525 qui
3037 3457 3089 3510 in
3121 3455 3378 3524 Spiritum

1841 3551 2080 3595 sanctum
2106 3545 2422 3610 peccaverit,
2456 3559 2559 3597 non
2584 3545 2895 3614 ignoscitur,
2917 3547 3055 3613 quod
3081 3545 3194 3613 ipse
3219 3545 3381 3598 Chri-

1843 3641 1927 3685 sto
1976 3631 2048 3685 sit
2094 3631 2402 3686 honoratior
2451 3633 2608 3699 eique
2659 3642 3054 3701 anteponatur,
3108 3634 3200 3687 sed
3236 3631 3379 3700 quod

1845 3721 2023 3775 omnia
2053 3721 2106 3773 in
2135 3719 2328 3788 quibus
2352 3729 2435 3773 est
2463 3721 2618 3784 ratio,
2647 3721 2860 3776 Christo
2886 3723 3227 3790 participant,
3260 3722 3380 3789 qui-

1843 3811 1981 3874 bus,
2017 3825 2135 3863 cum
2181 3825 2209 3863 a
2249 3811 2486 3878 peccatis
2524 3810 2825 3873 discedunt,
2869 3812 3022 3864 venia
3051 3811 3247 3864 datur:
3283 3823 3379 3864 eos

1844 3908 2020 3953 autem
2050 3901 2141 3967 qui
2179 3910 2367 3955 sancto
2396 3900 2598 3967 Spiritu
2638 3899 2784 3967 digiti
2824 3899 3048 3967 judicati
3095 3907 3240 3963 sunt,
3270 3911 3378 3952 non

1845 4003 2257 4046 consentaneum
2307 3993 2377 4047 sit
2405 3991 2616 4044 veniam
2649 3988 2950 4058 consequi,
2987 4003 3107 4042 cum
3144 3995 3290 4040 tanto
3321 3994 3378 4040 et

1846 4075 1937 4128 tali
1973 4075 2246 4140 instinctu,
2285 4088 2360 4140 et,
2387 4087 2445 4130 ut
2476 4076 2546 4129 ita
2575 4075 2766 4136 dicam,
2805 4074 3154 4142 inspiratione
3183 4073 3234 4125 in
3257 4085 3375 4125 ma-

1844 4165 1953 4218 lum
1981 4169 2170 4220 iterum
2207 4167 2525 4228 reiahentes,
2559 4175 2613 4219 et
2645 4165 2868 4218 consilia
2905 4163 3140 4232 Spiritus
3167 4162 3336 4214 sancti
3358 4198 3376 4223 ,

1844 4257 1935 4323 qui
1985 4257 2036 4310 in
2074 4257 2154 4311 eis
2203 4257 2358 4321 inest,
2395 4265 2722 4326 respuentes.
2767 4255 2917 4321 Quod
2957 4254 3001 4309 si
3031 4254 3081 4307 id
3127 4252 3266 4322 quod
3293 4260 3379 4304 est

186 4347 272 4399 τοῦ
320 4349 746 4408 ἀποστείλαντος
796 4345 888 4397 τὸν
931 4345 1161 4415 Χριστὸν
1208 4345 1516 4414 Πνεύματος
1563 4346 1744 4400 ἀπολο-

1850 4346 1986 4414 apud
2015 4346 2203 4400 Isaiam
2227 4348 2503 4416 scriptum,
2536 4346 2612 4399 ait
2641 4344 2895 4399 Servator
2919 4351 3102 4397 noster
3128 4356 3184 4395 se
3213 4357 3242 4394 a
3271 4340 3375 4393 Pa—

185 4439 484 4508 γὴσατθαι,
543 4439 648 4507 οὑχ
701 4436 779 4499 ὡς
836 4433 995 4503 φύσει
1046 4434 1421 4504 διαφέροντος,
1477 4435 1610 4489 ἀλλὰ
1660 4437 1746 4490 διὰ

184 4527 276 4596 τὴν
309 4529 612 4598 γενομένην
661 4523 975 4593 οἰκονομίαν
1017 4523 1117 4592 τῆς
1152 4523 1605 4594 ἐνανθρωπήσεως
1653 4525 1744 4578 τοῦ

186 4617 310 4670 Υἰοῦ
345 4618 441 4670 τοῦ
471 4616 612 4670 Θεοῦ
645 4654 662 4679 ,
724 4614 1118 4676 ἐλαττωθέντος
1168 4614 1294 4684 παρ’
1326 4613 1458 4666 αὑτὸ
1500 4616 1593 4666 τοῦ
1636 4616 1745 4667 Σω-

184 4704 360 4775 τῆρος.
419 4708 484 4759 Εἰ
523 4705 583 4757 δὲ
639 4705 701 4756 ἐν
748 4701 923 4772 τούτῳ
955 4702 1064 4771 (22)
1105 4702 1431 4772 προσκόπτει
1461 4703 1538 4772 τῷ
1570 4703 1746 4771 λέγειν

187 4792 522 4860 ἠλαττῶσθαι
572 4791 730 4863 παρὰ
775 4790 840 4844 τὸ
891 4791 1042 4858 ἅγιον
1099 4789 1322 4860 Πνεῦμα
1377 4791 1466 4844 τὸν
1525 4792 1744 4862 Σωτῆρα

256 4934 314 4988 ’1
338 4935 467 4992 Cor.
499 4949 606 5001 xu,
631 4931 756 4987 ιοϐ.
829 4929 852 4960 ⁸
879 4929 984 4984 lsa.
1011 4943 1194 4992 xum,
1232 4927 1318 4981 ‘16.

257 5075 361 5145 (l8)
391 5074 505 5145 K91
545 5070 713 5145 τᾴχα
763 5064 1134 5145 ᾳτξτηηέστίν
1172 5060 1482 5145 gitimam,
1536 5060 1738 5145 Similis

199 5127 301 5198 (cf;
316 5127 404 5197 ζει
432 5127 757 5210 Basilii'ép;
774 5138 865 5210 g3,
899 5127 1394 5210 'Gregor._Nysseui
1423 5127 1514 5210 lih.
1555 5144 1570 5181 l
1615 5147 1738 5210 con:

199 5195 996 5278 iih'Eunomiym._'Epiphanii
1020 5195 1405 5278 ἴρηΑηέοτςιφε
1453 5195 1735 5278 Αιιειιεςιίιιί

201 5263 294 5332 13h.
322 5294 385 5335 ιν
413 5278 492 5332 De
534 5263 834 5334 Trinitfc.
857 5273 942 5339 26,
981 5280 1038 5326 et
1071 5266 1170 5342 lib.
1195 5279 1246 5342 tu
1271 5263 1461 5342 Contra
1494 5263 1741 5342 Διεξξωὶ-

206 5329 488 5412 Etinfcs’p'.
527 5329 619 5403 14.
656 5329 979 5412 aliorumque
1005 5329 1375 5412 ratiocinatio,
1396 5344 1514 5412 curn
1547 5329 1740 5386 Filium

210 5363 336 5408 ιιιιιη,
368 5361 428 5400 ca
474 5383 488 5397 ο
527 5361 619 5403 14.
656 5361 979 5412 aliorumque
1005 5361 1375 5392 ruuuuuauu,
1396 5361 1514 5382 eum
1547 5361 1740 5386 l‘llllllll

210 5414 395 5469 idcirco
433 5361 636 5468 Filium
671 5409 771 5464 dici
814 5420 859 5464 et
895 5422 1023 5466 esse
1079 5398 1475 5477 voluutohquoti
1521 5412 1587 5451 ex
1633 5415 1743 5452 uno

215 5463 745 5548 aisaigspmmm
788 5463 1025 5548 sanctum
1067 5463 1586 5548 ηεεηιιίρξρείιίυιη.
1643 5483 1744 5520 nec

213 5531 504 5620 esse:un
517 5531 781 5620 rprocedat
804 5531 1148 5620 eiﬁﬁuob‘us.
1184 5531 1417 5620 [Al-transf:

275 5599 583 5686 (isf‘ls'xét
632 5611 699 5664 δὲ
742 5599 1149 5686 masta/mam,
1191 5609 1286 5653 etc.
1338 5599 1459 5653 Vide
1509 5599 1744 5654 8.’1”Ιιο-

1853 4445 1932 4489 tre
1959 4436 2178 4491 missum
2216 4453 2354 4502 esse,
2387 4447 2440 4492 et
2467 4440 2532 4492 ab
2572 4439 2738 4508 ipsius
2783 4434 3008 4502 Spiritu,
3046 4432 3378 4500 responden-

1849 4524 1974 4579 dum
2021 4537 2103 4580 est
2150 4528 2306 4580 etiam
2339 4529 2441 4583 hoc
2481 4528 2598 4582 loco
2631 4528 2850 4581 missum
2880 4538 2998 4579 esse
3033 4522 3302 4576 Christum
3347 4533 3379 4572 a

1851 4613 2074 4682 Spiritu,
2102 4630 2208 4670 nou
2237 4618 2378 4684 quod
2425 4625 2612 4670 natura
2653 4616 2880 4678 differat,
2910 4615 3004 4669 sed
3047 4623 3260 4681 pmpter
3286 4608 3379 4662 Fi-

1849 4703 1904 4756 lii
1943 4703 2034 4756 Dei
2065 4707 2454 4761 conservatoris
2485 4706 2651 4761 nostri
2681 4744 2696 4770 ,
2725 4705 2816 4773 qui
2867 4719 2924 4759 se
2954 4703 3093 4756 infra
3124 4714 3242 4752 eum
3277 4697 3380 4750 mi-

1849 4794 2001 4860 nuit,
2057 4795 2112 4849 in
2175 4795 2506 4851 humanitate
2557 4797 2856 4862 sumenda,
2907 4790 3374 4864 dispensationem.

1837 5075 1976 5115 mam
2011 5075 2063 5128 p.
2093 5066 2133 5124 t,
2167 5076 2224 5130 q.
2249 5061 2339 5124 45.
2368 5074 2425 5130 a.
2455 5060 2509 5115 8.

1911 5117 2025 5197 (2οἱ
2047 5117 2223 5183 Codex
2250 5117 2568 5182 Bollleianus
2595 5133 2742 5180 recte
2764 5122 2844 5182 εἰς
2881 5119 3043 5174 αὑτός
3074 5119 3244 5175 codex
3278 5117 3386 5176 Re-

1841 5197 1989 5268 εἰη-ς,
2012 5199 2090 5258 είς
2113 5197 2291 5268 αὑτόν,
2317 5197 2472 5268 male.
2543 5262 2554 5268 _
2628 5263 2650 5268 _
2759 5257 2774 5268 _
2918 5255 2930 5268 .
3251 5253 3263 5268 .

1912 5253 2023 5333 (2i)
2061 5253 2186 5333 Τοῖς
2210 5253 2294 5333 sig;
2319 5263 2386 5315 τὸ
2417 5262 2602 5315 κακὸν
2620 5263 2705 5333 ἐτι
2741 5253 3270 5333 ἀποπζπτορσιίκαὶ
3295 5253 3392 5333 ἐξι-

1841 5321 2232 5401 τρὲπὸμένοὶς.
2265 5321 2565 5401 Legendum
2598 5329 2826 5401 videtur,
2852 5325 2977 5388 τοὺς
3011 5325 3088 5386 εις
3125 5321 3183 5374 τὸ
3218 5321 3398 5374 κακὸν

1849 5391 1927 5454 ἔτι
1953 5391 2468 5469 ἀποπίπτονταξκαὶ
2505 5391 2952 5469 ἐκτρεπομένοιᾰ.

1920 5452 2118 5539 (ﬁtfit
2146 5467 2212 5520 δὲ
2241 5467 2308 5519 ἐν
2329 5452 2541 5531 τούτῳ,
2577 5452 2682 5520 εἰς.
2714 5452 2856 5528 [Lege
2882 5452 2946 5513 Et
2978 5458 3034 5512 δέ
3065 5473 3146 5518 τις
3171 5455 3228 5506 ἐν
3263 5452 3402 5508 τοὺ-

1881 5557 1941 5590 (υ.

1848 5555 1878 5590 τ
1881 5557 1909 5606 (ι
