3848 6166
741 297 832 350 451

2179 270 2494 330 OB-lGENlS

739 409 889 474 Quod
919 409 960 461 si
1003 407 1120 475 quis
1155 415 1216 456 ex
1264 413 1327 452 co
1368 395 1652 450 oﬂ‘enditur
1675 437 1689 460 ,
1739 394 1882 463 quod
1921 392 1982 447 in
2015 391 2258 446 sumenda

2030 391 2266 446 tumenda
2295 392 2337 446 Α
2366 386 2846 455 ὲνανθρωπήσαντα
2865 417 2878 442 ,
2916 377 3261 447 προσακτέον
3288 371 3439 425 αὐτὸν
3473 370 3549 423 άπ

741 507 928 549 natura
958 495 1181 547 humana
1213 486 1350 540 inl'ra
1399 485 1632 553 Spiritus
1678 484 1985 551 dignitatem
2017 480 2268 534 Servato-

740 598 850 637 rem
899 581 1230 636 imminutum
1277 575 1536 629 dixerim:
1575 575 1677 627 hoc
1729 574 1776 626 ei
1813 570 2143 639 probandum
2184 576 2270 621 est

738 687 803 726 ex
839 672 901 724 iis
926 683 1041 736 qua:
1065 668 1260 736 scripta
1287 676 1409 721 sunt
1437 668 1485 720 iu
1516 665 1665 718 Pauli
1694 662 1758 715 ad
1793 661 2039 713 Hebraeos
2061 657 2266 724 Episto-

739 759 809 822 la,
843 759 892 811 in
923 770 1024 824 qua
1053 757 1212 809 etiam
1245 755 1446 823 angelis
1471 756 1730 807 minorem
1764 750 1868 820 63
1897 749 2074 802 .lesum
2102 746 2266 799 fuisse

736 857 953 916 propter
973 849 1159 899 mortis
1183 845 1578 913 perpessionem
1596 839 1898 911 pronuntiat
1918 855 1933 903 ;
1957 837 2031 889 ait
2050 836 2189 888 enim
2213 834 2261 886 'z

741 955 760 986 ι
790 935 920 989 Ευιη
952 944 1128 988 autent
1181 949 1272 1001 qut
1319 933 1525 986 modico
1565 945 1723 998 quam
1769 927 1938 996 angeli
1975 926 2266 978 minoratus

736 1036 856 1091 est,
905 1025 1146 1078 videmus
1183 1022 1362 1076 Jesum
1388 1062 1403 1086 ,
1439 1030 1658 1090 propter
1693 1019 1990 1087 passionem
2039 1013 2226 1066 mortis
2249 1051 2264 1076 ,

734 1114 900 1180 gloria
949 1124 1002 1166 et
1028 1113 1227 1166 honore
1272 1119 1604 1164 coronatur».
1645 1125 1663 1157 ι
1699 1106 1803 1160 Aut
1837 1107 1936 1158 hoc
1965 1104 2120 1156 etiam
2163 1099 2264 1153 dici

732 1214 906 1274 potest
931 1211 1122 1257 creata:
1149 1212 1354 1255 natura:
1383 1237 1398 1262 ,
1432 1208 1488 1252 ut
1517 1213 1545 1250 a
1575 1197 1829 1251 servitute
1862 1193 2111 1247 interitus
2149 1205 2267 1244 cor-

735 1295 1100 1359 ruptionisque
1125 1293 1460 1349 liberaretur,
1499 1298 1658 1354 atque
1688 1285 1848 1337 etiam
1882 1282 2152 1336 hominum
2178 1293 2267 1347 ge-

735 1385 846 1436 neri
884 1383 1039 1436 beata
1075 1395 1138 1434 ac
1175 1379 1352 1432 divina
1385 1378 1619 1438 virtute,
1662 1382 1720 1446 ut
1755 1374 1824 1426 ita
1860 1371 2056 1435 dicam,
2089 1371 2263 1423 incar-

733 1481 857 1526 nata
888 1485 1020 1538 opus
1053 1469 1214 1523 fuisse
1242 1506 1258 1532 ,
1288 1482 1406 1536 qua:
1437 1482 1496 1520 ea
1537 1466 1696 1518 etiam
1730 1477 1847 1530 quae
1875 1463 1925 1513 in
1961 1470 2098 1514 terra
2143 1467 2266 1512 sunt

733 1560 1028 1627 corrigeret
1054 1577 1067 1623 ;
1097 1567 1152 1612 et
1179 1555 1564 1624 quodammodo
1596 1554 1732 1606 hanc
1761 1551 2021 1604 actionem
2051 1548 2115 1600 ad
2143 1563 2266 1602 san-

734 1655 877 1700 ctum
903 1646 1156 1713 Spiritum
1188 1643 1477 1713 pertinere,
1505 1656 1662 1705 quam
1694 1655 1814 1694 cum
1843 1637 1984 1691 ferre
2008 1651 2109 1689 non
2139 1649 2264 1703 pos-

735 1747 838 1799 set,
861 1736 1197 1788 Servatorem
1230 1731 1383 1787 ollert
1405 1741 1458 1785 et
1486 1730 1754 1799 proponit,
1780 1736 1838 1782 ut
1865 1727 1954 1795 qui
1989 1725 2136 1780 solus
2167 1725 2265 1778 hoc

737 1833 1004 1876 certamen
1037 1830 1214 1889 posset
1241 1821 1537 1874 sustinere:
1569 1818 1727 1871 Pater
1753 1817 1912 1870 etiam
1939 1824 1995 1867 ut
2022 1813 2266 1882 princeps

734 1912 924 1965 Filium
955 1913 1190 1973 mittens,
1226 1924 1328 1962 una
1366 1908 1624 1977 Spiritum
1654 1921 1866 1975 quoque
1901 1907 2082 1968 mittit,
2112 1919 2264 1973 quem

735 2013 884 2055 certo
916 2009 1148 2067 tempore
1180 2000 1558 2052 descensurum
1597 1997 1660 2048 ad
1703 1995 1794 2048 Dei
1828 1994 2041 2057 Filium,
2071 2003 2127 2046 et
2162 2006 2263 2044 una

735 2090 1006 2142 hominum
1049 2087 1274 2141 salutem
1324 2097 1665 2155 operaturum
1692 2082 2113 2150 eli'ecturumque
2141 2097 2264 2150 pro-

734 2179 972 2231 miserat.
1006 2175 1056 2229 ld
1097 2176 1236 2243 quod
1270 2175 1517 2243 perfecit,
1550 2182 1682 2237 tum,
1710 2187 1832 2227 cum
1861 2184 2117 2239 corporea
2145 2185 2262 2239 spe-

733 2265 816 2319 cie
869 2263 1126 2338 columbaa
1175 2264 1239 2316 ad
1274 2278 1392 2316 eum
1445 2269 1564 2330 post
1597 2262 1865 2314 lavacrum
1897 2259 2094 2311 volavit
2125 2261 2165 2320 °,
2215 2268 2270 2310 et

733 2355 981 2409 insistens
1021 2357 1122 2407 non
1169 2353 1426 2422 prmteriit
1467 2369 1478 2404 :
1518 2351 1657 2418 quod
1707 2349 1832 2404 fecit
1863 2348 2084 2402 fortasse
2129 2347 2267 2415 apud

732 2441 996 2505 homines,
1023 2443 1109 2510 qui
1136 2442 1247 2507 ejus
1278 2442 1608 2508 maiestatem
1641 2439 1854 2493 assidue
1887 2438 2028 2491 l’erre
2050 2452 2152 2490 non
2177 2452 2269 2504 po-

735 2540 926 2585 terant.
955 2531 1134 2598 ltaqne
1163 2529 1470 2596 signiﬁcans
1499 2528 1732 2582 Joannes
1760 2537 1809 2578 et
1842 2528 2062 2594 loquens
2091 2528 2153 2578 de
2177 2541 2262 2578 co-

733 2620 972 2687 gnitione
1004 2617 1252 2685 quisnam
1281 2617 1526 2670 Christus
1551 2625 1712 2678 esset,
1744 2629 1845 2667 non
1885 2614 2056 2667 solum
2100 2613 2279 2682 Spiri-

737 2718 820 2762 tus
845 2708 908 2758 ad
933 2705 1114 2760 Jesum
1142 2707 1453 2758 descensum
1482 2713 1683 2767 narrat,
1706 2704 1796 2758 sed
1829 2714 2021 2773 praeter
2052 2704 2269 2757 descen-

734 2811 852 2849 sum
881 2795 1023 2848 illius
1047 2795 1098 2846 in
1132 2795 1245 2861 ipso
1282 2794 1608 2846 mansionem
1633 2795 1673 2846 ⁷.
1708 2793 1973 2861 Scriptum
2016 2800 2098 2846 est
2125 2793 2266 2846 enim

732 2883 835 2936 hoc
857 2881 1051 2936 dixisse
1081 2879 1375 2935 Joannem:
1407 2900 1426 2932 ι
1452 2881 1551 2946 Qui
1576 2883 1719 2936 misit
1751 2895 1833 2936 me
1866 2882 2158 2949 baptizare,
2187 2883 2265 2934 di-

2365 474 2496 545 πρὸς
2543 473 2815 542 Ἐϐραίους
2861 468 3170 537 λεγομένων
3209 462 3477 530 Ἐπιστολῇ
3527 477 3550 511 ιη

2363 564 2612 618 ἐλάττονα
2637 561 2722 614 διὰ
2748 561 2807 611 τὸ
2833 558 3058 627 πάθημα
3097 553 3195 606 τοῦ
3237 552 3455 605 Θανάτου
3501 550 3550 600 ὰτ

2363 653 2458 706 τοῦ
2487 651 2694 705 Παύλου
2720 647 2991 716 γεγονέναι
3020 645 3114 696 τὸν
3156 639 3360 711 Ἰησοῦν
3378 654 3393 670 °
3430 636 3550 705 cpqcl

2363 742 2419 793 δὲ
2465 737 2634 809 βραχύ
2676 755 2728 788 τι
2766 735 2891 804 παρ’
2923 731 3187 799 ἀγγέλους
3229 723 3550 796 ἠλαττωμένο

2377 808 2577 897 Ἰησοῦν
2616 824 2702 878 διὰ
2727 823 2791 875 τὸ
2833 820 3057 889 πάθημα
3091 816 3188 869 τοῦ
3223 808 3450 867 θανάτου
3491 810 3550 862 δό

2364 913 2817 982 ἐστεφανωμένον.
2847 929 2864 960 ι
2893 911 2960 960 Ἢ
2980 908 3126 977 τάχα
3152 904 3266 960 ἔστι
3289 903 3379 954 καὶ
3412 900 3550 955 τοῦτ·

2363 1007 2444 1057 ὅτι
2472 1005 2638 1056 ἐδεῖτο
2661 1004 2693 1071 ὴ
2723 1000 2893 1060 κτίσις
2926 997 3064 1066 ὑπὲρ
3092 994 3189 1047 τοῦ
3234 988 3550 1058 ἐλευθερωθὶ

2363 1092 2601 1152 δουλείας
2629 1089 2724 1159 τῆς
2755 1087 2975 1156 φθορᾶς,
3015 1082 3149 1136 ἀλλὰ
3181 1083 3276 1133 καὶ
3302 1077 3550 1148 άνθρώπι

2364 1182 2558 1252 καρίας
2603 1179 2695 1233 καὶ
2753 1178 2900 1239 θείας
2946 1174 3228 1243 δυνάμεως
3288 1167 3550 1235 ὲνανθρωι

2364 1269 2702 1341 διορθώσεται
2738 1268 2830 1320 καὶ
2857 1266 2925 1318 τά
2964 1263 3056 1317 ἐπὶ
3083 1262 3184 1329 τῆς
3217 1259 3318 1327 γῆς
3341 1273 3354 1286 ο
3415 1255 3517 1308 καὶ

2367 1358 2556 1412 έϐαλλέ
2579 1374 2693 1418 πως
2708 1355 2782 1424 τῷ
2799 1353 2936 1422 ἁγίῳ
2967 1349 3244 1418 Πνεῦματι
3270 1347 3301 1415 ἠ
3325 1343 3530 1414 πρᾶξις

2364 1445 2646 1514 ὑπομένειν
2685 1444 2745 1494 οὐ
2792 1441 3083 1509 δυνάμενον
3120 1435 3230 1505 (24)
3261 1432 3545 1503 ’προϐάλλε

2365 1537 2521 1606 τῆρα,
2547 1535 2621 1596 ὼς
2656 1533 2715 1584 τὸ
2744 1530 3054 1601 τηλικοῦτον
3085 1525 3248 1581 ἆθλον
3281 1525 3440 1594 μόνον
3486 1525 3546 1575 ὲν

2369 1642 2543 1696 μενον,
2570 1618 2775 1676 καὶτοῦ
2813 1618 3025 1688 Πατρδς
3060 1617 3135 1679 ὡς
3163 1613 3471 1685 ἡγουμένου
3519 1613 3550 1663 ὰ

2363 1716 2450 1767 τὸν
2475 1713 2620 1776 Υἱδν,
2658 1708 3064 1765 συναποστέλλει
3086 1705 3180 1758 καὶ
3212 1702 3550 1774 συμπροπέρ

2363 1803 2584 1872 Πνεῦμα
2627 1801 2807 1856 αὐτὸν.
2847 1802 2903 1851 ὲν
2943 1795 3119 1866 καιρῷ
3163 1792 3550 1863 ὑπισχνούμεν‹

2366 1892 2501 1961 πρὸς
2541 1890 2628 1943 τὸν
2666 1890 2791 1942 Υίὺν
2835 1888 2928 1940 τοῦ
2975 1885 3132 1946 Θεοῦ,
3186 1885 3281 1936 καὶ
3323 1884 3550 1952 συνεργῆ

2365 1979 2658 2050 ἀνθρώπων
2697 1979 2954 2049 σωτηρίᾳ.
2981 1974 3152 2028 Τοῦτο
3183 1974 3240 2026 δὲ
3271 1972 3549 2042 πεποίηκε

2367 2068 2576 2140 ματικῷ
2619 2069 2748 2120 εἴδει
2780 2068 2909 2119 ὼσεὶ
2953 2063 3254 2136 περιστερὰ
3299 2063 3410 2132 (25)
3453 2065 3550 2132 ὲφί

2364 2159 2422 2212 τὸ
2450 2157 2667 2223 λουτρὸν
2696 2154 2860 2224 αὐτῷ,
2888 2155 2981 2207 καὶ
3019 2153 3250 2205 ἐπιστὰν
3285 2151 3346 2203 οὑ
3382 2151 3550 2220 παρέ,

2365 2252 2421 2301 ὲν
2449 2245 2748 2317 ἀνθρώποις
2772 2244 2926 2296 τοῦτο
2963 2242 3321 2310 πεποιηκότος
3363 2240 3479 2311 (26)
3515 2258 3550 2291 τ

2365 2338 2530 2390 θεῖσιν
2575 2333 2924 2395 ἀδιαλείπτως
2953 2332 3138 2401 φέρειν
3184 2328 3349 2382 αὑτοῦ
3390 2328 3496 2401 τὴν
3541 2331 3550 2377 ἑ

2367 2427 2637 2498 σημαίνων
2675 2424 2784 2494 (27)
2829 2425 2857 2475 6
2906 2422 3162 2490 Ἰωάννης
3214 2420 3343 2490 περὶ
3386 2420 3488 2473 τοῦ
3542 2436 3550 2450 ·

2367 2518 2492 2572 ποτέ
2523 2518 2668 2568 ἐστιν
2692 2515 2721 2565 6
2749 2512 2977 2584 Χριστὸς
2997 2509 3117 2580 οὐχὶ
3143 2507 3309 2579 μόνην
3349 2510 3452 2579 τὴν
3485 2511 3550 2562 ea

2366 2606 2658 2661 κατάϐασιν
2692 2602 2785 2656 τοῦ
2814 2602 3150 2666 Πνεύματος,
3191 2599 3329 2652 ἀλλὰ
3361 2601 3508 2670 πρὸς

2367 2697 2461 2766 τὴν
2497 2697 2553 2746 ὲν
2595 2692 2741 2761 αὑτῷ
2787 2692 2971 2761 μονήν.
3018 2691 3334 2760 Γέγραπται
3381 2689 3497 2761 γὰρ
3540 2709 3550 2742 ι

2380 2785 2643 2852 Ἰωάννην,
2685 2784 2765 2835 ὅτι
2817 2800 2835 2830 ι
2919 2780 2976 2832 ὐ
3030 2779 3254 2848 πέμψας
3311 2796 3381 2848 με
3429 2779 3550 2848 βαπ

2379 2873 2491 2939 Ἐφ’
2516 2871 2573 2923 ὃν
2600 2869 2664 2922 ἂν
2701 2869 2814 2940 ἴδῃς
2835 2868 2896 2920 τὺ
2919 2867 3144 2937 Πνεῦμα
3165 2868 3502 2922 καταϐαῖνον
3544 2889 3550 2923 :

733 2972 851 3024 xit:
883 2971 1050 3038 Super
1091 2986 1246 3038 quem
1280 2971 1481 3025 videris
1531 2970 1789 3040 Spiritum
1838 2972 2243 3026 descendentem

2029 2972 2266 3032 mensem,
2295 2979 2337 3034 ε
2371 2958 2548 3020 αὐτὸν,
2590 2952 2740 3018 οὗτός
2779 2958 2926 3007 ἐστιν
2965 2957 2994 3008 6
3040 2954 3316 3023 βαπτίζων
3368 2959 3430 3009 ὲν
3491 2959 3548 3009 Π

732 3070 788 3114 et
813 3069 1108 3114 manentem
1133 3074 1293 3128 super
1313 3075 1454 3124 eum,
1485 3061 1571 3114 hic
1591 3069 1673 3114 est
1695 3060 1780 3128 qui
1805 3061 2036 3129 baptizat
2067 3062 2117 3114 in
2155 3061 2267 3128 Spi-

734 3154 842 3203 ritu
867 3159 920 3202 et
945 3149 1118 3218 igne'.
1151 3168 1170 3200 ι
1203 3149 1316 3202 Non
1339 3149 1728 3212 enim'dicitnr,
1767 3168 1786 3200 ι
1813 3149 1984 3218 Super
2008 3164 2163 3216 quem
2195 3151 2267 3203 vi-

735 3239 878 3293 deris
899 3237 1152 3306 Spiritum
1181 3240 1587 3294 descendentem
1609 3257 1628 3290 ι
1661 3238 1850 3301 solum,
1882 3241 2020 3308 quod
2046 3237 2269 3293 fortasse

735 3327 894 3380 etiam
929 3327 992 3380 ad
1030 3327 1162 3381 alios
1195 3328 1308 3396 ipse
1341 3328 1722 3392 descenderet,
1758 3329 1849 3382 sed
1892 3345 1910 3378 ι
1940 3328 2267 3382 descenden-

738 3426 841 3468 tem
878 3425 932 3469 et
967 3426 1266 3470 manentem
1311 3431 1470 3485 super
1499 3418 1690 3484 ipsum.
1721 3436 1740 3469 ι
1779 3417 1900 3471 Hzec
1922 3427 2097 3471 autem
2131 3417 2266 3471 mul-

737 3513 849 3560 tum
869 3519 932 3556 ac
957 3504 1046 3557 diu
1067 3507 1370 3558 examinata
1400 3518 1525 3559 sunt
1549 3507 1699 3560 nobis
1722 3507 1928 3575 planius
1951 3516 2000 3559 et
2031 3507 2267 3575 apertius

735 3595 918 3650 videre
953 3597 1252 3650 volentibus
1277 3637 1291 3662 ,
1327 3601 1609 3666 quomodo,
1654 3599 1697 3651 si
1744 3597 1925 3650 omnia
1970 3610 2064 3664 per
2096 3597 2266 3665 ipsum

737 3686 876 3738 facta
909 3696 1054 3749 sunt,
1097 3687 1331 3756 Spiritus
1358 3689 1518 3741 etiam
1553 3701 1650 3754 per
1682 3685 1915 3740 Verbum
1948 3685 2122 3740 factus
2145 3695 2265 3748 est,

734 3775 826 3841 qui
865 3791 966 3829 una
997 3791 1061 3828 ex
1107 3776 1265 3831 rebus
1311 3776 1656 3831 inferioribus
1703 3790 1767 3829 eo
1809 3789 1904 3844 per
1948 3775 2084 3842 quod
2115 3774 2269 3827 facta:

733 3872 880 3926 sunt,
934 3864 1295 3932 intelligatur,
1335 3865 1545 3919 etiamsi
1595 3866 1755 3920 verba
1805 3864 2044 3932 quasdam
2074 3878 2172 3916 nos
2215 3863 2267 3914 in

733 3951 1056 4004 contrariam
1084 3962 1286 4021 partem
1318 3955 1531 4017 trahere
1559 3953 1858 4006 videantur.
1891 3951 2041 4016 Quod
2075 3951 2119 4003 si
2149 3951 2269 4017 quis

734 4039 1076 4095 Hebraeorum
1115 4043 1458 4112 Evangelium
1504 4042 1758 4111 proferat,
1790 4043 1842 4094 in
1879 4055 1983 4108 quo
2016 4041 2267 4094 Servator

732 4127 846 4194 ipse
891 4129 1002 4182 hanc
1032 4129 1190 4183 dicit:
1222 4131 1334 4200 64
1366 4150 1384 4182 ι
1413 4131 1568 4184 Modo
1599 4131 1804 4197 accepit
1840 4143 1923 4182 me
1961 4137 2130 4182 mater
2151 4143 2267 4181 mea

733 4223 948 4268 sanctus
977 4217 1229 4285 Spiritus,
1275 4234 1380 4272 uno
1431 4219 1743 4286 capillorum
1788 4231 2025 4271 meorum
2051 4255 2066 4279 ,
2096 4228 2150 4272 et
2183 4233 2268 4274 me

2371 3047 2462 3099 καὶ
2508 3046 2655 3114 πυρί.
2699 3064 2716 3094 ι
2751 3045 2825 3097 Οὐ
2855 3044 2964 3114 γὰρ
3006 3044 3245 3110 λέγεται,
3288 3063 3306 3095 ι
3372 3045 3550 3114 Ἐφ’ξ

2372 3135 2590 3204 Πνεῦμα
2630 3134 2967 3196 καταϐαῖνον,
3000 3153 3017 3184 ι
3069 3134 3250 3202 μόνον,
3303 3134 3453 3203 τάχα
3501 3154 3550 3188 κι

2371 3222 2795 3292 καταϐεϐηκότος
2827 3221 3012 3282 αὑτοῦ,
3045 3222 3180 3274 ἀλλὰ
3209 3241 3227 3273 ι
3276 3225 3550 3278 καταϐαἶι

2372 3315 2454 3365 ἐπ’
2485 3313 2660 3365 αὐτόν.
2691 3331 2707 3362 ι
2739 3310 2920 3364 Ταῦτα
2945 3311 3002 3364 δὲ
3038 3312 3268 3366 ἐπιπολὺ
3293 3313 3549 3384 ὲξήταστ

2375 3402 2496 3454 ἰδεῖν
2535 3401 2872 3471 βουλομένοις
2899 3401 3037 3466 πῶς,
3077 3403 3124 3454 εἰ
3172 3402 3358 3455 πάντα
3403 3404 3476 3456 δι’
3509 3425 3549 3458 α

2372 3490 2464 3542 καὶ
2490 3489 2547 3541 τὸ
2573 3488 2791 3558 Πνεῦμα
2825 3488 2912 3541 διὰ
2957 3489 3050 3542 τοῦ
3089 3491 3263 3558 Λόγου
3310 3494 3550 3561 ἐγένετο

2371 3593 2475 3630 των
2504 3577 2760 3644 τυγχάνον
2793 3577 3196 3648 ὑποδεεστέρων
3238 3580 3335 3632 τοῦ
3375 3582 3495 3650 (28)
3543 3588 3550 3630 ἀ

2371 3667 2672 3735 νοούμενον,
2695 3667 2760 3742 ,εί
2790 3666 2881 3718 καὶ
2919 3666 3091 3730 λέξεις
3123 3669 3268 3732 τινὲς
3297 3677 3550 3742 περισπᾷ

2374 3756 2615 3810 ἐναντίον
2651 3754 2914 3808 δοκοῦσιν.
2975 3757 3102 3812 Ἐὰν
3127 3759 3204 3810 δὲ
3247 3761 3550 3830 προσίεται

2385 3845 2660 3914 Ἐϐραίους
2691 3844 3038 3912 Εὑαγγέλιον,
3070 3847 3198 3901 ἔνθα
3232 3850 3401 3912 αὐτὸς
3447 3852 3480 3902 ὁ
3513 3853 3550 3903 Σ

2378 3954 2396 3985 ι
2437 3936 2591 4004 Ἀρτι
2615 3934 2768 3987 ἔλαϐέ
2799 3938 2921 4006 μεὴ
2953 3939 3134 4007 μήτηρ
3171 3956 3274 4009 μου
3304 3941 3370 3992 τὸ
3418 3941 3550 4008 ἅγιε

2377 4035 2473 4102 μιᾷ
2501 4032 2608 4084 τῶν
2630 4035 2826 4102 τριχῶν
2863 4053 2986 4104 μου,
3016 4039 3112 4089 καὶ
3144 4040 3432 4108 ἀπένεγκὲ
3490 4059 3550 4111 με

2371 4129 2432 4180 τὸ
2463 4129 2599 4198 μέγα
2631 4129 2856 4198 Θαϐώρ·
2899 4149 2916 4180 ι
2950 4133 3290 4204 ὲπαπορήσει
3339 4137 3471 4200 πῶς
3511 4158 3550 4208 μ

2371 4219 2432 4271 τὺ
2469 4219 2556 4272 διὰ
2579 4218 2670 4270 τοῦ
2719 4219 2892 4287 Λόγου
2929 4223 3301 4292 γεγενημένον
3346 4227 3550 4297 Ilvst

801 4325 824 4357 ⁸
853 4325 1010 4380 llehr.
1043 4343 1102 4390 ιι,
1145 4328 1197 4381 9.
1272 4330 1292 4360 °
1317 4328 1444 4383 Luc.
1481 4344 1560 4390 ιιι,
1586 4329 1678 4383 22.
1750 4329 1770 4360 ⁷
1796 4327 1948 4382 Joan.
1974 4345 2012 4390 ι,
2038 4330 2126 4383 52.
2198 4331 2220 4363 ⁸
2247 4331 2385 4386 ihid.‘

805 4438 1007 4518 (25))11
1043 4439 1192 4521 τάχα
1224 4440 1354 4521 έσςτὶ
1396 4441 1514 4521 καὶ.
1537 4439 1706 4521 τοῦτο
1743 4439 1950 4521 εἰπεῖν,
1986 4450 2091 4495 etc.
2129 4439 2269 4493 Μον-
2302 4449 2324 4502 ί

2030 4450 2091 4495 tc.
2129 4439 2269 4493 Μον-
2302 4449 2344 4502 1)
2373 4442 2487 4521 dice
2508 4441 2673 4520 Regio
2696 4442 2912 4521 legitur,
2942 4443 3003 4521 ἓν
3024 4445 3133 4498 τῶν
3176 4447 3407 4502 πάντων
3446 4468 3549 4520 tua,

745 4505 825 4560 ιίε
839 4505 1033 4573 quippe
1059 4505 1255 4561 Christi
1293 4508 1607 4562 beneﬁcium
1635 4510 1700 4560 ad
1731 4519 1938 4561 creatas
1981 4523 2065 4561 res
2085 4523 2271 4562 omnes

737 4576 1007 4696 “eminere
1045 4576 1230 4641 voluit,
1264 4586 1320 4629 ut
1366 4579 1416 4629 in
1457 4575 1788 4644 Origeniam's
1819 4577 2268 4631 demonstraturus.

791 4657 996 4696 UE’I‘IUS.

791 4657 996 4697 UE’I‘lUS.

737 4713 782 4780 ‘__
809 4712 919 4779 (24)
974 4713 1208 4765 Ἦντινα
1241 4712 1556 4780 ὑπομένειν
1616 4714 1685 4765 οὺ
1745 4710 2096 4779 δυνάμενον,
2159 4721 2264 4765 etc.

738 4777 966 4832 Humani
1017 4785 1228 4848 generis
1278 4777 1569 4848 redemptio
1617 4781 1807 4832 Filium
1839 4777 2054 4848 quidem
2094 4783 2268 4846 potius

738 4863 896 4916 quam
921 4849 1173 4916 Spiritum
1211 4859 1453 4902 sanctum
1483 4849 1726 4910 decebat,
1756 4857 1815 4899 ut
1844 4849 2000 4901 ducet
2038 4848 2270 4900 Thomas

739 4931 791 4983 ιι.
827 4931 907 4980 ιιι,
931 4931 983 4983 q.
1015 4917 1067 4979 5,
1098 4927 1198 4968 art.
1235 4919 1287 4971 8.
1333 4916 1565 4984 Uterque
1593 4925 1768 4969 autem
1819 4917 1869 4968 id
1913 4917 2152 4968 muneris
2177 4930 2271 4984 pa-

741 4986 1110 5054 riterﬁexsequi
1141 4994 1370 5054 poterat.
1404 4986 1476 5036 lo.

775 5115 786 5127 ⁸
809 5051 916 5120 (25)
952 5052 1112 5104 Recte
1133 5051 1296 5127 codex
1324 5052 1639 5105 Bodleianus
1661 5051 1971 5121 περιστερά,
2009 5051 2142 5104 male
2164 5051 2261 5104 Re-

738 5123 856 5190 gius
875 5123 1180 5190 περιστερᾷ,

831 5185 919 5258 29)
949 5185 1359 5258 gemmam.
1386 5188 1526 5256 Lege
1555 5188 1866 5258 πεποιηκός.
1915 5257 1923 5258 7
2202 5232 2204 5236 .

830 5253 920 5322 27)
949 5256 1270 5318 Σημαίνων.
1302 5253 1438 5325 Lege
1465 5253 1750 5327 σημαίνει,’
1770 5269 1860 5309 aut
1882 5257 1925 5309 si
1953 5269 2135 5310 servas
2169 5270 2264 5372 0'2-

830 5322 968 5372 ίνων.
1004 5323 1144 5372 aliud
1173 5326 1386 5372 verbum
1424 5327 1606 5372 sunnle
1633 5327 1770 5372 ("Ind
1805 5333 1952 5372 regat
1987 5323 2106 5372 οὑγὶ
2167 5339 2204 5372 υ.
2238 5350 2264 5361 -

746 5322 968 5394 μαίνων,
990 5323 1144 5394 aliud
1173 5322 1399 5394 verbtnn'
1424 5322 1606 5392 supple
1633 5327 1771 5392 quod
1805 5333 1952 5394 regat
1987 5323 2106 5391 οὑχὶ
2166 5339 2204 5390 μ

740 5388 956 5458 νηνᾴτὴν
986 5389 1076 5440 ἐπὶ
1093 5390 1180 5458 τόν
1224 5389 1422 5458 Ἰησοῦν
1451 5388 1759 5456 κατάϐασιν,
1787 5388 1890 5447 ειεῖ

811 5454 926 5532 (23)
956 5459 1056 5532 Ἓν
1079 5456 1194 5509 τῶν
1235 5454 1468 5532 «cirer
1511 5454 1814 5532 τυγχάνον
1835 5456 2270 5532 ὑποδεεστέρων

739 5525 863 5585 τοῦ,
899 5534 1001 5577 ctc.
1029 5525 1102 5577 Ita
1131 5535 1277 5579 recte
1306 5527 1466 5579 habet
1493 5525 1656 5582 codex
1691 5528 2046 5590 Bodleiauus;
2095 5527 2146 5578 in
2180 5541 2268 5579 co-

2372 4509 2598 4580 éorspoy_
2643 4509 2770 4572 τοῦ,
2803 4521 2910 4566 etc.
2947 4513 3095 4580 Quae
3141 4526 3294 4569 certe
3346 4509 3550 4573 ιιιιιιιίίι

2373 4578 2519 4651 sunt.
2557 4578 2698 4651 Nam
2725 4579 2850 4651 quid
2896 4579 2994 4633 sibi
3054 4582 3214 4636 vellet
3266 4585 3550 4651 Origene:

2372 4647 2497 4709 tius,
2529 4647 2571 4699 si
2608 4647 2870 4713 Spiritum
2923 4660 3172 4702 sanctum
3206 4647 3405 4705 ununf
3435 4669 3470 4706 e
3519 4673 3550 4708 r

2369 4730 2487 4782 qua:
2515 4730 2543 4767 a
2576 4715 2736 4787 Patre
2779 4724 2834 4767 et
2863 4714 3004 4768 Filio
3048 4719 3255 4772 habent
3293 4729 3357 4773 ut
3404 4723 3550 4787 sint,

2369 4797 2486 4854 esse
2513 4783 2817 4854 scripsisset
2850 4799 2878 4835 a
2904 4797 3122 4854 quoiest
3148 4787 3170 4838 ?
3199 4783 3550 4854 Legendum

2371 4849 2584 4902 πάντων
2620 4849 2880 4925 τυγχάνον
2913 4849 3344 4925 ὑποδεεστέρων,
3379 4869 3505 4911 etc.

2373 4928 2616 4989 ctusuna
2647 4929 2817 4989 estex
2847 4920 2912 4989 iis
2947 4925 3110 4975 rebus
3138 4920 3260 4989 qua:
3281 4939 3353 4978 eo
3380 4925 3550 4979 infer

2374 4986 2514 5058 quod
2547 4996 2688 5038 sunt.
2731 4987 2884 5058 Quod
2934 4997 3113 5042 autem
3150 4986 3457 5058 Spiritum
3511 5011 3546 5048 ε

2376 5053 2639 5106 minorem
2674 5057 2881 5116 statuit,
2915 5053 3361 5112 consentientem
3395 5062 3550 5116 habt

2370 5130 2506 5194 orat.
2533 5122 2807 5194 2.144115”.
2837 5123 3061 5194 Ariditas
3088 5141 3107 5178 :
3138 5127 3393 5194 Τοιαῦτα
3428 5131 3547 5194 μὲν

2366 5183 3130 5273 ἒξξτλιξέέξιάέιέριιξθςέλεγεν
3150 5183 3457 5273 Wex"
3485 5210 3550 5273 τὲ

2366 5249 2759 5328 τῂγθεότητα,
2790 5251 2886 5328 κα)Ζ
2921 5253 3019 5328 τὴν
3050 5249 3476 5328 μεγαλειότητα
3502 5261 3550 5312 δι

2238 5350 2264 5361 -
2369 5317 2836 5396 οὐκέτνὲλάττονα
2869 5317 3064 5374 ἑαυτὸν
3080 5317 3180 5396 ’τοῦ
3218 5317 3548 5396 Πνεῦματο

2370 5401 2454 5466 ναι
2484 5385 2576 5466 θέει)
2611 5385 2722 5436 ἴσον
2761 5386 2887 5466 ἥντεξ
2922 5392 3236 5466 σημςιίχωνρ
3268 5385 3471 5466 ἐδίδου
3532 5415 3550 5466 ι

2371 5450 2639 5534 καὶὶὲλεγε
2660 5467 2675 5482 ο
2709 5469 2742 5534 '1‘
2757 5450 3068 5534 κΛάϐετίτζι
3093 5450 3327 5534 Πνεῦμα
3363 5450 3543 5533 ἅγιον

2372 5516 2501 5570 αὐτὸ
2526 5517 2863 5572 ἀποστέλλω·
2903 5541 2922 5574 ι
2957 5528 3085 5581 καί·
3125 5549 3144 5582 ι
3181 5516 3442 5597 Ἐκεῖνος
3471 5516 3550 5603 ἐμ
