3848 6168
712 300 732 352 Ι
745 299 814 353 713

2137 281 2453 343 ORIGENIS

715 421 770 463 et
806 422 1041 481 peccata.
1084 411 1454 478 Exposueruut
1497 407 1657 479 igitur
1687 407 1902 477 quidam
1927 446 1941 471 ,
1967 415 2234 475 propterea

1967 415 2247 475 propterea
2275 407 2324 465 Α
2350 402 2535 470 ὥσπερ
2573 399 2836 469 Ἐλλήνων
2862 398 3003 461 τινές
3034 415 3155 467 φασιν
3178 394 3285 450 εἶναι
3312 394 3394 448 τῶν
3419 391 3467 445 οῦ

715 503 856 568 quod
910 517 1010 553 non
1053 499 1308 552 subsistat
1350 497 1534 550 vitium
1578 503 1788 564 (neque
1842 496 1982 549 enim
2032 496 2129 547 fuit
2176 495 2243 546 ab

711 589 883 651 initio,
935 603 996 640 ac
1031 601 1098 640 ne
1137 587 1187 638 in
1216 588 1468 641 szeculum
1503 585 1714 653 quidem
1762 584 1997 637 futurum
2026 583 2152 650 est),
2181 595 2243 634 ea

710 677 841 730 nihil
901 690 1035 729 esse.
1102 675 1167 728 Et
1239 672 1682 743 quemadmodum
1725 672 1970 741 gentiles
2029 671 2240 739 quidam

707 780 918 834 genera,
945 773 995 818 et
1017 764 1240 831 species,
1271 765 1432 816 veluti
1466 762 1687 825 animal,
1707 771 1759 816 et
1783 762 2074 823 hominem,
2111 758 2239 812 nihil

705 867 822 907 esse
849 853 1057 916 dicunt,
1093 853 1162 905 ita
1196 853 1246 905 hi
1289 851 1530 905 arbitrati
1577 859 1702 904 sunt
1745 864 1862 905 esse
1900 863 2056 903 omne
2090 848 2236 911 illud,

703 943 844 1011 quod
879 956 978 996 nec
1007 936 1036 994 5
1079 940 1213 1003 Deo,
1247 957 1343 995 nec
1370 955 1463 1008 per
1495 941 1807 993 Sermonem
1841 937 2124 1005 sumpserit
2154 951 2246 1003 ap-

705 1040 987 1099 parentem
1048 1030 1474 1084 snbsistcntiam.
1547 1029 1612 1081 Et
1667 1028 1988 1081 adnotamus
2046 1041 2170 1079 num
2215 1040 2246 1079 e

709 1116 1002 1186 Scripturis
1075 1117 1279 1185 possint
1348 1117 1462 1169 hzec
1537 1114 1938 1169 accuratissime
2013 1113 2240 1168 ostendi.

706 1207 971 1274 Quantum
1003 1207 1164 1274 igitur
1207 1206 1396 1259 attinet
1428 1206 1492 1257 ad
1525 1204 1818 1273 signiﬁcata
1852 1203 2010 1272 hujus
2044 1203 2244 1257 vocula:

701 1296 853 1358 nihil,
880 1305 934 1350 et
950 1296 1156 1349 voculae
1175 1311 1276 1348 non
1293 1310 1405 1357 ens,
1436 1307 1730 1362 synonyma
1754 1291 2074 1346 videbuntur
2100 1304 2240 1355 esse,

701 1399 822 1437 cum
851 1400 950 1438 non
980 1399 1076 1438 ens
1109 1384 1322 1438 dicatur
1345 1383 1512 1446 nihil,
1540 1393 1595 1436 et
1620 1383 1754 1437 nihil
1781 1397 1886 1436 non
1916 1398 2030 1437 ens.
2063 1383 2243 1452 Itaque

701 1476 911 1529 videtur
933 1474 1216 1543 Apostolus
1239 1489 1343 1527 non
1371 1472 1512 1526 entia
1538 1473 1744 1534 dicere,
1782 1487 1886 1526 non
1918 1487 2035 1540 quae
2067 1474 2242 1526 omni-

702 1579 770 1617 no
796 1578 1124 1632 nequaquam
1147 1571 1291 1629 sunt,
1319 1562 1409 1616 sed
1439 1577 1501 1616 ea
1528 1577 1646 1631 qua:
1673 1562 1785 1616 sint
1827 1576 1990 1630 prava
2009 1599 2025 1626 ,
2055 1561 2243 1616 existi-

700 1668 854 1706 mans
881 1668 1040 1722 prava
1073 1668 1175 1707 non
1225 1653 1504 1706 exsistere.
1539 1669 1555 1699 ι
1582 1651 1710 1717 Quae
1753 1651 1894 1705 enim
1937 1666 2037 1706 non
2067 1660 2241 1712 erant,

701 1719 896 1812 inquit,
931 1744 1068 1797 Deus
1092 1744 1235 1797 velut
1260 1741 1407 1796 entia
1437 1741 1666 1794 vocavit.
1684 1741 1852 1806 )Quin
1873 1739 2240 1794 Mardoehtens
2272 1719 2316 1773 Β

701 1835 860 1886 etiam
889 1834 941 1886 in
983 1833 1118 1887 libro
1159 1831 1351 1886 Esther
1374 1827 1527 1896 juxta
1561 1829 1932 1897 Septuaginta,
1969 1844 2071 1882 non
2104 1829 2246 1882 exsi-

705 1931 904 1979 stentes
926 1931 1079 1976 vocat
1101 1921 1344 1974 inimicos
1361 1919 1549 1983 Israel,
1569 1919 1750 1972 dicens
1774 1935 1789 1970 :
1821 1935 1840 1968 ι
1862 1917 1940 1972 Ne
1965 1918 2247 1972 tradideris

701 2022 967 2076 sceptrum
996 2020 1165 2074 tuum,
1210 2010 1453 2076 Domine,
1488 2024 1593 2063 non
1631 2010 2017 2064 exsistentihus
2059 2008 2194 2060 ηαδ.
2221 2027 2239 2060 ι

703 2098 996 2153 Possumus
1024 2099 1183 2152 etiam
1216 2099 1501 2166 adjungere
1529 2099 1795 2165 quomodo
1814 2106 2032 2166 propter
2060 2098 2245 2152 vitium

702 2189 829 2242 ntali
857 2187 1189 2257 appellentur
1215 2205 1320 2242 non
1367 2191 1688 2244 exsistentes
1711 2227 1728 2252 ,
1767 2204 1836 2242 ex
1877 2189 1971 2242 Dei
2009 2190 2243 2252 nomine,

700 2279 839 2346 quod
869 2281 1127 2346 scriptum
1165 2287 1248 2332 est
1290 2279 1343 2332 in
1393 2279 1577 2331 Exodo
1609 2293 1621 2328 :
1657 2294 1675 2328 t
1707 2278 1849 2331 Dixit
1889 2279 2035 2332 enim
2065 2273 2246 2331 Domi-

701 2382 801 2419 nus
823 2367 887 2417 ad
913 2366 1090 2421 Mosen
1115 2383 1128 2420 :
1153 2367 1432 2421 Exsistens
1460 2367 1560 2420 hoc
1587 2366 1715 2420 mihi
1745 2376 1827 2420 est
1881 2381 2071 2420 nomen
2106 2368 2170 2420 ".
2221 2386 2241 2419 ι

700 2453 880 2507 Bonus
908 2453 1048 2508 Deus
1081 2455 1192 2508 btec
1227 2454 1460 2522 loquitur
1501 2453 1701 2520 judicio
1750 2463 1956 2516 nostro,
2005 2454 2094 2521 qui
2144 2453 2248 2521 glo-

701 2547 907 2599 riamur
930 2560 1048 2600 esse
1078 2546 1143 2599 de
1172 2544 1405 2597 Ecclesia
1425 2581 1440 2605 ,
1478 2557 1636 2610 quem
1661 2542 1966 2609 gloriﬁcans
1992 2541 2248 2595 Servator

702 2635 832 2688 dicit
863 2651 876 2687 :
913 2651 932 2684 ι
973 2632 1140 2687 Nemo
1182 2634 1371 2696 bonus,
1404 2631 1511 2685 nisi
1545 2631 1688 2685 solus
1731 2631 1901 2696 Deus,
1934 2645 2124 2700 nempe
2156 2632 2246 2685 ille

702 2722 884 2776 Pater.
919 2722 963 2753 ¹⁶
1004 2740 1023 2772 ι
1059 2721 1223 2789 Igitur
1261 2723 1431 2776 bonus
1488 2721 1623 2776 idem
1664 2730 1744 2775 est
1773 2735 1891 2774 cum
1931 2720 2243 2776 exsistente.

701 2811 834 2866 Cum
860 2826 987 2865 vero
1012 2812 1207 2865 malum
1233 2820 1325 2864 aut
1357 2826 1578 2879 pravum
1619 2811 1948 2866 contrarium
1979 2810 2048 2864 sit
2084 2812 2243 2875 bono,

702 2911 756 2954 et
781 2900 1105 2953 contrarium
1129 2901 1407 2954 cxsistenti
1434 2900 1505 2954 sit
1533 2915 1636 2953 non
1663 2899 1953 2962 exsistens,
2003 2899 2247 2966 sequitur

2347 493 2476 562 γένη
2511 491 2604 543 καὶ
2627 489 2694 542 τὰ
2710 490 2821 560 εἴδη
2839 490 2970 559 (⁸55),
2985 483 3079 541 οἷον
3096 488 3141 540 τὸ
3159 487 3263 551 ζῶον
3291 486 3362 538 καὶ
3379 483 3488 536 τὸνᾰ

2342 581 2510 643 οὕτως
2531 580 2791 633 ὑπέλαϐον
2811 579 2960 631 οὐδὲν
2978 578 3205 647 τυγχάνειν
3227 577 3310 628 πᾶν
3326 575 3374 627 τὸ
3390 573 3485 641 οὐχ

2343 669 2461 721 οὐδὲ
2489 669 2576 720 διὰ
2604 669 2697 721 τοῦ
2725 669 2895 735 Λόγου
2935 666 3030 737 τὴν
3053 666 3251 718 δοκοῦσαν
3279 663 3484 715 σύστασιν

2342 758 2448 809 Καὶ
2481 757 2772 827 ὲφίσταμεν
2809 759 2857 809 εί
2889 757 3090 809 δυνατὸν
3111 755 3193 809 ἀπὸ
3215 754 3301 807 τῶν
3321 750 3482 822 Γραφῶ

2342 847 2556 901 κώτατα
2600 847 2767 900 ταῦτα
2819 846 3147 917 παραστῆσαι.
3188 845 3316 896 Ὅσον
3350 841 3488 893 telvm

2345 938 2753 1008 σημαινομένοις
2793 937 2886 989 τοῦ
2937 937 3114 999 οὐδὲν,
3147 935 3219 986 καλ⁹
3253 932 3330 985 τοῦ
3378 933 3471 983 οὐκ

2343 1024 2478 1081 εἶναι
2517 1026 2822 1097 συνώνυμα,
2869 1025 2962 1079 τοῦ
3007 1026 3093 1079 οὐκ
3121 1025 3241 1086 ὄντος
3274 1020 3490 1082 οὐδενδςζ

2343 1134 2452 1180 νου,
2488 1118 2580 1169 καὶ
2609 1117 2699 1170 τοῦ
2726 1117 2934 1179 οὐδενὸς
2964 1117 3054 1168 οὐκ
3081 1115 3214 1176 ὄντος.
3243 1113 3454 1165 Φαίνεται
3482 1112 3488 1156 ὅ

2344 1208 2523 1270 στολος
2560 1207 2629 1260 τὰ
2663 1208 2761 1260 οὐκ
2798 1207 2923 1258 ὄντα
2954 1205 3066 1274 οὐχὶ
3099 1201 3282 1255 ἐπὶτῶν
3317 1199 3490 1270 μηδαμῆ

2343 1298 2510 1349 ὄντων
2559 1296 2853 1366 ὀνομάζων,
2887 1294 3000 1348 ἀλλ’
3033 1293 3110 1346 ἐπὶ
3144 1291 3233 1344 τῶν
3267 1290 3486 1360 μοχθηρῶ

2342 1387 2574 1455 νομίζων
2597 1387 2664 1439 τὰ
2702 1386 2930 1456 πονηρὼ
2956 1402 2975 1434 t
3026 1387 3094 1440 Τὰ
3127 1383 3187 1454 μὴ
3229 1385 3335 1438 ὄντα
3366 1383 3490 1452 γὰρ,

2343 1475 2473 1539 Θεὸς
2490 1478 2563 1540 ὼς
2589 1477 2720 1530 ὄντα.
2751 1473 3203 1530 ὲκάλεσεν.›⁹Λλλὰ
3233 1472 3356 1525 καὶό
3383 1472 3490 1540 Μαί

2342 1571 2406 1638 τῇ
2437 1566 2574 1620 κατὰ
2600 1567 2724 1628 τοὺς
2765 1565 3141 1634 Ἕϐδομήκοντα
3183 1561 3373 1633 Ἐσθὴρ,
3417 1562 3487 1632 μὴ

2344 1657 2565 1728 ἐχθροὺς
2595 1656 2686 1708 τοῦ
2728 1655 2940 1725 Ἰσραὴλ
2963 1654 3104 1706 καλεῖ
3128 1652 3303 1719 λέγων·
3335 1671 3352 1702 ι
3379 1651 3465 1721 Μὴ

2345 1747 2617 1817 σκῆπτρόν
2672 1762 2783 1808 σου,
2829 1743 3027 1813 Κύριε,
3073 1745 3168 1805 τοῖς
3211 1742 3275 1812 μὴ
3320 1737 3474 1795 οὖσιν.

2345 1835 2704 1907 προσαγαγεῖν
2736 1833 2851 1896 πῶς
2882 1833 2969 1885 διὰ
3010 1831 3097 1902 τὴν
3126 1831 3301 1885 κακίαν
3335 1830 3402 1901 μὴ
3427 1831 3490 1882 ὄν⁴

2346 1926 2428 1996 poi.
2455 1922 2938 1994 προσαγορεύονται
2976 1922 3039 1974 ὲκ
3065 1920 3148 1973 τοῦ
3181 1921 3233 1972 ὲν
3265 1922 3327 1990 τῇ
3378 1917 3490 1984 Ἐξό

2344 2015 2782 2086 ἀναγραφομένου
2827 2012 2920 2066 τοῦ
2953 2010 3107 2064 Θεοῦ’
3142 2029 3158 2062 ι
3188 2006 3313 2063 Elite
3343 2011 3444 2081 γὰρ
3486 2012 3490 2018 “

2343 2105 2606 2172 Μωῡσῆν⁶
2673 2103 2729 2154 '0
2756 2100 2853 2165 ὣν,
2882 2100 3038 2154 τοῦτό
3089 2099 3168 2169 μοί
3206 2100 3311 2152 ἐστι
3352 2100 3410 2151 τὸ
3441 2100 3490 2152 ὄι

2343 2196 2487 2265 ἡμᾶς
2517 2194 2573 2246 δὲ
2603 2195 2727 2254 τοὺς
2752 2191 3068 2261 εὐχομένους
3095 2189 3196 2260 (54)
3213 2185 3340 2242 εἶναι
3364 2190 3467 2243 ἀπὸ

2346 2283 2483 2346 σίας,
2500 2285 2528 2336 6
2550 2282 2748 2349 ἀγαθὸς
2759 2281 2891 2342 Θεὸς
2919 2279 3089 2333 ταῦτά
3112 2296 3285 2350 φησιν,
3307 2279 3364 2332 ὃν
3380 2280 3490 2345 δοξό

2343 2376 2487 2443 λέγει
2505 2391 2519 2405 ·
2559 2393 2578 2424 t
2612 2373 2797 2435 Οὐδεὶς
2829 2372 3027 2439 ἀγαθὸς
3054 2374 3098 2424 εἰ
3135 2371 3204 2441 μὴ
3229 2367 3304 2434 εἷς
3333 2374 3361 2424 6
3387 2372 3488 2424 Θεδ

2344 2463 2544 2518 Οὐκοῦν
2571 2465 2599 2516 ὁ
2623 2463 2821 2530 ἀγαθὸς
2845 2461 2924 2531 τῷ
2951 2462 3059 2514 ὄντι
3095 2465 3122 2514 6
3150 2463 3304 2525 αὐτός
3334 2465 3490 2517 ἐστιν.

2343 2555 2420 2626 τῷ
2445 2553 2631 2623 ἀγαθῷ
2663 2553 2722 2604 τὸ
2754 2552 2941 2616 κακὸν,
2972 2552 3005 2622 ἢ
3039 2551 3096 2604 τὸ
3127 2553 3375 2624 πονηρὸν,
3420 2573 3488 2608 κα

2343 2645 2452 2697 ὄντι
2490 2643 2548 2696 τὸ
2595 2643 2692 2696 οὐκ
2725 2642 2814 2694 ὄν·
2851 2636 2932 2705 οἷς
2965 2642 3257 2704 ἀκολουθεῖ,
3291 2645 3372 2696 ὅτι
3425 2646 3486 2697 τὸ

2344 2734 2509 2788 κακὸν
2528 2733 2625 2785 οὐκ
2647 2733 2725 2785 ὄν.
2744 2732 2853 2785 Καὶ
2878 2733 3017 2801 τάχα
3033 2733 3186 2786 τοῦτο
3207 2733 3366 2804 ἔσηνε
3391 2737 3485 2788 τοὺ

2343 2826 2432 2878 τὸν
2458 2824 2696 2878 διάὸολον
2732 2823 2804 2893 μὴ
2829 2819 2966 2876 εἶναι
2996 2823 3129 2875 Θεοῦ
3166 2825 3479 2896 δημιούργη

2343 2915 2582 2977 διάϐολός
2602 2916 2765 2975 ἐστιν,
2780 2913 2878 2965 οὐκ
2897 2912 3010 2965 ἐστι
3029 2913 3163 2966 Θεοῦ
3182 2914 3245 2985 δη
3255 2917 3378 2984 μιού
3389 2933 3490 2986 ργη

703 2990 900 3042 malum
934 2998 986 3044 et
1014 3005 1232 3058 pravum
1261 3004 1378 3043 esse
1403 3004 1508 3042 non
1539 2989 1827 3042 exsistens.
1881 2987 1950 3041 Et
1996 2986 2222 3042 fortassi:

1996 2986 2242 3079 (οηθβεῖδ
2268 3022 2310 3079 c
2341 3009 2538 3079 ϐέϐηκε
2557 3005 2780 3074 διαϐόλῳ
2804 2999 2961 3067 εἶναι,
2978 3004 3205 3074 γενητὸς
3221 3003 3321 3068 ὢν,
3342 3007 3489 3058 οὔδει

702 3078 802 3132 hac
825 3079 1033 3134 ratione
1072 3079 1286 3133 adducti
1317 3079 1570 3144 fuerunt,
1611 3079 1702 3146 qui
1743 3077 1927 3132 dicunt
1973 3077 2238 3132 diabolum

705 3181 810 3220 non
841 3181 960 3222 esse
985 3167 1076 3222 Dei
1101 3168 1374 3236 opiﬁcium
1405 3183 1418 3218 :
1445 3167 1497 3220 in
1527 3175 1783 3233 quantum
1817 3165 1960 3221 enim
1999 3166 2243 3221 diabolus

703 3269 805 3325 est,
861 3275 963 3314 non
993 3270 1076 3314 est
1105 3260 1196 3314 Dei
1243 3261 1550 3328 opiﬁcium;
1596 3259 1649 3312 in
1677 3269 1935 3328 quantum
1983 3274 2110 3315 vero
2166 3259 2242 3314 illi

701 3349 924 3417 contigit
971 3349 1180 3403 diabolo
1227 3363 1369 3414 esse,
1417 3351 1590 3403 lactus
1653 3364 1774 3402 cum
1806 3351 1895 3413 sit,
1951 3363 2072 3403 cum
2111 3349 2242 3402 nihil

703 3449 940 3490 creatum
972 3438 1041 3490 sit
1069 3447 1224 3490 extra
1286 3437 1450 3491 Deum
1497 3449 1737 3493 nostrum
1764 3476 1782 3502 ,
1824 3438 1916 3491 Dei
1964 3448 2044 3492 est
2091 3439 2243 3508 opili-

702 3525 842 3577 t:ium
886 3523 1112 3595 (57),ut
1154 3525 1196 3578 si
1232 3526 1550 3592 parricidam
1609 3528 1701 3580 Dei
1740 3541 1873 3595 opus
1919 3541 2036 3581 esse
2086 3544 2245 3597 nega-

703 3629 906 3681 remus,
953 3630 1056 3669 non
1081 3616 1385 3672 auferentes
1414 3619 1583 3686 ipsum
1613 3633 1643 3670 a
1674 3618 1782 3672 Deo
1827 3617 2023 3671 factum
2055 3619 2241 3686 fuisse,

705 3704 757 3756 iu
791 3715 1047 3773 quantum
1079 3707 1240 3762 homo
1271 3709 1380 3778 66
1400 3718 1502 3766 est.
1533 3708 1774 3778 Namque
1803 3720 2060 3778 ponentes
2079 3710 2240 3762 etiam

703 3807 822 3858 nos,
851 3809 971 3848 eum
1015 3810 1133 3850 esse
1162 3800 1456 3867 sumpsisse
1485 3815 1514 3853 a
1550 3801 1690 3867 Deo,
1723 3801 1773 3852 in
1801 3809 2055 3867 quantum
2085 3799 2243 3852 homo

704 3895 810 3945 est,
839 3900 942 3938 non
968 3889 1216 3954 ponimus
1243 3889 1345 3942 hoc
1377 3905 1496 3942 eum
1532 3891 1818 3958 sumpsisse
1838 3929 1853 3951 ,
1888 3889 1940 3941 in
1983 3898 2239 3955 quantum

702 3983 784 4024 est
832 3975 1161 4031 interfector.
1219 3977 1401 4045 Itaque
1473 3992 1658 4030 onmes
1711 3977 2089 4044 participantes
2146 3989 2240 4026 ens

705 4061 1264 4131 (participantautem
1305 4067 1474 4118 sancti
1499 4067 1750 4131 ),tnerito
1779 4073 1935 4118 erunt
1977 4064 2240 4117 exsisteu-

2343 3115 2433 3159 τος
2461 3095 2633 3165 παρὲξ
2669 3092 2761 3146 τοῦ
2786 3092 2917 3145 Θεοῦ
2945 3093 3123 3164 ἡμῶν,
3159 3093 3299 3146 Θεοῦ
3337 3097 3460 3147 ἐστι

2345 3185 2648 3254 ὲφάσκομεν
2680 3183 2876 3236 καὶτὸν
2908 3183 3070 3250 φονέα
3097 3184 3174 3254 μὴ
3197 3181 3343 3237 εἶναι
3359 3185 3488 3237 Θεοὶ

2345 3275 2445 3326 οὐκ
2487 3273 2827 3342 ἀναιροῦντες
2870 3271 2952 3334 τὸ,
3072 3272 3374 3343 ἄνθρωπός
3418 3274 3489 3326 ὲσ

2347 3361 2506 3414 αὑτὸν
2529 3359 2637 3429 (56)
2668 3359 2772 3411 ὑπὸ
2817 3357 2971 3411 Θεοῦ.
2991 3359 3294 3423 ιΤιθέντες
3327 3361 3448 3432 γὰρ
3479 3381 3488 3395 ι

2345 3449 2621 3519 τυγχάνει,
2665 3447 2771 3500 ἀπὸ
2809 3447 2943 3501 Θεοῦ
2995 3448 3167 3501 αὐτὸν
3211 3450 3279 3502 τὸ
3325 3448 3480 3504 εἶναι

2347 3541 2503 3608 ἡμεῖς
2537 3538 2596 3589 οὑ
2615 3537 2830 3606 τίθεμεν
2855 3537 2934 3600 τὸ,
2964 3531 2999 3610 ᾖ
3027 3538 3238 3606 φονεύς
3281 3541 3468 3605 ἐστιν,

2348 3628 2505 3681 αὑτὸν
2523 3628 2814 3698 εἰληφέναι.
2835 3627 3046 3691 Πάντες
3066 3629 3173 3698 μὲν
3199 3625 3302 3682 οὖν
3316 3631 3372 3682 οἱ
3396 3649 3490 3700 μετ

2346 3720 2494 3781 ὄντος
2529 3717 2832 3788 (μετέχουσι
2858 3717 2913 3770 δὲ
2937 3720 2986 3771 oi
3012 3719 3224 3789 ἅγιοι),
3258 3721 3490 3788 εὐλόγω

2350 3805 2616 3876 ματίζοιεν
2634 3819 2647 3834 ⁶
2675 3807 2722 3856 οἱ
2749 3805 2806 3856 δὲ
2833 3801 3309 3875 ἀποστραφέντες
3345 3806 3462 3875 τὴν

2344 3896 2494 3964 οχὴν,
2519 3894 2596 3964 τῷ
2621 3893 2936 3964 ἐστερῆσθαι
2955 3893 3052 3946 τοῦ
3097 3894 3295 3958 ὄντος,
3333 3895 3488 3962 γεγό

2345 3984 2680 4053 Προείπομεν
2719 3983 2797 4046 δὲ,
2845 3984 2926 4035 ὅτι
2973 3985 3332 4054 συνωνυμία.
3393 3987 3490 4038 km

2347 4069 2440 4120 καὶ
2477 4067 2571 4120 τοῦ
2601 4068 2840 4131 οὐδενός·
2883 4070 2976 4122 καὶ
3020 4069 3119 4122 διὰ
3160 4071 3351 4124 τοῦτο
3407 4073 3468 4124 οἱ

775 4178 889 4209 ¹³ο²δ
916 4177 1068 4231 Esth.
1100 4193 1208 4243 xlv,
1240 4179 1323 4232 ll.
1401 4178 1442 4209 ⁸⁸
1465 4193 1582 4246 cap.
1609 4193 1688 4240 ιιι,
1719 4192 1858 4229 vers.
1891 4175 1978 4230 M.
2055 4175 2098 4206 ¹⁶
2127 4176 2290 4232 Marc.

1465 4193 1582 4246 cap.
1609 4193 1688 4240 ιιι,
1719 4192 1858 4229 vers.
1891 4175 1978 4230 M.
2055 4175 2098 4206 ¹⁶
2127 4176 2290 4232 Marc.
2320 4195 2374 4244 x,
2412 4180 2510 4245 18;
2543 4180 2675 4234 Luc.
2708 4198 2857 4244 X-Vltl,
2900 4184 2983 4239 l9.

774 4267 892 4347 (δῖε).
914 4261 1079 4347 BIN!
1118 4264 1238 4347 φῶν
1287 4265 1357 4347 εὖ
1390 4281 1563 4347 ῖιγων
1597 4263 1667 4347 ﬁ?
1703 4264 1843 4347 γένη
1863 4262 1961 4347 θέαι
1991 4263 2062 4315 τά
2086 4263 2237 4330 ετδηο
2271 4274 2314 4327 ι)
2343 4269 2523 4347 διοικῶν
2554 4271 2933 4347 ἐστινρβεός·
2957 4273 3270 4347 ᾲγένητφς
3301 4276 3435 4347 ἀρα
3467 4279 3488 4329 ε

704 4332 811 4392 etc.
853 4332 964 4387 Hoc
988 4343 1089 4398 est,
1111 4333 1260 4400 juxta
1288 4335 1582 4386 doctrinam
1612 4332 2110 4401 Peripateticorum,
2153 4348 2235 4384 re-

708 4420 822 4458 rum
851 4418 968 4469 quae
1014 4417 1116 4453 non
1172 4411 1294 4454 sunt
1351 4402 1450 4454 hoc
1486 4401 1706 4468 aliquid,
1741 4400 1874 4469 sive
1911 4400 2025 4452 τόδε
2049 4417 2100 4451 τι
2129 4415 2239 4469 σεο

707 4482 831 4525 sunt
861 4468 1035 4521 autem
1063 4469 1129 4520 τὰ
1153 4469 1401 4532 καθόλου,
1432 4469 1535 4535 vel,
1571 4479 1720 4536 juxta
1753 4468 2080 4534 Platonicos,
2112 4468 2246 4522 ideae

707 4539 1060 4596 universales.
1101 4537 1359 4591 llus'rtus.

775 4606 884 4676 (δι)
915 4608 1051 4660 Καθ’
1077 4605 1229 4674 ἡμᾶς
1271 4607 1337 4657 δὲ
1369 4605 1507 4676 τοὺς
1550 4605 1928 4676 εὐχομένους,
1964 4619 2065 4676 etc.
2110 4604 2248 4676 Mar-

705 4669 930 4729 cinnitas
975 4669 1236 4744 suggillat,
1272 4669 1546 4743 οἰηθέντας
1597 4669 1798 4728 δίκαιον
1847 4669 1944 4744 μὲν
1991 4669 2124 4744 εἶναι
2156 4673 2246 4725 τὸν

703 4745 1044 4815 δημιουργὸν,
1067 4742 1294 4815 ξὰγαθδν
1322 4742 1379 4796 δὲ
1421 4744 1510 4796 τὸν
1531 4744 1622 4797 τοῦ
1655 4742 1886 4815 Χριστοῦ
1913 4742 2146 4812 Πατέρα,
2190 4751 2248 4795 ut

707 4812 843 4867 idem
874 4812 1028 4867 habet
1053 4813 1310 4880 Origenes
1335 4829 1490 4882 supra
1515 4824 1642 4867 tom.
1672 4812 1767 4869 tin
1791 4812 2068 4872 Joannem,
2098 4825 2242 4864 num.

705 4884 795 4936 40.
822 4883 896 4935 In.

775 4951 882 5020 (55)
910 4952 1019 5004 Καὶ
1042 4951 1194 5020 τάχα
1218 4951 1386 5004 τοῦτο
1433 4950 1614 5020 ἔσηνε
1650 4948 2110 5020 τοὺς-εἰπόντας,
2140 4953 2242 5020 etc.

708 5015 1034 5073 Vocabulum
1091 5015 1246 5089 ἔσηνε
1295 5036 1396 5072 ιιοιι
1466 5015 1724 5089 intellexit
1784 5015 2084 5089 Perionius,
2145 5015 2246 5089 hoc

707 5098 806 5156 est.
833 5090 1120 5156 commouit.
1160 5081 1413 5156 Origenes
1443 5090 1499 5156 in,
1529 5087 1714 5138 Matth.
1746 5100 1815 5138 xx
1849 5101 1863 5138 :
1896 5084 1986 5154 Μὴ
2020 5081 2246 5156 σαινέτω

706 5154 762 5207 δὲ
788 5155 931 5226 ἡμᾶς
957 5157 1062 5226 alb
1090 5151 1424 5226 2wﬁ;§,etc.
1486 5155 1627 5226 Infra
1673 5164 1801 5226 tom.
1841 5168 1890 5226 vt
1932 5151 1986 5226 in
2024 5151 2243 5226 Joann.,

706 5219 886 5298 nuntii
912 5240 936 5298 _:
970 5225 1087 5298 Ὦτι
1113 5226 1142 5275 6
1165 5219 1348 5298 καίρός
1374 5225 1470 5298 τῆς
1501 5221 1730 5298 Χριστοῦ
1759 5219 2244 5298 ἐπιδημίας-ἔσαινε

706 5290 794 5344 τὸν
829 5289 975 5345 λαόν.
1013 5289 1274 5344 Caeterum
1298 5289 1569 5346 loco'huie
1602 5293 1824 5353 adsonat
1850 5289 1985 5343 alter
2013 5289 2100 5342 ille
2124 5289 2246 5352 Epi-

707 5359 886 5428 phanii
915 5362 1103 5415 haeres.
1126 5375 1270 5420 thv,
1296 5375 1414 5428 cap.
1451 5362 1511 5413 l9
1538 5377 1550 5412 :
1593 5360 1759 5412 Πόθεν
1793 5362 1822 5411 ό
1851 5359 2060 5428 φθόνος,
2088 5356 2245 5428 ῥ’,ἀντ

707 5421 927 5510 ξιλέγῳν
960 5431 1090 5510 ὲρεζ.
1131 5429 1192 5479 Εἰ
1235 5428 1340 5510 76?.
1365 5421 1495 5510 ’.ἀπὸ
1525 5428 1615 5479 τοῦ
1643 5421 1903 5510 διαϐόλου,
1922 5429 2042 5510 ’καὶ

703 5491 938 5566 διάδδλος
983 5491 1194 5566 ἐγένεῖο
1212 5491 1256 5566 ᾖ
1281 5491 1341 5546 Εἰ
1369 5497 1620 5566 ἐγένετο,
1653 5497 1744 5566 καὶ
1769 5499 1796 5548 6
1821 5497 2042 5566 ποιήσας
2086 5491 2244 5566 αῦτόν

706 5564 848 5617 ἔστιν
882 5561 1048 5626 αἴτιος
1076 5564 1167 5616 τοῦ
1209 5561 1340 5616 εἶναι
1373 5565 1556 5616 κακόν.
1611 5565 1746 5616 ⁹Λλλ’
1790 5561 2026 5623 ἀναίτιος
2070 5561 2242 5625 πάντη

2349 4337 2549 4409 dottam
2608 4337 2810 4409 invidia
2852 4337 3099 4409 profecta
3140 4337 3285 4409 'sit,
3354 4337 3488 4399 'ad\

2347 4404 2480 4479 Nam
2507 4406 2550 4479 si
2573 4420 2607 4479 ξι
2627 4404 3299 4479 έΙ-ἰοιροίοσεεροιιόθεεξ
3337 4427 3461 4467 cur

2345 4474 2594 4548 exstitit?
2623 4473 2679 4528 Si
2728 4475 2902 4548 lactus
2933 4473 3081 4548 est;
3112 4481 3229 4548 qui
3270 4473 3480 4536 condi

2348 4542 2471 4594 mali
2501 4542 2660 4596 debet
2689 4544 2882 4598 videri.
2917 4542 3086 4614 Atqui
3135 4542 3483 4602 _malorun‘

2348 4625 2449 4661 non
2483 4621 2686 4691 potest;
2739 4627 2907 4691 quare
2939 4615 3006 4666 ab
3065 4616 3255 4668 nullo
3325 4620 3488 4698 prmi

2347 4677 2492 4749 lusi
2527 4679 2872 4749 hlaretonttas
2907 4697 3078 4749 porro
3141 4693 3216 4736 et.
3256 4685 3440 4740 alios
3476 4706 3486 4735 ι

2345 4745 2432 4798 hic
2459 4747 2702 4822 designat
2730 4745 3005 4822 Origenes,
3039 4753 3154 4820 qui
3204 4757 3342 4822 tria
3375 4756 3481 4822 pri

2345 4831 2568 4880 quorum
2621 4817 2758 4868 Deus
2806 4819 2942 4872 alter
2989 4817 3167 4873 esset
3225 4817 3486 4885 bonits.

2347 4883 2530 4942 I'ater;
2585 4883 2722 4936 alter
2748 4883 2976 4940 Creator
3004 4897 3070 4940 et
3125 4890 3476 4942 coanitus

2516 4898 2530 4944 ;
2585 4898 2722 4936 alter
2748 4898 2976 4940 tireator
3004 4898 3070 4940 et
3125 4898 3476 4944 coanitus

2347 4903 2530 4944 I'ater;
2585 4903 2722 4936 alter
2748 4903 2976 4940 creator
3004 4903 3070 4940 el
3125 4903 3476 4957 cognitus

2347 4963 2631 5018 utrumque
2655 4953 2941 5026 _dia_bolus.
3000 4955 3382 5026 Legendus
3439 4961 3486 5012 Ε

2348 5033 2478 5077 tht,
2512 5035 2632 5084 cap.
2655 5020 2707 5072 5.
2752 5023 2825 5072 In.

2417 5086 2528 5159 (56)
2557 5088 2920 5159 Πεποιῆσθαι
2953 5094 3215 5159 αὐτόν,
3272 5103 3430 5150 etc.

2344 5153 2535 5226 Ιιρίμὴ
2562 5153 2903 5226 πεποιῆσθαι.

2415 5223 2531 5290 (57)
2565 5223 2686 5278 Haec
2733 5223 2800 5278 ab
2827 5229 3146 5285 Ambrosio
3215 5231 3490 5288 Fert-ai

2349 5294 2734 5369 terpretatione
2769 5294 3018 5369 Perionii
3053 5301 3490 5369 suppletum

2415 5360 2527 5428 (58)
2560 5359 2940 5430 Μετέχοντες.
3003 5359 3257 5422 Ediiib
3323 5369 3488 5428 Huc

2347 5440 2646 5499 perperam.
2713 5433 2873 5486 Certe
2921 5435 2975 5490 in
3023 5438 3303 5496 codice
3348 5441 3483 5499 Boi

2348 5495 2440 5564 μή·
2466 5500 2467 5503 ‘
