3848 6186
278 293 364 346 ιῒιἹ
1363 283 1714 340 COMMENT.
1758 285 1822 338 ΙΝ
1859 285 2045 342 ιοΑΝ.
2091 285 2322 341 TOMUS
2364 286 2422 340 ll.

3389 296 3484 347 158

287 409 400 468 εἱσι,
422 405 502 457 καὶ
519 396 648 453 πᾶσα
669 373 906 476 lilia-xi“
943 387 1132 446 οὐδέν
1167 399 1343 464 ὲστιν,
1386 403 1508 455 ἐπεὶ
1540 405 1630 456 καὶ
1653 403 1749 455 οὐκ
1785 403 1833 456 ὃν

1947 415 2061 468 tcs;
2109 405 2198 473 qui
2231 418 2358 457 vero
2389 403 2668 476 diﬂugiunt
2711 405 2846 460 cutis
2897 406 3380 476 participationem.
3417 425 3482 465 eo

288 495 542 564 τυγχάνειο
567 482 650 541 καὶ
670 467 812 526 οὑδὲ-ν
833 474 1194 559 καλουμένη
1225 493 1393 561 χωρὶς
1435 493 1721 563 γεγένηται
1751 492 1842 545 τοῦ

293 584 470 650 Λόγου,
500 581 608 645 τοῖς
641 564 813 626 πᾶσιν
854 566 923 620 οὗ
975 583 1612 653 συγκαταριθμουμένη.
1660 584 1845 652 Ἡμεῖς

293 672 385 741 μὲν
411 668 500 725 οὖν
537 666 664 722 κατὰ
686 658 743 715 τδ
767 656 997 715 δυνατὸν
1047 672 1480 743 παρεστήσαμεν
1520 673 1640 724 τίνα
1665 671 1731 726 τὰ
1759 669 1848 726 διὰ

286 760 374 814 τοῦ
402 762 566 829 Λόγου
589 750 912 828 γεγενημένα
940 756 1157 825 πάντα,
1188 763 1284 815 καὶ
1321 760 1372 814 τί
1402 763 1463 814 τὸ
1491 764 1656 832 χωρὶς
1683 760 1844 814 αὐτοῦ

287 848 562 918 γενόμενον
594 848 705 919 μὲν,
742 843 799 898 δν
826 842 885 896 δὲ
931 846 1224 915 οὐδέποτε,
1266 851 1358 904 καὶ
1388 850 1473 916 διά
1501 851 1654 904 τοῦτο
1697 850 1843 905 οὐδὲν

287 939 630 1008 καλούμενον.

1946 495 2084 560 quod
2106 472 2294 562 privati
2318 472 2583 555 siritente,
2609 493 2734 548 facti
2766 472 2981 547 fuerunt
3010 472 3113 549 non
3139 498 3480 552 exsistentes.

1946 579 2184 633 Diximus
2213 588 2390 633 autem
2419 581 2660 648 superius
2689 596 2784 635 ens
2828 591 2881 635 et
2913 583 3041 636 nihil
3098 599 3392 655 synonyma
3427 595 3482 642 et

1947 671 2168 724 univoca
2192 683 2310 724 esse
2339 686 2354 722 :
2387 678 2438 722 et
2465 669 2605 724 hanc
2633 672 2700 724 ob
2729 685 2941 726 causam
2964 673 3052 741 qui
3086 688 3188 726 non
3208 685 3330 728 sunt
3351 674 3482 731 nihil

1945 773 2084 822 esse,
2137 767 2192 812 et
2236 771 2394 812 omne
2447 758 2630 810 vitium
2666 759 2828 812 etiam
2871 761 2999 814 nihil
3043 776 3180 827 esse,
3228 765 3478 831 quoniam

1947 855 2027 900 est
2073 859 2177 900 non
2231 860 2364 911 ens;
2416 855 2470 898 et
2521 847 2650 900 nihil
2704 856 2988 913 vocatum,
3046 851 3160 905 sine
3225 851 3482 908 SermOne

1943 935 2141 989 factum
2202 935 2401 997 fuisse,
2460 951 2562 990 non
2621 949 3060 993 connumeratum
3124 957 3244 996 cum
3297 946 3482 1000 vocula

285 1028 408 1092 hac,
439 1031 700 1083 omnibus.
741 1027 916 1098 Atque
943 1044 1044 1084 nos
1077 1033 1299 1100 quidem
1326 1048 1425 1104 pro
1458 1033 1595 1087 virili
1628 1031 1979 1095 ostendimus,
2004 1043 2120 1096 quae
2161 1029 2268 1082 sint
2294 1028 2468 1082 omnia
2496 1029 2636 1085 facta
2674 1044 2769 1098 per
2794 1028 3126 1096 Sermonem,
3158 1046 3211 1091 et
3254 1039 3380 1106 quid
3411 1038 3483 1096 sit

285 1119 402 1171 sine
436 1119 548 1186 ipso
581 1119 795 1188 quidem
831 1119 1058 1184 factum,
1094 1137 1368 1190 nunquam
1399 1132 1575 1176 autem
1611 1123 1891 1185 exsistens,
1921 1129 1975 1172 et
2004 1119 2140 1173 hanc
2165 1119 2232 1173 ob
2251 1133 2465 1173 causam
2493 1120 2623 1174 nihil
2659 1133 2923 1178 voeatum.

344 1212 396 1264 8.
448 1210 651 1275 Βιαίως
705 1212 761 1265 δὲ
808 1206 960 1282 οἶμαι
1020 1214 1114 1269 καὶ
1177 1216 1344 1285 χωρὶς
1405 1214 1694 1286 μαρτυρίου
1748 1213 1837 1266 τὸν

276 1299 629 1353 Οὐαλεντίνου
720 1301 1008 1371 λεγόμενον
1098 1298 1237 1355 εἶναι
1319 1303 1585 1373 γνώριμον
1678 1303 1837 1371 Ἠρα-

277 1391 486 1445 κλέωνα
530 1393 644 1464 (59)
691 1394 1044 1464 διηγούμενον
1096 1395 1190 1446 τό·
1258 1412 1277 1445 ι
1322 1395 1501 1448 Πάντα
1549 1394 1616 1446 δι’
1675 1392 1834 1444 αύτοῦ

276 1482 512 1550 ἐγένετο,
551 1501 572 1532 ι
609 1482 948 1554 ὲξειληφένσι
981 1485 1155 1538 πάντα
1193 1485 1281 1538 τὸν
1315 1485 1514 1553 κόσμον
1551 1483 1643 1535 καὶ
1671 1482 1737 1534 τά
1780 1483 1835 1534 ὲν

275 1571 440 1641 αὐτῷ,
475 1573 799 1627 ὲκκλείοντα
829 1573 935 1627 τῶν
967 1575 1180 1628 πάντων
1225 1574 1284 1626 τὸ
1307 1575 1427 1626 ὅσον
1463 1574 1554 1627 ἐπὶ
1594 1576 1658 1642 τῇ
1709 1573 1838 1626 ὑπο-

273 1661 417 1715 θέσει
440 1663 612 1716 αύτοῦ
643 1663 714 1716 τά
738 1663 832 1716 τοῦ
859 1665 1083 1734 κόσμου,
1127 1665 1218 1716 καὶ
1252 1663 1359 1718 τῶν
1397 1665 1453 1715 ὲν
1491 1662 1636 1731 αὐτῷ
1666 1662 1839 1729 διαφέ-

274 1766 452 1820 ροντα.
478 1752 622 1819 Φησὶ
655 1751 766 1821 γὰρ
797 1753 856 1805 ού
884 1752 974 1805 τὸν
1005 1752 1116 1823 (40)
1150 1753 1316 1808 αίῶνα
1346 1753 1379 1819 ἢ
1410 1751 1478 1804 τὰ
1501 1753 1558 1805 ὲν
1583 1751 1659 1822 τῷ
1687 1751 1835 1804 αἰῶνι

271 1840 550 1907 γεγονέναι
569 1841 662 1895 διὰ
683 1841 780 1894 τοῦ
811 1842 1001 1910 Λόγου·
1029 1842 1181 1896 ἅτινα
1209 1841 1371 1894 οἴεται
1411 1842 1517 1910 πρὸ
1546 1841 1638 1894 τοῦ
1667 1840 1834 1908 Λόγου

271 1930 572 1996 γεγονέναι.
644 1931 1043 2002 Ἀναιδὲστερον
1097 1931 1154 1983 δὲ
1207 1931 1490 2000 ἱστάμενος
1547 1931 1682 1999 πρὸς
1740 1929 1798 1982 τό
1820 1946 1832 1960 ο

278 2037 295 2069 ι
330 2020 438 2071 Καὶ
468 2020 646 2089 χωρὶς
676 2020 841 2072 αὐτοῦ
874 2021 1084 2088 ἐγένετο
1103 2020 1221 2073 οὐδὲ
1249 2019 1325 2082 ἓν,
1370 2037 1387 2070 ι
1428 2018 1559 2088 μηδὲ
1586 2017 1836 2070 εὐλαϐού-

277 2123 430 2176 μενος
453 2108 568 2177 (ιιι)
603 2109 694 2160 τό·
733 2128 752 2159 ι
786 2110 878 2179 Μὴ
916 2109 1155 2180 προσθῇς
1181 2110 1288 2170 τοῖς
1328 2107 1503 2174 λόγοις
1531 2107 1713 2170 αὐτού,
1751 2107 1835 2159 ἵνα

281 2197 352 2266 μὴ
384 2197 581 2268 ἐλέγξῃ
624 2211 708 2261 σε,
758 2200 852 2252 καὶ
891 2198 1088 2268 ψευδὴς
1127 2199 1277 2267 γένῃ,
1319 2217 1338 2249 ι
1381 2197 1695 2268 προστίθησι
1739 2195 1832 2264 τῷ,

275 2287 410 2340 οὐδὲ
427 2286 516 2351 ἓν,
544 2305 564 2338 ι
595 2288 707 2340 τῶν
735 2289 793 2341 ἐν
813 2288 888 2357 τῷ
912 2289 1098 2358 κόσμῳ
1122 2289 1210 2340 καὶ
1229 2291 1293 2356 τῇ
1325 2287 1513 2340 κτίσει.
1547 2305 1563 2336 ι
1589 2287 1695 2338 Καὶ
1717 2286 1836 2338 ἐπεὶ

281 2375 528 2445 προφανῆ
575 2377 698 2428 ἐστι
741 2375 810 2428 τά
859 2377 948 2428 ὑπ’
997 2374 1159 2428 αὑτοῦ
1213 2374 1476 2448 λεγόμενα
1515 2373 1712 2442 σφόδρα
1751 2372 1837 2441 βε-

276 2464 561 2534 ϐιασμένα,
595 2465 695 2518 καὶ
728 2464 884 2535 παρά
918 2465 1015 2534 τὴν
1056 2464 1336 2533 ἐνάργειαν
1368 2463 1476 2532 (42)
1516 2461 1835 2529 ὲπαγγελλόυ

282 2571 432 2624 μενα,
473 2556 522 2607 εί
559 2556 632 2610 τὰ
673 2554 1004 2625 νομιζόμενα
1045 2554 1190 2623 αὐτῷ
1229 2554 1346 2607 θεῖα
1389 2551 1688 2605 ἐκκλείεται
1720 2550 1836 2604 τῶν

280 2645 532 2710 πάντων,
565 2645 637 2698 τὰ
657 2645 738 2708 δὲ,
766 2644 843 2707 ὡς
879 2646 1080 2704 ἐκεῖνος
1104 2642 1292 2705 οἴεται,
1328 2639 1599 2702 παντελῶς
1629 2640 1837 2709 φθειρό-

283 2751 408 2806 μενα
429 2734 639 2804 κυρίως
669 2733 870 2786 πάντα
895 2734 1164 2787 καλεῖται·
1198 2733 1295 2784 οὐκ
1319 2729 1745 2800 ὲπιδιατριπτέον
1767 2731 1833 2798 τῇ

279 2825 547 2899 ἀνατροπῇ
589 2824 702 2876 τῶν
759 2822 983 2879 αὐτόθεν
1024 2824 1122 2895 τὴν
1157 2821 1383 2875 ἀτοπίαν
1436 2819 1830 2889 ἐμφαινόντων·

279 2908 382 2965 οἷον
407 2913 462 2966 δὲ
496 2915 594 2966 καὶ
618 2913 685 2965 τὸ
717 2913 819 2982 τῆς
853 2912 1094 2983 Γραφῆς,
1136 2930 1154 2964 ι
1205 2912 1386 2980 Χωρὶς
1431 2909 1592 2964 αὑτοῦ
1624 2911 1836 2978 ἐγένετο

2016 1212 2068 1265 8.
2103 1211 2364 1266 Existimo
2419 1221 2594 1266 autem
2636 1213 3036 1283 lleracleoncm,
3089 1222 3177 1289 qui
3217 1223 3480 1281 Valentini

1943 1302 2233 1371 discipulus
2285 1317 2404 1356 esse
2468 1303 2660 1367 fertur,
2734 1319 2853 1358 cum
2931 1307 3044 1362 haec
3110 1312 3479 1372 edissereret:
3568 1330 3570 1332 '

1947 1407 1964 1439 ι
1992 1388 2179 1444 Omnia
2219 1404 2312 1459 per
2342 1390 2512 1458 ipsum
2554 1391 2692 1446 facta
2745 1405 2869 1448 sunt
2903 1395 2965 1459 ",
2991 1414 3010 1447 ι
3062 1409 3248 1453 coacte
3291 1412 3343 1453 et
3365 1404 3482 1457 sine

1943 1479 2243 1534 testimonio
2287 1482 2541 1536 mundum
2570 1483 2877 1539 universum
2921 1499 3140 1554 qumque
3169 1489 3220 1542 in
3254 1503 3319 1542 eo
3358 1501 3481 1545 sunt

1943 1569 2232 1638 excepisse,
2279 1571 2666 1639 excludentem,
2703 1585 2960 1643 quantum
2987 1577 3151 1646 ipsius
3181 1579 3282 1635 fert
3311 1582 3479 1668 hypo-

1945 1657 2130 1722 tltcsis,
2165 1673 2227 1712 ex
2258 1661 2508 1716 omnibus
2542 1665 2978 1730 praestantissima
3027 1682 3250 1736 quaeque
3299 1657 3478 1727 mundi

1937 1755 2192 1804 eteorum
2219 1753 2405 1817 quaain
2429 1751 2543 1818 ipso
2564 1752 2926 1808 continentur.
2962 1755 3208 1810 Aitenim
3241 1773 3338 1826 per
3352 1761 3480 1816 Serv

1938 1847 2146 1888 monem
2177 1852 2279 1890 non
2305 1840 2578 1904 sacculum,
2604 1856 2706 1896 non
2730 1857 2849 1910 qua:
2878 1844 2929 1898 in
2957 1847 3148 1900 saeculo
3170 1857 3314 1912 sunt,
3338 1848 3480 1910 facta

1939 1922 2121 1987 fuisse,
2153 1925 2464 1981 existimans
2487 1929 2572 1981 illa
2599 1939 2726 1986 ante
2755 1932 3070 1988 Sermonem
3095 1933 3276 1990 fuisse.
3305 1934 3478 2006 lmpu.

1937 2013 2148 2067 dentius
2217 2016 2430 2084 insuper
2469 2018 2676 2074 instans
2734 2023 2799 2076 ad
2864 2023 2991 2077 illud
3027 2041 3041 2077 :
3074 2042 3092 2076 ι
3123 2027 3186 2080 Ει
3246 2026 3362 2082 sine
3415 2043 3482 2082 eo

1937 2101 2131 2155 factum
2193 2114 2274 2159 est
2327 2106 2459 2160 nihil
2512 2108 2618 2174 '8,»
2669 2126 2839 2179 neque
2890 2115 3094 2170 veritus
3143 2116 3318 2171 illud:
3358 2117 3478 2176 «Ne

1935 2191 2204 2247 addideris
2247 2197 2585 2253 sermonibus
2635 2199 2774 2268 ejus,
2826 2218 2892 2258 ne
2944 2218 2994 2257 te
3046 2204 3370 2274 redarguat,
3425 2219 3482 2262 et

1938 2281 2160 2334 mendax
2193 2283 2267 2337 sis
2304 2286 2365 2348 ",
2386 2303 2402 2334 ι
2420 2285 2490 2340 illi
2511 2291 2644 2352 voci,
2667 2292 2812 2356 nihil,
2836 2293 3002 2360 addit,
3026 2313 3042 2342 ι
3064 2310 3247 2349 eorum
3266 2311 3384 2363 qua;
3425 2298 3478 2352 in

1937 2371 2135 2425 mundo
2182 2382 2305 2426 sunt
2354 2384 2406 2428 et
2459 2376 2511 2429 in
2562 2377 2662 2432 hac
2701 2381 3023 2436 conditione.
3069 2400 3090 2434 ι
3133 2383 3199 2437 Et
3223 2388 3478 2452 quoniam

1936 2467 2176 2524 apertum
2203 2469 2285 2513 est
2315 2461 2457 2516 dicta
2488 2464 2652 2530 ipsius
2684 2467 2834 2521 valde
2875 2481 3061 2524 coacta
3088 2485 3228 2536 esse,
3261 2484 3480 2541 praeter.

1934 2560 2037 2614 que
2088 2550 2409 2605 evidentiam
2449 2557 2824 2620 pronuntiata,
2870 2559 2914 2610 si
2965 2575 3081 2626 qua:
3131 2562 3244 2628 ipse
3300 2544 3478 2618 divina

1935 2637 2200 2704 Opinatur,
2231 2640 2586 2698 excluduntur
2620 2659 2650 2697 a
2698 2659 2828 2699 voce
2873 2649 3127 2708 omnium,
3180 2664 3298 2718 qua:
3350 2666 3480 2708 vero

1935 2734 2061 2778 sunt
2112 2727 2363 2795 opinione
2414 2745 2509 2785 sua
2563 2734 2784 2789 omnino
2835 2736 3207 2804 corruptibilia
3262 2741 3480 2806 proprie

1936 2813 2185 2869 dicuntur
2216 2819 2410 2884 omnia,
2450 2835 2554 2874 non
2599 2822 2988 2876 immorandum
3016 2826 3172 2879 nobis
3201 2837 3279 2881 est
3317 2829 3368 2882 in
3397 2829 3480 2884 his

1935 2901 2273 2958 cont‘utandis
2316 2921 2435 2974 qua:
2463 2921 2528 2964 ex
2570 2921 2628 2962 se
2649 2910 3031 2964 absurditatcm
3063 2928 3172 2980 pra:
3200 2930 3256 2968 se
3279 2916 3477 2972 ferunt.

279 3003 391 3055 οὐδὲ
425 3003 504 3070 ἓν,
545 3022 564 3054 ι
609 3003 972 3074 προστιθέντα
1011 3004 1168 3056 αὐτὸν
1199 3004 1326 3056 ἀνευ
1360 3001 1703 3072 παραμυθίας
1738 3000 1833 3069 τῆς

1940 2989 2103 3054 Quale
2144 3001 2227 3045 est
2275 2993 2404 3046 illud
2450 2995 2608 3048 etiam
2671 2998 2835 3064 quod,
2890 2998 3167 3068 Scriptura
3217 3002 3476 3058 dicente:

279 3091 382 3144 ἀπὸ
421 3093 520 3162 τῆς
567 3093 798 3162 Γραφῆς
837 3091 929 3144 τό·
983 3110 1002 3143 ι
1047 3092 1164 3144 Τῶν
1194 3094 1253 3144 ὲν
1296 3091 1372 3161 τῷ
1421 3090 1605 3160 κόσμῳ
1646 3091 1737 3143 καὶ
1767 3091 1832 3158 τῇ

283 3181 479 3244 κτίσει,
541 3201 562 3234 ι
617 3181 758 3252 μηδὲ
815 3180 950 3250 μετὰ
1015 3181 1364 3251 πιθανότητος
1411 3179 1830 3249 ἀποφαίνεσθαι,

282 3271 619 3327 πιστεύεσθαι
665 3269 923 3334 ἀξιοῦντα
956 3271 1152 3340 ὁμοίως
1194 3271 1496 3340 προφήταις
1537 3270 1570 3338 ἢ
1610 3269 1834 3324 ἀποστό-

281 3358 386 3422 λοις
437 3363 547 3423 τοῖς
603 3361 723 3430 μετ’
784 3359 1030 3424 ἐξουσίας
1086 3359 1179 3411 καὶ
1243 3356 1619 3420 ἀνυπευθύνως
1673 3374 1836 3409 κατα-

282 3446 512 3500 λείπουσι
542 3449 659 3510 τοίς
689 3447 814 3499 καθ’
855 3446 1050 3508 αὐτοὺς
1090 3446 1183 3500 καὶ
1215 3443 1329 3514 μεθ’
1365 3444 1559 3505 αὐτοὺς
1597 3445 1835 3514 σωτήρια

282 3535 593 3606 γράμματα.
630 3537 755 3588 Ἔτι
775 3535 832 3588 δὲ
861 3535 1003 3597 ἰδίως
1037 3533 1276 3587 καὶτοῦ·
1308 3551 1326 3582 ι
1360 3532 1542 3586 Πάντα
1579 3532 1644 3584 δι’
1673 3531 1832 3586 αύτοῦ

283 3623 503 3689 ἐγένετο,
528 3643 548 3675 ι
571 3623 859 3694 ὲξήκουσε,
878 3623 1096 3690 φάσκων
1119 3621 1208 3674 τὸν
1225 3621 1323 3694 τὴν
1346 3621 1521 3674 αἰτίαν
1541 3620 1836 3691 παρασχόν-

282 3731 345 3766 τα
362 3715 453 3785 τῆς
474 3716 748 3783 γενέσεως
771 3713 866 3767 τοῦ
892 3715 1094 3784 κόσμου
1124 3713 1198 3782 τῷ
1224 3711 1543 3783 Δημιουργῷ
1561 3712 1651 3764 τὸν
1670 3712 1834 3778 Λόγον

279 3803 396 3856 ὄντα
440 3801 580 3857 εἶναι
603 3804 740 3873 (45),
775 3805 836 3856 ού
879 3805 969 3856 τὸν
1004 3804 1105 3871 ἀφ’
1131 3798 1224 3866 οὗ,
1251 3803 1283 3871 ἢ
1313 3803 1409 3870 ὑφ’
1449 3797 1541 3862 οὗ,
1574 3799 1705 3856 ἀλλὰ
1744 3800 1834 3852 τὸν

278 3891 348 3944 δι’
371 3889 463 3958 οὗ,
497 3895 628 3964 περὶ
658 3893 769 3946 τῶν
805 3895 862 3947 ὲν
889 3895 954 3963 τῇ
985 3891 1238 3964 συνηθείᾳ
1274 3891 1468 3962 φράσιν
1495 3890 1604 3959 (44)
1627 3890 1836 3958 ἐκδεχὸ-

282 3998 428 4050 μενος
460 3983 522 4036 τὸ
563 3981 968 4052 γεγραμμένον.
1007 3983 1070 4033 Ei
1108 3981 1236 4050 γὰρ,
1271 3980 1345 4042 ὡς
1384 3982 1512 4042 νοεῖ,
1543 3981 1576 4049 ὴ
1615 3977 1834 4049 ἀλήθεια

276 4071 377 4124 τῶν
401 4074 746 4144 πραγμάτων
775 4069 864 4143 ἦν,
891 4073 996 4129 ἔδει
1027 4072 1116 4126 διὰ
1146 4071 1239 4124 τοῦ
1268 4069 1600 4142 Δημιουργοῦ
1636 4071 1835 4139 γεγρά-

277 4162 397 4230 φθαι
428 4164 610 4218 πάντα
639 4162 921 4230 γεγονέναι
949 4161 1054 4216 ὑπὸ
1079 4161 1172 4214 τοῦ
1201 4160 1393 4227 Λόγου,
1417 4161 1535 4229 οὐχὶ
1553 4159 1608 4211 δὲ
1632 4160 1834 4212 ἀνάπα-

1942 3095 1960 3128 ι
1989 3077 2050 3130 Et
2079 3078 2333 3148 sincipso
2375 3080 2574 3135 {aetum
2628 3093 2708 3136 est
2763 3086 2914 3148 nihil,
2941 3105 2960 3136 ι
3011 3088 3124 3156 ipse
3168 3091 3316 3145 addit
3363 3092 3480 3148 situ:

1935 3167 2249 3221 anctoritate
2275 3169 2564 3238 Scriptura:
2590 3189 2603 3227 :
2632 3189 2651 3222 ι
2683 3174 2876 3227 Eorum
2909 3190 3026 3242 qua:
3053 3188 3176 3232 sunt
3203 3180 3254 3232 in
3283 3182 3478 3242 munde

1934 3262 1987 3306 et
2014 3256 2317 3321 creatione,
2353 3275 2371 3308 ι
2417 3259 2555 3326 quod
2589 3274 2764 3328 neque
2799 3275 2918 3316 cum
2950 3267 3324 3332 probabilitate
3356 3284 3478 3338 pro-

1935 3344 2177 3410 nuntiat,
2206 3347 2298 3400 sed
2339 3346 2554 3416 dignum
2583 3363 2641 3401 se
2671 3361 2824 3419 putat
2861 3353 2946 3406 cui
2978 3369 3082 3408 non
3128 3370 3282 3412 secus
3316 3369 3478 3430 atque

1935 3432 2206 3500 prophetis
2235 3435 2314 3489 vel
2334 3437 2583 3503 apostolis
2606 3440 2876 3508 credatur,
2904 3445 2994 3513 qui
3017 3459 3137 3500 cum
3157 3449 3479 3506 auctoritate

1934 3530 1988 3574 ct
2020 3523 2288 3590 inculpate
2338 3525 2671 3594 reliquerunt
2710 3532 2790 3584 sui
2833 3533 3099 3590 similibus
3148 3551 3211 3590 ac
3245 3542 3478 3606 posteris

1933 3612 2044 3666 suis
2087 3613 2347 3670 salutaria
2393 3619 2621 3684 scripta.
2652 3619 2774 3675 Jam
2804 3636 2932 3675 vero
2973 3634 3028 3677 et
3079 3626 3180 3678 hoc
3232 3617 3476 3690 dictum;

1940 3720 1958 3751 ι
1989 3701 2180 3756 Omnia
2235 3719 2328 3772 per
2373 3705 2546 3773 ipsum
2584 3709 2723 3764 facta
2766 3720 2933 3778 sunt,
2965 3732 2984 3764 ι
3024 3714 3270 3780 privatim
3315 3726 3478 3786 atque

1933 3805 2086 3846 secus
2129 3809 2290 3861 quam
2319 3793 2406 3847 alii
2442 3800 2687 3864 exposuit
2714 3799 2898 3854 dicens
2923 3843 2937 3866 ,
2987 3802 3299 3860 Sermonem
3353 3821 3474 3861 eum

1933 3896 2050 3936 esse
2099 3883 2189 3950 qui
2241 3898 2456 3938 causam
2528 3888 2818 3954 praebuerit
2875 3894 3236 3958 generationis
3291 3897 3476 3955 tuendi

1931 3971 2036 4042 67
2066 3970 2276 4038 Opiﬁci,
2299 3987 2397 4026 nec
2420 3982 2594 4028 tamen
2625 3974 2872 4032 Sermoni
2905 3989 3208 4047 competere
3235 3984 3473 4050 particuo-

1932 4061 2036 4113 lam
2067 4077 2099 4115 α
2122 4077 2220 4130 quo
2249 4063 2328 4115 vel
2361 4079 2424 4116 ea:
2445 4081 2569 4132 quo,
2616 4067 2707 4119 sed
2737 4082 2828 4133 per
2861 4084 3008 4135 quem
3035 4108 3051 4134 ,
3095 4083 3370 4140 exponens
3416 4075 3473 4129 id

1933 4153 2071 4220 quod
2099 4153 2357 4221 scriptum
2389 4164 2491 4217 est,
2520 4155 2754 4221 phrasim
2777 4171 2895 4210 esse
2923 4169 3265 4226 consuetam;
3300 4163 3394 4216 sed
3425 4163 3472 4217 si

275 4248 354 4302 λιν
374 4249 459 4302 διὰ
479 4250 574 4304 τοῦ
599 4251 774 4318 Λόγου
803 4250 907 4304 ὑπὸ
934 4249 1027 4306 τοῦ
1049 4247 1406 4319 Δημιουργοῦ.
1432 4248 1537 4304 Καὶ
1558 4250 1714 4316 ἡμεῖς
1739 4249 1832 4316 μὲν

1940 4253 2110 4294 rerum
2139 4239 2335 4298 veritas
2367 4249 2504 4305 erat,
2538 4250 2596 4294 ut
2639 4241 2750 4310 ipse
2780 4255 2952 4311 putat,
3002 4248 3258 4316 scriptum
3307 4248 3474 4306 fuisse

272 4339 360 4407 τῇ.
382 4338 456 4393 δι’
501 4335 598 4402 οὗ,
624 4338 960 4409 χρησάμενοι
998 4337 1298 4399 ἀκολούθως
1329 4339 1395 4407 τῇ
1432 4336 1702 4406 συνηθείᾳ,
1735 4337 1832 4392 οὐκ

1940 4329 2190 4394 oportuit,
2245 4329 2422 4382 omnia
2465 4343 2561 4396 per
2619 4329 2878 4400 Opiﬁcem
2912 4335 3052 4390 facta
3084 4335 3250 4389 fuisse
3280 4351 3308 4390 a
3347 4338 3473 4392 Ser-

272 4425 582 4497 ἀμάρτυρον
614 4427 715 4495 τὴν
746 4426 966 4497 ἐκδοχὴν
1008 4427 1295 4495 ἀφήκαμεν
1315 4442 1327 4454 ’
1371 4426 1572 4487 ἐκεῖνος
1601 4425 1657 4476 δὲ
1696 4424 1830 4494 πρὸς

272 4511 332 4562 τὸ
363 4513 434 4584 μὴ
479 4513 982 4585 παραμεμυθῆσθαι
1016 4513 1122 4567 ἀπὸ
1157 4512 1262 4564 τῶν
1304 4511 1460 4564 θείων
1487 4510 1825 4580 Γραμμάτων

271 4601 362 4653 τὸν
398 4601 520 4656 καθ’
551 4602 746 4656 ἑαυτὸν
770 4600 913 4667 νοῦν,
944 4603 1190 4670 φαίνεται
1225 4601 1338 4671 (45)
1375 4600 1466 4653 καὶ
1491 4601 1826 4662 ὑποπτεύσας

270 4690 329 4743 τὸ
364 4691 584 4762 ἀληθὲς,
612 4691 708 4744 καὶ
740 4691 968 4753 ἀναιδῶς
999 4689 1145 4760 αύτῷ
1167 4689 1501 4757 ἀντιϐλέψας.
1535 4691 1668 4758 Φησὶ
1697 4688 1824 4759 γὰρ,

270 4779 348 4832 ότι
378 4782 478 4852 οὐχ
521 4782 601 4844 ὡς
633 4781 725 4833 ὑπ’
775 4779 932 4837 ἀλλου
977 4779 1316 4850 ἐνεργοῦντος
1367 4778 1524 4840 αὐτὸς
1577 4778 1743 4840 ἐποίει
1797 4779 1826 4840 ό

339 4894 379 4926 "
402 4892 561 4948 Joan.
596 4909 638 4959 ι,
671 4891 728 4946 5.
807 4893 849 4923 ¹⁸
878 4892 1006 4946 ibid.
1084 4894 1125 4931 ι’
1155 4891 1312 4944 Prov.
1338 4902 1464 4953 xxx,
1497 4894 1548 4951 6.

334 4986 446 5056 (39)
487 4984 886 5059 Ἡρακλέωνα.
937 4993 1047 5059 etc._
1097 4983 1180 5059 _De
1226 4983 1555 5059 lleracleone
1599 4983 1816 5059 ejusque

268 5050 560 5122 dogmatis
581 5053 766 5122 videre
801 5061 881 5104 est
912 5051 1050 5122 apud
1097 5051 1349 5122 Irenaeum
1387 5050 1476 5101 lib.
1510 5064 1571 5111 II,
1600 5065 1723 5122 cap.
1753 5051 1816 5114 4;

267 5119 663 5176 Tertullianum
689 5119 761 5171 De
815 5120 1063 5186 rwscript.
1082 5121 1282 5175 advers,
1305 5122 1509 5187 lintrem,
1529 5131 1646 5183 cap.
1664 5119 1751 5179 49,
1767 5129 1822 5170 et

267 5206 388 5238 can-
413 5191 466 5238 4.
498 5191 709 5238 advers.
751 5135 954 5238 ipa/em.
981 5203 1001 5238 :
1043 5186 1392 5238 Eninhanium
1422 5184 1605 5237 haeres.
1636 5200 1818 5238 xxxvr.

267 5191 466 5270 cepa},
498 5191 709 5242 advers.
751 5184 954 5248 Valent.
981 5184 1001 5250 ζ
1043 5184 1605 5257 Epiphaniumlnnres.
1636 5200 1818 5250 xxxvr,

269 5259 664 5411 θῗᾶρῗεάυάει
722 5325 1081 5386 Bodleianus,
1137 5320 1462 5388 Διαφέροντα
1506 5317 1610 5388 γάρ
1659 5335 1820 5388 φησιν

219 5436 225 5442 ⁸
268 5394 822 5528 ou(?r).l§:)‘:lleianlts
871 5468 932 5528 «ξι
959 5456 1299 5528 Barherinns,
1355 5453 1484 5522 μηδὲ
1509 5453 1830 5526 εύλασούμε-

269 5525 380 5594 νος,
417 5525 636 5598 Regius,
674 5529 749 5598 μὴ
775 5525 1185 5598 εὐλαϐούμενος.

340 5559 380 5594 ᾖ,
417 5559 636 5598 ιιιῖδιιιδ,
674 5559 749 5598 μη
775 5559 1185 5599 αυηυιυνυμςςννν
1499 5559 1507 5567 .
1673 5589 1684 5601 .

340 5599 460 5667 «42)
493 5600 820 5650 Bodleianus
862 5604 914 5644 et
944 5593 1289 5656 Barberums,
1314 5589 1611 5659 ἐνάργειαν,
1643 5604 1830 5664 sreque

477 5689 757 5750 ΡΑτιιοι.
801 5684 915 5741 Gn.
967 5679 1142 5743 XIV.

1937 4431 2112 4481 mone,
2155 4432 2258 4470 non
2289 4419 2402 4472 vice
2432 4432 2584 4471 versa
2625 4435 2718 4488 per
2765 4420 3080 4478 Sermonem
3134 4426 3200 4480 ah
3247 4424 3466 4492 Opiﬁce.

1932 4507 1998 4558 Et
2048 4522 2143 4562 nos
2188 4509 2404 4580 quidem
2449 4526 2569 4566 cum
2606 4512 2684 4566 usi
2728 4527 2910 4567 sumus
2944 4515 3128 4568 vocula
3170 4533 3262 4584 per
3297 4533 3467 4586 quem,

1934 4597 2151 4664 perinde
2201 4608 2359 4666 atque
2413 4600 2542 4660 facit
2593 4604 2954 4668 consuetudo,
3012 4621 3115 4658 non
3174 4608 3290 4661 sine
3335 4615 3470 4662 testo

1932 4687 2316 4754 expositionem
2349 4691 2670 4745 dimisimus.
2710 4693 2778 4749 At
2808 4707 2932 4746 vero
2963 4693 3072 4755 ille,
3113 4705 3466 4763 praeterquam

1932 4777 2072 4845 quod
2098 4790 2246 4830 suam
2273 4778 2574 4848 opinionem
2601 4794 2630 4834 e
2656 4780 2850 4835 divinis
2883 4781 3177 4850 Scripturis
3206 4799 3310 4837 non
3339 4798 3468 4838 con-

1929 4981 2052 5048 legit
2106 4981 2417 5099 Ferrl'arius;
2463 4983 2627 5038 codex
2675 4996 2800 5036 vero
2847 4981 3041 5047 Regius
3099 4982 3262 5036 habet.
3319 4983 3466 5053 ἐνέρ-

1929 5066 2098 5099 γειαν.
2135 5064 2215 5099 ma
2239 5064 2289 5099 Θ.

1965 5066 2098 5107 ειαν,
2135 5064 2289 5102 male.

1928 5066 2106 5186 γεῖῗέ)
2135 5066 2308 5186 Ὲῖὶθέι
2338 5118 2486 5186 deest
2536 5119 2585 5169 in
2620 5119 2801 5170 codice
2842 5117 3024 5184 Regio,
3054 5118 3145 5172 sed
3187 5128 3364 5176 exstat
3410 5136 3462 5174 In

1929 5184 2200 5240 codicibus
2237 5184 2519 5237 Bodleiano
2552 5197 2603 5236 et
2635 5186 2943 5240 Barberino.

1998 5252 2108 5322 (44)
2133 5251 2308 5322 Codex
2338 5252 2550 5322 Regius,
2581 5253 2758 5320 φασίν.

1998 5318 2105 5389 (45)
2132 5318 2283 5390 Πρὸς
2311 5318 2377 5370 τὸ
2401 5318 2483 5390 μὴ
2515 5318 3031 5390 παραιιεμυθῆσθιιι
3053 5323 3167 5375 ἀπὸ
3205 5322 3320 5376 τῶν
3347 5325 3463 5378 θεόη

1939 5385 2018 5440 ων
2039 5385 2394 5457 Γρρμμὰτων
2423 5385 2528 5457 τὸν
2569 5385 2694 5444 καθ’
2729 5385 2939 5444 ἑαυτὸν
2982 5390 3130 5443 γοῦν
3174 5394 3460 5457 φαίνεται,

1938 5469 2059 5528 etc._
2106 5454 2196 5507 Sic
2248 5456 2388 5528 hunc
2423 5455 2616 5528 lucum,
2657 5461 2706 5509 in
2747 5461 2930 5528 codice
2982 5460 3143 5526 Regio
3176 5454 3458 5528 l'oedatum,

1939 5525 2220 5592 restituunt
2249 5522 2401 5592 codd.
2433 5523 2749 5580 Bodleianns
2791 5535 2843 5580 et
2871 5522 3223 5592 Barherinus;
3278 5522 3459 5587 verum

1937 5607 2031 5665 pro
2056 5590 2184 5668 πρὸς
2210 5591 2270 5648 τό
2303 5591 2576 5671 legendum
2605 5596 2812 5649 videtur
2839 5595 2969 5670 πρὸς
2991 5595 3085 5664 τῷ.

3126 5683 3164 5741 5
