3848 6210
715 301 815 355 1'59

2134 285 2459 342 'ORIGENIS

713 420 915 477 firmat,
937 413 1152 466 videtur
1195 414 1249 462 et
1294 403 1596 474 suspicatus
1647 403 1813 459 fuisse
1863 404 2158 466 veritatem,
2193 414 2232 457 et

1992 413 2158 466 atem,
2193 412 2245 457 et
2293 409 2333 466 Α
2364 404 2547 470 Λόγος,
2568 403 2630 454 ἵν’
2655 403 2793 456 οὕτω
2813 403 2973 472 νοηθῇ
2996 403 3074 466 τὸ,
3110 402 3224 453 δι’
3262 401 3511 452 αὐτοί

717 506 1048 573 impudenter
1073 501 1146 554 illi
1165 499 1478 553 adversatus
1513 497 1696 550 dicens
1727 513 1740 548 :
1770 495 1885 549 Non
1922 495 2061 548 enim
2087 494 2252 548 facie-

713 597 801 649 bat
837 597 948 660 ipse
981 591 1192 650 Sermo,
1228 596 1478 653 tanquam
1507 585 1572 637 ab
1597 583 1704 638 alio
1745 593 1997 653 Operante
2042 585 2136 651 (ut
2170 588 2250 640 sic

711 686 1094 752 intelligeretur
1147 678 1335 732 vocula
1367 692 1456 743 per
1488 674 1696 743 quem),
1727 676 1818 729 sed
1859 676 1972 742 ipso
1997 685 2250 742 operante

710 765 1122 822 alins'faciebat.
1144 763 1407 817 Caeterum
1429 775 1533 813 non
1568 761 1847 827 prtesentis
1879 771 1962 814 est
1997 762 2250 828 temporis

709 852 938 920 probare
985 850 1125 917 quod
1175 846 1356 901 mundi
1391 844 1577 912 Opifex
1632 854 1686 898 et
1733 845 2023 900 fabricator
2060 847 2248 901 fecerit

708 938 986 1000 mundum,
1017 950 1122 989 non
1153 934 1321 988 factus
1348 931 1592 984 minister
1624 927 1921 994 Sermonis,
1963 941 2016 984 et
2060 941 2249 985 osten-

706 1027 836 1080 dere
866 1025 1004 1092 quod
1057 1024 1248 1076 Sermo
1271 1060 1285 1080 ,
1327 1030 1381 1086 ut
1435 1017 1676 1069 minister
1706 1016 1959 1084 Opilicis,
1997 1019 2246 1071 mundum

707 1117 1026 1170 condiderit.
1050 1114 1203 1167 Juxta
1230 1112 1398 1164 David
1437 1113 1577 1165 enim
1615 1111 1930 1178 prophetam
1965 1108 2033 1170 ὀ,
2065 1127 2083 1158 (
2113 1108 2248 1160 Dens

698 1204 862 1268 dixit,
905 1211 958 1256 et
993 1202 1131 1255 facta
1181 1208 1343 1265 sunt;
1379 1198 1668 1261 mandavit,
1711 1206 1764 1250 et
1805 1205 1982 1250 creata
2015 1206 2175 1261 sunt;
2221 1213 2240 1245 ι

705 1292 980 1347 mandavit
1006 1291 1151 1342 enim
1195 1290 1461 1357 ingenitus
1495 1289 1632 1340 Deus
1680 1287 2039 1356 Pritnogenito
2071 1287 2247 1340 omnis

697 1390 984 1441 creaturae,
1026 1389 1080 1432 et
1119 1388 1298 1432 creata
1335 1388 1476 1440 sunt,
1534 1393 1639 1430 non
1689 1376 1863 1430 solum
1911 1377 2143 1430 mundus
2194 1385 2248 1428 ct

700 1489 825 1542 qua:
862 1480 986 1525 sunt
1014 1471 1065 1523 in
1103 1470 1210 1532 illo,
1244 1483 1425 1522 verum
1459 1469 1616 1520 etiam
1645 1466 1844 1533 reliqua
1867 1467 2063 1528 omnia,
2103 1466 2246 1520 (sive

2355 491 2570 557 γοῦντος
2603 490 2783 561 ἔτερος
2827 491 3014 544 ἐποίει.
3067 490 3166 541 Οὐ
3216 486 3359 540 τοῦ
3430 504 3518 539 πε

2355 578 2563 647 ἐλέγξαι
2602 581 2684 643 τὸ,
2724 580 2796 650 μὴ
2825 582 2914 632 τὸν
2940 579 3376 649 Δημιουργὸν
3427 579 3524 630 ὑπ

2353 669 2707 738 γεγενημένον
2757 670 2846 722 τὸν
2902 669 3108 738 κόσμσν
3188 685 3282 719 πε
3293 683 3528 733 ποιηδι

2353 757 2559 822 κνύναι,
2580 759 2659 810 ὅτι
2679 759 2952 827 ὑπηρέτης
2968 757 3063 810 τοῦ
3088 758 3188 826 Δη
3202 772 3528 826 μιουργε

2353 860 2446 910 γος
2479 844 2570 896 τὸν
2598 846 2796 914 κόσμον
2825 845 3266 899 κατεσκεύασε.
3323 845 3528 896 Kac:

2352 949 2449 1002 την
2479 934 2662 985 Δαυῖδ·
2704 953 2721 984 t
2763 935 2819 986 ὐ
2851 934 2982 998 Θεὸς
3015 931 3185 997 εἷπε,
3253 934 3384 986 καὶ
3423 934 3530 999 ὲγι

2353 1020 2498 1084 λατο,
2531 1021 2622 1073 καὶ
2655 1022 3002 1091 ἐκτίσθησαν·
3042 1041 3061 1072 ι
3093 1020 3512 1074 ἐνετείλατο

2352 1111 2480 1173 Θεὸς
2499 1111 2576 1181 τῷ
2601 1112 2931 1183 Πρωτοπόκῳ
2961 1113 3161 1180 πάσης
3207 1112 3530 1171 κτίσεως

2351 1202 2408 1252 ού
2441 1203 2595 1272 μόνον
2624 1205 2652 1254 ὁ
2678 1203 2876 1272 κόσμος
2904 1203 3091 1255 καὶτὰ
3125 1205 3200 1256 ἐν
3241 1201 3470 1270 αὐτῷ,
3507 1205 3530 1253 ε

2351 1292 2546 1357 πάντα,
2571 1312 2588 1343 t
2615 1294 2723 1345 εἴτε
2745 1292 2938 1362 θρόνοι,
2961 1295 3071 1344 εἴτε
3101 1293 3529 1362 κυριότητες

2349 1382 2456 1432 εἴτε
2495 1381 2748 1446 ἐξουσίαι·
2796 1381 2970 1433 πάντα
3017 1381 3136 1450 γὰρ
3202 1381 3289 1432 δι’
3328 1379 3528 1432 αὐτοὶ

2352 1469 2612 1533 ἔκτισται,
2648 1472 2739 1523 καὶ
2763 1471 2920 1533 αὑτός
2954 1472 3069 1523 ἐστι
3104 1471 3240 1540 πρὸ
3280 1471 3528 1521 πάντω

704 1567 903 1630 throni,
938 1566 1050 1618 sive
1076 1563 1488 1623 dominationes,
1520 1561 1632 1614 sive
1657 1559 2004 1628 principatus,
2029 1561 2143 1614 sive
2174 1570 2464 1629 potestates
2490 1584 2502 1619 :
2526 1568 2703 1620 omnia
2734 1568 2875 1621 enim
2900 1582 2993 1635 per
3020 1565 3216 1630 illum,
3261 1577 3328 1618 et
3364 1567 3428 1618 in
3462 1566 3530 1617 ill

705 1665 759 1711 et
786 1658 898 1726 ipse
923 1665 1004 1710 est
1028 1664 1151 1708 ante
1184 1654 1362 1708 omnia
1392 1655 1455 1706 “.
1491 1671 1510 1705 ι

774 1753 829 1806 9.
860 1750 939 1804 Ad
976 1751 1087 1803 haec
1112 1749 1162 1802 in
1194 1750 1292 1801 hoc
1321 1748 1518 1801 dictum
1551 1763 1565 1800 :
1609 1765 1627 1798 t
1654 1746 1720 1800 Et
1757 1747 1870 1802 sine
1902 1748 2016 1817 ipso
2045 1748 2240 1802 factum
2273 1770 2315 1823 Β

704 1853 790 1896 est
841 1841 973 1895 nihil
1003 1843 1069 1904 ²²,
1100 1859 1118 1892 ι
1177 1855 1278 1893 non
1329 1840 1528 1893 intacta
1584 1840 1812 1894 sinenda
1860 1849 1942 1896 est
1974 1842 2146 1894 oratio
2181 1842 2247 1895 de

706 1934 836 1988 v-itio
869 1952 882 1986 :
913 1931 1158 2000 quamvis
1201 1931 1344 1984 enim
1381 1929 1668 1983 admodum
1718 1930 2054 1985 dissentanea
2091 1939 2248 1997 atque

697 2021 969 2076 absimilis
1024 2033 1145 2073 esse
1199 2019 1463 2082 videatur,
1532 2034 1628 2088 ego
1679 2019 1810 2072 nihil
1868 2019 2038 2073 ferme
2091 2019 2246 2074 facile

703 2111 1150 2166 contemnendum
1179 2123 1297 2162 esse
1326 2121 1538 2162 censeo.
1584 2107 1937 2174 Quaerendum
1978 2108 2119 2162 enim
2167 2119 2249 2164 est

707 2217 772 2255 an
806 2200 965 2255 etiam
991 2200 1179 2252 vitium
1212 2213 1305 2266 per
1332 2197 1485 2265 λόγον
1516 2196 1592 2267 [id
1624 2208 1706 2251 est
1723 2196 2011 2266 rationem]
2052 2197 2246 2251 lactant

697 2293 794 2354 sit,
821 2291 1082 2345 sumendo
1113 2304 1251 2341 nunc
1294 2288 1446 2355 λόγον
1482 2287 1570 2357 [id
1600 2295 1680 2341 est
1711 2286 2015 2358 rationem]
2046 2297 2249 2341 attente

693 2393 760 2435 et
796 2381 1078 2448 diligenter
1107 2393 1203 2446 pro
1254 2392 1319 2430 eo
1360 2378 1499 2446 λόγῳ
1525 2376 1614 2444 qui
1666 2387 1747 2430 est
1802 2378 1854 2430 in
1901 2392 2242 2444 unoquoque,

698 2470 958 2538 quoniam
987 2478 1041 2522 et
1074 2469 1188 2535 ipse
1214 2467 1479 2534 ingenitus
1509 2476 1591 2522 est
1622 2467 1847 2535 singulis
1887 2466 1953 2518 ab
1997 2480 2062 2518 eo
2097 2465 2250 2534 Λόγῳ

704 2561 800 2626 qui
833 2568 950 2613 erat
994 2560 1044 2611 in
1089 2559 1380 2626 principio.
1418 2558 1594 2624 lnquit
1641 2556 1805 2624 igitur
1843 2555 2131 2622 Apostolus
2160 2556 2246 2608 ":

713 2667 734 2700 ι
774 2649 903 2703 Sine
945 2650 1061 2716 lege
1117 2657 1390 2715 peccatum
1449 2656 1533 2700 est
1578 2655 1868 2708 mortuum,
1910 2664 1928 2696 ι
1978 2653 2031 2698 et
2057 2645 2246 2697 addit:

712 2758 734 2790 ι
766 2739 1024 2794 Veniente
1057 2747 1232 2790 autem
1262 2737 1512 2790 mandato
1537 2775 1552 2800 ,
1589 2744 1868 2805 peccatum
1903 2735 2092 2788 revixit
2131 2734 2195 2792 “.
2227 2754 2245 2786 ι

708 2830 960 2882 universe
987 2828 1181 2881 docens
1211 2827 1276 2880 de
1315 2836 1566 2894 peccato,
1596 2826 1738 2894 quod
1766 2835 2041 2894 peccatum
2082 2824 2249 2892 ipsum

700 2920 905 2973 nullam
941 2919 1138 2973 habeat
1171 2917 1578 2986 operationem,
1617 2926 1898 2983 antequam
1940 2915 2124 2968 veniat
2167 2913 2248 2965 lex

703 3020 761 3065 et
786 3009 1118 3064 mandatum.
1149 3005 1381 3060 Proinde
1421 3019 1537 3058 cum
1584 3003 1737 3072 λόγος
1779 3003 1855 3074 [id
1882 3012 1964 3057 est
2003 3001 2158 3072 ratio]
2183 3003 2250 3055 sit

2415 1752 2532 1803 Ἔτι
2565 1753 2643 1814 εἰς
2673 1752 2756 1805 τό·
2797 1771 2815 1802 t
2847 1750 3028 1822 Χωρὶς
3061 1747 3254 1804 αὑτοῦ
3300 1748 3529 1816 ἐγένετ

2347 1841 2684 1910 ἀγύμναστον
2713 1842 2892 1894 ἐατέον
2943 1843 3036 1894 καὶ
3075 1840 3180 1892 τὸν
3235 1857 3316 1891 πε
3328 1840 3391 1910 pi.
3436 1840 3530 1908 τῆ.

2347 1933 2449 1985 κᾶν
2481 1934 2588 2004 γὰρ
2615 1933 2811 2003 σφόδρα
2842 1931 3223 2000 ἀπεμφαίνειν
3275 1931 3464 2000 δοκῇ,
3495 1947 3530 1982 o

2351 2037 2437 2090 μοι
2465 2020 2928 2089 εὐκαταφρόνητον
2951 2015 3112 2071 εἶναι.
3147 2019 3468 2087 Ζητητέον
3501 2036 3530 2085 γ

2348 2111 2440 2164 κίοι
2474 2110 2560 2164 διὰ
2602 2110 2696 2162 τοῦ
2737 2111 2893 2177 λόγου
2932 2109 3269 2178 γεγένηται,
3312 2108 3424 2160 νῦν
3492 2109 3527 2160 λ

2347 2200 2751 2270 λαμϐανομένου
2784 2199 2877 2252 τοῦ
2915 2203 2970 2253 ἐν
2999 2200 3251 2268 ἑκάστῳ,
3291 2200 3378 2262 ὡς
3417 2216 3528 2252 και

2351 2293 2407 2342 ἐν
2429 2291 2566 2360 ἀρχῇ
2584 2291 2753 2358 Λόγου
2778 2290 2992 2360 ἑκάστῳ
3025 2290 3364 2359 γεγένηται.
3389 2293 3526 2361 Φησ

2352 2378 2549 2440 στολος·
2576 2396 2594 2429 t
2619 2380 2798 2446 Χωρὶς
2812 2379 2973 2448 νόμου
2987 2379 3243 2448 ἁμαρτία
3271 2380 3487 2449 νεκρά,
3516 2397 3530 2430 ι

2355 2486 2372 2518 t
2424 2469 2706 2536 Ἐλθούσης
2742 2469 2799 2521 δέ
2835 2469 3074 2538 ἐντολῆς,
3109 2471 3144 2539 ἡ
3185 2470 3292 2537 μὲν
3326 2470 3530 2539 ἁμαρ-τ

2350 2557 2646 2618 καθολικῶς
2677 2557 2784 2624 (47)
2808 2556 3074 2608 διδάσκων
3110 2557 3244 2626 περὶ
3270 2557 3378 2626 τῆς
3411 2559 3530 2626 ἁμσ

2348 2647 2534 2715 δεμίαν
2560 2644 2833 2714 ἐνέργειαν
2858 2644 3028 2712 αὐτῆς
3062 2645 3305 2714 ἐχούσης
3334 2647 3476 2715 πρὶν
3505 2665 3530 2698 ν

2349 2734 2474 2803 λῆς·
2515 2732 2630 2794 πῶς
2661 2733 2717 2784 δὲ
2749 2732 2887 2801 ἔχων
2921 2734 2948 2784 ό
2979 2731 3134 2799 λόγος
3165 2732 3338 2801 νόμος
3397 2730 3524 2785 εἷνα

2350 2825 2442 2877 καὶ
2473 2825 2571 2876 οὐκ
2603 2824 2669 2877 ἂν
2713 2823 2796 2894 εἴη
2836 2824 3080 2893 ἁμαρτία
3125 2822 3201 2893 μὴ
3253 2823 3416 2888 ὄντος
3464 2826 3527 2878 νό

2350 2915 2455 2984 γὰρ
2508 2915 2580 2984 μὴ
2623 2913 2916 2980 ἐλλογεῖται
2967 2914 3041 2983 μὴ
3076 2912 3230 2976 ὄντος
3257 2914 3429 2984 νόμου

2349 3001 2414 3055 ἂν
2460 3003 2543 3072 εἴη
2601 3003 2863 3073 ἁμαρτία,
2905 3002 3177 3073 μὴ.δντος
3227 3003 3426 3072 λόγουο
3457 3008 3530 3060 tl

709 3101 890 3168 aliquo
921 3099 1076 3152 modo
1101 3098 1181 3151 lcx
1214 3105 1266 3151 et
1302 3095 1635 3156 mandatum,
1671 3105 1726 3148 et
1749 3109 1852 3147 non
1879 3094 1950 3147 sit
1976 3099 2228 3160 peccatuu

1976 3099 2246 3160 peccatum
2275 3081 2316 3138 C
2347 3088 2505 3162 ἦλθον
2527 3126 2544 3150 ,
2627 3094 2798 3162 φησὶ,
2861 3094 2952 3146 καὶ
2998 3095 3234 3165 ἐλάλησα
3276 3099 3487 3162 αὐτοῖς,

704 3205 812 3243 non
841 3189 1136 3243 exsistente
1176 3187 1290 3255 lege
1319 3184 1362 3256 (ι
1400 3192 1674 3253 peccatum
1718 3183 1862 3237 enim
1894 3196 1998 3236 non
2023 3182 2248 3249 imputa-

707 3290 815 3341 tur,
872 3293 991 3331 cutn
1035 3291 1141 3329 non
1189 3277 1259 3328 sit
1289 3274 1370 3328 lex
1400 3273 1444 3305 "
1472 3274 1540 3341 ι),
1573 3273 1734 3335 etiam
1772 3279 1958 3325 rurSus
1997 3285 2100 3323 non
2149 3270 2250 3323 erit

703 3376 1006 3435 peceatum,
1034 3365 1076 3418 si
1105 3379 1206 3418 non
1239 3364 1309 3416 sit
1336 3363 1493 3427 ratio,
1529 3377 1649 3415 nam
1681 3362 1766 3415 tSi
1799 3375 1902 3415 non
1946 3357 2206 3412 venissem
2229 3395 2242 3421 ,

703 3455 878 3522 inquit
930 3458 994 3518 η,
1051 3462 1103 3507 et
1164 3451 1373 3505 locutus
1404 3452 1482 3505 eis
1519 3451 1775 3512 fuissem,
1821 3457 2097 3517 peccatum
2143 3462 2245 3500 non

703 3543 989 3596 haberent.
1018 3560 1036 3592 ι
1067 3540 1178 3610 68
1199 3540 1455 3595 Aufertur
1482 3540 1622 3594 enim
1655 3547 1944 3608 praetextas
1971 3537 2148 3591 omnis
2179 3536 2246 3591 ab

705 3646 771 3686 eo
807 3632 894 3700 qui
928 3630 1156 3684 voluerit
1195 3643 1254 3683 se
1295 3629 1361 3684 de
1388 3637 1608 3698 peccato
1633 3627 1926 3682 defendere
1949 3668 1964 3692 ,
1995 3626 2244 3694 quoniam

701 3721 938 3776 sermoni
974 3731 1027 3774 et
1054 3719 1246 3774 rationi
1292 3719 1345 3773 in
1391 3733 1448 3774 se
1481 3718 1798 3780 exsistenti,
1839 3716 2246 3784 ostendentique

704 3809 831 3878 quid
866 3808 1153 3877 agendum,
1190 3821 1292 3861 non
1327 3809 1586 3876 paruerit.
1624 3806 1777 3860 Unde
1800 3804 1980 3858 omnia
2011 3803 2094 3858 vel
2132 3802 2245 3857 for-

690 3910 844 3956 1asse
869 3901 1027 3954 etiam
1056 3899 1166 3967 ipsa
1197 3898 1466 3952 deteriora
1503 3896 1637 3951 facta
1664 3903 1790 3950 sunt
1817 3909 1911 3963 per
1951 3894 2240 3957 rationem,

692 4000 757 4045 et
787 3995 904 4046 sine
942 3991 1052 4058 ipsa
1100 3990 1521 4058 (exponentibus
1565 3987 1716 4040 nobis
1754 3985 2048 4054 simplicius
2083 4000 2244 4040 vocu-

705 4079 810 4132 lam
857 4081 1024 4147 nihil)
1068 4078 1273 4130 factum
1315 4086 1396 4129 est
1445 4074 1594 4127 nihil.
1651 4072 1759 4125 Nec
1789 4073 1982 4125 rationi
2025 4072 2244 4125 omnino

703 4167 1175 4224 vitio-vertendum
1205 4176 1306 4227 est,
1344 4165 1387 4216 si
1427 4162 1606 4215 omnia
1634 4177 1727 4229 per
1757 4162 1927 4229 ipsam
1955 4161 2088 4214 facta
2113 4161 2241 4226 sint,

691 4265 760 4310 et
787 4256 905 4309 sine
932 4255 1046 4322 ipsa
1071 4253 1271 4304 factum
1298 4251 1366 4302 sit
1393 4249 1525 4302 nihil
1561 4265 1573 4300 :
1605 4245 2053 4315 quemadmodum
2071 4259 2243 4312 neque

705 4345 967 4413 magistro
990 4341 1120 4394 vitio
1141 4338 1452 4394 vertendum
1481 4345 1584 4401 est,
1627 4336 1718 4405 qui
1746 4335 1972 4390 discenti
2001 4347 2242 4388 necessa-

705 4436 784 4489 ria
815 4431 1133 4492 ostenderit,
1159 4446 1278 4484 cum
1309 4437 1523 4496 propter
1546 4417 1708 4493 hujus
1737 4425 2042 4496 disciplinas
2070 4423 2240 4477 nullus

703 4521 1026 4578 defensionis
1085 4520 1326 4589 peccanti
1379 4518 1696 4587 relinquitur
1742 4519 1940 4584 iocus,
2017 4514 2240 4586 perinde

703 4612 854 4682 quasi
884 4609 1226 4680 ignoraverit,
1255 4608 1414 4677 idque
1429 4609 1726 4678 praesertim
1745 4645 1760 4671 ,
1792 4611 1839 4663 si
1867 4610 2226 4664 considerave.

2349 3179 2490 3252 εἶχον
2537 3182 2666 3251 (48).
2707 3202 2724 3234 ι
2768 3185 2922 3238 Πᾶσα
2973 3187 3082 3257 γὰρ
3130 3189 3400 3259 πρόφασις
3462 3194 3530 3262 άᾳ

2349 3271 2668 3341 βουλομένου
2717 3273 2810 3324 ἐπὶ
2869 3276 2934 3343 τῇ
2995 3275 3234 3347 ἁμαρτίᾳ
3275 3277 3530 3347 ἀπολογία

2347 3361 2736 3432 ἐνυπάρχοντος
2796 3361 2950 3429 λόγου
3017 3366 3110 3419 καὶ
3165 3369 3526 3439 παραδεικνύν

2347 3451 2500 3503 κτέον
2531 3451 2659 3520 (49),
2693 3451 2766 3522 μὴ
2805 3452 3056 3524 πείθηταί
3088 3474 3167 3520 τις
3192 3459 3354 3529 αὐτῷ.
3393 3463 3530 3532 Τάχο

2349 3538 2509 3608 μέχρι
2537 3540 2629 3591 καὶ
2659 3539 2765 3593 τῶν
2792 3543 3046 3614 χειρόνων
3068 3545 3152 3598 διὰ
3178 3547 3265 3599 τοῦ
3292 3549 3445 3616 λόγου
3467 3568 3526 3618 γε

2344 3630 2507 3699 χωρὶς
2541 3629 2703 3684 αὑτοῦ
2746 3631 3127 3706 (ἁπλούστερον
3164 3637 3312 3705 ἡμῶν
3358 3641 3530 3712 ἐκλαμ

2344 3719 2541 3788 οὐδὲν)
2583 3721 2795 3788 ἐγένετο
2838 3723 3010 3778 οὐδέν.
3057 3726 3157 3776 Καὶ
3190 3727 3246 3778 οὑ
3271 3729 3477 3793 πάντως
3505 3751 3530 3784 τ

2345 3807 2564 3879 κλητέον
2585 3813 2632 3863 εί
2663 3811 2836 3864 πάντα
2865 3813 2930 3866 δι’
2953 3814 3113 3868 αὑτοῦ
3147 3816 3365 3882 ἐγένετο,
3399 3824 3486 3872 καὶ
3521 3840 3530 3891 ;

2345 3899 2560 3966 ἐγένετο
2615 3900 2725 3969 (50)
2753 3902 2871 3954 οὐδὲ
2905 3904 2962 3954 ἐν
2982 3921 2994 3933 ·
3041 3905 3113 3967 ὠς
3149 3906 3257 3958 οὐδὲ
3291 3909 3530 3980 ἐγκλητέι

2346 3988 2526 4057 σκάλῳ
2563 3989 2944 4058 παραδείξαντι
2971 3994 3038 4046 τά
3062 3994 3230 4048 δέοντα
3263 3998 3333 4066 τῷ
3371 4003 3530 4068 μανθό

2342 4077 2429 4129 διά
2449 4077 2517 4129 τὰ
2543 4078 2729 4130 τούτου
2772 4081 3066 4151 μαθήματα
3099 4084 3269 4153 μηκέτι
3296 4088 3445 4153 τόπος
3480 4109 3530 4145 κα

2343 4164 2420 4234 τῷ
2457 4167 2816 4238 ἁμαρτάνοντι
2867 4170 3165 4237 ἀπολογίας,
3208 4173 3275 4236 ὡς
3321 4178 3437 4248 περὶ
3463 4209 3465 4211 ,
3487 4183 3530 4233 ἀ.

2346 4258 2574 4326 μάλιστα
2618 4257 2710 4310 ἐὰν
2749 4259 3027 4329 νοήσωμεν
3058 4261 3335 4318 διδάσκαλον
3371 4268 3460 4321 τοῦ
3500 4288 3530 4341 μ

2341 4347 2653 4418 ἀχώριστον.
2687 4352 2860 4404 υἱονεὶ
2895 4350 3003 4421 γὰρ
3045 4351 3319 4418 διδάσκαλος
3357 4359 3446 4411 τοῦ
3499 4379 3530 4430 μ

2341 4438 2635 4509 άχώριστός
2666 4441 2874 4502 ἐστιν,ὁ
2903 4441 3198 4512 ἐνυπάρχων
3225 4447 3280 4515 τῇ
3311 4447 3453 4514 φύσει
3482 4452 3530 4503 τί

2340 4528 2512 4594 λόγος,
2540 4528 2624 4580 ἀεὶ
2670 4528 2982 4581 ὑποσάλλων
3011 4531 3076 4583 τὰ
3107 4533 3333 4602 πρακτέα,
3382 4538 3478 4590 κᾶν
3521 4559 3530 4593 τ

2341 4633 2436 4686 μεν
2469 4617 2627 4669 αὑτοῦ
2659 4617 2766 4668 τῶν
2799 4617 3042 4682 ἐντολῶν,
3077 4622 3348 4687 ἐπιδιδόντες
3364 4629 3530 4694 αὐτοὺς

701 4703 867 4756 rimus
901 4700 1212 4770 magistrum
1239 4715 1267 4750 a
1303 4699 1545 4752 discente
1575 4697 1987 4767 inseparabilem
2026 4716 2040 4752 :
2075 4699 2218 4754 velut

2026 4716 2040 4752 :
2075 4699 2238 4754 veluti
2336 4709 2469 4769 ναῖς,
2499 4709 2590 4759 καὶ
2619 4709 3100 4778 παραπεμπόμενοι
3131 4710 3210 4774 τὰς
3253 4713 3449 4781 ἀρίστας
3491 4738 3529 4772 αι

689 4793 840 4848 enim
879 4791 1134 4861 magister
1165 4788 1534 4856 inseparabilis
1547 4796 1628 4842 est
1657 4803 1686 4840 a
1710 4789 1971 4852 discente,
1993 4791 2072 4843 sic
2099 4791 2208 4843 ratit

2010 4791 2072 4843 sic
2099 4791 2235 4844 ratio
2335 4793 2542 4856 ϐουλάς.
2583 4795 2788 4864 Ὥσπερ
2834 4795 2890 4847 δὲ
2940 4797 3166 4868 ὑπηρέτῃ
3203 4798 3268 4868 τῷ
3307 4799 3529 4877 ὀφθαλμῷ

698 4885 756 4938 in
781 4895 1102 4952 unoquoque
1129 4882 1218 4948 qui
1253 4878 1476 4933 rationis
1509 4890 1590 4933 est
1619 4893 1836 4947 compos
1861 4916 1878 4944 ,
1918 4881 2235 4935 naturaliter

695 4975 1220 5040 exsistens,-semper
1251 4970 1450 5037 agenda
1482 4982 1776 5038 suggerens
1803 5008 1817 5033 ,
1853 4970 2021 5024 etiam
2051 4972 2095 5026 si
2127 4986 2234 5027 non

765 5065 814 5094 "
835 5063 974 5117 Psal.
1008 5078 1177 5126 xxx",
1208 5062 1262 5116 9.
1371 5061 1412 5091 “
1446 5059 1647 5114 Coloss.
1679 5074 1719 5121 ι.
1756 5059 1841 5126 16,
1877 5061 1962 5114 17.

703 5129 748 5160 ’⁸
777 5129 928 5183 Joan.
960 5147 1049 5193 xv,
1078 5131 1166 5183 22.

731 5218 878 5341 Διρ)
905 5220 1038 5271 Ehe
1058 5221 1251 5298 ἀρχαί.
1286 5221 1407 5301 Haec
1428 5220 1620 5274 desunt
1641 5220 1903 5300 incodice
1928 5221 2233 5284 Bodleiano,

845 5298 1072 5341 emuntur
1106 5306 1155 5340 III
1187 5288 1477 5341 Barhertno
1502 5299 1555 5341 et
1585 5288 1768 5341 Remo.

699 5287 796 5341 sed
829 5287 1072 5354 leguntur
1106 5287 1164 5340 in
1187 5288 1477 5342 Barherino
1502 5299 1555 5342 et
1585 5288 1768 5350 Regio.

737 5354 882 5432 otii)
910 5354 1258 5432 Καᾷολωςῶς.
1301 5357 1372 5432 l_t_a
1403 5358 1578 5432 colles
1612 5357 1924 5411 Bodleianus
1949 5355 2240 5432 sicquede-

691 5422 776 5494 git
794 5422 1110 5494 Ferrarius;
1145 5422 1196 5494 in
1239 5425 1417 5477 codice
1453 5425 1617 5494 Regio
1666 5441 1762 5479 nec
1811 5440 1914 5478 non
1949 5423 2237 5478 Barberino

698 5484 804 5555 legi
815 5500 896 5540 tur
923 5487 1218 5555 καθολικόν.

773 5557 882 5628 (48)
914 5554 1110 5622 Εἶχον.
1166 5557 1238 5628 l_ta
1271 5557 1436 5613 codex
1481 5559 1802 5614 Bodleianus
1829 5579 1842 5625 ;
1873 5558 2070 5628 Regius
2107 5573 2235 5612 vero

696 5634 752 5676 et
779 5622 1118 5687 Barbariuus,
1143 5622 1370 5686 εἴχοσαν.

2065 5063 2110 5093 ¹²
2138 5061 2291 5116 Joan.
2313 5078 2360 5127 -ι,
2381 5066 2433 5118 ‘5.

2339 4884 2634 4954 κρείττοσιν
2674 4887 2805 4954 ἡμῖν
2853 4886 3204 4956 γεγενημένῳ,
3246 4889 3322 4941 καὶ
3366 4893 3444 4961 ἐφ’
3486 4891 3530 4950 ὧι

2341 4972 2445 5035 λῶς
2472 4972 2580 5042 (Si)
2607 4973 2821 5043 ὁρῶμεν
2846 4974 3116 5045 χρώμεθα,
3142 4976 3301 5045 ὁμοίως
3320 4982 3401 5034 καὶ
3427 4989 3483 5057 τῇ
3507 4990 3530 5042 ά

2530 5064 2574 5094 u
2600 5063 2754 5119 nom.
2781 5081 2875 5130 vti,
2908 5066 2958 5119 8.
3051 5066 3100 5157 ’ξ
3124 5067 3225 5121 ibid.
3253 5067 3296 5122 9.
3381 5075 3421 5106 ⁸⁸
3445 5077 3530 5133 Rot

2415 5217 2525 5286 (49)
2556 5215 2647 5298 Sic
2675 5218 2830 5272 codd.
2858 5218 3152 5273 Bodleianus
3175 5229 3216 5272 et
3237 5219 3530 5298 Barberinus;

2342 5289 2402 5340 τὸ
2422 5286 2720 5358 πρακτέον.

2433 5353 2520 5433 ξύ)
2553 5353 2679 5433 gat.
2710 5355 2889 5433 χωρὶς
2929 5354 3108 5433 αὐτοῦ
3131 5354 3325 5423 ἐγένετο.
3367 5359 3474 5433 Πίος
3508 5367 3530 5421 d

2342 5421 2523 5476 codice
2555 5421 2740 5498 Regio,
2793 5427 2890 5478 sed
2941 5421 3214 5495 supplentur
3248 5442 3298 5480 ex
3323 5431 3450 5487 codd.
3491 5437 3530 5488 Β.

2341 5501 2392 5542 et
2422 5491 2735 5542 Barbertno.

2410 5557 2520 5624 (51)
2550 5557 2631 5627 οὐ
2655 5555 2872 5623 καλῶς.
2935 5561 3011 5617 Ita
3054 5573 3170 5618 recte
3203 5564 3325 5618 haltet
3359 5571 3494 5625 codex
3521 5581 3528 5627 l

2346 5640 2467 5684 nus.
2495 5625 2633 5676 male
2663 5639 2788 5681 vero
2813 5629 3017 5699 ltegius
3041 5643 3089 5691 et
3113 5633 3362 5705 Bodleianus,
3385 5640 3464 5693 οὐκ
3483 5625 3530 5696 ἄ)
