3848 6164
697 258 792 312 ηδ
1674 272 1683 277 .
1744 233 1774 243 ·⁴
2137 183 2455 280 omnibus

689 383 772 428 est
808 364 1093 436 rationem]
1127 372 1182 417 et
1222 358 1414 414 Filium
1460 354 1550 409 Dei
1596 353 1648 407 in
1674 350 1936 423 principio
1960 349 2208 406 exsisten-

1974 349 2216 406 :xsistcn-
2245 356 2286 412 Α
2314 365 2424 412 τος,
2452 345 2736 417 μετέχοντα
2781 339 2992 409 λογικὸν
3043 337 3324 399 εἰπεῖν,
3380 332 3493 385 ὥσ

699 472 802 521 lem
842 421 1101 512 rationem
1145 449 1281 518 apud
1326 449 1510 506 Deum,
1535 452 1589 499 et
1616 421 1875 497 rationem
1901 441 2086 505 Deum,
2113 439 2218 494 for-

1982 455 2086 505 um,
2113 439 2220 494 for—
2320 435 2439 489 σθαι
2465 433 2550 499 ἂν,
2576 434 2655 485 ὅτι
2686 432 2840 502 μόνος
2870 432 2898 481 ὁ
2933 427 3096 495 ἅγιος
3142 421 3501 491 λογικός.

693 550 853 604 tussis
889 561 1008 601 eum
1038 510 1231 601 solum,
1261 538 1354 608 qui
1381 535 1536 602 hujus
1560 532 1832 602 particeps
1860 531 1950 595 sit,
1977 530 2027 585 in
2051 543 2212 599 quan.

1996 545 2027 585 ιι
2051 543 2217 599 quan-
2321 542 2417 596 μεν
2454 525 2550 595 τὴν
2580 520 2869 591 γενομένην
2895 521 2951 571 ὲν
2986 515 3072 585 τῷ
3114 515 3352 581 Λόγῳ
3398 510 3513 573 ξω

695 651 806 691 t-um
839 642 919 688 est
955 631 1104 694 talis,
1134 601 1359 680 rationis
1399 601 1655 690 capacem
1680 619 1858 674 dicere
1887 617 2177 688 poterimus
2203 632 2214 668 :

2002 617 2218 671 trimus:
2327 633 2345 664 t
2390 611 2526 681 Ἐγώ
2563 612 2677 680 εἰμι
2709 610 2742 679 ή
2776 607 2906 677 ζωὴ,
2949 624 2967 656 ι
3010 601 3337 675 ἐροῦμεν
3388 604 3521 670 μη(

697 728 827 782 adeo
855 733 912 777 ut
939 719 1280 777 enuntiemus
1317 712 1488 768 solum
1524 718 1765 765 sanctum
1806 685 2029 765 rationis
2059 718 2216 773 cepa.

2005 721 2029 762 s
2059 718 2222 773 eapa-
2321 703 2548 765 πίστεως
2580 696 2810 771 Χριστοῦ
2840 698 2958 765 ζῇν,
2988 693 3266 754 πάντας
3311 685 3524 745 εῖναι

696 833 807 873 cent
832 828 971 870 esse.
998 812 1228 866 Rursum
1254 806 1300 861 si
1327 799 1751 859 intellexerimus
1795 797 1990 852 factam
2021 796 2072 850 in
2100 794 2215 850 Ser-

1977 812 1990 849 ι
2021 796 2072 850 in
2100 794 2226 850 Ser-
2322 791 2526 855 ζῶντας
2554 787 2690 858 Θεῷ,
2712 787 2770 840 τό
2799 802 2857 838 τε
2901 784 2997 853 ζῇν
3040 780 3289 834 αὐτῶν
3345 778 3496 848 ζῇν

696 921 852 963 mone
879 903 1063 963 vitam,
1087 898 1237 966 juxta
1264 909 1386 951 eum
1415 893 1507 962 qui
1550 892 1680 947 dicit
1700 891 1743 922 “
1775 905 1790 942 :
1824 906 1844 938 ‹
1871 887 1979 955 Ego
2005 898 2124 939 sum
2149 882 2215 935 vi-

2005 898 2124 939 sum
2149 882 2227 935 vi-
2266 945 2270 949 4
2321 881 2440 942 τίας
2469 878 2599 950 (55),
2630 876 2723 929 atat).
2759 873 2846 927 διὰ
2875 871 3059 934 τοῦτο,
3109 870 3206 922 ἵν’
3252 867 3509 929 οὕτως

695 1004 772 1061 ta,
796 1012 815 1044 ι
846 954 1248 1046 dicturis-mnus
1281 954 1546 1036 neminem
1571 986 1723 1033 extra
1747 973 1941 1030 Christi
1969 971 2123 1027 ﬁdem
2150 968 2214 1023 vi-

2014 971 2123 1027 dezn
2150 968 2227 1023 vi—
2323 985 2413 1023 του
2444 965 2741 1035 τυγχάνειν.
2777 962 3114 1031 Ἐπίστησον
3157 959 3239 1013 δὲ
3302 958 3375 1011 ει
3436 954 3533 1025 μῆ

698 1097 843 1147 vere,
866 1081 957 1137 sed
989 1090 1178 1133 omnes
1205 1080 1443 1128 mortuos
1477 1082 1620 1131 esse,
1643 1066 1732 1134 qui
1758 1064 1865 1119 Deo
1892 1075 1996 1115 non
2022 1059 2217 1122 vivant1

1974 1077 1996 1113 [ι
2022 1059 2226 1122 vivant,
2325 1056 2644 1127 παριστᾶσιν
2670 1054 2725 1106 αἱ
2747 1051 2884 1106 θεῖαι
2912 1050 3153 1120 Γραφαὶ
3189 1048 3279 1100 τὸ
3302 1048 3493 1100 ὅπου

696 1182 751 1228 et
771 1134 913 1242 quod
951 1168 1131 1221 vivere
1172 1163 1407 1232 ipsorum
1432 1160 1503 1215 sit
1527 1156 1709 1209 vivere
1739 1160 1976 1224 peccato,
2002 1156 2055 1203 et
2076 1145 2215 1202 idcir'

2014 1156 2055 1203 et
2076 1145 2230 1202 idcir-
2327 1142 2647 1214 φάσκοντοςο
2677 1160 2695 1192 ι
2715 1142 2785 1193 Ἦ
2806 1140 2903 1192 οὐκ
2933 1138 3259 1206 ἀνέγνωτε
3314 1134 3400 1188 τὸ
3452 1135 3533 1203 ρτ

695 1223 864 1326 co,1ut
891 1258 963 1312 ita
988 1256 1183 1317 dicam,
1214 1251 1394 1305 vivere
1421 1250 1654 1318 ipsorum
1697 1223 1766 1298 ad
1806 1249 2030 1296 mortem
2065 1237 2214 1306 perti'

1973 1252 2030 1292 ειη
2065 1237 2230 1306 perti-
2325 1248 2448 1285 του’
2483 1229 2620 1299 Ἐγὼ
2651 1229 2779 1292 Θεὸς
2811 1227 3090 1298 Ἀϐραὰμ,
3128 1226 3256 1279 καὶ
3310 1223 3492 1284 Θεὸς

696 1310 841 1404 neat.
882 1345 1089 1413 inspice
1122 1355 1249 1396 vero
1292 1354 1360 1393 an
1395 1352 1500 1392 non
1536 1337 1637 1391 hoc
1680 1334 1995 1400 frequenter
2034 1340 2215 1396 propo-

2034 1340 2230 1396 propo-
2342 1317 2562 1384 Ἰακώ6;
2592 1318 2703 1371 Οὐκ
2729 1317 2843 1371 ἔστι
2869 1316 2999 1379 Θεὸς
3031 1313 3325 1384 νεκρῶν,
3368 1310 3532 1364 ἀλλά

698 1447 830 1493 nant
852 1401 1043 1490 divina:
1070 1432 1387 1499 Scriptum,
1417 1424 1613 1481 alicubi
1648 1422 1938 1478 Servatore
1974 1415 2185 1470 dicente
2211 1424 2217 1461 :

2014 1415 2226 1470 icente:
2335 1428 2354 1459 ι
2393 1409 2464 1462 Οὐ
2509 1405 2915 1477 δικαιωθήσεται
2961 1401 3372 1458 κατενώπιόν
3436 1416 3533 1451 σοι

996 1487 1212 1590 legistis.
1231 1487 1383 1587 quod
1416 1515 1615 1571 dictum
1658 1519 1739 1564 est
1792 1508 1844 1562 in
1895 1505 2024 1562 rubo
2065 1520 2080 1556 :
2122 1500 2222 1568 Ego

1961 1505 2024 1560 b0
2065 1520 2080 1556 :
2122 1500 2231 1568 Ego
2328 1496 2386 1550 δὲ
2428 1496 2552 1567 περὶ
2598 1493 2759 1548 αὐτοῦ
2800 1494 2976 1562 λέγειν
3009 1493 3100 1557 δεῖ
3142 1491 3261 1545 τοῦ
3306 1487 3480 1542 Θεοῦ

704 1576 1170 1673 θοιιξλὸτεὶιέιω,
1192 1576 1414 1663 σι’ῧευε
1442 1605 1608 1668 lsaac,
1637 1611 1690 1655 et
1722 1601 1860 1654 Deus
1891 1592 2094 1651 Iacob?
2120 1591 2223 1644 Non

2014 1592 2094 1648 ιὺῖ
2120 1591 2231 1644 Non
2343 1584 2754 1656 Ἀμφιὸἁλλεται
2782 1582 2888 1654 γὰρ
2914 1581 3204 1650 ὁποτέρου
3234 1577 3412 1631 εἶναι
3439 1578 3481 1647 ἡ
3518 1576 3533 1627 1

701 1715 785 1760 est
804 1704 944 1758 Deus
974 1708 1324 1760 mortuorum,
1353 1696 1449 1749 sed
1490 1689 1783 1745 viventium
1806 1686 1869 1749 ³⁸,
1895 1703 1914 1737 ι
1942 1694 1995 1738 et
2026 1703 2037 1737 :
2070 1701 2086 1731 ι
2112 1679 2220 1734 Non

2026 1703 2037 1737 :
2070 1701 2086 1731 ι
2112 1679 2225 1734 Non
2330 1677 2629 1747 προφήταις
2661 1675 2838 1743 φωνή·
2879 1692 2898 1723 ι
2934 1670 3020 1725 Ζῶ
3057 1669 3215 1738 ἐγὼ,
3260 1667 3446 1736 λέγει
3490 1667 3533 1718 Β

699 1792 1079 1866 iustiﬁcahitur
1107 1789 1160 1844 in
1188 1758 1476 1855 conspectu
1505 1789 1598 1836 tuo
1620 1777 1796 1835 omnis
1816 1777 2003 1831 vivens
2028 1772 2093 1824 ³³.
2129 1790 2147 1823 ι
2180 1769 2438 1824 Caeterum
2463 1765 2590 1834 quid
2614 1762 2795 1818 dicere
2829 1776 2963 1833 opus
2990 1771 3083 1815 est
3107 1761 3188 1813 de
3218 1759 3359 1825 ipso
3390 1758 3529 1809 Deo

2022 1862 2034 1866 -
2197 1860 2207 1866 _
2395 1856 2424 1866 ..
2465 1855 2477 1866 .
2631 1849 2690 1866 ...
3102 1849 3232 1866 ..Ψ
3270 1847 3413 1866 .____
3448 1844 3503 1866 ,ι

700 1844 1004 1952 λιιιυίεἰιυι·
1033 1879 1174 1935 enim
1208 1844 1378 1930 utrius
1408 1873 1479 1927 sit
1507 1886 1605 1925 vox
1644 1868 1732 1922 illa
1759 1880 1876 1935 qua
1900 1862 2036 1932 apud
2064 1860 2346 1930 praphetas
2376 1855 2504 1909 dicit
2534 1872 2547 1906 :
2579 1872 2597 1904 ι
2631 1849 2764 1906 Vivo
2793 1867 2913 1921 ego,
2938 1851 3074 1935 dicit
3102 1847 3416 1902 Dominus
3446 1844 3530 1898 “.

773 1939 1115 2044 761nm:
1170 1966 1431 2037 principio
1482 1962 1697 2031 quidem
1743 1958 2021 2012 videamus
2068 1952 2231 2006 illud:
2276 1958 2292 2012 ι

2014 1971 2021 2006 ι
2068 1952 2192 2006 illud
2218 1967 2231 2001 :
2276 1958 2316 2012 Β
2414 1947 2498 2000 ll.
2529 1946 2637 1998 Καὶ
2662 1943 2870 2015 πρῶτόν
2901 1959 2962 2010 γε
2987 1942 3208 2011 ἴδωμεν
3237 1939 3333 1991 τόο
3374 1955 3397 1990 ‹
3446 1939 3533 1991 Οὐ

705 2085 729 2117 ε
894 2071 975 2117 est
995 2060 1134 2114 Deus
1159 2029 1516 2116 mortuorum,
1534 2051 1625 2105 sed
1647 2047 1935 2103 viventium
1953 2044 2018 2107 ³⁸,
2044 2059 2062 2093 ι
2095 2041 2224 2107 quod

2003 2083 2018 2107 ,
2044 2059 2062 2093 ι
2095 2040 2236 2107 quod
2339 2036 2503 2107 κρῶν,
2531 2034 2663 2087 ἀλλὰ
2694 2033 2926 2098 ζώντων,
2962 2051 2980 2082 ι
3011 2030 3134 2084 ἴσον
3164 2029 3515 2099 δυνάμενον

702 2150 927 2224 perinde
974 2152 1118 2207 valet
1163 2156 1323 2217 atque
1371 2143 1499 2199 illud
1528 2160 1543 2197 ε
1571 2141 1684 2203 Νοιι
1752 2148 1837 2197 est
1898 2142 2221 2224 peccatoruu‘

2016 2142 2234 2188 :atorum
2339 2124 2690 2197 ἁμαρτωλῶν,
2742 2122 2875 2177 ἁλλὰ
2915 2121 3087 2188 ἁγίων
3135 2119 3307 2182 Θεὸς.
3357 2119 3535 2186 Μεγό

706 2207 869 2308 Deus,
900 2207 993 2301 sed
1018 2207 1323 2292 sanctorum
1368 2234 1526 2286 Deus.
1558 2229 1803 2299 Magnum
1841 2227 1981 2282 enim
2008 2220 2225 2291 pan-ian

2009 2220 2238 2291 patriar-
2340 2218 2448 2278 τοῖς
2477 2216 2853 2283 πατριάρχαις,
2881 2210 2939 2263 τὸ
2970 2208 3063 2261 τὸν
3110 2207 3259 2261 Θεὸν
3304 2207 3441 2260 ἀντὶ
3495 2207 3528 2257 ό

684 2322 927 2388 ‘eltarum
975 2341 1191 2391 munus,
1222 2326 1384 2380 Deum
1423 2322 1538 2378 vice
1586 2320 1668 2375 sui
1725 2314 1960 2371 nominis
2021 2312 2203 2367 illorur

2021 2312 2235 2367 illorum
2343 2303 2472 2373 ἅψαι
2497 2301 2592 2371 τὴν
2614 2299 2830 2352 ἐκείνων
2856 2298 3156 2367 ὀνομασίαν
3181 2298 3256 2367 τῇ
3280 2295 3430 2358 Θεὸς
3466 2295 3535 2381 2‘61

707 2419 1162 2475 nontenciaturam
1213 2410 1533 2481 applicuisse
1570 2422 1680 2463 sua:
1718 2403 1950 2473 propria:
1997 2398 2226 2468 appella-

2009 2398 2231 2468 Ippella-
2344 2370 2568 2463 ηγορίᾳέ
2605 2388 2744 2442 καθὰ
2771 2387 2862 2441 καὶ
2893 2389 2921 2441 ὁ
2940 2386 3157 2448 nam;
3190 2401 3335 2455 φησι
3361 2401 3376 2415 ’
3408 2402 3428 2434 α
3458 2370 3528 2437 At

712 2508 841 2562 tioni
876 2506 1003 2568 Dei;
1037 2500 1486 2572 quemadmodum
1520 2496 1681 2550 etiam
1724 2472 1921 2545 l‘aulus
1949 2485 2189 2555 inquit”
2221 2499 2231 2535 ι

2013 2488 2124 2555 quit
2144 2485 2189 2516 ³⁸
2221 2499 2236 2535 ι
2344 2497 2491 2533 νεται
2510 2477 2680 2540 ὁΘεὸς
2705 2476 2833 2539 Θεὸς
2860 2473 3143 2528 καλεῖσθαι
3175 2472 3390 2525 αὐτῶν.
3409 2492 3428 2523 ι
3451 2474 3532 2525 Οὐ

716 2614 738 2647 ι
766 2595 989 2660 Propter
1026 2560 1167 2659 quod
1214 2602 1317 2641 non
1374 2580 1639 2638 erubescit
1682 2579 1823 2633 Deus
1872 2575 2048 2629 vocari
2105 2574 2235 2626 Deus

2014 2575 2048 2626 ri
2105 2574 2243 2626 Deus
2345 2568 2451 2621 τῶν
2473 2567 2718 2637 πατέρων
2749 2565 2841 2618 καὶ
2878 2564 3094 2616 πάντων
3131 2560 3243 2614 τῶν
3265 2560 3449 2629 ἁγίων
3469 2578 3484 2590 °
3523 2579 3533 2614 z

706 2646 965 2748 ipsorum.
990 2696 1009 2729 ι
1042 2646 1222 2743 itaque
1251 2672 1387 2728 Deus
1410 2678 1492 2725 est
1532 2678 1742 2736 patrum
1778 2674 1829 2719 et
1861 2660 2094 2717 omnium
2119 2677 2225 2714 sun-

2013 2678 2094 2715 utu
2119 2677 2245 2748 sun-
2347 2654 2819 2727 ἀναγεγραμμένον
2846 2651 3149 2724 εὑρίσκοιτο
3169 2652 3262 2703 τὸν
3286 2649 3426 2702 Θεὸν
3445 2646 3532 2702 εἶν

650 2835 656 2841 η
712 2738 952 2832 olorum;
990 2779 1090 2818 nec
1132 2738 1259 2816 alibi
1303 2759 1556 2827 scriptum
1624 2754 1881 2823 reperias,
1919 2751 2080 2805 Deum
2127 2766 2169 2804 et

2001 2766 2080 2804 unt
2127 2742 2245 2804 esse
2347 2763 2439 2809 νος
2457 2745 2564 2798 τῶν
2588 2742 2814 2797 ἀσεϐῶν.
2838 2742 2900 2794 Εἰ
2924 2740 3101 2793 τοίνυν
3121 2741 3149 2792 ὁ
3176 2738 3313 2801 Θεὸς
3335 2738 3520 2805 ἁγίων

714 2855 941 2925 alicujus
983 2853 1268 2923 impiorum
1302 2826 1490 2903 Deum.
1525 2845 1581 2900 Si
1612 2859 1741 2912 ergo
1770 2843 1909 2895 Deus
1936 2850 2233 2894 sanctorum

2014 2850 2242 2893 ictorum
2350 2835 2561 2900 ζώντων
2607 2829 2742 2885 εἶναι
2782 2831 3015 2899 λέγεται,
3061 2829 3110 2881 οἱ
3157 2827 3302 2895 ἅγιοι
3338 2826 3533 2891 ζῶντές

692 2947 814 3010 'est,
849 2917 905 3001 et
935 2917 1076 3000 Deus
1098 2938 1389 2995 viventium
1422 2949 1540 2990 esse
1566 2933 1781 2998 dicitur,
1807 2930 1986 2985 sancti
2008 2936 2135 2981 sunt
2165 2927 2211 2980 vi

2008 2936 2135 2981 sunt
2165 2927 2244 2980 vi-
2352 2924 2548 2989 ζῶντες
2575 2924 2736 2991 ἅγιοι,
2762 2920 2881 2974 οὔτε
2911 2921 3066 2987 ἁγίου
3093 2919 3243 2980 ὖντος
3267 2917 3376 2981 ἔξω
3398 2918 3513 2970 τῶν

714 3046 900 3092 ventes
929 3044 985 3089 et
1028 3032 1268 3085 viventes
1309 3026 1503 3091 sancti,
1528 3023 1721 3094 quippe
1742 3035 1863 3077 cum
1891 3028 2109 3074 sanctus
2138 3030 2233 3070 nor

2013 3028 2109 3073 :tus
2138 3030 2245 3070 non
2353 3017 2548 3079 ζῶντος
2567 3010 2985 3083 χρηματίζοντος
3021 3008 3195 3079 μόνον,
3218 3009 3309 3062 καὶ
3337 3008 3461 3077 οὐχὶ
3492 3025 3532 3078 μ

705 3127 787 3182 sit
819 3132 972 3180 extra
1020 3122 1277 3182 viventes,
1326 3131 1427 3171 nec
1471 3115 1666 3183 aliquis
1706 3112 1814 3181 jam
1838 3111 1909 3165 sit
1940 3108 2122 3162 vivens
2157 3122 2224 3175 qn

2014 3122 2122 3161 rens
2157 3108 2249 3175 qui
2353 3103 2450 3175 ζῇν
2499 3104 2607 3174 (56)
2637 3100 2846 3171 ἔχοντος
2889 3094 2983 3152 καὶ
3012 3097 3073 3150 τὸ
3116 3098 3264 3166 ἅγιον
3297 3099 3463 3151 αὐτὸν
3510 3117 3533 3150 τ

715 3229 840 3270 cum
869 3213 984 3282 ipsa
1009 3210 1116 3264 vita
1153 3224 1258 3263 non
1292 3209 1455 3262 etiam
1483 3207 1586 3260 hoc
1612 3205 1802 3259 habeat
1828 3212 1886 3256 ut
1914 3202 1984 3257 sit
2009 3210 2234 3254 sanctus.

2013 3210 2245 3254 sanctus.
2354 3193 2723 3273 παραπλήσιον
2760 3190 2816 3243 δέ
2845 3191 2958 3242 ἐστι
2987 3189 3080 3242 καλ⁸
3109 3188 3198 3240 ἐπὶ
3226 3188 3344 3240 τοῦ·
3387 3206 3407 3239 ‹
3448 3190 3523 3240 Εὐ

712 3302 857 3356 idem
890 3266 1012 3355 iere
1040 3297 1107 3352 de
1142 3311 1206 3350 eo
1237 3293 1576 3349 sentiendum
1607 3302 1689 3346 est
1717 3291 1856 3360 quod
1888 3289 2024 3343 ait"
2062 3306 2075 3340 :
2108 3306 2124 3338 ι
2155 3286 2217 3340 Hi

2014 3289 2024 3318 '
2062 3306 2075 3340 :
2108 3306 2124 3338 ι
2155 3286 2249 3340 Hi-
2278 3279 2319 3338 Ο
2353 3284 2537 3355 Κυρίῳ
2569 3284 2625 3333 ὲν
2656 3266 2805 3351 χώρᾳ
2832 3277 3064 3342 ζώντων,
3105 3296 3123 3327 ι
3159 3277 3307 3329 ἰδεῖν·
3336 3277 3412 3339 ὡς
3442 3280 3492 3330 εί
3527 3282 3533 3328 λ

712 3391 905 3445 iariter
951 3385 1177 3441 aﬂectus
1215 3399 1308 3438 ero
1346 3398 1472 3453 erga
1513 3381 1791 3434 Dominum
1830 3378 1881 3432 in
1921 3379 2133 3447 regione
2174 3376 2231 3431 vi

2015 3379 2133 3431 ione
2174 3376 2253 3431 vi-
2354 3372 2432 3437 ξει
2453 3371 2638 3438 ἁγίων,
2657 3370 2689 3439 ἢ
2708 3373 2762 3421 ὲν
2784 3367 2860 3436 τῷ
2878 3368 3028 3437 τόπῳ
3054 3367 3153 3420 τῶν
3176 3367 3338 3434 ἁγίων
3358 3368 3453 3438 τῆς
3486 3385 3533 3420 κε

718 3476 996 3541 ventium;
1032 3492 1052 3526 ι
1088 3472 1308 3542 perinde
1352 3485 1417 3524 ac
1465 3470 1512 3524 si
1545 3468 1763 3522 dixisset
1796 3467 1849 3520 in
1890 3468 2081 3521 ordine
2130 3481 2237 3519 sani

2015 3480 2081 3520 ne
2130 3481 2253 3519 san-
2355 3460 2617 3528 στήσεως,
2647 3458 2764 3527 ἤτοι
2796 3459 2852 3508 ὲν
2881 3459 2945 3526 τῇ
2976 3455 3119 3520 τάξει
3145 3455 3246 3508 τῶν
3278 3455 3465 3524 ἁγίων,
3497 3458 3527 3527 ἢ

719 3576 950 3630 etorum,
978 3563 1062 3618 vel
1088 3563 1141 3615 in
1165 3561 1284 3616 loco
1309 3568 1641 3623 sanctorum,
1669 3571 1859 3625 nempe
1884 3556 2048 3609 animi
2074 3553 2227 3609 hilari

2005 3557 2048 3608 ni
2074 3553 2256 3609 hilari.
2353 3546 2458 3599 τῶν
2492 3546 2658 3614 ἁγίων
2693 3544 3088 3614 τυγχανούσης·
3120 3544 3314 3597 οὐδέπω
3342 3545 3524 3616 ἄκρως

606 3636 614 3645 ’
722 3662 832 3708 tate
858 3651 1090 3720 proprie,
1121 3649 1203 3703 vel
1238 3649 1289 3703 in
1329 3647 1534 3714 ordine,
1569 3646 1651 3700 vel
1702 3647 1754 3700 in
1806 3645 1922 3700 loco
1951 3654 2125 3699 sancta

2015 3654 2256 3698 nclorum
2353 3653 2442 3699 τος
2466 3634 2556 3688 τοῦ
2589 3635 2660 3704 μὴ
2690 3636 2768 3696 είς
2797 3632 2896 3703 τὴν
2926 3631 3073 3698 τάξιν
3110 3632 3209 3685 τῶν
3235 3633 3395 3700 ἁγίων
3435 3651 3529 3703 κεχ

719 3738 1035 3802 exsistente,
1060 3746 1114 3792 et
1155 3736 1374 3806 perinde
1424 3736 1573 3804 quasi
1622 3733 1798 3787 nullus
1848 3747 1966 3787 eam
2007 3730 2159 3800 plene
2188 3730 2231 3783 si

2016 3730 2159 3799 plene
2188 3730 2258 3783 sit
2353 3726 2445 3780 τοῦ
2482 3724 2553 3796 μὴ
2578 3726 2655 3787 εἰς
2676 3723 2766 3776 τὸν
2799 3723 2961 3776 τόπον
2988 3723 3088 3774 τῶν
3118 3722 3270 3790 ἁγίων
3290 3740 3535 3794 γεγενημε

659 3832 666 3839 ’
717 3841 1089 3899 possessurus,
1120 3825 1209 3893 qui
1240 3824 1320 3881 vel
1351 3824 1415 3878 ad
1443 3825 1684 3878 ordinem
1709 3831 2041 3885 sanctorum,
2081 3817 2163 3873 vel

1993 3836 2041 3885 η,
2081 3817 2163 3873 vel
2191 3819 2255 3871 ad
2356 3817 2594 3885 χωρῆσαι
2621 3814 2798 3883 δεήσει
2842 3813 3014 3865 πάντα
3049 3810 3129 3863 τὸν
3172 3812 3318 3864 οἱονεὶ
3362 3814 3512 3866 σκιὰν

722 3916 900 3972 locum
927 3924 1228 3971 sanctorum
1259 3929 1362 3967 non
1410 3912 1736 3981 pervenerit,
1765 3912 1830 3963 ad
1860 3923 2016 3976 quem
2044 3908 2235 3961 acceda

2010 3908 2260 3961 laccedat
2356 3903 2454 3972 τῆς
2501 3901 2901 3971 εὐαρεστήσεως
2947 3900 3043 3969 τῆς
3082 3898 3309 3970 ἀληθινῆς
3355 3902 3410 3952 ἐν
3457 3902 3529 3971 τῷ

724 4013 933 4074 oportet
967 4003 1207 4072 quisquis
1245 4002 1345 4055 hac
1385 3979 1439 4052 in
1484 4001 1593 4052 vita
1663 3986 1962 4063 perceperit
2017 3994 2243 4047 mnbrau

2017 3994 2258 4047 umbram
2359 3987 2834 4062 προσανειληφότα.
2881 3987 2991 4040 Καὶ
3039 3987 3165 4039 τόν(
3205 3979 3276 4040 Οὔ
3317 3989 3535 4043 δικαιωθε

725 4094 888 4146 veluti
927 4102 982 4145 et
1020 4092 1305 4158 imaginem
1344 4102 1484 4142 verae
1522 4084 1834 4139 hilaritatis.
1863 4081 1997 4147 Quin
2025 4081 2152 4135 illud
2171 4080 2216 4111 ⁸⁸

2025 4081 2152 4135 illud
2171 4080 2258 4134 "z
2358 4078 2477 4131 κατ’
2520 4076 2743 4130 ἐνώπιον
2797 4075 2889 4129 τοῦ
2937 4075 3068 4128 Θεοῦ
3111 4077 3263 4129 πάντα
3304 4076 3486 4141 ζῶντα,
3526 4100 3535 4132 ι

734 4201 754 4233 ι
778 4181 895 4235 Non
930 4178 1310 4249 iustiﬁcabitur
1330 4191 1509 4230 coram
1547 4176 1656 4229 Deo
1692 4173 1867 4228 omnis
1889 4173 2095 4235 vivens,
2122 4189 2141 4221 ι
2175 4169 2253 4224 ἀοι

2015 4185 2095 4235 us,
2122 4189 2141 4221 ι
2175 4169 2263 4224 de~
2359 4167 2434 4229 ὡς
2454 4167 2562 4236 (5'7)
2589 4166 2721 4237 πρὸς
2745 4166 2874 4218 Θεὸν
2900 4166 2994 4217 καὶ
3020 4165 3106 4235 τὴν
3128 4167 3177 4218 ὲν
3193 4165 3320 4235 αὐτῷ
3336 4168 3534 4222 δικαιοσ

727 4270 898 4325 clarat
928 4268 1218 4331 neminem,
1240 4264 1629 4334 quantumlibet
1664 4265 1897 4328 beatum,
1929 4261 1974 4316 si
2001 4276 2121 4315 cum
2155 4261 2246 4315 Det

2001 4276 2121 4315 cum
2155 4261 2261 4315 Deo
2359 4257 2763 4334 δικαιωθήσεται
2795 4257 2901 4310 τῶν
2924 4258 3060 4310 πάνυ
3090 4259 3346 4328 μακαρίων,
3373 4259 3445 4323 ώς
3464 4264 3506 4313 εἰ

730 4373 792 4414 ae
830 4356 1037 4425 iustitia
1085 4355 1252 4424 ipsius
1295 4352 1623 4418 conferatur,
1655 4350 1961 4420 iustiﬁcari,
2013 4351 2171 4406 veluti
2215 4354 2249 4406 si

2016 4351 2171 4406 veluti
2215 4354 2260 4407 si
2363 4363 2462 4415 μεν
2491 4346 2581 4397 ἐπὶ
2612 4346 2794 4415 ἑτέρου
2827 4344 3228 4415 παραδείγματος
3261 4345 3506 4402 τοιοῦτον·
3533 4376 3535 4392 ι

731 4447 836 4502 tale
856 4445 1108 4516 quiddam
1134 4444 1302 4498 altero
1324 4443 1568 4511 exetnplo
1596 4443 1892 4496 diceremus
1913 4463 1926 4496 ;
1944 4438 2060 4495 Non
2085 4439 2250 4510 splen-

2015 4456 2060 4494 m
2085 4439 2262 4510 splen-
2361 4437 2465 4498 πᾶς
2483 4434 2669 4505 λύχνος
2700 4434 2923 4489 ἐνώπιον
2965 4437 3130 4506 ἡλίου·
3171 4440 3333 4505 φωτιεῖ
3359 4440 3453 4507 μὲν
3472 4441 3534 4507 γὰ

729 4536 879 4591 debit
922 4534 1139 4588 lucerna
1181 4533 1288 4586 ulla
1325 4546 1507 4587 coram
1543 4533 1684 4597 sole;
1713 4531 2014 4603 splendebit
2045 4530 2248 4600 quidem

2045 4530 2259 4600 quidem
2290 4580 2335 4603 η
2364 4543 2506 4596 χνος,
2532 4527 2642 4578 ἁλλ’
2671 4528 2795 4578 ὅταν
2829 4526 2903 4596 μὴ
2928 4526 3278 4597 καταυγὰζηται
3301 4528 3394 4581 ὑπὸ
3421 4532 3535 4601 ήλίοι

731 4625 904 4678 omnis
928 4624 1165 4688 lucerna,
1192 4625 1284 4676 sed
1310 4629 1419 4675 tum
1462 4636 1579 4676 cum
1613 4623 1886 4677 radiorum
1919 4620 2048 4677 solis
2083 4619 2250 4689 splen-

1992 4620 2048 4676 lis
2083 4619 2262 4689 splen-
2290 4616 2334 4638 ν
2361 4617 2580 4686 θήσεται
2603 4616 2659 4669 δὲ
2691 4616 2783 4667 καὶ
2815 4618 2919 4678 πᾶς
2959 4616 3079 4679 ζῶν,
3096 4617 3187 4670 ἀλλ’
3208 4619 3289 4671 οὐκ
3310 4619 3511 4676 ἐνώπιον

731 4708 861 4762 dore
888 4722 993 4762 non
1020 4706 1342 4762 illustratur.
1369 4704 1759 4761 Justiﬁcabitur
1784 4706 1945 4761 etiam
1976 4706 2152 4760 omnis
2184 4705 2250 4758 vi-

2016 4706 2152 4760 mnis
2184 4705 2265 4758 vi-
2358 4705 2446 4758 ὅτε
2469 4707 2580 4767 τοῖς
2607 4706 2754 4757 κάτω
2791 4704 3131 4774 συγκρίνεται,
3157 4706 3232 4757 καὶ
3258 4707 3346 4759 ὑπὸ
3377 4711 3461 4764 τοῦ
3493 4730 3535 4765 σῃ

731 4808 879 4861 vens,
911 4804 966 4849 at
997 4808 1122 4849 vero
1167 4809 1273 4848 non
1303 4807 1493 4848 coram.
1517 4792 1626 4848 Deo
1652 4792 2058 4863 justiilcabitur,
2093 4808 2250 4862 quan-

2016 4809 2058 4858 r,
2093 4808 2263 4862 quan-
2361 4792 2734 4864 κρατημένοις,
2785 4793 2913 4862 παρ’
2937 4789 3017 4856 οἷς
3055 4792 3214 4861 λάμψει
3252 4795 3402 4850 αὐτῶν
3437 4801 3490 4853 τὸ
3532 4823 3535 4846 ‹

730 4884 798 4939 do
827 4898 946 4938 cum
968 4882 1078 4951 illis
1098 4892 1440 4950 comparatur
1470 4883 1563 4951 qui
1603 4883 1815 4937 inferne
1834 4884 2096 4948 habitant,
2136 4882 2249 4950 qui-

2021 4890 2096 4948 nt,
2136 4882 2258 4950 qui-
2359 4880 2460 4950 δρα
2487 4881 2534 4930 εἰ
2563 4880 2699 4931 κατὰ
2726 4880 2882 4932 τοῦτο
2912 4881 3003 4933 καὶ
3042 4881 3092 4933 τὸ
3127 4882 3173 4932 ὲν
3192 4880 3535 4954 τῷΕὐαγγελίῳ

730 4986 835 5041 que
860 4942 1096 5026 tenebris
1124 4942 1453 5037 detinentur,
1481 4942 1618 5040 apud
1643 4985 1778 5041 quos
1821 4971 2023 5025 lucebit
2044 4942 2249 5025 illorum

2016 4988 2023 5024 ι
2044 4942 2259 5025 illorum
2368 4942 2690 5036 ι’Δαμψὰτω
2708 4969 2768 5021 τὸ
2796 4968 2912 5038 φῶς
2930 4969 3073 5040 ὑμῶν
3090 4942 3329 5043 ἔμπροσθεν
3347 4942 3441 5029 τών
3460 4942 3535 5031 ἀηίι

733 5057 844 5112 lux.
884 5057 952 5112 Et
997 5059 1120 5114 vide
1175 5074 1302 5114 num
1355 5059 1453 5114 hac
1503 5061 1707 5114 ratione
1752 5058 2149 5127 intelligendum
2193 5056 2252 5111 sil

2016 5058 2149 5112 [dum
2193 5056 2266 5111 sit
2367 5056 2427 5109 οὐ
2448 5056 2554 5126 γάρ
2569 5073 2584 5087 ’
2613 5057 2889 5126 Λαμψὰτω
2907 5058 2966 5112 τὸ
2993 5058 3092 5128 φῶς
3113 5053 3229 5131 ὑμῶν
3245 5062 3492 5134 ἔμπροσθεν
3512 5085 3535 5119 τ

804 5188 846 5221 ³⁸
871 5188 1026 5251 Joan,
1054 5207 1129 5249 τι.
1152 5191 1240 5244 25.
1316 5191 1359 5222 ³²
1387 5189 1548 5244 Marc.
1576 5205 1671 5253 xu,
1691 5189 1781 5255 26,
1808 5188 1897 5244 27.
1972 5189 2016 5221 ³⁸
2050 5186 2189 5243 Psal.
2220 5198 2386 5249 exul,
2418 5184 2475 5239 Ξ.
2561 5184 2604 5217 ⁸⁸
2634 5185 2791 5239 Num.
2817 5204 2927 5251 xlv,
2947 5188 3035 5244 28.
3097 5190 3131 5221 "
3152 5190 3364 5249 Marum
3405 5194 3462 5249 27

736 5259 917 5324 κ1,16.
991 5258 1033 5295 ⁸⁷
1063 5260 1201 5312 Psal.
1237 5274 1378 5323 στιν,
1403 5260 1456 5313 9.
1530 5259 1574 5291 ³⁸
1609 5258 1748 5314 Pssl.
1774 5273 1933 5319 cxut.
1963 5258 2018 5313 2.
3371 5237 3382 5259 ’
3464 5236 3479 5251 ’

684 5396 693 5426 ;
776 5369 913 5450 .(55)
948 5367 1059 5449 τῆς
1086 5369 1381 5449 ἁμαρτίας.
1421 5368 1593 5423 Codex
1625 5368 1955 5435 Bodleianns,
1982 5371 2046 5438 τῇ
2087 5369 2201 5437 ἁμα

739 5451 845 5485 τιπ.
881 5448 930 5485 et
964 5448 1032 5485 tta
1058 5440 1181 5485 lemt
1208 5437 1501 5485 Ferrarius.

1841 5385 1955 5435 nus,
1982 5371 2046 5438 τῇ
2087 5369 2266 5437 ἁμαρ-
2374 5359 2570 5439 Regius
2595 5371 2647 5445 et
2680 5357 3019 5438 Barlierinus.
3050 5364 3155 5433 μετὰ
3182 5367 3252 5420 τοῦ
3271 5366 3360 5439 ζῇν.

2444 5427 2553 5485 (57)
2609 5428 2707 5485 Ως.
2769 5425 2857 5481 Slt:
2888 5433 3048 5485 codex
3073 5431 3335 5485 Iindleianns:

802 5425 1512 5520 ἐπηεέιξεὶίῑεέῖιἰη’ςει-ιιειῲιεἒ
1942 5425 1955 5435 ι
2016 5425 2046 5438 π
2128 5425 2140 5437 .
2205 5425 2218 5437 .

2378 5425 3336 5520 LAQDm'Q‘E-LJSic.lcndex'liudleianus';
3378 5436 3531 5507 Rt‘glus

806 5494 914 5573 {5(5)
945 5504 1073 5558 Μετ’
1099 5494 1280 5557 ἇὺτοῦ
1310 5501 1410 5554 τοῦ
1446 5502 1568 5571 ᾒῖν.
1612 5507 1701 5563 Sic
1726 5508 1890 5561 codex
1918 5505 2266 5566 Beidleianus;

1399 5503 1410 5549 3
1446 5502 1568 5571 ᾗῖν.
1612 5507 1701 5563 Sic
1726 5508 1890 5561 codex
1918 5505 2266 5566 Beidleianus;
2378 5497 2612 5558 betinus,
2639 5494 2791 5558 ὡσεί,
2815 5506 2918 5551 etc.
