3848 6196
281 314 382 364 115

1391 313 1738 370 COMMENT.
1774 315 1840 370 ΙΝ
1879 315 2066 371 JOAN.
2107 314 2340 372 TOMUS
2379 317 2437 370 Ii.

3384 327 3480 382 146

271 421 428 478 τοῦτο
452 421 543 493 γὰρ
570 415 612 471 εὶ
637 400 974 500 ὶνεττέλλετο,
1020 416 1296 476 ἀδύνατον
1323 425 1390 477 ἂν
1422 425 1587 478 ἐδίδου
1611 425 1838 496 ἐντολὴν,

1947 425 2109 482 etiam
2141 425 2274 482 illud
2317 428 2456 496 quod
2487 436 2569 483 est
2611 427 2664 482 in
2695 429 2981 500 Evangelio
3004 431 3046 466 ³⁸
3073 447 3089 488 :
3119 449 3138 482 ι
3168 429 3366 488 Luceat
3395 437 3486 490 lux

273 514 406 566 ὡσεὶ
435 513 517 566 καὶ
551 507 646 561 τοῖς
669 498 881 570 λύχνοις
926 502 1219 581 ἐμψύχοις
1251 508 1400 568 οὖσιν
1434 515 1648 585 ἐντολὴν
1673 515 1836 569 ἐδίδου

271 603 334 654 τὸ
363 602 560 673 λάμψαι
585 597 641 650 τὸ
688 591 798 663 φῶς
843 593 1046 650 αὐτῶν
1082 601 1389 673 ἔμπροσθεν
1419 604 1510 657 τοῦ
1540 605 1709 674 ἡλίου.
1729 605 1838 674 Οὐχ

275 692 322 742 οἱ
355 691 590 760 τυχόντες
615 681 701 738 οῦν
729 681 880 754 μόνοι
916 685 1034 740 τῶν
1067 688 1285 753 ζώντων
1314 693 1374 745 οὐ
1399 693 1838 762 δικαιωθήσονται

275 779 600 831 κατενώπιον
646 773 735 828 τοῦ
778 773 946 841 Θεοῦ,
997 777 1139 831 ἀλλὰ
1165 780 1257 832 καὶ⁵
1291 782 1340 834 oi
1376 781 1449 844 ὡς
1483 785 1538 835 ὲν
1568 781 1697 845 ζῶσι
1735 781 1839 833 τῶν

274 855 562 920 ἐλαττόνων
592 865 937 936 διαφέροντες
956 884 970 898 ο
1018 867 1054 938 ἢ
1090 870 1227 940 ὅπερ
1261 871 1475 939 μᾶλλον,
1505 873 1673 942 ἆμαὴ
1705 873 1838 925 πάν-

271 975 380 1008 των
430 957 532 1009 τῶν
580 957 792 1020 ζώντων
835 957 1186 1029 δικαιοσύνης,
1203 960 1264 1012 οὐ
1307 960 1715 1030 δικαιωθήσεται
1767 960 1841 1022 ὡς

273 1047 413 1115 πρὸς
439 1047 533 1117 τὴν
558 1047 654 1098 τοῦ
674 1045 808 1098 Θεοῦ
834 1047 1204 1119 δικαιοσύνην,
1233 1050 1306 1112 ὡς
1338 1051 1386 1101 εί
1415 1049 1506 1102 καὶ
1535 1049 1646 1119 ἅμα
1669 1050 1842 1102 πάντα

270 1137 338 1188 τὰ
369 1138 462 1189 ἐπὶ
483 1137 586 1206 γῆς
612 1136 903 1209 νυκτερινὰ
948 1139 1267 1207 συναγαγὼν
1317 1139 1468 1209 φῶτα
1512 1139 1738 1207 ἔφασκον
1767 1139 1839 1208 μὴ

266 1224 524 1277 δόνασθαι
563 1223 741 1277 ταῦτα
791 1224 1046 1292 φωτίζειν
1095 1227 1169 1288 ὼς
1217 1227 1351 1296 πρὸς
1400 1227 1496 1289 τάς
1533 1226 1713 1278 τούτου
1750 1226 1840 1278 τοῦ

268 1313 420 1380 ἡλίου
449 1313 644 1378 αὐγάς.
693 1313 828 1365 Κατ’
857 1313 1190 1366 ὲπανάϐασιν
1218 1315 1274 1365 δὲ
1314 1316 1378 1366 ἐκ
1412 1313 1519 1365 τῶν
1547 1314 1842 1384 εἰρημένων

269 1402 488 1470 νοητέον
513 1402 610 1453 καὶ
639 1401 701 1453 τό
723 1419 736 1431 ·
774 1419 792 1450 ι
829 1401 914 1452 Ζῶ
943 1401 1072 1468 ἐγὼ,
1104 1402 1251 1468 λέγει
1273 1403 1488 1472 Κύριος.
1528 1421 1545 1452 ι
1577 1404 1723 1470 Τάχα
1749 1403 1840 1454 τοῦ

267 1491 475 1559 κυρίως
504 1490 628 1560 ζῇν,
661 1491 896 1560 μάλιστα
921 1492 982 1544 ἐκ
1016 1491 1119 1543 τῶν
1145 1493 1442 1562 εἰρημένων
1466 1491 1700 1562 περὶτοῦ
1724 1493 1840 1562 ζῇν,

267 1580 420 1650 παρὰ
446 1581 594 1649 μόνῳ
620 1581 982 1650 τυγχάνοντος
1004 1581 1078 1650 τῷ
1100 1581 1234 1650 Θεῷ.
1262 1583 1370 1634 Καὶ
1390 1583 1488 1652 ὅρα
1515 1585 1562 1634 εἰ
1583 1582 1671 1635 διά
1690 1582 1844 1634 τοῦτο

264 1668 489 1720 δύναται
512 1671 540 1720 ό
569 1669 894 1731 Ἀπόστολος
924 1669 1032 1738 (58)
1055 1669 1150 1739 τὴν
1171 1671 1247 1732 εἰς
1265 1670 1560 1740 ὑπερϐολὴν
1577 1671 1843 1740 ὑπεροχὴν

1940 524 2121 572 vestra
2153 530 2332 571 coram
2365 516 2704 583 hominibus;
2728 538 2748 570 ι
2781 534 2885 574 non
2915 521 3057 577 enim
3088 520 3256 577 dixit:
3283 524 3483 580 Lucest

1942 606 2032 660 iux
2057 613 2236 661 vestra
2281 620 2464 660 coram
2504 607 2634 675 Deo,
2661 609 2857 679 alioqui
2903 621 3228 682 praeceptum
3263 617 3481 672 daturus

1941 690 2293 760 impossibile,
2333 693 2378 746 si
2424 692 2523 748 hoc
2559 697 2921 764 pracepisset,
2948 700 3167 768 perinde
3215 715 3280 755 ac
3313 703 3355 756 si
3395 704 3480 756 lu-

1943 781 2121 836 cernis
2162 782 2413 836 animatis
2455 786 2821 852 prmcepisset,
2855 787 2930 840 uti
2972 787 3061 840 lux
3119 789 3356 856 ipsorum
3388 803 3482 845 co-

1944 884 2058 923 ram
2081 871 2192 925 sole
2220 870 2444 924 luceret.
2473 869 2828 937 Quamobrem
2869 889 2974 928 non
3003 877 3160 930 modo
3185 877 3370 946 vulgus
3397 880 3479 931 vi-

1943 960 2176 1012 ventium
2240 973 2344 1012 non
2389 959 2770 1026 iustiﬁcabitur
2826 977 3006 1017 coram
3052 965 3180 1030 Deo,
3239 968 3332 1021 sed
3382 981 3481 1022 nec

1943 1045 2102 1099 etiam
2136 1045 2192 1100 hi
2225 1046 2316 1115 qui
2358 1061 2453 1100 ceu
2497 1045 2637 1102 inter
2685 1049 2920 1104 viventes
2967 1051 3305 1108 inferioribus
3347 1069 3483 1122 pm-

1943 1143 2123 1199 stant;
2167 1133 2414 1202 quodque
2461 1135 2628 1204 magis
2671 1137 2832 1188 etiam
2876 1147 2978 1202 est,
3011 1140 3247 1193 omnium
3292 1142 3479 1195 viven-

1945 1221 2076 1276 tium
2113 1221 2165 1274 in
2215 1237 2381 1276 unum
2411 1222 2637 1277 collecta
2663 1223 2890 1290 iustitia,
2928 1229 3327 1294 comparatione
3359 1230 3482 1296 Dei,

1946 1324 2050 1363 non
2083 1309 2488 1376 justiﬁeabitur,
2515 1311 2733 1379 perinde
2762 1325 2826 1365 ac
2850 1311 2894 1366 si
2927 1311 3216 1370 luminibus
3241 1332 3360 1385 qua:
3385 1333 3477 1372 stt-

1946 1413 2041 1466 per
2079 1408 2276 1452 terram
2304 1406 2428 1452 sunt
2468 1399 2745 1454 nocturnis
2777 1399 2829 1451 in
2873 1415 3037 1454 unum
3066 1402 3308 1458 collectis
3339 1406 3482 1460 dice-

1949 1502 2055 1541 rem
2088 1503 2205 1558 ego,
2241 1488 2356 1543 ﬁeri
2403 1503 2506 1543 non
2539 1503 2716 1558 posse,
2751 1491 2828 1544 uti
2869 1492 3210 1560 splendorem
3238 1493 3482 1561 aii'erant,

1948 1579 2048 1648 71
2085 1580 2422 1647 splendorum
2455 1580 2609 1648 hujus
2643 1581 2770 1635 solis
2805 1582 3230 1650 comparatione.
3265 1583 3368 1638 Per
3393 1600 3483 1640 re-

1947 1669 2256 1735 petitionem
2301 1682 2430 1723 vero
2474 1684 2658 1722 eorum
2704 1685 2824 1738 quae
2847 1672 3105 1735 diximus,
3135 1673 3482 1728 consideran-

265 1759 464 1826 νοήσας
499 1757 604 1826 τῆς
643 1758 790 1827 ζωῆς
825 1758 917 1810 τοῦ
955 1758 1110 1822 Θεοῦ,
1160 1759 1254 1810 καὶ
1279 1759 1440 1821 ἀξίως
1463 1759 1615 1812 ’Θεοῦ
1657 1759 1838 1822 συνιεὶς

1947 1757 2071 1810 dum
2098 1757 2254 1810 etiam
2275 1757 2402 1810 illud
2431 1767 2548 1812 est:
2578 1775 2597 1808 ι
2632 1759 2762 1813 Vivo
2789 1774 2911 1827 ego,
2936 1761 3066 1814 dicit
3097 1760 3357 1816 Dominus
3377 1764 3478 1826 “,s

262 1847 356 1898 τό·
395 1866 416 1898 ι
450 1847 536 1899 Ζῶ
559 1846 695 1913 ἐγὼ,
728 1849 876 1914 λέγει
909 1847 1128 1916 Κύριος,
1164 1866 1182 1897 ι
1227 1846 1499 1916 εἰρηκέναι
1532 1848 1658 1917 περὶ
1687 1845 1841 1908 Θεοῦ,

272 1955 290 1987 ι
319 1939 348 1988 6
366 1937 528 2006 μόνος
554 1937 698 2005 ἔχων
719 1938 1035 1997 ἀθανασίαν,
1062 1955 1079 1986 ι
1101 1936 1306 1998 οὐδενὸς
1317 1936 1423 1988 τῶν
1445 1935 1593 2006 παρὰ
1606 1937 1694 1989 τὸν
1714 1937 1842 1988 Θεὸν

265 2025 480 2086 ζώντων
508 2025 735 2094 ἔχοντος
754 2027 854 2095 τὴν
883 2026 1146 2096 ἄτρεπτον
1173 2025 1345 2094 πάντη
1373 2026 1464 2077 καὶ
1497 2025 1843 2079 ἀναλλοίωτον

267 2113 430 2182 ζωήν.
462 2115 576 2166 Kal.
609 2115 663 2166 τί
702 2113 1024 2184 διστάζομεν
1055 2131 1119 2166 πε
1131 2115 1181 2184 pl.
1216 2113 1324 2167 τῶν
1352 2114 1570 2180 λοιπῶν,
1600 2116 1686 2167 ὅτε
1724 2115 1842 2167 οὐδὲ

264 2205 292 2254 ό
316 2203 549 2272 Χριστὸς
585 2203 715 2272 ἔσχε
747 2204 842 2273 τὴν
877 2204 967 2255 τοῦ
1002 2203 1207 2273 Πατρὸς
1241 2202 1561 2265 ἀθανασίαν;
1592 2202 1846 2270 ἐγεύσατο

265 2288 371 2361 γὰρ
399 2292 542 2360 ὑπὲρ
568 2292 775 2354 παντὸς
797 2291 1045 2344 θανάτου.

1946 1860 2067 1900 cum
2108 1848 2380 1916 proprium
2413 1847 2613 1912 vivere,
2645 1848 2908 1916 praecipue
2936 1863 3003 1902 ex
3034 1851 3115 1905 bis
3144 1867 3264 1920 qua:
3291 1855 3358 1908 de
3398 1854 3482 1910 vi-

1945 1939 2118 1990 vendo
2156 1935 2528 1999 disseruimus,
2559 1950 2722 2004 penes
2751 1939 2921 1992 solum
2946 1940 3016 1992 sit
3045 1940 3230 1995 Deum.
3263 1942 3328 1996 Et
3358 1944 3480 2000 vide

1947 2039 2070 2078 num
2101 2024 2170 2078 ob
2203 2025 2304 2078 hoc
2336 2025 2502 2094 possit
2528 2027 2814 2094 Apostolus
2843 2030 2896 2084 in
2945 2032 3268 2100 hyperbolen
3313 2047 3482 2103 usque

1947 2114 2282 2169 considerata
2311 2114 2404 2168 Dei
2435 2115 2557 2169 vitae
2595 2117 2936 2183 excellentia,
2967 2131 3042 2186 et,
3071 2131 3128 2174 ut
3155 2121 3372 2189 dignum
3399 2133 3482 2177 est

1948 2201 2079 2266 Deo,
2116 2201 2412 2271 intelligens
2440 2203 2566 2256 illud
2593 2221 2608 2256 :
2638 2223 2656 2256 σ
2683 2205 2815 2262 Vivo
2849 2223 2966 2276 ego,
2999 2209 3129 2263 dicit
3155 2211 3432 2276 Dominus,
3457 2229 3478 2264 ι
3567 2259 3570 2262 .

1947 2289 2012 2343 de
2036 2288 2144 2343 Deo
2177 2289 2382 2345 dixisse
2399 2290 2443 2324 “
2475 2306 2490 2343 :
2527 2292 2661 2358 «Qui
2705 2295 2848 2350 solus
2901 2298 3061 2351 habet
3105 2298 3480 2353 immortalita-

269 2393 398 2444 tem,
431 2403 453 2434 ι
495 2384 649 2437 nullo
687 2395 884 2452 praeter
917 2387 1082 2437 Deum
1121 2385 1434 2446 viventium,
1469 2383 1852 2438 immutabllem
1882 2382 2376 2451 inalterabilemque
2401 2383 2734 2440 divinitatem
2765 2387 3014 2444 habente.
3051 2391 3115 2443 Et
3145 2391 3271 2458 quid
3305 2392 3480 2446 ambi-

267 2473 445 2538 gimus
481 2474 549 2526 de
583 2475 817 2535 caeteris,
857 2474 1070 2540 quando
1099 2490 1163 2526 ne
1185 2473 1433 2527 Christus
1459 2472 1670 2540 quidem
1698 2471 1873 2527 Patris
1903 2471 2145 2526 habuerit
2175 2470 2674 2527 immortalitatem?
2710 2489 2831 2530 nam
2861 2491 2958 2546 pro
2989 2491 3308 2550 quocunque
3333 2494 3480 2536 mor-

271 2572 372 2614 tem
408 2562 649 2629 gustavit
673 2563 739 2614 ".

336 2651 403 2703 Ἀ
412 2668 488 2720 μα
511 2651 570 2703 δὲ
607 2650 950 2714 ἐξετάζοντες
975 2650 1042 2704 τὰ
1068 2650 1304 2721 περὶτοῦ
1326 2650 1422 2722 ζῇν
1445 2653 1538 2705 τοῦ
1560 2649 1716 2715 Θεοῦ,
1739 2652 1833 2704 καὶ

270 2740 428 2809 ζωῆς,
468 2740 760 2809 ἧτιςὲστὶν
781 2742 809 2792 ό
832 2739 1084 2810 Χριστὸς,
1118 2741 1211 2792 καὶ
1232 2739 1446 2803 ζώντων
1472 2743 1529 2793 ὲν
1556 2739 1708 2810 χώρᾳ
1733 2739 1837 2811 ίδίᾳ

2014 2648 2101 2702 12.
2140 2647 2271 2702 Cum
2301 2661 2432 2702 vero
2474 2648 2804 2718 inquiramus
2830 2652 2896 2707 de
2927 2651 3012 2706 his
3045 2667 3172 2722 qua:
3203 2655 3267 2708 ad
3313 2655 3479 2711 Deum

1940 2737 2205 2791 viventem
2249 2737 2538 2805 pertinent,
2583 2747 2638 2791 et
2682 2741 2748 2794 de
2786 2739 2895 2793 vita
2937 2753 3058 2809 qua:
3095 2752 3179 2796 est
3209 2741 3478 2809 Christus,

269 2831 663 2900 τυγχανόντων,
702 2831 796 2882 καὶ
832 2828 1047 2892 ζώντων
1069 2831 1129 2882 οὐ
1173 2831 1560 2900 δικαιουμένων
1607 2830 1836 2884 ἐνώπιον

1945 2827 2111 2895 deque
2142 2825 2445 2881 viventibus
2464 2827 2557 2895 qui
2587 2837 2714 2882 sunt
2742 2829 2796 2882 in
2822 2843 2920 2884 sua
2951 2832 3194 2899 regione,
3220 2844 3382 2902 atque
3410 2835 3478 2890 de

271 2916 358 2968 τοῦ
385 2917 542 2981 Θεοῦ,
583 2917 898 2978 ἀκολούθως
929 2917 1136 2978 τούτοις
1163 2916 1580 2986 παρατιθέμενοι
1607 2917 1686 2969 τόο
1719 2935 1738 2968 t
1781 2917 1838 2970 '0

1945 2914 2238 2968 viventibus
2264 2915 2426 2969 etiam
2459 2914 2546 2969 his
2569 2916 2660 2984 qui
2695 2931 2878 2970 coram
2914 2917 3022 2972 Deo
3044 2935 3147 2973 non
3171 2920 3479 2987 jnstiiican-

277 3007 428 3074 μόνος
466 3007 606 3076 ἔχων
643 3007 966 3069 ἀθανασίαν,
1011 3026 1028 3056 ι
1068 3006 1135 3059 τὰ
1159 3007 1522 3076 ὑπονοούμενα
1557 3023 1841 3076 συμπαρα-

273 3095 549 3164 ληψόμεθα
589 3097 721 3165 περὶ
748 3095 843 3148 τοῦ
869 3097 974 3148 πᾶν
1020 3096 1296 3148 ότιποτοῦν
1323 3095 1534 3162 λογικὸν
1560 3095 1632 3165 μὴ
1659 3096 1842 3148 οὐσιω-

275 3185 378 3246 δῶς
409 3185 572 3253 ἔχειν,
622 3185 702 3246 ώς
735 3184 1035 3253 ἀχώριστον
1066 3182 1425 3253 συμϐεϐηκὸς,
1451 3184 1548 3253 τὴν
1580 3183 1840 3252 μακαριό-

275 3291 429 3341 τητα.
470 3274 597 3325 Ἐὰν
617 3272 731 3342 γὰρ
761 3270 1060 3341 ἀχώριστον
1087 3272 1184 3341 ἔχῃ
1218 3273 1315 3341 τὴν
1353 3271 1722 3340 μακαριότητα
1749 3271 1842 3323 καὶ

275 3365 368 3430 τὴν
396 3359 820 3433 προηγουμένην
839 3358 1000 3426 ζωὴν,
1019 3359 1134 3422 πῶς
1157 3360 1236 3412 ἔτι
1257 3360 1405 3412 ἔσται
1429 3359 1622 3430 ἀληθὲς
1635 3361 1694 3412 τὸ
1716 3361 1842 3430 περὶ

273 3450 363 3503 τοῦ
395 3451 529 3504 Θεοῦ
553 3450 892 3519 λεγόμενονί
906 3449 963 3502 ’0
989 3449 1143 3520 μόνος
1166 3449 1275 3518 (59)
1297 3449 1431 3518 ἔχων
1459 3449 1780 3514 ἀθανασίαν;
1815 3468 1834 3499 ι

274 3539 389 3608 Χρὴ
410 3536 658 3608 μέντοιγὲ
685 3537 902 3599 εἰδέναι,
926 3537 1005 3590 ὅτι
1033 3537 1155 3590 τινὰ
1185 3540 1213 3590 ό
1248 3537 1434 3608 Σωτὴρ
1470 3537 1566 3606 οὐχ
1587 3536 1732 3606 αὑτῷ
1767 3533 1840 3589 εῐ-

275 3647 356 3681 ναι
379 3630 510 3700 (60),
542 3629 660 3682 ἀλλ’
687 3627 918 3698 ἑτέροις,
945 3627 1065 3680 τινὰ
1091 3627 1148 3679 δὲ
1182 3626 1330 3696 αὑτῷ
1358 3626 1452 3680 καὶ
1487 3627 1709 3696 ἑτέροις⁹
1747 3627 1841 3695 ζη-

275 3720 458 3788 τητέον
487 3721 544 3773 δὲ
572 3719 628 3772 ετ
647 3735 774 3771 τινα
806 3716 981 3786 ἑαυτῷ
1018 3716 1110 3768 καὶ
1141 3715 1332 3769 οὐδενί.
1366 3713 1558 3782 Σαφῶς
1593 3714 1690 3784 μὲν
1734 3712 1842 3783 γὰρ

273 3811 474 3882 ἑτέροις
501 3810 622 3862 ἐστὶ
664 3806 890 3878 ποιμὴν,
919 3807 1017 3876 οὐχ
1054 3807 1129 3870 ὡς
1152 3809 1200 3860 οἱ
1226 3806 1374 3877 παρὰ
1397 3803 1696 3875 ἀνθρώποις
1722 3820 1831 3856 ποια

278 3900 432 3967 μένες
459 3900 648 3970 ὄνησιν
676 3901 742 3951 ὲκ
767 3897 861 3950 τοῦ
885 3896 1188 3966 ποιμαίνειν
1219 3897 1299 3960 είς
1326 3895 1515 3949 ἑαυτὸν
1535 3893 1838 3964 λαμϐάνων,

274 3991 319 4040 εί
346 3989 418 4059 μὴ
444 3991 551 4059 ἄρα
587 3989 690 4059 τὴν
727 3988 836 4040 τῶν
864 3987 1300 4057 ποιμαινομένων
1335 3986 1599 4055 ὠφέλειαν
1634 3984 1720 4037 διὰ
1758 4001 1844 4052 φι-

274 4077 397 4130 λανθ
407 4078 616 4147 ρωπίαν
651 4077 786 4131 ἰδίαν
809 4073 947 4129 εἶναι
976 4077 1264 4144 λογίσαιτοο
1287 4076 1419 4129 ἀλλὰ
1439 4076 1531 4128 καὶ
1561 4074 1676 4136 ὁδός
1699 4075 1841 4127 ἐστιν

1941 3012 2044 3067 tur,
2076 3009 2464 3070 consequenter
2495 3002 2582 3056 his
2621 3013 2949 3072 apponentes
2982 3023 2995 3058 :
3029 3023 3046 3056 ι
3069 3005 3170 3072 Qui
3202 3009 3348 3063 solus
3382 2999 3480 3062 ha-

1938 3091 2026 3144 bet
2075 3091 2528 3145 immortalitatem
2551 3091 2618 3155 “,
2648 3110 2668 3143 ι
2711 3095 2911 3160 pariter
2941 3096 3101 3149 etiam
3148 3110 3478 3152 assumemus

1937 3194 2057 3247 quas
2095 3180 2587 3250 subintelliguntur,
2619 3197 2809 3252 nempe
2839 3184 2980 3252 quod
3022 3199 3181 3240 omne
3219 3187 3476 3254 quidquid

1939 3269 2134 3324 dixeris
2183 3271 2410 3324 rationis
2455 3285 2650 3340 capax.
2681 3286 2782 3325 non
2814 3273 3011 3327 habeat
3049 3274 3477 3330 substantialiter

1939 3355 2055 3424 (ceu
2104 3357 2459 3426 inseparabile
2504 3357 2774 3428 accidens)
2816 3359 3223 3415 beatitudinem.
3269 3361 3401 3416 Nam
3427 3363 3476 3417 si

1940 3445 2348 3512 inseparabilem
2399 3447 2590 3502 habeat
2633 3448 3015 3504 beatitudinem
3061 3459 3117 3505 et
3154 3451 3476 3520 praecipuam

1939 3531 2120 3596 vitam,
2169 3535 2433 3599 quomodo
2478 3548 2663 3588 verum
2699 3535 2808 3588 erit
2841 3536 2970 3590 illud
2999 3539 3138 3605 quod
3164 3539 3229 3592 de
3259 3539 3367 3593 Deo
3393 3540 3476 3594 di-

1937 3619 2078 3673 citttr
2109 3636 2124 3673 :
2159 3637 2177 3671 t
2200 3621 2298 3686 Qui
2339 3622 2483 3676 solus
2515 3625 2675 3679 habet
2721 3626 3216 3682 immortalitatem?
3237 3646 3256 3678 ι
3290 3627 3477 3682 Scien-

1939 3706 2064 3760 dum
2094 3717 2175 3766 est
2201 3717 2438 3763 attamen
2471 3711 2816 3766 Servatorem
2841 3727 2943 3768 non
2975 3728 3094 3768 esse
3119 3713 3222 3767 sibi
3249 3714 3348 3783 ipsi
3378 3714 3480 3768 ali-

1937 3813 2062 3866 qua,
2098 3799 2189 3854 sed
2217 3801 2368 3863 aliis;
2400 3800 2576 3868 aliqua
2615 3815 2742 3854 vero
2781 3811 2834 3856 et
2857 3803 2957 3870 ipsi
2986 3813 3040 3854 et
3081 3802 3219 3856 aliis.
3256 3803 3476 3870 Insuper

1938 3885 2278 3953 quaerendum
2322 3896 2406 3942 est
2449 3903 2519 3940 an
2555 3888 2733 3955 aliqua
2775 3888 2888 3957 ipse
2926 3889 3121 3943 habeat
3146 3904 3263 3957 quae
3302 3890 3476 3945 nullus

1938 3973 2093 4028 alius.
2120 3973 2362 4043 Namque
2405 3975 2577 4042 palam
2615 3976 2734 4030 aliis
2759 3985 2841 4030 est
2887 3987 3112 4044 pastor:
3143 3992 3246 4031 non
3273 3978 3412 4032 sicut
3438 3978 3474 4032 ii

1939 4065 2029 4133 qui
2069 4065 2206 4134 apud
2248 4065 2493 4120 homines
2533 4076 2774 4135 pastores
2822 4077 2966 4132 sunt,
3001 4067 3282 4121 utilitatem
3325 4069 3390 4122 ad
3419 4083 3477 4124 se

271 4170 476 4240 ἑτέροις
527 4169 752 4240 ὁμοίως,
801 4171 896 4222 καὶ
943 4169 1102 4238 θύρα,
1157 4168 1596 4238 ὁμολογουμένως
1645 4167 1702 4220 δὲ
1749 4167 1838 4220 καὶ

1945 4154 2158 4210 trahens
2206 4167 2271 4209 eo
2315 4156 2455 4222 quod
2501 4166 2705 4224 pascat,
2745 4157 2846 4212 nisi
2891 4156 3026 4212 forte
3051 4171 3234 4211 eorum
3261 4159 3350 4224 qui
3382 4173 3478 4226 pa-

272 4260 482 4329 ῥάϐδος·
508 4259 691 4328 ἑαυτῷ
718 4259 776 4311 δὲ
811 4259 905 4310 καὶ
935 4259 1137 4329 ἑτέροις
1173 4257 1352 4324 σοφία,
1381 4257 1518 4325 τάχα
1547 4257 1602 4310 δὲ
1632 4257 1722 4309 καὶ
1746 4256 1833 4309 λό-

269 4364 380 4414 γος.
424 4347 699 4418 Ζητητέον
731 4347 787 4398 δὲ
819 4347 869 4398 εἰ
901 4350 1240 4416 συστήματος
1290 4345 1649 4418 θεωρημάτων
1687 4347 1834 4410 ὄντος

269 4433 324 4483 ὲν
377 4434 548 4502 αὐτῷ,
597 4432 735 4486 καθὸ
768 4432 930 4499 σοφία
985 4433 1150 4494 ἐστὶν,
1203 4431 1316 4483 ἐστι
1364 4432 1484 4483 τινὰ
1513 4431 1835 4503 θεωρήματα

268 4521 528 4593 ἀχώρητα
559 4523 818 4593 τῇ·λοιπῇ
860 4522 992 4591 παρ’
1021 4522 1181 4574 αὐτὸν
1221 4524 1448 4590 γεννητῇ
1481 4521 1654 4589 φύσει,
1683 4523 1835 4575 ἅτινα

264 4607 400 4663 οἶδεν
433 4611 638 4680 ἐαυτῷ.
675 4612 786 4663 Καὶ
815 4611 917 4662 οὐκ
957 4609 1310 4672 ἀνεξέταστον
1334 4609 1488 4674 λόγον
1521 4609 1700 4660 ἐατέον
1746 4609 1834 4662 διὰ

264 4701 358 4770 τὴν
374 4699 618 4771 περὶτοῦ
649 4698 804 4767 ἁγίου
832 4696 1152 4765 Πνεύματος
1173 4695 1468 4748 εὐλάϐειαν·
1501 4697 1581 4748 ὅτι
1607 4696 1702 4765 μὲν
1727 4696 1834 4767 γὰρ

264 4791 353 4842 καὶ
366 4790 499 4842 αὐτὸ
527 4786 677 4856 αὺτῷ
713 4784 1110 4856 μαθητεύεται,
1142 4783 1324 4850 σαφῶς
1353 4784 1458 4854 (61)
1487 4786 1550 4836 ὲκ
1566 4783 1656 4836 τοῦ
1683 4783 1832 4853 λεγο-

265 4876 422 4944 μένου
463 4876 601 4945 περὶ
643 4874 1010 4944 παρακλήτου
1061 4873 1154 4924 καὶ
1184 4873 1335 4938 ἁγίου
1380 4873 1706 4942 Πνεύματος,
1757 4877 1838 4930 ὅτι

268 4985 284 5016 ι
326 4967 418 5019 Ἐκ
443 4965 545 5017 τοῦ
575 4963 707 5033 ἐμοῦ
737 4962 1004 5031 λήψεται,
1038 4961 1132 5012 καὶ
1155 4960 1432 5027 ἀναγγελεῖ
1460 4962 1602 5030 ὑμῖν.
1636 4982 1653 5013 ι
1683 4965 1745 5016 Ei
1783 4965 1838 5018 δὲ
1863 4986 1881 4999 -

265 5053 701 5123 μαθητευόμενον
738 5050 856 5119 (62)
908 5049 1098 5101 πάντα
1128 5051 1304 5117 χωρεῖ,
1343 5047 1378 5100 ἃ.
1406 5051 1715 5114 ὲνατενίζων
1763 5054 1839 5123 τῷ

1940 4253 2159 4299 scantur
2211 4245 2518 4309 utilitatem,
2566 4245 2913 4314 benignitatis
2963 4260 3145 4309 causa,
3201 4247 3474 4314 propriam

1939 4347 2058 4388 esse
2113 4342 2344 4402 reputet.
2392 4333 2530 4399 Quin
2571 4333 2731 4389 etiam
2791 4335 2875 4388 via
2909 4343 3012 4399 est,
3059 4335 3178 4391 aliis
3227 4335 3477 4392 similiter

1939 4424 2103 4476 etiam
2153 4425 2375 4487 ostium,
2398 4422 2510 4491 jam
2540 4423 2702 4476 etiam
2749 4423 2800 4476 in
2840 4424 3086 4478 confesso
3114 4435 3197 4479 est
3223 4426 3363 4494 quod
3407 4425 3479 4480 sit

1939 4515 2101 4566 etiam
2147 4514 2336 4582 virga;
2378 4513 2481 4568 sibi
2517 4527 2643 4566 vero
2683 4513 2780 4581 ipsi
2809 4524 2862 4567 et
2891 4514 3010 4568 aliis
3041 4514 3338 4580 sapientia;
3367 4513 3476 4582 for-

1941 4603 2098 4657 tassis
2127 4604 2286 4658 etiam
2329 4604 2483 4670 λόγος
2527 4602 2600 4673 [id
2649 4612 2730 4657 est
2779 4603 2957 4672 ratio].
2997 4603 3348 4669 Quaerendum
3395 4610 3477 4657 est

1940 4693 2156 4761 insuper
2181 4709 2306 4746 num
2339 4708 2408 4747 ex
2435 4709 2495 4747 ea
2525 4694 2864 4748 multitudine
2909 4694 3332 4761 speculationum
3359 4708 3477 4758 qua:

1938 4792 2062 4838 sunt
2087 4783 2138 4836 in
2171 4783 2306 4851 ipso,
2338 4783 2390 4836 in
2435 4791 2694 4854 quantum
2727 4783 2985 4851 sapientia
3016 4790 3118 4844 est,
3144 4782 3253 4834 sint
3283 4779 3477 4846 aliqua:

1941 4872 2332 4941 speculationes
2363 4872 2501 4940 apud
2533 4873 2729 4941 ipsum,
2760 4886 2892 4939 quas
2924 4869 3126 4934 reliqua
3164 4877 3353 4919 natura
3378 4881 3474 4932 ge-

1944 4972 2126 5016 nerata
2181 4963 2454 5031 percipere
2527 4974 2761 5030 nequeat
2829 4970 3158 5026 quarumque
3218 4954 3318 5008 sibi
3376 4955 3476 5021 ipsi

1944 5055 2224 5109 scientiam
2265 5062 2523 5109 reservet.
2564 5051 2671 5106 Nec
2725 5048 3083 5104 inexaminata
3129 5043 3478 5111 relinquenda

328 5203 370 5236 as
391 5203 585 5257 Μειιιι.
613 5217 666 5268 v,
698 5201 790 5255 16.
876 5196 930 5230 ⁵⁸
961 5197 1127 5253 Num.
1165 5215 1269 5263 xlv,
1292 5199 1377 5254 ‘28.
1449 5202 1490 5232 “
1521 5203 1535 5254 Ι
1561 5203 1698 5258 Tim.
1725 5222 1798 5271 vt,
1833 5218 1838 5237 λ

1996 5208 2040 5238 δ’
2065 5206 2224 5260 ilebr.
2251 5222 2311 5266 Il,
2338 5207 2391 5259 9.
2457 5205 2540 5256 ⁸³1
2567 5203 2702 5257 Tim.
2731 5217 2800 5268 vi,
2835 5201 2918 5254 16.

326 5326 431 5396 (58)
473 5327 848 5396 Ἀπόστοᾷος
891 5325 1068 5396 deest
1109 5327 1156 5379 in
1193 5326 1413 5382 editione
1435 5329 1707 5394 Iluetiana,
1738 5336 1834 5387 sed

267 5390 551 5448 restitiiitur
581 5409 612 5448 e
639 5393 848 5446 codice
891 5390 1217 5447 Bodleiano.

323 5463 431 5532 (59)
465 5457 1066 5535 Qudex__l§o¢lieiar_ips
1097 5461 1492 5535 etharberintis
1521 5477 1664 5520 recte
1692 5468 1721 5518 6
1749 5467 1842 5535 μό-

268 5519 364 5593 νος,
401 5519 537 5586 male
581 5529 753 5584 editio
813 5519 1122 5581 Huctiana
1160 5528 1208 5581 in
1249 5535 1387 5582 textu
1434 5519 1595 5588 habet
1621 5535 1685 5586 οὐ
1735 5519 1839 5603 μό-

263 5612 355 5659 νος.

2031 5336 2118 5402 60)
2142 5335 2326 5388 Εἶναι.
2359 5335 2660 5404 Legendum
2688 5335 2894 5404 videtur
2920 5326 3058 5380 ἐστί.

2032 5406 2118 5470 61)
2151 5405 2371 5469 Σαφῶς.
2412 5402 2547 5468 Lege
2579 5402 2761 5469 σαφές·
3046 5459 3080 5470 Α
3130 5458 3143 5469 .
3273 5455 3286 5467 .
3380 5459 3412 5470 -.

2013 5459 2120 5540 (623
2149 5474 2216 5524 El
2234 5459 2305 5523 be
2330 5459 2834 5540 ’μαθῆτευόῄεῇοη
2874 5475 2983 5520 etc.
3042 5459 3193 5540 Quia
3208 5459 3505 5540 amcitiam

1946 5523 2245 5605 cae‘teraque
2290 5523 2670 5593 ou'tnia'hahc't
2715 5523 2954 5605 Spiritus
3003 5523 3508 5605 δοιιοιιιξ-θλιῗδῖδῗξ

1947 5596 2198 5675 tanquam
2231 5625 2259 5662 a
2288 5607 2637 5676 processionis
2661 5596 2950 5676 principio.
2981 5602 3260 5655 υιευιιιιυθ
3293 5596 3518 5640 Nilo“:
