  <div class='ocr_page' id='page_1' title='image "/cluster/home/n/w/nwhite01/storage/ocr_20150623/14 (Origen; pt. 4)/nyp.33433081862280/083.png"; bbox 0 0 3848 6166; ppageno 0'>
   <div class='ocr_carea' id='block_1_1' title="bbox 764 261 866 317">
    <p class='ocr_par' dir='ltr' id='par_1_1' title="bbox 764 261 866 317">
     <span class='ocr_line' id='line_1_1' title="bbox 764 261 866 317; baseline 0.02 -2"><span class='ocrx_word' id='word_1_1' title='bbox 764 261 866 317; x_wconf 77' lang='lat' dir='ltr'><strong>M7</strong></span> 
     </span>
    </p>
   </div>
   <div class='ocr_carea' id='block_1_2' title="bbox 2155 256 2484 313">
    <p class='ocr_par' dir='ltr' id='par_1_2' title="bbox 2155 256 2484 313">
     <span class='ocr_line' id='line_1_2' title="bbox 2155 256 2484 313; baseline -0.006 -1"><span class='ocrx_word' id='word_1_2' title='bbox 2155 256 2484 313; x_wconf 80' lang='lat' dir='ltr'><strong>ORIGENIS&#39;</strong></span> 
     </span>
    </p>
   </div>
   <div class='ocr_carea' id='block_1_3' title="bbox 763 366 2282 443">
    <p class='ocr_par' dir='ltr' id='par_1_3' title="bbox 763 370 2282 443">
     <span class='ocr_line' id='line_1_3' title="bbox 763 370 2282 443; baseline -0.004 -13"><span class='ocrx_word' id='word_1_3' title='bbox 763 384 847 430; x_wconf 86' lang='lat' dir='ltr'><strong>est</strong></span> <span class='ocrx_word' id='word_1_4' title='bbox 868 375 1038 429; x_wconf 94' lang='lat' dir='ltr'><strong>oratio</strong></span> <span class='ocrx_word' id='word_1_5' title='bbox 1064 382 1278 443; x_wconf 77' lang='lat' dir='ltr'><strong>propter</strong></span> <span class='ocrx_word' id='word_1_6' title='bbox 1301 371 1532 440; x_wconf 79' lang='lat' dir='ltr'><strong>Spiritus</strong></span> <span class='ocrx_word' id='word_1_7' title='bbox 1552 370 1723 426; x_wconf 88' lang='lat' dir='ltr'><strong>sancti</strong></span> <span class='ocrx_word' id='word_1_8' title='bbox 1751 370 2100 425; x_wconf 72' lang='lat' dir='ltr'><strong>reverentiam</strong></span> <span class='ocrx_word' id='word_1_9' title='bbox 2129 387 2144 426; x_wconf 89' lang='lat'><strong>:</strong></span> <span class='ocrx_word' id='word_1_10' title='bbox 2168 387 2282 424; x_wconf 86' lang='lat' dir='ltr'><strong>nam</strong></span> 
     </span>
    </p>
   </div>
   <div class='ocr_carea' id='block_1_4' title="bbox 1892 366 3411 443">
    <p class='ocr_par' dir='ltr' id='par_1_4' title="bbox 1892 366 3411 439">
     <span class='ocr_line' id='line_1_4' title="bbox 1892 366 3411 439; baseline -0.002 -15"><span class='ocrx_word' id='word_1_11' title='bbox 1892 370 2100 424; x_wconf 84' lang='lat' dir='ltr'><strong>&#39;entiam</strong></span> <span class='ocrx_word' id='word_1_12' title='bbox 2129 387 2290 426; x_wconf 87' lang='lat' dir='ltr'><strong>:nam</strong></span> <span class='ocrx_word' id='word_1_13' title='bbox 2320 377 2364 430; x_wconf 78' lang='grc' dir='ltr'><strong>Α</strong></span> <span class='ocrx_word' id='word_1_14' title='bbox 2394 369 2564 439; x_wconf 80' lang='grc' dir='ltr'>Πατρὶ</span> <span class='ocrx_word' id='word_1_15' title='bbox 2615 369 2911 438; x_wconf 81' lang='grc' dir='ltr'><strong>ἀρχόμενος</strong></span> <span class='ocrx_word' id='word_1_16' title='bbox 2955 371 2986 422; x_wconf 99' lang='lat'><strong>6</strong></span> <span class='ocrx_word' id='word_1_17' title='bbox 3027 366 3153 432; x_wconf 71' lang='grc' dir='ltr'>Υἱὸς</span> <span class='ocrx_word' id='word_1_18' title='bbox 3199 368 3411 436; x_wconf 76' lang='grc' dir='ltr'>γινώσκε</span> 
     </span>
    </p>
   </div>
   <div class='ocr_carea' id='block_1_5' title="bbox 761 457 2290 533">
    <p class='ocr_par' dir='ltr' id='par_1_5' title="bbox 761 457 2290 533">
     <span class='ocr_line' id='line_1_5' title="bbox 761 457 2290 533; baseline -0.005 -16"><span class='ocrx_word' id='word_1_19' title='bbox 761 464 902 533; x_wconf 88' lang='lat' dir='ltr'><strong>quod</strong></span> <span class='ocrx_word' id='word_1_20' title='bbox 949 463 1106 518; x_wconf 89' lang='lat' dir='ltr'><strong>etiam</strong></span> <span class='ocrx_word' id='word_1_21' title='bbox 1142 462 1252 530; x_wconf 86' lang='lat' dir='ltr'><strong>ipse</strong></span> <span class='ocrx_word' id='word_1_22' title='bbox 1309 459 1375 514; x_wconf 91' lang='lat' dir='ltr'><strong>ab</strong></span> <span class='ocrx_word' id='word_1_23' title='bbox 1421 458 1514 513; x_wconf 93' lang='lat' dir='ltr'><strong>illo</strong></span> <span class='ocrx_word' id='word_1_24' title='bbox 1570 459 1880 522; x_wconf 86' lang='lat' dir='ltr'><strong>edoceatur,</strong></span> <span class='ocrx_word' id='word_1_25' title='bbox 1913 457 2076 524; x_wconf 83' lang='lat' dir='ltr'><strong>liquet</strong></span> <span class='ocrx_word' id='word_1_26' title='bbox 2126 472 2191 511; x_wconf 78' lang='lat' dir='ltr'><strong>ex</strong></span> <span class='ocrx_word' id='word_1_27' title='bbox 2225 472 2290 512; x_wconf 90' lang='lat' dir='ltr'><strong>eo</strong></span> 
     </span>
    </p>
   </div>
   <div class='ocr_carea' id='block_1_6' title="bbox 759 543 2291 620">
    <p class='ocr_par' dir='ltr' id='par_1_6' title="bbox 759 543 2291 620">
     <span class='ocr_line' id='line_1_6' title="bbox 759 543 2291 620; baseline -0.007 -14"><span class='ocrx_word' id='word_1_28' title='bbox 759 553 901 620; x_wconf 84' lang='lat' dir='ltr'><strong>quod</strong></span> <span class='ocrx_word' id='word_1_29' title='bbox 929 552 996 605; x_wconf 91' lang='lat' dir='ltr'><strong>de</strong></span> <span class='ocrx_word' id='word_1_30' title='bbox 1026 548 1292 618; x_wconf 87' lang='lat' dir='ltr'><strong>paracleto</strong></span> <span class='ocrx_word' id='word_1_31' title='bbox 1315 555 1371 600; x_wconf 92' lang='lat' dir='ltr'><strong>et</strong></span> <span class='ocrx_word' id='word_1_32' title='bbox 1402 555 1588 600; x_wconf 90' lang='lat' dir='ltr'><strong>sancto</strong></span> <span class='ocrx_word' id='word_1_33' title='bbox 1621 545 1821 612; x_wconf 84' lang='lat' dir='ltr'><strong>Spiritu</strong></span> <span class='ocrx_word' id='word_1_34' title='bbox 1857 543 2116 598; x_wconf 68' lang='lat' dir='ltr'><strong>dicitur“</strong></span> <span class='ocrx_word' id='word_1_35' title='bbox 2146 562 2158 595; x_wconf 90' lang='lat'>:</span> <span class='ocrx_word' id='word_1_36' title='bbox 2185 543 2291 596; x_wconf 65' lang='lat' dir='ltr'><strong>«De</strong></span> 
     </span>
    </p>
   </div>
   <div class='ocr_carea' id='block_1_7' title="bbox 759 631 2292 704">
    <p class='ocr_par' dir='ltr' id='par_1_7' title="bbox 759 631 2292 704">
     <span class='ocr_line' id='line_1_7' title="bbox 759 631 2292 704; baseline -0.005 -12"><span class='ocrx_word' id='word_1_37' title='bbox 759 654 879 692; x_wconf 87' lang='lat' dir='ltr'><strong>tneo</strong></span> <span class='ocrx_word' id='word_1_38' title='bbox 900 637 1142 704; x_wconf 86' lang='lat' dir='ltr'><strong>accipiet,</strong></span> <span class='ocrx_word' id='word_1_39' title='bbox 1177 643 1229 688; x_wconf 87' lang='lat' dir='ltr'><strong>et</strong></span> <span class='ocrx_word' id='word_1_40' title='bbox 1249 633 1588 687; x_wconf 88' lang='lat' dir='ltr'><strong>annuntiabit</strong></span> <span class='ocrx_word' id='word_1_41' title='bbox 1611 633 1800 694; x_wconf 80' lang='lat' dir='ltr'><strong>vobis;</strong></span> <span class='ocrx_word' id='word_1_42' title='bbox 1830 651 1850 683; x_wconf 69' lang='grc' dir='ltr'><strong>ι</strong></span> <span class='ocrx_word' id='word_1_43' title='bbox 1871 635 1963 686; x_wconf 88' lang='lat' dir='ltr'><strong>sed</strong></span> <span class='ocrx_word' id='word_1_44' title='bbox 1987 631 2292 700; x_wconf 89' lang='lat' dir='ltr'><strong>diligentius</strong></span> 
     </span>
    </p>
   </div>
   <div class='ocr_carea' id='block_1_8' title="bbox 759 719 2291 794">
    <p class='ocr_par' dir='ltr' id='par_1_8' title="bbox 759 719 2291 794">
     <span class='ocr_line' id='line_1_8' title="bbox 759 719 2291 794; baseline -0.006 -14"><span class='ocrx_word' id='word_1_45' title='bbox 759 724 1132 794; x_wconf 90' lang='lat' dir='ltr'><strong>inquirendum</strong></span> <span class='ocrx_word' id='word_1_46' title='bbox 1160 731 1242 777; x_wconf 85' lang='lat' dir='ltr'><strong>est</strong></span> <span class='ocrx_word' id='word_1_47' title='bbox 1268 738 1336 776; x_wconf 93' lang='lat' dir='ltr'><strong>an</strong></span> <span class='ocrx_word' id='word_1_48' title='bbox 1357 737 1477 776; x_wconf 86' lang='lat' dir='ltr'><strong>eum</strong></span> <span class='ocrx_word' id='word_1_49' title='bbox 1507 723 1730 776; x_wconf 85' lang='lat' dir='ltr'><strong>docetur</strong></span> <span class='ocrx_word' id='word_1_50' title='bbox 1757 721 1934 775; x_wconf 83' lang='lat' dir='ltr'><strong>omnia</strong></span> <span class='ocrx_word' id='word_1_51' title='bbox 1960 720 2154 788; x_wconf 83' lang='lat' dir='ltr'><strong>capiat,</strong></span> <span class='ocrx_word' id='word_1_52' title='bbox 2187 719 2291 788; x_wconf 69' lang='lat'><strong>72</strong></span> 
     </span>
    </p>
   </div>
   <div class='ocr_carea' id='block_1_9' title="bbox 758 808 2294 882">
    <p class='ocr_par' dir='ltr' id='par_1_9' title="bbox 758 808 2294 882">
     <span class='ocr_line' id='line_1_9' title="bbox 758 808 2294 882; baseline -0.003 -15"><span class='ocrx_word' id='word_1_53' title='bbox 758 829 878 882; x_wconf 74' lang='lat' dir='ltr'><strong>quae</strong></span> <span class='ocrx_word' id='word_1_54' title='bbox 914 812 1101 868; x_wconf 77' lang='lat' dir='ltr'><strong>deﬁxis</strong></span> <span class='ocrx_word' id='word_1_55' title='bbox 1127 812 1179 866; x_wconf 93' lang='lat' dir='ltr'><strong>in</strong></span> <span class='ocrx_word' id='word_1_56' title='bbox 1215 811 1428 866; x_wconf 86' lang='lat' dir='ltr'><strong>Patrem</strong></span> <span class='ocrx_word' id='word_1_57' title='bbox 1469 810 1638 864; x_wconf 87' lang='lat' dir='ltr'><strong>oculis</strong></span> <span class='ocrx_word' id='word_1_58' title='bbox 1669 824 1697 862; x_wconf 93' lang='lat' dir='ltr'><strong>a</strong></span> <span class='ocrx_word' id='word_1_59' title='bbox 1725 808 1986 878; x_wconf 90' lang='lat' dir='ltr'><strong>principio</strong></span> <span class='ocrx_word' id='word_1_60' title='bbox 2029 808 2294 863; x_wconf 80' lang='lat' dir='ltr'><strong>exsistens</strong></span> 
     </span>
    </p>
   </div>
   <div class='ocr_carea' id='block_1_10' title="bbox 758 897 2294 972">
    <p class='ocr_par' dir='ltr' id='par_1_10' title="bbox 758 897 2294 972">
     <span class='ocr_line' id='line_1_10' title="bbox 758 897 2294 972; baseline -0.006 -15"><span class='ocrx_word' id='word_1_61' title='bbox 758 903 926 957; x_wconf 83' lang='lat' dir='ltr'><strong>Filius</strong></span> <span class='ocrx_word' id='word_1_62' title='bbox 953 901 1218 972; x_wconf 75' lang='lat' dir='ltr'><strong>agnoscit.</strong></span> <span class='ocrx_word' id='word_1_63' title='bbox 1249 900 1303 954; x_wconf 91' lang='lat' dir='ltr'><strong>Si</strong></span> <span class='ocrx_word' id='word_1_64' title='bbox 1327 914 1457 968; x_wconf 86' lang='lat' dir='ltr'><strong>ergo</strong></span> <span class='ocrx_word' id='word_1_65' title='bbox 1490 899 1745 954; x_wconf 86' lang='lat' dir='ltr'><strong>Servator</strong></span> <span class='ocrx_word' id='word_1_66' title='bbox 1774 897 1948 966; x_wconf 88' lang='lat' dir='ltr'><strong>aliqua</strong></span> <span class='ocrx_word' id='word_1_67' title='bbox 1971 897 2185 965; x_wconf 87' lang='lat' dir='ltr'><strong>quidem</strong></span> <span class='ocrx_word' id='word_1_68' title='bbox 2212 906 2294 952; x_wconf 86' lang='lat' dir='ltr'><strong>est</strong></span> 
     </span>
    </p>
   </div>
   <div class='ocr_carea' id='block_1_11' title="bbox 758 985 2289 1060">
    <p class='ocr_par' dir='ltr' id='par_1_11' title="bbox 758 985 2289 1060">
     <span class='ocr_line' id='line_1_11' title="bbox 758 985 2289 1060; baseline -0.007 -12"><span class='ocrx_word' id='word_1_69' title='bbox 758 993 899 1058; x_wconf 80' lang='lat' dir='ltr'><strong>aliis,</strong></span> <span class='ocrx_word' id='word_1_70' title='bbox 927 991 1105 1060; x_wconf 83' lang='lat' dir='ltr'><strong>aliqua</strong></span> <span class='ocrx_word' id='word_1_71' title='bbox 1139 1004 1266 1044; x_wconf 88' lang='lat' dir='ltr'><strong>vero</strong></span> <span class='ocrx_word' id='word_1_72' title='bbox 1292 988 1512 1043; x_wconf 73' lang='lat' dir='ltr'><strong>forsitan</strong></span> <span class='ocrx_word' id='word_1_73' title='bbox 1539 987 1641 1042; x_wconf 88' lang='lat' dir='ltr'><strong>sibi</strong></span> <span class='ocrx_word' id='word_1_74' title='bbox 1681 987 1802 1055; x_wconf 84' lang='lat' dir='ltr'><strong>ipsi,</strong></span> <span class='ocrx_word' id='word_1_75' title='bbox 1834 1001 2004 1054; x_wconf 87' lang='lat' dir='ltr'><strong>eaque</strong></span> <span class='ocrx_word' id='word_1_76' title='bbox 2027 985 2110 1039; x_wconf 94' lang='lat' dir='ltr'><strong>vel</strong></span> <span class='ocrx_word' id='word_1_77' title='bbox 2140 985 2289 1048; x_wconf 89' lang='lat' dir='ltr'><strong>nulli,</strong></span> 
     </span>
    </p>
   </div>
   <div class='ocr_carea' id='block_1_12' title="bbox 757 1073 2294 1148">
    <p class='ocr_par' dir='ltr' id='par_1_12' title="bbox 757 1073 2294 1148">
     <span class='ocr_line' id='line_1_12' title="bbox 757 1073 2294 1148; baseline -0.006 -13"><span class='ocrx_word' id='word_1_78' title='bbox 757 1081 841 1137; x_wconf 93' lang='lat' dir='ltr'><strong>vel</strong></span> <span class='ocrx_word' id='word_1_79' title='bbox 889 1081 1002 1146; x_wconf 92' lang='lat' dir='ltr'><strong>uni,</strong></span> <span class='ocrx_word' id='word_1_80' title='bbox 1035 1079 1121 1134; x_wconf 90' lang='lat' dir='ltr'><strong>vel</strong></span> <span class='ocrx_word' id='word_1_81' title='bbox 1169 1078 1370 1148; x_wconf 83' lang='lat' dir='ltr'><strong>paucis,</strong></span> <span class='ocrx_word' id='word_1_82' title='bbox 1405 1077 1821 1131; x_wconf 77' lang='lat' dir='ltr'><strong>examinandum</strong></span> <span class='ocrx_word' id='word_1_83' title='bbox 1851 1083 1934 1130; x_wconf 90' lang='lat' dir='ltr'><strong>est</strong></span> <span class='ocrx_word' id='word_1_84' title='bbox 1966 1083 2140 1130; x_wconf 90' lang='lat' dir='ltr'><strong>utrum</strong></span> <span class='ocrx_word' id='word_1_85' title='bbox 2169 1073 2294 1128; x_wconf 84' lang='lat' dir='ltr'><strong>Ser-</strong></span> 
     </span>
    </p>
   </div>
   <div class='ocr_carea' id='block_1_13' title="bbox 757 1161 2296 1240">
    <p class='ocr_par' dir='ltr' id='par_1_13' title="bbox 757 1161 2296 1240">
     <span class='ocr_line' id='line_1_13' title="bbox 757 1161 2296 1240; baseline -0.005 -16"><span class='ocrx_word' id='word_1_86' title='bbox 757 1181 927 1234; x_wconf 87' lang='lat' dir='ltr'><strong>vator,</strong></span> <span class='ocrx_word' id='word_1_87' title='bbox 957 1178 1220 1240; x_wconf 79' lang='lat' dir='ltr'><strong>quatenus</strong></span> <span class='ocrx_word' id='word_1_88' title='bbox 1245 1175 1329 1222; x_wconf 86' lang='lat' dir='ltr'><strong>est</strong></span> <span class='ocrx_word' id='word_1_89' title='bbox 1366 1168 1471 1221; x_wconf 85' lang='lat' dir='ltr'><strong>vita</strong></span> <span class='ocrx_word' id='word_1_90' title='bbox 1512 1167 1596 1221; x_wconf 87' lang='lat' dir='ltr'><strong>illa</strong></span> <span class='ocrx_word' id='word_1_91' title='bbox 1646 1179 1765 1233; x_wconf 59' lang='lat' dir='ltr'><strong>quas</strong></span> <span class='ocrx_word' id='word_1_92' title='bbox 1800 1164 1938 1220; x_wconf 81' lang='lat' dir='ltr'><strong>facta</strong></span> <span class='ocrx_word' id='word_1_93' title='bbox 1974 1173 2057 1219; x_wconf 88' lang='lat' dir='ltr'><strong>est</strong></span> <span class='ocrx_word' id='word_1_94' title='bbox 2083 1165 2136 1219; x_wconf 91' lang='lat' dir='ltr'><strong>in</strong></span> <span class='ocrx_word' id='word_1_95' title='bbox 2171 1161 2296 1218; x_wconf 88' lang='lat' dir='ltr'><strong>Ser-</strong></span> 
     </span>
    </p>
   </div>
   <div class='ocr_carea' id='block_1_14' title="bbox 756 1254 2292 1326">
    <p class='ocr_par' dir='ltr' id='par_1_14' title="bbox 756 1254 2292 1326">
     <span class='ocr_line' id='line_1_14' title="bbox 756 1254 2292 1326; baseline -0.006 -12"><span class='ocrx_word' id='word_1_96' title='bbox 756 1275 937 1326; x_wconf 85' lang='lat' dir='ltr'><strong>mone,</strong></span> <span class='ocrx_word' id='word_1_97' title='bbox 987 1259 1090 1314; x_wconf 85' lang='lat' dir='ltr'><strong>sibi</strong></span> <span class='ocrx_word' id='word_1_98' title='bbox 1133 1259 1233 1326; x_wconf 86' lang='lat' dir='ltr'><strong>ipsi</strong></span> <span class='ocrx_word' id='word_1_99' title='bbox 1286 1267 1342 1312; x_wconf 90' lang='lat' dir='ltr'><strong>et</strong></span> <span class='ocrx_word' id='word_1_100' title='bbox 1390 1257 1508 1311; x_wconf 87' lang='lat' dir='ltr'><strong>aliis</strong></span> <span class='ocrx_word' id='word_1_101' title='bbox 1558 1256 1627 1310; x_wconf 88' lang='lat' dir='ltr'><strong>sit</strong></span> <span class='ocrx_word' id='word_1_102' title='bbox 1669 1256 1799 1318; x_wconf 78' lang='lat' dir='ltr'><strong>vita,</strong></span> <span class='ocrx_word' id='word_1_103' title='bbox 1841 1269 1906 1309; x_wconf 86' lang='lat' dir='ltr'><strong>an</strong></span> <span class='ocrx_word' id='word_1_104' title='bbox 1951 1254 2108 1316; x_wconf 86' lang='lat' dir='ltr'><strong>aliis;</strong></span> <span class='ocrx_word' id='word_1_105' title='bbox 2157 1261 2212 1306; x_wconf 94' lang='lat' dir='ltr'><strong>et</strong></span> <span class='ocrx_word' id='word_1_106' title='bbox 2250 1255 2292 1306; x_wconf 92' lang='lat' dir='ltr'><strong>si</strong></span> 
     </span>
    </p>
   </div>
   <div class='ocr_carea' id='block_1_15' title="bbox 757 1341 2296 1418">
    <p class='ocr_par' dir='ltr' id='par_1_15' title="bbox 757 1341 2296 1418">
     <span class='ocr_line' id='line_1_15' title="bbox 757 1341 2296 1418; baseline -0.005 -14"><span class='ocrx_word' id='word_1_107' title='bbox 757 1351 899 1411; x_wconf 80' lang='lat' dir='ltr'><strong>aliis.</strong></span> <span class='ocrx_word' id='word_1_108' title='bbox 926 1347 1120 1418; x_wconf 85' lang='lat' dir='ltr'><strong>quibus</strong></span> <span class='ocrx_word' id='word_1_109' title='bbox 1146 1348 1286 1402; x_wconf 89' lang='lat' dir='ltr'><strong>aliis.</strong></span> <span class='ocrx_word' id='word_1_110' title='bbox 1314 1346 1669 1412; x_wconf 85' lang='lat' dir='ltr'><strong>Quamobrem</strong></span> <span class='ocrx_word' id='word_1_111' title='bbox 1711 1345 1756 1399; x_wconf 92' lang='lat' dir='ltr'><strong>si</strong></span> <span class='ocrx_word' id='word_1_112' title='bbox 1786 1345 1892 1399; x_wconf 85' lang='lat' dir='ltr'><strong>vita</strong></span> <span class='ocrx_word' id='word_1_113' title='bbox 1936 1352 1991 1398; x_wconf 90' lang='lat' dir='ltr'><strong>et</strong></span> <span class='ocrx_word' id='word_1_114' title='bbox 2013 1342 2099 1397; x_wconf 80' lang='lat' dir='ltr'><strong>lux</strong></span> <span class='ocrx_word' id='word_1_115' title='bbox 2126 1341 2296 1396; x_wconf 86' lang='lat' dir='ltr'><strong>homi-</strong></span> 
     </span>
    </p>
   </div>
   <div class='ocr_carea' id='block_1_16' title="bbox 761 1431 2292 1504">
    <p class='ocr_par' dir='ltr' id='par_1_16' title="bbox 761 1431 2292 1504">
     <span class='ocr_line' id='line_1_16' title="bbox 761 1431 2292 1504; baseline -0.006 -11"><span class='ocrx_word' id='word_1_116' title='bbox 761 1453 890 1494; x_wconf 73' lang='lat' dir='ltr'><strong>nam</strong></span> <span class='ocrx_word' id='word_1_117' title='bbox 918 1438 1056 1492; x_wconf 79' lang='lat' dir='ltr'><strong>idem</strong></span> <span class='ocrx_word' id='word_1_118' title='bbox 1093 1446 1240 1501; x_wconf 90' lang='lat' dir='ltr'><strong>sunt,</strong></span> <span class='ocrx_word' id='word_1_119' title='bbox 1266 1436 1438 1504; x_wconf 86' lang='lat' dir='ltr'><strong>inquit</strong></span> <span class='ocrx_word' id='word_1_120' title='bbox 1464 1434 1607 1489; x_wconf 90' lang='lat' dir='ltr'><strong>enim</strong></span> <span class='ocrx_word' id='word_1_121' title='bbox 1637 1451 1652 1486; x_wconf 90' lang='lat'><strong>:</strong></span> <span class='ocrx_word' id='word_1_122' title='bbox 1686 1452 1704 1485; x_wconf 78' lang='grc' dir='ltr'><strong>ι</strong></span> <span class='ocrx_word' id='word_1_123' title='bbox 1727 1432 1876 1499; x_wconf 85' lang='lat' dir='ltr'><strong>Quod</strong></span> <span class='ocrx_word' id='word_1_124' title='bbox 1905 1433 2100 1487; x_wconf 81' lang='lat' dir='ltr'><strong>factum</strong></span> <span class='ocrx_word' id='word_1_125' title='bbox 2127 1441 2210 1486; x_wconf 87' lang='lat' dir='ltr'><strong>est</strong></span> <span class='ocrx_word' id='word_1_126' title='bbox 2243 1431 2292 1484; x_wconf 90' lang='lat' dir='ltr'><strong>in</strong></span> 
     </span>
    </p>
   </div>
   <div class='ocr_carea' id='block_1_17' title="bbox 758 1521 2291 1596">
    <p class='ocr_par' dir='ltr' id='par_1_17' title="bbox 758 1521 2291 1596">
     <span class='ocr_line' id='line_1_17' title="bbox 758 1521 2291 1596; baseline -0.005 -16"><span class='ocrx_word' id='word_1_127' title='bbox 758 1527 876 1596; x_wconf 81' lang='lat' dir='ltr'><strong>ipso</strong></span> <span class='ocrx_word' id='word_1_128' title='bbox 908 1526 1012 1579; x_wconf 89' lang='lat' dir='ltr'><strong>vita</strong></span> <span class='ocrx_word' id='word_1_129' title='bbox 1055 1535 1195 1589; x_wconf 88' lang='lat' dir='ltr'><strong>erat,</strong></span> <span class='ocrx_word' id='word_1_130' title='bbox 1233 1533 1288 1579; x_wconf 86' lang='lat' dir='ltr'><strong>et</strong></span> <span class='ocrx_word' id='word_1_131' title='bbox 1314 1525 1420 1578; x_wconf 86' lang='lat' dir='ltr'><strong>vita</strong></span> <span class='ocrx_word' id='word_1_132' title='bbox 1457 1523 1546 1577; x_wconf 87' lang='lat' dir='ltr'><strong>illa</strong></span> <span class='ocrx_word' id='word_1_133' title='bbox 1584 1531 1701 1578; x_wconf 88' lang='lat' dir='ltr'><strong>erat</strong></span> <span class='ocrx_word' id='word_1_134' title='bbox 1738 1523 1825 1575; x_wconf 77' lang='lat' dir='ltr'><strong>lux</strong></span> <span class='ocrx_word' id='word_1_135' title='bbox 1870 1521 2232 1586; x_wconf 75' lang='lat' dir='ltr'><strong>hominum“,</strong></span> <span class='ocrx_word' id='word_1_136' title='bbox 2271 1539 2291 1572; x_wconf 74' lang='grc' dir='ltr'><strong>ι</strong></span> 
     </span>
    </p>
   </div>
   <div class='ocr_carea' id='block_1_18' title="bbox 2390 456 3383 529">
    <p class='ocr_par' dir='ltr' id='par_1_18' title="bbox 2390 456 3383 529">
     <span class='ocr_line' id='line_1_18' title="bbox 2390 456 3383 529; baseline 0.001 -21"><span class='ocrx_word' id='word_1_137' title='bbox 2390 456 2660 526; x_wconf 80' lang='grc' dir='ltr'><strong>ζητητέον.</strong></span> <span class='ocrx_word' id='word_1_138' title='bbox 2697 458 2756 509; x_wconf 81' lang='lat' dir='ltr'><strong>Ei</strong></span> <span class='ocrx_word' id='word_1_139' title='bbox 2777 458 2950 509; x_wconf 81' lang='grc' dir='ltr'><strong>τοίνυν</strong></span> <span class='ocrx_word' id='word_1_140' title='bbox 2974 460 3002 509; x_wconf 87' lang='lat'><strong>6</strong></span> <span class='ocrx_word' id='word_1_141' title='bbox 3026 458 3204 529; x_wconf 84' lang='grc' dir='ltr'>Σωτὴρ</span> <span class='ocrx_word' id='word_1_142' title='bbox 3229 457 3263 511; x_wconf 77' lang='grc' dir='ltr'><strong>ὃ.</strong></span> <span class='ocrx_word' id='word_1_143' title='bbox 3290 457 3383 527; x_wconf 82' lang='grc' dir='ltr'><strong>μέν</strong></span> 
     </span>
    </p>
   </div>
   <div class='ocr_carea' id='block_1_19' title="bbox 2389 546 3412 619">
    <p class='ocr_par' dir='ltr' id='par_1_19' title="bbox 2389 546 3412 619">
     <span class='ocr_line' id='line_1_19' title="bbox 2389 546 3412 619; baseline 0 -21"><span class='ocrx_word' id='word_1_144' title='bbox 2389 547 2444 598; x_wconf 81' lang='grc' dir='ltr'><strong>δὲ</strong></span> <span class='ocrx_word' id='word_1_145' title='bbox 2467 547 2601 616; x_wconf 83' lang='grc' dir='ltr'>τάχα</span> <span class='ocrx_word' id='word_1_146' title='bbox 2622 546 2720 598; x_wconf 76' lang='grc' dir='ltr'>ποῦ</span> <span class='ocrx_word' id='word_1_147' title='bbox 2745 547 2909 616; x_wconf 80' lang='grc' dir='ltr'>αὐτῷ,</span> <span class='ocrx_word' id='word_1_148' title='bbox 2941 549 3082 619; x_wconf 75' lang='grc' dir='ltr'>καὶῆ</span> <span class='ocrx_word' id='word_1_149' title='bbox 3110 549 3288 611; x_wconf 72' lang='grc' dir='ltr'>οὐδενὶ,</span> <span class='ocrx_word' id='word_1_150' title='bbox 3309 548 3342 617; x_wconf 76' lang='grc' dir='ltr'>ἢ</span> <span class='ocrx_word' id='word_1_151' title='bbox 3371 549 3412 599; x_wconf 55' lang='grc' dir='ltr'><strong>ὲκ</strong></span> 
     </span>
    </p>
   </div>
   <div class='ocr_carea' id='block_1_20' title="bbox 2391 633 3412 704">
    <p class='ocr_par' dir='ltr' id='par_1_20' title="bbox 2391 633 3412 704">
     <span class='ocr_line' id='line_1_20' title="bbox 2391 633 3412 704; baseline 0.001 -19"><span class='ocrx_word' id='word_1_152' title='bbox 2391 633 2499 704; x_wconf 80' lang='grc' dir='ltr'><strong>ζωή</strong></span> <span class='ocrx_word' id='word_1_153' title='bbox 2533 636 2675 686; x_wconf 77' lang='grc' dir='ltr'>ἐστιν</span> <span class='ocrx_word' id='word_1_154' title='bbox 2693 637 2727 704; x_wconf 79' lang='grc' dir='ltr'><strong>ἡ</strong></span> <span class='ocrx_word' id='word_1_155' title='bbox 2742 634 3004 704; x_wconf 75' lang='grc' dir='ltr'><strong>γενομένη</strong></span> <span class='ocrx_word' id='word_1_156' title='bbox 3025 638 3081 688; x_wconf 78' lang='grc' dir='ltr'>ἐν</span> <span class='ocrx_word' id='word_1_157' title='bbox 3104 635 3179 704; x_wconf 84' lang='grc' dir='ltr'>τῷ</span> <span class='ocrx_word' id='word_1_158' title='bbox 3199 635 3364 703; x_wconf 88' lang='grc' dir='ltr'><strong>Λόγῳ,</strong></span> <span class='ocrx_word' id='word_1_159' title='bbox 3391 634 3412 702; x_wconf 79' lang='grc' dir='ltr'>β</span> 
     </span>
    </p>
   </div>
   <div class='ocr_carea' id='block_1_21' title="bbox 2393 723 3385 794">
    <p class='ocr_par' dir='ltr' id='par_1_21' title="bbox 2393 723 3385 794">
     <span class='ocr_line' id='line_1_21' title="bbox 2393 723 3385 794; baseline 0.001 -19"><span class='ocrx_word' id='word_1_160' title='bbox 2393 740 2483 794; x_wconf 87' lang='grc' dir='ltr'><strong>ρον</strong></span> <span class='ocrx_word' id='word_1_161' title='bbox 2516 723 2663 792; x_wconf 80' lang='grc' dir='ltr'>αὑτῷ</span> <span class='ocrx_word' id='word_1_162' title='bbox 2681 724 2772 776; x_wconf 76' lang='grc' dir='ltr'>καὶ</span> <span class='ocrx_word' id='word_1_163' title='bbox 2795 725 2996 794; x_wconf 80' lang='grc' dir='ltr'>ἑτέροις</span> <span class='ocrx_word' id='word_1_164' title='bbox 3021 725 3131 794; x_wconf 82' lang='grc' dir='ltr'><strong>ζωή</strong></span> <span class='ocrx_word' id='word_1_165' title='bbox 3165 725 3320 789; x_wconf 79' lang='grc' dir='ltr'>ἐστιν,</span> <span class='ocrx_word' id='word_1_166' title='bbox 3353 724 3385 792; x_wconf 74' lang='grc' dir='ltr'><strong>ἢ</strong></span> 
     </span>
    </p>
   </div>
   <div class='ocr_carea' id='block_1_22' title="bbox 2395 812 3395 882">
    <p class='ocr_par' dir='ltr' id='par_1_22' title="bbox 2395 812 3395 882">
     <span class='ocr_line' id='line_1_22' title="bbox 2395 812 3395 882; baseline 0.001 -19"><span class='ocrx_word' id='word_1_167' title='bbox 2395 828 2504 879; x_wconf 86' lang='grc' dir='ltr'>ροις</span> <span class='ocrx_word' id='word_1_168' title='bbox 2523 812 2630 864; x_wconf 75' lang='grc' dir='ltr'>τισὶ</span> <span class='ocrx_word' id='word_1_169' title='bbox 2650 812 2872 874; x_wconf 80' lang='grc' dir='ltr'><strong>τούτοις.</strong></span> <span class='ocrx_word' id='word_1_170' title='bbox 2909 813 2972 865; x_wconf 85' lang='lat' dir='ltr'><strong>Ei.</strong></span> <span class='ocrx_word' id='word_1_171' title='bbox 2994 812 3057 882; x_wconf 78' lang='grc' dir='ltr'><strong>δὴ</strong></span> <span class='ocrx_word' id='word_1_172' title='bbox 3082 813 3266 865; x_wconf 84' lang='grc' dir='ltr'>ταύτόν</span> <span class='ocrx_word' id='word_1_173' title='bbox 3285 814 3395 864; x_wconf 76' lang='grc' dir='ltr'>ἐστι</span> 
     </span>
    </p>
   </div>
   <div class='ocr_carea' id='block_1_23' title="bbox 2391 897 3412 970">
    <p class='ocr_par' dir='ltr' id='par_1_23' title="bbox 2391 897 3412 970">
     <span class='ocr_line' id='line_1_23' title="bbox 2391 897 3412 970; baseline 0.001 -22"><span class='ocrx_word' id='word_1_174' title='bbox 2391 897 2706 967; x_wconf 76' lang='grc' dir='ltr'>ἀνθρώπιον,</span> <span class='ocrx_word' id='word_1_175' title='bbox 2745 899 2878 968; x_wconf 74' lang='grc' dir='ltr'>φησὶ</span> <span class='ocrx_word' id='word_1_176' title='bbox 2908 899 3034 970; x_wconf 89' lang='grc' dir='ltr'>γάρ·</span> <span class='ocrx_word' id='word_1_177' title='bbox 3060 919 3077 950; x_wconf 81' lang='grc' dir='ltr'><strong>ι</strong></span> <span class='ocrx_word' id='word_1_178' title='bbox 3111 901 3217 953; x_wconf 80' lang='grc' dir='ltr'><strong>Καὶ</strong></span> <span class='ocrx_word' id='word_1_179' title='bbox 3240 900 3268 952; x_wconf 83' lang='grc' dir='ltr'><strong>ὃ</strong></span> <span class='ocrx_word' id='word_1_180' title='bbox 3305 901 3412 968; x_wconf 76' lang='grc' dir='ltr'><strong>γέγ‹</strong></span> 
     </span>
    </p>
   </div>
   <div class='ocr_carea' id='block_1_24' title="bbox 2390 981 3412 1059">
    <p class='ocr_par' dir='ltr' id='par_1_24' title="bbox 2390 981 3412 1059">
     <span class='ocr_line' id='line_1_24' title="bbox 2390 981 3412 1059; baseline 0.006 -22"><span class='ocrx_word' id='word_1_181' title='bbox 2390 981 2475 1054; x_wconf 74' lang='grc' dir='ltr'>ἦν,</span> <span class='ocrx_word' id='word_1_182' title='bbox 2496 987 2588 1039; x_wconf 78' lang='grc' dir='ltr'><strong>καὶ</strong></span> <span class='ocrx_word' id='word_1_183' title='bbox 2607 986 2717 1058; x_wconf 77' lang='grc' dir='ltr'><strong>ζωὴ</strong></span> <span class='ocrx_word' id='word_1_184' title='bbox 2733 983 2802 1058; x_wconf 79' lang='grc' dir='ltr'>ἦν</span> <span class='ocrx_word' id='word_1_185' title='bbox 2827 988 2887 1040; x_wconf 75' lang='grc' dir='ltr'>τὸ</span> <span class='ocrx_word' id='word_1_186' title='bbox 2908 988 3020 1058; x_wconf 81' lang='grc' dir='ltr'><strong>φῶς</strong></span> <span class='ocrx_word' id='word_1_187' title='bbox 3039 989 3146 1043; x_wconf 82' lang='grc' dir='ltr'><strong>τῶν</strong></span> <span class='ocrx_word' id='word_1_188' title='bbox 3160 990 3412 1059; x_wconf 82' lang='grc' dir='ltr'><strong>ἀνθρώπω</strong></span> 
     </span>
    </p>
   </div>
   <div class='ocr_carea' id='block_1_25' title="bbox 2392 1073 3414 1146">
    <p class='ocr_par' dir='ltr' id='par_1_25' title="bbox 2392 1073 3414 1146">
     <span class='ocr_line' id='line_1_25' title="bbox 2392 1073 3414 1146; baseline 0.006 -21"><span class='ocrx_word' id='word_1_189' title='bbox 2392 1073 2685 1144; x_wconf 76' lang='grc' dir='ltr'>ἀνθρώπιον</span> <span class='ocrx_word' id='word_1_190' title='bbox 2703 1077 2860 1130; x_wconf 87' lang='grc' dir='ltr'>τινῶν</span> <span class='ocrx_word' id='word_1_191' title='bbox 2891 1078 3007 1130; x_wconf 76' lang='grc' dir='ltr'>ἐστι</span> <span class='ocrx_word' id='word_1_192' title='bbox 3029 1077 3163 1146; x_wconf 85' lang='grc' dir='ltr'>φῶς,</span> <span class='ocrx_word' id='word_1_193' title='bbox 3194 1080 3282 1131; x_wconf 76' lang='grc' dir='ltr'><strong>καὶ</strong></span> <span class='ocrx_word' id='word_1_194' title='bbox 3301 1078 3414 1131; x_wconf 67' lang='grc' dir='ltr'>τοῦτ</span> 
     </span>
    </p>
   </div>
   <div class='ocr_carea' id='block_1_26' title="bbox 2392 1161 3414 1230">
    <p class='ocr_par' dir='ltr' id='par_1_26' title="bbox 2392 1161 3414 1230">
     <span class='ocr_line' id='line_1_26' title="bbox 2392 1161 3414 1230; baseline 0.006 -18"><span class='ocrx_word' id='word_1_195' title='bbox 2392 1161 2641 1228; x_wconf 77' lang='grc' dir='ltr'><strong>λογικῶν,</strong></span> <span class='ocrx_word' id='word_1_196' title='bbox 2657 1163 2778 1218; x_wconf 81' lang='grc' dir='ltr'>ὅσον</span> <span class='ocrx_word' id='word_1_197' title='bbox 2793 1165 2882 1216; x_wconf 79' lang='grc' dir='ltr'><strong>ἐπὶ</strong></span> <span class='ocrx_word' id='word_1_198' title='bbox 2902 1164 2965 1217; x_wconf 83' lang='grc' dir='ltr'>τὺ</span> <span class='ocrx_word' id='word_1_199' title='bbox 2979 1165 3188 1218; x_wconf 82' lang='grc' dir='ltr'>κεῖσθαι</span> <span class='ocrx_word' id='word_1_200' title='bbox 3208 1166 3286 1230; x_wconf 80' lang='grc' dir='ltr'><strong>τὸ,</strong></span> <span class='ocrx_word' id='word_1_201' title='bbox 3307 1167 3414 1220; x_wconf 80' lang='grc' dir='ltr'><strong>ἀνθ</strong></span> 
     </span>
    </p>
   </div>
   <div class='ocr_carea' id='block_1_27' title="bbox 2391 1251 3414 1329">
    <p class='ocr_par' dir='ltr' id='par_1_27' title="bbox 2391 1251 3414 1329">
     <span class='ocr_line' id='line_1_27' title="bbox 2391 1251 3414 1329; baseline 0.005 -25"><span class='ocrx_word' id='word_1_202' title='bbox 2391 1251 2685 1322; x_wconf 74' lang='grc' dir='ltr'>ἀνθρώπιον</span> <span class='ocrx_word' id='word_1_203' title='bbox 2710 1255 2824 1308; x_wconf 78' lang='grc' dir='ltr'>ἐστὶ</span> <span class='ocrx_word' id='word_1_204' title='bbox 2856 1255 2988 1324; x_wconf 74' lang='grc' dir='ltr'>φῶςο</span> <span class='ocrx_word' id='word_1_205' title='bbox 3021 1257 3103 1329; x_wconf 85' lang='grc' dir='ltr'>εῐη</span> <span class='ocrx_word' id='word_1_206' title='bbox 3136 1257 3201 1310; x_wconf 81' lang='grc' dir='ltr'><strong>ἂν</strong></span> <span class='ocrx_word' id='word_1_207' title='bbox 3239 1257 3330 1310; x_wconf 72' lang='grc' dir='ltr'>καὶ</span> <span class='ocrx_word' id='word_1_208' title='bbox 3357 1255 3414 1319; x_wconf 76' lang='grc' dir='ltr'>ξε</span> 
     </span>
    </p>
   </div>
   <div class='ocr_carea' id='block_1_28' title="bbox 2393 1340 3414 1414">
    <p class='ocr_par' dir='ltr' id='par_1_28' title="bbox 2393 1340 3414 1414">
     <span class='ocr_line' id='line_1_28' title="bbox 2393 1340 3414 1414; baseline 0.004 -22"><span class='ocrx_word' id='word_1_209' title='bbox 2393 1342 2486 1394; x_wconf 69' lang='grc' dir='ltr'>καὶ</span> <span class='ocrx_word' id='word_1_210' title='bbox 2513 1340 2627 1409; x_wconf 79' lang='grc' dir='ltr'>φῶς</span> <span class='ocrx_word' id='word_1_211' title='bbox 2647 1343 2780 1395; x_wconf 79' lang='grc' dir='ltr'>ἐστι’</span> <span class='ocrx_word' id='word_1_212' title='bbox 2804 1345 2896 1397; x_wconf 73' lang='grc' dir='ltr'>καὶ</span> <span class='ocrx_word' id='word_1_213' title='bbox 2935 1345 3068 1398; x_wconf 73' lang='grc' dir='ltr'>καθὸ</span> <span class='ocrx_word' id='word_1_214' title='bbox 3101 1345 3229 1414; x_wconf 78' lang='grc' dir='ltr'>ζωὴ,</span> <span class='ocrx_word' id='word_1_215' title='bbox 3254 1345 3414 1413; x_wconf 74' lang='grc' dir='ltr'>λέγοιτ</span> 
     </span>
    </p>
   </div>
   <div class='ocr_carea' id='block_1_29' title="bbox 2393 1429 3414 1507">
    <p class='ocr_par' dir='ltr' id='par_1_29' title="bbox 2393 1429 3414 1507">
     <span class='ocr_line' id='line_1_29' title="bbox 2393 1429 3414 1507; baseline 0.004 -25"><span class='ocrx_word' id='word_1_216' title='bbox 2393 1431 2558 1500; x_wconf 78' lang='grc' dir='ltr'>αὐτῷ,</span> <span class='ocrx_word' id='word_1_217' title='bbox 2586 1433 2717 1488; x_wconf 80' lang='grc' dir='ltr'><strong>ἀλλὰ</strong></span> <span class='ocrx_word' id='word_1_218' title='bbox 2731 1434 2933 1506; x_wconf 76' lang='grc' dir='ltr'>ἑτέροις</span> <span class='ocrx_word' id='word_1_219' title='bbox 2965 1432 3102 1490; x_wconf 78' lang='grc' dir='ltr'>εῖναι</span> <span class='ocrx_word' id='word_1_220' title='bbox 3124 1436 3256 1507; x_wconf 79' lang='grc' dir='ltr'>ζωὴ,</span> <span class='ocrx_word' id='word_1_221' title='bbox 3277 1429 3348 1489; x_wconf 80' lang='grc' dir='ltr'>ὢν</span> <span class='ocrx_word' id='word_1_222' title='bbox 3375 1437 3414 1487; x_wconf 56' lang='lat' dir='ltr'><strong>se</strong></span> 
     </span>
    </p>
   </div>
   <div class='ocr_carea' id='block_1_30' title="bbox 2391 1521 3414 1598">
    <p class='ocr_par' dir='ltr' id='par_1_30' title="bbox 2391 1521 3414 1598">
     <span class='ocr_line' id='line_1_30' title="bbox 2391 1521 3414 1598; baseline 0.008 -25"><span class='ocrx_word' id='word_1_223' title='bbox 2391 1521 2446 1573; x_wconf 83' lang='grc' dir='ltr'><strong>δὲ</strong></span> <span class='ocrx_word' id='word_1_224' title='bbox 2485 1525 2516 1592; x_wconf 85' lang='grc' dir='ltr'>ἡ</span> <span class='ocrx_word' id='word_1_225' title='bbox 2547 1525 2657 1596; x_wconf 81' lang='grc' dir='ltr'><strong>ζωὴ</strong></span> <span class='ocrx_word' id='word_1_226' title='bbox 2689 1526 2764 1596; x_wconf 81' lang='grc' dir='ltr'>τῷ</span> <span class='ocrx_word' id='word_1_227' title='bbox 2799 1525 2938 1596; x_wconf 87' lang='grc' dir='ltr'><strong>λόγῳ</strong></span> <span class='ocrx_word' id='word_1_228' title='bbox 2968 1528 3262 1594; x_wconf 78' lang='grc' dir='ltr'>ἐπιγίνεται</span> <span class='ocrx_word' id='word_1_229' title='bbox 3288 1527 3414 1598; x_wconf 69' lang='grc' dir='ltr'>άχώι</span> 
     </span>
    </p>
   </div>
   <div class='ocr_carea' id='block_1_31' title="bbox 757 1613 2276 1684">
    <p class='ocr_par' dir='ltr' id='par_1_31' title="bbox 757 1613 2276 1684">
     <span class='ocr_line' id='line_1_31' title="bbox 757 1613 2276 1684; baseline -0.005 -10"><span class='ocrx_word' id='word_1_230' title='bbox 757 1629 812 1674; x_wconf 88' lang='lat' dir='ltr'><strong>et</strong></span> <span class='ocrx_word' id='word_1_231' title='bbox 855 1619 942 1672; x_wconf 79' lang='lat' dir='ltr'><strong>lux</strong></span> <span class='ocrx_word' id='word_1_232' title='bbox 983 1619 1257 1672; x_wconf 87' lang='lat' dir='ltr'><strong>hominum</strong></span> <span class='ocrx_word' id='word_1_233' title='bbox 1308 1616 1610 1684; x_wconf 87' lang='lat' dir='ltr'><strong>aliquorum</strong></span> <span class='ocrx_word' id='word_1_234' title='bbox 1651 1623 1733 1669; x_wconf 86' lang='lat' dir='ltr'><strong>est</strong></span> <span class='ocrx_word' id='word_1_235' title='bbox 1763 1615 1876 1678; x_wconf 83' lang='lat' dir='ltr'><strong>lux,</strong></span> <span class='ocrx_word' id='word_1_236' title='bbox 1929 1622 1983 1668; x_wconf 91' lang='lat' dir='ltr'><strong>et</strong></span> <span class='ocrx_word' id='word_1_237' title='bbox 2036 1613 2150 1666; x_wconf 69' lang='lat' dir='ltr'><strong>haec</strong></span> <span class='ocrx_word' id='word_1_238' title='bbox 2183 1628 2276 1668; x_wconf 85' lang='lat' dir='ltr'><strong>nor</strong></span> 
     </span>
    </p>
   </div>
   <div class='ocr_carea' id='block_1_32' title="bbox 1894 1613 3413 1684">
    <p class='ocr_par' dir='ltr' id='par_1_32' title="bbox 1929 1613 3413 1684">
     <span class='ocr_line' id='line_1_32' title="bbox 1929 1613 3413 1684; baseline 0 -16"><span class='ocrx_word' id='word_1_239' title='bbox 1929 1622 1983 1668; x_wconf 86' lang='lat' dir='ltr'><strong>et</strong></span> <span class='ocrx_word' id='word_1_240' title='bbox 2036 1613 2150 1666; x_wconf 68' lang='lat' dir='ltr'><strong>itmc</strong></span> <span class='ocrx_word' id='word_1_241' title='bbox 2183 1628 2288 1668; x_wconf 89' lang='lat' dir='ltr'><strong>non</strong></span> <span class='ocrx_word' id='word_1_242' title='bbox 2327 1681 2359 1684; x_wconf 95' lang='lat'>_</span> <span class='ocrx_word' id='word_1_243' title='bbox 2395 1615 2454 1666; x_wconf 80' lang='grc' dir='ltr'>τὸ</span> <span class='ocrx_word' id='word_1_244' title='bbox 2491 1615 2826 1681; x_wconf 78' lang='grc' dir='ltr'><strong>ἐπιγενέσθαι</strong></span> <span class='ocrx_word' id='word_1_245' title='bbox 2872 1615 3223 1684; x_wconf 72' lang='grc' dir='ltr'>τυγχάνουσιν</span> <span class='ocrx_word' id='word_1_246' title='bbox 3262 1615 3413 1683; x_wconf 82' lang='grc' dir='ltr'>λόγον</span> 
     </span>
    </p>
   </div>
   <div class='ocr_carea' id='block_1_33' title="bbox 757 1681 2276 1777">
    <p class='ocr_par' dir='ltr' id='par_1_33' title="bbox 757 1681 2276 1777">
     <span class='ocr_line' id='line_1_33' title="bbox 757 1681 2276 1777; baseline -0.005 -14"><span class='ocrx_word' id='word_1_247' title='bbox 757 1709 993 1762; x_wconf 86' lang='lat' dir='ltr'><strong>omnium</strong></span> <span class='ocrx_word' id='word_1_248' title='bbox 1032 1708 1122 1777; x_wconf 88' lang='lat' dir='ltr'><strong>qui</strong></span> <span class='ocrx_word' id='word_1_249' title='bbox 1173 1681 1528 1761; x_wconf 34' lang='lat' dir='ltr'><strong>rationis—sint</strong></span> <span class='ocrx_word' id='word_1_250' title='bbox 1556 1718 1806 1774; x_wconf 81' lang='lat' dir='ltr'><strong>capaces,</strong></span> <span class='ocrx_word' id='word_1_251' title='bbox 1833 1712 2117 1774; x_wconf 87' lang='lat' dir='ltr'><strong>propterea</strong></span> <span class='ocrx_word' id='word_1_252' title='bbox 2147 1704 2276 1770; x_wconf 69' lang='lat' dir='ltr'><strong>quot</strong></span> 
     </span>
    </p>
   </div>
   <div class='ocr_carea' id='block_1_34' title="bbox 1893 1681 3412 1777">
    <p class='ocr_par' dir='ltr' id='par_1_34' title="bbox 1893 1681 3412 1774">
     <span class='ocr_line' id='line_1_34' title="bbox 1893 1681 3412 1774; baseline -0.002 -17"><span class='ocrx_word' id='word_1_253' title='bbox 1893 1712 2117 1774; x_wconf 68' lang='lat' dir='ltr'><strong>&#39;opterea</strong></span> <span class='ocrx_word' id='word_1_254' title='bbox 2147 1702 2291 1770; x_wconf 91' lang='lat' dir='ltr'><strong>quod</strong></span> <span class='ocrx_word' id='word_1_255' title='bbox 2327 1681 2368 1733; x_wconf 76' lang='grc' dir='ltr'><strong>Β</strong></span> <span class='ocrx_word' id='word_1_256' title='bbox 2395 1701 2484 1753; x_wconf 78' lang='grc' dir='ltr'><strong>τὸν</strong></span> <span class='ocrx_word' id='word_1_257' title='bbox 2509 1701 2828 1771; x_wconf 79' lang='grc' dir='ltr'>καθαίροντα</span> <span class='ocrx_word' id='word_1_258' title='bbox 2872 1681 3170 1771; x_wconf 31' lang='grc' dir='ltr'>τὴν-ψυχὴν</span> <span class='ocrx_word' id='word_1_259' title='bbox 3201 1704 3258 1754; x_wconf 81' lang='grc' dir='ltr'>ὲν</span> <span class='ocrx_word' id='word_1_260' title='bbox 3376 1702 3412 1770; x_wconf 76' lang='grc' dir='ltr'>ψ</span> 
     </span>
    </p>
   </div>
   <div class='ocr_carea' id='block_1_35' title="bbox 757 1790 2276 1862">
    <p class='ocr_par' dir='ltr' id='par_1_35' title="bbox 757 1791 2276 1860">
     <span class='ocr_line' id='line_1_35' title="bbox 757 1791 2276 1860; baseline -0.005 -10"><span class='ocrx_word' id='word_1_261' title='bbox 757 1793 933 1851; x_wconf 85' lang='lat' dir='ltr'><strong>addita</strong></span> <span class='ocrx_word' id='word_1_262' title='bbox 965 1797 1034 1850; x_wconf 88' lang='lat' dir='ltr'><strong>sit</strong></span> <span class='ocrx_word' id='word_1_263' title='bbox 1059 1796 1244 1851; x_wconf 84' lang='lat' dir='ltr'><strong>vocula</strong></span> <span class='ocrx_word' id='word_1_264' title='bbox 1273 1796 1558 1860; x_wconf 79' lang='lat' dir='ltr'><strong>hominum,</strong></span> <span class='ocrx_word' id='word_1_265' title='bbox 1611 1794 1705 1850; x_wconf 91' lang='lat' dir='ltr'><strong>sed</strong></span> <span class='ocrx_word' id='word_1_266' title='bbox 1753 1793 2027 1848; x_wconf 87' lang='lat' dir='ltr'><strong>hominum</strong></span> <span class='ocrx_word' id='word_1_267' title='bbox 2069 1799 2150 1846; x_wconf 93' lang='lat' dir='ltr'><strong>est</strong></span> <span class='ocrx_word' id='word_1_268' title='bbox 2179 1791 2276 1844; x_wconf 32' lang='lat' dir='ltr'><strong>lux.</strong></span> 
     </span>
    </p>
   </div>
   <div class='ocr_carea' id='block_1_36' title="bbox 1896 1790 3415 1862">
    <p class='ocr_par' dir='ltr' id='par_1_36' title="bbox 1903 1790 3415 1862">
     <span class='ocr_line' id='line_1_36' title="bbox 1903 1790 3415 1862; baseline -0.002 -15"><span class='ocrx_word' id='word_1_269' title='bbox 1903 1808 2027 1847; x_wconf 87' lang='lat' dir='ltr'><strong>num</strong></span> <span class='ocrx_word' id='word_1_270' title='bbox 2069 1799 2150 1846; x_wconf 84' lang='lat' dir='ltr'><strong>est</strong></span> <span class='ocrx_word' id='word_1_271' title='bbox 2179 1791 2290 1856; x_wconf 80' lang='lat' dir='ltr'><strong>lux,</strong></span> <span class='ocrx_word' id='word_1_272' title='bbox 2395 1790 2580 1844; x_wconf 81' lang='grc' dir='ltr'>τοῦτον</span> <span class='ocrx_word' id='word_1_273' title='bbox 2613 1791 2815 1860; x_wconf 78' lang='grc' dir='ltr'>καὶτὴν</span> <span class='ocrx_word' id='word_1_274' title='bbox 2842 1793 2934 1845; x_wconf 82' lang='grc' dir='ltr'><strong>ἀπ’</strong></span> <span class='ocrx_word' id='word_1_275' title='bbox 2954 1792 3117 1844; x_wconf 79' lang='grc' dir='ltr'>αὐτοῦ</span> <span class='ocrx_word' id='word_1_276' title='bbox 3159 1791 3415 1862; x_wconf 79' lang='grc' dir='ltr'>κάθαρσιν</span> 
     </span>
    </p>
   </div>
   <div class='ocr_carea' id='block_1_37' title="bbox 758 1877 2277 1953">
    <p class='ocr_par' dir='ltr' id='par_1_37' title="bbox 758 1881 2277 1953">
     <span class='ocr_line' id='line_1_37' title="bbox 758 1881 2277 1953; baseline -0.005 -12"><span class='ocrx_word' id='word_1_277' title='bbox 758 1887 862 1941; x_wconf 85' lang='lat' dir='ltr'><strong>vita</strong></span> <span class='ocrx_word' id='word_1_278' title='bbox 893 1887 996 1942; x_wconf 85' lang='lat' dir='ltr'><strong>erit</strong></span> <span class='ocrx_word' id='word_1_279' title='bbox 1025 1887 1184 1942; x_wconf 85' lang='lat' dir='ltr'><strong>etiam</strong></span> <span class='ocrx_word' id='word_1_280' title='bbox 1233 1886 1530 1952; x_wconf 87' lang='lat' dir='ltr'><strong>hominum,</strong></span> <span class='ocrx_word' id='word_1_281' title='bbox 1577 1899 1801 1953; x_wconf 89' lang='lat' dir='ltr'><strong>quorum</strong></span> <span class='ocrx_word' id='word_1_282' title='bbox 1852 1883 2011 1937; x_wconf 90' lang='lat' dir='ltr'><strong>etiam</strong></span> <span class='ocrx_word' id='word_1_283' title='bbox 2043 1881 2134 1935; x_wconf 78' lang='lat' dir='ltr'><strong>lux</strong></span> <span class='ocrx_word' id='word_1_284' title='bbox 2161 1891 2243 1936; x_wconf 87' lang='lat' dir='ltr'><strong>est</strong></span> <span class='ocrx_word' id='word_1_285' title='bbox 2276 1903 2277 1928; x_wconf 52' lang='grc' dir='ltr'>ξ</span> 
     </span>
    </p>
   </div>
   <div class='ocr_carea' id='block_1_38' title="bbox 1867 1877 3386 1953">
    <p class='ocr_par' dir='ltr' id='par_1_38' title="bbox 1867 1877 3386 1950">
     <span class='ocr_line' id='line_1_38' title="bbox 1867 1877 3386 1950; baseline -0.001 -13"><span class='ocrx_word' id='word_1_286' title='bbox 1867 1883 2011 1937; x_wconf 61' lang='lat' dir='ltr'><strong>etiam</strong></span> <span class='ocrx_word' id='word_1_287' title='bbox 2043 1881 2134 1935; x_wconf 78' lang='lat' dir='ltr'><strong>lux</strong></span> <span class='ocrx_word' id='word_1_288' title='bbox 2161 1891 2243 1936; x_wconf 87' lang='lat' dir='ltr'><strong>est</strong></span> <span class='ocrx_word' id='word_1_289' title='bbox 2276 1897 2290 1932; x_wconf 91' lang='lat'><strong>:</strong></span> <span class='ocrx_word' id='word_1_290' title='bbox 2397 1877 2578 1949; x_wconf 81' lang='grc' dir='ltr'>θείσης</span> <span class='ocrx_word' id='word_1_291' title='bbox 2609 1880 2926 1950; x_wconf 84' lang='grc' dir='ltr'>νεκρότητος</span> <span class='ocrx_word' id='word_1_292' title='bbox 2963 1881 3054 1934; x_wconf 77' lang='grc' dir='ltr'><strong>καὶ</strong></span> <span class='ocrx_word' id='word_1_293' title='bbox 3091 1881 3386 1947; x_wconf 77' lang='grc' dir='ltr'><strong>ἀσθενείας,</strong></span> 
     </span>
    </p>
   </div>
   <div class='ocr_carea' id='block_1_39' title="bbox 758 1968 2277 2041">
    <p class='ocr_par' dir='ltr' id='par_1_39' title="bbox 758 1969 2277 2040">
     <span class='ocr_line' id='line_1_39' title="bbox 758 1969 2277 2040; baseline 0 -16"><span class='ocrx_word' id='word_1_294' title='bbox 758 1981 810 2025; x_wconf 88' lang='lat' dir='ltr'><strong>et</strong></span> <span class='ocrx_word' id='word_1_295' title='bbox 841 1971 895 2024; x_wconf 89' lang='lat' dir='ltr'><strong>in</strong></span> <span class='ocrx_word' id='word_1_296' title='bbox 942 1982 1196 2040; x_wconf 91' lang='lat' dir='ltr'><strong>quantum</strong></span> <span class='ocrx_word' id='word_1_297' title='bbox 1226 1981 1308 2025; x_wconf 87' lang='lat' dir='ltr'><strong>cst</strong></span> <span class='ocrx_word' id='word_1_298' title='bbox 1341 1972 1468 2038; x_wconf 86' lang='lat' dir='ltr'><strong>vita,</strong></span> <span class='ocrx_word' id='word_1_299' title='bbox 1518 1971 1620 2025; x_wconf 91' lang='lat' dir='ltr'><strong>dici</strong></span> <span class='ocrx_word' id='word_1_300' title='bbox 1665 1979 1838 2040; x_wconf 87' lang='lat' dir='ltr'><strong>potest</strong></span> <span class='ocrx_word' id='word_1_301' title='bbox 1886 1969 2141 2026; x_wconf 89' lang='lat' dir='ltr'><strong>Servator</strong></span> <span class='ocrx_word' id='word_1_302' title='bbox 2185 1983 2277 2024; x_wconf 82' lang='lat' dir='ltr'><strong>nor</strong></span> 
     </span>
    </p>
   </div>
   <div class='ocr_carea' id='block_1_40' title="bbox 1896 1968 3415 2041">
    <p class='ocr_par' dir='ltr' id='par_1_40' title="bbox 1896 1968 3415 2041">
     <span class='ocr_line' id='line_1_40' title="bbox 1896 1968 3415 2041; baseline -0.001 -15"><span class='ocrx_word' id='word_1_303' title='bbox 1896 1969 2141 2026; x_wconf 76' lang='lat' dir='ltr'><strong>Servator</strong></span> <span class='ocrx_word' id='word_1_304' title='bbox 2185 1983 2290 2024; x_wconf 92' lang='lat' dir='ltr'><strong>non</strong></span> <span class='ocrx_word' id='word_1_305' title='bbox 2398 1968 2681 2038; x_wconf 75' lang='grc' dir='ltr'>ἐγγένηται</span> <span class='ocrx_word' id='word_1_306' title='bbox 2705 1969 2856 2040; x_wconf 81' lang='grc' dir='ltr'>παρὰ</span> <span class='ocrx_word' id='word_1_307' title='bbox 2875 1971 3032 2023; x_wconf 78' lang='grc' dir='ltr'>παντὶ</span> <span class='ocrx_word' id='word_1_308' title='bbox 3045 1971 3122 2040; x_wconf 84' lang='grc' dir='ltr'><strong>τῷ</strong></span> <span class='ocrx_word' id='word_1_309' title='bbox 3145 1971 3238 2024; x_wconf 80' lang='grc' dir='ltr'>τοῦ</span> <span class='ocrx_word' id='word_1_310' title='bbox 3268 1972 3415 2041; x_wconf 56' lang='grc' dir='ltr'><strong>Λόγος</strong></span> 
     </span>
    </p>
   </div>
   <div class='ocr_carea' id='block_1_41' title="bbox 759 2057 2278 2131">
    <p class='ocr_par' dir='ltr' id='par_1_41' title="bbox 759 2057 2278 2128">
     <span class='ocr_line' id='line_1_41' title="bbox 759 2057 2278 2128; baseline -0.001 -15"><span class='ocrx_word' id='word_1_311' title='bbox 759 2059 854 2113; x_wconf 78' lang='lat' dir='ltr'><strong>sibi</strong></span> <span class='ocrx_word' id='word_1_312' title='bbox 887 2061 1010 2127; x_wconf 85' lang='lat' dir='ltr'><strong>ipsi,</strong></span> <span class='ocrx_word' id='word_1_313' title='bbox 1035 2061 1128 2114; x_wconf 91' lang='lat' dir='ltr'><strong>sed</strong></span> <span class='ocrx_word' id='word_1_314' title='bbox 1180 2059 1300 2113; x_wconf 88' lang='lat' dir='ltr'><strong>aliis</strong></span> <span class='ocrx_word' id='word_1_315' title='bbox 1325 2059 1454 2122; x_wconf 89' lang='lat' dir='ltr'><strong>vita,</strong></span> <span class='ocrx_word' id='word_1_316' title='bbox 1485 2073 1710 2128; x_wconf 89' lang='lat' dir='ltr'><strong>quorum</strong></span> <span class='ocrx_word' id='word_1_317' title='bbox 1741 2066 1822 2113; x_wconf 89' lang='lat' dir='ltr'><strong>est</strong></span> <span class='ocrx_word' id='word_1_318' title='bbox 1845 2058 2006 2112; x_wconf 89' lang='lat' dir='ltr'><strong>etiam</strong></span> <span class='ocrx_word' id='word_1_319' title='bbox 2029 2057 2142 2113; x_wconf 85' lang='lat' dir='ltr'><strong>lux.</strong></span> <span class='ocrx_word' id='word_1_320' title='bbox 2170 2057 2278 2112; x_wconf 64' lang='lat' dir='ltr'><strong>ﬂuat</strong></span> 
     </span>
    </p>
   </div>
   <div class='ocr_carea' id='block_1_42' title="bbox 1690 2057 3209 2131">
    <p class='ocr_par' dir='ltr' id='par_1_42' title="bbox 1690 2057 3209 2131">
     <span class='ocr_line' id='line_1_42' title="bbox 1690 2057 3209 2131; baseline -0.001 -19"><span class='ocrx_word' id='word_1_321' title='bbox 1690 2075 1710 2112; x_wconf 86' lang='lat' dir='ltr'><strong>rt</strong></span> <span class='ocrx_word' id='word_1_322' title='bbox 1741 2066 1822 2113; x_wconf 90' lang='lat' dir='ltr'><strong>est</strong></span> <span class='ocrx_word' id='word_1_323' title='bbox 1845 2058 2006 2112; x_wconf 89' lang='lat' dir='ltr'><strong>etiam</strong></span> <span class='ocrx_word' id='word_1_324' title='bbox 2029 2057 2142 2113; x_wconf 85' lang='lat' dir='ltr'><strong>lux.</strong></span> <span class='ocrx_word' id='word_1_325' title='bbox 2170 2057 2293 2113; x_wconf 63' lang='lat' dir='ltr'><strong>[hac</strong></span> <span class='ocrx_word' id='word_1_326' title='bbox 2395 2059 2555 2112; x_wconf 80' lang='grc' dir='ltr'>αὐτὸν</span> <span class='ocrx_word' id='word_1_327' title='bbox 2585 2061 2864 2131; x_wconf 80' lang='grc' dir='ltr'>ποιήσαντι</span> <span class='ocrx_word' id='word_1_328' title='bbox 2889 2060 3209 2131; x_wconf 77' lang='grc' dir='ltr'>χωρητικόν.</span> 
     </span>
    </p>
   </div>
   <div class='ocr_carea' id='block_1_43' title="bbox 758 2145 3382 2220">
    <p class='ocr_par' dir='ltr' id='par_1_43' title="bbox 758 2145 3382 2220">
     <span class='ocr_line' id='line_1_43' title="bbox 758 2145 3382 2220; baseline 0 -14"><span class='ocrx_word' id='word_1_329' title='bbox 758 2165 885 2206; x_wconf 70' lang='lat' dir='ltr'><strong>sane</strong></span> <span class='ocrx_word' id='word_1_330' title='bbox 929 2151 1034 2204; x_wconf 82' lang='lat' dir='ltr'><strong>vita</strong></span> <span class='ocrx_word' id='word_1_331' title='bbox 1085 2151 1135 2202; x_wconf 92' lang='lat' dir='ltr'><strong>in</strong></span> <span class='ocrx_word' id='word_1_332' title='bbox 1167 2150 1321 2219; x_wconf 82' lang='grc' dir='ltr'><strong>Λόγῳ</strong></span> <span class='ocrx_word' id='word_1_333' title='bbox 1351 2147 1477 2220; x_wconf 87' lang='lat' dir='ltr'><strong>[hoc</strong></span> <span class='ocrx_word' id='word_1_334' title='bbox 1519 2159 1602 2204; x_wconf 82' lang='lat' dir='ltr'><strong>est</strong></span> <span class='ocrx_word' id='word_1_335' title='bbox 1647 2150 1700 2202; x_wconf 88' lang='lat' dir='ltr'><strong>in</strong></span> <span class='ocrx_word' id='word_1_336' title='bbox 1743 2147 1836 2201; x_wconf 79' lang='lat' dir='ltr'><strong>Dei</strong></span> <span class='ocrx_word' id='word_1_337' title='bbox 1869 2145 2034 2218; x_wconf 86' lang='lat' dir='ltr'><strong>Filio]</strong></span> <span class='ocrx_word' id='word_1_338' title='bbox 2075 2147 2132 2201; x_wconf 81' lang='lat' dir='ltr'><strong>iit</strong></span> <span class='ocrx_word' id='word_1_339' title='bbox 2185 2148 2554 2218; x_wconf 86' lang='lat' dir='ltr'><strong>inseparabilis</strong></span> <span class='ocrx_word' id='word_1_340' title='bbox 2603 2150 2672 2205; x_wconf 90' lang='lat' dir='ltr'><strong>ab</strong></span> <span class='ocrx_word' id='word_1_341' title='bbox 2723 2152 2837 2220; x_wconf 82' lang='lat' dir='ltr'><strong>ipso</strong></span> <span class='ocrx_word' id='word_1_342' title='bbox 2887 2151 3176 2217; x_wconf 81' lang='lat' dir='ltr'><strong>exsistens,</strong></span> <span class='ocrx_word' id='word_1_343' title='bbox 3222 2151 3382 2206; x_wconf 84' lang='lat' dir='ltr'><strong>simul</strong></span> 
     </span>
    </p>
   </div>
   <div class='ocr_carea' id='block_1_44' title="bbox 757 2235 3415 2313">
    <p class='ocr_par' dir='ltr' id='par_1_44' title="bbox 757 2235 3415 2313">
     <span class='ocr_line' id='line_1_44' title="bbox 757 2235 3415 2313; baseline -0 -18"><span class='ocrx_word' id='word_1_344' title='bbox 757 2240 862 2304; x_wconf 84' lang='lat' dir='ltr'><strong>rit;</strong></span> <span class='ocrx_word' id='word_1_345' title='bbox 893 2238 1228 2307; x_wconf 69' lang='lat' dir='ltr'><strong>prmexsistat</strong></span> <span class='ocrx_word' id='word_1_346' title='bbox 1249 2239 1394 2293; x_wconf 88' lang='lat' dir='ltr'><strong>enim</strong></span> <span class='ocrx_word' id='word_1_347' title='bbox 1423 2238 1576 2306; x_wconf 81' lang='grc' dir='ltr'><strong>λόγος</strong></span> <span class='ocrx_word' id='word_1_348' title='bbox 1608 2235 1684 2307; x_wconf 88' lang='lat' dir='ltr'><strong>[id</strong></span> <span class='ocrx_word' id='word_1_349' title='bbox 1710 2246 1793 2293; x_wconf 89' lang='lat' dir='ltr'><strong>est</strong></span> <span class='ocrx_word' id='word_1_350' title='bbox 1824 2252 2023 2305; x_wconf 87' lang='lat' dir='ltr'><strong>sermo,</strong></span> <span class='ocrx_word' id='word_1_351' title='bbox 2062 2237 2176 2294; x_wconf 88' lang='lat' dir='ltr'><strong>sive</strong></span> <span class='ocrx_word' id='word_1_352' title='bbox 2209 2238 2391 2312; x_wconf 87' lang='lat' dir='ltr'><strong>ratio,]</strong></span> <span class='ocrx_word' id='word_1_353' title='bbox 2425 2240 2476 2294; x_wconf 93' lang='lat' dir='ltr'><strong>in</strong></span> <span class='ocrx_word' id='word_1_354' title='bbox 2508 2240 2682 2295; x_wconf 90' lang='lat' dir='ltr'><strong>anima</strong></span> <span class='ocrx_word' id='word_1_355' title='bbox 2725 2251 2966 2311; x_wconf 90' lang='lat' dir='ltr'><strong>oportet,</strong></span> <span class='ocrx_word' id='word_1_356' title='bbox 3021 2244 3111 2313; x_wconf 90' lang='lat' dir='ltr'><strong>qui</strong></span> <span class='ocrx_word' id='word_1_357' title='bbox 3164 2244 3339 2313; x_wconf 88' lang='lat' dir='ltr'><strong>ipsam</strong></span> <span class='ocrx_word' id='word_1_358' title='bbox 3379 2257 3415 2298; x_wconf 89' lang='lat' dir='ltr'><strong>e</strong></span> 
     </span>
    </p>
   </div>
   <div class='ocr_carea' id='block_1_45' title="bbox 691 2328 3408 2401">
    <p class='ocr_par' dir='ltr' id='par_1_45' title="bbox 691 2328 3408 2401">
     <span class='ocr_line' id='line_1_45' title="bbox 691 2328 3408 2401; baseline 0.001 -14"><span class='ocrx_word' id='word_1_359' title='bbox 691 2358 697 2364; x_wconf 70' lang='grc' dir='ltr'><em>ο</em></span> <span class='ocrx_word' id='word_1_360' title='bbox 757 2333 918 2396; x_wconf 87' lang='lat' dir='ltr'><strong>hunc,</strong></span> <span class='ocrx_word' id='word_1_361' title='bbox 962 2339 1016 2386; x_wconf 90' lang='lat' dir='ltr'><strong>et</strong></span> <span class='ocrx_word' id='word_1_362' title='bbox 1065 2328 1132 2384; x_wconf 87' lang='lat' dir='ltr'><strong>ab</strong></span> <span class='ocrx_word' id='word_1_363' title='bbox 1169 2330 1286 2400; x_wconf 90' lang='lat' dir='ltr'><strong>ipso</strong></span> <span class='ocrx_word' id='word_1_364' title='bbox 1319 2330 1723 2400; x_wconf 90' lang='lat' dir='ltr'><strong>provenientem</strong></span> <span class='ocrx_word' id='word_1_365' title='bbox 1769 2330 2159 2400; x_wconf 77' lang='lat' dir='ltr'><strong>purgationem,</strong></span> <span class='ocrx_word' id='word_1_366' title='bbox 2197 2331 2342 2387; x_wconf 89' lang='lat' dir='ltr'><strong>onmi</strong></span> <span class='ocrx_word' id='word_1_367' title='bbox 2389 2346 2606 2401; x_wconf 89' lang='lat' dir='ltr'><strong>prorsus</strong></span> <span class='ocrx_word' id='word_1_368' title='bbox 2654 2333 2828 2388; x_wconf 89' lang='lat' dir='ltr'><strong>ablata</strong></span> <span class='ocrx_word' id='word_1_369' title='bbox 2889 2336 3306 2391; x_wconf 74' lang='lat' dir='ltr'><strong>mortificatione</strong></span> <span class='ocrx_word' id='word_1_370' title='bbox 3353 2343 3408 2389; x_wconf 88' lang='lat' dir='ltr'><strong>et</strong></span> 
     </span>
    </p>
   </div>
   <div class='ocr_carea' id='block_1_46' title="bbox 757 2420 3418 2494">
    <p class='ocr_par' dir='ltr' id='par_1_46' title="bbox 757 2420 3418 2494">
     <span class='ocr_line' id='line_1_46' title="bbox 757 2420 3418 2494; baseline -0.001 -15"><span class='ocrx_word' id='word_1_371' title='bbox 757 2423 1070 2491; x_wconf 73' lang='lat' dir='ltr'><strong>sinceraque</strong></span> <span class='ocrx_word' id='word_1_372' title='bbox 1095 2422 1204 2476; x_wconf 88' lang='lat' dir='ltr'><strong>vita</strong></span> <span class='ocrx_word' id='word_1_373' title='bbox 1237 2422 1580 2490; x_wconf 79' lang='lat' dir='ltr'><strong>ingeneretur</strong></span> <span class='ocrx_word' id='word_1_374' title='bbox 1604 2420 1742 2491; x_wconf 85' lang='lat' dir='ltr'><strong>apud</strong></span> <span class='ocrx_word' id='word_1_375' title='bbox 1768 2435 1980 2476; x_wconf 85' lang='lat' dir='ltr'><strong>omnem</strong></span> <span class='ocrx_word' id='word_1_376' title='bbox 2006 2421 2096 2489; x_wconf 91' lang='lat' dir='ltr'><strong>qui</strong></span> <span class='ocrx_word' id='word_1_377' title='bbox 2125 2421 2310 2477; x_wconf 77' lang='lat' dir='ltr'><strong>fecerit</strong></span> <span class='ocrx_word' id='word_1_378' title='bbox 2332 2423 2564 2493; x_wconf 84' lang='lat' dir='ltr'><strong>seipsum</strong></span> <span class='ocrx_word' id='word_1_379' title='bbox 2589 2438 2839 2492; x_wconf 88' lang='lat' dir='ltr'><strong>capacem</strong></span> <span class='ocrx_word' id='word_1_380' title='bbox 2868 2425 3167 2490; x_wconf 91' lang='lat' dir='ltr'><strong>Sermonis,</strong></span> <span class='ocrx_word' id='word_1_381' title='bbox 3189 2427 3240 2479; x_wconf 92' lang='lat' dir='ltr'><strong>in</strong></span> <span class='ocrx_word' id='word_1_382' title='bbox 3263 2433 3418 2494; x_wconf 80' lang='lat' dir='ltr'><strong>quant</strong></span> 
     </span>
    </p>
   </div>
   <div class='ocr_carea' id='block_1_47' title="bbox 826 2510 2290 2581">
    <p class='ocr_par' dir='ltr' id='par_1_47' title="bbox 826 2510 2290 2581">
     <span class='ocr_line' id='line_1_47' title="bbox 826 2510 2290 2581; baseline -0.002 -14"><span class='ocrx_word' id='word_1_383' title='bbox 826 2515 914 2568; x_wconf 74' lang='grc'><strong>15.</strong></span> <span class='ocrx_word' id='word_1_384' title='bbox 953 2515 1217 2568; x_wconf 67' lang='lat' dir='ltr'><strong>Caeterum</strong></span> <span class='ocrx_word' id='word_1_385' title='bbox 1266 2515 1372 2568; x_wconf 93' lang='lat' dir='ltr'><strong>duo</strong></span> <span class='ocrx_word' id='word_1_386' title='bbox 1414 2512 1722 2581; x_wconf 74' lang='lat' dir='ltr'><strong>singulatim</strong></span> <span class='ocrx_word' id='word_1_387' title='bbox 1770 2510 2103 2568; x_wconf 87' lang='lat' dir='ltr'><strong>observanda</strong></span> <span class='ocrx_word' id='word_1_388' title='bbox 2145 2521 2290 2578; x_wconf 88' lang='lat' dir='ltr'><strong>sunt,</strong></span> 
     </span>
    </p>
   </div>
   <div class='ocr_carea' id='block_1_48' title="bbox 759 2597 2292 2670">
    <p class='ocr_par' dir='ltr' id='par_1_48' title="bbox 759 2597 2292 2670">
     <span class='ocr_line' id='line_1_48' title="bbox 759 2597 2292 2670; baseline -0.003 -14"><span class='ocrx_word' id='word_1_389' title='bbox 759 2600 1163 2670; x_wconf 62' lang='lat' dir='ltr'><strong>diferentiaquc</strong></span> <span class='ocrx_word' id='word_1_390' title='bbox 1214 2613 1399 2654; x_wconf 89' lang='lat' dir='ltr'><strong>eorum</strong></span> <span class='ocrx_word' id='word_1_391' title='bbox 1459 2607 1712 2654; x_wconf 84' lang='lat' dir='ltr'><strong>accurate</strong></span> <span class='ocrx_word' id='word_1_392' title='bbox 1760 2597 2292 2667; x_wconf 78' lang='lat' dir='ltr'><strong>examinanda:pri-</strong></span> 
     </span>
    </p>
   </div>
   <div class='ocr_carea' id='block_1_49' title="bbox 759 2685 2293 2758">
    <p class='ocr_par' dir='ltr' id='par_1_49' title="bbox 759 2685 2293 2758">
     <span class='ocr_line' id='line_1_49' title="bbox 759 2685 2293 2758; baseline -0.003 -13"><span class='ocrx_word' id='word_1_393' title='bbox 759 2705 906 2745; x_wconf 80' lang='lat' dir='ltr'><strong>mm</strong></span> <span class='ocrx_word' id='word_1_394' title='bbox 937 2689 1154 2758; x_wconf 83' lang='lat' dir='ltr'><strong>quidem</strong></span> <span class='ocrx_word' id='word_1_395' title='bbox 1185 2707 1199 2743; x_wconf 87' lang='lat'><strong>:</strong></span> <span class='ocrx_word' id='word_1_396' title='bbox 1236 2688 1404 2756; x_wconf 81' lang='grc' dir='ltr'><strong>Λόγος</strong></span> <span class='ocrx_word' id='word_1_397' title='bbox 1434 2686 1509 2758; x_wconf 93' lang='lat' dir='ltr'><strong>[id</strong></span> <span class='ocrx_word' id='word_1_398' title='bbox 1531 2695 1613 2742; x_wconf 88' lang='lat' dir='ltr'><strong>est</strong></span> <span class='ocrx_word' id='word_1_399' title='bbox 1651 2685 1862 2756; x_wconf 82' lang='lat' dir='ltr'><strong>Sermo}</strong></span> <span class='ocrx_word' id='word_1_400' title='bbox 1887 2694 1969 2742; x_wconf 90' lang='lat' dir='ltr'><strong>est</strong></span> <span class='ocrx_word' id='word_1_401' title='bbox 2001 2686 2052 2740; x_wconf 92' lang='lat' dir='ltr'><strong>in</strong></span> <span class='ocrx_word' id='word_1_402' title='bbox 2089 2687 2293 2755; x_wconf 89' lang='lat' dir='ltr'><strong>princi-</strong></span> 
     </span>
    </p>
   </div>
   <div class='ocr_carea' id='block_1_50' title="bbox 759 2774 2292 2850">
    <p class='ocr_par' dir='ltr' id='par_1_50' title="bbox 759 2774 2292 2850">
     <span class='ocr_line' id='line_1_50' title="bbox 759 2774 2292 2850; baseline -0.003 -16"><span class='ocrx_word' id='word_1_403' title='bbox 759 2780 880 2850; x_wconf 78' lang='lat' dir='ltr'><strong>pio;</strong></span> <span class='ocrx_word' id='word_1_404' title='bbox 906 2779 1097 2834; x_wconf 89' lang='lat' dir='ltr'><strong>deinde</strong></span> <span class='ocrx_word' id='word_1_405' title='bbox 1124 2777 1267 2847; x_wconf 91' lang='lat' dir='ltr'><strong>quod</strong></span> <span class='ocrx_word' id='word_1_406' title='bbox 1298 2778 1407 2831; x_wconf 87' lang='lat' dir='ltr'><strong>vita</strong></span> <span class='ocrx_word' id='word_1_407' title='bbox 1435 2779 1488 2832; x_wconf 93' lang='lat' dir='ltr'><strong>in</strong></span> <span class='ocrx_word' id='word_1_408' title='bbox 1515 2774 1794 2832; x_wconf 85' lang='lat' dir='ltr'><strong>Sermone.</strong></span> <span class='ocrx_word' id='word_1_409' title='bbox 1825 2776 1932 2831; x_wconf 80' lang='lat' dir='ltr'><strong>Sed</strong></span> <span class='ocrx_word' id='word_1_410' title='bbox 1956 2775 2146 2831; x_wconf 88' lang='lat' dir='ltr'><strong>Sermo</strong></span> <span class='ocrx_word' id='word_1_411' title='bbox 2173 2777 2292 2845; x_wconf 91' lang='lat' dir='ltr'><strong>qui-</strong></span> 
     </span>
    </p>
   </div>
   <div class='ocr_carea' id='block_1_51' title="bbox 759 2865 2288 2936">
    <p class='ocr_par' dir='ltr' id='par_1_51' title="bbox 759 2865 2288 2936">
     <span class='ocr_line' id='line_1_51' title="bbox 759 2865 2288 2936; baseline -0.003 -13"><span class='ocrx_word' id='word_1_412' title='bbox 759 2872 877 2924; x_wconf 88' lang='lat' dir='ltr'><strong>dem</strong></span> <span class='ocrx_word' id='word_1_413' title='bbox 919 2869 972 2922; x_wconf 93' lang='lat' dir='ltr'><strong>in</strong></span> <span class='ocrx_word' id='word_1_414' title='bbox 1026 2867 1290 2936; x_wconf 90' lang='lat' dir='ltr'><strong>principio</strong></span> <span class='ocrx_word' id='word_1_415' title='bbox 1351 2881 1456 2921; x_wconf 92' lang='lat' dir='ltr'><strong>non</strong></span> <span class='ocrx_word' id='word_1_416' title='bbox 1494 2875 1577 2920; x_wconf 88' lang='lat' dir='ltr'><strong>est</strong></span> <span class='ocrx_word' id='word_1_417' title='bbox 1628 2865 1802 2920; x_wconf 79' lang='lat' dir='ltr'><strong>iactus</strong></span> <span class='ocrx_word' id='word_1_418' title='bbox 1831 2884 1847 2919; x_wconf 88' lang='lat'><strong>:</strong></span> <span class='ocrx_word' id='word_1_419' title='bbox 1881 2879 1979 2920; x_wconf 89' lang='lat' dir='ltr'><strong>nec</strong></span> <span class='ocrx_word' id='word_1_420' title='bbox 2002 2869 2145 2920; x_wconf 88' lang='lat' dir='ltr'><strong>enim</strong></span> <span class='ocrx_word' id='word_1_421' title='bbox 2168 2865 2288 2930; x_wconf 81' lang='lat' dir='ltr'><strong>fuit,</strong></span> 
     </span>
    </p>
   </div>
   <div class='ocr_carea' id='block_1_52' title="bbox 758 2955 2300 3027">
    <p class='ocr_par' dir='ltr' id='par_1_52' title="bbox 758 2955 2300 3027">
     <span class='ocr_line' id='line_1_52' title="bbox 758 2955 2300 3027; baseline -0.002 -15"><span class='ocrx_word' id='word_1_422' title='bbox 758 2959 971 3027; x_wconf 84' lang='lat' dir='ltr'><strong>quando</strong></span> <span class='ocrx_word' id='word_1_423' title='bbox 997 2957 1311 3027; x_wconf 88' lang='lat' dir='ltr'><strong>principium</strong></span> <span class='ocrx_word' id='word_1_424' title='bbox 1351 2955 1510 3011; x_wconf 74' lang='lat' dir='ltr'><strong>fuerit</strong></span> <span class='ocrx_word' id='word_1_425' title='bbox 1559 2957 1758 3024; x_wconf 86' lang='lat' dir='ltr'><strong>absque</strong></span> <span class='ocrx_word' id='word_1_426' title='bbox 1793 2955 2052 3010; x_wconf 89' lang='lat' dir='ltr'><strong>Sermone</strong></span> <span class='ocrx_word' id='word_1_427' title='bbox 2102 2964 2158 3009; x_wconf 90' lang='lat' dir='ltr'><strong>et</strong></span> <span class='ocrx_word' id='word_1_428' title='bbox 2215 2971 2300 3010; x_wconf 86' lang='lat' dir='ltr'><strong>ra-</strong></span> 
     </span>
    </p>
   </div>
   <div class='ocr_carea' id='block_1_53' title="bbox 759 3043 2301 3117">
    <p class='ocr_par' dir='ltr' id='par_1_53' title="bbox 759 3043 2301 3117">
     <span class='ocr_line' id='line_1_53' title="bbox 759 3043 2301 3117; baseline -0.003 -15"><span class='ocrx_word' id='word_1_429' title='bbox 759 3049 923 3115; x_wconf 88' lang='lat' dir='ltr'><strong>tione,</strong></span> <span class='ocrx_word' id='word_1_430' title='bbox 948 3063 1108 3117; x_wconf 91' lang='lat' dir='ltr'><strong>quam</strong></span> <span class='ocrx_word' id='word_1_431' title='bbox 1135 3048 1203 3103; x_wconf 90' lang='lat' dir='ltr'><strong>ob</strong></span> <span class='ocrx_word' id='word_1_432' title='bbox 1231 3061 1448 3102; x_wconf 86' lang='lat' dir='ltr'><strong>causam</strong></span> <span class='ocrx_word' id='word_1_433' title='bbox 1495 3047 1692 3100; x_wconf 88' lang='lat' dir='ltr'><strong>dicitur</strong></span> <span class='ocrx_word' id='word_1_434' title='bbox 1718 3061 1732 3098; x_wconf 89' lang='lat'><strong>:</strong></span> <span class='ocrx_word' id='word_1_435' title='bbox 1764 3063 1782 3096; x_wconf 76' lang='grc' dir='ltr'><strong>ι</strong></span> <span class='ocrx_word' id='word_1_436' title='bbox 1807 3045 1860 3100; x_wconf 90' lang='lat' dir='ltr'><strong>lu</strong></span> <span class='ocrx_word' id='word_1_437' title='bbox 1888 3044 2155 3116; x_wconf 87' lang='lat' dir='ltr'><strong>principio</strong></span> <span class='ocrx_word' id='word_1_438' title='bbox 2177 3043 2301 3099; x_wconf 85' lang='lat' dir='ltr'><strong>Ser-</strong></span> 
     </span>
    </p>
   </div>
   <div class='ocr_carea' id='block_1_54' title="bbox 759 3136 2300 3208">
    <p class='ocr_par' dir='ltr' id='par_1_54' title="bbox 759 3136 2300 3208">
     <span class='ocr_line' id='line_1_54' title="bbox 759 3136 2300 3208; baseline -0.003 -13"><span class='ocrx_word' id='word_1_439' title='bbox 759 3155 848 3195; x_wconf 88' lang='lat' dir='ltr'><strong>mo</strong></span> <span class='ocrx_word' id='word_1_440' title='bbox 871 3139 1070 3194; x_wconf 82' lang='lat' dir='ltr'><strong>erat“.</strong></span> <span class='ocrx_word' id='word_1_441' title='bbox 1101 3157 1120 3191; x_wconf 74' lang='lat' dir='ltr'><strong>i</strong></span> <span class='ocrx_word' id='word_1_442' title='bbox 1154 3141 1223 3195; x_wconf 84' lang='lat' dir='ltr'><strong>At</strong></span> <span class='ocrx_word' id='word_1_443' title='bbox 1249 3153 1376 3193; x_wconf 89' lang='lat' dir='ltr'><strong>vero</strong></span> <span class='ocrx_word' id='word_1_444' title='bbox 1418 3139 1524 3192; x_wconf 90' lang='lat' dir='ltr'><strong>vita</strong></span> <span class='ocrx_word' id='word_1_445' title='bbox 1555 3138 1606 3191; x_wconf 86' lang='lat' dir='ltr'><strong>in</strong></span> <span class='ocrx_word' id='word_1_446' title='bbox 1635 3138 1790 3208; x_wconf 81' lang='grc' dir='ltr'><strong>Λόγῳ</strong></span> <span class='ocrx_word' id='word_1_447' title='bbox 1821 3136 1897 3208; x_wconf 92' lang='lat' dir='ltr'><strong>[id</strong></span> <span class='ocrx_word' id='word_1_448' title='bbox 1919 3147 2000 3192; x_wconf 89' lang='lat' dir='ltr'><strong>est</strong></span> <span class='ocrx_word' id='word_1_449' title='bbox 2019 3136 2300 3207; x_wconf 88' lang='lat' dir='ltr'><strong>Sermone]</strong></span> 
     </span>
    </p>
   </div>
   <div class='ocr_carea' id='block_1_55' title="bbox 761 3227 2300 3298">
    <p class='ocr_par' dir='ltr' id='par_1_55' title="bbox 761 3227 2300 3298">
     <span class='ocr_line' id='line_1_55' title="bbox 761 3227 2300 3298; baseline -0.002 -15"><span class='ocrx_word' id='word_1_450' title='bbox 761 3245 866 3284; x_wconf 90' lang='lat' dir='ltr'><strong>non</strong></span> <span class='ocrx_word' id='word_1_451' title='bbox 893 3239 1030 3296; x_wconf 90' lang='lat' dir='ltr'><strong>erat,</strong></span> <span class='ocrx_word' id='word_1_452' title='bbox 1061 3231 1153 3284; x_wconf 88' lang='lat' dir='ltr'><strong>sed</strong></span> <span class='ocrx_word' id='word_1_453' title='bbox 1201 3229 1342 3283; x_wconf 78' lang='lat' dir='ltr'><strong>facta</strong></span> <span class='ocrx_word' id='word_1_454' title='bbox 1369 3237 1471 3294; x_wconf 88' lang='lat' dir='ltr'><strong>est,</strong></span> <span class='ocrx_word' id='word_1_455' title='bbox 1505 3228 1935 3298; x_wconf 86' lang='lat' dir='ltr'><strong>quandoquidem</strong></span> <span class='ocrx_word' id='word_1_456' title='bbox 1965 3229 2074 3283; x_wconf 90' lang='lat' dir='ltr'><strong>vita</strong></span> <span class='ocrx_word' id='word_1_457' title='bbox 2104 3237 2186 3283; x_wconf 92' lang='lat' dir='ltr'><strong>est</strong></span> <span class='ocrx_word' id='word_1_458' title='bbox 2213 3227 2300 3280; x_wconf 81' lang='lat' dir='ltr'><strong>lux</strong></span> 
     </span>
    </p>
   </div>
   <div class='ocr_carea' id='block_1_56' title="bbox 761 3315 2300 3385">
    <p class='ocr_par' dir='ltr' id='par_1_56' title="bbox 761 3315 2300 3385">
     <span class='ocr_line' id='line_1_56' title="bbox 761 3315 2300 3385; baseline -0.001 -14"><span class='ocrx_word' id='word_1_459' title='bbox 761 3318 1062 3380; x_wconf 78' lang='lat' dir='ltr'><strong>hominum;</strong></span> <span class='ocrx_word' id='word_1_460' title='bbox 1086 3332 1206 3370; x_wconf 88' lang='lat' dir='ltr'><strong>cum</strong></span> <span class='ocrx_word' id='word_1_461' title='bbox 1229 3317 1370 3371; x_wconf 84' lang='lat' dir='ltr'><strong>enim</strong></span> <span class='ocrx_word' id='word_1_462' title='bbox 1394 3317 1554 3370; x_wconf 88' lang='lat' dir='ltr'><strong>homo</strong></span> <span class='ocrx_word' id='word_1_463' title='bbox 1578 3317 1806 3370; x_wconf 90' lang='lat' dir='ltr'><strong>nondum</strong></span> <span class='ocrx_word' id='word_1_464' title='bbox 1833 3325 1994 3384; x_wconf 88' lang='lat' dir='ltr'><strong>esset,</strong></span> <span class='ocrx_word' id='word_1_465' title='bbox 2022 3331 2192 3385; x_wconf 90' lang='lat' dir='ltr'><strong>neque</strong></span> <span class='ocrx_word' id='word_1_466' title='bbox 2213 3315 2300 3370; x_wconf 80' lang='lat' dir='ltr'><strong>lux</strong></span> 
     </span>
    </p>
   </div>
   <div class='ocr_carea' id='block_1_57' title="bbox 762 3403 2302 3475">
    <p class='ocr_par' dir='ltr' id='par_1_57' title="bbox 762 3403 2302 3475">
     <span class='ocr_line' id='line_1_57' title="bbox 762 3403 2302 3475; baseline -0.001 -17"><span class='ocrx_word' id='word_1_467' title='bbox 762 3405 1038 3458; x_wconf 81' lang='lat' dir='ltr'><strong>hominum</strong></span> <span class='ocrx_word' id='word_1_468' title='bbox 1065 3413 1204 3468; x_wconf 91' lang='lat' dir='ltr'><strong>erat,</strong></span> <span class='ocrx_word' id='word_1_469' title='bbox 1245 3405 1584 3458; x_wconf 86' lang='lat' dir='ltr'><strong>considerata</strong></span> <span class='ocrx_word' id='word_1_470' title='bbox 1613 3403 1731 3460; x_wconf 88' lang='lat' dir='ltr'><strong>luce</strong></span> <span class='ocrx_word' id='word_1_471' title='bbox 1755 3404 2192 3475; x_wconf 80' lang='lat' dir='ltr'><strong>hominumjuxta</strong></span> <span class='ocrx_word' id='word_1_472' title='bbox 2221 3418 2302 3458; x_wconf 86' lang='lat' dir='ltr'><strong>re-</strong></span> 
     </span>
    </p>
   </div>
   <div class='ocr_carea' id='block_1_58' title="bbox 764 3493 2303 3564">
    <p class='ocr_par' dir='ltr' id='par_1_58' title="bbox 764 3493 2303 3564">
     <span class='ocr_line' id='line_1_58' title="bbox 764 3493 2303 3564; baseline 0.001 -19"><span class='ocrx_word' id='word_1_473' title='bbox 764 3493 1013 3546; x_wconf 85' lang='lat' dir='ltr'><strong>lationem</strong></span> <span class='ocrx_word' id='word_1_474' title='bbox 1043 3494 1108 3547; x_wconf 89' lang='lat' dir='ltr'><strong>ad</strong></span> <span class='ocrx_word' id='word_1_475' title='bbox 1127 3493 1387 3547; x_wconf 92' lang='lat' dir='ltr'><strong>homines.</strong></span> <span class='ocrx_word' id='word_1_476' title='bbox 1417 3493 1678 3547; x_wconf 63' lang='lat' dir='ltr'><strong>Caeterum</strong></span> <span class='ocrx_word' id='word_1_477' title='bbox 1702 3509 1857 3548; x_wconf 87' lang='lat' dir='ltr'><strong>nemo</strong></span> <span class='ocrx_word' id='word_1_478' title='bbox 1882 3509 1979 3548; x_wconf 90' lang='lat' dir='ltr'><strong>nos</strong></span> <span class='ocrx_word' id='word_1_479' title='bbox 2008 3503 2192 3564; x_wconf 87' lang='lat' dir='ltr'><strong>urgeat</strong></span> <span class='ocrx_word' id='word_1_480' title='bbox 2219 3509 2303 3546; x_wconf 86' lang='lat' dir='ltr'><strong>ra-</strong></span> 
     </span>
    </p>
   </div>
   <div class='ocr_carea' id='block_1_59' title="bbox 764 3583 2297 3651">
    <p class='ocr_par' dir='ltr' id='par_1_59' title="bbox 764 3583 2297 3651">
     <span class='ocr_line' id='line_1_59' title="bbox 764 3583 2297 3651; baseline -0.001 -16"><span class='ocrx_word' id='word_1_481' title='bbox 764 3591 851 3636; x_wconf 91' lang='lat' dir='ltr'><strong>tus</strong></span> <span class='ocrx_word' id='word_1_482' title='bbox 879 3597 975 3636; x_wconf 92' lang='lat' dir='ltr'><strong>nos</strong></span> <span class='ocrx_word' id='word_1_483' title='bbox 999 3583 1109 3636; x_wconf 66' lang='lat' dir='ltr'><strong>haec</strong></span> <span class='ocrx_word' id='word_1_484' title='bbox 1137 3583 1496 3651; x_wconf 88' lang='lat' dir='ltr'><strong>temporaliter</strong></span> <span class='ocrx_word' id='word_1_485' title='bbox 1511 3587 1810 3646; x_wconf 87' lang='lat' dir='ltr'><strong>enuntiare,</strong></span> <span class='ocrx_word' id='word_1_486' title='bbox 1829 3584 2017 3638; x_wconf 89' lang='lat' dir='ltr'><strong>ordine</strong></span> <span class='ocrx_word' id='word_1_487' title='bbox 2035 3584 2297 3651; x_wconf 78' lang='lat' dir='ltr'><strong>exigente,</strong></span> 
     </span>
    </p>
   </div>
   <div class='ocr_carea' id='block_1_60' title="bbox 763 3671 2298 3744">
    <p class='ocr_par' dir='ltr' id='par_1_60' title="bbox 763 3671 2298 3744">
     <span class='ocr_line' id='line_1_60' title="bbox 763 3671 2298 3744; baseline 0 -20"><span class='ocrx_word' id='word_1_488' title='bbox 763 3671 1015 3739; x_wconf 88' lang='lat' dir='ltr'><strong>primum,</strong></span> <span class='ocrx_word' id='word_1_489' title='bbox 1062 3681 1117 3726; x_wconf 93' lang='lat' dir='ltr'><strong>et</strong></span> <span class='ocrx_word' id='word_1_490' title='bbox 1166 3674 1480 3738; x_wconf 88' lang='lat' dir='ltr'><strong>secundum,</strong></span> <span class='ocrx_word' id='word_1_491' title='bbox 1509 3683 1564 3728; x_wconf 90' lang='lat' dir='ltr'><strong>et</strong></span> <span class='ocrx_word' id='word_1_492' title='bbox 1591 3689 1708 3744; x_wconf 65' lang='lat' dir='ltr'><strong>qua:</strong></span> <span class='ocrx_word' id='word_1_493' title='bbox 1749 3674 2026 3741; x_wconf 90' lang='lat' dir='ltr'><strong>deinceps,</strong></span> <span class='ocrx_word' id='word_1_494' title='bbox 2088 3672 2298 3727; x_wconf 88' lang='lat' dir='ltr'><strong>etiamsi</strong></span> 
     </span>
    </p>
   </div>
   <div class='ocr_carea' id='block_1_61' title="bbox 765 3759 2298 3829">
    <p class='ocr_par' dir='ltr' id='par_1_61' title="bbox 765 3759 2298 3829">
     <span class='ocr_line' id='line_1_61' title="bbox 765 3759 2298 3829; baseline 0 -17"><span class='ocrx_word' id='word_1_495' title='bbox 765 3768 977 3826; x_wconf 88' lang='lat' dir='ltr'><strong>tempus</strong></span> <span class='ocrx_word' id='word_1_496' title='bbox 1014 3775 1116 3813; x_wconf 90' lang='lat' dir='ltr'><strong>non</strong></span> <span class='ocrx_word' id='word_1_497' title='bbox 1147 3759 1468 3826; x_wconf 86' lang='lat' dir='ltr'><strong>inveniatur,</strong></span> <span class='ocrx_word' id='word_1_498' title='bbox 1507 3761 1720 3829; x_wconf 86' lang='lat' dir='ltr'><strong>quando</strong></span> <span class='ocrx_word' id='word_1_499' title='bbox 1751 3761 2016 3814; x_wconf 84' lang='lat' dir='ltr'><strong>ternarius</strong></span> <span class='ocrx_word' id='word_1_500' title='bbox 2045 3774 2298 3812; x_wconf 84' lang='lat' dir='ltr'><strong>numerus</strong></span> 
     </span>
    </p>
   </div>
   <div class='ocr_carea' id='block_1_62' title="bbox 763 3849 2296 3920">
    <p class='ocr_par' dir='ltr' id='par_1_62' title="bbox 763 3849 2296 3920">
     <span class='ocr_line' id='line_1_62' title="bbox 763 3849 2296 3920; baseline 0 -18"><span class='ocrx_word' id='word_1_501' title='bbox 763 3858 854 3903; x_wconf 89' lang='lat' dir='ltr'><strong>aut</strong></span> <span class='ocrx_word' id='word_1_502' title='bbox 871 3859 1091 3918; x_wconf 87' lang='lat' dir='ltr'><strong>quartus</strong></span> <span class='ocrx_word' id='word_1_503' title='bbox 1111 3851 1520 3920; x_wconf 89' lang='lat' dir='ltr'><strong>haudquaquam</strong></span> <span class='ocrx_word' id='word_1_504' title='bbox 1541 3867 1570 3904; x_wconf 88' lang='lat' dir='ltr'><strong>a</strong></span> <span class='ocrx_word' id='word_1_505' title='bbox 1583 3864 1831 3906; x_wconf 89' lang='lat' dir='ltr'><strong>sermone</strong></span> <span class='ocrx_word' id='word_1_506' title='bbox 1843 3849 2100 3906; x_wconf 88' lang='lat' dir='ltr'><strong>substrati</strong></span> <span class='ocrx_word' id='word_1_507' title='bbox 2124 3858 2296 3902; x_wconf 88' lang='lat' dir='ltr'><strong>erant.</strong></span> 
     </span>
    </p>
   </div>
   <div class='ocr_carea' id='block_1_63' title="bbox 771 3939 2302 4009">
    <p class='ocr_par' dir='ltr' id='par_1_63' title="bbox 771 3939 2302 4009">
     <span class='ocr_line' id='line_1_63' title="bbox 771 3939 2302 4009; baseline -0.003 -15"><span class='ocrx_word' id='word_1_508' title='bbox 771 3939 838 3994; x_wconf 85' lang='lat' dir='ltr'><strong>lit</strong></span> <span class='ocrx_word' id='word_1_509' title='bbox 863 3939 1023 4009; x_wconf 84' lang='lat' dir='ltr'><strong>igitur</strong></span> <span class='ocrx_word' id='word_1_510' title='bbox 1055 3957 1074 3991; x_wconf 88' lang='lat' dir='ltr'><strong>t</strong></span> <span class='ocrx_word' id='word_1_511' title='bbox 1102 3941 1280 3996; x_wconf 82' lang='lat' dir='ltr'><strong>omnia</strong></span> <span class='ocrx_word' id='word_1_512' title='bbox 1310 3957 1402 4009; x_wconf 91' lang='lat' dir='ltr'><strong>per</strong></span> <span class='ocrx_word' id='word_1_513' title='bbox 1430 3944 1599 4007; x_wconf 89' lang='lat' dir='ltr'><strong>ipsum</strong></span> <span class='ocrx_word' id='word_1_514' title='bbox 1635 3940 1772 3995; x_wconf 81' lang='lat' dir='ltr'><strong>facta</strong></span> <span class='ocrx_word' id='word_1_515' title='bbox 1797 3947 1941 4000; x_wconf 85' lang='lat' dir='ltr'><strong>sunt,</strong></span> <span class='ocrx_word' id='word_1_516' title='bbox 1984 3957 2005 3992; x_wconf 72' lang='grc' dir='ltr'><strong>ι</strong></span> <span class='ocrx_word' id='word_1_517' title='bbox 2036 3952 2141 3992; x_wconf 91' lang='lat' dir='ltr'><strong>non</strong></span> <span class='ocrx_word' id='word_1_518' title='bbox 2185 3951 2302 3990; x_wconf 87' lang='lat' dir='ltr'><strong>om-</strong></span> 
     </span>
    </p>
   </div>
   <div class='ocr_carea' id='block_1_64' title="bbox 763 4023 2296 4099">
    <p class='ocr_par' dir='ltr' id='par_1_64' title="bbox 763 4023 2296 4099">
     <span class='ocr_line' id='line_1_64' title="bbox 763 4023 2296 4099; baseline -0.004 -17"><span class='ocrx_word' id='word_1_519' title='bbox 763 4029 852 4082; x_wconf 82' lang='lat' dir='ltr'><strong>nia</strong></span> <span class='ocrx_word' id='word_1_520' title='bbox 885 4043 979 4096; x_wconf 89' lang='lat' dir='ltr'><strong>per</strong></span> <span class='ocrx_word' id='word_1_521' title='bbox 1004 4030 1179 4099; x_wconf 90' lang='lat' dir='ltr'><strong>ipsum</strong></span> <span class='ocrx_word' id='word_1_522' title='bbox 1207 4040 1378 4092; x_wconf 87' lang='lat' dir='ltr'><strong>erant,</strong></span> <span class='ocrx_word' id='word_1_523' title='bbox 1415 4048 1433 4081; x_wconf 76' lang='grc' dir='ltr'><strong>ι</strong></span> <span class='ocrx_word' id='word_1_524' title='bbox 1461 4039 1514 4084; x_wconf 87' lang='grc' dir='ltr'><strong>ει</strong></span> <span class='ocrx_word' id='word_1_525' title='bbox 1541 4030 1655 4083; x_wconf 90' lang='lat' dir='ltr'><strong>sine</strong></span> <span class='ocrx_word' id='word_1_526' title='bbox 1689 4030 1803 4096; x_wconf 92' lang='lat' dir='ltr'><strong>ipso</strong></span> <span class='ocrx_word' id='word_1_527' title='bbox 1850 4028 2047 4080; x_wconf 79' lang='lat' dir='ltr'><strong>factum</strong></span> <span class='ocrx_word' id='word_1_528' title='bbox 2091 4033 2174 4079; x_wconf 91' lang='lat' dir='ltr'><strong>est</strong></span> <span class='ocrx_word' id='word_1_529' title='bbox 2215 4023 2296 4076; x_wconf 85' lang='lat' dir='ltr'><strong>ni-</strong></span> 
     </span>
    </p>
   </div>
   <div class='ocr_carea' id='block_1_65' title="bbox 766 4111 2299 4184">
    <p class='ocr_par' dir='ltr' id='par_1_65' title="bbox 766 4111 2299 4184">
     <span class='ocr_line' id='line_1_65' title="bbox 766 4111 2299 4184; baseline -0.003 -14"><span class='ocrx_word' id='word_1_530' title='bbox 766 4117 859 4178; x_wconf 87' lang='lat' dir='ltr'><strong>hil,</strong></span> <span class='ocrx_word' id='word_1_531' title='bbox 885 4135 905 4168; x_wconf 75' lang='grc' dir='ltr'><strong>ι</strong></span> <span class='ocrx_word' id='word_1_532' title='bbox 940 4131 1042 4169; x_wconf 91' lang='lat' dir='ltr'><strong>non</strong></span> <span class='ocrx_word' id='word_1_533' title='bbox 1087 4119 1201 4171; x_wconf 90' lang='lat' dir='ltr'><strong>sine</strong></span> <span class='ocrx_word' id='word_1_534' title='bbox 1239 4118 1352 4184; x_wconf 89' lang='lat' dir='ltr'><strong>ipso</strong></span> <span class='ocrx_word' id='word_1_535' title='bbox 1387 4125 1506 4170; x_wconf 88' lang='lat' dir='ltr'><strong>erat</strong></span> <span class='ocrx_word' id='word_1_536' title='bbox 1541 4116 1706 4179; x_wconf 87' lang='lat' dir='ltr'><strong>nihil;</strong></span> <span class='ocrx_word' id='word_1_537' title='bbox 1737 4116 1816 4169; x_wconf 86' lang='lat' dir='ltr'><strong>sic</strong></span> <span class='ocrx_word' id='word_1_538' title='bbox 1871 4113 2050 4181; x_wconf 69' lang='lat' dir='ltr'><strong>«quod</strong></span> <span class='ocrx_word' id='word_1_539' title='bbox 2101 4111 2299 4166; x_wconf 79' lang='lat' dir='ltr'><strong>factum</strong></span> 
     </span>
    </p>
   </div>
   <div class='ocr_carea' id='block_1_66' title="bbox 2462 2514 3418 2586">
    <p class='ocr_par' dir='ltr' id='par_1_66' title="bbox 2462 2514 3418 2586">
     <span class='ocr_line' id='line_1_66' title="bbox 2462 2514 3418 2586; baseline 0.002 -20"><span class='ocrx_word' id='word_1_540' title='bbox 2462 2514 2736 2586; x_wconf 83' lang='grc' dir='ltr'>Τηρητέον</span> <span class='ocrx_word' id='word_1_541' title='bbox 2775 2515 2830 2568; x_wconf 86' lang='grc' dir='ltr'><strong>δὲ</strong></span> <span class='ocrx_word' id='word_1_542' title='bbox 2869 2515 2936 2568; x_wconf 81' lang='grc' dir='ltr'>τὰ</span> <span class='ocrx_word' id='word_1_543' title='bbox 2985 2515 3078 2568; x_wconf 78' lang='grc' dir='ltr'>δύο</span> <span class='ocrx_word' id='word_1_544' title='bbox 3114 2515 3192 2581; x_wconf 80' lang='grc' dir='ltr'>ἓν,</span> <span class='ocrx_word' id='word_1_545' title='bbox 3239 2517 3334 2569; x_wconf 76' lang='grc' dir='ltr'>καὶ</span> <span class='ocrx_word' id='word_1_546' title='bbox 3364 2515 3418 2568; x_wconf 68' lang='grc' dir='ltr'><strong>τε)</strong></span> 
     </span>
    </p>
   </div>
   <div class='ocr_carea' id='block_1_67' title="bbox 2393 2603 3418 2676">
    <p class='ocr_par' dir='ltr' id='par_1_67' title="bbox 2393 2603 3418 2676">
     <span class='ocr_line' id='line_1_67' title="bbox 2393 2603 3418 2676; baseline 0 -20"><span class='ocrx_word' id='word_1_547' title='bbox 2393 2603 2719 2668; x_wconf 59' lang='grc' dir='ltr'>ἐξεταστέον</span> <span class='ocrx_word' id='word_1_548' title='bbox 2756 2605 2972 2674; x_wconf 78' lang='grc' dir='ltr'>πρῶτον</span> <span class='ocrx_word' id='word_1_549' title='bbox 3005 2605 3101 2676; x_wconf 73' lang='grc' dir='ltr'><strong>μὲν</strong></span> <span class='ocrx_word' id='word_1_550' title='bbox 3130 2605 3241 2676; x_wconf 86' lang='grc' dir='ltr'><strong>γὰρ</strong></span> <span class='ocrx_word' id='word_1_551' title='bbox 3266 2605 3326 2657; x_wconf 84' lang='grc' dir='ltr'>ὲν</span> <span class='ocrx_word' id='word_1_552' title='bbox 3358 2605 3418 2674; x_wconf 70' lang='grc' dir='ltr'>τᾷ</span> 
     </span>
    </p>
   </div>
   <div class='ocr_carea' id='block_1_68' title="bbox 2391 2693 3418 2766">
    <p class='ocr_par' dir='ltr' id='par_1_68' title="bbox 2391 2693 3418 2766">
     <span class='ocr_line' id='line_1_68' title="bbox 2391 2693 3418 2766; baseline -0.003 -17"><span class='ocrx_word' id='word_1_553' title='bbox 2391 2695 2637 2766; x_wconf 78' lang='grc' dir='ltr'>δεύτερον</span> <span class='ocrx_word' id='word_1_554' title='bbox 2667 2695 2725 2749; x_wconf 76' lang='grc' dir='ltr'><strong>δὲ</strong></span> <span class='ocrx_word' id='word_1_555' title='bbox 2746 2697 2803 2747; x_wconf 79' lang='grc' dir='ltr'>ὲν</span> <span class='ocrx_word' id='word_1_556' title='bbox 2827 2694 2922 2764; x_wconf 83' lang='grc' dir='ltr'><strong>τῷ·</strong></span> <span class='ocrx_word' id='word_1_557' title='bbox 2953 2693 3066 2766; x_wconf 79' lang='grc' dir='ltr'><strong>ζωὴ</strong></span> <span class='ocrx_word' id='word_1_558' title='bbox 3098 2697 3156 2748; x_wconf 84' lang='grc' dir='ltr'>ὲν</span> <span class='ocrx_word' id='word_1_559' title='bbox 3177 2695 3354 2766; x_wconf 79' lang='grc' dir='ltr'><strong>Λάγῳ.</strong></span> <span class='ocrx_word' id='word_1_560' title='bbox 3395 2695 3418 2746; x_wconf 84' lang='grc'><strong>’.</strong></span> 
     </span>
    </p>
   </div>
   <div class='ocr_carea' id='block_1_69' title="bbox 2394 2780 3407 2856">
    <p class='ocr_par' dir='ltr' id='par_1_69' title="bbox 2394 2780 3407 2856">
     <span class='ocr_line' id='line_1_69' title="bbox 2394 2780 3407 2856; baseline -0.002 -18"><span class='ocrx_word' id='word_1_561' title='bbox 2394 2787 2533 2854; x_wconf 82' lang='grc' dir='ltr'>ἀρχῇ</span> <span class='ocrx_word' id='word_1_562' title='bbox 2568 2786 2666 2838; x_wconf 78' lang='grc' dir='ltr'>οὐκ</span> <span class='ocrx_word' id='word_1_563' title='bbox 2697 2784 2928 2852; x_wconf 76' lang='grc' dir='ltr'>ἐγένετο,</span> <span class='ocrx_word' id='word_1_564' title='bbox 2964 2783 3064 2837; x_wconf 77' lang='grc' dir='ltr'><strong>οὐκ</strong></span> <span class='ocrx_word' id='word_1_565' title='bbox 3091 2780 3159 2854; x_wconf 79' lang='grc' dir='ltr'>ἦν</span> <span class='ocrx_word' id='word_1_566' title='bbox 3183 2785 3292 2856; x_wconf 84' lang='grc' dir='ltr'><strong>γὰρ</strong></span> <span class='ocrx_word' id='word_1_567' title='bbox 3314 2785 3407 2836; x_wconf 86' lang='grc' dir='ltr'><strong>ὅτε</strong></span> 
     </span>
    </p>
   </div>
   <div class='ocr_carea' id='block_1_70' title="bbox 2397 2870 3418 2944">
    <p class='ocr_par' dir='ltr' id='par_1_70' title="bbox 2397 2870 3418 2944">
     <span class='ocr_line' id='line_1_70' title="bbox 2397 2870 3418 2944; baseline 0 -18"><span class='ocrx_word' id='word_1_568' title='bbox 2397 2874 2474 2926; x_wconf 79' lang='grc' dir='ltr'><strong>διὸ</strong></span> <span class='ocrx_word' id='word_1_569' title='bbox 2498 2874 2730 2941; x_wconf 86' lang='grc' dir='ltr'>λέγεται·</span> <span class='ocrx_word' id='word_1_570' title='bbox 2754 2891 2772 2924; x_wconf 80' lang='grc' dir='ltr'><strong>ι</strong></span> <span class='ocrx_word' id='word_1_571' title='bbox 2824 2875 2912 2926; x_wconf 89' lang='grc' dir='ltr'>Ἐν</span> <span class='ocrx_word' id='word_1_572' title='bbox 2941 2875 3079 2944; x_wconf 81' lang='grc' dir='ltr'>ἀρχῇ</span> <span class='ocrx_word' id='word_1_573' title='bbox 3111 2870 3180 2944; x_wconf 78' lang='grc' dir='ltr'>ἦν</span> <span class='ocrx_word' id='word_1_574' title='bbox 3219 2876 3248 2927; x_wconf 93' lang='lat'><strong>6</strong></span> <span class='ocrx_word' id='word_1_575' title='bbox 3286 2874 3418 2941; x_wconf 79' lang='grc' dir='ltr'><strong>Λόγε</strong></span> 
     </span>
    </p>
   </div>
   <div class='ocr_carea' id='block_1_71' title="bbox 2400 2958 3409 3034">
    <p class='ocr_par' dir='ltr' id='par_1_71' title="bbox 2400 2958 3409 3034">
     <span class='ocr_line' id='line_1_71' title="bbox 2400 2958 3409 3034; baseline 0.002 -20"><span class='ocrx_word' id='word_1_576' title='bbox 2400 2962 2554 3034; x_wconf 84' lang='grc' dir='ltr'><strong>Λόγῳ</strong></span> <span class='ocrx_word' id='word_1_577' title='bbox 2592 2963 2692 3016; x_wconf 76' lang='grc' dir='ltr'><strong>οὐκ</strong></span> <span class='ocrx_word' id='word_1_578' title='bbox 2716 2958 2803 3032; x_wconf 82' lang='grc' dir='ltr'>ἦν,</span> <span class='ocrx_word' id='word_1_579' title='bbox 2846 2963 2981 3016; x_wconf 80' lang='grc' dir='ltr'>ἀλλὰ</span> <span class='ocrx_word' id='word_1_580' title='bbox 3022 2963 3135 3034; x_wconf 81' lang='grc' dir='ltr'>ζωὴ</span> <span class='ocrx_word' id='word_1_581' title='bbox 3167 2964 3409 3031; x_wconf 75' lang='grc' dir='ltr'>ἐγένετο,</span> 
     </span>
    </p>
   </div>
   <div class='ocr_carea' id='block_1_72' title="bbox 2401 3047 3420 3120">
    <p class='ocr_par' dir='ltr' id='par_1_72' title="bbox 2401 3047 3420 3120">
     <span class='ocr_line' id='line_1_72' title="bbox 2401 3047 3420 3120; baseline 0.001 -19"><span class='ocrx_word' id='word_1_582' title='bbox 2401 3048 2515 3116; x_wconf 79' lang='grc' dir='ltr'>φῶς</span> <span class='ocrx_word' id='word_1_583' title='bbox 2541 3048 2647 3101; x_wconf 83' lang='grc' dir='ltr'><strong>τῶν</strong></span> <span class='ocrx_word' id='word_1_584' title='bbox 2677 3047 2993 3120; x_wconf 82' lang='grc' dir='ltr'>ἀνθρώπων.</span> <span class='ocrx_word' id='word_1_585' title='bbox 3031 3051 3161 3103; x_wconf 81' lang='grc' dir='ltr'>Ὅτε</span> <span class='ocrx_word' id='word_1_586' title='bbox 3177 3050 3285 3120; x_wconf 86' lang='grc' dir='ltr'><strong>γὰρ</strong></span> <span class='ocrx_word' id='word_1_587' title='bbox 3307 3050 3420 3103; x_wconf 75' lang='grc' dir='ltr'><strong>οὐδέ</strong></span> 
     </span>
    </p>
   </div>
   <div class='ocr_carea' id='block_1_73' title="bbox 2400 3135 3420 3209">
    <p class='ocr_par' dir='ltr' id='par_1_73' title="bbox 2400 3135 3420 3209">
     <span class='ocr_line' id='line_1_73' title="bbox 2400 3135 3420 3209; baseline 0.002 -21"><span class='ocrx_word' id='word_1_588' title='bbox 2400 3137 2515 3189; x_wconf 75' lang='grc' dir='ltr'>οὐδὲ</span> <span class='ocrx_word' id='word_1_589' title='bbox 2553 3136 2667 3206; x_wconf 81' lang='grc' dir='ltr'><strong>φῶς</strong></span> <span class='ocrx_word' id='word_1_590' title='bbox 2705 3137 2811 3191; x_wconf 82' lang='grc' dir='ltr'><strong>τῶν</strong></span> <span class='ocrx_word' id='word_1_591' title='bbox 2841 3138 3140 3209; x_wconf 86' lang='grc' dir='ltr'>ἀνθρώπων</span> <span class='ocrx_word' id='word_1_592' title='bbox 3163 3135 3254 3209; x_wconf 78' lang='grc' dir='ltr'>ἦν,</span> <span class='ocrx_word' id='word_1_593' title='bbox 3287 3139 3420 3192; x_wconf 72' lang='grc' dir='ltr'>τοῦς</span> 
     </span>
    </p>
   </div>
   <div class='ocr_carea' id='block_1_74' title="bbox 2401 3226 3420 3300">
    <p class='ocr_par' dir='ltr' id='par_1_74' title="bbox 2401 3226 3420 3300">
     <span class='ocr_line' id='line_1_74' title="bbox 2401 3226 3420 3300; baseline 0.003 -23"><span class='ocrx_word' id='word_1_594' title='bbox 2401 3242 2516 3279; x_wconf 87' lang='grc' dir='ltr'><strong>πων</strong></span> <span class='ocrx_word' id='word_1_595' title='bbox 2541 3226 2680 3280; x_wconf 83' lang='grc' dir='ltr'>κατὰ</span> <span class='ocrx_word' id='word_1_596' title='bbox 2701 3227 2797 3298; x_wconf 79' lang='grc' dir='ltr'>τὴν</span> <span class='ocrx_word' id='word_1_597' title='bbox 2819 3228 2952 3298; x_wconf 81' lang='grc' dir='ltr'>πρὸς</span> <span class='ocrx_word' id='word_1_598' title='bbox 2966 3227 3286 3300; x_wconf 83' lang='grc' dir='ltr'><strong>ἀνθρώπους</strong></span> <span class='ocrx_word' id='word_1_599' title='bbox 3306 3229 3420 3298; x_wconf 76' lang='grc' dir='ltr'><strong>σχές</strong></span> 
     </span>
    </p>
   </div>
   <div class='ocr_carea' id='block_1_75' title="bbox 2399 3318 3420 3389">
    <p class='ocr_par' dir='ltr' id='par_1_75' title="bbox 2399 3318 3420 3389">
     <span class='ocr_line' id='line_1_75' title="bbox 2399 3318 3420 3389; baseline 0.002 -19"><span class='ocrx_word' id='word_1_600' title='bbox 2399 3318 2507 3381; x_wconf 78' lang='grc' dir='ltr'>δεὶς</span> <span class='ocrx_word' id='word_1_601' title='bbox 2523 3318 2565 3370; x_wconf 77' lang='grc' dir='ltr'><strong>δ’</strong></span> <span class='ocrx_word' id='word_1_602' title='bbox 2589 3320 2736 3388; x_wconf 81' lang='grc' dir='ltr'><strong>ἡμᾶς</strong></span> <span class='ocrx_word' id='word_1_603' title='bbox 2757 3319 3000 3384; x_wconf 77' lang='grc' dir='ltr'>θλιϐέτω,</span> <span class='ocrx_word' id='word_1_604' title='bbox 3029 3321 3297 3389; x_wconf 86' lang='grc' dir='ltr'>χρονικῶς</span> <span class='ocrx_word' id='word_1_605' title='bbox 3326 3320 3420 3388; x_wconf 73' lang='grc' dir='ltr'><strong>οἱόι</strong></span> 
     </span>
    </p>
   </div>
   <div class='ocr_carea' id='block_1_76' title="bbox 2399 3405 3420 3477">
    <p class='ocr_par' dir='ltr' id='par_1_76' title="bbox 2399 3405 3420 3477">
     <span class='ocr_line' id='line_1_76' title="bbox 2399 3405 3420 3477; baseline 0.002 -19"><span class='ocrx_word' id='word_1_606' title='bbox 2399 3406 2624 3473; x_wconf 84' lang='grc' dir='ltr'>γέλλειν,</span> <span class='ocrx_word' id='word_1_607' title='bbox 2655 3406 2752 3475; x_wconf 86' lang='grc' dir='ltr'>τῆς</span> <span class='ocrx_word' id='word_1_608' title='bbox 2791 3405 2996 3471; x_wconf 82' lang='grc' dir='ltr'>τάξεως</span> <span class='ocrx_word' id='word_1_609' title='bbox 3026 3407 3086 3459; x_wconf 80' lang='grc' dir='ltr'>τὸ</span> <span class='ocrx_word' id='word_1_610' title='bbox 3129 3407 3348 3477; x_wconf 84' lang='grc' dir='ltr'>πρῶτον</span> <span class='ocrx_word' id='word_1_611' title='bbox 3384 3426 3420 3461; x_wconf 85' lang='grc' dir='ltr'><strong><em>κ</em></strong></span> 
     </span>
    </p>
   </div>
   <div class='ocr_carea' id='block_1_77' title="bbox 2399 3493 3420 3566">
    <p class='ocr_par' dir='ltr' id='par_1_77' title="bbox 2399 3493 3420 3566">
     <span class='ocr_line' id='line_1_77' title="bbox 2399 3493 3420 3566; baseline 0.001 -18"><span class='ocrx_word' id='word_1_612' title='bbox 2399 3495 2466 3548; x_wconf 85' lang='grc' dir='ltr'>τὰ</span> <span class='ocrx_word' id='word_1_613' title='bbox 2495 3493 2691 3564; x_wconf 78' lang='grc' dir='ltr'>ἐφεξῆς</span> <span class='ocrx_word' id='word_1_614' title='bbox 2733 3495 3083 3564; x_wconf 81' lang='grc' dir='ltr'><strong>ἀπαιτούσης,</strong></span> <span class='ocrx_word' id='word_1_615' title='bbox 3116 3495 3222 3548; x_wconf 82' lang='grc' dir='ltr'><strong>κᾶν</strong></span> <span class='ocrx_word' id='word_1_616' title='bbox 3275 3497 3420 3566; x_wconf 70' lang='grc' dir='ltr'>χρόνσ</span> 
     </span>
    </p>
   </div>
   <div class='ocr_carea' id='block_1_78' title="bbox 2399 3584 3420 3656">
    <p class='ocr_par' dir='ltr' id='par_1_78' title="bbox 2399 3584 3420 3656">
     <span class='ocr_line' id='line_1_78' title="bbox 2399 3584 3420 3656; baseline 0 -18"><span class='ocrx_word' id='word_1_617' title='bbox 2399 3586 2485 3638; x_wconf 74' lang='grc' dir='ltr'><strong>ὅτε</strong></span> <span class='ocrx_word' id='word_1_618' title='bbox 2508 3587 2574 3639; x_wconf 83' lang='grc' dir='ltr'>τὰ</span> <span class='ocrx_word' id='word_1_619' title='bbox 2598 3584 2702 3637; x_wconf 78' lang='grc' dir='ltr'>ὑπὸ</span> <span class='ocrx_word' id='word_1_620' title='bbox 2744 3585 2836 3638; x_wconf 80' lang='grc' dir='ltr'>τοῦ</span> <span class='ocrx_word' id='word_1_621' title='bbox 2865 3584 3037 3652; x_wconf 81' lang='grc' dir='ltr'><strong>Λόγου</strong></span> <span class='ocrx_word' id='word_1_622' title='bbox 3078 3585 3420 3656; x_wconf 71' lang='grc' dir='ltr'>ὖποϐαλλὸμε</span> 
     </span>
    </p>
   </div>
   <div class='ocr_carea' id='block_1_79' title="bbox 2400 3669 3420 3747">
    <p class='ocr_par' dir='ltr' id='par_1_79' title="bbox 2400 3669 3420 3747">
     <span class='ocr_line' id='line_1_79' title="bbox 2400 3669 3420 3747; baseline 0 -17"><span class='ocrx_word' id='word_1_623' title='bbox 2400 3694 2567 3747; x_wconf 84' lang='grc' dir='ltr'>ταρτα</span> <span class='ocrx_word' id='word_1_624' title='bbox 2582 3675 2829 3744; x_wconf 79' lang='grc' dir='ltr'>οὐδαμῶς</span> <span class='ocrx_word' id='word_1_625' title='bbox 2841 3669 2927 3746; x_wconf 79' lang='grc' dir='ltr'><strong>ἦν.</strong></span> <span class='ocrx_word' id='word_1_626' title='bbox 2967 3677 3064 3728; x_wconf 85' lang='grc' dir='ltr'>Ὃν</span> <span class='ocrx_word' id='word_1_627' title='bbox 3095 3676 3298 3747; x_wconf 85' lang='grc' dir='ltr'>τρόπον</span> <span class='ocrx_word' id='word_1_628' title='bbox 3314 3679 3420 3730; x_wconf 60' lang='grc' dir='ltr'>τοικ</span> 
     </span>
    </p>
   </div>
   <div class='ocr_carea' id='block_1_80' title="bbox 2399 3765 3420 3835">
    <p class='ocr_par' dir='ltr' id='par_1_80' title="bbox 2399 3765 3420 3835">
     <span class='ocr_line' id='line_1_80' title="bbox 2399 3765 3420 3835; baseline 0.001 -17"><span class='ocrx_word' id='word_1_629' title='bbox 2399 3767 2490 3818; x_wconf 83' lang='grc' dir='ltr'><strong>τοῦ</strong></span> <span class='ocrx_word' id='word_1_630' title='bbox 2531 3765 2760 3834; x_wconf 79' lang='grc' dir='ltr'>ἐγένετο,</span> <span class='ocrx_word' id='word_1_631' title='bbox 2795 3783 2813 3816; x_wconf 74' lang='grc' dir='ltr'><strong>ι</strong></span> <span class='ocrx_word' id='word_1_632' title='bbox 2849 3765 2941 3818; x_wconf 81' lang='grc' dir='ltr'>καὶ</span> <span class='ocrx_word' id='word_1_633' title='bbox 2991 3765 3111 3835; x_wconf 69' lang='grc' dir='ltr'><strong>οὐχὶ</strong></span> <span class='ocrx_word' id='word_1_634' title='bbox 3151 3766 3338 3822; x_wconf 87' lang='grc' dir='ltr'>πάντα</span> <span class='ocrx_word' id='word_1_635' title='bbox 3373 3767 3420 3820; x_wconf 82' lang='grc' dir='ltr'>δι</span> 
     </span>
    </p>
   </div>
   <div class='ocr_carea' id='block_1_81' title="bbox 2400 3854 3419 3924">
    <p class='ocr_par' dir='ltr' id='par_1_81' title="bbox 2400 3854 3419 3924">
     <span class='ocr_line' id='line_1_81' title="bbox 2400 3854 3419 3924; baseline 0.002 -17"><span class='ocrx_word' id='word_1_636' title='bbox 2400 3854 2566 3924; x_wconf 75' lang='grc' dir='ltr'>χωρὶς</span> <span class='ocrx_word' id='word_1_637' title='bbox 2606 3854 2768 3908; x_wconf 77' lang='grc' dir='ltr'>αὐτοῦ</span> <span class='ocrx_word' id='word_1_638' title='bbox 2808 3855 3021 3922; x_wconf 75' lang='grc' dir='ltr'>ἐγένετο</span> <span class='ocrx_word' id='word_1_639' title='bbox 3045 3855 3166 3908; x_wconf 77' lang='grc' dir='ltr'>οὐδὲ</span> <span class='ocrx_word' id='word_1_640' title='bbox 3205 3855 3290 3920; x_wconf 79' lang='grc' dir='ltr'>ἓν,</span> <span class='ocrx_word' id='word_1_641' title='bbox 3325 3875 3346 3906; x_wconf 78' lang='grc' dir='ltr'><strong>ι</strong></span> <span class='ocrx_word' id='word_1_642' title='bbox 3382 3873 3419 3909; x_wconf 87' lang='grc' dir='ltr'><strong>ο</strong></span> 
     </span>
    </p>
   </div>
   <div class='ocr_carea' id='block_1_82' title="bbox 2397 3937 3420 4012">
    <p class='ocr_par' dir='ltr' id='par_1_82' title="bbox 2397 3937 3420 4012">
     <span class='ocr_line' id='line_1_82' title="bbox 2397 3937 3420 4012; baseline 0.003 -19"><span class='ocrx_word' id='word_1_643' title='bbox 2397 3937 2466 4012; x_wconf 78' lang='grc' dir='ltr'>ἦν</span> <span class='ocrx_word' id='word_1_644' title='bbox 2495 3940 2603 4010; x_wconf 81' lang='grc'><strong>(65)</strong></span> <span class='ocrx_word' id='word_1_645' title='bbox 2639 3941 2758 3995; x_wconf 76' lang='grc' dir='ltr'><strong>οὐδὲ</strong></span> <span class='ocrx_word' id='word_1_646' title='bbox 2789 3943 2867 3995; x_wconf 69' lang='grc' dir='ltr'><strong>ἕν’</strong></span> <span class='ocrx_word' id='word_1_647' title='bbox 2893 3942 3064 4007; x_wconf 75' lang='grc' dir='ltr'>οὕτως</span> <span class='ocrx_word' id='word_1_648' title='bbox 3091 3962 3108 3994; x_wconf 82' lang='lat' dir='ltr'><strong>t</strong></span> <span class='ocrx_word' id='word_1_649' title='bbox 3143 3943 3172 3996; x_wconf 79' lang='grc' dir='ltr'><strong>ὃ</strong></span> <span class='ocrx_word' id='word_1_650' title='bbox 3202 3944 3420 4012; x_wconf 63' lang='grc' dir='ltr'>γέγονεν</span> 
     </span>
    </p>
   </div>
   <div class='ocr_carea' id='block_1_83' title="bbox 2397 4025 3416 4101">
    <p class='ocr_par' dir='ltr' id='par_1_83' title="bbox 2397 4025 3416 4101">
     <span class='ocr_line' id='line_1_83' title="bbox 2397 4025 3416 4101; baseline 0 -19"><span class='ocrx_word' id='word_1_651' title='bbox 2397 4025 2466 4100; x_wconf 75' lang='grc' dir='ltr'>ἦν</span> <span class='ocrx_word' id='word_1_652' title='bbox 2489 4031 2545 4085; x_wconf 77' lang='grc' dir='ltr'>ὲν</span> <span class='ocrx_word' id='word_1_653' title='bbox 2568 4029 2733 4100; x_wconf 80' lang='grc' dir='ltr'>αὐτῷ,</span> <span class='ocrx_word' id='word_1_654' title='bbox 2761 4050 2780 4081; x_wconf 84' lang='grc'><strong>«</strong></span> <span class='ocrx_word' id='word_1_655' title='bbox 2816 4030 2928 4100; x_wconf 80' lang='grc' dir='ltr'><strong>ζωὴ</strong></span> <span class='ocrx_word' id='word_1_656' title='bbox 2967 4025 3056 4101; x_wconf 79' lang='grc' dir='ltr'><strong>ἦν.</strong></span> <span class='ocrx_word' id='word_1_657' title='bbox 3087 4050 3105 4082; x_wconf 71' lang='grc' dir='ltr'><strong>ι</strong></span> <span class='ocrx_word' id='word_1_658' title='bbox 3139 4030 3253 4082; x_wconf 73' lang='grc' dir='ltr'>Καὶ</span> <span class='ocrx_word' id='word_1_659' title='bbox 3277 4031 3416 4084; x_wconf 75' lang='grc' dir='ltr'>πάλι</span> 
     </span>
    </p>
   </div>
   <div class='ocr_carea' id='block_1_84' title="bbox 2401 4115 3420 4190">
    <p class='ocr_par' dir='ltr' id='par_1_84' title="bbox 2401 4115 3420 4190">
     <span class='ocr_line' id='line_1_84' title="bbox 2401 4115 3420 4190; baseline 0.001 -19"><span class='ocrx_word' id='word_1_660' title='bbox 2401 4120 2560 4190; x_wconf 77' lang='grc' dir='ltr'>ἀρχῇ,</span> <span class='ocrx_word' id='word_1_661' title='bbox 2586 4121 2615 4172; x_wconf 90' lang='lat'><strong>6</strong></span> <span class='ocrx_word' id='word_1_662' title='bbox 2648 4119 2814 4187; x_wconf 89' lang='grc' dir='ltr'><strong>Λόγος</strong></span> <span class='ocrx_word' id='word_1_663' title='bbox 2839 4115 2928 4190; x_wconf 78' lang='grc' dir='ltr'>ἦν,</span> <span class='ocrx_word' id='word_1_664' title='bbox 2953 4119 3087 4173; x_wconf 80' lang='grc' dir='ltr'><strong>ἀλλὰ</strong></span> <span class='ocrx_word' id='word_1_665' title='bbox 3112 4119 3140 4172; x_wconf 81' lang='grc' dir='ltr'>ὃ</span> <span class='ocrx_word' id='word_1_666' title='bbox 3163 4115 3234 4189; x_wconf 80' lang='grc' dir='ltr'>ἦν</span> <span class='ocrx_word' id='word_1_667' title='bbox 3265 4121 3326 4171; x_wconf 82' lang='grc' dir='ltr'>ὲν</span> <span class='ocrx_word' id='word_1_668' title='bbox 3350 4120 3420 4190; x_wconf 87' lang='grc' dir='ltr'>ἀρ</span> 
     </span>
    </p>
   </div>
   <div class='ocr_carea' id='block_1_85' title="bbox 767 4203 2286 4279">
    <p class='ocr_par' dir='ltr' id='par_1_85' title="bbox 767 4203 2286 4274">
     <span class='ocr_line' id='line_1_85' title="bbox 767 4203 2286 4274; baseline -0.004 -14"><span class='ocrx_word' id='word_1_669' title='bbox 767 4215 850 4260; x_wconf 87' lang='lat' dir='ltr'><strong>est</strong></span> <span class='ocrx_word' id='word_1_670' title='bbox 874 4207 924 4259; x_wconf 90' lang='lat' dir='ltr'><strong>iu</strong></span> <span class='ocrx_word' id='word_1_671' title='bbox 961 4207 1094 4274; x_wconf 87' lang='lat' dir='ltr'><strong>ipso,</strong></span> <span class='ocrx_word' id='word_1_672' title='bbox 1122 4225 1140 4256; x_wconf 70' lang='grc' dir='ltr'><strong><em>υ</em></strong></span> <span class='ocrx_word' id='word_1_673' title='bbox 1174 4221 1277 4258; x_wconf 88' lang='lat' dir='ltr'><strong>non</strong></span> <span class='ocrx_word' id='word_1_674' title='bbox 1321 4207 1464 4273; x_wconf 90' lang='lat' dir='ltr'><strong>quod</strong></span> <span class='ocrx_word' id='word_1_675' title='bbox 1495 4214 1612 4260; x_wconf 89' lang='lat' dir='ltr'><strong>erat</strong></span> <span class='ocrx_word' id='word_1_676' title='bbox 1661 4209 1713 4258; x_wconf 91' lang='lat' dir='ltr'><strong>in</strong></span> <span class='ocrx_word' id='word_1_677' title='bbox 1766 4205 1901 4273; x_wconf 92' lang='lat' dir='ltr'><strong>ipso,</strong></span> <span class='ocrx_word' id='word_1_678' title='bbox 1931 4221 1950 4254; x_wconf 84' lang='lat' dir='ltr'><strong>t</strong></span> <span class='ocrx_word' id='word_1_679' title='bbox 1970 4203 2078 4257; x_wconf 88' lang='lat' dir='ltr'><strong>vita</strong></span> <span class='ocrx_word' id='word_1_680' title='bbox 2108 4213 2242 4257; x_wconf 89' lang='lat' dir='ltr'><strong>erat.</strong></span> <span class='ocrx_word' id='word_1_681' title='bbox 2274 4221 2286 4254; x_wconf 85' lang='grc' dir='ltr'><strong>ι</strong></span> 
     </span>
    </p>
   </div>
   <div class='ocr_carea' id='block_1_86' title="bbox 1900 4203 3419 4279">
    <p class='ocr_par' dir='ltr' id='par_1_86' title="bbox 1900 4203 3419 4279">
     <span class='ocr_line' id='line_1_86' title="bbox 1900 4203 3419 4279; baseline -0.003 -15"><span class='ocrx_word' id='word_1_682' title='bbox 1900 4247 1901 4256; x_wconf 59' lang='grc' dir='ltr'><strong>η</strong></span> <span class='ocrx_word' id='word_1_683' title='bbox 1931 4221 1950 4254; x_wconf 70' lang='grc' dir='ltr'><strong>ε</strong></span> <span class='ocrx_word' id='word_1_684' title='bbox 1970 4203 2078 4257; x_wconf 72' lang='lat' dir='ltr'><strong>Vila</strong></span> <span class='ocrx_word' id='word_1_685' title='bbox 2108 4213 2242 4257; x_wconf 65' lang='grc' dir='ltr'><strong>θηε-</strong></span> <span class='ocrx_word' id='word_1_686' title='bbox 2274 4221 2292 4254; x_wconf 74' lang='grc' dir='ltr'><strong>ι</strong></span> <span class='ocrx_word' id='word_1_687' title='bbox 2330 4211 2374 4266; x_wconf 90' lang='lat' dir='ltr'><strong>D</strong></span> <span class='ocrx_word' id='word_1_688' title='bbox 2405 4209 2646 4279; x_wconf 83' lang='grc' dir='ltr'><strong>μέντοιγε</strong></span> <span class='ocrx_word' id='word_1_689' title='bbox 2677 4208 2785 4262; x_wconf 84' lang='grc' dir='ltr'><strong>τῶν</strong></span> <span class='ocrx_word' id='word_1_690' title='bbox 2811 4209 3154 4278; x_wconf 79' lang='grc' dir='ltr'>ἀντιγράφων</span> <span class='ocrx_word' id='word_1_691' title='bbox 3183 4209 3328 4278; x_wconf 78' lang='grc' dir='ltr'>ἔχει,</span> <span class='ocrx_word' id='word_1_692' title='bbox 3367 4228 3419 4261; x_wconf 74' lang='grc' dir='ltr'><strong>κς</strong></span> 
     </span>
    </p>
   </div>
   <div class='ocr_carea' id='block_1_87' title="bbox 769 4293 2296 4364">
    <p class='ocr_par' dir='ltr' id='par_1_87' title="bbox 769 4293 2296 4364">
     <span class='ocr_line' id='line_1_87' title="bbox 769 4293 2296 4364; baseline -0.001 -15"><span class='ocrx_word' id='word_1_693' title='bbox 769 4295 834 4349; x_wconf 80' lang='lat' dir='ltr'><strong>Et</strong></span> <span class='ocrx_word' id='word_1_694' title='bbox 869 4310 1053 4350; x_wconf 88' lang='lat' dir='ltr'><strong>rursus</strong></span> <span class='ocrx_word' id='word_1_695' title='bbox 1082 4310 1188 4348; x_wconf 92' lang='lat' dir='ltr'><strong>non</strong></span> <span class='ocrx_word' id='word_1_696' title='bbox 1220 4297 1358 4362; x_wconf 86' lang='lat' dir='ltr'><strong>quod</strong></span> <span class='ocrx_word' id='word_1_697' title='bbox 1387 4297 1586 4350; x_wconf 74' lang='lat' dir='ltr'><strong>factum</strong></span> <span class='ocrx_word' id='word_1_698' title='bbox 1613 4303 1695 4348; x_wconf 89' lang='lat' dir='ltr'><strong>est</strong></span> <span class='ocrx_word' id='word_1_699' title='bbox 1718 4295 1769 4348; x_wconf 92' lang='lat' dir='ltr'><strong>in</strong></span> <span class='ocrx_word' id='word_1_700' title='bbox 1799 4294 2081 4364; x_wconf 89' lang='lat' dir='ltr'><strong>principio,</strong></span> <span class='ocrx_word' id='word_1_701' title='bbox 2106 4293 2296 4349; x_wconf 88' lang='lat' dir='ltr'><strong>Sermo</strong></span> 
     </span>
    </p>
   </div>
   <div class='ocr_carea' id='block_1_88' title="bbox 769 4382 2304 4452">
    <p class='ocr_par' dir='ltr' id='par_1_88' title="bbox 769 4382 2304 4452">
     <span class='ocr_line' id='line_1_88' title="bbox 769 4382 2304 4452; baseline -0.001 -14"><span class='ocrx_word' id='word_1_702' title='bbox 769 4391 906 4448; x_wconf 84' lang='lat' dir='ltr'><strong>erat,</strong></span> <span class='ocrx_word' id='word_1_703' title='bbox 929 4383 1021 4438; x_wconf 87' lang='lat' dir='ltr'><strong>sed</strong></span> <span class='ocrx_word' id='word_1_704' title='bbox 1051 4383 1192 4452; x_wconf 93' lang='lat' dir='ltr'><strong>quod</strong></span> <span class='ocrx_word' id='word_1_705' title='bbox 1217 4393 1334 4438; x_wconf 85' lang='lat' dir='ltr'><strong>erat</strong></span> <span class='ocrx_word' id='word_1_706' title='bbox 1361 4384 1412 4438; x_wconf 90' lang='lat' dir='ltr'><strong>in</strong></span> <span class='ocrx_word' id='word_1_707' title='bbox 1443 4383 1725 4452; x_wconf 87' lang='lat' dir='ltr'><strong>principio,</strong></span> <span class='ocrx_word' id='word_1_708' title='bbox 1764 4384 1953 4439; x_wconf 84' lang='lat' dir='ltr'><strong>Sermo</strong></span> <span class='ocrx_word' id='word_1_709' title='bbox 1979 4390 2117 4436; x_wconf 86' lang='lat' dir='ltr'><strong>erat.</strong></span> <span class='ocrx_word' id='word_1_710' title='bbox 2149 4382 2304 4449; x_wconf 72' lang='lat' dir='ltr'><strong>Quat-</strong></span> 
     </span>
    </p>
   </div>
   <div class='ocr_carea' id='block_1_89' title="bbox 769 4473 2306 4542">
    <p class='ocr_par' dir='ltr' id='par_1_89' title="bbox 769 4473 2306 4542">
     <span class='ocr_line' id='line_1_89' title="bbox 769 4473 2306 4542; baseline 0.001 -17"><span class='ocrx_word' id='word_1_711' title='bbox 769 4474 890 4525; x_wconf 84' lang='lat' dir='ltr'><strong>dam</strong></span> <span class='ocrx_word' id='word_1_712' title='bbox 925 4481 1099 4527; x_wconf 89' lang='lat' dir='ltr'><strong>tamen</strong></span> <span class='ocrx_word' id='word_1_713' title='bbox 1125 4473 1474 4542; x_wconf 82' lang='lat' dir='ltr'><strong>exemplaria,</strong></span> <span class='ocrx_word' id='word_1_714' title='bbox 1505 4482 1560 4528; x_wconf 92' lang='lat' dir='ltr'><strong>et</strong></span> <span class='ocrx_word' id='word_1_715' title='bbox 1585 4473 1839 4540; x_wconf 45' lang='lat' dir='ltr'><strong>fortassis,</strong></span> <span class='ocrx_word' id='word_1_716' title='bbox 1852 4489 1953 4527; x_wconf 86' lang='lat' dir='ltr'><strong>non</strong></span> <span class='ocrx_word' id='word_1_717' title='bbox 1981 4473 2306 4538; x_wconf 84' lang='lat' dir='ltr'><strong>improbabi-</strong></span> 
     </span>
    </p>
   </div>
   <div class='ocr_carea' id='block_1_90' title="bbox 770 4559 2299 4632">
    <p class='ocr_par' dir='ltr' id='par_1_90' title="bbox 770 4559 2299 4632">
     <span class='ocr_line' id='line_1_90' title="bbox 770 4559 2299 4632; baseline 0 -20"><span class='ocrx_word' id='word_1_718' title='bbox 770 4559 910 4626; x_wconf 84' lang='lat' dir='ltr'><strong>liter,</strong></span> <span class='ocrx_word' id='word_1_719' title='bbox 936 4560 1131 4616; x_wconf 90' lang='lat' dir='ltr'><strong>habent</strong></span> <span class='ocrx_word' id='word_1_720' title='bbox 1157 4577 1172 4613; x_wconf 90' lang='lat'><strong>:</strong></span> <span class='ocrx_word' id='word_1_721' title='bbox 1211 4579 1228 4613; x_wconf 75' lang='grc' dir='ltr'><strong>ι</strong></span> <span class='ocrx_word' id='word_1_722' title='bbox 1257 4561 1410 4628; x_wconf 85' lang='lat' dir='ltr'><strong>Quod</strong></span> <span class='ocrx_word' id='word_1_723' title='bbox 1442 4563 1638 4618; x_wconf 77' lang='lat' dir='ltr'><strong>factum</strong></span> <span class='ocrx_word' id='word_1_724' title='bbox 1669 4571 1771 4628; x_wconf 91' lang='lat' dir='ltr'><strong>est,</strong></span> <span class='ocrx_word' id='word_1_725' title='bbox 1801 4562 1853 4615; x_wconf 91' lang='lat' dir='ltr'><strong>in</strong></span> <span class='ocrx_word' id='word_1_726' title='bbox 1884 4563 2002 4632; x_wconf 91' lang='lat' dir='ltr'><strong>ipso</strong></span> <span class='ocrx_word' id='word_1_727' title='bbox 2034 4563 2141 4616; x_wconf 90' lang='lat' dir='ltr'><strong>vita</strong></span> <span class='ocrx_word' id='word_1_728' title='bbox 2167 4568 2299 4615; x_wconf 68' lang='lat' dir='ltr'><strong>est.)</strong></span> 
     </span>
    </p>
   </div>
   <div class='ocr_carea' id='block_1_91' title="bbox 770 4647 2305 4718">
    <p class='ocr_par' dir='ltr' id='par_1_91' title="bbox 770 4647 2305 4718">
     <span class='ocr_line' id='line_1_91' title="bbox 770 4647 2305 4718; baseline 0.002 -17"><span class='ocrx_word' id='word_1_729' title='bbox 770 4647 922 4712; x_wconf 82' lang='lat' dir='ltr'><strong>Quod</strong></span> <span class='ocrx_word' id='word_1_730' title='bbox 947 4649 994 4703; x_wconf 90' lang='lat' dir='ltr'><strong>si</strong></span> <span class='ocrx_word' id='word_1_731' title='bbox 1026 4651 1134 4704; x_wconf 90' lang='lat' dir='ltr'><strong>vita</strong></span> <span class='ocrx_word' id='word_1_732' title='bbox 1173 4650 1315 4704; x_wconf 87' lang='lat' dir='ltr'><strong>idem</strong></span> <span class='ocrx_word' id='word_1_733' title='bbox 1355 4661 1442 4705; x_wconf 88' lang='lat' dir='ltr'><strong>est</strong></span> <span class='ocrx_word' id='word_1_734' title='bbox 1487 4665 1607 4706; x_wconf 86' lang='lat' dir='ltr'><strong>cum</strong></span> <span class='ocrx_word' id='word_1_735' title='bbox 1635 4650 1754 4706; x_wconf 89' lang='lat' dir='ltr'><strong>luce</strong></span> <span class='ocrx_word' id='word_1_736' title='bbox 1797 4651 2096 4718; x_wconf 88' lang='lat' dir='ltr'><strong>hominum,</strong></span> <span class='ocrx_word' id='word_1_737' title='bbox 2127 4650 2305 4704; x_wconf 89' lang='lat' dir='ltr'><strong>nullus</strong></span> 
     </span>
    </p>
   </div>
   <div class='ocr_carea' id='block_1_92' title="bbox 770 4737 2301 4804">
    <p class='ocr_par' dir='ltr' id='par_1_92' title="bbox 770 4737 2301 4804">
     <span class='ocr_line' id='line_1_92' title="bbox 770 4737 2301 4804; baseline 0.001 -13"><span class='ocrx_word' id='word_1_738' title='bbox 770 4737 864 4804; x_wconf 87' lang='lat' dir='ltr'><strong>qui</strong></span> <span class='ocrx_word' id='word_1_739' title='bbox 896 4738 967 4792; x_wconf 86' lang='lat' dir='ltr'><strong>sit</strong></span> <span class='ocrx_word' id='word_1_740' title='bbox 997 4738 1048 4793; x_wconf 91' lang='lat' dir='ltr'><strong>iu</strong></span> <span class='ocrx_word' id='word_1_741' title='bbox 1081 4740 1318 4794; x_wconf 90' lang='lat' dir='ltr'><strong>tenebris</strong></span> <span class='ocrx_word' id='word_1_742' title='bbox 1345 4740 1496 4804; x_wconf 66' lang='lat' dir='ltr'><strong>Vivit,</strong></span> <span class='ocrx_word' id='word_1_743' title='bbox 1529 4755 1628 4796; x_wconf 89' lang='lat' dir='ltr'><strong>nec</strong></span> <span class='ocrx_word' id='word_1_744' title='bbox 1652 4740 1794 4793; x_wconf 79' lang='lat' dir='ltr'><strong>ullus</strong></span> <span class='ocrx_word' id='word_1_745' title='bbox 1813 4739 2104 4795; x_wconf 85' lang='lat' dir='ltr'><strong>viventium</strong></span> <span class='ocrx_word' id='word_1_746' title='bbox 2138 4747 2220 4794; x_wconf 89' lang='lat' dir='ltr'><strong>est</strong></span> <span class='ocrx_word' id='word_1_747' title='bbox 2245 4739 2301 4792; x_wconf 85' lang='lat' dir='ltr'><strong>in</strong></span> 
     </span>
    </p>
   </div>
   <div class='ocr_carea' id='block_1_93' title="bbox 771 4826 2301 4900">
    <p class='ocr_par' dir='ltr' id='par_1_93' title="bbox 771 4826 2301 4900">
     <span class='ocr_line' id='line_1_93' title="bbox 771 4826 2301 4900; baseline 0.007 -22"><span class='ocrx_word' id='word_1_748' title='bbox 771 4826 1028 4894; x_wconf 91' lang='lat' dir='ltr'><strong>tenebris,</strong></span> <span class='ocrx_word' id='word_1_749' title='bbox 1068 4843 1188 4882; x_wconf 89' lang='lat' dir='ltr'><strong>cum</strong></span> <span class='ocrx_word' id='word_1_750' title='bbox 1215 4829 1391 4884; x_wconf 91' lang='lat' dir='ltr'><strong>omnis</strong></span> <span class='ocrx_word' id='word_1_751' title='bbox 1431 4829 1526 4898; x_wconf 90' lang='lat' dir='ltr'><strong>qui</strong></span> <span class='ocrx_word' id='word_1_752' title='bbox 1547 4829 1693 4892; x_wconf 87' lang='lat' dir='ltr'><strong>vivit,</strong></span> <span class='ocrx_word' id='word_1_753' title='bbox 1729 4830 1774 4883; x_wconf 87' lang='lat' dir='ltr'><strong>is</strong></span> <span class='ocrx_word' id='word_1_754' title='bbox 1803 4831 1962 4883; x_wconf 91' lang='lat' dir='ltr'><strong>ctiam</strong></span> <span class='ocrx_word' id='word_1_755' title='bbox 1993 4830 2063 4884; x_wconf 91' lang='lat' dir='ltr'><strong>sit</strong></span> <span class='ocrx_word' id='word_1_756' title='bbox 2085 4831 2138 4884; x_wconf 93' lang='lat' dir='ltr'><strong>in</strong></span> <span class='ocrx_word' id='word_1_757' title='bbox 2162 4832 2301 4900; x_wconf 91' lang='lat' dir='ltr'><strong>luce,</strong></span> 
     </span>
    </p>
   </div>
   <div class='ocr_carea' id='block_1_94' title="bbox 2402 4297 3384 4368">
    <p class='ocr_par' dir='ltr' id='par_1_94' title="bbox 2402 4297 3384 4368">
     <span class='ocr_line' id='line_1_94' title="bbox 2402 4297 3384 4368; baseline -0.002 -17"><span class='ocrx_word' id='word_1_758' title='bbox 2402 4315 2525 4361; x_wconf 81' lang='grc' dir='ltr'>νως’</span> <span class='ocrx_word' id='word_1_759' title='bbox 2557 4317 2576 4349; x_wconf 82' lang='grc' dir='ltr'><strong>ι</strong></span> <span class='ocrx_word' id='word_1_760' title='bbox 2621 4300 2684 4350; x_wconf 90' lang='grc' dir='ltr'><strong>Ὃ</strong></span> <span class='ocrx_word' id='word_1_761' title='bbox 2718 4297 2958 4366; x_wconf 82' lang='grc' dir='ltr'>γέγονεν,</span> <span class='ocrx_word' id='word_1_762' title='bbox 2999 4299 3056 4350; x_wconf 79' lang='grc' dir='ltr'>ὲν</span> <span class='ocrx_word' id='word_1_763' title='bbox 3081 4298 3234 4367; x_wconf 79' lang='grc' dir='ltr'>αὐτῷ</span> <span class='ocrx_word' id='word_1_764' title='bbox 3265 4299 3384 4368; x_wconf 78' lang='grc' dir='ltr'><strong>ζωή</strong></span> 
     </span>
    </p>
   </div>
   <div class='ocr_carea' id='block_1_95' title="bbox 2404 4387 3420 4458">
    <p class='ocr_par' dir='ltr' id='par_1_95' title="bbox 2404 4387 3420 4458">
     <span class='ocr_line' id='line_1_95' title="bbox 2404 4387 3420 4458; baseline 0 -17"><span class='ocrx_word' id='word_1_765' title='bbox 2404 4389 2594 4441; x_wconf 81' lang='grc' dir='ltr'>ταύτόν</span> <span class='ocrx_word' id='word_1_766' title='bbox 2625 4389 2738 4439; x_wconf 77' lang='grc' dir='ltr'>ἐστι</span> <span class='ocrx_word' id='word_1_767' title='bbox 2762 4387 2838 4456; x_wconf 83' lang='grc' dir='ltr'><strong>τῷ</strong></span> <span class='ocrx_word' id='word_1_768' title='bbox 2865 4387 2971 4440; x_wconf 82' lang='grc' dir='ltr'><strong>τῶν</strong></span> <span class='ocrx_word' id='word_1_769' title='bbox 2995 4387 3304 4458; x_wconf 78' lang='grc' dir='ltr'>ἀνθρώπων</span> <span class='ocrx_word' id='word_1_770' title='bbox 3330 4406 3420 4456; x_wconf 87' lang='grc' dir='ltr'>φω</span> 
     </span>
    </p>
   </div>
   <div class='ocr_carea' id='block_1_96' title="bbox 2403 4475 3420 4546">
    <p class='ocr_par' dir='ltr' id='par_1_96' title="bbox 2403 4475 3420 4546">
     <span class='ocr_line' id='line_1_96' title="bbox 2403 4475 3420 4546; baseline -0.006 -16"><span class='ocrx_word' id='word_1_771' title='bbox 2403 4477 2679 4546; x_wconf 80' lang='grc' dir='ltr'><strong>τυγχάνων</strong></span> <span class='ocrx_word' id='word_1_772' title='bbox 2705 4476 2790 4546; x_wconf 79' lang='grc' dir='ltr'><strong>ζῇ,</strong></span> <span class='ocrx_word' id='word_1_773' title='bbox 2811 4477 2902 4528; x_wconf 73' lang='grc' dir='ltr'><strong>καὶ</strong></span> <span class='ocrx_word' id='word_1_774' title='bbox 2931 4475 3102 4538; x_wconf 78' lang='grc' dir='ltr'>οὐδεὶς</span> <span class='ocrx_word' id='word_1_775' title='bbox 3119 4475 3232 4528; x_wconf 84' lang='grc' dir='ltr'>τῶν</span> <span class='ocrx_word' id='word_1_776' title='bbox 3259 4475 3420 4540; x_wconf 74' lang='grc' dir='ltr'>ζώντι</span> 
     </span>
    </p>
   </div>
   <div class='ocr_carea' id='block_1_97' title="bbox 2418 4565 3420 4632">
    <p class='ocr_par' dir='ltr' id='par_1_97' title="bbox 2418 4565 3420 4632">
     <span class='ocr_line' id='line_1_97' title="bbox 2418 4565 3420 4632; baseline 0 -14"><span class='ocrx_word' id='word_1_777' title='bbox 2418 4566 2576 4619; x_wconf 81' lang='grc' dir='ltr'><strong>Ἀλλὰ</strong></span> <span class='ocrx_word' id='word_1_778' title='bbox 2607 4568 2712 4628; x_wconf 79' lang='grc' dir='ltr'><strong>πᾶς</strong></span> <span class='ocrx_word' id='word_1_779' title='bbox 2745 4569 2772 4619; x_wconf 88' lang='lat'><strong>6</strong></span> <span class='ocrx_word' id='word_1_780' title='bbox 2795 4565 2900 4628; x_wconf 78' lang='grc' dir='ltr'>ζῶν</span> <span class='ocrx_word' id='word_1_781' title='bbox 2925 4565 3016 4618; x_wconf 77' lang='grc' dir='ltr'><strong>καὶ</strong></span> <span class='ocrx_word' id='word_1_782' title='bbox 3044 4566 3100 4618; x_wconf 82' lang='grc' dir='ltr'>ὲν</span> <span class='ocrx_word' id='word_1_783' title='bbox 3127 4566 3274 4632; x_wconf 76' lang='grc' dir='ltr'>φωτὶ</span> <span class='ocrx_word' id='word_1_784' title='bbox 3308 4567 3420 4618; x_wconf 83' lang='grc' dir='ltr'><strong>ὑπό</strong></span> 
     </span>
    </p>
   </div>
   <div class='ocr_carea' id='block_1_98' title="bbox 2405 4653 3420 4724">
    <p class='ocr_par' dir='ltr' id='par_1_98' title="bbox 2405 4653 3420 4724">
     <span class='ocr_line' id='line_1_98' title="bbox 2405 4653 3420 4724; baseline 0 -17"><span class='ocrx_word' id='word_1_785' title='bbox 2405 4656 2541 4723; x_wconf 79' lang='grc' dir='ltr'>φωτὶ</span> <span class='ocrx_word' id='word_1_786' title='bbox 2573 4655 2826 4724; x_wconf 76' lang='grc' dir='ltr'>ὑπάρχων</span> <span class='ocrx_word' id='word_1_787' title='bbox 2855 4654 2940 4724; x_wconf 69' lang='grc' dir='ltr'><strong>ζῇν</strong></span> <span class='ocrx_word' id='word_1_788' title='bbox 2974 4653 3112 4706; x_wconf 83' lang='grc' dir='ltr'>ὥστε</span> <span class='ocrx_word' id='word_1_789' title='bbox 3144 4655 3316 4724; x_wconf 85' lang='grc' dir='ltr'><strong>μόνον</strong></span> <span class='ocrx_word' id='word_1_790' title='bbox 3356 4655 3420 4707; x_wconf 82' lang='grc' dir='ltr'><strong>τὸ</strong></span> 
     </span>
    </p>
   </div>
   <div class='ocr_carea' id='block_1_99' title="bbox 2407 4737 3386 4810">
    <p class='ocr_par' dir='ltr' id='par_1_99' title="bbox 2407 4737 3386 4810">
     <span class='ocr_line' id='line_1_99' title="bbox 2407 4737 3386 4810; baseline 0.001 -16"><span class='ocrx_word' id='word_1_791' title='bbox 2407 4737 2544 4796; x_wconf 71' lang='grc' dir='ltr'>εἶναι</span> <span class='ocrx_word' id='word_1_792' title='bbox 2577 4741 2750 4810; x_wconf 80' lang='grc' dir='ltr'>φωτὸς</span> <span class='ocrx_word' id='word_1_793' title='bbox 2781 4741 2909 4794; x_wconf 75' lang='grc' dir='ltr'>υἱόν·</span> <span class='ocrx_word' id='word_1_794' title='bbox 2935 4740 3110 4810; x_wconf 78' lang='grc' dir='ltr'>φωτὸς</span> <span class='ocrx_word' id='word_1_795' title='bbox 3143 4741 3204 4794; x_wconf 75' lang='grc' dir='ltr'><strong>δὲ</strong></span> <span class='ocrx_word' id='word_1_796' title='bbox 3238 4743 3386 4806; x_wconf 80' lang='grc' dir='ltr'>υἱὸς,</span> 
     </span>
    </p>
   </div>
   <div class='ocr_carea' id='block_1_100' title="bbox 2407 4827 3182 4902">
    <p class='ocr_par' dir='ltr' id='par_1_100' title="bbox 2407 4827 3182 4902">
     <span class='ocr_line' id='line_1_100' title="bbox 2407 4827 3182 4902; baseline -0.003 -18"><span class='ocrx_word' id='word_1_797' title='bbox 2407 4830 2706 4902; x_wconf 70' lang='grc' dir='ltr'>ἔμπροσθεν</span> <span class='ocrx_word' id='word_1_798' title='bbox 2733 4829 2839 4883; x_wconf 85' lang='grc' dir='ltr'>τῶν</span> <span class='ocrx_word' id='word_1_799' title='bbox 2864 4827 3182 4900; x_wconf 80' lang='grc' dir='ltr'>ἀνθρώπων.</span> 
     </span>
    </p>
   </div>
   <div class='ocr_carea' id='block_1_101' title="bbox 773 4918 3414 4992">
    <p class='ocr_par' dir='ltr' id='par_1_101' title="bbox 773 4918 3414 4992">
     <span class='ocr_line' id='line_1_101' title="bbox 773 4918 3414 4992; baseline 0.002 -21"><span class='ocrx_word' id='word_1_800' title='bbox 773 4927 826 4971; x_wconf 87' lang='grc' dir='ltr'><strong>ει</strong></span> <span class='ocrx_word' id='word_1_801' title='bbox 853 4919 1029 4973; x_wconf 85' lang='lat' dir='ltr'><strong>omnis</strong></span> <span class='ocrx_word' id='word_1_802' title='bbox 1051 4920 1138 4987; x_wconf 92' lang='lat' dir='ltr'><strong>qui</strong></span> <span class='ocrx_word' id='word_1_803' title='bbox 1169 4919 1240 4973; x_wconf 89' lang='lat' dir='ltr'><strong>sit</strong></span> <span class='ocrx_word' id='word_1_804' title='bbox 1271 4920 1323 4974; x_wconf 93' lang='lat' dir='ltr'><strong>in</strong></span> <span class='ocrx_word' id='word_1_805' title='bbox 1374 4918 1511 4986; x_wconf 91' lang='lat' dir='ltr'><strong>luce,</strong></span> <span class='ocrx_word' id='word_1_806' title='bbox 1563 4920 1612 4974; x_wconf 90' lang='lat' dir='ltr'><strong>is</strong></span> <span class='ocrx_word' id='word_1_807' title='bbox 1646 4921 1806 4974; x_wconf 86' lang='lat' dir='ltr'><strong>etiam</strong></span> <span class='ocrx_word' id='word_1_808' title='bbox 1859 4921 2024 4985; x_wconf 88' lang='lat' dir='ltr'><strong>vivat,</strong></span> <span class='ocrx_word' id='word_1_809' title='bbox 2063 4922 2169 4992; x_wconf 79' lang='lat'><strong>73</strong></span> <span class='ocrx_word' id='word_1_810' title='bbox 2205 4927 2337 4980; x_wconf 90' lang='lat' dir='ltr'><strong>adeo</strong></span> <span class='ocrx_word' id='word_1_811' title='bbox 2363 4933 2422 4980; x_wconf 92' lang='lat' dir='ltr'><strong>ut</strong></span> <span class='ocrx_word' id='word_1_812' title='bbox 2451 4923 2617 4990; x_wconf 85' lang='lat' dir='ltr'><strong>solus,</strong></span> <span class='ocrx_word' id='word_1_813' title='bbox 2645 4931 2700 4977; x_wconf 89' lang='lat' dir='ltr'><strong>ct</strong></span> <span class='ocrx_word' id='word_1_814' title='bbox 2729 4923 2903 4978; x_wconf 88' lang='lat' dir='ltr'><strong>omnis</strong></span> <span class='ocrx_word' id='word_1_815' title='bbox 2931 4921 3116 4977; x_wconf 85' lang='lat' dir='ltr'><strong>vivens</strong></span> <span class='ocrx_word' id='word_1_816' title='bbox 3145 4920 3220 4976; x_wconf 89' lang='lat' dir='ltr'><strong>sit</strong></span> <span class='ocrx_word' id='word_1_817' title='bbox 3263 4920 3414 4977; x_wconf 81' lang='lat' dir='ltr'><strong>lucis</strong></span> 
     </span>
    </p>
   </div>
   <div class='ocr_carea' id='block_1_102' title="bbox 773 5007 2148 5079">
    <p class='ocr_par' dir='ltr' id='par_1_102' title="bbox 773 5007 2148 5079">
     <span class='ocr_line' id='line_1_102' title="bbox 773 5007 2148 5079; baseline 0.002 -19"><span class='ocrx_word' id='word_1_818' title='bbox 773 5007 928 5072; x_wconf 86' lang='lat' dir='ltr'><strong>lucis,</strong></span> <span class='ocrx_word' id='word_1_819' title='bbox 957 5009 1108 5077; x_wconf 86' lang='lat' dir='ltr'><strong>cujus</strong></span> <span class='ocrx_word' id='word_1_820' title='bbox 1134 5015 1344 5066; x_wconf 89' lang='lat' dir='ltr'><strong>luceant</strong></span> <span class='ocrx_word' id='word_1_821' title='bbox 1363 5023 1527 5079; x_wconf 86' lang='lat' dir='ltr'><strong>opera</strong></span> <span class='ocrx_word' id='word_1_822' title='bbox 1553 5023 1733 5065; x_wconf 84' lang='lat' dir='ltr'><strong>coram</strong></span> <span class='ocrx_word' id='word_1_823' title='bbox 1763 5010 2064 5065; x_wconf 86' lang='lat' dir='ltr'><strong>hominibus</strong></span> <span class='ocrx_word' id='word_1_824' title='bbox 2082 5011 2148 5063; x_wconf 71' lang='grc'><strong>⁸⁷.</strong></span> 
     </span>
    </p>
   </div>
   <div class='ocr_carea' id='block_1_103' title="bbox 843 5135 2362 5206">
    <p class='ocr_par' dir='ltr' id='par_1_103' title="bbox 843 5135 2362 5206">
     <span class='ocr_line' id='line_1_103' title="bbox 843 5135 2362 5206; baseline 0 -13"><span class='ocrx_word' id='word_1_825' title='bbox 843 5135 1058 5194; x_wconf 77' lang='lat' dir='ltr'><strong>“Joan.</strong></span> <span class='ocrx_word' id='word_1_826' title='bbox 1091 5157 1198 5206; x_wconf 78' lang='lat' dir='ltr'><strong>xvi,</strong></span> <span class='ocrx_word' id='word_1_827' title='bbox 1227 5141 1315 5195; x_wconf 74' lang='grc'><strong>14.</strong></span> <span class='ocrx_word' id='word_1_828' title='bbox 1385 5141 1431 5172; x_wconf 72' lang='grc'><strong>⁸⁸</strong></span> <span class='ocrx_word' id='word_1_829' title='bbox 1465 5140 1594 5196; x_wconf 89' lang='lat' dir='ltr'><strong>ibid.</strong></span> <span class='ocrx_word' id='word_1_830' title='bbox 1632 5155 1672 5206; x_wconf 83' lang='grc' dir='ltr'><strong>ι,</strong></span> <span class='ocrx_word' id='word_1_831' title='bbox 1700 5140 1754 5206; x_wconf 78' lang='lat'><strong>&#39;5,</strong></span> <span class='ocrx_word' id='word_1_832' title='bbox 1780 5141 1832 5195; x_wconf 74' lang='grc'><strong>4.</strong></span> <span class='ocrx_word' id='word_1_833' title='bbox 1907 5141 1951 5172; x_wconf 71' lang='grc'><strong>⁸⁸</strong></span> <span class='ocrx_word' id='word_1_834' title='bbox 1979 5141 2109 5196; x_wconf 85' lang='lat' dir='ltr'><strong>ibid.</strong></span> <span class='ocrx_word' id='word_1_835' title='bbox 2143 5142 2192 5198; x_wconf 81' lang='grc' dir='ltr'><strong>Ι.</strong></span> <span class='ocrx_word' id='word_1_836' title='bbox 2261 5141 2303 5172; x_wconf 77' lang='grc'><strong>⁸⁷</strong></span> <span class='ocrx_word' id='word_1_837' title='bbox 2337 5139 2362 5193; x_wconf 67' lang='grc' dir='ltr'><strong>Β</strong></span> 
     </span>
    </p>
   </div>
   <div class='ocr_carea' id='block_1_104' title="bbox 1192 5135 2711 5206">
    <p class='ocr_par' dir='ltr' id='par_1_104' title="bbox 1192 5139 2711 5206">
     <span class='ocr_line' id='line_1_104' title="bbox 1192 5139 2711 5206; baseline -0.003 -11"><span class='ocrx_word' id='word_1_838' title='bbox 1192 5182 1198 5204; x_wconf 84' lang='grc'><strong>,</strong></span> <span class='ocrx_word' id='word_1_839' title='bbox 1227 5141 1315 5195; x_wconf 72' lang='lat' dir='ltr'><strong>ﬂ.</strong></span> <span class='ocrx_word' id='word_1_840' title='bbox 1385 5141 1431 5172; x_wconf 80' lang='lat'><strong>&quot;</strong></span> <span class='ocrx_word' id='word_1_841' title='bbox 1465 5140 1594 5196; x_wconf 90' lang='lat' dir='ltr'><strong>ibid.</strong></span> <span class='ocrx_word' id='word_1_842' title='bbox 1632 5155 1672 5206; x_wconf 82' lang='grc' dir='ltr'><strong>ι,</strong></span> <span class='ocrx_word' id='word_1_843' title='bbox 1700 5140 1754 5206; x_wconf 77' lang='lat'><strong>3,</strong></span> <span class='ocrx_word' id='word_1_844' title='bbox 1780 5141 1832 5195; x_wconf 74' lang='grc'><strong>4.</strong></span> <span class='ocrx_word' id='word_1_845' title='bbox 1907 5141 1951 5172; x_wconf 70' lang='grc'><strong>⁸⁸</strong></span> <span class='ocrx_word' id='word_1_846' title='bbox 1979 5141 2109 5196; x_wconf 89' lang='lat' dir='ltr'><strong>ibid.</strong></span> <span class='ocrx_word' id='word_1_847' title='bbox 2143 5142 2192 5198; x_wconf 81' lang='grc' dir='ltr'><strong>Ι.</strong></span> <span class='ocrx_word' id='word_1_848' title='bbox 2261 5141 2303 5172; x_wconf 76' lang='grc'><strong>⁸⁷</strong></span> <span class='ocrx_word' id='word_1_849' title='bbox 2337 5139 2522 5193; x_wconf 74' lang='lat' dir='ltr'><strong>Matth.</strong></span> <span class='ocrx_word' id='word_1_850' title='bbox 2550 5152 2602 5201; x_wconf 83' lang='grc' dir='ltr'><strong>ν,</strong></span> <span class='ocrx_word' id='word_1_851' title='bbox 2631 5139 2711 5190; x_wconf 82' lang='lat' dir='ltr'><strong>lli.</strong></span> 
     </span>
    </p>
   </div>
   <div class='ocr_carea' id='block_1_105' title="bbox 775 5265 2298 5336">
    <p class='ocr_par' dir='ltr' id='par_1_105' title="bbox 775 5265 2298 5336">
     <span class='ocr_line' id='line_1_105' title="bbox 775 5265 2298 5336; baseline 0.003 -18"><span class='ocrx_word' id='word_1_852' title='bbox 775 5265 997 5334; x_wconf 81' lang='lat' dir='ltr'><strong>originis</strong></span> <span class='ocrx_word' id='word_1_853' title='bbox 1019 5267 1122 5320; x_wconf 92' lang='lat' dir='ltr'><strong>dici</strong></span> <span class='ocrx_word' id='word_1_854' title='bbox 1173 5277 1346 5332; x_wconf 84' lang='lat' dir='ltr'><strong>potest</strong></span> <span class='ocrx_word' id='word_1_855' title='bbox 1373 5269 1440 5322; x_wconf 92' lang='lat' dir='ltr'><strong>ab</strong></span> <span class='ocrx_word' id='word_1_856' title='bbox 1467 5284 1532 5323; x_wconf 93' lang='lat' dir='ltr'><strong>eo</strong></span> <span class='ocrx_word' id='word_1_857' title='bbox 1563 5269 1803 5331; x_wconf 90' lang='lat' dir='ltr'><strong>edoctus,</strong></span> <span class='ocrx_word' id='word_1_858' title='bbox 1853 5269 2298 5336; x_wconf 86' lang='lat' dir='ltr'><strong>quemadmodum</strong></span> 
     </span>
    </p>
   </div>
   <div class='ocr_carea' id='block_1_106' title="bbox 774 5336 2301 5401">
    <p class='ocr_par' dir='ltr' id='par_1_106' title="bbox 774 5336 2301 5401">
     <span class='ocr_line' id='line_1_106' title="bbox 774 5336 2301 5401; baseline -0.001 -12"><span class='ocrx_word' id='word_1_859' title='bbox 774 5337 962 5389; x_wconf 82' lang='lat' dir='ltr'><strong>eadem</strong></span> <span class='ocrx_word' id='word_1_860' title='bbox 984 5337 1048 5386; x_wconf 89' lang='lat' dir='ltr'><strong>de</strong></span> <span class='ocrx_word' id='word_1_861' title='bbox 1092 5348 1253 5388; x_wconf 88' lang='lat' dir='ltr'><strong>causa</strong></span> <span class='ocrx_word' id='word_1_862' title='bbox 1285 5349 1379 5401; x_wconf 88' lang='lat' dir='ltr'><strong>per</strong></span> <span class='ocrx_word' id='word_1_863' title='bbox 1409 5337 1752 5390; x_wconf 82' lang='lat' dir='ltr'><strong>Athanasium</strong></span> <span class='ocrx_word' id='word_1_864' title='bbox 1780 5338 2018 5390; x_wconf 87' lang='lat' dir='ltr'><strong>oratione</strong></span> <span class='ocrx_word' id='word_1_865' title='bbox 2049 5336 2084 5388; x_wconf 75' lang='grc'><strong>9.</strong></span> <span class='ocrx_word' id='word_1_866' title='bbox 2120 5347 2301 5389; x_wconf 78' lang='lat' dir='ltr'><strong>contra</strong></span> 
     </span>
    </p>
   </div>
   <div class='ocr_carea' id='block_1_107' title="bbox 776 5401 2300 5470">
    <p class='ocr_par' dir='ltr' id='par_1_107' title="bbox 776 5401 2300 5470">
     <span class='ocr_line' id='line_1_107' title="bbox 776 5401 2300 5470; baseline 0.001 -17"><span class='ocrx_word' id='word_1_867' title='bbox 776 5402 1018 5470; x_wconf 65' lang='lat' dir='ltr'><strong>Aricinos,</strong></span> <span class='ocrx_word' id='word_1_868' title='bbox 1051 5417 1103 5470; x_wconf 93' lang='lat' dir='ltr'><strong>p.</strong></span> <span class='ocrx_word' id='word_1_869' title='bbox 1124 5401 1251 5470; x_wconf 57' lang='lat'><strong>357,</strong></span> <span class='ocrx_word' id='word_1_870' title='bbox 1279 5403 1476 5470; x_wconf 5' lang='lat' dir='ltr'><strong>[minor</strong></span> <span class='ocrx_word' id='word_1_871' title='bbox 1508 5403 1594 5457; x_wconf 93' lang='lat' dir='ltr'><strong>illo</strong></span> <span class='ocrx_word' id='word_1_872' title='bbox 1621 5406 1958 5470; x_wconf 66' lang='lat' dir='ltr'><strong>praedicatur.</strong></span> <span class='ocrx_word' id='word_1_873' title='bbox 1994 5403 2300 5456; x_wconf 86' lang='lat' dir='ltr'><strong>Periculose</strong></span> 
     </span>
    </p>
   </div>
   <div class='ocr_carea' id='block_1_108' title="bbox 778 5466 2297 5536">
    <p class='ocr_par' dir='ltr' id='par_1_108' title="bbox 778 5466 2297 5536">
     <span class='ocr_line' id='line_1_108' title="bbox 778 5466 2297 5536; baseline 0.003 -20"><span class='ocrx_word' id='word_1_874' title='bbox 778 5483 912 5536; x_wconf 7' lang='lat' dir='ltr'><strong>vero,</strong></span> <span class='ocrx_word' id='word_1_875' title='bbox 933 5466 1187 5534; x_wconf 76' lang='lat' dir='ltr'><strong>Origenes</strong></span> <span class='ocrx_word' id='word_1_876' title='bbox 1239 5468 1325 5521; x_wconf 89' lang='lat' dir='ltr'><strong>hic</strong></span> <span class='ocrx_word' id='word_1_877' title='bbox 1357 5472 1531 5521; x_wconf 88' lang='lat' dir='ltr'><strong>vocari</strong></span> <span class='ocrx_word' id='word_1_878' title='bbox 1582 5466 1692 5522; x_wconf 84' lang='lat' dir='ltr'><strong>vult</strong></span> <span class='ocrx_word' id='word_1_879' title='bbox 1745 5471 1798 5523; x_wconf 87' lang='lat' dir='ltr'><strong>in</strong></span> <span class='ocrx_word' id='word_1_880' title='bbox 1842 5474 2184 5536; x_wconf 85' lang='lat' dir='ltr'><strong>quaestionem</strong></span> <span class='ocrx_word' id='word_1_881' title='bbox 2232 5484 2297 5521; x_wconf 87' lang='lat' dir='ltr'><strong>an</strong></span> 
     </span>
    </p>
   </div>
   <div class='ocr_carea' id='block_1_109' title="bbox 778 5535 2302 5604">
    <p class='ocr_par' dir='ltr' id='par_1_109' title="bbox 778 5535 2302 5604">
     <span class='ocr_line' id='line_1_109' title="bbox 778 5535 2302 5604; baseline 0.001 -15"><span class='ocrx_word' id='word_1_882' title='bbox 778 5535 1008 5604; x_wconf 81' lang='lat' dir='ltr'><strong>Spiritus</strong></span> <span class='ocrx_word' id='word_1_883' title='bbox 1047 5545 1280 5601; x_wconf 87' lang='lat' dir='ltr'><strong>sanctus,</strong></span> <span class='ocrx_word' id='word_1_884' title='bbox 1319 5549 1474 5603; x_wconf 80' lang='lat' dir='ltr'><strong>quem</strong></span> <span class='ocrx_word' id='word_1_885' title='bbox 1513 5537 1693 5593; x_wconf 80' lang='lat' dir='ltr'><strong>doceri</strong></span> <span class='ocrx_word' id='word_1_886' title='bbox 1728 5553 1758 5593; x_wconf 87' lang='lat' dir='ltr'><strong>a</strong></span> <span class='ocrx_word' id='word_1_887' title='bbox 1806 5538 1938 5594; x_wconf 84' lang='lat' dir='ltr'><strong>Filio</strong></span> <span class='ocrx_word' id='word_1_888' title='bbox 1968 5555 2032 5596; x_wconf 81' lang='lat' dir='ltr'><strong>ex</strong></span> <span class='ocrx_word' id='word_1_889' title='bbox 2082 5537 2302 5592; x_wconf 80' lang='lat' dir='ltr'><strong>Joannis</strong></span> 
     </span>
    </p>
   </div>
   <div class='ocr_carea' id='block_1_110' title="bbox 2406 5269 3420 5350">
    <p class='ocr_par' dir='ltr' id='par_1_110' title="bbox 2406 5269 3420 5350">
     <span class='ocr_line' id='line_1_110' title="bbox 2406 5269 3420 5350; baseline 0.005 -26"><span class='ocrx_word' id='word_1_890' title='bbox 2406 5286 2517 5350; x_wconf 70' lang='lat' dir='ltr'><strong>xvi,</strong></span> <span class='ocrx_word' id='word_1_891' title='bbox 2559 5269 2644 5332; x_wconf 74' lang='grc'><strong>14,</strong></span> <span class='ocrx_word' id='word_1_892' title='bbox 2682 5269 2906 5350; x_wconf 76' lang='lat' dir='ltr'><strong>colligit,</strong></span> <span class='ocrx_word' id='word_1_893' title='bbox 2955 5274 3146 5350; x_wconf 31' lang='lat' dir='ltr'><strong>omnia.</strong></span> <span class='ocrx_word' id='word_1_894' title='bbox 3177 5275 3420 5350; x_wconf 31' lang='lat' dir='ltr'><strong>capiat‘g</strong></span> 
     </span>
    </p>
   </div>
   <div class='ocr_carea' id='block_1_111' title="bbox 2405 5343 3420 5415">
    <p class='ocr_par' dir='ltr' id='par_1_111' title="bbox 2405 5343 3420 5415">
     <span class='ocr_line' id='line_1_111' title="bbox 2405 5343 3420 5415; baseline 0.006 -25"><span class='ocrx_word' id='word_1_895' title='bbox 2405 5343 2526 5415; x_wconf 74' lang='lat' dir='ltr'><strong>scit,</strong></span> <span class='ocrx_word' id='word_1_896' title='bbox 2559 5343 2802 5415; x_wconf 62' lang='lat' dir='ltr'><strong>quamvis</strong></span> <span class='ocrx_word' id='word_1_897' title='bbox 2841 5343 3018 5398; x_wconf 90' lang='lat' dir='ltr'><strong>sancti</strong></span> <span class='ocrx_word' id='word_1_898' title='bbox 3058 5343 3305 5415; x_wconf 82' lang='lat' dir='ltr'><strong>Spiritus</strong></span> <span class='ocrx_word' id='word_1_899' title='bbox 3343 5345 3420 5397; x_wconf 75' lang='grc' dir='ltr'>εὐί</span> 
     </span>
    </p>
   </div>
   <div class='ocr_carea' id='block_1_112' title="bbox 2408 5405 2984 5470">
    <p class='ocr_par' dir='ltr' id='par_1_112' title="bbox 2408 5405 2984 5470">
     <span class='ocr_line' id='line_1_112' title="bbox 2408 5405 2984 5470; baseline 0.01 -12"><span class='ocrx_word' id='word_1_900' title='bbox 2408 5406 2553 5462; x_wconf 85' lang='lat' dir='ltr'><strong>tiam.</strong></span> <span class='ocrx_word' id='word_1_901' title='bbox 2581 5423 2620 5455; x_wconf 76' lang='grc' dir='ltr'>ι.</span> <span class='ocrx_word' id='word_1_902' title='bbox 2650 5405 2984 5470; x_wconf 78' lang='lat' dir='ltr'><strong>profiteatur.</strong></span> 
     </span>
    </p>
   </div>
   <div class='ocr_carea' id='block_1_113' title="bbox 2475 5469 3419 5556">
    <p class='ocr_par' dir='ltr' id='par_1_113' title="bbox 2475 5469 3419 5556">
     <span class='ocr_line' id='line_1_113' title="bbox 2475 5469 3419 5556; baseline -0.004 -15"><span class='ocrx_word' id='word_1_903' title='bbox 2475 5469 2584 5541; x_wconf 69' lang='grc'><strong>(6³)</strong></span> <span class='ocrx_word' id='word_1_904' title='bbox 2617 5469 2797 5529; x_wconf 77' lang='lat' dir='ltr'><strong>Codex</strong></span> <span class='ocrx_word' id='word_1_905' title='bbox 2830 5474 3180 5552; x_wconf 79' lang='lat' dir='ltr'><strong>Bodleianus,</strong></span> <span class='ocrx_word' id='word_1_906' title='bbox 3210 5476 3308 5556; x_wconf 64' lang='grc' dir='ltr'>ἢν,</span> <span class='ocrx_word' id='word_1_907' title='bbox 3346 5481 3419 5538; x_wconf 66' lang='grc' dir='ltr'><strong>Β(</strong></span> 
     </span>
    </p>
   </div>
  </div>
