3848 6168
340 240 436 301 149

1403 235 1748 291 COMMENT.
1791 233 1854 289 IN
1890 235 2077 288 .lOAN.
2113 234 2344 288 TOMUS
2379 234 2442 289 ll.

3411 242 3511 293 150

409 355 484 408 14.
511 346 657 402 Πάλιν
681 330 786 392 ὲπεὶ
811 329 925 419 if“
947 331 1022 388 τὰ
1060 347 1557 419 παραλελειμμένα
1589 350 1693 401 τῶν
1731 351 1874 400 ἐναν-

2051 348 2134 401 H.
2169 348 2392 410 Rursus,
2441 345 2695 414 quoniam
2724 359 2785 400 ex
2813 347 2893 402 his
2921 361 3041 416 qua:
3069 345 3414 404 disseruimus
3441 355 3508 405 de

343 441 460 492 τίων
479 432 689 489 νοεῖσθαι
714 428 772 478 ὲκ
802 417 907 472 τῶν
942 421 1279 497 εἰρημένων
1309 417 1437 505 περῖ
1473 434 1578 488 τῶν
1607 435 1875 500 ἐναντίων,

343 529 541 595 λέγεται
558 523 612 576 δὲ
643 515 758 589 περὶ
779 510 916 582 ζωῆς
940 515 1045 568 καὶ
1086 523 1278 586 φωτὸς
1309 523 1622 593 ἀνθρώπων,
1645 525 1878 576 ἐναντίον

341 618 393 670 δὲ
416 620 478 687 τῇ
505 616 610 684 ζωῇ
635 611 867 669 Θάνατος,
895 603 992 658 καὶ
1009 608 1262 666 ἐναντίον
1285 615 1420 682 φωτὶ
1443 615 1536 667 ἀνθ
1544 613 1734 686 ρώπων
1760 615 1880 666 σκό-

345 723 424 768 τος
451 702 756 772 ἀνθρώπων,
787 697 929 750 ἔστιν
966 697 1124 762 ἰδεῖν,
1157 702 1241 755 ὅτι
1272 705 1300 755 6
1342 705 1398 754 ὲν
1431 705 1603 773 σκότῳ
1639 703 1744 756 τῶν
1785 705 1877 756 ἀν-

339 794 555 866 θρώπων
578 791 849 862 τυγχάνων
881 789 936 840 ὲν
967 787 1190 860 θανάτῳ
1220 793 1354 857 ἐστὶ,
1390 793 1482 846 καὶ
1509 795 1537 845 6
1569 793 1634 845 τὰ
1658 793 1748 845 τοῦ
1781 793 1877 845 θα-

337 884 486 936 νάτου
515 881 763 950 πράττων
784 878 880 932 οὐκ
899 877 1166 949 ἀλλαχόσε
1191 881 1281 934 τοῦ
1314 883 1530 944 σκότους
1554 883 1714 935 ἐστίν.
1749 883 1805 934 ⁸0
1824 882 1878 934 δὲ

339 971 677 1042 μνημονεύων
707 969 798 1022 τοῦ
827 968 983 1034 Θεοῦ,
1029 971 1124 1023 ὲάν
1148 989 1212 1039 γε
1252 972 1456 1041 νοῶμεν
1488 972 1536 1024 τι
1565 973 1624 1024 τὸ
1671 989 1876 1042 μνημο-

334 1063 498 1116 νεύειν
526 1061 716 1124 αύτοῦ,
744 1062 844 1113 οὐκ
875 1059 1019 1113 ἔστιν
1042 1064 1100 1113 ὲν
1127 1061 1204 1130 τῷ
1232 1059 1460 1131 θανάτῳ,
1492 1061 1701 1115 κατὰτὸ
1731 1064 1877 1132 εἰρη-

336 1153 506 1222 μένονο
555 1167 575 1201 ι
609 1152 723 1202 υύκ
777 1150 920 1202 ἔστιν
965 1153 1022 1202 ὲν
1069 1150 1145 1220 τῷ
1194 1150 1404 1220 θανάτῳ
1454 1153 1482 1202 6
1535 1150 1876 1220 μνημονεύων

336 1257 442 1293 σου.
486 1260 504 1290 ι
542 1241 667 1293 Εἴτε
701 1241 757 1294 δὲ
805 1242 993 1302 σκότος
1041 1241 1339 1310 ἀνθρώπων
1377 1240 1482 1293 εἴτε
1519 1240 1764 1305 θάνατος,
1816 1241 1874 1292 ού

333 1331 481 1398 φύσει
501 1330 728 1384 τοιαῦτά
783 1332 947 1393 ἐστιν,
988 1329 1145 1382 ἄλλου
1193 1332 1370 1398 λόγουο
1402 1350 1418 1381 ι
1467 1331 1648 1400 Ἡμεῖς
1702 1331 1878 1399 ἡμεθά

333 1435 456 1473 ποτε
503 1419 716 1482 σκότος,
761 1419 857 1472 νῦν
885 1420 940 1472 δὲ
973 1419 1084 1487 φῶς
1119 1422 1174 1472 ὲν
1211 1421 1416 1490 Κυρίῳ,
1454 1439 1474 1470 ι
1519 1419 1620 1472 κᾶν
1653 1419 1880 1489 μάλιστα

331 1509 466 1575 ἆγιοι
518 1509 614 1560 καὶ
664 1511 1019 1578 πνευματικοὶ
1065 1508 1166 1578 ἤδη
1209 1508 1643 1578 χρηματίζωμεν.
1697 1508 1877 1570 Οὕτως

327 1597 467 1657 ὅστις
499 1599 620 1648 ποτ’
643 1597 712 1649 ἂν
745 1593 908 1668 (64)ᾗ
942 1598 1148 1659 σκότος,
1179 1597 1361 1667 ὥσπερ
1384 1597 1439 1648 δὲ
1463 1596 1700 1657 δεκτικὸς
1722 1596 1828 1665 (65)
1850 1599 1878 1648 6

1979 437 2279 500 contrariis,
2315 436 2536 505 intelligi
2579 446 2796 502 possunt
2825 436 3094 491 contraria
3129 438 3506 506 prater-missa,

1976 523 2259 576 disseritur
2287 531 2460 576 autem
2493 525 2560 576 de
2585 523 2689 575 vita
2723 531 2777 577 et
2807 524 2922 577 luce
2955 524 3254 588 hominum,
3285 535 3501 580 eontra-

1977 613 2112 666 rium
2143 621 2316 666 autem
2349 613 2472 666 vitae
2500 627 2641 666 mors
2674 621 2754 666 est
2777 653 2792 678 ,
2818 621 2872 666 et
2900 613 3224 667 contrarium
3265 616 3370 668 luci
3401 615 3499 669 ho-

1977 701 2177 753 minum
2225 701 2454 754 tenebrae
2483 701 2754 754 hominum
2785 739 2800 766 ,
2829 702 3013 755 videre
3046 710 3131 756 est
3156 705 3294 770 quod
3323 704 3412 771 qui
3448 705 3501 757 in

1978 789 2212 843 tenebris
2234 791 2458 843 exsistat
2497 790 2792 853 hominum,
2821 792 2866 845 is
2907 791 3066 844 etiam
3106 792 3178 845 sit
3211 793 3263 845 in
3308 803 3500 858 morte,

1975 888 2028 932 et
2059 894 2174 947 quae
2199 881 2388 933 mortis
2413 889 2714 949 suutagens
2746 895 2849 934 non
2886 881 3012 936 alibi
3045 883 3115 937 sit
3144 897 3301 950 quam
3334 884 3385 936 in
3415 893 3496 938 te-

1977 966 2176 1020 nebris.
2231 968 2297 1019 At
2325 967 2414 1034 qui
2452 981 2653 1020 memor
2689 976 2771 1021 est
2816 968 2945 1030 Dei,
2986 969 3030 1021 si
3075 970 3502 1026 consideraveri-

1975 1069 2093 1110 mus
2119 1057 2242 1122 quid
2274 1058 2343 1109 sit
2371 1072 2657 1110 memorem
2698 1071 2816 1112 esse
2842 1057 2952 1120 Dei,
2985 1073 3086 1110 non
3116 1068 3198 1112 est
3230 1061 3282 1112 in
3309 1071 3500 1129 morte,

1971 1143 2122 1212 juxta
2151 1146 2276 1200 illud
2317 1147 2454 1213 quod
2504 1145 2698 1198 dicitur
2729 1146 2772 1176 “
2804 1163 2816 1198 :
2846 1162 2864 1196 ‹
2902 1144 3038 1197 Nihil
3067 1147 3140 1199 rei
3185 1163 3304 1202 cum
3336 1162 3504 1204 morte

1977 1233 2176 1299 habet,
2209 1235 2296 1302 qui
2331 1248 2532 1287 memor
2561 1243 2645 1287 est
2689 1235 2784 1287 tui.
2827 1253 2844 1284 ι
2876 1235 2956 1288 An
2986 1251 3111 1291 vero
3142 1241 3372 1294 tenebrae
3407 1243 3502 1296 hu-

1977 1322 2176 1376 minum
2204 1333 2257 1376 et
2298 1338 2442 1378 mors
2477 1333 2669 1376 natura
2699 1324 2822 1377 talia
2869 1325 2975 1378 sint
3000 1364 3014 1386 ,
3053 1341 3256 1391 necne,
3287 1330 3504 1386 alterius

1975 1422 2054 1467 est
2079 1413 2520 1468 considerationis
2567 1434 2578 1466 :
2613 1431 2632 1462 ι
2668 1413 2776 1466 Nos
2806 1429 3017 1470 eramus
3040 1417 3326 1485 aliquando
3359 1427 3506 1472 tene-

1976 1504 2105 1567 brae,
2141 1519 2282 1557 nunc
2313 1513 2488 1556 autem
2515 1504 2601 1557 lux
2634 1505 2684 1556 in
2720 1504 2944 1559 Domino
2973 1509 3042 1570 ι’,
3089 1527 3106 1558 ι
3137 1507 3349 1561 etiamsi
3381 1523 3505 1562 san-

1975 1592 2043 1644 cti
2076 1590 2492 1659 spiritualesque
2508 1591 2618 1660 jam
2659 1592 2838 1660 aliquo
2872 1597 3101 1650 maxime
3132 1606 3287 1663 pacto
3317 1599 3503 1652 simus.

329 1683 528 1746 Παῦλος
545 1686 736 1748 σκάτος
767 1685 842 1739 ὢν
865 1687 1050 1754 γέγονε
1069 1686 1160 1738 τοῦ
1183 1686 1426 1754 γενέσθαι
1446 1685 1558 1752 φῶς
1589 1687 1644 1737 ὲν
1667 1685 1870 1755 Κυρίῳ.

1976 1678 2226 1746 Quisquis
2260 1679 2356 1732 fuit
2381 1680 2665 1748 aliquando
2699 1684 2945 1748 tenebrae,
2980 1685 3149 1740 Pactus
3176 1695 3256 1740 est
3289 1687 3504 1756 perinde

327 1772 474 1825 Κατὰ
501 1773 558 1824 δὲ
591 1774 718 1836 τοὺς
754 1774 1027 1844 οἰομένους
1074 1773 1209 1826 εἶναι
1257 1773 1438 1841 φύσεις
1486 1773 1871 1842 πνευματικὰς,

326 1859 506 1930 ὥσπερ
533 1861 626 1912 τὸν
658 1861 869 1914 Παῦλον
903 1864 994 1916 καὶ
1029 1865 1150 1926 τοὺς
1186 1863 1370 1930 ἁγίους
1407 1862 1746 1925 ἀποστόλους,
1778 1865 1876 1915 οὐκ

325 1947 432 2004 οἶδα
454 1953 502 2002 εἰ
539 1950 773 2015 σώζεται
812 1955 872 2006 τὸ
909 1955 998 2006 τὸν
1027 1953 1386 2023 πνευματικὸν
1425 1949 1561 2004 εἷναί
1598 1970 1722 2005 ποτε
1755 1954 1876 2005 σκό-

323 2055 426 2104 τος,
472 2042 567 2092 καὶ
617 2043 844 2112 ὕστερον
889 2044 1047 2096 αὐτὸν
1105 2043 1380 2110 γεγονέναι
1441 2043 1574 2110 φῶς
1618 2043 1666 2094 εί
1712 2041 1816 2112 γὰρ
1847 2044 1875 2094 6

328 2131 684 2197 πνευματικός
714 2148 843 2183 ποτε
866 2133 1050 2194 σκότος
1075 2128 1162 2202 ἦν,
1193 2133 1220 2183 6
1245 2131 1420 2200 χοῖκὺς
1440 2132 1521 2193 τίς
1549 2131 1720 2194 tactv;
1750 2131 1811 2182 Εί
1829 2131 1873 2182 δ’

324 2218 528 2287 ἀληθὲς,
567 2223 652 2274 ὅτι
681 2222 743 2274 τὸ
768 2223 953 2283 σκότος
982 2222 1256 2290 γεγονέναι
1280 2221 1386 2289 (66)
1417 2220 1548 2288 φῶς,
1577 2220 1659 2282 τίς
1685 2221 1716 2290 ἡ
1746 2221 1876 2272 ἀπο-

327 2307 588 2378 κλήρωσις
606 2310 701 2362 τοῦ
732 2311 807 2380 μὴ
834 2313 939 2363 πᾶν
972 2312 1158 2372 σκότος
1183 2309 1436 2362 δύνασθαι
1457 2309 1701 2376 γενέσθαι
1727 2310 1872 2376 φῶς;

328 2397 384 2448 El
409 2397 479 2468 μὴ
516 2399 630 2470 γὰρ
655 2399 750 2451 ἐπὶ
791 2399 1001 2451 Παύλου
1032 2400 1262 2467 ἐλέγετο,
1285 2401 1366 2451 ὅτι
1391 2419 1410 2450 ‹
1442 2399 1654 2468 Ἥμεθά
1674 2417 1800 2451 ποτε
1819 2401 1875 2451 ὲν

327 2487 510 2556 σκότῳ,
539 2487 636 2540 νῦν
655 2488 713 2540 δὲ
730 2489 976 2556 φωτεινοὶ
1007 2490 1064 2541 ὲν
1095 2489 1296 2560 Κυρίῳο
1331 2507 1348 2538 ι
1378 2489 1468 2540 ἐπὶ
1494 2489 1550 2540 δὲ
1576 2482 1650 2541 ὧν
1677 2490 1874 2541 οἴονται

325 2575 526 2642 φύσεων
549 2577 956 2645 ἀπολλυμένων,
979 2579 1058 2630 ὅτι
1091 2579 1276 2641 σκότος
1302 2573 1460 2646 ἦσαν,
1486 2578 1517 2647 ἢ
1546 2578 1730 2639 σκότος
1750 2578 1874 2638 εἰσὶ,

327 2659 420 2711 κᾶν
447 2661 628 2731 χώραν
654 2659 800 2731 εἶχεν
830 2665 863 2732 ἡ
897 2663 1022 2731 περὶ
1061 2663 1272 2732 φύσεων
1299 2664 1564 2726 ὑπόθεσις.
1600 2665 1734 2716 Νυνὶ
1762 2664 1818 2716 δὲ
1847 2665 1876 2715 6

328 2749 522 2812 Παῦλός
579 2768 714 2821 φησι
758 2753 1033 2818 γεγονέναι
1063 2755 1190 2806 ποτὲ
1224 2753 1430 2816 σκότος,
1467 2752 1557 2806 νῦν
1590 2753 1645 2805 δὲ
1678 2753 1789 2821 φῶς
1816 2755 1874 2807 ὲν

327 2837 522 2907 Κυρίῳ,
550 2839 626 2901 ὡς
653 2839 879 2891 δυνατοῦ
913 2840 1060 2901 ὄντος
1086 2840 1177 2892 τοῦ
1212 2842 1430 2903 σκότους
1461 2845 1539 2904 είς
1571 2843 1684 2911 φῶς
1711 2861 1871 2913 μετα-

1971 1776 2133 1836 atque
2161 1767 2376 1833 Paulus,
2424 1772 2653 1824 tenebrae
2689 1786 2811 1825 cum
2851 1783 3034 1840 esset,
3065 1789 3229 1842 capax
3259 1785 3312 1830 et
3351 1785 3506 1844 aptus

1974 1866 2032 1910 ut
2051 1857 2202 1911 ﬁeret
2230 1857 2317 1911 lux
2343 1861 2394 1911 in
2414 1859 2653 1918 Domino.
2677 1861 2825 1916 Haud
2847 1877 2970 1918 vero
2992 1865 3102 1919 scio
3129 1880 3194 1918 an
3213 1865 3365 1934 juxta
3388 1867 3504 1934 opi-

1973 1946 2182 2000 nionem
2211 1961 2395 2001 eorum
2427 1949 2514 2016 qui
2547 1959 2766 2004 naturas
2805 1962 2994 2005 rentur
3037 1953 3341 2021 spirituales
3364 1995 3380 2020 ,
3409 1970 3504 2008 ve-

1973 2033 2066 2088 luti
2102 2033 2320 2088 Paulum
2354 2051 2417 2090 ac
2443 2047 2656 2092 sanctos
2690 2040 2956 2106 apostolos
2980 2080 2994 2106 ,
3021 2043 3310 2109 consistat,
3343 2045 3504 2111 spiri-

1977 2125 2168 2179 tualem
2203 2141 2320 2181 esse
2357 2127 2639 2195 aliquando
2669 2131 2918 2183 tenebras
2940 2171 2955 2194 ,
3004 2133 3282 2201 ipsumque
3320 2143 3502 2201 postea

1972 2215 2144 2270 lucem
2175 2214 2288 2268 ﬁeri
2319 2232 2334 2280 ;
2365 2231 2484 2268 nam
2515 2217 2558 2270 si
2589 2217 2884 2284 spiritualis
2917 2223 3145 2274 tenebrae
3189 2222 3504 2289 quandoque

1973 2305 2092 2370 fuit,
2130 2306 2400 2360 terrestris
2426 2306 2632 2374 qualis?
2658 2307 2806 2373 Quod
2835 2309 2877 2362 si
2906 2325 3084 2363 verum
3116 2321 3218 2374 est,
3255 2313 3504 2364 tenebras

1975 2395 2142 2449 factas
2169 2395 2336 2449 fuisse
2363 2395 2556 2460 lucem,
2585 2412 2822 2464 quaenam
2849 2400 3054 2466 privata
3086 2401 3279 2454 electio
3307 2383 3388 2455 est
3409 2417 3504 2454 cur

1973 2498 2076 2537 non
2106 2495 2294 2538 omnes
2325 2485 2556 2538 tenebrae
2581 2485 2671 2538 lux
2704 2487 2814 2540 ﬁeri
2847 2488 3086 2556 queant?
3131 2490 3236 2542 Nisi
3271 2489 3413 2543 enim
3440 2489 3506 2544 de

1973 2571 2137 2625 Paulo
2181 2573 2383 2626 dictum
2435 2571 2628 2628 fuisset
2654 2575 2740 2627 '°:
2773 2592 2791 2625 ι
2851 2575 3071 2628 Eramus
3118 2577 3404 2644 aliquando
3449 2577 3505 2630 in

1975 2661 2230 2726 tenebris,
2258 2675 2400 2714 nunc
2441 2671 2614 2716 autem
2643 2662 2804 2714 lucidi
2831 2677 2950 2714 cum
2979 2662 3224 2727 Domino,
3256 2682 3273 2713 ι
3307 2665 3374 2718 de
3403 2664 3508 2720 illis

1973 2764 2099 2806 vero
2131 2764 2265 2819 quos
2291 2751 2624 2805 arbitrantur
2653 2762 2858 2804 natura:
2895 2750 3180 2820 deperdita:
3205 2791 3222 2815 ,
3254 2755 3507 2820 quoniam

1975 2841 2202 2895 tenebrre
2230 2850 2463 2896 erantet
2509 2843 2741 2896 teneer
2782 2850 2947 2904 sunt,
2983 2843 3154 2896 locum
3195 2843 3377 2912 utique
3407 2847 3506 2898 ha-

327 2929 512 2984 ϐαλεῖν.
537 2933 612 2984 Ού
643 2933 880 3000 χαλεπὸν
900 2934 954 2986 δὲ
979 2933 1045 2986 τὰ
1066 2935 1190 3005 περὶ
1217 2937 1412 2999 παντὸς
1435 2937 1652 3000 σκότους
1670 2938 1764 2991 ἀνθ
1771 2939 1874 3010 ρώ-

1976 2929 2174 2984 buisset
2203 2945 2383 2984 eorum
2418 2931 2484 2986 de
2513 2932 2718 2985 naturis
2750 2931 3086 2999 hypothesis.
3133 2931 3286 2987 Nunc
3321 2943 3501 2987 autem

222 3057 226 3060 -
328 3037 453 3082 πων,
491 3023 582 3073 καὶ
612 3023 743 3092 περὶ
787 3023 880 3074 τοῦ
924 3022 1148 3075 Θανάτου
1177 3023 1364 3077 τούτου
1397 3027 1746 3095 τυγχάνοντος
1793 3030 1868 3100 τῷ

1976 3020 2166 3076 Paulus
2200 3022 2372 3091 inquit
2400 3037 2458 3076 se
2486 3022 2770 3089 aliquando
2821 3023 3068 3077 tenebras
3099 3025 3262 3078 fuisse
3289 3064 3304 3089 ,
3335 3040 3502 3079 nunc-

327 3111 490 3180 σκότῳ
532 3111 639 3164 τῶν
671 3111 971 3182 ἀνθρώπων
1015 3113 1282 3182 ἐπιμελῶς
1316 3115 1440 3166 ἰδεῖν
1480 3117 1542 3166 ὲκ
1575 3116 1677 3169 τῶν
1717 3119 1867 3188 εἰρη-

1976 3124 2074 3177 que
2100 3125 2218 3164 esse
2247 3111 2415 3165 lucem
2440 3112 2490 3165 in
2523 3112 2762 3178 Domino,
2794 3115 2942 3182 quasi
2975 3116 3025 3166 iu
3065 3115 3233 3168 lucem
3269 3116 3503 3170 tenebrae

328 3197 511 3264 μένων,
542 3199 602 3251 τὸ
617 3199 964 3268 ἐνδεχόμενον
994 3199 1202 3270 ὁρῶντα
1225 3200 1323 3270 τῆς
1360 3201 1449 3253 ἐπὶ
1481 3201 1539 3253 τὸ
1569 3204 1744 3272 χεῖρον
1780 3204 1870 3256 καὶ

1976 3201 2203 3253 transire
2250 3200 2472 3267 possint.
2508 3200 2656 3255 Haud
2705 3212 2880 3256 autem
2921 3205 3134 3258 difﬁcile
3163 3213 3246 3258 est
3275 3218 3502 3258 cernen-

325 3287 554 3352 κρεῖττον
587 3286 822 3338 ἑκάστου
859 3286 1176 3356 μεταϐολῆς.

1976 3296 2078 3341 tem
2143 3288 2559 3357 uniuscujusque
2605 3291 2997 3359 contingentem
3048 3293 3393 3346 mutationem
3446 3293 3499 3344 in

327 3378 503 3431 melius
535 3379 616 3432 vel
663 3381 715 3431 in
750 3378 903 3446 pejus
932 3417 948 3443 ,
995 3379 1278 3446 diligenter
1325 3379 1626 3446 perSpicere
1671 3393 1736 3432 ex
1793 3379 1874 3432 his
1917 3393 2035 3447 qua:
2081 3377 2351 3442 diximus,
2400 3393 2519 3448 qua
2563 3380 2628 3433 ad
2675 3395 2859 3436 omnes
2905 3383 3148 3437 tenebras
3188 3384 3498 3448 hominum,

324 3479 373 3520 cl.
399 3486 518 3536 qum
559 3473 624 3524 ad
658 3470 801 3524 hanc
833 3480 1057 3524 mortem
1097 3472 1150 3524 in
1184 3469 1420 3524 tenebris
1457 3472 1730 3526 hominum
1765 3471 2108 3525 exsistentem
2145 3471 2430 3538 pertinent.

388 3559 529 3612 Πάνυ
556 3561 611 3612 δὲ
645 3559 840 3628 βιαίως
869 3559 1008 3612 κατὰ
1025 3560 1114 3612 τὸν
1143 3560 1304 3612 τόπον
1335 3561 1617 3629 γενόμενος
1640 3562 1668 3613 6
1705 3561 1869 3630 Ἦρα-

2044 3560 2129 3614 15.
2175 3559 2437 3614 Caeterum
2475 3561 2624 3616 valde
2656 3573 2839 3617 coacte
2887 3564 2950 3617 ad
2998 3565 3141 3618 hunc
3191 3573 3501 3618 contextum

325 3649 502 3712 κλέων,
535 3649 614 3700 τόο
655 3667 674 3700 ι
722 3650 788 3700 Ὃ
826 3648 1043 3715 γέγονεν
1079 3650 1136 3700 ὲν
1168 3648 1312 3718 αὐτῷ
1343 3649 1452 3719 ζωὴ
1484 3645 1571 3718 ἦν,
1621 3667 1639 3699 ι
1669 3649 1868 3718 ὲξείλη-

1976 3647 2186 3701 veniens
2211 3647 2501 3702 Heracleon
2536 3668 2549 3703 :
2591 3668 2611 3701 ι
2645 3651 2794 3717 Quod
2833 3651 3030 3706 factum
3057 3661 3140 3708 est
3167 3654 3218 3706 in
3253 3655 3365 3721 ipso
3388 3653 3500 3706 vita

325 3755 416 3804 τεν
457 3739 573 3790 ἀντὶ¹
624 3737 744 3802 τοῦ,
785 3737 856 3789 ἐν
889 3735 1066 3801 αὐτῷ,
1118 3739 1196 3800 είς
1240 3739 1362 3800 τοὺς
1402 3737 1714 3808 ἀνθρώπους
1745 3738 1866 3800 τοὺς

1976 3743 2082 3789 erat
2107 3736 2152 3767 “
2183 3753 2196 3788 :
2231 3753 2250 3786 ι
2288 3737 2340 3788 in
2383 3737 2494 3802 ipso
2543 3738 2919 3806 interpretatus
2970 3749 3053 3794 est
3095 3741 3147 3794 in
3195 3741 3497 3795 hominibus

325 3827 732 3896 πνευματικῶς
765 3827 925 3878 οἱονεὶ
954 3826 1146 3878 ταύτὸν
1176 3827 1398 3894 νομίσας
1427 3821 1562 3878 εῖναι
1587 3826 1676 3877 τὸν
1699 3825 1864 3892 Λόγον

1976 3822 2338 3889 spiritualibus
2369 3841 2381 3877 :
2412 3825 2565 3891 quasi
2597 3824 2913 3880 Sermonem
2949 3839 3003 3881 et
3025 3829 3327 3894 spirituales
3355 3829 3496 3882 idem

325 3914 411 3966 καὶ
447 3917 570 3977 τοὺς
601 3896 1022 3982 πνευματικούς.
1059 3914 1120 3965 Εἰ
1164 3913 1255 3964 καὶ
1290 3913 1362 3982 μὴ
1404 3912 1586 3980 σαφῶς
1617 3913 1766 3965 ταῦτ’
1799 3915 1868 3965 εῐ-

1976 3928 2087 3968 esse
2128 3915 2420 3969 arbitratus
2455 3916 2632 3970 fuerit.
2686 3916 2796 3970 Etsi
2832 3931 2934 3969 non
2980 3927 3166 3984 aperte
3195 3919 3245 3970 id
3278 3919 3495 3983 direrit,

325 4019 471 4071 ρηκε,
501 4003 593 4056 καὶ
619 4003 864 4072 ὡσπερεὶ
880 4002 1190 4069 αἱτιολογῶν
1207 4018 1386 4071 φησιν·
1407 4020 1425 4051 ι
1457 4001 1624 4064 Αὐτὸς
1641 4002 1748 4071 γὰρ
1773 4001 1869 4071 τὴν

1976 4014 2024 4056 at
2065 4003 2224 4059 veluti
2271 4018 2485 4058 causam
2535 4003 2780 4066 reddens,
2817 4004 3030 4072 inquit:
3059 4021 3078 4055 ι
3137 4005 3308 4072 Ipsam
3351 4007 3496 4058 enim

323 4090 535 4162 ⁴πρώτην
569 4092 852 4162 μόρφωσιν
882 4090 977 4159 τὴν
1001 4092 1139 4144 κατὰ
1161 4091 1256 4160 τὴν
1283 4091 1492 4156 γένεσιν
1521 4094 1701 4156 αὐτοῖς
1731 4110 1868 4163 παρ-

1976 4091 2192 4159 primam
2239 4091 2611 4145 formationem
2639 4133 2653 4157 ,
2681 4095 2857 4161 quoad
2904 4100 3080 4147 ortum
3109 4095 3335 4159 attinet,
3363 4094 3494 4162 ipsis

325 4181 471 4249 ἐσχεο
507 4181 573 4232 τά
610 4181 704 4232 ὑπ’
733 4179 892 4233 άλλου
925 4180 1164 4248 παρέντα
1185 4181 1262 4242 είς
1290 4183 1499 4252 μορφὴν
1526 4183 1617 4234 καὶ
1647 4185 1726 4245 είς
1758 4201 1867 4252 φω-

1976 4177 2195 4245 ρηιώιιὶι
2217 4216 2232 4240 ,
2267 4181 2333 4232 ab
2359 4177 2463 4232 alio
2492 4180 2848 4246 praetermissa
2883 4181 2932 4233 in
2965 4180 3189 4234 formam
3220 4219 3235 4244 ,
3282 4189 3336 4234 et
3367 4180 3495 4234 illu-

323 4268 502 4336 τισμὸν
523 4270 614 4321 καὶ
629 4267 998 4338 παραγραφὴν
1027 4267 1158 4320 ἰδίαν
1180 4268 1398 4336 ἀγαγὼν
1423 4272 1514 4322 καὶ
1529 4270 1820 4334 ἀναδείξας.
1847 4290 1865 4323 ι

1976 4264 2344 4330 minationem,
2395 4275 2450 4318 et
2492 4265 2900 4319 delineationem
2941 4266 3211 4334 propriam
3254 4265 3452 4320 ducens
3477 4306 3494 4331 ,

322 4354 392 4408 Οὐ
419 4360 768 4428 παρετήρησε
795 4357 850 4408 δὲ
877 4356 966 4408 καὶ
989 4357 1048 4408 τὸ
1074 4359 1199 4428 περὶ
1211 4357 1318 4409 τῶν
1335 4359 1708 4428 πνευματικῶν
1724 4361 1871 4429 παρὰ

318 4447 392 4516 τῷ
437 4449 635 4519 Παύλῳ
684 4449 1012 4518 λεγομένων,
1057 4449 1138 4500 ὅτι
1173 4447 1484 4519 ἀνθρώπους
1507 4449 1699 4511 αὐτοὺς
1735 4445 1871 4501 εἶναι

320 4533 688 4605 ἀπεσιώπησεο
743 4552 762 4585 ι
805 4535 1045 4602 Ψυχικδς
1099 4533 1378 4603 ἄνθρωπος
1429 4535 1487 4586 οὐ
1543 4533 1751 4602 δέχεται
1802 4536 1868 4588 τὰ

319 4622 408 4674 τοῦ
439 4624 749 4693 πνεύματος
774 4623 867 4675 τοῦ
893 4623 1045 4675 Θεοῦο
1079 4624 1256 4694 μωρία
1286 4623 1392 4693 γάρ
1412 4625 1555 4675 ἐστιν
1581 4623 1743 4693 αύτῷ-
1767 4626 1794 4676 6
1816 4624 1871 4677 δὲ

319 4715 681 4782 πνευματικὸς
722 4713 998 4782 ἀνακρίνει
1031 4713 1223 4764 πάντα.
1263 4731 1281 4764 ι
1335 4713 1521 4781 Ἡμεῖς
1546 4711 1652 4783 γὰρ
1686 4713 1746 4764 ού
1779 4714 1872 4783 μά-

316 4816 414 4869 την
433 4803 595 4854 αὐτόν
624 4818 806 4871 φαμεν
833 4801 922 4853 ἐπὶ
944 4801 1038 4854 τοῦ
1062 4801 1424 4871 πνευματικοῦ
1458 4802 1532 4872 μὴ
1558 4802 1870 4871 προστεθει-

319 4889 469 4942 κέναι
511 4891 596 4954 τὸ,
645 4889 948 4962 ἄνθρωπος’
996 4891 1240 4958 κρεῖττον
1285 4889 1391 4958 γὰρ
1433 4887 1467 4958 ἢ
1524 4888 1803 4957 ἄνθρωπος
1844 4891 1873 4942 6

320 4980 702 5050 πνευματικὸς,
713 4977 807 5031 τοῦ
834 4978 1120 5049 ἀνθρώπου
1147 4978 1263 5046 ἦτοι
1287 4978 1342 5028 ὲν
1366 4977 1508 5044 ψυχῇ
1531 4976 1565 5044 ἢ
1592 4977 1648 5026 ὲν
1665 4975 1869 5045 σώματι

318 5065 350 5137 ἢ
379 5069 436 5122 ὲν
460 5068 888 5139 συναμφοτέροις
927 5068 1035 5138 (67)
1068 5064 1624 5135 χαρακτηριζομένου,
1664 5065 1781 5134 οὐχὶ
1817 5065 1873 5119 δὲ

387 5205 431 5236 ⁸⁸
456 5203 602 5258 Psal.
624 5219 697 5268 vr,
718 5205 772 5261 6.
852 5205 896 5238 δ’
920 5203 1116 5272 Ephes.
1147 5215 1199 5263 ν,
1227 5199 1278 5253 8.
1352 5201 1398 5232 ⁸⁸
1423 5201 1549 5255 ibid.
1622 5201 1666 5232 "
1691 5200 1844 5256 Joan.
1880 5219 1915 5266 I,
1937 5203 1993 5256 5.

348 5317 498 5401 v(6d)
529 5317 730 5380 οὕτως
750 5316 915 5380 ὅστις
938 5313 1066 5366 ποτ’
1095 5311 1195 5372 ἄν,
1221 5319 1323 5364 etc.
1361 5313 1641 5367 Ferrarius
1667 5314 1874 5382 legebat

321 5401 500 5513 0:66.)
539 5453 765 5516 Ὠσπερ
808 5449 876 5502 δὲ
903 5445 1197 5516 damage,
1232 5452 1333 5498 etc.
1375 5445 1676 5513 Legendum
1720 5449 1870 5505 vide-

327 5512 427 5576 tur.
459 5519 702 5580 δεκτικὸς
723 5512 910 5582 ὥσπερ
929 5517 957 5567 6
984 5512 1219 5574 Παῦλος,
1253 5523 1352 5566 etc.

1966 4362 2019 4406 et
2043 4353 2148 4424 75
2179 4356 2483 4409 ostendens.
2521 4373 2538 4405 ι
2579 4353 2690 4408 Νοη
2723 4355 3027 4408 observavit
3055 4363 3231 4407 autem
3268 4354 3490 4407 Paulum

1966 4444 2032 4497 de
2055 4444 2420 4512 spiritualibus
2451 4444 2772 4511 loquentem,
2809 4459 2901 4496 eos
2926 4445 3166 4497 homines
3196 4459 3335 4516 esse,
3367 4445 3496 4498 reti-

1968 4533 2140 4587 cuisse
2170 4549 2183 4584 :
2219 4549 2237 4583 ι
2281 4533 2542 4587 Animalis
2567 4536 2709 4586 enim
2737 4573 2752 4597 ,
2785 4535 2952 4600 inquit
2980 4573 2993 4594 ,
3027 4533 3187 4586 homo
3217 4549 3320 4586 non
3357 4534 3492 4586 reci-

1966 4621 2043 4690 pit
2071 4634 2187 4689 qua:
2212 4632 2336 4676 sunt
2361 4621 2593 4688 Spiritus
2627 4622 2714 4676 Dei
2759 4639 2772 4674 :
2815 4622 3038 4676 stultitia
3075 4623 3214 4674 enim
3245 4631 3327 4676 est
3365 4622 3439 4674 illi
3479 4639 3494 4674 :

1967 4718 2022 4763 at
2061 4709 2352 4778 spiritualis
2378 4711 2553 4764 omnia
2587 4711 2845 4780 dijudicat
2875 4713 2940 4766 δ’.
2975 4729 2994 4762 ι
3036 4710 3142 4766 Nos
3183 4712 3326 4764 enim
3361 4711 3492 4764 dici-

1969 4815 2085 4856 mus
2105 4815 2208 4856 non
2238 4803 2333 4857 abs
2359 4816 2416 4855 re
2441 4817 2631 4856 nomen
2661 4805 2888 4859 hominis
2913 4819 2940 4856 a
2969 4803 3130 4856 Paulo
3176 4801 3498 4870 praetermis-

1969 4903 2109 4956 sum,
2138 4904 2260 4944 cum
2282 4891 2612 4958 spiritualem
2651 4892 2870 4951 diceret.
2896 4903 2960 4941 eo
2985 4889 3124 4956 quod
3158 4885 3492 4955 praestantius

1973 4978 2220 5046 quiddam
2256 4979 2547 5044 spiritualis
2573 4980 2642 5033 sit
2665 5017 2680 5040 ,
2725 4993 2883 5045 quam
2916 4977 3071 5029 homo
3103 4994 3116 5028 :
3152 4989 3340 5042 nempe
3389 4974 3490 5028 ho-

1980 5065 2138 5127 mine,
2175 5064 2257 5118 vel
2287 5065 2340 5118 in
2370 5065 2570 5128 anima,
2603 5062 2684 5117 vel
2714 5063 2766 5114 in
2793 5075 3034 5130 corpore,
3061 5060 3140 5113 vel
3168 5058 3222 5112 in
3257 5057 3497 5126 utrisque

2095 5202 2138 5233 ⁸⁸
2175 5201 2197 5254 1
2229 5201 2350 5255 Cor.
2375 5215 2411 5253 ιι
2439 5238 2455 5264 ,
2497 5200 2583 5252 14.

2038 5312 2147 5382 (66)
2173 5311 2510 5382 feror-erat.
2552 5309 2690 5378 Lege
2717 5308 2923 5376 γέγονε,
2954 5306 3036 5362 vel
3080 5307 3382 5376 praecedens
3416 5307 3494 5358 ὅτι

1973 5380 2278 5449 mutandum
2309 5380 2512 5432 ἰηὲστί,
2708 5446 2719 5449 _
2923 5442 2973 5449 Μ
3139 5442 3151 5449 _
3253 5439 3290 5449 ,,
3346 5439 3378 5449 ,,
3416 5437 3428 5449 .

2041 5447 2148 5515 (67)
2185 5447 2252 5500 Ἦ
2275 5449 2342 5499 ἐν
2367 5446 2861 5515 συναμφοτέροις,
2920 5442 3030 5515 8ἰοΔ
3057 5442 3220 5495 codex
3253 5439 3493 5493 Bodleia-

1985 5509 2080 5570 nus
2104 5509 2313 5582 {editio
2335 5509 2610 5577 Huctiana',
2645 5513 2676 5582 ἦ
2707 5517 2800 5566 σὺν
2832 5509 3170 5579 ἀμφοτέροις.
