3848 6230
662 234 749 289 iiii
1138 238 1143 243 ’
2060 211 2379 271 URlGENlS

661 349 884 401 formam
929 342 1262 414 accipiente:
1296 354 1397 394 nou
1440 341 1511 392 ita
1562 350 1691 391 vero
1733 336 1786 390 in
1832 333 2021 403 Spiritu
2046 373 2062 397 ,
2112 332 2180 386 his

1866 333 2021 403 pirilu
2046 373 2062 397 ,
2112 332 2196 386 his
2223 332 2267 389 Α
2297 327 2388 379 καὶ
2418 327 2475 378 ἐν
2505 323 2580 394 τῷ
2602 323 2801 376 τούτων
2831 320 3081 391 θειοτέρῳ
3115 316 3385 386 πνεύμα·

663 439 817 506 longe
849 407 1148 499 diviniore;
1197 430 1492 487 secundum
1523 427 1678 495 cujus
1725 424 2182 496 participationem

1866 424 2189 494 cipationem
2289 415 2388 487 χὴν
2427 413 2821 484 ἐπικρατοῦσαν
2849 407 3181 480 χρηματίζει
3224 407 3260 458 ὁ
3310 418 3385 458 πν

664 498 1038 597 ρταζνιιιεηιεω
1073 533 1158 579 est
1187 520 1498 590 spiritualis.
1531 519 1791 572 Praeterea
1824 530 1954 570 vero
1983 529 2102 583 quae
2123 512 2183 567 ad

1866 530 1954 570 ero
1983 529 2102 583 quae
2123 512 2190 567 ad
2288 507 2344 560 δὲ
2376 506 2466 558 καὶ
2488 502 2555 556 τὰ
2573 504 2670 571 τῆς
2693 500 2943 569 τοιαύτης
2972 498 3385 602 ὒπρθέσεως,⁹]

662 584 822 671 intem
852 614 1151 684 opinionem
1183 584 1460 678 spectant,
1494 606 1576 661 vel
1620 606 1737 661 sine
1774 603 2047 674 apparenti
2092 606 2181 656 de-

1866 603 2047 658 iarenti
2092 606 2191 656 de-
2293 594 2453 684 μένης
2482 590 2821 684 ἀποὸείςεως,
2857 584 3253 684 ἀποφαίνεται,
3291 585 3385 684 ὀῦ<

666 672 1048 759 tuonstratione
1076 700 1339 760 enuntiat,
1372 712 1439 753 ne
1469 697 1790 751 mediocrem
1821 692 2033 763 quidem
2072 706 2185 758 per-

1838 672 2033 763 lutae".
2072 706 2192 758 per-
2290 679 2487 749 χούσης
2512 676 2861 746 πιθανότητος
2893 674 3097 744 φθάσαι
3127 675 3219 737 εἰς
3249 672 3357 725 τὸν

665 791 964 847 suasionem
1014 785 1275 858 attingere
1300 786 1479 841 valens
1505 823 1522 848 ,
1567 781 1883 839 disserendo
1931 780 1997 834 de
2049 780 2184 834 hisce

1866 795 1883 835 )
1931 780 1997 834 de
2049 780 2194 834 ιιίεαε
2290 766 2530 839 δυνηθεὶς
2557 767 2729 834 λόγον.
2766 766 2875 818 Καὶ
2893 763 3063 817 ταῦτα
3100 764 3211 833 μὲν
3236 763 3385 832 περὶ

665 881 843 934 rebus.
878 879 983 934 Sed
1019 878 1084 932 de
1107 877 1195 932 illo
1215 877 1492 931 hactenus.

735 971 823 1026 16.
851 970 964 1039 Age
996 983 1125 1023 vero
1172 968 1505 1035 iuquiramus
1527 964 1688 1019 etiam
1719 977 1818 1018 nos
1836 962 1960 1023 hoc,
1990 956 2196 1012 scilicet

1866 974 1960 1023 ιοε,
1990 956 2196 1012 εὒῖιίοθῑ
2359 966 2492 1035 Φέρε
2521 965 2576 1018 δὲ
2592 966 2684 1018 καὶ
2728 966 2885 1035 ἡμεῖς
2917 965 3012 1015 καὶ
3050 962 3215 1016 τοῦτο
3250 963 3385 1033 ζηττ

668 1072 793 1115 num
824 1059 930 1113 vita
963 1066 1080 1113 erat
1105 1056 1375 1111 hominum
1406 1064 1608 1109 tantum
1639 1054 1725 1108 lux
1747 1092 1763 1118 ,
1793 1062 1848 1107 et
1874 1065 1976 1105 non
2018 1053 2187 1119 potius

1874 1065 1976 1105 non
2018 1053 2195 1119 potius
2292 1050 2359 1125 ἦν
2373 1053 2543 1125 μόνων
2562 1053 2856 1124 ἀνθρώπιον
2875 1052 3011 1122 φῶς,
3029 1052 3126 1105 καὶ
3146 1051 3228 1123 μὴ
3256 1068 3378 1105 παν

668 1149 903 1218 cujusvis
926 1149 977 1200 in
1010 1145 1337 1200 beatitudine
1361 1142 1691 1197 exsistcntis.
1730 1141 1860 1194 Nam
1890 1142 1934 1195 si
1961 1159 1980 1191 ι
2014 1141 2118 1194 vita
2145 1149 2187 1193 el

1890 1142 1934 1195 si
1961 1159 1980 1191 ι
2014 1141 2118 1194 vita
2145 1149 2194 1193 et
2299 1142 2649 1216 μακαριότητι
2665 1142 3035 1214 τυγχάνοντος.
3079 1141 3215 1197 ’Ἐὰν
3232 1144 3357 1213 γὰρ
3382 1165 3385 1177 ι

668 1238 757 1293 lux
794 1238 1066 1293 hominum
1101 1256 1120 1289 ι
1155 1237 1291 1290 idem
1328 1243 1470 1298 sunt,
1497 1244 1551 1287 et
1583 1232 1856 1285 ltominum
1894 1239 2097 1284 tantum
2127 1232 2187 1284 sit

1894 1239 2097 1284 tantum
2127 1232 2200 1284 sit
2298 1237 2388 1288 καὶ
2419 1234 2531 1304 φῶς
2568 1231 2882 1305 ἁνθρώταυν,
2929 1253 2948 1284 ι
2985 1235 3079 1286 καὶ
3125 1233 3322 1303 μόνων
3372 1249 3385 1286 ι

668 1327 868 1381 Christi
904 1326 1015 1388 lux,
1047 1325 1320 1379 hominum
1353 1330 1557 1375 tantum
1586 1321 1748 1374 etiam
1777 1321 1889 1373 vita
1924 1320 2022 1372 erit
2049 1336 2065 1371 :
2095 1320 2187 1374 hct

1824 1322 1889 1372 ita
1924 1320 2022 1372 erit
2049 1336 2065 1371 :
2095 1320 2201 1374 hoc
2296 1325 2388 1378 τοῦ
2405 1323 2635 1394 Χριστοῦ
2665 1322 2798 1391 φῶς,
2824 1324 2996 1391 μόνων
3019 1321 3343 1394 ἀνθρώπων

667 1425 844 1471 autem
892 1414 1151 1483 suspicari
1199 1428 1349 1482 atque
1389 1411 1610 1471 stultum
1641 1424 1722 1465 est
1750 1419 1909 1479 atque
1938 1409 2186 1477 impium.

1866 1424 1909 1463 te
1938 1409 2155 1477 impium
2183 1446 2200 1473 ,
2298 1411 2754 1481 δ’ὑπολαμϐανειν
2779 1413 2925 1465 ἐστὶν
2944 1411 3150 1481 ἠλίθιον
3187 1412 3319 1481 ἅμα
3368 1429 3385 1465 π

671 1505 1065 1573 refragantibus
1113 1504 1233 1558 aliis
1279 1500 1573 1570 Scripturis
1607 1499 1731 1554 huic
1779 1498 2190 1567 intelligentia:

1866 1498 2147 1567 elligentitn
2183 1514 2197 1550 :
2304 1500 2685 1573 μαρτυρουσῶν
2728 1500 2833 1553 τῶν
2867 1500 3042 1554 ἄλλων
3064 1500 3314 1570 Γραφῶν
3351 1518 3385 1553 τ

670 1596 934 1663 siquidem
966 1594 1178 1663 quando
1209 1592 1572 1659 proﬁciemus,
1601 1590 1798 1644 erimus
1829 1597 2077 1657 tanquam
2109 1603 2189 1657 pa-

1866 1603 2077 1657 tnquam
2109 1603 2201 1688 pa:
2236 1633 2275 1688 Β
2302 1596 2355 1647 εἴ
2371 1610 2453 1662 γε,
2476 1596 2603 1647 ὅταν
2630 1592 3006 1665 προκόψωμεν,
3039 1593 3330 1662 ἰσάγγελοι
3361 1595 3385 1645 ὲ

673 1696 761 1739 res
791 1684 993 1752 angelis
1022 1681 1089 1735 ⁸³.
1124 1681 1231 1738 Sed
1271 1681 1349 1735 sic
1384 1680 1694 1734 solvendum
1743 1686 1825 1732 est
1871 1679 2088 1733 dubium
2114 1716 2130 1741 ,
2157 1677 2192 1731 si

1871 1679 2088 1733 dubium
2114 1716 2130 1741 ,
2157 1677 2203 1731 si
2236 1677 2274 1688 “’
2303 1682 2487 1735 λυτέον
2507 1681 2566 1735 τὸ
2586 1681 2876 1752 ἀπορηθὲν,
2900 1679 3019 1751 οὐχὶ
3045 1680 3167 1734 εἴτι
3192 1678 3385 1749 λέγετε

672 1775 798 1845 quid
828 1776 1125 1842 aliquorum
1164 1786 1283 1827 esse
1305 1770 1537 1835 dicatur,
1565 1784 1669 1842 non
1697 1769 1948 1823 continuo
1981 1767 2108 1821 illud
2137 1766 2191 1821 ac

1866 1783 1948 1823 tuo
1981 1767 2108 1821 illud
2137 1766 2206 1821 ad
2309 1773 2479 1842 μόνων
2509 1771 2624 1825 ἐστὶ
2650 1772 2711 1824 τὸ
2747 1771 3051 1842 λεγόμενον.
3085 1768 3286 1833 Οὕτως
3325 1767 3385 1824 οὗ

675 1878 766 1917 eos
791 1862 932 1917 solos
951 1862 1023 1915 'de
1045 1861 1239 1929 quibus
1263 1858 1314 1912 id
1351 1858 1566 1921 dicitur,
1591 1856 1880 1923 pertinere.
1913 1853 2004 1909 Sic
2040 1854 2194 1921 igitut

1866 1892 1880 1910 .
1913 1853 2004 1909 Sic
2040 1854 2207 1921 igitur
2307 1861 2421 1931 φῶς
2466 1860 2781 1932 ἀνθρώπων,
2804 1859 2976 1930 μόνων
2998 1859 3314 1931 ἀνθρώπων
3341 1863 3385 1913 ἐς

675 1969 780 2007 non
815 1952 858 2008 si
890 1953 995 2005 vita
1030 1952 1118 2004 lux
1149 1950 1419 2004 hominum
1447 1949 1666 2011 dicitur,
1698 1946 1972 2001 hominum
2004 1954 2194 1999 tantum

1866 1961 1972 1999 tttm
2004 1954 2204 1999 tantum
2307 1949 2414 2019 γὰρ
2445 1946 2868 2019 προσκεῖσθαι,ή
2904 1947 3015 2019 ζωὴ
3038 1944 3105 2018 ἦν
3136 1945 3198 2001 τὸ
3219 1948 3336 2001 τῶν
3379 1971 3385 2000 4

676 2051 760 2096 est
810 2042 919 2096 lux.
970 2041 1189 2094 Poterat
1228 2038 1370 2093 enim
1421 2036 1579 2098 addi.
1625 2037 1734 2090 vita
1782 2042 1901 2089 erat
1935 2035 2195 2088 hominum

1866 2042 1901 2087 it
1935 2035 2206 2088 hominum
2308 2038 2441 2105 φῶς.
2473 2037 2685 2103 Ἔξεστι
2709 2037 2817 2108 γὰρ
2847 2037 2906 2089 τὸ
2936 2037 3050 2104 φῶς
3079 2036 3192 2090 τῶν
3210 2037 3385 2109 ἀνθρά

680 2142 883 2184 tantum
918 2131 1007 2184 lux
1042 2148 1056 2184 :
1094 2129 1208 2183 ﬁeri
1252 2128 1394 2182 enim
1443 2134 1617 2194 potest
1662 2135 1717 2179 ut
1763 2126 1853 2178 lux
1894 2124 2199 2187 hominum,

1894 2124 2165 2178 hominum
2190 2162 2206 2187 ,
2308 2127 2457 2198 παρὰ
2483 2127 2605 2190 τοὺς
2631 2123 2944 2197 ἀνθρώπους
2985 2121 3123 2180 εἶναι
3160 2122 3301 2196 φῶς·
3338 2127 3385 2179 ὼ

680 2223 899 2275 aliorum
949 2233 1199 2288 quoque,
1251 2228 1603 2287 praeterquam
1655 2216 1925 2270 hominum
1979 2216 2049 2270 sit
2095 2215 2199 2280 lux,

1866 2231 1925 2269 1m
1979 2216 2049 2270 sit
2095 2215 2205 2280 lux,
2308 2213 2440 2280 ζῶα,
2474 2213 2567 2269 καὶ
2591 2214 2716 2267 τάδε
2739 2213 2806 2267 τὰ
2835 2215 2974 2282 φυτὰ
3004 2214 3315 2286 ἀνθρώπων
3354 2216 3385 2268 ὅ

678 2310 895 2379 perinde
917 2318 1077 2378 atque
1106 2322 1224 2363 cum
1253 2303 1500 2361 animalia
1537 2306 1778 2375 quadam
1811 2314 1865 2359 et
1892 2306 2086 2374 plantae
2115 2306 2197 2360 ho

1892 2306 2086 2374 plantae
2115 2306 2211 2360 ho-
2309 2303 2505 2374 ἑτέρων
2534 2304 2681 2375 παρὰ
2709 2305 2834 2367 τοὺς
2865 2303 3184 2373 ἀνθρώπους
3213 2305 3283 2357 τὰ
3313 2305 3384 2357 αὖ

681 2385 912 2454 minibus
949 2398 1290 2467 suppeditant
1318 2399 1456 2452 unde
1482 2396 1712 2462 alantur,
1741 2403 1917 2449 tamen
1949 2395 2053 2448 alia
2080 2409 2200 2463 quo-

1835 2410 1917 2449 teu
1949 2395 2053 2448 alia
2080 2409 2211 2463 quo-
2309 2396 2417 2448 Καὶ
2444 2393 2597 2447 τοῦτο
2643 2394 2736 2463 μὲν
2768 2392 2875 2446 ἀπὸ
2919 2393 3018 2462 τῆς
3058 2392 3354 2463 συνηθείας

679 2499 783 2552 que
838 2493 1030 2552 pra-ter
1083 2484 1327 2539 homines
1380 2484 1523 2537 alere
1572 2491 1810 2552 possunt.
1863 2481 1974 2537 Hoc
2034 2491 2198 2536 auten

1866 2481 1974 2537 Hoc
2034 2491 2211 2536 autem
2309 2480 2452 2544 ἄξιον
2470 2481 2526 2534 δὲ
2551 2480 2655 2534 ἀπὸ
2681 2479 2787 2534 τῶν
2818 2478 3191 2533 θεοπνεύστων
3218 2478 3385 2549 λόγων

682 2575 978 2642 exemplum
1014 2586 1080 2627 ex
1113 2570 1496 2627 consuetudine
1547 2579 1816 2640 sumptum
1871 2580 1973 2624 est.
2015 2570 2201 2625 Verum

1871 2580 1973 2624 est.
2015 2570 2213 2625 Verum
2315 2570 2576 2639 ραὸαλεῖν.
2624 2565 2834 2623 Ἑνθάδε
2866 2567 3042 2623 τοίνυν
3085 2568 3360 2640 ζητοῦμεν

684 2665 958 2717 enimvero
984 2663 1197 2729 dignum
1229 2668 1311 2715 est
1354 2667 1412 2712 ut
1464 2673 1495 2712 e
1542 2657 1839 2727 Scripturis
1871 2657 1962 2711 Dei
2009 2657 2203 2727 Spiritu

1871 2657 1962 2711 Dei
2009 2657 2210 2727 Spiritu
2309 2656 2370 2712 τὸ
2397 2660 2509 2728 φῶς
2536 2659 2643 2712 τῶν
2671 2657 2965 2728 ἀνθρώπων
3000 2659 3092 2712 καὶ
3127 2659 3336 2730 ἑτέρων
3360 2678 3385 2712 ε

684 2750 906 2815 proditis
928 2746 1102 2802 simile
1123 2746 1484 2801 conferamus.
1512 2743 1742 2798 Proinde
1772 2744 1875 2799 hoc
1908 2744 1960 2797 iu
1990 2744 2104 2799 loco
2129 2745 2203 2798 in-

1866 2759 1875 2798 :
1908 2744 1960 2797 in
1990 2744 2104 2799 loco
2129 2745 2213 2798 in-
2312 2765 2421 2810 τες,
2446 2749 2526 2800 ὅτι
2568 2747 2706 2817 οὐχὶ,
2735 2746 2856 2800 ἐπεὶ
2898 2747 3115 2815 λέγεται
3154 2767 3174 2798 ι
3216 2748 3332 2818 φῶς
3369 2753 3385 2802 d

686 2834 948 2899 quirimus
975 2849 1096 2886 num
1137 2831 1424 2900 quidquam
1472 2832 1754 2899 prohibeat
1779 2867 1794 2895 ,
1830 2831 2007 2886 lucem
2040 2831 2205 2887 homi-

1866 2846 2007 2886 ucem
2040 2831 2215 2887 homi-
2313 2838 2725 2892 ἀποκέκλεισται
2770 2838 2862 2890 καὶ
2902 2838 3104 2909 ἑτέρων
3157 2839 3311 2907 παρὰ
3367 2857 3385 2891 1

687 2940 810 2976 unm
840 2939 957 2978 esse
988 2924 1147 2977 etiam
1181 2922 1352 2976 lucem
1385 2921 1631 2985 aliorum,
1678 2921 1937 2984 dicentes,
1971 2930 2206 2989 prapter-

1866 2935 1937 2984 es,
1971 2930 2212 2989 propter-
2240 2940 2281 3000 ο
2314 2925 2651 2997 κρειττόνων,
2694 2925 2727 2995 ἢ
2771 2925 3041 2996 ἄνθρωποι
3078 2925 3190 2996 (69)
3228 2924 3385 2996 ὁμοία

687 3028 747 3067 ea
787 3013 928 3079 quod
975 3013 1186 3066 dicatur
1226 3030 1244 3061 ι
1295 3010 1381 3062 lux
1435 3009 1731 3071 hominum,
1768 3028 1786 3059 ι
1814 3023 1916 3063 non
1953 3010 2062 3079 iam
2098 3010 2206 3065 ideo

1866 3024 1916 3063 in
1953 3010 2062 3079 jam
2098 3010 2216 3065 ideo
2317 3015 2447 3084 φῶς.
2491 3014 2922 3083 Ἀναγέγραπται
2954 3013 3009 3066 δὲ
3031 3016 3060 3067 ὁ
3084 3014 3216 3077 Θεὸς
3253 3013 3385 3078 Θεὸς

688 3098 895 3154 excludi
939 3101 1162 3155 aliorum
1199 3114 1410 3169 quoque
1440 3099 1743 3154 hominibus
1767 3100 2207 3165 praestandorum,

1866 3100 2217 3165 Nautiorum,
2317 3104 2409 3158 καὶ
2438 3103 2567 3167 Θεὸς
2607 3102 2809 3165 Ἰσαὰκ,
2832 3102 2925 3155 καὶ
2950 3103 3082 3165 Θεὸς
3120 3102 3335 3156 Ἰακὼ6’
3370 3106 3385 3157 ἐ

691 3192 773 3245 τοι
823 3188 1126 3245 hominibus
1168 3190 1454 3252 similium,
1496 3188 1659 3241 veluti
1708 3189 1876 3243 lucem
1911 3203 2052 3245 esse.
2088 3188 2210 3244 Nam

1866 3206 1876 3243 t
1911 3203 2052 3245 esse.
2088 3188 2217 3244 Nam
2318 3193 2505 3264 ἐπειδὴ
2532 3194 2761 3264 εἴρηται,
2801 3194 2876 3263 ιή
2910 3192 3023 3265 ζωὴ
3041 3190 3110 3264 ἦν
3136 3193 3195 3248 τὸ
3225 3193 3341 3264 φῶς
3362 3214 3385 3248 τ

691 3293 811 3349 cum
849 3279 920 3333 sit
940 3279 1222 3347 scriptum,
1250 3281 1412 3334 Deum
1445 3294 1564 3335 esse
1593 3281 1756 3335 Deum
1805 3280 2071 3335 Abraham
2099 3318 2113 3345 ,
2163 3290 2210 3334 et

1841 3280 2071 3335 .braham
2099 3318 2113 3345 ,
2163 3290 2217 3334 et
2318 3282 2377 3336 τὸ
2401 3285 2514 3351 φῶς
2548 3280 2766 3353 μηδενὸς
2799 3284 2983 3354 ἐτέρου
3017 3279 3212 3357 εἶναιῆ
3251 3284 3360 3341 τῶν

693 3367 856 3422 Deum
892 3366 1070 3430 Isaac,
1101 3377 1156 3420 et
1178 3367 1340 3422 Deum
1377 3366 1544 3424 Jacob
1573 3370 1638 3433 “,
1671 3370 1759 3437 qui
1792 3368 2063 3434 voluerit,
2094 3370 2212 3436 quia

1866 3368 2063 3434 luerit,
2094 3370 2216 3436 quia
2318 3373 2608 3442 ’τὸ-ὅμοιον
2648 3372 2888 3443 οἰήσεται
2932 3373 3026 3426 τὸν
3080 3373 3212 3427 Θεὸν
3283 3376 3385 3444 Ἀὅι

694 3456 895 3508 dictum
923 3460 1012 3519 sit,
1049 3473 1068 3506 ι
1106 3457 1212 3508 vita
1242 3466 1358 3508 erat
1403 3457 1491 3510 lux
1530 3459 1803 3517 hominum
1836 3456 2120 3524 ",nlncem
2152 3461 2213 3513 ad

1866 3458 2120 3524 ',nlncem
2152 3461 2220 3513 ad
2331 3460 2532 3525 Ἰσαὰκ,
2565 3461 2656 3513 καὶ
2697 3459 2826 3515 Θεὸν
2864 3460 3078 3527 Ἰακὼϐ,
3117 3463 3342 3533 μηδενὸς
3365 3482 3385 3515 ε

697 3541 898 3595 nullum
932 3543 1094 3596 alium
1125 3551 1480 3611 praeterquam
1511 3545 1577 3599 ad
1624 3546 1868 3600 homines
1911 3547 2216 3614 pertinere,

1861 3562 1868 3597 ι
1911 3547 2179 3614 pertinuere
2204 3585 2220 3610 ,
2320 3548 2481 3620 τριῶν
2509 3548 2678 3618 μόνων
2705 3544 2904 3602 τούτων
2943 3548 3210 3622 πατέρων.
3248 3552 3380 3605 Ἔστ

696 3632 965 3686 existimet
1005 3642 1213 3701 oportet
1240 3633 1286 3687 is
1332 3634 1448 3700 pari
1494 3636 1687 3699 modo,
1727 3636 1889 3689 Deum
1924 3635 2118 3690 nullius
2146 3636 2215 3690 al-

1848 3651 1889 3689 [η
1924 3635 2118 3690 nullius
2146 3636 2223 3690 al-
2333 3637 2507 3690 Ἠλίου
2536 3635 2685 3702 Θεὸς,
2717 3638 2830 3700 καὶ,
2858 3637 2934 3700 ὥς
2959 3654 3121 3708 φησιν
3164 3636 3367 3703 Ἰουδὶθ,

699 3720 868 3774 terius
914 3715 1078 3773 Deum
1123 3734 1283 3784 esse,
1339 3720 1439 3774 nisi
1471 3728 1671 3774 tantum
1721 3723 1905 3777 horum
1936 3724 2091 3777 trium
2125 3739 2218 3794 pa-

1866 3738 1905 3774 ιη
1936 3724 2091 3777 trium
2125 3739 2219 3794 pa-
2321 3726 2420 3796 τῆς
2457 3722 2697 3796 Συμεὼν,
2726 3727 2819 3780 καὶ
2857 3726 2987 3791 Θεὸς
3023 3727 3128 3780 τῶν
3169 3728 3385 3800 Ἐϐραια

701 3821 859 3863 trum.
879 3808 1068 3864 Verum
1091 3809 1215 3865 Elite
1242 3810 1482 3878 profecto
1502 3812 1660 3865 etiam
1675 3812 1778 3882 75
1798 3824 1878 3867 est
1896 3814 2035 3868 Deus
2054 3814 2131 3880 ⁸⁶;
2152 3824 2220 3882 et,

1866 3814 2035 3868 tDeus
2054 3814 2224 3882 ";et,
2329 3819 2389 3873 τὸ
2434 3822 2634 3890 ὅμοιον,
2662 3822 2710 3872 εἱ
2756 3820 2919 3889 μηδὲν
2956 3819 3150 3873 κωλύει
3187 3816 3320 3875 εἶναι
3356 3841 3385 3876 α

699 3906 757 3950 ut
783 3898 956 3967 inquit
979 3897 1163 3954 Judith
1189 3898 1256 3964 ⁸⁷,
1285 3900 1455 3968 patris
1481 3900 1561 3955 sui
1589 3900 1816 3971 Symeon
1837 3939 1855 3965 ,
1882 3911 2042 3971 atque
2064 3904 2218 3959 etiam

1882 3911 2042 3971 atque
2064 3904 2223 3959 etiam
2329 3909 2477 3971 Θεὸν,
2510 3908 2656 3961 οὐδὲν
2688 3908 2881 3961 κωλύει
2925 3902 3061 3962 εἶναι
3088 3909 3148 3961 τὸ
3174 3910 3285 3979 φῶς
3316 3912 3385 3965 τῶ

700 3985 1041 4044 Hebraeorum
1063 3995 1149 4043 est
1176 3988 1317 4044 Deus
1347 3987 1412 4043 ⁸⁸.
1442 3988 1795 4054 Quamobrem
1849 3993 1894 4043 si
1944 3991 2073 4044 nihil
2105 4007 2219 4061 pro-

1849 3993 1894 4043 si
1944 3991 2073 4044 nihil
2105 4007 2228 4061 pro-
2329 3998 2527 4067 ἑτέρων
2547 3997 2696 4068 παρὰ
2727 3997 2850 4060 τοὺς
2885 3997 3194 4070 ἀνθρώπους
3210 3999 3339 4069 φῶς.

703 4080 846 4134 hibet
872 4080 1035 4133 Deum
1058 4079 1280 4135 aliorum
1308 4091 1520 4145 qnoquc
1544 4091 1662 4132 esse
1689 4078 1874 4141 Deum,
1907 4079 2092 4133 eodem
2134 4083 2290 4139 modo
2321 4085 2451 4139 nihil
2478 4084 2759 4154 prohibeat
2786 4094 3019 4153 oportet,
3047 4087 3216 4142 lucem
3247 4089 3386 4144 homi

701 4171 946 4236 aliorum,
982 4178 1337 4237 praeterquam
1374 4162 1674 4229 hominum,
1705 4164 1898 4218 lucem.

771 4259 858 4313 Π.
903 4258 1071 4312 Porro
1109 4257 1245 4311 alius
1286 4255 1550 4324 quispiam
1582 4253 1746 4308 etiam
1784 4253 2086 4310 testimonio
2138 4257 2228 4314 illo
2256 4262 2290 4322 ι]

1866 4253 2086 4310 tintouio
2138 4257 2228 4314 illo
2256 4262 2305 4322 ι)
2403 4254 2593 4317 ’Δλλος
2638 4250 2696 4306 δέ
2743 4270 2862 4318 τις,
2927 4252 3385 4326 προσχρησάμενος

704 4358 859 4402 utens
892 4368 905 4401 ;
944 4364 963 4396 ι
1008 4342 1286 4399 Faciamus
1321 4342 1589 4400 hominem
1617 4340 1682 4394 ad
1730 4341 2010 4409 imaginem
2055 4351 2110 4398 et
2150 4345 2223 4399 si-

1866 4341 2010 4396 ‘inem
2055 4351 2110 4398 et
2150 4345 2228 4399 si-
2335 4358 2513 4413 σωμεν
2556 4338 2834 4411 ἄνθρωπον
2877 4341 2996 4395 κατ’
3033 4342 3209 4395 εἰκόνα
3253 4345 3385 4398 καὶέ

705 4434 1057 4489 militudinem
1086 4440 1324 4486 nostram
1350 4427 1710 4493 “,ihominem
1748 4442 1868 4482 esse
1891 4428 2037 4492 dicit,
2069 4431 2224 4499 quid-

1866 4428 2037 4492 :dicil,
2069 4431 2230 4499 quid-
2336 4449 2453 4504 ραν,
2506 4451 2524 4482 ι
2561 4433 2668 4483 πᾶν
2703 4431 2764 4482 τὸ
2799 4432 2916 4483 κατ’
2957 4431 3137 4483 εἰκόνα
3177 4433 3265 4486 καὶ
3294 4434 3385 4501 ὁμο

705 4525 832 4593 quid
864 4525 929 4576 ad
959 4522 1242 4589 imaginem
1270 4528 1327 4575 et
1360 4518 1761 4573 similitudinem
1790 4517 1879 4571 Dei
1907 4518 1979 4571 sit
2006 4517 2224 4584 factum,

1866 4517 1979 4571 isit
2006 4517 2231 4584 factum,
2334 4518 2467 4574 Θεοῦ
2518 4518 2795 4589 ἄνθρωπον
2847 4515 2985 4571 εἶναι
3018 4535 3176 4589 φησι,
3222 4522 3385 4593 μυρίοι

706 4613 1002 4668 innumeris
1040 4612 1140 4667 hac
1165 4612 1219 4665 in
1251 4625 1309 4665 re
1349 4619 1503 4663 utens
1550 4609 1830 4676 exemplis,
1859 4607 1991 4660 nihil
2030 4609 2225 4663 referre

1866 4607 1991 4660 nihil
2030 4609 2229 4663 referre
2333 4607 2489 4663 τοῦτο
2530 4607 2978 4678 παραδείγμασιν,
3020 4608 3101 4660 ὅτι
3130 4609 3269 4663 οὐδὲν
3297 4610 3385 4663 διας

707 4703 1012 4771 Scriptum,
1047 4700 1314 4755 hominem
1360 4699 1504 4751 dicat
1530 4712 1596 4749 an
1629 4697 1874 4763 angelum
1908 4694 2014 4748 :de
2041 4695 2226 4750 eodem

1858 4710 1874 4746 t
1908 4712 1921 4747 :
1948 4694 2014 4748 de
2041 4695 2228 4750 eodem
2334 4698 2608 4768 ἄνθρωπον
2638 4698 2670 4768 ἢ
2700 4697 2925 4767 ἄγγελον
2954 4697 3141 4764 φάναι·
3172 4698 3256 4751 ἐπὶ
3280 4698 3377 4770 γὰρ

706 4792 849 4846 enim
898 4789 1134 4859 subjecto
1157 4787 1351 4842 alicubi
1384 4786 1505 4854 poni
1545 4785 1716 4854 angeli
1747 4795 1799 4839 et
1825 4784 2053 4839 hominis
2077 4800 2225 4839 voca<

1861 4784 2053 4839 ominis
2077 4800 2231 4839 νοω·
2334 4788 2580 4857 κειμένου
2602 4787 2662 4839 ού
2678 4789 2850 4840 κεῖται
2870 4786 2981 4857 (72)
3002 4789 3036 4857 ἡ
3058 4787 3269 4855 ἄγγελος
3291 4788 3376 4841 καὶ

707 4879 927 4945 bulum,
979 4876 1424 4949 quemadmodum
1479 4876 1532 4929 in
1586 4875 1759 4928 tribus
1806 4873 1908 4928 illis
1948 4873 2037 4937 qui
2092 4873 2226 4943 apud

1866 4873 1908 4928 is
1948 4873 2037 4937 qui
2092 4873 2229 4943 apud
2333 4876 2559 4948 ηγορία’
2620 4875 2804 4947 ὥσπερ
2879 4876 2969 4929 ἐπὶ
3026 4875 3132 4930 τῶν
3182 4875 3385 4942 ξενισθέκ

778 5039 823 5104 ’ξ
854 5035 1036 5091 Matth.
1068 5042 1199 5098 xin,
1226 5032 1314 5089 30.
1384 5029 1431 5066 “
1460 5032 1623 5104 Exod.
1650 5046 1739 5104 ttt._
1769 5026 1947 5104 6,__15,
1977 5031 2071 5104 iii;
2119 5044 2193 5104 tif.
2334 5030 2379 5065 ⁸⁸
2403 5033 2559 5104 Ιοτιη.
2595 5050 2640 5099 ι,
2672 5034 2725 5086 4.
2804 5033 2850 5065 ⁸³
2874 5030 2935 5086 IV
2969 5033 3097 5104 Reg.
3135 5047 3192 5100 tt,
3222 5036 3300 5090 Η.
3381 5034 3386 5066 ¹

712 5103 757 5135 ³⁸
781 5103 946 5156 Exod.
975 5119 1055 5169 Ill,
1087 5103 1173 5168 l8;
1209 5116 1259 5168 ν,
1291 5104 1352 5167 5;
1382 5117 1475 5166 vn,
1503 5102 1588 5168 l6;
1620 5114 1691 5166 Ix,
1721 5101 1770 5165 l,
1810 5099 1910 5162 13;
1936 5115 1989 5164 χ,
2020 5099 2075 5152 3.
2152 5098 2196 5130 "
2222 5099 2355 5154 Gen.
2380 5118 2418 5165 i,
2441 5102 2529 5156 26.

784 5229 895 5308 (68)
924 5226 1164 5283 Τούτων.
1204 5231 1277 5284 Ita
1309 5231 1475 5285 codex
1504 5229 1818 5284 Bodleianus
1842 5244 1856 5292 ;
1881 5225 2096 5296 Regius,
2130 5238 2238 5279 ma-
2334 5296 2347 5308 _
2404 5228 2514 5307 (7i)
2542 5228 2733 5308 "Eget.
2768 5227 2844 5282 lta
2871 5229 3036 5285 codex
3061 5226 3386 5300 Bodleiauus;

714 5296 1007 5358 ιε,’τοῦτον.

784 5364 893 5426 (69)
923 5366 1258 5432 'Arﬂpwzoi.
1296 5361 1434 5427 Lege
1461 5365 1776 5432 ἀνθρώποις.
1946 5428 1974 5432 _
2060 5428 2071 5432 Δ

2334 5296 2570 5353 herinus.
2604 5296 2703 5347 ἔτι.
3373 5296 3379 5300 ’

1946 5428 1974 5432 _
2060 5428 2071 5432 Δ
2404 5360 2513 5432 (72)
2549 5365 2629 5432 οὺ
2659 5361 2857 5432 κεῖεαι.
2899 5363 2996 5416 Vel
3026 5365 3288 5429 delendum
3330 5369 3379 5423 οὐ

787 5432 895 5500 (70)
932 5431 1137 5500 Εἷναιι
1175 5430 1265 5481 Sit:
1320 5433 1483 5500 codex
1535 5428 1879 5495 Bodleiauus;
1944 5428 2140 5497 Regius
2186 5435 2237 5481 et

1535 5428 1879 5495 Bodleiauus;
1944 5428 2140 5497 Regius
2186 5435 2237 5481 et
2337 5429 2459 5493 ποῦ,
2490 5428 2563 5485 ttli
2591 5429 3046 5500 lngitFerrarius.

718 5499 1051 5559 [i.tt‘thiltllS,
1088 5494 1213 5563 εἷεν,
1243 5495 1400 5550 male.
