3848 6172
350 348 441 402 157

1468 358 1815 416 COMMENT.
1853 358 1921 412 1N
1951 356 2144 412 JOAN.
2170 352 2404 411 TOMUS
2425 351 2489 406 ll.

3473 338 3572 394 158

345 457 444 512 άπὸ
468 454 555 508 τοῦ
586 453 796 526 πρῶτον
827 452 1103 528 λαμϐανο
1113 469 1294 542 μένης
1322 470 1477 539 λόγου
1497 487 1512 504 ·
1543 471 1637 524 καὶ
1669 470 1805 526 κατὰ
1833 469 1915 540 μὲι

2031 484 2122 525 ces
2149 478 2205 524 et
2245 468 2425 527 bruta,
2473 462 2565 518 sed
2606 476 2724 518 eam
2758 473 2876 531 quae
2904 460 3180 529 completas
3208 460 3260 514 iu
3289 460 3442 514 nob’s
3480 476 3564 514 ra-

348 546 404 598 τδ
430 543 835 615 ἀποστραφῆναι
865 544 1302 617 τὴν⁹δοκοῦσαν
1347 557 1506 628 ζωὴν,
1547 558 1646 611 οὐκ
1684 554 1846 610 οὖσαν
1874 557 1930 609 δὲ

355 637 575 711 ἀληθῶς.
603 637 696 691 καὶ
727 638 910 692 ποθεῖν
942 647 1220 718 χωρῆσαι
1253 649 1350 720 τὴν
1373 647 1582 720 άληθῶς
1611 647 1751 718 ζωὴν
1782 647 1930 718 πρῶ-

360 748 443 784 τον
490 730 844 802 κοινωνοῦμεν
894 732 1066 806 αὐτῇ,
1103 738 1235 808 ἥτις
1279 739 1540 809 γενομένη
1585 739 1644 791 ὲν
1675 739 1804 808 ἡμῖν
1836 737 1930 789 καὶ

368 823 530 890 φωτὸς
559 819 808 890 γνώσεως
848 822 1160 890 ὑπόστασις
1199 829 1429 896 γίνεται.
1466 828 1576 882 Καὶ
1619 827 1756 896 τάχα
1793 825 1926 896 αὕτη

373 915 408 983 ἡ
436 911 543 983 ζωὴ
576 911 704 983 παρ’
751 908 832 976 οἷς
879 913 977 984 μὲν
1012 915 1248 987 δυνάμει
1291 919 1385 971 καὶ
1411 918 1508 970 οὐκ
1544 917 1787 988 ἐνεργείᾳ
1817 917 1929 984 φῶς

377 1005 504 1067 ἐστι,
529 1005 636 1066 τοῖς
658 1003 725 1056 τὰ
766 1004 867 1072 τῆς
905 1003 1168 1073 γνώσεως
1203 1007 1474 1072 ἐξετάζειν
1516 1008 1588 1077 μὴ
1621 1007 1927 1076 φιλοτιμου-

378 1095 568 1164 μένοις,
596 1096 723 1164 παρ’
748 1095 952 1165 ἑτέροις
977 1095 1035 1148 δὲ
1063 1096 1160 1148 καὶ
1192 1097 1436 1168 ἐνεργείᾳ
1456 1097 1761 1166 γενομένοις
1794 1095 1923 1164 φῶς·

370 1187 520 1256 δῆλον
547 1187 626 1252 δὲ,
661 1188 742 1240 ὅτι
772 1188 897 1258 παρ’
940 1185 1021 1252 οἷς
1049 1189 1409 1260 κατορθοῦται
1437 1189 1496 1241 τὸ
1523 1189 1625 1241 ὑπὸ
1663 1189 1756 1241 τοῦ
1789 1187 1930 1240 Παύ-

369 1275 458 1328 λου
483 1277 974 1347 προστεταγμένον·
1009 1297 1028 1329 ι
1063 1278 1296 1348 Ζηλοῦτε
1319 1277 1388 1331 τὰ
1415 1279 1720 1349 χαρίσματα
1748 1278 1926 1348 κρείτ-

366 1379 511 1426 τονα,
540 1381 559 1414 ι
597 1365 825 1433 μείζονα
863 1366 920 1418 δὲ
954 1367 1062 1418 τῶν
1104 1366 1458 1438 χαρισμάτων
1492 1365 1552 1418 τὸ
1590 1367 1682 1418 καὶ
1715 1366 1927 1418 πάντων

365 1455 810 1522 προτεταγμένον
827 1496 842 1520 ,
879 1455 1051 1522 ὅσπερ
1073 1456 1190 1508 ἐστὶ
1217 1455 1372 1522 λόγος
1406 1455 1621 1521 σοφίαςο
1646 1454 1736 1507 καὶ
1759 1452 1928 1523 τούτῳ

2030 559 2163 614 tioni
2212 553 2555 625 supervenit,
2607 561 2818 621 sumpta
2869 551 3282 620 participatione
3326 551 3432 604 ἀπὸ
3468 550 3564 605 τοῦ

2028 649 2240 720 πρώτου
2273 646 2429 713 λόγου
2476 645 2610 715 μιοο
2646 649 2728 696 est
2759 655 2788 694 a
2833 640 3042 694 ratione
3074 639 3290 711 prima].
3328 641 3480 708 cuius
3510 641 3563 694 in

2027 738 2218 808 primis
2254 735 2377 789 vita;
2427 731 2716 802 participes
2755 727 3038 795 ellicimur,
3078 737 3136 782 ut
3167 731 3235 782 ab
3273 739 3565 798 apparente

2028 838 2128 878 nec
2174 838 2301 878 vere
2349 821 2641 876 exsistente
2675 817 2782 870 vita
2829 815 3175 883 abducamnr,
3217 817 3378 869 vitam
3421 817 3562 872 illam

2027 927 2156 968 vere
2182 912 2532 966 exsistentem
2561 919 2752 974 capere
2775 905 3162 970 desiderantes,
3189 921 3292 975 qua
3315 918 3563 976 percepta

2029 1019 2150 1060 mox
2183 1005 2236 1057 in
2265 1003 2423 1058 nobis
2451 999 2580 1055 oriri
2610 999 2772 1052 etiam
2798 995 3024 1052 dicimus
3051 997 3451 1052 fundamentum
3483 999 3562 1051 lu-

2027 1094 2106 1147 cis
2150 1089 2488 1160 cognitionis.
2545 1087 2609 1141 Et
2657 1083 2902 1138 fortassis
2945 1084 3057 1152 ipsa
3103 1085 3218 1138 haec
3261 1089 3368 1137 vita
3399 1098 3563 1154 penes

2028 1180 2284 1250 quosdam
2343 1179 2556 1247 quidem
2605 1176 2868 1245 potentia,
2923 1189 3029 1229 non
3078 1185 3221 1237 actu,
3278 1173 3365 1227 lux
3431 1183 3562 1238 est;

2028 1284 2217 1337 nempe
2239 1283 2402 1337 penes
2443 1282 2538 1323 eos
2575 1269 2666 1335 qui
2706 1265 2924 1320 minime
2953 1279 3074 1333 qua:
3111 1265 3177 1317 ad
3204 1264 3564 1332 eugnitionetn

2035 1360 2309 1429 pertinent
2363 1358 2638 1427 inquirere
2679 1355 3009 1412 contendunt
3056 1371 3072 1420 ;
3124 1352 3264 1421 apud
3302 1352 3563 1421 quosdam

2025 1463 2155 1503 vero
2182 1457 2306 1502 actu
2337 1447 2500 1500 etiam
2529 1445 2702 1501 factos
2748 1446 2858 1513 jam
2895 1445 3070 1500 lucem
3098 1457 3115 1508 ;
3153 1456 3288 1511 quos
3315 1455 3409 1495 eos
3443 1453 3565 1494 esse

2025 1540 2359 1608 perspicuum
2395 1547 2480 1592 est
2505 1537 2595 1607 qui
2619 1536 2766 1590 Pauli
2789 1541 3111 1604 praeceptum
3133 1545 3254 1587 cum
3283 1531 3437 1583 laude
3466 1530 3564 1583 im-

2025 1629 2301 1698 pleverim.
2373 1627 2620 1681 nimirum
2674 1643 2689 1678 :
2742 1643 2763 1677 σ
2823 1623 3174 1678 Ᾱζιηυισιῐιίηἰ
3230 1621 3560 1675 charismata

2028 1717 2238 1771 utiliora
2262 1717 2330 1781 ⁷³,
2364 1734 2382 1766 ι
2411 1716 2603 1784 quibus
2628 1712 3047 1767 charismatibus
3077 1709 3262 1763 utilius
3290 1708 3417 1762 illud
3457 1716 3561 1771 est,

361 1807 472 1876 ροῦ.
642 1785 652 1788 7
1228 1785 1239 1791 ’
1957 1785 1998 1842 Β
2026 1807 2164 1873 quod
2191 1805 2438 1857 omnibus
2470 1803 2629 1858 etiam
2666 1801 3019 1870 praeponitur,
3060 1811 3253 1865 nempe
3285 1794 3563 1863 sapientia

357 1913 557 1961 sermo,
595 1913 764 1968 quem
813 1915 936 1954 mox
977 1900 1300 1969 cognitionis
1328 1915 1504 1954 sermo
1534 1899 1792 1965 sequitur.
1830 1896 1948 1951 Jatn
1990 1911 2117 1950 vero
2145 1895 2271 1962 quid
2312 1893 2560 1947 diﬂ'erant
2588 1893 2727 1944 inter
2755 1902 2814 1943 se
2839 1886 3116 1957 sapientiae
3153 1895 3207 1941 et
3247 1885 3566 1954 cognitionis

358 1986 662 2058 signiﬁcata
717 1987 833 2055 ipsa
889 1997 1075 2042 mutuo
1124 1989 1260 2040 inter
1294 2003 1352 2040 se
1388 1986 1602 2048 collata,
1643 2001 1746 2038 non
1795 1993 1879 2038 est
1918 1984 2193 2051 przesentis
2228 1981 2479 2049 temporis
2509 1981 2803 2034 disserere.

420 2080 511 2132 20.
541 2079 652 2131 Kal
684 2077 754 2130 τὸ
786 2077 910 2145 ςρῶς
933 2078 1002 2129 ἐν
1028 2075 1101 2142 τῇ
1126 2077 1331 2139 σκοτίᾳ
1356 2075 1568 2141 φαίνει,
1592 2073 1687 2124 καὶ
1713 2073 1748 2138 ἡ
1778 2087 1914 2123 σκο-

2091 2071 2180 2124 20.
2214 2069 2279 2122 Et
2308 2071 2400 2123 tua:
2429 2071 2478 2122 in
2507 2070 2731 2122 tenebris
2769 2068 2928 2132 lucet,
2968 2075 3020 2124 et
3059 2068 3280 2122 lenebm
3317 2083 3430 2122 eam
3461 2083 3564 2124 non

360 1537 549 1592 ἕπεται
594 1539 760 1608 λόγος
810 1539 1082 1608 γνώσεως.
1131 1541 1265 1611 Περὶ
1304 1540 1358 1594 δὲ
1402 1543 1500 1612 τῆς
1539 1541 1796 1611 διαφορᾶς
1833 1541 1928 1591 αὐ-

358 1627 484 1692 τῶν,
515 1633 944 1701 παρακειμένων
980 1632 1225 1701 ἀλλήλοις
1261 1632 1369 1685 τῶν
1403 1630 1809 1701 σημαινομένων
1842 1646 1928 1682 σο-

361 1717 487 1786 φίας
511 1721 609 1772 καὶ
629 1719 908 1788 γνώσεως,
930 1721 990 1773 οὐ
1025 1720 1118 1773 τοῦ
1147 1721 1406 1791 παρόντος
1438 1720 1582 1773 ἐστὶν
1610 1721 1781 1772 εἰπεῖν
1807 1735 1927 1772 και--

358 2168 448 2221 τία
471 2165 621 2220 αὐτὸ
647 2167 723 2219 οὐ
763 2165 1106 2218 κατέλαϐεν.
1139 2165 1254 2215 Ἔτι
1283 2164 1408 2232 περὶ
1442 2161 1534 2213 τοῦ
1562 2161 1667 2213 τῶν
1705 2160 1912 2230 ἀνθρὼ-

2023 2160 2469 2228 apprehemlerunt
2513 2160 2580 2213 7".
2629 2161 2820 2215 Adhuc
2861 2161 2925 2214 de
2955 2159 3230 2214 hominum
3260 2158 3400 2223 luce,
3429 2173 3564 2227 quo-

358 2273 490 2322 πων,
516 2255 643 2307 ἐπεὶ
665 2254 1051 2324 προτέτακται,
1079 2251 1341 2322 ζητοῦμεν
1371 2251 1563 2318 φωτὸς,
1597 2245 1746 2318 οἶμαι
1771 2248 1815 2300 δ’
1835 2250 1914 2302 ὅτι

2023 2249 2163 2302 niam
2201 2250 2252 2300 in
2283 2248 2470 2300 ordine
2494 2249 2663 2316 prima
2692 2258 2796 2312 est,
2819 2249 3162 2316 inquirimus,
3189 2255 3350 2314 atque
3377 2251 3560 2312 etiam,

358 2347 450 2402 καὶ
473 2345 569 2398 τοῦ
593 2343 844 2396 ἐναντίου
867 2342 1192 2410 καλουμένου
1219 2340 1451 2402 σκοτίας·
1475 2338 1540 2392 ἂν
1563 2339 1618 2390 δὲ
1643 2337 1752 2402 (82)
1775 2336 1914 2389 οὕτω

357 2425 776 2496 δοκιμασθείσης
822 2425 932 2478 τῶν
968 2425 1264 2495 ἀνθρώπων
1295 2426 1457 2495 φημὶ,
1491 2426 1572 2478 ὅτι
1603 2425 1742 2496 τάχα
1767 2441 1915 2493 γενι-

359 2516 447 2568 ιιόν
477 2518 594 2568 ἐστι
621 2516 687 2568 τὸ
718 2513 838 2583 φῶς
874 2512 983 2566 τῶν
1011 2513 1306 2584 ἀνθρώπων
1335 2513 1427 2566 δύο
1453 2512 1631 2567 ίδικῶν
1663 2513 1917 2583 πραγμά-

359 2621 459 2658 των
479 2621 492 2635 ο
525 2605 730 2674 ὁμοίως
763 2603 822 2654 δὲ
855 2603 945 2655 καὶ
972 2605 1005 2673 ἡ
1042 2604 1226 2656 σκοτία
1257 2603 1454 2658 αὐτῶν.
1486 2603 1638 2655 Ἐστι
1677 2602 1784 2672 γάρ
1825 2603 1915 2656 τὸν

358 2694 413 2747 τὺ
442 2693 556 2763 φῶς
582 2692 696 2746 τῶν
725 2691 1029 2762 ἀνθρώπων
1060 2693 1409 2764 κεκτημένον,
1440 2693 1532 2747 καὶ
1564 2692 1913 2746 κοινωνοῦντα

359 2783 458 2837 τῶν
492 2783 678 2852 αὐγῶν
716 2781 908 2844 αὐτοῦ,
945 2781 1081 2851 ἔργα
1113 2782 1286 2850 φωτὸς
1334 2783 1597 2835 ἐπιτελεῖν
1629 2783 1721 2835 καὶ
1751 2782 1912 2850 γινὼ-

359 2889 504 2924 σκειν
559 2869 937 2939 φωτιζόμενον
981 2868 1095 2936 φῶς
1139 2867 1386 2935 γνώσεως
1405 2885 1419 2899 ο
1451 2868 1513 2920 τὸ
1550 2868 1606 2920 δὲ
1656 2868 1916 2936 ἀνάλογον

358 2961 447 3013 καὶ
469 2961 534 3013 ὲκ
557 2959 668 3013 τῶν
693 2957 956 3011 ἐναντίων
984 2957 1216 3028 νοητὲον,
1247 2956 1354 3010 τῶν
1378 2973 1436 3008 τε
1472 2957 1752 3026 μοχθηρῶν
1779 2956 1918 3028 πρά-

2020 2334 2230 2402 opinor,
2261 2334 2326 2387 de
2349 2332 2463 2400 ejus
2499 2336 2791 2397 contrario,
2823 2347 3010 2401 nempe
3036 2332 3300 2394 tenebris,
3346 2335 3412 2389 de
3442 2334 3562 2400 qui-

2025 2425 2124 2477 bus
2183 2424 2414 2476 nondum
2464 2423 2861 2490 inquisivimus.
2919 2419 2998 2475 De
3048 2421 3326 2476 hominum
3385 2429 3558 2474 autem

2019 2511 2161 2577 luce,
2208 2511 2446 2579 inquam,
2485 2511 2734 2580 quoniam
2771 2510 2999 2565 fortasse
3037 2510 3126 2564 lux
3167 2510 3442 2565 hominum
3471 2525 3562 2578 ge-

2019 2617 2120 2656 nus
2162 2609 2248 2656 est
2289 2598 2517 2654 duarum
2570 2600 2886 2668 specialium
2941 2615 3120 2656 rerum
3160 2617 3178 2666 ;
3225 2607 3388 2668 atque
3439 2600 3553 2668 78

2017 2693 2176 2746 etiam
2229 2689 2470 2744 similiter
2518 2689 2772 2744 tenebrae.
2832 2688 3110 2759 Contingit
3147 2690 3316 2753 enim,
3363 2698 3423 2743 ut
3463 2690 3556 2756 qui

2017 2781 2187 2836 lucem
2245 2780 2516 2833 hominum
2567 2779 2898 2848 possederit,
2943 2789 3000 2835 et
3051 2779 3395 2846 splendorum
3439 2779 3556 2846 ejus

2019 2870 2285 2939 particeps
2313 2869 2498 2933 fuerit,
2526 2881 2688 2936 opera
2724 2868 2860 2922 lucis
2880 2869 3148 2936 perﬁciat,
3176 2877 3230 2922 et
3265 2867 3559 2921 illustratus

2020 2959 2258 3013 scientia:
2297 2958 2468 3012 lucem
2513 2967 2799 3026 cognoscat
2842 2976 2856 3012 :
2893 2957 3032 3011 idem
3080 2956 3195 3024 pari
3241 2957 3448 3011 ratione
3491 2970 3555 3010 ex

358 3051 486 3114 ξεων
509 3051 606 3103 καὶ
631 3051 734 3120 τῆς
764 3047 1126 3118 νομιζομένης
1161 3047 1428 3115 γνώσεως,
1461 3048 1557 3099 οὐκ
1590 3046 1752 3116 οῦσης
1779 3047 1915 3100 κατὰ

2017 3049 2297 3102 contrariis
2339 3048 2750 3102 existimandum
2799 3055 2905 3112 est,
2949 3047 3136 3115 pravis
3163 3046 3411 3100 videlicet
3454 3061 3553 3100 ac-

357 3132 643 3208 dXﬁOstav,
693 3137 787 3190 τὸν
819 3135 976 3204 λόγον
1000 3137 1098 3205 τῆς
1139 3136 1354 3197 σκοτίας
1394 3135 1640 3204 ἑχόντων.
1681 3135 1790 3186 Καὶ
1833 3137 1914 3188 ὅτι

363 3229 458 3297 μὲν
508 3229 577 3281 τά
615 3226 900 3297 πρακτικὰ
935 3225 1048 3294 φῶς
1078 3227 1107 3279 ό
1140 3226 1280 3296 ἱερὸς
1322 3222 1429 3279 οἶδε
1475 3226 1650 3293 λόγος,
1685 3225 1844 3296 φησὶν
1887 3227 1916 3277 ό

369 3317 619 3380 Ἡσαΐας·
663 3335 683 3367 ι
721 3315 870 3368 Διότι
909 3315 1025 3384 φῶς
1052 3314 1122 3367 τὰ
1156 3314 1546 3385 προστάγματά
1573 3331 1664 3366 σου
1696 3313 1784 3365 ἐπὶ
1815 3314 1915 3382 τῆς

355 3407 482 3476 τῆς·
519 3426 538 3458 ι
586 3406 684 3459 καὶ
715 3407 746 3458 ὁ
772 3403 936 3458 Δαυῖδ
966 3407 1024 3457 ὲν
1057 3401 1128 3476 ιη’
1155 3404 1380 3475 ψαλμῷ·
1414 3423 1432 3455 ι
1490 3404 1555 3456 Ἦ
1584 3403 1769 3473 ἐντολὴ
1800 3405 1913 3456 Κυ-

356 3496 464 3565 ρίου
494 3494 798 3565 τηλαυγὴς,
834 3493 1142 3563 φωτίζουσα
1179 3491 1510 3562 όφθαλμούςο
1552 3510 1572 3545 ι
1605 3493 1687 3545 ὄτι
1713 3492 1770 3544 δὲ
1800 3491 1914 3561 φῶς

353 3584 498 3655 παρὰ
525 3584 595 3638 τά
625 3583 1032 3655 προστάγματα
1065 3583 1158 3636 καὶ
1184 3582 1282 3645 τὰς
1318 3581 1536 3644 ἐντολάς
1563 3581 1676 3634 ἐστί
1702 3598 1752 3634 τι
1771 3582 1911 3649 γνώ-

354 3686 486 3733 σεως
521 3669 677 3741 παρά
715 3686 824 3722 τινι
858 3668 966 3721 τῶν
1007 3667 1224 3722 Δώδεκα
1277 3667 1538 3739 εὕρομεν·
1575 3686 1594 3719 ι
1650 3668 1912 3738 Σπείρατε

351 3760 558 3822 ἑαυτοῖς
580 3761 664 3822 εις
685 3757 1054 3827 δικαιοσύνην,
1075 3759 1376 3829 τρυγήσατε
1402 3760 1482 3821 είς
1508 3759 1718 3828 καρπὸν
1747 3757 1908 3828 ζωῆς,

348 3849 618 3917 φωτίσατε
666 3849 883 3912 ἑαυτοῖς
932 3847 1048 3915 φῶς
1093 3848 1356 3916 γνώσεως.
1417 3867 1435 3901 ι
1496 3849 1583 3912 Ὠς
1621 3848 1728 3918 γὰρ
1765 3848 1912 3910 ὄντος

346 3939 437 4000 καὶ
477 3938 670 4008 ἑτέρου
713 3936 894 4007 φωτὸς
924 3934 1076 4008 παρὰ
1117 3936 1215 3999 τὰς
1247 3936 1464 4000 ἐντολὰς
1496 3937 1596 4006 τῆς
1638 3936 1908 4004 γνώσεως,

343 4026 560 4095 λέγεται
604 4027 694 4091 τὸ,
744 4044 764 4077 ι
796 4025 1067 4079 Φωτίσατε
1100 4027 1310 4088 έαυτοῖς
1338 4025 1472 4094 φῶς,
1522 4046 1542 4077 ι
1587 4025 1683 4095 οὐχ
1726 4025 1911 4088 ἁπλῶς

344 4116 479 4183 φῶς,
514 4115 658 4169 ἀλλὰ
687 4115 843 4167 ποῖον
877 4113 1024 4182 φῶς;
1058 4113 1139 4166 ὅτι
1179 4114 1239 4166 τὸ
1277 4114 1376 4183 τῆς
1405 4114 1672 4182 γνώσεως.
1703 4114 1767 4165 El
1803 4111 1910 4183 γὰρ

343 4208 454 4258 πᾶν
479 4206 621 4274 φῶς,
652 4204 682 4258 ὃ
719 4204 944 4272 φωτίζει
975 4202 1254 4274 ἄνθρωπος
1293 4201 1486 4272 ἐαυτῷ,
1523 4202 1636 4271 φῶς
1662 4201 1910 4270 γνώσεως

341 4288 430 4364 ἦν,
471 4295 655 4365 μάτην
689 4292 1012 4362 προσέκειτο
1039 4292 1119 4356 τὸ,
1178 4310 1197 4342 ‹
1247 4290 1517 4344 Φωτίσατε
1555 4293 1760 4353 ἑαυτοῖς
1795 4290 1909 4358 φῶς

2017 3136 2269 3197 tionibus,
2309 3142 2360 3188 et
2389 3134 2615 3188 scientia
2659 3148 2780 3201 qua:
2825 3134 3082 3201 opinione
3115 3134 3332 3201 quidem
3363 3133 3442 3197 iit,
3473 3148 3559 3188 re-

2013 3238 2140 3278 vera
2171 3237 2277 3277 non
2313 3222 2392 3288 fit,
2433 3221 2694 3275 rationem
2741 3220 3064 3275 habentibus
3103 3222 3462 3276 tenebrarum.
3492 3221 3556 3275 Et

2011 3311 2154 3378 quod
2186 3308 2400 3379 quidem
2440 3323 2528 3363 res
2559 3308 2627 3360 ad
2657 3309 2920 3376 agendum
2959 3317 3114 3376 aptas
3161 3307 3336 3363 lucem
3381 3309 3554 3364 soleat

2014 3399 2293 3467 Scriptura
2323 3411 2481 3453 sacra
2509 3397 2710 3462 dicere,
2744 3397 2920 3467 inquit
2945 3396 3112 3453 lsaias
3131 3398 3219 3452 ":
3253 3415 3274 3451 ι
3306 3397 3384 3452 Εο
3410 3399 3554 3466 quod

2012 3489 2102 3544 lux
2151 3489 2261 3544 sint
2290 3491 2541 3544 mandata
2573 3499 2660 3544 tua
2692 3505 2853 3559 super
2885 3498 3106 3554 terram,
3142 3506 3161 3541 ι
3209 3497 3261 3543 et
3289 3487 3458 3543 David
3497 3489 3552 3544 in

2011 3579 2220 3645 decimo
2248 3587 2441 3634 octavo
2471 3579 2676 3648 psalmo
2701 3578 2748 3610 "
2778 3594 2793 3631 :
2831 3597 2851 3631 ι
2885 3578 3191 3633 Mandatum
3228 3579 3434 3632 Domini
3473 3580 3554 3634 lu-

2010 3669 2187 3724 cidum
2239 3668 2582 3723 illuminans)
2615 3668 2823 3723 oculos.
2885 3685 2906 3719 ι
2974 3667 3126 3734 Quod
3186 3682 3311 3722 vero
3360 3679 3553 3737 praeter

2011 3757 2264 3811 mandata
2288 3765 2344 3811 et
2369 3765 2634 3825 praecepta
2674 3755 2763 3808 lux
2795 3755 2865 3809 sit
2895 3757 3136 3823 quaedam
3171 3757 3427 3819 scientiae,
3464 3758 3550 3810 in-

2011 3846 2252 3899 venimus
2292 3845 2429 3912 apud
2454 3844 2734 3913 quemdam
2763 3857 2829 3896 ex
2859 3843 3140 3898 Duodecim
3170 3865 3182 3898 :
3217 3862 3236 3895 ι
3278 3843 3552 3899 Setninate

2009 3935 2159 3990 vobis
2181 3934 2306 4002 ipsis
2321 3935 2388 3988 ad
2404 3932 2692 4002 justitiam,
2709 3933 3032 3988 vindemiate
3051 3934 3116 3986 ad
3134 3935 3366 3986 fructum
3396 3935 3540 4000 vitae,
3562 3963 3566 3968 -

2011 4021 2312 4076 illuminate
2357 4022 2507 4077 vobis
2545 4021 2678 4091 ipsis
2717 4020 2894 4076 lucem
2945 4021 3182 4076 scientiae
3205 4022 3271 4074 ".
3303 4041 3324 4075 s
3377 4022 3549 4076 Veluti

2008 4114 2149 4167 enim
2185 4113 2486 4167 exsistente
2513 4111 2621 4166 alia
2653 4112 2769 4166 luce
2797 4111 3034 4166 scientia
3053 4120 3246 4179 praeter
3272 4113 3546 4177 mandata,

2009 4203 2208 4257 dicitur
2236 4216 2253 4256 :
2294 4219 2314 4253 ι
2348 4202 2650 4257 llluminate
2670 4203 2824 4257 vobis
2848 4203 2976 4271 ipsis
3003 4201 3198 4266 lucem,
3237 4219 3258 4255 ι
3292 4216 3396 4255 non
3418 4202 3550 4256 sim-

2010 4293 2224 4361 pliciter
2247 4292 2440 4358 lueem,
2462 4294 2556 4347 sed
2575 4292 2788 4361 qualem
2813 4293 2836 4345 ί
2862 4307 3053 4361 nempe
3081 4292 3254 4346 lucem
3283 4291 3544 4346 scientiae.

341 4382 619 4450 γνώσεως.
661 4400 681 4433 ι
720 4379 891 4433 Πάλιν
923 4380 1004 4431 δτι
1043 4381 1076 4449 ἡ
1127 4377 1311 4431 σκοτία
1342 4378 1432 4429 ἐπὶ
1470 4378 1578 4430 τῶν
1625 4375 1908 4448 μοχθηρῶν

2016 4383 2140 4437 Nam
2169 4385 2212 4437 si
2241 4384 2442 4452 quaevis
2470 4382 2580 4444 lux.
2615 4396 2779 4450 quam
2813 4381 2914 4435 sibi
2942 4381 3102 4436 homo
3129 4380 3412 4441 illuminat,
3458 4380 3544 4434 lux

343 4472 519 4542 ἔργων
546 4467 1066 4540 παραλαμϐάνεται,
1114 4466 1351 4520 διδάσκει
1375 4467 1402 4518 ὁ
1428 4467 1584 4529 αὐτὸς
1607 4469 1737 4538 ἐντῇ
1761 4469 1904 4521 Ἐπι-

344 4562 505 4632 οτολῇ
548 4562 809 4629 Ἰωάννης
837 4559 1080 4627 φάσκων,
1108 4560 1188 4611 ὅτι
1209 4575 1229 4608 ι
1270 4557 1394 4610 Ἐὰν
1413 4556 1765 4625 εἷπωμεν,ὃτι
1790 4573 1904 4609 κοι-

341 4651 539 4703 νωνίαν
565 4649 772 4718 ἔχομεν
822 4646 936 4716 μετ’
981 4645 1168 4709 αὐτοῦ,
1201 4645 1296 4698 καὶ
1337 4647 1396 4716 ὲν
1427 4644 1504 4714 τῷ
1533 4645 1708 4697 σκότει
1749 4661 1904 4716 περιο

278 4741 296 4783 ἲ
339 4737 649 4806 πατοῦμεν,
698 4734 1027 4804 ψευδόμεθα,
1082 4733 1175 4785 καὶ
1221 4733 1282 4784 οὐ
1329 4731 1585 4800 ποιοῦμεν
1634 4733 1730 4802 τὴν
1775 4733 1906 4802 ἀλή-

342 4826 521 4879 θειαν·
561 4845 582 4877 ι
621 4825 720 4879 καὶ
753 4822 912 4876 πάλιν
929 4838 944 4853 ο
995 4840 1014 4874 t
1067 4822 1126 4875 '0
1157 4821 1328 4889 λέγων
1367 4822 1423 4872 ὲν
1461 4821 1540 4890 τῷ
1577 4821 1714 4889 φωτὶ
1750 4815 1906 4883 εῖναι,

285 4959 289 4962 .
342 4919 438 4971 καὶ
481 4918 576 4970 τὸν
631 4915 866 4982 ἀδελφὸν
905 4914 1068 4968 αὑτοῦ
1112 4914 1306 4983 μισῶν,
1347 4915 1405 4967 ὲν
1431 4916 1497 4984 τῇ
1541 4914 1727 4987 σκοτίᾳ
1761 4915 1907 4970 ἐστὶν

287 5071 299 5084 ⁸
472 5007 601 5077 ἄρτι
624 5022 640 5036 ο
681 5024 701 5057 ι
736 5004 831 5056 καὶ
865 5003 974 5056 ἐτιο
1012 5021 1032 5054 ι
1083 5003 1142 5054 '0
1173 5003 1230 5054 δὲ
1258 5001 1430 5072 μισῶν
1457 5003 1545 5056 τὸν
1569 5002 1792 5072 ἀδελφὺν
1816 5005 1907 5058 αό-

297 5095 306 5139 .‘
345 5083 456 5164 τοῧ,
482 5099 539 5148 ὲν
570 5097 641 5164 τῇ
685 5093 882 5162 σκοτίᾳ
905 5091 1042 5154 ἐστὶ,
1081 5093 1174 5143 καὶ
1199 5094 1257 5144 ἐν
1293 5094 1360 5160 τῇ
1391 5092 1575 5160 σκοτίᾳ
1599 5097 1901 5163 περιπατεῖ,

350 5186 438 5237 καὶ
479 5187 580 5238 οὐκ
620 5181 733 5236 οἶδε
789 5181 892 5234 ποῦ
931 5181 1155 5247 ὑπάγει,
1202 5181 1284 5232 ὅτι
1327 5182 1360 5249 ὴ
1394 5182 1576 5234 σκοτία
1633 5183 1902 5251 ἐτύφλωσε

351 5276 469 5336 τοὺς
492 5273 806 5343 ὀφθαλμοὺς
830 5269 1018 5323 αὐτοῦ.
1068 5288 1088 5320 ι
1128 5268 1200 5322 Τὸ
1229 5267 1333 5338 γὰρ
1369 5271 1426 5321 ἐν
1451 5269 1526 5338 τῷ
1556 5272 1726 5340 σκότῳ
1753 5291 1903 5343 περι-

2009 4473 2252 4529 scientiae
2287 4481 2453 4540 esset,
2490 4473 2687 4527 frustra
2727 4472 2968 4526 additum
3015 4469 3240 4525 fuisset:
3290 4487 3310 4522 ι
3341 4470 3546 4524 ιΙΙιιηιίο

2009 4573 2136 4618 nate
2191 4563 2342 4617 vobis
2385 4563 2519 4632 ipsis
2565 4562 2736 4616 lucem
2786 4561 3043 4616 scientiae.
3083 4578 3104 4612 ι
3156 4558 3361 4612 Rursus
3402 4558 3546 4627 quod

2011 4654 2244 4708 tenebrae
2271 4653 2336 4708 de
2365 4654 2543 4722 pravis
2568 4653 2821 4722 operibus
2844 4659 3145 4712 sumantur,
3183 4649 3295 4717 ipse
3314 4647 3546 4703 Joannes

2011 4742 2064 4796 in
2095 4757 2190 4796 sua
2233 4743 2387 4798 docet
2430 4741 2661 4810 Epistola
2715 4741 2899 4794 dicens
2939 4738 2984 4772 ⁷⁸
3023 4754 3041 4793 :
3084 4755 3104 4789 ι
3149 4736 3207 4790 Si
3247 4736 3544 4789 dixerimus

2009 4831 2150 4899 quod
2181 4829 2717 4884 communicationem
2740 4841 2863 4882 cum
2893 4827 3011 4894 ipso
3036 4823 3312 4886 habemus,
3339 4830 3394 4875 et
3421 4835 3542 4875 am-

2007 4915 2258 4972 bulamus
2305 4915 2360 4969 in
2416 4914 2673 4978 tenebris,
2708 4912 3021 4974 mentimur,
3061 4918 3116 4962 et
3159 4923 3263 4962 non
3309 4907 3542 4962 facimus

2005 5005 2326 5070 veritatem;
2357 5023 2379 5057 ι
2424 5012 2480 5058 et
2522 5017 2711 5058 rursus
2747 5001 2833 5054 "z
2885 5015 2908 5050 ι
2939 4996 3044 5063 Qui
3087 4996 3222 5050 dicit
3255 5009 3314 5050 se
3341 4996 3396 5050 in
3421 4997 3570 5058 luce,

2005 5108 2145 5159 esse,
2173 5101 2229 5148 et
2263 5092 2487 5146 fratrem
2516 5103 2673 5144 suum
2711 5087 2845 5150 odit,
2877 5085 2934 5138 in
2970 5082 3202 5137 tenebris
3241 5091 3324 5137 est
3369 5099 3540 5155 usque

2007 5182 2164 5236 modo
2193 5199 2206 5234 :
2246 5199 2266 5233 ι
2301 5189 2357 5234 et
2385 5179 2562 5233 adhuc
2597 5177 2644 5210 ⁸⁸
2683 5194 2698 5230 :
2743 5193 2763 5227 ι
2799 5174 2900 5240 Qui
2939 5173 3053 5228 odit
3101 5173 3320 5228 fratrem
3354 5189 3533 5237 suum,

2005 5272 2058 5325 in
2087 5269 2323 5326 tenebris
2362 5277 2465 5334 est,
2502 5277 2558 5321 et
2587 5266 2639 5320 in
2666 5263 2903 5319 tenebris
2927 5263 3189 5328 ambulat,
3236 5277 3339 5318 nec
3391 5265 3540 5318 novit
3584 5292 3605 5334 χ

417 5365 463 5396 ⁷³
488 5365 654 5420 lCor.
689 5379 788 5427 xu,
820 5363 910 5415 31.
987 5362 1034 5393 ⁷⁸
1066 5359 1220 5430 .loan.
1249 5374 1288 5423 ι,
1312 5359 1366 5414 5.
1455 5363 1500 5392 "
1531 5364 1655 5430 Cap.
1703 5379 1848 5429 XXVI,
1898 5379 1915 5417 ι

2016 5397 2038 5418 ,.
2080 5365 2134 5418 9.
2208 5361 2256 5393 "
2309 5361 2462 5414 Vers.
2497 5357 2549 5412 9.
2635 5357 2682 5388 '"
2707 5354 2834 5415 Ose.
2865 5369 2918 5418 χ,
2945 5353 3030 5409 l2.
3114 5350 3382 5409 "IJoan.
3413 5368 3455 5420 ι,
3476 5353 3535 5408 6.
3579 5345 3582 5348 ’

357 5431 554 5499 "ibid.
586 5449 646 5499 It,
678 5433 733 5487 9.
812 5430 860 5462 ⁸⁸
889 5431 1027 5484 ibid.
1065 5428 1151 5479 Η.

424 5497 567 5592 (89).
591 5497 704 5576 Τοῦ
755 5519 1045 5573 ἐναντίου
1105 5515 1465 5592 καλουμένου
1507 5517 1775 5592 σκοτίαςο
1821 5515 1896 5592 (ir

2016 5513 2392 5592 ξθείσης.κΤῶν
2440 5514 2756 5592 ᾲνθρὼπων,
2784 5523 2904 5592 εις.
2939 5514 3149 5592 l’mivit
3171 5513 3319 5592 _ltuic
3354 5527 3536 5592 emen-

357 5585 438 5650 ὃέξ
462 5585 563 5648 etc.
603 5591 772 5644 Plane
830 5591 1099 5650 corrupta
1143 5585 1252 5650 hazc
1283 5594 1432 5644 sunt,
1475 5598 1587 5650 uiue
1625 5585 1699 5650 sit:
1738 5586 1892 5634 resti-

353 5649 478 5728 tuas,
506 5661 594 5714 τοῦ
619 5653 870 5714 ἐναντίου
908 5649 1251 5714 καλουμένου
1282 5651 1482 5716 σκοτίας
1503 5649 1649 5703 οὔπω
1673 5649 1783 5703 δοκι
1792 5667 1894 5720 μα-

2000 5581 2199 5637 dntioni
2243 5581 2556 5646 ιΐθηετίυεζ
2570 5599 2725 5652 quem
2751 5583 2830 5653 sic
2860 5583 3048 5649 legisse
3077 5597 3142 5636 ex
3171 5584 3335 5653 ipsius
3365 5581 3530 5634 inter-

1998 5653 2297 5720 pretatioue
2326 5649 2601 5720 conjicere
2615 5662 2716 5709 est.
2749 5649 3009 5706 Hunnus.
