3848 6200
657 358 757 414 159

2057 351 2374 406 οηιοεαιδ

657 483 764 535 quo
793 471 968 527 vadat,
1001 463 1120 531 quia
1156 459 1387 513 tenebrae
1412 461 1817 512 excaeca‘verunt
1858 458 2026 527 ipsius
2054 473 2176 514 ocu-

1981 475 2026 513 IS
2054 473 2186 514 ocu-
2213 471 2259 525 Α
2286 460 2472 512 πατεῖν
2504 457 2754 527 ἐμφαίνει
2784 457 2880 526 τὴν
2918 450 3077 525 ψεκτὴν
3108 450 3275 520 πρᾶξιν*
3301 448 3368 502 καί
3397 447 3442 530 τὸ
3472 466 3500 518 μ

662 561 763 618 los,
796 574 814 607 ι
849 555 1105 621 siquidem
1145 565 1241 619 per
1267 549 1684 602 ambulationem
1737 548 1787 601 in
1837 550 2071 604 tenebris
2103 551 2184 602 in-

657 648 798 700 dicat
859 642 1126 696 actionem
1184 638 1610 706 vituperabilem.
1660 639 1796 704 Quin
1847 639 2011 692 etiam
2061 639 2184 693 odio

659 730 904 799 prosequi
950 727 1171 780 fratrem
1215 741 1394 790 suum,
1441 740 1619 780 nonne
1669 726 1846 794 lapsus
1885 735 1964 780 est
2012 727 2077 781 ab
2120 743 2183 782 ea

655 833 772 886 (ιυίε
819 815 1027 886 pmprie
1075 823 1292 868 vocatur
1336 813 1618 868 scientia?
1665 814 1816 879 Quod
1866 825 2044 868 autem
2090 817 2181 884 qui

657 909 865 976 ignorat
894 905 1092 967 divina,
1119 912 1337 972 propter
1362 903 1532 968 ipsum
1577 903 1822 969 ignorare
1852 904 1904 955 in
1949 905 2184 959 tenebris

653 995 906 1057 ambulet,
944 993 1115 1061 inquit
1142 992 1303 1045 David
1331 991 1412 1044 δίε
1471 1010 1490 1042 ‹
1527 990 1638 1043 Non
1672 992 2054 1059 cognoverunt,
2093 1007 2183 1045 nes

653 1099 760 1150 que
814 1083 1211 1145 intellexerunt,
1256 1081 1308 1133 in
1345 1081 1578 1134 tenebris
1631 1080 1926 1132 ambulant.
1975 1097 1993 1130 ι
2050 1079 2180 1134 lllud

654 1186 780 1224 vero
810 1171 1058 1229 observa,
1082 1184 1149 1222 an
1181 1168 1380 1221 idcirc'o
1397 1167 1712 1222 dicatur“:
1745 1185 1764 1219 ι
1802 1169 1936 1221 Deus
1958 1168 2044 1220 lnx
2077 1176 2182 1231 est,

652 1269 703 1312 et
735 1257 963 1313 tenebrae
991 1259 1042 1310 in
1078 1271 1142 1312 eo
1172 1272 1236 1310 ne
1263 1272 1379 1310 una:
1405 1256 1619 1323 quidem
1656 1265 1801 1319 sunt,
1853 1277 1870 1309 ο
1915 1271 2017 1310 non
2058 1257 2182 1324 quia

655 1362 771 1398 una}
794 1347 897 1399 sint
925 1347 1174 1406 tenebras,
1201 1345 1294 1399 sed
1323 1344 1402 1396 vel
1429 1354 1646 1412 propter
1683 1360 1848 1413 genus
1864 1346 2062 1414 duplex
2105 1355 2184 1400 te-

654 1437 961 1496 nebrarum,
999 1438 1078 1487 vel
1109 1435 1269 1486 etiam
1299 1449 1419 1501 quia
1445 1448 1773 1502 unaquaeque
1795 1436 2004 1503 species
2037 1445 2183 1489 tene-

653 1523 871 1574 brarum
917 1522 1110 1575 multas
1149 1523 1340 1575 haheat
1387 1537 1581 1588 pravas
1623 1526 1880 1587 actiones,
1927 1534 1980 1578 et
2021 1524 2182 1578 multa

654 1611 784 1662 falsa
813 1611 1079 1680 dogmata,
1113 1611 1291 1678 plures
1324 1621 1448 1664 sunt
1484 1613 1734 1672 tenebrae,
1774 1629 2000 1681 quarum
2041 1613 2181 1666 nulla

653 1702 703 1752 in
737 1701 843 1755 Deo
874 1712 974 1754 est.
1009 1701 1192 1768 Neque
1235 1701 1376 1754 enim
1422 1702 1620 1755 dictum
1668 1701 1856 1756 fuisset
1896 1704 1961 1754 de
2003 1709 2186 1756 sancto

2282 548 2337 600 δὲ
2363 549 2450 600 τὸν
2471 547 2692 614 ἀδελφὸν
2715 546 2899 607 αὐτοῦ,
2919 546 2976 598 οὐ
2993 546 3064 614 τῆς
3082 541 3228 610 κυρίως
3241 538 3483 608 καλουμένης

2283 639 2419 702 σεώς
2439 640 2582 690 ἐστιν
2611 637 2948 705 ἀπόπτωμα;
2975 633 3120 686 Ὄτιδὲ
3142 633 3212 684 καί
3232 632 3253 682 ό
3273 628 3427 696 ἀγνοῶν
3450 629 3501 680 τὰ

2283 728 2400 778 κατ’
2434 725 2563 777 αὐτὸ
2585 725 2644 777 τὸ
2677 725 2886 790 ἀγνοεῖν
2929 724 2980 774 ὲν
3006 722 3138 774 σκότει
3161 716 3460 787 διαπορεύεται,
3496 734 3502 763 ι

2281 820 2309 871 6
2339 817 2528 869 Δαυῖδ·
2575 833 2595 866 α
2649 816 2760 868 Οὐκ
2804 815 3041 881 ἔγνωσαν,
3069 812 3158 864 οὐδὲ
3192 809 3390 877 συνῆκαν,
3423 809 3502 858 tv:

2281 903 2699 973 διαπορεύονται.
2743 921 2760 952 ι
2807 901 3087 969 Ἐπίστησον
3110 897 3152 949 δὲ
3179 895 3262 964 τῷ’
3305 914 3318 946 ι
3352 896 3398 947 '0
3420 895 3502 946 ea.

2283 997 2416 1057 ἐστι,
2449 994 2539 1046 καὶ
2567 993 2752 1044 σκοτία
2776 992 2830 1043 ἐν
2862 989 3000 1057 αὐτῷ
3017 989 3092 1041 οὐκ
3119 987 3230 1039 ἐστιν
3260 986 3452 1054 οὐδεμία,
3476 1004 3491 1036 ι

2281 1081 2370 1133 διά
2401 1080 2552 1133 τοῦτο
2586 1081 2794 1146 λέγεται
2837 1077 2914 1146 τῷ
2957 1074 3066 1128 εἶναι
3108 1074 3166 1143 μὴ
3204 1073 3303 1142 μίαν
3345 1071 3502 1124 σκοτίαι

2282 1173 2397 1241 ἦτοι
2429 1172 2515 1223 διὰ
2547 1171 2606 1223 τὸ
2644 1168 2855 1237 γενικὸν
2892 1167 2994 1226 δύο,
3029 1167 3054 1234 ἢ
3080 1165 3154 1218 καὶ
3185 1164 3254 1216 διὰ
3275 1163 3323 1215 τδ
3347 1161 3442 1213 καθ’
3473 1162 3502 1212 Ei

2279 1261 2387 1313 τῶν
2447 1259 2622 1312 ίδικῶν
2681 1257 2876 1320 πολλάς
2913 1253 3036 1310 εἶναι
3076 1255 3258 1324 πράξεις
3304 1253 3502 1323 μοχθηρὰ

2285 1349 2448 1401 πολλά
2484 1349 2722 1417 δόγματα
2746 1347 2933 1416 ψευδῆ,
2959 1345 3112 1398 πολλαί
3136 1347 3220 1396 είσι
3245 1344 3433 1404 σκοτίαι,
3461 1336 3502 1394 ὦ·

2286 1437 2382 1507 μία
2408 1439 2464 1489 ὲν
2495 1437 2570 1505 τῷ
2592 1437 2708 1505 Θεῷ
2739 1438 2904 1498 ἐστιν,
2933 1435 3021 1486 οὐκ
3040 1434 3091 1486 ἂν
3111 1431 3339 1500 λεχθέντος
3363 1431 3440 1482 ἐπὶ
3458 1448 3502 1482 το

2282 1525 2309 1576 ὅ
2340 1541 2498 1594 φησιν
2541 1524 2569 1575 ό
2611 1524 2816 1593 Σωτὴρ,
2865 1523 2958 1574 τό·
3002 1540 3018 1572 ι
3058 1521 3210 1589 Ὑμεῖς
3254 1521 3356 1571 ἐστε
3390 1519 3442 1571 τὸ
3478 1537 3502 1588 ς

2284 1615 2506 1683 κόσμου,
2561 1633 2580 1664 ι
2617 1616 2695 1666 ὅτι
2737 1613 2852 1682 φῶς
2891 1614 3000 1664 ἐστι
3043 1610 3118 1664 τοῦ
3162 1609 3333 1678 κόσμου
3375 1609 3400 1661 ὁ
3440 1610 3498 1676 ἀγ

2287 1702 2470 1754 σκοτία
2503 1703 2601 1754 οὐκ
2628 1701 2769 1753 ἔστιν
2801 1703 2856 1752 ὲν
2886 1699 3022 1768 αὐτῷ
3044 1699 3245 1768 οὐδεμία.

651 1791 791 1859 quod
820 1790 898 1843 ait
923 1789 1166 1845 Salvator
1201 1791 1285 1846 "z
1324 1808 1342 1841 ι
1375 1791 1481 1845 Vos
1514 1793 1644 1845 estis
1685 1792 1775 1844 lux
1821 1791 2025 1854 mundi,
2060 1809 2078 1841 ι
2116 1793 2363 1859 quoniam
2393 1791 2477 1844 lux
2518 1792 2698 1844 mundi
2747 1799 2828 1844 est
2861 1803 3080 1852 sanctus,
3110 1807 3125 1838 ι
3155 1789 3424 1842 etteuebra:
3454 1789 3502 1841 in

652 1891 776 1936 sunt
811 1881 928 1934 ulla!
953 1882 1019 1936 “.
1049 1901 1072 1933 ι

721 1972 810 2026 2f.
847 1972 1074 2027 Proinde
1101 1982 1302 2041 quaeret
1329 1973 1522 2041 aliquis
1551 1989 1566 2024 :
1595 1971 1650 2026 Si
1679 1972 1745 2025 de
1769 1970 1927 2024 Patre
1955 1971 2181 2039 positum
2213 1979 2240 2033 1‘;

1982 1971 2181 2025 lositum
2213 1979 2255 2033 Β
2352 1968 2578 2038 Ζητήσει
2600 1966 2654 2018 δέ
2689 1983 2802 2029 τις·
2839 1967 2901 2018 El
2939 1966 3022 2017 ἐπὶ
3049 1965 3130 2017 τοῦ
3165 1964 3351 2035 Πατρός
3394 1963 3501 2016 τέτα

652 2072 734 2117 est
769 2063 912 2131 quod
965 2063 1197 2117 tenebrae
1237 2063 1395 2116 nullae
1421 2065 1526 2116 sint
1554 2062 1616 2115 in
1651 2075 1737 2124 eo,
1782 2061 2046 2130 quomodo
2085 2075 2182 2114 ceu

655 2167 763 2204 rem
787 2152 1040 2205 eximiam
1074 2159 1126 2205 et
1150 2153 1470 2220 praecipuam
1503 2149 1610 2218 79
1656 2151 1757 2203 hoc
1796 2151 1848 2203 in
1893 2149 2010 2217 ipso
2037 2149 2182 2200 dice-

658 2256 773 2294 mus
806 2255 946 2314 esse,
979 2255 1098 2292 cum
1129 2241 1194 2292 de
1225 2239 1508 2292 Servatore
1550 2251 1761 2305 quoque
1799 2238 2005 2291 dicatur
2041 2237 2182 2305 quod

653 2326 873 2380 omnino
901 2327 969 2380 sit
992 2327 1346 2394 impeccabilis
1366 2326 1427 2390 ⁸⁸,
1461 2325 1532 2378 ita
1555 2332 1614 2377 ut
1641 2337 1762 2376 eum
1793 2324 2031 2378 dicamus
2060 2337 2179 2376 esse

655 2414 826 2469 lucem
855 2415 908 2468 in
944 2431 1046 2482 qua
1091 2417 1250 2467 nulla:
1291 2414 1399 2468 sint
1451 2413 1720 2468 tenebrae?
1763 2415 1839 2467 Ex
1881 2423 2031 2480 parte
2077 2412 2178 2465 ita-

653 2511 758 2566 que
801 2497 1152 2552 differentiam
1205 2497 1258 2549 iu
1295 2497 1660 2565 superioribus
1700 2498 2049 2552 ostendimus.
2089 2497 2182 2550 At-

655 2601 759 2652 que
791 2587 1082 2639 etiamnum
1114 2585 1222 2639 illis
1251 2585 1508 2638 audacius
1533 2585 1811 2647 addemus,
1836 2585 1882 2639 si
1910 2583 2184 2639 Christum

655 2687 761 2725 non
815 2682 1194 2740 agnoscentem
1234 2683 1509 2741 peccatum
1551 2673 1680 2726 fecit
1714 2672 1873 2726 Pater
1908 2687 2004 2739 pro
2036 2673 2186 2728 nobis

653 2769 953 2827 peccatum,
981 2761 1025 2814 si
1051 2760 1197 2824 fecit,
1223 2765 1460 2830 inquam,
1490 2762 1630 2815 Deus
1673 2761 1759 2815 ille
1792 2760 2062 2816 Christum
2090 2775 2188 2830 pro

656 2851 809 2905 nobis
839 2860 1133 2918 peccatum,
1165 2852 1268 2906 dici
1300 2867 1406 2906 non
1445 2867 1598 2921 posse
1631 2853 1698 2907 de
1735 2866 1822 2916 eo,
1864 2871 1883 2903 ι
1929 2851 2186 2907 Tenebrae

655 2938 707 2990 in
741 2953 806 2992 eo
832 2953 934 2992 non
966 2950 1089 2993 sunt
1116 2939 1236 2992 ulla:
1269 2939 1335 2992 “.
1370 2958 1389 2992 ι
1433 2940 1687 3005 Quamvis
1708 2939 1848 2993 enim
1883 2954 1903 2988 ι
1951 2939 2005 2990 in
2039 2937 2188 2990 simi-

654 3025 928 3080 litudinem
957 3031 1140 3082 carnis
1179 3029 1380 3097 peccati
1417 3027 1528 3096 (85)
1570 3026 1672 3097 [de
1713 3036 1931 3094 peccato
1965 3026 2190 3079 damna-

654 3118 732 3168 vit
777 3114 932 3170 Jesus
973 3127 1268 3186 peccatum,
1319 3137 1338 3170 ι
1382 3119 1521 3186 quod
1560 3116 1968 3170 similitudinem
2009 3113 2189 3168 carnis

656 3211 856 3276 peccati
889 3211 1169 3279 assumpsit
1194 3209 1287 3281 επ]
1330 3211 1470 3264 haud
1509 3219 1681 3262 tamen
1725 3207 1943 3261 omnino
1981 3207 2098 3259 haec
2121 3204 2188 3258 de

2284 2053 2475 2106 Σκοτία
2502 2055 2599 2104 οὐκ
2629 2051 2769 2103 ἔστιν
2798 2053 2854 2104 ὲν
2879 2051 3020 2120 αὐτῷ
3045 2051 3259 2120 οὐδεμία,
3293 2050 3396 2114 πῶς
3418 2052 3474 2104 τὺ
3499 2073 3502 2095 π

2282 2141 2403 2213 ἐροῦ
2411 2159 2506 2211 μεν
2525 2137 2660 2194 εἶναι
2678 2142 2736 2194 ὲν
2753 2140 2918 2210 αὐτῷ,
2939 2141 3097 2210 πάντη
3111 2142 3455 2210 ἀναμάρτητον
3468 2159 3499 2192 κ

2279 2232 2421 2300 τῆρα
2434 2231 2695 2293 νοοῦντες,
2719 2229 2855 2283 ὥστε
2879 2231 2968 2282 καὶ
2988 2231 3102 2300 περὶ
3123 2229 3270 2283 αὐτοῦ
3287 2230 3344 2282 ἂν
3362 2232 3502 2283 εἰπεῖν

2284 2320 2416 2380 ἐστι,
2433 2320 2525 2371 καὶ
2539 2318 2719 2370 σκοτία
2733 2319 2831 2370 οὐκ
2843 2317 2982 2370 ἐστιν
2995 2319 3047 2370 ὲν
3062 2318 3195 2387 αὐτῷ
3208 2319 3318 2370 οὐδε
3326 2318 3433 2388 μία;
3449 2320 3502 2370 ’Δ

2285 2405 2382 2478 μὲν
2405 2404 2496 2460 οὖν
2520 2409 2577 2461 ὲν
2599 2411 2707 2470 τοῖς
2730 2408 2981 2479 ἀνωτέρω
2994 2408 3083 2478 τὴν
3098 2409 3339 2478 διαφορὰν
3358 2427 3502 2478 παρεα

2281 2496 2667 2567 τολμηρότερόν
2697 2513 2758 2550 τε
2793 2496 2872 2550 ἔτι
2905 2498 3122 2560 ἐκείνοις
3163 2500 3252 2551 καὶ
3279 2498 3370 2552 νῦν
3415 2517 3502 2567 πρ‹

2284 2585 2383 2647 ὅτι,
2414 2587 2460 2637 εί
2490 2585 2579 2638 τὸν
2610 2586 2682 2654 μὴ
2715 2586 2908 2653 γνόντα
2953 2587 3212 2657 ἁμαρτίαν
3254 2588 3390 2658 ὑπὲρ
3433 2590 3502 2659 in:

2285 2673 2402 2724 τίαν
2426 2673 2644 2743 εποίησε
2686 2673 3066 2743 τὸνΧριστὸν,
3095 2676 3142 2727 εί
3187 2675 3433 2744 ἐποίησεν
3481 2695 3502 2728 ο

2287 2761 2439 2832 ήμῶν
2459 2763 2724 2832 ἁμαρτίαν
2743 2763 2772 2814 ὁ
2800 2762 2950 2825 Θεὸς,
2985 2762 3082 2814 οὐκ
3113 2762 3176 2815 ἂν
3201 2763 3411 2816 δύναιτο
3428 2765 3502 2818 λέ-

2287 2849 2447 2902 αὐτοῦ
2468 2867 2482 2880 ο
2512 2868 2530 2900 ι
2573 2851 2766 2904 Σκοτία
2799 2852 2854 2903 ὲν
2894 2851 3036 2920 αὐτῴ
3092 2853 3192 2903 οὐκ
3221 2851 3364 2906 ἐστιν
3392 2855 3502 2907 οὐδε

2285 2943 2392 3011 γὰρ
2427 2961 2445 2993 ί
2487 2943 2543 2994 ὲν
2565 2940 2861 3011 ὁμοιώματι
2889 2941 3086 3012 σαρκὸς
3117 2943 3390 3013 ἁμαρτίας
3422 2962 3490 2996 πε

2287 3030 2615 3099 κατακρίνας
2641 3031 2879 3102 τυγχάνῃ
2908 3049 2926 3081 ι
2955 3031 2984 3082 6
3019 3030 3226 3101 Ἰησοῦς
3266 3051 3285 3082 ‹
3311 3034 3412 3104 τὴν
3438 3036 3502 3104 ἀι.

2285 3121 2344 3172 τὸ
2372 3120 2620 3190 ὁμοίωμα
2634 3121 2731 3189 τῆς
2753 3121 2953 3190 σαρκὸς
2977 3123 3257 3191 ἁμαρτίας
3275 3123 3502 3193 ἀνειληιι

2286 3210 2395 3274 ἕξει
2423 3211 2598 3279 πάντη
2632 3211 2797 3278 ὑγιῶς
2838 3211 3107 3281 λεγόμενα
3143 3215 3280 3283 περὶ
3319 3215 3493 3267 αὐτοῦ

654 3312 719 3349 eo
753 3307 899 3351 recte
943 3277 1208 3362 dicentur,
1247 3277 1452 3352 scilicet
1480 3298 1622 3366 quod
1651 3296 1807 3349 nulla:
1843 3295 2074 3348 tenebrae
2105 3292 2173 3345 in-

1980 3308 2074 3348 tra:
2105 3292 2188 3345 in-
2213 3277 2254 3334 (ἶ
2286 3301 2344 3353 ὲν
2375 3299 2519 3369 αὐτῷ
2543 3277 2641 3352 οὐκ
2667 3277 2810 3354 ἔστιν
2833 3277 3079 3370 οὐδεμία.
3105 3277 3499 3374 Προσθὴσομεε

655 3389 761 3439 sint
801 3388 850 3439 in
877 3401 958 3440 eo.
1001 3388 1270 3440 Addemus
1309 3395 1484 3441 autem
1531 3400 1651 3438 eum
1697 3384 2037 3437 infirmitates
2089 3396 2188 3436 no-

654 3487 796 3532 stras
824 3487 872 3531 et
908 3479 1120 3531 morbos
1141 3477 1512 3542 assumpsisse,
1537 3484 1589 3528 et
1631 3475 1819 3527 anima:
1846 3473 2187 3527 infirmitates

653 3577 705 3620 et
732 3567 946 3620 morbos
974 3566 1165 3621 occulti
1199 3566 1374 3619 cordis
1407 3565 1572 3618 nostri
1599 3564 1847 3627 hominis,
1878 3577 2013 3631 quas
2038 3562 2187 3616 infir-

656 3657 869 3711 mitates
899 3656 1217 3726 morbosque
1250 3657 1374 3722 quia
1403 3670 1434 3707 a
1465 3654 1616 3708 nobis
1663 3654 1959 3716 sustulerit.
1991 3653 2188 3706 dicitur

654 3746 790 3814 apud
810 3745 1123 3800 Zachariam
1156 3746 1390 3822 animam
1424 3743 1758 3813 pertristem,
1791 3743 2188 3810 perturbatam-

543 3895 545 3898 ι
657 3850 762 3902 que
815 3836 1014 3891 habere
1060 3844 1220 3904 atque
1265 3835 1506 3889 vestibus
1546 3833 1776 3887 sordidis
1825 3832 2040 3887 indutus
2084 3832 2184 3899 ⁸⁸ς

651 3923 848 3990 quibus
875 3924 1128 3992 quoniam
1159 3924 1435 3977 exuendus
1457 3930 1590 3985 erat,
1625 3921 1874 3976 dicuntur
1900 3935 2021 3974 esse
2059 3934 2186 3987 pec-

653 4021 795 4064 cata.
821 4010 1107 4082 Subjttngit
1130 4027 1257 4081 ergo
1287 4012 1475 4066 eodem
1506 4011 1559 4063 in
1592 4010 1712 4063 loco
1749 4010 1792 4041 ”
1818 4027 1832 4062 :
1870 4028 1887 4059 ι
1916 4009 2052 4063 Ecce
2088 4022 2187 4076 ego

652 4099 845 4152 abstuli
883 4111 1105 4166 peccata
1135 4107 1224 4151 tua
1253 4113 1270 4162 ;
1307 4117 1325 4149 ι
1363 4111 1427 4152 eo
1445 4097 1587 4151 enim
1617 4095 1756 4162 quod
1790 4096 1902 4164 ipse
1925 4097 2189 4163 receperit

653 4189 705 4239 in
747 4188 975 4255 seipsum
1006 4187 1186 4255 populi
1220 4185 1552 4240 credentium
1590 4194 1831 4254 peccata,
1877 4183 2188 4251 frequenter

653 4276 866 4343 inquit:
916 4295 937 4325 ε
977 4275 1154 4344 Longe
1201 4289 1231 4328 α
1277 4273 1453 4328 salute
1499 4287 1616 4327 mea
1658 4272 1820 4326 verba
1867 4273 2184 4329 delictorum

655 4379 893 4417 meorum
937 4365 1024 4428 ὀς
1087 4383 1106 4416 ι
1163 4371 1214 4418 et
1247 4380 1260 4417 :
1293 4380 1314 4414 ι
1363 4361 1442 4415 Tu
1485 4361 1777 4432 cognovisti
1826 4362 2185 4430 insipientiam

653 4469 847 4518 meam,
879 4463 932 4509 et
958 4455 1150 4509 delicta
1181 4469 1299 4508 mea
1329 4467 1359 4507 ι
1397 4463 1452 4508 te
1481 4467 1584 4506 non
1614 4461 1741 4506 sunt
1771 4453 2183 4507 abscondita".i

652 4543 760 4597 Nec
783 4557 906 4597 vero
932 4545 1230 4612 suspicetur
1265 4557 1360 4596 nos
1393 4542 1674 4610 quisquam
1703 4542 1815 4598 haec
1837 4543 2039 4610 dicere,
2073 4543 2179 4598 mi-

653 4647 751 4684 nus
781 4632 868 4700 pie
895 4630 1164 4685 Christum
1204 4630 1296 4683 Dei
1341 4628 1599 4683 colentes.
1647 4627 1778 4681 Nam
1825 4643 1931 4694 qua
1975 4629 2182 4684 ratione

652 4720 796 4774 solus
829 4719 990 4773 Pater
1035 4719 1195 4772 habet
1232 4717 1712 4781 immortalitatem,
1755 4716 1882 4784 quia
1927 4717 2181 4772 Dominus

653 4819 834 4863 noster
883 4809 1170 4880 [omnium
1231 4819 1472 4859 nostrum
1522 4803 1779 4874 nomine]
1830 4815 2056 4859 mortem
2112 4806 2181 4858 ob

649 4913 886 4952 amorem
908 4913 1031 4966 erga
1064 4910 1228 4964 genus
1253 4896 1544 4949 humanum
1573 4894 1872 4962 pertulerit,
1898 4894 1998 4948 hac
2019 4893 2180 4950 Pater

649 4987 794 5041 solus
841 4989 1000 5042 habet
1038 4999 1096 5041 nt
1131 4989 1181 5041 in
1226 4987 1344 5054 ipso
1384 4983 1541 5039 nulla:
1585 4984 1692 5039 sint
1742 4985 2014 5040 tenebrat:
2057 5000 2180 5040 cum

650 5077 912 5140 Christus,
963 5089 1019 5131 ut
1063 5078 1311 5132 homines
1340 5074 1603 5130 beneﬁcio
1638 5074 1900 5143 alliceret,
1931 5075 2186 5131 tenebras

653 5178 864 5220 nostras
895 5169 946 5220 in
978 5167 1212 5234 seipsum
1241 5168 1526 5237 receperit,
1553 5174 1614 5220 ut
1643 5171 1877 5236 putentia
1907 5181 2003 5220 sua
2033 5180 2180 5223 mor-

653 5265 755 5307 tem
793 5265 1032 5310 nostram
1055 5257 1281 5324 deleret,
1305 5257 1701 5340 expelleretque
1742 5257 2041 5310 animarum
2083 5269 2179 5307 no-

719 5365 760 5394 ‘"
795 5364 934 5421 Psal.
967 5383 1148 5430 um,
1183 5369 1238 5424 5.
1335 5370 1380 5401 “
1411 5369 1429 5422 l
1455 5367 1610 5422 Joan.
1641 5385 1679 5429 ι.
1706 5370 1758 5424 5.

650 5420 860 5519 {Att-1'.“
893 5451 931 5519 ιε
977 5437 1058 5519 ⁵;.
1089 5420 1368 5519 έδῗίιξῑά-
1404 5420 1474 5519 ἐ(
1498 5438 1550 5519 ⁵;

676 5501 696 5526 ⁸
729 5501 857 5556 ibid.
889 5503 940 5556 4.
1014 5507 1058 5536 ⁸⁸
1089 5503 1226 5558 Psal.
1263 5517 1372 5568 ut,
1404 5505 1459 5560 2.
1535 5505 1576 5535 ⁹¹
1609 5505 1748 5557 Psal.
1781 5519 1967 5569 uvm,
1985 5506 2038 5558 6.

1857 5368 1902 5400 ⁸³
1925 5365 2109 5421 Matth.
2150 5380 2204 5426 ν,
2241 5367 2327 5421 14.

1655 5437 1888 5511 "Dom.
1923 5452 2038 5511 Vtri,
2067 5433 2130 5498 ὃς
2178 5434 2274 5488 lsa.
2319 5451 2432 5501 LIII,
2483 5445 2534 5501 4,
2573 5438 2641 5500 5;
2686 5438 2874 5497 Matth.
2928 5459 3078 5511 vm,

2284 3387 2380 3450 τὰς
2410 3387 2682 3449 ἀσθενείας
2710 3388 2864 3457 ἡμῶν
2884 3387 3070 3452 ἔλαϐε,
3105 3391 3206 3442 καὶ
3243 3391 3349 3454 τὰς
3382 3393 3501 3444 νόσς

2283 3479 2374 3530 καὶ
2406 3476 2686 3538 ἀσθενείας
2733 3476 2831 3538 τὰς
2861 3477 2962 3546 τῆς
3009 3477 3228 3548 ψυχῆς,
3276 3481 3380 3533 καὶ
3407 3483 3502 3533 νόσ

2283 3563 2521 3633 κρυπτοῦ
2566 3565 2665 3633 τῆς
2696 3564 2917 3634 καρδίας
2953 3564 3122 3633 ἡμῶν
3176 3566 3502 3637 ἀνθρώπου

2283 3652 2429 3715 νείας
2454 3653 2547 3704 καὶ
2579 3652 2762 3716 νόσους
2787 3653 3072 3722 βαστάσας
3100 3657 3292 3720 αὐτὰς
3330 3661 3434 3726 ἀφ’
3480 3661 3502 3710 i

2287 3758 2386 3796 πον
2420 3741 2562 3811 ἔχειν
2591 3741 2686 3810 τὴν
2718 3743 2892 3814 ψυχὴν
2911 3744 3189 3813 ὁμολογεῖ
3214 3747 3324 3799 καὶ
3348 3765 3502 3800 τετσ.

2286 3830 2500 3900 ῥυπαρά
2520 3829 2706 3899 ἱμάτια
2728 3831 3042 3884 ἐνδεδύσθαι
3072 3834 3248 3903 παρὰ
3278 3835 3372 3904 τῷ
3425 3839 3502 3888 Ζα

2282 3932 2518 3986 γραπται
2541 3935 2554 3947 ·
2588 3918 2729 3988 ἅπερ
2771 3919 2851 3970 ὅτι
2887 3920 3207 3974 ἐκδύεσθαι
3260 3922 3492 3993 ἔμελλε

2285 4008 2666 4076 ἁμαρτήματα.
2715 4009 2994 4079 Ἐπιφέρει
3029 4009 3185 4077 γοῦν
3217 4013 3357 4064 ἐκεῖ
3380 4029 3396 4041 ·
3445 4032 3469 4063 ι

2284 4096 2378 4158 τὰς
2411 4096 2680 4166 ἁμαρτίας
2701 4113 2791 4148 σου
2814 4114 2826 4126 ο
2872 4116 2890 4148 ι
2919 4098 3012 4152 διά
3045 4099 3179 4170 γὰρ
3206 4100 3279 4152 τὸ
3317 4102 3501 4154 ἀναλη

2281 4183 2375 4234 τοῦ
2407 4181 2534 4234 λαοῦ
2578 4183 2683 4237 τῶν
2713 4185 3088 4239 πιστευόντων
3143 4188 3243 4249 εἰς
3301 4189 3502 4242 αὑτὸν

2286 4271 2548 4342 πολλαχοῦ
2588 4289 2746 4342 φησι·
2785 4293 2803 4324 ι
2837 4275 3095 4346 Μακρὰν
3133 4277 3272 4328 ἀπὸ
3299 4279 3428 4347 τῆς
3471 4299 3502 4332 c

2283 4359 2426 4428 λόγοι
2458 4361 2562 4414 τῶν
2601 4365 3075 4433 παραπτωμάτων
3116 4383 3247 4435 μου
3273 4383 3293 4399 ο
3363 4387 3387 4420 ι
3440 4387 3502 4422 κε

2283 4449 2377 4518 τὴν
2415 4450 2718 4519 ἀφροσύνην
2758 4467 2878 4521 μου,
2929 4453 3034 4506 καὶ
3096 4457 3170 4506 αἱ
3231 4455 3502 4528 πλημμ

2286 4537 2378 4592 σοῦ
2400 4539 2495 4591 οὐκ
2526 4539 2849 4612 ὲκρύϐησαν.
2888 4559 2910 4594 ι
2946 4543 3200 4613 Μηδεὶς
3237 4546 3298 4598 δ’
3341 4549 3500 4616 ὴμᾶ

2284 4629 2454 4683 ταῦτα
2484 4631 2662 4696 λέγειν
2691 4633 3032 4696 ἀσεϐοῦντας
3076 4635 3183 4697 εἰς
3229 4637 3355 4688 τὸν
3412 4641 3502 4707 Χτ

2284 4715 2353 4792 τῼ
2381 4720 2487 4790 γὰρ
2511 4722 2694 4792 λόγῳό
2713 4723 2898 4794 Πατὴρ
2936 4725 3135 4794 μόνος
3178 4726 3336 4795 ἔχει
3382 4728 3502 4781 ἀθς

2287 4811 2400 4882 ρίου
2423 4812 2577 4881 ἡμῶν
2595 4811 2682 4864 διὰ
2713 4813 3171 4884 φιλανθρωπίαν
3213 4815 3501 4870 Cava-co

2285 4899 2646 4967 ἀνειληφότος,
2680 4899 2851 4970 τούτῳ
2889 4903 2917 4953 6
2961 4902 3222 4971 Πατὴρ
3275 4902 3443 4972 ἔχει
3494 4924 3500 4969 τ

2285 4987 2506 5057 ἑναύτῷ
2527 4990 2625 5041 οὐκ
2652 4988 2793 5042 ἐστιν
2818 4989 3099 5060 οὐδεμία,
3133 4991 3270 5043 τοῦ
3309 4994 3374 5044 Χ
3390 5010 3498 5064 ρις

2285 5076 2596 5147 ἀνθρώπους
2623 5079 2935 5148 εὐεργεσίαν
2965 5080 3077 5147 ἐφ’
3127 5081 3371 5134 αὑτὸν
3445 5101 3489 5134 τ

2281 5167 2718 5235 ἀναδεδεγμένον,
2779 5170 2866 5221 ῖνα
2912 5172 2985 5240 τῇ
3034 5169 3369 5240 δυνάμει
3457 5192 3482 5224 c

2282 5255 2432 5323 ἡμῶν
2459 5257 2546 5308 τὸν
2576 5256 2822 5322 θάνατον,
2877 5262 2977 5314 καὶ
3042 5262 3472 5334 ὲξαςρανίστ

2432 5369 2697 5423 ⁸⁵11οειιι.
2737 5372 2858 5431 ι,5.
2970 5375 3024 5406 ⁸⁸
3070 5374 3223 5428 lsa.
3283 5390 3456 5430 LIII.

3157 5447 3287 5499 I7.
3427 5445 3452 5476 ⁸

724 5612 833 5681 (83)
875 5613 992 5668 llaec
1021 5631 1048 5667 a
1077 5614 1321 5669 Ferrario
1350 5618 1701 5684 praetermissa
1731 5633 1760 5672 e
1792 5617 2038 5673 Perionio
2077 5613 2450 5684 Supplevimus.
