3848 6186
283 299 288 304 ,
342 233 426 286 161
1405 231 1753 288 COMMENT.
1795 231 1858 283 IN
1897 229 2083 284 JOAN.
2126 228 2362 284 TUMUS
2397 229 2457 285 ΙΙ.

3420 238 3520 292 162

338 345 478 417 ἡμῶν
501 341 688 398 σκότος,
713 330 800 384 ἶνα
826 330 1118 416 πληρωθῇ
1150 346 1210 398 τὸ
1235 347 1375 418 παρὰ
1408 347 1481 416 τῷ
1523 350 1746 417 Ἡσαΐαο
1781 369 1798 399 ι
1822 349 1865 401 Ὀ

1979 360 2208 401 Strarutn
2250 349 2530 410 tenebras,
2580 347 2838 402 nimirum
2895 357 2954 402 ut
3013 351 3328 420 impleretur
3390 353 3517 408 illud

339 437 454 498 λαὸς
481 436 507 487 ό
535 429 820 499 καθήμενος
855 427 917 479 ἒν
954 437 1160 508 σκοτίᾳ
1193 438 1304 505 φῶς
1327 435 1431 490 εἶδε
1456 439 1615 508 μέγα.
1655 458 1672 490 ι
1710 438 1877 491 Τοῦτο

337 528 390 580 δὲ
414 525 470 577 τὸ
491 524 616 591 φῶς,
640 521 666 574 ὃ
691 519 910 588 γέγονεν
939 524 1001 576 ὲν
1045 527 1126 597 τῷ
1153 529 1312 598 λόγῳ,
1335 532 1598 598 τυγχάνον
1623 532 1716 583 καὶ
1742 529 1878 601 ζωὴ,

339 617 504 684 φαίνει
531 615 585 665 ὲν
613 615 677 682 τῇ
712 611 902 682 σκοτίᾳ.
927 613 1040 668 τῶν
1085 617 1270 687 ψυχῶν
1301 618 1474 688 ἡμῶν,
1514 621 1605 673 καὶ
1640 621 1879 691 ἐπιδεδή-

339 719 498 774 μηκεν
534 703 662 754 ὅπου
699 701 749 752 οἱ
780 704 1228 776 κοσμοκράτορες
1270 707 1360 758 τοῦ
1401 707 1620 771 σκότους
1666 708 1873 772 τούτου,

333 795 515 855 οἵτινες
539 792 626 843 διὰ
647 791 737 844 τοῦ
774 791 1028 845 παλαίειν
1059 795 1136 865 τῷ
1167 796 1271 850 τῶν
1310 797 1776 869 ἀνθρώπωνγένει
1797 799 1874 870 τῷ

334 882 494 949 σκότῳ
531 882 759 948 ὑπάγειν
809 883 1169 950 ἀγωνίζονται
1221 887 1344 949 τοὺς
1389 888 1464 957 μὴ
1504 889 1666 940 παντὶ
1692 890 1875 958 τρόπῳ
1922 946 1928 952 ,

335 972 663 1040 ἱσταμένους,
699 973 839 1042 ὑπὲρ
870 973 964 1025 τοῦ
993 975 1188 1038 αὐτοὺς
1230 978 1664 1046 πεφωτισμένους
1699 979 1873 1045 φωτὸς

281 1119 284 1122 ,
331 1061 658 1130 χρηματίσαι
691 1061 860 1124 υίούς.
894 1063 1002 1115 Καὶ
1035 1067 1217 1131 φαῖνον
1249 1066 1306 1117 ἐν
1335 1069 1398 1135 τῇ
1432 1067 1614 1136 σκοτίᾳ
1639 1067 1793 1119 τοῦτο
1813 1068 1871 1119 τὸ

328 1149 437 1217 φὼς
462 1147 715 1202 διώκεται
747 1150 846 1220 μὲν
870 1151 958 1203 ὑπ’
993 1152 1180 1220 αὐτῆς,
1205 1155 1265 1206 οὐ
1297 1154 1762 1223 καταλαμϐάνεται
1789 1155 1864 1207 δέ.

1979 435 2126 489 Isaia:
2157 435 2244 487 9':
2280 454 2296 484 ι
2349 435 2583 504 Pepnlus
2624 438 2712 504 qui
2759 438 2980 492 sedebat
3019 440 3071 496 in
3117 442 3350 497 tenebris
3393 443 3521 498 vidit

1978 525 2146 578 lucem
2183 538 2448 589 magnam.
2486 545 2504 578 ι
2542 527 2665 584 llzec
2699 528 2876 596 itaque
2909 527 2994 581 lux
3023 543 3140 596 qua:
3171 531 3310 584 facta
3341 543 3426 586 est
3466 533 3517 586 in

1979 628 2243 678 sermone,
2296 615 2564 669 exsiSteus
2604 619 2766 670 etiam
2814 618 2945 682 vita,
2993 617 3135 672 lucet
3183 619 3234 672 in
3284 621 3518 677 tenebris

1978 707 2276 759 animarum
2325 715 2623 760 nostrarqu
2679 725 2692 760 :
2743 718 2795 760 et
2841 722 2904 761 eo
2942 711 3175 762 accessit
3225 709 3313 770 ubi
3363 719 3518 766 erant

1981 795 2164 848 mundi
2191 803 2430 850 rectores
2470 796 2811 850 tenebrarum
2845 796 3102 869 [seculi]
3139 799 3296 868 hujus
3320 800 3386 864 “,
3421 801 3514 869 qui

1979 883 2106 950 quia
2145 898 2265 937 cum
2310 898 2507 952 genere
2551 885 2784 939 humano
2825 885 3117 950 luctentur,
3163 888 3214 940 in
3267 889 3515 944 tenebras

1978 972 2242 1025 adducere
2270 986 2362 1026 eos
2389 973 2713 1026 contendunt
2747 973 2836 1042 qui
2869 989 2970 1042 pro
2997 975 3137 1029 virili
3171 992 3273 1030 non
3307 977 3514 1032 instant

1976 1071 2033 1113 ut
2061 1061 2337 1116 illuminati
2371 1064 2420 1114 in
2454 1063 2680 1116 ﬁliorum
2730 1063 2864 1117 lucis
2907 1079 3130 1121 numero
3170 1077 3508 1123 censeantur.

1973 1146 2090 1202 Jam
2117 1165 2244 1205 vero
2272 1153 2432 1204 etiam
2473 1151 2585 1206 hac
2631 1141 2946 1207 lux-lucens
2975 1152 3030 1206 in
3071 1155 3306 1208 tenebris
3332 1170 3515 1224 perse-

327 1242 592 1294 cutionem
625 1241 827 1307 patitur
853 1244 1068 1309 quidem
1104 1261 1130 1293 ιι
1175 1246 1425 1306 tenebris,
1462 1247 1554 1299 sed
1595 1262 1698 1300 non
1740 1241 2176 1312 apprehenditur.

403 1330 526 1380 Ἐὰν
585 1329 643 1382 δέ
697 1347 780 1393 τις
835 1334 1031 1405 νομίσῃ
1069 1333 1256 1407 τὸμὴ
1300 1336 1676 1405 γεγραμμένον
1721 1337 1866 1404 ἡμᾶς

333 1418 695 1487 προστιθέναι,
726 1421 790 1472 τὸ
817 1421 1105 1475 διώκεσθαι
1131 1424 1190 1476 τὸ
1225 1425 1336 1491 φῶς
1363 1426 1464 1476 ὑπὸ
1491 1425 1586 1493 τῆς
1630 1424 1864 1487 σκοτίας,

2041 1332 2151 1402 80
2177 1331 2268 1385 22.
2293 1331 2442 1396 Quod
2492 1333 2536 1385 si
2579 1332 2697 1400 quis
2721 1341 2869 1399 putet
2897 1347 2994 1386 nos
3021 1332 3220 1387 addere
3241 1335 3378 1401 quod
3405 1349 3509 1389 non

1973 1421 2041 1474 sit
2073 1421 2355 1489 scriptum,
2387 1435 2576 1488 nempe
2599 1421 2736 1488 quod
2771 1421 3002 1476 tenebra:
3029 1421 3202 1476 lucem
3233 1423 3512 1492 insequan-

322 1506 576 1568 ἀκουέτω,
613 1508 694 1558 ὅτι
719 1509 781 1559 τό
806 1525 819 1538 ο
859 1528 877 1559 ι
920 1510 982 1560 Ἦ
1012 1510 1194 1562 σκοτία
1240 1512 1369 1563 αὐτὸ
1411 1514 1469 1564 ού
1521 1511 1801 1573 κατέλαϐε,
1846 1529 1864 1562 ι

1977 1520 2082 1574 tur,
2118 1511 2300 1566 audiat
2336 1511 2535 1566 frustra
2566 1510 2694 1566 illud
2727 1512 2851 1575 dici,
2894 1515 3032 1580 quod
3075 1532 3094 1563 ι
3133 1515 3362 1568 tenebrae
3392 1529 3509 1568 eam

325 1593 569 1662 μηδαμοῦ
602 1595 702 1663 τῆς
732 1597 951 1660 σκοτίας
972 1597 1235 1667 διωξάσης
1267 1601 1326 1652 τὸ
1355 1600 1485 1666 φῶς,
1520 1603 1691 1673 μάτην
1719 1602 1869 1669 λέγε-

319 1700 425 1737 ται.
469 1687 555 1747 Ὠς
593 1687 650 1738 δὲ
691 1687 874 1755 έχουσι
927 1688 1048 1740 νοῦν
1080 1689 1389 1751 ἐκδέξασθαι
1424 1689 1710 1760 δυνάμενον
1741 1693 1867 1744 ἀκο-

319 1770 517 1834 λούθως
541 1775 656 1835 τοῖς
678 1775 1082 1844 γεγραμμένοις
1109 1774 1176 1827 τὰ
1198 1775 1520 1845 νομιζόμενα
1552 1779 1866 1848 παραλελεῖ-

319 1860 469 1930 φθαι,
515 1862 753 1931 ἔγραψεν
797 1865 826 1914 ὁ
863 1865 1111 1933 Ἰωάννης
1156 1865 1215 1916 τό
1242 1867 1374 1918 οιἨ
1406 1866 1590 1918 σκοτία
1635 1868 1764 1919 αὐτὸ
1802 1869 1861 1920 οὐ

319 1950 737 2004 κατέλαϐεν.ιΕί
767 1951 955 2022 γὰρού
982 1952 1264 2014 κατέλαϐε,
1315 1952 1548 2017 διώξασα
1597 1955 1656 2005 οὐ
1704 1956 1863 2006 κατέ-

317 2037 472 2090 λα6ε’
498 2039 592 2090 καὶ
621 2039 702 2090 ὅτι
735 2038 948 2103 ἐδίωξεν
974 2041 1006 2108 ἡ
1039 2039 1224 2091 σκοτία
1252 2041 1312 2091 τὸ
1349 2041 1482 2108 φῶς,
1505 2041 1661 2110 δῆλον
1706 2042 1767 2095 ἐκ
1803 2061 1862 2096 τε

316 2126 388 2184 ὧν
419 2134 688 2186 πέπονθεν
723 2137 751 2188 ὁ
775 2136 986 2204 Σωτὴρ,
1020 2135 1112 2187 καί⁵
1151 2138 1198 2187 οί
1250 2136 1674 2207 παραδεξάμενοι
1702 2139 1861 2192 αὐτοῦ

315 2221 379 2271 τὰ
413 2221 734 2290 μαθήματα,
763 2221 832 2273 τὰ
847 2223 950 2274 iam
975 2222 1154 2284 τέκνα,
1181 2224 1277 2291 τῆς
1308 2225 1521 2286 σκοτίας
1543 2227 1864 2297 ἐνεργούσης

315 2311 451 2362 κατὰ
476 2309 582 2362 τῶν
624 2312 757 2362 υἱῶν
784 2311 874 2362 τοῦ
916 2311 1108 2378 φωτὸς,
1140 2313 1230 2363 καὶ
1263 2311 1609 2383 βουληθείσης
1633 2316 1862 2370 ἀποδιῶ-

315 2399 393 2463 ξαι
418 2399 525 2452 ἀπὸ
556 2399 668 2452 τῶν
702 2399 1000 2470 ἀνθρώπων
1041 2400 1133 2453 τοῦ
1171 2403 1362 2469 φωτός.
1404 2403 1539 2454 Ἀλλ’
1584 2406 1722 2469 ἐπεὶ,
1770 2407 1863 2459 ἐὰν

313 2490 440 2551 Θεὸς
473 2489 614 2556 ὑπὲρ
658 2488 838 2558 ἡμῶν,
890 2490 1080 2556 οὐδεὶς,
1116 2484 1218 2544 κᾶν
1261 2491 1531 2561 βούληται,
1582 2494 1862 2566 δυνήσεται

315 2576 430 2628 καθ’
455 2574 630 2644 ἡμῶν,
660 2577 770 2645 ὅσῳ
785 2578 1004 2639 ἑαυτοὺς
1028 2578 1358 2641 ὲταπείνουν,
1389 2581 1620 2650 τοσούτῳ
1651 2583 1863 2648 πλείους

312 2665 565 2734 ἐγίνοντο,
591 2668 688 2720 καὶ
719 2668 1009 2736 κατίσχυον
1041 2669 1242 2738 σφόδρα
1276 2670 1494 2740 σφόδρα.
1534 2673 1704 2742 Διχῶς
1733 2675 1788 2726 δὲ
1829 2675 1861 2743 ἡ

316 2757 495 2807 σκοτία
523 2757 586 2807 τὸ
617 2755 736 2823 φῶς
765 2757 827 2806 οὐ
863 2756 1213 2825 κατείληφεν·
1244 2758 1277 2827 ἢ
1308 2760 1508 2830 σφόδρα
1530 2761 1692 2814 αὐτοῦ
1729 2763 1863 2816 ἀπο-

1975 1615 2078 1653 non
2125 1601 2595 1670 apprehenderunt
2643 1602 2710 1662 νδ,
2744 1619 2764 1652 ι
2814 1601 2857 1655 si
2901 1616 3234 1670 nequaquam
3280 1603 3512 1660 tencbm

1976 1687 2149 1742 lucem
2171 1697 2296 1741 sunt
2312 1697 2626 1755 persecutze.
2653 1687 2826 1742 Veluti
2851 1698 3229 1744 autemmente
3252 1692 3509 1760 praeditis,

1970 1791 2064 1845 per
2102 1792 2260 1844 quam
2310 1776 2605 1845 intelligere
2654 1787 2873 1844 possent
2915 1781 3293 1848 consequentia
3328 1767 3504 1836 rerum

1969 1867 2294 1934 scriptarum
2326 1881 2442 1933 qua:
2474 1875 2789 1934 putarentur
2814 1867 3029 1930 omissa,
3059 1869 3250 1923 scribit
3269 1868 3502 1925 Joannes

1972 1955 2218 2009 tenebras
2261 1955 2432 2009 lucem
2473 1970 2576 2008 non
2627 1955 3063 2024 apprelicndisse.
3113 1956 3243 2012 Nam
3298 1959 3344 2011 si
3397 1973 3501 2012 non

1968 2044 2454 2112 apprehenderunt,
2485 2053 2783 2113 persecutae
2832 2061 2934 2098 non
2983 2047 3452 2114 apprehenderunt
3488 2066 3504 2113 ;

1967 2134 2220 2203 quodque
2247 2133 2418 2190 lucem
2458 2135 2690 2188 tenebrae
2719 2145 3016 2202 persecuta:
3045 2136 3266 2201 iuerint,
3295 2139 3504 2206 perspi-

1968 2239 2124 2276 cuum
2148 2232 2249 2285 est,
2289 2233 2395 2277 tum
2425 2239 2489 2277 ex
2531 2225 2615 2278 his
2649 2240 2768 2292 quae
2802 2225 3061 2278 Servator
3090 2240 3374 2293 perpessus
3401 2239 3502 2288 est,

1971 2320 2080 2365 tum
2118 2312 2278 2366 etiam
2317 2313 2390 2365 illi
2428 2313 2516 2380 qui
2549 2313 2688 2366 illius
2718 2313 3048 2380 disciplinam
3073 2327 3416 2383 exceperunt,
3453 2326 3506 2368 et

1968 2400 2136 2454 secuti
2172 2408 2320 2463 sunt,
2350 2399 2566 2466 genuini
2599 2398 2767 2466 ipsius
2797 2398 2914 2461 lilii,
2955 2399 3188 2452 tenebris
3234 2402 3500 2467 operanti-

1969 2488 2066 2542 bus
2120 2488 2374 2541 adversus
2417 2487 2552 2541 lucis
2597 2486 2732 2541 ﬁlios
2772 2497 2826 2540 et
2861 2487 3044 2557 fugare
3087 2487 3380 2542 volentibus
3425 2490 3501 2540 lu-

1967 2592 2082 2631 cem
2101 2575 2168 2628 ab
2196 2575 2518 2629 hominibus.
2542 2576 2610 2629 At
2628 2576 2879 2644 quoniam
2901 2576 2944 2630 si
2972 2576 3110 2630 Deus
3130 2591 3227 2644 pro
3252 2577 3406 2630 nobis
3427 2576 3496 2639 ⁸⁸,

1970 2665 2162 2730 ιιιιΙΙιιε,
2194 2665 2404 2719 etiamsi
2440 2664 2589 2728 velit,
2619 2665 2813 2732 poterit
2841 2665 3044 2733 aliquid
3073 2666 3353 2720 adversmn
3384 2681 3501 2729 nos,

1967 2765 2169 2823 quanto
2219 2754 2388 2822 magis
2431 2754 2635 2821 seipsos
2699 2753 3077 2818 ltumiliabant,
3124 2763 3272 2808 tanto
3323 2754 3504 2822 plures

314 2844 622 2914 λειπομένη,
657 2845 752 2898 καὶ
783 2845 870 2896 διὰ
902 2844 998 2914 τὴν
1031 2845 1164 2899 ίδίαν
1191 2846 1494 2917 βραδύτητα
1541 2853 1605 2920 τῇ
1647 2852 1861 2923 ὀξύτητι

1975 2844 2299 2898 assistebant
2325 2843 2796 2912 prmvalcbantque
2823 2846 3104 2900 admodum
3136 2845 3305 2898 valde.
3334 2844 3502 2900 Porro

314 2935 402 2986 καὶ
433 2933 698 3002 ταχύτητι
739 2934 834 2984 τοῦ
877 2933 1076 3003 δρόμου
1121 2933 1214 2985 τοῦ
1261 2934 1453 3002 φωτὸς,
1484 2937 1600 2990 οὐδὲ
1641 2940 1777 2992 κατὰ
1803 2942 1861 2993 τὸ

313 3024 470 3076 ποσὸν
493 3011 971 3093 παρακολουθῆσαι
991 3022 1254 3092 δυναμένη
1271 3040 1285 3054 ο
1313 3024 1346 3093 ῆ
1372 3025 1424 3075 εί
1441 3043 1539 3078 που
1560 3029 1864 3098 ἐνεδρεῦσαι

314 3111 626 3181 βεϐούληται
660 3111 723 3164 τὸ
767 3111 881 3178 φῶς
914 3111 1010 3180 τὴν
1035 3113 1272 3174 σκοτίαν,
1297 3115 1388 3165 καὶ
1414 3117 1530 3166 κατ’
1559 3118 1862 3187 οἰκονομίαν

314 3200 638 3269 παρέμεινεν
669 3199 1043 3269 ἐπερχομένην
1085 3200 1252 3269 αὐτὴν
1289 3202 1551 3268 ὲγγίσασα
1595 3207 1627 3274 ἡ
1678 3207 1863 3261 σκοτία

1967 2934 2173 2988 duobus
2204 2933 2634 3004 modis_tenebra:
2655 2947 2760 2986 non
2787 2934 3252 3001 apprehenderunt
3278 2933 3456 2987 lucent
3483 2951 3496 2987 :

1969 3022 2052 3078 vel
2085 3023 2209 3089 quia
2239 3020 2327 3073 lux
2353 3035 2449 3075 eas
2479 3019 2636 3089 longo
2679 3021 2960 3074 intervallo
2989 3030 3109 3090 post
3144 3035 3202 3076 se
3238 3022 3502 3091 relinque-

1969 3119 2070 3174 ret,
2098 3119 2154 3163 ut
2190 3124 2349 3178 quam
2382 3108 2658 3161 celeritate
2693 3109 3109 3177 pernicitateque
3136 3123 3328 3162 cursus
3365 3124 3503 3177 prae-

1968 3208 2222 3264 stantem,
2250 3199 2318 3253 ob
2350 3198 2619 3266 propriam
2652 3197 2958 3250 tarditatem
2983 3197 3110 3265 ipsa:
3137 3199 3392 3263 tenebrae,
3433 3214 3501 3251 ne

311 3289 399 3341 τοῦ
427 3291 600 3356 φωτὸς
622 3287 934 3357 ἠφανίζετο.
966 3287 1110 3357 Πλὴν
1140 3289 1410 3359 ἑκατέρως
1447 3292 1553 3361 (84)
1599 3294 1630 3362 ή
1679 3297 1860 3348 σκοτία

1975 3289 2113 3353 iuxta
2166 3287 2519 3355 quantitatem
2569 3286 2802 3354 quidem,
2860 3287 3072 3353 assequi
3132 3297 3368 3355 possent,
3415 3289 3500 3341 vel

310 3375 369 3424 οὐ
401 3375 663 3428 κατέλαϐε
688 3375 749 3426 τὸ
772 3374 906 3442 φῶς.

1967 3379 2092 3447 quia
2114 3376 2282 3430 sicubi
2309 3376 2539 3431 tenebra:
2569 3376 2671 3430 luci
2706 3377 2924 3431 insidias
2959 3385 3169 3431 struere
3209 3377 3498 3438 voluerint,

310 3474 468 3531 atque
491 3476 645 3519 certo
666 3468 901 3531 quodam
929 3464 1178 3530 consilio,
1199 3475 1252 3518 et
1275 3482 1368 3534 per
1389 3453 1834 3536 dispensationem
1863 3467 2298 3540 supervenientes
2326 3465 2470 3533 ipsas
2498 3464 2586 3518 lux
2620 3467 3030 3532 exspectaverit,
3070 3481 3188 3520 mox
3221 3477 3380 3534 atque
3399 3467 3499 3521 luci

312 3558 888 3626 appropinquaverint,
917 3569 1270 3611 evanescunt.
1297 3560 1544 3614 Attamen
1570 3573 1796 3629 utroque
1825 3561 1980 3615 modo
2013 3557 2248 3612 tenebrat
2281 3557 2453 3614 lucem
2485 3571 2587 3610 non
2621 3559 3108 3624 apprehenderunt.

390 3652 711 3716 Ἀναγκαῖον
740 3649 796 3699 δὲ
818 3651 876 3702 ὲν
906 3650 1115 3711 τούτοις
1139 3652 1286 3718 ἡμᾶς
1317 3651 1634 3719 γενομένους
1676 3653 1834 3720 ὲπιση
1853 3684 1864 3691 ο

313 3738 534 3808 μειῶσαι
559 3738 696 3806 (85),
720 3739 805 3790 ὅτι
832 3739 892 3789 ού
922 3741 1155 3800 πάντως,
1187 3739 1241 3790 εἴ
1261 3756 1360 3791 που
1389 3740 1706 3808 ὀνομάζεται
1739 3741 1861 3793 σκό-

2034 3651 2124 3703 2'5.
2155 3648 2383 3703 Necesse
2412 3658 2589 3701 autem
2618 3659 2698 3702 est
2733 3663 2827 3701 nos
2865 3649 2917 3701 iu
2963 3649 3046 3702 his
3075 3659 3356 3704 versantes
3403 3648 3500 3703 ad-

1963 3747 2174 3802 notare,
2205 3753 2333 3800 non,
2358 3737 2530 3790 sicubi
2562 3732 2794 3790 tenebrae
2832 3739 3199 3798 nominentur,
3243 3753 3364 3791 mox
3405 3751 3500 3792 eas

308 3843 414 3890 τος,
445 3831 540 3883 ἐπὶ
567 3828 647 3896 τῷ
675 3826 882 3896 χείρονι
911 3827 1242 3896 λαμϐάνεται
1260 3845 1272 3857 ⁸
1311 3828 1419 3880 ἐσθ’
1453 3831 1539 3882 ὅτε
1569 3830 1624 3881 δὲ
1652 3831 1744 3882 καὶ
1773 3831 1865 3882 ἐπὶ

1975 3847 2018 3883 ιιι
2047 3829 2282 3898 peiorem
2313 3835 2517 3896 partem
2555 3827 2717 3889 sumi,
2757 3840 2941 3879 verum
2975 3826 3311 3894 Scripturatn
3339 3826 3500 3880 etiam

307 3917 384 3985 τῷ
414 3919 684 3987 κρείττονι
716 3917 1162 3987 ἀναγέγραπται·
1193 3919 1328 3986 ὅπερ
1352 3919 1400 3970 οί
1423 3919 1711 3988 ἑτερόδοξοι
1751 3919 1862 3991 (86)

1983 3934 2012 3969 ιι
2061 3918 2255 3971 bonam
2287 3923 2490 3984 partem
2532 3913 2816 3981 aliquoties
2867 3911 2963 3965 has
3010 3912 3302 3980 accipere:
3353 3914 3496 3980 quod

311 4006 382 4074 μὴ
410 4007 864 4075 διαστειλάμενοι,
897 4007 1279 4076 δυσφημότατα
1307 4007 1434 4076 περὶ
1474 4009 1564 4060 τοῦ
1596 4012 1859 4078 Δημιουρ-

1975 4007 2049 4074 pii
2094 4006 2305 4060 diversa
2353 4020 2382 4058 a
2415 4003 2570 4058 nobis
2602 4002 2859 4065 sentiunt,
2895 4016 2998 4054 non
3027 4000 3341 4063 dividentes,
3376 4001 3497 4054 bor-

307 4095 401 4160 γοῡ
442 4096 692 4164 δόγματα
711 4095 1160 4165 παραδεξάμενοι,
1187 4096 1495 4166 ἀπέστησαν
1520 4098 1703 4161 αὐτοῦ,
1733 4101 1860 4152 ἅνα-

1975 4096 2126 4149 renda
2173 4096 2240 4149 de
2283 4094 2466 4148 mundi
2497 4092 2700 4161 Opiﬁce
2749 4093 2991 4159 dogmata
3025 4091 3390 4157 admittentes,
3429 4091 3500 4147 ab

305 4185 585 4254 «Monac:
643 4183 830 4252 μύθων
879 4185 1101 4247 ἑαυτοὺς
1150 4185 1546 4249 ὲπιδεδωκότες.
1584 4188 1705 4250 Πῶς
1744 4187 1857 4249 οὖν,

1975 4189 2081 4255 ipso
2114 4194 2472 4248 recesserunt,
2503 4185 2710 4253 seipsos
2749 4184 3014 4251 ﬁgmentis
3051 4182 3348 4238 fabularum
3393 4185 3502 4240 .ad-

305 4276 396 4326 καὶ
424 4252 576 4335 ττότε,
615 4275 714 4325 καὶ
745 4273 840 4324 ἐπὶ
869 4273 964 4325 τοῦ
993 4273 1294 4342 κρείττονος
1318 4276 1378 4328 τὸ
1399 4277 1565 4346 ὄνομα
1598 4277 1690 4330 τοῦ
1734 4281 1858 4332 σκό-

1975 4252 2225 4331 dicentes.
2280 4275 2561 4341 Quomodo
2588 4252 2763 4346 ergo,
2807 4283 2864 4326 et
2903 4274 3140 4342 quando,
3179 4282 3235 4328 et
3269 4287 3392 4326 num
3443 4273 3496 4326 in

303 4379 424 4426 τους
477 4362 995 4434 παραλαμϐάνεται,
1059 4363 1440 4432 παραδεικτέον
1477 4367 1596 4436 ἤδη.
1646 4368 1858 4432 Σκότος,

302 4455 518 4521 γνόφος,
557 4453 759 4506 θύελλα
801 4453 859 4504 ἐν
905 4454 971 4520 τῇ
1011 4451 1202 4521 Ἐξόδῳ
1255 4455 1381 4522 περὶ
1426 4456 1515 4507 τὸν
1551 4457 1679 4508 Θεὸν
1724 4455 1860 4512 εῖναι

302 4540 538 4608 λέγεται,
575 4542 672 4593 καὶ
693 4541 752 4592 ὲν
776 4539 853 4608 τῷ
889 4541 951 4602 ιζ’
979 4539 1205 4608 ψαλμῷ·
1245 4558 1264 4590 ι
1307 4542 1364 4592 ὐ
1391 4541 1520 4605 Θεὸς
1555 4544 1702 4598 ἔθετο
1733 4549 1856 4600 σκό-

299 4647 388 4692 τος
412 4631 747 4700 ἀποκρυφὴν
770 4629 958 4689 αὐτοῦ,
989 4628 1172 4698 κύκλῳ
1200 4630 1360 4682 αὐτοῦ
1391 4634 1423 4700 ὴ
1461 4635 1631 4703 σκηνὴ
1663 4637 1824 4690 αὐτοῦ
1843 4654 1856 4668 ο

299 4721 576 4774 σκοτεινὸν
630 4719 776 4787 ὕδωρ
807 4721 866 4770 ὲν
897 4718 1148 4784 νεφέλαις
1177 4719 1383 4787 ἀέριον·
1431 4739 1449 4770 ι
1496 4723 1587 4773 ἐὰν
1631 4723 1738 4793 γάρ
1777 4742 1860 4788 τις

297 4811 612 4879 κατανοήσῃ
664 4808 725 4859 τὸ
779 4805 988 4874 πλῆθος
1029 4806 1135 4858 τῶν
1163 4807 1290 4874 περὶ
1320 4806 1460 4866 ,Θεοῦ
1503 4809 1861 4880 θεωρημάτων

297 4899 390 4950 καὶ
417 4897 696 4963 γνώσεως,
750 4895 997 4962 ἄληπτον
1030 4893 1290 4961 τυγχάνον
1337 4896 1648 4968 ἀνθρωπίνῃ
1680 4900 1859 4967 φύσει,

296 4989 442 5055 τάχα
487 4986 543 5037 δὲ
589 4987 684 5038 καὶ
727 4984 944 5053 ἑτέροις
997 4983 1144 5052 παρὰ
1189 4985 1416 5052 Χριστὸν
1464 4988 1555 5040 καλ⁵
1597 4989 1658 5040 τὸ
1709 4990 1862 5058 ἆγιον

293 5073 526 5141 Πνεῦμα
563 5074 836 5140 γενητοῖς,
889 5071 1095 5121 εἴσεται
1141 5070 1254 5132 πῶς
1292 5073 1417 5140 περὶ
1464 5072 1551 5126 τὸν
1583 5074 1712 5128 Θεόν
1747 5077 1864 5130 ἐστι

415 5207 467 5239 ⁹²
495 5209 595 5262 lsa.
626 5223 707 5269 rx,
736 5207 793 5259 2.
916 5204 966 5234 ⁸⁸
989 5204 1188 5271 Ephes.
1219 5215 1270 5256 vr
1291 5243 1304 5266 ,
1337 5207 1418 5261 12.

307 5274 353 5308 "
391 5275 546 5332 Vers.
587 5277 675 5330 12.

356 5410 706 5484 (84)]1λὴν
753 5395 1237 5484 ἐκηςιίέριρςί-ξίο
1281 5396 1442 5449 codex
1495 5394 1860 5461 Bodleianus;

291 5463 446 5536 editio
469 5463 778 5534 Illunti'nna.
811 5467 981 5541 H2311"
1012 5463 1273 5544 ὲκξτέρψο,
1374 5528 1429 5544 η
1462 5528 1490 5544 η
1528 5529 1540 5541 ,
1791 5533 1832 5544 η

484 5528 1039 5604 ’ῖὲίὲισημειῶἁαμ
1080 5530 1148 5581 lla
1169 5528 1342 5581 codex
1372 5528 1701 5596 Bodleiauus;
1733 5533 1866 5584 cui-

1520 5205 1564 5238 “
1588 5207 1734 5262 Ioan.
1765 5223 1814 5269 ι,
1844 5209 1897 5263 5.

1967 4367 2239 4420 meliorem
2269 4375 2482 4434 partem
2510 4367 2850 4424 tenebrarum
2880 4379 3074 4419 nomen
3101 4372 3363 4428 sumatur,
3387 4363 3498 4430 jam

1964 4467 2048 4511 est
2088 4455 2499 4510 ostendendum.
2549 4455 2823 4520 Tenebrae,
2870 4456 3039 4512 nubes
3087 4454 3404 4522 nimbusque
3445 4455 3498 4507 in

1962 4547 2150 4600 Exodo
2191 4546 2237 4577 ⁸⁸
2271 4545 2416 4598 circa
2449 4544 2613 4598 Deum
2653 4559 2775 4599 esse
2802 4544 3074 4608 dicuntur,
3115 4553 3170 4598 et
3203 4544 3257 4598 in
3294 4543 3499 4610 psalmo

1967 4636 2173 4690 decimo
2202 4635 2430 4704 septimo
2452 4635 2497 4670 ⁸⁷
2526 4651 2540 4687 :
2576 4635 2720 4689 Dens
2755 4651 2773 4683 ι
2809 4633 2988 4702 posuit
3018 4633 3274 4688 tenebras
3303 4633 3498 4688 latibu-

1965 4723 2071 4776 lum
2109 4739 2288 4788 suum,
2320 4723 2372 4776 in
2396 4721 2628 4780 circuitu
2658 4723 2774 4792 ejus
2806 4722 3211 4777 tabernaculum
3239 4721 3396 4788 ejus:
3423 4729 3499 4775 tc—

1967 4815 2190 4866 uebrosa
2226 4828 2362 4882 aqua
2394 4814 2446 4867 in
2477 4814 2709 4868 nubibus
2731 4812 2910 4868 aeris:
2943 4829 2962 4862 ι
2991 4813 3038 4866 si
3058 4812 3204 4864 enim
3225 4812 3347 4878 quis
3369 4823 3498 4863 con.

1963 4901 2281 4954 sideraverit
2323 4899 2720 4955 multitudinem
2773 4895 3278 4966 contemplationum
3311 4902 3367 4948 et
3400 4908 3498 4947 co-

1965 4989 2220 5058 gnitionis
2247 4989 2313 5042 de
2346 4988 2476 5052 Deo,
2510 5003 2671 5057 quam
2707 4987 2937 5043 humana
2987 4991 3182 5036 natura
3220 4983 3499 5052 percipere

1967 5087 2216 5145 nequeat,
2251 5077 2479 5130 fortasse
2519 5085 2699 5128 autem
2749 5088 2846 5128 nec
2878 5071 2972 5126 alii
3002 5071 3094 5140 qui
3141 5071 3309 5140 geniti
3347 5080 3498 5145 sunt,

1999 5209 2046 5241 "
2071 5207 2224 5261 Rom.
2260 5221 2388 5270 vnt,
2422 5206 2506 5259 5i.
2613 5207 2658 5239 "
2689 5204 2853 5260 Exod.
2897 5215 3019 5266 nx,
3056 5199 3373 5271 9.16;“,
3401 5205 3496 5274 21,

1978 5398 2052 5452 ιίο
2080 5393 2274 5456 lluetii,
2300 5394 2457 5462 ὲπιση

2038 5463 2148 5531 (86)
2189 5463 2361 5531 Ὅπερ
2406 5463 2474 5514 οἱ
2502 5463 2848 5531 ἑτερόδοξοι,
2874 5474 2978 5518 etc.
3013 5465 3362 5526 Valentiniani
3415 5469 3499 5528 nl-

1974 5530 2186 5596 ntirum,
2213 5530 2528 5586 Cerdoniani
2557 5541 2609 5584 et
2641 5530 2979 5587 Marcionitaa.

2466 5394 2740 5464 μειῶσθαι.
