3848 6196
640 265 744 321 185

2067 262 2381 321 ORIGENIS

647 388 841 448 pra-ter
866 376 1136 436 Christum
1176 384 1231 431 et
1276 374 1535 446 Spirimm
1568 385 1834 443 sanctum,
1869 378 2003 433 sciet
2039 393 2166 448 quo-

2002 424 2003 427 η
2039 393 2174 448 qtlo-
2200 387 2245 442 A
2286 381 2489 445 σκότος,
2507 382 2645 436 κατά
2666 382 2727 435 τὸ
2745 381 3049 451 ἀγνοεῖσθαι
3070 381 3154 435 τὸν
3173 382 3268 435 κατ’
3288 379 3411 445 ἀξίαν
3432 379 3521 452 περ

642 485 766 525 nam
791 478 949 539 pacto
995 468 1136 524 circa
1196 467 1360 521 Deum
1410 466 1521 521 sint
1561 469 1796 524 tenebrae
1834 484 1852 533 ;
1897 477 2177 540 propterea

641 559 785 629 quod
839 558 982 613 nulla
1045 558 1436 626 quantumlibet
1481 559 1729 629 copiosa,
1784 562 1947 628 atque
1989 570 2178 615 ornata

639 648 816 701 oratio
843 645 1112 714 explicare
1143 647 1346 713 valeat,
1375 660 1439 701 ac
1468 658 1538 702 ne
1572 648 1709 702 sciat
1749 647 1961 716 quidem
1988 661 2054 701 ex
2092 646 2176 701 ﬂ-

640 736 839 804 gnitate
866 733 1033 802 ipsius
1062 734 1177 800 Dei,
1206 737 1260 790 in
1289 736 1485 806 quibus
1517 735 1754 791 tenebris
1784 736 2026 806 posuerit
2056 735 2176 789 lati-

638 821 817 899 bulum
844 836 1029 887 suum,
1075 824 1168 893 qui
1205 824 1305 878 hoc
1348 821 1498 888 fecit,
1526 837 1590 877 eo
1615 824 1719 894 ει
1767 825 1909 892 quod
1953 839 2071 893 quas
2112 824 2178 880 de

637 912 755 981 ipso
801 921 946 977 sunt,
1001 912 1338 981 ignorentur,
1381 912 1822 982 imperceptibilia
1869 928 1989 968 cum
2042 913 2171 967 sint.

633 998 787 1064 Quod
817 998 861 1053 si
892 997 1016 1067 quis
1045 1000 1412 1067 hujuscemodi
1458 1000 1892 1070 expositionibus
1932 1000 2176 1057 offende-

636 1098 744 1153 tttr,
791 1087 835 1143 is
888 1088 941 1141 in
999 1090 1322 1143 sententiam
1377 1099 1615 1144 nostram
1668 1091 1867 1153 veniat,
1913 1091 2174 1147 adductus

635 1186 748 1231 tum
799 1191 829 1232 a
881 1176 1181 1231 tenebrosis
1231 1178 1605 1245 sermonibus,
1661 1189 1771 1233 tum
1825 1195 1854 1234 a
1908 1181 2172 1237 thesauris

633 1267 846 1322 Christo
869 1268 1005 1323 datis
1029 1273 1074 1322 'a
1110 1270 1236 1332 Deo,
1276 1270 1598 1335 tenebrosis,
1634 1271 1862 1325 occultis
1904 1282 1958 1326 et
1989 1272 2173 1327 invisi-

635 1358 875 1411 bilihns:
919 1372 1020 1413 nec
1074 1359 1218 1412 enim
1273 1358 1416 1412 aliud
1459 1360 1650 1429 opinor
1691 1374 1813 1415 esse
1862 1365 2171 1419 tenebrosus

637 1448 916 1501 thesauros
941 1463 1035 1516 per
1058 1447 1328 1503 Christum
1375 1449 1748 1504 manifestatos
1788 1467 1802 1504 :
1841 1468 1860 1501 ι
1898 1451 2169 1508 Tenebras

634 1535 807 1603 posuit
840 1534 978 1588 Deus
1013 1534 1289 1590 latibulum
1321 1550 1475 1590 suum
1498 1535 1569 1597 ",
1602 1552 1621 1585 ι
1651 1544 1747 1589 et:
1788 1553 1807 1586 ι
1843 1534 2073 1591 Sanctus
2097 1537 2171 1590 in-

2281 468 2530 524 πλούσιον
2548 470 2724 538 λόγον,
2752 472 2811 524 έν
2828 464 2875 539 ᾧ
2895 471 3072 540 σκότῳ
3098 468 3226 522 ἔθετο
3246 468 3379 523 αὑτοῦ
3399 469 3481 539 τὴν
3497 470 3522 521 ὰ

2277 554 2384 627 ψὴν
2431 555 2510 627 τῷ
2554 556 2625 611 τά
2668 558 2795 630 περ)⁵
2841 556 3002 611 αὐτοῦ
3035 556 3320 625 ἀγνοεῖσθαι,
3337 554 3522 626 ἀχώρητι

2274 645 2428 699 τοῦτο
2449 647 2777 719 πεποιηκώς.
2812 648 2936 701 Ὲάν
2966 647 3025 700 δέ
3046 663 3125 709 τις
3152 647 3249 708 ταῖς
3268 645 3522 708 τοῐαύταιςι

2276 753 2381 806 πτῃ
2410 736 2672 805 ὲκδοχαῖς,
2708 735 3065 809 προσαγέσθω
3079 735 3178 788 ἀπό
3200 751 3249 787 τε
3274 733 3362 786 τῶν
3381 750 3522 786 σκοτει

2273 842 2384 895 γων
2421 828 2512 879 καὶ
2539 827 2645 880 τῶν
2662 827 2949 897 διδομένων
2985 825 3092 879 ὑπὸ
3119 823 3235 878 Θεοῦ
3255 823 3441 895 Χριστῷ
3470 823 3522 893 θη

2274 917 2582 980 σκοτεινῶν,
2613 917 2960 988 ἀποκρύφων,
2986 916 3215 987 ἀοράτων
3230 930 3243 946 ο
3279 916 3364 968 οὐκ
3394 913 3502 966 ἀλλο

2272 1004 2508 1076 ἡγοῦμαι
2535 1002 2670 1059 εἶναι
2693 1006 2819 1068 τοὺς
2847 1005 3145 1067 σκοτεινοῖις
3181 1003 3437 1075 θησαυροὺς
3463 1005 3512 1056 ὲν

2271 1094 2812 1166 ἀποκαλυπτομένους
2834 1111 2849 1125 ·
2884 1113 2902 1147 t
2959 1094 3033 1147 Τὸ
3066 1093 3235 1156 σκότος
3255 1092 3382 1146 ἔθετο
3408 1094 3433 1146 6
3468 1092 3522 1145 Θε

2270 1184 2478 1255 κρυφὴν
2504 1183 2714 1247 ἑαυτοῦ,
2756 1203 2775 1235 ι
2814 1182 2938 1236 καίο
2984 1200 3003 1232 ι
3049 1183 3108 1233 '0
3137 1181 3269 1249 ἅγιος
3286 1183 3442 1251 νοήσει
3462 1198 3522 1233 πο

2269 1273 2362 1326 καὶ
2398 1274 2663 1327 σκοτεινὸν
2708 1275 2883 1342 λόγον.
2922 1293 2942 1326 ι
2981 1274 3281 1343 Ἐπίσκεψαι
3317 1271 3368 1324 δὲ
3405 1273 3448 1324 εί
3475 1271 3520 1323 δι

2269 1379 2429 1433 φησιν
2451 1365 2479 1416 6
2507 1363 2692 1434 Σωτὴρ
2712 1366 2822 1426 τοῖς
2846 1350 3112 1434 μαθηταῖς
3122 1380 3164 1414 't
3184 1354 3382 1416 ‘AvO‘t'uv
3402 1362 3522 1414 licet

2267 1454 2325 1505 ὲν
2346 1455 2411 1522 τῇ
2434 1453 2640 1522 σκοτίᾳ,
2663 1451 2850 1505 εἴπατε
2873 1456 2929 1504 έν
2954 1452 3030 1521 τῷ
3063 1453 3209 1520 φωτί.
3242 1470 3258 1503 ι
3288 1452 3362 1505 Τά
3391 1451 3486 1522 γὰρ
3512 1452 3522 1502 i

2276 1543 2423 1612 ῥήτῳ
2453 1541 2546 1594 καὶ
2581 1542 2655 1611 μὴ
2684 1541 2901 1611 ἐπηκόῳ
2930 1541 3135 1594 πολλῶν
3159 1541 3439 1609 δύσγνωστα
3477 1558 3522 1594 κε

632 1625 833 1693 telliget
875 1624 1206 1693 parabolam,
1253 1632 1307 1679 et
1353 1625 1643 1679 obscurum
1689 1638 1990 1679 sermonem
2024 1625 2093 1677 ’³.
2141 1642 2151 1677 ι

2024 1625 2093 1677 ’³.
2141 1642 2161 1677 a
2200 1694 2232 1699 _
2268 1628 2447 1692 αὐτοῖς
2489 1628 2889 1697 παραδεδομένα
2943 1629 3208 1699 μυστήρια
3246 1627 3521 1698 προστάσσε

636 1714 834 1771 Verum
860 1715 1137 1770 considera
1165 1731 1289 1768 num
1320 1715 1389 1769 ob
1415 1714 1517 1769 hoc
1555 1715 1698 1770 dicat
1725 1716 1984 1770 Servatur
2009 1715 2155 1770 disci-

1981 1715 2169 1770 'disci-
2199 1694 2240 1748 Β
2267 1694 2678 1791 φωτιζομένους,
2715 1694 2809 1773 καὶ
2865 1694 2955 1773 διά
3006 1694 3161 1773 τοῦτο
3206 1694 3500 1790 λεγομένους

631 1825 771 1894 pulis
799 1826 909 1880 suis
938 1828 954 1857 ⁸
982 1842 997 1878 :
1037 1844 1055 1877 ι
1086 1825 1290 1880 Idcirco
1313 1840 1431 1895 quae
1456 1827 1508 1880 in
1537 1826 1775 1882 tenebris
1807 1826 2057 1888 audistis,
2086 1827 2168 1880 di-

630 1914 737 1969 cite
762 1914 816 1968 in
845 1914 981 1968 luce.
1017 1932 1035 1964 ι
1075 1913 1289 1968 Tradita
1317 1914 1457 1967 enim
1498 1911 1630 1983 ipsis
1659 1912 1934 1982 mysteria,
1956 1912 2169 1981 cognitu

629 2002 862 2058 diﬁlcilia
892 2013 947 2057 et
972 2003 1221 2064 obscura.
1249 2003 1302 2056 in
1334 2003 1453 2057 loco
1483 2011 1717 2068 secreto,
1745 2012 1799 2057 et
1826 2018 1929 2056 non
1964 2001 2016 2055 in
2058 2001 2166 2056 l‘re-

630 2092 812 2161 quenti
850 2091 1139 2155 auditorio,
1177 2090 1330 2158 jubet
1362 2105 1455 2145 eos
1486 2090 1836 2155 illuminatos,
1875 2100 1931 2144 et
1964 2090 2033 2144 ob
2066 2090 2167 2145 hoc

627 2181 798 2236 dictos
828 2194 947 2236 esse
977 2181 1030 2235 in
1061 2181 1202 2244 luce,
1223 2180 1472 2234 omnibus
1499 2180 1589 2248 qui
1638 2179 1727 2232 lux
1777 2178 1999 2240 fuerint,
2031 2193 2167 2232 nun-

628 2271 785 2325 tiare.
819 2269 1209 2325 Admirabilius
1229 2280 1407 2323 autem
1430 2270 1680 2338 quiddam
1703 2268 1893 2322 addam
1925 2268 1989 2322 de
2020 2276 2168 2322 tene-

516 2384 519 2385 ν
628 2359 742 2414 bris
769 2359 1029 2424 laudatis,
1061 2373 1250 2428 nempe
1289 2360 1387 2413 has
1413 2358 1671 2414 festinare
1696 2357 1760 2411 ad
1797 2357 1988 2420 lucem,
2017 2370 2167 2411 eam-

2269 1812 2407 1881 φωτὶ
2437 1811 2797 1879 ἀπαγγέλλειν
2832 1810 2993 1864 παντὶ
3017 1810 3096 1880 τῷ
3125 1811 3373 1880 γινομένῳ
3401 1810 3522 1879 φωτί

2268 1899 2537 1970 δοξότερον
2561 1900 2604 1953 δ’
2636 1899 2700 1953 ἂν
2724 1900 2815 1952 ἐπὶ
2849 1898 2943 1951 τοῦ
2976 1897 3345 1968 ἐπαινουμένου
3379 1891 3522 1950 σκότο

2272 2004 2353 2057 μι,
2386 1988 2466 2040 ὅτι
2490 1986 2647 2041 τοῦτο
2676 1985 2891 2040 σπεύδει
2922 1985 3017 2038 ἐπὶ
3047 1985 3108 2037 τὸ
3133 1984 3259 2054 φῶς,
3281 1984 3369 2036 καὶ
3398 2000 3522 2037 κατα

2271 2078 2420 2140 αὐτὸ,
2447 2078 2540 2132 καὶ
2563 2076 2768 2145 γίνεταί
2794 2093 2945 2140 ποτε,
2976 2076 3066 2129 διά
3087 2076 3146 2128 τὺ
3172 2075 3462 2144 ἀγνοεῖσθαι
3487 2092 3522 2127 cr

2273 2168 2347 2239 μὴ
2369 2169 2564 2239 δρῶντι
2584 2168 2691 2238 (87)
2720 2166 2816 2236 τὴν
2846 2164 3072 2235 δύναμιν
3096 2164 3273 2228 αὐτοῦ,
3299 2164 3434 2219 οὕτω
3464 2183 3522 2236 με

2269 2260 2408 2314 ὥστε
2436 2260 2526 2313 τὸν
2567 2257 2916 2329 μεμαθηκότα
2947 2254 3333 2324 ἀποφαίνεσθαι
3371 2271 3522 2323 γεγον

2267 2354 2328 2406 τὸ
2348 2348 2583 2420 γνωσθέν
2609 2363 2737 2400 ποτε
2768 2345 3008 2415 ὑπάρχον
3030 2344 3176 2413 αὐτῷ
3204 2344 3403 2406 σκότος.

625 2462 728 2517 que
758 2448 1174 2518 apprehendere,
1207 2458 1370 2517 atque
1413 2464 1531 2517 quae
1561 2449 1685 2504 olim
1730 2447 1962 2502 fuissent
2005 2449 2259 2509 tenebrat,
2292 2458 2397 2500 non
2429 2438 2730 2508 dispicienti
2768 2437 2875 2493 vim
2899 2436 3162 2505 ipsarum,
3194 2436 3418 2502 eoquod
3453 2434 3522 2504 igt

624 2534 705 2589 slc
730 2534 1024 2599 immutari,
1057 2543 1115 2588 ut
1135 2549 1256 2588 cum
1283 2536 1328 2589 is
1360 2535 1424 2588 ad
1449 2550 1632 2590 corum
1673 2536 1950 2589 scientiam
1979 2533 2282 2604 pervenerit
2310 2545 2427 2600 quas
2452 2526 2733 2597 ignorabat
2758 2524 3022 2588 enuntiet,
3050 2537 3171 2592 qua:
3209 2521 3457 2578 didicerit
3508 2521 3522 2576 l

623 2621 910 2689 aliquando
941 2622 1208 2684 tenebras,
1241 2636 1383 2675 nunc
1412 2630 1588 2675 autem
1617 2622 1807 2677 lucem.

690 2708 781 2762 26.
807 2705 936 2760 Fuit
959 2707 1109 2761 homo
1127 2708 1312 2762 minus
1338 2726 1370 2762 a
1398 2707 1528 2773 Deo,
1551 2724 1735 2762 nomen
1761 2709 1840 2762 illi
1859 2706 2091 2761 Joannes
2111 2709 2154 2763 ’.

2341 2704 2597 2774 Ἐγένετο
2644 2701 2948 2769 ἄνθρωπος
2987 2699 3439 2768 ἀπεσταλμένος
3466 2716 3522 2753 at

622 2795 939 2852 Accuratius
973 2796 1167 2867 aliquis
1212 2797 1517 2866 intelligens
1558 2811 1743 2851 vocem
1788 2799 1975 2851 minus
1998 2797 2141 2865 (quo

2002 2797 2161 2865 (quo—
2263 2796 2446 2863 ὄνομα
2484 2791 2643 2857 αὑτῷ
2695 2790 2986 2857 ’ἰών-φης.
3028 2788 3439 2860 Ἀκριϐέστερόν
3496 2806 3521 2841 τ

624 2886 768 2941 niam
793 2884 883 2954 qui
911 2884 1163 2948 mittitur,
1191 2886 1436 2941 alicunde
1455 2895 1508 2939 et
1529 2886 1708 2954 aliqua
1739 2887 1987 2958 mittitur)
2012 2902 2143 2957 qnze-

2012 2902 2157 2957 quze-
2182 2871 2229 2932 C
2254 2883 2347 2938 τοῦ
2370 2922 2386 2948 ,
2436 2877 2885 2949 ἀπεσταλμένος
2938 2877 3149 2949 (ἐπειδὴ
3182 2880 3211 2931 6
3253 2878 3521 2949 ἀπεσταλι

623 2983 705 3030 ret
736 2974 874 3029 unde
906 2973 1143 3029 Joannes
1177 2975 1247 3028 sit
1274 2975 1470 3029 missus
1508 2984 1563 3030 et
1594 2990 1721 3044 quo.
1765 2976 1896 3031 Cntn
1931 2990 2059 3031 vero
2092 2977 2157 3031 ll-

621 3073 782 3130 queat
825 3077 954 3132 quo,
1008 3063 1262 3117 nimirum
1319 3062 1468 3129 juxta
1526 3064 1849 3130 historiam,
1901 3066 2041 3133 quod
2091 3067 2156 3120 ad

621 3150 782 3204 Israel
808 3160 864 3205 et
889 3150 955 3204 ad
987 3150 1227 3204 volentes
1257 3163 1380 3203 eum
1410 3149 1605 3204 audire
1640 3152 1692 3204 in
1739 3165 1922 3206 eremo
1964 3150 2158 3206 Judmat

621 3248 1067 3301 comtnorantcm,
1114 3250 1169 3290 et
1207 3237 1345 3306 apud
1392 3235 1674 3293 Iordanem
1729 3237 1944 3292 ﬂuvium
1987 3239 2157 3307 bapti-

622 3334 831 3379 zantem
854 3326 1022 3395 (juxta
1045 3340 1173 3380 vero
1199 3326 1459 3381 rationem
1484 3325 1908 3394 profundiorem,
1935 3329 1987 3381 in
2013 3344 2158 3382 utun-

621 3416 767 3478 dum.
793 3415 1141 3484 intelligendo
1171 3431 1265 3484 per
1296 3415 1552 3469 mundum
1609 3417 1782 3470 locum
1821 3418 1961 3473 hunc
1989 3428 2156 3472 terre-

624 3513 791 3558 strem
840 3505 928 3559 ubi
983 3514 1109 3559 sunt
1154 3505 1441 3575 homines),
1470 3506 1704 3574 inquiret
1740 3522 1971 3576 quonam
2001 3518 2156 3577 pacto

619 3594 878 3664 particula
918 3595 1058 3648 unde
1088 3595 1226 3650 sumi
1252 3595 1466 3652 debeat.
1509 3595 1690 3665 Itaque
1729 3599 1926 3652 diutius
1963 3600 2155 3654 dictio~

619 3696 740 3738 nem
769 3683 1103 3747 examinans,
1145 3684 1287 3741 forte
1315 3686 1477 3740 etiam
1501 3687 1800 3742 enuntiabit
1816 3690 1951 3757 quod
1970 3703 2156 3757 quem-

617 3773 902 3829 admodum
948 3775 1015 3828 de
1055 3775 1225 3829 Adam
1255 3775 1510 3844 scriptum
1555 3787 1658 3840 est,
1688 3779 1827 3847 quod
1868 3795 1889 3830 t
1918 3778 2156 3834 emiserit

617 3874 736 3914 eum
771 3861 1028 3917 Dominus
1075 3863 1218 3918 Dcus
1256 3877 1291 3929 _e
1335 3864 1582 3932 paradiso
1610 3865 1918 3933 voluptatis,
1960 3874 2017 3918 ιιι
2061 3879 2155 3919 co-

615 3950 749 4005 leret
775 3959 998 4016 terram,
1022 3966 1053 4006 e
1086 3966 1191 4021 qua
1219 3962 1465 4021 sumptus
1496 3953 1670 4006 fuerat
1690 3955 1734 4017 ³,
1773 3973 1792 4007 ι
1831 3955 1901 4008 ita
1922 3953 2153 4032 Joannes

2262 2973 2353 3027 θὲν
2402 2972 2506 3023 ποὺ
2558 2966 3014 3038 ἀποστέλλεται),
3064 2967 3290 3038 ζητήσει
3348 2967 3517 3022 πόθεν

2257 3081 2357 3136 νης
2410 3060 2683 3129 ἀπεστάλη
2734 3059 2827 3113 καὶ
2874 3057 2999 3111 ποῦ.
3047 3056 3265 3126 Σαφοῦς
3317 3057 3365 3111 δ’
3392 3058 3522 3112 δντο

2261 3150 2399 3203 κατὰ
2444 3146 2542 3217 μὲν
2573 3147 2671 3217 τὴν
2719 3145 2979 3216 ἱστορίαν,
3010 3145 3095 3197 ὅτι
3146 3144 3292 3215 πρὸς
3332 3145 3432 3200 τὸν
3472 3148 3522 3200 Ἰ.

2259 3240 2383 3301 τοὺς
2419 3235 2769 3306 βουλομένους
2805 3234 2968 3289 αὐτοῦ
3018 3234 3241 3289 ἀκούειν
3289 3237 3352 3289 ὲν
3402 3239 3474 3307 τῇ
3519 3240 3522 3285 i

2271 3324 2524 3387 Ἰουδαίας
2546 3321 2925 3392 διατρίϐοντος,
2949 3321 3045 3376 καὶ
3077 3322 3233 3393 παρά
3265 3323 3352 3394 τῷ
3389 3325 3522 3395 ἰορὲ

2263 3413 2347 3484 μῷ
2378 3412 2725 3483 βαπτίζοντος
2760 3407 2921 3478 (κατά
2956 3409 3013 3462 δὲ
3063 3408 3375 3481 βαθύτερον
3426 3410 3522 3479 λόγ

2257 3503 2347 3556 τὸν
2378 3498 2597 3571 κόσμον,
2622 3500 2825 3568 κόσμου
2849 3498 3271 3570 λαμϐανομένου
3297 3499 3402 3553 τοῦ
3425 3517 3522 3571 πεε

2260 3606 2380 3655 που,
2435 3588 2561 3642 ένθα
2610 3588 2746 3641 εἰσὶν
2774 3585 2884 3656 (88)
2924 3585 3256 3657 ἄνθρωποι),
3311 3587 3522 3651 ὲξετάσ

2257 3676 2547 3748 λαμϐάνειν
2577 3674 2657 3740 τὸ,
2688 3675 2892 3727 πόθεν.
2941 3672 3262 3727 Ἐπιπλεῖον
3300 3675 3365 3727 δὲ
3398 3674 3522 3744 βασι

2259 3764 2422 3830 λέξιν,
2465 3762 2601 3831 τάχα
2637 3760 2731 3814 καὶ
2766 3758 3150 3827 ἀποφαίνεται,
3204 3761 3322 3825 ὅτι,
3383 3760 3522 3813 ὥσπ

2269 3853 2437 3923 ’Δδάμ
2460 3851 2793 3921 γέγραπται·
2828 3866 2847 3899 ι
2886 3848 2995 3901 Καὶ
3022 3847 3432 3913 ἐξαπέστειλεν
3463 3850 3522 3902 αἱ

2257 3946 2286 3996 6
2308 3941 2439 4004 Θεὸς
2468 3941 2532 3992 ἐκ
2567 3937 2661 3991 τοῦ
2697 3935 3026 4007 παραδείσου
3060 3935 3169 4004 τῆς
3221 3937 3490 4007 τρυφῆς,

488 4946 493 4947 ί
607 4922 752 4984 dum,
796 4921 890 4975 sed
942 4932 1223 4992 postquam
1271 4922 1405 4977 vidit
1449 4922 1728 4978 Dominum
1774 4924 2041 4978 sedentem
2084 4923 2137 4977 in

621 4042 815 4093 missus
846 4039 1012 4093 fuerit
1035 4039 1118 4092 vel
1147 4055 1178 4094 e
1202 4041 1360 4106 cmlo,
1386 4041 1468 4093 vel
1494 4055 1524 4093 e
1552 4041 1824 4108 paradiso,
1850 4044 1933 4096 vel
1955 4023 2021 4095 est
2048 4044 2140 4095 alia

2001 4023 2021 4094 ί
2048 4044 2151 4096 alia
2255 4031 2352 4101 τὴν
2384 4028 2510 4097 γῆν,
2547 4020 2706 4098 ἑξιῆς
2734 4010 2960 4094 ὲλῖήφθη,
3005 4041 3025 4075 ι
3060 4022 3215 4075 οὕτω
3250 4023 3363 4075 καὶ
3396 4026 3431 4076 6
3476 4026 3520 4077 Ἰ

613 4129 785 4190 parte,
821 4122 1067 4181 alicunde
1093 4125 1332 4189 tandem,
1369 4123 1436 4178 ad
1475 4125 1616 4178 hunc
1658 4140 1819 4193 super
1841 4136 2032 4181 terram
2075 4128 2132 4180 lo

2002 4145 2032 4181 ιι
2075 4128 2154 4180 lo-
2257 4116 2529 4186 ἀπεστάλη
2558 4114 2593 4185 ἢ
2622 4112 2682 4177 ἐξ
2710 4112 2936 4182 ούρανοῦ
2970 4111 3103 4184 (90),
3140 4111 3177 4182 ἢ
3229 4112 3309 4164 ὲκ
3342 4112 3456 4165 τοῦ
3518 4136 3521 4149 .

610 4223 732 4262 cum
758 4226 773 4274 ;
805 4218 862 4264 et
903 4211 1102 4265 missus
1146 4210 1335 4274 fuerit,
1378 4227 1400 4262 ι
1429 4219 1490 4263 ιιι
1516 4218 1804 4266 testaretur
1836 4215 1901 4266 de
1924 4214 2038 4268 lm-e
2058 4213 2129 4266 ⁸.;

2002 4230 2038 4268 ’Θ
2058 4213 2102 4266 ⁸.
2126 4233 2145 4267 ι
2183 4218 2226 4273 ι)
2252 4209 2286 4278 ἢ
2315 4208 2437 4261 ὅθεν
2465 4206 2660 4275 δήποτε
2687 4202 2946 4273 ἑτέρωθεν
2976 4200 3133 4272 παρά
3158 4200 3288 4271 (9|)
3323 4202 3434 4255 τὸν
3475 4206 3521 4257 ὲ.

615 4293 785 4350 liabet
851 4304 1029 4351 autem
1091 4311 1195 4351 non
1283 4299 1729 4353 contemnendam
1795 4298 2134 4365 objectionem

2002 4316 2146 4355 mem
2245 4312 2336 4348 τον
2382 4294 2572 4347 τόπον·
2617 4292 2713 4345 καὶ
2761 4288 3058 4360 ἀπεστάλη,
3096 4306 3118 4336 ο
3179 4289 3290 4342 ἵνα
3355 4307 3521 4362 μαρτ

609 4398 787 4439 serrno
827 4385 936 4449 hic,
979 4386 1231 4454 quoniam
1257 4386 1518 4457 scriptum
1565 4388 1635 4442 sit
1677 4389 1816 4457 apud
1860 4388 2049 4443 Isaiam
2077 4392 2100 4423 ⁸

1979 4405 2049 4443 ηη
2077 4392 2100 4423 s
2128 4406 2145 4445 ε
2245 4383 2339 4439 τοῦ
2365 4382 2557 4451 φωτός.
2595 4398 2616 4433 s
2661 4380 2812 4450 Ἔχει
2842 4378 2899 4432 δὲ
2924 4378 3344 4450 ἀνθυποφορὼο
3371 4381 3498 4434 οὐκ

615 4492 634 4523 ι
665 4473 834 4540 Quem
866 4476 1099 4541 mittam,
1142 4485 1198 4531 et
1230 4477 1351 4546 quis
1388 4477 1485 4532 ibit
1526 4478 1592 4533 ad
1629 4478 1878 4548 populum
1910 4480 2053 4534 hunc
2077 4481 2134 4533 ‘lt

1983 4481 2139 4534 ne?»
2245 4488 2400 4544 νητον
2426 4475 2456 4525 6
2487 4471 2664 4538 λόγος,
2701 4470 2824 4522 ἐπεὶ
2873 4469 2968 4523 καὶ
3021 4468 3182 4539 παρὰ
3251 4468 3501 4540 Ἡσαΐᾳ

611 4563 1025 4631 et,respondens
1057 4564 1315 4632 propheta
1343 4565 1521 4635 inquit
1554 4567 1577 4598 ⁸
1618 4584 1632 4621 :
1670 4584 1690 4618 ι
1728 4567 1864 4622 Ecce
1890 4583 2009 4637 ego,
2035 4569 2130 4638 δε

2002 4569 2143 4638 ,82
2238 4566 2268 4615 ‘t
2298 4562 2430 4616 Τίνα
2463 4560 2780 4625 ἀποστείλω,
2816 4560 2909 4612 καὶ
2928 4558 3011 4621 τίς
3041 4558 3434 4629 πορεύσεται
3472 4578 3521 4613 π

610 4651 764 4706 mitte
791 4665 893 4707 me.
937 4670 957 4705 ι
994 4651 1146 4707 Dicet
1175 4656 1319 4709 enim
1354 4658 1442 4724 qui
1478 4656 1851 4711 adversabitur
1876 4657 2000 4712 huic
2029 4659 2129 4725 opi-

2029 4659 2144 4725 opi-
2243 4650 2462 4716 τοῦτονς
2509 4670 2530 4703 s
2572 4652 2660 4704 ὅτε
2710 4648 3142 4718 ἀποκρινόμενος
3199 4650 3238 4701 6
3293 4652 3521 4720 προφῆ

609 4742 779 4807 nioni,
832 4755 950 4810 qua:
1001 4742 1315 4811 profundior
1370 4754 1634 4813 apparet,
1691 4746 2128 4813 quemadmodum

2001 4746 2140 4800 idum
2251 4761 2273 4796 ι
2316 4743 2466 4806 Ἰδοὺ,
2499 4742 2614 4811 είμὶ
2643 4739 2770 4808 ἐγὼ,
2795 4738 3112 4792 ἀπόστειλόν
3142 4754 3252 4808 με.
3298 4756 3322 4790 a
3390 4740 3520 4808 Ἑρ

606 4829 769 4886 Isaias
797 4832 992 4887 missus
1019 4840 1122 4895 est,
1154 4848 1259 4888 non
1291 4834 1360 4888 ab
1385 4833 1493 4887 alio
1533 4834 1654 4889 loco
1695 4834 1763 4888 ad
1807 4836 1952 4889 hunc
1988 4850 2125 4888 mun-

2002 4850 2142 4888 nun-
2247 4835 2504 4903 στάμενος
2555 4833 2621 4900 τῇ
2675 4828 2945 4899 βαθυτέρᾳ
2991 4828 3441 4899 ἐμφαινομένῃ
3518 4848 3521 4863 ι

2245 4923 2428 4993 ὥσπερ
2473 4924 2502 4975 6
2538 4921 2762 4983 Ἡσαΐας
2796 4917 3095 4989 ἀπεστάλη,
3132 4919 3287 4989 οὐχὶ
3335 4920 3462 4988 ἀφ’
3514 4924 3522 4972 i

670 5034 713 5065 ⁸⁸
743 5032 881 5102 Psal.
908 5050 1037 5097 ινιι,
1066 5035 1152 5089 1⁵2.
1215 5035 1261 5067 ’⁸
1283 5035 1441 5090 Prov.
1475 5052 1515 5102 ι,
1538 5036 1592 5091 6.
1671 5036 1688 5066 ⁸
1718 5034 1900 5089 Matth.
1932 5051 1986 5098 ι,
2012 5034 2101 5088 27.
2176 5038 2189 5066 '

2012 5034 2101 5088 Ξῖ.
2176 5038 2195 5066 ²
2220 5033 2373 5089 Joan.
2404 5051 2442 5099 ι,
2464 5035 2515 5089 6.
2591 5035 2611 5066 ³
2637 5032 2771 5090 Gen.
2803 5049 2886 5097 ιιι,
2911 5028 3006 5084 25.
3078 5029 3101 5062 ⁸
3128 5030 3333 5086 Joan.
3373 5046 3432 5101 ι,
3468 5032 3521 5085 7η

605 5112 740 5154 Vera.
771 5100 824 5154 8.
895 5103 920 5134 ⁸
945 5104 1073 5157 ibid.

671 5194 782 5265 (87)
822 5193 911 5260 Τῷ
926 5195 1013 5262 μὴ
1040 5194 1292 5265 quam.
1310 5195 1400 5250 Sic
1446 5194 1612 5251 codex
1642 5191 1991 5254 Bodleianus;
2023 5189 2137 5243 edi-

605 5261 675 5314 tio
696 5261 980 5336 ﬂtieliatta,
1002 5261 1089 5336 τδζ
1101 5264 1174 5336 μῂ
1196 5263 1407 5336 ὁρῶντι·
1436 5329 1454 5336 _
1615 5328 1630 5336 _
1654 5329 1668 5336 _
1720 5328 1756 5336 _
1823 5326 1837 5336 .
1924 5324 1935 5336 .

671 5330 778 5398 t88)
821 5331 1029 5392 Τόπου,
1059 5326 1201 5383 Μὰ
1228 5326 1403 5384 sum.
1436 5328 1690 5398 lta‘codd.
1720 5326 2045 5383 Barberinus
2083 5329 2137 5398 et

604 5390 945 5463 Bmlle'ianus;
979 5390 1115 5452 male
1141 5413 1267 5453 vero
1297 5399 1460 5452 editio
1489 5395 1741 5452 ﬂuetiaua
1774 5398 1826 5450 in
1866 5404 2013 5449 textu
2033 5430 2047 5455 .
2077 5390 2136 5443 τὸ

603 5466 987 5602 ποίίδδξσίῖῧτω
1020 5532 1115 5602 καὶ
1147 5535 1180 5585 d
1192 5530 1510 5602 ΔῚιιιιηίγξιςης,
1527 5542 1631 5586 etc.
1663 5530 1945 5602 Hominum
1993 5527 2136 5602 enim

602 5595 807 5657 animas
834 5602 901 5656 de
928 5601 1065 5655 casio
1099 5600 1204 5667 peti
1231 5595 1767 5669 crediditOrigenes;
1806 5609 1860 5654 at
1891 5597 2011 5653 illas
2038 5595 2137 5649 ho-

2242 5190 2441 5260 minum
2472 5189 2761 5244 sanctitate
2792 5190 3055 5246 nobilium
3097 5192 3286 5260 ipsos
3338 5207 3506 5249 esse

2239 5256 2368 5309 alias
2397 5270 2535 5318 saepe
2565 5260 2719 5311 nobis
2743 5260 3090 5315 observatum
3118 5256 3265 5318 'est.
3313 5260 3522 5317 Ηυετ

2308 5324 2417 5390 (90)
2458 5324 2521 5394 :ﬂ
2547 5324 2615 5388 ἐξ
2640 5325 2919 5394 οὐρανοῦ.
2951 5326 3043 5382 Sic
3072 5328 3283 5384 codex
3353 5330 3522 5387 Bodl

2237 5390 2435 5478 gius-et
2460 5390 2805 5478 Earrberi‘tftts,
2833 5397 2943 5478 εςτε
2968 5395 3038 5478 ἐξ
3063 5397 3127 5478 οὐ
3139 5399 3391 5478 ρανοῢ.

2236 5459 2634 5597 “exsuli;
2661 5459 2752 5519 Sic
2777 5459 2946 5523 codex
2968 5459 3412 5538 Bodleianus;
3452 5469 3521 5523 Β
