3848 6174
337 251 440 304 165

1411 253 1758 310 COMMENT.
1797 254 1860 308 ΙΝ
1897 255 2084 310 JOAN.
2123 255 2355 313 TOMUS
2392 257 2457 312 ll.

3417 266 3520 320 166

334 367 481 436 παρὰ
503 363 585 418 τὸν
607 361 794 430 κόσμον
816 357 1040 426 τοῦτον,
1067 367 1212 425 ἀλλὰ
1236 373 1370 440 μετά
1398 375 1458 424 τδ
1485 375 1779 441 ἑωρακέναι
1799 375 1870 427 rbi

1990 377 2180 430 throno
2206 376 2420 431 excelso
2449 385 2504 430 et
2540 375 2683 432 elato
2707 377 2750 441 ',
2780 385 2838 432 ιιι
2881 377 2948 432 ad
2994 379 3241 448 populum
3271 381 3472 438 diceret
3497 397 3514 438 :

333 455 530 523 Κύριον
558 452 845 519 καθήμενον
874 449 974 505 ἐπὶ
1010 454 1213 527 θρόνου
1256 461 1454 531 ὑψηλοῦ
1499 463 1591 514 καὶ
1636 463 1880 533 ἐπῃρμέ-

331 558 446 607 νου,
482 540 608 612 πρὸς
633 539 718 592 τὸν
735 536 882 600 λαὸν,
915 539 1012 594 ἴνα
1035 545 1167 615 εῐπῃ
1187 563 1201 576 ο
1226 564 1243 595 ι
1287 547 1443 615 Ἀκοῇ
1473 547 1754 609 ἀκούσετε,
1785 547 1878 600 καὶ

335 631 397 683 ού
428 632 500 700 μὴ
538 630 748 698 συνῆτε,
775 648 792 680 ι
826 630 924 682 καὶ
951 631 1022 685 τά
1059 633 1189 703 ἑξῆς
1208 651 1222 666 ’
1253 635 1392 688 οὕτω
1419 637 1508 688 καὶ
1540 640 1568 690 ὁ
1607 637 1876 706 Ἰωάννης,

330 719 686 789 σιωπωμένης
729 719 827 786 τῆς
858 719 1038 789 ἀρχῆς
1084 723 1186 792 τῆς
1225 725 1544 793 ἀποστολῆς,
1593 724 1878 793 ἀναλογίαν

327 810 555 883 ἐχούσης
587 809 722 879 πρὸς
748 808 844 877 τὴν
871 810 1178 880 ἀποστολὴν
1205 812 1298 863 τοῦ
1338 813 1573 878 Ἡσαΐου,
1623 817 1878 870 ἀποστέλ-

325 895 472 948 λεται
504 895 786 964 βαπτίζειν
830 897 926 948 καὶ⁸
969 898 1276 966 ἑτοιμάζειν
1320 901 1504 970 Κυρίῳ
1550 901 1674 955 λαὸν
1716 921 1876 956 κατε-

327 987 712 1054 σκευασμένον,
747 987 838 1038 καὶ
872 991 1167 1056 μαρτυρεῖν
1221 991 1346 1058 περὶ
1375 991 1466 1042 τοῦ
1511 993 1700 1060 φωτός.
1742 993 1876 1044 Τού-

322 1090 432 1125 των
451 1075 492 1126 δ⁸
517 1074 689 1136 οὕτως
709 1075 1005 1144 λεχθέντων
1039 1077 1104 1129 ἂν
1145 1079 1279 1148 πρὸς
1327 1080 1417 1132 τὸν
1461 1082 1671 1150 πρῶτον
1722 1084 1876 1151 λόγον

323 1161 504 1224 λύσεις
539 1162 786 1216 τοιαῦται.
817 1165 1174 1232 προσάγονται
1209 1167 1321 1236 (92)
1352 1169 1734 1234 συγκατάθεσιν
1756 1173 1875 1223 ὲπι-

323 1249 610 1319 σπώμεναι
646 1253 780 1320 πρὸς
806 1251 866 1302 τὸ
899 1254 1026 1322 περὶ
1066 1255 1305 1307 Ἰωάννου
1346 1256 1634 1327 βαθύτερον
1687 1260 1874 1312 ὑπονο-

317 1338 582 1407 ούμενον·
635 1341 858 1394 αὐτόθεν
907 1343 1006 1411 μὲν
1051 1343 1398 1414 ἐπιφέρεταιο
1453 1365 1468 1396 ι
1515 1343 1677 1410 Οὗτος
1717 1345 1876 1418 ἦλθεν

318 1431 400 1491 εἰς
425 1431 755 1500 μαρτυρίαν,
793 1434 878 1486 ἴνα
903 1436 1223 1504 μαρτυρήσῃ
1245 1437 1371 1506 περὶ
1404 1436 1495 1488 τοῦ
1522 1437 1694 1504 φωτός
1717 1454 1729 1467 ο
1775 1457 1794 1490 ι
1828 1440 1875 1490 εί

317 1519 428 1589 γάρ
448 1517 602 1590 ἦλθε,
639 1523 800 1576 ποθὲν
825 1520 972 1593 ἦλθε.
1004 1525 1110 1576 Καὶ
1156 1524 1368 1577 λεκτέον
1402 1526 1534 1594 πρὸς
1562 1527 1650 1580 τὸν
1676 1528 1877 1582 δυσπα-

321 1609 690 1676 ραδεκτοῦντα
709 1612 771 1664 τὸ
802 1615 858 1664 ἐν
891 1616 999 1675 τοῖς
1032 1613 1154 1682 ἑξῆς
1180 1614 1283 1666 ὑπὸ
1319 1616 1559 1668 Ἰωάννου
1591 1616 1874 1686 λεγόμενον

315 1697 409 1748 ἐπὶ
430 1697 510 1766 τῷ
542 1699 846 1768 ἑωρακέναι
873 1701 932 1752 τὸ
961 1700 1180 1769 Πνεῦμα
1207 1701 1265 1753 τὸ
1289 1702 1439 1768 ἆγιον
1454 1703 1528 1765 ὡς
1555 1682 1874 1774 περιστερὰν
1907 1682 1946 1734 Β

313 1787 718 1856 κατερχόμενον
745 1790 837 1841 ἐπὶ
866 1789 952 1840 τὸν
985 1790 1206 1859 ἃυτῆρα
1227 1807 1240 1819 ο
1277 1793 1406 1860 φησι
1429 1792 1534 1861 γάρ
1551 1809 1564 1822 ο
1590 1809 1608 1842 ι
1649 1792 1709 1844 ’1)
1737 1792 1874 1861 πέμ-

313 1879 422 1947 ψας
453 1897 522 1948 με
557 1879 842 1948 βαπτίζειν
873 1881 982 1948 (95)
1008 1883 1065 1933 ὲν
1093 1881 1168 1950 τῷ
1203 1881 1374 1943 ὕδατι,
1413 1884 1613 1946 ὲκείνός
1657 1901 1742 1953 μοι
1795 1881 1871 1936 εἷ-

315 1985 445 2021 πενο
493 1969 608 2036 Ἐφ’
661 1969 721 2022 ὃν
780 1969 846 2022 ἂν
899 1969 1012 2042 ἴδῃς
1063 1970 1124 2022 τὸ
1158 1970 1380 2040 Πνεῦμα
1423 1972 1741 2025 καταϐαῖνον
1780 1975 1872 2026 καὶ

317 2058 476 2126 μένον
501 2059 593 2110 ἐπ’
610 2058 797 2121 αὑτὸν,
829 2051 982 2120 οὗτός
1014 2060 1159 2112 ἐστιν
1180 2062 1209 2111 ό
1229 2060 1500 2129 βαπτίζων
1525 2063 1581 2113 ὲν
1601 2063 1872 2130 Πνεύματι

316 2150 456 2219 ἀγίῳ
506 2149 604 2203 καὶ
642 2149 796 2220 πυρί.
837 2169 856 2201 ι
890 2150 1028 2202 Πότε
1081 2151 1187 2221 γὰρ
1229 2151 1446 2220 πέμψας
1491 2152 1630 2204 τοῦτ’
1679 2153 1872 2204 ἐνετεί-

318 2237 478 2301 λατο;
552 2239 694 2290 Ἀλλ’
747 2239 895 2301 είκδς
963 2240 1344 2310 ἀποκρίνεσθαι
1395 2241 1528 2313 πρὸς
1569 2241 1629 2293 τὸ
1685 2242 1871 2311 πύσμα

317 2325 490 2389 τοῦτο,
537 2328 621 2380 ὅτι
670 2329 761 2380 ὅτε
817 2328 1013 2398 δήποτε
1067 2328 1307 2398 ἔπεμπεν
1356 2330 1448 2382 ἐπὶ
1499 2330 1558 2382 τὸ
1610 2329 1870 2400 ἄρξασθαι

320 2413 621 2482 βαπτίζειν,
650 2417 774 2468 τότε
805 2417 990 2470 τοῦτον
1009 2417 1099 2469 τὸν
1119 2417 1270 2486 λόγον
1293 2415 1444 2471 εἶπεν
1465 2421 1492 2471 ὁ
1522 2419 1870 2489 χρηματίζων

319 2503 450 2574 πρὸς
475 2505 662 2559 αὐτόν.
700 2507 820 2558 Ἔτι
847 2506 902 2558 δὲ
949 2505 1446 2578 ἐκπληκτικώτερον
1488 2509 1622 2578 πρὸς
1657 2509 1716 2560 τὸ
1759 2509 1872 2561 ἑτέ-

320 2592 490 2662 ρωθέν
542 2594 711 2646 ποθεν
743 2595 1078 2649 ἀπεστάλθαι
1114 2597 1204 2648 τὸν
1251 2596 1496 2667 Ἰωάννην
1531 2597 1868 2667 ὲνσωματού-

322 2696 496 2748 μενον,
522 2682 786 2735 ὑπόθεσιν
818 2683 916 2734 ούκ
937 2683 1101 2752 ἄλλην
1121 2684 1220 2752 τῆς
1241 2685 1319 2746 είς
1339 2684 1427 2736 τὸν
1447 2685 1557 2754 βίον
1585 2685 1871 2756 ἐπιδημίας

320 2770 528 2839 ἔχοντος
554 2773 672 2842 (94)
701 2773 736 2842 ἢ
775 2790 794 2823 ι
840 2773 936 2842 τὴν
969 2775 1096 2844 περὶ
1127 2775 1220 2826 τοῦ
1257 2775 1432 2842 φωτὸς
1481 2777 1800 2846 μαρτυρίαν,
1845 2795 1864 2829 ι

319 2859 376 2911 τὸ
397 2860 715 2929 Πνεύματος
738 2861 892 2928 ἁγίου
923 2862 1221 2932 πλησθῆναι
1251 2862 1328 2914 ἔτι
1358 2865 1421 2915 ὲκ
1447 2863 1648 2926 κοιλίας
1670 2865 1869 2934 μητρὸς

319 2950 499 3039 αύτοῦ,
531 2950 830 3039 λεγόμενον
857 2950 962 3002 ὑπὸ
998 2950 1251 3020 Γαϐριὴλ,
1285 2951 1759 3021 εὐαγγελιζομένου
1791 2952 1868 3022 τῷ
1895 2979 1940 3039 c

321 3038 684 3110 μὲνΖαχαρίᾳ
721 3038 820 3109 τὴν
855 3039 1097 3092 Ἰωάννου
1146 3039 1374 3107 γένεσιν,
1429 3043 1492 3110 τῇ
1541 3041 1597 3093 δὲ
1642 3043 1869 3112 Μαριὰμ

318 3128 409 3198 τὴν
429 3129 522 3182 τοῦ
561 3130 817 3200 Σωτῆρος
845 3131 998 3200 ἡμῶν
1028 3133 1085 3183 έν
1112 3130 1412 3200 ἀνθρώποις
1427 3131 1741 3200 ἐπιδημίαν·
1778 3135 1870 3187 καὶ

318 3218 406 3271 τόο
445 3237 463 3270 ι
513 3220 649 3271 Ἰδοὺ
689 3218 800 3288 γὰρ
825 3219 901 3281 ὡς
934 3220 1145 3284 ἐγένετο
1185 3221 1218 3287 ὴ
1253 3219 1400 3288 φωνὴ
1445 3219 1538 3270 τοῦ
1586 3220 1869 3288 ἀσπασμοῦ

319 3309 392 3369 είς
415 3308 482 3360 τὰ
509 3303 627 3361 ὦτά
651 3325 779 3379 μου,
809 3307 1130 3379 ἐσκίρτησεν
1159 3309 1217 3360 ὲν
1244 3308 1553 3374 ἀγαλλιάσει
1581 3309 1640 3360 τὸ
1679 3310 1869 3379 βρέφος

321 3395 374 3448 ἑν
398 3399 457 3467 τῇ
482 3397 666 3465 κοιλίᾳ
708 3413 830 3466 μου.
874 3413 894 3446 ι
927 3395 1015 3464 Τῷ
1043 3396 1149 3466 γὰρ
1177 3395 1427 3465 τηροῦντι
1471 3397 1531 3448 τὸ
1561 3397 1720 3466 μηδὲν
1760 3398 1872 3450 ἀδί-

320 3502 441 3550 κως,
479 3487 618 3556 μηδὲ
655 3485 803 3540 κατά
835 3485 1142 3555 συντυχίαν,
1189 3485 1221 3556 ἢ
1274 3487 1648 3557 ἀποκλήρωσιν
1679 3490 1866 3549 ποιεῖν,

319 3575 603 3642 ἀναγκαῖον
664 3573 1068 3644 παραδέξασθαι
1141 3575 1510 3646 πρεσϐυτέραν
1558 3570 1720 3629 οὖσαν
1772 3575 1869 3645 τὴν

329 3661 566 3718 Ἰωάννου
597 3663 782 3733 ψυχὴν
807 3663 900 3714 τοῦ
935 3661 1201 3732 σώματος,
1233 3664 1323 3716 καί⁵
1349 3664 1608 3737 πρότερον
1632 3663 1870 3732 ὑφεστῶ-

323 3768 414 3804 σαν
457 3751 788 3820 πεπέμφθαι
838 3751 929 3801 ὲπὶ
959 3751 1233 3806 διακονίαν
1276 3752 1373 3821 τῆς
1418 3753 1542 3823 περὶ
1575 3753 1668 3804 τοῦ
1697 3754 1870 3821 φωτὸς

321 3841 637 3912 μαρτυρίας.
689 3839 837 3909 Πρὸς
880 3839 1088 3903 τούτοις
1113 3841 1169 3892 δὲ
1210 3840 1270 3892 οὐ
1303 3841 1731 3911 καταφρονητέον
1777 3842 1870 3894 καὶ⁵

317 3932 423 3994 τοῦ,
447 3950 466 3983 ι
512 3924 690 3993 Οὗτός
729 3933 880 3982 ἐστιν
924 3931 1107 3993 Ἠλίας
1132 3933 1160 3983 ὁ
1195 3930 1397 4000 μέλλων
1427 3931 1536 4000 (95)
1565 3929 1862 3999 ἔρχεσθαι.»

330 4019 442 4073 Ἐὰν
479 4022 540 4074 δὲ
583 4023 769 4092 κρατῇ
819 4021 848 4072 ὁ
899 4021 1124 4073 καθόλου
1175 4022 1301 4090 περὶ
1353 4021 1526 4090 ψυχῆς
1590 4022 1763 4088 λόγος,
1795 4023 1870 4084 ὡς

317 4109 372 4160 οὺ
404 4108 852 4179 συνεσπαρμένης
881 4109 959 4178 τῷ
991 4107 1216 4178 σώματι,
1257 4109 1390 4161 ἀλλά
1418 4109 1522 4180 πρὸ
1555 4109 1715 4161 αὐτοῦ
1741 4127 1868 4176 τυγ-

317 4198 596 4268 χανούσης,
635 4198 732 4250 καὶ
757 4197 846 4249 διά
879 4197 1122 4260 ποικίλας
1147 4197 1322 4259 αἰτίας
1361 4199 1678 4266 ἐνδυομένης
1710 4199 1868 4268 σαρκὶ

1984 481 2004 514 ι
2036 464 2234 518 Auditu
2262 466 2514 528 audietis,
2534 474 2589 520 et
2623 481 2727 521 non
2757 465 3065 536 intelligetis
3089 469 3133 531 ⁸,
3159 488 3179 521 ι
3206 478 3260 524 et
3286 485 3404 540 qua
3431 486 3516 527 se-

1977 561 2257 620 quuntur;
2287 553 2360 608 ita
2398 554 2560 608 etiam
2599 553 2858 611 Joannem
2889 557 3211 626 (suppresso
3249 561 3513 630 principio

1978 641 2273 708 missionis,
2310 642 2613 712 analogiam
2644 653 2698 700 et
2732 645 2992 700 rationem
3023 647 3269 703 habentis
3293 651 3360 704 ad
3387 651 3514 705 mis-

1977 731 2182 785 sionem
2217 729 2405 801 Isaiae)
2441 733 2582 786 mitti
2614 733 2679 786 ad
2712 734 3091 803 baptizandum
3119 745 3174 790 et
3203 751 3509 804 praeparan-

1977 821 2102 873 dum
2127 821 2351 875 Domino
2381 821 2630 890 populum
2661 823 3000 889 instructum,
3033 836 3086 879 et
3116 825 3182 878 ad
3221 827 3514 900 testiﬁcan-

1978 908 2108 961 dum
2144 909 2210 962 de
2242 908 2360 963 luce
2387 910 2427 962 ’.
2459 909 2554 963 llis
2586 913 2661 964 ita
2691 911 2850 966 dictis
2877 912 2941 965 ad
2979 913 3202 980 primam
3250 894 3510 984 rationem
3541 894 3577 968 -‘

1977 997 2268 1052 solutiones
2315 998 2447 1052 tales
2476 999 2832 1063 adducuntur,
2867 1015 3142 1054 assensum
3177 1004 3511 1058 attrahentes

1975 1087 2040 1138 ad
2076 1086 2125 1138 id
2159 1087 2298 1154 quod
2328 1087 2395 1140 de
2421 1086 2627 1142 Joanne
2663 1088 2976 1156 profundius
3007 1093 3366 1158 excogitatum
3396 1103 3505 1157 est;

1974 1190 2037 1229 ex
2065 1177 2252 1230 eodem
2289 1178 2430 1230 enim
2481 1177 2598 1232 loco
2648 1178 2980 1249 subjnngitur
3017 1197 3032 1232 :
3087 1199 3105 1231 ι
3144 1179 3239 1233 llic
3273 1183 3414 1236 venit
3442 1184 3509 1237 ad

1979 1268 2388 1332 testiﬁcandum,
2421 1279 2478 1324 ut
2512 1279 2800 1324 testaretur
2841 1272 2907 1323 de
2935 1271 3050 1324 luce
3101 1271 3177 1333 ‘°;
3225 1289 3243 1322 ι
3291 1273 3334 1324 si
3366 1272 3506 1326 enim

1975 1359 2139 1420 venit,
2165 1359 2409 1412 alicunde
2453 1361 2618 1414 venit.
2665 1359 2950 1413 Dicendum
2995 1360 3154 1414 etiam
3190 1369 3270 1413 est
3305 1361 3377 1412 illi
3413 1360 3505 1428 qui

1974 1457 2192 1514 gravate
2219 1446 2454 1499 admittit
2503 1447 2554 1498 id
2597 1447 2737 1514 quod
2769 1447 2820 1499 in
2855 1447 3200 1514 sequentibus
3243 1463 3273 1500 a
3303 1446 3508 1503 Joanne

1976 1535 2191 1596 dicitur,
2225 1545 2506 1601 postquam
2542 1535 2674 1586 vidit
2702 1534 2958 1601 Spiritum
3013 1544 3256 1588 sanctum
3289 1535 3511 1590 descen-

1973 1627 2184 1677 dentem
2215 1638 2313 1678 ceu
2344 1624 2640 1677 columbam
2685 1637 2846 1691 super
2883 1622 3170 1679 Servatore
3210 1625 3291 1688 “;
3337 1623 3512 1692 inquit

1973 1712 2115 1763 enim
2145 1711 2222 1763 “:
2260 1728 2278 1760 ι
2317 1710 2416 1775 Qui
2445 1711 2590 1765 misit
2617 1725 2701 1764 me
2739 1711 2805 1764 ad
2841 1712 3222 1780 baptizandum
3258 1712 3310 1765 in
3345 1726 3506 1780 aqua,

1973 1798 2065 1852 ille
2090 1799 2217 1853 mihi
2246 1799 2378 1852 dixit
2407 1818 2421 1852 :
2453 1799 2626 1868 Super
2667 1815 2824 1868 qnem
2871 1802 3070 1855 videris
3107 1801 3370 1869 Spiritum
3417 1803 3510 1855 de-

1972 1887 2312 1940 scendentem
2362 1897 2415 1938 et
2467 1896 2767 1941 manentem
2815 1902 2976 1957 super
3015 1903 3158 1951 eum,
3191 1889 3278 1942 hic
3304 1896 3386 1942 est
3417 1889 3509 1957 qui

1971 1974 2204 2040 baptizat
2231 1975 2282 2027 in
2315 1974 2516 2043 Spiritu
2547 1985 2736 2030 sancto
2769 1985 2823 2030 et
2870 1977 3000 2046 igni.
3041 1995 3060 2027 ι
3094 1975 3320 2042 Quando
3363 1979 3507 2031 enim

1971 2063 2058 2116 ille
2092 2063 2180 2132 qui
2213 2065 2357 2118 misit
2383 2066 2485 2146 μου
2531 2066 2829 2135 praecepit?
2868 2068 2938 2120 At
2977 2066 3248 2136 probabile
3292 2079 3375 2121 est
3417 2081 3506 2120 re-

1970 2167 2286 2220 sponsurum
2315 2153 2382 2206 ad
2417 2154 2888 2222 interrogationem
2935 2155 3096 2218 hanc,
3141 2169 3264 2210 eum
3309 2157 3400 2224 qui
3441 2156 3506 2209 ad

1969 2239 2226 2295 Joannem
2256 2240 2594 2308 loquebatur,
2614 2251 2726 2294 tum
2761 2241 2874 2294 haec
2901 2244 3062 2296 verba
3092 2242 3288 2296 dixisse
3309 2245 3356 2296 ei
3382 2257 3505 2296 cum

1968 2344 2088 2382 eum
2121 2329 2353 2382 mitteret
2379 2338 2436 2382 ut
2467 2329 2741 2399 baptizare
2763 2330 3042 2398 inciperet.
3069 2330 3259 2386 Adhuc
3287 2330 3350 2383 ad
3383 2345 3507 2398 pro-

1971 2416 2199 2470 bandum
2253 2418 2396 2486 quod
2446 2417 2694 2472 alicunde
2743 2432 2808 2471 ex
2861 2417 2970 2471 alio
3019 2416 3136 2472 loco
3183 2418 3382 2471 missus
3435 2418 3508 2472 sit

1969 2505 2224 2570 Joannes,
2253 2506 2344 2575 qui
2370 2521 2562 2574 corpus
2590 2506 2834 2573 assumit,
2864 2520 3077 2560 causam
3103 2520 3205 2560 non
3232 2506 3388 2560 aliam
3415 2507 3509 2559 ad-

1971 2604 2158 2650 ventus
2199 2596 2281 2648 stti
2313 2596 2365 2649 in
2406 2595 2568 2648 vitam
2599 2595 2822 2658 habens,
2854 2610 3011 2662 quam
3060 2613 3078 2645 ι
3117 2604 3173 2648 ιιι
3217 2603 3508 2649 testaretur

1969 2686 2034 2739 de
2054 2683 2171 2738 luce
2197 2683 2260 2748 ",
2286 2702 2304 2734 ι
2330 2683 2550 2750 majoris
2572 2683 2823 2752 ponderis
2846 2692 2926 2738 est
2955 2683 3098 2752 quod
3133 2683 3368 2753 repletus
3395 2684 3507 2752 Spi-

1971 2773 2075 2826 ritu
2115 2782 2296 2827 sancto
2343 2774 2518 2827 adhuc
2568 2788 2633 2826 ex
2685 2782 2836 2826 utero
2883 2773 3070 2826 matris
3098 2787 3208 2827 sua:
3255 2774 3505 2827 dicitura

1967 2863 2239 2928 Gabriele,
2289 2863 2380 2932 qui
2421 2863 2687 2916 nuntiavit
2731 2863 3003 2917 Zachariae
3051 2863 3267 2932 quidem
3324 2872 3504 2916 ortum

1967 2950 2206 3017 Joannis,
2234 2951 2410 3006 Maria:
2441 2961 2618 3005 autem
2639 2950 2943 3004 Servatoris
2970 2951 3139 3004 nostri
3166 2952 3306 3004 inter
3333 2951 3504 3004 homi-

1969 3055 2063 3095 nes
2098 3041 2382 3095 adventum
2411 3040 2495 3104 “;
2524 3049 2577 3093 et
2608 3039 2734 3092 illud
2769 3039 2932 3092 etiam
2971 3055 2986 3092 :
3034 3057 3052 3089 ι
3105 3039 3242 3092 Ecce
3271 3039 3414 3092 enim
3447 3047 3504 3093 ut

1968 3129 2103 3184 facta
2137 3140 2221 3184 est
2244 3144 2344 3183 vox
2383 3128 2726 3183 salutationis
2754 3136 2858 3180 tua:
2887 3128 2938 3180 in
2968 3127 3188 3180 auribus
3215 3130 3367 3191 meis,
3407 3143 3504 3182 ex-

1966 3219 2182 3273 sultavit
2210 3219 2263 3272 in
2294 3218 2491 3288 gaudio
2523 3217 2704 3270 infans
2725 3218 2777 3270 in
2808 3227 2963 3270 utero
2990 3230 3110 3270 meo
3136 3216 3199 3268 ".
3228 3234 3248 3267 ι
3279 3215 3504 3270 Proinde

1967 3308 2055 3376 qui
2086 3316 2240 3360 cavet
2289 3322 2355 3360 ne
2385 3307 2682 3375 quidquam
2730 3305 2813 3359 vel
2863 3305 3079 3372 injuste,
3115 3305 3196 3357 vel
3224 3320 3374 3372 casu,
3423 3304 3503 3356 vel

1968 3398 2173 3465 privata
2206 3397 2475 3451 electione
2504 3396 2696 3459 faciat,
2729 3395 3084 3463 antiquiorem
3119 3409 3237 3448 esse
3282 3394 3503 3449 Joannis

1967 3486 2200 3541 animam
2218 3501 2376 3554 qnam
2401 3499 2594 3554 corpus
2622 3485 2872 3538 admittat
2899 3497 3116 3538 necesse
3138 3493 3239 3547 est,
3266 3494 3318 3537 et
3345 3492 3502 3539 antea

1966 3577 2340 3630 subsistentem
2369 3576 2586 3628 missam
2612 3573 2774 3629 fuisse
2799 3574 2864 3627 ad
2881 3573 3238 3628 ministerium
3271 3575 3503 3629 testandi

1965 3665 2030 3718 de
2053 3665 2190 3720 luce.
2217 3666 2294 3718 Ad
2322 3669 2434 3718 bmc
2467 3666 2604 3717 haud
2652 3665 2723 3716 ita
2755 3662 3203 3718 contemnendum
3235 3674 3316 3717 est
3338 3665 3503 3718 etiam

1966 3753 2094 3807 illud
2121 3772 2135 3807 :
2171 3771 2190 3802 ι
2229 3753 2323 3807 llic
2358 3763 2439 3807 est
2471 3753 2612 3805 Elias
2638 3751 2727 3820 qui
2755 3762 3015 3806 venturus
3043 3759 3126 3804 est
3149 3750 3214 3804 ¹⁶.
3239 3769 3260 3803 ι
3285 3750 3435 3818 Quod
3457 3753 3503 3806 si

1965 3843 2308 3912 przevaluerit
2343 3841 2664 3896 universalis
2693 3841 2757 3896 de
2786 3842 2964 3894 anima
3002 3840 3208 3907 opinio,
3251 3849 3503 3909 tanquam

1962 3931 2068 4001 83
2097 3947 2213 3999 quae
2245 3945 2366 3985 cum
2415 3945 2638 3997 corpore
2687 3930 2889 3997 pariter
2931 3943 3034 3982 non
3061 3931 3376 3991 seminetur,
3405 3929 3500 3983 sed

1964 4030 2084 4074 ante
2114 4022 2282 4088 ipsum
2317 4019 2564 4081 exsistat,
2587 4019 2656 4073 ob
2691 4019 2972 4085 variasque
2993 4032 3182 4072 causas
3207 4031 3422 4071 carnem
3446 4026 3504 4072 et

1963 4110 2269 4176 sanguinem
2313 4109 2518 4173 induat,
2563 4106 2856 4176 particula,
2887 4125 2906 4158 ι
2940 4105 3135 4161 missus
3162 4119 3192 4158 a
3226 4105 3333 4160 Deo
3372 4103 3439 4170 ",
3476 4125 3499 4161 ι

1964 4214 2067 4252 non
2096 4198 2358 4254 videbitur
2401 4197 2628 4266 amplius
2665 4196 2828 4257 dicta.
2870 4209 2966 4250 ceu
2997 4210 3085 4250 res
3120 4196 3359 4264 quaedam
3388 4195 3505 4248 exi-

318 4287 405 4338 καὶ
439 4286 773 4356 αἵματι,ιιτό⁶
805 4303 824 4335 ι
863 4285 1265 4355 ἀπεσταλμένος
1297 4286 1400 4339 ὑπὸ
1430 4285 1582 4349 Θεοῦ,
1621 4305 1638 4336 ι
1689 4288 1866 4340 ούκέτι

1972 4287 2074 4341 mia
2117 4287 2182 4339 de
2214 4285 2436 4342 Joanne.
2476 4285 2659 4354 Itaque
2708 4285 2948 4338 omnium
2999 4284 3300 4354 pessimus,
3344 4283 3504 4336 homo

316 4374 442 4440 δόξει
488 4378 772 4446 ἐξαίρετον
821 4372 957 4429 εἶναι
1004 4377 1130 4446 περὶ
1169 4377 1409 4429 Ἰωάννου
1452 4376 1750 4446 λεγόμενον.
1812 4379 1869 4430 '0

316 4465 433 4533 γοῦν
462 4469 686 4520 πάντων
719 4465 994 4526 κάκιστος,
1025 4465 1053 4516 ὁ
1088 4463 1366 4534 ἄνθρωπος
1395 4463 1492 4531 τῆς
1521 4463 1804 4532 ἁμαρτίας,
1841 4465 1870 4516 ὁ

316 4553 420 4617 υίὸς
449 4555 551 4624 τῆς
591 4553 892 4615 ἀπωλείας,
939 4551 1154 4619 λέγεται
1197 4551 1344 4621 παρά
1391 4550 1468 4620 τῷ
1513 4549 1704 4620 Παύλῳ
1735 4551 1871 4620 πέμ-

316 4647 502 4700 πεσθαι
525 4645 636 4698 ὑπὸ
659 4643 756 4696 τοῦ
778 4643 912 4695 Θεοῦ
931 4660 946 4673 ·
979 4661 997 4692 ι
1021 4642 1118 4694 Διά
1139 4642 1292 4694 τοῦτο
1311 4642 1436 4711 γὰρ,
1466 4660 1484 4690 ι
1512 4641 1663 4710 φησι,
1693 4659 1711 4692 ι
1732 4641 1870 4710 πέμ-

318 4749 401 4785 πει
420 4736 608 4796 αὐτοῖς
636 4736 666 4786 ὁ
694 4732 827 4794 Θεὸς
855 4719 1128 4802 ἐνέργειαν
1159 4731 1364 4798 πλάνης
1396 4732 1473 4791 είς
1504 4729 1564 4781 τὸ
1589 4729 1870 4782 πιστεῦσαι

315 4821 497 4885 αὐτοὺς
525 4823 608 4892 τῷ
632 4821 839 4890 ψεύδει,
871 4821 957 4872 ἵνα
990 4819 1214 4889 κριθῶσι
1247 4819 1442 4880 πάντες
1467 4821 1513 4870 οἱ
1554 4817 1625 4888 μὴ
1649 4821 1864 4872 πιστεύ-

319 4927 499 4975 σαντες
530 4915 600 4983 τῇ
655 4911 904 4981 ἀληθείᾳ,
954 4910 1068 4962 ἀλλ’
1096 4910 1476 4977 εὐδοκήσαντες
1521 4911 1584 4977 τῇ
1615 4907 1811 4977 ἀδικίᾳ.
1840 4925 1859 4958 ι

317 4997 381 5051 Tb
404 5000 462 5052 δὲ
491 4999 726 5070 ζητηθέν
757 5000 862 5070 δρα
901 4998 952 5049 εἰ
999 4995 1163 5060 οὕτως
1194 4995 1349 5048 λῦσαι
1389 4995 1739 5066 δυνησόμεθα,
1763 4997 1862 5060 ὅτι,

377 5135 396 5165 ⁷
423 5133 544 5187 Isai.
574 5150 648 5196 Vl,
686 5134 739 5187 1.
828 5133 850 5162 ⁸
885 5133 1015 5183 ἱΙιίιΙ.
1047 5133 1096 5183 9.
1171 5133 1192 5161 ⁹
1223 5133 1351 5183 Luc.
1387 5144 1422 5190 ι,
1455 5133 1542 5181 ΓΙ.

317 5201 394 5266 15,
433 5205 511 5264 15,
539 5204 629 5256 52.
711 5203 754 5237 ⁸⁸
786 5199 922 5254 ibid.
959 5197 1047 5249 44.
1121 5200 1162 5230 ¹⁶
1184 5198 1374 5251 Matth.
1409 5211 1484 5258 XI,
1515 5197 1600 5249 Η.

374 5343 487 5411 (92)
559 5335 1190 5411 Upoadrorzfqr._peest
1215 5335 1278 5411 _in
1316 5335 1550 5411 editione
1576 5313 1856 5411 lluetiana,

315 5399 392 5463 sed
423 5399 726 5464 restituitur
752 5399 787 5458 (ξ
815 5401 984 5456 codd.
1015 5399 1304 5456 Barberino
1326 5413 1379 5454 et
1409 5402 1714 5455 Bodleiano.

376 5481 482 5549 (95)
519 5475 852 5549 Βωττᾼίζὲιις.
891 5468 992 5520 Sic
1019 5471 1180 5522 codex
1209 5469 1553 5531 Bodleianus;
1587 5468 1778 5538 Regius
1802 5477 1860 5526 et

317 5538 639 5611 Barberinus,
667 5538 841 5612 βαπτί
847 5550 969 5588 σαι.

1967 4374 2194 4444 peccati,
2237 4373 2374 4428 [ilius
2425 4371 2738 4442 perditionis
2785 4372 2981 4427 dicitur
3029 4370 3167 4440 apud
3212 4368 3434 4422 Paulum
3461 4367 3504 4400 ⁸⁸

1970 4464 2105 4518 mitti
2139 4479 2167 4516 ιι
2195 4463 2304 4516 Deo
2337 4481 2350 4517 :
2390 4478 2410 4513 ι
2447 4461 2670 4531 Propter
2713 4463 2815 4516 boc
2841 4461 3004 4526 enim,
3033 4479 3054 4514 ι
3083 4461 3274 4529 inquit,
3321 4479 3340 4512 ι
3385 4459 3504 4513 mit-

1968 4554 2034 4606 tit
2067 4553 2168 4606 illis
2196 4552 2334 4606 Deus
2358 4553 2620 4606 actionem
2668 4551 2892 4617 erroris,
2932 4560 2991 4605 ut
3036 4551 3256 4605 credant
3285 4549 3503 4604 menda-

1969 4644 2052 4697 cio
2083 4651 2178 4696 :nt
2209 4639 2514 4708 iudicentur
2551 4649 2810 4710 quotquot
2861 4640 3074 4694 veritati
3119 4652 3225 4692 non
3255 4638 3500 4702 credunt,

1968 4729 2059 4783 sed
2089 4727 2189 4783 sibi
2236 4728 2569 4796 complacent
2619 4729 2670 4782 in
2734 4729 3017 4797 iniustitia.
3052 4745 3072 4778 ι
3107 4728 3177 4780 At
3228 4725 3350 4779 vide
3371 4739 3498 4777 num

1969 4820 2108 4872 hanc
2157 4819 2500 4886 quaestionem
2560 4819 2638 4874 sic
2703 4820 2913 4873 solvere
2952 4818 3248 4887 possimus,
3311 4827 3501 4881 nempe

1971 4907 2134 4976 quod,
2158 4910 2604 4977 quemadmodum
2651 4909 2965 4976 simpliciter
3015 4907 3190 4960 omnis
3218 4905 3398 4978 homo,
3434 4918 3500 4958 eo

1971 5001 2112 5066 quod
2135 5008 2344 5054 creatus
2372 5000 2493 5054 sita
2534 4999 2661 5062 Deo,
2692 4998 2851 5051 homo
2895 5005 2977 5050 est
3005 4995 3137 5058 Dei;
3190 4995 3281 5048 sed
3323 4993 3500 5048 nullus

828 5131 850 5162 ⁸
885 5130 1015 5183 ibid.
1047 5130 1096 5183 9.
1171 5131 1192 5161 ⁸
1223 5130 1351 5183 Luc.
1387 5144 1422 5190 ι,
1455 5131 1542 5181 l7.
1623 5129 1664 5159 ¹⁰
1685 5128 1870 5181 Joan.t

1974 5167 1988 5180 .
2059 5129 2099 5159 “
2127 5127 2251 5180 ibid.
2287 5127 2372 5180 32.
2452 5128 2494 5158 ¹²
2519 5126 2650 5180 ibid.
2685 5125 2772 5177 35.
2853 5125 2896 5155 “
2928 5122 3056 5178 ibid.
3088 5121 3139 5175 7.
3218 5119 3262 5152 ³⁵
3287 5120 3419 5176 Luc.
3455 5136 3495 5184 ι,

1678 5197 1717 5227 ⁸⁷
1745 5195 1896 5250 Joan.
1928 5213 1968 5262 ι,
1991 5197 2042 5251 6.
2119 5197 2162 5235 ί·
2185 5195 2226 5248 ll
2254 5194 2440 5249 'l'bess.
2476 5209 2539 5259 ιι,
2577 5193 2772 5258 10,“.

2041 5335 2149 5406 (9b)
2193 5337 2485 5406 ’ἧκον-τος.
2516 5333 2814 5406 Legendum
2849 5331 3056 5406 videtur
3076 5329 3287 5406 έχοντα.

2036 5397 2152 5476 (95)-
2186 5397 2368 5476 Οὗτός
2413 5397 2580 5476 ἐςτιν
2595 5397 2650 5476 ξό
2687 5397 3237 5476 Ὴλίαςλόιμέλλῳν.
3287 5397 3397 5476 Sic__
3422 5404 3495 5451 le-

2005 5467 2192 5527 it‘ur'in
2225 5474 2408 5536 codice
2440 5469 2753 5534 Bodleiano;
2794 5471 2845 5524 in
2874 5468 3036 5536 Regio
3073 5475 3249 5523 autem
3279 5478 3330 5522 et
3362 5467 3492 5519 Bar-

2006 5490 2111 5527 ttur
2143 5490 2192 5527 tn
2225 5490 2408 5525 cuutce
2440 5490 2753 5534 noutetauo;

1967 5490 2174 5610 fierino,
2197 5535 2358 5602 Οὗτός
2386 5540 2527 5593 ἐστιν
2555 5539 2582 5592 ὁ
2607 5537 2777 5607 λόγος.
