3848 6174
671 228 770 281 167

2092 214 2248 271 ORIG
2256 213 2406 268 ΕΝῐὸ

669 339 826 392 homo
852 344 932 390 est
961 335 1074 399 Dei,
1113 333 1211 386 nisi
1243 331 1330 399 qui
1359 333 1465 385 Deo
1502 330 1657 385 fuerit
1691 331 1934 385 addictus
1954 371 1968 394 ,
1999 345 2186 399 quemw

2036 347 2186 384 uem~
2223 338 2270 391 Α
2296 329 2476 400 ὥσπερ
2536 328 2890 398 ἁπλούστερον
2947 329 3054 390 πᾶς
3106 327 3374 398 ἄνθρωπος
3415 333 3485 402 τῷ
3529 335 3553 386 ὑ

666 426 946 479 admodum
977 423 1119 476 Elias
1155 431 1207 474 et
1255 422 1344 489 qui
1399 422 1449 474 in
1495 420 1784 488 Seripturis
1831 420 2185 474 inscribuntur

2044 430 2194 473 ιιηιυι*
2291 416 2530 469 ἐκτίσθαι
2553 415 2830 485 ἄνθρωπός
2855 417 2967 466 ἐστι
2991 413 3084 467 τοῦ
3113 414 3265 476 Θεοῦ,
3287 417 3396 468 ἀλλ’
3418 420 3474 470 οὺ
3505 437 3563 489 χρ

665 513 904 568 homines
956 510 1077 575 Dei;
1130 512 1200 564 ita
1242 510 1343 562 dici
1389 508 1544 578 posse
1587 511 1940 563 comm-uniter
1980 523 2190 563 omnem

664 601 929 655 hominem
957 614 986 652 a
1013 601 1118 652 Deo
1154 600 1370 651 missqu
1421 612 1568 662 esse;
1612 597 1824 665 proprie
1869 608 2045 651 autem
2089 611 2191 649 non

662 688 820 740 alium
853 701 883 740 a
917 686 1020 740 Deo
1046 685 1178 738 mitti
1228 700 1385 753 quam
1433 685 1522 754 qui
1565 686 1631 738 ad
1682 686 2030 739 ministerimn
2056 684 2193 737 divi-

664 792 788 830 num
828 784 882 830 et
922 777 986 828 ad
1036 776 1337 829 obeundum
1389 775 1605 829 humani
1655 774 1863 844 generis
1887 773 2108 827 salutem
2141 773 2191 826 in

663 865 825 918 vitam
850 863 1140 916 advenerit.
1183 862 1537 926 Quamobrem
1585 877 1688 914 non
1713 861 2015 915 invenimus
2051 862 2191 928 quod

595 967 597 969 ‘
658 954 938 1022 quisquam
972 952 1216 1004 mittatur
1243 967 1273 1004 a
1294 951 1422 1014 Deo,
1452 951 1704 1020 positum,
1736 951 1836 1004 nisi
1863 952 1929 1004 de
1954 949 2152 1003 sanctis
2175 965 2189 1001 :

655 1043 724 1096 de
754 1042 886 1095 Isaia
934 1044 1170 1111 quidem,
1207 1051 1266 1095 ut
1295 1052 1448 1096 antea
1493 1041 1892 1110 proposuimus;
1951 1040 2016 1092 dc
2039 1037 2191 1092 Jere-

592 1173 594 1175 .
660 1130 762 1183 mia
786 1146 914 1184 vero
939 1147 950 1181 :
984 1150 1002 1180 ι
1033 1131 1110 1183 Ad
1142 1145 1347 1194 omnes,
1373 1131 1437 1182 ad
1457 1144 1588 1197 quos
1617 1129 1811 1183 misero
1839 1139 1906 1190 te,
1925 1128 2027 1182 ibis
2053 1127 2139 1185 ¹⁸⁶;
2168 1145 2185 1178 ι

657 1221 724 1273 de
756 1221 999 1290 Ezechiel
1028 1219 1187 1273 etiam
1219 1236 1232 1270 :
1273 1238 1290 1270 ι
1331 1220 1469 1274 Ecce
1506 1233 1605 1289 ego
1637 1221 1787 1273 mitto
1831 1227 1882 1271 te
1913 1219 1975 1271 ad
2009 1225 2190 1286 gentes

660 1309 907 1370 rebelles,
943 1318 996 1360 et
1019 1309 1319 1362 incredulas
1350 1309 1475 1360 mihi
1506 1308 1569 1362 ι’.
1607 1326 1626 1360 ι
1658 1308 1919 1362 (Steterunt
1952 1307 2088 1361 baud
2119 1305 2189 1359 ita

2291 507 2396 566 πᾶς
2424 504 2701 574 ἄνθρωπος
2726 504 2879 565 Θεοῦ,
2911 503 2944 572 ἢ
2974 503 3134 572 μόνος
3181 504 3209 554 ό
3234 504 3347 574 Θεῷ
3377 506 3562 575 ἀνακεί;

2287 595 2480 665 τρόπον
2522 593 2701 654 Ἠλίας
2747 594 2838 646 καὶ
2880 594 2926 645 oi
2971 593 3027 644 έν
3062 593 3180 654 ταῖς
3223 593 3450 664 Γραφαῖς
3495 597 3564 649 ἀνι

2294 685 2444 754 μένοι
2491 683 2760 752 ἄνθρωποι
2803 681 2956 743 Θεοῦ,
3006 681 3178 744 οὕτως
3219 683 3434 736 δύναται
3465 703 3561 740 κατ

2290 772 2588 841 κοινότερον
2633 772 2739 833 πᾶς
2785 770 3070 840 ἄνθρωπος
3118 771 3450 825 ἀπεστάλθαι
3503 794 3566 828 πο

2289 860 2436 930 (96)·
2470 860 2670 930 κυρίως
2693 859 2748 912 δὲ
2777 859 3025 927 λέγεσθαι
3058 859 3389 916 ἀπεστάλθαι
3421 864 3522 917 ὑπὸ
3561 877 3568 908 ι

2287 951 2384 1002 οὐκ
2419 949 2571 1011 ἄλλος
2599 948 2632 1017 ἢ
2672 951 2700 1001 ὁ
2732 949 2820 1000 ἐπὶ
2851 948 3094 1019 διακονίᾳ
3133 950 3254 1022 θείᾳ
3280 953 3375 1006 καὶ
3409 953 3566 1006 λειτοι

2287 1039 2476 1109 τηρίας
2505 1038 2691 1104 γένους
2727 1036 3024 1107 ἀνθρώπων
3050 1039 3332 1109 ἐπιδημῶν
3357 1041 3436 1110 τῷ
3469 1042 3564 1112 βίῳ

2291 1142 2450 1195 ρομεν
2497 1125 2625 1192 γοῦν
2672 1125 2733 1176 τὸ
2777 1125 3198 1180 ἀποστέλλεσθαι
3236 1129 3345 1180 ἀπὸ
3391 1129 3524 1183 Θεοῦ

2286 1228 2377 1263 του
2410 1211 2442 1281 ἢ
2475 1212 2580 1264 τῶν
2603 1213 2768 1280 ἁγίων
2801 1214 3049 1283 κείμενον
3074 1231 3086 1244 ·
3116 1217 3210 1267 ἐπὶ
3241 1217 3341 1285 μὲν
3370 1219 3463 1273 τοῦ
3509 1221 3569 1272 Ἡ

2286 1301 2730 1372 προπαρεθέμεθα
2757 1319 2770 1333 ·
2799 1303 2890 1355 ἐπὶ
2925 1303 2979 1355 δὲ
3011 1305 3104 1356 τοῦ
3146 1305 3414 1376 Ἱερεμίου
3438 1326 3450 1338 ·
3497 1329 3514 1360 ι
3536 1312 3568 1362 ῐ]

657 1397 723 1449 ad
749 1397 1074 1463 propositum
1125 1405 1332 1464 sumpta
1381 1396 1546 1450 fuisse
1589 1395 1906 1449 videbuntur
1950 1394 2176 1461 exempl:

2052 1394 2186 1461 mpla
2283 1408 2380 1454 τας
2406 1391 2496 1454 οὒς
2525 1392 2618 1445 ὲάν
2652 1391 3012 1454 ὲξαποστείλω
3044 1410 3127 1457 σε,
3174 1397 3455 1470 πορεύσῃ·
3485 1418 3502 1449 ι
3554 1402 3569 1452 ἐ

659 1484 952 1545 missionis,
986 1499 1107 1536 cum
1132 1499 1228 1537 nos
1268 1499 1569 1553 quaeramus
1599 1484 1666 1536 de
1703 1483 1952 1535 missione
1977 1496 2094 1549 qua:
2131 1482 2178 1535 ﬁl

2050 1496 2094 1534 tn
2131 1482 2189 1535 ﬁt
2295 1480 2582 1551 Ὶεζεκιὴλο
2644 1498 2662 1530 ι
2686 1480 2814 1532 Ἰδοὺ
2858 1480 2966 1548 ἐγὼ
2995 1482 3314 1537 ἀποστέλλω
3352 1503 3411 1538 σε
3443 1489 3569 1557 πρὸς

655 1571 720 1623 ad
753 1571 888 1624 hanc
919 1571 1108 1635 vitam,
1158 1580 1212 1625 et
1246 1571 1332 1624 illa
1365 1586 1467 1624 non
1515 1581 1698 1639 aperte
1745 1571 1926 1624 dicant
1953 1571 2174 1637 aliquem

2050 1585 2182 1637 [netu
2217 1638 2249 1644 _
2283 1567 2642 1637 ἀφεστηκότα,
2668 1566 2761 1619 καὶ
2787 1567 3166 1638 ἀπιστήσαντά
3193 1572 3304 1642 (98)
3337 1591 3447 1644 μοι.
3477 1594 3495 1625 ι
3537 1579 3569 1628 Δ

655 1660 1001 1712 exsistentem
1053 1668 1202 1712 extra
1259 1660 1395 1713 hanc
1444 1660 1605 1712 vitam
1662 1659 1880 1713 missum
1929 1657 2091 1711 fuisse
2131 1658 2174 1709 in

2050 1672 2091 1711 se
2131 1658 2180 1709 in
2217 1638 2255 1690 Β
2285 1655 2418 1724 πρὸς
2445 1654 2506 1707 τὸ
2535 1654 2888 1725 προκείμενον
2935 1638 3311 1728 παρειλῆφθαι
3337 1638 3409 1714 τὰ
3444 1682 3569 1736 napi

655 1750 795 1803 hanc
843 1751 1026 1806 vitam.
1072 1752 1321 1804 Attamen
1366 1751 1444 1804 sic
1485 1752 1646 1804 etiam
1695 1747 1824 1802 nihil
1864 1757 1944 1800 est
1967 1747 2174 1800 absurdi

2042 1748 2178 1800 surdi
2282 1744 2377 1812 τῆς
2407 1743 2704 1814 ἀποστολῆς
2729 1746 2827 1814 τῆς
2849 1747 2927 1807 είς
2950 1746 3041 1798 τὸν
3072 1747 3189 1816 βίον
3217 1752 3561 1824 ζητουμένης

652 1841 950 1894 orationem
1001 1841 1291 1894 transferre
1329 1842 1394 1893 ad
1439 1840 1491 1893 id
1529 1841 1594 1892 de
1640 1853 1742 1906 quo
1787 1837 2100 1905 qumrimns,
2139 1837 2171 1889 si

2054 1851 2100 1898 s,
2139 1835 2185 1889 si
2279 1831 2374 1902 λὴν
2397 1833 2618 1901 λέγοντα
2644 1835 2706 1886 οὐ
2729 1836 2948 1904 γυμνῶς
2985 1839 3086 1907 τὴν
3119 1839 3325 1903 ἔξωθεν
3349 1844 3445 1896 τοῦ
3477 1844 3569 1913 βίοι

653 1929 895 1981 dicamus
941 1929 1082 1997 quod
1122 1938 1179 1982 ut
1221 1929 1362 1981 solos
1392 1928 1731 2004 sanctastde
1783 1925 1976 1994 quibus
2022 1924 2172 1977 locuti

2050 1925 2181 1977 quti
2282 1920 2416 1989 βίον.
2472 1922 2615 1992 Πλὴν
2645 1924 2738 1976 καὶ
2778 1923 2949 1986 οὕτως
2995 1927 3100 1978 οὐκ
3147 1929 3420 1984 ἀπίθανον
3472 1951 3569 2003 μετ

652 2032 854 2084 sumus,
903 2021 1114 2071 mittere
1163 2018 1356 2070 dicitur
1397 2017 1552 2079 Deus,
1606 2016 1885 2095 sicoetiam
1920 2015 1984 2068 de
2006 2013 2187 2068 bisiu-

654 2106 997 2174 telligendum
1033 2121 1150 2160 esse
1176 2106 1264 2173 qui
1292 2108 1359 2158 ad
1390 2106 1551 2158 vitam
1583 2107 1883 2157 mittuntur.

2280 2011 2431 2077 λόγον
2460 2011 2552 2062 ἐπὶ
2582 2011 2639 2064 τὸ
2684 2011 2933 2081 ζητηθέν,
2970 2015 3280 2082 φάσκοντα,
3321 2020 3426 2084 ὅτι,
3457 2021 3570 2073 ὣστι

2280 2101 2404 2163 τοὺς
2448 2100 2650 2166 ἁγίους,
2681 2102 2764 2169 ἐφ’
2791 2095 2866 2155 ὧν
2914 2104 3302 2177 παρεθέμεθα,
3333 2109 3570 2165 ἀποστέλ

650 2212 742 2248 ται
766 2198 793 2248 ὁ
815 2194 967 2259 Θεὸς,
995 2195 1165 2258 οὕτως
1193 2195 1286 2247 καὶ
1318 2194 1407 2246 ἐπὶ
1435 2193 1542 2247 τῶν
1585 2196 1662 2256 είς
1685 2193 1773 2246 τὸν
1799 2193 1910 2262 βίον
1942 2191 2409 2262 ἀποστελλομένων
2431 2191 2728 2246 ἐκδεκτέον.

712 2284 802 2336 9.5.
831 2284 896 2338 Et
922 2286 1170 2352 quoniam
1197 2285 1416 2338 omnino
1448 2284 1498 2335 in
1525 2282 1748 2337 Joannis
1785 2295 2029 2336 sermone
2059 2295 2177 2334 ver-

645 2387 848 2437 samur,
892 2373 1055 2441 ipsius
1109 2373 1414 2426 missionem
1470 2372 1866 2438 investigantes,
1926 2384 2028 2422 non
2081 2369 2180 2420 im-

645 2471 870 2529 portune
909 2462 1208 2528 opinionem
1263 2469 1516 2524 nostram,
1555 2474 1709 2527 quam
1751 2461 1817 2511 de
1861 2459 1974 2526 ipso
2011 2457 2177 2510 habe-

646 2544 787 2618 mus,
811 2566 1186 2619 proponemus.
1217 2551 1472 2620 Quoniam
1512 2551 1655 2602 enim
1694 2549 1915 2616 legimus
1947 2549 2174 2615 prophe-

625 2641 774 2711 ~tiam
803 2641 870 2693 de
911 2641 1026 2708 ipso
1051 2641 1097 2672 '°
1125 2655 1141 2692 :
1169 2657 1188 2691 ι
1227 2641 1361 2693 Ecce
1387 2653 1486 2706 ego
1523 2637 1674 2690 mitto
1717 2635 1962 2704 angelum
2005 2647 2180 2688 meum

645 2735 769 2782 ante
807 2726 998 2782 faciem
1051 2738 1213 2790 tuam,
1246 2727 1336 2795 qui
1367 2725 1687 2795 praeparabit
1724 2725 1866 2778 viam
1893 2732 2034 2777 tuam
2058 2732 2182 2776 ante

645 2827 716 2883 te,
759 2836 779 2870 ι
816 2818 1132 2873 aduotamus
1163 2831 1284 2870 num
1318 2815 1456 2870 forte
1491 2828 1627 2868 unus
1659 2822 1962 2868 sanctorum
2020 2824 2183 2880 ange-

2352 2280 2459 2332 Καὶ
2500 2280 2621 2332 ἐπεὶ
2667 2280 3000 2346 ἁπαξαπλῶς
3049 2286 3110 2338 ὲν
3160 2286 3244 2356 τῷ
3296 2288 3430 2357 περὶ
3474 2288 3567 2342 τοῦ

2283 2368 2446 2437 ἐσμὲν
2501 2369 2659 2438 λόγῳ,
2705 2369 2987 2440 ζητοῦντες
3036 2374 3211 2428 αὑτοῦ
3261 2375 3364 2447 τὴν
3415 2379 3567 2431 ἀποσ

2284 2457 2523 2527 ἀκαίρως
2562 2458 2811 2512 ὑπόνοιαν
2859 2463 3169 2533 ἡμετέραν,
3201 2465 3272 2534 ἥν
3303 2467 3439 2537 περὶ
3470 2469 3570 2520 αὐτ

2281 2547 2673 2618 προσθήσομεν.
2721 2549 2867 2600 Ἐπεὶ
2887 2550 2996 2619 γὰρ
3031 2553 3366 2624 ἀνέγνωμεν
3397 2558 3528 2627 περὶ
3556 2575 3570 2609 c

2279 2635 2500 2705 φητείαν
2522 2653 2538 2666 ·
2587 2653 2606 2686 ι
2628 2637 2756 2690 Ἰδοὺ
2803 2638 2915 2706 ἐγὼ
2955 2641 3298 2697 ἀποστέλλω
3345 2646 3442 2698 τὸν
3503 2647 3570 2715 ἀγ

2279 2724 2383 2794 πρὸ
2425 2723 2710 2794 προσώπου
2757 2744 2873 2792 σου,
2922 2729 2984 2792 ὃς
3041 2737 3466 2789 κατασκευάσει
3509 2739 3568 2803 τί

2277 2813 2579 2884 ἔμπροσθέν
2635 2832 2793 2881 ceu,»
2847 2819 3165 2891 ὲφίσταμεν
3221 2825 3445 2894 μήποτε
3489 2821 3568 2889 εἷς

643 2905 812 2960 lorum
844 2907 1128 2970 exsistens,
1154 2918 1454 2976 praecursor
1486 2905 1550 2957 ad
1598 2903 1954 2960 ministerium
1995 2900 2162 2954 demit!

2046 2900 2182 2954 :mit-
2207 2904 2250 2961 C.
2282 2902 2451 2970 ἁγίων
2494 2904 2735 2970 ἀγγέλων
2777 2907 3072 2976 τυγχάνων
3101 2912 3201 2964 ἐπὶ
3236 2912 3565 2987 λειτουργίᾳ

643 3006 784 3053 tatur
815 2998 1123 3053 Servatoris
1151 2997 1340 3051 nostri.
1373 2997 1437 3050 Et
1479 2995 1670 3048 mirum
1700 2994 1940 3062 profecto
1967 3001 2048 3047 est
2095 2991 2177 3046 ni-

642 3087 739 3152 hil,
787 3087 989 3140 Christi
1041 3085 1385 3154 Primogeuiti
1431 3082 1542 3157 84
1581 3084 1756 3137 omnis
1789 3091 2077 3144 creaturae,
2108 3083 2177 3134 ob

641 3191 874 3230 amorem
909 3193 1030 3245 erga
1082 3177 1324 3230 homines
1349 3177 1636 3240 incarnati,
1683 3173 2018 3228 atmulatores
2061 3173 2177 3226 imi-

640 3274 949 3333 tatoresqne
993 3265 1197 3330 aliquos
1237 3266 1531 3326 exstitisse,
1587 3263 1782 3331 quibus
1817 3263 1970 3317 dulce
2016 3262 2176 3315 fuerit

639 3358 688 3410 ei
719 3355 1028 3422 benignitati
1060 3370 1218 3423 quam
1249 3355 1301 3406 in
1333 3355 1477 3423 ipsos
1506 3355 1850 3418 ostendisset,
1894 3352 2170 3417 inservire,

639 3445 824 3499 eadem
879 3446 1119 3512 corporis
1168 3443 1535 3498 similitudine.
1585 3443 1687 3498 Sed
1741 3458 2022 3510 quemnam
2067 3455 2172 3496 non

641 3543 876 3587 moveret
935 3533 1208 3586 exsultans
1251 3531 1302 3584 in
1345 3531 1538 3598 gaudio
1592 3532 1766 3585 adhuc
1811 3531 2073 3585 exsistens
2117 3530 2169 3583 in

640 3633 789 3677 utero
829 3620 1038 3692 [matris
1091 3620 1222 3690 suae]
1265 3621 1486 3688 perinde
1524 3635 1588 3674 ac
1628 3635 1959 3674 communem
2004 3619 2172 3672 homi-

641 3726 766 3764 num
798 3723 1038 3764 naturam
1073 3709 1375 3764 excellens?
1401 3709 1548 3775 Quod
1573 3709 1615 3763 si
1640 3710 1759 3776 quis
1791 3709 2032 3762 admittat
2054 3723 2172 3776 pre-

640 3801 899 3855 cationem
947 3799 1137 3870 Joseph
1185 3801 1496 3870 inscriptam
1536 3800 1588 3854 in
1615 3800 1698 3853 bis
1725 3798 1875 3854 libris
1907 3797 1996 3866 qui
2032 3797 2170 3865 apud

639 3891 886 3946 Hebrreos
916 3893 1163 3946 dicuntur
1191 3889 1499 3960 apocryphi,
1523 3903 1645 3942 mox
1671 3889 1772 3941 hoc
1793 3887 1982 3954 dogma
2009 3887 2167 3940 etiam

638 3992 817 4049 aperte
849 3983 1045 4035 dictum
1095 3982 1218 4034 inde
1254 3991 1566 4046 sumpturus
1617 3986 1739 4032 est:
1771 3977 1988 4044 perinde
2016 3974 2166 4043 quasi

636 4072 723 4138 qui
772 4086 801 4122 a
850 4069 1111 4137 principio
1157 4067 1410 4121 exi-mium
1454 4063 1654 4132 aliquid
1703 4077 1814 4131 pra:
1865 4062 2169 4116 hominibus

635 4159 949 4218 halmerunt,
977 4157 1132 4224 longe
1166 4155 1414 4207 meliores
1447 4153 1656 4207 caeteris
1684 4149 1996 4211 animabus,
2043 4163 2166 4203 cum

2281 3010 2435 3046 πεται
2461 2993 2554 3048 τοῦ
2580 2995 2824 3065 Σωτῆρος
2851 2998 3015 3066 ἡμῶν
3043 3002 3398 3074 πρόδρομος.
3441 3006 3557 3059 Καὶ

2284 3084 2500 3154 μαστὸν,
2529 3085 2623 3137 τοῦ
2662 3086 3023 3154 Πρωτοτόκου
3057 3091 3252 3161 πάο-ης
3275 3095 3520 3159 κτίσεως
3548 3098 3569 3147 ὲ

2283 3174 2440 3244 μένου
2467 3173 2606 3227 κατά
2637 3173 3081 3245 φιλανθρωπίαν,
3125 3179 3392 3252 ζηλωτάς
3425 3201 3570 3249 τινας

2277 3263 2375 3324 τὰς
2420 3260 2696 3328 γεγονέναι
2743 3261 3041 3338 Χριστοῦ,
3079 3268 3502 3341 ἀγαπήσαντας
3545 3293 3570 3328 τ

2276 3351 2456 3419 ὁμοίου
2484 3349 2575 3403 τοῦ
2615 3349 2858 3419 σώματος
2896 3352 3282 3428 ὑπηρετῆσαι
3315 3365 3387 3434 τῇ
3423 3365 3508 3429 είς
3539 3383 3570 3418 α

2279 3439 2489 3509 στότητι
2521 3437 2618 3508 (1).
2659 3440 2789 3491 Τίνα
2814 3440 2858 3492 δ’
2881 3441 2998 3497 οὐκ
3023 3445 3096 3499 ἂν
3117 3451 3357 3520 κινήσαι
3385 3457 3570 3525 σκιρτί

2275 3527 2445 3581 λιάσει
2470 3527 2546 3581 ἔτι
2580 3530 2638 3580 ὲν
2669 3531 2732 3598 τῇ
2762 3528 2942 3602 κοιλίᾳ
2973 3539 3305 3606 τυγχάνων,
3340 3543 3424 3607 ὡς
3453 3545 3559 3615 τὴν

2273 3615 2568 3686 ἀνθρώπων
2589 3616 2905 3686 ὑπερπαίων
2935 3621 3153 3689 φύσιν;
3192 3629 3261 3684 El
3293 3630 3354 3684 δέ
3374 3649 3467 3696 τις
3505 3653 3570 3703 πε

2273 3705 2379 3756 τῶν
2407 3706 2533 3775 παρ’
2576 3705 2844 3776 Ἑϐραίοις
2885 3717 3238 3782 φερομένων
3267 3720 3570 3793 ἀποκρύφι

2273 3795 2616 3886 γραφομένην
2659 3796 2852 3886 Ἰωσὴφ
2906 3807 3274 3886 προσευχὴν,
3324 3812 3568 3886 ἄντικρυ

2272 3883 2445 3974 δόγμα
2463 3885 2567 3974 ,καὶ
2593 3884 2775 3974 σαφῶς
2794 3883 3110 3959 εἰρημένον
3141 3898 3371 3953 ἐκεῖθεν
3401 3883 3570 3974 λήψει

2271 3973 2321 4023 oi
2344 3972 2595 4066 deﬁet-tu
2611 3973 2886 4044 ἐξαίρετόν
2913 3995 2974 4034 τι
3017 3983 3346 4057 ἐσχηκότες
3375 3972 3541 4066 παρὰ

2272 4060 2449 4130 πολλῷ
2477 4062 2753 4132 κρείττους
2785 4071 3182 4140 τυγχάνοντες
3206 4080 3328 4139 τῶν
3345 4060 3570 4138 λοιπῶν

2271 4150 2364 4244 τοῦ
2394 4147 2530 4244 εἶναι
2561 4152 2776 4244 ἄγγελοι
2801 4157 2896 4209 ἐπὶ
2925 4161 3040 4232 τὴν
3077 4167 3470 4244 ἀνθρωπίνην
3504 4195 3570 4230 κο

636 4247 806 4316 angeli
845 4255 1042 4310 essent,
1067 4245 1131 4297 ad
1155 4245 1446 4297 humanam
1499 4239 1875 4296 descenderint
1905 4248 2155 4291 naturam

2050 4253 2168 4336 rant.
2204 4240 2247 4295 D
2272 4240 2446 4336 φύσιν.
2472 4241 2651 4336 ’Φησὶῌ
2667 4242 2803 4336 γοῦν
2845 4246 2875 4298 ὀ
2921 4249 3141 4306 Ἰακώὸ
3172 4239 3207 4288 ἠ
3257 4279 3278 4312 ι
3306 4262 3370 4315 Ὀ
3401 4239 3520 4336 γὰρ
3564 4267 3569 4317 ῗ

636 4334 808 4402 lnqnit
835 4349 962 4401 ergo
985 4332 1146 4387 Jacob
1181 4349 1196 4386 :
1231 4350 1249 4383 ι
1279 4332 1388 4399 Ego
1424 4331 1514 4399 qui
1551 4331 1616 4383 ad
1648 4342 1742 4382 vos
1764 4327 1972 4395 loquor,
2002 4326 2166 4381 Jacob

636 4437 773 4486 sum,
807 4431 861 4474 et
881 4420 1066 4482 Israel,
1096 4419 1318 4486 angelus
1342 4417 1429 4470 Dei
1453 4430 1570 4471 sum
1594 4430 1712 4485 ego,
1739 4421 1792 4468 et
1811 4413 2032 4482 spiritus
2060 4405 2167 4481 pri-

636 4509 856 4574 marius,
907 4516 963 4562 et
1007 4508 1310 4570 Abraham,
1363 4514 1418 4560 et
1464 4503 1613 4560 lsaac
1654 4512 1778 4558 ante
1820 4518 1980 4558 onme
2032 4516 2166 4570 opus

703 4708 768 4741 ¹³⁶
795 4706 902 4763 Jer.
933 4723 972 4773 ι,
1006 4706 1058 4761 ’1.
1133 4707 1176 4739 ¹⁹
1207 4705 1401 4762 Ezech.
1432 4719 1493 4770 tt,
1527 4703 1582 4758 3.
1655 4703 1702 4734 ¹⁰
1733 4701 1952 4756 Malach.
1985 4717 2068 4764 ιιι,
2099 4703 2148 4754 l.

704 4909 814 4972 (96)
852 4909 1017 4975 Παρὰ
1043 4905 1207 4960 Θεοῦ.
1233 4904 1346 4975 Sic_
1370 4903 1536 4958 codex
1574 4899 1926 4966 Bodleianus;
1968 4901 2162 4970 Regius

634 4989 686 5030 et
713 4970 1050 5034 Barberiitus.
1081 4975 1187 5029 ἀπὸ
1215 4970 1369 5026 Θεοῦ.

699 5046 811 5108 (97)
859 5045 994 5096 Ὑπὸ
1025 5043 1190 5097 Θεοῦ.
1231 5041 1517 5108 ιιειίοοᾱει
1568 5036 1922 5095 Bodleianus:
1967 5035 2161 5105 Regius

635 5123 688 5165 et
715 5107 1054 5172 Barberinus.
1078 5112 1184 5165 ἀπὸ
1211 5107 1364 5162 Θεοῦ.

706 5180 814 5248 (98)
863 5178 1307 5248 Ῐᾼπιστήσαντα.
1351 5177 1424 5248 Ita
1467 5176 1634 5230 codex
1676 5173 2020 5238 Bodleianus;
2057 5173 2159 5228 lle-

640 5245 756 5314 gids
772 5245 830 5314 et
863 5245 1202 5314 Barberinus,
1227 5247 1624 5314 ἀποστήσαντα.

627 5308 672 5381 ,ξ
706 5311 812 5381 (99)
860 5313 1210 5380 Ἐρίσταμεν
1233 5308 1460 5381 minoia
1484 5308 1570 5377 εἷς
1605 5309 1737 5375 τῶν,
1763 5319 1869 5365 etc.
1893 5309 2009 5364 Jam
2039 5315 2160 5381 ante

642 5375 937 5445 Orige'nem'
967 5391 1020 5448 et
1071 5375 1354 5434 vetustiora
1419 5375 1644 5448 Origene
1693 5391 1929 5448 tempora
1981 5375 2158 5448 multis

645 5458 948 5514 persuasum
997 5447 1158 5502 fuisse
1209 5448 1390 5501 scribit
1443 5445 1666 5517 Cyrillus
1732 5461 1837 5500 non
1892 5445 2158 5500 h0minem

2274 4330 2434 4424 ὑμδις,
2468 4329 2577 4424 ἐγὼ
2615 4331 2826 4424 Ἰακὼϐ,
2861 4339 2970 4391 καὶ
3022 4343 3292 4420 Ἰσραὴλ,
3344 4329 3569 4424 ἀγγέλο

2271 4421 2398 4488 ἐγὼ,
2426 4421 2760 4518 καὶΑπνεῦμα
2784 4424 3054 4518 ἀρχικὸν,
3098 4438 3206 4490 καὶ
3252 4421 3557 4518 Ἀϐραάμ,

2270 4506 2693 4580 προεκτίσθησαν
2739 4509 2844 4578 πρὸ
2876 4519 3105 4584 παντὸς
3136 4506 3381 4598 ἔργου.-
3407 4506 3568 4607 Ἑῷὼ

2268 4897 3130 4998 {Elisﬁiﬁiﬂi‘fﬂﬁa9555139":
3179 4922 3289 4976 εθά
3325 4931 3570 4998 ansam:

2269 4967 2823 5054 EttPsofiﬁeflisJB‘Eﬁ
2849 4967 3358 5054 ίοοηεεπιζαιῖἑὶἱπῆ
3371 4967 3567 5054 ’ἓὴἓῖρῖ

2514 5033 2525 5035 ε
2574 5035 2583 5044 ,
3109 5033 3355 5047 --η-η,
3402 5033 3570 5054 ,πη

2268 5045 2620 5140 ὶρῗὶῗιηῖῗὶέη
2640 5033 3338 5140 ηῗῗέῗέῗυῖῐῖλιὲἔοηὶίίῖτ·
3384 5079 3567 5140 quom

2268 5102 2591 5193 ξξξίωῗιῗηξ
2617 5103 2872 5193 .m'gelos
2902 5177 2916 5193 .
2933 5102 3566 5193 ιτδύίἶᾌῖιῖιηῖιζῗῖξ

2494 5186 2534 5206 ac
2569 5186 2630 5206 IIII
2677 5186 2842 5206 (annm
2902 5186 3138 5206 Inn.‘-2_,!

2268 5170 2282 5182 ο
2494 5187 2507 5206 1
2721 5170 2730 5171 νγ
3057 5186 3068 5196 ο
3125 5189 3138 5200 .
3194 5170 3566 5193 ——\---uull’lllllu

2264 5171 2553 5290 3:31:11?"
2555 5170 2858 5295 :tlntltlléerlsj
2865 5177 3268 5296 3ίιοιιιιιιιιιιιε
3319 5199 3570 5264 ferenda

2265 5303 3566 5470 Bigii’él‘ecjegvgvﬁamﬁisfi'é5.52282:

2265 5431 2600 5512 χρηστότητι.
2869 5431 3193 5464 ἣτ”“’“”⁵’
3243 5431 3335 5470 ’ἀς
3391 5431 3564 5490 ανυρ(
