3848 6182
364 230 456 286 {69
1465 229 1808 285 COMMENT.
1844 230 1909 284 IN
1944 231 2130 288 JOAN.
2168 234 2398 293 'I'OMUS
2433 237 2493 291 Il.
3457 249 3562 305 I70

365 349 394 395 ὁ
435 346 626 414 κληθεὶς
653 330 714 403 (θλ
899 331 1259 428 ᾇνθρώπων
1304 350 1510 414 Ἰακὼϐ,
1562 353 1620 403 τὸ
1668 352 1723 404 δὲ
1771 352 1874 421 ὄνοι

2005 397 2010 413 λ
2041 356 2201 408 creati
2233 357 2460 410 fuerunt.
2497 357 2605 428 Ego
2628 367 2800 412 autem
2827 360 2990 416 Jacob
3009 401 3023 425 ,
3056 371 3272 419 voratus
3297 367 3363 420 ab
3390 367 3567 422 homi-

371 448 468 498 μου
504 412 713 501 Ἰσραὴλ,
736 412 1040 491 δκληθεὶς
1076 433 1192 488 ὑπὸ
1214 437 1346 488 Θεοῦ
1385 412 1610 507 Ἰσραὴλ,
1641 440 1777 510 ἀνὴρ
1799 412 1874 509 όρι

2042 443 2194 496 uibus
2217 444 2397 509 Jacob,
2437 459 2626 499 nomen
2658 462 2786 502 vero
2835 463 3005 503 meum
3051 450 3234 518 Israel,
3269 455 3359 522 qui
3404 471 3567 510 vocor

369 518 519 581 Θεδν,
551 522 626 573 ὅτι
655 513 748 583 ἐγὼ
791 517 1180 614 ἰἷρωτόγονος
1209 527 1402 588 παντὸς
1452 527 1586 590 ζὼου
1637 529 1874 598 ζωουμέν

2037 531 2195 586 Israel
2222 550 2249 586 a
2285 535 2410 596 Deo,
2440 537 2519 588 vir
2573 536 2757 590 videns
2809 539 2992 603 Deum,
3035 541 3286 607 quoniam
3329 559 3427 612 ego
3455 545 3567 614 pri-

375 606 476 657 ὑπὺ
521 607 705 659 Θεοῦ.»
747 598 853 691 Κῷ.
889 603 1204 680 ἐπιφέρει·
1247 633 1265 665 ι
1289 616 1422 681 Ἐγὼ
1469 616 1524 668 δὲ
1565 619 1652 670 ὅτε
1693 621 1874 689 ἠρχόμη

2037 623 2338 690 mogenitus
2385 626 2559 679 omnis
2603 629 2887 681 animantis
2930 643 2958 681 a
3003 631 3108 684 Deo
3151 633 3390 687 animali.
3453 637 3564 691 »Ει

371 696 479 746 ἀπὸ
511 689 911 760 Μεσοποταμίας
932 697 1042 766 τῆς
1074 702 1293 771 Συρίας,
1328 705 1541 773 ἐξῆλθεν
1567 708 1764 778 Οὑριὴλ
1789 711 1816 760 ὁ
1840 711 1873 762 ἄ

2035 710 2299 781 subjungit
2334 730 2346 765 :
2381 732 2399 763 ι
2431 714 2561 768 Cum
2609 731 2732 770 vero
2757 733 2856 786 ego
2898 721 3163 772 venissem
3196 737 3224 774 a
3263 723 3562 793 Mesopota-

371 783 526 847 γελος
552 783 642 834 τοῦ
671 779 816 845 Θεοῦ,
842 783 942 834 καὶ
978 783 1160 851 εἶπεν,
1195 793 1541 864 ὃτι·Κατέ6ην
1575 797 1663 847 ἐπὶ
1691 798 1786 866 τὴν
1810 799 1874 865 γῆ

2034 799 2136 850 mia
2161 779 2348 868 Syriae,
2384 803 2547 855 exivit
2576 803 2720 858 Uriel
2745 807 2967 873 angelus
3003 809 3091 860 Dei
3112 847 3126 869 .
3155 821 3208 863 et
3235 812 3362 865 dicit
3393 830 3449 868 se
3471 817 3560 870 de-

368 873 464 924 καὶ
495 875 870 941 κατεσκήνωσα
905 876 964 926 ὲν
1014 877 1322 949 ἀνθρώποις
1341 900 1352 912 ·
1405 885 1494 935 καὶ
1525 885 1602 936 ὃτι
1630 884 1824 955 ἐκλήθη

2034 889 2301 942 scendisse
2334 891 2398 943 ad
2432 901 2652 955 terram,
2675 903 2727 945 et
2763 894 3028 950 habitasse
3051 897 3188 950 inter
3211 899 3468 964 homines,
3506 915 3562 958 et

367 965 598 1033 ὀνόματι
633 963 840 1028 Ἰακὼϐ,
881 965 1148 1036 ἐζήλωσε,
1207 974 1298 1025 καὶ
1348 977 1644 1044 ὲμαχέσατό
1689 997 1794 1048 μοι,
1843 998 1874 1032 κ

2031 979 2172 1043 quod
2199 989 2413 1032 vocatus
2461 979 2648 1034 fuisset
2694 984 2908 1037 nomine
2949 983 3144 1050 Iacob,
3177 990 3563 1059 armulatusquo

364 1053 601 1104 ὲπάλαιε
633 1054 763 1124 πρὸς
799 1054 884 1122 μὲ,
911 1055 1091 1124 λέγων
1118 1063 1468 1131 προτερήσειν
1499 1066 1677 1118 ὲπάνω
1699 1067 1790 1119 τοῦ
1817 1069 1874 1119 όν

2030 1073 2131 1124 est,
2161 1072 2212 1118 et
2256 1067 2514 1131 pugnavit
2555 1084 2780 1132 mecum,
2833 1080 2884 1124 et
2922 1072 3157 1127 luctatus
3182 1087 3283 1140 est,
3316 1081 3443 1133 mihi
3479 1081 3560 1134 di~

365 1155 541 1207 ματος
573 1160 677 1208 μου
709 1141 767 1192 τὸ
799 1141 970 1211 ὄνομα
1013 1146 1198 1210 αὑτοῦ,
1233 1149 1324 1202 καὶ⁵
1355 1151 1446 1202 τοῦ
1481 1153 1584 1222 πρὸ
1608 1154 1801 1218 παντὸς
1831 1158 1874 1208 ἀί

2029 1166 2186 1214 cens,
2227 1169 2378 1208 suum
2428 1172 2621 1211 nomen
2668 1159 2867 1224 primas
2911 1162 3111 1216 habere
3155 1181 3314 1234 supra
3366 1187 3556 1226 nomen

356 1226 551 1292 γέλου.
588 1231 698 1282 Καὶ
725 1225 851 1283 εἶπα
881 1233 1028 1302 αὐτῷ
1051 1236 1111 1287 τὸ
1141 1237 1310 1306 ὄνομα
1335 1239 1516 1302 αὐτοῦ,
1551 1243 1643 1296 καὶ
1673 1244 1870 1312 πόσος(

2029 1253 2223 1302 meum,
2268 1250 2319 1294 et
2358 1253 2480 1296 ante
2522 1259 2735 1298 otnncm
2784 1249 3051 1317 angelum.
3122 1251 3558 1326 Interrogavique

354 1315 513 1365 ἐστὶν
546 1318 607 1366 ἐν
654 1319 788 1379 υἱοῖς
818 1319 976 1373 Θεοῦ.
1029 1323 1162 1392 Οὐχὶ
1212 1326 1274 1377 σὺ
1319 1327 1517 1398 Οὐριὴλ
1557 1329 1737 1395 ὄγδοος
1775 1331 1926 1399 ἐμοῦ,

351 1403 520 1469 κάγὼ
588 1407 803 1476 Ἰσραὴλ
865 1411 1200 1480 ἀρχάγγελος
1256 1415 1532 1484 δυνάμεως
1576 1419 1774 1487 Κυρίου
1831 1421 1923 1490 (5),

2026 1342 2144 1380 eum
2176 1330 2240 1383 de
2273 1333 2483 1386 nomine
2513 1346 2702 1396 suo,et
2733 1348 2925 1404 quotus
2953 1350 3094 1394 esset
3117 1342 3255 1397 inter
3288 1345 3419 1400 filios
3441 1350 3552 1405 Dei.

2025 1417 2206 1472 Nonne
2238 1430 2290 1472 tu
2335 1435 2393 1474 es
2425 1421 2565 1476 Uriel
2609 1434 2833 1481 octavus
2859 1443 2887 1480 a
2922 1443 3022 1491 me,
3071 1441 3124 1483 et
3145 1447 3244 1501 ego
3272 1434 3434 1491 Israel
3467 1455 3550 1490 ar-

349 1492 452 1544 καὶ
489 1493 903 1566 ἀρχιχιλίαρχός
935 1501 1047 1568 ειμι
1083 1503 1141 1553 ὲν
1181 1504 1313 1566 υἱοῖς
1343 1505 1508 1571 Θεοῦ;
1535 1508 1664 1576 Οὐχὶ
1689 1509 1795 1576 ἐγὼ
1832 1511 1874 1561 Ἰ‹

2025 1503 2309 1572 changelus
2354 1509 2604 1573 potentia:
2644 1510 2874 1576 Domini,
2922 1524 2976 1567 et
3019 1492 3268 1586 princeps
3310 1524 3556 1581 tribunus

348 1583 498 1651 ραὴλ
529 1586 559 1635 ό
606 1587 666 1636 ἐν
713 1588 984 1658 προσώπῳ
1035 1590 1168 1644 Θεοῦ
1220 1594 1524 1666 λειτουργὸς
1572 1599 1799 1667 πρῶτος,
1834 1619 1874 1653 κέ

2027 1593 2245 1644 ιιιίΙίιιιιη
2286 1595 2424 1648 inter
2457 1597 2592 1649 filios
2629 1598 2756 1650 Dei?
2795 1599 2982 1657 Nonne
3021 1583 3125 1673 ego
3174 1583 3335 1664 Israel
3361 1612 3556 1680 inper-

345 1671 784 1743 ἐπεκαλεσάμην
818 1677 874 1726 ὲν
902 1655 1124 1746 ὀνόματι
1153 1655 1518 1751 ἀσϐέστῳ,
1557 1655 1684 1737 Θεόν
1736 1655 1868 1755 (tot);

2961 1655 2976 1657 ,
3037 1655 3118 1673 κο-
3174 1655 3520 1680 -----ν....,,ν.

2023 1693 2154 1731 sona
2221 1679 2313 1732 Dei
2377 1681 2619 1735 minister
2659 1685 2882 1751 primus,
2933 1701 2987 1742 et
3051 1693 3292 1750 invocavi
3339 1703 3555 1756 nomine

343 1759 513 1822 Εἰκὸς
536 1762 652 1832 γὰρ
679 1763 880 1816 τούτων
908 1765 1119 1836 ἀληθῶς
1140 1769 1242 1820 ὑπὸ
1261 1770 1353 1822 τοῦ
1389 1772 1578 1824 Ἰακὼό
1601 1773 1874 1844 λεγομένω

2025 1767 2440 1837 iuexstinguibili
2486 1773 2649 1826 Deum
2677 1779 2888 1832 meum?
2927 1798 2946 1831 ι
2979 1781 3259 1840 Probabile
3300 1789 3444 1841 enim
3473 1803 3556 1846 est

342 1851 442 1901 καὶ
473 1851 569 1902 διὰ
599 1852 758 1905 τοῦτο
789 1855 1303 1926 ἀναγεγραμμένων,
1351 1862 1442 1912 καὶ
1465 1863 1524 1914 τό
1543 1879 1556 1892 ’
1592 1882 1609 1913 ι
1634 1864 1717 1916 Ἐν
1749 1867 1874 1917 κοιλέ

2025 1854 2106 1907 his
2145 1870 2173 1906 a
2207 1853 2369 1910 Jacob
2411 1873 2531 1914 vere
2573 1863 2753 1928 dictis,
2784 1875 2839 1919 et
2879 1867 2949 1920 ob
2997 1869 3098 1925 hoc
3127 1873 3360 1941 scriptis,
3391 1878 3553 1930 etiam

342 1941 645 2009 ὲπτὲρνισε
677 1942 769 1994 τὸν
813 1943 1037 2012 ἀδελφὸν
1067 1947 1250 2009 αὑτοῦ,
1279 1966 1297 1997 ι
1345 1951 1574 2013 συνετῶς
1622 1955 1871 2019 γεγονέναι

2025 1941 2148 1994 illud
2180 1959 2193 1993 ε
2228 1962 2247 1993 ‹
2280 1945 2333 1997 ιιι
2380 1955 2532 2002 utero
2572 1952 2933 2019 supplantavit
2981 1955 3200 2013 fratrem
3241 1977 3392 2016 suum
3417 1965 3483 2030 “,
3525 1984 3547 2018 ι

354 2030 694 2101 Ἐπίστησον
743 2032 800 2084 δὲ
827 2035 875 2085 εἰ
904 2034 965 2086 τὸ
989 2035 1267 2105 διαϐόητον
1311 2041 1435 2108 περὶ
1480 2041 1665 2093 Ἰακὼϐ
1698 2045 1789 2095 καὶ
1827 2047 1874 2096 Ἢ

2023 2031 2310 2096 prudenter
2334 2034 2530 2088 factum
2565 2037 2744 2094 fuisse.
2772 2039 2979 2110 Inspice
3007 2061 3131 2099 vero
3162 2065 3284 2102 num
3315 2051 3553 2112 celeber-

343 2119 446 2171 σαῦ
477 2119 709 2190 ζήτημα
737 2121 888 2174 λύσιν
923 2123 1051 2191 ἔχει’
1093 2127 1212 2178 ἐπεὶ
1249 2145 1267 2177 ι
1290 2128 1508 2197 μηδέπω
1537 2132 1874 2199 γεννηθέντωε

2021 2119 2152 2170 rima
2178 2122 2398 2187 quaeSIio
2422 2125 2486 2177 de
2518 2124 2683 2182 Jacob
2711 2141 2765 2184 et
2799 2130 2938 2185 Esau
2991 2135 3304 2192 solutionem
3336 2140 3549 2209 habeat,

345 2209 483 2277 μηδὲ
510 2211 840 2280 πραξάντων
883 2229 935 2264 τι
963 2214 1161 2281 ἀγαθὸν
1189 2216 1220 2286 ἢ
1251 2217 1468 2284 φαῦλον,
1498 2220 1582 2272 ἵνα
1625 2222 1656 2289 ἡ
1692 2223 1806 2273 κατ’
1829 2225 1874 2275 ὲ)

2021 2211 2440 2279 quandoquidem
2484 2234 2504 2265 ‹
2534 2221 2764 2271 nondum
2806 2224 2944 2280 natis
2972 2227 3167 2290 pueris,
3201 2243 3322 2280 cum
3377 2247 3550 2300 neque

270 2358 273 2360 υ
341 2298 511 2368 λογὴν
544 2301 809 2370 πρόθεσις
840 2302 934 2354 τοῦ
966 2304 1095 2356 Θεοῦ
1154 2307 1307 2377 μένῃ,
1351 2309 1448 2360 οὐκ
1477 2309 1534 2372 ἐξ
1579 2311 1768 2380 ἔργων,
1800 2313 1874 2364 ἀλ]

2018 2294 2140 2348 boni
2183 2299 2448 2366 quidpiam
2481 2300 2731 2357 fecissent
2779 2321 2948 2375 neque
2973 2311 3121 2374 mali,
3173 2294 3544 2373 ntsecundum

344 2391 408 2440 ἐκ
432 2389 529 2440 τοῦ
582 2389 878 2452 καλοῦντος
911 2392 1132 2463 ἐρρήθη,
1180 2395 1354 2454 ὄτιιὈ
1407 2397 1602 2465 μείζων
1645 2400 1874 2453 δουλεύσε

2018 2385 2331 2441 electionem
2357 2391 2686 2457 propositum
2719 2395 2808 2447 Dei
2835 2408 3094 2462 maneret,
3125 2417 3228 2454 non
3276 2418 3342 2457 ex
3372 2412 3547 2474 operi-

342 2478 419 2547 τῷ
443 2479 722 2541 ἐλάσσονι,
773 2480 1021 2550 καθάπερ
1048 2483 1348 2554 γέγραπται
1369 2501 1382 2515 ο
1425 2487 1526 2538 Τὸν
1569 2487 1755 2539 Ἰακὼϐ
1781 2491 1874 2557 ὴγό

2017 2472 2136 2536 bus,
2162 2474 2256 2526 sed
2277 2489 2342 2528 ex
2378 2488 2599 2530 vocante
2633 2481 2834 2535 dictum
2876 2493 2958 2537 est
3005 2487 3080 2540 illi
3111 2505 3125 2542 :
3152 2487 3316 2557 Major
3351 2472 3550 2551 serviet

343 2584 518 2635 πησα,
550 2567 644 2619 τὸν
674 2567 732 2619 δὲ
794 2569 960 2622 Ἡσαῦ
1003 2571 1254 2640 ἐμίσησα.
1293 2569 1470 2626 Τὶοῦν
1519 2576 1778 2644 ὲροῦμεν;
1821 2579 1874 2630 Μ

2018 2561 2228 2625 minori,
2251 2565 2388 2617 sicut
2419 2566 2672 2633 scriptum
2712 2580 2793 2624 est
2818 2588 2830 2623 :
2855 2571 3023 2628 Jacob
3052 2576 3232 2643 dilexi,
3259 2583 3398 2636 Esau
3419 2600 3548 2642 vero

347 2656 530 2708 ἀδικία
564 2655 718 2726 παρὰ
741 2656 818 2726 τῷ
843 2657 992 2727 Θεῷ;
1026 2659 1116 2729 Μὴ
1147 2660 1348 2726 γένοιτο
1367 2663 1378 2714 l
1400 2682 1418 2712 ι
1442 2665 1619 2732 Μήπω
1647 2664 1702 2714 δὲ
1733 2682 1874 2732 γενντ

2016 2649 2136 2702 odio
2165 2650 2345 2705 habui.
2393 2653 2528 2719 Quid
2580 2657 2745 2724 igitur
2789 2659 3064 2716 dicemus?
3120 2664 3254 2720 Num
3289 2670 3545 2739 injustitia

349 2745 568 2809 θέντων,
611 2746 749 2816 μηδὲ
799 2746 1114 2816 πραξάντων
1147 2766 1196 2800 τι
1228 2749 1425 2816 ἀγαθον
1471 2752 1502 2821 ἦ
1537 2752 1752 2818 φαῦλον,
1783 2755 1846 2806 ἵν’

2015 2748 2097 2792 est
2121 2741 2254 2806 apud
2281 2739 2484 2795 Deum?
2509 2743 2660 2799 Absit
2690 2747 2770 2799 “l
2829 2767 2848 2798 ι
2879 2747 2984 2820 [(9)
3001 2751 3110 2821 85
3141 2753 3196 2808 Si
3218 2767 3392 2812 autem
3420 2777 3542 2818 cum

348 2838 463 2887 κατ’
488 2836 722 2904 ἐκλογὴν
749 2835 1004 2905 πρόθεσις
1031 2836 1124 2889 τοῦ
1152 2836 1284 2890 Θεοῦ
1319 2840 1470 2909 μένῃ,
1503 2841 1600 2892 οὐκ
1631 2842 1689 2904 ἐξ
1715 2843 1874 2913 ἕργωι

2014 2831 2242 2881 nondum
2266 2831 2372 2883 nati
2405 2831 2984 2906 fuissent,autaliquid
3016 2842 3140 2895 boni
3163 2845 3416 2915 egissent,
3450 2863 3543 2908 aut

348 2925 456 2976 ἀλλ’
491 2928 555 2977 ὲκ
580 2925 676 2977 τοῦ
705 2925 841 2976 Θεοῦ
876 2925 1160 2989 καλοῦντος
1205 2925 1439 2997 ἐρρήθηο
1470 2931 1528 2980 οὐ
1556 2934 1874 3002 κατατρεχόν

2015 2919 2172 2981 mali,
2201 2930 2258 2972 ut
2287 2923 2575 2976 secundum
2605 2924 2917 2982 electionem
2950 2933 3274 3000 propositum
3310 2937 3398 2992 Dei
3429 2956 3544 2995 ma.

347 3032 452 3066 των
479 3011 573 3066 οὖν
595 3014 758 3084 ἡμῶν
812 3012 886 3084 (6)
933 3015 1022 3066 ἐπὶ
1048 3016 1115 3068 τὰ
1148 3016 1252 3085 πρὸ
1275 3015 1365 3069 τοῦ
1395 3017 1506 3086 βίου
1536 3019 1720 3073 τούτου
1746 3022 1874 3089 ἔργα

2009 3019 2178 3072 ueret,
2204 3025 2306 3064 non
2346 3025 2412 3064 ex
2441 3013 2708 3080 operibus,
2744 3017 2834 3070 sed
2860 3033 2923 3070 ex
2949 3031 3172 3076 vocante
3199 3023 3308 3079 Deo
3337 3027 3534 3081 dictum

350 3103 461 3165 πῶς
490 3103 693 3171 ἀληθὲς
724 3103 786 3154 τὸ
816 3103 890 3173 μὴ
916 3101 1051 3156 εἷναι
1077 3104 1255 3158 ἄδικον
1285 3107 1431 3176 παρὰ
1457 3106 1593 3176 Θεῷ,
1612 3108 1702 3160 τοῦ
1726 3110 1874 3178 μείζο

2006 3109 2085 3152 est
2103 3097 2142 3167 ;]
2179 3114 2280 3152 nou
2311 3101 2711 3156 recurrentibus
2742 3119 2870 3173 ergo
2908 3109 3062 3162 nobis
3096 3114 3163 3164 ad
3201 3127 3360 3180 opera
3394 3117 3532 3173 hanc

349 3211 432 3256 νος
474 3195 818 3257 δουλεύοντος
862 3194 938 3263 τῷ
984 3195 1222 3248 ἐλάττονι
1273 3197 1365 3248 καὶ
1411 3201 1725 3266 μισουμένου
1777 3203 1900 3272 πρὶν
2007 3190 2170 3241 vitam
2213 3190 2586 3256 praecedentia,
2627 3195 2890 3258 quomodo
2933 3211 3116 3252 verum
3145 3201 3269 3267 erit,
3318 3204 3530 3272 injusti-

351 3283 565 3354 ποιῆσαι
591 3283 661 3334 τὰ
695 3283 823 3347 ἄξια
852 3283 945 3334 τοῦ
972 3282 1236 3335 δουλεύειν
1262 3283 1354 3336 καὶ
1379 3284 1445 3336 τὰ
1469 3285 1590 3349 ἄξια
1611 3285 1703 3338 τοῦ
1739 3291 1874 3356 μισεί

2009 3279 2136 3329 tiam
2172 3293 2273 3331 non
2299 3291 2414 3332 esse
2441 3283 2579 3346 apud
2615 3279 2802 3342 Deum,
2823 3284 2866 3336 si
2896 3286 3063 3353 major
3091 3291 3286 3344 minori
3307 3294 3534 3358 serviat,

352 3370 503 3435 σθαι;
568 3371 691 3423 Ἐπὶ
725 3372 908 3424 πλεῖον
963 3373 1020 3424 δὲ
1087 3370 1456 3441 παρεξέὸημεν
1502 3375 1874 3444 παραλαϐόντες

2005 3368 2126 3421 odio
2167 3368 2407 3431 habitus,
2445 3378 2729 3436 antequam
2772 3373 2931 3442 digna
2970 3377 3052 3430 vel
3103 3381 3390 3448 servitute,
3452 3386 3534 3439 vel

347 3459 431 3512 τὸν
472 3463 596 3529 περὶ
631 3459 827 3512 Ἰακὼὸ
875 3460 1051 3526 λόγον,
1101 3461 1190 3511 καὶ
1221 3460 1616 3530 μαρτυράμενοι
1652 3465 1777 3532 ἡμῖν
1801 3465 1874 3517 οὺι

2005 3459 2125 3510 odio
2151 3456 2346 3510 faciat?
2396 3457 2497 3512 Sed
2527 3458 2684 3514 latius
2728 3463 2955 3532 digressi
3002 3481 3184 3522 sumus
3229 3485 3527 3526 sermonem

348 3550 810 3620 εὐκαταφρόνητον
864 3548 1102 3619 Γραφὴν,
1153 3550 1238 3601 ἵνα
1291 3549 1670 3620 πιστικώτερον
1708 3554 1736 3604 ό
1772 3570 1872 3624 περ

2005 3541 2164 3598 Jacob
2191 3556 2540 3611 assumentes,
2574 3557 2627 3600 et
2656 3549 2984 3606 adducentes
3018 3554 3172 3610 nobis
3203 3559 3254 3610 in
3291 3561 3528 3614 testimo-

360 3638 594 3692 Ἰωάννου
627 3639 856 3708 γένηται
882 3637 1056 3705 λόγος,
1091 3638 1504 3702 κατασκευάζων
1535 3640 1712 3703 αὑτὸν,
1755 3642 1874 3694 κατέ

2005 3632 2145 3684 nium
2171 3633 2495 3702 Scripturam
2520 3639 2658 3691 haud
2691 3639 2762 3692 ita
2803 3637 2956 3694 facile
2977 3649 3445 3712 contemnendam,
3469 3661 3528 3703 ut

346 3727 438 3794 τὴν
469 3727 560 3778 τοῦ
601 3729 825 3780 Ἡσαῖου
855 3727 1036 3796 φωνὴν
1072 3726 1168 3796 (7),
1198 3726 1420 3794 ἄγγελον
1445 3728 1570 3780 ὄντα
1596 3731 1652 3780 ἐν
1685 3731 1870 3799 σώματ

2005 3721 2362 3775 conﬁrmatior
2391 3726 2454 3777 de
2473 3723 2678 3780 Joanne
2706 3728 2879 3781 oratio
2915 3743 2974 3781 ea
3008 3742 3168 3796 esset,
3192 3749 3309 3801 quae
3332 3740 3528 3790 astruit

346 3819 613 3883 γεγονέναι
638 3819 781 3887 ὑπὲρ
812 3817 908 3868 τοῦ
936 3817 1272 3887 μαρτυρῆσαι
1295 3817 1372 3886 τῷ
1396 3819 1550 3886 φωτί.
1588 3819 1695 3871 Καὶ
1723 3819 1874 3871 ταῦτα

2005 3823 2113 3861 eum
2168 3812 2409 3877 angelum
2438 3815 2803 3880 exsistentem,
2836 3816 2987 3884 juxta
3028 3819 3175 3873 Isaiae
3203 3836 3417 3885 vocem,
3469 3827 3524 3879 in

349 3910 439 3978 μὲν
471 3911 594 3979 περὶ
635 3911 882 3962 Ἰωάννου
921 3908 1014 3960 τοῦ
1042 3909 1342 3979 ἀνθρώπου.

2005 3912 2221 3964 corpore
2249 3902 2526 3956 advenisse
2577 3905 2979 3959 testificaturum
3010 3908 3076 3961 de
3100 3908 3234 3963 luce.
3259 3909 3362 3965 Sed
3398 3913 3528 3968 hac-

1923 3991 1967 4044 ι)
1999 3993 2152 4039 tenus
2191 3987 2254 4040 de
2277 3987 2480 4042 Joanne
2508 3993 2738 4045 homine.

409 4091 496 4146 26.
537 4091 808 4160 Ἥγοῦμαι
837 4091 915 4153 δὲ,
941 4091 1040 4151 ὅτι,
1075 4089 1256 4159 ὥσπερ
1283 4091 1340 4141 ὲν
1361 4091 1489 4158 ἡμῖν
1515 4090 1660 4159 φωνὴ
1691 4093 1782 4142 καὶ
1808 4091 1874 4142 λό-

2064 4075 2152 4129 26.
2189 4076 2434 4130 Arbitror
2481 4094 2606 4134 vero
2654 4095 2788 4148 ego,
2843 4085 3282 4150 quemadmodum
3327 4103 3427 4142 vox
3468 4102 3524 4146 et

343 4196 431 4248 γος
457 4182 790 4250 διαφέρουσι,
822 4179 1120 4248 δυναμένης
1159 4178 1398 4246 μέντοιγε
1431 4195 1556 4230 ποτε
1585 4180 1764 4248 φωνῆς
1793 4181 1874 4250 τῆς

2005 4178 2168 4218 sermo
2197 4167 2332 4235 apud
2382 4183 2479 4222 nos
2516 4168 2788 4234 differunt,
2823 4187 2939 4224 cum
2980 4173 3243 4228 interdum
3287 4177 3519 4244 proferri

344 4270 503 4338 μηδὲν
554 4269 927 4338 σημαινούσης
979 4267 1053 4335 (8)
1104 4266 1462 4336 προφέρεσθαι
1507 4268 1672 4337 χωρὶς
1711 4267 1874 4335 λόγου.

2005 4255 2160 4318 possit
2187 4269 2283 4307 vox
2310 4256 2442 4309 nihil
2470 4257 2775 4324 signiﬁcans
2796 4262 2995 4328 absque
3021 4277 3289 4327 sermone,
3315 4266 3520 4320 itidem-

338 4361 444 4412 οἴου
476 4378 535 4412 τε
564 4360 620 4412 δὲ
656 4360 808 4420 ὄντος
839 4359 932 4410 καὶ
959 4357 1114 4423 λόγου
1145 4356 1306 4425 χωρὶς
1335 4355 1413 4423 τῷ
1455 4356 1529 4424 νῷ
1561 4357 1874 4424 ἀπαγγέλλει

2005 4357 2092 4406 ιιιο
2138 4357 2313 4402 sermo
2365 4345 2565 4413 absque
2601 4361 2730 4400 voce
2777 4351 3073 4403 renuntiari
3132 4353 3299 4420 possit
3352 4359 3518 4410 tuenti

339 4448 457 4500 σθαι
483 4450 686 4516 φωνῆς,
713 4447 807 4513 (ὼς
826 4446 960 4498 ἐπὰν
980 4445 1039 4496 ὲν
1071 4447 1281 4506 ἑαυτοῖς
1305 4444 1720 4514 διεξοδεύωμεν,)
1749 4446 1874 4499 οὗτοι

2005 4432 2170 4499 veluti
2199 4449 2318 4486 cum
2347 4435 2479 4487 intra
2511 4451 2606 4490 nos
2633 4437 2775 4506 ipsos
2808 4441 3200 4512 discurrimus),
3247 4444 3316 4496 ita
3355 4441 3520 4499 Joan-

335 4537 423 4589 τοῦ
453 4539 724 4608 Σωτῆρος,
759 4537 898 4590 κατά
945 4552 1063 4588 τινα
1091 4534 1344 4598 ἐπίνοιαν,
1381 4534 1528 4596 ὄντος
1556 4535 1730 4601 λόγου,
1773 4537 1874 4588 δια-

2005 4535 2105 4573 ιοιιι
2137 4524 2318 4589 etiam,
2351 4525 2507 4579 veluti
2538 4541 2723 4582 vocem
2755 4530 3103 4586 exsisteutem
3133 4533 3198 4586 ad
3232 4548 3512 4602 compara-

401 4674 443 4704 ³⁸
469 4673 600 4728 Ose.
629 4689 728 4734 xu,
758 4674 812 4726 3.
887 4673 931 4703 ”
965 4672 1122 4724 Rom.
1162 4686 1238 4735 ix,
1262 4672 1317 4722 Il
1347 4678 1399 4722 et
1426 4685 1537 4724 sea.

399 4782 475 4848 (2)
529 4784 585 4834 Ὁ
625 4783 890 4852 κληθείς.
916 4781 1023 4852 ,εἰς
1056 4781 1234 4852 codex
1278 4779 1631 4846 Bodleianus;
1679 4781 1874 4852 Regius

330 4861 382 4904 et
413 4853 758 4919 Barherinus.
785 4851 862 4919 οὐκ
880 4850 1114 4919 κληθείς.

399 4918 476 4989 (5)
531 4918 924 4989 Ἐκλήθηηιιει
968 4916 1137 4970 'codex
1186 4916 1528 4982 Bodleianus;
1577 4916 1773 4986 Regius
1818 4926 1872 4972 et

329 4985 966 5064 Balrlierinusﬁxitﬁbqv.
1032 5053 1041 5064 _
1177 5051 1214 5064 ﬂ
1270 5051 1301 5064 η
1341 5052 1352 5064 ,
1577 5051 1613 5064 η
1666 4985 1702 5064 ί.

396 5055 471 5122 (4)
524 5054 746 5118 Πόσος.
808 5051 912 5122 Sie'
945 5053 1114 5106 codex
1177 5051 1528 5115 Bodleianus;
1577 5051 1772 5122 Regius
1820 5063 1873 5106 et

327 5119 976 5200 Βει-ξξοιίὶιιυεηπρᾶιτοςλ
1078 5187 1088 5199 ⁸
1276 5190 1321 5200 η
1404 5187 1414 5200 ⁸
1535 5186 1570 5200 __
1803 5189 1814 5200 .

396 5190 470 5257 (5)
523 5186 911 5257 Ἀρχάπηλελος
941 5187 1240 5257 δυνάμεως
1268 5186 1606 5257 Κυρίουοιιιι
1631 5187 1872 5257 Bodleia-

329 5254 427 5310 nus
453 5254 511 5310 et
552 5254 914 5321 Barberinus;
950 5257 1116 5308 editio
1166 5254 1458 5318 IIuetiana,
1506 5255 1866 5322 ἀρχάγγελος,
1942 5298 1956 5314 .

327 5323 618 5398 δυνάμενος
646 5325 876 5394 Κυρίου.
961 5393 970 5398 _
1205 5384 1232 5398 ,
1323 5391 1334 5398 _
1397 5387 1421 5398 _

392 5384 468 5460 (δῇ
511 5384 1125 5465 καὲατρεχόντιυν
1164 5384 1274 5465 οὖν
1303 5387 1486 5465 ἡμῶν,
1527 5401 1628 5465 etc:
1674 5391 1868 5443 Eadem

332 5456 503 5528 docet,
529 5459 792 5528 Origenes
827 5456 920 5528 lib.
946 5473 1004 5528 ιιι
1044 5456 1182 5528 Περὶ
1213 5456 1426 5528 ὰρ-χῶζ,
1448 5470 1576 5528 _cap.
1608 5459 1658 5520 1,
1689 5466 1742 5510 et
1771 5472 1865 5508 ca-

331 5528 432 5594 pite
461 5523 698 5594 ejusde'm
728 5527 850 5580 libri
883 5526 1065 5578 tertio.
1099 5523 1250 5574 llunc
1280 5525 1330 5574 in
1371 5523 1598 5590 Origene
1627 5538 1862 5578 errorem

641 5619 808 5678 Pun
829 5631 916 5674 ιι..
954 5615 1070 5674 Gn.
1106 5614 1268 5673 XIV.

3189 5615 3228 5672 6

1975 4786 2186 4840 damnat
2231 4788 2552 4861 Epiphanius
2584 4794 2774 4846 haeres.
2803 4807 2946 4855 utv,
2978 4807 3093 4861 cap.
3125 4795 3178 4858 9,
3203 4803 3255 4846 et
3285 4797 3375 4850 alii
3400 4811 3415 4850 :
3444 4799 3510 4852 de

1976 4866 2144 4925 eoque
2172 4859 2345 4924 agitur
2369 4861 2418 4910 in
2457 4859 2808 4925 Oriqcuianis.

2045 4918 2118 4990 (7)
2146 4918 2302 4994 ιίάτά
2330 4925 2440 4992 τὴν
2456 4918 2818 4983 τοῦᾚσαΐυυ
2841 4926 3060 4994 φωνήν.
3088 4927 3242 4980 Juxta
3275 4929 3434 4983 Marci
3470 4948 3508 4990 ι.

1974 4987 2027 5066 ξ,
2054 4987 2218 5066 quasi
2258 4987 2404 5066 locus
2437 4995 2684 5066 jste_qni
2733 4987 3122 5066 Malacliiaé_est
3158 5011 3171 5046 :
3213 4995 3347 5066 Ἰδοὺ
3396 4987 3507 5066 ἐγὼ

1974 5058 2280 5129 ᾁποστέλλω
2310 5060 2398 5112 τὸν
2429 5062 2649 5128 ἄγγελόν
2685 5079 2803 5129 μου,
2831 5059 2895 5111 ad
2923 5059 3169 5129 Isaiaura
3208 5062 3389 5118 Marco
3424 5058 3510 5119 re-
3539 5077 3564 5086 “

1976 5128 2359 5206 feriaturmuou
2413 5126 2640 5195 sequens
2680 5126 2793 5193 ille,
2845 5127 2992 5195 φωνὴ
3049 5126 3278 5194 βοῶντος
3328 5134 3386 5186 ὲν
3438 5137 3506 5206 τῇ

1976 5194 2180 5261 ἐρήμῳ.
2217 5193 2468 5246 Ιίυετιυε.
2490 5193 2505 5195 ”
2811 5260 2817 5261 ί
2924 5258 2953 5261 _
2982 5193 2989 5195 ⁷
3475 5193 3505 5206 ”
3562 5234 3564 5236 τ

2045 5258 2581 5336 (βγξημαινούσης.
2614 5261 2712 5336 Sic
2727 5260 2891 5313 codex
2924 5258 3275 5330 Bodleianus;
3313 5267 3506 5336 Regius

1972 5336 2024 5378 et
2060 5329 2839 5397 Βειῲειιιιιιε,συμϐαινούσης.

2043 5397 2116 5462 (9)
2149 5393 2274 5471 Ilaec
2313 5409 2370 5471 a__
2397 5393 2641 5471 Ferret-rio.
2677 5393 3026 5464 praetermissa
3077 5410 3139 5448 ex
3178 5397 3503 5471 interpreta‘

1977 5461 2120 5515 tione
2145 5462 2372 5516 I’erionii
2410 5461 2787 5532 suppleviuius.
