3848 6190
521 195 616 248 171

1951 189 2266 247 ORIGENIS
3539 181 3590 238 l'l

517 315 713 367 tionem
734 309 957 375 Christi,
987 309 1076 378 qui
1115 320 1287 362 sermo
1319 315 1421 372 est,
1446 305 1664 363 differre
1684 322 1712 361 a
1737 306 2038 373 Scrvatore,

2154 313 2303 381 φέρει
2327 309 2419 362 καὶ
2447 308 2628 360 τούτου
2655 309 2682 360 6
2728 307 2990 375 Ἰωάννης,
3025 305 3098 368 ὠς
3129 305 3251 375 πρὸς
3275 303 3352 373 τὴν
3373 297 3590 367 ἀναλογίι

514 408 604 474 qui
636 407 788 473 juxta
822 400 1104 471 quamdam
1132 396 1612 452 considerationem
1644 413 1818 454 sermo
1851 410 1951 455 est.
1975 402 2048 454 Ad

514 496 616 549 hoc
649 502 824 547 autem
863 504 947 544 me
974 489 1166 542 invitat
1205 490 1316 555 ipse
1348 486 1602 552 Joannes,
1648 489 1896 556 quisnam
1936 500 2051 542 tan-

513 583 632 633 dem
660 587 802 634 esset
838 579 904 632 ad
934 577 1325 646 interrogantes
1358 578 1686 646 respondens
1719 595 1732 631 :
1767 595 1785 629 ι
1817 579 1923 650 Ego
1946 594 2048 633 vox

507 663 793 717 'clamantis
825 663 876 716 in
911 663 1163 716 deserto:
1207 661 1398 718 Parate
1425 665 1565 718 viam
1605 663 1836 728 Domini,
1876 676 2048 721 rectas

515 755 673 808 facile
723 753 941 808 semitas
985 751 1098 818 ejus
1138 752 1202 804 ".
1243 770 1261 803 ι
1301 752 1364 806 Et
1407 753 1636 809 fortasse
1681 766 1898 824 propter
1950 757 2048 810 hoc

512 846 813 904 incredulus
842 844 1125 899 Zacharias
1152 845 1205 896 in
1235 854 1353 897 ortu
1390 845 1533 898 vocis
1571 859 1690 913 quae
1721 848 2050 899 demonstrat

513 952 812 995 sermonem
866 934 977 997 Dei,
1020 933 1216 987 amittit
1263 946 1472 996 vocem,
1525 949 1742 988 sumens
1783 949 1923 999 eam,
1962 949 2048 986 na-

513 1039 691 1085 scente
726 1042 876 1092 voce,
900 1043 1016 1097 qua:
1037 1037 1118 1081 est
1143 1039 1440 1096 praecursor
1462 1025 1744 1079 sermonis.
1767 1024 1880 1077 Vox
1903 1024 2043 1078 enim

511 1122 731 1175 auribus
772 1118 1100 1188 percipiatur
1137 1123 1384 1184 oportet,
1429 1123 1485 1166 ut
1531 1121 1710 1182 postea
1756 1127 1904 1168 mens
1948 1115 2045 1167 de-

507 1221 860 1267 monstratum
915 1225 945 1262 a
1004 1221 1132 1261 voce
1199 1219 1498 1260 sermonem
1560 1204 1806 1272 excipere
1851 1203 2043 1256 valeat.

509 1303 712 1357 Idcirco
739 1302 896 1356 etiam
928 1299 1084 1366 paulo
1111 1297 1380 1365 antiquior
1432 1295 1646 1348 Christo
1674 1302 1752 1348 est
1785 1293 2040 1356 Joannes,

509 1395 648 1463 quod
677 1393 742 1445 ad
775 1400 951 1444 ortum
983 1389 1215 1458 pertinet
1248 1403 1263 1436 :
1292 1402 1478 1441 vocem
1511 1386 1653 1440 enim
1686 1394 1811 1438 ante
1836 1399 2042 1439 sermo-

511 1502 630 1540 nem
659 1484 962 1552 recipimus.
1019 1481 1360 1534 Demonstrat
1387 1478 1548 1531 etiam
1575 1477 1847 1530 Christum
1882 1475 2043 1528 Joan-

512 1590 623 1638 nes,
654 1575 776 1641 quia
811 1583 942 1625 voce
972 1571 1366 1623 demonstratur
1413 1581 1623 1629 sermo;
1672 1574 1830 1632 atque
1881 1565 2040 1617 etiam

2151 404 2240 456 τοῦ
2275 399 2503 472 Χριστοῦ
2537 400 2888 468 τυγχάνοντος
2919 397 3074 463 λόγου
3112 396 3248 464 φωνὴ
3271 395 3346 447 ὦν.
3389 391 3500 444 Ἐπὶ
3526 389 3590 442 τοί

2149 509 2208 544 το
2234 492 2288 543 δέ
2322 508 2385 560 με
2415 489 2758 560 προκαλεῖται
2789 486 2948 547 αὐτὸς
2995 487 3024 537 6
3068 483 3308 551 Ἰωάννης,
3351 482 3481 541 ὅστις
3522 494 3590 528 πο

2152 582 2232 650 εἴη
2260 579 2390 651 πρὸς
2418 577 2541 638 τοὺς
2574 574 2998 644 πυνθανομένους
3030 571 3438 640 ἀποκρινόμενος·
3472 586 3488 616 ι
3511 567 3590 632 Ἐγ

2151 669 2297 738 φωνὴ
2335 667 2560 737 βοῶντος
2601 666 2751 736 sua
2807 665 3026 733 ἐρήμῳ·
3068 661 3380 729 Ἑτοιμάσατε
3417 655 3510 726 τὴν
3539 654 3590 707 ὁδ

2149 759 2371 828 Κυρίου,
2405 755 2615 817 εὐθείας
2659 757 2859 807 ποιεῖτε
2909 755 3006 816 τὰς
3055 751 3260 822 τρίϐους
3303 747 3508 801 αὐτοῦ.»
3547 747 3590 798 Κ

2146 849 2283 916 τάχα
2329 846 2416 899 διὰ
2453 846 2609 897 τοῦτο
2658 847 2960 914 ἀπιστήσας
2997 844 3026 894 6
3077 841 3323 910 Ζαχαρίας
3358 841 3417 908 τῇ
3451 835 3590 905 γενέ(

2145 940 2240 1008 τῆς
2263 935 2604 1003 δεικνυούσης
2629 935 2717 986 τὸν
2747 935 2899 1002 λόγον
2925 933 3016 986 τοῦ
3046 931 3178 984 Θεοῦ
3213 932 3382 999 φωνῆς,
3408 927 3590 980 άπόλλι

2145 1029 2238 1098 τὴν
2270 1027 2468 1095 φωνὴν,
2503 1024 2787 1093 λαμϐάνων
2829 1023 2995 1092 αὐτὴν
3024 1023 3111 1074 ὅτε
3141 1022 3362 1087 γεννᾶται
3389 1021 3416 1071 ὁ
3443 1017 3590 1088 πρόδγ

2149 1133 2245 1185 μος
2275 1115 2366 1167 τοῦ
2418 1114 2571 1181 λόγου
2606 1114 2774 1181 φωνή.
2825 1110 3207 1164 Ἐνωτίσασθαι
3234 1109 3325 1179 γὰρ
3362 1107 3435 1160 δεῖ
3465 1107 3590 1174 φωνί

2144 1209 2230 1260 ἵνα
2259 1206 2393 1276 μετὰ
2423 1205 2588 1257 ταῦτα
2616 1206 2643 1256 ὁ
2670 1202 2792 1264 νοῦς
2833 1202 2920 1254 τὸν
2953 1200 3282 1268 δεικνύμενον
3310 1198 3400 1250 ὑπὸ
3429 1199 3531 1266 τῆς
3564 1213 3590 1264 ιε

2143 1298 2236 1366 νῆς
2262 1297 2413 1363 λόγον
2444 1292 2690 1357 δέξασθαι
2722 1290 2941 1360 δυνηθῇ.
2993 1291 3191 1357 Διόπερ
3217 1288 3298 1340 καὶ
3333 1286 3486 1354 ὀλίγῳ
3541 1302 3590 1355 πί

2147 1385 2398 1455 σϐύτερος
2430 1383 2572 1435 κατὰ
2598 1382 2658 1433 τὸ
2683 1379 2930 1447 γενέσθαι
2961 1379 2988 1430 6
3030 1376 3269 1445 Ἰωάννης
3293 1375 3397 1426 ἐστὶ
3423 1373 3519 1426 τοῦ
3545 1374 3590 1424 Χ

2145 1475 2267 1528 στοῦ
2289 1493 2300 1504 ·
2337 1474 2516 1542 φωνῆς
2545 1472 2651 1540 γάρ
2678 1469 2781 1541 πρὸ
2801 1469 2956 1536 λόγου
2983 1461 3478 1535 ἀντιλαμϐανόμεθα.
3519 1462 3590 1514 Ἀ]

2144 1565 2236 1616 καὶ
2258 1564 2490 1616 δείκνυσι
2517 1561 2604 1614 τὸν
2631 1559 2859 1629 Χριστὸν
2884 1561 2912 1610 6
2939 1557 3208 1624 Ἰωάννης·
3235 1557 3367 1623 φωνῇ
3397 1553 3506 1621 γὰρ
3539 1569 3590 1604 πι

509 1635 814 1730 ὺορίἱέιιιιιι·
841 1658 1086 1714 Christus
1113 1671 1140 1709 a
1167 1655 1388 1718 Joanne,
1423 1655 1625 1708 fatente
1666 1669 1725 1708 se
1763 1668 1895 1720 opus
1944 1654 2038 1706 ha-

2147 1656 2352 1707 ίσταται
2402 1655 2430 1704 ὁ
2469 1652 2656 1718 λόγος’
2707 1648 2839 1702 ἀλλὰ
2880 1649 2974 1700 καὶ
3017 1643 3320 1714 βαπτίζεται
3354 1644 3455 1696 ὑπὸ
3495 1644 3589 1694 Ἰωη

510 1753 638 1806 bere
665 1759 725 1803 ut
757 1749 822 1802 ab
850 1747 965 1813 ipso
1003 1745 1324 1812 baptizetur,
1368 1743 1490 1810 quia
1525 1756 1699 1796 sermo
1736 1741 2044 1807 puriﬁcatur

512 1857 539 1892 a
565 1851 694 1892 voce
723 1839 867 1890 inter
911 1833 1176 1894 homines,
1209 1847 1328 1886 cum
1374 1839 1560 1884 natura
1610 1844 1791 1883 vocem
1830 1844 2041 1883 omnent

511 1924 892 1993 signiﬁcantem
952 1918 1196 1988 puriﬂcet
1275 1932 1474 1971 sermo.
1544 1916 1872 1985 Prorsusque
1921 1930 2042 1970 cum

509 2014 736 2070 Joannes
765 2011 1034 2065 Christum
1075 2009 1327 2070 ostendit,
1367 2008 1522 2060 homo
1575 2007 1738 2060 Deum
1784 2005 2040 2070 ostendit,

509 2116 563 2160 et
591 2104 928 2158 Servatorem
966 2101 1352 2167 incorporeum,
1389 2108 1442 2151 et
1484 2113 1581 2152 vox
1613 2109 1934 2151 sermonem.

492 2327 497 2340 ,
576 2277 686 2344 86
698 2277 784 2328 9.7.
798 2274 1050 2328 Utautem
1079 2271 1133 2325 in
1146 2272 1305 2326 rebus
1328 2270 1507 2323 multis
1523 2267 1793 2321 nominum
1811 2265 2032 2319 eviden-

511 2369 581 2420 tia
607 2375 686 2420 est
718 2366 876 2428 utilis,
911 2364 986 2418 sic
1014 2364 1113 2416 hoc
1133 2376 1341 2430 quoque
1371 2362 1424 2413 in
1453 2359 1567 2413 loco
1582 2357 1710 2410 utile
1728 2355 1829 2409 erit
1852 2353 2034 2407 videre

499 2457 638 2524 quid
679 2454 958 2512 Zacharias
985 2453 1176 2521 quidve
1203 2453 1431 2505 Joannes
1460 2447 1778 2517 signiﬁcent.
1819 2441 2031 2496 Etenim

511 2545 730 2613 perinde
751 2559 812 2598 ac
839 2545 882 2596 si
908 2553 1048 2596 esset
1074 2541 1260 2608 aliquis
1289 2556 1394 2593 non
1416 2538 1858 2596 contemnendus,
1889 2532 2034 2603 quod

512 2635 578 2687 ad
593 2633 820 2685 nominis
835 2633 1149 2699 positionem
1163 2631 1369 2690 attinet,
1388 2628 1593 2697 cegnati
1613 2625 1824 2694 quidem
1841 2624 2037 2675 Zacha-

511 2723 641 2775 riam
655 2721 1021 2789 appellandum
1035 2727 1253 2771 censent
1269 2719 1331 2780 “,
1349 2717 1422 2770 rei
1441 2716 1671 2769 novitate
1686 2713 1897 2775 turbati,
1913 2711 2035 2780 quia

513 2812 673 2864 vellet
689 2785 822 2861 eum
840 2809 1109 2862 Elisabeth
1136 2808 1390 2860 Joannem
1416 2804 1712 2872 appellare:
1735 2818 1854 2856 cum
1877 2816 2032 2854 vero:

520 2919 539 2950 ι
575 2899 806 2954 Joannes
826 2897 929 2950 erit
958 2897 1030 2949 illi
1064 2910 1283 2955 nomen,
1310 2914 1326 2945 ι
1354 2892 1630 2946 Zacharias
1660 2893 1980 2960 scripsisset,
2001 2905 2033 2944 a
2067 2932 2108 2988 ο

513 2990 736 3042 molesto
763 2986 972 3040 silentio
1007 2987 1278 3041 liberatur.
1301 2985 1606 3039 Invenimus
1627 2999 1752 3052 ergo
1783 2986 1835 3037 in
1865 2985 2035 3038 Inter—

506 3079 805 3146 pretatione
821 3077 1091 3129 nominum
1103 3076 1401 3137 Joannes,et
1413 3075 1710 3128 invenimus
1724 3072 2034 3140 particulam

512 3169 629 3232 Joa,
661 3181 898 3221 seorsum
927 3174 1211 3234 sumptam,
1243 3165 1357 3218 sine
1397 3181 1501 3228 nes,
1529 3164 1669 3232 quod
1697 3163 1835 3216 idem
1859 3163 2037 3217 valere

509 3265 759 3324 putamus
777 3264 936 3324 atque
947 3255 1192 3317 Joannes;
1214 3255 1461 3322 quoniam
1489 3254 1586 3307 alia
1603 3269 1811 3322 quoque
1828 3253 2034 3306 Novum

513 3348 928 3400 lnstrumentum
945 3345 1282 3398 Hebraeorum
1303 3344 1518 3398 nomina
1533 3343 1711 3398 Graece
1726 3341 2032 3404 reddiderit,

515 3436 684 3489 forma
733 3436 912 3490 Graeca
962 3435 1314 3502 pronuntians
1360 3433 1492 3502 ipSa,
1526 3433 1691 3487 veluti
1720 3447 1815 3500 pro
1849 3430 2032 3493 Jacob,

515 3527 800 3589 Jacobum;
835 3540 931 3593 pro
959 3523 1205 3592 Symeon,
1247 3521 1534 3577 Simonem.
1569 3524 1731 3577 Porro
1755 3521 2036 3576 Zacharias

515 3615 761 3668 memoria
791 3628 908 3666 esse
931 3612 1153 3665 dicitur:
1183 3612 1453 3666 Elisabeth
1474 3626 1599 3664 vero
1627 3611 1722 3663 Dei
1747 3609 2037 3676 meijusju-

515 3704 752 3765 randum,
783 3701 866 3753 vel
892 3702 984 3754 Dei
1030 3703 1128 3754 mei
1156 3702 1444 3766 septimum.
1481 3700 1558 3753 Ex
1593 3700 1842 3753 memoria
1881 3697 2038 3767 igitur

515 3794 580 3845 de
618 3793 741 3854 Deo,
772 3791 919 3858 juxta
945 3790 1315 3859 jusjurandum
1365 3789 1457 3842 Dei
1501 3789 1688 3852 nostri,
1716 3788 1857 3856 quod
1883 3787 2036 3854 jura-

513 3880 589 3931 vit
622 3879 688 3932 ad
724 3889 902 3946 patres
925 3879 989 3940 ¹⁸,
1013 3880 1220 3948 genitus
1267 3885 1349 3932 est
1391 3877 1621 3931 Joannes
1650 3877 1771 3945 (hoc
1800 3883 1881 3927 est
1912 3889 2036 3940 gra-

514 3970 586 4021 tia
601 3986 632 4021 a
658 3969 779 4036 Deo)
797 3984 1097 4037 praeparans
1119 3969 1342 4022 Domino
1357 3966 1609 4036 pepulum
1635 3965 1950 4017 instructum
1967 3963 2030 4022 ’⁸,

512 4072 632 4110 cum
676 4057 841 4111 Vetus
887 4059 1341 4119 lnstrumentum,
1401 4056 1540 4124 quod
1593 4062 1675 4107 est
1729 4051 2033 4105 sabbatismi

2144 1759 2230 1794 νου
2274 1744 2302 1793 6
2353 1740 2598 1809 Χριστὸς,
2633 1735 3012 1807 ὁμολογοῦντος
3043 1733 3154 1804 (10)
3203 1733 3373 1803 χρείαν
3399 1732 3546 1801 ἔχειν

2143 1830 2303 1883 αὑτοῦ
2334 1828 2714 1899 βαπτισθῆναι·
2767 1825 3068 1894 ἀνθρώποις
3102 1822 3212 1892 γὰρ
3245 1821 3340 1874 ὑπὸ
3370 1821 3556 1890 φωνῆς

2144 1917 2382 1987 θαίρεται
2414 1916 2587 1982 λόγος,
2620 1918 2685 1984 τῇ
2722 1912 2880 1981 φύσει
2912 1910 3004 1962 τοῦ
3036 1910 3192 1976 λόγου
3218 1908 3558 1978 καθαίροντος
3587 1935 3590 1944 ι

2145 2024 2239 2059 σαν
2284 2006 2378 2074 τὴν
2433 2004 2788 2073 σημαίνουσαν
2835 2001 3032 2068 φωνήν.
3098 1999 3208 2050 Καὶ
3239 1999 3574 2063 ἁπαξαπλῶς

2155 2097 2399 2162 Ἰωάννης
2430 2095 2518 2145 τὸν
2543 2091 2774 2162 Χριστὸν
2813 2090 3102 2149 δείκνυσιν,
3128 2087 3397 2156 ἄνθρωπος
3422 2088 3563 2140 Θεὸν

2143 2205 2314 2248 κνυσι,
2333 2189 2425 2240 καὶ
2445 2187 2668 2255 Σωτῆρα
2685 2186 2772 2237 τὸν
2794 2183 3098 2252 ἀσώματον,
3123 2182 3216 2232 καὶ
3238 2181 3380 2250 φωνὴ
3399 2181 3494 2234 τὸν
3517 2182 3590 2234 λό⁴

2211 2277 2298 2328 27.
2332 2275 2609 2343 Χρήσιμον
2653 2273 2694 2324 δ’
2730 2272 2794 2326 ἂν
2837 2268 2923 2342 ἦν,
2952 2271 3139 2341 ὥσπερ
3167 2272 3256 2322 ἐπὶ
3281 2270 3491 2324 πολλῶν
3530 2276 3565 2342 η

2142 2368 2412 2436 ὀνομάτων
2455 2365 2714 2433 ἐνέργεια,
2740 2361 2878 2416 οὕτω
2905 2365 3018 2425 καὶ,
3067 2363 3160 2413 ἐπὶ
3191 2360 3280 2414 τοῦ
3310 2363 3480 2415 τόπου
3512 2382 3590 2416 τοι

2142 2457 2199 2508 τὸ
2246 2455 2368 2507 ἰδεῖν
2400 2455 2428 2505 ὃ
2472 2471 2521 2504 τι
2557 2452 2801 2521 σημαίνει
2854 2453 2881 2502 6
2926 2450 3176 2520 Ἰωάννης
3209 2450 3299 2502 καὶ
3339 2452 3368 2502 6
3401 2454 3590 2523 Ζαχαρ

2142 2546 2249 2598 Καὶ
2279 2545 2383 2614 γὰρ
2429 2543 2502 2604 ὼς
2535 2541 2681 2603 ὄντος
2710 2539 2848 2602 τινὸς
2889 2541 2988 2592 οὐκ
3032 2539 3534 2610 εὐκαταφρονήτου,
3575 2561 3590 2595 t

2139 2633 2237 2703 τὴν
2266 2631 2353 2683 τοῦ
2400 2631 2654 2698 ὀνόματος
2686 2628 2849 2693 θέσιν,
2867 2629 2914 2678 οἱ
2965 2628 3064 2696 μὲν
3116 2632 3396 2696 συγγενεῖς
3426 2633 3590 2700 Ζαχοι

2142 2722 2298 2774 αὐτὸν
2325 2719 2596 2772 καλεῖσθαι
2653 2717 2943 2786 βούλονται,
2994 2716 3321 2787 ξενιζόμενοι
3347 2721 3438 2773 ἐπὶ
3471 2723 3562 2790 τῷ

2141 2812 2321 2864 λεσθαι
2364 2811 2458 2880 τὴν
2501 2808 2772 2861 Ἐλισάϐετ
2817 2806 3066 2874 Ἰωάννην
3115 2809 3276 2861 αὐτὸν
3317 2810 3590 2880 ὀνομάζει

2142 2903 2196 2954 δὲ
2223 2899 2487 2969 Ζαχαρίας
2519 2897 2730 2967 γράψας
2765 2896 2824 2948 τό
2842 2911 2856 2926 ’
2893 2914 2912 2946 ι
2935 2897 3187 2966 Ἰωάννης
3216 2897 3371 2952 ἔσται
3403 2900 3590 2971 ὄνομα

2142 2990 2236 3060 τῷ,
2263 3009 2280 3040 ι
2329 2986 2614 3040 ἀπολύεται
2657 2986 2753 3054 τῆς
2783 2986 3038 3039 ἐπιπόνου
3071 2991 3297 3058 σιωπῆς.
3336 2991 3590 3061 Εὖρομε.

2144 3097 2234 3133 νυν
2265 3080 2320 3130 ὲν
2349 3079 2412 3146 τῇ
2449 3075 2737 3145 Ἐρμηνείᾳ
2766 3075 2872 3128 τῶν
2887 3075 3162 3144 ὀνομάτων
3180 3076 3313 3148 (Η),
3343 3096 3362 3128 ‹
3386 3081 3590 3136 Ἰωάνν

2143 3171 2262 3233 τδ,«
2311 3169 2459 3230 Ἰωά,
2506 3187 2523 3216 ι
2569 3168 2734 3236 χωρὶς
2773 3165 2887 3230 τοῦ,
2941 3185 2958 3216 ι
3009 3186 3129 3237 νης.
3159 3187 3176 3220 ι
3226 3172 3590 3240 μταλαμὸαπ

2144 3277 2228 3311 νον
2257 3258 2386 3328 (12),
2420 3259 2553 3328 ὅπερ
2570 3257 2760 3310 ταύτὸν
2785 3257 3005 3326 οἰόμεθα
3035 3253 3170 3311 εἶναι
3191 3261 3288 3329 τῷ,
3322 3280 3340 3311 ι
3367 3263 3590 3317 Ἰωάνντ

2143 3349 2260 3400 ἐπεὶ
2304 3349 2396 3400 καὶ
2438 3347 2567 3400 ἄλλα
2598 3350 2630 3416 ἡ
2677 3347 2848 3416 Καινὴ
2882 3347 3122 3417 Διαθήκη
3168 3348 3446 3421 Ἐϐραίων
3477 3353 3589 3406 ὀνό

2143 3436 2460 3506 ὲξελλήνισε,
2491 3438 2790 3508 χαρακτῆρι
2817 3437 2954 3490 αὐτὰ
2985 3438 3211 3491 εἰποῦσα
3257 3439 3590 3514 Ἑλληνικῷ

2143 3542 2246 3595 περ
2288 3526 2376 3577 ἐπὶ
2419 3525 2628 3589 Ἰακὼϐ,
2698 3527 2968 3590 Ἰάκωϐον,
3026 3530 3118 3581 καὶ
3166 3527 3260 3580 ἐπὶ
3311 3530 3590 3598 Συμεὼν,

2147 3630 2296 3681 μωνα
2322 3614 2447 3683 (15).
2472 3615 2740 3684 Ζαχαρίας
2760 3615 2816 3667 δὲ
2845 3635 2863 3665 ι
2893 3617 3075 3685 μνήμη
3107 3634 3124 3664 ›
3147 3611 3287 3666 εἶναι
3311 3614 3562 3682 λέγεται

2155 3703 2424 3756 Ἐλισάϐετ
2475 3723 2493 3753 ι
2522 3705 2653 3757 Θεοῦ
2692 3712 2790 3774 μου
2837 3708 3013 3775 ὅρκος,
3039 3724 3056 3756 ι
3095 3706 3126 3773 ἢ
3183 3723 3200 3754 ι
3225 3703 3369 3755 Θεοῦ
3429 3706 3551 3774 μου

2145 3809 2258 3860 μον.
2290 3811 2307 3842 ›
2358 3792 2484 3844 Ἀπὸ
2513 3793 2643 3846 Θεοῦ
2677 3796 2733 3846 δὲ
2761 3795 2916 3864 χάρις
2946 3798 3008 3847 ὲκ
3039 3795 3136 3860 τῆς
3161 3793 3292 3860 περὶ
3316 3795 3467 3846 Θεοῦ
3505 3815 3590 3866 μν

2142 3881 2278 3932 κατὰ
2305 3880 2394 3932 τὸν
2424 3881 2516 3933 τοῦ
2556 3883 2688 3935 Θεοῦ
2722 3883 2873 3952 ἡμῶν
2898 3883 3053 3951 ὅρκον
3086 3882 3172 3933 τὸν
3207 3883 3346 3951 περὶ
3383 3885 3531 3946 τοὺς
3579 3906 3590 3920 σ

2143 3986 2237 4037 ρας
2258 3970 2480 4040 ἐγενήθη
2508 3973 2536 4022 6
2567 3972 2829 4040 Ἰωάννης,
2856 3968 3147 4038 ὲτοιμάζων
3181 3971 3390 4040 Κυρίῳ
3426 3973 3586 4026 λαὸν

2140 4060 2548 4128 εσκευασμένον,
2606 4060 2695 4111 ἐπὶ
2753 4059 2891 4111 τέλει
2953 4060 3048 4126 τῆς
3099 4059 3356 4122 Παλαιᾶς
3417 4079 3590 4135 γενο]

518 4147 837 4208 extremitas,
872 4148 1203 4215 pervenisset
1230 4146 1297 4198 ad
1326 4144 1504 4197 ﬁnem.
1537 4141 1714 4206 Quare
1743 4139 1884 4209 gigni
1921 4153 2034 4191 non

2142 4145 2426 4216 Διαθήκης,
2459 4150 2493 4218 ἦ
2545 4151 2658 4202 ἐστι
2707 4149 2813 4217 (14)
2854 4149 3218 4219 σαϐϐατισμοῦ
3275 4156 3551 4221 κορωνίς
3578 4175 3590 4190 ·

578 4334 624 4366 ³³
646 4331 797 4387 Joan.
834 4345 874 4394 ι,
901 4329 989 4383 25.
1059 4327 1104 4358 "
1131 4326 1259 4380 Luc.
1296 4336 1336 4386 ι,
1361 4321 1426 4376 59
1455 4328 1510 4376 et
1540 4333 1653 4387 seq.

578 4512 686 4581 (l0)
712 4506 1181 4581 Ὀμολογοῦνζοςκ
1207 4499 1506 4581 Legendum
1524 4494 2032 4581 videturr6poho-gdsv.

579 4513 666 4581 (10
712 4512 1181 4577 Ὀμολοτοῦντος.
1207 4512 1506 4571 Legenoum
1524 4512 1730 4549 videtur
1747 4512 2032 4571 ομοΑογων.

579 4584 625 4650 (l
641 4512 686 4650 ιζ
723 4579 992 4650 Εὕρομξῂ
1009 4576 1210 4650 τοίνυγ
1233 4571 1302 4622 ἐν
1322 4565 2036 4650 Δςῇρμηγείμτωηὶ

505 4629 897 4720 adtigi-fac:
916 4629 1133 4720 Librum
1167 4641 1274 4720 hoc
1318 4629 1471 4720 titulo
1504 4629 1839 4720 scripserat.
1863 4629 2033 4720 Philo.

511 4698 856 4783 Quoda’utem
882 4713 932 4783 in
961 4707 1504 4783 veteri'l‘estamento
1532 4703 1642 4768 ipse
1666 4707 1865 4783 egerat,
1899 4698 2034 4783 idem

509 4765 1039 4839 iit—Novoiiactilavit
1069 4775 1342 4843 Origenes,
1375 4765 1632 4843 suumque
1665 4765 1878 4843 librum.
1899 4765 2036 4843 libro

511 4832 748 4907 Didio-nis
782 4832 1060 4916 adjnnxit,
1107 4832 1266 4912 atque
1301 4838 1456 4906 hujus
1486 4832 1662 4904 operis
1707 4832 1796 4885 hic
1832 4832 2038 4884 videtur

511 4920 834 4974 meminisse.
866 4917 1123 4970 Hunnus.

579 4967 1038 5056 ἱϊξῐῆἒῖῠῳᾲν
1066 4973 1414 5053 ιχωρις
1439 4989 1458 5021 ‹
1486 4967 2036 5056 maneamne?-

509 5033 787 5121 νόὶίεῖιίοῖιξ
804 5033 930 5121 'eic:
947 5033 1062 5121 ﬁeri
1103 5033 1274 5121 Irin-rte:
1306 5033 1817 5121 pri-mnin'O'ri‘genis
1857 5035 1906 5085 in
1934 5033 2036 5121 lle:

511 5102 1061 5185 bra-ictisimperitiam
1098 5102 1559 5185 deprehendimus.
1601 5102 1866 5185 Joamt’es,
1899 5102 2038 5185 q'uod

511 5168 928 5272 Es'i'a’
968 5193 1074 5269 γει-ι.
1109 5168 1354 5247 Plerique
1400 5191 1466 5230 ex
1502 5181 1619 5233 mn?
1657 5169 1878 5272 practise
1921 5168 2031 5220 for-

511 5256 710 5330 matdm
744 5256 1060 5341 putant,'ut
1095 5270 1196 5322 alia
1245 5267 1498 5341 pleraque
1533 5276 1645 5329 per,
1677 5258 1781 5341 _lo,
1805 5256 2033 5341 .incepta

510 5335 762 5394 vocabula
792 5359 803 5392 ε
839 5343 890 5391 in
926 5354 1031 5405 quo
1077 5352 1204 5405 sane
1246 5335 1522 5405 falluntur;
1572 5335 1871 5405 sunt‘cnim
1917 5339 2034 5376 ser-

509 5412 663 5471 viles,
708 5418 759 5460 et
806 5394 1034 5458 nominis
1076 5403 1405 5457 formatrices
1449 5400 1658 5471 litterze.
1706 5394 1854 5459 Quod
1904 5407 2028 5471 vero

511 5459 903 5544 ιιῖοξξίοαηηεε,
946 5475 1083 5528 idem
1116 5488 1231 5527 esse
1263 5471 1447 5528 scribit
1485 5468 1738 5536 Origenes
1786 5477 1845 5515 ac
1887 5459 2016 5518 Joa.

1729 4320 1771 4348 "
1805 4318 1929 4372 ibid.
1983 4319 2067 4370 75.

2145 4320 2189 4351 ³⁸
2231 4321 2359 4376 ibid.
2411 4323 2495 4377 17.

2140 4499 2192 4551 id
2220 4510 2300 4554 est
2341 4511 2484 4567 mm,
2525 4501 2641 4555 sine
2673 4516 2780 4563 nes,
2813 4501 3101 4557 addidisset
3142 4502 3398 4568 saltem,
3448 4508 3590 4565 sine

2139 4587 2482 4664 tolerabilius.
2502 4597 2664 4649 esset,
2701 4591 2943 4664 quamvis
2985 4603 3134 4664 aeque
3183 4605 3224 4664 a_
3253 4603 3417 4642 vero
3461 4595 3590 4650 alie

2142 4656 2191 4705 id
2239 4657 2376 4707 enim
2433 4657 2682 4708 dixerunt
2729 4658 2850 4719 alii,
2901 4657 3027 4709 item
3079 4657 3225 4709 docti
3276 4674 3293 4708 :
3354 4659 3590 4717 Hiero:

2140 4731 2287 4786 puta,
2317 4723 2388 4775 De
2419 4726 2664 4778 nominib.
2692 4724 2848 4777 Ilebr.
2873 4733 2926 4776 et
2949 4726 3001 4774 in
3027 4723 3222 4776 Matth.
3253 4725 3429 4780 Cum
3467 4735 3590 4786 sul:

2140 4803 2373 4856 quoque,
2405 4792 2673 4868 Ζαχαρίας
2705 4795 2884 4861 μνήμη
2918 4787 3050 4842 εἶναι
3091 4789 3363 4858 λέγεται,
3414 4799 3590 4853 adde

2141 4855 2331 4919 bebat,
2375 4858 2528 4913 Θεου.
2561 4861 2687 4922 ρυλε
2745 4871 2916 4911 tamen
2962 4859 3028 4910 ab
3081 4859 3205 4911 aliis
3285 4876 3589 4922 accepta

2143 4876 2331 4934 uenat,
2375 4876 2528 4913 ueou.
2561 4876 2687 4939 Quae
2745 4876 3028 4936 tamen_au
3081 4876 3205 4911 ams
3285 4876 3589 4934 accepta

2143 4933 2339 4998 rectius
2372 4938 2662 4998 exposuit:
2693 4926 2796 4998 ἀπὸ
2817 4928 2954 4998 Θεου
2997 4925 3062 4998 δὲΔ
3079 4926 3273 4997 χάρις,
3321 4931 3557 4998 inquit

2140 4989 2388 5073 Joannes)
2427 4989 2620 5073 Fufi};
2649 4995 2776 5073 περί
2805 4994 2935 5073 Θεοῦ
2970 4989 3187 5073 μνήμης
3228 4989 3353 5073 ί(ἰῄ
3389 4989 3505 5073 ςέει
3565 5004 3590 5055 ἳ

2142 5058 2265 5124 rias)
2314 5058 2451 5113 κατὰ
2481 5058 2590 5113 τὸν
2614 5058 2868 5114 τοῦ’Θεοῦ
2903 5058 3269 5132 ημῶνϐρκον
3305 5067 3409 5136 (id
3461 5080 3576 5124 est

2137 5124 2306 5194 belli),
2335 5136 2438 5180 etc.
2479 5129 2554 5181 In.

2207 5193 2325 5276 L13)-
2353 5197 2616 5276 Σίμωναὲ
2648 5197 2823 5276 codex
2851 5198 3172 5255 Bodleianus
3201 5201 3545 5272 Σιμῶνα;
3587 5206 3590 5259 ἶ

2137 5269 2187 5312 et
2208 5260 2548 5325 Barberi'uns,
2580 5266 2779 5325 Σιμῶν.

2207 5329 2430 5412 (μλἪ
2468 5333 2615 5412 squ:
2646 5329 2720 5387 lia
2769 5337 2938 5392 codex
2984 5335 3392 5412 Bodleianus;
3452 5340 3590 5410 Re;

2135 5395 2476 5465 Barbe'rinus,
2513 5400 2546 5468 ἢ
2587 5400 2685 5453 ἔτι.
