3848 6224
368 290 477 348 1⁸13

1445 289 1795 346 annnam.
1833 287 1896 343 IN
1929 288 2120 347 JOAN.
2157 258 2498 347 rouus'u.

3455 291 3556 346 174

366 410 436 464 οὐ
467 409 666 464 δύναται
702 402 1048 473 γεγενῆσθαι
1095 411 1205 464 ἀπὸ
1242 395 1340 480 τῆς
1370 408 1650 479 ἑϐδομάδος
1672 408 1762 461 τοῦ
1789 407 1911 460 Θεοῦ

2023 406 2189 476 potuit
2236 407 2306 460 ab
2337 400 2669 462 hebdomada
2695 407 2806 462 ‘Del
2839 406 3006 462 nostri
3055 407 3286 478 requies,
3313 421 3434 479 qua
3471 421 3558 465 est

368 498 548 567 ἡμῶν,
578 497 668 566 τὴν
713 490 848 563 μετὰ
873 495 940 547 τὸ
992 499 1262 553 σάϐϐατον
1292 498 1592 552 ἀνάπαυσιν
1620 497 1710 550 τοῦ
1740 497 1921 565 Σωτῆ-

373 603 473 656 pec
513 586 659 656 ἡμῶν
704 581 846 636 κατὰ
894 583 1000 656 τὴν
1034 587 1334 640 ἀνάπαυσιν
1380 584 1541 638 αὐτοῦ
1580 583 1925 654 ἐμποιοῦντος

365 679 486 738 τοῖς
518 674 851 745 συμμόρφοις
876 674 956 744 τῷ
987 675 1202 746 θανάτῳ
1227 673 1387 728 αὐτοῦ
1406 673 1798 744 γεγενημένοις,
1831 674 1925 726 καὶ

365 765 463 818 διὰ
490 765 641 818 τοῦτο
667 764 778 834 (15)
805 765 902 816 καὶ
929 767 1030 835 τῆς
1061 766 1421 828 ἀναστάσεως.

441 849 529 902 28.
551 844 732 914 Οὗτος
759 845 949 917 ἦλθεν
975 853 1062 914 εις
1081 853 1545 919 μαρτυρίαν-,ἶνα
1565 853 1914 924 μαρτυρήσῃ

359 943 502 1008 περὶ
527 941 632 994 τοῦ
657 940 871 1008 φωτὸς,
893 942 993 992 ἵνα
1010 940 1228 1004 πάντες
1246 941 1604 994 πιστεύσωσι
1625 942 1696 994 δι’
1713 943 1896 998 αὐτοῦ
1909 985 1922 998 .

358 1033 490 1086 Τῶν
519 1031 838 1102 ἑτεροδόξων
874 1031 982 1100 (i6)
1011 1031 1155 1093 τινὲς
1195 1032 1465 1084 πιστεύειν
1512 1032 1805 1101 φάσκοντες
1839 1035 1918 1098 είς

356 1122 462 1176 τὸν
504 1123 762 1193 Χριστὸν,
795 1123 891 1174 καὶ
921 1121 1008 1175 διὰ
1047 1121 1108 1172 τὸ
1151 1121 1507 1174 ἀναπλάσσειν
1547 1121 1729 1192 ἕτερον
1771 1124 1917 1194 παρά

356 1211 460 1264 τὸν
485 1210 849 1282 Δημιουργὸν,
869 1209 946 1272 ὡς
967 1209 1249 1263 ἀκόλουθον
1275 1209 1472 1272 αὐτοῖς,
1499 1211 1558 1263 οὐ
1582 1213 1917 1280 προσιέμενοι

356 1296 466 1363 τὴν
506 1294 801 1364 ἐπιδημίαν
846 1295 1008 1347 αὑτοῦ
1066 1295 1170 1347 ὑπὸ
1200 1296 1306 1347 τῶν
1343 1296 1630 1366 προφητῶν
1686 1314 1921 1366 προκατ-

360 1381 635 1450 ηγγέλθαι
675 1419 691 1445 ,
766 1380 1090 1450 ἀνατρέπειν
1164 1379 1454 1449 πειρῶνται
1518 1379 1616 1442 τὰς
1675 1381 1760 1435 διὰ
1816 1383 1922 1434 τῶν

356 1468 663 1538 προφητῶν
705 1468 837 1538 περὶ
887 1466 1121 1537 Χριστοῦ
1167 1468 1488 1538 μαρτυρίας,
1528 1469 1821 1538 φάσκοντες
1847 1470 1920 1539 μὴ

353 1558 570 1610 δεῖσθαι
630 1557 922 1628 μαρτύρων
965 1557 1057 1610 τὸν
1110 1557 1236 1610 Υῑὸν
1274 1557 1365 1610 τοῦ
1415 1557 1569 1623 Θεοῦ,
1620 1559 1808 1629 ἔχοντα
1862 1559 1923 1610 τὸ

353 1645 462 1698 τοῦ
549 1644 904 1698 πιστεύεσθαι
984 1644 1129 1710 ἄξιον
1183 1646 1240 1698 έν
1312 1663 1372 1699 τε
1443 1643 1523 1709 οἷς
1602 1648 1921 1717 κατήγγειλε

2024 502 2141 564 post
2184 492 2466 548 sabbatum
2513 506 2530 546 :
2569 495 2816 548 nimirum
2881 494 2991 548 Deo
3046 493 3330 550 Servatore
3371 505 3556 550 nostro

2023 599 2140 638 eam
2168 583 2512 650 ingenerante
2537 583 2824 638 secundum
2853 583 3086 650 requiem
3117 595 3266 637 suam
3304 582 3358 637 in
3377 584 3554 648 nobis,

2023 673 2111 742 qui
2151 671 2278 727 facti
2315 686 2500 726 sumus
2529 675 2685 728 morti
2715 674 2881 742 ipsius
2911 672 3236 737 conformes,
3266 681 3322 728 et
3350 673 3554 731 idcirco

2024 760 2183 814 etiam
2214 761 2592 816 resurrectioni
2620 761 2684 814 ³⁷.

2089 849 2180 904 28.
2211 850 2314 903 Hic
2342 852 2478 905 venit
2511 851 2565 902 in
2596 851 2962 913 testimonium,
3004 862 3059 904 ut
3107 851 3469 919 testiﬁcaretur
3491 852 3556 906 de

2021 941 2154 1004 luce,
2185 949 2240 992 ut
2289 956 2462 993 omnes
2501 941 2760 993 crederent
2802 956 2893 1008 per
2942 942 3109 1008 ipsum
3132 941 3198 994 ³⁸.
3231 941 3454 1006 Quidam
3485 955 3553 995 ex

2023 1027 2106 1081 his
2143 1029 2229 1097 qui
2277 1029 2344 1082 ab
2385 1029 2636 1083 Ecclesia:
2686 1029 2914 1084 decretis
2943 1031 3284 1097 dissentiunt,
3334 1032 3555 1086 credere

2023 1130 2081 1170 se
2108 1117 2344 1171 dicentes
2367 1118 2419 1171 in
2449 1107 2740 1184 Christum,
2766 1125 2821 1172 et
2853 1132 2917 1172 eo
2955 1119 3094 1186 quod
3141 1120 3342 1189 fingant
3388 1121 3553 1174 Deum

2021 1207 2184 1260 alium
2235 1207 2504 1263 diversum
2541 1223 2571 1262 a
2606 1209 2787 1262 mundi
2812 1208 3180 1274 Fabricatore,
3211 1221 3270 1264 ut
3312 1219 3396 1264 est
3426 1210 3555 1277 ipsis

2021 1307 2373 1362 consequens,
2424 1309 2530 1348 non
2572 1295 2914 1349 admittentes
2965 1297 3252 1350 adventum
3306 1297 3474 1366 ipsius
3521 1311 3551 1350 a

2023 1382 2290 1451 prophetis
2328 1385 2739 1451 praenuntiatum
2771 1383 2957 1448 fuisse,
3007 1384 3318 1439 subvertere
3348 1399 3551 1439 conan-
3660 1455 3670 1463 -

2023 1481 2110 1526 tur
2137 1473 2516 1542 prophetarum
2573 1475 2878 1532 testimonia
2929 1477 2994 1530 de
3047 1475 3281 1543 Christo,
3320 1476 3556 1531 dicentes

2021 1576 2156 1631 Opus
2205 1578 2308 1618 non
2359 1579 2479 1619 esse
2535 1566 2762 1620 testibus
2819 1566 2956 1622 Filio
2989 1567 3129 1622 Dei:
3185 1577 3243 1622 ut
3277 1569 3367 1637 qui
3397 1570 3553 1624 [idem

2022 1651 2122 1706 sibi
2173 1653 2506 1718 conciliaret,
2560 1663 2670 1708 tum
2706 1669 2772 1708 ex
2816 1655 3147 1711 salutaribus
3193 1658 3551 1723 sermonibus,

351 1733 657 1802 σωτηρίοις
713 1732 914 1800 λόγοις,
975 1732 1250 1803 δυνάμεως
1306 1725 1762 1805 πεπληρωμένοις,
1825 1739 1911 1790 καὶ

2017 1755 2152 1810 quos
2194 1743 2558 1808 denuntiabat,
2597 1747 2832 1813 potentia
2888 1746 3078 1815 plenis,
3131 1755 3243 1801 tum
3274 1762 3340 1802 ex
3369 1748 3553 1817 prodi-
3622 1795 3642 1822 ι

348 1824 416 1874 ὲν
506 1821 813 1890 τεραστίοις
897 1823 1096 1893 ἔργοις,
1175 1824 1396 1878 αὐτόθεν
1481 1826 1917 1896 καταπλήξασθαι

348 1913 522 1965 πάνθ’
560 1911 802 1966 ὁντινοῦν
846 1913 1184 1984 δυναμένοις·
1231 1915 1324 1967 καί
1371 1932 1549 1983 φασινο
1583 1917 1646 1968 Εἰ
1681 1917 1916 1985 Μωῦσῆς

347 2003 721 2056 πεπίστευται
767 2001 856 2054 διὰ
907 2003 997 2056 τὸν
1032 2003 1185 2070 λόγον
1240 2005 1332 2057 καὶ
1379 2005 1478 2066 τὰς
1529 2005 1814 2075 δυνάμεις,
1855 2007 1915 2058 οὑ

342 2090 568 2160 δεηθεὶς
621 2090 910 2163 μαρτύρων
942 2091 1047 2160 πρὸ
1097 2092 1261 2146 αὑτοῦ
1309 2110 1466 2145 τινων
1504 2095 1664 2146 αὐτὸν
1712 2109 1914 2162 καταγ-

345 2182 677 2250 γειλάντων,
715 2181 850 2234 ἀλλὰ
891 2181 984 2234 καὶ
1017 2181 1243 2245 ἕκαστος
1282 2182 1390 2236 τῶν
1431 2185 1716 2254 προφητῶν
1750 2201 1916 2254 παρε-

343 2272 524 2341 δέχθη
553 2271 660 2324 ὑπὸ
683 2271 780 2324 τοῦ
817 2271 968 2336 λαοῦ,
996 2272 1070 2334 ὡς
1095 2272 1200 2324 ἀπὸ
1231 2273 1363 2324 Θεοῦ
1406 2273 1727 2336 ἀποσταλείς
1746 2290 1760 2304 ο
1791 2274 1911 2336 πῶς

345 2362 476 2430 οὐχὶ
512 2361 713 2430 μᾶλλον
744 2361 1016 2424 Μωῦσέως
1047 2361 1140 2414 καὶ
1176 2362 1282 2414 τῶν
1333 2363 1621 2432 προφητῶν
1647 2363 1913 2434 διαφέρων

344 2451 581 2503 δύναται
638 2451 808 2522 χωρὶς
859 2449 1146 2521 προφητῶν
1203 2451 1614 2520 μαρτυρούντων
1669 2451 1735 2504 τά
1787 2455 1912 2521 περὶ

344 2539 520 2594 αὐτοῦ
562 2539 756 2592 ἀνῦσαι
789 2538 818 2590 δ
852 2537 1116 2608 βούλεται,
1148 2539 1241 2591 καὶ
1271 2538 1540 2608 ὠφελῆσαι
1578 2540 1639 2594 τὸ
1675 2540 1783 2593 τῶν
1821 2543 1914 2594 ἀν-

348 2628 593 2700 θρὼπων
639 2628 825 2695 γένος;
871 2628 1166 2698 Παρέλκειν
1193 2623 1284 2681 οὖν
1313 2628 1508 2682 οἴονται
1538 2630 1596 2681 τὸ
1637 2631 1739 2682 ὑπὸ
1778 2647 1910 2702 προ-

347 2719 544 2790 φητῶν
599 2719 764 2772 αὑτὸν
821 2716 1130 2788 νομίζεσθαι
1201 2719 1666 2788 προκατηγγέλθαι
1686 2760 1700 2784 ,
1754 2721 1910 2774 τοῦτο

347 2808 954 2880 πραγματευσαμένων,
993 2807 1066 2870 ὡς
1096 2808 1296 2860 είποιεν
1329 2807 1392 2860 ἂν
1426 2810 1638 2874 ἐκεῖνοι,
1669 2806 1774 2862 τῶν
1812 2809 1908 2880 τὴν

348 2900 650 2969 καινότητα
679 2895 778 2966 τῆς
811 2896 1058 2966 θεότητος
1086 2896 1484 2968 παραδέξασθαι
1510 2899 1634 2958 τοὺς
1673 2900 1752 2961 εἰς
1778 2899 1908 2968 Χρι-

349 2990 480 3042 στὸν
523 2987 874 3049 πιστεύοντας
909 2988 968 3038 οὑ
1005 2986 1352 3056 βουλομένων,
1388 2986 1520 3039 ἀλλὰ
1550 2986 1642 3038 ἐπὶ
1673 2987 1762 3039 τὸν
1810 2989 1908 3039 αύο

347 3078 442 3131 τὸν
475 3077 814 3145 καταντῆσαι
869 3075 1019 3137 Θεὸν,
1049 3074 1109 3127 δν
1153 3076 1247 3128 καὶ
1297 3073 1404 3144 πρὸ
1444 3073 1615 3143 Ἰησοῦ
1675 3076 1908 3146 Μωῦσῆς

349 3165 448 3219 καὶ
473 3168 524 3219 ol
552 3167 826 3236 προφῆται
862 3163 1122 3227 ἐδίδαξαν.
1148 3163 1374 3216 Λεκτέον
1400 3159 1491 3215 οῦν
1531 3163 1662 3232 πρὸς
1693 3163 1906 3226 αὐτοὺς,

348 3257 456 3319 ὅτι,
503 3254 712 3308 πολλῶν
751 3253 936 3306 αἰτίων
979 3252 1284 3322 δυναμένων
1336 3251 1582 3318 γενέσθαι
1617 3251 1909 3321 προκαλου-

354 3345 535 3416 μένων
560 3345 638 3406 εἰς
662 3343 723 3396 τὸ
765 3341 1058 3404 πιστεύειν,
1085 3338 1253 3392 ἐνίοτέ
1285 3354 1442 3390 τινων
1479 3338 1585 3390 ἀπὸ
1615 3337 1770 3407 τῆσδε
1808 3337 1905 3407 μὲν

351 3435 454 3504 τῆς
503 3432 831 3497 ἀποδείξεως
873 3431 933 3482 οὐ
979 3427 1386 3499 πληττομένων,
1433 3425 1540 3478 ἀπὸ
1589 3426 1776 3496 ἐτέρας
1827 3425 1906 3489 δὲ,

351 3523 500 3593 ἔχειν
536 3522 628 3574 τὸν
669 3521 802 3573 Θεὸν
832 3519 1078 3580 πλείονας
1120 3517 1370 3588 ἀφορμὰς
1421 3514 1718 3585 ἀνθρώποις
1772 3531 1909 3584 παρ-

352 3621 522 3688 έχειν,
575 3620 663 3672 ἵνα
708 3615 1052 3686 παραδεχθῇ,
1094 3615 1176 3667 ὅτι
1208 3614 1336 3676 Θεὸς
1366 3615 1394 3665 ό
1433 3611 1571 3681 ὑπὲρ
1620 3611 1794 3664 πάντα
1841 3609 1908 3662 τὰ

353 3707 558 3776 γενητὰ
621 3704 1056 3776 ὲνηνθρώπ-ησεν.
1107 3702 1377 3771 Ἐναργῶς
1427 3700 1554 3769 γοῦν
1587 3699 1728 3752 ἐστιν
1783 3700 1908 3751 ίδεῐν

352 3813 508 3858 τινας
532 3798 596 3848 ὲκ
614 3795 723 3848 τῶν
750 3791 1097 3865 προφητικῶν
1119 3791 1466 3861 προρρήσεων
1494 3789 1571 3851 είς
1598 3788 1908 3858 θαυμασμὸν

239 3943 242 3945 .
350 3887 448 3940 τοῦ
475 3884 712 3956 Χριστοῦ
747 3882 858 3953 (17)
888 3882 1227 3953 ἐρχομένους,
1259 3879 1787 3949 καταπληττομὲνους
1809 3878 1906 3946 τὴν

353 3977 464 4029 τῶν
497 3974 768 4028 τοσούτων
817 3973 924 4043 πρὸ
975 3971 1137 4024 αὐτοῦ
1184 3969 1470 4040 προφητῶν
1521 3967 1719 4037 φωνὴν,
1761 3983 1904 4019 συνι-

355 4067 558 4119 στᾶσαν
585 4063 750 4116 τόπον
775 4061 1034 4128 γενέσεως
1056 4057 1237 4122 αὑτοῦ,
1262 4057 1354 4110 καὶ
1381 4055 1560 4127 χώραν
1583 4055 1902 4124 ἀνατροφῆς,

354 4156 448 4208 καὶ
504 4155 657 4222 ἰσχὺν
727 4149 1102 4210 διδασκαλίας,
1149 4145 1424 4214 δυνάμεών
1487 4161 1547 4196 τε
1595 4144 1904 4214 θαυμασίων

355 4244 575 4312 ποίησιν
612 4241 706 4294 καὶ
739 4239 907 4300 πάθος
946 4235 1274 4306 ἀνθρώπινον
1305 4232 1408 4285 ὑπὸ
1435 4233 1777 4295 ἀναστάσεως
1809 4249 1904 4284 κα-

2015 1831 2174 1897 giosis
2211 1840 2265 1884 et
2315 1832 2644 1889 admirandis
2694 1835 2964 1901 operibus,
3023 1850 3140 1904 quae
3180 1836 3264 1891 vel
3323 1836 3554 1905 quemli-
3621 1854 3632 1876 ι

2015 1917 2101 1970 het
2126 1931 2189 1970 ex
2221 1931 2281 1971 se
2322 1928 2621 1986 perterrere
2645 1929 2919 1988 poterant;
2953 1931 3007 1976 et
3029 1923 3210 1978 dicunt
3239 1939 3253 1975 :
3291 1924 3348 1978 Si
3377 1924 3549 1994 Moysi

2013 2005 2121 2074 87
2159 2007 2342 2062 habita
2410 2009 2511 2062 fuit
2557 2009 2707 2074 ﬁdes,
2750 2012 3013 2066 sermonis
3063 2012 3387 2082 virtutisque
3431 2029 3555 2083 gra-

2017 2095 2108 2156 tia,
2138 2095 2301 2149 nullis
2328 2097 2540 2164 praeviis
2585 2099 2812 2153 testibus
2837 2103 2926 2168 qui
2958 2102 3129 2170 ipsum
3161 2103 3548 2157 annuntiarent

2011 2185 2208 2251 egenti,
2242 2195 2402 2251 atque
2435 2188 2594 2239 etiam
2639 2189 3019 2255 prophetarum
3065 2192 3433 2261 unusquisque
3461 2205 3552 2245 re-

2011 2280 2196 2340 ceptus
2229 2286 2257 2325 a
2292 2274 2484 2342 populo
2508 2275 2629 2339 fuit,
2657 2275 2820 2329 veluti
2843 2291 2872 2330 a
2908 2278 3014 2331 Deo
3035 2278 3248 2342 missus,
3280 2283 3551 2350 quomodo

2011 2357 2190 2428 Moyse
2240 2369 2398 2428 atque
2444 2363 2719 2430 prophetis
2774 2365 3111 2432 praestantior
3169 2380 3275 2420 non
3352 2370 3550 2436 poterit

2011 2446 2208 2514 absque
2221 2447 2491 2516 prophetis
2503 2449 2566 2502 de
2579 2449 2752 2516 seipso
2773 2449 3178 2507 testiﬁcantibus
3193 2453 3552 2524 faciliusquod

2010 2533 2135 2586 velit
2169 2536 2426 2602 perlicere
2455 2545 2511 2590 et
2543 2537 2816 2592 hominum
2850 2541 3031 2608 generi
3059 2542 3366 2611 adiumento
3392 2545 3553 2600 esse?

2011 2622 2344 2691 Snperlluum
2367 2638 2495 2693 ergo
2524 2640 2644 2680 esse
2673 2627 2822 2682 aiunt
2857 2629 3192 2694 existimare,
3222 2645 3251 2683 a
3272 2632 3546 2701 prophetis

2008 2726 2127 2766 eum
2177 2715 2592 2780 praenuntiatum
2649 2717 2833 2782 fuisse,
2867 2718 2959 2788 qui
2991 2721 3058 2774 de
3107 2721 3208 2775 hoc
3232 2721 3378 2776 anxii
3409 2721 3547 2777 fuis-

2008 2809 2150 2864 sent,
2175 2802 2248 2866 si,
2279 2812 2335 2856 ut
2362 2803 2434 2857 illi
2467 2804 2728 2870 dicerent,
2771 2807 3074 2863 noluissent
3111 2810 3408 2866 divinitatis
3447 2827 3547 2866 no-

2005 2891 2220 2946 vitatem
2247 2893 2452 2948 admitti
2481 2909 2508 2948 a
2535 2896 2879 2952 credentibus
2905 2897 2957 2952 in
2990 2897 3288 2964 Christum,
3327 2903 3421 2956 sed
3451 2917 3548 2958 eos

2007 2982 2287 3047 pervenire
2317 2984 2381 3036 ad
2412 2983 2582 3050 ipsum
2612 2984 2777 3038 Deum
2798 3024 2814 3048 ,
2836 3000 2994 3053 quem
3026 2987 3186 3042 etiam
3214 2996 3338 3045 ante
3357 2989 3539 3045 Iesum

2009 3068 2218 3138 Moyses
2238 3079 2292 3124 et
2312 3073 2581 3140 prophetae
2607 3073 2930 3129 docuissent.
2954 3074 3306 3141 Quamobrem
3333 3093 3550 3148 respon-

2007 3158 2237 3214 dendum
2263 3171 2346 3216 est
2369 3161 2471 3215 illis
2489 3162 2627 3229 quod
2659 3163 2836 3219 multas
2862 3178 3036 3220 causa:
3053 3178 3172 3222 esse
3194 3181 3315 3222 cum
3330 3179 3546 3237 possent

2009 3259 2126 3314 quae
2154 3248 2220 3301 ad
2253 3249 2575 3303 credendum
2623 3251 2926 3317 invitarent,
2969 3263 3025 3310 et
3045 3253 3310 3310 interdum
3333 3257 3545 3327 aliquos

2013 3336 2101 3403 qui
2141 3337 2208 3391 ab
2237 3352 2340 3392 una
2377 3338 2758 3394 miraculorum
2799 3341 3254 3400 demonstratione
3281 3361 3384 3401 non
3421 3362 3542 3416 per-

2007 3424 2348 3490 cellerentur,
2362 3427 2430 3482 ab
2446 3429 2550 3482 alia
2569 3429 3022 3487 demonstratione
3042 3435 3363 3502 permoveri,
3385 3450 3547 3505 posse

2010 3515 2172 3568 Deum
2208 3516 2510 3584 complures
2536 3531 2727 3573 causas
2751 3520 3058 3576 hominibus
3087 3524 3324 3592 praebere
3357 3535 3416 3580 ut
3443 3530 3541 3580 ad-

2009 3603 2225 3657 mittant
2249 3603 2438 3670 Deum,
2485 3608 2577 3675 qui
2617 3617 2698 3663 est
2731 3623 2891 3678 super
2918 3613 3096 3666 omnia
3129 3615 3546 3682 genita,huma-

2009 3707 2128 3744 nam
2173 3696 2528 3763 assumpsisse
2567 3708 2838 3752 naturam.
2886 3699 3039 3754 Unde
3081 3701 3240 3756 etiam
3266 3703 3545 3759 evidenter

2005 3795 2225 3836 cernere
2263 3793 2348 3836 est
2389 3786 2672 3840 nonnullos
2712 3802 2779 3839 ex
2818 3790 3144 3856 propheticis
3178 3792 3454 3848 vaticiniis
3484 3795 3540 3849 in

2005 3870 2410 3926 admirationem
2443 3873 2642 3928 Christi
2680 3876 2882 3941 venire,
2917 3886 2994 3931 tot
3020 3880 3418 3948 prophetarum,
3445 3883 3540 3951 qui

2005 3965 2130 4012 ante
2155 3959 2323 4027 ipsum
2348 3961 2581 4026 fuerunt,
2608 3965 2880 4030 perculsos
2902 3979 3030 4020 voce
3055 3967 3359 4023 stabilienle
3384 3973 3540 4040 quid-

2004 4044 2130 4112 quid
2159 4046 2224 4098 ad
2257 4046 2428 4100 locum
2457 4049 2689 4117 pertinet
2716 4050 2769 4103 in
2797 4065 2903 4119 quo
2933 4052 3145 4121 genitus
3171 4053 3302 4119 fuit,
3334 4067 3390 4111 et
3419 4069 3536 4112 eam

2005 4136 2168 4189 etiam
2197 4137 2467 4206 regionem
2494 4139 2547 4192 in
2577 4153 2680 4207 qua
2703 4141 2971 4195 enutritus
2995 4142 3118 4206 fuit,
3147 4153 3202 4197 et
3225 4145 3332 4198 vim
3371 4145 3539 4214 ipsius

2005 4226 2282 4292 doctrinas,
2312 4235 2366 4280 et
2397 4241 2574 4281 rerum
2620 4228 3007 4284 admirabilium
3053 4235 3440 4300 operationem,
3474 4252 3538 4291 ac

353 4309 702 4397 ταλύόμενον.
747 4325 855 4377 Καὶ
897 4323 1052 4375 τοῦτο
1080 4323 1135 4374 δὲ
1167 4319 1536 4381 ἐπισκεπτέον,
1582 4319 1662 4370 ὅτι
1709 4321 1762 4370 αἱ
1809 4319 1904 4388 μὲν

2015 4314 2239 4383 denique
2284 4315 2582 4382 passionem
2630 4316 2912 4370 humanam
2951 4332 2981 4371 a
3025 4321 3420 4378 resurrectione
3448 4325 3538 4378 de-

353 4417 629 4486 τεράστιοι
671 4415 924 4482 δυνάμεις
951 4412 1076 4472 τοὺς
1122 4409 1260 4463 κατὰ
1301 4409 1390 4460 τὸν
1421 4407 1601 4478 χρόνον
1639 4406 1730 4458 τοῦ
1777 4408 1906 4476 Χρι-

355 4503 486 4557 στοῦ
546 4499 869 4570 γενομένους
933 4494 1312 4567 προκαλεῖσθαι
1375 4492 1462 4543 ἐπὶ
1527 4491 1587 4542 τὸ
1638 4489 1904 4542 πιστεύειν

354 4592 639 4647 ὲδύναντο’
671 4591 771 4641 οὐκ
804 4587 1001 4651 ἔσωζον
1029 4585 1084 4638 δὲ
1111 4583 1172 4636 τὸ
1201 4581 1492 4652 ὲμφατικὸν
1522 4578 1655 4647 μετά
1686 4578 1905 4647 χρόνους

352 4681 630 4742 πλείονας,
664 4678 764 4748 ήδη
807 4677 902 4730 καὶ
953 4673 1147 4744 μύθους
1187 4667 1324 4724 εἶναι
1364 4666 1742 4737 ὑπονοηθείσας
1773 4665 1904 4734 (18).

351 4772 548 4825 Πλεῖον
574 4769 683 4838 γὰρ
708 4767 815 4820 τῶν
839 4765 958 4818 τότε
978 4761 1278 4832 γενομένων
1299 4759 1573 4827 δυνάμεων
1604 4756 1772 4823 ἰσχύει
1793 4755 1902 4824 (19)

352 4860 495 4930 πρὸς
541 4856 710 4910 πειθὼ
758 4859 791 4925 ἠ
834 4854 928 4907 νῦν
979 4847 1427 4918 συνεξεταζομένη
1484 4847 1601 4906 ταῖς
1649 4842 1901 4912 δυνάμεσι

352 4947 682 5020 προφητεία,
724 4943 978 5003 κάκείνας
1012 4937 1342 4993 ἀπιστεῖσθαι
1371 4935 1474 4986 ὑπὸ
1517 4931 1620 4984 τῶν
1652 4930 1905 5020 ἐρευνών-

350 5053 465 5089 των
497 5034 664 5095 αύτὰς
706 5029 1004 5085 κωλύουσα.
1043 5029 1192 5099 Τάχα
1225 5027 1282 5079 δὲ
1314 5025 1369 5076 αἱ
1401 5019 1725 5092 προφητικαὶ
1769 5036 1906 5088 μαρ-

352 5126 540 5197 τυρίαι
582 5125 640 5177 οὐ
695 5126 855 5194 μόνον
895 5119 1216 5190 κηρύσσουσι
1270 5112 1499 5185 Χριστὸν
1543 5110 1905 5179 ἐλευσόμενον,

425 5218 473 5250 ³²
498 5217 650 5272 Rom.
681 5232 757 5278 v1,
790 5215 847 5268 5.
922 5212 967 5244 “
987 5210 1136 5265 Joan.
1164 5228 1201 5273 ι,
1233 5210 1288 5262 7.

430 5308 544 5377 (15)
580 5303 816 5377 {falsz
857 5298 1052 5377 τοῦτο..
1091 5299 1180 5377 Ita.
1205 5299 1376 5353 codex
1408 5292 1752 5358 Bodleianus;
1805 5292 1911 5347 Re-

351 5369 562 5450 εῑιὶξέι
588 5369 1063 5450 ἓὲτυςνίηυὶκὶεαὶ
1094 5369 1266 5450 “’6‘?-
1302 5425 1678 5450 ,

429 5443 540 5514 (ιο)
581 5441 703 5514 ζῶν
727 5433 1086 5514 ἑτεροδόξων
1105 5434 1304 5514 Frag.
1332 5429 1701 5514 Valentiniani.

429 5493 538 5578 ili;
574 5493 1065 5578 Xpwroifiodex
1103 5493 1447 5578 [indicia-nus,
1472 5493 1688 5578 Ιςυρίου.

427 5560 538 5650 ξὶεδ
575 5560 1066 5638 ίῨπονοηθεισας.
1120 5565 1434 5638 Legendum
1497 5560 1877 5633 ὑπονοηθεῖσαι
1900 5598 1916 5625 ,

2009 4414 2290 4456 structam.
2307 4402 2444 4468 Quin
2472 4405 2571 4458 hoc
2588 4419 2797 4474 quoque
2825 4407 3262 4463 considerandum
3289 4419 3369 4464 est
3395 4414 3536 4481 quod

2007 4493 2319 4559 prodigiosa
2346 4502 2400 4546 et
2439 4495 2760 4548 admiranda:
2787 4497 3057 4562 potentiae,
3085 4512 3178 4552 eos
3199 4500 3413 4567 quidem
3445 4501 3538 4568 qui

2006 4583 2214 4636 Domini
2257 4591 2415 4636 aetate
2463 4584 2829 4649 exstitissent,
2887 4586 3118 4640 invitare
3176 4597 3425 4656 poterant
3469 4592 3535 4643 ad

2006 4671 2350 4735 credendum,
2389 4678 2444 4724 at
2483 4684 2587 4723 non
2616 4681 2923 4726 servassent
2950 4681 3068 4740 post
3093 4674 3257 4726 multa
3297 4682 3535 4742 tempora

2009 4760 2306 4813 evidentem
2332 4759 2862 4824 demonstrationem,
2911 4775 3030 4814 cum
3067 4774 3144 4813 eae
3186 4773 3396 4827 quoque
3419 4762 3528 4829 jam

2009 4861 2104 4916 pro
2131 4846 2326 4901 fabulis
2353 4861 2489 4916 pene
2513 4847 2829 4901 habeantur.
2866 4846 2992 4899 Plus
3014 4848 3154 4899 enim
3185 4847 3440 4911 potentiis
3470 4864 3536 4903 ac

2014 4933 2282 4988 miraculis
2333 4935 2477 4988 illius
2525 4933 2778 5001 temporis
2817 4933 2984 4999 potuit
3014 4933 3079 4983 ad
3109 4931 3532 4996 persuadendum

2009 5021 2284 5090 prophetia
2305 5059 2321 5084 ,
2353 5035 2470 5090 quae
2498 5034 2637 5074 nunc
2664 5033 2781 5073 cum
2809 5019 3064 5086 potentiis
3107 5016 3236 5082 ipsis
3276 5024 3332 5068 et
3368 5021 3540 5073 mira-

2010 5111 2143 5165 culis
2186 5111 2497 5180 expenditur
2533 5117 2590 5162 et
2625 5115 2986 5175 comparatur,
3041 5101 3374 5158 conﬁrmans
3419 5121 3546 5173 pro-

2016 5303 2137 5344 nam
2171 5285 2220 5340 id
2262 5284 2498 5353 postulat_
2549 5281 2906 5353 grammaticae
2947 5281 3104 5344 ratio,
3151 5291 3322 5346 quam
3371 5283 3561 5329 tamen

2018 5350 2876 5422 negligitaliquando‘OrigenesL
2933 5415 2967 5422 η
3005 5416 3017 5422 _
3243 5409 3283 5422 ﬁ
3373 5407 3388 5419 ,

2087 5409 2470 5491 (19")A’10'itiet.
2505 5417 2596 5474 Sic
2639 5409 2805 5478 codex
2842 5415 3200 5478 Bodleianus;
3243 5409 3469 5474 Regius
3523 5416 3581 5458 et

2016 5487 2353 5558 Barberinus,
2381 5487 2536 5556 ἴσχει.
