3848 6190
261 282 286 334 Ι
298 281 365 336 75
1667 255 1826 311 ORIG
1834 252 1984 309 ΕΝΙὸ
3357 239 3385 292 1
3400 236 3474 292 76

260 398 453 466 phetite
487 393 840 460 indagatores,
879 391 937 437 ut
968 381 1124 435 fidem
1151 377 1378 430 habeant
1414 371 1520 426 illis
1543 370 1779 439 potentiis

1957 366 2012 418 δὲ
2077 363 2217 416 τοῦθ’
2280 364 2423 433 ἡμᾶς
2491 361 2834 422 διδάσκουσι,
2897 357 2990 409 καὶ
3049 356 3180 408 ἄλλο
3263 353 3473 421 οὐδὲν,

264 443 580 553 prodigiosis
603 443 656 532 ἔι
684 470 1026 529 admirandis.
1050 466 1300 520 Fortasse
1320 475 1449 516 vero
1482 458 1783 527 prophetica

1958 455 2027 508 .λά
2059 453 2167 523 (20)
2213 453 2406 522 πολλὴν
2443 451 2734 519 θεολογίαν,
2764 448 2943 518 σχέσιν
2971 465 3030 500 τε
3061 444 3278 514 Πατρὺς
3326 443 3477 512 πρὸς

263 536 563 629 testimonia
596 582 700 621 non
737 571 940 618 tantum
979 556 1270 626 praedicant
1304 551 1576 606 Christum
1610 557 1782 601 ventu-

1963 545 2040 606 ὸν,
2069 543 2161 596 καὶ
2190 543 2316 595 Υἱοῦ
2345 543 2475 612 πρὸς
2515 543 2730 611 Πατέρα
2756 541 2870 593 ἔστι
2904 539 3113 609 μαθεῖν,
3163 537 3269 588 οὐκ
3315 536 3480 588 ἔλατ·

263 678 403 716 rum.
450 661 549 711 hoc
595 670 690 709 nos
769 654 1044 711 docentes,
1096 655 1151 698 et
1183 642 1319 698 nihil
1365 648 1657 708 praeterea,
1702 639 1782 691 sed

1961 653 1981 687 ν
2013 633 2118 686 ἀπὸ
2145 632 2252 685 τῶν
2280 631 2566 701 προφητῶν
2592 631 2656 683 δι’
2678 624 2751 682 ὧν
2792 627 3192 695 ἀπαγγέλλουσι
3223 625 3297 677 τὰ
3336 626 3480 696 περὶ

452 700 549 711 ..ην
597 700 690 709 η--
948 700 984 702 η
1029 700 1043 711 ,
1367 700 1379 708 _

266 751 482 804 multam
513 741 851 810 theologiam,
881 746 934 790 et
961 731 1226 803 quomodo
1261 743 1378 785 sese
1415 728 1611 781 habeat
1639 726 1785 779 Patet

1964 724 2074 786 τοῦ,
2107 724 2138 792 ἢ
2179 723 2283 774 ἀπὸ
2324 700 2428 774 τῶν
2471 721 2774 773 ἀποστόλων
2813 717 3186 787 διηγουμένων
3220 716 3327 785 τὴν
3381 731 3483 784 μεε-

265 840 328 892 ad
353 836 568 892 Filium.
613 804 890 897 Filiusque
921 825 986 878 ad
1010 823 1226 876 Patrem
1247 859 1261 884 ,
1289 819 1495 872 discere
1535 815 1658 868 licet
1691 829 1784 866 non

1964 813 2212 880 ,λειότητα
2242 810 2332 862 τοῦ
2365 808 2490 860 Υἱοῦ
2530 809 2621 860 τοῦ
2663 807 2818 861 Θεοῦ.
2848 809 2969 859 Ἔτι
3011 807 3123 875 (21)
3161 806 3222 858 δὲ
3262 804 3483 873 τολμή-

263 929 438 982 minus
485 939 551 978 ex
582 922 666 975 his
695 895 813 988 quat
864 918 1135 985 propheta:
1163 913 1227 966 de
1259 912 1374 978 ipso
1409 907 1782 962 annuntiarunl

1966 921 2062 956 ντα
2095 904 2184 955 καὶ
2215 902 2380 971 χωρὶς
2412 899 2611 952 τούτων
2643 898 2879 951 τοιοῦτόν
2905 916 2957 949 τι
2992 898 3192 957 εἰπεῖν,
3229 897 3316 948 ὅτι
3367 895 3485 947 εἰσὶ

263 1030 421 1086 quam
445 1014 512 1066 ab
544 985 798 1080 apostolis
821 1001 1276 1073 magnificentiam
1309 998 1431 1050 Filii
1464 997 1554 1049 Dei
1581 1009 1782 1048 narraui

1963 991 2132 1044 οιστοῦ
2175 992 2444 1061 μάρτυρες
2485 989 2560 1058 τῷ
2619 990 2907 1058 μαρτυρεῖν
2970 987 3098 1056 περὶ
3154 985 3329 1038 αὐτοῦ
3384 1001 3482 1038 κο·

264 1074 426 1159 tibus.
461 1074 591 1156 Jam-
608 1114 736 1152 vero
769 1096 929 1150 etiam
964 1092 1054 1160 qui
1095 1105 1255 1144 ausus
1287 1088 1471 1150 fuerit,
1505 1087 1610 1140 tale
1637 1084 1783 1151 quid

1968 1081 2215 1149 .ούμενοι,
2240 1078 2332 1132 καὶ
2357 1079 2416 1130 οὐ
2443 1079 2654 1138 πάντως
2688 1078 2876 1145 ἐκείνῳ
2919 1094 2970 1128 τι
2999 1076 3086 1127 διὰ
3123 1074 3224 1127 τοῦ
3268 1092 3487 1144 μαρτυ-

264 1197 383 1248 dam
408 1200 582 1262 potest
613 1197 808 1257 praeter
847 1189 961 1240 haec
988 1185 1197 1247 dicere,
1238 1194 1429 1248 nempe
1459 1177 1666 1244 aliquos
1689 1173 1783 1242 88

1966 1175 2008 1224 iv
2057 1173 2182 1242 περὶ
2225 1170 2316 1222 τοῦ
2351 1168 2480 1244 ἴ“.ἱοῦ
2529 1168 2619 1222 τοῦ
2663 1167 2797 1220 Θεοῦ
2843 1165 3368 1236 καταχαριζόμενοι,
3403 1165 3485 1227 ὡς

259 1252 457 1338 Christi
498 1252 772 1352 μάρτυρας
806 1277 930 1347 [hoc
968 1284 1048 1328 est
1091 1270 1302 1340 testes],
1354 1283 1417 1322 eo
1461 1266 1600 1336 quod
1649 1263 1771 1316 testi

1969 1261 2279 1328 ολογήσαιεν
2332 1257 2397 1310 ἂν
2445 1258 2639 1319 πάντες
2687 1257 2814 1327 περὶ
2851 1256 2960 1307 τῶν
3011 1256 3159 1316 ίδίως
3203 1252 3488 1323 ὀνομαζο-

265 1379 491 1432 fieentur
522 1377 584 1428 de
616 1373 730 1434 illo,
772 1373 976 1423 honore
1014 1365 1309 1426 honestari,
1351 1363 1434 1415 cui
1463 1370 1637 1413 tamen
1669 1355 1777 1408 nihi

1974 1367 2074 1401 νων
2135 1347 2420 1418 μαρτύρων
2459 1345 2712 1417 Χριστοῦ.
2761 1346 2825 1397 Τί
2869 1340 2962 1397 οὖν
3013 1342 3366 1412 θαυμαστὸν,
3402 1343 3487 1405 εί,

266 1479 482 1534 prorsus
518 1460 887 1531 gratiﬁcentur
919 1465 1136 1524 propter
1162 1455 1332 1520 ipsam
1370 1445 1785 1503 testificationen

1968 1456 2084 1507 map
2135 1437 2512 1506 ἐκοσμήθησαν
2558 1435 2634 1505 τῷ
2695 1435 2967 1506 μάρτυρες
3026 1430 3166 1486 εἶναι
3229 1433 3487 1503 Χριστοῦ

264 1525 328 1606 de
370 1525 663 1609 FiliovDei,
716 1555 774 1598 ιιι
834 1558 1021 1598 omnes
1073 1541 1268 1595 fassuri
1313 1545 1436 1590 sunt
1491 1537 1556 1588 de
1597 1532 1681 1585 his
1711 1543 1778 1596 qu

1970 1530 2080 1581 λλοὶ
2126 1529 2232 1582 τῶν
2278 1528 2510 1596 γνησίων
2572 1526 2806 1596 Χριστοῦ
2863 1525 3145 1595 μαθητῶν,
3200 1525 3387 1588 οὕτως
3435 1525 3489 1577 οἱ

268 1641 482 1710 proprie
507 1637 704 1692 Christi
739 1625 1083 1688 nominantur
1109 1637 1391 1695 martyres.
1421 1623 1556 1688 Quid
1606 1620 1787 1674 mirum

1972 1621 2170 1687 ιοφῆται
2224 1617 2283 1668 τὸ
2345 1614 2795 1683 προκαταγγεῖλαι
2852 1612 3118 1681 Χριστὸν,
3177 1613 3491 1680 νοήσαντες

267 1690 430 1796 igitur
459 1726 502 1780 si
525 1721 970 1792 quemadmodum
1009 1717 1158 1770 multi
1185 1712 1383 1769 Christi
1438 1709 1676 1779 germani
1719 1704 1786 1756 di-

1979 1710 2087 1769 τὸν,
2117 1707 2282 1778 δῶρον
2311 1708 2413 1759 ὑπὸ
2435 1705 2567 1758 Θεοῦ
2603 1705 2875 1773 εἰλήφασι,
2903 1702 3255 1764 διδάσκοντες
3285 1702 3351 1754 οὐ
3390 1701 3492 1771 μό-

266 1792 450 1884 seipuli
484 1811 818 1867 cohonestati
881 1809 1027 1861 fuere
1048 1846 1062 1870 ,
1102 1820 1167 1857 eo
1197 1804 1339 1870 quod
1372 1807 1551 1852 essent
1600 1796 1785 1850 Christ

1974 1815 1984 1846 ι
2014 1797 2139 1858 τοὺς
2171 1797 2305 1866 μετά
2332 1797 2428 1864 τὴν
2456 1794 2687 1864 Χριστοῦ
2735 1792 3029 1862 ἐπιδημίαν
3057 1792 3094 1844 ἃ
3129 1792 3214 1843 δεῖ
3258 1793 3493 1862 φρονεῖν

268 1881 560 1973 μάρτυρες,
592 1901 660 1954 ita
701 1899 861 1950 etiam
907 1896 1180 1962 prophetae
1207 1899 1556 1961 agnoscentes
1606 1888 1787 1955 ipsum,

1976 1888 2026 1956 pl.
2056 1886 2146 1939 τοῦ
2175 1885 2302 1938 Υίοῦ
2325 1885 2416 1937 τοῦ
2455 1884 2610 1945 Θεοῦ,
2639 1882 2771 1935 ἀλλά
2813 1881 2908 1934 καὶ
2939 1881 3070 1943 τοὺς
3090 1882 3147 1933 ὲν
3176 1882 3492 1952 προτέραις

266 1971 319 2043 id
353 1971 596 2043 muneris
627 2000 656 2037 a
700 1985 806 2038 Deo
845 1981 1152 2049 acceperint
1181 1988 1238 2032 ut
1268 1993 1388 2031 eum
1421 1975 1785 2044 prmcinerent.

1976 1978 2119 2030 είνων
2144 1977 2384 2044 γενεαῖςς
2414 1975 2616 2043 ’Ὠσπερ
2653 1992 2671 2024 t
2708 1974 2736 2024 6
2787 1973 2860 2042 μὴ
2906 1971 3168 2038 ἐγνωκὼς
3212 1972 3316 2025 τὸν
3357 1972 3495 2025 Υἱὸν

268 2078 524 2130 docentes
556 2089 659 2126 non
692 2071 859 2124 solum
900 2068 1025 2135 quid
1065 2067 1166 2119 illis
1195 2067 1279 2132 qui
1312 2074 1430 2131 post
1463 2063 1657 2116 Christi
1709 2059 1787 2111 ad-

1978 2087 2013 2130 θ,
2035 2068 2150 2120 οὐδὲ
2177 2067 2264 2118 τὸν
2290 2065 2502 2134 Πατέρα
2533 2064 2663 2132 ἔχει,
2693 2082 2713 2114 ι
2739 2062 2881 2115 οὕτω
2916 2062 3015 2114 καὶ
3049 2063 3333 2132 πρότερον
3365 2079 3497 2131 νοη-

268 2175 483 2218 venlunt
517 2161 678 2214 futuri
711 2167 864 2212 erant
892 2155 1226 2208 sentiendum
1258 2153 1396 2206 foret
1427 2152 1491 2203 de
1521 2149 1656 2203 Filio
1689 2147 1787 2200 Dei.

1976 2175 2039 2210 ›ν.
2080 2157 2274 2226 Διόπερ
2302 2175 2318 2204 ‹
2360 2153 2604 2226 Ἀϐραὰμ
2655 2153 3046 2221 ἠγαλλιάσατο,
3101 2153 3190 2204 ἵνα
3252 2153 3346 2224 ῖδῃ
3390 2153 3495 2222 τὴν

267 2269 452 2308 verum
496 2253 656 2305 etiam
706 2248 831 2316 quid
887 2245 991 2298 illis
1040 2244 1130 2310 qui
1179 2239 1543 2309 superioribus
1590 2235 1786 2290 sazculi:

1979 2248 2161 2317 ιμέραν
2180 2266 2198 2296 ι
2232 2245 2484 2315 Χριστοῦ,
2509 2263 2526 2294 t
2550 2245 2641 2296 καὶ
2675 2240 2802 2307 εἶδε,
2833 2244 2928 2295 καὶ
2955 2243 3184 2313 ἐχάρη.)
3225 2244 3498 2296 Ἀποστε-

271 2342 454 2397 erant?
484 2337 937 2405 Quemadmodum
971 2334 1112 2387 enim
1136 2333 1261 2398 «qui
1296 2345 1398 2384 non
1431 2329 1646 2397 agnovit
1667 2341 1790 2379 nunt

1976 2339 2016 2389 ἰν
2046 2337 2219 2388 τοίνυν
2266 2333 2507 2402 βούλεται
2535 2333 2625 2385 τὸν
2657 2333 2813 2401 χορὸν
2846 2333 2956 2386 τῶν
2989 2333 3298 2403 προφητῶν
3327 2334 3495 2405 χάριν

271 2429 486 2492 Filium,
519 2441 691 2495 neque
720 2425 929 2478 Patrem
963 2423 1125 2476 habet
1153 2421 1222 2484 ³³,
1259 2438 1277 2470 ι
1310 2420 1386 2473 sic
1421 2421 1582 2472 etiam
1613 2417 1679 2468 de
1714 2431 1790 2469 su-

1980 2444 1998 2477 ν
2027 2425 2282 2494 μεγίστην
2308 2426 2336 2475 6
2362 2423 2674 2492 βουλόμενος
2699 2423 2893 2486 αὐτοὺς
2926 2423 3000 2493 μὴ
3034 2423 3144 2476 δεῖν
3177 2427 3499 2497 μαρτυρεῖν

273 2518 574 2575 uerioribus
601 2513 810 2569 sarculis
835 2510 1280 2566 considerandum
1311 2515 1412 2560 est.
1453 2506 1792 2570 Quamobrem

1980 2517 2029 2584 pl.
2077 2512 2338 2584 Χριστοῦ’
2385 2513 2436 2565 τί
2493 2513 2599 2583 γὰρ
2636 2511 2702 2565 ἂν
2754 2514 2848 2566 καὶ
2893 2516 2927 2584 ή
2973 2517 3293 2585 προφητεία
3342 2520 3377 2587 ἡ
3434 2517 3499 2582 ἐξ

279 2628 298 2660 ι
334 2608 599 2660 Abraham
637 2601 946 2662 exsultavit,
990 2607 1048 2652 ut
1084 2598 1289 2650 videret
1328 2597 1464 2648 diem
1495 2595 1710 2658 Christi,
1753 2603 1798 2648 et

1981 2606 2185 2668 ιπνοίας
2245 2604 2398 2670 ἁγίου
2464 2602 2779 2669 Πνεύματος
2835 2599 2952 2673 εἶχε
3017 2604 3378 2675 τηλικοῦτον,
3445 2609 3498 2660 εί

273 2697 427 2759 vidit,
451 2703 503 2748 et
535 2693 748 2761 gavisus
776 2700 858 2742 est
881 2689 946 2743 ³ο.
972 2707 988 2738 ι
1017 2689 1249 2742 Chorum
1275 2699 1400 2753 ergo
1429 2685 1792 2752 prephetarun

1978 2693 2208 2763 τεξῄρητο
2254 2693 2416 2762 αὐτῆς
2459 2693 2527 2746 τὰ
2574 2692 2701 2762 περὶ
2740 2692 2840 2762 τῆς
2882 2694 3092 2764 Κυρίου
3127 2695 3298 2765 ήμῶν
3346 2699 3497 2750 οίκο-

277 2785 506 2838 maxima
537 2779 840 2848 vultgratia
865 2778 1093 2846 privare,
1125 2775 1368 2842 quisquis
1403 2772 1630 2826 noluerit
1650 2785 1796 2838 opor-

1981 2783 2123 2850 μίας
2163 2782 2248 2843 Ὠς
2290 2781 2398 2850 γὰρ
2443 2783 2476 2850 ή
2519 2781 2796 2834 θεοσέϐεια
2850 2783 3186 2854 κεκόσμηται
3239 2785 3363 2838 τῶν
3407 2787 3500 2841 διὰ

280 2887 394 2928 tere
437 2886 530 2926 cos
557 2873 621 2924 de
651 2869 868 2924 Christo
901 2867 1106 2918 testari.
1139 2864 1275 2929 Quid
1317 2863 1458 2916 enim
1489 2861 1631 2914 aliud
1661 2873 1799 2927 teque

1984 2871 2124 2924 σίτου
2149 2872 2242 2923 καὶ
2278 2870 2574 2941 ἀρχιερέως
2607 2870 2700 2923 καὶ
2733 2872 3088 2943 Παρακλήτου
3122 2874 3220 2928 καὶ
3257 2877 3496 2944 ἐπιστη-

279 2963 548 3018 excellens
582 2959 804 3015 habebit
832 2955 1110 3024 prophetia
1153 2968 1218 3004 ex
1263 2951 1609 3019 inspiratione
1643 2949 1798 3017 Spiri

1977 2960 2149 3022 ›νικῶς
2199 2961 2644 3030 προσερχομένων
2695 2959 2772 3029 τῷ
2827 2961 2935 3014 τῶν
2985 2961 3120 3016 ὅλων
3165 2963 3316 3033 Θεῷ,
3353 2966 3496 3018 σκάο

278 3064 364 3107 fus
412 3051 606 3113 sancti,
641 3051 685 3102 si
739 3040 821 3101 ab'
853 3061 914 3100 ea
965 3043 1313 3096 detrahantur
1359 3055 1478 3109 quae
1507 3041 1572 3093 ad
1607 3038 1791 3093 Domin

1981 3068 2082 3102 υσα
2125 3051 2188 3104 ἂν
2221 3053 2267 3103 εί
2299 3052 2372 3121 μὴ
2414 3052 2501 3106 διὰ
2544 3053 2643 3122 τῆς
2687 3051 2857 3123 θύρας
2903 3070 2988 3116 τις
3023 3055 3166 3125 εἰσίῃ
3213 3057 3356 3126 πρὸς
3399 3057 3498 3110 τὸν

280 3143 446 3197 nostri
480 3138 931 3207 dispensationem
959 3131 1221 3186 attinent?
1255 3129 1325 3184 Ut
1351 3135 1494 3184 enim
1521 3143 1701 3183 eorum
1726 3143 1794 3196 qu

1980 3139 2149 3209 ιτέραο
2184 3139 2354 3203 οὕτως
2377 3141 2474 3192 καὶ
2501 3141 2535 3209 ἡ
2556 3140 2666 3203 τῶν
2701 3141 2868 3194 παλαι
2895 3141 3172 3195 θεοσέϐεια
3203 3147 3274 3213 τῇ
3306 3145 3499 3213 νοήσει

279 3233 452 3302 perite
505 3232 570 3284 ad
624 3229 787 3282 Deum
838 3225 1208 3279 universorum
1252 3237 1346 3291 per
1390 3222 1736 3275 mediatorem
1763 3235 1794 3274 e

1979 3229 2009 3279 ιὶ
2041 3229 2215 3281 πίστει
2248 3231 2341 3282 καὶ⁹
2363 3231 2657 3302 προσδοκία
2683 3230 2916 3300 Χριστοῦ
2946 3232 3065 3302 ἱερά
3085 3228 3177 3302 ἦν,
3214 3236 3316 3287 καὶ
3337 3235 3498 3305 παρά

279 3336 545 3376 summum
597 3319 926 3374 sacerdotem
975 3328 1032 3370 et
1078 3314 1413 3369 Paracletum
1462 3311 1793 3365 accesserint

1978 3318 2032 3388 εῷ
2051 3318 2337 3389 ἀποδεκτήο
2359 3321 2478 3374 ἐπεὶ
2499 3322 2903 3392 τετηρήκαμεν,
2931 3323 3013 3374 ὅτι
3041 3325 3070 3375 6
3097 3323 3232 3386 Θεὸς
3273 3324 3497 3394 μάρτυς

281 3416 450 3482 pietas
497 3415 633 3480 bene
673 3411 920 3464 ordinata
955 3418 1058 3471 est,
1089 3405 1421 3460 decliuatura
1457 3402 1679 3469 alioqui,
1713 3401 1796 3454 nis

1980 3426 2052 3462 mu.
2093 3409 2358 3477 ὁμολογεῖ,
2392 3412 2484 3462 καὶ
2517 3411 2761 3482 περὶτοῦ
2795 3410 3029 3481 Χριστοῦ
3072 3412 3132 3464 τὸ
3183 3414 3322 3466 αὐτὸ
3357 3416 3499 3468 ἀπο-

279 3519 376 3573 per
425 3502 621 3556 ostium
665 3501 787 3568 quis
833 3499 1104 3565 ingressus
1146 3495 1309 3549 fuerit
1355 3493 1420 3546 ad
1468 3492 1702 3554 Patrem,
1740 3490 1798 3543 Sit

1977 3499 2198 3552 ιίνεσθαι
2215 3501 2420 3563 πάντας
2437 3501 2528 3553 ἐπὶ
2553 3502 2614 3554 τὸ
2640 3501 2878 3572 μιμητὰς
2904 3503 3097 3564 αὐτοὺς
3113 3502 3251 3572 (21⁸)
3279 3505 3496 3557 καὶτοῦ

282 3594 444 3646 etiam
481 3589 655 3643 cultus
687 3587 1030 3655 antiquorum
1069 3593 1279 3652 patrum
1326 3583 1558 3644 divinus,
1590 3590 1699 3634 tum
1734 3581 1801 3633 in-

1976 3589 2148 3658 ριστοῦ
2160 3589 2408 3656 γενέσθαι
2421 3593 2765 3662 παρακαλῶν,
2781 3594 2918 3646 κατὰ
2929 3592 2988 3644 τὸ
3005 3595 3304 3662 μαρτυρεῖν
3318 3594 3495 3647 αὐτοῦ

285 3682 595 3750 telligentia,
626 3689 734 3732 tum
765 3678 887 3741 fide,
916 3686 1025 3729 tttm
1052 3674 1280 3742 denique
1311 3672 1510 3726 Christi
1539 3680 1804 3738 exspectas

1975 3671 2120 3748 εχρὴ
2148 3681 2437 3748 μαρτυρεῖν
2453 3697 2464 3708 ·
2487 3681 2616 3750 φησὶ
2637 3683 2760 3751 γάρ·
2785 3699 2801 3732 t
2827 3679 3046 3733 Γένεσθέ
3071 3694 3160 3747 μοι
3180 3680 3494 3749 μάρτυρες,

285 3774 430 3827 tione
457 3784 611 3825 sacer
638 3778 757 3822 erat
785 3779 840 3821 et
868 3766 1002 3834 apud
1025 3765 1190 3818 Deum
1221 3764 1416 3816 charus
1440 3777 1453 3813 :
1483 3761 1804 3829 quandoqui-

1978 3767 2070 3834 ιγὼ
2097 3767 2322 3838 μάρτυς,
2350 3770 2496 3836 λέγει
2521 3771 2718 3839 Κύριος
2738 3772 2765 3822 6
2783 3769 2937 3831 Θεός’
2960 3768 3049 3820 καὶ
3093 3769 3121 3818 6
3146 3773 3279 3831 παῖς
3299 3787 3407 3838 μου
3430 3771 3497 3826 ὃν

285 3862 405 3916 dem
439 3859 842 3914 observavimus
863 3856 1022 3909 etiam
1057 3855 1220 3910 Deum
1260 3866 1317 3906 se
1352 3850 1601 3921 μάρτυρα
1638 3850 1804 3915 fateri1

1979 3855 2264 3926 ελεξάμην.
2280 3859 2420 3920 »Πᾶς
2437 3859 2493 3910 δὲ
2513 3859 2540 3909 6
2563 3855 2849 3926 μαρτυρῶν
2867 3855 2974 3924 (22)
2999 3858 3062 3924 τῇ
3085 3856 3341 3927 ἀληθείᾳ,
3375 3861 3495 3913 εἴτε

284 3955 572 4007 obsecrans
601 3961 787 4002 omnes
818 3955 878 4000 ut
906 3945 1134 4012 idipsum
1158 3945 1224 3997 de
1238 3943 1448 3997 Christo
1473 3943 1631 3994 etiam
1657 3955 1803 3993 enun

1978 3961 2092 4011 γοις
2116 3947 2222 3998 εῐτε
2247 3947 2445 4018 ἔργοις,
2470 3949 2576 4000 εἴτε
2601 3949 2744 4005 ὅπως
2773 3947 2901 3998 ποτὲ
2926 3946 3090 4015 ταύτῃ
3134 3951 3495 4020 παριστάμε-

285 4043 419 4098 tient
456 4061 466 4094 :
505 4052 694 4104 nempe
722 4047 778 4089 ttt
807 4036 914 4088 sint
936 4034 1017 4086 sui
1046 4042 1100 4084 et
1125 4033 1320 4085 Christi
1348 4033 1664 4094 imitatores,
1696 4031 1804 4083 durr

1980 4052 2041 4098 ς,
2090 4036 2297 4107 μάρτυς
2331 4037 2562 4105 εὐλόγως
2606 4037 2670 4090 ἂν
2708 4035 3060 4106 χρηματίζοιο
3097 4036 3213 4089 ἀλλ’
3249 4040 3356 4110 ήδη
3393 4059 3497 4095 κυ-

287 4126 645 4184 testimonium
695 4124 763 4177 de
793 4137 856 4176 eo
891 4120 1131 4189 praebent
1170 4117 1365 4185 quibus
1421 4119 1698 4173 testatione
1740 4131 1806 4172 est

1978 4143 2052 4188 ως
2075 4126 2184 4196 (25)
2202 4129 2271 4180 τὸ’
2285 4129 2381 4199 τῆς
2407 4128 2756 4198 ἀδελφότητας
2790 4128 2927 4190 ἔθος,
2961 4128 3337 4196 ἐκπλαγέντες
3372 4134 3495 4188 διά-

286 4232 450 4287 opns;
481 4212 817 4281 inquitenim
848 4227 903 4264 ε(
935 4210 1120 4264 Estote
1149 4209 1278 4262 tnihi
1309 4216 1509 4272 testes;
1538 4218 1592 4261 et
1621 4223 1721 4276 ego
1747 4217 1805 4263 te-

1986 4230 2068 4265 σιν
2109 4215 2216 4268 τῶν
2264 4218 2368 4280 ἕως
2420 4217 2643 4271 θανάτου
2685 4217 3102 4288 ἀγωνισαμένων
3155 4222 3303 4292 ὑπὲρ
3353 4225 3497 4296 ἀλη-

285 4309 406 4369 stis,
451 4303 578 4357 dicit
604 4302 858 4354 Dominus
887 4299 1041 4364 Deus,
1082 4307 1136 4351 et
1167 4311 1349 4350 servus
1372 4312 1530 4366 quem
1558 4298 1689 4366 elegi
1717 4299 1804 4351 “.t

1977 4301 2072 4362 ;ίας
2120 4304 2153 4372 ἢ
2204 4305 2481 4374 ἀνδρείας,
2533 4307 2734 4377 κυρίως
2773 4308 2962 4376 μόνους
3013 4289 3301 4380 μάρτυρας
3351 4289 3496 4368 ὠνό-

288 4391 543 4461 Quisquis
564 4395 737 4439 autem
775 4385 1093 4438 testificatur
1129 4385 1196 4437 de
1219 4385 1462 4450 veritate,
1491 4396 1600 4436 tum
1639 4386 1807 4439 verbis

1981 4407 2103 4442 ισαν
2146 4394 2271 4456 τοὺς
2303 4399 2368 4465 τῇ
2400 4396 2616 4466 ἐκχύσει
2647 4397 2738 4448 τοῦ
2779 4398 2982 4449 ἑαυτῶν
3009 4398 3245 4466 αἵματος
3282 4419 3500 4473 μαρτυ-

292 4493 404 4536 tum
450 4476 724 4546 operibus,
761 4475 1242 4542 quontodocunque
1274 4472 1463 4526 favens
1491 4473 1588 4538 illi,
1629 4473 1674 4527 is
1699 4474 1811 4541 jurc

1984 4497 2196 4548 ισαντας
2238 4484 2316 4553 τῷ
2362 4485 2460 4555 τῆς
2512 4486 2813 4548 θεοσεϐείας
2868 4488 3187 4557 μυστηρίῳ·
3237 4492 3337 4544 τοῦ
3368 4472 3503 4548 ῨΣω-

291 4570 446 4624 testis
481 4568 736 4622 dicendus
779 4574 891 4629 est;
928 4565 1022 4618 sed
1056 4565 1165 4631 jam
1204 4563 1417 4630 proprie
1456 4564 1591 4631 apud
1629 4562 1810 4617 fratres

1999 4587 2085 4639 ρος
2126 4573 2298 4625 πάντα
2329 4576 2418 4627 τὸν
2455 4576 2824 4646 μαρτυροῦντα
2853 4580 2964 4640 τοῖς
2989 4581 3118 4648 περὶ
3157 4581 3328 4636 αὑτοῦ
3362 4593 3512 4640 κατ-’

289 4675 472 4717 eorum
495 4657 686 4713 affectu
713 4655 1009 4727 perculsos,
1047 4653 1137 4721 qui
1162 4654 1228 4706 ad
1259 4663 1486 4706 mortem
1518 4668 1686 4720 usque
1724 4667 1808 4720 prc

1984 4660 2364 4731 Ύελλομένοις,
2413 4670 2691 4736 μάρτυρας
2741 4667 3135 4738 ὀνομάζοντοςο
3189 4677 3328 4745 φησὶ
3367 4679 3503 4747 γοῦν

288 4752 520 4806 veritate
547 4757 600 4803 et
625 4747 934 4802 fortitudine
957 4745 1330 4805 decertarent,
1377 4744 1706 4798 consuetudo
1740 4744 1807 4795 iu-

1984 4749 2429 4821 ιαλαμὸανόμενος
2479 4759 2589 4818 τοῖς
2651 4756 2964 4820 ἀποστόλοις
2989 4775 3002 4787 ·
3057 4778 3076 4811 ‹
3107 4744 3347 4818 Ἔσεσθέ
3379 4744 3503 4839 ⁷μου

289 4844 454 4898 valuit
477 4851 538 4897 ut
559 4840 701 4896 solos
726 4854 817 4892 eos
839 4845 1104 4902 martyres
1136 4831 1479 4900 appellarent,
1501 4830 1590 4898 qui
1613 4831 1808 4898 sangui

1986 4840 2201 4914 ὶρτυρες
2241 4845 2296 4898 ἐν
2325 4865 2384 4900 τε
2419 4850 2796 4921 Ἰερουσαλὴμ,
2829 4853 2921 4905 καὶ
2964 4856 3022 4907 ὲν
3062 4857 3218 4930 πάσῃ
3260 4865 3332 4932 τῇ
3374 4830 3505 4918 ’ἰου-

358 4937 403 4970 ¹⁹
428 4937 446 4990 1
470 4936 620 4992 Joan.
654 4952 716 4998 tt,
745 4933 836 4987 25.
897 4931 939 4962 ³⁰
961 4929 1114 4983 Joan.
1138 4943 1256 4992 VIII,
1278 4926 1365 4980 56.
1428 4926 1470 4956 ³¹
1501 4926 1604 4980 lsa.
1635 4940 1786 4992 xutt,
1815 4928 1877 4981 10

1681 4941 1786 4992 LIII,
1815 4928 1900 4982 10.
2494 4915 2504 4918 ⁷
2711 4915 2742 4921 ”
3190 4915 3200 4930 ⁸

361 5051 471 5129 (eo)
499 5051 611 5129 _Kal
657 5049 810 5129 ᾴέλο
853 5044 1048 5108 οὐδὲν,
1099 5041 1286 5107 ἀλλά,
1314 5052 1418 5097 etc.
1462 5040 1594 5096 Cod.
1632 5040 1828 5108 Regius

2034 5065 2047 5129 ί
2095 5063 2158 5102 ac
2218 5049 2590 5129 voluntariam
2634 5057 2944 5129 martyrium
2993 5063 3392 5129 appellabant;
3439 5013 3553 5128 et

292 5117 990 5205 ηοδξῂθιῖῗξ-ῨὺξέΫᾈ-,ημ
1030 5183 1178 5205 νυ...
2036 5124 2230 5205 13⁸ῘῖἮῖ
2247 5121 2493 5205 δὲἥίνέιίρ
2511 5122 2590 5205 Vol
2625 5124 2736 5205 sibi.
2769 5110 2916 5205 latus
2962 5110 3498 5205 ei.§é'}$é?§§ér3ni:

517 5188 655 5262 Ἔτι.
693 5184 992 5262 Legendum
1030 5183 1202 5259 :EO’TI.
1529 5256 1541 5262 Δ
1931 5183 2012 5232 vel
2048 5183 2236 5262 laqueo
2265 5183 2436 5251 gulam
2468 5189 2764 5257 fregerant,
2793 5196 2872 5246 vel
2902 5210 2961 5248 se
2989 5211 3053 5250 ex
3089 5183 3491 5262 alio

547 5251 853 5344 Εὀςιρῠιέξὲ
903 5251 1082 5312 αὑτοῦ,
1131 5262 1185 5303 ct
1239 5263 1376 5313 mox,
1428 5256 1546 5318 post
1579 5251 1825 5319 ἠιαρτυ-

1973 5252 2420 5344 [ἓξῖιζιξιιεξὲεξὲημ
2453 5251 2578 5344 ιιιιιῖ
2599 5275 2727 5344 vero
2753 5251 2886 5344 sibi.
2920 5251 3199 5323 coronain—

288 5320 669 5398 psi§,_eb_rodg.
689 5321 868 5398 fiat-1‘.
1101 5384 1125 5394 ~
1267 5393 1277 5398 _
1383 5384 1421 5398 η
1627 5397 1633 5398 7
1683 5385 1714 5398 Α,
1809 5397 1812 5398 ν
1932 5320 2232 5398 ilttpositum
2274 5322 2357 5398 ir_i_
2395 5320 2815 5398 arbitrabantur.
2859 5331 3066 5387 Auctor
3111 5320 3196 5392 est

366 5387 634 5465 (22)]1ᾶς
679 5387 745 5438 δὲ
792 5390 822 5438 ὁ
864 5384 1190 5465 μα’ρτιγριῖξςν,
1231 5393 1344 5465 etc._
1383 5384 1491 5465 l'l‘ac
1535 5385 1823 5465 .nOIati‘onc

1694 5385 1823 5465 ioue
1928 5387 2197 5465 retus‘lib‘.
2226 5388 2508 5465 tv__1l_a_’ret.
2541 5393 2696 5465 Fat»,
2736 5412 2854 5465 cap.
2877 5401 2929 5453 6.
2959 5384 3213 5461 initi—ET:va

297 5445 626 5509 vocab'ulttm'
642 5466 837 5520 martyr
864 5445 1253 5534 an'i‘et't'ttllia‘no
1297 5462 1350 5502 et
1390 5454 1654 5534 Cypriane
1713 5451 1816 5504 frc-

1976 5451 2105 5534 λεδ)
2149 5455 2448 5534 numq
2498 5445 3290 5534 xzptdfe'éiéfiit'éﬁi“habet
3345 5481 3487 5534 inira

301 5532 520 5593 quenter
550 5515 856 5588 usurpatur.
885 5519 1170 5573 Donatista:
1207 5531 1333 5571 vero
1364 5515 1643 5574 violentam
1683 5534 1821 5573 mor—
1926 5515 2181 5587 Origenes
2216 5524 2269 5574 in
2298 5515 2493 5580 Jo'an'n.
2522 5515 2638 5594 xt'tt,
2665 5515 2756 5588 ii.
