3848 6200
287 287 393 346 179

1703 287 2015 345 ORIGENIS

3371 290 3484 345 180

292 419 317 456 c
359 402 478 459 Vidi
510 403 764 474 Spiritum
812 403 1221 460 descendentem
1273 406 1411 461 sicut
1455 409 1800 464 columbams

1909 409 2100 460 αὑτόν⁸
2153 409 2265 461 ἀλλ’
2313 408 2398 461 ἵνα
2449 408 2732 478 φανερωθῇ
2765 407 2842 478 τῷ
2886 406 3120 478 Ἰσραὴλ,
3167 405 3260 460 διά
3311 405 3480 458 τοῦτο

288 491 450 556 coelo,
501 501 554 546 et
601 491 799 546 mansit
842 505 1002 560 super
1026 507 1169 550 eum.
1202 493 1266 548 Et
1293 510 1394 563 ego
1427 512 1528 550 non
1557 513 1809 552 noveram

293 594 415 634 eum
446 598 460 634 :
490 582 582 635 sed
620 581 708 648 qui
747 581 895 634 misit
934 596 1017 634 me
1062 584 1129 636 ad
1169 584 1542 653 baptizandum
1574 587 1626 640 in
1655 602 1811 655 aqua,

285 669 377 723 ille
419 671 546 723 mihi
592 671 726 724 dixit
755 688 770 724 :
803 669 976 740 Super
1001 687 1156 740 quem
1197 675 1396 728 videris
1430 676 1681 745 Spiritum
1718 679 1811 730 de-

281 756 619 810 scendentem
654 768 709 811 et
743 767 1045 814 manentem
1084 775 1244 829 super
1286 778 1428 828 eum,
1477 766 1562 819 hic
1598 775 1679 819 est
1721 767 1810 834 qui

283 845 514 911 baptizat
543 845 592 898 in
624 847 826 914 Spiritu
861 857 1070 904 sancto.
1109 850 1171 902 Et
1208 866 1305 920 ego
1330 853 1460 916 vidi,
1488 862 1539 906 et
1567 855 1812 909 testiﬁca-

284 939 366 985 tus
386 948 525 997 sum,
554 934 694 988 hunc
713 949 830 989 esse
857 935 1048 988 Filium
1083 936 1174 990 Dei
1194 938 1258 992 ³⁹.
1293 957 1311 990 ι
1344 939 1512 994 Porro
1538 943 1809 1010 sextajam

284 1021 401 1075 vice
429 1023 790 1077 testimonium
819 1025 1060 1094 perhibet
1089 1025 1302 1080 Christo
1336 1029 1387 1081 in
1417 1028 1621 1085 duobus
1649 1031 1809 1085 disci-

281 1109 416 1175 pulis
438 1110 710 1176 Joannes,
749 1127 869 1167 cum
907 1131 926 1165 ι
960 1114 1180 1169 intuitus
1209 1115 1388 1171 Jesum
1427 1117 1808 1182 ambulantem,

281 1198 458 1266 inquit
489 1217 502 1253 :
533 1201 671 1256 Ecce
695 1202 880 1271 Agnus
903 1203 990 1257 ille
1016 1205 1108 1258 Dei
1125 1206 1220 1261 ⁸ο.»
1244 1206 1367 1261 Post
1400 1209 1538 1275 quod
1572 1208 1812 1263 testimo-

288 1288 434 1341 nium
472 1303 591 1342 cum
617 1292 892 1346 audissent
923 1296 1026 1347 duo
1068 1295 1309 1364 discipuli
1338 1297 1619 1363 Joannem,
1659 1313 1809 1353 secu-

279 1376 426 1443 tique
461 1375 684 1432 fuissent
722 1378 926 1445 Jesum,
955 1401 974 1432 ι
1005 1398 1294 1440 conversus
1314 1384 1486 1449 Jesus,
1521 1397 1573 1440 et
1599 1389 1810 1456 conspi-

275 1475 428 1517 catus
454 1465 586 1521 duos
621 1479 922 1536 sequentes,
945 1474 1229 1542 respondet
1248 1475 1429 1529 dicens
1450 1491 1467 1525 :
1495 1475 1628 1540 Quid
1659 1491 1808 1544 quaa-

275 1552 492 1607 ritis“?
527 1572 544 1605 ι
576 1555 642 1610 Ει
667 1557 912 1614 fortassis
944 1577 1050 1614 non
1085 1561 1281 1616 frustra
1307 1573 1424 1631 post
1457 1579 1545 1618 sex
1571 1565 1810 1619 testimo-

275 1643 365 1696 nia
417 1655 592 1700 cessat
627 1646 862 1704 Joannes
907 1651 1205 1716 testificari,
1257 1661 1309 1706 et
1348 1652 1500 1706 Iesus
1531 1653 1730 1720 profert
1753 1654 1803 1706 in

277 1734 540 1800 septimo:
567 1755 584 1786 ι
613 1736 749 1803 Quid
771 1740 1074 1808 qumritis?»
1098 1740 1192 1796 llis
1223 1741 1438 1809 insuper
1466 1743 1554 1809 qui
1588 1741 1805 1797 Joannis

258 1820 580 1877 testimonio
617 1825 779 1890 adjuti
817 1825 1038 1893 fuerint,
1071 1843 1172 1882 vox
1201 1838 1283 1883 est
1311 1829 1399 1883 illa
1433 1832 1654 1892 decens,
1689 1846 1806 1899 quae

271 1908 532 1973 praedicat
580 1911 848 1967 Christum
883 1916 1218 1982 magistrum,
1239 1924 1291 1970 et
1322 1917 1519 1971 fatetur
1547 1918 1662 1970 Filii
1711 1919 1802 1971 Dei

272 1997 646 2053 domunculam
701 2017 894 2070 cupere
933 2018 990 2058 se
1041 2005 1258 2059 intueri.
1302 2005 1432 2059 Nam
1469 2009 1650 2062 dicunt
1679 2008 1751 2060 illi
1787 2023 1800 2058 :

275 2103 295 2134 ι
331 2083 520 2149 Rabbi,
543 2089 684 2156 quod
712 2091 910 2145 dicitur
931 2108 993 2146 ex
1025 2093 1487 2162 interpretatione,
1522 2095 1800 2165 Magister,

269 2175 358 2228 ubi
390 2178 700 2232 manes"?i
721 2180 1046 2247 thuoniatn
1070 2181 1282 2236 «Omnis
1314 2184 1402 2250 qui
1431 2188 1638 2250 quaerit,
1662 2184 1804 2238 inve-

270 2264 353 2317 nit
375 2262 440 2328 “,
471 2282 490 2315 ι
522 2267 879 2333 quaerentibus
896 2267 1114 2323 Joannis
1129 2270 1404 2338 discipulis
1425 2269 1546 2325 Jesu
1574 2275 1797 2326 mansio-

267 2365 416 2418 nem,
446 2368 563 2408 eam
594 2358 825 2410 ostendit
870 2358 999 2426 ipsis
1039 2358 1193 2416 Jesus
1225 2361 1445 2416 dicens:
1489 2382 1506 2415 ι
1545 2364 1729 2418 Venite
1748 2372 1802 2417 et

265 2441 542 2509 videte“;
581 2461 600 2495 ι
627 2445 870 2500 fortassis
894 2464 989 2516 per
1019 2463 1223 2514 vocem,
1253 2469 1270 2502 ι
1297 2454 1494 2514 venite,
1523 2473 1542 2506 ι
1574 2455 1801 2509 invitaus

265 2545 360 2584 eos
375 2532 440 2585 ad
463 2546 579 2585 eam
598 2535 939 2603 philosophia:
962 2549 1164 2606 partem
1182 2555 1298 2607 quae
1320 2543 1370 2593 in
1394 2557 1570 2596 rerum
1591 2545 1801 2598 actione

265 2630 546 2686 versatur;
583 2639 679 2691 per
711 2641 891 2680 vocem
925 2643 1052 2682 vero
1077 2647 1096 2679 ι
1131 2631 1327 2694 videte,
1354 2649 1372 2682 ι
1397 2633 1798 2700 contemplatio-

267 2719 391 2760 nem
432 2708 687 2774 praeclare
719 2710 861 2765 facta
903 2724 1237 2781 sequentem,
1288 2718 1506 2771 omnino
1532 2718 1614 2773 his
1662 2720 1800 2774 futu-

266 2811 380 2850 ram
411 2800 499 2867 qui
530 2800 814 2867 voluerint,
854 2803 1162 2872 designans,
1191 2806 1534 2860 exsisteutem
1573 2809 1624 2861 in
1669 2808 1796 2862 Jesu

268 2886 570 2942 mansione.
616 2891 687 2944 At
726 2894 815 2959 qui
859 2895 1182 2962 quaesieram
1222 2896 1310 2948 ubi
1345 2908 1582 2952 maneret
1622 2897 1794 2964 Jesus,

1910 494 2066 568 ἦλθον
2099 497 2205 564 ἐγὼ
2245 499 2301 551 έν
2335 498 2481 551 ὕδατι
2523 499 2812 567 βαπτίζων.
2840 518 2858 549 i
2901 499 3008 551 Καὶ
3057 497 3286 566 πέμπτη
3327 513 3479 566 μαρ-

1908 587 2063 657 τυρία
2090 587 2493 657 ἀναγέγραπται
2525 588 2662 640 κατά
2686 589 2746 641 τό
2765 605 2777 618 ·
2810 607 2827 638 ι
2853 588 3126 657 Τεθέαμαι
3151 585 3212 638 τδ
3240 583 3479 653 Πνεῦμα

1917 673 2230 726 καταϐαῖνον
2261 675 2334 735 ὡς
2367 674 2686 745 περιστερὰν
2730 674 2788 739 ἐξ
2832 673 3081 744 οὐρανοῦ,
3124 674 3220 724 καὶ
3255 670 3480 740 ἔμεινεν

1910 761 1993 811 ἐπ’
2027 761 2202 814 αὑτόν.
2237 760 2404 828 Κάγὼ
2446 762 2545 814 οὑκ
2589 763 2731 832 ᾔδειν
2771 763 2966 814 αὐτόν·
3007 761 3120 813 ἀλλ’
3153 762 3183 811 6
3243 759 3479 828 πέμψας

1911 866 1979 918 με
2011 848 2282 916 βαπτίζειν
2323 851 2378 902 ὲν
2411 850 2593 914 ὕδατι,
2638 851 2836 912 ἐκεῖνός
2898 867 2986 919 μοι
3034 845 3217 901 εἶπεν·
3262 849 3383 916 Ἐφ’
3415 849 3478 900 ὃν

1909 936 1973 988 ἂν
2002 937 2114 1009 ἴδῃς
2145 938 2204 989 τὸ
2229 939 2446 1007 Πνεῦμα
2479 939 2816 1000 καταϐαῖνον,
2846 939 2938 990 καὶ
2968 938 3130 1007 μένον
3164 938 3254 989 ἐπ’
3280 935 3476 998 αὑτὸν,

1907 1020 2058 1087 οὗτός
2103 1028 2246 1079 ἐστιν
2276 1029 2304 1078 6
2349 1027 2623 1096 βαπτίζων
2657 1031 2713 1080 ὲν
2759 1027 3032 1096 Πνεύματι
3088 1027 3256 1095 ἁγίῳ.
3297 1025 3477 1092 Κάγὼ

1909 1113 2145 1182 ἑώρακα,
2184 1115 2278 1166 καὶ
2313 1115 2736 1184 μεμαρτύρηκα,
2787 1115 2867 1165 ὅτι
2911 1107 3064 1174 οὗτός
3096 1115 3248 1164 ἐστιν
3278 1115 3308 1164 6
3345 1113 3476 1174 Υίὸς

1905 1201 1996 1252 τοῦ
2030 1201 2182 1254 Θεοῦ.
2203 1219 2222 1252 ›
2263 1202 2453 1254 Ἕκτον
2489 1202 2544 1253 δὲ
2587 1203 2847 1270 μαρτυρεῖ
2876 1199 2953 1268 τῷ
2987 1198 3212 1268 Χριστῷ
3247 1199 3344 1251 ἐπὶ
3377 1201 3475 1251 δύο

1910 1290 2159 1358 μαθητῶν
2208 1292 2236 1342 6
2271 1291 2549 1361 Ἰωάννης,
2595 1290 2711 1352 ὅτε,
2764 1306 2782 1337 ι
2823 1288 3098 1357 ἐμϐλέψας
3156 1287 3239 1356 τῷ
3291 1287 3472 1355 Ἰησοῦ

1907 1380 2306 1449 περιπατοῦντι,
2335 1380 2504 1447 λέγει·
2532 1381 2636 1432 Ἴδε
2666 1382 2694 1431 6
2723 1379 2916 1446 Ἀμνὸς
2950 1377 3044 1430 τοῦ
3078 1377 3239 1429 θεοῦ.
3267 1395 3287 1429 ι
3329 1376 3472 1430 Μεθ’

1905 1467 1970 1536 ἢν
2013 1469 2310 1538 μαρτυρίαν
2360 1467 2698 1520 ἀκουσάντων
2753 1466 2858 1518 τῶν
2905 1464 2999 1516 δύο
3052 1464 3321 1534 μαθητῶν
3377 1463 3474 1516 τοῦ

1919 1559 2180 1618 Ἰωάννου,
2206 1557 2297 1609 καὶ
2326 1555 2790 1625 ἀκολουθησάντων
2813 1555 2892 1623 τῷ
2918 1553 3115 1622 Ἰησοῦ,
3155 1573 3174 1603 ‹
3203 1556 3475 1623 στραφεὶς

1905 1649 1932 1699 6
1970 1645 2170 1716 Ἰησοῦς
2189 1685 2203 1706 ,
2233 1647 2326 1697 καὶ
2371 1645 2694 1713 θεασάμενος
2721 1646 2844 1706 τοὺς
2871 1642 2964 1695 δύο
2994 1642 3433 1706 ἀκολουθοῦντας
3451 1683 3470 1704 .

1907 1735 2246 1805 ἀποκρίνεται
2306 1734 2507 1800 λέγων·
2563 1734 2626 1784 Τί
2684 1733 2926 1803 ζητεῖτε;
2957 1749 2976 1783 ι
3032 1733 3145 1785 Καὶ
3201 1734 3348 1801 τάχα
3404 1733 3472 1784 οὗ

1906 1824 2079 1892 μάτην
2109 1823 2243 1890 μετὰ
2271 1821 2330 1886 ἒξ
2375 1823 2670 1894 μαρτυρίας
2721 1822 2949 1874 παύεται
2996 1822 3096 1891 μὲν
3135 1824 3166 1874 6
3204 1822 3470 1889 Ἰωάννης

1907 1913 2222 1982 μαρτυρῶν·
2270 1913 2472 1982 Ἰησοῦς
2519 1914 2574 1966 δὲ
2624 1913 2762 1965 κατὰ
2805 1912 2866 1964 τὸ
2911 1912 3140 1980 έῦδομον
3188 1911 3470 1981 προτείνει

1900 2000 1988 2051 τό·
2029 2019 2046 2050 ι
2072 2001 2136 2051 Τί
2175 2001 2416 2068 ζητεῖτε;
2443 2020 2461 2051 ι
2505 2001 2790 2069 Πρέπουσα
2835 2000 2891 2051 δὲ
2942 1999 3323 2067 ὠφελημένοις
3361 1997 3470 2050 ὑπὸ

1901 2089 1998 2157 τῆς
2041 2089 2280 2140 Ἰωάννου
2316 2090 2612 2159 μαρτυρίας
2647 2089 2681 2156 ἡ
2715 2087 2864 2156 φωνὴ
2908 2085 3327 2154 ἀναγορεύουσα
3373 2085 3472 2136 τὸν

1901 2179 2128 2248 Χριστὸν
2165 2177 2490 2242 διδάσκαλον,
2533 2178 2625 2230 καὶ⁸
2660 2175 2992 2246 ὁμολογοῦσα
3031 2174 3092 2226 τὸ
3137 2174 3466 2243 οἰκητήριον

1902 2267 2080 2318 ποθεῖν
2125 2267 2413 2319 θεάσασθαι
2459 2266 2552 2318 τοῦ
2610 2265 2736 2318 Υίοῦ
2791 2265 2886 2318 τοῦ
2945 2264 3117 2316 Θεοῦ’
3166 2265 3308 2330 φασὶ
3353 2264 3465 2333 γὰρ

1900 2354 2074 2424 αὐτῷ·
2128 2373 2146 2406 ι
2179 2355 2394 2415 Ῥαὸὅὶ,
2427 2355 2454 2408 ὃ
2502 2356 2714 2422 λέγεται
2771 2355 3337 2425 μεθερμηνευόμενον,
3385 2354 3464 2405 δι-

1898 2444 2146 2506 δάσκαλε,
2190 2444 2289 2496 ποῦ
2345 2445 2553 2514 μένεις;
2598 2463 2616 2495 ι
2663 2447 2770 2496 Καὶ
2822 2445 2940 2496 ἐπεὶ
2991 2463 3009 2495 ι
3039 2445 3154 2506 Πᾶς
3195 2443 3227 2493 ὁ
3278 2443 3462 2513 ζητῶν

1897 2534 2150 2603 εὑρίσκει,
2178 2552 2195 2584 ι
2230 2533 2490 2603 ζητήσασι
2519 2535 2616 2602 τὴν
2655 2533 2824 2602 Ἰησοῦ
2861 2533 3025 2601 μονὴν
3053 2535 3166 2595 τοῖς
3205 2533 3462 2586 Ἰωάννου

1901 2621 2160 2690 μαθηταῖς
2187 2621 2519 2674 ὑποδείκνυσι
2546 2623 2713 2688 λέγων
2745 2622 2924 2683 αὑτοῖς
2942 2638 2954 2651 ·
2983 2641 3000 2671 ι
3033 2622 3328 2690 Ἔρχεσθε,
3365 2623 3462 2674 καὶ

1895 2709 2160 2778 ὃψεσθεη
2217 2710 2356 2780 τάχα
2404 2711 2489 2763 διὰ
2537 2711 2629 2763 τοῦ
2689 2710 2807 2780 μὲν,
2873 2711 3160 2781 «ἔρχεσθε,
3191 2729 3212 2761 ι
3260 2710 3357 2763 ἐπὶ
3397 2708 3462 2762 τὸ

1897 2799 2188 2868 πρακτικὸν
2210 2801 2400 2864 αὑτοὺς
2423 2800 2770 2870 παρακαλῶνο
2799 2800 2888 2852 διὰ
2915 2800 2971 2851 δὲ
2999 2798 3115 2864 τοῦ,
3144 2817 3162 2849 ι
3192 2799 3457 2868 6ψεσθε,›

1895 2889 1990 2958 τήν
2021 2889 2407 2942 ἀκολουθοῦσαν
2436 2893 2500 2960 τῇ
2531 2889 2859 2961 κατορθώσει
2892 2890 3000 2942 τῶν
3031 2888 3290 2960 πράξεων
3322 2888 3458 2940 θεωο

266 2977 462 3043 quith
488 2980 657 3032 secuti
692 2995 753 3034 ac
778 2983 1074 3049 cunspicati
1115 2984 1424 3052 magistrum
1453 2985 1684 3049 fuerant,
1714 2988 1798 3041 de-

1899 2976 2018 3045 ρίαν
2059 2976 2270 3038 πάντως
2301 2975 2514 3028 ἔσεσθαι
2549 2979 2660 3040 τοῖς
2707 2976 3046 3046 βουλομένοις
3086 2975 3453 3046 ὑπογράφων,

267 3062 632 3122 liberaverunt
677 3069 814 3136 apud
863 3069 1042 3124 Jesum
1093 3086 1404 3140 permanere
1445 3084 1606 3128 totam
1649 3075 1790 3128 illaut

265 3155 428 3219 diem,
459 3171 692 3226 eumque
743 3159 878 3213 Filio
918 3159 1008 3213 Dei
1047 3163 1266 3216 morati.
1296 3163 1490 3216 Verum
1521 3165 1793 3218 enimvero

261 3255 388 3296 cum
409 3245 757 3300 decennarius
787 3263 1042 3304 numerus
1067 3251 1382 3305 observatos
1398 3253 1466 3306 sit
1489 3262 1792 3318 utsanctus,

266 3344 389 3382 cum
419 3334 668 3400 mysteria
705 3349 809 3387 non
835 3351 996 3403 parva
1030 3337 1198 3392 fuisse
1235 3338 1371 3392 facta
1398 3341 1450 3392 in
1477 3342 1794 3396 decennario

264 3431 488 3472 numero
531 3421 916 3486 inseribantur,
965 3425 1365 3497 intelligendum
1413 3439 1492 3484 est
1539 3446 1642 3484 non
1677 3430 1791 3485 fru-

263 3515 374 3559 stra
409 3507 460 3560 in
490 3508 774 3577 Evangelio
804 3513 1059 3567 decimam
1102 3516 1318 3570 inscribi
1363 3517 1548 3570 horam
1575 3519 1639 3583 ⁸⁸,
1670 3533 1790 3572 cum

263 3593 510 3662 discipuli
531 3595 754 3653 Joannis
781 3601 916 3668 apud
943 3601 1122 3656 Jesum
1153 3605 1440 3670 divertunt,
1472 3621 1537 3660 ex
1567 3621 1790 3674 quorum

263 3693 487 3736 numero
522 3693 637 3738 erat
673 3685 911 3742 Andreas
951 3688 1116 3744 frater
1157 3691 1392 3746 Simonis
1437 3692 1578 3746 Petri
1603 3694 1670 3759 ⁸⁸,
1701 3696 1792 3760 qui

263 3772 388 3824 dum
430 3784 666 3828 maneret
699 3777 836 3845 apud
870 3777 1075 3844 Jesum,
1112 3780 1349 3848 adjutus,
1385 3783 1601 3837 invento
1628 3783 1792 3838 fratre

259 3874 360 3916 suo
402 3861 620 3918 Simone
643 3865 687 3897 ⁸⁷
728 3866 901 3934 (forte
947 3869 1088 3922 enim
1139 3881 1290 3924 antea
1331 3888 1436 3926 non
1482 3873 1790 3942 invenerat)

258 3949 507 4007 Messiam
529 3969 588 4009 se
618 3956 886 4012 imenisse
927 3960 1096 4026 inquit
1128 3977 1144 4015 :
1173 3979 1192 4011 ι
1226 3962 1365 4028 quod
1406 3969 1507 4024 est,
1539 3962 1582 4015 si
1627 3961 1791 4016 inter-

258 4041 508 4105 preteris,
557 4042 823 4099 Christus.
865 4066 884 4099 ι
923 4047 1183 4111 Quoniam
1216 4049 1361 4100 enim
1410 4067 1429 4098 ι
1466 4050 1554 4117 qui
1602 4051 1792 4117 quaerit

1893 3065 2177 3134 γινομένην
2205 3066 2262 3117 έν
2293 3067 2358 3136 τῇ
2387 3065 2479 3118 τοῦ
2523 3065 2694 3135 Ἰησοῦ
2728 3067 2879 3135 μονῇ.
2923 3063 3224 3136 Προῦκειτο
3255 3065 3314 3116 δὲ
3341 3066 3456 3124 τοῖς

1893 3151 2150 3220 ζητήσασι
2182 3149 2281 3203 ποῦ
2318 3155 2462 3222 μένει
2493 3153 2521 3204 6
2563 3151 2788 3222 Ἰησοῦς,
2828 3152 3226 3221 ἀκολουθήσασι
3259 3151 3340 3219 τῷ
3371 3149 3458 3202 δια

1891 3239 2158 3308 δασκάλῳ,
2192 3242 2286 3294 καὶ⁹
2333 3241 2714 3308 θεασαμένοις,
2749 3247 3081 3313 παραμεῖναι
3112 3241 3191 3311 τῷ
3246 3240 3450 3310 Ἰησοῦ,

1891 3331 1984 3381 καὶ
2027 3330 2122 3397 τὴν
2153 3330 2359 3399 ἡμέραν
2407 3332 2614 3400 ἐκείνην
2655 3333 3024 3402 συνδιατρῖψαι
3064 3330 3142 3400 τῷ
3193 3331 3310 3400 Υίῴ
3356 3331 3452 3382 τοῦ

1891 3417 2042 3470 Θεοῦ.
2082 3419 2229 3471 Ἐπεὶ
2272 3419 2328 3471 δὲ
2372 3421 2400 3470 6
2455 3421 2675 3484 δέκατος
2727 3422 2956 3492 ἀριθμὸς
3017 3421 3318 3490 τετήρηται
3372 3419 3452 3482 ὡς

1892 3505 2042 3572 ἅγιος
2095 3506 2227 3574 (26),
2273 3508 2372 3561 οὐκ
2426 3509 2619 3575 ὀλίγων
2684 3509 2993 3582 μυστηρίων
3037 3512 3095 3562 ὲν
3144 3512 3211 3578 τῇ
3263 3508 3450 3561 δεκάδι

1890 3595 2363 3663 ἀναγραφομένων,
2397 3599 2674 3664 γεγονέναι
2703 3599 2916 3667 νοητέον
2944 3599 3004 3651 οὐ
3045 3598 3220 3668 μάτην
3252 3599 3348 3651 καὶ
3390 3599 3452 3649 ὲν

1889 3683 1966 3750 τῷ
2005 3675 2312 3753 Εὗαγγελίῳ
2340 3686 2434 3755 τὴν
2465 3687 2696 3758 δεκάτην
2728 3687 3124 3759 ἀναγράφεσθαι
3164 3685 3317 3755 ὥραν
3346 3687 3450 3755 τῆς

1889 3768 1995 3823 τῶν
2029 3771 2268 3822 Ἰωάννου
2301 3773 2554 3842 μαθητῶν
2593 3775 2742 3845 παρά
2781 3775 2858 3843 τῷ
2890 3772 3062 3842 Ἰησοῦ
3088 3773 3445 3841 καταγωγῆςο

1887 3854 1962 3911 ὧν
2003 3860 2250 3930 Ἀνδρέας
2279 3863 2307 3914 6
2345 3863 2566 3932 ἀδελφὸς
2600 3865 2835 3934 Σίμωνος
2877 3864 3081 3934 Πέτρου
3127 3858 3218 3930 ἦν,
3255 3865 3441 3924 ὅστις,

1887 3946 2182 4015 ὠφεληθεὶς
2208 3949 2264 4001 ὲν
2289 3950 2364 4018 τῷ
2395 3953 2904 4023 παραμεμενηκέναι
2927 3953 3003 4022 τῷ
3038 3951 3231 4021 Ἰησοῦ,
3263 3951 3444 4021 εὑρὼν

1887 4035 1975 4086 τὸν
2005 4035 2224 4103 ἀδελφὸν
2262 4038 2351 4090 τὸν
2395 4040 2522 4094 ίδιον
2556 4043 2790 4110 Σίμωνα,
2824 4042 2979 4112 (τάχα
3025 4040 3132 4110 γὰρ
3173 4041 3446 4111 πρότερον

1887 4124 1985 4192 οὐχ
2023 4122 2276 4193 εὓρητοο)
2333 4128 2494 4195 φησὶν
2541 4131 2831 4200 εὑρηκέναι
2879 4132 2973 4183 τὸν.
3023 4131 3303 4196 Μεσσίαν,
3363 4150 3381 4180 ι
3415 4133 3444 4184 ὃ

1889 4213 2000 4264 ἐστι
2054 4211 2579 4284 μεθερμηνευόμενον
2634 4220 2928 4289 Χριστός.»
2972 4220 3122 4271 Ἐπεὶ
3169 4220 3317 4289 γάρ,
3369 4240 3388 4271 ‹
3416 4222 3446 4273 6

257 4128 465 4183 invenit
483 4129 554 4194 ",
583 4150 602 4183 ι
625 4134 910 4199 quaesierat
938 4144 1116 4187 autem
1149 4135 1236 4187 ubi
1256 4144 1492 4189 maneret
1522 4135 1705 4200 Jesus;
1737 4145 1791 4191 et

259 4228 497 4280 secutus,
523 4233 643 4272 cum
679 4223 1036 4290 perspexisset
1069 4224 1184 4288 eius
1216 4225 1565 4296 mansionem,
1610 4234 1791 4278 manet

256 4303 399 4369 apud
433 4304 714 4359 Dominum
751 4325 769 4357 c
807 4309 1013 4363 decima
1054 4310 1181 4362 hora
1212 4309 1281 4373 ⁸⁸,
1321 4329 1340 4360 ι
1382 4319 1436 4363 et
1468 4311 1670 4364 invenit
1697 4311 1788 4365 Dei

1899 4299 2062 4368 ζητῶν
2095 4301 2353 4372 εὑρίσκει,
2380 4323 2398 4353 ι
2442 4306 2672 4376 ἐζήτησε
2713 4307 2770 4360 δὲ
2815 4309 2915 4360 ποῦ
2949 4308 3098 4378 μένει
3137 4310 3166 4360 ὁ
3202 4308 3442 4383 Ἰησοῦς’

253 4391 471 4457 Filium,
501 4391 814 4448 Sermonem
843 4396 1066 4463 scilicet,
1094 4406 1148 4450 et
1191 4397 1295 4466 91
1352 4400 1686 4468 sapientiam,
1737 4409 1792 4454 et

1899 4392 1985 4443 καί⁵
2016 4391 2397 4462 ἀκολουθήσας,
2427 4394 2704 4466 θεωρήσας
2739 4396 2902 4448 αὑτοῦ
2931 4397 3026 4466 τὴν
3061 4397 3247 4466 μονὴν,
3275 4415 3446 4466 παρα·

256 4481 462 4549 regitur
492 4482 562 4535 ah
587 4481 741 4548 ipso;
775 4483 909 4539 hanc
935 4485 1003 4540 ob
1031 4499 1247 4540 causam
1286 4488 1495 4556 inquit:
1531 4507 1551 4539 ι
1589 4490 1790 4544 Inveni-

1899 4480 2040 4548 μένει
2078 4479 2154 4548 τῷ
2184 4482 2369 4551 Κυρίῳ
2401 4501 2418 4532 ι
2439 4485 2494 4534 ὲν
2527 4490 2595 4556 τῇ
2623 4487 2824 4558 δεκάτῃ
2854 4487 3024 4558 lupa,»
3063 4487 3159 4540 καὶ
3200 4487 3446 4556 εὑρίσκει

257 4583 376 4622 tuus
402 4569 648 4624 Messiam
688 4573 735 4603 ⁸⁸
769 4587 785 4623 :
823 4595 844 4623 ι
876 4589 992 4642 qum
1015 4589 1114 4629 vox
1163 4591 1194 4629 a
1237 4580 1428 4647 quovis
1456 4579 1557 4633 dici
1592 4579 1790 4647 poterit

1899 4569 1976 4621 τὸν
2001 4567 2126 4622 Υίὸν
2157 4569 2249 4621 τοῦ
2280 4570 2438 4633 Θεοῦ,
2464 4573 2555 4626 τὸν
2599 4576 2788 4642 Λόγον,
2828 4576 2920 4627 καὶ
2950 4574 3048 4642 τὴν
3092 4575 3305 4642 σοφίαν,
3345 4574 3444 4642 βα-

257 4659 348 4726 qni
381 4658 646 4715 invenerit
676 4661 769 4718 Dei
799 4661 1110 4720 Sermonem
1146 4678 1200 4720 et
1232 4668 1324 4736 qui
1367 4669 1433 4721 ab
1464 4668 1631 4736 ipsius
1655 4667 1786 4720 divi-

1899 4658 2151 4711 σιλεύεται
2185 4660 2241 4712 δὲ
2280 4662 2368 4713 ὑπ’
2390 4663 2551 4716 αὑτοῦ
2569 4680 2584 4694 ’
2613 4664 2698 4717 διὰ
2724 4665 2879 4717 τοῦτό
2909 4682 3097 4733 φησιν·
3132 4684 3150 4716 ι
3186 4666 3448 4736 Εὑρήκα-

252 4747 424 4801 nitate
453 4748 675 4814 regitur.
729 4749 981 4806 Fructum
1029 4767 1157 4806 vero
1202 4768 1324 4808 mox
1369 4753 1524 4808 oll'ert
1573 4753 1784 4808 Christo

1899 4764 1988 4816 μεν
2019 4746 2108 4800 τδν
2138 4749 2396 4802 Μεσσίαν.
2423 4769 2441 4801 ι
2478 4751 2623 4821 Δῦτη
2659 4753 2715 4805 δὲ
2745 4756 2781 4824 ἡ
2812 4755 2962 4825 φωνὴ
2994 4755 3100 4808 ὑπὸ
3152 4759 3355 4821 παντὸς
3379 4758 3448 4812 ἂν

253 4837 475 4891 fratrem
514 4837 788 4894 Simonem
823 4841 864 4872 ⁵³
891 4855 905 4889 :
933 4855 1091 4911 quem
1123 4851 1183 4896 ut
1227 4857 1446 4895 munere
1489 4840 1642 4894 Jesus
1673 4843 1784 4894 sin-

1899 4835 2092 4902 λέγοιτο
2133 4835 2317 4889 τοῦτον
2347 4839 2439 4891 τοῦ
2482 4841 2614 4892 Θεοῦ
2648 4843 2816 4911 Λόγον
2844 4845 3161 4915 εὑρηκότος,
3199 4850 3296 4901 καὶ
3341 4849 3450 4902 ὑπὸ

255 4925 921 4995 gulariremuneraretur,
956 4930 1010 4983 in
1055 4931 1226 4999 ipsum
1278 4930 1504 4984 intuitus
1531 4937 1633 4992 est,
1690 4941 1784 4996 per

1899 4926 1984 4993 τῆς
2032 4925 2298 4994 θειότητος
2350 4929 2512 4981 αὐτοῦ
2581 4930 3016 5003 βασιλευομένου.
3064 4939 3296 5010 Καρπδν
3350 4941 3448 4994 καὶ

206 5055 211 5062 ν
307 5013 552 5097 3.999“-
587 5018 627 5097 !2
658 5019 729 5097 ἕξ
754 5019 883 5097 ἕλει-
918 5021 964 5053 ⁸⁰
986 5020 1135 5097 ἓΡῖέι.
1159 5019 1506 5097 .⁵⁵;.⁵⁶·.-ἶ¹.
1535 5020 1664 5097 ευξα·
1693 5019 1782 5082 ⁵⁷υ

1899 5017 2032 5097 ,Διί
2052 5017 2180 5081 ibid,
2214 5019 2336 5097 58;-
2387 5019 2667 5097 “__l\l_att_h.
2709 5039 2805 5097 νυ,
2846 5026 2940 5097 8._
2974 5027 3020 5097 9
3065 5029 3224 5084 Joau.
3274 5047 3313 5097 ι,
3349 5033 3442 5087 59.

307 5081 352 5112 “
380 5083 511 5136 ibid.
585 5085 630 5116 “
661 5087 786 5140 ibid.
819 5087 908 5142 40.
984 5089 1029 5120 ⁸⁷
1065 5089 1196 5142 ibid.
1228 5089 1317 5143 41.
1391 5088 1436 5121 ⁸⁸
1463 5087 1649 5141 Matth.
1684 5081 1778 5150 vn,

1933 5085 1977 5116 δ’
2004 5084 2160 5138 Joan.
2202 5100 2241 5150 ι,
2271 5087 2359 5142 39.
2434 5089 2482 5121 ⁸⁸
2509 5091 2637 5144 ibid.
2663 5107 2700 5154 ι,
2739 5081 2826 5145 «il.
2903 5095 2946 5128 '-'
2977 5081 3232 5153 ιδιά.ᾎὶ

327 5169 436 5238 (‘26)
461 5173 728 5248 _Origen_cs
756 5177 888 5248 intra
921 5187 1048 5248 tom.
1093 5195 1148 5234 χ.
1180 5193 1235 5232 n.
1258 5177 1326 5248 50
1351 5177 1525 5231 medio
1557 5176 1779 5248 εταῦτα
1884 5175 2178 5248 κεῖονῇεεερ
2218 5176 2368 5248 dicit.
2400 5177 2464 5230 Et
2501 5178 2555 5248 in
2595 5179 2695 5232 alia
2730 5178 2912 5248 Regia;
2949 5185 3300 5241 Bibliotheca;
3333 5187 3442 5242 Ca-

253 5237 430 5327 Gé‘got
457 5243 513 5316 ἐν
539 5237 683 5322 ἀρχῇ
705 5243 795 5294 τοῦ
823 5245 1054 5327 δεκάτου
1076 5248 1242 5327 δόμου
1273 5245 1483 5327 λέγεται
1514 5245 1648 5315 πρὸς
1697 5245 1778 5305 σὲ.

1899 5257 2003 5327 .ena
2038 5242 2093 5327 in
2133 5242 2560 5327 Prophetas,mad
2604 5237 3060 5327 Ezeeh.:|v,_10:

255 5305 518 5395 πολλαχοῦ
560 5305 767 5395 δρῶντι.
789 5313 901 5395 τῆς,
922 5305 1157 5395 Γραδοῆς
1191 5305 1779 5395 διαιρερούσης’;ιερονοα
1882 5305 2664 5395 γάρ-τὸνῄοῦξωςοάκάθιαρτον
2711 5305 3133 5395 βρωθησρμενον*

257 5325 518 5373 πολλαχου
560 5325 750 5426 ορωντι
789 5329 887 5379 της
924 5325 1137 5383 ι’ραφης
1191 5325 1544 5384 διαφερούσης
1585 5329 1779 5383 προνοσο
1882 5325 1988 5427 γαρ
2023 5325 2110 5360 τον
2148 5325 2316 5373 ουτως
2362 5325 2664 5381 ἀκάθαρτον
2711 5325 3125 5397 βρωθησὸμενον
3172 5325 3350 5395 ἄρτον
3376 5326 3442 5402 ἐν

257 5374 584 5462 magnifice)!
614 5393 680 5462 τα
714 5378 808 5462 ίτὺν
849 5379 1264 5462 δέκαιάριθμόν.
1308 5382 1435 5436 Item
1484 5385 1537 5436 in
1563 5383 1776 5462 Catena
1881 5380 1952 5462 ἀγ
1976 5379 2574 5462 ῳὶπαραλαμξάνεσθαι
2616 5383 2831 5462 ἀριθμῳ
2854 5391 3122 5462 ,ραι-,οἶος
3150 5391 3300 5462 aha
3339 5409 3443 5462 φης

254 5439 586 5520 Chisleriaua
617 5444 672 5495 in
699 5445 1003 5527 laremqad
1041 5439 1160 5516 cap.
1184 5465 1359 5527 rixam,
1387 5447 1654 5527 ve_rs.Al7,_
1685 5451 1778 5527 de—

1899 5439 2112 5527 ἰεκάδος,
2140 5439 2234 5526 καὶ
2261 5439 2564 5527 ἑβδομάδος,
2592 5439 2684 5527 καὶ
2701 5439 3136 5527 εριάέάδοςζδὶὲιι

257 5509 464 5562 narium
507 5524 783 5565 numerum
835 5509 1354 5584 Origenes'sékstou
1387 5518 1476 5569 καὶ
1523 5515 1656 5569 Θεοῦ
1700 5518 1776 5567 ol-

1899 5513 1984 5564 καί
2009 5529 2148 5576 τινες
2167 5514 2273 5568 τῶν
2297 5509 2494 5584 ὁμοίων
2523 5509 2788 5587 ἀριθμῶν.
