3848 6172
465 374 567 428 181

1558 380 1900 436 COMMENT.
1932 381 1997 436 IN
2027 381 2212 434 JOAN.
2249 376 2484 434 TOMUS
2519 371 2576 426 ΙΙ.

3554 377 3654 432 182

465 485 665 547 εὐθέως
701 477 945 552 προσάγει
983 481 1091 536 τὸν
1125 487 1350 556 ἀδελφὸν
1389 489 1461 560 τῷ
1501 493 1737 562 Χριστῷ,
1761 489 1803 561 ᾧ
1831 495 2020 563 Σίμωνι

2131 493 2274 545 illum
2308 491 2557 544 intuitum
2587 489 2860 544 declarans
2888 505 2943 545 se
2971 489 3203 544 Simonis
3226 504 3404 543 curam
3439 504 3647 558 gerere,

464 570 756 640 ἐχαρίσατο
789 568 816 618 ὁ
860 566 1086 635 Ἰησοῦς
1132 576 1196 627 τὸ
1231 577 1488 647 ἐμϐλέψαι
1526 581 1701 650 αὐτῷ,
1737 583 1868 653 ὅπερ
1914 583 2027 634 ἐστὶ⁸

465 659 563 712 διὰ
587 661 678 712 τοῦ
707 656 959 730 ἐμϐλέψαι
991 661 1374 736 ἐπισκοπῆσαι
1403 671 1494 721 καὶ
1525 672 1749 736 φωτίσαι
1775 672 1936 725 αὑτοῦ
1972 674 2029 725 τὸ

469 750 820 819 ήγεμονικόνυ
846 748 936 801 καὶ
963 750 1260 826 δεδύνηται
1290 758 1374 810 διὰ
1399 761 1458 811 τὸ
1481 761 1859 829 ἐμϐεϐλεφέναι
1886 763 2029 832 αὐτῷ

469 839 572 891 τὸν
609 840 804 909 Ἰησοῦν
839 841 866 891 ὁ
897 840 1090 909 Σίμων
1140 845 1519 916 βεϐαιωθῆναι,
1557 850 1691 903 ὥστε
1730 852 1820 904 τοῦ
1869 853 2026 922 ἔργου

464 927 579 994 τῆς
627 929 956 997 βεϐαιότητος
990 933 1089 983 καὶ
1123 934 1223 1003 τῆς
1256 938 1605 1006 στερρότητος
1633 939 1909 1009 ἐπώνυμος
1940 959 2031 1009 γε-

465 1013 689 1079 νέσθαι,
716 1018 805 1068 καὶ
833 1015 1099 1088 κληθῆναι
1131 1022 1358 1091 Πέτρος.

550 1103 641 1156 50.
689 1103 820 1155 Ἀλλ’
861 1104 976 1174 ἐρεῖ
1005 1123 1122 1170 τις,
1152 1109 1203 1159 τί
1233 1110 1425 1178 δήποτε
1457 1115 1805 1182 προκειμένου
1845 1115 2029 1186 διηγή-

469 1192 680 1244 σασθαι
703 1193 780 1244 τόδ
821 1212 838 1244 t
873 1189 1039 1257 Οῦτος
1061 1193 1223 1265 ἦλθεν
1255 1201 1332 1260 είς
1360 1204 1675 1271 μαρτυρίαν,
1708 1205 1792 1257 ἵνα
1827 1224 2027 1274 μαρτυ-

469 1283 625 1350 ρήσῃ
657 1283 780 1351 περὶ
801 1283 892 1334 τοῦ
923 1285 1116 1352 φωτὸς,
1150 1305 1168 1337 ι
1195 1288 1364 1340 πάντα
1383 1291 1550 1342 ταῦτα
1569 1292 2024 1363 διεξεληλύθαμεν;

462 1369 713 1421 Λεκτέον
742 1369 827 1433 δὲ,
857 1371 936 1423 ὅτι
965 1372 1070 1424 ἔδει
1114 1377 1453 1444 παραστῆσαι
1485 1379 1580 1441 τάς
1613 1383 1910 1450 μαρτυρίας
1936 1383 2026 1434 τοῦ

478 1457 740 1510 Ἰωάννου
768 1459 864 1522 τὰς
894 1463 1020 1530 περὶ
1048 1462 1141 1514 τοῦ
1175 1465 1345 1530 φωτὸς
1367 1505 1382 1528 ,
1413 1468 1506 1518 καὶ
1549 1469 1642 1538 τὴν
1675 1470 1820 1532 τάξιν
1853 1473 2027 1525 αὐτῶν

460 1544 772 1610 ἐκθέσθαι,
821 1549 921 1616 τήν
959 1567 1019 1601 τε
1069 1551 1500 1623 ἀκολουθήσασαν
1539 1553 1616 1620 οἷς
1661 1561 2028 1630 ἐμαρτύρησεν

458 1631 778 1699 ὠφέλειαν,
813 1638 1104 1708 γενομένην
1135 1641 1271 1693 κατά
1315 1643 1410 1710 τὴν
1451 1646 1687 1698 Ἰωάννου
1733 1650 2027 1718 μαρτυρίαν

459 1719 709 1808 ἀπὸτοῦ
755 1723 929 1793 Ἰησοῦ
949 1763 964 1789 ,
1001 1727 1084 1778 ἵνα
1117 1728 1175 1779 τὸ
1203 1731 1458 1801 ἀνύσιμον
1485 1735 1578 1801 τῆς
1620 1736 1860 1789 Ἰωάννου
1895 1756 2030 1808 μαρ-

455 1807 670 1877 τυρίας
699 1809 930 1881 δηλωθῇ.
970 1815 1077 1866 Καὶ
1105 1817 1207 1885 πρὸ
1252 1820 1358 1871 τῶν
1382 1821 1607 1874 ἐνταῦθα
1633 1823 1687 1875 δὲ
1719 1807 2021 1895 μαρτυριῶν

457 1896 503 1961 ἠ
545 1896 1046 1983 ἐν-τῇγάγαλλιάσει
1081 1903 1356 1972 σκίρτησις
1397 1907 1486 1958 τοῦ
1528 1909 1825 1963 Βαπτιστοῦ
1859 1914 1916 1964 ἐν
1957 1917 2020 1983 τῇ

456 1980 653 2050 κοιλίᾳ
677 1982 779 2051 τῆς
821 1985 1093 2039 Ἐλισάϐετ
1130 1990 1220 2042 ἐπὶ
1254 1991 1329 2060 τῷ
1366 1993 1634 2064 ἀσπασμῷ
1676 1998 1773 2066 τῆς
1813 1980 2023 2068 Μαρίας

458 2071 752 2138 μαρτυρία
773 2073 900 2142 περὶ
927 2075 1156 2144 Χριστοῦ
1181 2074 1266 2148 ἦν,
1297 2083 1685 2150 μαρτυροῦντος
1705 2089 1768 2155 τῇ
1797 2087 2022 2157 θειότητι

453 2157 577 2247 ξτῇς
627 2159 938 2229 συλλήψεως
971 2165 1064 2215 καὶ
1103 2168 1363 2233 γενέσεως
1404 2172 1584 2224 αὐτοῦ.
1629 2176 1734 2226 Καὶ
1778 2177 1830 2228 τί
1875 2180 2020 2247 γάρ;

455 2245 547 2295 Ἦ
575 2247 848 2316 πανταχοῦ
877 2251 1082 2320 μάρτυς
1109 2255 1200 2306 καὶ
1230 2257 1524 2327 πρόδρομος
1550 2263 1640 2313 τοῦ
1682 2264 1849 2332 Ἰησοῦ
1879 2245 2021 2318 ἐστιν

453 2333 491 2384 ὁ
541 2333 814 2404 Ἰωάννης,
859 2340 1250 2408 προλαμϐάνων
1291 2347 1389 2416 τὴν
1439 2349 1646 2414 γένεσιν
1687 2354 1846 2406 αὐτοῦ
1873 2395 1885 2417 ,
1929 2359 2021 2408 καὶ

454 2421 580 2488 πρὸ
618 2421 797 2489 ὀλίγου
830 2425 920 2477 τοῦ
966 2427 1188 2482 θανάτου
1225 2434 1574 2506 ἀποθνήσκων
1621 2441 1710 2492 τοῦ
1757 2443 1877 2496 Υίοῦ
1927 2448 2018 2498 τοῦ

450 2509 636 2573 Θεοῦ,
671 2512 755 2564 ἵνα
791 2514 864 2583 μὴ
900 2517 1055 2584 μόνον
1098 2524 1206 2583 τοῖς
1243 2524 1300 2574 ἐν
1347 2527 1592 2592 γενέσει,
1639 2530 1770 2582 ἀλλά
1794 2535 2020 2597 καὶτοῖς

454 2599 814 2692 προσδοκωσι
832 2604 929 2672 τὴν
948 2606 1033 2658 διὰ
1054 2610 1284 2680 Χριστοῦ
1308 2614 1414 2665 ἀπὸ
1436 2615 1660 2670 Θανάτου
1694 2621 2014 2692 ἐλευθερίαν,

453 2686 577 2779 πρὸ
607 2685 702 2779 τοῦ
735 2690 969 2759 Χριστοῦ
1001 2695 1298 2766 ἐπιδημῶν,
1331 2703 1597 2770 πανταχοῦ
1627 2685 1889 2779 ἑτοιμάση
1913 2685 2019 2762 K0;-

459 2774 572 2867 ρίῳ
611 2774 748 2867 -λαὸν
790 2785 1308 2853 κατεσκευασμένον·
1354 2788 1538 2855 φθάνει
1575 2792 1631 2844 δέ
1667 2774 1756 2846 καί
1921 2798 2017 2867 τὴν

453 2863 726 2934 δευτέραν
751 2867 985 2937 Χριστοῦ
1015 2875 1328 2942 παρουσίαν,
1354 2879 1443 2929 καὶ
1470 2879 1810 2954 θειοτέραν,ἡ
1846 2863 2018 2939 Ἰωάν-

453 2970 557 3004 νου
596 2957 893 3026 μαρτυρία.
932 2978 949 3008 t
984 2962 1045 3013 El
1071 2964 1175 3033 γὰρ
1215 2964 1410 3032 θέλετε,
1440 2969 1588 3038 φησι,
1624 2971 1889 3038 δέξασθαι,
1923 2977 2017 3027 αύ-

449 3042 557 3155 Ῐός
585 3043 966 3155 ’ἐστινιἮλίας
1004 3052 1033 3102 ό
1076 3053 1278 3155 μέλλων
1315 3056 1579 3126 ἔρχεσθαι.
1651 3063 1705 3114 Ὁ
1744 3064 1878 3133 ἔχων
1902 3061 2013 3121 ὦτα
2041 3099 2082 3155 C

452 3131 708 3222 ἀκούειν,
736 3135 998 3189 ἀκουέτω.
1037 3158 1056 3190 ι
1092 3140 1266 3212 Οὔσης
1298 3145 1352 3195 δὲ
1388 3147 1556 3216 ἀρχῆς
1598 3151 1652 3202 ἐν
1824 3156 2010 3222 Λόγος,

452 3219 682 3287 (ἥντινα
714 3223 904 3290 σοφίαν
931 3223 1065 3278 εἶναι
1107 3231 1214 3282 ἀπὸ
1251 3233 1354 3283 τῶν
1395 3219 1716 3306 Παροιμιῶν*
1738 3219 2012 3306 ἀπεδείξα-

454 3323 572 3402 μεν
585 3307 627 3374 ⁹)
649 3308 802 3402 ὄντος
830 3312 887 3364 δὲ
915 3315 1006 3402 καὶ
1035 3316 1128 3368 τοῦ
1155 3319 1343 3386 Λόγου,
1372 3326 1662 3396 γενομένης
1683 3345 1739 3380 τε
1764 3331 1819 3379 ἐν
1847 3334 2016 3402 τούτῳ

451 3393 632 3486 ςωῆς,
805 3415 865 3450 τε
918 3400 1059 3472 ζωῆς
1083 3409 1447 3479 τυγχανούσης
1484 3393 1654 3478 φωτός
1703 3393 2014 3486 ἀνθρώπων,

450 3479 618 3550 ζητῶ
648 3485 701 3535 τί
732 3484 930 3555 δήποτε
979 3491 1007 3541 ὁ
1038 3493 1320 3562 γενόμενος
1371 3517 1389 3547 ‹
1429 3499 1724 3570 ἄνθρωπος,
1755 3479 2018 3560 ἀπεσταλέ

455 3571 631 3666 μένος
653 3575 804 3666 παρὰ
827 3577 983 3641 Θεοῦ,
1015 3574 1058 3646 ᾦ
1097 3583 1264 3654 ὄνομα
1300 3588 1566 3660 Ἰωάννης,
1599 3588 1757 3661 ἦλθεν
1779 3598 1856 3658 είς
1883 3614 2018 3666 μαρ-

452 3659 691 3746 τυρίαν,
744 3663 830 3715 ἵνα
884 3671 1202 3742 μαρτυρήσῃ
1243 3676 1370 3744 περὶ
1411 3659 1509 3728 τοῦ
1530 3659 1702 3746 φωτός
1735 3698 1749 3744 ;
1787 3701 1806 3732 ι
1843 3659 1940 3736 Διά
1964 3659 2019 3735 τί

457 3741 560 3841 οῦν
596 3749 696 3819 οὐχ
726 3751 812 3841 ἵνα
847 3741 1326 3832 μαρτυρήσῃίπερὶ-
1349 3764 1444 3833 τῆς
1467 3741 1628 3834 ζωῆς,
1652 3741 1689 3835 ἢν
1709 3741 1791 3821 ἵνα
1815 3788 2018 3841 μαρτυ-

461 3839 619 3908 ρήσῃ
651 3840 778 3908 περὶ
817 3841 911 3894 τοῦ
944 3843 1114 3911 Λόγου
1138 3886 1154 3909 ,
1192 3848 1225 3916 ἢ
1267 3851 1390 3919 περὶ
1421 3852 1518 3921 τῆς
1553 3854 1746 3922 ἀρχῆς,
1775 3859 1807 3926 ἢ
1837 3839 2020 3923 ὁποίας

455 3927 670 3996 δήποτε
697 3930 862 4016 ἄλλης
890 3933 1128 4016 ἐπινοίας
1168 3937 1260 3989 τοῦ
1291 3941 1521 4009 Χριστοῦ
1555 3959 1568 4004 ;
1616 3945 1931 4016 Ἐπίσκεψαι
1965 3950 2019 4002 δὲ

456 4019 508 4069 εί
527 4017 752 4088 μὴ(26⁹)
773 4035 791 4066 ‹
809 4015 838 4066 ὁ
855 4015 986 4080 λαὸς
1005 4021 1176 4093 ὁκαθή
1184 4042 1338 4094 μενος
1353 4030 1408 4080 ἐν
1427 4031 1597 4101 σκότῳ
1612 4033 1722 4103 φῶς
1731 4029 1834 4087 εἶδε
1849 4015 2004 4105 μέγα,
2018 4057 2036 4090 ι

457 4107 562 4197 καὶ
580 4107 704 4197 ἐπεὶ
733 4125 753 4157 t
775 4107 836 4160 τὸ
863 4109 978 4197 (ρῶς
999 4112 1054 4165 ἐν
1079 4116 1142 4182 τῇ
1172 4116 1355 4186 σκοτίᾳ
1387 4119 1582 4185 φαίνει,
1608 4140 1625 4170 ›
1650 4121 1721 4192 μὴ
1748 4128 2019 4197 καταλαμφ-

455 4194 764 4262 ϐανόμενον
796 4196 887 4248 ὑπ’
918 4198 1106 4267 αὐτῆς,
1136 4203 1184 4252 οἱ
1216 4206 1271 4254 ἐν
1297 4205 1468 4274 σκότῳ
1503 4210 1852 4277 τυγχάνοντες
1882 4194 2022 4266 δέον-

451 4300 552 4336 ται
581 4285 778 4349 φωτὸς,
808 4287 1084 4342 τουτέστιν
1104 4290 1151 4340 οί
1173 4291 1460 4360 ἄνθρωποι.
1480 4296 1545 4347 Ei
1565 4297 1669 4366 γὰρ
1695 4299 1753 4350 τὸ
1781 4300 1894 4367 φῶς
1916 4302 2022 4356 τῶν

2128 584 2319 635 anima!
2350 581 2493 632 illius
2535 587 2686 644 parte
2725 581 3162 644 praestantissima
3205 579 3469 632 illustrata
3510 594 3524 630 :
3560 593 3652 646 po-

2127 673 2331 740 tuitque
2363 670 2570 730 Simon,
2603 682 2668 721 eo
2701 669 2841 736 quod
2891 667 3047 721 Jesus
3101 669 3150 720 in
3205 667 3374 734 ipsum
3429 667 3650 722 intuitus

2127 770 2226 821 est,
2255 770 2488 824 eousque
2533 754 2780 818 stabiliri,
2819 765 2874 806 ut
2909 756 2972 806 ab
2999 769 3158 822 opere
3183 753 3356 806 stabili
3395 754 3652 821 ﬁrmoque

2127 860 2415 915 cognomen
2454 842 2689 897 traheret
2715 850 2763 895 et
2794 853 3078 895 vocaretur
3107 840 3316 894 Petrus.

2193 1105 2280 1158 30.
2307 1103 2408 1157 Sed
2449 1102 2686 1156 dicturus
2729 1110 2811 1155 est
2839 1100 3049 1169 aliquis,
3092 1115 3185 1153 cur
3218 1103 3424 1154 tandem
3458 1115 3652 1168 propo-

2126 1193 2224 1246 sita
2273 1193 2420 1247 nobis
2459 1192 2892 1260 interpretatione
2929 1192 3206 1244 verborum
3246 1205 3464 1243 eorum:
3499 1210 3518 1242 ι
3560 1193 3656 1244 Hic

2125 1286 2273 1336 venit
2325 1283 2388 1335 ad
2443 1281 2873 1344 testiﬁcandum,
2911 1289 2968 1333 ut
3003 1281 3380 1334 testiﬁcaretur
3421 1283 3484 1335 de
3535 1283 3654 1336 luce

2127 1371 2212 1424 illa
2240 1373 2338 1433 ",t
2364 1372 2542 1424 omnia
2589 1371 2702 1424 haec
2753 1369 3207 1422 transcurrimus?
3233 1370 3300 1421 At
3333 1370 3610 1424 dicendum
3635 1410 3652 1436 ,

2128 1473 2346 1514 necesse
2401 1459 2566 1512 fuisse
2608 1457 2825 1512 Joannis
2859 1457 3159 1510 testimonia
3194 1457 3258 1510 de
3299 1457 3414 1509 luce
3444 1457 3529 1510 illa
3559 1460 3654 1511 de-

2129 1556 2424 1601 monstrare
2445 1547 2789 1614 ordinemque
2827 1561 3008 1598 eorum
3035 1559 3300 1612 exponere
3329 1563 3342 1596 ε
3369 1555 3528 1613 atque
3557 1548 3651 1599 utis

2128 1635 2328 1688 litatem
2353 1650 2468 1703 qua:
2503 1636 2738 1688 insecuta
2782 1635 2942 1688 fuerit
2976 1649 3070 1689 eos
3099 1637 3232 1702 apud
3267 1650 3401 1702 quos
3432 1645 3656 1688 testatus

2129 1718 2334 1782 fuisset,
2374 1719 2566 1773 factam
2598 1729 2716 1788 post
2751 1718 2969 1774 Joannis
2996 1721 3353 1774 testimonium
3383 1736 3408 1772 a
3437 1720 3580 1785 Jesu,
3602 1731 3657 1773 ut

2129 1809 2380 1874 perfectio
2411 1809 2697 1862 testimonii
2719 1807 2938 1862 Joannis
2965 1809 3348 1863 declararetnr.
3367 1809 3503 1874 Quin
3534 1819 3656 1862 ante

2131 1900 2241 1952 haec
2282 1899 2576 1952 testimonia
2609 1898 2854 1966 Baptistae
2897 1899 3186 1953 exsultatio
3226 1913 3334 1966 prae
3379 1900 3570 1966 gaudio
3603 1902 3653 1952 in

2129 1997 2280 2039 utero
2317 1988 2584 2041 Elisaheth
2631 1997 2844 2055 propter
2870 1987 3047 2041 Mariae
3079 1989 3476 2051 salutationem,
3513 1989 3655 2042 testi-

2129 2079 2360 2130 monium
2390 2078 2487 2130 fuit
2523 2079 2586 2131 de
2612 2078 2841 2140 Christo,
2877 2078 3196 2131 testificante
3226 2077 3460 2144 Baptista
3487 2079 3549 2131 de
3570 2078 3656 2130 di-

2127 2167 2348 2218 vinitate
2383 2167 2744 2232 conceptionis
2781 2175 2834 2220 et
2865 2175 3014 2220 ortus
3043 2167 3261 2220 Christi.
3287 2165 3420 2231 Quid
3470 2167 3656 2234 plura?

2131 2254 2218 2307 Vel
2240 2255 2431 2320 ubique
2457 2254 2604 2308 testis
2622 2266 2673 2307 et
2695 2269 2988 2322 praecursor
3007 2255 3130 2308 Jesu
3151 2266 3230 2308 est
3244 2253 3475 2309 Joannes
3505 2265 3657 2308 ante-

2127 2351 2336 2396 vertens
2370 2343 2509 2396 illius
2531 2352 2722 2404 ortum,
2755 2352 2808 2396 et
2831 2343 2984 2410 paulo
3010 2353 3132 2397 ante
3162 2354 3385 2396 mortem
3409 2343 3526 2396 Filii
3565 2345 3655 2396 Dei

2127 2430 2374 2493 moriens,
2395 2439 2450 2482 ttt
2484 2446 2586 2483 non
2616 2431 2783 2484 solum
2813 2433 2876 2483 ad
2909 2431 3076 2494 vivos,
3096 2446 3278 2485 verum
3302 2440 3353 2484 et
3385 2433 3448 2484 ad
3476 2446 3660 2500 exspe-

2125 2527 2327 2573 ctantes
2343 2519 2636 2573 libertatem
2653 2535 2680 2571 a
2701 2529 2868 2573 morte
2885 2521 3254 2587 perChristum
3269 2520 3517 2586 futuram,
3534 2529 3658 2574 ante

2124 2606 2390 2660 Christum
2418 2609 2730 2672 adveniens,
2763 2610 2956 2676 ubique
2991 2610 3208 2663 Domino
3241 2620 3454 2678 pararet
3494 2627 3658 2679 popu-

2124 2697 2230 2749 lum
2259 2698 2661 2762 instructum”;
2688 2699 2936 2768 pertingit
2968 2709 3142 2752 autem
3173 2716 3336 2768 usque
3369 2703 3431 2753 ad
3461 2717 3657 2754 secuno

2123 2789 2268 2851 dum,
2298 2802 2524 2854 eumque
2563 2789 2874 2842 diviniorem
2897 2829 2911 2853 ,
2941 2791 3136 2844 Christi
3172 2793 3455 2844 adventurm
3497 2790 3660 2845 Joan-

2124 2877 2204 2929 nis
2240 2877 2619 2930 teslimonium.
2658 2896 2676 2927 ι
2717 2878 2770 2930 Si
2802 2879 2944 2932 enim
2987 2878 3165 2942 vultis,
3206 2879 3374 2945 inquit
3400 2879 3466 2941 “,
3511 2880 3654 2932 reci-

2122 2979 2282 3032 pere,
2359 2966 2471 3032 ipse
2543 2975 2622 3018 est
2699 2965 2877 3031 Elias,
2943 2967 3035 3034 qui
3097 2977 3350 3021 venturus
3398 2977 3495 3020 est.
3553 2968 3655 3032 Qui

2123 3054 2277 3108 habet
2323 3067 2478 3107 aures
2517 3054 2782 3116 audiendi,
2826 3055 3018 3107 audiat.
3063 3073 3080 3103 ι
3115 3053 3373 3107 Caeterum
3418 3068 3536 3106 cum
3589 3055 3658 3107 sit

2114 3142 2426 3210 principium
2471 3143 2521 3195 in
2559 3156 2661 3209 quo
2683 3151 2764 3195 est
2783 3143 2968 3194 Sermo
2987 3141 3147 3210 (quod
3190 3142 3499 3209 sapientiam
3539 3157 3657 3195 esse

2114 3246 2178 3282 ex
2208 3231 2614 3286 Proverbiorum
2658 3231 2790 3284 libro
2830 3230 3206 3297 ostendimus),
3234 3245 3458 3297 cumque
3496 3231 3655 3283 etiam
3712 3269 3715 3272 .

2115 3321 2184 3373 sit
2221 3317 2444 3380 Sermo,
2485 3326 2640 3384 atque
2690 3318 2798 3369 vita
2850 3318 2900 3369 in
2956 3317 3055 3370 hoc
3114 3317 3292 3382 facta,
3351 3332 3413 3371 ac
3466 3318 3657 3371 deinde

2115 3407 2220 3460 vita
2240 3407 2308 3459 sit
2330 3405 2415 3458 lux
2437 3406 2725 3470 hominum,
2746 3420 2922 3472 qntcro
2938 3420 3034 3458 cur
3062 3405 3291 3470 tandem,
3311 3421 3428 3461 cum
3452 3424 3470 3456 ι
3495 3407 3656 3461 homo

2118 3497 2309 3548 missus
2334 3509 2363 3546 a
2405 3495 2531 3559 Deo,
2567 3495 2650 3546 cui
2697 3507 2888 3547 nomen
2919 3503 3032 3546 erat
3059 3491 3312 3556 Joannes,
3356 3495 3562 3547 venerit
3589 3495 3655 3547 ad

2121 3583 2601 3646 testiﬁcandum,ut
2625 3582 2997 3635 testiﬁcaretur
3023 3583 3086 3636 de
3118 3583 3341 3646 luce",»
3371 3597 3474 3636 non
3495 3584 3651 3636 etiam

2118 3672 2323 3725 venerit
2358 3680 2415 3724 ut
2453 3671 2828 3724 testiﬁcaretur
2859 3673 2922 3723 de
2956 3670 3094 3736 vita,
3124 3670 3207 3723 vel
3239 3680 3294 3723 ut
3340 3671 3654 3725 testiﬁcare-

2121 3768 2207 3812 tur
2240 3759 2303 3812 de
2335 3757 2608 3820 Sermone,
2639 3757 2720 3810 vel
2750 3759 2814 3810 de
2843 3757 3122 3824 principio,
3145 3757 3223 3808 vel
3251 3759 3317 3809 de
3339 3771 3654 3824 quacunque

2119 3847 2221 3900 alia
2249 3847 2671 3901 consideratione
2717 3844 2912 3898 Christi
2945 3846 2970 3896 ?
2998 3844 3224 3897 Proinde
3257 3844 3532 3897 considera
3563 3859 3652 3908 an,

2121 3936 2369 4003 quoniam
2407 3954 2424 3986 ι
2455 3935 2678 4003 populus
2708 3935 2795 4002 qui
2839 3935 3056 3988 sedebat
3083 3935 3133 3986 in
3183 3934 3437 3997 tenebris,
3465 3934 3656 3987 viderit

2119 4025 2291 4080 lucem
2349 4039 2593 4094 magnam
2620 4023 2686 4088 ⁸⁸,
2724 4043 2742 4074 ι
2776 4033 2831 4078 et
2861 4025 3108 4092 quoniam
3148 4041 3166 4073 ι
3201 4024 3288 4076 lux
3333 4024 3384 4076 in
3419 4025 3653 4077 tenebris

2121 4113 2259 4167 lucet
2292 4132 2310 4164 ι
2353 4128 2457 4168 non
2503 4113 2827 4181 deprehensa
2855 4114 2923 4166 ab
2950 4114 3080 4183 ipsis
3113 4114 3344 4166 tenebris
3361 4113 3427 4178 ⁵⁷,
3462 4113 3536 4166 illi
3561 4115 3650 4181 qui

2121 4213 2245 4257 sunt
2276 4204 2328 4256 in
2361 4203 2623 4265 tenebris,
2655 4217 2843 4270 nempe
2892 4202 3167 4266 homines,
3199 4202 3314 4255 luce
3364 4202 3652 4268 indigeant.

2123 4294 2252 4347 Nam
2286 4294 2330 4347 si
2364 4292 2454 4344 lux
2484 4292 2755 4346 hominum
2783 4293 2834 4344 iu
2861 4292 3093 4346 tenebris
3119 4292 3278 4356 lucet,
3308 4291 3414 4360 92
3443 4293 3654 4359 quando

455 4372 768 4441 ἀνθρώπων
801 4376 858 4426 ἐν
889 4378 952 4445 τῇ
987 4379 1172 4448 σκοτίᾳ
1202 4381 1404 4447 φαίνει,
1449 4383 1571 4436 ἔνθα
1601 4387 1843 4456 οὐδαμῶς
1870 4392 2018 4462 ἐνέρ-

2125 4381 2265 4435 nulla
2290 4381 2505 4435 omnino
2544 4380 2878 4434 tenebrarum
2924 4381 3162 4448 Operatio
3193 4381 3314 4444 erit,
3356 4390 3482 4434 tunc
3522 4381 3655 4433 alias

454 4477 590 4528 γεια
613 4462 830 4525 σκοτίας
851 4467 1104 4533 τυγχάνει
1125 4506 1138 4530 ,
1166 4470 1362 4539 ἐτέρων
1393 4474 1637 4528 ἐπινοιῶν
1663 4477 1754 4529 τοῦ
1785 4481 2014 4550 Χριστοῦ

456 4553 897 4620 κοινωνήσομεν,
947 4555 1038 4608 νῦν
1083 4559 1283 4626 κυρίως
1325 4562 1414 4612 καὶ
1455 4563 1592 4616 κατά
1618 4565 1677 4616 τὸ
1715 4567 1932 4636 ἀκριϐὲς
1957 4570 2016 4622 οὑ

460 4641 790 4709 μετέχοντες
816 4643 1012 4696 αὐτῶν.
1044 4645 1168 4708 Πῶς
1201 4647 1308 4717 γάρ
1338 4651 1628 4720 μετέχομεν
1668 4654 1828 4723 ζωῆς,
1858 4657 1906 4708 οἱ
1939 4657 2017 4709 ἐτι

453 4729 522 4780 τὸ
556 4728 719 4798 σῶμα
738 4729 835 4782 τοῦ
861 4730 1084 4785 θανάτου
1115 4738 1476 4805 περικείμενοι
1514 4756 1528 4803 ;
1563 4759 1580 4790 ‹
1602 4736 1697 4792 Ὧν
1722 4745 1753 4812 η
1789 4741 1899 4813 ζωὴ
1925 4745 2014 4797 κέ-

454 4833 705 4886 κρυπται
753 4819 849 4871 σὺν
898 4819 977 4888 τῷ
1011 4823 1229 4891 Χριστῷ
1278 4825 1334 4875 ἐν
1372 4825 1446 4895 τῷ
1471 4828 1626 4897 Θεῷ;
1665 4833 1826 4883 Ὅταν
1857 4833 1962 4902 γὰρ
1988 4835 2014 4884 ό

454 4903 701 4974 Χριστὸς
731 4907 1036 4978 φανερωθῇ,
1063 4911 1098 4977 ἡ
1130 4909 1241 4977 ζωὴ
1266 4912 1438 4980 ἡμῶν,
1471 4916 1587 4968 τότε
1615 4919 1707 4970 καὶ
1732 4921 1890 4986 ἡμεῖς
1919 4921 2014 4974 σὺν

455 4997 616 5065 αὐτῷ
640 5000 1135 5069 φανερωθησόμεθα
1160 5002 1217 5052 ἐν
1247 5003 1390 5073 δόξῃ.
1428 5023 1446 5055 ι
1478 5008 1586 5076 Οὐχ
1617 5006 1724 5061 οἷόν
1745 5026 1802 5060 τε
1834 5005 1925 5063 οὖν
1947 5007 2014 5080 ἦν

453 5086 556 5139 τὸν
589 5084 811 5140 ἐλθόντα
844 5090 1190 5158 μαρτυρῆσαι
1237 5093 1362 5159 περὶ
1403 5094 1498 5162 τῆς
1535 5096 1678 5166 ζωῆς
1704 5099 1803 5166 τῆς
1846 5100 1925 5152 έτι
1954 5100 2020 5154 ἂν

455 5175 848 5245 κρυπτομένης
883 5177 980 5229 σὺν
1005 5177 1086 5246 τῷ
1118 5176 1332 5246 Χριστῷ
1367 5181 1422 5232 ἐν
1448 5183 1522 5250 τῷ
1557 5185 1690 5254 Θεῷ.
1734 5188 1867 5240 Ἀλλ’
1902 5189 2020 5242 οὐδὲ

451 5259 631 5332 ἦλθεν
655 5265 734 5324 είς
758 5264 1086 5334 μαρτυρίαν,
1106 5265 1190 5315 ἵνα
1222 5269 1534 5340 μαρτυρήσῃ
1563 5273 1688 5341 περὶ
1711 5272 1802 5324 τοῦ
1826 5276 2018 5342 Λόγου,

453 5351 640 5419 Λόγον
663 5354 820 5422 ἡμῶν
843 5353 1107 5405 νοούντων
1135 5350 1222 5403 τὸν
1244 5353 1300 5403 ἐν
1319 5354 1451 5425 ἀρχῇ
1475 5358 1613 5425 πρὸς
1635 5359 1722 5411 τὸν
1753 5361 1900 5428 Θεὸν,
1931 5364 2022 5416 καὶ

2124 4467 2321 4522 Christi
2379 4467 2832 4522 considerationes
2878 4469 3346 4536 participabimus,
3397 4483 3515 4521 cum
3551 4469 3653 4520 mi-

2124 4557 2264 4609 nime
2309 4555 2451 4623 ipsas
2494 4556 2708 4624 proprie
2752 4571 2926 4620 nunc,
2964 4565 3016 4610 et
3063 4567 3212 4610 certo
3254 4557 3651 4625 participemus.

2124 4647 2254 4698 Nam
2294 4646 2558 4714 quomodo
2603 4647 2720 4700 vita:
2757 4647 3042 4714 participes
3090 4663 3292 4711 sumus,
3344 4649 3436 4715 qui
3482 4650 3655 4702 adhuc

2123 4747 2344 4800 corpore
2376 4735 2476 4788 hoc
2503 4734 2712 4788 mortali
2759 4737 3197 4788 circumdamur?
3231 4753 3249 4784 t
3279 4735 3513 4798 Quorum
3547 4739 3654 4788 vita

2119 4823 2427 4877 abscondita
2455 4831 2537 4877 est
2562 4839 2662 4876 una
2687 4838 2805 4877 cum
2839 4823 3051 4877 Christo
3076 4826 3124 4876 in
3176 4824 3282 4877 Deo
3309 4825 3332 4876 ’ί
3355 4825 3484 4877 Cum
3513 4826 3656 4878 enim

2121 4909 2366 4965 Christus
2420 4914 2723 4980 apparuerit
2770 4913 2874 4964 vita
2926 4921 3129 4974 nostra,
3160 4923 3281 4964 tunc
3307 4921 3361 4964 et
3402 4926 3496 4964 nos
3524 4928 3652 4966 cum.

2121 4998 2234 5066 ipso
2279 4999 2651 5066 apparebimtts
2676 5001 2726 5052 in
2757 5001 2920 5068 gloria
2957 5000 3022 5051 ⁸⁸.
3059 5018 3079 5050 ι
3119 4998 3287 5052 Homo
3315 5012 3442 5066 ergo
3480 5000 3655 5055 nullus

2117 5088 2209 5154 qui
2258 5089 2513 5153 venisset,
2549 5089 2817 5143 testiﬁcari
2870 5096 3077 5154 poterat
3107 5088 3172 5142 de
3208 5089 3315 5141 vita
3360 5091 3653 5144 etiamnum

2117 5191 2236 5230 cum
2262 5176 2474 5231 Christo
2498 5177 2805 5231 abscondita
2833 5176 2884 5229 in
2919 5176 3042 5231 Deo.
3083 5176 3189 5230 Sed
3213 5192 3382 5246 neque
3414 5179 3556 5232 venit
3588 5179 3656 5232 ad

2119 5264 2532 5330 testiﬁcandum,
2561 5275 2618 5318 ut
2669 5265 3044 5319 testiﬁcaretur
3101 5266 3168 5319 de
3207 5265 3506 5322 Sermone:
3536 5268 3655 5321 Ser;

2121 5369 2331 5409 monem
2381 5354 2841 5408 considerantibus
2894 5355 3046 5409 nobis
3098 5355 3150 5407 in
3197 5357 3456 5425 principio
3513 5358 3652 5426 apud

534 5458 910 5537 ffJoan.l,7._
970 5455 1329 5537 lj’Luc.t,t7.
1399 5461 1950 5531 “Mattli.xt,i4,15.
2025 5471 2393 5534 "Joan.t,6.
2469 5468 3214 5535 "lsa.tx,2;Matth.tv,16.
3292 5467 3651 5537 "Joan.t,5.

458 5531 716 5584 "Cotus.
754 5544 812 5581 tu
835 5565 849 5589 ,
878 5527 935 5589 5,
966 5525 1025 5576 4ο

540 5615 676 5686 (26')
711 5613 870 5684 Legit
893 5613 1170 5674 interpres
1193 5606 1351 5680 εἰμὴ,
1385 5611 1522 5665 ἐπεὶ
1563 5614 1597 5665 d
1621 5616 1782 5680 λαὸς,
1815 5632 1864 5668 κ.
1897 5635 1943 5670 τ.
1982 5617 2030 5672 λ.
2069 5631 2228 5687 En”,
