3880 6172
366 329 459 392 185
1786 339 1854 392 Ol

1968 337 2100 391 ΞΝῙὸ
3639 313 3724 367 ﬂ
3761 307 3832 363 Σ

356 451 521 509 Deum
549 454 614 518 ",
645 461 696 508 et
725 452 885 506 Deum
926 451 1234 505 Sermonem
1269 466 1284 505 :
1323 465 1479 520 super
1517 461 1710 506 terram
1743 453 1854 506 enim

1985 452 2112 504 Θεὸν
2141 453 2306 518 Λόγον
2324 469 2336 481 ·
2373 451 2462 503 ἐπὶ
2490 453 2588 520 γῆς
2619 450 2722 518 γὰρ
2741 450 2768 499 ὁ
2793 449 2958 514 Λόγος
2989 443 3125 514 σὰρξ
3156 440 3456 510 ἐγένετο·
3589 428 3760 520 ’ξ
3783 441 3832 474 ε

356 546 546 599 Sermo
574 544 747 598 factus
782 552 864 598 est
910 558 1036 597 caro
1065 544 1132 596 ⁸ο.
1162 543 1222 598 Ει
1281 543 1467 598 luisset
1525 544 1854 597 testimoniuu

1979 537 2045 610 ἦν
2073 541 2136 593 ἂν
2167 517 2451 610 μαρτυρία,
2480 517 2660 607 (εἰ-καὶ
2687 538 2856 589 ἐδόκει
2891 533 3128 601 γίνεσθαι
3157 531 3304 600 περὶ
3351 524 3526 579 τοῦ
3617 517 3760 572 Α
3783 530 3828 565 τ

349 635 618 703 (quamvis
668 635 984 701 quibusdam
1034 636 1306 688 videretur
1352 649 1469 687 esse
1507 635 1571 686 de
1606 635 1854 687 Sermone

1979 632 2118 697 γου,)
2145 631 2344 698 κυρίως
2380 628 2443 680 ἂν
2471 627 2832 696 λεχθησομὲνη
2867 628 2899 691 ἡ
2948 623 3074 691 περὶ
3104 623 3296 688 Λόγου
3355 628 3637 703 γεξξο
3659 623 3831 703 ξιξ-

353 724 564 792 proprie
608 723 887 776 dicendum
914 724 977 777 de
1015 723 1270 778 Sermone
1303 723 1390 790 qui
1421 723 1588 775 laetus
1617 733 1700 775 est
1733 737 1854 773 caro

1978 736 2067 770 νου
2098 719 2290 788 σαρκὸς
2314 759 2327 783 ,
2373 717 2489 786 οὐχὶ
2523 717 2576 768 δὲ
2609 717 2778 781 Λόγου
2811 713 2964 765 Θεοῦ·
3015 712 3210 780 διόπερ
3247 709 3384 760 οὐκ
3433 702 3620 774 ἧλ
3643 699 3822 792 0-:-

350 827 455 866 nou
484 825 656 866 autem
682 814 747 866 de
773 813 1028 866 Sermone
1061 813 1148 865 Dei
1173 831 1188 873 ς
1215 827 1380 881 quare
1405 828 1506 865 non
1538 811 1681 864 venit
1719 821 1774 862 ut
1799 820 1849 864 te

1979 809 2062 882 ἵνα
2108 807 2423 878 μαρτυρήσῃ
2471 807 2594 874 περὶ
2637 804 2726 856 τοῦ
2776 804 2964 870 Λόγου.
3009 801 3132 864 Πῶς
3171 801 3234 852 δὲ
3277 788 3831 882 μαρτυεῗίι

348 901 670 954 etiﬁcaretur
700 901 765 954 de
801 901 1078 954 Sermone.
1111 900 1388 964 Quomodo
1429 899 1540 950 ﬁeri
1583 913 1708 950 vero
1734 907 1853 965 pote

1976 896 2178 963 ἐγίνετο
2208 896 2314 962 (27)
2361 893 2599 961 γίνεσθαι
2631 893 2880 962 περὶτῆς
2912 891 3103 958 σοφίας
3142 891 3294 952 τοῖς,
3367 885 3572 938 κᾶν
3643 881 3832 932 δο-

347 999 429 1043 rat
465 989 822 1043 testimonium
852 990 917 1043 de
946 990 1205 1058 sapientia
1230 1003 1358 1056 pure
1388 987 1666 1054 lucideque
1693 1001 1854 1039 vernn

1977 985 2140 1037 κῶσιν
2167 986 2470 1051 ἐγνωκέναι,
2489 983 2547 1034 οὑ
2579 983 2638 1034 τὸ
2665 982 2916 1050 καθαρῶς
2937 980 3137 1049 ἀληθὲς
3159 974 3544 1030 κατα.νωῦ
3563 987 3792 1024 σιν
3807 1008 3830 1034 ,

347 1092 453 1131 non
483 1076 903 1148 dispicientibus,
930 1076 1138 1129 etiamsi
1155 1076 1525 1129 existimarent
1550 1089 1606 1128 se
1625 1088 1854 1140 agnosce

1974 1072 2106 1125 ἀλλὰ
2141 1071 2388 1139 βλέπουσι
2417 1071 2480 1122 δι’
2507 1071 2767 1139 ἐσόπτρου
2795 1070 2888 1121 καὶ
2921 1071 2978 1119 ἐν
3011 1068 3318 1134 αἰνίγματι
3355 1083 3375 1128 ;
3427 1066 3506 1116 Ε
3536 1064 3572 1114 ξ
3597 1059 3834 1122 κὸς

344 1182 423 1231 re,
451 1169 541 1222 sed
568 1167 907 1221 cernentibus
931 1181 1026 1234 per
1055 1165 1321 1234 speculum
1344 1174 1396 1217 et
1422 1165 1472 1216 iu
1497 1166 1774 1232 aenigmate
1795 1163 1836 1193 ⁶¹

1978 1161 2216 1230 μέντοιγε
2251 1161 2352 1229 πρὸ
2376 1160 2470 1222 τῆς
2504 1159 2756 1228 δευτέρας
2787 1159 2896 1226 (‘28)
2941 1158 3034 1210 καὶ
3075 1156 3400 1224 θειοτέρας
3479 1154 3594 1205 Χ
3623 1168 3828 1221 ρι-

309 1256 572 1310 -Proinde
601 1254 876 1322 probabile
910 1264 990 1307 est
1023 1253 1278 1313 futurum,
1336 1261 1392 1303 ut
1429 1259 1551 1304 ante
1587 1251 1874 1303 secundum

339 1353 392 1398 et
422 1344 737 1398 diviniorem
767 1341 961 1397 Christi
980 1328 1275 1395 adventum
1317 1339 1493 1392 veniat
1520 1337 1750 1391 Joannes
1785 1345 1876 1390 aut

340 1435 481 1490 Elias
532 1436 597 1487 ad
650 1434 1036 1488 testiﬁcandum
1085 1433 1149 1486 de
1194 1432 1343 1493 vita,
1383 1429 1539 1496 paulo
1591 1437 1870 1494 anteqttam

1976 1249 2097 1301 στοῦ
2124 1249 2409 1318 ἐπιδημίας
2435 1249 2741 1300 ἐλεύσεσθαι
2775 1249 3191 1316 μαρτυρήσοντα
3238 1246 3353 1296 τὸν
3405 1245 3452 1296 Ἰ
3469 1242 3833 1295 mdv—

1973 1355 2086 1409 νην,
2132 1339 2164 1408 ἢ
2207 1340 2386 1390 Ἠλίαν
2429 1340 2554 1408 περὶ
2595 1338 2768 1406 ζωῆς,
2809 1338 2912 1406 πρὸ
2951 1337 3134 1402 ὀλίγου
3179 1337 3282 1390 τὸν
3325 1333 3804 1405 Χριστὸν

1973 1427 2440 1496 φανερωθήσεσθαι
2461 1427 2557 1494 τὴν
2585 1425 2724 1495 ζωὴν
2752 1426 2906 1494 ἡμῶν
2931 1442 2942 1454 ε
2976 1425 3069 1476 καὶ
3096 1424 3222 1475 τότε
3261 1441 3546 1492 μαρτυ
3565 1423 3801 1491 ρή-

336 1523 580 1575 Christus
612 1521 1032 1574 manifestandus
1073 1522 1140 1573 sit
1176 1520 1284 1572 vita
1321 1529 1525 1578 nostra,
1559 1532 1622 1571 ac
1663 1527 1769 1570 tum
1809 1519 1854 1570 dt

1973 1533 2081 1568 σειν
2108 1516 2232 1587 περὶ
2258 1516 2349 1566 τοῦ
2380 1516 2570 1581 Λόγου,
2602 1515 2968 1582 παραστήσειν
2993 1531 3049 1565 τε
3076 1514 3139 1564 τὸ
3167 1530 3238 1564 πε
3251 1514 3310 1582 ρί
3348 1513 3510 1581 τῆς
3577 1529 3776 1563 σο-

338 1610 594 1664 Sermone
616 1610 947 1663 testiﬁcaturi
976 1610 1086 1662 sint
1103 1608 1474 1675 ostensurique
1512 1605 1854 1659 testimoniuu‘

1971 1605 2096 1672 φίας
2128 1605 2436 1676 μαρτύριον.
2473 1603 2707 1656 Βασάνου
2740 1602 2796 1653 δὲ
2823 1602 2991 1652 δεῖται
3027 1603 3074 1654 εί
3106 1601 3336 1654 ἔνεστιν
3383 1596 3596 1652 οἷον
3691 1601 3764 1667 ἡ

335 1702 400 1753 de
417 1699 700 1767 sapientia.
722 1699 1061 1767 lndagatione
1092 1707 1267 1751 autem
1280 1709 1472 1768 egetan
1487 1701 1538 1754 in
1559 1711 1854 1765 unaquaqut

1981 1693 2222 1746 Ἰωάννου
2257 1693 2522 1761 μαρτυρία
2554 1692 2850 1760 πρόδρομος
2887 1691 3088 1759 ἐκάστῃ
3131 1690 3249 1742 τῶν
3291 1690 3419 1740 τοῦ
3471 1687 3560 1740 Χ
3581 1705 3750 1758 ρι-

333 1789 758 1841 consideratione
804 1789 868 1840 de
915 1787 1126 1840 Christo
1172 1785 1474 1840 testiﬁcatio
1524 1784 1743 1842 Joannis
1799 1787 1854 1838 sit

1973 1783 2094 1835 στοῦ
2129 1760 2390 1834 ἐπινοιῶν.
2432 1781 2612 1833 Ταῦτα
2641 1781 2737 1850 μὲν
2769 1782 2847 1842 εἰς
2878 1781 2964 1831 τό·
3008 1798 3026 1828 ι
3059 1775 3234 1840 Οὗτος
3278 1775 3523 1848 ἦλθεν
3580 1780 3749 1840 εἰς

332 1877 494 1929 veluti
523 1891 838 1946 praecursor.
873 1877 996 1930 llaec
1014 1876 1224 1944 quidem
1254 1875 1304 1928 in
1343 1875 1467 1928 illud
1495 1889 1510 1926 ;
1546 1893 1564 1926 ι
1596 1874 1690 1928 llic
1721 1875 1854 1928 venit

1975 1873 2290 1944 μαρτυρίαν,
2321 1873 2406 1925 ἵνα
2437 1873 2754 1941 μαρτυρήσῃ
2787 1871 2914 1939 περὶ
2945 1869 3038 1920 τοῦ
3071 1871 3282 1936 φωτός.
3339 1887 3363 1918 ι
3421 1869 3738 1936 ⁹Εξ“ἦς

331 1967 397 2020 ad
433 1966 845 2032 testiﬁcandum,
879 1975 934 2018 ιιι
964 1965 1337 2020 testiﬁcaretur
1365 1965 1429 2019 de
1449 1963 1682 2020 luce".i
1707 1965 1854 2018 Dein-

1970 1964 2024 2016 δέ
2055 1961 2404 2014 ἐπισκεπτέον
2434 1961 2485 2012 τί
2524 1961 2603 2012 δεῖ
2642 1963 2779 2012 νοεῖν
2814 1960 2894 2020 εἰς
2933 1958 3194 2010 τόῚἿνα
3223 1957 3493 2022 πάντες
3549 1975 3730 2010 πιπ-

329 2070 456 2123 ceps
483 2071 606 2110 vero
635 2056 1080 2110 considerandum
1110 2067 1191 2110 est
1221 2059 1344 2123 quid
1397 2054 1744 2108 commentari
1773 2053 1854 2104 de-

1973 2052 2229 2104 στεύσωσι
2261 2051 2324 2105 δι’
2348 2050 2528 2102 αὑτοῦ.
2546 2075 2563 2106 ι

330 2144 550 2198 beamus
574 2147 624 2197 itt
646 2145 769 2198 illud
796 2161 808 2196 :
834 2162 852 2194 ι
883 2143 1148 2199 Utomnes
1171 2145 1449 2199 crederent
1470 2157 1562 2210 per
1596 2142 1739 2195 illum
1772 2141 1867 2196 ⁸³.»

431 2389 524 2445 EX
561 2390 790 2448 EODEM
823 2392 1009 2450 ΤΟΜΟ
1040 2393 1105 2460 ll,
1149 2393 1324 2450 APUD
1350 2393 1745 2450 PAMPHILUM
1785 2395 1854 2450 Mi

1968 2395 2164 2451 'YREM
2201 2395 2270 2450 1N
2307 2393 2671 2449 APOLOGIA
2708 2393 2848 2449 PRO
2889 2391 3235 2449 ORIGENE
3289 2393 3472 2466 (‘29).

1967 2543 2066 2598 est,
2114 2535 2446 2588 indiscussus
2477 2547 2816 2601 permanens,
2847 2547 3064 2601 germen
3123 2533 3462 2600 proferens
3508 2553 3670 2592 vo-

1969 2625 2206 2688 luntatis,
2237 2626 2408 2679 factus
2435 2636 2517 2678 est
2566 2624 2723 2677 Verbi
2773 2622 2967 2686 Pater;
3004 2625 3150 2691 quod
3210 2625 3512 2680 Verbum
3569 2629 3664 2683 in

1968 2714 2087 2768 sinu
2127 2713 2302 2768 Patris
2341 2714 2713 2781 requiescens,
2745 2713 3033 2766 annuntiat
3069 2729 3090 2762 ι
3128 2712 3335 2776 Deum,
3397 2731 3656 2784 quem

1970 2816 2124 2856 nemo
2148 2803 2278 2856 vidit
2311 2815 2544 2870 unquam
2561 2803 2657 2868 ⁸⁵,ι
2677 2811 2730 2854 et
2754 2802 2957 2854 revelat
2985 2800 3233 2866 Patrem,
3257 2817 3450 2870 quem
3501 2821 3659 2862 ne—

400 2528 724 2598 Unigenitus
741 2546 868 2598 ergo
894 2532 1033 2586 Deus
1059 2531 1304 2586 Salvator
1337 2542 1520 2586 noster
1541 2533 1684 2586 solus
1705 2549 1732 2585 a
1767 2533 1862 2585 Pa-

326 2627 414 2672 tre
434 2630 733 2688 generatus,
769 2630 954 2674 natura
983 2631 1036 2674 et
1076 2637 1181 2675 non
1226 2621 1510 2689 ad0ptione
1543 2621 1708 2675 Filius
1751 2633 1861 2682 est;

327 2719 486 2765 natus
526 2721 701 2763 autem
745 2724 807 2764 ex
841 2711 955 2778 ipsa
998 2711 1174 2764 Patris
1215 2719 1410 2773 mente,
1442 2710 1582 2762 sicut
1623 2709 1865 2764 voluntas

324 2815 390 2854 ex
426 2810 622 2854 mente.
664 2799 779 2854 Non
824 2801 966 2853 enim
996 2800 1282 2854 divisibilis
1316 2810 1396 2853 est
1441 2800 1616 2855 divina
1654 2810 1861 2862 natura,

326 2890 378 2942 id
402 2899 486 2942 est
505 2889 721 2957 ingeniti
739 2888 932 2952 Patris,
953 2897 1010 2941 ut
1035 2898 1284 2957 putemus
1307 2891 1388 2942 vel
1405 2890 1662 2945 divisione
1678 2890 1758 2943 vel
1774 2889 1869 2942 im-

323 2977 622 3032 minutione
661 2977 970 3033 substantiae
998 2981 1112 3048 ejus
1146 2979 1333 3033 Filium
1361 2995 1480 3034 esse
1510 2981 1861 3050 progenitum.

323 3064 430 3122 Sed
447 3068 746 3131 sivemens,
769 3069 882 3122 sive
909 3082 1023 3134 cor,
1051 3079 1142 3122 aut
1169 3083 1356 3124 sensus
1381 3070 1444 3123 de
1479 3071 1582 3124 Deo
1612 3069 1867 3124 dicendus

1969 2907 2058 2946 mo
2089 2892 2334 2961 cognovit
2355 2892 2454 2944 nisi
2489 2891 2602 2959 ipse
2640 2891 2787 2945 solus
2809 2892 2874 2956 ",
2905 2892 2987 2946 his
3012 2905 3150 2960 quos
3178 2892 3250 2946 ad
3275 2908 3422 2948 eum
3479 2895 3640 2950 Pa—

1967 2990 2046 3034 ter
2072 2981 2304 3035 cmlestis
2335 2979 2618 3034 attraxerit
2655 2980 2721 3034 °'.

322 3262 372 3314 E
403 3260 685 3329 QUARTO
714 3260 912 3314 TOJIO
934 3261 1018 3314 IN
1061 3259 1548 3316 EVANGELIUM
1600 3261 1854 3318 SECUN-

1987 3263 2081 3314 EK
2106 3261 2245 3314 ΤΟΥ
2266 3259 2635 3313 ΊἘΤΑΡΤΟΥ
2662 3259 2907 3312 ΤΟΜΟΥ
2928 3259 3064 3311 ἹὩΝ
3085 3261 3205 3312 ΕΙΣ
3244 3263 3334 3314 ΤΟ
3363 3267 3496 3321 ΚΑ
3512 3269 3625 3321 ΤΑ

745 3348 904 3403 DUM
933 3349 1314 3407 JOANNEM.

2499 3348 2817 3399 LQANNHN
2851 3346 2982 3414 (πο).

2311 3435 2463 3488 Μετὰ
2495 3435 2618 3505 τρία
2649 3435 2820 3504 φύλλα
2846 3436 2944 3504 τῆς
2975 3434 3171 3504 ἀρχῆς.

2036 3530 2086 3582 1.
2118 3529 2175 3582 '0
2197 3528 2414 3598 διαιρῶν
2439 3527 2565 3598 παρ’
2587 3526 2760 3596 ἐαυτῷ
2781 3527 2981 3596 φωνὴν,
3005 3527 3097 3579 καὶ
3131 3529 3609 3599 σημαινόμενα,

1966 3619 2058 3671 καὶ
2087 3618 2379 3686 πράγματα
2399 3655 2414 3680 ,
2457 3617 2579 3669 καθ’
2624 3611 2698 3668 ὧν
2730 3619 2902 3669 κεῖται
2933 3615 3000 3667 τὰ
3027 3617 3425 3684 σημαινόμενα
3445 3661 3464 3684 ,
3513 3625 3599 3676 οὐ

1964 3707 2254 3778 προσκόψει
2282 3707 2358 3776 τῷ
2390 3707 2494 3759 τῶν
2526 3706 2715 3774 φωνῶν
2749 3703 3086 3773 σολοικισμῷ,
3121 3705 3262 3756 ἐπὰν
3290 3707 3601 3770 ἐρευνῶν

1962 3795 2182 3865 εὑρίσκῃ
2210 3795 2318 3863 (51)
2346 3793 2414 3846 τὰ
2438 3795 2752 3865 πράγματα,
2771 3793 2891 3846 καθ’
2919 3786 2990 3844 ὧν
3013 3793 3218 3844 κεῖνται
3249 3793 3306 3845 αἱ
3328 3800 3587 3863 φωναὶ,

315 3887 565 3952 venerit;
606 3883 835 3937 maxime
874 3895 1001 3936 vero
1026 3896 1145 3936 cum
1175 3885 1526 3950 proﬁteantur
1558 3885 1656 3938 viri
1683 3885 1854 3939 sancti

1968 3885 2115 3954 ὑγιῆο
2147 3884 2238 3936 καὶ
2269 3885 2497 3952 μάλιστα
2525 3884 2661 3937 ἐπὰν
2701 3880 3026 3952 ὁμολογῶσιν
3061 3880 3109 3931 οἱ
3149 3881 3298 3947 ἆγιοι
3330 3883 3588 3956 ἄνδρες

315 3989 613 4028 sermonem
662 3987 814 4026 suum
846 3987 866 4021 ι
911 3979 964 4024 et
999 3970 1364 4038 praeconium,
1405 3985 1507 4023 non
1552 3971 1604 4024 in
1638 3987 1854 4040 persua-

1968 3975 2048 4025 τὸν
2070 3973 2221 4041 λόγον
2248 3973 2422 4025 αὐτῶν
2456 3993 2474 4022 ‹
2513 3974 2608 4026 καλ⁸
2631 3973 2689 4025 τὸ
2721 3968 3110 4042 κήρυγμα,οὐκ
3142 3969 3201 4020 ἐν
3234 3971 3437 4026 πειθοῖ
3464 3992 3584 4030 σο-

315 4064 467 4115 sione
501 4061 774 4131 sapientiae
808 4059 1114 4123 verborum,
1151 4058 1244 4112 sed
1297 4058 1348 4110 in
1399 4059 1852 4114 demonstratione

1968 4062 2080 4128 ρίας
2107 4060 2211 4112 τῶν
2233 4061 2403 4128 λόγων
2429 4061 2561 4132 (3‘2),
2585 4061 2697 4115 ἀλλ’
2715 4062 2772 4112 ἐν
2799 4057 3064 4123 ἀποδείξει
3094 4057 3426 4127 πνεύματος
3454 4067 3581 4120 καὶ

315 4151 536 4219 spiritus
563 4160 616 4202 et
643 4149 919 4216 potestatis
958 4165 979 4199 ι
1011 4161 1129 4200 esse
1153 4145 1218 4197 ".

1968 4149 2253 4216 δυνάμεως.
2271 4171 2288 4202 ι

385 4260 430 4328 ξ’
452 4257 747 4328 Joan.t,_l.
819 4254 1023 4328 ibid.
1061 4254 1146 4307 Η.
1200 4254 1262 4328 ’⁸⁸
1301 4252 1321 4306 1
1357 4253 1480 4310 Cor.
1523 4271 1641 4319 xm,
1675 4257 1758 4310 12.
1848 4260 1854 4288 ⁴

1968 4273 2074 4311 )an.
2110 4274 2150 4325 ι,
2186 4258 2240 4311 7.
2320 4258 2365 4290 θ’
2395 4259 2525 4315 ibid.
2603 4259 2647 4291 “
2683 4259 2814 4312 ihid.
2856 4258 2941 4311 18.
3019 4257 3064 4288 ⁸³
3088 4257 3278 4313 Matth.
3311 4277 3402 4328 xu,
3454 4267 3569 4324 27,

314 4326 625 4387 “Joan.vi,
653 4324 742 4376 44.
816 4323 858 4354 "
889 4321 908 4372 l
937 4321 1060 4377 Cor.
1093 4337 1154 4385 ιι,
1187 4322 1242 4375 4.

532 4441 810 4517 ἘγίνετοΣ
841 4439 981 4507 Lege
1001 4439 1278 4517 ἐδύνατο.-
1375 4507 1400 4517 _
1520 4507 1532 4517 _
1722 4509 1779 4517 ω
1804 4509 1815 4517 _

1968 4441 2272 4517 posteriora,
2296 4456 2421 4517 qum
2451 4444 2515 4517 ad
2549 4458 2676 4517 rem
2701 4445 3033 4517 probandam
3056 4449 3382 4517 pertinent,
3429 4466 3565 4511 sta-

384 4507 699 4578 (28)]Ξὶκὸς
736 4509 1003 4580 μέντοιγε
1045 4508 1156 4580 πρὸ
1207 4507 1314 4580 τῆς
1365 4507 1662 4580 δευτέρας.
1722 4509 1850 4563 Vide

1968 4512 2048 4580 lim
2085 4509 2421 4575 progreditur
2456 4511 2538 4562 his
2568 4507 2746 4580 verbis
2778 4529 2791 4562 :
2829 4532 2845 4562 ι
2892 4513 3022 4566 Item
3053 4507 3104 4566 in
3136 4518 3332 4572 eodem
3365 4507 3556 4580 libro.

314 4575 433 4648 quia
458 4592 616 4644 supra
639 4581 718 4656 _ad
742 4575 954 4656 Comm.
977 4576 1033 4656 in
1082 4575 1271 4628 Matth.
1300 4589 1408 4628 xm
1439 4590 1600 4643 super
1623 4579 1721 4630 hoc
1758 4593 1848 4628 ar-
1956 4575 2106 4656 Unu’s
2133 4591 2270 4654 ergo
2318 4587 2423 4656 fit,
2473 4596 2490 4626 ι
2527 4590 2633 4656 (ἱεος
2675 4579 2836 4632 Paulo
2859 4593 2988 4656 Ρῖδδι,
3013 4597 3162 4647 Ve"):
3208 4597 3267 4638 ¹¹ι
3322 4575 3556 4656 Ρηῖῧέί

315 4643 567 4717 sument?
599 4646 880 4717 Obscryata
916 4651 1059 4695 sunt.
1284 4710 1297 4717 _
1605 4711 1619 4717 _
1954 4659 2017 4694 ex
2058 4643 2512 4717 Drigeue‘Filium
2546 4646 2633 4717 Dei
2669 4662 2764 4712 per
2797 4643 3159 4714 prolationem
3192 4643 3390 4709 natu'tn
3425 4643 3555 4714 ﬁnio-ii

383 4715 493 4785 (‘29)
526 4713 696 4765 Hocce
724 4711 1123 4785 fragmentum.
1158 4710 1297 4776 quod
1352 4725 1382 4785 ο
1422 4711 1656 4764 secundo
1709 4719 1850 4763 tomo
1953 4725 2090 4772 esse,
2121 4712 2256 4785 idem
2291 4712 2451 4785 hocce
2485 4710 2972 4785 initiumresumit,
3002 4717 3160 4781 cuius
3177 4710 3522 4781 contextum

314 4769 686 4854 depromptum
719 4769 906 4854 fertur,
942 4777 1124 4830 uullibi
1162 4769 1334 4830 tamen
1369 4779 1418 4830 in
1466 4793 1531 4830 eo
1578 4789 1851 4854 IOIDOArc-
1954 4769 2112 4844 quem
2145 4778 2228 4854 hic
2259 4779 2594 4854 exhibemus,
2620 4783 2714 4854 ubi
2749 4797 2812 4835 ea
2848 4785 2912 4836 de
2938 4769 3550 4854 relegitur,‘

725 3441 920 3494 Tribus
945 3455 974 3492 a
1008 3439 1272 3508 principio
1297 3441 1456 3496 foliis.

387 3530 495 3601 93
523 3530 572 3583 1.
601 3529 702 3596 Qui
748 3529 938 3582 dividit
966 3527 1104 3595 apud
1134 3542 1193 3581 se
1219 3543 1425 3593 vocem,
1460 3539 1513 3584 et
1541 3530 1858 3599 signiﬁcata,

321 3628 374 3674 et
401 3634 504 3680 res,
529 3633 626 3686 pro
662 3617 854 3685 quibus
881 3617 1128 3670 notiones
1153 3627 1439 3684 ponuntur,
1466 3634 1568 3672 non
1603 3619 1860 3689 impinget

320 3709 386 3761 ad
419 3707 776 3762 sulcecismnm
806 3706 972 3770 vocis,
1007 3720 1127 3758 cum
1160 3718 1526 3772 perscrutatus
1558 3722 1644 3762 res
1665 3711 1858 3777 quibus

319 3794 680 3864 signiﬁcandis
708 3808 865 3847 voces
890 3795 1230 3857 adhibentur,
1251 3809 1408 3847 sanas
1435 3803 1486 3848 et
1514 3799 1746 3865 integras
1775 3799 1857 3850 in-

308 4846 486 4918 peries
510 4846 697 4918 {unde
729 4848 808 4899 vel
830 4848 1210 4918 detruncatum
1238 4860 1356 4897 eum
1386 4861 1501 4918 esse
1529 4846 1850 4918 concluden-

311 4911 434 4969 ilnm
453 4925 555 4977 est,
581 4916 662 4968 vel
691 4915 1072 4983 suspicandum
1102 4911 1618 4983 fragmeutumistud
1649 4928 1677 4966 e
1707 4922 1848 4983 tonio

310 4986 499 5052 quinto
531 4998 648 5037 esse
681 4980 1102 5052 depromptum,‘
1123 4980 1666 5052 quemadmodutmet
1719 4982 1843 5032 illud

311 5047 451 5118 quod
493 5067 556 5104 ex
609 5047 792 5103 eodem
838 5047 982 5102 tonio
1023 5047 1158 5100 infra
1185 5048 1502 5118 _all'eriums.
1563 5049 1624 5118 Et
1660 5064 1844 5118 revera

311 5115 454 5170 idem
481 5126 562 5170 est
602 5119 878 5184 utriusque
914 5116 1196 5181 lragmeuti
1233 5115 1464 5176 initium.
1496 5117 1679 5168 eadem
1734 5115 1844 5168 fere

307 5188 502 5246 verba;
531 5185 623 5237 sed
649 5201 768 5236 cum
799 5187 944 5251 prius
972 5184 1248 5251 Pamphilo
1281 5184 1609 5250 probandum
1638 5185 1841 5235 incum-

308 5251 462 5306 beret
495 5267 562 5305 ex
601 5251 706 5304 Deo
736 5249 891 5304 Patre
915 5253 1085 5319 (juxta
1119 5249 1425 5319 Qrigenem)
1475 5250 1670 5304 Filium
1721 5264 1842 5302 esse

311 5328 522 5382 natum,
555 5329 611 5372 et
645 5321 802 5372 unius
828 5317 946 5370 esse
977 5333 1097 5370 cum
1133 5317 1292 5370 Patre
1341 5319 1675 5380 substantiae,
1707 5319 1843 5369 alie-

310 5401 438 5438 ιιιιιιι
488 5399 614 5440 vero
676 5403 703 5437 a
759 5386 1070 5451 substantiis
1122 5394 1510 5445 creaturarum,
1564 5394 1839 5451 postquam

313 5453 448 5505 dixit
478 5470 492 5504 :
531 5471 550 5502 ιι
585 5451 896 5519 Unigenitus
919 5450 1369 5519 FiliusSalvator
1401 5450 1604 5510 noster,
1631 5456 1720 5517 qui
1751 5465 1837 5504 so-

311 5521 395 5571 lus
425 5535 488 5571 ex
519 5519 676 5571 Patre
699 5518 861 5570 natus
907 5526 1008 5582 est,
1039 5518 1180 5569 solus
1215 5528 1404 5569 natura
1449 5527 1502 5569 et
1553 5534 1655 5569 non
1715 5520 1843 5569 ado—

312 5589 491 5656 ptioue
532 5587 695 5640 Filius
721 5597 821 5650 eSI,
855 5603 874 5634 ι
909 5585 1094 5637 relicto
1140 5584 1371 5650 quodam
1424 5585 1728 5648 intervallo,
1777 5585 1842 5637 ad

1958 4860 2126 4912 usque
2164 4845 2501 4916 transcribit.
2541 4848 2740 4902 Deinde
2779 4855 3029 4915 quamvis
3055 4845 3228 4910 'uulla
3278 4845 3548 4916 auctori:

1956 4921 2058 4976 tas,
2091 4912 2244 4963 nulla)
2271 4915 2540 4986 variantes
2570 4912 2830 4970 lectiones
2861 4922 3195 4977 admoneant
3225 4912 3537 4986 tomum-iit

1955 4995 2051 5059 pro
2081 4989 2221 5057 tumo
2244 4983 2524 5059 v_po_situ-m
2560 4998 2677 5036 esse
2709 4986 3043 5059 in_Ap0logia
3072 4989 3378 5059 Pamphili,
3415 4983 3541 5052 Ru;

1954 5048 2093 5128 ﬁnus
2122 5048 2239 5126 ipse
2286 5047 2441 5128 liuius
2471 5051 2734 5128 interpres
2766 5047 2924 5106 facile
2957 5047 3145 5123 'potuit
3181 5047 3388 5128 d'ecipi'.
3415 5047 3535 5120 dar:

1951 5114 2125 5191 littera
2154 5114 2295 5195 enim
2315 5116 2382 5195 “II
2406 5118 2549 5195 unde
2575 5114 2795 5184 quintus
2826 5114 3083 5195 numerus
3111 5130 3258 5195 apud
3289 5114 3527 5188 ὀὲέεῶἒ

1949 5181 2287 5268 exprimitur,
2314 5180 2474 5268 facile
2505 5187 2565 5236 lit
2590 5180 2874 5268 ;uumerus
2903 5190 2965 5252 ΙΙ,
2992 5195 3036 5243 si
3072 5180 3530 5268 lin'ea‘supe‘r'iu;

1951 5256 2252 5318 transversa
2283 5260 2379 5318 aut
2402 5266 2504 5303 non
2538 5253 2847 5308 advertatur
2877 5269 2971 5311 aut
3001 5261 3274 5318 deleatur.

2015 5313 2723 5405 ρολξίκιτριξιρετᾴρτου,
2751 5334 2856 5378 etc.
2881 5326 3075 5382 Exstat
3103 5313 3528 5405 fragmen-

1944 5387 2055 5432 tum
2095 5397 2211 5447 cap.
2248 5383 2281 5433 4
2312 5383 2642 5439 Ρήἰιοεοιῖω.

2148 5451 2550 5539 adp-lexin;
2585 5471 2742 5539 tpss.;
2768 5460 2903 5539 libb.
2935 5463 3085 5539 editi,
3115 5470 3389 5539 εὑρίσκει.

1946 5516 2134 5649 “ﬁt”?
2177 5517 2302 5569 Τῶν
2347 5520 2561 5585 λόγων.
2602 5516 2914 5592 Legendutn
2963 5516 3517 5598 νειιέιίιὲτέῖῖἐιῖ⁷⁷τῶν
