  <div class='ocr_page' id='page_1' title='image "/cluster/home/n/w/nwhite01/storage/ocr_20150623/14 (Origen; pt. 4)/nyp.33433081862280/103.png"; bbox 0 0 3880 6166; ppageno 0'>
   <div class='ocr_carea' id='block_1_1' title="bbox 434 305 1966 388">
    <p class='ocr_par' dir='ltr' id='par_1_1' title="bbox 434 317 1966 388">
     <span class='ocr_line' id='line_1_1' title="bbox 434 317 1966 388; baseline -0.007 -4"><span class='ocrx_word' id='word_1_1' title='bbox 434 331 533 388; x_wconf 70' lang='grc'><strong>187</strong></span> <span class='ocrx_word' id='word_1_2' title='bbox 1816 317 1966 375; x_wconf 80' lang='lat' dir='ltr'><strong>ORIC</strong></span> 
     </span>
    </p>
   </div>
   <div class='ocr_carea' id='block_1_2' title="bbox 2179 305 3711 388">
    <p class='ocr_par' dir='ltr' id='par_1_2' title="bbox 3595 305 3711 364">
     <span class='ocr_line' id='line_1_2' title="bbox 3595 305 3711 364; baseline 0 -1"><span class='ocrx_word' id='word_1_3' title='bbox 3595 305 3711 364; x_wconf 73' lang='lat' dir='ltr'><strong>i88</strong></span> 
     </span>
    </p>
   </div>
   <div class='ocr_carea' id='block_1_3' title="bbox 433 422 1965 503">
    <p class='ocr_par' dir='ltr' id='par_1_3' title="bbox 433 433 1964 503">
     <span class='ocr_line' id='line_1_3' title="bbox 433 433 1964 503; baseline -0.01 -2"><span class='ocrx_word' id='word_1_4' title='bbox 433 455 637 501; x_wconf 85' lang='lat' dir='ltr'><strong>trusum</strong></span> <span class='ocrx_word' id='word_1_5' title='bbox 683 450 737 497; x_wconf 91' lang='lat' dir='ltr'><strong>et</strong></span> <span class='ocrx_word' id='word_1_6' title='bbox 789 439 944 496; x_wconf 90' lang='lat' dir='ltr'><strong>nobis</strong></span> <span class='ocrx_word' id='word_1_7' title='bbox 996 438 1170 494; x_wconf 88' lang='lat' dir='ltr'><strong>adhuc</strong></span> <span class='ocrx_word' id='word_1_8' title='bbox 1221 439 1504 492; x_wconf 91' lang='lat' dir='ltr'><strong>obscurum</strong></span> <span class='ocrx_word' id='word_1_9' title='bbox 1555 433 1830 503; x_wconf 85' lang='lat' dir='ltr'><strong>proposita</strong></span> <span class='ocrx_word' id='word_1_10' title='bbox 1876 435 1964 486; x_wconf 83' lang='lat' dir='ltr'><strong>illa</strong></span> 
     </span>
    </p>
   </div>
   <div class='ocr_carea' id='block_1_4' title="bbox 2179 422 3711 503">
    <p class='ocr_par' dir='ltr' id='par_1_4' title="bbox 2179 422 3711 500">
     <span class='ocr_line' id='line_1_4' title="bbox 2179 422 3711 500; baseline 0.003 -18"><span class='ocrx_word' id='word_1_11' title='bbox 2179 429 2390 499; x_wconf 77' lang='grc' dir='ltr'>μμένον,</span> <span class='ocrx_word' id='word_1_12' title='bbox 2413 431 2504 482; x_wconf 73' lang='grc' dir='ltr'>καὶ</span> <span class='ocrx_word' id='word_1_13' title='bbox 2530 430 2607 483; x_wconf 77' lang='grc' dir='ltr'>ἔτι</span> <span class='ocrx_word' id='word_1_14' title='bbox 2631 431 2760 500; x_wconf 83' lang='grc' dir='ltr'>ἡμῖν</span> <span class='ocrx_word' id='word_1_15' title='bbox 2778 429 2956 499; x_wconf 84' lang='grc' dir='ltr'>ἀσαφῆ</span> <span class='ocrx_word' id='word_1_16' title='bbox 2981 430 3013 499; x_wconf 85' lang='grc' dir='ltr'><strong>ή</strong></span> <span class='ocrx_word' id='word_1_17' title='bbox 3045 429 3195 493; x_wconf 84' lang='grc' dir='ltr'>λέξις</span> <span class='ocrx_word' id='word_1_18' title='bbox 3220 427 3257 496; x_wconf 82' lang='grc' dir='ltr'>ἠ</span> <span class='ocrx_word' id='word_1_19' title='bbox 3291 422 3711 497; x_wconf 70' lang='grc' dir='ltr'>προκειμένην</span> 
     </span>
    </p>
   </div>
   <div class='ocr_carea' id='block_1_5' title="bbox 434 514 1966 596">
    <p class='ocr_par' dir='ltr' id='par_1_5' title="bbox 434 523 1966 596">
     <span class='ocr_line' id='line_1_5' title="bbox 434 523 1966 596; baseline -0.01 -5"><span class='ocrx_word' id='word_1_20' title='bbox 434 533 733 592; x_wconf 86' lang='lat' dir='ltr'><strong>Salomonis</strong></span> <span class='ocrx_word' id='word_1_21' title='bbox 768 531 930 586; x_wconf 88' lang='lat' dir='ltr'><strong>habet</strong></span> <span class='ocrx_word' id='word_1_22' title='bbox 972 527 1236 583; x_wconf 76' lang='lat' dir='ltr'><strong>sententia</strong></span> <span class='ocrx_word' id='word_1_23' title='bbox 1261 566 1278 590; x_wconf 88' lang='lat'><strong>,</strong></span> <span class='ocrx_word' id='word_1_24' title='bbox 1309 533 1626 596; x_wconf 65' lang='lat' dir='ltr'><strong>praeceptum</strong></span> <span class='ocrx_word' id='word_1_25' title='bbox 1677 524 1726 576; x_wconf 90' lang='lat' dir='ltr'><strong>id</strong></span> <span class='ocrx_word' id='word_1_26' title='bbox 1759 523 1966 591; x_wconf 79' lang='lat' dir='ltr'><strong>penitus</strong></span> 
     </span>
    </p>
   </div>
   <div class='ocr_carea' id='block_1_6' title="bbox 2178 514 3710 596">
    <p class='ocr_par' dir='ltr' id='par_1_6' title="bbox 2178 514 3710 590">
     <span class='ocr_line' id='line_1_6' title="bbox 2178 514 3710 590; baseline -0.002 -20"><span class='ocrx_word' id='word_1_27' title='bbox 2178 537 2317 588; x_wconf 83' lang='grc' dir='ltr'>,κρυς</span> <span class='ocrx_word' id='word_1_28' title='bbox 2344 521 2800 590; x_wconf 86' lang='grc' dir='ltr'>παραϐεϐήκαμεν</span> <span class='ocrx_word' id='word_1_29' title='bbox 2829 520 2925 590; x_wconf 81' lang='grc' dir='ltr'>τὴν</span> <span class='ocrx_word' id='word_1_30' title='bbox 2954 518 3201 589; x_wconf 70' lang='grc' dir='ltr'>ἐντολὴν,</span> <span class='ocrx_word' id='word_1_31' title='bbox 3232 517 3320 587; x_wconf 78' lang='grc' dir='ltr'>μὴ</span> <span class='ocrx_word' id='word_1_32' title='bbox 3353 514 3710 586; x_wconf 81' lang='grc' dir='ltr'>φυλαξάμε-</span> 
     </span>
    </p>
   </div>
   <div class='ocr_carea' id='block_1_7' title="bbox 433 607 1965 694">
    <p class='ocr_par' dir='ltr' id='par_1_7' title="bbox 433 613 1965 694">
     <span class='ocr_line' id='line_1_7' title="bbox 433 613 1965 694; baseline -0.008 -15"><span class='ocrx_word' id='word_1_33' title='bbox 433 623 804 694; x_wconf 83' lang='lat' dir='ltr'><strong>perfregimus,</strong></span> <span class='ocrx_word' id='word_1_34' title='bbox 822 620 913 690; x_wconf 86' lang='lat' dir='ltr'><strong>qui</strong></span> <span class='ocrx_word' id='word_1_35' title='bbox 940 633 1042 674; x_wconf 91' lang='lat' dir='ltr'><strong>non</strong></span> <span class='ocrx_word' id='word_1_36' title='bbox 1066 617 1305 674; x_wconf 79' lang='lat' dir='ltr'><strong>cavimus</strong></span> <span class='ocrx_word' id='word_1_37' title='bbox 1333 631 1400 670; x_wconf 89' lang='lat' dir='ltr'><strong>ne</strong></span> <span class='ocrx_word' id='word_1_38' title='bbox 1432 616 1629 671; x_wconf 83' lang='lat' dir='ltr'><strong>mullos</strong></span> <span class='ocrx_word' id='word_1_39' title='bbox 1651 613 1816 668; x_wconf 91' lang='lat' dir='ltr'><strong>libros</strong></span> <span class='ocrx_word' id='word_1_40' title='bbox 1843 627 1965 668; x_wconf 91' lang='lat' dir='ltr'><strong>con-</strong></span> 
     </span>
    </p>
   </div>
   <div class='ocr_carea' id='block_1_8' title="bbox 1276 607 2808 694">
    <p class='ocr_par' dir='ltr' id='par_1_8' title="bbox 1280 607 2808 677">
     <span class='ocr_line' id='line_1_8' title="bbox 1280 607 2808 677; baseline -0.008 -6"><span class='ocrx_word' id='word_1_41' title='bbox 1280 631 1305 671; x_wconf 92' lang='lat' dir='ltr'><strong>s</strong></span> <span class='ocrx_word' id='word_1_42' title='bbox 1333 631 1400 670; x_wconf 89' lang='lat' dir='ltr'><strong>ne</strong></span> <span class='ocrx_word' id='word_1_43' title='bbox 1432 616 1629 671; x_wconf 83' lang='lat' dir='ltr'><strong>mullos</strong></span> <span class='ocrx_word' id='word_1_44' title='bbox 1651 613 1816 668; x_wconf 91' lang='lat' dir='ltr'><strong>libros</strong></span> <span class='ocrx_word' id='word_1_45' title='bbox 1843 627 1969 668; x_wconf 89' lang='lat' dir='ltr'><strong>con-</strong></span> <span class='ocrx_word' id='word_1_46' title='bbox 2067 624 2145 659; x_wconf 84' lang='grc' dir='ltr'><strong>νοι</strong></span> <span class='ocrx_word' id='word_1_47' title='bbox 2168 607 2385 677; x_wconf 83' lang='grc' dir='ltr'>ποιῆσαι</span> <span class='ocrx_word' id='word_1_48' title='bbox 2419 607 2595 676; x_wconf 81' lang='grc' dir='ltr'>βιϐλία</span> <span class='ocrx_word' id='word_1_49' title='bbox 2623 609 2808 661; x_wconf 90' lang='grc' dir='ltr'>πολλά.</span> 
     </span>
    </p>
   </div>
   <div class='ocr_carea' id='block_1_9' title="bbox 432 714 1964 912">
    <p class='ocr_par' dir='ltr' id='par_1_9' title="bbox 432 714 1964 912">
     <span class='ocr_line' id='line_1_9' title="bbox 435 714 732 766; baseline -0.007 0"><span class='ocrx_word' id='word_1_50' title='bbox 435 714 499 766; x_wconf 78' lang='lat' dir='ltr'><strong>lic</strong></span> <span class='ocrx_word' id='word_1_51' title='bbox 537 728 561 765; x_wconf 90' lang='lat' dir='ltr'><strong>r</strong></span> <span class='ocrx_word' id='word_1_52' title='bbox 597 725 732 765; x_wconf 87' lang='lat' dir='ltr'><strong>mus.</strong></span> 
     </span>
     <span class='ocr_line' id='line_1_10' title="bbox 432 727 1964 912; baseline -0.007 -60"><span class='ocrx_word' id='word_1_53' title='bbox 432 727 659 874; x_wconf 53' lang='lat' dir='ltr'><strong>Dcinfie,</strong></span> <span class='ocrx_word' id='word_1_54' title='bbox 684 802 948 863; x_wconf 75' lang='lat' dir='ltr'><strong>postquam</strong></span> <span class='ocrx_word' id='word_1_55' title='bbox 977 795 1106 848; x_wconf 73' lang='lat' dir='ltr'><strong>dixit</strong></span> <span class='ocrx_word' id='word_1_56' title='bbox 1135 791 1436 912; x_wconf 55' lang='lat' dir='ltr'><strong>JQrigenes]</strong></span> <span class='ocrx_word' id='word_1_57' title='bbox 1463 807 1518 844; x_wconf 80' lang='lat' dir='ltr'><strong>se</strong></span> <span class='ocrx_word' id='word_1_58' title='bbox 1542 789 1803 871; x_wconf 66' lang='lat' dir='ltr'><strong>voiumina</strong></span> <span class='ocrx_word' id='word_1_59' title='bbox 1839 804 1964 867; x_wconf 74' lang='lat' dir='ltr'><strong>qua-</strong></span> 
     </span>
     <span class='ocr_line' id='line_1_11' title="bbox 499 860 1964 912; baseline -0.001 0"><span class='ocrx_word' id='word_1_60' title='bbox 499 877 618 912; x_wconf 84' lang='lat' dir='ltr'><strong>mor</strong></span> <span class='ocrx_word' id='word_1_61' title='bbox 643 881 696 912; x_wconf 77' lang='grc' dir='ltr'>ιη</span> <span class='ocrx_word' id='word_1_62' title='bbox 725 881 887 912; x_wconf 69' lang='lat' dir='ltr'><strong>nausa</strong></span> <span class='ocrx_word' id='word_1_63' title='bbox 929 864 1131 912; x_wconf 77' lang='lat' dir='ltr'><strong>Euanae</strong></span> <span class='ocrx_word' id='word_1_64' title='bbox 1155 879 1192 912; x_wconf 83' lang='grc' dir='ltr'>η</span> <span class='ocrx_word' id='word_1_65' title='bbox 1235 864 1383 912; x_wconf 74' lang='lat' dir='ltr'><strong>verba</strong></span> <span class='ocrx_word' id='word_1_66' title='bbox 1425 861 1734 912; x_wconf 77' lang='lat' dir='ltr'><strong>absolvisse.</strong></span> <span class='ocrx_word' id='word_1_67' title='bbox 1775 860 1964 912; x_wconf 78' lang='lat' dir='ltr'><strong>admu-</strong></span> 
     </span>
    </p>
   </div>
   <div class='ocr_carea' id='block_1_10' title="bbox 2175 714 3707 912">
    <p class='ocr_par' dir='ltr' id='par_1_10' title="bbox 2175 775 3707 912">
     <span class='ocr_line' id='line_1_12' title="bbox 2175 775 3707 850; baseline -0.004 -16"><span class='ocrx_word' id='word_1_68' title='bbox 2175 797 2233 843; x_wconf 80' lang='grc' dir='ltr'><strong>α,</strong></span> <span class='ocrx_word' id='word_1_69' title='bbox 2275 781 2486 845; x_wconf 72' lang='grc' dir='ltr'>εἰπὼν,</span> <span class='ocrx_word' id='word_1_70' title='bbox 2510 782 2588 846; x_wconf 86' lang='grc' dir='ltr'>ὡς</span> <span class='ocrx_word' id='word_1_71' title='bbox 2623 785 2708 846; x_wconf 79' lang='grc' dir='ltr'>εἰς</span> <span class='ocrx_word' id='word_1_72' title='bbox 2744 783 2915 850; x_wconf 70' lang='grc' dir='ltr'>ὀλίγη</span> <span class='ocrx_word' id='word_1_73' title='bbox 2951 781 3060 834; x_wconf 85' lang='grc' dir='ltr'><strong>τοῦ</strong></span> <span class='ocrx_word' id='word_1_74' title='bbox 3089 778 3508 848; x_wconf 67' lang='grc' dir='ltr'>Εὐατγελίου</span> <span class='ocrx_word' id='word_1_75' title='bbox 3532 775 3707 844; x_wconf 78' lang='grc' dir='ltr'>ῥητὰ</span> 
     </span>
     <span class='ocr_line' id='line_1_13' title="bbox 2175 866 3596 912; baseline 0 0"><span class='ocrx_word' id='word_1_76' title='bbox 2175 869 2443 912; x_wconf 62' lang='lat' dir='ltr'><strong>rén&#39;n&#39;ansn</strong></span> <span class='ocrx_word' id='word_1_77' title='bbox 2473 869 2629 912; x_wconf 72' lang='grc' dir='ltr'><strong>ηὖτῶ</strong></span> <span class='ocrx_word' id='word_1_78' title='bbox 2649 871 3021 912; x_wconf 69' lang='grc' dir='ltr'><strong>δυηνύθηηην</strong></span> <span class='ocrx_word' id='word_1_79' title='bbox 3042 871 3239 912; x_wconf 60' lang='lat' dir='ltr'><strong>(riunt-</strong></span> <span class='ocrx_word' id='word_1_80' title='bbox 3265 866 3596 912; x_wconf 67' lang='grc' dir='ltr'>ἐπιωέοει-</span> 
     </span>
    </p>
   </div>
   <div class='ocr_carea' id='block_1_11' title="bbox 499 860 2031 938">
    <p class='ocr_par' dir='ltr' id='par_1_11' title="bbox 499 860 1967 938">
     <span class='ocr_line' id='line_1_14' title="bbox 499 860 1967 938; baseline -0.005 -19"><span class='ocrx_word' id='word_1_81' title='bbox 499 877 618 938; x_wconf 74' lang='lat' dir='ltr'><strong>utor</strong></span> <span class='ocrx_word' id='word_1_82' title='bbox 643 860 696 918; x_wconf 72' lang='lat' dir='ltr'><strong>in</strong></span> <span class='ocrx_word' id='word_1_83' title='bbox 724 860 887 932; x_wconf 78' lang='lat' dir='ltr'><strong>pauca</strong></span> <span class='ocrx_word' id='word_1_84' title='bbox 929 860 1193 932; x_wconf 78' lang='lat' dir='ltr'><strong>Evangelii</strong></span> <span class='ocrx_word' id='word_1_85' title='bbox 1235 864 1383 916; x_wconf 75' lang='lat' dir='ltr'><strong>verba</strong></span> <span class='ocrx_word' id='word_1_86' title='bbox 1419 860 1734 921; x_wconf 62' lang='lat' dir='ltr'><strong>absolvisse,</strong></span> <span class='ocrx_word' id='word_1_87' title='bbox 1775 860 1967 924; x_wconf 83' lang='lat' dir='ltr'><strong>adjun-</strong></span> 
     </span>
    </p>
   </div>
   <div class='ocr_carea' id='block_1_12' title="bbox 2063 860 3595 938">
    <p class='ocr_par' dir='ltr' id='par_1_12' title="bbox 2159 866 3595 938">
     <span class='ocr_line' id='line_1_15' title="bbox 2159 866 3595 938; baseline -0.002 -16"><span class='ocrx_word' id='word_1_88' title='bbox 2159 869 2443 936; x_wconf 85' lang='grc' dir='ltr'>τέσσαρες</span> <span class='ocrx_word' id='word_1_89' title='bbox 2473 869 2629 934; x_wconf 83' lang='grc' dir='ltr'><strong>αὐτῷ</strong></span> <span class='ocrx_word' id='word_1_90' title='bbox 2649 871 3021 938; x_wconf 78' lang='grc' dir='ltr'>διηνύθησαν</span> <span class='ocrx_word' id='word_1_91' title='bbox 3042 871 3241 938; x_wconf 84' lang='grc' dir='ltr'><strong>τόμοι,</strong></span> <span class='ocrx_word' id='word_1_92' title='bbox 3265 866 3595 936; x_wconf 73' lang='grc' dir='ltr'><strong>ἐπιφέρει.</strong></span> 
     </span>
    </p>
   </div>
   <div class='ocr_carea' id='block_1_13' title="bbox 497 936 1592 1001">
    <p class='ocr_par' dir='ltr' id='par_1_13' title="bbox 497 936 1592 1001">
     <span class='ocr_line' id='line_1_16' title="bbox 497 936 1592 1001; baseline 0.011 -17"><span class='ocrx_word' id='word_1_93' title='bbox 497 936 592 1001; x_wconf 77' lang='lat' dir='ltr'><strong>git.</strong></span> <span class='ocrx_word' id='word_1_94' title='bbox 1587 993 1592 996; x_wconf 92' lang='lat'><strong>.</strong></span> 
     </span>
    </p>
   </div>
   <div class='ocr_carea' id='block_1_14' title="bbox 498 1013 2030 1086">
    <p class='ocr_par' dir='ltr' id='par_1_14' title="bbox 498 1015 1966 1086">
     <span class='ocr_line' id='line_1_17' title="bbox 498 1015 1966 1086; baseline -0.004 -12"><span class='ocrx_word' id='word_1_95' title='bbox 498 1022 550 1074; x_wconf 75' lang='lat'><strong>2.</strong></span> <span class='ocrx_word' id='word_1_96' title='bbox 579 1021 844 1086; x_wconf 85' lang='lat' dir='ltr'><strong>Quantum</strong></span> <span class='ocrx_word' id='word_1_97' title='bbox 873 1019 1012 1071; x_wconf 87' lang='lat' dir='ltr'><strong>enim</strong></span> <span class='ocrx_word' id='word_1_98' title='bbox 1043 1031 1105 1071; x_wconf 90' lang='lat' dir='ltr'><strong>ex</strong></span> <span class='ocrx_word' id='word_1_99' title='bbox 1131 1018 1244 1084; x_wconf 90' lang='lat' dir='ltr'><strong>ipsa</strong></span> <span class='ocrx_word' id='word_1_100' title='bbox 1271 1015 1504 1069; x_wconf 92' lang='lat' dir='ltr'><strong>dictione</strong></span> <span class='ocrx_word' id='word_1_101' title='bbox 1539 1015 1806 1084; x_wconf 87' lang='lat' dir='ltr'><strong>conjicere</strong></span> <span class='ocrx_word' id='word_1_102' title='bbox 1826 1016 1966 1082; x_wconf 89' lang='lat' dir='ltr'><strong>licet,</strong></span> 
     </span>
    </p>
   </div>
   <div class='ocr_carea' id='block_1_15' title="bbox 2168 1013 3700 1086">
    <p class='ocr_par' dir='ltr' id='par_1_15' title="bbox 2168 1013 3700 1086">
     <span class='ocr_line' id='line_1_18' title="bbox 2168 1013 3700 1086; baseline -0.001 -19"><span class='ocrx_word' id='word_1_103' title='bbox 2168 1031 2190 1068; x_wconf 86' lang='grc'>;.</span> <span class='ocrx_word' id='word_1_104' title='bbox 2228 1018 2387 1070; x_wconf 87' lang='grc' dir='ltr'>’Ὀσον</span> <span class='ocrx_word' id='word_1_105' title='bbox 2416 1016 2521 1086; x_wconf 79' lang='grc' dir='ltr'>γὰρ</span> <span class='ocrx_word' id='word_1_106' title='bbox 2553 1016 2643 1068; x_wconf 73' lang='grc' dir='ltr'><strong>ἐπὶ</strong></span> <span class='ocrx_word' id='word_1_107' title='bbox 2672 1018 2736 1085; x_wconf 78' lang='grc' dir='ltr'>τῇ</span> <span class='ocrx_word' id='word_1_108' title='bbox 2763 1015 2904 1080; x_wconf 89' lang='grc' dir='ltr'>λέξει</span> <span class='ocrx_word' id='word_1_109' title='bbox 2935 1014 3029 1068; x_wconf 83' lang='grc' dir='ltr'>δύο</span> <span class='ocrx_word' id='word_1_110' title='bbox 3060 1014 3423 1085; x_wconf 87' lang='grc' dir='ltr'>σημαίνεται</span> <span class='ocrx_word' id='word_1_111' title='bbox 3458 1014 3534 1066; x_wconf 79' lang='grc' dir='ltr'><strong>ὲκ</strong></span> <span class='ocrx_word' id='word_1_112' title='bbox 3556 1013 3663 1066; x_wconf 87' lang='grc' dir='ltr'><strong>τοῦ</strong></span> <span class='ocrx_word' id='word_1_113' title='bbox 3687 1030 3700 1044; x_wconf 91' lang='grc'><strong>·</strong></span> 
     </span>
    </p>
   </div>
   <div class='ocr_carea' id='block_1_16' title="bbox 432 1101 1964 1178">
    <p class='ocr_par' dir='ltr' id='par_1_16' title="bbox 432 1103 1964 1178">
     <span class='ocr_line' id='line_1_19' title="bbox 432 1103 1964 1178; baseline -0.005 -13"><span class='ocrx_word' id='word_1_114' title='bbox 432 1112 536 1165; x_wconf 86' lang='lat' dir='ltr'><strong>duo</strong></span> <span class='ocrx_word' id='word_1_115' title='bbox 566 1109 932 1178; x_wconf 82' lang='lat' dir='ltr'><strong>significantur</strong></span> <span class='ocrx_word' id='word_1_116' title='bbox 965 1107 1048 1160; x_wconf 90' lang='lat' dir='ltr'><strong>his</strong></span> <span class='ocrx_word' id='word_1_117' title='bbox 1079 1107 1254 1160; x_wconf 87' lang='lat' dir='ltr'><strong>verbis</strong></span> <span class='ocrx_word' id='word_1_118' title='bbox 1283 1122 1297 1159; x_wconf 90' lang='lat'><strong>:</strong></span> <span class='ocrx_word' id='word_1_119' title='bbox 1322 1123 1340 1156; x_wconf 82' lang='grc' dir='ltr'>ι</span> <span class='ocrx_word' id='word_1_120' title='bbox 1371 1103 1470 1158; x_wconf 87' lang='lat' dir='ltr'><strong>Fili</strong></span> <span class='ocrx_word' id='word_1_121' title='bbox 1497 1105 1732 1168; x_wconf 87' lang='lat' dir='ltr'><strong>mi,cave</strong></span> <span class='ocrx_word' id='word_1_122' title='bbox 1756 1107 1964 1160; x_wconf 90' lang='lat' dir='ltr'><strong>utmul-</strong></span> 
     </span>
    </p>
   </div>
   <div class='ocr_carea' id='block_1_17' title="bbox 2172 1101 3704 1178">
    <p class='ocr_par' dir='ltr' id='par_1_17' title="bbox 2183 1101 3704 1174">
     <span class='ocr_line' id='line_1_20' title="bbox 2183 1101 3704 1174; baseline -0.001 -17"><span class='ocrx_word' id='word_1_123' title='bbox 2183 1105 2228 1158; x_wconf 88' lang='grc' dir='ltr'><strong>ίέ</strong></span> <span class='ocrx_word' id='word_1_124' title='bbox 2259 1123 2356 1174; x_wconf 89' lang='grc' dir='ltr'><strong>μου</strong></span> <span class='ocrx_word' id='word_1_125' title='bbox 2380 1145 2394 1169; x_wconf 91' lang='grc'><strong>,</strong></span> <span class='ocrx_word' id='word_1_126' title='bbox 2425 1104 2651 1173; x_wconf 85' lang='grc' dir='ltr'>φύλαξαι</span> <span class='ocrx_word' id='word_1_127' title='bbox 2688 1105 2778 1157; x_wconf 90' lang='grc' dir='ltr'><strong>τοῦ</strong></span> <span class='ocrx_word' id='word_1_128' title='bbox 2811 1105 3030 1173; x_wconf 86' lang='grc' dir='ltr'>ποιῆσαι</span> <span class='ocrx_word' id='word_1_129' title='bbox 3061 1103 3250 1172; x_wconf 83' lang='grc' dir='ltr'>βιϐλία</span> <span class='ocrx_word' id='word_1_130' title='bbox 3289 1101 3489 1155; x_wconf 86' lang='grc' dir='ltr'>πολλά</span> <span class='ocrx_word' id='word_1_131' title='bbox 3511 1121 3526 1132; x_wconf 70' lang='grc'><strong><em>⁸</em></strong></span> <span class='ocrx_word' id='word_1_132' title='bbox 3573 1122 3593 1153; x_wconf 74' lang='grc' dir='ltr'><strong>ι</strong></span> <span class='ocrx_word' id='word_1_133' title='bbox 3641 1103 3704 1155; x_wconf 83' lang='grc' dir='ltr'>ἓν</span> 
     </span>
    </p>
   </div>
   <div class='ocr_carea' id='block_1_18' title="bbox 433 1189 1965 1264">
    <p class='ocr_par' dir='ltr' id='par_1_18' title="bbox 433 1194 1965 1262">
     <span class='ocr_line' id='line_1_21' title="bbox 433 1194 1965 1262; baseline -0.004 -10"><span class='ocrx_word' id='word_1_134' title='bbox 433 1208 512 1252; x_wconf 90' lang='lat' dir='ltr'><strong>tos</strong></span> <span class='ocrx_word' id='word_1_135' title='bbox 537 1197 704 1251; x_wconf 88' lang='lat' dir='ltr'><strong>libros</strong></span> <span class='ocrx_word' id='word_1_136' title='bbox 737 1195 1031 1260; x_wconf 80' lang='lat' dir='ltr'><strong>conficias;</strong></span> <span class='ocrx_word' id='word_1_137' title='bbox 1077 1211 1096 1245; x_wconf 75' lang='grc' dir='ltr'><strong>ι</strong></span> <span class='ocrx_word' id='word_1_138' title='bbox 1131 1194 1360 1262; x_wconf 91' lang='lat' dir='ltr'><strong>primum</strong></span> <span class='ocrx_word' id='word_1_139' title='bbox 1415 1194 1625 1261; x_wconf 89' lang='lat' dir='ltr'><strong>quidem</strong></span> <span class='ocrx_word' id='word_1_140' title='bbox 1647 1231 1662 1256; x_wconf 94' lang='lat'><strong>,</strong></span> <span class='ocrx_word' id='word_1_141' title='bbox 1698 1208 1801 1247; x_wconf 94' lang='lat' dir='ltr'><strong>non</strong></span> <span class='ocrx_word' id='word_1_142' title='bbox 1849 1208 1965 1248; x_wconf 88' lang='lat' dir='ltr'><strong>esse</strong></span> 
     </span>
    </p>
   </div>
   <div class='ocr_carea' id='block_1_19' title="bbox 2164 1189 3696 1264">
    <p class='ocr_par' dir='ltr' id='par_1_19' title="bbox 2164 1189 3696 1261">
     <span class='ocr_line' id='line_1_22' title="bbox 2164 1189 3696 1261; baseline -0.004 -15"><span class='ocrx_word' id='word_1_143' title='bbox 2164 1212 2188 1256; x_wconf 74' lang='grc' dir='ltr'>ν,</span> <span class='ocrx_word' id='word_1_144' title='bbox 2214 1195 2293 1246; x_wconf 82' lang='grc' dir='ltr'>ὅτι</span> <span class='ocrx_word' id='word_1_145' title='bbox 2325 1194 2384 1245; x_wconf 78' lang='grc' dir='ltr'><strong>οὐ</strong></span> <span class='ocrx_word' id='word_1_146' title='bbox 2418 1193 2496 1244; x_wconf 92' lang='grc' dir='ltr'><strong>δεῖ</strong></span> <span class='ocrx_word' id='word_1_147' title='bbox 2535 1192 2835 1261; x_wconf 79' lang='grc' dir='ltr'>κεκτῆσθαι</span> <span class='ocrx_word' id='word_1_148' title='bbox 2879 1191 3058 1259; x_wconf 85' lang='grc' dir='ltr'>βιϐλία</span> <span class='ocrx_word' id='word_1_149' title='bbox 3093 1189 3276 1243; x_wconf 88' lang='grc' dir='ltr'>πολλά</span> <span class='ocrx_word' id='word_1_150' title='bbox 3305 1207 3320 1220; x_wconf 76' lang='grc' dir='ltr'><strong>ο</strong></span> <span class='ocrx_word' id='word_1_151' title='bbox 3361 1191 3577 1259; x_wconf 74' lang='grc' dir='ltr'>ἕτερον</span> <span class='ocrx_word' id='word_1_152' title='bbox 3611 1189 3696 1251; x_wconf 86' lang='grc' dir='ltr'>δὲ,</span> 
     </span>
    </p>
   </div>
   <div class='ocr_carea' id='block_1_20' title="bbox 433 1277 1965 1350">
    <p class='ocr_par' dir='ltr' id='par_1_20' title="bbox 433 1283 1965 1349">
     <span class='ocr_line' id='line_1_23' title="bbox 433 1283 1965 1349; baseline -0.003 -9"><span class='ocrx_word' id='word_1_153' title='bbox 433 1287 704 1341; x_wconf 87' lang='lat' dir='ltr'><strong>habendos</strong></span> <span class='ocrx_word' id='word_1_154' title='bbox 743 1284 937 1338; x_wconf 92' lang='lat' dir='ltr'><strong>multos</strong></span> <span class='ocrx_word' id='word_1_155' title='bbox 986 1284 1169 1349; x_wconf 91' lang='lat' dir='ltr'><strong>libros,</strong></span> <span class='ocrx_word' id='word_1_156' title='bbox 1194 1283 1442 1347; x_wconf 90' lang='lat' dir='ltr'><strong>alterum,</strong></span> <span class='ocrx_word' id='word_1_157' title='bbox 1477 1296 1580 1335; x_wconf 93' lang='lat' dir='ltr'><strong>non</strong></span> <span class='ocrx_word' id='word_1_158' title='bbox 1625 1295 1743 1336; x_wconf 90' lang='lat' dir='ltr'><strong>esse</strong></span> <span class='ocrx_word' id='word_1_159' title='bbox 1775 1283 1965 1336; x_wconf 90' lang='lat' dir='ltr'><strong>multos</strong></span> 
     </span>
    </p>
   </div>
   <div class='ocr_carea' id='block_1_21' title="bbox 2169 1277 3701 1350">
    <p class='ocr_par' dir='ltr' id='par_1_21' title="bbox 2169 1277 3701 1350">
     <span class='ocr_line' id='line_1_24' title="bbox 2169 1277 3701 1350; baseline -0.005 -15"><span class='ocrx_word' id='word_1_160' title='bbox 2169 1284 2224 1335; x_wconf 76' lang='grc' dir='ltr'><strong>οὐ</strong></span> <span class='ocrx_word' id='word_1_161' title='bbox 2260 1284 2340 1335; x_wconf 85' lang='grc' dir='ltr'><strong>δεῖ</strong></span> <span class='ocrx_word' id='word_1_162' title='bbox 2370 1281 2621 1346; x_wconf 80' lang='grc' dir='ltr'><strong>συντάξαι</strong></span> <span class='ocrx_word' id='word_1_163' title='bbox 2652 1280 2830 1350; x_wconf 85' lang='grc' dir='ltr'>βιϐλία</span> <span class='ocrx_word' id='word_1_164' title='bbox 2865 1280 3065 1332; x_wconf 86' lang='grc' dir='ltr'>πολλά·</span> <span class='ocrx_word' id='word_1_165' title='bbox 3103 1279 3202 1331; x_wconf 77' lang='grc' dir='ltr'>καὶ</span> <span class='ocrx_word' id='word_1_166' title='bbox 3240 1280 3293 1330; x_wconf 79' lang='grc' dir='ltr'>εἰ</span> <span class='ocrx_word' id='word_1_167' title='bbox 3335 1278 3420 1348; x_wconf 81' lang='grc' dir='ltr'>μὴ</span> <span class='ocrx_word' id='word_1_168' title='bbox 3445 1278 3514 1329; x_wconf 85' lang='grc' dir='ltr'><strong>τὸ</strong></span> <span class='ocrx_word' id='word_1_169' title='bbox 3546 1277 3701 1347; x_wconf 75' lang='grc' dir='ltr'>πρῶ·</span> 
     </span>
    </p>
   </div>
   <div class='ocr_carea' id='block_1_22' title="bbox 431 1367 1963 1444">
    <p class='ocr_par' dir='ltr' id='par_1_22' title="bbox 431 1372 1963 1444">
     <span class='ocr_line' id='line_1_25' title="bbox 431 1372 1963 1444; baseline -0.002 -15"><span class='ocrx_word' id='word_1_170' title='bbox 431 1375 821 1444; x_wconf 82' lang='lat' dir='ltr'><strong>componendas</strong></span> <span class='ocrx_word' id='word_1_171' title='bbox 852 1391 866 1427; x_wconf 91' lang='lat'><strong>:</strong></span> <span class='ocrx_word' id='word_1_172' title='bbox 897 1383 950 1428; x_wconf 91' lang='lat' dir='ltr'><strong>et</strong></span> <span class='ocrx_word' id='word_1_173' title='bbox 973 1374 1070 1428; x_wconf 85' lang='lat' dir='ltr'><strong>nisi</strong></span> <span class='ocrx_word' id='word_1_174' title='bbox 1099 1375 1352 1441; x_wconf 88' lang='lat' dir='ltr'><strong>primum,</strong></span> <span class='ocrx_word' id='word_1_175' title='bbox 1385 1373 1540 1438; x_wconf 81' lang='lat' dir='ltr'><strong>plane</strong></span> <span class='ocrx_word' id='word_1_176' title='bbox 1563 1372 1852 1426; x_wconf 88' lang='lat' dir='ltr'><strong>secundum</strong></span> <span class='ocrx_word' id='word_1_177' title='bbox 1883 1388 1896 1433; x_wconf 89' lang='lat'><strong>;</strong></span> <span class='ocrx_word' id='word_1_178' title='bbox 1922 1373 1963 1426; x_wconf 90' lang='lat' dir='ltr'><strong>si</strong></span> 
     </span>
    </p>
   </div>
   <div class='ocr_carea' id='block_1_23' title="bbox 2169 1367 3701 1444">
    <p class='ocr_par' dir='ltr' id='par_1_23' title="bbox 2169 1367 3701 1438">
     <span class='ocr_line' id='line_1_26' title="bbox 2169 1367 3701 1438; baseline -0.004 -16"><span class='ocrx_word' id='word_1_179' title='bbox 2169 1411 2175 1432; x_wconf 84' lang='grc'><strong>,</strong></span> <span class='ocrx_word' id='word_1_180' title='bbox 2218 1370 2427 1432; x_wconf 89' lang='grc' dir='ltr'>πάντως</span> <span class='ocrx_word' id='word_1_181' title='bbox 2454 1369 2513 1421; x_wconf 86' lang='grc' dir='ltr'>τὸ</span> <span class='ocrx_word' id='word_1_182' title='bbox 2545 1367 2819 1438; x_wconf 57' lang='grc' dir='ltr'>δεύτερον</span> <span class='ocrx_word' id='word_1_183' title='bbox 2853 1371 2901 1420; x_wconf 79' lang='grc' dir='ltr'><strong>εἰ</strong></span> <span class='ocrx_word' id='word_1_184' title='bbox 2930 1367 2986 1419; x_wconf 85' lang='grc' dir='ltr'>δὲ</span> <span class='ocrx_word' id='word_1_185' title='bbox 3018 1368 3080 1419; x_wconf 83' lang='grc' dir='ltr'><strong>τὸ</strong></span> <span class='ocrx_word' id='word_1_186' title='bbox 3114 1367 3418 1436; x_wconf 84' lang='grc' dir='ltr'>δεύτερον,</span> <span class='ocrx_word' id='word_1_187' title='bbox 3449 1368 3518 1418; x_wconf 77' lang='grc' dir='ltr'>οὐ</span> <span class='ocrx_word' id='word_1_188' title='bbox 3554 1368 3701 1419; x_wconf 82' lang='grc' dir='ltr'>πάν·-</span> 
     </span>
    </p>
   </div>
   <div class='ocr_carea' id='block_1_24' title="bbox 431 1456 1963 1529">
    <p class='ocr_par' dir='ltr' id='par_1_24' title="bbox 431 1460 1963 1528">
     <span class='ocr_line' id='line_1_27' title="bbox 431 1460 1963 1528; baseline -0.003 -12"><span class='ocrx_word' id='word_1_189' title='bbox 431 1477 558 1516; x_wconf 91' lang='lat' dir='ltr'><strong>vero</strong></span> <span class='ocrx_word' id='word_1_190' title='bbox 586 1463 873 1516; x_wconf 87' lang='lat' dir='ltr'><strong>secundum</strong></span> <span class='ocrx_word' id='word_1_191' title='bbox 925 1476 1026 1514; x_wconf 93' lang='lat' dir='ltr'><strong>non</strong></span> <span class='ocrx_word' id='word_1_192' title='bbox 1073 1461 1300 1528; x_wconf 88' lang='lat' dir='ltr'><strong>primum</strong></span> <span class='ocrx_word' id='word_1_193' title='bbox 1328 1460 1582 1512; x_wconf 88' lang='lat' dir='ltr'><strong>omnino:</strong></span> <span class='ocrx_word' id='word_1_194' title='bbox 1617 1468 1963 1527; x_wconf 69' lang='lat' dir='ltr'><strong>praeterquam</strong></span> 
     </span>
    </p>
   </div>
   <div class='ocr_carea' id='block_1_25' title="bbox 2165 1456 3697 1529">
    <p class='ocr_par' dir='ltr' id='par_1_25' title="bbox 2165 1456 3697 1529">
     <span class='ocr_line' id='line_1_28' title="bbox 2165 1456 3697 1529; baseline -0.002 -18"><span class='ocrx_word' id='word_1_195' title='bbox 2165 1477 2171 1518; x_wconf 69' lang='grc' dir='ltr'><em>ς</em></span> <span class='ocrx_word' id='word_1_196' title='bbox 2201 1458 2261 1511; x_wconf 83' lang='grc' dir='ltr'><strong>τὸ</strong></span> <span class='ocrx_word' id='word_1_197' title='bbox 2289 1457 2500 1529; x_wconf 86' lang='grc' dir='ltr'>πρῶτον</span> <span class='ocrx_word' id='word_1_198' title='bbox 2524 1475 2536 1488; x_wconf 80' lang='grc'><em>’</em></span> <span class='ocrx_word' id='word_1_199' title='bbox 2569 1457 2706 1526; x_wconf 85' lang='grc' dir='ltr'>πλὴν</span> <span class='ocrx_word' id='word_1_200' title='bbox 2736 1456 3071 1527; x_wconf 82' lang='grc' dir='ltr'>ἑκατέρωθεν</span> <span class='ocrx_word' id='word_1_201' title='bbox 3106 1456 3350 1526; x_wconf 78' lang='grc' dir='ltr'><strong>δόξομεν</strong></span> <span class='ocrx_word' id='word_1_202' title='bbox 3388 1456 3512 1524; x_wconf 78' lang='grc'><strong>(39)</strong></span> <span class='ocrx_word' id='word_1_203' title='bbox 3545 1472 3697 1523; x_wconf 85' lang='grc' dir='ltr'>μαν-</span> 
     </span>
    </p>
   </div>
   <div class='ocr_carea' id='block_1_26' title="bbox 431 1544 1963 1619">
    <p class='ocr_par' dir='ltr' id='par_1_26' title="bbox 431 1547 1963 1619">
     <span class='ocr_line' id='line_1_29' title="bbox 431 1547 1963 1619; baseline -0.003 -15"><span class='ocrx_word' id='word_1_204' title='bbox 431 1551 570 1619; x_wconf 88' lang='lat' dir='ltr'><strong>quod</strong></span> <span class='ocrx_word' id='word_1_205' title='bbox 594 1551 842 1619; x_wconf 88' lang='lat' dir='ltr'><strong>utrinque</strong></span> <span class='ocrx_word' id='word_1_206' title='bbox 875 1549 1050 1603; x_wconf 88' lang='lat' dir='ltr'><strong>doceri</strong></span> <span class='ocrx_word' id='word_1_207' title='bbox 1085 1549 1328 1602; x_wconf 78' lang='lat' dir='ltr'><strong>videmur</strong></span> <span class='ocrx_word' id='word_1_208' title='bbox 1365 1563 1470 1600; x_wconf 87' lang='lat' dir='ltr'><strong>non</strong></span> <span class='ocrx_word' id='word_1_209' title='bbox 1516 1561 1635 1601; x_wconf 90' lang='lat' dir='ltr'><strong>esse</strong></span> <span class='ocrx_word' id='word_1_210' title='bbox 1667 1547 1963 1616; x_wconf 79' lang='lat' dir='ltr'><strong>complures</strong></span> 
     </span>
    </p>
   </div>
   <div class='ocr_carea' id='block_1_27' title="bbox 2163 1544 3695 1619">
    <p class='ocr_par' dir='ltr' id='par_1_27' title="bbox 2163 1544 3695 1617">
     <span class='ocr_line' id='line_1_30' title="bbox 2163 1544 3695 1617; baseline -0.004 -17"><span class='ocrx_word' id='word_1_211' title='bbox 2163 1565 2246 1600; x_wconf 88' lang='grc' dir='ltr'><strong>Ιειν</strong></span> <span class='ocrx_word' id='word_1_212' title='bbox 2276 1548 2349 1617; x_wconf 84' lang='grc' dir='ltr'>μὴ</span> <span class='ocrx_word' id='word_1_213' title='bbox 2381 1548 2487 1600; x_wconf 87' lang='grc' dir='ltr'>δεῖν</span> <span class='ocrx_word' id='word_1_214' title='bbox 2520 1549 2691 1599; x_wconf 85' lang='grc' dir='ltr'>ποιεῖν</span> <span class='ocrx_word' id='word_1_215' title='bbox 2717 1546 2894 1614; x_wconf 81' lang='grc' dir='ltr'>βιϐλία</span> <span class='ocrx_word' id='word_1_216' title='bbox 2925 1546 3171 1598; x_wconf 82' lang='grc' dir='ltr'><strong>πλείονα.</strong></span> <span class='ocrx_word' id='word_1_217' title='bbox 3221 1545 3576 1613; x_wconf 86' lang='grc' dir='ltr'>Ἦδυνάμην</span> <span class='ocrx_word' id='word_1_218' title='bbox 3609 1544 3695 1607; x_wconf 79' lang='grc' dir='ltr'><strong>δὲ,</strong></span> 
     </span>
    </p>
   </div>
   <div class='ocr_carea' id='block_1_28' title="bbox 432 1636 1964 1708">
    <p class='ocr_par' dir='ltr' id='par_1_28' title="bbox 432 1636 1964 1704">
     <span class='ocr_line' id='line_1_31' title="bbox 432 1636 1964 1704; baseline -0.002 -13"><span class='ocrx_word' id='word_1_219' title='bbox 432 1640 597 1694; x_wconf 91' lang='lat' dir='ltr'><strong>libros</strong></span> <span class='ocrx_word' id='word_1_220' title='bbox 632 1639 1006 1692; x_wconf 84' lang='lat' dir='ltr'><strong>conficiendos.</strong></span> <span class='ocrx_word' id='word_1_221' title='bbox 1039 1637 1282 1691; x_wconf 83' lang='lat' dir='ltr'><strong>Poteram</strong></span> <span class='ocrx_word' id='word_1_222' title='bbox 1317 1646 1492 1689; x_wconf 86' lang='lat' dir='ltr'><strong>autem</strong></span> <span class='ocrx_word' id='word_1_223' title='bbox 1519 1636 1583 1688; x_wconf 89' lang='lat' dir='ltr'><strong>ad</strong></span> <span class='ocrx_word' id='word_1_224' title='bbox 1615 1637 1666 1690; x_wconf 92' lang='lat' dir='ltr'><strong>id</strong></span> <span class='ocrx_word' id='word_1_225' title='bbox 1701 1640 1842 1704; x_wconf 88' lang='lat' dir='ltr'><strong>quod</strong></span> <span class='ocrx_word' id='word_1_226' title='bbox 1871 1650 1964 1688; x_wconf 87' lang='lat' dir='ltr'><strong>uo-</strong></span> 
     </span>
    </p>
   </div>
   <div class='ocr_carea' id='block_1_29' title="bbox 2165 1636 3697 1708">
    <p class='ocr_par' dir='ltr' id='par_1_29' title="bbox 2165 1636 3697 1707">
     <span class='ocr_line' id='line_1_32' title="bbox 2165 1636 3697 1707; baseline -0.001 -19"><span class='ocrx_word' id='word_1_227' title='bbox 2165 1657 2201 1701; x_wconf 65' lang='grc' dir='ltr'>μς</span> <span class='ocrx_word' id='word_1_228' title='bbox 2245 1640 2305 1690; x_wconf 86' lang='grc' dir='ltr'><strong>τὸ</strong></span> <span class='ocrx_word' id='word_1_229' title='bbox 2333 1639 2425 1690; x_wconf 84' lang='grc' dir='ltr'><strong>νῦν</strong></span> <span class='ocrx_word' id='word_1_230' title='bbox 2457 1639 2584 1707; x_wconf 78' lang='grc' dir='ltr'>ἡμῖν</span> <span class='ocrx_word' id='word_1_231' title='bbox 2625 1636 3017 1698; x_wconf 75' lang='grc' dir='ltr'>ὑποπεπτωκὸς</span> <span class='ocrx_word' id='word_1_232' title='bbox 3060 1636 3398 1704; x_wconf 79' lang='grc' dir='ltr'><strong>ἱστάμενος,</strong></span> <span class='ocrx_word' id='word_1_233' title='bbox 3443 1636 3697 1686; x_wconf 78' lang='grc' dir='ltr'>ἐπιστεῖ-</span> 
     </span>
    </p>
   </div>
   <div class='ocr_carea' id='block_1_30' title="bbox 433 1724 1965 1796">
    <p class='ocr_par' dir='ltr' id='par_1_30' title="bbox 433 1724 1965 1790">
     <span class='ocr_line' id='line_1_33' title="bbox 433 1724 1965 1790; baseline 0 -12"><span class='ocrx_word' id='word_1_234' title='bbox 433 1727 515 1779; x_wconf 87' lang='lat' dir='ltr'><strong>bis</strong></span> <span class='ocrx_word' id='word_1_235' title='bbox 541 1727 640 1780; x_wconf 88' lang='lat' dir='ltr'><strong>sub</strong></span> <span class='ocrx_word' id='word_1_236' title='bbox 672 1727 840 1780; x_wconf 89' lang='lat' dir='ltr'><strong>aciem</strong></span> <span class='ocrx_word' id='word_1_237' title='bbox 885 1725 1146 1779; x_wconf 79' lang='lat' dir='ltr'><strong>sermonis</strong></span> <span class='ocrx_word' id='word_1_238' title='bbox 1182 1724 1354 1790; x_wconf 82' lang='lat' dir='ltr'><strong>venit,</strong></span> <span class='ocrx_word' id='word_1_239' title='bbox 1404 1725 1794 1788; x_wconf 66' lang='lat' dir='ltr'><strong>adhaerescens,</strong></span> <span class='ocrx_word' id='word_1_240' title='bbox 1823 1725 1887 1777; x_wconf 90' lang='lat' dir='ltr'><strong>ad</strong></span> <span class='ocrx_word' id='word_1_241' title='bbox 1918 1733 1965 1778; x_wconf 93' lang='lat' dir='ltr'><strong>te</strong></span> 
     </span>
    </p>
   </div>
   <div class='ocr_carea' id='block_1_31' title="bbox 2164 1724 3696 1796">
    <p class='ocr_par' dir='ltr' id='par_1_31' title="bbox 2186 1725 3696 1796">
     <span class='ocr_line' id='line_1_34' title="bbox 2186 1725 3696 1796; baseline -0.003 -16"><span class='ocrx_word' id='word_1_242' title='bbox 2186 1744 2265 1780; x_wconf 92' lang='grc' dir='ltr'><strong>σοι</strong></span> <span class='ocrx_word' id='word_1_243' title='bbox 2303 1727 2377 1790; x_wconf 87' lang='grc' dir='ltr'>ὡς</span> <span class='ocrx_word' id='word_1_244' title='bbox 2423 1725 2713 1793; x_wconf 81' lang='grc' dir='ltr'>ἀπολογίαν</span> <span class='ocrx_word' id='word_1_245' title='bbox 2746 1726 2806 1777; x_wconf 83' lang='grc' dir='ltr'><strong>τὸ</strong></span> <span class='ocrx_word' id='word_1_246' title='bbox 2841 1726 3036 1796; x_wconf 76' lang='grc' dir='ltr'>ρητόνο</span> <span class='ocrx_word' id='word_1_247' title='bbox 3087 1725 3184 1777; x_wconf 71' lang='grc' dir='ltr'><strong>καὶ</strong></span> <span class='ocrx_word' id='word_1_248' title='bbox 3225 1725 3696 1786; x_wconf 81' lang='grc' dir='ltr'><strong>κατασκευάσας</strong></span> 
     </span>
    </p>
   </div>
   <div class='ocr_carea' id='block_1_32' title="bbox 433 1813 1965 1885">
    <p class='ocr_par' dir='ltr' id='par_1_32' title="bbox 433 1813 1965 1884">
     <span class='ocr_line' id='line_1_35' title="bbox 433 1813 1965 1884; baseline -0.002 -15"><span class='ocrx_word' id='word_1_249' title='bbox 433 1813 722 1884; x_wconf 63' lang='lat' dir='ltr'><strong>Scriptura:</strong></span> <span class='ocrx_word' id='word_1_250' title='bbox 752 1816 948 1869; x_wconf 91' lang='lat' dir='ltr'><strong>dictum</strong></span> <span class='ocrx_word' id='word_1_251' title='bbox 976 1813 1332 1869; x_wconf 75' lang='lat' dir='ltr'><strong>excusationis</strong></span> <span class='ocrx_word' id='word_1_252' title='bbox 1359 1813 1474 1867; x_wconf 89' lang='lat' dir='ltr'><strong>loco</strong></span> <span class='ocrx_word' id='word_1_253' title='bbox 1505 1815 1739 1878; x_wconf 85' lang='lat' dir='ltr'><strong>mittere,</strong></span> <span class='ocrx_word' id='word_1_254' title='bbox 1769 1822 1821 1865; x_wconf 92' lang='lat' dir='ltr'><strong>et</strong></span> <span class='ocrx_word' id='word_1_255' title='bbox 1841 1827 1965 1866; x_wconf 92' lang='lat' dir='ltr'><strong>con-</strong></span> 
     </span>
    </p>
   </div>
   <div class='ocr_carea' id='block_1_33' title="bbox 2165 1813 3697 1885">
    <p class='ocr_par' dir='ltr' id='par_1_33' title="bbox 2165 1813 3697 1885">
     <span class='ocr_line' id='line_1_36' title="bbox 2165 1813 3697 1885; baseline 0 -19"><span class='ocrx_word' id='word_1_256' title='bbox 2165 1817 2406 1884; x_wconf 84' lang='grc' dir='ltr'>πρᾶγμα,</span> <span class='ocrx_word' id='word_1_257' title='bbox 2429 1817 2490 1866; x_wconf 80' lang='grc' dir='ltr'>ὲκ</span> <span class='ocrx_word' id='word_1_258' title='bbox 2519 1815 2611 1867; x_wconf 88' lang='grc' dir='ltr'><strong>τοῦ</strong></span> <span class='ocrx_word' id='word_1_259' title='bbox 2644 1815 2778 1885; x_wconf 82' lang='grc' dir='ltr'>μηδὲ</span> <span class='ocrx_word' id='word_1_260' title='bbox 2810 1816 2935 1877; x_wconf 82' lang='grc' dir='ltr'>τοὺς</span> <span class='ocrx_word' id='word_1_261' title='bbox 2961 1815 3152 1882; x_wconf 79' lang='grc' dir='ltr'>ἁγίους</span> <span class='ocrx_word' id='word_1_262' title='bbox 3184 1815 3418 1867; x_wconf 82' lang='grc' dir='ltr'>πολλῶν</span> <span class='ocrx_word' id='word_1_263' title='bbox 3455 1813 3697 1882; x_wconf 85' lang='grc' dir='ltr'>βιϐλίων</span> 
     </span>
    </p>
   </div>
   <div class='ocr_carea' id='block_1_34' title="bbox 434 1899 1966 1973">
    <p class='ocr_par' dir='ltr' id='par_1_34' title="bbox 434 1899 1966 1969">
     <span class='ocr_line' id='line_1_37' title="bbox 434 1899 1966 1969; baseline -0.003 -13"><span class='ocrx_word' id='word_1_264' title='bbox 434 1903 644 1956; x_wconf 79' lang='lat' dir='ltr'><strong>firmata</strong></span> <span class='ocrx_word' id='word_1_265' title='bbox 672 1917 729 1956; x_wconf 88' lang='lat' dir='ltr'><strong>re</strong></span> <span class='ocrx_word' id='word_1_266' title='bbox 749 1917 812 1956; x_wconf 87' lang='lat' dir='ltr'><strong>ex</strong></span> <span class='ocrx_word' id='word_1_267' title='bbox 845 1916 908 1956; x_wconf 90' lang='lat' dir='ltr'><strong>eo</strong></span> <span class='ocrx_word' id='word_1_268' title='bbox 937 1901 1076 1969; x_wconf 92' lang='lat' dir='ltr'><strong>quod</strong></span> <span class='ocrx_word' id='word_1_269' title='bbox 1101 1913 1271 1968; x_wconf 92' lang='lat' dir='ltr'><strong>neque</strong></span> <span class='ocrx_word' id='word_1_270' title='bbox 1297 1899 1465 1952; x_wconf 86' lang='lat' dir='ltr'><strong>sancti</strong></span> <span class='ocrx_word' id='word_1_271' title='bbox 1501 1899 1780 1952; x_wconf 90' lang='lat' dir='ltr'><strong>multorum</strong></span> <span class='ocrx_word' id='word_1_272' title='bbox 1811 1900 1966 1952; x_wconf 91' lang='lat' dir='ltr'><strong>libro-</strong></span> 
     </span>
    </p>
   </div>
   <div class='ocr_carea' id='block_1_35' title="bbox 2162 1899 3694 1973">
    <p class='ocr_par' dir='ltr' id='par_1_35' title="bbox 2163 1902 3694 1973">
     <span class='ocr_line' id='line_1_38' title="bbox 2163 1902 3694 1973; baseline 0 -19"><span class='ocrx_word' id='word_1_273' title='bbox 2163 1903 2374 1966; x_wconf 80' lang='grc' dir='ltr'>τάξεσιν</span> <span class='ocrx_word' id='word_1_274' title='bbox 2404 1903 2772 1972; x_wconf 80' lang='grc' dir='ltr'>ὲσχολακέναι,</span> <span class='ocrx_word' id='word_1_275' title='bbox 2800 1903 3113 1956; x_wconf 80' lang='grc' dir='ltr'>παύσασθαι</span> <span class='ocrx_word' id='word_1_276' title='bbox 3145 1905 3292 1973; x_wconf 87' lang='grc' dir='ltr'>πρὸς</span> <span class='ocrx_word' id='word_1_277' title='bbox 3317 1904 3385 1956; x_wconf 80' lang='grc' dir='ltr'><strong>τὸ</strong></span> <span class='ocrx_word' id='word_1_278' title='bbox 3423 1903 3563 1973; x_wconf 82' lang='grc' dir='ltr'>ἑξῆς</span> <span class='ocrx_word' id='word_1_279' title='bbox 3591 1902 3694 1955; x_wconf 88' lang='grc' dir='ltr'><strong>τοῦ</strong></span> 
     </span>
    </p>
   </div>
   <div class='ocr_carea' id='block_1_36' title="bbox 434 1986 1966 2063">
    <p class='ocr_par' dir='ltr' id='par_1_36' title="bbox 434 1986 1966 2059">
     <span class='ocr_line' id='line_1_39' title="bbox 434 1986 1966 2059; baseline -0.006 -13"><span class='ocrx_word' id='word_1_280' title='bbox 434 2007 550 2046; x_wconf 87' lang='lat' dir='ltr'><strong>rum</strong></span> <span class='ocrx_word' id='word_1_281' title='bbox 576 1989 943 2059; x_wconf 77' lang='lat' dir='ltr'><strong>compositioni</strong></span> <span class='ocrx_word' id='word_1_282' title='bbox 965 1989 1285 2052; x_wconf 87' lang='lat' dir='ltr'><strong>studuerint,</strong></span> <span class='ocrx_word' id='word_1_283' title='bbox 1305 1989 1547 2041; x_wconf 84' lang='lat' dir='ltr'><strong>desinere</strong></span> <span class='ocrx_word' id='word_1_284' title='bbox 1572 1987 1818 2052; x_wconf 88' lang='lat' dir='ltr'><strong>deinceps</strong></span> <span class='ocrx_word' id='word_1_285' title='bbox 1845 1986 1966 2038; x_wconf 90' lang='lat' dir='ltr'><strong>sub-</strong></span> 
     </span>
    </p>
   </div>
   <div class='ocr_carea' id='block_1_37' title="bbox 2162 1986 3694 2063">
    <p class='ocr_par' dir='ltr' id='par_1_37' title="bbox 2162 1991 3694 2063">
     <span class='ocr_line' id='line_1_40' title="bbox 2162 1991 3694 2063; baseline 0.003 -23"><span class='ocrx_word' id='word_1_286' title='bbox 2162 1994 2204 2042; x_wconf 67' lang='grc' dir='ltr'><strong>ςὰ</strong></span> <span class='ocrx_word' id='word_1_287' title='bbox 2243 1992 2337 2054; x_wconf 78' lang='grc' dir='ltr'><strong>τὰς</strong></span> <span class='ocrx_word' id='word_1_288' title='bbox 2385 1991 2653 2062; x_wconf 81' lang='grc' dir='ltr'>συνθήκας</span> <span class='ocrx_word' id='word_1_289' title='bbox 2700 1992 2766 2054; x_wconf 74' lang='grc' dir='ltr'>ἃς</span> <span class='ocrx_word' id='word_1_290' title='bbox 2799 1992 3181 2062; x_wconf 76' lang='grc' dir='ltr'><strong>ἐποιησάμεθα</strong></span> <span class='ocrx_word' id='word_1_291' title='bbox 3214 1994 3369 2063; x_wconf 83' lang='grc' dir='ltr'>πρὸς</span> <span class='ocrx_word' id='word_1_292' title='bbox 3403 1993 3694 2063; x_wconf 82' lang='grc' dir='ltr'>ἀλλήλους</span> 
     </span>
    </p>
   </div>
   <div class='ocr_carea' id='block_1_38' title="bbox 430 2075 1962 2152">
    <p class='ocr_par' dir='ltr' id='par_1_38' title="bbox 430 2075 1962 2152">
     <span class='ocr_line' id='line_1_41' title="bbox 430 2075 1962 2152; baseline -0.003 -19"><span class='ocrx_word' id='word_1_293' title='bbox 430 2082 658 2152; x_wconf 87' lang='lat' dir='ltr'><strong>jungere</strong></span> <span class='ocrx_word' id='word_1_294' title='bbox 700 2080 1115 2134; x_wconf 86' lang='lat' dir='ltr'><strong>commentarios</strong></span> <span class='ocrx_word' id='word_1_295' title='bbox 1157 2079 1308 2145; x_wconf 80' lang='lat' dir='ltr'><strong>juxta</strong></span> <span class='ocrx_word' id='word_1_296' title='bbox 1344 2077 1515 2130; x_wconf 63' lang='lat' dir='ltr'><strong>foedus</strong></span> <span class='ocrx_word' id='word_1_297' title='bbox 1561 2077 1698 2129; x_wconf 84' lang='lat' dir='ltr'><strong>inter</strong></span> <span class='ocrx_word' id='word_1_298' title='bbox 1737 2075 1842 2143; x_wconf 82' lang='lat'><strong>95</strong></span> <span class='ocrx_word' id='word_1_299' title='bbox 1873 2090 1962 2128; x_wconf 89' lang='lat' dir='ltr'><strong>nos</strong></span> 
     </span>
    </p>
   </div>
   <div class='ocr_carea' id='block_1_39' title="bbox 2157 2075 3689 2152">
    <p class='ocr_par' dir='ltr' id='par_1_39' title="bbox 2157 2079 3689 2151">
     <span class='ocr_line' id='line_1_42' title="bbox 2157 2079 3689 2151; baseline 0.003 -21"><span class='ocrx_word' id='word_1_300' title='bbox 2157 2079 2417 2148; x_wconf 78' lang='grc' dir='ltr'>ιγορεύειν</span> <span class='ocrx_word' id='word_1_301' title='bbox 2440 2080 2510 2132; x_wconf 80' lang='grc' dir='ltr'><strong>τά</strong></span> <span class='ocrx_word' id='word_1_302' title='bbox 2539 2081 3069 2151; x_wconf 80' lang='grc' dir='ltr'>διαπεμφθησόμενά</span> <span class='ocrx_word' id='word_1_303' title='bbox 3099 2099 3213 2134; x_wconf 81' lang='grc' dir='ltr'>σοι’</span> <span class='ocrx_word' id='word_1_304' title='bbox 3253 2083 3365 2135; x_wconf 73' lang='grc' dir='ltr'>καὶ</span> <span class='ocrx_word' id='word_1_305' title='bbox 3405 2084 3564 2151; x_wconf 82' lang='grc' dir='ltr'><strong>τάχα</strong></span> <span class='ocrx_word' id='word_1_306' title='bbox 3597 2083 3689 2146; x_wconf 85' lang='grc' dir='ltr'><strong>σὺ,</strong></span> 
     </span>
    </p>
   </div>
   <div class='ocr_carea' id='block_1_40' title="bbox 434 2162 1966 2243">
    <p class='ocr_par' dir='ltr' id='par_1_40' title="bbox 434 2162 1966 2228">
     <span class='ocr_line' id='line_1_43' title="bbox 434 2162 1966 2228; baseline -0.005 -7"><span class='ocrx_word' id='word_1_307' title='bbox 434 2169 621 2223; x_wconf 89' lang='lat' dir='ltr'><strong>initum</strong></span> <span class='ocrx_word' id='word_1_308' title='bbox 657 2168 722 2220; x_wconf 89' lang='lat' dir='ltr'><strong>ad</strong></span> <span class='ocrx_word' id='word_1_309' title='bbox 773 2177 822 2220; x_wconf 89' lang='lat' dir='ltr'><strong>te</strong></span> <span class='ocrx_word' id='word_1_310' title='bbox 863 2167 1328 2228; x_wconf 90' lang='lat' dir='ltr'><strong>transtnittendos;</strong></span> <span class='ocrx_word' id='word_1_311' title='bbox 1355 2175 1406 2217; x_wconf 89' lang='lat' dir='ltr'><strong>et</strong></span> <span class='ocrx_word' id='word_1_312' title='bbox 1433 2173 1485 2216; x_wconf 91' lang='lat' dir='ltr'><strong>tu</strong></span> <span class='ocrx_word' id='word_1_313' title='bbox 1521 2163 1748 2216; x_wconf 80' lang='lat' dir='ltr'><strong>fortasse</strong></span> <span class='ocrx_word' id='word_1_314' title='bbox 1775 2163 1860 2214; x_wconf 94' lang='lat' dir='ltr'><strong>illo</strong></span> <span class='ocrx_word' id='word_1_315' title='bbox 1885 2162 1966 2214; x_wconf 87' lang='lat' dir='ltr'><strong>di-</strong></span> 
     </span>
    </p>
   </div>
   <div class='ocr_carea' id='block_1_41' title="bbox 2161 2162 3693 2243">
    <p class='ocr_par' dir='ltr' id='par_1_41' title="bbox 2161 2169 3693 2243">
     <span class='ocr_line' id='line_1_44' title="bbox 2161 2169 3693 2243; baseline 0.004 -23"><span class='ocrx_word' id='word_1_316' title='bbox 2161 2169 2290 2238; x_wconf 66' lang='grc' dir='ltr'>λγεὶς</span> <span class='ocrx_word' id='word_1_317' title='bbox 2319 2169 2534 2239; x_wconf 81' lang='grc' dir='ltr'>ὑπὸτῆς</span> <span class='ocrx_word' id='word_1_318' title='bbox 2555 2170 2768 2235; x_wconf 87' lang='grc' dir='ltr'>λέξεως,</span> <span class='ocrx_word' id='word_1_319' title='bbox 2798 2172 2936 2240; x_wconf 83' lang='grc' dir='ltr'>πρὸς</span> <span class='ocrx_word' id='word_1_320' title='bbox 2964 2173 3026 2224; x_wconf 84' lang='grc' dir='ltr'><strong>τὸ</strong></span> <span class='ocrx_word' id='word_1_321' title='bbox 3053 2172 3182 2242; x_wconf 78' lang='grc' dir='ltr'>ἑξῆς</span> <span class='ocrx_word' id='word_1_322' title='bbox 3223 2173 3297 2227; x_wconf 83' lang='grc' dir='ltr'>ἂν</span> <span class='ocrx_word' id='word_1_323' title='bbox 3329 2175 3476 2243; x_wconf 82' lang='grc' dir='ltr'>ἡμῖν</span> <span class='ocrx_word' id='word_1_324' title='bbox 3525 2173 3693 2238; x_wconf 85' lang='grc' dir='ltr'>ξυνε-</span> 
     </span>
    </p>
   </div>
   <div class='ocr_carea' id='block_1_42' title="bbox 434 2251 1966 2331">
    <p class='ocr_par' dir='ltr' id='par_1_42' title="bbox 434 2251 1966 2324">
     <span class='ocr_line' id='line_1_45' title="bbox 434 2251 1966 2324; baseline -0.005 -14"><span class='ocrx_word' id='word_1_325' title='bbox 434 2265 520 2310; x_wconf 86' lang='lat' dir='ltr'><strong>cto</strong></span> <span class='ocrx_word' id='word_1_326' title='bbox 549 2255 837 2324; x_wconf 71' lang='lat' dir='ltr'><strong>Scriptura:</strong></span> <span class='ocrx_word' id='word_1_327' title='bbox 879 2265 1174 2308; x_wconf 86' lang='lat' dir='ltr'><strong>commotus</strong></span> <span class='ocrx_word' id='word_1_328' title='bbox 1203 2253 1252 2305; x_wconf 91' lang='lat' dir='ltr'><strong>id</strong></span> <span class='ocrx_word' id='word_1_329' title='bbox 1288 2252 1414 2304; x_wconf 91' lang='lat' dir='ltr'><strong>mihi</strong></span> <span class='ocrx_word' id='word_1_330' title='bbox 1445 2251 1495 2304; x_wconf 94' lang='lat' dir='ltr'><strong>in</strong></span> <span class='ocrx_word' id='word_1_331' title='bbox 1540 2260 1805 2316; x_wconf 89' lang='lat' dir='ltr'><strong>posterum</strong></span> <span class='ocrx_word' id='word_1_332' title='bbox 1836 2263 1966 2303; x_wconf 88' lang='lat' dir='ltr'><strong>con-</strong></span> 
     </span>
    </p>
   </div>
   <div class='ocr_carea' id='block_1_43' title="bbox 2157 2251 3689 2331">
    <p class='ocr_par' dir='ltr' id='par_1_43' title="bbox 2157 2258 3689 2331">
     <span class='ocr_line' id='line_1_46' title="bbox 2157 2258 3689 2331; baseline 0.004 -22"><span class='ocrx_word' id='word_1_333' title='bbox 2157 2275 2350 2327; x_wconf 81' lang='grc' dir='ltr'>ρησας·</span> <span class='ocrx_word' id='word_1_334' title='bbox 2391 2258 2503 2312; x_wconf 85' lang='grc' dir='ltr'><strong>ἀλλ’</strong></span> <span class='ocrx_word' id='word_1_335' title='bbox 2538 2260 2658 2311; x_wconf 74' lang='grc' dir='ltr'>ἐπεὶ</span> <span class='ocrx_word' id='word_1_336' title='bbox 2707 2261 2805 2330; x_wconf 83' lang='grc' dir='ltr'>τὴν</span> <span class='ocrx_word' id='word_1_337' title='bbox 2843 2261 3067 2330; x_wconf 81' lang='grc' dir='ltr'>Γραφὴν</span> <span class='ocrx_word' id='word_1_338' title='bbox 3097 2261 3210 2331; x_wconf 77' lang='grc'><strong>(40)</strong></span> <span class='ocrx_word' id='word_1_339' title='bbox 3267 2263 3689 2326; x_wconf 77' lang='grc' dir='ltr'>εὐσυνειδότως</span> 
     </span>
    </p>
   </div>
   <div class='ocr_carea' id='block_1_44' title="bbox 432 2348 1964 2423">
    <p class='ocr_par' dir='ltr' id='par_1_44' title="bbox 432 2349 1964 2420">
     <span class='ocr_line' id='line_1_47' title="bbox 432 2349 1964 2420; baseline -0.007 -11"><span class='ocrx_word' id='word_1_340' title='bbox 432 2355 683 2408; x_wconf 84' lang='lat' dir='ltr'><strong>cessisses</strong></span> <span class='ocrx_word' id='word_1_341' title='bbox 708 2367 724 2406; x_wconf 89' lang='lat'><strong>:</strong></span> <span class='ocrx_word' id='word_1_342' title='bbox 755 2354 848 2405; x_wconf 89' lang='lat' dir='ltr'><strong>sed</strong></span> <span class='ocrx_word' id='word_1_343' title='bbox 872 2352 1119 2420; x_wconf 86' lang='lat' dir='ltr'><strong>quoniam</strong></span> <span class='ocrx_word' id='word_1_344' title='bbox 1148 2349 1439 2416; x_wconf 74' lang='lat' dir='ltr'><strong>Scriptum</strong></span> <span class='ocrx_word' id='word_1_345' title='bbox 1479 2362 1597 2401; x_wconf 90' lang='lat' dir='ltr'><strong>cum</strong></span> <span class='ocrx_word' id='word_1_346' title='bbox 1627 2356 1769 2398; x_wconf 90' lang='lat' dir='ltr'><strong>recta</strong></span> <span class='ocrx_word' id='word_1_347' title='bbox 1795 2354 1964 2399; x_wconf 81' lang='lat' dir='ltr'><strong>mente</strong></span> 
     </span>
    </p>
   </div>
   <div class='ocr_carea' id='block_1_45' title="bbox 2157 2348 3689 2423">
    <p class='ocr_par' dir='ltr' id='par_1_45' title="bbox 2178 2348 3689 2423">
     <span class='ocr_line' id='line_1_48' title="bbox 2178 2348 3689 2423; baseline 0.003 -23"><span class='ocrx_word' id='word_1_348' title='bbox 2178 2348 2472 2413; x_wconf 77' lang='grc' dir='ltr'>ἐξετάζειν,</span> <span class='ocrx_word' id='word_1_349' title='bbox 2503 2349 2577 2419; x_wconf 85' lang='grc' dir='ltr'>μὴ</span> <span class='ocrx_word' id='word_1_350' title='bbox 2605 2350 2889 2420; x_wconf 83' lang='grc' dir='ltr'>προπετῶς</span> <span class='ocrx_word' id='word_1_351' title='bbox 2919 2352 3100 2420; x_wconf 86' lang='grc' dir='ltr'>ὲαυτῷ</span> <span class='ocrx_word' id='word_1_352' title='bbox 3145 2354 3689 2423; x_wconf 78' lang='grc' dir='ltr'>καταχαριζόμενον</span> 
     </span>
    </p>
   </div>
   <div class='ocr_carea' id='block_1_46' title="bbox 433 2435 1965 2511">
    <p class='ocr_par' dir='ltr' id='par_1_46' title="bbox 433 2435 1965 2502">
     <span class='ocr_line' id='line_1_49' title="bbox 433 2435 1965 2502; baseline -0.007 -5"><span class='ocrx_word' id='word_1_353' title='bbox 433 2453 487 2497; x_wconf 91' lang='lat' dir='ltr'><strong>et</strong></span> <span class='ocrx_word' id='word_1_354' title='bbox 515 2442 843 2496; x_wconf 84' lang='lat' dir='ltr'><strong>conscientia</strong></span> <span class='ocrx_word' id='word_1_355' title='bbox 871 2438 1198 2493; x_wconf 77' lang='lat' dir='ltr'><strong>excutienda:</strong></span> <span class='ocrx_word' id='word_1_356' title='bbox 1227 2445 1377 2498; x_wconf 91' lang='lat' dir='ltr'><strong>sunt,</strong></span> <span class='ocrx_word' id='word_1_357' title='bbox 1403 2451 1500 2489; x_wconf 89' lang='lat' dir='ltr'><strong>nec</strong></span> <span class='ocrx_word' id='word_1_358' title='bbox 1526 2445 1723 2488; x_wconf 83' lang='lat' dir='ltr'><strong>temere</strong></span> <span class='ocrx_word' id='word_1_359' title='bbox 1745 2435 1965 2502; x_wconf 84' lang='lat' dir='ltr'><strong>gauden-</strong></span> 
     </span>
    </p>
   </div>
   <div class='ocr_carea' id='block_1_47' title="bbox 2150 2435 3682 2511">
    <p class='ocr_par' dir='ltr' id='par_1_47' title="bbox 2165 2438 3682 2511">
     <span class='ocr_line' id='line_1_50' title="bbox 2165 2438 3682 2511; baseline 0.003 -21"><span class='ocrx_word' id='word_1_360' title='bbox 2165 2439 2503 2506; x_wconf 79' lang='grc' dir='ltr'>νενοηκέναι,</span> <span class='ocrx_word' id='word_1_361' title='bbox 2550 2441 2614 2490; x_wconf 84' lang='grc' dir='ltr'>ὲκ</span> <span class='ocrx_word' id='word_1_362' title='bbox 2653 2438 2745 2490; x_wconf 91' lang='grc' dir='ltr'><strong>τοῦ</strong></span> <span class='ocrx_word' id='word_1_363' title='bbox 2781 2439 2943 2508; x_wconf 76' lang='grc' dir='ltr'>ψιλὴν</span> <span class='ocrx_word' id='word_1_364' title='bbox 2987 2440 3085 2508; x_wconf 81' lang='grc' dir='ltr'><strong>τὴν</strong></span> <span class='ocrx_word' id='word_1_365' title='bbox 3110 2441 3259 2505; x_wconf 82' lang='grc' dir='ltr'>λέξιν</span> <span class='ocrx_word' id='word_1_366' title='bbox 3291 2442 3682 2511; x_wconf 78' lang='grc' dir='ltr'>ἐξειληφέναι,</span> 
     </span>
    </p>
   </div>
   <div class='ocr_carea' id='block_1_48' title="bbox 434 2522 1966 2599">
    <p class='ocr_par' dir='ltr' id='par_1_48' title="bbox 434 2522 1966 2598">
     <span class='ocr_line' id='line_1_51' title="bbox 434 2522 1966 2598; baseline -0.007 -13"><span class='ocrx_word' id='word_1_367' title='bbox 434 2531 557 2584; x_wconf 89' lang='lat' dir='ltr'><strong>dum</strong></span> <span class='ocrx_word' id='word_1_368' title='bbox 583 2529 736 2598; x_wconf 89' lang='lat' dir='ltr'><strong>quasi</strong></span> <span class='ocrx_word' id='word_1_369' title='bbox 785 2542 876 2581; x_wconf 91' lang='lat' dir='ltr'><strong>eas</strong></span> <span class='ocrx_word' id='word_1_370' title='bbox 901 2525 1164 2592; x_wconf 78' lang='lat' dir='ltr'><strong>intelligas</strong></span> <span class='ocrx_word' id='word_1_371' title='bbox 1190 2540 1253 2578; x_wconf 91' lang='lat' dir='ltr'><strong>ex</strong></span> <span class='ocrx_word' id='word_1_372' title='bbox 1292 2539 1354 2577; x_wconf 90' lang='lat' dir='ltr'><strong>eo</strong></span> <span class='ocrx_word' id='word_1_373' title='bbox 1381 2522 1521 2590; x_wconf 90' lang='lat' dir='ltr'><strong>quod</strong></span> <span class='ocrx_word' id='word_1_374' title='bbox 1561 2523 1754 2575; x_wconf 93' lang='lat' dir='ltr'><strong>nudam</strong></span> <span class='ocrx_word' id='word_1_375' title='bbox 1783 2522 1966 2574; x_wconf 82' lang='lat' dir='ltr'><strong>dictio-</strong></span> 
     </span>
    </p>
   </div>
   <div class='ocr_carea' id='block_1_49' title="bbox 2149 2522 3681 2599">
    <p class='ocr_par' dir='ltr' id='par_1_49' title="bbox 2149 2525 3681 2599">
     <span class='ocr_line' id='line_1_52' title="bbox 2149 2525 3681 2599; baseline 0.003 -21"><span class='ocrx_word' id='word_1_376' title='bbox 2149 2544 2165 2595; x_wconf 71' lang='grc' dir='ltr'>ί</span> <span class='ocrx_word' id='word_1_377' title='bbox 2191 2527 2461 2595; x_wconf 82' lang='grc' dir='ltr'>ὑπομένω,</span> <span class='ocrx_word' id='word_1_378' title='bbox 2488 2526 2562 2596; x_wconf 84' lang='grc' dir='ltr'>μὴ</span> <span class='ocrx_word' id='word_1_379' title='bbox 2594 2525 2690 2597; x_wconf 77' lang='grc' dir='ltr'><strong>τὴν</strong></span> <span class='ocrx_word' id='word_1_380' title='bbox 2717 2528 3046 2596; x_wconf 80' lang='grc' dir='ltr'>φαινομένην</span> <span class='ocrx_word' id='word_1_381' title='bbox 3087 2547 3177 2598; x_wconf 90' lang='grc' dir='ltr'><strong>μοι</strong></span> <span class='ocrx_word' id='word_1_382' title='bbox 3227 2530 3382 2599; x_wconf 83' lang='grc' dir='ltr'>ὑπὲρ</span> <span class='ocrx_word' id='word_1_383' title='bbox 3426 2531 3681 2599; x_wconf 79' lang='grc' dir='ltr'>ἐμαυτοῦ</span> 
     </span>
    </p>
   </div>
   <div class='ocr_carea' id='block_1_50' title="bbox 437 2611 1969 2694">
    <p class='ocr_par' dir='ltr' id='par_1_50' title="bbox 437 2611 1966 2685">
     <span class='ocr_line' id='line_1_53' title="bbox 437 2611 1966 2685; baseline -0.007 -13"><span class='ocrx_word' id='word_1_384' title='bbox 437 2634 558 2672; x_wconf 92' lang='lat' dir='ltr'><strong>nem</strong></span> <span class='ocrx_word' id='word_1_385' title='bbox 593 2618 916 2685; x_wconf 85' lang='lat' dir='ltr'><strong>perceperis,</strong></span> <span class='ocrx_word' id='word_1_386' title='bbox 947 2630 1058 2668; x_wconf 90' lang='lat' dir='ltr'><strong>rem</strong></span> <span class='ocrx_word' id='word_1_387' title='bbox 1111 2628 1214 2666; x_wconf 89' lang='lat' dir='ltr'><strong>non</strong></span> <span class='ocrx_word' id='word_1_388' title='bbox 1261 2613 1484 2680; x_wconf 85' lang='lat' dir='ltr'><strong>prolato,</strong></span> <span class='ocrx_word' id='word_1_389' title='bbox 1526 2623 1642 2674; x_wconf 90' lang='lat' dir='ltr'><strong>nec,</strong></span> <span class='ocrx_word' id='word_1_390' title='bbox 1671 2626 1789 2678; x_wconf 70' lang='lat' dir='ltr'><strong>quae</strong></span> <span class='ocrx_word' id='word_1_391' title='bbox 1840 2611 1966 2662; x_wconf 86' lang='lat' dir='ltr'><strong>mihi</strong></span> 
     </span>
    </p>
   </div>
   <div class='ocr_carea' id='block_1_51' title="bbox 2151 2611 3683 2694">
    <p class='ocr_par' dir='ltr' id='par_1_51' title="bbox 2151 2617 3683 2694">
     <span class='ocr_line' id='line_1_54' title="bbox 2151 2617 3683 2694; baseline 0.003 -22"><span class='ocrx_word' id='word_1_392' title='bbox 2151 2622 2378 2688; x_wconf 89' lang='grc' dir='ltr'>ολογίαν,</span> <span class='ocrx_word' id='word_1_393' title='bbox 2480 2621 2704 2690; x_wconf 85' lang='grc' dir='ltr'>χρήσαιο</span> <span class='ocrx_word' id='word_1_394' title='bbox 2732 2621 2797 2674; x_wconf 82' lang='grc' dir='ltr'>ἂν</span> <span class='ocrx_word' id='word_1_395' title='bbox 2828 2623 2950 2674; x_wconf 77' lang='grc' dir='ltr'>κατ’</span> <span class='ocrx_word' id='word_1_396' title='bbox 2979 2622 3135 2691; x_wconf 75' lang='grc' dir='ltr'>ἐμοῦ,</span> <span class='ocrx_word' id='word_1_397' title='bbox 3154 2625 3203 2674; x_wconf 84' lang='grc' dir='ltr'>εἰ</span> <span class='ocrx_word' id='word_1_398' title='bbox 3228 2623 3395 2694; x_wconf 81' lang='grc' dir='ltr'>παρὰ</span> <span class='ocrx_word' id='word_1_399' title='bbox 3413 2624 3520 2686; x_wconf 79' lang='grc' dir='ltr'>τὰς</span> <span class='ocrx_word' id='word_1_400' title='bbox 3552 2641 3683 2678; x_wconf 89' lang='grc' dir='ltr'>συν-</span> 
     </span>
    </p>
   </div>
   <div class='ocr_carea' id='block_1_52' title="bbox 435 2697 1967 2782">
    <p class='ocr_par' dir='ltr' id='par_1_52' title="bbox 435 2697 1967 2770">
     <span class='ocr_line' id='line_1_55' title="bbox 435 2697 1967 2770; baseline -0.006 -12"><span class='ocrx_word' id='word_1_401' title='bbox 435 2707 646 2759; x_wconf 81' lang='lat' dir='ltr'><strong>videtur</strong></span> <span class='ocrx_word' id='word_1_402' title='bbox 698 2702 1015 2770; x_wconf 71' lang='lat' dir='ltr'><strong>suffragari,</strong></span> <span class='ocrx_word' id='word_1_403' title='bbox 1066 2699 1429 2753; x_wconf 82' lang='lat' dir='ltr'><strong>defensionem</strong></span> <span class='ocrx_word' id='word_1_404' title='bbox 1487 2698 1682 2761; x_wconf 79' lang='lat' dir='ltr'><strong>aﬂ‘ero,</strong></span> <span class='ocrx_word' id='word_1_405' title='bbox 1733 2711 1836 2765; x_wconf 87' lang='lat' dir='ltr'><strong>qua</strong></span> <span class='ocrx_word' id='word_1_406' title='bbox 1895 2697 1967 2749; x_wconf 89' lang='lat' dir='ltr'><strong>uti</strong></span> 
     </span>
    </p>
   </div>
   <div class='ocr_carea' id='block_1_53' title="bbox 2152 2697 3684 2782">
    <p class='ocr_par' dir='ltr' id='par_1_53' title="bbox 2152 2711 3684 2782">
     <span class='ocr_line' id='line_1_56' title="bbox 2152 2711 3684 2782; baseline 0.004 -20"><span class='ocrx_word' id='word_1_407' title='bbox 2152 2728 2239 2774; x_wconf 75' lang='grc' dir='ltr'>ιιας</span> <span class='ocrx_word' id='word_1_408' title='bbox 2267 2713 2548 2781; x_wconf 78' lang='grc' dir='ltr'>ποιήσαιμι</span> <span class='ocrx_word' id='word_1_409' title='bbox 2578 2711 2913 2781; x_wconf 85' lang='grc' dir='ltr'>παρατιθείς.</span> <span class='ocrx_word' id='word_1_410' title='bbox 2970 2713 3078 2765; x_wconf 77' lang='grc' dir='ltr'><strong>Καὶ</strong></span> <span class='ocrx_word' id='word_1_411' title='bbox 3119 2713 3352 2782; x_wconf 82' lang='grc' dir='ltr'>πρῶτόν</span> <span class='ocrx_word' id='word_1_412' title='bbox 3393 2732 3500 2781; x_wconf 89' lang='grc' dir='ltr'><strong>γε,</strong></span> <span class='ocrx_word' id='word_1_413' title='bbox 3553 2715 3684 2768; x_wconf 72' lang='grc' dir='ltr'>ἐπεὶ</span> 
     </span>
    </p>
   </div>
   <div class='ocr_carea' id='block_1_54' title="bbox 435 2786 1967 2871">
    <p class='ocr_par' dir='ltr' id='par_1_54' title="bbox 435 2786 1967 2861">
     <span class='ocr_line' id='line_1_57' title="bbox 435 2786 1967 2861; baseline -0.008 -13"><span class='ocrx_word' id='word_1_414' title='bbox 435 2805 622 2850; x_wconf 86' lang='lat' dir='ltr'><strong>contra</strong></span> <span class='ocrx_word' id='word_1_415' title='bbox 653 2809 736 2847; x_wconf 93' lang='lat' dir='ltr'><strong>me</strong></span> <span class='ocrx_word' id='word_1_416' title='bbox 775 2793 966 2861; x_wconf 91' lang='lat' dir='ltr'><strong>possis,</strong></span> <span class='ocrx_word' id='word_1_417' title='bbox 998 2791 1040 2843; x_wconf 94' lang='lat' dir='ltr'><strong>si</strong></span> <span class='ocrx_word' id='word_1_418' title='bbox 1069 2801 1258 2857; x_wconf 68' lang='lat' dir='ltr'><strong>praeter</strong></span> <span class='ocrx_word' id='word_1_419' title='bbox 1281 2798 1491 2855; x_wconf 87' lang='lat' dir='ltr'><strong>pactum</strong></span> <span class='ocrx_word' id='word_1_420' title='bbox 1535 2788 1732 2855; x_wconf 89' lang='lat' dir='ltr'><strong>aliquid</strong></span> <span class='ocrx_word' id='word_1_421' title='bbox 1770 2786 1967 2839; x_wconf 80' lang='lat' dir='ltr'><strong>fecero.</strong></span> 
     </span>
    </p>
   </div>
   <div class='ocr_carea' id='block_1_55' title="bbox 2147 2786 3679 2871">
    <p class='ocr_par' dir='ltr' id='par_1_55' title="bbox 2147 2799 3679 2871">
     <span class='ocr_line' id='line_1_58' title="bbox 2147 2799 3679 2871; baseline 0.003 -21"><span class='ocrx_word' id='word_1_422' title='bbox 2147 2802 2213 2850; x_wconf 90' lang='grc' dir='ltr'><strong>ιεῖ</strong></span> <span class='ocrx_word' id='word_1_423' title='bbox 2238 2802 2302 2868; x_wconf 83' lang='grc' dir='ltr'>τῇ</span> <span class='ocrx_word' id='word_1_424' title='bbox 2335 2799 2475 2862; x_wconf 82' lang='grc' dir='ltr'>λέξει</span> <span class='ocrx_word' id='word_1_425' title='bbox 2515 2799 2896 2869; x_wconf 81' lang='grc' dir='ltr'>συναγορεύειν</span> <span class='ocrx_word' id='word_1_426' title='bbox 2931 2802 2964 2870; x_wconf 85' lang='grc' dir='ltr'>ἡ</span> <span class='ocrx_word' id='word_1_427' title='bbox 3003 2803 3236 2871; x_wconf 79' lang='grc' dir='ltr'>ἱστορία,</span> <span class='ocrx_word' id='word_1_428' title='bbox 3286 2803 3519 2866; x_wconf 78' lang='grc' dir='ltr'>οὐδενὸς</span> <span class='ocrx_word' id='word_1_429' title='bbox 3563 2803 3679 2855; x_wconf 86' lang='grc' dir='ltr'><strong>τῶν</strong></span> 
     </span>
    </p>
   </div>
   <div class='ocr_carea' id='block_1_56' title="bbox 435 2874 1967 2954">
    <p class='ocr_par' dir='ltr' id='par_1_56' title="bbox 435 2874 1967 2950">
     <span class='ocr_line' id='line_1_59' title="bbox 435 2874 1967 2950; baseline -0.007 -14"><span class='ocrx_word' id='word_1_430' title='bbox 435 2887 512 2936; x_wconf 78' lang='lat' dir='ltr'><strong>Ac</strong></span> <span class='ocrx_word' id='word_1_431' title='bbox 540 2882 766 2950; x_wconf 88' lang='lat' dir='ltr'><strong>primum</strong></span> <span class='ocrx_word' id='word_1_432' title='bbox 790 2881 1023 2947; x_wconf 84' lang='lat' dir='ltr'><strong>quidem,</strong></span> <span class='ocrx_word' id='word_1_433' title='bbox 1054 2879 1265 2946; x_wconf 90' lang='lat' dir='ltr'><strong>quando</strong></span> <span class='ocrx_word' id='word_1_434' title='bbox 1289 2876 1442 2930; x_wconf 87' lang='lat' dir='ltr'><strong>dictis</strong></span> <span class='ocrx_word' id='word_1_435' title='bbox 1469 2877 1572 2929; x_wconf 85' lang='lat' dir='ltr'><strong>illis</strong></span> <span class='ocrx_word' id='word_1_436' title='bbox 1597 2874 1816 2928; x_wconf 85' lang='lat' dir='ltr'><strong>historia</strong></span> <span class='ocrx_word' id='word_1_437' title='bbox 1844 2887 1967 2927; x_wconf 91' lang='lat' dir='ltr'><strong>con-</strong></span> 
     </span>
    </p>
   </div>
   <div class='ocr_carea' id='block_1_57' title="bbox 2149 2874 3681 2954">
    <p class='ocr_par' dir='ltr' id='par_1_57' title="bbox 2149 2887 3681 2952">
     <span class='ocr_line' id='line_1_60' title="bbox 2149 2887 3681 2952; baseline 0.004 -14"><span class='ocrx_word' id='word_1_438' title='bbox 2149 2888 2238 2941; x_wconf 90' lang='grc' dir='ltr'><strong>ίων</strong></span> <span class='ocrx_word' id='word_1_439' title='bbox 2276 2887 2627 2949; x_wconf 76' lang='grc' dir='ltr'>ἐκδεδωκότος</span> <span class='ocrx_word' id='word_1_440' title='bbox 2661 2887 2940 2950; x_wconf 83' lang='grc' dir='ltr'>συντάξεις</span> <span class='ocrx_word' id='word_1_441' title='bbox 2985 2888 3272 2952; x_wconf 87' lang='grc' dir='ltr'>πλείονας,</span> <span class='ocrx_word' id='word_1_442' title='bbox 3309 2892 3414 2943; x_wconf 73' lang='grc' dir='ltr'><strong>καὶ</strong></span> <span class='ocrx_word' id='word_1_443' title='bbox 3446 2893 3508 2944; x_wconf 83' lang='grc' dir='ltr'>ὲν</span> <span class='ocrx_word' id='word_1_444' title='bbox 3544 2893 3681 2944; x_wconf 81' lang='grc' dir='ltr'>πολ-</span> 
     </span>
    </p>
   </div>
   <div class='ocr_carea' id='block_1_58' title="bbox 437 2961 1969 3049">
    <p class='ocr_par' dir='ltr' id='par_1_58' title="bbox 437 2961 1969 3030">
     <span class='ocr_line' id='line_1_61' title="bbox 437 2961 1969 3030; baseline -0.008 -5"><span class='ocrx_word' id='word_1_445' title='bbox 437 2970 635 3025; x_wconf 86' lang='lat' dir='ltr'><strong>sentire</strong></span> <span class='ocrx_word' id='word_1_446' title='bbox 661 2968 890 3029; x_wconf 87' lang='lat' dir='ltr'><strong>videtur,</strong></span> <span class='ocrx_word' id='word_1_447' title='bbox 922 2980 1041 3019; x_wconf 92' lang='lat' dir='ltr'><strong>cum</strong></span> <span class='ocrx_word' id='word_1_448' title='bbox 1075 2979 1230 3018; x_wconf 91' lang='lat' dir='ltr'><strong>nemo</strong></span> <span class='ocrx_word' id='word_1_449' title='bbox 1268 2974 1573 3018; x_wconf 91' lang='lat' dir='ltr'><strong>sanctorum</strong></span> <span class='ocrx_word' id='word_1_450' title='bbox 1610 2961 1787 3030; x_wconf 89' lang='lat' dir='ltr'><strong>plures</strong></span> <span class='ocrx_word' id='word_1_451' title='bbox 1826 2974 1969 3013; x_wconf 92' lang='lat' dir='ltr'><strong>com-</strong></span> 
     </span>
    </p>
   </div>
   <div class='ocr_carea' id='block_1_59' title="bbox 2145 2961 3677 3049">
    <p class='ocr_par' dir='ltr' id='par_1_59' title="bbox 2145 2974 3677 3049">
     <span class='ocr_line' id='line_1_62' title="bbox 2145 2974 3677 3049; baseline 0.003 -22"><span class='ocrx_word' id='word_1_452' title='bbox 2145 2978 2186 3038; x_wconf 84' lang='grc' dir='ltr'><strong>ῐς</strong></span> <span class='ocrx_word' id='word_1_453' title='bbox 2213 2975 2410 3044; x_wconf 86' lang='grc' dir='ltr'>βίϐλοις</span> <span class='ocrx_word' id='word_1_454' title='bbox 2435 2975 2526 3028; x_wconf 81' lang='grc' dir='ltr'><strong>τὸν</strong></span> <span class='ocrx_word' id='word_1_455' title='bbox 2549 2974 2672 3028; x_wconf 88' lang='grc' dir='ltr'>νοῦν</span> <span class='ocrx_word' id='word_1_456' title='bbox 2695 2975 2859 3027; x_wconf 83' lang='grc' dir='ltr'>αὑτοῦ</span> <span class='ocrx_word' id='word_1_457' title='bbox 2893 2976 3268 3045; x_wconf 79' lang='grc' dir='ltr'>ὲκτιθεμένου,</span> <span class='ocrx_word' id='word_1_458' title='bbox 3305 2979 3447 3049; x_wconf 70' lang='grc' dir='ltr'>περὶ</span> <span class='ocrx_word' id='word_1_459' title='bbox 3474 2979 3677 3032; x_wconf 77' lang='grc' dir='ltr'>τούτου</span> 
     </span>
    </p>
   </div>
   <div class='ocr_carea' id='block_1_60' title="bbox 438 3051 1970 3134">
    <p class='ocr_par' dir='ltr' id='par_1_60' title="bbox 438 3051 1970 3118">
     <span class='ocr_line' id='line_1_63' title="bbox 438 3051 1970 3118; baseline -0.007 -6"><span class='ocrx_word' id='word_1_460' title='bbox 438 3058 724 3112; x_wconf 87' lang='lat' dir='ltr'><strong>mentarios</strong></span> <span class='ocrx_word' id='word_1_461' title='bbox 770 3055 1019 3118; x_wconf 83' lang='lat' dir='ltr'><strong>ediderit,</strong></span> <span class='ocrx_word' id='word_1_462' title='bbox 1074 3070 1171 3108; x_wconf 90' lang='lat' dir='ltr'><strong>nec</strong></span> <span class='ocrx_word' id='word_1_463' title='bbox 1221 3053 1399 3108; x_wconf 89' lang='lat' dir='ltr'><strong>multis</strong></span> <span class='ocrx_word' id='word_1_464' title='bbox 1461 3051 1610 3106; x_wconf 87' lang='lat' dir='ltr'><strong>libris</strong></span> <span class='ocrx_word' id='word_1_465' title='bbox 1670 3065 1824 3105; x_wconf 88' lang='lat' dir='ltr'><strong>sensa</strong></span> <span class='ocrx_word' id='word_1_466' title='bbox 1875 3063 1970 3102; x_wconf 88' lang='lat' dir='ltr'><strong>sua</strong></span> 
     </span>
    </p>
   </div>
   <div class='ocr_carea' id='block_1_61' title="bbox 2145 3051 3677 3134">
    <p class='ocr_par' dir='ltr' id='par_1_61' title="bbox 2145 3063 3677 3134">
     <span class='ocr_line' id='line_1_64' title="bbox 2145 3063 3677 3134; baseline 0.003 -18"><span class='ocrx_word' id='word_1_467' title='bbox 2145 3065 2309 3116; x_wconf 83' lang='grc' dir='ltr'>κτέον.</span> <span class='ocrx_word' id='word_1_468' title='bbox 2361 3065 2416 3118; x_wconf 84' lang='lat'><strong>&#39;0</strong></span> <span class='ocrx_word' id='word_1_469' title='bbox 2457 3064 2512 3116; x_wconf 78' lang='grc' dir='ltr'><strong>δὲ</strong></span> <span class='ocrx_word' id='word_1_470' title='bbox 2550 3063 2794 3131; x_wconf 71' lang='grc' dir='ltr'>ἐγκαλῶν</span> <span class='ocrx_word' id='word_1_471' title='bbox 2831 3081 2919 3134; x_wconf 88' lang='grc' dir='ltr'><strong>μοι</strong></span> <span class='ocrx_word' id='word_1_472' title='bbox 2969 3066 3048 3127; x_wconf 79' lang='grc' dir='ltr'><strong>είς</strong></span> <span class='ocrx_word' id='word_1_473' title='bbox 3091 3065 3352 3132; x_wconf 83' lang='grc' dir='ltr'>σύνταξιν</span> <span class='ocrx_word' id='word_1_474' title='bbox 3400 3067 3677 3120; x_wconf 87' lang='grc' dir='ltr'>πλειόνων</span> 
     </span>
    </p>
   </div>
   <div class='ocr_carea' id='block_1_62' title="bbox 435 3141 1967 3228">
    <p class='ocr_par' dir='ltr' id='par_1_62' title="bbox 435 3141 1967 3216">
     <span class='ocr_line' id='line_1_65' title="bbox 435 3141 1967 3216; baseline -0.006 -15"><span class='ocrx_word' id='word_1_475' title='bbox 435 3147 761 3216; x_wconf 81' lang='lat' dir='ltr'><strong>exposuerit,</strong></span> <span class='ocrx_word' id='word_1_476' title='bbox 787 3147 852 3199; x_wconf 90' lang='lat' dir='ltr'><strong>de</strong></span> <span class='ocrx_word' id='word_1_477' title='bbox 900 3145 999 3199; x_wconf 87' lang='lat' dir='ltr'><strong>hoc</strong></span> <span class='ocrx_word' id='word_1_478' title='bbox 1039 3143 1415 3212; x_wconf 89' lang='lat' dir='ltr'><strong>disputandum</strong></span> <span class='ocrx_word' id='word_1_479' title='bbox 1459 3151 1561 3197; x_wconf 93' lang='lat' dir='ltr'><strong>est.</strong></span> <span class='ocrx_word' id='word_1_480' title='bbox 1590 3141 1689 3207; x_wconf 86' lang='lat' dir='ltr'><strong>Qui</strong></span> <span class='ocrx_word' id='word_1_481' title='bbox 1719 3153 1847 3194; x_wconf 91' lang='lat' dir='ltr'><strong>vero</strong></span> <span class='ocrx_word' id='word_1_482' title='bbox 1884 3153 1967 3192; x_wconf 90' lang='lat' dir='ltr'><strong>re-</strong></span> 
     </span>
    </p>
   </div>
   <div class='ocr_carea' id='block_1_63' title="bbox 2142 3141 3674 3228">
    <p class='ocr_par' dir='ltr' id='par_1_63' title="bbox 2142 3153 3674 3228">
     <span class='ocr_line' id='line_1_66' title="bbox 2142 3153 3674 3228; baseline 0.004 -24"><span class='ocrx_word' id='word_1_483' title='bbox 2142 3154 2377 3222; x_wconf 61' lang='grc' dir='ltr'>ηχομένῳ,</span> <span class='ocrx_word' id='word_1_484' title='bbox 2420 3154 2509 3206; x_wconf 81' lang='grc' dir='ltr'>τὸν</span> <span class='ocrx_word' id='word_1_485' title='bbox 2539 3153 2851 3222; x_wconf 87' lang='grc' dir='ltr'>τηλικοῦτον</span> <span class='ocrx_word' id='word_1_486' title='bbox 2877 3155 3112 3207; x_wconf 86' lang='grc' dir='ltr'>Μωῦσέα</span> <span class='ocrx_word' id='word_1_487' title='bbox 3138 3156 3305 3225; x_wconf 83' lang='grc' dir='ltr'>φήσει</span> <span class='ocrx_word' id='word_1_488' title='bbox 3345 3157 3466 3228; x_wconf 73' lang='grc'><strong>(41)</strong></span> <span class='ocrx_word' id='word_1_489' title='bbox 3506 3157 3674 3212; x_wconf 82' lang='grc' dir='ltr'>πέντε</span> 
     </span>
    </p>
   </div>
   <div class='ocr_carea' id='block_1_64' title="bbox 436 3227 1968 3313">
    <p class='ocr_par' dir='ltr' id='par_1_64' title="bbox 436 3227 1968 3305">
     <span class='ocr_line' id='line_1_67' title="bbox 436 3227 1968 3305; baseline -0.008 -16"><span class='ocrx_word' id='word_1_490' title='bbox 436 3235 730 3305; x_wconf 89' lang='lat' dir='ltr'><strong>prehendet</strong></span> <span class='ocrx_word' id='word_1_491' title='bbox 766 3235 906 3302; x_wconf 90' lang='lat' dir='ltr'><strong>quod</strong></span> <span class='ocrx_word' id='word_1_492' title='bbox 942 3233 1007 3285; x_wconf 90' lang='lat' dir='ltr'><strong>ad</strong></span> <span class='ocrx_word' id='word_1_493' title='bbox 1049 3233 1200 3300; x_wconf 89' lang='lat' dir='ltr'><strong>plura</strong></span> <span class='ocrx_word' id='word_1_494' title='bbox 1237 3231 1518 3286; x_wconf 89' lang='lat' dir='ltr'><strong>scribenda</strong></span> <span class='ocrx_word' id='word_1_495' title='bbox 1551 3244 1636 3283; x_wconf 94' lang='lat' dir='ltr'><strong>me</strong></span> <span class='ocrx_word' id='word_1_496' title='bbox 1676 3227 1968 3294; x_wconf 77' lang='lat' dir='ltr'><strong>accingam,</strong></span> 
     </span>
    </p>
   </div>
   <div class='ocr_carea' id='block_1_65' title="bbox 1435 3227 2967 3313">
    <p class='ocr_par' dir='ltr' id='par_1_65' title="bbox 1435 3227 2967 3313">
     <span class='ocr_line' id='line_1_68' title="bbox 1435 3227 2967 3313; baseline 0.003 -23"><span class='ocrx_word' id='word_1_497' title='bbox 1435 3231 1518 3285; x_wconf 75' lang='lat' dir='ltr'><strong>Ida</strong></span> <span class='ocrx_word' id='word_1_498' title='bbox 1551 3244 1636 3283; x_wconf 72' lang='lat' dir='ltr'><strong>me</strong></span> <span class='ocrx_word' id='word_1_499' title='bbox 1676 3227 1973 3294; x_wconf 66' lang='lat' dir='ltr'><strong>accinsam.</strong></span> <span class='ocrx_word' id='word_1_500' title='bbox 2082 3243 2244 3313; x_wconf 81' lang='grc' dir='ltr'>μόνας</span> <span class='ocrx_word' id='word_1_501' title='bbox 2267 3242 2477 3312; x_wconf 83' lang='grc' dir='ltr'>βίϐλους</span> <span class='ocrx_word' id='word_1_502' title='bbox 2505 3243 2967 3298; x_wconf 85' lang='grc' dir='ltr'>καταλελοιπέναι.</span> 
     </span>
    </p>
   </div>
   <div class='ocr_carea' id='block_1_66' title="bbox 437 3314 1979 3393">
    <p class='ocr_par' dir='ltr' id='par_1_66' title="bbox 437 3314 1979 3393">
     <span class='ocr_line' id='line_1_69' title="bbox 437 3314 1979 3393; baseline -0.005 -16"><span class='ocrx_word' id='word_1_503' title='bbox 437 3323 694 3393; x_wconf 73' lang='lat' dir='ltr'><strong>Moysem,</strong></span> <span class='ocrx_word' id='word_1_504' title='bbox 716 3322 872 3376; x_wconf 88' lang='lat' dir='ltr'><strong>talem</strong></span> <span class='ocrx_word' id='word_1_505' title='bbox 895 3335 956 3376; x_wconf 91' lang='lat' dir='ltr'><strong>ac</strong></span> <span class='ocrx_word' id='word_1_506' title='bbox 975 3331 1180 3376; x_wconf 86' lang='lat' dir='ltr'><strong>tantum</strong></span> <span class='ocrx_word' id='word_1_507' title='bbox 1203 3321 1395 3385; x_wconf 89' lang='lat' dir='ltr'><strong>virum,</strong></span> <span class='ocrx_word' id='word_1_508' title='bbox 1412 3320 1643 3389; x_wconf 88' lang='lat' dir='ltr'><strong>quinque</strong></span> <span class='ocrx_word' id='word_1_509' title='bbox 1655 3316 1796 3373; x_wconf 89' lang='lat' dir='ltr'><strong>solos</strong></span> <span class='ocrx_word' id='word_1_510' title='bbox 1814 3314 1979 3370; x_wconf 85' lang='lat' dir='ltr'><strong>libros</strong></span> 
     </span>
    </p>
   </div>
   <div class='ocr_carea' id='block_1_67' title="bbox 441 3411 910 3468">
    <p class='ocr_par' dir='ltr' id='par_1_67' title="bbox 441 3411 910 3468">
     <span class='ocr_line' id='line_1_70' title="bbox 441 3411 910 3468; baseline 0.004 -3"><span class='ocrx_word' id='word_1_511' title='bbox 441 3411 722 3468; x_wconf 79' lang='lat' dir='ltr'><strong>reliquisse</strong></span> <span class='ocrx_word' id='word_1_512' title='bbox 747 3413 910 3468; x_wconf 86' lang='lat' dir='ltr'><strong>dicet.</strong></span> 
     </span>
    </p>
   </div>
   <div class='ocr_carea' id='block_1_68' title="bbox 958 3648 3104 3724">
    <p class='ocr_par' dir='ltr' id='par_1_68' title="bbox 958 3648 3104 3724">
     <span class='ocr_line' id='line_1_71' title="bbox 958 3648 3104 3724; baseline 0 -19"><span class='ocrx_word' id='word_1_513' title='bbox 958 3650 1049 3705; x_wconf 85' lang='lat' dir='ltr'><strong>EX</strong></span> <span class='ocrx_word' id='word_1_514' title='bbox 1079 3649 1306 3706; x_wconf 78' lang='lat' dir='ltr'><strong>EODEM</strong></span> <span class='ocrx_word' id='word_1_515' title='bbox 1337 3648 1524 3707; x_wconf 81' lang='lat' dir='ltr'><strong>TOMO</strong></span> <span class='ocrx_word' id='word_1_516' title='bbox 1555 3649 1810 3717; x_wconf 84' lang='lat' dir='ltr'><strong>QUINTO</strong></span> <span class='ocrx_word' id='word_1_517' title='bbox 1846 3650 2489 3708; x_wconf 80' lang='lat' dir='ltr'><strong>COMMENTARIORUM</strong></span> <span class='ocrx_word' id='word_1_518' title='bbox 2521 3653 2590 3709; x_wconf 79' lang='lat' dir='ltr'><strong>IN</strong></span> <span class='ocrx_word' id='word_1_519' title='bbox 2622 3653 2936 3710; x_wconf 79' lang='lat' dir='ltr'><strong>JOANNEM</strong></span> <span class='ocrx_word' id='word_1_520' title='bbox 2972 3654 3104 3724; x_wconf 72' lang='grc'><strong>(42).</strong></span> 
     </span>
    </p>
   </div>
   <div class='ocr_carea' id='block_1_69' title="bbox 1637 3763 2449 3833">
    <p class='ocr_par' dir='ltr' id='par_1_69' title="bbox 1637 3763 2449 3833">
     <span class='ocr_line' id='line_1_72' title="bbox 1637 3763 2449 3833; baseline 0.004 -15"><span class='ocrx_word' id='word_1_521' title='bbox 1637 3765 1922 3833; x_wconf 80' lang='lat' dir='ltr'><strong>lnterprete</strong></span> <span class='ocrx_word' id='word_1_522' title='bbox 1958 3763 2181 3818; x_wconf 70' lang='lat' dir='ltr'><strong>Henrico</strong></span> <span class='ocrx_word' id='word_1_523' title='bbox 2222 3763 2449 3821; x_wconf 77' lang='lat' dir='ltr'><strong>Valesio.</strong></span> 
     </span>
    </p>
   </div>
   <div class='ocr_carea' id='block_1_70' title="bbox 507 3877 2039 3957">
    <p class='ocr_par' dir='ltr' id='par_1_70' title="bbox 507 3877 1974 3948">
     <span class='ocr_line' id='line_1_73' title="bbox 507 3877 1974 3948; baseline -0.004 -12"><span class='ocrx_word' id='word_1_524' title='bbox 507 3883 562 3936; x_wconf 78' lang='lat'><strong>3.</strong></span> <span class='ocrx_word' id='word_1_525' title='bbox 620 3882 669 3936; x_wconf 89' lang='lat' dir='ltr'><strong>Is</strong></span> <span class='ocrx_word' id='word_1_526' title='bbox 723 3894 851 3935; x_wconf 89' lang='lat' dir='ltr'><strong>vero</strong></span> <span class='ocrx_word' id='word_1_527' title='bbox 899 3895 1056 3948; x_wconf 89' lang='lat' dir='ltr'><strong>quem</strong></span> <span class='ocrx_word' id='word_1_528' title='bbox 1112 3880 1252 3934; x_wconf 83' lang='lat' dir='ltr'><strong>Deus</strong></span> <span class='ocrx_word' id='word_1_529' title='bbox 1296 3879 1545 3934; x_wconf 89' lang='lat' dir='ltr'><strong>idoneum</strong></span> <span class='ocrx_word' id='word_1_530' title='bbox 1594 3878 1846 3944; x_wconf 90' lang='lat' dir='ltr'><strong>reddidit,</strong></span> <span class='ocrx_word' id='word_1_531' title='bbox 1883 3877 1974 3946; x_wconf 84' lang='lat' dir='ltr'><strong>qui</strong></span> 
     </span>
    </p>
   </div>
   <div class='ocr_carea' id='block_1_71' title="bbox 2141 3877 3673 3957">
    <p class='ocr_par' dir='ltr' id='par_1_71' title="bbox 2147 3877 3673 3957">
     <span class='ocr_line' id='line_1_74' title="bbox 2147 3877 3673 3957; baseline 0.013 -28"><span class='ocrx_word' id='word_1_532' title='bbox 2147 3877 2200 3930; x_wconf 78' lang='grc'>5.</span> <span class='ocrx_word' id='word_1_533' title='bbox 2249 3877 2305 3929; x_wconf 89' lang='lat'><strong>&#39;0</strong></span> <span class='ocrx_word' id='word_1_534' title='bbox 2333 3879 2391 3931; x_wconf 84' lang='grc' dir='ltr'>δὲ</span> <span class='ocrx_word' id='word_1_535' title='bbox 2421 3880 2706 3944; x_wconf 76' lang='grc' dir='ltr'>ίκανωθεὶς</span> <span class='ocrx_word' id='word_1_536' title='bbox 2727 3881 2966 3942; x_wconf 83' lang='grc' dir='ltr'>διάκονος</span> <span class='ocrx_word' id='word_1_537' title='bbox 3001 3877 3252 3948; x_wconf 80' lang='grc' dir='ltr'>γενέσθαι</span> <span class='ocrx_word' id='word_1_538' title='bbox 3277 3879 3394 3950; x_wconf 82' lang='grc' dir='ltr'><strong>τῆς</strong></span> <span class='ocrx_word' id='word_1_539' title='bbox 3442 3884 3673 3957; x_wconf 76' lang='grc' dir='ltr'><strong>Καινῆς</strong></span> 
     </span>
    </p>
   </div>
   <div class='ocr_carea' id='block_1_72' title="bbox 440 3965 1972 4040">
    <p class='ocr_par' dir='ltr' id='par_1_72' title="bbox 440 3968 1972 4030">
     <span class='ocr_line' id='line_1_75' title="bbox 440 3968 1972 4030; baseline -0.006 -3"><span class='ocrx_word' id='word_1_540' title='bbox 440 3973 571 4027; x_wconf 85' lang='lat' dir='ltr'><strong>Novi</strong></span> <span class='ocrx_word' id='word_1_541' title='bbox 600 3971 927 4026; x_wconf 88' lang='lat' dir='ltr'><strong>Testamenti</strong></span> <span class='ocrx_word' id='word_1_542' title='bbox 957 3969 1202 4024; x_wconf 89' lang='lat' dir='ltr'><strong>minister</strong></span> <span class='ocrx_word' id='word_1_543' title='bbox 1229 3977 1393 4030; x_wconf 86' lang='lat' dir='ltr'><strong>esset,</strong></span> <span class='ocrx_word' id='word_1_544' title='bbox 1428 3983 1532 4022; x_wconf 92' lang='lat' dir='ltr'><strong>non</strong></span> <span class='ocrx_word' id='word_1_545' title='bbox 1563 3968 1738 4020; x_wconf 85' lang='lat' dir='ltr'><strong>littera</strong></span> <span class='ocrx_word' id='word_1_546' title='bbox 1768 3975 1825 4020; x_wconf 91' lang='lat' dir='ltr'><strong>et</strong></span> <span class='ocrx_word' id='word_1_547' title='bbox 1856 3979 1972 4018; x_wconf 87' lang='lat' dir='ltr'><strong>ver-</strong></span> 
     </span>
    </p>
   </div>
   <div class='ocr_carea' id='block_1_73' title="bbox 2136 3965 3668 4040">
    <p class='ocr_par' dir='ltr' id='par_1_73' title="bbox 2136 3965 3668 4040">
     <span class='ocr_line' id='line_1_76' title="bbox 2136 3965 3668 4040; baseline 0.011 -28"><span class='ocrx_word' id='word_1_548' title='bbox 2136 3965 2370 4036; x_wconf 60' lang='lat' dir='ltr'><strong>,aOﬁx&#39;qq,</strong></span> <span class='ocrx_word' id='word_1_549' title='bbox 2418 3970 2479 4022; x_wconf 82' lang='grc' dir='ltr'><strong>οὐ</strong></span> <span class='ocrx_word' id='word_1_550' title='bbox 2515 3971 2840 4040; x_wconf 84' lang='grc' dir='ltr'>γράμματος</span> <span class='ocrx_word' id='word_1_551' title='bbox 2877 3969 3010 4022; x_wconf 84' lang='grc' dir='ltr'><strong>ἀλλὰ</strong></span> <span class='ocrx_word' id='word_1_552' title='bbox 3043 3969 3379 4038; x_wconf 82' lang='grc' dir='ltr'>πνεύματος,</span> <span class='ocrx_word' id='word_1_553' title='bbox 3416 3974 3668 4040; x_wconf 78' lang='grc' dir='ltr'>Παῦλος,</span> 
     </span>
    </p>
   </div>
   <div class='ocr_carea' id='block_1_74' title="bbox 442 4055 1974 4134">
    <p class='ocr_par' dir='ltr' id='par_1_74' title="bbox 442 4055 1974 4128">
     <span class='ocr_line' id='line_1_77' title="bbox 442 4055 1974 4128; baseline -0.005 -13"><span class='ocrx_word' id='word_1_554' title='bbox 442 4063 523 4116; x_wconf 88' lang='lat' dir='ltr'><strong>bis</strong></span> <span class='ocrx_word' id='word_1_555' title='bbox 543 4071 718 4126; x_wconf 90' lang='lat' dir='ltr'><strong>tenus,</strong></span> <span class='ocrx_word' id='word_1_556' title='bbox 744 4061 838 4115; x_wconf 87' lang='lat' dir='ltr'><strong>sed</strong></span> <span class='ocrx_word' id='word_1_557' title='bbox 863 4060 1084 4128; x_wconf 87' lang='lat' dir='ltr'><strong>spiritus</strong></span> <span class='ocrx_word' id='word_1_558' title='bbox 1103 4059 1316 4128; x_wconf 88' lang='lat' dir='ltr'><strong>(ipsius,</strong></span> <span class='ocrx_word' id='word_1_559' title='bbox 1337 4057 1530 4110; x_wconf 86' lang='lat' dir='ltr'><strong>Paulus</strong></span> <span class='ocrx_word' id='word_1_560' title='bbox 1548 4056 1770 4120; x_wconf 85' lang='lat' dir='ltr'><strong>scilicet,</strong></span> <span class='ocrx_word' id='word_1_561' title='bbox 1795 4055 1886 4122; x_wconf 92' lang='lat' dir='ltr'><strong>qui</strong></span> <span class='ocrx_word' id='word_1_562' title='bbox 1910 4055 1974 4108; x_wconf 88' lang='lat' dir='ltr'><strong>ab</strong></span> 
     </span>
    </p>
   </div>
   <div class='ocr_carea' id='block_1_75' title="bbox 2133 4055 3665 4134">
    <p class='ocr_par' dir='ltr' id='par_1_75' title="bbox 2137 4057 3665 4134">
     <span class='ocr_line' id='line_1_78' title="bbox 2137 4057 3665 4134; baseline 0.008 -27"><span class='ocrx_word' id='word_1_563' title='bbox 2137 4057 2510 4126; x_wconf 86' lang='grc' dir='ltr'>πεπληρωκὼς</span> <span class='ocrx_word' id='word_1_564' title='bbox 2540 4060 2601 4112; x_wconf 82' lang='grc' dir='ltr'>τὸ</span> <span class='ocrx_word' id='word_1_565' title='bbox 2626 4060 2955 4128; x_wconf 84' lang='grc' dir='ltr'>Εὑαγγέλιον</span> <span class='ocrx_word' id='word_1_566' title='bbox 2981 4061 3088 4112; x_wconf 77' lang='grc' dir='ltr'>ἀπὸ</span> <span class='ocrx_word' id='word_1_567' title='bbox 3125 4060 3528 4134; x_wconf 84' lang='grc' dir='ltr'>Ἰερουσαλὴμ,</span> <span class='ocrx_word' id='word_1_568' title='bbox 3565 4068 3665 4120; x_wconf 73' lang='grc' dir='ltr'><strong>καὶ</strong></span> 
     </span>
    </p>
   </div>
   <div class='ocr_carea' id='block_1_76' title="bbox 443 4143 1975 4224">
    <p class='ocr_par' dir='ltr' id='par_1_76' title="bbox 443 4143 1975 4218">
     <span class='ocr_line' id='line_1_79' title="bbox 443 4143 1975 4218; baseline -0.007 -14"><span class='ocrx_word' id='word_1_569' title='bbox 443 4150 830 4218; x_wconf 83' lang='lat' dir='ltr'><strong>Hierosolymis</strong></span> <span class='ocrx_word' id='word_1_570' title='bbox 871 4157 926 4204; x_wconf 91' lang='lat' dir='ltr'><strong>et</strong></span> <span class='ocrx_word' id='word_1_571' title='bbox 952 4148 1195 4201; x_wconf 88' lang='lat' dir='ltr'><strong>finitimis</strong></span> <span class='ocrx_word' id='word_1_572' title='bbox 1221 4147 1353 4200; x_wconf 88' lang='lat' dir='ltr'><strong>locis</strong></span> <span class='ocrx_word' id='word_1_573' title='bbox 1399 4159 1566 4212; x_wconf 90' lang='lat' dir='ltr'><strong>usque</strong></span> <span class='ocrx_word' id='word_1_574' title='bbox 1603 4144 1666 4197; x_wconf 87' lang='lat' dir='ltr'><strong>ad</strong></span> <span class='ocrx_word' id='word_1_575' title='bbox 1707 4143 1975 4212; x_wconf 85' lang='lat' dir='ltr'><strong>Illyricum</strong></span> 
     </span>
    </p>
   </div>
   <div class='ocr_carea' id='block_1_77' title="bbox 2138 4143 3670 4224">
    <p class='ocr_par' dir='ltr' id='par_1_77' title="bbox 2138 4145 3670 4224">
     <span class='ocr_line' id='line_1_80' title="bbox 2138 4145 3670 4224; baseline 0.008 -28"><span class='ocrx_word' id='word_1_576' title='bbox 2138 4145 2265 4214; x_wconf 71' lang='grc' dir='ltr'>ἱκλῳ</span> <span class='ocrx_word' id='word_1_577' title='bbox 2300 4147 2460 4216; x_wconf 85' lang='grc' dir='ltr'>μέχρι</span> <span class='ocrx_word' id='word_1_578' title='bbox 2505 4149 2601 4202; x_wconf 88' lang='grc' dir='ltr'><strong>τοῦ</strong></span> <span class='ocrx_word' id='word_1_579' title='bbox 2652 4149 2964 4219; x_wconf 78' lang='grc' dir='ltr'>Ἰλλυρικοῦ,</span> <span class='ocrx_word' id='word_1_580' title='bbox 3008 4149 3131 4202; x_wconf 81' lang='grc' dir='ltr'>οὐδὲ</span> <span class='ocrx_word' id='word_1_581' title='bbox 3160 4149 3372 4212; x_wconf 81' lang='grc' dir='ltr'>πάσαις</span> <span class='ocrx_word' id='word_1_582' title='bbox 3417 4153 3670 4224; x_wconf 70' lang='grc' dir='ltr'>ἔγραψεν</span> 
     </span>
    </p>
   </div>
   <div class='ocr_carea' id='block_1_78' title="bbox 443 4229 1975 4333">
    <p class='ocr_par' dir='ltr' id='par_1_78' title="bbox 443 4231 1975 4309">
     <span class='ocr_line' id='line_1_81' title="bbox 443 4231 1975 4309; baseline -0.007 -15"><span class='ocrx_word' id='word_1_583' title='bbox 443 4241 787 4309; x_wconf 83' lang='lat' dir='ltr'><strong>Evangelium</strong></span> <span class='ocrx_word' id='word_1_584' title='bbox 815 4237 1126 4306; x_wconf 84' lang='lat' dir='ltr'><strong>adimplevit</strong></span> <span class='ocrx_word' id='word_1_585' title='bbox 1168 4236 1235 4300; x_wconf 83' lang='lat'><strong>&quot;,</strong></span> <span class='ocrx_word' id='word_1_586' title='bbox 1286 4250 1392 4288; x_wconf 93' lang='lat' dir='ltr'><strong>non</strong></span> <span class='ocrx_word' id='word_1_587' title='bbox 1437 4234 1692 4288; x_wconf 87' lang='lat' dir='ltr'><strong>omnibus</strong></span> <span class='ocrx_word' id='word_1_588' title='bbox 1724 4231 1975 4286; x_wconf 85' lang='lat' dir='ltr'><strong>Ecclesiis</strong></span> 
     </span>
    </p>
   </div>
   <div class='ocr_carea' id='block_1_79' title="bbox 2141 4229 3673 4333">
    <p class='ocr_par' dir='ltr' id='par_1_79' title="bbox 2141 4231 3673 4333">
     <span class='ocr_line' id='line_1_82' title="bbox 2141 4231 3673 4333; baseline 0.007 -48"><span class='ocrx_word' id='word_1_589' title='bbox 2141 4231 2422 4333; x_wconf 78' lang='grc' dir='ltr'>ςὲδίδαξεν</span> <span class='ocrx_word' id='word_1_590' title='bbox 2450 4238 2815 4308; x_wconf 88' lang='grc' dir='ltr'>Ἐκκλησίαις·</span> <span class='ocrx_word' id='word_1_591' title='bbox 2833 4239 2968 4292; x_wconf 81' lang='grc' dir='ltr'>ἀλλὰ</span> <span class='ocrx_word' id='word_1_592' title='bbox 2996 4239 3088 4291; x_wconf 79' lang='grc' dir='ltr'>καὶ</span> <span class='ocrx_word' id='word_1_593' title='bbox 3121 4234 3211 4301; x_wconf 75' lang='grc' dir='ltr'>αἶς</span> <span class='ocrx_word' id='word_1_594' title='bbox 3242 4239 3519 4310; x_wconf 76' lang='grc' dir='ltr'>ἔγραψεν,</span> <span class='ocrx_word' id='word_1_595' title='bbox 3556 4245 3673 4296; x_wconf 79' lang='grc' dir='ltr'>ὀλί-</span> 
     </span>
    </p>
   </div>
   <div class='ocr_carea' id='block_1_80' title="bbox 444 4321 1976 4400">
    <p class='ocr_par' dir='ltr' id='par_1_80' title="bbox 444 4322 1976 4398">
     <span class='ocr_line' id='line_1_83' title="bbox 444 4322 1976 4398; baseline -0.003 -19"><span class='ocrx_word' id='word_1_596' title='bbox 444 4343 579 4398; x_wconf 86' lang='lat' dir='ltr'><strong>quas</strong></span> <span class='ocrx_word' id='word_1_597' title='bbox 609 4329 870 4383; x_wconf 85' lang='lat' dir='ltr'><strong>docuerat</strong></span> <span class='ocrx_word' id='word_1_598' title='bbox 921 4325 1154 4397; x_wconf 75' lang='lat' dir='ltr'><strong>scripsit,</strong></span> <span class='ocrx_word' id='word_1_599' title='bbox 1206 4327 1300 4378; x_wconf 87' lang='lat' dir='ltr'><strong>sed</strong></span> <span class='ocrx_word' id='word_1_600' title='bbox 1341 4333 1396 4378; x_wconf 92' lang='lat' dir='ltr'><strong>et</strong></span> <span class='ocrx_word' id='word_1_601' title='bbox 1444 4324 1509 4378; x_wconf 91' lang='lat' dir='ltr'><strong>iis</strong></span> <span class='ocrx_word' id='word_1_602' title='bbox 1537 4324 1729 4391; x_wconf 89' lang='lat' dir='ltr'><strong>quibus</strong></span> <span class='ocrx_word' id='word_1_603' title='bbox 1768 4322 1976 4390; x_wconf 88' lang='lat' dir='ltr'><strong>scripsit</strong></span> 
     </span>
    </p>
   </div>
   <div class='ocr_carea' id='block_1_81' title="bbox 2136 4321 3668 4400">
    <p class='ocr_par' dir='ltr' id='par_1_81' title="bbox 2136 4321 3668 4400">
     <span class='ocr_line' id='line_1_84' title="bbox 2136 4321 3668 4400; baseline 0.007 -28"><span class='ocrx_word' id='word_1_604' title='bbox 2136 4339 2209 4384; x_wconf 85' lang='grc' dir='ltr'>›υς</span> <span class='ocrx_word' id='word_1_605' title='bbox 2240 4322 2450 4391; x_wconf 83' lang='grc' dir='ltr'>στίχους</span> <span class='ocrx_word' id='word_1_606' title='bbox 2481 4324 2779 4376; x_wconf 73' lang='grc' dir='ltr'>ἐπέστειλε.</span> <span class='ocrx_word' id='word_1_607' title='bbox 2809 4325 3013 4396; x_wconf 86' lang='grc' dir='ltr'>Πέτρος</span> <span class='ocrx_word' id='word_1_608' title='bbox 3043 4326 3100 4378; x_wconf 85' lang='grc' dir='ltr'>δὲ</span> <span class='ocrx_word' id='word_1_609' title='bbox 3134 4327 3218 4393; x_wconf 77' lang='grc' dir='ltr'><strong>ἐφ’</strong></span> <span class='ocrx_word' id='word_1_610' title='bbox 3267 4321 3314 4392; x_wconf 82' lang='grc' dir='ltr'>ᾧ</span> <span class='ocrx_word' id='word_1_611' title='bbox 3349 4329 3668 4400; x_wconf 75' lang='grc' dir='ltr'>οἰκοδομεῖ-</span> 
     </span>
    </p>
   </div>
   <div class='ocr_carea' id='block_1_82' title="bbox 446 4410 1978 4486">
    <p class='ocr_par' dir='ltr' id='par_1_82' title="bbox 446 4412 1978 4486">
     <span class='ocr_line' id='line_1_85' title="bbox 446 4412 1978 4486; baseline -0.004 -17"><span class='ocrx_word' id='word_1_612' title='bbox 446 4429 646 4486; x_wconf 89' lang='lat' dir='ltr'><strong>paucas</strong></span> <span class='ocrx_word' id='word_1_613' title='bbox 681 4415 964 4469; x_wconf 88' lang='lat' dir='ltr'><strong>admodum</strong></span> <span class='ocrx_word' id='word_1_614' title='bbox 1013 4413 1180 4467; x_wconf 89' lang='lat' dir='ltr'><strong>lineas</strong></span> <span class='ocrx_word' id='word_1_615' title='bbox 1229 4413 1473 4468; x_wconf 88' lang='lat' dir='ltr'><strong>exaravit</strong></span> <span class='ocrx_word' id='word_1_616' title='bbox 1543 4412 1733 4466; x_wconf 88' lang='lat' dir='ltr'><strong>Petrus</strong></span> <span class='ocrx_word' id='word_1_617' title='bbox 1781 4421 1978 4475; x_wconf 90' lang='lat' dir='ltr'><strong>autem,</strong></span> 
     </span>
    </p>
   </div>
   <div class='ocr_carea' id='block_1_83' title="bbox 2138 4410 3670 4486">
    <p class='ocr_par' dir='ltr' id='par_1_83' title="bbox 2138 4410 3670 4485">
     <span class='ocr_line' id='line_1_86' title="bbox 2138 4410 3670 4485; baseline 0.007 -23"><span class='ocrx_word' id='word_1_618' title='bbox 2138 4429 2169 4463; x_wconf 87' lang='grc' dir='ltr'><strong>ιι</strong></span> <span class='ocrx_word' id='word_1_619' title='bbox 2197 4413 2232 4480; x_wconf 79' lang='grc' dir='ltr'><strong>ἡ</strong></span> <span class='ocrx_word' id='word_1_620' title='bbox 2265 4412 2499 4482; x_wconf 83' lang='grc' dir='ltr'>Χριστοῦ</span> <span class='ocrx_word' id='word_1_621' title='bbox 2553 4413 2868 4484; x_wconf 84' lang='grc' dir='ltr'>Ἐκκλησία,</span> <span class='ocrx_word' id='word_1_622' title='bbox 2898 4410 2968 4484; x_wconf 79' lang='grc' dir='ltr'>ἦς</span> <span class='ocrx_word' id='word_1_623' title='bbox 3002 4415 3169 4467; x_wconf 78' lang='grc' dir='ltr'>πύλαι</span> <span class='ocrx_word' id='word_1_624' title='bbox 3213 4415 3344 4485; x_wconf 71' lang='grc' dir='ltr'>ᾇδου</span> <span class='ocrx_word' id='word_1_625' title='bbox 3392 4418 3457 4469; x_wconf 81' lang='grc' dir='ltr'>οὐ</span> <span class='ocrx_word' id='word_1_626' title='bbox 3502 4436 3670 4471; x_wconf 86' lang='grc' dir='ltr'>κατι-</span> 
     </span>
    </p>
   </div>
   <div class='ocr_carea' id='block_1_84' title="bbox 445 4499 1977 4574">
    <p class='ocr_par' dir='ltr' id='par_1_84' title="bbox 445 4499 1977 4572">
     <span class='ocr_line' id='line_1_87' title="bbox 445 4499 1977 4572; baseline -0.005 -13"><span class='ocrx_word' id='word_1_627' title='bbox 445 4505 530 4560; x_wconf 87' lang='lat' dir='ltr'><strong>cui</strong></span> <span class='ocrx_word' id='word_1_628' title='bbox 566 4512 814 4572; x_wconf 86' lang='lat' dir='ltr'><strong>tanquam</strong></span> <span class='ocrx_word' id='word_1_629' title='bbox 849 4502 1196 4556; x_wconf 88' lang='lat' dir='ltr'><strong>fundamento</strong></span> <span class='ocrx_word' id='word_1_630' title='bbox 1229 4509 1592 4570; x_wconf 89' lang='lat' dir='ltr'><strong>superstrueta</strong></span> <span class='ocrx_word' id='word_1_631' title='bbox 1621 4509 1705 4554; x_wconf 89' lang='lat' dir='ltr'><strong>est</strong></span> <span class='ocrx_word' id='word_1_632' title='bbox 1744 4499 1977 4553; x_wconf 88' lang='lat' dir='ltr'><strong>Ecclesia</strong></span> 
     </span>
    </p>
   </div>
   <div class='ocr_carea' id='block_1_85' title="bbox 2135 4499 3667 4574">
    <p class='ocr_par' dir='ltr' id='par_1_85' title="bbox 2135 4501 3667 4574">
     <span class='ocr_line' id='line_1_88' title="bbox 2135 4501 3667 4574; baseline 0.005 -22"><span class='ocrx_word' id='word_1_633' title='bbox 2135 4501 2360 4571; x_wconf 74' lang='grc' dir='ltr'>(ὑσουσι,</span> <span class='ocrx_word' id='word_1_634' title='bbox 2396 4503 2523 4572; x_wconf 83' lang='grc' dir='ltr'>μίαν</span> <span class='ocrx_word' id='word_1_635' title='bbox 2549 4504 2834 4574; x_wconf 78' lang='grc' dir='ltr'>ἐπιστολὴν</span> <span class='ocrx_word' id='word_1_636' title='bbox 2860 4503 3298 4574; x_wconf 86' lang='grc' dir='ltr'>ὁμολογουμένην</span> <span class='ocrx_word' id='word_1_637' title='bbox 3333 4507 3667 4562; x_wconf 82' lang='grc' dir='ltr'>καταλέλοι-</span> 
     </span>
    </p>
   </div>
   <div class='ocr_carea' id='block_1_86' title="bbox 401 4591 1933 4669">
    <p class='ocr_par' dir='ltr' id='par_1_86' title="bbox 401 4591 1933 4660">
     <span class='ocr_line' id='line_1_89' title="bbox 401 4591 1933 4660; baseline -0.005 -11"><span class='ocrx_word' id='word_1_638' title='bbox 401 4650 412 4660; x_wconf 32' lang='grc' dir='ltr'><strong>κ</strong></span> <span class='ocrx_word' id='word_1_639' title='bbox 445 4594 666 4659; x_wconf 78' lang='lat' dir='ltr'><strong>Christi,</strong></span> <span class='ocrx_word' id='word_1_640' title='bbox 715 4592 968 4646; x_wconf 87' lang='lat' dir='ltr'><strong>adversus</strong></span> <span class='ocrx_word' id='word_1_641' title='bbox 1007 4606 1169 4658; x_wconf 90' lang='lat' dir='ltr'><strong>quam</strong></span> <span class='ocrx_word' id='word_1_642' title='bbox 1199 4605 1298 4645; x_wconf 86' lang='lat' dir='ltr'><strong>nec</strong></span> <span class='ocrx_word' id='word_1_643' title='bbox 1327 4591 1452 4659; x_wconf 75' lang='lat' dir='ltr'><strong>ipsa:</strong></span> <span class='ocrx_word' id='word_1_644' title='bbox 1476 4591 1766 4644; x_wconf 90' lang='lat' dir='ltr'><strong>inferorum</strong></span> <span class='ocrx_word' id='word_1_645' title='bbox 1816 4597 1933 4657; x_wconf 88' lang='lat' dir='ltr'><strong>port</strong></span> 
     </span>
    </p>
   </div>
   <div class='ocr_carea' id='block_1_87' title="bbox 2133 4591 3665 4669">
    <p class='ocr_par' dir='ltr' id='par_1_87' title="bbox 2133 4592 3665 4669">
     <span class='ocr_line' id='line_1_90' title="bbox 2133 4592 3665 4669; baseline 0.007 -27"><span class='ocrx_word' id='word_1_646' title='bbox 2133 4607 2206 4643; x_wconf 90' lang='grc' dir='ltr'><strong>εν.</strong></span> <span class='ocrx_word' id='word_1_647' title='bbox 2242 4592 2420 4669; x_wconf 73' lang='grc' dir='ltr'>Ἔστω</span> <span class='ocrx_word' id='word_1_648' title='bbox 2444 4593 2499 4646; x_wconf 84' lang='grc' dir='ltr'><strong>δὲ</strong></span> <span class='ocrx_word' id='word_1_649' title='bbox 2526 4595 2616 4646; x_wconf 79' lang='grc' dir='ltr'><strong>καὶ</strong></span> <span class='ocrx_word' id='word_1_650' title='bbox 2643 4593 2895 4664; x_wconf 88' lang='grc' dir='ltr'>δευτέραν</span> <span class='ocrx_word' id='word_1_651' title='bbox 2917 4593 3050 4662; x_wconf 71' lang='grc'><strong>(45)·</strong></span> <span class='ocrx_word' id='word_1_652' title='bbox 3089 4594 3501 4663; x_wconf 85' lang='grc' dir='ltr'>ἀμφιϐάλλεται</span> <span class='ocrx_word' id='word_1_653' title='bbox 3530 4599 3665 4669; x_wconf 87' lang='grc' dir='ltr'>γάρ.</span> 
     </span>
    </p>
   </div>
   <div class='ocr_carea' id='block_1_88' title="bbox 447 4677 1979 4754">
    <p class='ocr_par' dir='ltr' id='par_1_88' title="bbox 447 4680 1979 4751">
     <span class='ocr_line' id='line_1_91' title="bbox 447 4680 1979 4751; baseline -0.003 -16"><span class='ocrx_word' id='word_1_654' title='bbox 447 4681 798 4751; x_wconf 63' lang='grc' dir='ltr'>νηνειίιιιτω</span> <span class='ocrx_word' id='word_1_655' title='bbox 827 4691 953 4734; x_wconf 84' lang='lat' dir='ltr'><strong>sunt</strong></span> <span class='ocrx_word' id='word_1_656' title='bbox 993 4680 1060 4744; x_wconf 83' lang='lat'><strong>&quot;,</strong></span> <span class='ocrx_word' id='word_1_657' title='bbox 1099 4695 1258 4734; x_wconf 90' lang='lat' dir='ltr'><strong>unam</strong></span> <span class='ocrx_word' id='word_1_658' title='bbox 1299 4680 1558 4734; x_wconf 75' lang='lat' dir='ltr'><strong>duntaxat</strong></span> <span class='ocrx_word' id='word_1_659' title='bbox 1590 4680 1827 4732; x_wconf 92' lang='lat' dir='ltr'><strong>omnium</strong></span> <span class='ocrx_word' id='word_1_660' title='bbox 1854 4692 1979 4732; x_wconf 89' lang='lat' dir='ltr'><strong>con-</strong></span> 
     </span>
    </p>
   </div>
   <div class='ocr_carea' id='block_1_89' title="bbox 2145 4677 3677 4754">
    <p class='ocr_par' dir='ltr' id='par_1_89' title="bbox 2145 4677 3677 4754">
     <span class='ocr_line' id='line_1_92' title="bbox 2145 4677 3677 4754; baseline 0.006 -26"><span class='ocrx_word' id='word_1_661' title='bbox 2145 4677 2152 4729; x_wconf 77' lang='grc' dir='ltr'>ἱ</span> <span class='ocrx_word' id='word_1_662' title='bbox 2193 4677 2274 4729; x_wconf 90' lang='grc' dir='ltr'><strong>δεῖ</strong></span> <span class='ocrx_word' id='word_1_663' title='bbox 2313 4679 2438 4747; x_wconf 71' lang='grc' dir='ltr'>περὶ</span> <span class='ocrx_word' id='word_1_664' title='bbox 2470 4679 2563 4731; x_wconf 87' lang='grc' dir='ltr'><strong>τοῦ</strong></span> <span class='ocrx_word' id='word_1_665' title='bbox 2609 4680 2968 4743; x_wconf 63' lang='grc' dir='ltr'>ἀναπεσόντπ</span> <span class='ocrx_word' id='word_1_666' title='bbox 3005 4680 3187 4747; x_wconf 85' lang='grc' dir='ltr'>λέγειν</span> <span class='ocrx_word' id='word_1_667' title='bbox 3229 4683 3326 4735; x_wconf 72' lang='grc' dir='ltr'><strong>ἐπὶ</strong></span> <span class='ocrx_word' id='word_1_668' title='bbox 3358 4684 3424 4736; x_wconf 87' lang='grc' dir='ltr'><strong>τὸ</strong></span> <span class='ocrx_word' id='word_1_669' title='bbox 3461 4685 3677 4754; x_wconf 80' lang='grc' dir='ltr'>στῆθος·</span> 
     </span>
    </p>
   </div>
   <div class='ocr_carea' id='block_1_90' title="bbox 447 4764 1979 4837">
    <p class='ocr_par' dir='ltr' id='par_1_90' title="bbox 447 4764 1979 4836">
     <span class='ocr_line' id='line_1_93' title="bbox 447 4764 1979 4836; baseline -0.002 -13"><span class='ocrx_word' id='word_1_670' title='bbox 447 4783 607 4823; x_wconf 84' lang='lat' dir='ltr'><strong>sensu</strong></span> <span class='ocrx_word' id='word_1_671' title='bbox 675 4777 942 4836; x_wconf 84' lang='lat' dir='ltr'><strong>receptam</strong></span> <span class='ocrx_word' id='word_1_672' title='bbox 1001 4766 1214 4836; x_wconf 90' lang='lat' dir='ltr'><strong>reliquit</strong></span> <span class='ocrx_word' id='word_1_673' title='bbox 1260 4765 1564 4835; x_wconf 85' lang='lat' dir='ltr'><strong>epistolam.</strong></span> <span class='ocrx_word' id='word_1_674' title='bbox 1622 4764 1979 4821; x_wconf 85' lang='lat' dir='ltr'><strong>Concedamus</strong></span> 
     </span>
    </p>
   </div>
   <div class='ocr_carea' id='block_1_91' title="bbox 2143 4764 3675 4837">
    <p class='ocr_par' dir='ltr' id='par_1_91' title="bbox 2143 4764 3675 4837">
     <span class='ocr_line' id='line_1_94' title="bbox 2143 4764 3675 4837; baseline 0.007 -20"><span class='ocrx_word' id='word_1_675' title='bbox 2143 4764 2186 4818; x_wconf 75' lang='lat' dir='ltr'><strong>n5</strong></span> <span class='ocrx_word' id='word_1_676' title='bbox 2229 4767 2420 4835; x_wconf 80' lang='grc' dir='ltr'>Ἰησοῦ,</span> <span class='ocrx_word' id='word_1_677' title='bbox 2458 4768 2702 4822; x_wconf 82' lang='grc' dir='ltr'>Ἰωάννου</span> <span class='ocrx_word' id='word_1_678' title='bbox 2725 4785 2741 4832; x_wconf 88' lang='lat'><strong>;</strong></span> <span class='ocrx_word' id='word_1_679' title='bbox 2771 4770 2867 4832; x_wconf 89' lang='grc' dir='ltr'>Ὃς</span> <span class='ocrx_word' id='word_1_680' title='bbox 2896 4770 3228 4837; x_wconf 79' lang='grc' dir='ltr'>Εὑαγγέλιον</span> <span class='ocrx_word' id='word_1_681' title='bbox 3259 4771 3318 4823; x_wconf 80' lang='grc' dir='ltr'><strong>ἒν</strong></span> <span class='ocrx_word' id='word_1_682' title='bbox 3344 4774 3675 4827; x_wconf 80' lang='grc' dir='ltr'>καταλέλοι-</span> 
     </span>
    </p>
   </div>
   <div class='ocr_carea' id='block_1_92' title="bbox 517 4878 1557 4946">
    <p class='ocr_par' dir='ltr' id='par_1_92' title="bbox 517 4878 1557 4946">
     <span class='ocr_line' id='line_1_95' title="bbox 517 4878 1557 4946; baseline -0.004 -10"><span class='ocrx_word' id='word_1_683' title='bbox 517 4881 565 4915; x_wconf 81' lang='lat'>&quot;</span> <span class='ocrx_word' id='word_1_684' title='bbox 593 4881 750 4936; x_wconf 79' lang='lat' dir='ltr'><strong>Rom.</strong></span> <span class='ocrx_word' id='word_1_685' title='bbox 770 4896 862 4945; x_wconf 85' lang='lat' dir='ltr'><strong>xv,</strong></span> <span class='ocrx_word' id='word_1_686' title='bbox 881 4879 967 4935; x_wconf 81' lang='lat' dir='ltr'><strong>l9.</strong></span> <span class='ocrx_word' id='word_1_687' title='bbox 1043 4881 1092 4914; x_wconf 79' lang='lat'><em>&quot;</em></span> <span class='ocrx_word' id='word_1_688' title='bbox 1115 4878 1304 4934; x_wconf 81' lang='lat' dir='ltr'><strong>Matth.</strong></span> <span class='ocrx_word' id='word_1_689' title='bbox 1331 4895 1440 4946; x_wconf 89' lang='lat' dir='ltr'><strong>xvt,</strong></span> <span class='ocrx_word' id='word_1_690' title='bbox 1471 4879 1557 4934; x_wconf 70' lang='grc'><strong>18.</strong></span> 
     </span>
    </p>
   </div>
   <div class='ocr_carea' id='block_1_93' title="bbox 574 4982 2106 5059">
    <p class='ocr_par' dir='ltr' id='par_1_93' title="bbox 574 4989 2106 5059">
     <span class='ocr_line' id='line_1_96' title="bbox 574 4989 2106 5059; baseline -0.004 -12"><span class='ocrx_word' id='word_1_691' title='bbox 574 4993 630 5055; x_wconf 87' lang='lat'><strong>9)</strong></span> <span class='ocrx_word' id='word_1_692' title='bbox 651 4992 926 5059; x_wconf 76' lang='grc' dir='ltr'>Δόεομεν.</span> <span class='ocrx_word' id='word_1_693' title='bbox 965 4990 1142 5045; x_wconf 86' lang='lat' dir='ltr'><strong>Codex</strong></span> <span class='ocrx_word' id='word_1_694' title='bbox 1169 4990 1378 5044; x_wconf 88' lang='lat' dir='ltr'><strong>Thuan.</strong></span> <span class='ocrx_word' id='word_1_695' title='bbox 1403 4989 1664 5058; x_wconf 85' lang='grc' dir='ltr'>δείξομεν.</span> <span class='ocrx_word' id='word_1_696' title='bbox 1724 5055 1749 5059; x_wconf 83' lang='lat'><em>_</em></span> <span class='ocrx_word' id='word_1_697' title='bbox 1846 5055 1887 5059; x_wconf 94' lang='lat'><strong><em>_</em></strong></span> <span class='ocrx_word' id='word_1_698' title='bbox 2088 5002 2106 5041; x_wconf 73' lang='grc' dir='ltr'><strong>ε</strong></span> 
     </span>
    </p>
   </div>
   <div class='ocr_carea' id='block_1_94' title="bbox 1173 4982 2705 5059">
    <p class='ocr_par' dir='ltr' id='par_1_94' title="bbox 1173 4982 2705 5059">
     <span class='ocr_line' id='line_1_97' title="bbox 1173 4982 2705 5059; baseline -0.004 -17"><span class='ocrx_word' id='word_1_699' title='bbox 1173 4990 1378 5044; x_wconf 87' lang='lat' dir='ltr'><strong>Thuan.</strong></span> <span class='ocrx_word' id='word_1_700' title='bbox 1403 4989 1664 5058; x_wconf 85' lang='grc' dir='ltr'>δείξομεν.</span> <span class='ocrx_word' id='word_1_701' title='bbox 1724 5055 1749 5059; x_wconf 83' lang='lat'><em>_</em></span> <span class='ocrx_word' id='word_1_702' title='bbox 1846 5055 1887 5059; x_wconf 94' lang='lat'><strong><em>_</em></strong></span> <span class='ocrx_word' id='word_1_703' title='bbox 2088 4984 2267 5059; x_wconf 55' lang='lat' dir='ltr'><strong>cedes.</strong></span> <span class='ocrx_word' id='word_1_704' title='bbox 2437 4997 2509 5046; x_wconf 81' lang='lat' dir='ltr'><strong>vr,</strong></span> <span class='ocrx_word' id='word_1_705' title='bbox 2541 4997 2592 5059; x_wconf 57' lang='grc' dir='ltr'><strong>ρ.</strong></span> <span class='ocrx_word' id='word_1_706' title='bbox 2613 4984 2705 5037; x_wconf 76' lang='lat'><strong>25.</strong></span> 
     </span>
    </p>
   </div>
   <div class='ocr_carea' id='block_1_95' title="bbox 500 5050 2032 5140">
    <p class='ocr_par' dir='ltr' id='par_1_95' title="bbox 500 5050 1987 5140">
     <span class='ocr_line' id='line_1_98' title="bbox 500 5050 1987 5140; baseline -0.003 -28"><span class='ocrx_word' id='word_1_707' title='bbox 500 5050 633 5140; x_wconf 59' lang='grc' dir='ltr'><strong>μθ)</strong></span> <span class='ocrx_word' id='word_1_708' title='bbox 690 5050 811 5128; x_wconf 58' lang='lat' dir='ltr'><strong>Tib?</strong></span> <span class='ocrx_word' id='word_1_709' title='bbox 843 5059 1110 5128; x_wconf 72' lang='grc' dir='ltr'>Γραφήν.</span> <span class='ocrx_word' id='word_1_710' title='bbox 1160 5058 1371 5113; x_wconf 82' lang='lat' dir='ltr'><strong>Thuan.</strong></span> <span class='ocrx_word' id='word_1_711' title='bbox 1420 5050 1626 5123; x_wconf 72' lang='lat' dir='ltr'><strong>codex,</strong></span> <span class='ocrx_word' id='word_1_712' title='bbox 1684 5055 1789 5110; x_wconf 83' lang='grc' dir='ltr'>τῶν</span> <span class='ocrx_word' id='word_1_713' title='bbox 1846 5055 1987 5126; x_wconf 83' lang='grc' dir='ltr'>Γρα-</span> 
     </span>
    </p>
   </div>
   <div class='ocr_carea' id='block_1_96' title="bbox 2129 5050 3661 5140">
    <p class='ocr_par' dir='ltr' id='par_1_96' title="bbox 2129 5050 3661 5140">
     <span class='ocr_line' id='line_1_99' title="bbox 2129 5050 3661 5140; baseline 0 0"><span class='ocrx_word' id='word_1_714' title='bbox 2129 5052 2276 5140; x_wconf 59' lang='lat'><strong>157:).</strong></span> <span class='ocrx_word' id='word_1_715' title='bbox 2289 5050 2614 5140; x_wconf 48' lang='grc' dir='ltr'><strong>,Έςῖεδε</strong></span> <span class='ocrx_word' id='word_1_716' title='bbox 2632 5051 3065 5140; x_wconf 42' lang='lat' dir='ltr'><strong>eratimpar:</strong></span> <span class='ocrx_word' id='word_1_717' title='bbox 3099 5061 3210 5140; x_wconf 72' lang='lat' dir='ltr'><strong>.e&#39;c-</strong></span> <span class='ocrx_word' id='word_1_718' title='bbox 3246 5055 3382 5140; x_wconf 64' lang='lat' dir='ltr'><strong>Eam</strong></span> <span class='ocrx_word' id='word_1_719' title='bbox 3417 5056 3661 5140; x_wconf 65' lang='grc' dir='ltr'>εςπιῑιιίι</span> 
     </span>
    </p>
   </div>
   <div class='ocr_carea' id='block_1_97' title="bbox 452 5117 3665 5196">
    <p class='ocr_par' dir='ltr' id='par_1_97' title="bbox 452 5117 3665 5196">
     <span class='ocr_line' id='line_1_100' title="bbox 452 5117 3665 5196; baseline 0.002 -21"><span class='ocrx_word' id='word_1_720' title='bbox 452 5117 586 5196; x_wconf 69' lang='grc' dir='ltr'>φῦὶν.</span> <span class='ocrx_word' id='word_1_721' title='bbox 665 5193 724 5196; x_wconf 21' lang='grc' dir='ltr'>Α</span> <span class='ocrx_word' id='word_1_722' title='bbox 750 5117 763 5128; x_wconf 82' lang='grc'><em>“</em></span> <span class='ocrx_word' id='word_1_723' title='bbox 887 5117 906 5127; x_wconf 75' lang='grc'>⁷</span> <span class='ocrx_word' id='word_1_724' title='bbox 967 5117 986 5128; x_wconf 73' lang='grc'>⁷</span> <span class='ocrx_word' id='word_1_725' title='bbox 1364 5194 1373 5196; x_wconf 20' lang='grc'><strong><em>4</em></strong></span> <span class='ocrx_word' id='word_1_726' title='bbox 1522 5192 1532 5196; x_wconf 25' lang='grc' dir='ltr'><strong>Α</strong></span> <span class='ocrx_word' id='word_1_727' title='bbox 1611 5117 1623 5123; x_wconf 83' lang='grc'><em>’</em></span> <span class='ocrx_word' id='word_1_728' title='bbox 1685 5193 1729 5196; x_wconf 94' lang='lat'><em>__</em></span> <span class='ocrx_word' id='word_1_729' title='bbox 1879 5117 1904 5196; x_wconf 80' lang='lat'>_&#39;</span> <span class='ocrx_word' id='word_1_730' title='bbox 2089 5117 2344 5196; x_wconf 75' lang='lat' dir='ltr'><strong>Qrigeites</strong></span> <span class='ocrx_word' id='word_1_731' title='bbox 2367 5121 2551 5174; x_wconf 88' lang='lat' dir='ltr'><strong>homil.</strong></span> <span class='ocrx_word' id='word_1_732' title='bbox 2581 5117 2614 5170; x_wconf 84' lang='lat'><strong>7</strong></span> <span class='ocrx_word' id='word_1_733' title='bbox 2642 5120 2694 5172; x_wconf 88' lang='lat' dir='ltr'><strong>in</strong></span> <span class='ocrx_word' id='word_1_734' title='bbox 2722 5120 2880 5173; x_wconf 72' lang='lat' dir='ltr'><strong>Iosue</strong></span> <span class='ocrx_word' id='word_1_735' title='bbox 2907 5117 2939 5174; x_wconf 57' lang='grc' dir='ltr'><strong>τ’</strong></span> <span class='ocrx_word' id='word_1_736' title='bbox 2965 5139 2984 5170; x_wconf 81' lang='grc' dir='ltr'>ι</span> <span class='ocrx_word' id='word_1_737' title='bbox 3021 5122 3218 5196; x_wconf 72' lang='lat' dir='ltr'><strong>Petrus</strong></span> <span class='ocrx_word' id='word_1_738' title='bbox 3253 5125 3419 5196; x_wconf 63' lang='lat' dir='ltr'><strong>etiam</strong></span> <span class='ocrx_word' id='word_1_739' title='bbox 3440 5124 3665 5196; x_wconf 73' lang='lat' dir='ltr'><strong>duabus</strong></span> 
     </span>
    </p>
   </div>
   <div class='ocr_carea' id='block_1_98' title="bbox 523 5187 2055 5270">
    <p class='ocr_par' dir='ltr' id='par_1_98' title="bbox 523 5191 1982 5270">
     <span class='ocr_line' id='line_1_101' title="bbox 523 5191 1982 5270; baseline -0.005 -22"><span class='ocrx_word' id='word_1_740' title='bbox 523 5194 634 5266; x_wconf 74' lang='grc'><strong>(41)</strong></span> <span class='ocrx_word' id='word_1_741' title='bbox 660 5193 774 5248; x_wconf 77' lang='grc' dir='ltr'><strong>Τὸν</strong></span> <span class='ocrx_word' id='word_1_742' title='bbox 800 5192 1146 5270; x_wconf 65' lang='grc' dir='ltr'>τηλικοῦτον</span> <span class='ocrx_word' id='word_1_743' title='bbox 1166 5194 1416 5270; x_wconf 64' lang='grc' dir='ltr'>Μωυσέα</span> <span class='ocrx_word' id='word_1_744' title='bbox 1453 5192 1657 5263; x_wconf 70' lang='grc' dir='ltr'>φήσει.</span> <span class='ocrx_word' id='word_1_745' title='bbox 1685 5193 1797 5248; x_wconf 82' lang='lat' dir='ltr'><strong>Hoc</strong></span> <span class='ocrx_word' id='word_1_746' title='bbox 1822 5191 1982 5270; x_wconf 70' lang='lat' dir='ltr'><strong>etiam</strong></span> 
     </span>
    </p>
   </div>
   <div class='ocr_carea' id='block_1_99' title="bbox 2124 5187 3656 5270">
    <p class='ocr_par' dir='ltr' id='par_1_99' title="bbox 2124 5187 3656 5270">
     <span class='ocr_line' id='line_1_102' title="bbox 2124 5187 3656 5270; baseline 0.003 -31"><span class='ocrx_word' id='word_1_747' title='bbox 2124 5187 2448 5270; x_wconf 65' lang='lat' dir='ltr'><strong>Ipistolarum</strong></span> <span class='ocrx_word' id='word_1_748' title='bbox 2479 5201 2695 5270; x_wconf 39' lang='grc' dir='ltr'><strong>δελετες-,πῃ</strong></span> <span class='ocrx_word' id='word_1_749' title='bbox 2719 5198 2973 5270; x_wconf 63' lang='lat' dir='ltr'><strong>personat</strong></span> <span class='ocrx_word' id='word_1_750' title='bbox 2998 5191 3164 5270; x_wconf 74' lang='lat' dir='ltr'><strong>tubis.</strong></span> <span class='ocrx_word' id='word_1_751' title='bbox 3199 5209 3218 5241; x_wconf 73' lang='grc' dir='ltr'><strong>ι</strong></span> <span class='ocrx_word' id='word_1_752' title='bbox 3248 5191 3524 5270; x_wconf 62' lang='lat' dir='ltr'><strong>Eusebius</strong></span> <span class='ocrx_word' id='word_1_753' title='bbox 3559 5191 3656 5270; x_wconf 64' lang='lat' dir='ltr'><strong>lib.</strong></span> 
     </span>
    </p>
   </div>
   <div class='ocr_carea' id='block_1_100' title="bbox 455 5253 3660 5398">
    <p class='ocr_par' dir='ltr' id='par_1_100' title="bbox 455 5253 3660 5398">
     <span class='ocr_line' id='line_1_103' title="bbox 455 5253 3660 5343; baseline -0.002 -27"><span class='ocrx_word' id='word_1_754' title='bbox 455 5253 792 5331; x_wconf 76' lang='lat' dir='ltr'><strong>argumento,</strong></span> <span class='ocrx_word' id='word_1_755' title='bbox 825 5253 1164 5343; x_wconf 54' lang='lat' dir='ltr'><strong>p&#39;racteralia.</strong></span> <span class='ocrx_word' id='word_1_756' title='bbox 1216 5253 1758 5343; x_wconf 54' lang='lat' dir='ltr'><strong>probare&#39;pt&#39;tssumus</strong></span> <span class='ocrx_word' id='word_1_757' title='bbox 1785 5260 1984 5340; x_wconf 74' lang='lat' dir='ltr'><strong>alteru-</strong></span> <span class='ocrx_word' id='word_1_758' title='bbox 2089 5253 2149 5308; x_wconf 78' lang='lat' dir='ltr'><strong>tri</strong></span> <span class='ocrx_word' id='word_1_759' title='bbox 2189 5253 2351 5316; x_wconf 58' lang='lat' dir='ltr'><strong>Hist,</strong></span> <span class='ocrx_word' id='word_1_760' title='bbox 2377 5271 2496 5319; x_wconf 84' lang='lat' dir='ltr'><strong>cap.</strong></span> <span class='ocrx_word' id='word_1_761' title='bbox 2523 5255 2557 5308; x_wconf 77' lang='lat'><strong>&#39;5</strong></span> <span class='ocrx_word' id='word_1_762' title='bbox 2584 5271 2597 5306; x_wconf 90' lang='lat'><strong>:</strong></span> <span class='ocrx_word' id='word_1_763' title='bbox 2622 5253 2732 5318; x_wconf 77' lang='grc' dir='ltr'><strong>Τὴν</strong></span> <span class='ocrx_word' id='word_1_764' title='bbox 2763 5255 2820 5307; x_wconf 84' lang='grc' dir='ltr'>δὲ</span> <span class='ocrx_word' id='word_1_765' title='bbox 2863 5257 3172 5328; x_wconf 85' lang='grc' dir='ltr'>φερομένην</span> <span class='ocrx_word' id='word_1_766' title='bbox 3201 5259 3370 5311; x_wconf 82' lang='grc' dir='ltr'>αὑτοῦ</span> <span class='ocrx_word' id='word_1_767' title='bbox 3399 5259 3660 5329; x_wconf 84' lang='grc' dir='ltr'>(Πέτρου)</span> 
     </span>
     <span class='ocr_line' id='line_1_104' title="bbox 459 5321 3655 5398; baseline -0.001 -15"><span class='ocrx_word' id='word_1_768' title='bbox 459 5341 599 5383; x_wconf 90' lang='lat' dir='ltr'><strong>trum</strong></span> <span class='ocrx_word' id='word_1_769' title='bbox 624 5345 654 5384; x_wconf 93' lang='lat' dir='ltr'><strong>e</strong></span> <span class='ocrx_word' id='word_1_770' title='bbox 675 5330 1086 5384; x_wconf 85' lang='lat' dir='ltr'><strong>Comtnentartts</strong></span> <span class='ocrx_word' id='word_1_771' title='bbox 1120 5346 1172 5383; x_wconf 90' lang='lat' dir='ltr'><strong>tn</strong></span> <span class='ocrx_word' id='word_1_772' title='bbox 1195 5329 1296 5383; x_wconf 80' lang='lat' dir='ltr'><strong>Job</strong></span> <span class='ocrx_word' id='word_1_773' title='bbox 1331 5331 1563 5398; x_wconf 70' lang='lat' dir='ltr'><strong>Urtgeur</strong></span> <span class='ocrx_word' id='word_1_774' title='bbox 1589 5330 1744 5398; x_wconf 87' lang='lat' dir='ltr'><strong>vulgo</strong></span> <span class='ocrx_word' id='word_1_775' title='bbox 1773 5326 1989 5398; x_wconf 78' lang='lat' dir='ltr'><strong>trthutts</strong></span> <span class='ocrx_word' id='word_1_776' title='bbox 2093 5323 2344 5398; x_wconf 65' lang='grc' dir='ltr'>δευτέραν</span> <span class='ocrx_word' id='word_1_777' title='bbox 2380 5324 2477 5398; x_wconf 59' lang='grc' dir='ltr'><strong>ουκ</strong></span> <span class='ocrx_word' id='word_1_778' title='bbox 2516 5322 2828 5398; x_wconf 60' lang='grc' dir='ltr'>ενδιάϐηκον</span> <span class='ocrx_word' id='word_1_779' title='bbox 2874 5325 2975 5393; x_wconf 83' lang='grc' dir='ltr'>μὲν</span> <span class='ocrx_word' id='word_1_780' title='bbox 3001 5321 3141 5398; x_wconf 72' lang='grc' dir='ltr'>εῖναι</span> <span class='ocrx_word' id='word_1_781' title='bbox 3189 5327 3614 5398; x_wconf 69' lang='grc' dir='ltr'>παρειλήφαμεν</span> <span class='ocrx_word' id='word_1_782' title='bbox 3638 5344 3655 5358; x_wconf 88' lang='grc'><strong>·</strong></span> 
     </span>
    </p>
   </div>
   <div class='ocr_carea' id='block_1_101' title="bbox 456 5341 1988 5468">
    <p class='ocr_par' dir='ltr' id='par_1_101' title="bbox 456 5341 1988 5468">
     <span class='ocr_line' id='line_1_105' title="bbox 459 5341 1988 5398; baseline -0.005 -15"><span class='ocrx_word' id='word_1_783' title='bbox 459 5341 599 5383; x_wconf 91' lang='lat' dir='ltr'><strong>trum</strong></span> <span class='ocrx_word' id='word_1_784' title='bbox 624 5345 654 5384; x_wconf 91' lang='lat' dir='ltr'><strong>e</strong></span> <span class='ocrx_word' id='word_1_785' title='bbox 675 5341 1086 5384; x_wconf 74' lang='lat' dir='ltr'><strong>Uomtnentartts</strong></span> <span class='ocrx_word' id='word_1_786' title='bbox 1120 5341 1172 5383; x_wconf 81' lang='lat' dir='ltr'><strong>in</strong></span> <span class='ocrx_word' id='word_1_787' title='bbox 1195 5341 1296 5383; x_wconf 65' lang='lat' dir='ltr'><strong>tot)</strong></span> <span class='ocrx_word' id='word_1_788' title='bbox 1331 5341 1546 5398; x_wconf 82' lang='lat' dir='ltr'><strong>Urtgeui</strong></span> <span class='ocrx_word' id='word_1_789' title='bbox 1589 5341 1744 5397; x_wconf 89' lang='lat' dir='ltr'><strong>vulgo</strong></span> <span class='ocrx_word' id='word_1_790' title='bbox 1773 5341 1988 5380; x_wconf 87' lang='lat' dir='ltr'><strong>trtnutts</strong></span> 
     </span>
     <span class='ocr_line' id='line_1_106' title="bbox 456 5395 1988 5468; baseline -0.006 -16"><span class='ocrx_word' id='word_1_791' title='bbox 456 5398 848 5468; x_wconf 72' lang='lat' dir='ltr'><strong>supposititium</strong></span> <span class='ocrx_word' id='word_1_792' title='bbox 877 5410 1167 5468; x_wconf 50' lang='lat' dir='ltr'><strong>esseLcutn</strong></span> <span class='ocrx_word' id='word_1_793' title='bbox 1196 5399 1465 5468; x_wconf 77' lang='lat' dir='ltr'><strong>posterius</strong></span> <span class='ocrx_word' id='word_1_794' title='bbox 1491 5413 1520 5450; x_wconf 88' lang='lat' dir='ltr'><strong>a</strong></span> <span class='ocrx_word' id='word_1_795' title='bbox 1543 5397 1792 5468; x_wconf 78' lang='lat' dir='ltr'><strong>Periouio</strong></span> <span class='ocrx_word' id='word_1_796' title='bbox 1823 5395 1988 5446; x_wconf 85' lang='lat' dir='ltr'><strong>inter—</strong></span> 
     </span>
    </p>
   </div>
   <div class='ocr_carea' id='block_1_102' title="bbox 2129 5341 3661 5468">
    <p class='ocr_par' dir='ltr' id='par_1_102' title="bbox 2129 5341 3661 5468">
     <span class='ocr_line' id='line_1_107' title="bbox 2129 5341 3655 5398; baseline 0.004 -25"><span class='ocrx_word' id='word_1_797' title='bbox 2129 5341 2344 5392; x_wconf 84' lang='grc' dir='ltr'>ευτεραν</span> <span class='ocrx_word' id='word_1_798' title='bbox 2380 5341 2477 5374; x_wconf 89' lang='grc' dir='ltr'><strong>ουκ</strong></span> <span class='ocrx_word' id='word_1_799' title='bbox 2521 5341 2828 5391; x_wconf 81' lang='grc' dir='ltr'>ενοιαυηκον</span> <span class='ocrx_word' id='word_1_800' title='bbox 2874 5341 2975 5393; x_wconf 92' lang='grc' dir='ltr'><strong>μεν</strong></span> <span class='ocrx_word' id='word_1_801' title='bbox 3001 5341 3141 5378; x_wconf 90' lang='grc' dir='ltr'>ειναι</span> <span class='ocrx_word' id='word_1_802' title='bbox 3189 5343 3268 5380; x_wconf 89' lang='grc' dir='ltr'><strong>πα</strong></span> <span class='ocrx_word' id='word_1_803' title='bbox 3308 5341 3505 5398; x_wconf 74' lang='grc' dir='ltr'>ειληφα</span> <span class='ocrx_word' id='word_1_804' title='bbox 3555 5344 3614 5379; x_wconf 91' lang='grc' dir='ltr'><strong>εν</strong></span> <span class='ocrx_word' id='word_1_805' title='bbox 3638 5344 3655 5358; x_wconf 88' lang='grc'><strong>·</strong></span> 
     </span>
     <span class='ocr_line' id='line_1_108' title="bbox 2130 5345 3661 5468; baseline 0.005 -26"><span class='ocrx_word' id='word_1_806' title='bbox 2130 5407 2241 5458; x_wconf 87' lang='grc' dir='ltr'><strong>μως</strong></span> <span class='ocrx_word' id='word_1_807' title='bbox 2354 5390 2564 5468; x_wconf 67' lang='grc' dir='ltr'>πολλοῖς</span> <span class='ocrx_word' id='word_1_808' title='bbox 2596 5391 2860 5468; x_wconf 62' lang='grc' dir='ltr'>χρήσιμος</span> <span class='ocrx_word' id='word_1_809' title='bbox 2883 5395 3131 5459; x_wconf 79' lang='grc' dir='ltr'>φανεῖσα,</span> <span class='ocrx_word' id='word_1_810' title='bbox 3170 5345 3448 5468; x_wconf 35' lang='grc' dir='ltr'>μετΞ-τῶν</span> <span class='ocrx_word' id='word_1_811' title='bbox 3481 5345 3661 5468; x_wconf 54' lang='grc' dir='ltr'>ἄλλων</span> 
     </span>
    </p>
   </div>
   <div class='ocr_carea' id='block_1_103' title="bbox 458 5458 1990 5587">
    <p class='ocr_par' dir='ltr' id='par_1_103' title="bbox 458 5458 1990 5587">
     <span class='ocr_line' id='line_1_109' title="bbox 475 5458 1990 5532; baseline -0.003 -18"><span class='ocrx_word' id='word_1_812' title='bbox 475 5458 720 5518; x_wconf 66' lang='grc' dir='ltr'>ιεὲίειιιηι</span> <span class='ocrx_word' id='word_1_813' title='bbox 751 5465 984 5532; x_wconf 82' lang='lat' dir='ltr'><strong>Moysem</strong></span> <span class='ocrx_word' id='word_1_814' title='bbox 1007 5458 1209 5516; x_wconf 57' lang='lat' dir='ltr'><strong>librum&quot;</strong></span> <span class='ocrx_word' id='word_1_815' title='bbox 1226 5463 1341 5516; x_wconf 82' lang='lat' dir='ltr'><strong>Jobi</strong></span> <span class='ocrx_word' id='word_1_816' title='bbox 1366 5465 1665 5531; x_wconf 77' lang='lat' dir='ltr'><strong>scripsisse,</strong></span> <span class='ocrx_word' id='word_1_817' title='bbox 1689 5465 1838 5531; x_wconf 89' lang='lat' dir='ltr'><strong>prius</strong></span> <span class='ocrx_word' id='word_1_818' title='bbox 1864 5473 1990 5513; x_wconf 90' lang='lat' dir='ltr'><strong>vero</strong></span> 
     </span>
     <span class='ocr_line' id='line_1_110' title="bbox 458 5482 1574 5587; baseline -0.005 0"><span class='ocrx_word' id='word_1_819' title='bbox 458 5482 708 5587; x_wconf 68' lang='lat' dir='ltr'><strong>Lebraice</strong></span> <span class='ocrx_word' id='word_1_820' title='bbox 728 5531 1053 5584; x_wconf 80' lang='lat' dir='ltr'><strong>convertisse</strong></span> <span class='ocrx_word' id='word_1_821' title='bbox 1075 5531 1282 5584; x_wconf 89' lang='lat' dir='ltr'><strong>doceat.</strong></span> <span class='ocrx_word' id='word_1_822' title='bbox 1315 5532 1574 5584; x_wconf 72' lang='lat' dir='ltr'><strong>llum-tm.</strong></span> 
     </span>
    </p>
   </div>
   <div class='ocr_carea' id='block_1_104' title="bbox 2123 5458 3655 5587">
    <p class='ocr_par' dir='ltr' id='par_1_104' title="bbox 2123 5458 3655 5587">
     <span class='ocr_line' id='line_1_111' title="bbox 2127 5458 3655 5530; baseline 0.005 -22"><span class='ocrx_word' id='word_1_823' title='bbox 2127 5458 2432 5526; x_wconf 80' lang='grc' dir='ltr'>σπουδάσθη</span> <span class='ocrx_word' id='word_1_824' title='bbox 2468 5458 2714 5527; x_wconf 85' lang='grc' dir='ltr'>Γραφῶν.</span> <span class='ocrx_word' id='word_1_825' title='bbox 2743 5476 2763 5509; x_wconf 81' lang='grc' dir='ltr'><strong>ι</strong></span> <span class='ocrx_word' id='word_1_826' title='bbox 2798 5458 2930 5523; x_wconf 71' lang='lat' dir='ltr'><strong>Quae</strong></span> <span class='ocrx_word' id='word_1_827' title='bbox 2973 5477 3104 5515; x_wconf 85' lang='lat' dir='ltr'><strong>vero</strong></span> <span class='ocrx_word' id='word_1_828' title='bbox 3133 5458 3370 5516; x_wconf 79' lang='lat' dir='ltr'><strong>secunda</strong></span> <span class='ocrx_word' id='word_1_829' title='bbox 3417 5464 3655 5530; x_wconf 86' lang='lat' dir='ltr'><strong>appella-</strong></span> 
     </span>
     <span class='ocr_line' id='line_1_112' title="bbox 2123 5526 3655 5587; baseline 0.007 -14"><span class='ocrx_word' id='word_1_830' title='bbox 2123 5540 2204 5585; x_wconf 91' lang='lat' dir='ltr'><strong>ur,</strong></span> <span class='ocrx_word' id='word_1_831' title='bbox 2234 5539 2352 5577; x_wconf 87' lang='lat' dir='ltr'><strong>eant</strong></span> <span class='ocrx_word' id='word_1_832' title='bbox 2375 5526 2589 5587; x_wconf 88' lang='lat' dir='ltr'><strong>quidem</strong></span> <span class='ocrx_word' id='word_1_833' title='bbox 2626 5526 2767 5578; x_wconf 78' lang='lat' dir='ltr'><strong>inter</strong></span> <span class='ocrx_word' id='word_1_834' title='bbox 2803 5542 2990 5582; x_wconf 84' lang='lat' dir='ltr'><strong>sacros</strong></span> <span class='ocrx_word' id='word_1_835' title='bbox 3033 5528 3166 5583; x_wconf 81' lang='lat' dir='ltr'><strong>Novi</strong></span> <span class='ocrx_word' id='word_1_836' title='bbox 3197 5529 3538 5584; x_wconf 80' lang='lat' dir='ltr'><strong>Testamenti</strong></span> <span class='ocrx_word' id='word_1_837' title='bbox 3599 5530 3655 5582; x_wconf 89' lang='lat' dir='ltr'><strong>li-</strong></span> 
     </span>
    </p>
   </div>
   <div class='ocr_carea' id='block_1_105' title="bbox 496 5526 3657 5592">
    <p class='ocr_par' dir='ltr' id='par_1_105' title="bbox 496 5526 3657 5592">
     <span class='ocr_line' id='line_1_113' title="bbox 496 5526 3657 5592; baseline 0.003 -19"><span class='ocrx_word' id='word_1_838' title='bbox 496 5533 708 5584; x_wconf 75' lang='lat' dir='ltr'><strong>ehraice</strong></span> <span class='ocrx_word' id='word_1_839' title='bbox 728 5526 1053 5584; x_wconf 45' lang='lat' dir='ltr'><strong>conuenisse</strong></span> <span class='ocrx_word' id='word_1_840' title='bbox 1075 5531 1282 5584; x_wconf 62' lang='lat' dir='ltr'><strong>doceat,</strong></span> <span class='ocrx_word' id='word_1_841' title='bbox 1315 5526 1574 5584; x_wconf 69' lang='grc' dir='ltr'><strong>ΙΙυεοι-ίυς,</strong></span> <span class='ocrx_word' id='word_1_842' title='bbox 1652 5526 1658 5528; x_wconf 35' lang='lat'>&#39;</span> <span class='ocrx_word' id='word_1_843' title='bbox 1691 5526 1704 5531; x_wconf 51' lang='grc'>⁷</span> <span class='ocrx_word' id='word_1_844' title='bbox 2097 5534 2204 5592; x_wconf 70' lang='grc' dir='ltr'>μιν,</span> <span class='ocrx_word' id='word_1_845' title='bbox 2234 5539 2352 5577; x_wconf 87' lang='lat' dir='ltr'><strong>eant</strong></span> <span class='ocrx_word' id='word_1_846' title='bbox 2375 5526 2589 5592; x_wconf 87' lang='lat' dir='ltr'><strong>quidem</strong></span> <span class='ocrx_word' id='word_1_847' title='bbox 2626 5526 2767 5578; x_wconf 78' lang='lat' dir='ltr'><strong>inter</strong></span> <span class='ocrx_word' id='word_1_848' title='bbox 2803 5542 2990 5582; x_wconf 85' lang='lat' dir='ltr'><strong>sacros</strong></span> <span class='ocrx_word' id='word_1_849' title='bbox 3033 5528 3166 5583; x_wconf 80' lang='grc' dir='ltr'><strong>Νονί</strong></span> <span class='ocrx_word' id='word_1_850' title='bbox 3197 5526 3538 5584; x_wconf 66' lang='grc' dir='ltr'>Τθειλῐηειιίἱ</span> <span class='ocrx_word' id='word_1_851' title='bbox 3599 5530 3657 5582; x_wconf 72' lang='lat' dir='ltr'><strong>li-</strong></span> 
     </span>
    </p>
   </div>
   <div class='ocr_carea' id='block_1_106' title="bbox 527 5591 3658 5669">
    <p class='ocr_par' dir='ltr' id='par_1_106' title="bbox 527 5591 3658 5669">
     <span class='ocr_line' id='line_1_114' title="bbox 527 5591 3658 5669; baseline -0 -17"><span class='ocrx_word' id='word_1_852' title='bbox 527 5599 640 5669; x_wconf 72' lang='grc'><strong>(42)</strong></span> <span class='ocrx_word' id='word_1_853' title='bbox 666 5598 895 5653; x_wconf 84' lang='lat' dir='ltr'><strong>Exhibet</strong></span> <span class='ocrx_word' id='word_1_854' title='bbox 925 5599 1088 5653; x_wconf 83' lang='lat' dir='ltr'><strong>hocce</strong></span> <span class='ocrx_word' id='word_1_855' title='bbox 1136 5599 1489 5668; x_wconf 74' lang='lat' dir='ltr'><strong>fragmentum</strong></span> <span class='ocrx_word' id='word_1_856' title='bbox 1544 5597 1804 5652; x_wconf 82' lang='lat' dir='ltr'><strong>Eusebius</strong></span> <span class='ocrx_word' id='word_1_857' title='bbox 1850 5593 1986 5646; x_wconf 79' lang='lat' dir='ltr'><strong>Hist.</strong></span> <span class='ocrx_word' id='word_1_858' title='bbox 2097 5591 2222 5646; x_wconf 69' lang='lat' dir='ltr'><strong>bros</strong></span> <span class='ocrx_word' id='word_1_859' title='bbox 2251 5593 2473 5660; x_wconf 83' lang='lat' dir='ltr'><strong>positam</strong></span> <span class='ocrx_word' id='word_1_860' title='bbox 2512 5607 2614 5647; x_wconf 83' lang='lat' dir='ltr'><strong>non</strong></span> <span class='ocrx_word' id='word_1_861' title='bbox 2641 5607 2762 5650; x_wconf 88' lang='lat' dir='ltr'><strong>esse</strong></span> <span class='ocrx_word' id='word_1_862' title='bbox 2789 5608 2818 5648; x_wconf 88' lang='lat' dir='ltr'><strong>a</strong></span> <span class='ocrx_word' id='word_1_863' title='bbox 2851 5597 3160 5667; x_wconf 67' lang='lat' dir='ltr'><strong>majoribus</strong></span> <span class='ocrx_word' id='word_1_864' title='bbox 3177 5598 3512 5668; x_wconf 83' lang='lat' dir='ltr'><strong>accepimus.</strong></span> <span class='ocrx_word' id='word_1_865' title='bbox 3547 5597 3658 5653; x_wconf 85' lang='lat' dir='ltr'><strong>Sed</strong></span> 
     </span>
    </p>
   </div>
  </div>
