3880 6174
217 266 314 324 193

1320 268 1662 329 COMMENT.
1705 267 1773 323 ΙΝ
1808 266 1995 325 JOAN.
2034 267 2267 328 TOMUS
2304 270 2364 323 ll.

3319 260 3423 322 196

213 378 298 432 aui
348 370 570 433 ὄπισθεν,
626 363 719 420 κα).
765 379 1379 451 κατεσφραγισμένον,
1433 382 1566 452 ὅπερ
1621 380 1794 443 οὐδεὶς

1910 383 2076 447 )avid,
2102 383 2190 451 qui
2221 380 2408 450 aperit,
2439 383 2486 435 el
2521 360 2676 432 nemo
2716 376 2963 441 claudet;
2992 376 3080 445 qui
3108 374 3340 440 claudit,
3372 384 3427 430 et

213 465 433 536 ἠδύνατο
448 458 767 528 ἀναγνῶναι,
791 456 892 508 καὶ
917 456 1109 518 λῦσαι
1141 471 1250 533 τὰς
1278 471 1573 542 σφραγῖδας
1603 470 1789 533 αὑτοῦ,

207 564 257 616 ει
284 561 365 633 μὴ
383 564 409 614 ὁ
426 558 556 611 λέων
575 556 605 608 ὁ
627 556 693 607 ὲκ
714 553 811 624 τῆς
834 551 1015 624 φυλῆς
1044 560 1156 613 τοῦ
1195 563 1386 627 Ἰούδα,
1412 564 1446 632 ἡ
1470 562 1593 631 ῥίζα
1612 558 1791 621 Δαυιδ,

210 672 232 705 ι
252 655 284 707 ὁ
315 652 450 722 ἔχων
473 650 571 716 τὴν
597 647 744 700 κλεῖν
766 644 861 698 τοῦ
888 646 1086 713 Δαυῒδ,
1115 654 1220 705 καὶ
1243 653 1489 721 ἀνοίγων,
1511 651 1604 702 καὶ
1625 648 1795 710 οὐδεὶς

204 744 437 804 κλείσει,
453 740 545 793 καὶ
558 737 775 802 κλείων,
799 736 898 789 καὶ
914 738 1103 802 οὐδεὶς
1128 743 1333 806 ἀνοίξει
1351 759 1364 805 ;
1390 761 1408 792 ι
1444 742 1507 793 ’Β
1521 739 1627 809 γὰρ
1648 740 1795 790 πᾶσα

203 834 408 905 Γραφή
429 832 571 884 ἐστιν
601 831 637 900 η
663 827 973 899 δηλουμένη
1004 828 1099 881 διὰ
1127 832 1232 901 τῆς
1263 831 1464 900 βίϐλου,
1493 827 1796 899 ἔμπροσθεν

200 926 318 994 μὲν
355 920 711 994 γεγραμμένη
744 919 835 972 διὰ
865 918 965 990 τὴν
1006 921 1305 992 πρόχειρον
1345 920 1513 990 αὐτῆς
1555 918 1795 988 ἐκδοχὴν,

193 1015 441 1068 ὄπισθεν
474 1013 528 1065 δὲ
557 1011 647 1064 διὰ
687 1009 789 1080 τὴν
825 1010 1319 1081 ἀνακεχωρηκυῖαν
1366 1010 1462 1062 καὶ
1505 1025 1796 1077 πνευματι-

195 1102 342 1169 κήν.
388 1096 819 1169 Παρατηρητέον
855 1097 995 1167 πρὸς
1051 1097 1286 1160 τούτοις,
1324 1099 1371 1149 εί
1409 1097 1627 1150 δύναται
1668 1096 1801 1146 ἀπο-

191 1190 500 1243 δεικτικὸν
531 1187 625 1240 τοῦ
658 1187 730 1240 τὰ
763 1187 897 1254 ἅγια
944 1187 1073 1256 μίαν
1100 1187 1388 1256 τυγχάνειν
1415 1186 1612 1256 βίϐλον,
1643 1184 1712 1238 τὰ
1743 1184 1798 1235 δὲ

193 1280 489 1342 ἐναντίως
528 1279 720 1349 ἔχοντα
759 1278 985 1341 πολλὰς,
1036 1279 1099 1331 τὸ
1132 1280 1224 1330 ἐπὶ
1269 1278 1366 1347 μὲν
1397 1276 1503 1329 τῶν
1559 1275 1795 1340 ζώντων,

197 1370 350 1441 μίαν
377 1364 531 1420 εἶναι
568 1367 665 1438 τὴν
707 1366 910 1436 βίϐλον,
947 1368 1041 1435 ἀφ’
1073 1363 1142 1436 ἧς
1168 1365 1552 1434 ἀπαλείφονται
1597 1366 1645 1417 οί
1672 1365 1802 1418 ἀνά-

194 1456 316 1522 ξιοι
349 1455 541 1525 αὐτῆς
569 1453 927 1524 γεγενημένοι
953 1452 1088 1523 (50),
1119 1454 1194 1516 ὡς
1223 1454 1525 1524 γέγραπται
1546 1471 1560 1484 ·
1590 1472 1610 1506 ι
1655 1455 1798 1520 Ἐξα-

195 1546 621 1615 λειφθήτωσαν
652 1546 716 1597 ὲκ
743 1543 926 1611 βίϐλου
959 1543 1193 1606 ζώντωνσ
1229 1562 1248 1595 ι
1281 1545 1370 1596 ἐπὶ
1397 1545 1453 1597 δὲ
1483 1545 1589 1598 τῶν
1624 1545 1800 1614 κρίσει

197 1634 614 1703 ὑποκειμένων
659 1632 873 1703 βίϐλους
901 1631 1179 1702 φέρεσθαυ
1214 1634 1343 1702 φησὶ
1380 1633 1486 1703 γὰρ
1519 1637 1547 1686 ὁ
1582 1635 1795 1704 Δανιήλ·

1892 487 2047 526 nemo
2082 472 2284 540 aperiet
2331 468 2446 525 "io
2511 470 2772 524 Universa
2822 467 2963 522 enim
3011 467 3281 536 Scriptura
3315 466 3428 536 98

1891 568 1993 621 est,
2028 574 2146 627 quae
2190 559 2328 614 libro
2376 557 2470 612 illo
2515 555 2886 626 signiﬁcatur:
2921 554 3155 608 anterius
3214 554 3426 621 quidem

1891 647 2114 715 scripta,
2145 655 2361 714 propter
2384 644 2591 699 facilem
2624 644 2767 714 illius
2789 642 3170 712 expositionem
3196 657 3212 704 ;
3249 651 3427 707 poste-

1893 738 2004 791 rius
2033 750 2182 797 vero,
2205 743 2422 804 prepter
2449 733 2808 796 remotiorem,
2833 744 2886 784 et
2924 731 3011 801 qui
3037 747 3065 784 a
3097 731 3300 798 Spiritu
3325 739 3427 794 est,

1894 839 2128 879 sensum.
2180 824 2578 878 Observandum
2632 830 2715 875 est
2766 830 3064 888 praetcrea,
3121 820 3167 873 si
3213 828 3429 873 sanctos

1894 914 2110 968 codices
2137 930 2297 966 unum
2341 927 2458 967 esse
2485 913 2698 974 librum,
2731 912 2819 978 qui
2852 925 2976 964 vero
3014 910 3096 962 his
3141 908 3432 962 adversan-

1897 1013 2003 1066 tur,
2035 1004 2252 1064 multos,
2276 1000 2627 1055 demonstrari
2656 1008 2849 1068 potest,
2880 1013 2944 1052 eo
2979 998 3117 1065 quod
3142 998 3431 1051 viventium

1896 1105 2034 1144 unus
2063 1091 2134 1143 sit
2172 1090 2329 1154 liber,
2376 1103 2441 1141 ex
2492 1101 2600 1155 quo
2645 1086 2894 1140 delentur
2936 1088 3023 1151 qui
3073 1085 3268 1153 indigni
3314 1085 3431 1152 ipso

1896 1179 2026 1233 facti
2065 1188 2208 1244 sunt,
2240 1187 2299 1231 ut
2320 1178 2578 1245 scriptum
2605 1183 2685 1229 est
2712 1175 2756 1206 ⁸³
2790 1192 2804 1228 :
2845 1192 2865 1223 ι
2896 1174 3179 1228 Deleantur
3205 1174 3270 1226 de
3297 1172 3431 1226 libro

1896 1269 2228 1332 viventium;
2265 1286 2283 1317 ι
2326 1265 2393 1319 de
2442 1267 2525 1318 his
2569 1279 2696 1318 vero
2729 1265 2815 1332 qui
2840 1264 3040 1331 judicio
3060 1262 3430 1328 subjiciuntur,

1898 1373 2002 1412 non
2040 1358 2194 1419 liber,
2234 1356 2325 1410 sed
2358 1354 2473 1407 libri
2507 1353 2792 1417 dicuntur;
2838 1353 2915 1405 ait
2955 1352 3095 1405 enim
3126 1350 3305 1403 Daniel
3331 1351 3376 1382 ⁹¹
3413 1366 3429 1405 :

1902 1466 1922 1500 ι
1955 1446 2216 1501 Iudicium
2260 1447 2517 1511 consedit,
2542 1453 2594 1498 et
2614 1444 2733 1497 libri
2776 1441 2945 1510 aperti
2980 1448 3124 1493 sunt.
3162 1460 3186 1486 ι
3230 1437 3433 1492 Unitati

1898 1538 2058 1588 etiam
2112 1534 2273 1589 divini
2348 1534 2467 1587 libri
2535 1530 2892 1587 testimonium
2947 1528 3169 1582 ascribit
3222 1528 3430 1597 Moyses

1899 1625 2082 1678 dicens
2119 1624 2205 1676 “z
2239 1641 2258 1674 ι
2290 1623 2346 1677 Si
2385 1621 2598 1690 quidem
2636 1620 2862 1674 dimittis
2908 1618 3100 1687 populo
3130 1627 3432 1686 peccatum,

201 1742 221 1775 ι
262 1702 602 1793 Κριτήριον
635 1722 876 1782 ἐκάθισε.
908 1723 1001 1774 καὶ
1050 1721 1220 1790 βίϐλοι
1257 1702 1622 1793 ἠνεῴχθησαν.
1663 1743 1681 1774 ι

1910 1713 2150 1776 dimitte;
2205 1711 2386 1766 sinon
2417 1709 2703 1773 dimiseris,
2751 1708 2868 1762 dele
2906 1720 2990 1760 me
3032 1722 3098 1760 ex
3137 1707 3273 1760 libro
3321 1717 3435 1772 tuo,

196 1813 260 1865 δὲ
288 1810 478 1880 ἑνικῷ
521 1810 628 1879 τῆς
653 1809 803 1873 θείας
834 1810 1015 1879 βίϐλου
1043 1810 1136 1863 καὶ
1156 1810 1391 1878 Μωῦσῆς
1417 1815 1681 1881 μαρτυρεῖ
1706 1810 1797 1863 λέ-

202 1918 359 1969 γωνο
404 1920 428 1951 ‹
471 1902 539 1952 El
588 1901 687 1970 μὲν
715 1902 860 1970 ἀφῇς
883 1899 961 1969 τῷ
985 1899 1099 1969 λαῷ
1117 1900 1214 1968 τὴν
1240 1900 1527 1969 ἁμαρτίαν,
1557 1900 1690 1968 ἄφες
1714 1918 1728 1931 ο
1755 1902 1803 1952 εί

200 1991 264 2042 δὲ
286 1990 396 2060 μὴ,
425 1988 720 2057 ὲξάλειψόν
740 2006 807 2058 με
823 1990 888 2040 ἐκ
902 1989 1003 2057 τῆς
1025 1988 1223 2058 βίϐλου,
1244 1984 1311 2057 ἧς
1325 1987 1584 2058 ἔγραψας.
1610 2007 1627 2037 ι
1666 1989 1804 2055 Ἐγὼ

202 2080 308 2131 καὶ
338 2078 409 2131 τὸ
440 2079 601 2148 παρά
646 2075 724 2145 τῷ
764 2076 962 2146 Ἡσαΐᾳ
1005 2076 1174 2138 οὕτως
1207 2075 1546 2144 ὲκλαμϐάνω.
1594 2077 1665 2128 υύ
1699 2076 1805 2146 γὰρ

204 2168 352 2221 ἴδιον
394 2169 505 2237 τῆς
557 2166 751 2218 τούτου
800 2164 1136 2235 προφητείας
1162 2164 1222 2216 τὸ
1265 2159 1402 2216 εἶναι
1451 2166 1576 2227 τοὺς
1619 2164 1807 2232 λόγους

204 2257 307 2310 τοῦ
361 2256 588 2326 βιϐλίου
641 2255 1121 2324 ὲσφραγισμένους,
1164 2254 1294 2323 μήτε
1321 2252 1423 2304 ὑπὸ
1447 2252 1539 2305 τοῦ
1572 2254 1645 2323 μὴ
1692 2256 1807 2306 ὲπι-

210 2348 509 2418 παμένου
556 2345 862 2416 γράμματα
900 2340 1456 2411 ἀναγινωσκομένους,
1505 2341 1590 2393 διὰ
1634 2340 1694 2393 τὸ
1734 2341 1806 2411 μὴ

207 2438 435 2491 ειδέναι
461 2434 635 2488 αὐτὸν
667 2434 991 2504 γράμματα,
1025 2433 1159 2503 μήτε
1180 2431 1282 2483 ὑπὸ
1309 2430 1400 2483 τοῦ
1427 2429 1805 2499 ἐπισταμένου,

205 2527 304 2580 διὰ
323 2526 394 2578 τὸ
412 2523 792 2594 ὲσφραγίσθαι
806 2521 905 2591 τὴν
924 2519 1120 2589 βίϐλον.
1155 2519 1312 2572 Ἀλλὰ
1334 2517 1489 2570 τοῦτο
1518 2518 1608 2570 ἐπὶ
1632 2517 1810 2587 πάσης

208 2615 463 2686 Γραφῆς
500 2613 828 2683 ἀληθεύεται
872 2612 1133 2682 δεομένης
1179 2611 1272 2664 τοῦ
1314 2612 1622 2673 κλείσαντος
1648 2611 1806 2677 λόγου

211 2706 569 2770 ἀνοίξοντος·
590 2697 743 2765 οὗτος
764 2700 873 2771 γὰρ
893 2720 911 2751 ι
930 2701 1129 2753 κλείσει
1149 2701 1239 2753 καὶ
1250 2701 1421 2763 οὐδεὶς
1440 2698 1652 2762 ἀνοίξει·
1679 2719 1697 2751 ι
1720 2703 1811 2754 καὶ

215 2795 368 2849 ἐπὰν
385 2792 587 2863 ἀνοίξῃ
607 2792 743 2862 (51),
766 2792 948 2845 οὐκέτι
966 2792 1136 2854 οὐδεὶς
1158 2791 1385 2861 ἀπορίαν
1401 2791 1616 2844 δύναται
1638 2793 1701 2861 τῇ
1719 2791 1810 2843 ἀπ’

214 2883 400 2938 αὐτοῦ
453 2881 730 2951 σαφηνείᾳ
780 2882 1182 2950 προσενεγκεῖν.
1234 2879 1331 2932 Διὰ
1377 2879 1532 2932 τοῦτο
1578 2880 1808 2947 λέγεται,

217 2976 302 3027 ὅτι
341 2991 365 3023 ι
410 2970 645 3035 ἀνοίξει,
686 2970 781 3021 καὶ
823 2968 995 3030 οὐδεὶς
1022 2967 1241 3019 κλείσει.
1286 2986 1305 3017 ›
1338 2967 1410 3019 Τὸ
1440 2966 1812 3038 παραπλήσιον
1839 2996 1879 3051 C

218 3063 277 3115 δὲ
310 3063 421 3114 καὶ
460 3060 560 3111 ἐπὶ
588 3058 691 3127 τῆς
732 3056 1025 3127 εἰρημένης
1059 3056 1235 3125 βίϐλου
1268 3056 1416 3127 παρὰ.
1440 3056 1516 3125 τῷ
1556 3055 1806 3126 Ἰεζεχιὴλ

222 3148 600 3219 ἐκλαμϐάνω,
634 3149 692 3198 ὲν
806 3163 827 3195 ι
865 3146 1171 3216 ἐγέγραπτο
1220 3145 1433 3214 θρῆνος,
1487 3143 1580 3196 κα)⁸
1630 3143 1804 3213 μέλος,

223 3241 325 3294 καὶ
350 3236 508 3291 οὐαί.
541 3254 560 3287 ι
587 3236 747 3287 Πᾶσα
777 3233 887 3305 γὰρ
912 3233 1087 3303 βίϐλος
1113 3234 1351 3304 περιέχει
1376 3234 1436 3285 τὸ
1458 3232 1563 3284 τῶν
1585 3232 1809 3285 ἀπολλυ-

231 3330 420 3399 μένων
454 3325 602 3388 οὐαὶ,
640 3325 820 3378 καὶτὸ
847 3325 974 3394 περὶ
1002 3322 1109 3376 τῶν
1155 3322 1473 3392 σωζομένων
1511 3321 1686 3390 μέλος,
1718 3321 1810 3374 καὶ

228 3418 322 3470 τὸν
340 3416 483 3487 περὶ
502 3415 613 3468 τῶν
628 3415 834 3484 μεταξὺ
853 3414 1067 3483 θρῆνον.
1097 3414 1251 3465 Ἀλλὰ
1270 3413 1365 3465 καὶ
1388 3414 1415 3464 ὁ
1430 3412 1620 3464 ἐσθίων
1644 3411 1813 3463 Ἰωάν-

231 3520 334 3574 νης
371 3504 511 3575 μίαν
557 3503 844 3573 κεφαλίδα,
891 3504 951 3556 ὲν
1066 3500 1368 3572 γέγραπται
1399 3500 1468 3553 τά
1514 3500 1812 3570 ἔμπροσθεν

233 3595 334 3649 καὶ
358 3594 436 3646 τά
451 3593 699 3656 ὄπισθεν,
725 3592 826 3664 τὴν
848 3594 1028 3645 πᾶσαν
1048 3593 1265 3662 νενόηκε
1289 3591 1526 3662 Γραφὴν,
1548 3592 1622 3653 ὼς
1639 3590 1814 3660 βίϐλον

241 3685 380 3753 μίαν
410 3683 659 3754 ἡδίστην,
691 3682 835 3736 κατὰ
855 3682 954 3744 τὰς
973 3682 1145 3752 ἀρχὰς
1172 3683 1486 3751 νοουμένην,
1507 3683 1593 3734 ὅτε
1623 3698 1706 3743 τις
1729 3681 1818 3733 αὑ-

238 3775 342 3845 τὴν
372 3776 639 3845 μασᾶται,
674 3771 880 3843 πικρὰν
911 3774 967 3826 δὲ
997 3776 1062 3843 τῇ
1104 3772 1329 3825 ἑκάστου
1372 3771 1479 3824 τῶν
1509 3770 1816 3837 ἐγνωκότων

242 3865 607 3935 συναισθήσει
621 3867 689 3935 τῇ
710 3865 841 3934 περὶ
852 3864 1042 3916 ἑαυτοῦ
1061 3863 1635 3931 ἀναφαινομένην.Ἔτι
1657 3876 1820 3929 προσα-

244 3953 406 4020 θήσω
462 3955 543 4015 είς
578 3952 680 4022 τὴν
726 3952 918 4004 τούτου
968 3949 1234 4014 ἀπόδειξιν
1274 3950 1433 4019 ῥητὸν
1476 3947 1819 4001 ἀποστολικὸν

248 4044 327 4114 μὴ
352 4044 685 4112 νενοημένον
708 4041 816 4094 ὑπὸ
833 4041 940 4093 τῶν
962 4040 1056 4092 τοῦ
1081 4039 1421 4109 Μαρκίωνος,
1445 4038 1536 4090 καὶ
1561 4036 1645 4089 διὰ
1667 4031 1825 4089 τοῦτο

245 4131 591 4186 ἀθετούντων
624 4131 693 4184 τά
742 4129 1049 4196 Εὑαγγέλια
1083 4127 1218 4196 (52)*
1268 4127 1329 4179 τὸ
1375 4125 1481 4196 γὰρ
1525 4125 1614 4178 τὸν
1669 4122 1823 4175 Ἀπό-

250 4220 442 4274 στολον
469 4220 675 4286 λέγειν’
721 4236 741 4269 ι
770 4216 928 4269 Κατὰ
955 4217 1016 4269 τὸ
1038 4214 1368 4284 Εὑαγγέλιόν
1398 4231 1495 4283 μου
1520 4216 1577 4266 ὲν
1607 4212 1824 4284 Χριστῷ

1900 1813 2057 1867 quem
2109 1797 2391 1865 scripsisti.
2423 1815 2441 1849 ι
2497 1796 2565 1849 Et
2617 1795 2745 1849 illud
2776 1796 2914 1864 apud
2946 1794 3135 1848 Isaiam
3163 1795 3240 1848 sic
3267 1795 3435 1849 inter-

1901 1898 2080 1957 pretor
2113 1888 2178 1940 “.
2208 1885 2322 1940 Non
2356 1887 2498 1940 enim
2539 1885 2810 1953 proprium
2843 1894 2925 1937 est
2955 1883 3116 1951 hujus
3149 1884 3437 1952 prophetiae

1903 1986 1960 2030 ut
1987 1978 2096 2031 sint
2133 1991 2409 2031 sermones
2443 1975 2564 2028 libri
2615 1974 2898 2042 obsignati,
2951 1983 3007 2027 et
3048 1988 3151 2026 non
3200 1971 3436 2041 legantur

1902 2065 1968 2116 ab
1997 2079 2060 2118 eo
2091 2065 2182 2131 qui
2241 2064 2415 2117 nescit
2459 2061 2690 2124 litteras,
2740 2062 2862 2129 quia
2912 2061 2957 2114 is
2992 2061 3158 2114 nescit
3209 2058 3435 2123 litteras,

1905 2166 2075 2219 neque
2103 2154 2169 2207 ab
2195 2168 2257 2207 eo
2289 2153 2377 2220 qui
2407 2152 2529 2215 scit,
2557 2153 2683 2220 quia
2704 2151 3012 2219 obsignatus
3037 2158 3119 2203 est
3141 2149 3290 2203 liber.
3329 2149 3439 2204 Sed

1906 2246 1958 2298 id
1995 2259 2179 2299 verum
2231 2255 2310 2298 est
2351 2244 2403 2296 in
2451 2242 2702 2296 universa
2738 2240 3040 2307 Scriptura,
3091 2253 3207 2306 qua:
3240 2237 3437 2304 indiget

1904 2334 2066 2388 verbo
2088 2333 2203 2396 Dei,
2230 2333 2370 2400 quod
2394 2330 2586 2386 clausit
2614 2339 2672 2383 ut
2697 2329 2932 2397 aperiat;
2964 2329 3064 2381 hoc
3087 2329 3226 2380 enim
3253 2345 3271 2376 ι
3302 2328 3442 2380 clau-

1905 2424 2013 2481 det.
2049 2430 2102 2476 et
2134 2437 2290 2476 nemo
2327 2420 2526 2489 aperiet
2552 2421 2598 2451 ³⁸
2629 2436 2644 2484 ;
2681 2437 2700 2469 ι
2736 2427 2790 2472 et
2819 2431 2937 2472 cum
2965 2416 3252 2484 aperuerit,
3284 2430 3440 2469 nemo

1906 2511 2094 2565 deinde
2120 2518 2293 2578 potest
2316 2510 2702 2564 dubitationem
2732 2508 2796 2562 ad
2845 2508 3012 2575 ipsius
3054 2505 3440 2572 expositionem

1907 2599 2116 2654 afferre.
2170 2599 2251 2654 Ob
2275 2614 2393 2652 eam
2423 2614 2533 2651 rem
2574 2599 2772 2653 dicitur
2805 2612 2819 2648 :
2853 2616 2871 2648 ι
2920 2593 3143 2664 aperiet,
3182 2603 3235 2648 et
3287 2608 3444 2648 nemo

1907 2689 2115 2742 claudet
2133 2688 2200 2742 ".
2233 2706 2250 2739 ι
2296 2689 2482 2742 Simile
2511 2688 2637 2756 quid
2673 2674 2739 2741 de
2759 2687 2896 2740 libro
2932 2684 3021 2753 qui
3051 2694 3132 2737 est
3155 2684 3290 2750 apud
3313 2683 3444 2737 Eze—

1909 2775 2157 2839 chielem,
2182 2775 2404 2843 accipio,
2431 2776 2482 2828 in
2513 2790 2618 2843 quo
2647 2793 2665 2825 ι
2697 2774 2895 2840 scripta
2940 2782 3058 2826 erat
3110 2771 3441 2831 lamentatio.

1908 2871 1961 2917 et
1989 2863 2297 2926 modulatio,
2326 2875 2380 2918 et
2401 2879 2477 2918 va:
2501 2864 2568 2915 ⁸⁷.
2602 2882 2620 2914 ι
2664 2862 2850 2917 Omnis
2877 2861 3019 2915 enim
3052 2859 3186 2913 liber
3209 2860 3446 2914 continet

1912 2966 1989 3006 vae
2016 2954 2081 3007 iis
2101 2953 2191 3019 qui
2220 2961 2461 3019 pereunt,
2502 2963 2555 3004 et
2592 2952 2862 3004 canticum
2898 2949 2965 3002 de
3005 2947 3072 3002 iis
3100 2947 3187 3015 qui
3218 2959 3437 3000 servan-

1912 3052 2018 3106 tur,
2047 3044 2192 3096 etde
2222 3044 2286 3095 iis
2325 3041 2413 3107 qui
2447 3040 2745 3093 intertnedii
2788 3048 2944 3103 sunt,
2989 3035 3440 3089 lamentationem.

1905 3132 2009 3187 Sed
2038 3130 2291 3195 Joannes,
2354 3129 2444 3197 qui
2494 3136 2655 3194 caput
2713 3140 2877 3178 unum
2931 3123 3259 3183 devoravit,
3297 3118 3447 3185 cujus

1907 3220 2194 3281 anteriora,
2224 3227 2277 3271 et
2309 3215 2599 3285 posteriora
2624 3213 2915 3281 perscripta
2944 3218 3099 3264 erant
3120 3209 3189 3275 ",
3210 3206 3449 3275 Scriptu-

1908 3324 2020 3364 ram
2043 3322 2252 3362 omnem
2275 3305 2537 3373 intelligit,
2563 3313 2621 3356 ut
2645 3303 2839 3356 librum
2863 3316 3023 3354 unum
3047 3298 3444 3362 suavissimum,

1909 3397 2298 3466 quamprimum
2359 3393 2672 3462 percipitur,
2742 3404 2863 3444 cum
2927 3388 3047 3457 quis
3102 3401 3225 3441 eum
3283 3384 3447 3439 veluti

1914 3486 2137 3547 mandit,
2186 3482 2438 3537 acerbum
2487 3494 2621 3533 vero
2667 3476 3081 3544 uniuscujusque
3117 3489 3299 3528 eorum
3357 3472 3449 3540 qui

1910 3582 2262 3646 perceperunt
2314 3572 2496 3626 sensui
2552 3584 2614 3623 ac
2672 3567 3055 3628 conscientiae,
3113 3579 3229 3632 quae
3276 3564 3448 3630 ipsum

1912 3667 2109 3734 prodit.
2137 3664 2339 3717 Addam
2376 3674 2630 3730 praeterea
2667 3658 2731 3711 ad
2768 3656 2885 3723 ejus
2917 3657 2996 3709 rei
3030 3655 3451 3715 ﬁrmamentum,

1914 3755 2114 3808 dictum
2167 3751 2404 3819 Apostoli
2452 3762 2713 3815 nusquam
2758 3745 3087 3799 intellectum
3141 3743 3206 3795 ab
3255 3741 3322 3794 iis
3359 3739 3452 3807 qui

1917 3844 2234 3897 Marcionem
2294 3845 2660 3898 assectantur,
2712 3834 2803 3902 qui
2871 3832 3091 3899 proinde
3167 3825 3451 3895 Evangelia
3507 3871 3509 3874 .

1918 3938 2273 4000 aspernantur
2303 3935 2358 3981 et
2392 3925 2733 3994 improbant;
2763 3922 2903 3990 quod
2937 3921 3078 3973 enim
3118 3918 3195 3971 ait
3225 3919 3455 3986 Aposto-

1920 4022 2000 4076 lus
2028 4022 2072 4053 ”
2100 4036 2114 4074 :
2159 4036 2176 4068 ι
2205 4016 2504 4072 Secundum
2555 4010 2892 4081 Evangelium
2921 4022 3097 4062 meum
3135 4007 3188 4060 in
3235 4007 3451 4060 Christo

1919 4114 2064 4174 Jesu,
2094 4131 2114 4164 ι
2165 4124 2264 4163 nec
2308 4104 2439 4161 dicit
2470 4101 2776 4171 Evangelia,
2819 4099 2893 4154 illi
2941 4099 3066 4152 huic
3106 4099 3247 4152 dicto
3273 4095 3451 4149 immi-

1923 4212 2111 4257 nentes
2135 4209 2403 4261 asserunt,
2432 4209 2495 4250 eo
2529 4194 2669 4261 quod
2697 4206 2800 4246 non
2831 4189 2980 4259 plura
3013 4188 3120 4243 sint
3142 4184 3451 4254 Evangelia,

262 4308 467 4379 Ἰησοῦ,
496 4327 514 4359 ι
536 4273 634 4362 καὶ
666 4308 742 4376 μὴ
765 4307 991 4374 φάσκειν
1007 4273 1331 4372 Εὐαγγελια,
1356 4273 1547 4356 ἐκεῖνοι
1574 4273 1810 4370 ὲφίστάνί

1923 4289 2232 4359 Apostolum
2262 4301 2483 4341 numero
2507 4281 2727 4338 unitatis
2760 4277 3104 4348 Evangeliqu
3130 4275 3363 4338 dixisse;
3388 4273 3457 4327 ob

248 4415 345 4461 τες
373 4399 562 4466 φασιν,
612 4397 715 4449 οὐκ
744 4394 811 4448 ἂν
858 4395 1112 4447 πλειόνων
1149 4394 1317 4446 ὄντων
1346 4392 1702 4459 Εὐαγγελίων,
1733 4390 1822 4443 τὸν

266 4484 595 4537 ’Δπόστολον
627 4482 823 4544 ἑνικῶς
858 4482 923 4534 τὸ
948 4481 1272 4550 Εὑαγγέλιον
1299 4480 1590 4550 εἰρηκέναι·
1616 4481 1676 4532 οὐ
1703 4495 1824 4530 συν-

256 4573 452 4635 ιέντες,
500 4572 584 4623 ὅτι
612 4571 691 4632 ὡς
721 4563 803 4632 εἷς
834 4572 975 4622 ἐστιν
1019 4569 1078 4622 ὃν
1097 4566 1532 4635 εὐαγγελίζονται
1563 4566 1821 4626 πλείονες,

252 4661 432 4722 οὕτως
464 4660 524 4712 ἓν
554 4661 674 4711 ἐστι
704 4661 771 4728 τῇ
805 4659 1026 4727 δυνάμει
1053 4659 1112 4711 τὸ
1144 4657 1247 4709 ὑπὸ
1277 4654 1387 4707 τῶν
1420 4654 1624 4707 πολλῶν
1652 4655 1828 4722 Εὐαγ-

252 4750 438 4819 γέλιον
464 4747 978 4817 ἀναγεγραμμένον’
1010 4748 1103 4799 κα)⁸
1122 4747 1184 4798 τὸ
1209 4742 1422 4811 άληθῶς
1446 4742 1530 4796 διὰ
1554 4746 1826 4815 τεσσάρων

252 4839 315 4892 ἓν
331 4842 482 4892 ἐστιν
502 4837 856 4905 Εὐαγγὲλιον.
876 4838 938 4889 Et
959 4837 1134 4889 τοίνυν
1146 4835 1318 4887 ταῦτα
1342 4834 1522 4884 πεῖσαι
1551 4834 1696 4903 ἡμᾶς
1717 4833 1826 4901 (55)

254 4927 486 4981 δύναται
532 4927 590 4979 τί
632 4926 766 4978 ποτέ
795 4928 910 4977 ἐστι
935 4926 995 4978 τὸ
1022 4925 1079 4977 ἓν
1107 4922 1330 4993 βιϐλίον,
1358 4920 1447 4971 καὶ
1475 4920 1526 4972 τί
1550 4921 1621 4973 τὰ
1643 4920 1827 4984 πολλὰ,

256 5017 356 5071 νῦν
388 5018 592 5089 μᾶλλον
636 5016 904 5086 φροντίζω
926 5016 993 5068 οὔ
1026 5014 1111 5066 διὰ
1138 5013 1198 5063 τὸ
1244 5007 1442 5076 πλῆθος
1470 5009 1584 5063 τῶν
1628 5026 1833 5081 γραφο-

331 5154 382 5187 ⁶⁰
415 5155 589 5221 Apoc.
612 5165 697 5221 Ill,
714 5149 771 5221 j.

1927 4380 2083 4447 idque
2140 4391 2246 4431 non
2300 4375 2652 4443 intelligeutcs
2690 4366 3130 4438 quemadmodum
3175 4378 3314 4418 unus
3353 4370 3457 4426 est,

1926 4484 2082 4537 quem
2113 4469 2293 4535 plures
2317 4465 2630 4534 pratdicant,
2647 4464 2726 4516 sic
2750 4475 2912 4513 unum
2943 4471 3061 4513 esse
3083 4456 3296 4520 virtute,
3317 4452 3458 4521 quod

1927 4574 1957 4614 a
1993 4559 2173 4613 multis
2208 4555 2465 4624 scriptum
2495 4562 2580 4607 est
2600 4549 2964 4618 Evangelium.
3006 4545 3075 4600 Et
3096 4557 3282 4598 revera
3320 4539 3460 4609 quod

1930 4663 2024 4718 per
2054 4655 2281 4717 quatuor
2327 4643 2582 4712 scriptum
2630 4646 2743 4704 est,
2797 4650 2959 4689 unum
2988 4641 3069 4687 est
3094 4627 3458 4718 Evangelium,

1928 4712 2105 4804 Quare
2138 4735 2181 4787 si
2216 4732 2331 4786 haec
2356 4731 2510 4785 iidem
2552 4728 2732 4782 facere
2769 4726 2905 4792 apud
2940 4735 3036 4777 nos
3060 4724 3303 4788 possunt,
3336 4712 3462 4804 quid

1927 4798 1996 4880 sit
2018 4838 2155 4879 unus
2181 4822 2336 4885 liber,
2362 4828 2417 4873 et
2450 4819 2575 4888 quid
2609 4815 2779 4878 multi,
2808 4826 2950 4882 nunc
2975 4807 3142 4877 magis
3171 4819 3289 4859 sum
3315 4798 3462 4857 solli-

1933 4917 2091 4977 citus,
2133 4927 2237 4966 non
2268 4911 2479 4979 quidem
2533 4915 2751 4976 propter
2802 4899 3192 4957 multitudinem
3236 4892 3463 4979 scripto-

1927 5018 2067 5065 rum,
2093 4999 2202 5068 99
2231 4999 2322 5052 sed
2355 5004 2566 5065 propter
2590 4994 2694 5046 vim
2728 4989 3131 5046 intellecturum,
3168 4994 3236 5034 ne
3272 4978 3456 5033 forsan

876 5147 918 5177 ’ί
948 5144 1087 5198 Psal.
1109 5154 1291 5199 vatn.
1319 5139 1406 5194 29.
1502 5141 1551 5170 "
1582 5140 1722 5201 Cap.
1754 5155 1848 5202 vit,
1875 5151 2015 5191 vers.
2049 5136 2136 5188 10.
2209 5128 2449 5202 ’f_E_ttod.
2484 5119 2777 5202 ιιι-1952.
2851 5116 2899 5148 ⁸⁸
2927 5113 3029 5167 lsa-
3064 5123 3214 5172 κιιι,
3243 5105 3330 5169 Ην
3369 5102 3462 5160 ηε

255 5224 307 5258 ⁸⁸
330 5192 771 5282 ἰῢίίῘ.Γίξιι’;
841 5215 887 5246 ’⁸
920 5192 1085 5267 ibid."
1109 5192 1169 5240 3",
1195 5192 1468 5271 miscui",
1494 5209 1552 5264 9.
1600 5192 1607 5193 ί
1636 5192 1686 5241 οὗ
1711 5192 1810 5276 Ἀρι

1910 5222 1963 5270 ι,
1991 5206 2046 5269 9,
2075 5202 2163 5256 10.
2232 5198 2278 5229 ’⁸
2308 5199 2460 5250 Rom.
2494 5209 2551 5255 ιι,
2578 5192 2662 5242 l6.

333 5333 452 5403 (50)
487 5323 911 5398 Γετενημένοι.
955 5318 1032 5372 lta
1074 5315 1235 5368 codex
1265 5312 1546 5383 Thuanus;
1596 5316 1827 5384 Regius,

259 5405 566 5473 γενόμενοι.
919 5454 931 5463 ,
1214 5447 1227 5460 ο
1523 5453 1537 5466 ⁸

338 5471 453 5542 (5i)
501 5464 754 5529 Ἀνοίξῃ.
813 5459 886 5512 lta
920 5467 1058 5523 _mss.
1110 5448 1332 5501 Tarmus
1365 5467 1477 5509 vero
1520 5469 1584 5507 ιη
1649 5458 1826 5518 iam,

264 5538 869 5680 ἀν’(ἓὲἱῖὶθετούντων
896 5588 970 5641 τὰ
989 5579 1314 5649 Εὐαγγέλια-
1336 5583 1435 5643 Non
1460 5587 1701 5651 omnia,
1735 5587 1833 5641 sed

1935 5310 2187 5373 Mattluei,
2206 5305 2370 5360 Marci
2400 5314 2453 5356 et
2474 5295 2711 5373 Joannis.
2738 5292 2895 5373 Luca:
2912 5301 3084 5373 autem
3120 5284 3463 5373 Evangelium

1937 5355 2546 5435 ΞᾙΗὶἱὶέιέέιῖῐιῑὶιιδδιιι,
2565 5363 2656 5419 sed
2683 5364 2841 5435 itanut
2868 5377 2896 5435 ιι
2926 5362 3183 5435 dictatore
3212 5371 3306 5408 suo
3330 5355 3469 5407 Mar-

1938 5427 2100 5504 ἓῐόὶἰὲέ
2108 5427 2496 5509 interpolatum
2524 5427 2716 5488 fuerat.
2737 5427 3066 5509 Epiphanius
3091 5427 3282 5477 haeres.
3328 5436 3464 5487 χιιι,

1939 5531 2058 5583 cap.
2094 5512 2145 5575 9,
2180 5512 2266 5564 10.
2299 5511 2555 5563 Ηιιετιιιε.
2967 5511 2972 5513 ⁷
3219 5559 3232 5575 Ι
3295 5557 3321 5572 ,

2015 5580 2118 5597 ,ιι-η
2157 5580 2214 5597 οη
2268 5578 2291 5597 ετ
2384 5577 2452 5597 ι.-
2490 5583 2594 5597 -..ιω
2668 5562 2899 5597 "lupinum
2940 5567 2990 5597 in
3018 5569 3158 5597 Inrln
3212 5572 3352 5597 una:

2010 5562 2457 5654 (ϐὅῖᾞέλᾶςξιιιι
2489 5583 2618 5629 mss.
2668 5562 2901 5618 Tarinus
2940 5567 2991 5616 in
3018 5569 3181 5625 textu,
3212 5562 3373 5626 ὑμᾶς.
