3880 6234
469 259 570 317 193
1883 246 2196 306 ORIGEMS

465 389 530 431 eo
554 373 802 443 prolabar
828 379 886 425 ut
910 370 1216 424 mandatum
1250 366 1547 424 transiliam
1569 406 1586 434 ,
1613 365 1659 422 si
1692 365 1819 436 quid
1852 383 1990 436 prae-

2177 381 2284 429 nnv,
2315 362 2446 418 ἀλλά
2471 363 2557 417 διὰ
2579 360 2676 432 τὴν
2697 361 2922 431 δύναμιν
2952 361 3062 413 τῶν
3085 350 3623 443 νοουμένου-ἶνιν
3702 381 3709 411 4

468 439 851 518 tervveritatem
886 467 1137 525 tanquam
1163 456 1443 510 veritatem
1489 469 1780 523 exponam,
1821 455 1902 507 vel
1943 455 1993 507 in

2173 454 2371 524 ριπέσω
2393 453 2468 522 τῷ
2501 451 2851 523 παραϐαίνειν
2881 449 2980 518 τὴν
3008 445 3233 516 ἐντολὴν
3257 483 3283 509 ,
3361 439 3577 492 ἐὰν
3641 450 3705 525 1:_

465 566 571 607 uno
623 564 859 604 meorum
902 547 1429 602 commentariorum.
1477 543 1610 599 Tum
1656 544 1799 598 enim
1846 543 1996 598 fuero

2215 542 2466 612 ἀλήθειαν
2488 541 2560 604 ὼς
2581 522 2842 610 ἀλήθειαν
2884 537 3170 606 ὲκθῶμαι,
3220 531 3417 586 κᾶν
3473 528 3601 579 ὲν
3663 522 3721 575 ἐ

466 639 754 695 multorum
789 637 1046 690 librorum
1080 636 1350 704 scriptor;
1377 648 1606 703 cumque
1639 647 1779 687 nunc
1819 634 1998 702 specie

2205 631 2468 700 φομένων.
2506 631 2650 683 Ἐκεῖ
2666 629 2771 700 γὰρ
2791 629 2984 698 ἔσομαι.
3007 625 3230 696 γράψας
3261 621 3316 690 β
3333 615 3645 671 ιϐλία.
3692 628 3737 662 τ

464 743 529 781 ac
555 735 816 794 praetextu
838 724 1161 794 cognitionis
1192 723 1482 777 alienarum
1513 722 1818 791 opinionum
1850 736 1996 775 asse-

2213 720 2304 772 νῦν
2337 719 2394 770 δὲ
2442 719 2708 788 προφάσει
2757 717 3009 786 γνώσεως
3049 705 3742 794 ὲπανισταμένῳ·

463 793 567 864 cla!
583 811 636 863 in
671 793 926 863 sanctam,
944 810 1035 864 Dei
1073 809 1360 863 Ecclesiam
1393 809 1689 877 insurgant,
1717 818 1772 863 et
1803 809 1995 862 multo-

2214 810 2407 872 ποδόξων
2437 812 2501 878 τῇ
2547 810 2674 878 ἁγίᾳ
2721 808 2814 860 τοῦ
2847 806 2982 859 Θεοῦ
3031 805 3148 874 (54)
3203 793 3746 863 Ἐκκλησίιξ

463 913 578 952 rum
605 898 857 953 librorum
874 897 1286 966 compositiones
1307 896 1598 966 divulgent,
1620 896 1814 965 quibus
1835 911 1995 949 evan—

2212 895 2445 957 »ϐίϐλους
2494 895 2768 959 συντάξεις
2815 894 3088 964 φερόντων
3109 929 3126 954 ,
3182 882 3741 955 ὲπαγγελλᾳ

462 986 754 1054 gelicarum
785 996 840 1040 et
871 986 1281 1055 apostolicarum
1311 987 1751 1040 constitutionum
1784 984 1994 1052 exposi-

2211 1000 2340 1053 ἠσιν
2377 982 2482 1036 τῶν
2523 982 2885 1050 εύαγγελικῶν
2930 981 3025 1033 καὶ
3058 977 3344 1034 ἀποστολ
3357 974 3616 1029 ικῶν
3689 971 3743 1023 δ

463 1075 658 1128 tionem
686 1076 1027 1143 pollicentur;
1052 1076 1096 1129 si
1121 1076 1230 1142 jam
1254 1075 1524 1138 sileamus,
1553 1088 1648 1128 nec
1676 1073 1779 1128 illis
1802 1073 1995 1127 saluta-

2215 1090 2263 1136 ν,
2299 1070 2392 1122 ὲάν
2425 1073 2781 1140 σιωπήσωμεν
2835 1070 2908 1140 μὴ
2952 1068 3444 1140 παρατιθέντες
3499 1064 3747 1116 αὐτο

462 1162 540 1215 ria
564 1171 619 1215 et
645 1177 770 1216 vera
795 1163 1110 1217 documenta
1137 1178 1484 1232 apponamns,
1509 1163 1690 1216 avidas
1717 1170 1768 1217 et
1789 1160 1994 1230 jejunas

2214 1163 2226 1230 ἱ
2265 1163 2357 1214 καὶ
2388 1162 2556 1231 ἀληθῆ
2578 1161 2836 1230 δόγματα,
2861 1161 3330 1230 ἐπικρατήσωσι
3390 1154 3594 1208 τῶν
3645 1153 3740 1205 λι

465 1251 672 1305 animas
697 1251 802 1306 cibi
835 1253 1012 1320 inopia
1040 1251 1438 1322 expugnabunt,
1467 1253 1530 1304 ad
1551 1253 1738 1305 vetitas
1757 1261 1811 1304 et
1830 1252 1997 1305 omni-

2215 1251 2278 1304 ὦν
2316 1252 2514 1322 ἀπορίᾳ
2543 1251 2746 1321 τροφῆς
2794 1251 3092 1320 σωτηρίου,
3125 1249 3224 1301 ἐπὶ
3255 1247 3372 1300 τὰ
3436 1246 3747 1313 ἀπηγ‹

465 1355 534 1393 no
602 1340 835 1408 impuras
896 1341 1382 1408 abominandasque
1449 1355 1601 1394 escas
1667 1339 1997 1394 festinantes.

2144 1343 2235 1396 ἐνα
2264 1342 2618 1404 σπευδούσῶν,
2671 1340 2764 1394 καὶ
2814 1339 3029 1410 ἀληθῶς
3080 1337 3460 1406 ἀκάθαρτα
3512 1334 3676 1388 καὶ

464 1431 638 1498 Quare
661 1445 885 1486 necesse
913 1431 1041 1485 mihi
1070 1433 1278 1486 videtur
1296 1447 1436 1499 esse,
1460 1447 1580 1486 eum
1607 1433 1695 1500 qui
1718 1433 1832 1486 sine
1857 1431 1996 1485 frau-

2215 1432 2266 1485 ιὰ
2315 1431 2574 1502 βρώματα
2625 1430 2758 1500 (55).
2790 1430 2987 1498 Διόπερ
3049 1427 3421 1495 ἀναγκαῖόν
3472 1441 3632 1494 μοι
3717 1423 3747 1474 ἐ

465 1521 528 1573 de
554 1535 616 1574 ac
661 1520 1097 1588 prmvaricatione
1124 1529 1297 1588 potest
1339 1536 1434 1590 pro
1479 1521 1839 1575 ecclesiastico
1889 1534 1997 1576 ser-

2201 1539 2230 1574 ιι
2270 1522 2360 1574 τὸν
2383 1522 2672 1589 δυνάμενον
2701 1518 3018 1590 πρεσϐεύειν
3073 1518 3220 1588 ὑπὲρ
3255 1516 3402 1570 τοῦ
3452 1514 3733 1582 ἐκκλη

464 1625 620 1664 mone
648 1621 912 1664 oratorem
936 1626 993 1665 se
1026 1611 1385 1680 interponere,
1411 1621 1465 1667 et
1494 1627 1586 1667 eos
1610 1612 1887 1666 confutare
1908 1610 1996 1679 qui

2187 1610 2281 1662 κοῦ
2305 1610 2459 1676 λόγου
2487 1609 2975 1678 ἀπαραχαράκτως,
3007 1608 3104 1660 καὶ
3133 1607 3460 1676 ἐλέγχειν
3505 1605 3718 1666 τοὺς

464 1696 650 1751 falsam
687 1698 786 1752 sibi
823 1699 1182 1768 cognitionem
1218 1710 1528 1763 assumunt,
1572 1710 1713 1754 stare
1741 1700 1996 1753 adversus

2207 1698 2436 1768 Βὼνυμον
2494 1700 2691 1766 γνῶσιν
2755 1695 3333 1767 μεταχειριζομένους
3360 1736 3384 1762 ,
3511 1694 3739 1747 ἵσταο

465 1789 715 1842 haeretica
740 1797 1060 1852 commenta,
1083 1797 1136 1841 et
1161 1789 1522 1843 excelsitatem
1548 1787 1838 1855 evangelici
1869 1803 1997 1856 prae-

2213 1788 2240 1841 ἀ
2281 1787 2386 1840 τῶν
2433 1787 2717 1857 αἱρετικῶν
2768 1785 3212 1852 ἀναπλασμάτων
3263 1782 3745 1852 ἀντιπαραϐ

465 1876 610 1930 conii
647 1875 751 1930 illis
774 1889 1064 1944 apponere,
1092 1875 1145 1928 in
1183 1890 1289 1943 quo
1328 1885 1411 1929 est
1446 1875 1748 1943 plenissima
1778 1888 1997 1929 consen-

2205 1893 2255 1928 τα
2287 1878 2344 1929 τδ
2372 1872 2502 1946 ὕψος
2532 1875 2624 1928 τοῦ
2655 1873 3004 1942 εύαγγελικοῦ
3027 1873 3460 1944 κηρύγματος
3485 1913 3507 1936 ,
3562 1889 3737 1925 πεπ

465 1964 547 2017 sio
574 1963 871 2018 communis
901 1963 1180 2027 doctrinm,
1216 1963 1444 2029 Veteris,
1471 1965 1609 2031 quod
1643 1971 1850 2028 vocant,
1879 1978 1997 2016 cum

2215 1963 2340 2015 Lévov
2365 1962 2472 2033 (56)
2502 1963 2813 2031 συμφωνίας
2843 1962 3127 2031 δογμάτων
3159 1961 3405 2014 κοινῶν
3447 1964 3548 2031 τῇ
3600 1961 3747 2013 καλ

465 2051 613 2106 Νονο
657 2053 1016 2107 Testamento.
1049 2053 1234 2121 Tuque
1267 2053 1377 2122 ipse
1402 2054 1535 2107 adeo
1566 2067 1750 2107 eorum
1779 2052 1997 2122 penuria

2215 2067 2238 2122 ῃ
2267 2051 2474 2120 Παλαιᾷ
2501 2051 2633 2122 πρὸς
2661 2051 2757 2120 τὴν
2784 2049 3190 2121 ὀνομαζομένην
3233 2051 3531 2120 Καινὴν
3557 2049 3747 2102 Διαε

465 2143 556 2211 qui
605 2142 820 2196 meliora
870 2153 1192 2205 assererent,
1221 2156 1340 2195 cum
1370 2142 1558 2196 rationi
1604 2149 1919 2210 pugnantem
1949 2149 1997 2194 et

2174 2157 2221 2191 ν.
2251 2139 2419 2202 Αὐτὸς
2457 2139 2585 2207 γοῦν
2629 2139 2832 2209 ἀπορίᾳ
2865 2135 2979 2208 (57)
3011 2139 3120 2191 τῶν
3154 2140 3706 2208 πρεσϐευόντων

467 2231 750 2284 absurdam
776 2231 956 2295 ﬁdem,
985 2246 1103 2299 quae
1137 2239 1223 2282 tua
1251 2237 1368 2284 erat
1393 2230 1448 2282 in
1471 2228 1648 2283 Jesum
1681 2230 1874 2298 pietas,
1902 2229 1999 2281 mi-

2214 2229 2400 2290 ἱττονα,
2428 2228 2500 2297 μὴ
2521 2228 2697 2298 φέρων
2723 2230 2820 2298 τὴν
2845 2228 3037 2295 ἄλογον
3057 2229 3155 2280 καὶ
3187 2228 3552 2296 ἰδιωτικὴν
3584 2228 3746 2279 πὶστ

467 2322 610 2373 nime
641 2319 780 2373 ferre
805 2334 1019 2388 posses,
1063 2321 1126 2374 iis
1160 2329 1212 2374 te
1244 2319 1370 2372 olim
1402 2318 1740 2373 sermonibus
1777 2317 1999 2370 tradide-

2224 2317 2321 2385 τὴν
2345 2315 2479 2384 πρὸς
2506 2316 2594 2367 τὸν
2635 2315 2841 2385 Ἰησοῦν
2873 2315 3114 2383 ἀγάπην,
3148 2313 3523 2366 ὲπεδεδὼκε
3537 2331 3599 2376 ις
3646 2331 3740 2365 πο

465 2422 574 2473 ras,
607 2408 798 2475 quibus
828 2423 1031 2475 pOStea,
1068 2423 1192 2462 usus
1229 2421 1329 2472 ea,
1374 2414 1433 2459 ut
1462 2405 1703 2466 decebat,
1735 2419 1850 2472 quae
1880 2404 1997 2457 data

2214 2405 2294 2457 τὸν
2322 2405 2494 2472 λόγοις
2516 2442 2530 2467 ,
2560 2399 2632 2457 ὧν
2659 2403 2910 2476 ὕστερον,
2942 2408 3008 2474 τῇ
3037 2404 3310 2477 δεδομένῃ
3355 2422 3462 2457 σοι
3530 2404 3746 2457 συνέσ

470 2497 561 2548 tibi
590 2505 693 2557 est,
728 2497 1028 2564 prudentia,
1054 2495 1315 2548 damnatis
1338 2493 1650 2548 discessisti.
1676 2491 1800 2546 llaec
1826 2499 2001 2545 autem

2211 2493 2577 2562 αχρησάμενος
2597 2493 2675 2554 εἰς
2697 2491 2834 2557 δέον,
2864 2494 3165 2558 καταγνοὺς
3193 2493 3523 2560 ἀπέστης.
3557 2491 3743 2544 Ταῦτ

465 2584 586 2638 dico
618 2587 681 2637 ad
727 2600 910 2638 eorum
949 2585 1040 2651 qui
1089 2592 1142 2636 et
1183 2583 1363 2635 dicere
1393 2589 1448 2634 et
1482 2580 1720 2635 scribere
1764 2589 1997 2649 possunt,

2215 2599 2327 2652 ›ημι
2350 2582 2488 2634 κατὰ
2509 2582 2569 2634 τὸ
2602 2581 2920 2651 φαινόμενόν
2957 2598 3048 2650 μοι
3079 2582 3588 2651 ἀπολογούμενος
3628 2597 3747 2650 περ

470 2685 736 2740 quatenus
759 2674 886 2726 mihi
925 2682 1182 2740 apparet,
1211 2670 1590 2725 defensionem.
1622 2669 1724 2724 Sed
1752 2679 1804 2723 et
1831 2685 2001 2723 meam

2229 2672 2535 2741 δυναμένων
2559 2671 2734 2737 λέγειν
2763 2671 2857 2723 καὶ
2883 2670 3136 2740 γράφειν.
3176 2671 3327 2738 Περὶ
3359 2671 3430 2724 δὲ
3473 2672 3739 2740 ὲμαυτσ

470 2763 633 2828 ipsius
662 2777 872 2816 causam
901 2763 1040 2823 dico,
1069 2762 1158 2827 qui
1191 2777 1297 2814 non
1333 2775 1398 2814 eo
1428 2761 1688 2814 instructu
1717 2767 1770 2812 et
1797 2759 2000 2821 habitu,

2215 2763 2544 2830 λογούμενος,
2577 2759 2651 2830 μὴ
2677 2760 2784 2830 ἄρα
2811 2761 2872 2812 οὐ
2899 2760 3157 2831 τοιαύτης
3180 2758 3260 2812 ὢν
3293 2760 3503 2823 ’ἐξεως
3538 2760 3747 2813 ὁποίαι

469 2867 576 2919 quo
606 2867 724 2905 esse
751 2861 958 2920 Oportet
990 2866 1130 2914 eum,
1171 2851 1258 2918 qui
1295 2865 1324 2903 a
1352 2850 1461 2904 Deo
1483 2848 1552 2902 sit
1585 2849 1803 2902 idoneus
1831 2846 2001 2900 factus

2209 2850 2263 2918 ῆν
2290 2848 2377 2902 τὸν
2403 2848 2550 2917 παρὰ
2577 2848 2710 2900 Θεοῦ
2741 2849 3091 2918 ἱκανούμενον
3121 2848 3387 2901 διάκονον
3419 2849 3540 2919 τῆς
3585 2852 3741 2902 Και-

468 2937 598 2991 Novi
628 2939 952 2993 Testamenti
979 2938 1312 3001 administer,
1340 2953 1444 2991 non
1480 2937 1693 2998 litterae,
1721 2935 1812 2990 sed
1847 2935 2000 3004 spiri-

2227 2935 2514 3006 Διαθήκης,
2551 2936 2610 2988 οὐ
2638 2937 2979 3006 γράμματος,
3013 2937 3150 2990 ἀλλά
3179 2938 3539 3007 πνεύματος
3561 2978 3579 3004 ,
3612 2938 3745 2990 τολ-

472 3035 552 3081 tus
572 3028 662 3092 ⁹⁰’,
696 3027 947 3082 audacius
981 3041 1065 3080 me
1096 3027 1162 3081 ad
1198 3026 1472 3081 dicendum
1505 3024 1797 3095 projiciam.

2030 3019 2074 3076 C
2107 3027 2398 3098 μηρύτερον
2431 3029 2661 3097 ἐμαυτὸν
2687 3028 2764 3097 τῷ
2786 3027 3146 3099 ὑπαγορεύειν
3171 3029 3515 3101 ἐπιδίδωμι.

639 3348 733 3402 EX
767 3348 995 3404 EODEM
1033 3349 1221 3404 ΤΟΜΟ
1256 3349 1321 3416 ν,
1359 3349 1539 3405 APUD
1575 3349 1970 3404 PAMPHILUM
2004 3347 2387 3403 MARTYREM
2423 3347 2491 3402 1N
2527 3347 2892 3404 APOLOGIA
2936 3349 3076 3404 PRO
3121 3347 3507 3407 ORIGENE.

541 3499 852 3570 Unigenitus
906 3499 1073 3554 Filius
1111 3499 1357 3554 Salvator
1385 3508 1586 3562 noster.
1625 3500 1714 3568 qui
1742 3500 1884 3554 solus
1926 3515 1993 3554 ex
2103 3500 2226 3564 lius,
2255 3511 2310 3555 et
2339 3515 2553 3568 semper
2570 3511 2626 3556 et
2654 3501 3090 3570 inseparabiliter
3118 3501 3291 3555 Filius
3321 3514 3461 3570 est;
3499 3508 3700 3560 caeteri

466 3588 627 3644 Patre
660 3598 816 3644 natus
841 3599 943 3654 est,
989 3589 1132 3643 solus
1165 3597 1355 3643 natura
1386 3599 1438 3643 et
1466 3605 1571 3644 non
1598 3591 1883 3660 adoptione
1909 3590 2004 3646 Fi-
2102 3605 2231 3644 vero
2259 3605 2354 3658 pro
2384 3605 2450 3644 eo
2479 3590 2620 3658 quod
2647 3601 2999 3660 susceperunt
3022 3592 3074 3644 in
3107 3605 3166 3644 se
3193 3590 3398 3645 Filium
3433 3593 3561 3660 Dei,
3586 3610 3692 3664 po-

468 3681 571 3734 lius
599 3689 700 3736 est.
2105 3689 2351 3733 testatem
2373 3691 2698 3748 acceperunt
2722 3680 2815 3734 ﬁlii
2846 3681 2937 3734 Dei
2964 3680 3097 3733 ﬁeri.
3129 3697 3148 3730 ι
3173 3678 3277 3744 Qui
3302 3698 3324 3732 ι
3356 3681 3495 3737 licet
3524 3703 3547 3736 ι
3571 3700 3689 3740 ηοη

888 3786 906 3820 ι
934 3767 1062 3823 ltem
1101 3769 1154 3822 in
1191 3769 1376 3822 eodem
1416 3767 1571 3822 libro.
1603 3787 1622 3820 ι
1849 3815 1856 3823 .
2103 3780 2166 3820 ex
2207 3769 2582 3837 sanguinibus,
2631 3783 2805 3838 neque
2832 3784 2897 3823 ex
2933 3770 3202 3822 voluntate
3234 3771 3452 3834 carnis,
3490 3787 3679 3842 neque

537 3861 687 3918 Unus
716 3874 843 3928 ergo
867 3868 949 3914 est
976 3872 1132 3912 verus
1176 3859 1334 3923 Deus,
1369 3875 1388 3908 ι
1418 3858 1510 3926 qui
1543 3857 1686 3913 solus
1713 3858 1870 3912 habet
1901 3857 2003 3911 im-
2104 3870 2164 3909 ex
2186 3857 2455 3911 voluntate
2469 3859 2592 3924 viri,
2612 3859 2704 3913 sed
2720 3875 2786 3912 ex
2808 3858 2912 3912 Deo
2939 3857 3048 3910 nati
3075 3875 3092 3908 ι
3113 3855 3326 3923 εἰιιι⁹³“,
3346 3873 3462 3914 non
3485 3871 3674 3917 tamen

466 3951 861 4013 mortalitatem,
882 3949 1050 4003 lucem
1069 3947 1268 4002 habitat
1291 3947 2001 4003 inaccessibilemwnllnus
2104 3958 2164 3996 ea
2209 3945 2487 3999 nativitate
2532 3956 2658 4001 sunt
2707 3947 2817 4000 nati
2863 3961 2964 4015 qua
3012 3955 3167 3999 natus
3212 3953 3296 3999 est
3343 3949 3665 4018 unigenitus

465 4048 523 4093 et
547 4054 707 4094 verus
735 4039 895 4101 Deus,
943 4054 1008 4092 ne
1038 4039 1243 4093 scilicet
1270 4037 1451 4089 multis
1495 4037 1608 4090 veri
1660 4035 1754 4088 Dei
1806 4050 1996 4089 nomen
2103 4034 2290 4089 Filius.
2341 4035 2566 4106 Propter
2608 4040 2750 4106 quod
2799 4047 3052 4108 quantam
3100 4037 3462 4095 diﬂ'erentiam
3498 4057 3663 4097 verus

467 4128 749 4180 convenire
785 4131 1086 4180 credamus.
1131 4125 1209 4179 lta
1258 4138 1385 4192 ergo
1415 4134 1468 4178 et
1506 4125 1558 4178 hi
1581 4125 1692 4192 qui
1734 4125 2000 4192 accipiunt
2104 4123 2242 4178 Deus
2277 4125 2436 4180 habet
2466 4134 2532 4181 ad
2567 4143 2684 4189 eos.
2716 4129 2912 4198 quibus
2945 4129 3143 4184 dicitur
3170 4147 3183 4183 :
3215 4147 3233 4179 ι
3267 4129 3382 4199 Ego
3410 4133 3540 4198 dixi,
3573 4134 3656 4189 Dii

473 4234 494 4268 ι
517 4217 760 4285 spiritum
791 4218 1094 4286 adaptionis
1138 4216 1366 4269 ﬁliorum
1389 4255 1404 4279 ,
1445 4216 1498 4269 in
1533 4231 1638 4284 quo
1663 4215 1995 4270 clamamus:
2102 4215 2312 4269 estis’“
2337 4232 2351 4269 :
2385 4235 2403 4268 ι
2429 4227 2630 4271 tantam
2647 4219 3002 4273 differentiam
3025 4219 3182 4273 habet
3206 4232 3359 4274 verus
3389 4221 3557 4279 Filius
3586 4225 3649 4278 ad

467 4304 617 4358 Abba
643 4305 800 4358 Pater
814 4308 906 4368 ον,
941 4324 960 4357 ι
1001 4305 1088 4358 lilii
1112 4305 1321 4372 quidem
1357 4305 1447 4359 Dei
1473 4313 1613 4368 sunt,
1641 4305 1733 4359 sed
1762 4319 1864 4359 non
1897 4305 2002 4359 sic-
2107 4319 2200 4360 eos
2232 4306 2322 4375 qui
2349 4308 2572 4363 audiunt
2605 4326 2619 4363 :
2662 4327 2681 4360 ι
2711 4309 2836 4365 Filii
2871 4309 3080 4365 Excelsi
3107 4324 3288 4364 omnes
3305 4312 3396 4367 "°.
3431 4331 3451 4366 ι

469 4401 528 4448 ut
564 4393 867 4462 unigenitus
913 4393 1098 4448 Filius.
1136 4393 1451 4465 Unigenitus
1491 4395 1631 4450 enim
1675 4405 1861 4450 natura
1913 4392 2002 4448 Fi-

535 4567 604 4600 ὀ·
625 4566 663 4621 ll
679 4566 802 4622 Cor.
837 4580 918 4629 ιιι,
941 4566 993 4619 6.
1065 4568 1133 4600 ἰ’
1162 4566 1342 4622 lTim.
1381 4580 1454 4633 vr,
1491 4565 1574 4620 l6.
1647 4567 1716 4602 ἰ·
1749 4565 1903 4621 Rom.
1935 4579 2050 4630 vut,
2083 4566 2170 4620 15.
2243 4565 2310 4597 ’δ’
2337 4562 2492 4619 Joan.
2528 4580 2568 4630 ι,
2597 4565 2686 4622 12.
2758 4568 2830 4600 ⁸⁵·
2866 4567 3018 4628 Psal.
3053 4581 3236 4633 um,
3263 4566 3316 4625 6.
3389 4570 3458 4604 "'
3502 4571 3628 4632 ibid.

535 4718 645 4788 (54)
677 4718 842 4788 Θεοῦ.
875 4717 950 4772 lta
978 4731 1105 4788 mss.
1135 4715 1385 4788 Tariuus,
1428 4717 1682 4788 Χριστοῦ.

2177 4715 2289 4788 (57)
2326 4716 2514 4788 Αὐτὸς
2556 4717 2706 4788 γοῦν
2745 4721 2987 4788 ἀπορίᾳ,
3014 4731 3118 4778 etc.
3148 4719 3472 4779 Ambrosium
3497 4725 3618 4780 allo-

676 4787 974 4867 ﬁpdiltata.
1003 4785 1162 4867 [forte
1194 4785 1494 4867 legendum,
1517 4787 1775 4867 δέγματα.
1909 4851 1928 4867 ι

2107 4785 2576 4867 ηειίιιιιι,“‹ιιιί¹ςιι.ιιι
2606 4785 2987 4867 Yalentiniana
3017 4790 3362 4867 haeresiesset
3390 4794 3614 4867 infectus.

537 4851 648 4926 (56)
687 4851 1171 4925 agamnam.
1211 4851 1300 4911 Sic
1357 4870 1483 4911 mss.
1533 4851 1758 4912 Tarinus
1797 4851 2006 4924 πεπλη-

2109 4851 2256 4926 virus
2286 4851 2411 4905 illud
2439 4852 2689 4926 origenis
2710 4872 2855 4926 cura
2873 4859 3140 4926 evomuit,
3176 4866 3234 4914 et
3255 4862 3500 4919 saniorem
3525 4851 3612 4918 do;

469 4921 734 4994 ρωιιινου.
879 4921 905 4925 ”
971 4921 984 4924 ⁷
1963 4921 1972 4924 ’

1963 4921 1972 4924 ’
2104 4921 2329 4974 ctrinam
2359 4921 2635 4991 ampleius
2670 4934 2776 4982 est.
2813 4924 3080 4986 llus'rius.
