3880 6206
289 203 380 258 197
1369 225 1715 283 COMMENT.
1754 227 1824 285 IN
1852 228 2040 288 JOAN.
2074 233 2306 293 TOMUS
2338 237 2425 293 Vl.

286 345 3486 416 .______‘_____________________

288 508 291 510 ’
1508 556 2325 671 ΩΡΙΓΕΝΟΥΣ
2766 529 2777 537 ’

963 753 1114 809 ΤΩΝ
1143 755 1250 809 ΕΙΣ
1275 756 1360 812 ΤΟ
1395 757 1580 812 ΚΑΤΑ
1609 760 1913 813 ΙΩΑΝΝΗΝ
1942 761 2360 817 ΕΥΔΓΓΕΛΙΟΝ
2390 762 2842 822 ΕΞΗΓΗΤΙΚΩΝ.

1652 919 2024 1007 ΤΟΜΟΣ
2069 929 2168 1006 τῖ’.

1575 1256 2231 1371 ORIGENIS

897 1465 1564 1525 COMMENTARIORUM
1601 1467 1670 1524 ΙΝ
1698 1467 2140 1527 EVANGELIUM
2175 1470 2541 1530 SECUNDUM
2571 1471 2878 1534 JOANNEM

1573 1633 1974 1729 TOMUS
2038 1639 2207 1730 VI.

1253 1823 1286 1878 1
1293 1821 1345 1876 Ν
1351 1819 1733 1878 TERPRETE
1755 1818 2125 1882 AMBROSIO
2157 1821 2547 1881 FERRARIO.

1839 1986 1909 2003 ι*

745 2129 912 2197 ιοο
963 2128 1367 2182 ΠΡΟΟΙΜΙΟΝ.

337 2217 396 2272 1.
424 2217 588 2270 Πᾶσα
643 2217 745 2286 μὲν
793 2219 975 2280 οἰκία,
1026 2216 1102 2278 ὡς
1133 2217 1210 2269 ἔνι
1255 2218 1484 2286 μάλιστα
1526 2224 1850 2292 στερρότατα

1855 2134 1904 2191 Α

2312 2127 2466 2196 100
2491 2131 2865 2188 PBIEFATIO.

2019 2220 2073 2272 1.
2099 2217 2284 2273 Omnis
2312 2220 2525 2286 quidem
2552 2223 2758 2285 domus,
2789 2235 2926 2289 quae,
2955 2229 3209 2290 quantum
3243 2221 3357 2279 ﬁeri
3385 2239 3479 2294 po.

257 2305 916 2374 κατασκευασθησομένη
939 2344 954 2369 ,
1002 2307 1058 2358 ὲν
1095 2305 1240 2374 εὐδίᾳ
1268 2306 1360 2358 καὶ
1403 2309 1628 2378 νηνεμίᾳ
1652 2313 1836 2364 οἰκοδο-

1950 2317 2074 2372 test,
2111 2309 2412 2363 ﬁrmissime
2441 2310 2787 2364 construenda
2815 2317 2915 2375 est,
2947 2324 3132 2365 sereno
3163 2318 3403 2378 tempore
3423 2323 3477 2368 et

257 2398 477 2464 μείται,
515 2395 602 2446 ἵνα
640 2395 718 2464 μὴ
743 2393 1102 2463 ἐμποδίζηται
1143 2395 1240 2464 τὴν
1276 2394 1492 2448 δέουσαν
1525 2398 1683 2466 πῆξιν
1715 2401 1846 2453 ἀνα-

255 2483 463 2536 λαϐεῖν
489 2500 502 2513 ·
538 2484 693 2547 ὅπως
739 2482 962 2551 δύνηται
1002 2482 1093 2534 καὶ
1137 2482 1353 2554 τοιαύτη
1405 2485 1679 2552 γενέσθαι,
1709 2488 1846 2542 ὥστε

254 2574 565 2641 ὑπομεῖναι
595 2571 937 2641 πλημμύρας
950 2572 1140 2640 ὁρμὴν,
1165 2571 1258 2622 καὶ
1275 2571 1563 2642 πρόσρηξιν
1585 2591 1716 2626 ποτα
1723 2575 1842 2644 μοῦ,

251 2663 357 2715 καὶ
383 2664 494 2714 ὅσα
528 2662 695 2730 φιλεῖ,
731 2660 998 2730 χειμῶνος
1031 2659 1414 2728 συμϐαίνοντος
1433 2699 1447 2723 ,
1481 2662 1717 2731 ἐλέγχειν
1748 2664 1843 2733 μὲν

245 2751 325 2803 τὰ
365 2750 556 2820 σαθρὰ
603 2750 714 2803 τῶν
748 2748 1224 2818 οἰκοδομημάτων,
1253 2748 1522 2802 δεικνύναι
1547 2751 1603 2803 δὲ
1645 2751 1714 2804 τὰ
1745 2752 1842 2820 τὴν

246 2842 480 2895 οἰκείαν
533 2841 740 2912 ἀρετὴν
782 2840 1116 2909 ἀπειληφότα
1155 2839 1261 2892 τῶν
1296 2841 1837 2909 κατασκευασμάτων.

259 2931 615 3002 Ἐξαιρέτως
649 2931 708 2983 δὲ
746 2932 780 2999 ἡ
815 2929 920 2980 τῶν
940 2929 1039 2997 τῆς
1080 2928 1332 2996 ἀληθείας
1359 2929 1716 2998 θεωρημάτων
1758 2928 1841 2980 δε-

248 3021 458 3090 κτικὴ,
511 3019 709 3088 λογικὴ
742 3018 818 3080 ὼς
859 3018 917 3070 ὲν
950 3017 1243 3086 ἐπαγγελίᾳ
1277 3017 1311 3086 ἢ
1352 3017 1667 3086 γράμμασιν
1697 3017 1839 3068 οἰκο-

246 3109 406 3179 δομὴ
428 3148 445 3172 ,
479 3109 607 3160 τότε
643 3107 879 3177 μάλιστα
923 3106 1308 3175 οἰκοδομεῖται,
1344 3105 1518 3166 καλῶς
1550 3105 1840 3157 συνοικοδο-

257 3202 507 3264 μοῦντος
539 3199 620 3268 τῷ
653 3197 974 3268 προθεμένῳ
1007 3195 1067 3247 τὸ
1112 3196 1326 3264 ἄριστον
1361 3194 1516 3247 τοῦτο
1544 3195 1697 3265 ἔργον
1723 3196 1840 3246 ὲπι-

254 3292 444 3345 τελεῖν
503 3289 602 3342 τοῦ
635 3286 796 3351 Θεοῦ,
847 3285 986 3338 ἐπὰν
1047 3285 1342 3356 γαληνιάζῃ
1388 3287 1452 3354 τῇ
1508 3284 1836 3354 ὑπερεχούσῃ

257 3382 446 3434 πάντα
466 3379 596 3432 νοῦν
630 3379 824 3448 εἰρήνῃ
853 3374 1104 3444 χρωμένη
1135 3376 1169 3442 ἡ
1199 3373 1360 3443 ψυχὴ,
1394 3373 1572 3442 πάσης
1600 3373 1838 3442 ταραχῆς

1947 2398 2234 2464 tranquillo
2263 2399 2585 2462 aediﬁcatur;
2619 2411 2686 2450 ne
2716 2397 3032 2465 impediatur
3068 2398 3344 2452 decentem
3375 2415 3468 2454 re-

1945 2486 2120 2553 cipere
2146 2487 2520 2550 stabilitatem;
2571 2496 2629 2540 ut
2656 2487 2776 2540 talis
2808 2501 2925 2542 esse
2971 2489 3139 2555 possit
3165 2501 3280 2556 qua:
3309 2489 3474 2543 susti-

1943 2586 2065 2628 neat
2089 2575 2340 2641 impetum
2378 2575 2769 2641 exnndationis,
2808 2583 2860 2629 et
2888 2575 3180 2630 allisionem
3209 2574 3353 2630 ﬂuvii
3375 2614 3390 2640 ,
3421 2585 3476 2632 et

1943 2674 2270 2728 quaecunque
2290 2661 2481 2727 solent,
2519 2662 2562 2714 si
2591 2663 2863 2730 continga;
2891 2671 3199 2730 tempestas,
3229 2677 3472 2730 quaenam

1940 2750 2161 2804 aediﬁcia
2190 2751 2396 2818 putrida
2426 2765 2489 2804 ac
2523 2750 2736 2814 debilia,
2773 2761 2932 2818 atque
2956 2766 3074 2818 qua:
3106 2753 3255 2805 ﬁrma
3283 2761 3336 2806 et
3365 2763 3474 2807 sta-

1941 2839 2068 2893 bilia
2101 2841 2371 2908 propriam
2399 2840 2648 2892 virtutem
2679 2841 2995 2907 receperint,
3022 2841 3308 2896 declarare.
3332 2841 3474 2896 Prae-

1938 2927 2095 2996 cipue
2123 2943 2252 2983 vero
2282 2928 2564 2982 aediﬁcium
2598 2928 2818 2982 rationis
2843 2943 3080 2997 compos,
3110 2939 3364 2985 constans
3378 2931 3485 2984 vel-

1937 3017 2016 3070 uti
2062 3015 2115 3068 in
2142 3014 2513 3084 promissione,
2545 3023 2598 3068 et
2625 3014 2833 3079 litteris,
2854 3015 3352 3082 contemplationum
3381 3031 3472 3069 ve-

1939 3102 2112 3157 ritatis
2133 3117 2318 3172 capax,
2340 3103 2673 3170 potissimum
2694 3111 2802 3154 tum
2829 3102 2992 3170 probe
3013 3102 3307 3156 aediﬁcatur
3336 3104 3467 3174 (58),

1941 3188 2092 3259 [Deo,
2133 3204 2235 3242 una
2261 3204 2379 3243 cum
2405 3202 2488 3252 eo,
2516 3190 2606 3257 qui
2648 3190 2903 3255 optimum
2947 3190 3470 3256 praestantissimum-

1939 3291 2041 3344 que
2061 3277 2162 3331 hoc
2197 3291 2330 3345 opus
2354 3277 2605 3345 perﬁcere
2627 3276 2920 3339 constituit,
2943 3275 3238 3330 aediﬁcante
3256 3275 3300 3347 :]
3341 3291 3463 3332 cum

1939 3367 2113 3420 anima
2143 3381 2271 3434 pace
2297 3366 2385 3420 illa
2414 3381 2529 3434 qua
2556 3380 2766 3420 onmem
2812 3363 3211 3434 intelligentiam
3241 3380 3466 3434 superat

261 3469 704 3540 ἁλλοτριουμένη
727 3506 742 3531 ,
783 3465 877 3519 καὶ
923 3463 1168 3532 οὐδαμῶς
1224 3462 1623 3532 κυματουμένη.
1659 3461 1836 3514 Ταῦτα

1939 3467 2112 3520 utens,
2127 3470 2330 3511 summa
2353 3456 2734 3524 tranquillitate
2751 3453 2966 3524 potitur,
2991 3458 3058 3512 ab
3073 3456 3218 3510 omni
3244 3457 3468 3511 tumultu

262 3561 330 3630 δή
361 3577 451 3629 μοι
478 3557 734 3612 δοκοῦσιν
757 3555 999 3625 ἀκριϐῶς
1030 3552 1474 3621 κατανενοηκότες
1506 3551 1554 3602 οἰ
1585 3549 1678 3601 τοῦ
1708 3567 1838 3620 προ-

269 3647 503 3717 φητικοῦ
534 3645 851 3714 πνεύματος
881 3641 1172 3710 ὑπηρέται,
1200 3639 1294 3692 καὶ
1341 3641 1388 3692 οἰ
1419 3638 1511 3691 τοῦ
1558 3639 1834 3706 εὐαγγελι-

269 3736 369 3788 κοῦ
422 3735 786 3803 κηρύγματος
842 3730 1074 3782 διάκονοι
1112 3728 1289 3790 ἀξίους
1323 3729 1542 3790 ἑαυτοὺς
1585 3727 1838 3797 παρειλη-

273 3825 429 3892 φέναι
465 3825 561 3876 τοῦ
590 3822 779 3875 λαϐεῖν
814 3820 913 3889 τὴν
951 3822 1008 3872 ὲν
1051 3816 1281 3899 κρυπτῷ.
1319 3818 1537 3888 εἰρήνην
1592 3815 1699 3868 ἀπὸ
1742 3816 1834 3868 τοῦ

272 3915 380 3966 αἰεί
403 3917 514 3975 τοῖς
531 3912 705 3975 ἀξίοις
731 3909 964 3969 διδόντος
985 3906 1167 3976 αὐτὴν,
1187 3905 1279 3957 τοῦ
1300 3906 1571 3976 εἰρηκότος
1591 3921 1605 3936 ο
1639 3923 1656 3954 ι
1677 3905 1836 3973 Εἰρή-

274 4019 372 4070 νην
406 4003 612 4071 ἀφίημι
638 4001 770 4067 ὑμῖν
789 4035 805 4061 ,
837 3997 1057 4065 εἰρήνην
1083 3995 1177 4063 τὴν
1202 3995 1337 4063 ἐμὴν
1367 3993 1552 4061 δίδωμι
1582 3994 1737 4061 ὑμῖνο
1774 3993 1833 4045 οὐ

275 4092 456 4153 καθὼς
483 4094 510 4143 ὁ
537 4091 745 4158 κόσμος
764 4087 974 4138 δίδωσιν
993 4085 1229 4154 εἰρήνην,
1265 4082 1416 4150 κάγὼ
1435 4082 1619 4150 δίδωμι
1638 4081 1779 4150 ὑμῖν.
1810 4100 1828 4132 ι

286 4180 688 4248 Ἐπισκόπησον
750 4177 815 4246 δὴ
875 4176 1083 4244 μήποτε
1145 4173 1379 4226 τοιοῦτόν
1441 4190 1492 4224 τι
1547 4172 1833 4226 αἰνίττεται

274 4272 401 4340 περὶ
429 4271 520 4322 τὺν
552 4265 721 4320 Δαυῒδ
759 4265 853 4317 καὶ
882 4263 1195 4332 Σολομῶντα
1226 4265 1258 4332 ὴ
1293 4262 1417 4332 περί
1442 4259 1532 4314 τοῦ
1557 4261 1682 4314 ναοῦ
1706 4264 1834 4315 ἰστο-

277 4359 386 4428 ρία.
418 4356 583 4409 Δαυῖδ
627 4355 726 4422 μὲν
753 4351 881 4421 γὰρ,
906 4350 1166 4419 πολέμους
1195 4350 1398 4418 Κυρίου
1431 4347 1676 4418 πολεμῶν
1694 4388 1709 4413 ,
1741 4350 1833 4402 καὶ

275 4448 408 4518 πρὸς
464 4445 725 4504 πλείονας
773 4441 1054 4509 ἱστάμενος
1103 4440 1324 4508 ἐχθροὺς
1366 4439 1553 4490 ἑαυτοῦ
1593 4439 1688 4490 καὶ
1738 4438 1832 4491 τοῦ

288 4535 520 4606 Ἰσραὴλ,
548 4532 722 4586 θέλων
751 4528 1094 4597 οἰκοδομῆσαι
1119 4528 1241 4579 ναὸν
1272 4527 1348 4596 τῷ
1374 4525 1489 4595 Θεῷ
1508 4564 1522 4588 ,
1557 4527 1660 4578 ὑπὸ
1698 4527 1831 4581 Θεοῦ

274 4624 360 4676 διὰ
377 4622 468 4675 τοῦ
488 4621 681 4674 Νάθαν
708 4616 995 4678 κωλύεται,
1025 4615 1269 4681 λέγοντος
1296 4613 1428 4683 πρὸς
1451 4613 1638 4664 αύτόνσ
1675 4631 1693 4666 ι
1722 4615 1832 4668 υὺκ

273 4713 647 4781 οἰκοδομήσεις
677 4724 768 4776 μοι
801 4702 943 4757 οἶκον
963 4742 977 4766 ,
1006 4705 1084 4755 ὅτι
1112 4704 1249 4772 ἀνὴρ
1278 4703 1519 4771 αἱμάτων
1559 4702 1642 4753 σύ.
1688 4719 1706 4753 ι
1733 4704 1830 4754 Σο-

1939 3546 2162 3600 liberata
2195 3555 2250 3600 et
2279 3546 2437 3600 nullis
2470 3547 2726 3600 undarum
2777 3548 3027 3615 procellis
3076 3549 3291 3617 agitata.
3343 3549 3468 3605 Hac

1903 3673 1906 3676 .
1939 3631 2100 3700 igitur
2121 3643 2368 3686 accurate
2391 3647 2509 3686 cum
2539 3636 2951 3702 perspexissent,
2970 3644 3024 3688 et
3043 3635 3334 3704 prophetici
3357 3637 3468 3707 spi-

1939 3721 2073 3773 ritus
2106 3719 2422 3787 interpretes
2449 3729 2503 3774 et
2533 3721 2850 3790 evangelica:
2876 3723 3267 3790 prmdicationis
3303 3729 3464 3782 mini-

1938 3809 2032 3862 stri
2061 3847 2077 3873 ,
2117 3809 2247 3862 mihi
2275 3808 2520 3862 videntur
2564 3809 2766 3873 seipsos
2793 3810 2982 3877 dignos
3029 3813 3330 3868 exhibuisse
3374 3817 3463 3883 qui

1938 3896 2240 3964 acciperent
2273 3910 2456 3962 pacem
2493 3895 2806 3950 interiorem
2834 3898 2902 3952 ab
2936 3913 3000 3952 eo
3028 3900 3119 3967 qui
3151 3916 3268 3955 eam
3291 3902 3464 3968 dignis

1937 3998 2146 4052 semper
2168 3984 2406 4048 exhibet,
2435 3985 2631 4053 quique
2658 3985 2789 4039 dixit
2811 3986 2880 4017 ⁹⁶¹
2904 4003 2919 4041 :
2961 4004 2980 4038 ι
3008 3985 3196 4042 Pacem
3223 3990 3464 4060 relinquo

1937 4073 2104 4137 vobis,
2139 4085 2318 4139 pacem
2349 4086 2519 4126 meum
2549 4072 2616 4125 do
2645 4072 2829 4126 vobis:
2882 4088 2985 4126 non
3014 4075 3276 4142 quomodo
3311 4091 3463 4130 mun-

1938 4163 2034 4214 dus
2059 4161 2147 4214 dat
2169 4174 2352 4228 pacem
2379 4197 2394 4224 ,
2430 4173 2530 4225 ego
2560 4159 2627 4212 do
2661 4159 2810 4213 vobis
2839 4175 3045 4228 pacem.
3078 4179 3098 4212 ι
3127 4161 3353 4216 Proinde
3381 4163 3464 4217 in-

1935 4250 2080 4319 spice
2113 4265 2238 4302 num
2282 4251 2494 4318 quando
2535 4247 2637 4302 tale
2665 4249 2788 4317 quid
2828 4249 3018 4305 innuat
3061 4251 3279 4307 historia
3311 4253 3466 4309 Davi-

1936 4340 2018 4394 dis
2043 4348 2095 4393 et
2119 4338 2421 4394 Salomonis
2447 4338 2514 4392 de
2546 4339 2760 4407 templo.
2797 4338 2959 4394 David
2989 4341 3248 4409 siquidem
3281 4343 3462 4398 hostes

1937 4426 2148 4482 Domini
2180 4425 2474 4487 debellans,
2509 4433 2565 4480 et
2594 4434 2780 4479 contra
2826 4427 3004 4492 plures
3034 4428 3239 4483 instans
3266 4429 3344 4485 sui
3380 4431 3461 4499 ip-

1934 4515 2046 4572 sius
2091 4524 2144 4570 et
2169 4514 2378 4568 lsraelis
2405 4514 2669 4580 inimicos,
2701 4513 2882 4569 volens
2907 4514 3172 4571 aediﬁcare
3205 4519 3460 4587 templum

1936 4609 2066 4671 Deo,
2111 4621 2141 4660 a
2185 4607 2290 4659 Deo
2315 4618 2410 4674 per
2441 4603 2648 4658 Nathan
2676 4603 2990 4672 prohibetur
3018 4605 3262 4659 dicente:
3299 4623 3318 4656 ι
3345 4604 3458 4660 Non

1933 4693 2216 4750 aediﬁcabis
2232 4693 2358 4746 mihi
2379 4692 2612 4755 domum,
2628 4691 2751 4761 quia
2767 4692 3174 4762 virsanguinum
3191 4707 3250 4747 es
3267 4701 3320 4747 tu
3334 4695 3422 4745 ’τί
3434 4710 3454 4744 ι

274 4777 537 4869 λομὼννδε
565 4797 702 4865 ὄναρ
733 4795 824 4845 τὸν
867 4791 996 4844 Θεὸν
1036 4789 1185 4852 ἰδὼν,
1231 4790 1323 4841 καὶ
1352 4789 1481 4859 ὄναρ
1514 4788 1610 4857 τὴν
1645 4790 1834 4857 σοφίαν

1939 4784 2182 4839 Salomon
2208 4789 2383 4835 autem
2407 4819 2424 4846 ,
2458 4780 2547 4848 qui
2583 4779 2746 4834 Deum
2794 4794 2890 4848 per
2937 4780 3202 4834 somnium
3238 4793 3462 4846 conspe-

273 4889 484 4950 λαϐὼν,
538 4885 812 4955 (ἐτηρεῖτο
843 4881 949 4951 γὰρ
997 4879 1057 4931 τὸ
1088 4877 1236 4947 ῦπαρ
1264 4876 1340 4946 τῷ
1363 4877 1596 4945 λέγοντι·
1633 4896 1652 4926 ι
1702 4877 1830 4930 Ἰδοὺ

270 4981 454 5032 πλεῖον
489 4973 840 5044 Σολομῶντος
864 4966 964 5024 ὧδε
984 4986 997 4998 ·
1013 4972 1060 5040 ι)
1084 4974 1141 5023 ὲν
1169 4971 1432 5040 βαθυτάτῃ
1455 4969 1737 5036 γενόμενος
1764 4973 1833 5023 ει-

273 5070 431 5138 ρήνῃ,
475 5065 555 5126 ὡς
596 5059 966 5116 ἀναπαύεσθαι
1010 5059 1128 5110 τότε
1168 5057 1391 5110 ἕκαστον
1437 5057 1688 5108 ὑποκάτω
1733 5059 1830 5127 τῆς

269 5157 522 5227 ἀμπέλου
548 5151 716 5208 αὑτοῦ
735 5189 751 5214 ,
778 5149 871 5204 καὶ
899 5147 1153 5202 ὑποκάτω
1183 5144 1281 5212 τῆς
1314 5145 1481 5213 συκῆς
1512 5143 1670 5223 αὐτοῦ
1691 5184 1704 5207 ,
1739 5148 1830 5198 καὶ

336 5297 408 5328 ⁹⁶⁶
435 5293 600 5347 Joan.
622 5305 736 5350 xlv,
755 5288 845 5344 27.

263 5365 366 5428 $2;
401 5362 541 5415 Luc.
579 5373 654 5423 XI,
686 5358 775 5411 51.

941 5286 1010 5315 πο
1037 5282 1056 5335 ι
1082 5279 1264 5334 para].
1300 5294 1431 5344 χχιι,
1460 5278 1516 5343 8,
1546 5279 1609 5344 9;
1643 5296 1834 5348 xxvm,
1854 5282 1908 5337 5.

1935 4873 2115 4936 xit’°‘,
2139 4872 2335 4942 quique
2350 4870 2508 4927 etiam
2526 4870 2833 4939 sapientiam
2851 4884 2945 4937 per
2959 4868 3219 4923 somnium
3243 4869 3458 4935 cepit'”

1937 4964 2271 5033 (servabatur
2295 4961 2436 5015 enim
2466 4973 2647 5013 revera
2675 4959 2901 5011 dicenti:
2951 4973 2970 5008 ι
2995 4955 3132 5009 Ecce
3158 4955 3276 5022 plus
3301 4971 3458 5022 quam

1935 5053 2179 5108 Salomon
2203 5051 2300 5105 hoc
2326 5050 2377 5103 in
2401 5049 2518 5103 luco
2541 5048 2560 5079 ί
2585 5047 2629 5115 ι)
2656 5047 2708 5098 in
2750 5044 3000 5098 altissima
3021 5055 3152 5109 pace
3172 5043 3460 5109 exsistens,

1935 5149 2007 5199 ita
2034 5153 2090 5197 ut
2115 5139 2476 5207 unusquisque
2509 5136 2604 5190 sub
2633 5149 2727 5188 sua
2754 5133 2882 5199 vite,
2909 5141 2963 5186 et
2985 5131 3085 5186 sub
3118 5143 3212 5184 sua
3243 5130 3346 5182 ﬁcu
3380 5146 3466 5185 re-

2021 5283 2084 5315 ⁹⁸⁶
2104 5280 2146 5333 ll
2164 5274 2335 5333 Paral.
2357 5287 2397 5338 t,
2422 5270 2476 5324 7.
2548 5270 2617 5303 η·
2647 5267 2772 5324 ibid.
2811 5265 2895 5334 10,
2924 5265 3007 5320 12.
3102 5261 3119 5292 ⁸
3146 5257 3335 5312 Matth.
3366 5271 3470 5324 ιιι.

340 5497 458 5565 (58)
497 5493 619 5548 llaec
647 5506 677 5546 ιι
705 5485 956 5545 Ferrario
985 5475 1376 5553 praetermissa,
1407 5490 1472 5532 ex
1507 5477 1950 5544 interpretatione
1976 5478 2204 5537 Pcrionii
2229 5473 2605 5546 supple’vimus.
