3880 6232
453 269 554 321 M5

1900 253 2059 308 ORIG
2067 252 2146 306 EN
2154 252 2213 307 IS
3513 248 3598 302 9οι

445 380 733 443 exsistens,
762 379 917 433 docet
938 390 1034 431 nos
1060 374 1321 427 Abraham
1348 372 1668 433 exsultasse,
1701 378 1761 423 ιιι
1791 368 1992 423 videret

2100 368 2399 431 ἀποστόλοις
2425 368 2744 439 διηγήσατο·
2786 370 2839 421 εἴ
2862 385 2923 436 γε
2954 368 3081 439 πρὶν
3122 366 3367 437 Ἀϐραὰμ
3390 366 3600 433 γενέσθαι

449 470 586 520 diem
619 468 785 536 ipsius
833 468 1178 535 gavisutnqne
1228 464 1390 516 fuisse
1423 462 1484 514 ¹⁸.
1521 460 1657 524 Quin
1687 458 1828 526 quod
1862 457 1936 509 ait
1969 473 1983 508 :

458 576 475 607 ι
529 559 602 611 Ex
649 556 977 624 plenitudine
1018 556 1186 623 ipsius
1214 567 1310 607 nos
1340 565 1524 605 omnes
1552 548 1852 617 accepimus
1875 586 1891 611 ,
1933 553 1988 598 et

453 649 676 717 gratiam
705 661 800 714 pro
826 646 995 714 gratia
1017 645 1081 709 “,
1119 662 1138 695 ι
1178 655 1235 696 ιιι
1266 644 1316 695 in
1345 640 1706 710 superioribus
1735 637 1986 699 diximus,

453 737 633 807 arguit
664 736 951 804 prophetas
993 735 1155 786 etiam
1205 748 1270 786 ex
1300 730 1499 784 Christi
1532 728 1862 798 plenitudine
1890 725 1986 777 do-

454 842 578 880 num
626 826 865 892 cepisse,
896 826 1227 891 gratiamque
1264 820 1550 874 secundam
1579 831 1674 886 pro
1701 816 1870 883 prima
1896 826 1990 866 eos

450 916 781 985 sumpsisse:
813 922 1166 984 pervenerunt
1201 911 1340 965 enim
1384 919 1437 963 et
1469 908 1539 961 illi
1574 922 1602 958 a
1647 906 1847 972 Spiritu
1879 918 1991 953 ma-

452 1007 692 1071 nnducti,
726 1015 1003 1075 postquam
1034 1002 1323 1057 introducti
1360 1000 1601 1060 fuissent,
1640 1006 1799 1064 atque
1834 1007 1994 1047 exer-

449 1098 543 1153 citi
589 1101 641 1154 in
695 1098 911 1164 ﬁguris,
981 1097 1045 1148 ad
1095 1093 1336 1147 veritatis
1383 1092 1664 1145 visionem.
1729 1087 1989 1152 Quocirca

451 1204 556 1242 non
584 1200 770 1242 omnes
809 1203 827 1235 ι
864 1184 1135 1252 pr0pheta:
1161 1219 1176 1242 ,
1206 1181 1296 1235 sed
1328 1179 1479 1232 multi
1512 1176 1885 1231 desiderarunt
1914 1172 1992 1226 vi-

451 1277 602 1337 dere,
634 1288 751 1343 qua:
788 1290 806 1322 ι
840 1272 1067 1341 apostoli
1095 1270 1344 1323 viderunt
1376 1268 1440 1320 ¹⁸.
1470 1265 1599 1319 Nam
1628 1266 1670 1317 si
1707 1263 1984 1331 propheta-

451 1382 569 1422 rum
602 1374 717 1417 erat
746 1360 1067 1422 diﬁ'crenlia,
1097 1357 1319 1426 perfecti
1347 1366 1399 1410 et
1430 1362 1744 1425 praestantes
1771 1366 1871 1405 ηοιι
1899 1353 1993 1404 de-

450 1456 760 1509 sidcrarunt
788 1451 967 1504 videre
996 1463 1116 1516 quite
1156 1447 1403 1499 viderunt
1445 1441 1669 1511 apostoli
1697 1458 1711 1505 ;
1746 1440 1993 1492 viderunt

451 1546 591 1599 enim
640 1543 773 1608 ipsa.
824 1539 923 1604 Qui
973 1551 1101 1591 vero
1147 1550 1249 1589 non
1300 1549 1448 1601 aeque
1482 1541 1643 1600 atque
1671 1530 1722 1583 hi
1759 1527 1991 1582 assecuti

450 1640 595 1695 sunt,
635 1641 695 1683 ut
725 1632 789 1683 ad
818 1627 1145 1681 altitudinem
1194 1623 1457 1678 sermonis
1494 1619 1866 1680 ascenderint,
1898 1631 1990 1684 ap-

452 1723 753 1792 petiverunt
802 1733 862 1773 ea
889 1732 1007 1785 quan
1036 1714 1261 1782 apostoli
1295 1728 1389 1779 per
1430 1710 1701 1765 Christum
1730 1720 1995 1776 cognove-
2025 1688 2065 1740 Β

453 1822 597 1866 runt.
656 1809 788 1863 Nam
840 1808 964 1860 illud
1018 1805 1194 1858 videre
1241 1819 1343 1856 non
1395 1799 1744 1868 corporaliter
1794 1799 1993 1851 dictmn

453 1905 620 1959 fuisse
645 1898 978 1970 interpretati
1007 1912 1192 1950 sumus
1214 1933 1227 1957 ,
1276 1890 1719 1960 quemadmodum
1746 1890 1906 1942 etiam
1933 1887 1996 1941 il-

453 1996 543 2049 lud
595 1994 779 2047 audire
837 1987 1184 2058 spiritualiter
1243 1983 1510 2053 prolatum
1566 1980 1923 2033 intelleximus
1979 1995 1991 2028 :

453 2087 652 2155 quippe
683 2097 801 2137 cum
845 2082 889 2134 is
915 2079 1063 2134 solus
1092 2090 1251 2130 aures
1300 2074 1569 2143 possideat
1602 2073 1691 2140 qui
1734 2086 1826 2125 eas
1858 2085 1995 2139 pra:-

451 2172 730 2243 paraverit
777 2170 843 2222 ad
883 2165 1204 2220 audiendum
1253 2177 1530 2217 sermones
1556 2160 1680 2214 Jesu
1713 2176 1728 2212 :
1764 2174 1885 2228 quae
1914 2171 1996 2211 res

451 2265 592 2319 haud
621 2264 690 2316 ita
726 2260 1035 2327 frequenter
1067 2254 1321 2322 obtingit.
1348 2251 1464 2305 Jam
1497 2265 1623 2305 vero
1652 2260 1869 2304 sanctos
1893 2263 1997 2301 cre-

457 2354 590 2408 teris
622 2347 964 2405 credentibus
995 2346 1254 2399 habentes
1299 2343 1417 2408 plus
1456 2341 1726 2409 quidpiam
1753 2379 1769 2403 ,
1805 2338 1996 2392 divini-

455 2441 582 2495 tatis
611 2437 863 2508 mysteria
898 2446 1024 2488 ante
1069 2432 1403 2502 corporalem
1435 2429 1563 2485 Jesu
1591 2431 1877 2484 adventum
1910 2429 1992 2479 in-

456 2527 749 2588 tellexisse,
802 2523 895 2578 Dei
946 2522 1209 2576 Sermone
1252 2534 1345 2573 eos
1376 2521 1632 2573 edocente
1661 2518 1820 2571 etiam
1850 2524 1997 2569 aute-

455 2631 615 2684 quam
655 2628 781 2668 caro
811 2614 964 2666 ﬁeret
1008 2620 1152 2678 (nam
1180 2622 1392 2676 semper
1433 2614 1686 2674 aperatur
1710 2645 1725 2671 ,
1758 2604 1997 2658 imitator

446 2705 630 2759 Patris
658 2718 777 2757 cum
810 2703 922 2766 sit,
950 2701 1015 2754 de
1042 2713 1149 2767 quo
1185 2699 1315 2751 dicit
1342 2714 1356 2750 :
1393 2716 1412 2748 ι
1447 2698 1607 2751 Pater
1639 2711 1788 2749 meus
1832 2708 1998 2761 usque

446 2793 614 2846 modo
639 2799 896 2858 operatur
920 2789 964 2820 “
999 2789 1068 2856 ι),
1101 2788 1446 2843 considerare
1477 2787 1602 2840 licet
1627 2800 1693 2839 ex
1722 2785 1807 2839 bis
1838 2784 1997 2838 etiam

447 2882 825 2944 dictionibus,-
875 2879 963 2933 ubi
1000 2878 1306 2933 Sadducmis
1354 2894 1457 2934 non
1490 2876 1835 2932 credentibus
1883 2884 2001 2927 ser-‘-

2089 457 2162 510 ὣν
2188 458 2426 510 διδάσκει
2458 459 2600 527 ἡμᾶς
2633 459 2721 510 τὸν
2763 457 3011 528 Ἀϐραὰμ
3036 456 3410 526 ἡγαλλιᾶσθαι,
3435 455 3510 508 ἵνα
3535 454 3603 526 ἴδῃ

2092 547 2188 617 τὴν
2220 548 2428 618 ἡμέραν
2456 547 2638 608 αὑτοῦ,
2688 549 2780 600 καὶ
2813 549 2870 599 ἐν
2900 549 3044 617 χαρᾷ
3076 546 3376 614 γεγονέναι.
3426 544 3518 597 Καὶ
3553 546 3603 596 τὸ

2096 656 2113 686 ι
2138 640 2230 690 Ἐκ
2258 639 2350 691 τοῦ
2371 638 2733 708 πληρώματος
2749 637 2910 690 αὑτοῦ
2924 641 3081 707 ἡμεῖς
3102 638 3304 698 πάντες
3330 634 3604 703 ἐλάϐομεν,›

2090 728 2182 778 καὶ
2206 727 2286 790 τὸ,
2326 746 2343 777 ι
2375 727 2529 796 χάριν
2554 728 2673 779 ἀντί
2701 728 2936 796 χάριτος.
2963 746 2980 777 ι
3000 725 3075 788 ὼς
3103 728 3160 779 ὲν
3180 729 3294 787 τοῖς
3326 724 3423 795 πρὸ
3439 724 3609 776 τούτων

2089 818 2411 886 εἰρήκαμεν,
2444 816 2590 886 δηλοί
2622 819 2713 869 καὶ
2742 819 2865 880 τοὺς
2894 820 3176 887 προφήτας
3213 816 3325 869 ἀπὸ
3365 813 3450 867 τοῦ
3495 814 3613 883 πλη-

2094 908 2338 977 ριῦματος
2367 907 2599 977 Χριστοῦ
2633 908 2730 978 τὴν
2762 908 2967 978 δωρεάν
2998 908 3395 979 κεχωρηκέναι,
3425 907 3509 957 καὶ
3532 905 3614 975 τὴν

2089 1000 2337 1069 δευτέραν
2363 1000 2520 1069 χάριν
2548 1000 2666 1052 ἀντὶ
2687 999 2785 1068 τῆς
2816 1000 3085 1069 προτέρας
3114 1000 3317 1061 αὐτοὺς
3338 997 3588 1067 εἰληφέναι
3607 1014 3618 1027 '

2091 1090 2414 1157 ὲφθάκεισαν
2445 1090 2552 1160 γὰρ
2584 1090 2820 1141 κάκεῖνοι
2854 1089 2956 1141 ὑπὸ
2983 1089 3073 1142 τοῦ
3105 1089 3418 1158 Πνεύματος
3464 1105 3624 1158 χειρα-

2091 1178 2420 1248 γωγούμενοι
2451 1219 2465 1242 ,
2518 1179 2653 1248 μετά
2695 1178 2790 1249 τὴν
2823 1179 2880 1229 ἐν
2918 1181 3027 1242 τοῖς
3061 1178 3254 1241 τύποις
3307 1178 3588 1247 εἰσαγωγὴν
3614 1216 3627 1239 ,

2092 1268 2183 1321 ἐπὶ
2211 1268 2305 1338 τὴν
2339 1269 2436 1336 τῆς
2486 1269 2740 1340 ἀληθείας
2778 1270 2923 1322 θέαν.
2981 1269 3180 1338 Διόπερ
3220 1269 3284 1320 ού
3324 1267 3511 1330 πάντες
3544 1286 3562 1319 ι
3588 1271 3631 1321 οἱ

2092 1358 2380 1427 προφῆται,
2409 1357 2541 1411 ἀλλὰ
2574 1358 2754 1411 πολλοὶ
2782 1359 3130 1428 ἐπεθύμησαν
3170 1358 3302 1410 ἰδεῖν
3325 1354 3359 1407 ἀ
3389 1375 3407 1408 ι
3437 1358 3483 1409 οἱ
3513 1358 3636 1410 ἀπό-

2097 1447 2271 1499 στολοι
2311 1446 2551 1501 ἔϐλεπον.
2604 1449 2665 1499 Εἰ
2698 1448 2806 1517 γὰρ
2852 1444 2919 1518 ἦν
2958 1448 3252 1519 προφητῶν
3296 1450 3551 1520 διαφορὰ,
3596 1452 3639 1501 οἱ

2093 1541 2489 1610 τετελειωμένοι
2519 1541 2609 1592 καὶ
2641 1541 2984 1610 διαφέροντες
3014 1541 3113 1593 οὐκ
3146 1541 3499 1612 ἐπεθύμησαν
3530 1542 3646 1595 ἰδεῖν

2092 1627 2127 1681 ἂ
2159 1624 2295 1681 είδον
2335 1631 2384 1681 oi
2427 1629 2737 1682 ἀπόστολοι·
2796 1630 3173 1699 τεθεωρήκασι
3222 1632 3337 1700 γὰρ
3387 1633 3540 1685 αὑτά.
3590 1635 3646 1685 0i

2093 1715 2150 1768 δὲ
2182 1717 2253 1786 μὴ
2286 1716 2587 1784 φθάσαντες
2638 1719 2835 1788 ὁμοίως
2869 1719 3073 1781 τούτοις
3118 1722 3201 1780 είς
3242 1720 3306 1771 τὸ
3356 1719 3484 1789 ὕψος
3534 1722 3656 1774 ἀνα-

2095 1807 2253 1876 ϐῆναι
2284 1807 2375 1860 τοῦ
2405 1807 2582 1877 λόγου,
2612 1810 2668 1861 ἐν
2692 1809 2866 1879 ὀρέξει
2894 1810 3148 1877 γεγόνασι
3163 1810 3275 1862 τῶν
3296 1813 3409 1873 τοῖς
3435 1811 3656 1863 ἀποστό-

2093 1895 2203 1958 λοις
2230 1896 2316 1949 διὰ
2345 1898 2578 1968 Χριστοῦ
2609 1898 2983 1968 ἐγνωσμένων.
3027 1899 3100 1950 Τὸ
3156 1898 3268 1968 γὰρ
3320 1898 3469 1951 ίδεῖν
3500 1901 3657 1968 ἡμεῖς

2093 1987 2151 2038 οὺ
2182 1987 2499 2055 σωματικῶς
2544 1987 2791 2057 είρῆσθαι
2834 1987 3221 2058 ἐξειλήφαμεν,
3262 1989 3359 2041 καὶ
3390 1989 3451 2041 τὸ
3484 1989 3663 2042 ἀκοῦ-

2095 2090 2199 2128 σαι
2242 2076 2618 2144 πνευματικῶς
2644 2077 3114 2145 ἀπαγγελλόμενον
3154 2079 3522 2148 νενοήκαμεν,
3571 2079 3667 2148 μό·

2095 2180 2183 2217 νου
2215 2164 2308 2217 τοῦ
2339 2159 2453 2218 ὦτα
2497 2166 2834 2235 κτησαμένου
2886 2165 3101 2218 ἀκούειν
3145 2169 3670 2239 παρεσκευασμένου

2093 2255 2199 2306 τῶν
2227 2254 2397 2322 λόγων
2428 2254 2520 2307 τοῦ
2546 2255 2715 2325 Ἰησοῦ
2737 2272 2750 2286 ·
2778 2256 2914 2325 ὅπερ
2941 2257 3002 2308 ού
3025 2257 3166 2308 πάνυ
3193 2257 3412 2328 ἀθρόως
3441 2260 3671 2327 γίνεται.

2100 2342 2220 2393 Ἔτι
2261 2341 2318 2393 δὲ
2364 2342 2489 2412 περὶ
2542 2342 2635 2394 τοῦ
2671 2342 2798 2405 τοὺς
2830 2344 2936 2411 πρὸ
2981 2343 3083 2412 τῆς
3126 2347 3456 2414 σωματικῆς
3490 2349 3680 2416 ἐπιδη-

2100 2432 2227 2500 μίας
2278 2431 2369 2483 τοῦ
2413 2431 2586 2502 Ἰησοῦ
2634 2432 2863 2498 ἁγίους,
2896 2432 3058 2485 πλέον
3088 2451 3141 2485 τι
3169 2435 3281 2487 τῶν
3314 2436 3531 2489 πολλῶν
3570 2438 3679 2490 τῶν

2097 2521 2453 2573 πιστευόντων
2506 2522 2806 2591 ἐσχηκότας
2833 2561 2848 2585 ,
2892 2522 2962 2575 τά
3000 2524 3100 2592 τῆς
3145 2525 3429 2594 θειότητος
3472 2531 3688 2598 μυστή-

2100 2629 2187 2681 ρια
2217 2613 2686 2682 κατανενοηκέναι,
2716 2613 2809 2665 τοῦ
2837 2614 3009 2680 Λόγου
3044 2614 3135 2668 τοῦ
3166 2617 3303 2669 Θεοῦ
3332 2619 3690 2684 διδάσκοντος

2097 2701 2309 2764 αὐτοὺς,
2350 2703 2442 2754 καὶ
2481 2703 2607 2772 πρὶν
2647 2703 2867 2774 γένηται
2919 2703 3056 2774 σάρξ
3100 2705 3216 2771 (ἀεὶ
3244 2706 3357 2778 γὰρ
3388 2710 3692 2779 εἰργάξετο

2101 2790 2343 2859 μιμητὴς
2368 2790 2462 2843 τοῦ
2487 2792 2692 2860 Πατρὸς
2720 2791 2815 2855 ὢν,
2855 2793 2981 2862 περὶ
3009 2786 3071 2845 οὗ
3103 2794 3254 2862 λέγει
3274 2812 3287 2826 ο
3331 2815 3350 2847 ι
3397 2798 3462 2850 '0
3496 2801 3692 2870 Πατήρ

2101 2884 2201 2947 μου
2269 2880 2372 2941 ἓως
2438 2880 2561 2951 άρτι
2612 2880 2901 2952 ἐργάζεται
2948 2884 3030 2953 ι),
3049 2884 3196 2939 ἔστιν
3250 2888 3691 2957 ἀπολογίσασθαι

446 2970 604 3025 moui
661 2970 727 3023 de
780 2967 1175 3021 resurrectione
1229 2967 1399 3034 inquit
1433 2964 1474 2996 "
1512 2982 1527 3018 ι
1564 2983 1581 3015 ι
1621 2963 1737 3016 Non
1796 2961 1997 3029 legistis

2100 2968 2192 3019 mi.
2240 2966 2344 3020 ἀπὸ
2388 2969 2589 3022 τούτων
2625 2970 2732 3021 τῶν
2774 2970 2997 3034 λέξεωνο
3034 2975 3169 3043 φησί
3209 2993 3314 3029 που
3372 2980 3522 3049 πρὸς
3571 2983 3692 3042 τοὺς

457 3061 599 3130 quod
628 3060 768 3114 Deus
799 3058 850 3113 in
880 3058 1010 3111 rubo
1036 3055 1172 3110 dixit
1202 3071 1215 3107 :
1250 3058 1358 3125 Ego
1386 3070 1502 3110 sum
1534 3054 1673 3108 Deus
1700 3052 1999 3113 Abraham,

448 3153 599 3209 ‘Deus
626 3153 772 3208 Isaac
823 3160 877 3205 et
906 3152 1044 3206 Deus
1067 3149 1275 3204 Iacob?
1307 3151 1443 3202 Deus
1470 3162 1595 3201 vero
1623 3161 1726 3201 non
1754 3154 1839 3198 est
1861 3157 2003 3195 mor-

456 3254 693 3306 tuorum,
733 3242 825 3297 sed
856 3242 1169 3299 viventium.
1211 3258 1229 3289 ι
1267 3239 1324 3292 Si
1354 3238 1516 3305 igitur
1555 3235 1720 3290 Deum
1770 3248 1872 3286 non
1905 3247 2001 3300 pu-

456 3334 550 3388 det
573 3333 809 3385 virorum
843 3332 1029 3384 horum
1059 3330 1235 3383 vocari
1268 3329 1458 3391 Deum,
1508 3326 1670 3395 hique
1720 3325 1817 3377 viri
1863 3324 2002 3375 inter

460 3422 703 3475 viventes
737 3436 770 3474 a
798 3419 907 3472 Deo
946 3428 1316 3481 numerantur,
1348 3416 1549 3484 ﬁliique
1575 3414 1848 3467 Abraham
1878 3418 2003 3464 sunt

459 3525 650 3566 omnes
693 3511 972 3565 credentes
1001 3508 1044 3538 ⁸⁸
1070 3505 1524 3578 (quandoquidem
1572 3503 1625 3555 in
1659 3502 1797 3554 ﬁdeli
1827 3500 2002 3552 Abra-

460 3599 608 3664 ham,
638 3598 730 3667 qui
770 3596 978 3665 positus
1004 3605 1086 3650 est
1111 3604 1263 3661 pater
1298 3592 1535 3662 gentium
1563 3605 1591 3642 a
1620 3589 1751 3652 Deo,
1782 3586 2004 3641 benedi-

462 3701 660 3746 cuntur
699 3703 887 3745 omues
914 3696 1100 3757 gentes
1136 3685 1200 3754 ιθ)
1233 3683 1554 3752 ambigimus
1597 3680 1881 3734 admittere
1927 3677 2005 3729 vi-

464 3792 647 3836 ventes
694 3779 979 3833 viventium
1029 3776 1311 3846 agnovisse
1363 3772 1716 3841 disciplinas,
1766 3768 1923 3836 idque
1970 3781 2000 3819 a

463 3872 685 3927 Christo
735 3871 951 3924 edoctos
1003 3877 1128 3921 ante
1172 3864 1480 3920 Luciferum
1528 3862 1708 3930 genito
1733 3860 1777 3891 ²⁰
1805 3898 1821 3923 ,
1855 3864 2005 3912 ante-

465 3975 622 4029 quam
652 3974 780 4015 caro
812 3957 1005 4013 ﬁeret?
1053 3957 1317 4009 Caeterum
1347 3954 1415 4006 ob
1460 3966 1577 4004 eam
1605 3963 1817 4004 causam
1857 3949 1999 4001 vive-

464 4052 640 4116 bant,
704 4048 861 4119 105
907 4047 1161 4114 quoniam
1225 4041 1619 4111 participabant
1671 4040 1933 4092 dicentem
1987 4053 2001 4088 :

472 4158 495 4194 ι
545 4140 655 4208 Ego
682 4154 799 4192 sum
825 4138 932 4190 vita
957 4137 1025 4196 ³⁸,
1056 4153 1084 4184 ν»
1118 4142 1178 4186 et
1222 4130 1589 4199 percipiebant
1614 4126 2003 4195 apparitionem

470 4243 578 4284 non
606 4228 763 4281 modo
788 4224 1124 4295 angelorum,
1155 4220 1246 4274 sed
1279 4219 1441 4270 etiam
1472 4216 1562 4269 Dei
1592 4229 1686 4282 per
1714 4214 2002 4275 Christum,

2102 3059 2487 3121 Σαδδουκαίους
2529 3060 2887 3126 ἀπιστοῦντας
2922 3063 3002 3133 τῷ
3037 3067 3164 3135 περὶ
3198 3068 3581 3137 ἀναστάσεως
3615 3075 3692 3126 λό·

2101 3166 2182 3219 γῳ
2205 3166 2218 3179 ο
2259 3167 2277 3199 ι
2306 3150 2418 3201 Οὐκ
2448 3150 2712 3216 ἀνέγνωτε
2744 3152 2805 3204 τὸ
2834 3154 2997 3221 ρηθέν
3045 3156 3139 3207 ἐπὶ
3191 3157 3292 3226 τῆς
3352 3160 3537 3229 βάτου
3601 3164 3692 3216 ύπί

2100 3237 2193 3290 τοῦ
2224 3238 2357 3290 Θεοῦ
2384 3256 2395 3266 ·
2440 3237 2577 3306 Ἐγὼ
2618 3239 2749 3303 Θεὸς
2789 3242 3075 3314 Ἀϐραὰμ,
3126 3247 3222 3299 καὶ
3270 3248 3414 3312 Θεὸς
3463 3252 3680 3305 Ἰσαὰκ

2103 3329 2197 3381 καὶ
2229 3328 2360 3391 Θεὸς
2403 3328 2633 3392 Ἰακώ6;
2680 3329 2812 3393 Θεὸς
2861 3332 2916 3385 δὲ
2963 3335 3064 3386 οὐκ
3114 3335 3228 3387 ἔστι
3268 3339 3532 3409 νεκρῶν,
3571 3343 3691 3394 ἀλλ

2103 3417 2335 3481 ζώντων.
2364 3437 2382 3468 ι
2427 3420 2488 3470 Ei
2527 3419 2702 3472 τοίνυν
2732 3421 2760 3470 ὁ
2792 3421 2923 3484 Θεὸς
2969 3424 3070 3476 οὐκ
3118 3427 3536 3495 ἐπαισχύνεται
3582 3433 3692 3485 Bst

2101 3506 2208 3559 τῶν
2244 3507 2449 3577 ἀνδρῶν
2486 3508 2686 3561 τούτων
2737 3510 3018 3563 καλεῖσθαι
3045 3552 3059 3575 ,
3109 3515 3205 3567 καὶ
3257 3518 3317 3567 ἐν
3360 3516 3560 3579 ζῶσιν
3616 3523 3692 3573 ὑπ

2103 3596 2336 3665 Χριστοῦ
2367 3596 2867 3667 καταριθμοῦνται,
2906 3601 3013 3653 υἱοί
3041 3619 3099 3654 τε
3128 3603 3220 3655 τοῦ
3260 3604 3554 3677 Ἀϐραὰμ
3586 3612 3692 3663 πόιε

2101 3700 2191 3747 τες
2254 3685 2388 3738 είσὶν
2437 3687 2484 3738 οἱ
2539 3687 2885 3751 πιστεύοντες
2934 3677 3081 3758 (ἐπεὶ
3137 3692 3591 3758 ἐνευλογοῦνται
3656 3717 3692 3751 τ

2105 3773 2276 3844 πιστῷ
2320 3774 2566 3845 Ἀϐραὰμ
2604 3777 2780 3830 πάντα
2812 3780 2881 3832 τὰ
2913 3779 3060 3850 ἔθνη,
3111 3781 3278 3850 πατρὶ
3329 3783 3460 3835 τῶν
3536 3786 3692 3840 ἐθνῦ

2105 3865 2208 3918 ὑπὸ
2238 3865 2330 3918 τοῦ
2352 3864 2484 3917 Θεοῦ
2512 3867 2827 3938 τεθειμένῳ)
2845 3907 2859 3930 ,
2916 3869 3231 3939 διστάζομεν
3262 3888 3339 3922 πα
3351 3874 3691 3942 ραδέξατθη

2105 3956 2395 4021 ἐγνωκέναι
2424 3956 2549 4017 τοὺς
2579 3955 2786 4020 ζῶντας
2819 3959 2888 4011 τά
2933 3960 3040 4011 τῶν
3078 3958 3293 4024 ζώντων
3330 3964 3692 4036 μαθήματα

2109 4044 2535 4115 μαθητευθέντας
2586 4047 2805 4117 Χριστῷ
2850 4048 2926 4117 τῷ
2971 4050 3075 4119 πρὸ
3125 4051 3420 4118 ἑωσφόρον
3477 4072 3692 4124 γεγεν

2109 4132 2251 4202 μένῳ
2296 4135 2421 4200 πρὶν
2453 4132 2675 4213 γένηται
2715 4134 2885 4206 σάρξ;
2939 4137 3038 4189 Διά
3065 4137 3220 4189 τοῦτο
3252 4137 3309 4191 δὲ
3347 4139 3527 4203 ἔζων
3551 4183 3573 4205 ς
3625 4149 3692 4199 ἐτ

2111 4223 2348 4289 μετεῖχον
2383 4220 2476 4273 τοῦ
2516 4222 2792 4287 εἰπόντος,
2846 4241 2864 4274 ‹
2914 4222 3056 4291 Ἐγώ
3096 4227 3210 4294 εἰμι
3244 4227 3277 4294 ἡ
3314 4227 3461 4300 ζωὴ
3496 4271 3515 4296 ,
3571 4252 3595 4282 ι
3672 4254 3692 4287 a

472 4328 723 4385 tanquam
751 4321 1017 4366 tantarum
1055 4305 1464 4378 promissionum
1496 4303 1732 4356 hazredes
1759 4318 1774 4354 :
1806 4309 1860 4354 et
1898 4299 1997 4352 for-

2111 4311 2345 4383 ἐχὼρουν
2387 4312 2462 4375 ὼς
2511 4313 2842 4383 τηλικούτων
2897 4315 3222 4386 κληρονόμοι
3298 4299 3692 4390 ἐπαγγελιᾶ

470 4419 609 4460 tasse
631 4404 873 4458 videntes
904 4399 1189 4466 imaginem
1237 4391 1520 4450 invisibilis
1549 4390 1643 4445 Dei
1672 4390 1717 4421 ³³
1743 4390 2009 4459 (quando-

468 4496 683 4563 quidem
714 4491 807 4560 qui
837 4488 971 4543 vidit
994 4475 1190 4541 Filium
1216 4524 1231 4548 ,
1264 4483 1399 4537 vidit
1425 4490 1483 4537 et
1528 4481 1739 4536 Patrem
1768 4481 1835 4551 “)
1882 4496 2005 4536 cum

469 4582 859 4638 intellexissent
889 4579 1054 4633 Deum
1086 4614 1101 4640 ,
1141 4576 1342 4646 Deique
1389 4590 1664 4631 sermones
1714 4588 1811 4642 pro
1842 4572 2008 4639 ipsius

466 4673 728 4743 dignitate
750 4668 1049 4731 audissent,
1082 4668 1246 4721 Deum
1276 4667 1471 4722 vidisse
1494 4667 1771 4734 ipsumque
1793 4663 2010 4719 audisse

469 4759 798 4814 scribuntur.
835 4755 1082 4809 Arbitror
1125 4769 1252 4809 vero
1294 4770 1393 4823 ego
1428 4769 1521 4810 eos
1549 4755 1640 4822 qui
1684 4751 1920 4821 perfecte
1956 4760 2009 4805 et

468 4850 681 4903 sit'tcere
706 4846 802 4900 ﬁlii
831 4845 1105 4900 Abraham
1136 4844 1481 4907 exstiterint,
1512 4843 1650 4896 ﬁlios
1680 4855 1800 4895 esse
1838 4841 2007 4892 actio-

470 4953 596 4992 num
647 4938 814 5006 ipsius
844 4935 1107 4998 Abrahze,
1147 4948 1265 5002 qua:
1294 4916 1665 5003 intelliguntur
1704 4943 1824 4983 esse
1852 4928 2008 4996 spiri-

474 5028 642 5084 tuales
663 5068 679 5093 ,
710 5038 868 5096 atque
897 5026 1058 5082 etiam
1099 5024 1239 5079 ﬁlios
1272 5039 1391 5080 esse
1431 5023 1670 5078 scientiae
1698 5021 2010 5075 manifesta-

477 5129 542 5173 tte
575 5119 674 5188 ipsi
712 5116 942 5172 Abrahae
969 5156 986 5182 ,
1035 5116 1288 5184 quoniam
1334 5128 1452 5181 quae
1502 5114 1613 5180 ipse
1663 5109 1913 5178 cognovit
1955 5118 2010 5162 et

474 5206 641 5272 fecit,
694 5206 932 5276 ingenita
974 5204 1174 5260 fuerint
1208 5202 1314 5257 illis
1344 5202 1435 5270 qui
1480 5188 1593 5256 ﬁlii.
1620 5208 1747 5254 sunt
1778 5197 2009 5267 patriar-

477 5296 609 5362 chte,
642 5294 1086 5366 quemadmodum
1112 5296 1267 5349 docet
1298 5292 1557 5348 habentes
1581 5303 1763 5353 aures.
1789 5289 2001 5343 dicens:

2110 4404 2424 4471 ἐπιφάνειαν
2478 4404 2538 4455 οὐ
2596 4404 2753 4473 μόνον
2796 4404 3062 4472 ἀγγέλων,
3116 4405 3252 4460 ἀλλά
3290 4408 3407 4461 καὶ
3475 4412 3667 4466 Θεοῦ

2109 4488 2356 4560 Χριστῷ·
2392 4489 2483 4542 καὶ
2516 4491 2655 4559 τάχα
2681 4490 2915 4561 ὁρῶντες
2956 4491 3054 4562 τὴν
3084 4493 3269 4546 εἰκόνα
3295 4496 3411 4549 τοῦ
3450 4499 3643 4554 Θεοῦ
3686 4525 3692 4539 α

2111 4580 2338 4650 ἀοράτου
2373 4579 2527 4648 (ἐπεὶ
2552 4582 2580 4632 ὁ
2626 4581 2885 4651 ἑωρακὼς
2919 4582 3012 4635 τὸν
3045 4583 3174 4635 Υἰὸν
3203 4582 3456 4654 ἑώρακε
3496 4593 3627 4646 τὸν
3670 4598 3692 4647 1

2110 4668 2297 4738 τέρα),
2349 4669 2824 4739 ἀναγεγραμμένοι
2879 4671 2984 4723 είσὶ
3036 4671 3170 4724 Θεὸν
3215 4678 3625 4744 νενοηκὸτες

2109 4758 2240 4811 Θεοῦ
2264 4757 2434 4825 λόγων
2462 4757 2776 4828 θεοπρεπῶς
2818 4761 3148 4829 ἀκηκοότες,
3183 4763 3572 4834 ἑωρακέναι
3623 4773 3685 4824 Θ

2110 4846 2202 4897 καὶ
2232 4846 2520 4913 ἀκηκοέναι
2567 4846 2732 4899 αὐτοῦ
2752 4886 2767 4900 .
2816 4848 2957 4916 Ἐγὼ
2990 4850 3035 4902 δ’
3064 4847 3239 4921 οἶμαι,
3270 4853 3364 4905 ὅτι
3408 4858 3483 4908 οἱ
3529 4861 3692 4914 τελε

2111 4935 2201 4986 καὶ
2232 4934 2467 5004 γνησίως
2513 4937 2617 4988 υἱοὶ
2665 4935 2759 4988 τοῦ
2804 4938 3053 5010 Ἀϐραὰμ
3078 4978 3095 5001 ,
3133 4940 3243 4994 τῶν
3296 4960 3692 5018 πνευματι

2112 5024 2408 5092 νοουμένων
2436 5025 2684 5095 πράξεων
2719 5027 2881 5080 αὑτοῦ
2913 5031 3050 5083 εἰσιν
3077 5031 3218 5095 υἱοὶ,
3258 5034 3366 5086 καὶ
3411 5038 3566 5108 τῆς
3620 5060 3692 5110 cpi

2109 5111 2373 5181 ρωθείσης
2425 5112 2570 5182 αὐτῷ
2597 5114 2849 5181 γνώσεως
2875 5156 2890 5178 ,
2943 5116 3052 5172 τῶν
3095 5120 3290 5191 ἐκείνῳ
3334 5130 3692 5190 γνευσθέ,

2112 5200 2205 5252 καὶ
2268 5202 2612 5272 πραχθέντων
2669 5206 3034 5276 ἐγγινομένων
3090 5212 3206 5272 τοῖς
3253 5227 3372 5282 χρη
3389 5231 3560 5283 ματ
3576 5220 3692 5286 iga

2111 5289 2244 5350 υἱοῖς
2293 5291 2385 5344 τοῦ
2428 5295 2798 5365 πατριάρχου,
2837 5299 2983 5353 καθά
3026 5299 3264 5356 διδάσκει
3299 5306 3491 5372 τοὺς
3543 5312 3692 5385 ’ἑχο

554 5437 598 5471 ³³
620 5436 770 5493 Joan.
792 5437 1013 5505 vrn,56.
1086 5435 1132 5469 ³⁸
1158 5434 1311 5491 Joan.
1345 5449 1386 5500 ι,
1409 5434 1537 5505 16.“
1559 5430 1814 5505 ")lattb.
1844 5441 1963 5505 xnt_.

2100 5491 2134 5505 __
2163 5427 2379 5505 floan.
2415 5431 2588 5505 v,_l7.
2654 5433 2700 5505 f7
2729 5432 2897 5505 Marc.
2923 5452 3032 5500 xu,
3059 5437 3149 5493 26.
3230 5439 3273 5469 "
3296 5437 3540 5496 Rom-
3588 5464 3692 5504 ιν,

482 5506 524 5574 ’ἒ
551 5506 682 5574 Gen.
710 5492 943 5574 xviii,
962 5520 1091 5570 xm,
1118 5505 1216 5569 18;
1251 5492 1394 5566 xxvi,
1423 5504 1476 5568 4,
1507 5502 1573 5567 5;
1607 5501 1762 5554 item.
1791 5509 1863 5561 tv,
1892 5492 1977 5548 t7.

480 5573 527 5605 “
548 5573 701 5629 Joan.
723 5573 835 5643 xiv,
848 5577 901 5631 9.

2088 5491 2135 5525 "
2163 5494 2305 5551 Psal.
2341 5491 2534 5554 01.3.

2648 5503 2690 5533 ²¹
2723 5501 2884 5561 Joan.
2918 5520 3028 5570 xnv,
3061 5507 3119 5561 6.
3201 5509 3247 5539 ’⁸
3272 5508 3550 5568 εολοεο
3640 5501 3692 5582 ιι
