3880 6224
317 300 422 357 205

1391 303 1738 359 COMMENT.
1772 303 1835 358 IN
1868 301 2054 356 JOAN.
2090 298 2328 356 TOMUS
2366 293 2451 350 Vl.

3384 298 3488 352 206

309 410 454 477 ὦτα,
479 412 675 480 λέγων’
714 428 733 461 ι
771 411 841 463 Εἰ
877 413 1044 467 τέκνα
1075 413 1167 467 τοῦ
1207 412 1450 484 Ἀϐραὰμ
1480 411 1597 485 ἦτε,
1628 417 1696 468 τὰ
1729 414 1862 486 ἔργα

1976 432 1987 466 ι
2027 413 2081 467 Si
2119 415 2210 468 ﬁlii
2236 410 2505 466 Abraham
2552 412 2780 475 essetis,
2825 427 2985 480 opera
3030 410 3255 466 Abrahae
3283 409 3488 465 faccre-

308 501 404 555 τοῦ
466 499 703 571 ’Δόραάμ
754 501 1014 555 ἐποιεῖτε.
1042 523 1060 552 ι
1111 504 1220 555 Καὶ
1263 505 1308 554 εἰ
1339 522 1357 554 ι
1395 504 1551 571 σοφὸς
1582 506 1759 574 νοήσει
1792 506 1859 559 τὰ

308 591 419 644 ἀπὸ
453 590 580 642 ἰδίου
606 588 890 657 στόματος,
909 595 1002 644 ἐπι
1027 592 1084 644 δὲ
1111 578 1308 661 χείλεσι
1325 594 1537 663 φορέσει
1557 595 1858 663 ὲπιγνωμο-

305 678 508 748 σύνην,
534 697 552 729 ι
581 680 871 744 ἀναγκαῖον
893 681 1010 749 ἦτοι
1035 680 1315 750 προπετῶς
1346 681 1715 751 ἀποφήνασθαί
1740 699 1860 735 τινα

308 769 444 838 περὶ
482 766 769 838 προφητῶν
789 806 803 830 ,
846 768 924 831 ὡς
955 771 1015 820 οὐ
1060 769 1232 837 σοφῶν
1264 768 1344 838 (εἰ
1375 770 1448 840 μὴ
1477 772 1754 836 νενοήκασι
1794 771 1862 823 τά

309 854 421 907 ἀπὸ
451 853 546 906 τοῦ
585 855 712 906 ἰδίου
769 854 1080 925 πόματος),
1113 856 1146 926 ἢ
1178 856 1236 908 τὸ
1271 855 1509 926 εὔφημον
1536 858 1627 910 καὶ
1671 858 1863 927 ἀληθὲς

311 941 820 1011 παραδεξαμένους,
851 943 931 994 ὅτι
961 938 1098 1010 ἦσαν
1124 944 1174 995 οἰ
1209 945 1475 1014 προφῆται
1516 946 1697 1014 σοφοὶ,
1737 948 1863 1015 ὁμο-

309 1030 494 1098 λογεῖν
515 1030 821 1101 νενοηκέναι
846 1033 1042 1094 αὐτοὺς
1065 1032 1170 1084 ἀπὸ
1198 1033 1325 1085 ἰδίου
1360 1036 1634 1105 στόματος,
1663 1036 1754 1088 καὶ
1775 1036 1865 1088 ἐπὶ

310 1122 430 1182 τοῖς
457 1121 662 1189 χείλεσι
710 1124 1078 1192 πεφορηκέναι
1138 1123 1235 1191 τὴν
1265 1125 1734 1195 ὲπιγνωμοσύνηνσ
1773 1126 1864 1177 καὶ

310 1211 507 1281 δῆλον,
556 1213 636 1264 ὅτι
678 1212 881 1281 Μωσῆς
917 1211 1063 1281 ἑώρα
1115 1212 1191 1281 τῷ
1237 1212 1315 1264 νοῒ
1359 1215 1455 1283 τὴν
1492 1213 1741 1283 ἀλήθειαν
1773 1214 1863 1266 τοῦ

311 1300 488 1369 νόμου
508 1340 522 1364 ,
575 1303 667 1355 καὶ
716 1301 815 1362 τὰς
872 1303 1011 1355 κατά
1064 1303 1347 1371 ἀναγωγὴν
1404 1303 1722 1373 ἀλληγορίας
1761 1304 1866 1356 τῶν

309 1391 824 1461 ἀναγεγραμμένων
875 1393 1002 1461 παρ’
1046 1391 1191 1460 αὐτῷ
1245 1392 1505 1462 ἱστοριῶν.
1573 1393 1771 1462 Ἰησοῦς
1811 1393 1867 1446 δὲ

309 1479 417 1549 τὴν
455 1479 632 1548 ἀληθῆ
674 1481 1021 1550 κληροδοσίαν
1049 1481 1339 1549 γενομένην
1387 1482 1519 1551 μετά
1548 1483 1644 1552 τὴν
1683 1483 1870 1536 καθαί-

314 1584 472 1638 ρεσιν
508 1569 615 1622 τῶν
648 1570 817 1624 εἴκοσι
850 1571 943 1622 καὶ
970 1571 1123 1622 ἐννέα
1153 1571 1407 1640 βασιλέων
1443 1572 1605 1624 συνίει
1624 1611 1638 1635 ,
1675 1573 1869 1641 μᾶλλον

312 1659 481 1728 ἡμῶν
511 1660 807 1726 δυνάμενος
843 1662 1068 1728 συνορᾷν
1099 1661 1256 1713 τίνων
1289 1661 1497 1729 ἀληθῶν
1527 1663 1671 1714 σκιαὶ
1717 1663 1871 1729 ἐτύγ-

310 1759 483 1810 χανον
524 1747 596 1799 τὰ
624 1748 694 1800 δι’
724 1748 884 1799 αὐτοῦ
919 1749 1321 1817 ἐπιτελούμενα.
1367 1750 1530 1818 Δῆλον
1574 1750 1618 1801 δ’
1650 1752 1730 1802 ὅτι
1778 1752 1871 1803 καὶ
1905 1730 1945 1784 Β

322 1836 566 1898 Ἡσαΐας
624 1837 685 1888 τὸ
746 1838 1037 1906 μυστήριον
1076 1836 1220 1906 ἑώρα
1265 1836 1357 1889 τοῦ
1401 1839 1490 1889 ἐπὶ
1537 1837 1627 1890 τοῦ
1683 1838 1869 1907 θρόνου

312 1923 710 1993 καθεζομένου,
751 1924 843 1976 καὶ
882 1924 988 1976 τῶν
1019 1924 1109 1976 δύο
1135 1926 1394 1995 σεραφίμ,
1430 1927 1521 1978 καί⁵
1547 1925 1650 1978 τῶν
1684 1926 1875 1997 πτερύ-

312 2029 434 2079 γων
469 2012 657 2075 αὐτοῦ,
692 2014 789 2065 τοῦ
829 2030 889 2065 τε
926 2013 1304 2085 θυσιαστηρίου
1347 2016 1438 2067 καὶ
1481 2016 1577 2082 τῆς
1623 2015 1831 2079 λαὸίδος
1855 2054 1869 2077 ,

313 2103 416 2153 καὶ
448 2102 550 2170 τῆς
576 2100 953 2168 ὲπικαλύψεως
997 2100 1088 2152 τοῦ
1136 2101 1417 2172 προσώπου
1446 2143 1459 2161 .
1502 2103 1593 2154 καὶ
1626 2103 1730 2155 τῶν
1782 2120 1875 2155 πο-

312 2191 448 2254 δῶν,
500 2190 791 2259 γινομένης
844 2191 948 2243 ὑπὸ
989 2190 1094 2243 τῶν
1136 2192 1389 2262 σεραφίμ.
1437 2193 1689 2261 Ἰεζεκιὴλ
1719 2193 1775 2245 δὲ
1807 2194 1874 2247 τὰ

314 2281 610 2350 χερουὸὶμ,
640 2281 733 2332 καὶ
764 2280 860 2350 τὴν
894 2283 1110 2351 πορείαν
1152 2283 1348 2344 αὐτῶν,
1379 2283 1470 2334 καὶ
1501 2282 1560 2334 τὸ
1590 2284 1673 2334 ἐπ’
1700 2283 1874 2335 αὐτῶν

317 2368 644 2439 στερέωμα,
689 2368 782 2420 καὶ
825 2368 934 2421 τῶν
967 2369 1429 2439 ὲπικαθεζομένων
1470 2369 1546 2439 τῷ
1580 2370 1769 2441 θρόνῳ,
1803 2366 1876 2426 ὧν

314 2458 372 2508 τί
399 2457 472 2508 ἂν
504 2457 588 2525 εἴη
632 2454 964 2525 ἐνδοξότερον
1002 2457 1094 2508 καὶ
1129 2456 1484 2526 ὑψηλότερον;
1531 2459 1637 2510 Καὶ
1672 2458 1759 2510 ἴνα
1804 2459 1876 2529 μὴ

316 2545 491 2597 καθὲν
523 2545 696 2612 λέγων
749 2546 839 2597 ἐπὶ
887 2544 1018 2597 πολὺ
1048 2545 1270 2615 μηκύνω
1306 2547 1395 2599 τὸν
1424 2546 1596 2614 λόγον,
1629 2547 1880 2617 βουλόμε-

318 2651 411 2696 νος
452 2634 879 2697 κατασκευάζειν
918 2635 1017 2687 οὐκ
1037 2635 1251 2688 ἔλαττον
1293 2636 1399 2689 τῶν
1428 2641 1539 2700 τοῖς
1570 2639 1878 2701 ἀποστόλοις

317 2724 432 2776 ἀπὸ
469 2725 706 2794 Χριστοῦ
745 2726 1232 2793 ἀποκαλυφθέντων
1264 2729 1553 2795 ἐγνωκέναι
1579 2731 1702 2793 τοὺς
1728 2747 1879 2782 τετε-

320 2813 653 2882 λειωμένους
683 2816 742 2865 ὲν
770 2818 889 2876 ταῖς
913 2816 1200 2885 προτέραις
1229 2819 1457 2882 γενεαῖς,
1477 2818 1877 2871 ἀποκαλύπτον-

316 2921 414 2966 τος
455 2904 639 2966 αὐτοῖς
669 2904 763 2956 τοῦ
804 2905 900 2956 καὶ
941 2905 1063 2966 τοὺς
1111 2906 1432 2968 ἀποστόλους
1468 2906 1768 2971 διδάξαντος
1812 2908 1878 2961 τά

317 2993 613 3062 ἀπόρρητα
662 2993 761 3061 τῆς
813 2992 1116 3056 θεοσεϐείας
1146 2996 1435 3064 μυστήρια,
1470 2994 1546 3047 ἔτι
1594 2996 1700 3064 (74)
1727 2996 1879 3063 ὀλίγα

320 3080 585 3151 προσθεὶς
632 3080 836 3151 κρίνειν
876 3083 986 3143 τοῖς
1038 3082 1417 3150 ἐντυγχάνουσι
1465 3083 1760 3152 καταλείψω
1791 3088 1881 3138 καὶ

319 3171 352 3223 ὃ
410 3170 683 3239 βούλονται
726 3171 855 3239 περὶ
886 3168 1086 3222 τούτων
1119 3172 1357 3222 σκοπεῖν.
1402 3171 1536 3238 Φησὶ
1570 3170 1674 3241 γὰρ
1722 3173 1778 3224 ὲν
1814 3176 1878 3243 τῇ

322 3260 467 3329 πρὸς
511 3259 638 3321 τοὺς
696 3258 999 3328 Ῥωμαίους
1017 3258 1291 3327 Ἐπιστολῇ
1337 3260 1365 3310 ό
1396 3258 1620 3321 Παῦλος·
1660 3279 1678 3310 ι
1701 3260 1789 3329 Τῷ
1825 3260 1882 3314 δὲ

319 3349 609 3417 δυναμένῳ
640 3349 787 3418 ὑμᾶς
831 3348 1076 3418 στηρίξαι
1118 3348 1256 3399 κατά
1279 3349 1338 3399 τὸ
1370 3348 1691 3416 Εὑαγγέλιόν
1744 3366 1841 3419 μου
1864 3391 1878 3417 ,

322 3438 470 3492 κατά
493 3438 834 3507 ἀποκάλυψιν
870 3438 1189 3506 μυστηρίου,
1231 3437 1436 3508 χρόνοις
1473 3438 1705 3501 αἰωνίοις
1741 3456 1883 3492 σεσι-

323 3529 589 3597 γημένου,
624 3527 1031 3598 φανερωθέντος
1065 3526 1119 3578 δὲ
1151 3527 1242 3580 νῦν
1284 3528 1370 3580 διά
1402 3543 1460 3579 τε
1485 3528 1704 3598 γραφῶν
1755 3545 1885 3598 προ.

323 3618 605 3686 φητικῶν,
656 3618 752 3669 καὶ
797 3618 897 3687 τῆς
952 3616 1266 3683 ἐπιφανείας
1323 3614 1414 3667 τοῦ
1475 3617 1677 3686 Κυρίου
1731 3617 1882 3686 ἡμῶν

337 3705 514 3774 Ἰησοῦ
547 3705 805 3777 Χριστοῦ.
834 3723 852 3755 ι
901 3705 964 3757 Εἰ
1005 3705 1112 3774 γὰρ
1155 3704 1240 3756 διὰ
1273 3704 1494 3774 γραφῶν
1541 3704 1884 3773 προφητικῶν

323 3792 394 3844 τὸ
424 3794 586 3846 πάλαι
622 3793 1029 3862 σεσιωπημένον
1064 3795 1352 3863 μυστήριον
1378 3793 1751 3862 πεφανέρωται
1775 3796 1884 3856 τοῖς

325 3882 679 3946 ἀποστόλοις,
721 3884 817 3935 καὶ¹
851 3883 903 3933 οἰ
939 3883 1208 3953 προφῆται
1255 3884 1432 3935 ἐνόουν
1475 3884 1543 3934 τά
1594 3883 1701 3935 ἀπὸ
1755 3883 1883 3935 ἰδίου

330 3973 593 4042 στόματος
612 4013 627 4037 ,
664 3974 760 4026 ἅτε
807 3973 961 4034 ὄντες
1008 3972 1179 4040 σοφοὶ,
1222 3973 1290 4025 τά
1328 3974 1750 4043 πεφανερωμένα
1776 3975 1886 4035 τοῖς

327 4063 648 4125 ἀποστόλοις
684 4064 736 4114 οἰ
796 4062 1070 4132 προφῆται
1127 4062 1339 4131 ᾔδεσαν.
1396 4064 1542 4114 Ἐπεὶ
1580 4062 1636 4114 δὲ
1680 4062 1886 4126 πολλοῖς

328 4154 434 4205 οὐκ
478 4153 896 4207 ἀπεκαλύπτετο
933 4151 1065 4221 (75),
1108 4151 1196 4203 διὰ
1230 4151 1385 4204 τοῦτό
1412 4168 1569 4220 φησιν
1604 4153 1631 4203 ό
1661 4151 1883 4213 Παῦλοςο

334 4263 358 4295 ι
395 4244 635 4315 Ἐτέραις
659 4245 876 4312 γενεαῖς
898 4242 998 4293 οὐκ
1022 4241 1321 4310 ἐγνωρίσθη
1347 4244 1455 4302 τοῖς
1481 4242 1613 4301 υίοῖς
1649 4241 1754 4292 τῶν
1793 4242 1887 4293 ἁν-

1958 506 2025 558 tis
2056 506 2122 558 “.
2163 523 2181 554 ι
2207 504 2356 570 Quod
2386 504 2431 558 si
2456 520 2473 553 ι
2514 505 2725 572 sapiens
2750 502 3003 571 intelliget
3040 517 3155 568 quae
3186 516 3249 555 ex
3275 503 3490 570 proprio

1962 608 2055 646 ore
2081 593 2381 661 protulerit,
2418 592 2471 645 in
2506 592 2657 646 labiis
2686 608 2813 646 vero
2843 592 3074 660 portabit
3102 590 3263 643 animi
3289 591 3484 643 cando-

1958 696 2070 735 rem
2096 681 2181 734 ἐς
2217 700 2235 732 ι
2290 680 2373 733 vel
2415 680 2721 734 necessario
2768 681 3008 748 qumdam
3058 679 3124 731 de
3173 678 3449 746 prophetis
3474 716 3489 737 ,

1962 778 2207 838 tanquam
2255 783 2357 821 non
2413 768 2741 836 sapientibus
2790 767 2871 837 (ut
2917 771 3004 835 qni
3057 781 3159 819 non
3207 766 3491 820 intellexe-

1961 861 2073 912 riut
2110 858 2325 925 proprio
2350 871 2444 910 ore
2479 856 2708 925 prolata)
2735 895 2749 919 ,
2780 855 3170 909 inconsiderate
3215 854 3496 907 enuntian-

1960 952 2023 1004 da
2052 960 2228 1012 erunt,
2270 950 2353 1001 vel
2383 950 2523 1016 quod
2555 948 2771 1001 celebre
2797 957 2881 1001 est
2907 958 2961 1000 et
2995 962 3175 1000 verum
3209 948 3493 1001 admitten-

1964 1047 2042 1093 tes
2087 1037 2299 1107 (nempe
2344 1037 2630 1104 praphetas
2676 1036 2947 1104 sapientes
2995 1035 3175 1101 esse),
3222 1036 3492 1089 fatendum

1963 1129 2086 1193 erit,
2114 1142 2231 1194 quae
2263 1126 2478 1194 proprio
2506 1140 2600 1180 ore
2625 1125 2941 1194 protulerint
2966 1163 2979 1184 ,
3014 1140 3105 1179 eos
3139 1126 3492 1190 intellexisse,

1964 1219 2128 1286 inque
2156 1217 2313 1271 labiis
2347 1228 2585 1285 gestasse
2615 1215 2778 1267 animi
2826 1216 3155 1278 candorem;
3191 1225 3245 1269 et
3286 1217 3493 1284 perspi-

1964 1321 2123 1361 cuum
2151 1316 2232 1360 est
2261 1305 2438 1359 Mosen
2473 1304 2663 1358 utentis
2709 1303 2824 1358 acie
2866 1304 2995 1371 legis
3028 1305 3301 1358 veritatem
3333 1305 3498 1359 histo-

1966 1395 2271 1462 riarumque
2303 1392 2438 1461 apud
2472 1409 2528 1446 se
2569 1393 2884 1460 scriptarum
2923 1392 3203 1461 allegorias
3227 1392 3375 1459 juxta
3403 1407 3501 1445 an-

1968 1496 2168 1550 agogen
2196 1482 2411 1536 vidisse.
2442 1481 2552 1535 lmo
2575 1480 2726 1535 Jesus
2756 1496 2934 1533 veram
2962 1481 3386 1535 distributionem
3423 1483 3501 1535 fa-

1968 1582 2105 1625 ctam
2134 1582 2249 1638 post
2281 1573 2697 1626 destructionem
2728 1587 2914 1626 novem
2949 1582 3001 1624 et
3032 1572 3217 1637 viginti
3252 1587 3429 1640 regum
3452 1571 3501 1604 “

1972 1661 2257 1727 intelligit,
2292 1676 2413 1714 cum
2443 1662 2611 1728 magis
2647 1676 2803 1728 quam
2852 1676 2950 1713 nos
2979 1662 3289 1729 conspicere
3321 1671 3503 1728 posset

1970 1764 2103 1816 quas
2140 1748 2396 1802 veritates
2429 1748 2807 1802 adumbrarent
2840 1764 2924 1801 res
2969 1763 2997 1800 a
3047 1764 3103 1802 se
3146 1759 3327 1814 δαείω.
3363 1750 3500 1814 Quin

1972 1837 2306 1907 perspicuum
2345 1838 2505 1892 etiam
2545 1845 2626 1891 est
2656 1837 2843 1890 Isaiam
2870 1875 2886 1899 ,
2919 1836 3230 1905 mysterium
3265 1837 3503 1890 sedentis

1972 1928 2024 1981 in
2053 1929 2268 1991 throno,
2315 1936 2369 1980 et
2402 1929 2623 1980 duorum
2658 1928 2947 1996 seraphim,
2968 1937 3022 1981 et
3053 1928 3279 1991 alarum,
3315 1928 3509 1995 ipsius.

1972 2030 2080 2083 que
2134 2015 2353 2080 altaris,
2385 2026 2437 2068 et
2465 2016 2684 2083 forcipis
2711 2055 2726 2080 ,
2772 2025 2824 2070 ct
2854 2019 3168 2082 operimenti
3202 2017 3357 2072 faciei
3390 2059 3404 2079 ,
3456 2024 3510 2072 et

1974 2109 2184 2176 pedum,
2211 2107 2349 2174 quod
2388 2104 2655 2159 faciebant
2709 2106 3000 2173 seraphim,
3048 2108 3245 2161 vltlisse
3274 2109 3338 2160 ".
3376 2109 3510 2161 Bur-

1974 2208 2064 2249 sus
2113 2193 2358 2247 Ezechiel
2414 2193 2723 2256 cherubim,
2776 2203 2831 2247 et
2874 2195 3104 2260 ipsorum
3155 2195 3277 2259 iter,
3317 2205 3372 2247 et
3413 2195 3510 2247 lir-

1974 2294 2299 2337 mamentum
2348 2295 2506 2349 super
2533 2282 2692 2347 ipsos,
2735 2290 2789 2333 et
2812 2283 3084 2335 sedentem
3120 2282 3171 2334 in
3206 2285 3399 2335 throno
3426 2284 3508 2336 vi-

1975 2373 2052 2425 dit
2077 2371 2145 2437 ",
2192 2373 2386 2439 quibus
2413 2372 2539 2440 quid
2570 2370 2850 2439 gloriosius
2881 2371 3307 2438 sublimiusque?
3354 2371 3417 2424 Et
3445 2384 3511 2424 ne

1975 2461 2278 2530 singulatim
2311 2473 2634 2528 prosequens
2660 2499 2675 2524 ,
2710 2460 2759 2512 in
2808 2460 3020 2527 longum
3046 2461 3358 2528 proteudam
3391 2475 3510 2515 ser-

1977 2564 2186 2604 monem
2214 2588 2229 2613 ,
2263 2550 2444 2603 volens
2471 2552 2752 2604 ostendere
2797 2549 2940 2602 viros
2968 2549 3234 2617 perfectos
3268 2550 3320 2602 in
3349 2563 3512 2618 supe-

1976 2639 2209 2693 rioribus
2255 2640 2501 2693 aetatibus
2544 2652 2648 2693 non
2678 2640 2856 2691 minus
2880 2637 3197 2705 cognovisse
3231 2652 3392 2705 quam
3419 2637 3513 2706 qui

1977 2744 2006 2781 a
2037 2728 2251 2782 Christo
2284 2728 2663 2782 revelationem
2693 2727 3021 2789 habuerunt,
3053 2728 3249 2795 quippe
3282 2739 3402 2779 cum
3433 2726 3515 2780 his

1978 2818 2064 2870 ille
2099 2819 2257 2877 idem,
2299 2817 2389 2884 qui
2429 2815 2700 2884 apostolos
2728 2815 2910 2868 docuit
2933 2852 2949 2877 ,
2982 2815 3157 2868 cultus
3186 2814 3277 2868 Dei
3311 2827 3512 2883 myste-

1983 2907 2056 2959 ria
2084 2908 2394 2963 abscondita
2436 2906 2712 2965 retexerit,
2739 2906 2912 2957 adhuc
2955 2905 3140 2971 paucis
3184 2903 3380 2959 additis
3420 2904 3511 2971 ju-

1906 3027 1947 3082 Ο
1981 2996 2263 3049 dicandum
2290 2995 2590 3063 legentibus
2631 2994 2934 3059 relinquam
2967 3001 3023 3045 et
3067 2992 3515 3047 considerandum

1980 3088 2045 3141 de
2076 3087 2222 3141 hisce
2245 3087 2402 3139 rebus
2425 3085 2689 3152 quidquid
2720 3083 2923 3135 volunt.
2956 3082 3087 3136 Nam
3124 3083 3297 3151 inquit
3322 3085 3373 3137 in
3407 3083 3516 3138 Ro-

1980 3192 2256 3231 manorum
2295 3175 2492 3229 Paulus
2529 3173 2764 3242 Epistula
2793 3175 2880 3228 ⁸⁹;
2919 3190 2937 3222 ι
2977 3173 3038 3227 Ei
3071 3183 3271 3238 autem,
3309 3176 3397 3243 qui
3421 3191 3515 3245 po-

1982 3275 2085 3321 test
2141 3282 2240 3320 nos
2297 3266 2513 3319 {innare
2562 3263 2854 3318 secundum
2907 3262 3254 3332 Evangelium
3304 3280 3512 3330 meum,

1977 3356 2126 3425 juxta
2193 3353 2572 3408 revelationem
2638 3351 2929 3422 mysterii,
2987 3353 3131 3420 quod
3187 3355 3517 3423 temporibus

1980 3445 2321 3513 sempiternis
2346 3453 2429 3498 est
2460 3443 2703 3506 tacitmn,
2735 3442 3136 3496 manifestatum
3159 3454 3331 3498 autem
3356 3443 3511 3513 105

1982 3548 2121 3587 nunc
2158 3548 2252 3600 per
2292 3534 2586 3600 scripturas
2628 3530 2988 3598 propheticas,
3021 3541 3076 3585 et
3102 3546 3200 3600 per
3222 3535 3513 3601 apparitio-

1982 3635 2103 3674 nem
2134 3620 2342 3673 Domini
2369 3620 2532 3673 nostri
2559 3617 2683 3672 Jesu
2715 3618 2934 3671 Christi.
2975 3637 2995 3669 ι
3037 3619 3094 3673 Si
3125 3620 3267 3673 enim
3308 3631 3520 3690 aposto-

1983 3709 2050 3762 lis
2099 3698 2632 3762 manifestatum'est
2689 3705 3006 3775 mysterium
3066 3721 3162 3773 per
3221 3709 3521 3774 scripturas

1982 3798 2320 3867 propheticas
2340 3834 2356 3858 ,
2407 3795 2532 3848 olim
2561 3795 2782 3847 tacitum
2808 3831 2825 3855 ,
2853 3805 2907 3846 et
2940 3794 3210 3861 propheta:
3260 3795 3522 3865 intellige-

1983 3888 2115 3941 bant
2161 3900 2278 3955 quae
2309 3884 2525 3952 proprio
2553 3898 2648 3936 ore
2678 3883 3063 3951 proferebant,
3097 3884 3219 3949 quia
3252 3888 3521 3952 sapientes

1984 3984 2162 4029 essent
2188 4014 2203 4039 ,
2237 3976 2479 4042 profecto
2505 3988 2624 4042 quae
2654 3972 2910 4040 apostolis
2955 3971 3296 4027 manifestata
3328 3974 3478 4028 fuere
3502 4014 3518 4036 ,

1984 4066 2144 4117 etiam
2175 4064 2444 4131 prOpbette
2491 4060 2884 4114 intellexerunt.
2912 4059 3177 4124 Quoniam
3204 4075 3339 4114 vero
3378 4063 3515 4116 mul—

1989 4157 2059 4208 tis
2107 4163 2162 4207 et
2205 4153 2515 4221 vulgaribus
2568 4152 2858 4204 revelatum
2900 4164 3007 4202 non
3056 4147 3248 4213 fuerat,
3283 4150 3354 4204 ob
3403 4166 3523 4206 eam

1989 4258 2204 4298 causam
2239 4243 2411 4310 inquit
2440 4240 2636 4294 Paulus
2659 4240 2704 4272 ’°
2737 4258 2751 4293 :
2796 4256 2815 4289 ι
2853 4239 2986 4292 Aliis
3018 4239 3266 4294 mtatibus
3313 4255 3419 4295 non
3443 4241 3529 4293 in-

327 4333 560 4403 Θρώπων
579 4374 594 4396 ,
626 4335 703 4396 ὡς
731 4333 830 4386 νῦν
857 4330 1214 4399 ἀπεκαλύφθη
1247 4334 1357 4392 τοῖς
1386 4331 1554 4398 ἁγίοις
1578 4329 1876 4391 ἀποστόλοις

1990 4335 2161 4386 notuit
2198 4331 2320 4385 ﬁliis
2364 4332 2637 4384 hominum
2666 4368 2681 4392 ,
2728 4328 3172 4396 quemadmodum
3203 4344 3344 4384 nunc
3377 4344 3527 4383 reve-

326 4426 493 4478 αὐτοῦ
517 4465 532 4489 ,
566 4425 664 4477 καὶ
711 4422 1019 4493 προφήταις
1052 4420 1108 4470 ὲν
1141 4419 1434 4487 Πνεύματι,
1469 4417 1605 4471 εἶναι
1650 4419 1718 4471 τὰ
1761 4418 1884 4487 ἔθνη

328 4515 771 4585 συγκληρονόμα,
800 4512 894 4564 καὶ
930 4512 1209 4576 σύσσωμα.
1241 4527 1259 4559 ι
1293 4509 1426 4578 Ὅρα
1453 4508 1507 4560 δὲ
1535 4509 1582 4560 εἰ
1608 4508 1699 4559 καὶ
1720 4505 1889 4568 οὕτως

322 4600 439 4657 οἷον
464 4600 1083 4671 ἀνθυπενεχθησομένην
1110 4596 1219 4666 (76)
1245 4596 1618 4666 ἀνθυποφοράν
1648 4595 1752 4647 ὑπὸ
1779 4594 1885 4646 τῶν

328 4692 409 4762 μὴ
436 4692 894 4762 παραδεχομένων
921 4689 1014 4741 τὸν
1043 4686 1221 4752 λόγον,
1266 4688 1360 4756 τὴν
1392 4687 1531 4752 λέξιν
1558 4685 1758 4754 ταύτην
1793 4683 1886 4735 οῦ·-

320 4799 432 4844 τως
464 4783 711 4835 ἐκλαϐεῖν
746 4780 807 4831 τὸ
855 4775 1446 4842 ἀποκαλυπτόμενον,
1494 4777 1699 4845 μήποτε
1731 4772 1889 4841 διχῶς

321 4873 471 4926 ἔστιν
497 4873 625 4924 ἰδεῖν
655 4864 1258 4930 ἀποκαλυπτόμενον
1300 4864 1419 4915 καθ’
1442 4865 1534 4917 ἕνα
1574 4864 1669 4933 μὲν
1693 4862 1890 4930 τρόπον

320 4966 414 5016 ὅτε
445 4967 666 5023 νοεῖται,
699 4959 821 5013 καθ’
854 4958 1049 5026 ἕτερον
1087 4953 1145 5004 δὲ
1172 4952 1261 5003 ἐὰν
1356 4953 1512 5006 τοῦτο
1553 4950 1886 5022 προφητευό-

321 5028 483 5122 μενον
503 5091 517 5116 ,
551 5052 693 5104 ὥστε
742 5049 837 5102 καὶ
880 5040 1239 5113 πληρωθῆναι
1271 5040 1398 5092 αὑτό
1419 5061 1432 5073 ·
1464 5042 1582 5095 τότε
1608 5041 1714 5110 γὰρ
1754 5038 1886 5091 ἀπο-

1984 4423 2149 4475 latum
2184 4430 2264 4476 est
2310 4420 2512 4474 sanctis
2544 4420 2797 4487 apostolis
2824 4419 2941 4486 ejus
2966 4456 2980 4480 ,
3014 4429 3067 4471 et
3097 4419 3379 4486 prophetis
3432 4434 3530 4487 per

1986 4511 2246 4579 Spiritum
2276 4549 2292 4574 ,
2337 4519 2395 4563 ut
2434 4509 2543 4563 sint
2588 4518 2775 4578 gentes
2827 4507 3134 4562 cohaeredes
3158 4548 3173 4571 ,
3208 4517 3263 4560 et
3293 4509 3528 4577 ejusdem

1988 4599 2249 4667 corporis.
2308 4616 2327 4649 ι
2369 4597 2498 4652 Vide
2538 4611 2665 4651 vero
2707 4613 2774 4651 an
2831 4597 2992 4651 etiam
3044 4594 3114 4648 ob
3144 4595 3531 4661 objectionem,

1985 4703 2144 4757 quam
2176 4685 2408 4753 objicere
2436 4692 2651 4753 possent
2687 4684 2742 4737 hi
2773 4684 2862 4752 qui
2896 4697 3001 4736 non
3036 4681 3331 4734 admittunt
3362 4685 3534 4735 ratio-

1996 4793 2114 4831 nem
2138 4785 2399 4839 nostram,
2429 4777 2509 4829 sic
2543 4773 2883 4843 interpretari
2916 4771 3185 4840 possimus
3211 4770 3540 4821 vocabulum

1990 4866 2292 4929 rerelatum,
2333 4879 2522 4932 nempe
2570 4872 2630 4917 ut
2673 4863 2882 4917 duobus
2926 4859 3103 4911 modis
3136 4855 3359 4907 dicatur
3390 4871 3407 4905 :
3441 4870 3550 4906 uno

1989 4955 2200 5023 quidem
2246 4954 2423 5017 modo,
2455 4953 2672 5022 quando
2701 4951 2752 5004 id
2778 4947 2921 5016 quod
2977 4941 3252 4995 reveletur
3282 4938 3556 5005 intelligi-

1990 5051 2096 5108 tur,
2128 5043 2300 5098 altero
2346 5057 2471 5096 vero
2492 5080 2509 5106 ,
2553 5040 2767 5109 quando
2797 5033 2972 5088 fuerit
3003 5027 3208 5096 aliquid
3262 5025 3570 5090 propheta-

397 5188 441 5219 “
460 5187 615 5240 Joan.
635 5200 748 5243 vin,
768 5183 857 5235 39.
934 5179 982 5208 ’³
1010 5175 1173 5243 Brov.
1190 5189 1294 5235 xvi,
1314 5173 1403 5228 25.
1481 5177 1527 5208 ²⁸
1545 5176 1657 5232 los.
1677 5189 1777 5236 xu,
1798 5180 1851 5227 et
1871 5190 1876 5225 ι

1976 5211 1988 5227 .
2065 5177 2108 5209 ³⁷
2132 5174 2249 5228 lsai.
2276 5189 2353 5237 vr,
2379 5173 2426 5238 Ι,
2448 5174 2503 5240 2,
2521 5171 2574 5225 6.
2644 5171 2689 5202 ’⁸
2710 5166 2911 5224 Ezech.
2945 5175 2994 5223 I,
3020 5159 3055 5212 4
3083 5165 3138 5211 et
3163 5168 3286 5219 seQ-
3365 5151 3416 5183 "
3440 5149 3582 5214 Cal)-

319 5271 436 5317 x",
468 5271 606 5309 vers.
638 5241 844 5314 25,726.
930 5245 978 5276 ³⁸
1012 5241 1205 5308 Ephes.
1232 5256 1305 5305 ιιι,
1331 5242 1386 5305 5,
1419 5243 1474 5297 6.

395 5376 503 5445 (7t)
531 5377 677 5429 Ἔτι.
709 5371 783 5445 Ita
809 5366 987 5419 codex
1011 5360 1347 5427 Bodleianus;
1377 5362 1585 5433 Regius
1606 5375 1663 5422 et
1691 5363 1889 5418 Bai-be-

356 5440 493 5487 ἷιιίις-
521 5446 622 5487 ὅτι-
657 5440 812 5487 male.

320 5451 491 5500 riuus.
521 5451 623 5503 ὅτι,
657 5451 812 5492 male.

393 5512 502 5578 (75)
534 5513 651 5563 οὐκ
680 5498 1160 5578 ἀμειιαλύπτετο.
1186 5494 1271 5578 Sic
1286 5499 1453 5578 codd.
1487 5499 1817 5555 Bodleianus
1835 5506 1892 5555 et

318 5562 669 5645 Bai'be'rittus;
705 5571 933 5635 Regius.
963 5562 1028 5612 οὐ
1064 5562 1520 5619 κατεκαλύπτετο.

2076 5363 2180 5436 (ῖς)
2214 5364 2280 5415 ει
2317 5359 2419 5436 κομι
2442 5358 2646 5436 οὕτως.
2672 5353 2798 5436 olor
2839 5327 3613 5436 seeaeirfstrgzmi

2003 5418 2110 5487 etc.
2134 5418 2303 5485 [iocus
2337 5430 2544 5481 videtur
2596 5418 2827 5478 hiulcus.
2854 5418 3196 5486 Legendum

2002 5498 2172 5561 οὕτως
2204 5498 2267 5551 δι’
2293 5491 2926 5561 ἀνθυπενιχθησομίνην,
2973 5494 3097 5537 etc.

3220 5393 3481 5457 ro'i-‘ia'sse
3511 5411 3527 5443 -.
3547 5393 3624 5443 Et
