3880 6228
493 299 597 352 207

1926 285 2240 341 ORIGENIS
3531 285 3610 337 0.08

496 422 629 477 tum,
662 410 799 481 quod
830 409 1063 462 futurum
1097 405 1167 459 sit
1197 412 1250 457 et
1287 403 1661 472 complendum
1705 422 1718 457 :
1750 412 1859 456 tum
1889 404 2022 457 enim

2135 402 2481 463 καλύπτεται,
2506 401 2591 452 ὅτε
2616 401 2935 454 ἐπιτελεῖται
2972 400 3179 471 πληρού
3191 417 3360 468 μενον.
3392 397 3451 450 Τὸ
3475 400 3615 453 τοίνυν

494 506 801 562 revelatur,
853 500 1063 567 quando
1128 513 1216 552 res
1271 498 1484 565 impleta
1533 495 1826 563 perficitur.
1880 495 2028 559 Quod

496 595 656 661 igitur
700 608 721 641 ι
778 597 963 658 gentes
1002 606 1020 637 ι
1059 586 1180 657 [per
1230 584 1532 653 Christum]
1582 585 1688 637 siut
1724 603 1740 634 ι
1791 585 2028 637 coluere—

493 682 607 745 des,
659 688 713 732 et
748 677 986 745 ejusdem
1036 677 1306 742 corporis,
1361 683 1414 728 et
1464 671 1873 741 comparticipes
1903 686 2029 738 pro-

493 766 764 822 missionis
804 766 855 817 iu
898 763 1133 825 Christo,
1172 782 1189 812 ι
1220 770 1476 829 quantum
1509 760 1720 827 quidem
1747 760 1936 812 attinet
1964 759 2029 811 ad

493 855 867 924 cognitionem,
905 862 962 905 ut
990 862 1174 921 gentes
1210 853 1401 904 futurae
1428 852 1535 903 sint
1578 848 1884 903 coheeredes
1907 887 1922 911 ,
1961 855 2015 900 et

492 945 730 1013 ejusdem
762 943 1022 1011 corporis,
1051 952 1101 995 et
1133 941 1548 1009 comparticipes
1569 978 1584 1002 ,
1619 948 1673 991 et
1698 938 1910 1005 quando
1939 951 2031 990 co—

493 1035 731 1089 haeredes
761 1042 913 1087 erant
949 1032 1139 1084 futurae
1167 1070 1180 1092 ,
1216 1040 1268 1082 et
1292 1044 1459 1097 quare
1484 1069 1496 1094 ,
1528 1039 1583 1082 et
1612 1027 1799 1096 quales
1828 1038 2027 1091 essent,

489 1133 545 1179 et
590 1124 860 1193 quomodo
903 1131 1168 1174 extraneae
1216 1135 1245 1171 a
1293 1119 1626 1173 testamentis
1676 1120 1967 1185 alienaque
2001 1135 2027 1169 a

490 1213 843 1282 promissione
871 1251 886 1275 ,
940 1210 1133 1263 futurae
1168 1209 1222 1261 in
1271 1216 1544 1275 posterum
1592 1218 1748 1260 erant
1794 1207 2028 1273 ejusdem

490 1300 735 1369 corporis
764 1308 820 1351 et
867 1296 1300 1364 comparticipcs,
1352 1304 1543 1349 norant
1587 1298 1880 1361 prephetae,
1908 1310 2028 1348 cum

491 1389 621 1456 ipsis
667 1388 766 1441 hoc
823 1389 1116 1440 revelatum
1170 1383 1373 1437 fuisset.
1427 1383 1852 1451 Intelligentilms
1901 1397 2028 1435 vero

492 1487 717 1541 tantum,
748 1485 801 1530 et
827 1490 934 1528 non
968 1473 1275 1527 videntibus
1319 1473 1554 1538 perlecta
1584 1471 1747 1524 fuisse
1791 1486 1875 1531 ea,
1910 1486 2029 1538 quae

490 1568 803 1638 prophetala
843 1565 1100 1625 fuerant,
1135 1577 1238 1615 nou
1275 1564 1353 1615 sic
1393 1562 1625 1613 revelata
1656 1569 1782 1612 sunt
1829 1559 2024 1620 futura,

490 1665 550 1709 ut
586 1656 653 1711 iis
679 1654 767 1724 qui
796 1654 896 1708 sub
923 1661 1196 1720 aspectum
1223 1652 1683 1707 horumeventum
1715 1649 2023 1707 cernebant,

2138 511 2153 540 ι
2184 491 2249 542 τὰ
2276 490 2397 559 ἔθνη
2426 489 2849 570 συγκληρονόμα,
2877 492 2970 543 καὶ
3000 492 3288 559 σύσσωμα,
3326 489 3401 541 καὶ
3430 489 3619 557 συμμέτ-

2130 597 2226 649 οχα
2261 576 2394 631 εἶναι
2432 579 2529 648 τῆς
2566 581 2891 647 ἐπαγγελίας
2920 582 2977 632 ἐν
3012 578 3255 649 Χριστῷ,
3285 596 3302 629 ι
3328 580 3431 631 ὅσον
3457 579 3624 646 pavi-212‘.

2129 673 2193 738 τῇ
2231 668 2460 737 γνώσει,
2486 669 2577 720 τοῦ
2611 669 2823 722 ἔσεσθαι
2860 670 2928 722 τά
2965 670 3088 741 ἔθνη
3130 669 3523 738 συγκληρονόμα,
3551 671 3624 722 καὶ

2133 757 2410 827 σύσσωμα,
2446 756 2537 810 καὶ
2574 759 2904 827 συμμέτοχοι,
2933 760 3026 813 καὶ
3048 760 3176 811 πότε
3212 759 3434 819 ἔσεσθαι,
3458 760 3535 810 καί
3556 759 3629 811 διὰ

2130 847 2219 909 τί,
2258 849 2349 900 καὶ
2398 850 2519 900 τίνοι
2565 848 2689 900 ὅντα
2717 886 2733 911 ,
2784 850 2878 901 καὶ
2925 851 3040 911 πῶς
3101 849 3227 912 ξένοι
3277 848 3376 901 τῶν
3400 850 3629 917 Διαθηκῶν

2128 938 2476 1005 τυγχάνοντα,
2506 939 2599 991 καὶ
2627 938 2874 1008 ἀλλότριοι
2904 940 3002 1008 τῆς
3041 939 3385 1006 ἐπαγγελίας,
3420 938 3634 1009 σύσσωμα

2130 1027 2220 1078 καὶ
2271 1031 2579 1096 συμμέτοχα
2627 1026 2844 1097 ὕστερον
2888 1029 3118 1097 ἐσόμενα
3154 1028 3349 1098 ᾔδεσαν
3391 1030 3434 1080 οἱ
3462 1030 3638 1099 προφῆ-

2128 1131 2234 1176 ται,
2269 1116 2733 1183 ἀποκαλυφθέντος
2763 1118 2941 1179 αὐτοῖς
2973 1116 3181 1169 τούτου.
3228 1118 3363 1169 Ἀλλ’
3392 1118 3475 1186 οὐχ
3499 1118 3639 1181 οὕτως

2128 1206 2238 1264 τοῖς
2287 1205 2509 1263 νοοῦσιν.
2556 1206 2651 1273 οὐχ
2682 1204 2847 1275 ὁρῶσι
2873 1206 2927 1257 δὲ
2953 1206 3353 1275 ἐπιτελούμενα
3381 1207 3441 1259 τὰ
3469 1225 3649 1277 προφη-

2128 1294 2389 1362 τευόμενα
2436 1294 2879 1345 ἀποκεκάλυπται
2924 1294 2993 1346 τά
3032 1294 3271 1362 ἐσόμενα
3294 1332 3309 1355 ,
3342 1295 3411 1357 ὡς
3437 1299 3533 1357 τοῖς
3569 1298 3645 1348 ὑπ’

2137 1382 2256 1450 ὄψιν
2319 1382 2577 1451 θεωροῦσι
2624 1382 2978 1451 τὴνιέκὸασιν
3027 1384 3235 1446 αὐτῶν,
3286 1385 3414 1455 ὅπερ
3464 1386 3652 1453 γέγονεν

2138 1471 2229 1522 ἐπὶ
2255 1470 2360 1521 τῶν
2386 1469 2719 1524 ἀποστόλων·
2752 1470 2893 1525 οὕτω
2924 1472 3062 1542 γὰρ,
3096 1472 3172 1535 ὡς
3202 1467 3373 1542 οἶμαι,
3409 1476 3568 1527 ἐνόουν
3597 1477 3655 1529 τὰ

2131 1558 2431 1628 πράγματα
2461 1561 2519 1611 οὑ
2558 1560 2750 1629 μᾶλλον
2776 1561 2883 1613 τῶν
2922 1562 3172 1632 πατέρων
3222 1564 3319 1615 καὶ
3360 1566 3655 1635 προφητῶν·

2129 1648 2443 1719 ἀληθεύεται
2476 1650 2532 1701 δὲ
2565 1650 2691 1720 περὶ
2722 1650 2899 1702 αὐτῶν
2940 1651 3031 1702 τό·
3076 1670 3093 1701 ι
3134 1653 3198 1704 Ὃ
3228 1654 3435 1723 ἑτέραις
3476 1659 3661 1722 γενεαῖς

490 1746 628 1812 quod
655 1744 852 1796 factum
902 1750 984 1795 est
1026 1742 1079 1793 in
1128 1738 1382 1808 apostolis
1415 1753 1428 1788 :
1459 1752 1603 1798 nam,
1640 1745 1699 1789 ut
1749 1735 1836 1805 [ad
1868 1751 2022 1787 unum

2130 1740 2229 1789 οὐκ
2266 1737 2615 1807 ἀπεκαλύφθη
2638 1777 2653 1802 ,
2703 1739 2778 1801 ὡς
2816 1739 2911 1791 νῦν
2952 1743 3063 1802 τοῖς
3094 1742 3413 1805 ἀποστόλοις
3438 1746 3524 1797 καὶ
3550 1763 3667 1816 προ-

495 1829 738 1901 modum]
787 1830 1020 1884 arbitror
1067 1843 1159 1881 eos
1203 1841 1307 1879 non
1357 1825 1526 1892 magis
1569 1839 1652 1878 res
1703 1824 2030 1878 intellexisse

489 1937 650 1990 quam
679 1920 864 1975 Patres
894 1927 945 1972 et
967 1918 1259 1984 prophetae,
1291 1917 1366 1969 sic
1392 1915 1562 1967 altero
1595 1913 1754 1967 modo
1784 1912 2029 1965 veriﬁea-

493 2022 581 2064 tur
628 2011 693 2063 de
722 2010 801 2062 eis
841 2006 968 2061 illud
993 2045 1008 2070 ,
1048 2005 1190 2073 quod
1223 2023 1240 2054 ι
1279 2004 1397 2056 aliis
1426 2002 1673 2055 aetatibus
1724 2005 2027 2055 revelatum

494 2115 599 2155 non
655 2100 796 2161 fuit,
842 2095 1286 2165 quemadmodum
1320 2107 1462 2146 nunc
1506 2092 1766 2158 apostolis
1798 2102 1851 2144 et
1903 2106 2026 2158 pro-

488 2188 664 2254 phetis
691 2225 705 2248 ,
741 2197 926 2253 gentes
953 2198 1073 2239 esse
1106 2182 1413 2235 cohaeredes
1442 2218 1457 2241 ,
1488 2190 1539 2231 et
1570 2180 1807 2245 ejusdem
1840 2193 2029 2245 corpo-

488 2278 602 2338 ris,
650 2286 702 2327 et
747 2272 1153 2341 comparticipes
1190 2268 1561 2337 promissionis
1612 2270 1665 2320 in
1715 2267 1966 2322 Christo:
2004 2287 2021 2318 ι

485 2364 610 2433 quia
638 2374 992 2431 przeterquam
1024 2361 1164 2427 quod
1195 2358 1501 2422 intelligunt
1534 2358 1790 2425 mysteria
1817 2394 1833 2420 ,
1863 2358 2024 2409 etiam

484 2455 748 2509 actionem
782 2467 875 2522 per
902 2466 1012 2505 rem
1060 2448 1351 2516 perfectam
1405 2449 1698 2501 intuentur.
1728 2446 1879 2513 Quod
1923 2462 2021 2500 au-

487 2558 591 2602 tem
617 2546 691 2598 ait
735 2542 826 2593 ἰι
873 2558 891 2590 ι
930 2539 1075 2593 Multi
1127 2538 1413 2604 prophetae,
1465 2546 1518 2588 et
1564 2535 1696 2602 justi
1745 2535 2027 2603 cupierunt

487 2637 667 2689 videre
696 2647 814 2700 qua:
845 2645 942 2683 vos
967 2628 1156 2681 videtis
1182 2666 1197 2692 ,
1223 2635 1277 2678 ct
1304 2640 1406 2679 non
1444 2626 1690 2678 viderunt
1714 2639 1729 2687 ;
1765 2634 1819 2678 et
1844 2626 2026 2679 audire

485 2737 603 2790 qua:
637 2718 854 2781 auditis,
889 2725 944 2770 et
970 2728 1073 2767 non
1107 2712 1446 2774 audierunt,»
1476 2709 1704 2764 similem
1727 2717 1901 2777 potest
1933 2709 2026 2762 ba-

485 2809 614 2863 bere
655 2800 1152 2871 interpretationem
1188 2814 1203 2847 :
1235 2797 1457 2866 perinde
1487 2797 1642 2864 quasi
1676 2796 1941 2863 cupierint
1971 2807 2025 2850 et

488 2898 562 2952 illi
609 2895 791 2948 videre
840 2889 1151 2958 mysterium
1186 2885 1312 2939 olim
1361 2884 1671 2954 praedictum
1704 2885 2021 2953 dispositum

488 2979 905 3040 lncarnationis,
951 2985 1008 3029 ct
1052 2976 1343 3029 descensus
1375 2974 1494 3027 Filii
1528 2974 1644 3032 :Dci
1694 2974 1760 3027 ad
1811 2987 2024 3028 oecono-

486 3077 649 3129 miam
682 3069 947 3141 passionis
995 3081 1105 3122 sua:
1145 3066 1511 3133 compluribus
1560 3064 1852 3127 salutaris;
1902 3072 2019 3121 tau-

484 3178 644 3234 quam
672 3161 739 3228 si,
788 3158 1018 3226 exempli
1051 3156 1242 3226 gratia,
1294 3154 1398 3208 tale
1429 3154 1687 3222 quiddam
1740 3153 1883 3209 aliud
1929 3167 2023 3205 su-

486 3265 753 3308 meremus
801 3267 817 3305 :
872 3250 1000 3305 Esto
1047 3248 1245 3314 aliquis
1292 3245 1567 3312 apostolus
1622 3245 1713 3312 qui
1766 3244 2023 3311 intelligat

488 3345 646 3415 106
675 3360 695 3394 ι
723 3341 882 3395 verba
910 3337 1194 3392 ineffabilia
1222 3375 1236 3398 ,
1262 3349 1383 3404 qua:
1412 3350 1515 3389 non
1561 3334 1685 3389 licet
1716 3335 1913 3390 homini
1947 3335 2025 3386 lo-

484 3436 573 3501 qui
604 3430 668 3495 ",
697 3450 716 3483 ι
753 3429 929 3497 sitque
956 3427 1004 3480 is
1038 3441 1143 3479 non
1172 3426 1383 3478 visurus
1405 3425 1698 3477 secundum
1729 3424 2019 3492 gloriosum

481 3512 683 3578 Christi
718 3520 1006 3573 adventum
1050 3515 1377 3584 divulgatum
1424 3514 1567 3580 apud
1601 3513 1804 3579 ﬁdeles,
1839 3521 1894 3568 et
1935 3522 2019 3567 ta-

485 3626 604 3664 men
635 3608 817 3675 cupiat
841 3604 1024 3658 videre
1062 3605 1232 3671 ipsum
1259 3617 1275 3665 ;
1322 3615 1509 3654 rursus
1533 3601 1601 3654 sit
1633 3602 1768 3654 alter
1791 3603 1881 3669 qui
1916 3618 2019 3657 non

485 3697 655 3753 solum
689 3709 794 3748 non
825 3689 1125 3763 perceperit
1151 3698 1312 3757 atque
1334 3688 1658 3742 intellexerit
1683 3690 1871 3742 eadem
1902 3704 2022 3757 qua»

487 3784 791 3853 apostolus,
836 3781 930 3835 sed
978 3778 1250 3848 impendio
1297 3777 1473 3831 minus
1520 3778 1634 3845 ipso
1680 3778 1841 3831 etiam
1873 3791 2019 3846 spem

490 3870 718 3929 divinam
761 3869 1061 3941 possederit
1084 3906 1100 3930 ,
1132 3875 1295 3935 atque
1322 3865 1410 3921 hic
1436 3865 1799 3935 deprehendat
1828 3882 2021 3925 secun-

486 3965 613 4018 dum
644 3960 950 4016 Servatoris
970 3956 1138 4011 nostri
1168 3956 1448 4009 adventum
1476 3954 1657 4022 (quem
1696 3956 1876 4023 cupiat
1903 3955 2022 4023 qui-

483 4054 603 4106 dem
631 4047 904 4120 apostolus
929 4047 1093 4114 juxta
1115 4042 1441 4118 exemplum,
1463 4056 1561 4094 nec
1590 4050 1764 4095 tamen
1797 4043 2019 4113 videat),

484 4147 636 4194 certe
672 4151 771 4191 nec
823 4134 959 4189 falso
999 4130 1462 4201 pronuntiabimus
1511 4131 1608 4184 bos
1644 4131 1776 4185 duos
1827 4133 2023 4187 vidisse

482 4239 605 4293 qua:
655 4223 885 4290 cupierit
921 4218 1195 4288 apostolus
1249 4216 1340 4271 ille
1382 4217 1467 4270 vel
1516 4217 1741 4285 apostoli
1791 4220 2018 4276 videre:

482 4327 585 4367 nec
635 4312 855 4366 omnino
900 4312 1038 4363 hanc
1076 4309 1146 4362 ob
1179 4322 1397 4362 causam
1429 4308 1733 4361 necessario
1780 4308 2019 4364 dicemus

483 4416 576 4456 eos
604 4400 980 4468 prudentiores
1029 4398 1406 4465 beatioresque
1441 4397 1712 4464 apostolis.
1748 4399 1826 4450 Ad
1877 4399 2017 4453 hunc
2054 4382 2094 4434 Ῑ)
2122 4411 2425 4478 ἐμφανειῶν

483 4491 647 4560 igitur
681 4488 897 4541 modum
940 4501 1113 4554 neque
1158 4488 1429 4554 apostolos
1468 4486 1824 4554 sapientiores
1847 4487 2018 4543 Patri-

484 4581 600 4639 bus,
630 4577 716 4631 vel
746 4577 910 4640 Mose,
948 4576 1031 4630 vel
1062 4577 1332 4645 prophetis
1362 4577 1554 4632 dicturi
1587 4592 1792 4640 sumus,
1827 4579 2014 4648 hisque
2052 4591 2320 4659 praecipue
2357 4598 2447 4663 qui
2485 4599 2687 4656 diutius
2723 4608 2791 4661 ob
2835 4610 3086 4665 virtutem

482 4668 660 4731 nibus,
698 4667 779 4720 vel
802 4668 1366 4735 repraesentationibus
1394 4667 1609 4731 divinis,
1635 4679 1690 4722 et
1718 4671 2136 4731 revelationibus
2163 4684 2444 4748 grandinm
2476 4697 2857 4760 mysteriorqu
2885 4702 3030 4772 digni

548 4764 601 4818 5.
631 4762 736 4818 Sed
759 4763 958 4816 diutius
983 4763 1298 4817 commorati
1340 4778 1523 4818 sumus
1547 4766 1597 4818 in
1628 4766 1710 4820 his
1736 4766 2015 4834 inquiren-

484 4863 596 4916 tes,
645 4854 896 4921 quoniam
939 4853 1089 4906 multi
1137 4865 1354 4922 propter
1399 4855 1759 4923 opinationem
1810 4859 2016 4925 glorifi-

444 4970 451 4971 ί
483 4944 634 4997 candi
661 4942 859 4997 Christi
883 4943 1191 5008 adventum,
1228 4943 1467 4998 dicentes
1501 4943 1847 5008 sapientiores
1887 4962 2015 5013 apo-

481 5032 644 5087 stolos
672 5046 831 5100 quam
867 5032 1149 5101 pmphetas
1182 5041 1237 5085 et
1266 5032 1446 5087 Patres
1476 5031 1659 5097 fuisse,
1687 5033 1776 5086 alii
1799 5035 2012 5101 quidem

551 5190 591 5221 "
629 5191 813 5244 Matth.
854 5206 949 5246 xm
973 5233 995 5258 ,,
1029 5193 1116 5249 17.
1168 5176 1171 5181 ’
1223 5194 1264 5224 ⁸⁸
1292 5191 1335 5244 ll
1359 5190 1613 5260 Corqxu,
1646 5192 1701 5244 4.

551 5324 663 5393 (77)
690 5327 931 5397 Ἕτερον
969 5329 1036 5382 δέ
1066 5344 1216 5393 τινα,
1251 5337 1355 5397 etc.
1395 5327 1671 5397 Ferrarius
1706 5365 1719 5379 .
1757 5341 1778 5376 ι
1812 5323 2015 5380 Rursus

484 5404 646 5462 stimo
671 5395 763 5448 alii
794 5394 934 5459 duo;
983 5417 1000 5446 ι
1031 5398 1243 5449 videtur
1267 5396 1423 5448 aliter
1456 5394 1667 5462 legisse.

484 5459 1095 5580 σῶἔὲἐαἨκριϐωκότα.
1140 5462 1444 5531 Legendum
1493 5459 1702 5515 videtur
1721 5459 1820 5515 οὐκ
1864 5461 2017 5529 ἠκρι-

563 5545 708 5581 κοτα.

2131 1828 2346 1895 φήταις,
2383 1822 2519 1878 εἶναι
2550 1827 2617 1878 τὰ
2647 1826 2769 1898 ἐθνη
2801 1828 3241 1899 συγκληρονόμα,
3281 1832 3375 1883 καὶ
3409 1833 3665 1904 σύσσωμα,

2129 1918 2222 1979 καὶ
2276 1917 2588 1987 συμμέτοχα
2641 1918 2740 1986 τῆς
2797 1920 3130 1986 ἐπαγγελίας
3186 1923 3246 1973 ἐν
3295 1923 3526 1994 Χριστῷ-
3553 1945 3571 1976 ›
3605 1927 3677 1995 τῷ

2129 2007 2262 2075 πρὸς
2290 2006 2367 2075 τῷ
2390 2010 2526 2059 νοεῖν
2549 2008 2741 2069 αὐτοὺς
2766 2009 2833 2059 τὰ
2861 2009 3153 2079 μυστήρια,
3176 2014 3267 2063 καὶ
3296 2012 3393 2083 τὴν
3419 2014 3676 2083 ἐνέργειαν

2128 2095 2212 2146 διὰ
2241 2095 2332 2146 τοῦ
2370 2096 2687 2165 πράγματος
2718 2098 3129 2167 ἐπιτελουμένου
3176 2107 3479 2157 κατανοεῖν.
3520 2104 3678 2157 Δύνα-

2134 2200 2222 2234 ται
2247 2184 2301 2235 δέ
2336 2185 2430 2235 καὶ
2455 2186 2534 2247 τὸ,
2567 2205 2583 2235 ι
2623 2187 2811 2238 Πολλοὶ
2844 2188 3118 2256 προφῆται
3160 2191 3254 2242 καί¹
3284 2191 3477 2246 δίκαιοι
3503 2195 3678 2247 ἐπεθύ-

2132 2291 2306 2343 μησαν
2338 2275 2481 2337 ἰδεῖν,
2514 2275 2547 2328 ἀ
2574 2277 2731 2345 ὑμεῖς
2765 2276 2987 2345 βλέπετε
3017 2318 3030 2339 ,
3084 2280 3179 2332 καί⁵
3231 2283 3333 2334 οὐκ
3384 2281 3517 2337 εἶδον
3545 2324 3559 2345 .
3598 2288 3678 2340 κο)

2127 2362 2374 2427 ἀκοῦσαι,
2406 2362 2440 2416 ἃ
2474 2364 2717 2428 ἀκούετε,
2754 2366 2847 2417 καὶ
2882 2366 2979 2418 οὐκ
3010 2368 3283 2437 ἥκουσαν,
3316 2390 3333 2421 ι
3370 2372 3464 2443 τὴν
3509 2376 3677 2443 ὁμοίω

2135 2452 2277 2522 ἔχειν
2310 2454 2574 2524 διήγησιν·
2603 2455 2765 2507 οἱονεὶ
2797 2455 2952 2507 ἐπιθυ
2963 2459 3254 2525 μησάντων
3280 2462 3549 2515 κάκείνων
3575 2466 3678 2517 ἰδεῖν

2131 2544 2571 2614 οίκονομούμενον
2600 2545 2659 2596 τὸ
2695 2550 2987 2617 μυστήριον
3019 2549 3118 2617 τῆς
3150 2549 3245 2601 τοῦ
3283 2550 3419 2604 Υἱοῦ
3441 2553 3536 2607 τοῦ
3568 2555 3678 2607 Θεοι

2127 2632 2556 2702 ἐνσωματώσεως
2594 2635 2687 2686 καὶ
2729 2637 3082 2699 καταϐάσεως
3119 2640 3213 2691 ἐπὶ
3245 2641 3346 2710 τὴν
3392 2645 3678 2714 οίκονομίον

2125 2720 2217 2772 τοῦ
2253 2722 2514 2791 σωτηρίου
2572 2726 2684 2786 τοῖς
2737 2725 2947 2787 πολλοῖς
2994 2726 3201 2790 πάθους
3243 2730 3454 2783 αὑτοῦ·
3494 2734 3570 2796 ὡς
3617 2737 3678 2786 ἐτι

2126 2809 2558 2880 παραδείγματος
2613 2816 2707 2865 καὶ
2764 2814 2889 2867 ἄλλο
2920 2833 2971 2867 τι
3004 2816 3247 2872 τοιοῦτον
3290 2821 3674 2894 ἐλαμϐάνομεν

2122 2899 2260 2951 ἔστω
2313 2899 2433 2952 τινὰ
2484 2902 2591 2953 τῶν
2651 2904 2958 2957 ἀποστόλων
3010 2910 3263 2964 συνιέντα
3315 2930 3332 2961 ι
3384 2914 3457 2965 τὰ
3498 2915 3678 2985 apem:

2127 2989 2362 3058 ῥήματα,
2392 2989 2428 3041 δι
2452 2991 2550 3042 οὐκ
2581 2991 2699 3053 ἐξὸν
2732 2993 3012 3064 ἄνθρωπον
3042 2998 3297 3069 λαλῆσαι,
3322 3020 3341 3053 ι
3387 3005 3465 3072 μὴ
3510 3005 3678 3072 ὀψόμε

2125 3093 2212 3127 νον
2243 3076 2338 3146 τὴν
2372 3078 2521 3148 παρά
2551 3084 2661 3142 τοῖς
2686 3085 3071 3137 πεπιστευκόσι
3100 3090 3572 3159 κατηγγελμένην
3599 3093 3678 3143 δει

2124 3165 2282 3237 τέραν
2327 3171 2638 3239 σωματικὴν
2690 3173 2862 3241 Ἰησοῦ
2901 3175 3110 3240 ἔνδοξον
3144 3178 3473 3247 ἐπιδημίαν,
3526 3181 3678 3234 ἐπιθι

2127 3259 2245 3326 μεῖν
2278 3258 2444 3326 αὐτὴν
2498 3262 2648 3329 όρᾷν·
2710 3262 2894 3333 ἕτερον
2941 3265 2997 3317 δέ
3040 3283 3164 3319 τινα
3198 3269 3312 3338 (77)
3346 3270 3413 3323 οὐ
3458 3272 3678 3340 μόνον’

2122 3345 2258 3397 αὑτά
2305 3346 2382 3416 τῷ
2421 3349 2698 3420 ἀποστόλῳ
2740 3354 3088 3422 ἠκριϐωκότα
3114 3358 3226 3427 (78)
3261 3360 3359 3411 καὶ
3392 3364 3675 3431 νενοηκότ

2123 3434 2255 3487 ἀλλά
2282 3436 2374 3487 καὶ
2407 3436 2583 3506 πολλῷ
2611 3440 2773 3493 αὑτοῦ
2809 3441 3025 3499 ἔλαττον
3046 3448 3417 3518 ἀντεχόμενον
3438 3452 3551 3520 τῆς
3583 3453 3672 3505 θεὶ

2122 3523 2363 3615 ἐλπίδος,
2400 3527 2834 3615 καταλαμϐάνειν
2881 3534 2981 3603 τὴν
3021 3535 3423 3608 δευτέραν.τοῦ
3464 3545 3678 3615 Σωτῆρ

2124 3613 2277 3682 ἡμῶν
2309 3614 2598 3685 ἐπιδημίαν
2653 3621 2761 3688 (ἣν
2804 3624 3253 3695 ἐπιτεθυμηκέτω
3287 3629 3423 3697 μὲν,
3483 3613 3654 3687 κατὰ

2123 3699 2499 3770 παράδειγμα,
2545 3706 2574 3756 ό
2618 3706 2968 3775 Ἀπόστολος,
3012 3714 3083 3783 μὴ
3136 3713 3565 3785 τεθεωρηκέτω
3628 3724 3678 3777 δέ

2121 3790 2181 3841 οὐ
2208 3789 2395 3858 ψεῦδος
2413 3792 2475 3861 δὴ
2509 3794 2761 3865 ἐροῦμεν,
2793 3799 2874 3852 ὄτι
2895 3802 3002 3854 οἶδε
3040 3802 3131 3855 δύο
3151 3803 3186 3857 ἃ
3206 3804 3605 3879 ἐπεθύμησεν
3633 3814 3678 3879 t'.

2121 3881 2149 3931 6
2193 3880 2482 3943 ἀπόστολος
2521 3883 2648 3936 ίδείν
2693 3886 2726 3957 ἢ
2762 3892 2856 3941 καὶ
2904 3892 3204 3956 ἀπόστολοι,
3250 3894 3614 3963 τεθέαντοιι,
3661 3922 3678 3957 1

2121 3969 2181 4020 οὐ
2214 3968 2426 4031 πάντως
2451 3973 2603 4042 παρὰ
2629 3975 2787 4029 τοῦτο
2841 3985 3231 4051 συνετωτέρους
3265 3985 3499 4050 αὐτοὺς
3561 3991 3611 4062 ἢ
3662 4010 3678 4063 ι

2120 4058 2477 4128 καριωτὲρους
2524 4062 2734 4137 ἀνάγκη
2775 4068 2953 4136 λέγειν
2994 4072 3103 4124 τῶν
3134 4074 3509 4131 ἀποστόλων.

2120 4146 2236 4198 οὐδὲ
2266 4149 2390 4210 τοὺς
2418 4151 2746 4219 ἀποστόλους
2777 4161 3116 4232 σοφωτέρους
3155 4163 3264 4216 τῶν
3311 4170 3636 4241 πατέρων
3675 4216 3678 4225 .

2119 4235 2376 4323 Μωσέως,
2408 4241 2500 4292 καὶ
2532 4242 2639 4295 τῶν
2661 4252 2985 4319 προφητῶν,
3017 4253 3109 4305 καὶ
3144 4254 3395 4323 μάλιστα.
3456 4235 3604 4315 τξῖιν
3646 4266 3678 4315 ἐ

2123 4320 2300 4415 πλεῖον
2472 4330 2672 4402 ἀρετὴν
2738 4335 3074 4402 ἀξιωθέντων
3138 4320 3523 4411 ἐπιφανειῶν
3562 4391 3585 4415 ,

2158 4417 2425 4551 gignatth
2466 4417 2624 4473 θείων
2645 4461 2659 4485 ,
2698 4427 2792 4478 καὶ
2826 4428 3214 4501 ἀποκαλύψεων
3244 4442 3651 4512 μυστηρίων

2223 4518 2315 4551 ων.

2119 4514 2315 4564 γαλων.

3113 4618 3384 4683 supernis
3423 4637 3620 4695 appa
3634 4630 3678 4683 τί

3063 4704 3210 4759 fuere
3235 4708 3301 4761 ba
3312 4709 3372 4762 bi
3385 4712 3436 4763 li
3449 4752 3469 4766 .

2188 4776 2242 4873 ς’).
2289 4779 2578 4873 Ἐπιπλέον
2636 4789 2694 4843 δὲ
2752 4794 3101 4868 διετρίψαμεν
3156 4798 3590 4873 ἐξετάζοντες

2115 4864 2348 4962 τούτων,
2387 4872 2499 4962 ἐπὶ
2565 4878 2677 4952 (80)
2731 4889 2797 4958 τῇ
2843 4864 3105 4959 φαντασίᾳ
3159 4890 3251 4942 τοῦ
3317 4864 3673 4962 δοξάζειν

2118 4951 2349 5049 δριστοςι
2381 4959 2675 5035 ἐπιδημίαν
2705 4951 2921 5043 πολλοὶ,
2954 4951 3283 5047 σοφωτέρους
3310 4951 3496 5049 τοίξς
3518 4951 3678 5046 3%}

2120 5038 2240 5101 λους
2268 5044 2374 5097 τῶν
2411 5055 2668 5125 πατέρων
2714 5070 2811 5124 καὶ
2861 5038 2965 5125 τῶν
3009 5038 3299 5138 amics}
3346 5038 3678 5143 150;};

2120 5397 2137 5452 ι
2174 5333 2300 5411 .(⁷9)
2330 5338 2388 5391 Ἃ
2415 5340 2838 5428 ἐπεθύμησεν.
2873 5363 2962 5419 Sic
2993 5364 3133 5414 recte
3164 5352 3327 5406 habet
3348 5312 3636 5419 co.dex

2141 5414 2344 5452 elatius.
2382 5407 2434 5452 In
2464 5415 2723 5452 mlum...“
2768 5436 2808 5452 ..
3050 5427 3184 5452 ΑΜ...
3216 5420 3245 5452 ιιι

2141 5407 2728 5491 εἰρέλιιεκξιιγςιιίμὶιιῖᾇ
2747 5407 3191 5491 Ὤίιεῖίξιιῖἆετθι
3215 5420 3269 5476 ἆ.

2190 5468 2303 5540 (ευ)
2353 5473 2511 5532 Ἐπί·
2554 5468 2728 5563 ne:
2746 5468 2893 5563 ea:
