3880 6224
342 227 456 286 209

1433 235 1780 293 COMMENT.
1823 235 1890 290 IN
1924 235 2114 291 JOAN.
2151 234 2388 291 TOMUS
2425 232 2515 286 Vl.

3445 244 3549 299 210

343 343 451 413 μὲν
484 345 578 397 καὶ
608 343 786 416 ἕτερον
813 346 1241 405 ’ἀναπεπλάκασι
1283 352 1412 407 Θεὸν
1445 356 1661 424 μείζονα
1687 398 1700 421 ,
1750 356 1797 407 0i
1852 355 1909 407 δὲ

2012 354 2173 409 Deum
2206 356 2462 421 majorem
2508 351 2794 423 finxerunt,
2834 358 2925 412 alii
2962 372 3087 411 vero
3126 359 3227 413 hoc
3264 374 3368 413 non
3408 362 3548 426 ausi,

343 432 426 503 μὴ
472 433 632 486 τοῦτο
675 435 1050 506 τολμήσαντες
1075 480 1090 503 ,
1125 443 1246 495 ὅσον
1297 444 1388 496 ἐπὶ
1435 444 1511 513 τῷ
1543 446 1718 498 αὐτῶν
1749 446 1908 516 λόγῳ,

336 523 435 576 διὰ
486 525 551 578 τὸ
589 524 950 581 ἀϐασάνιστον
979 530 1087 583 τῶν
1119 533 1398 601 δογμάτων
1423 535 1790 604 χρεωκοποῦσι
1814 538 1912 606 τὴν

338 611 639 683 δεδομένην
685 617 796 677 τοῖς
852 621 1094 688 πατράσι
1155 623 1248 674 καὶ
1302 626 1412 685 τοῖς
1466 627 1766 694 προφήταις
1807 625 1913 679 ἀπὸ

341 701 488 754 Θεοῦ
520 703 607 755 διά
633 704 869 774 Χριστοῦ
904 706 1136 777 δωρεὰν,
1171 711 1239 762 δι’
1268 706 1327 765 οῦ
1358 711 1422 763 τά
1463 713 1635 765 πάντα
1661 714 1870 780 ἐγένετο
1893 731 1906 744 ·

341 794 396 845 εἰ
436 794 496 845 δὲ
533 794 604 846 τὰ
638 795 848 858 πάντα,
884 797 1125 867 δηλονότι
1158 802 1250 853 καὶ
1280 802 1346 854 τὰ
1376 802 1596 867 ἐκείνοις
1646 803 1914 857 ἀποκαλυ-

341 880 553 947 φθέντα
588 882 725 935 καλὰ
761 885 857 936 καὶ
895 889 1257 957 πεπραγμένα
1306 889 1543 959 σύμϐολα
1605 894 1911 963 μυστηρίων

341 969 662 1034 θεοσεϐείας
700 973 891 1039 ἁγίων.
938 976 1152 1046 Ἐπειδὴ
1208 976 1315 1047 (81)
1356 978 1528 1051 πάντη
1583 982 1912 1051 φράσσεσθαι

338 1060 427 1112 δεῖ
458 1064 588 1125 τοὺς
630 1064 910 1130 γενναίους
948 1068 1181 1137 Χριστοῦ
1232 1071 1562 1141 στρατιώτας
1605 1074 1743 1143 ὑπὲρ
1785 1074 1913 1143 ἀλη-

341 1149 524 1213 θείας,
557 1153 793 1223 οὐδαμοῦ
828 1160 971 1212 κατά
1000 1160 1060 1212 τὸ
1079 1156 1303 1213 δυνατὸν
1337 1162 1680 1232 παρείσδυσιν
1710 1164 1912 1226 ἐῶντας

339 1240 669 1305 ἐγγενέσθαι
723 1247 789 1313 τῇ
842 1247 952 1299 ἀπὸ
1001 1248 1093 1300 τοῦ
1137 1248 1359 1316 ψεύδους
1399 1250 1734 1320 πιθανότητι·
1784 1251 1911 1322 φέρε

342 1327 444 1377 καλ⁵
511 1328 683 1381 ταῦτα
740 1335 1120 1405 σκοπήσωμεν.
1174 1336 1322 1407 Τάχα
1371 1338 1477 1406 γάρ
1529 1342 1753 1409 φήσουσι
1816 1342 1911 1411 τὴν

342 1413 626 1483 προτέραν
672 1417 917 1472 Ἰωάννου
962 1423 1087 1492 περὶ
1129 1425 1361 1494 Χριστοῦ
1412 1427 1709 1496 μαρτυρίαν
1743 1424 1907 1480 εἶναι·

348 1517 370 1548 0
421 1502 485 1553 Ὀ
518 1503 694 1556 ὀπίσω
732 1523 832 1575 μου
872 1509 1163 1580 ἐρχόμενος
1190 1512 1490 1582 ἔμπροσθέν
1525 1532 1622 1583 μου
1654 1516 1870 1583 γέγονεν
1894 1557 1909 1581 ,

342 1590 432 1642 ὅτι
488 1593 704 1662 πρῶτός
740 1613 840 1665 μου
868 1594 954 1668 ἦν·
988 1618 1007 1650 ι
1061 1602 1122 1653 τὸ
1158 1601 1233 1665 δὲ,
1275 1621 1293 1652 0
1322 1603 1440 1656 ’Ότι
1479 1606 1541 1655 ἐκ
1570 1605 1661 1656 τοῦ
1693 1604 1909 1675 πληρώ-

348 1696 527 1748 ματος
554 1684 719 1735 αὐτοῦ
754 1688 911 1754 ἡμεῖς
941 1688 1137 1752 πάντες
1171 1690 1451 1761 ἐλάϐομεν,
1480 1693 1570 1745 καὶ
1605 1695 1757 1763 χάριν
1792 1696 1909 1747 ἀντί

345 1770 754 1841 χάριτος,ικαὶ
790 1775 859 1826 τὰ
893 1775 1041 1844 ἐξῆς,
1093 1778 1335 1848 εἰρῆσθαι
1385 1783 1445 1831 ἐκ
1488 1780 1772 1847 προσώπου
1815 1782 1907 1835 τοῦ

349 1858 620 1927 μαθητοῦ.
683 1863 1001 1930 Ἀναγκαῖον
1047 1865 1103 1917 δὲ
1163 1869 1256 1920 καὶ
1315 1867 1482 1930 οὕτως
1530 1870 1789 1937 διελέγξαι
1835 1872 1910 1933 ὡς

349 1947 727 2019 βεὸιασμένην
784 1953 877 2005 καὶ
930 1955 1282 2009 ἀνακόλουθον
1331 1958 1427 2027 τὴν
1485 1959 1704 2029 ἐκδοχήν
1738 1976 1751 1990 ·
1809 1960 1910 2012 πάι

346 2054 418 2089 γυ
475 2038 585 2109 γὰρ
643 2039 813 2106 βίαιον
848 2042 908 2093 τὸ
963 2043 1167 2097 οἴεσθαι
1230 2047 1485 2113 αἰφνίδιον
1549 2049 1707 2099 οἱονεὶ
1759 2049 1911 2100 ἀκαί-

350 2141 467 2187 ρως
525 2126 910 2183 διακόπτεσθαι
964 2132 1051 2183 τὸν
1104 2132 1195 2185 τοῦ
1251 2133 1547 2185 Βαπτιστοῦ
1607 2134 1758 2201 λόγον
1809 2136 1911 2186 ὑπὸ

344 2214 446 2265 τοῦ
508 2215 665 2282 λόγου
720 2217 814 2270 τοῦ
888 2220 1160 2290 μαθητοῦ,
1223 2224 1316 2274 καὶ
1367 2226 1525 2275 παντὶ
1567 2224 1642 2293 τῷ
1684 2226 1774 2276 καὶ
1821 2226 1911 2277 ἐπὶ

345 2305 522 2355 ποσὸν
597 2307 814 2359 ἀκούειν
895 2310 1252 2380 συμφράσεως
1323 2313 1622 2381 λεγομένων
1687 2315 1909 2366 ἐπιστα-

349 2392 505 2460 μένῳ
566 2397 734 2463 σαφὲς
781 2398 841 2449 τὸ
878 2396 972 2450 τοῦ
1031 2399 1219 2469 εἱρμοῦ
1272 2400 1372 2468 τῆς
1420 2401 1643 2466 λέξεως·
1690 2421 1707 2451 0
1749 2400 1912 2465 υῦτος

344 2475 416 2548 ἦν
447 2480 510 2532 ὃν
534 2478 716 2535 εἶπον
742 2486 797 2539 Ὀ
809 2485 979 2538 ὀπίσω
994 2502 1091 2554 μου
1135 2488 1421 2557 ἐρχόμενος
1471 2488 1772 2560 ἔμπροσθέν
1812 2507 1910 2560 μου

346 2572 594 2638 γέγονεν,
644 2574 724 2624 ὅτι
776 2575 991 2643 πρῶτός
1027 2593 1125 2645 μου
1155 2574 1240 2647 ἦν.
1283 2596 1301 2629 ι
1352 2579 1594 2632 Διδάσκει
1632 2581 1687 2633 δὲ
1733 2582 1761 2632 ὁ
1804 2582 1910 2634 Βα-

346 2662 584 2729 πτιστὴς
610 2662 724 2724 πῶς
765 2663 1067 2733 ἔμπροσθεν
1095 2667 1258 2719 αὑτοῦ
1306 2668 1522 2735 γέγονεν
1564 2670 1788 2737 Ἰησοῦς,
1835 2672 1911 2741 τῷ

347 2749 568 2818 πρῶτος
594 2751 780 2815 αὐτοῦ,
827 2753 948 2805 ἐπεὶ
985 2775 1002 2803 0
1037 2757 1375 2823 πρωτότοκος
1407 2757 1580 2826 πάσης
1612 2761 1854 2823 κτίσεως,
1887 2779 1907 2812 ι

348 2832 515 2901 εἶναι,
541 2837 628 2889 διὰ
652 2838 768 2899 τοῦ,
799 2857 818 2888 0
844 2839 963 2892 Ὄτι
992 2843 1055 2892 ἐκ
1083 2840 1176 2893 τοῦ
1197 2841 1552 2911 πληρώματος
1578 2843 1735 2896 αὐτοῦ
1756 2846 1912 2913 ἡμεῖς

348 2927 554 3027 πάντες
585 2927 847 2996 ἐλάϐομεν
872 2945 884 2958 ·
926 2948 944 2979 ›
970 2930 1056 2981 διὰ
1079 2930 1235 2982 τοῦτο
1261 2932 1583 3027 γάρυφησινσ
1624 2952 1641 2983 0
1674 2935 1912 3003 Ἐμπρο-
1938 2968 1979 3027 c

350 3015 481 3066 σθέν
515 3032 614 3080 μου
648 3017 887 3084 γέγονεν,
909 3019 988 3069 ὅτι
1018 3019 1228 3088 πρῶτός
1250 3037 1347 3089 μου
1375 3016 1461 3089 ἦν·
1502 3041 1519 3071 ι
1545 3021 1632 3073 διὰ
1656 3022 1808 3074 τοῦτο
1851 3025 1906 3076 δὲ

349 3104 461 3155 νοῶ
490 3105 644 3159 αὑτὸν
667 3107 880 3174 πρῶτόν
916 3124 1014 3177 μου
1045 3108 1171 3159 ὄντα
1201 3108 1290 3161 καὶ
1320 3110 1631 3180 τιμιώτερον
1662 3112 1804 3181 παρὰ
1830 3111 1907 3181 τῷ

352 3194 550 3264 Πατρὶ,
588 3196 709 3247 ἐπεὶ
739 3197 802 3248 ἐκ
834 3196 929 3248 τοῦ
959 3197 1316 3268 πληρώματος
1337 3199 1496 3250 αὐτοῦ
1525 3199 1631 3267 ἐγώ
1656 3217 1716 3252 τε
1748 3202 1838 3252 καὶ
1859 3202 1909 3252 οἱ

357 3284 467 3352 πρὸ
498 3284 632 3352 ἐμοῦ
679 3285 953 3355 προφῆται
980 3286 1274 3356 εἰλήφαμεν
1325 3288 1480 3356 χάριν
1507 3286 1601 3354 τὴν
1638 3288 1908 3358 θειοτέραν

354 3374 452 3423 καὶ
470 3373 832 3442 προφητικὴν,
854 3375 971 3428 ἀντὶ
1000 3376 1214 3445 χάριτος
1244 3376 1342 3444 τῆς
1368 3376 1503 3428 κατὰ
1531 3375 1624 3445 τὴν
1657 3378 1908 3447 προαίρε-

360 3476 445 3513 σιν
469 3461 622 3530 ἡμῶν
655 3462 1040 3530 άποδεχθεῖσαν
1077 3465 1201 3532 παρ’
1232 3463 1392 3531 αὐτῷ·
1428 3463 1514 3515 διὰ
1553 3463 1706 3516 τοῦτο
1731 3464 1785 3514 δὲ
1819 3466 1910 3517 καὶ

367 3568 388 3598 0
415 3547 720 3617 ἔμπροσθεν
750 3550 990 3616 γέγονεν,
1021 3550 1103 3601 ὃτι
1130 3550 1335 3620 πρῶτός
1363 3568 1460 3619 μου
1490 3547 1574 3619 ἦν·
1620 3570 1637 3601 ι
1674 3554 1790 3603 ἐπεὶ
1819 3554 1911 3605 καὶ

359 3641 712 3708 νενοήκαμεν,
750 3640 814 3692 ἐκ
860 3639 954 3691 τοῦ
1007 3639 1359 3709 πληρώματος
1405 3640 1565 3692 αὐτοῦ
1617 3642 1908 3710 εἰληφότες,

359 3728 447 3778 τὸν
479 3729 575 3796 μὲν
609 3728 773 3796 νόμον
809 3728 898 3781 διὰ
928 3729 1168 3790 Μωσέως
1214 3730 1474 3793 δεδόσθαι,
1508 3732 1605 3813 οὐχ
1642 3732 1745 3782 ὑπὸ
1783 3734 1911 3784 Μω-

362 3816 514 3879 σέως·
539 3818 638 3887 τὴν
670 3818 727 3871 δὲ
752 3818 910 3888 χάριν
931 3819 1023 3870 καὶ
1055 3818 1150 3886 τὴν
1180 3819 1430 3888 ἀλήθειαν
1455 3820 1541 3873 διὰ
1582 3819 1747 3889 Ἰησοῦ
1783 3823 1914 3891 Χρι-

364 3906 483 3958 στοῦ
515 3907 575 3958 οὐ
603 3906 850 3959 δεδόσθαι
873 3907 1051 3974 μόνον,
1070 3907 1202 3959 ἀλλὰ
1230 3909 1320 3960 καὶ
1343 3908 1639 3976 γεγονέναι,
1668 3908 1760 3961 τοῦ
1780 3911 1912 3962 Θεοῦ

364 3995 451 4045 καὶ
478 3995 689 4064 Πατρὸς
722 3993 888 4047 αὑτοῦ
917 3995 1007 4047 τόν
1032 4012 1091 4046 τε
1121 3996 1278 4063 νόμον
1304 3996 1390 4049 διὰ
1425 3996 1665 4058 Μωσέως
1696 3997 1914 4050 δεδωκό-

364 4101 470 4145 τος,
493 4084 588 4153 τὴν
612 4085 773 4154 χάριν
805 4085 898 4135 καὶ
936 4084 1034 4152 τὴν
1060 4084 1309 4152 ἀλήθειαν
1352 4085 1438 4137 διὰ
1479 4085 1648 4153 Ἰησοῦ
1684 4084 1913 4155 Χριστοῦ

365 4173 739 4238 πεποιηκότος
773 4171 934 4239 χάριν
965 4171 1019 4222 δὲ
1062 4171 1153 4221 καὶ
1187 4172 1433 4240 ἀλήθειαν
1462 4173 1810 4241 πεποιηκότος
1828 4174 1913 4225 διὰ

2013 455 2268 511 quantum
2305 459 2368 498 ex
2411 444 2645 512 ipsorum
2694 446 2872 501 verbis
2917 447 3239 515 percipimus
3267 489 3281 513 ,
3331 459 3549 517 propter

2011 534 2254 601 dogmata
2285 545 2404 600 quae
2431 531 2695 600 expllcatu
2729 534 2963 588 diiiicilia
3000 545 3145 596 sunt,
3178 538 3463 605 prophetas
3485 552 3548 590 ac

2012 624 2197 677 Patres
2241 623 2379 677 dono
2432 618 2746 676 defraudant
2779 626 2919 694 quod
2958 624 3059 678 illis
3091 641 3118 677 a
3149 625 3254 678 Deo
3295 626 3545 678 donatum

2013 712 2185 765 fuerat
2211 724 2302 780 per
2330 711 2621 773 Christum,
2656 728 2750 780 per
2773 728 2926 779 quem
2949 712 3125 767 omnia
3148 712 3292 768 facta
3321 727 3446 765 sunt
3468 706 3546 780 ";

2014 816 2133 854 nam
2165 801 2207 854 si
2238 801 2438 862 omnia,
2466 800 2803 870 perspicuum
2833 803 2992 853 etiam
3030 811 3130 868 est,
3163 817 3279 869 qua:
3315 800 3420 854 illis
3459 814 3549 854 re-

2011 891 2178 944 velata
2210 891 2425 943 fuerunt
2471 890 2724 958 prmclara
2767 898 2820 942 et
2866 900 3104 958 peracta,
3147 892 3295 960 signa
3339 900 3547 944 saneto-

2012 992 2131 1034 rum
2161 981 2531 1049 mysteriorum
2563 980 2735 1034 cultus
2766 982 2857 1033 Dei
2892 996 2984 1050 per
3007 981 3176 1047 ipsum
3199 981 3335 1034 facta
3363 980 3545 1035 fuisse.

2011 1063 2123 1119 Jatn
2166 1067 2414 1131 quoniam
2459 1065 2810 1133 undeqnaque
2858 1067 3049 1119 ntnniri
3082 1082 3299 1120 necesse
3336 1079 3418 1120 est
3452 1082 3546 1136 ge-

2014 1166 2233 1206 nerosos
2265 1153 2461 1207 Christi
2494 1154 2690 1207 milites
2732 1170 2827 1224 pro
2859 1155 3105 1218 veritate,
3143 1158 3398 1223 nusquam
3451 1171 3547 1221 pro

2014 1243 2151 1295 virili
2198 1244 2315 1296 fieri
2365 1243 2738 1310 permittentes
2785 1244 3079 1311 ingressum
3130 1244 3276 1298 falsae
3326 1260 3543 1314 persua-

2011 1327 2169 1390 sioni,
2194 1341 2290 1395 age
2335 1337 2388 1380 et
2416 1329 2529 1382 lucc
2563 1330 2984 1384 consideremus.
3014 1330 3145 1383 Nam
3184 1333 3407 1386 fortasse
3438 1332 3547 1401 pri-

2014 1431 2157 1468 mum
2192 1415 2414 1470 Joannis
2445 1419 2508 1471 de
2538 1416 2754 1472 Christo
2793 1422 3157 1474 testiinonium
3189 1437 3307 1475 esse
3330 1423 3543 1491 dicent;

2016 1521 2035 1552 0
2070 1504 2167 1569 Qui
2200 1514 2318 1571 post
2339 1519 2420 1559 me
2450 1507 2614 1571 venit,
2643 1517 2765 1560 ante
2804 1523 2887 1561 me
2919 1508 3089 1562 factus
3118 1521 3222 1572 est,
3253 1510 3373 1579 quia
3403 1512 3547 1579 prior

2012 1606 2095 1645 me
2121 1602 2236 1646 erat
2259 1594 2331 1657 ³⁵;
2372 1613 2389 1644 ι
2427 1604 2481 1648 ει
2530 1595 2660 1649 illud
2694 1612 2711 1651 :
2748 1616 2767 1649 0
2809 1597 2884 1651 Ex
2923 1600 3250 1667 plenitudine
3282 1601 3397 1671 ejus
3446 1614 3545 1656 nos

1941 1670 1981 1724 Β
2005 1698 2190 1737 omnes
2214 1685 2532 1754 accepimus,
2557 1696 2608 1740 et
2633 1689 2857 1756 gratiam
2888 1705 2984 1756 pro
3009 1691 3177 1753 gratia
3211 1691 3276 1755 ³⁵,
3310 1670 3330 1743 ι
3357 1704 3409 1746 ει
3428 1707 3548 1763 quin

2007 1781 2340 1839 sequuntur,
2392 1773 2590 1825 dictum
2641 1773 2808 1828 fuisse
2859 1790 2923 1829 ex
2981 1785 3206 1842 persona
3274 1780 3540 1846 discipuli.

2010 1859 2158 1914 Unde
2188 1876 2406 1915 necesse
2428 1870 2509 1915 est
2548 1863 2952 1931 intelligentiam
2987 1866 3121 1919 hanc
3152 1866 3415 1930 refellere,
3446 1882 3543 1923 cett

2007 1960 2247 2003 coactam
2298 1960 2351 2004 et
2407 1967 2511 2005 aen
2556 1963 2997 2020 conseqttcntem.
3048 1956 3346 2009 Admodum
3400 1958 3543 2010 enim

2007 2039 2293 2092 violentum
2324 2050 2407 2093 est
2434 2041 2751 2097 existimare
2800 2053 3020 2109 repente
3071 2043 3208 2099 adeo
3239 2054 3291 2098 et
3342 2044 3541 2113 impor-

2010 2138 2132 2182 tune
2184 2129 2434 2196 Baptista:
2494 2129 2790 2184 orationem
2854 2132 3205 2199 interruptam
3257 2133 3423 2189 fuisse
3475 2135 3542 2189 ab

2008 2218 2248 2269 oratione
2295 2218 2564 2284 discipuli.
2603 2218 2668 2272 Et
2719 2232 2850 2272 sane
2881 2220 2958 2272 vel
3010 2222 3225 2275 cuilibet
3278 2223 3368 2290 qui
3421 2230 3541 2275 tan-

2010 2305 2176 2358 tillum
2240 2305 2484 2371 judicare
2552 2306 2680 2359 sciat
2753 2315 3061 2360 contextum
3131 2310 3390 2363 orationis
3450 2324 3545 2364 eo-

2010 2412 2124 2449 rum
2170 2411 2288 2465 qute
2330 2397 2610 2465 dicuntur,
2662 2397 2907 2452 lectionis
2960 2398 3127 2452 series
3183 2409 3365 2467 aperta
3402 2410 3536 2456 est:

2013 2486 2168 2553 107
2204 2502 2223 2535 0
2262 2484 2355 2539 ilic
2384 2495 2518 2547 erat,
2546 2500 2702 2554 quem
2732 2486 2838 2539 dixi
2875 2503 2888 2537 :
2928 2485 3025 2552 Qui
3077 2497 3195 2554 post
3248 2503 3332 2542 me
3369 2488 3540 2555 Vt'ttil,

2011 2586 2131 2629 ante
2168 2590 2249 2628 me
2286 2574 2460 2629 factus
2485 2585 2589 2641 est,
2619 2578 2740 2643 quia
2788 2577 2933 2644 prior
2960 2591 3059 2629 me
3092 2578 3294 2633 erat“.
3331 2597 3350 2629 ι
3385 2575 3545 2635 Docet

2009 2673 2187 2716 autem
2215 2662 2450 2731 Baptista
2505 2664 2769 2730 quomodo
2799 2673 2921 2717 ante
2964 2678 3022 2717 se
3066 2664 3240 2718 factus
3268 2669 3335 2720 sit
3366 2666 3543 2733 Jesus,

2009 2750 2179 2803 dictus
2204 2750 2317 2819 ipso
2340 2748 2574 2817 Baptista
2624 2751 2788 2818 prior,
2833 2751 2955 2818 quia
2988 2750 3058 2804 sit
3104 2769 3123 2802 0
3160 2746 3546 2822 primogenitus

2008 2838 2180 2891 onmis
2203 2848 2460 2891 creaturze
2483 2839 2547 2904 ",
2584 2857 2601 2888 ι
2635 2853 2729 2907 ρει·
2768 2839 2855 2890 illa
2889 2839 3048 2891 verba
3081 2856 3095 2891 :
3133 2858 3151 2890 0
3191 2840 3449 2905 Quoniam
3475 2840 3546 2897 ex

2013 2928 2334 2994 plenitudine
2382 2928 2497 2996 ejus
2546 2942 2641 2982 nos
2695 2942 2882 2981 omnes
2939 2927 3242 2997 accepimus
3289 2929 3352 2983 ³⁸.
3398 2950 3416 2981 ι
3466 2930 3545 2984 0b

2010 3017 2147 3069 hanc
2189 3017 2328 3069 enim
2372 3024 2585 3070 causam
2641 3017 2832 3083 inquit,
2870 3034 2887 3067 0
2925 3018 3059 3069 Ante
3102 3022 3186 3074 me
3230 3016 3402 3072 factus
3439 3028 3544 3081 est,

2008 3107 2254 3174 quoniam
2279 3108 2426 3174 prior
2455 3121 2537 3159 me
2562 3117 2679 3159 erat
2701 3106 2765 3170 ”,
2798 3125 2816 3156 ι
2850 3115 2901 3157 ει
2923 3110 2991 3159 ob
3028 3108 3165 3160 hanc
3208 3120 3422 3162 causam
3460 3111 3544 3161 in-

2010 3197 2186 3265 telligo
2212 3211 2328 3249 eum
2356 3199 2583 3264 priorem
2631 3211 2714 3249 me
2756 3196 3017 3249 exsistere
3047 3203 3101 3248 et
3142 3197 3278 3263 apud
3329 3196 3544 3249 Patrem

2010 3284 2462 3339 honorabiliorem
2492 3298 2629 3347 esse,
2674 3283 2923 3352 quoniam
2958 3296 3022 3335 ex
3056 3283 3168 3349 ejus
3214 3286 3545 3352 plenitudine

2012 3384 2120 3426 tum
2171 3388 2286 3442 ego,
2334 3383 2443 3427 tum
2500 3374 2792 3441 prophetae,
2849 3372 2936 3440 qui
2989 3387 3072 3426 me
3120 3383 3544 3439 antecesserunt,

2011 3464 2411 3531 sumpserimus,
2442 3474 2631 3530 nempe
2656 3464 2879 3533 gratiam
2920 3465 3258 3527 diviniorem,
3291 3474 3343 3518 et
3375 3464 3545 3531 majo-

2012 3566 2143 3611 rem,
2177 3562 2225 3603 et
2264 3552 2650 3618 propheticam,
2678 3567 2774 3619 pro
2800 3567 2859 3605 ea
2898 3553 3066 3620 gratia
3099 3550 3223 3621 quae
3256 3552 3544 3607 secundum

2011 3640 2321 3692 electionem
2385 3650 2619 3693 nostram
2667 3649 2877 3706 recepta
2898 3650 3008 3703 est;
3056 3642 3124 3694 ob
3180 3641 3317 3694 hanc
3369 3649 3546 3695 autem

2012 3744 2229 3782 causam
2267 3747 2283 3778 0
2319 3738 2441 3782 ante
2498 3744 2580 3781 me
2618 3747 2637 3779 ι
2667 3730 2825 3782 etiam
2854 3747 2873 3779 0
2916 3729 3087 3784 factus
3131 3740 3245 3794 est,
3295 3731 3547 3799 quoniam

2011 3812 2155 3886 prior
2189 3833 2271 3872 me
2301 3827 2435 3880 erat,
2473 3836 2491 3867 ι
2521 3821 2643 3886 quia
2672 3833 2736 3871 ex
2768 3818 3092 3885 plenitudine
3116 3819 3230 3886 ejus
3258 3832 3382 3872 cum
3411 3821 3543 3872 hau-

2012 3905 2285 3969 sissemus,
2315 3904 2675 3958 intelleximus
2704 3904 2862 3957 etiam
2888 3904 3052 3972 legem
3079 3919 3172 3971 per
3200 3903 3417 3968 Mosem,
3441 3919 3549 3959 non

2014 4009 2042 4046 a
2080 3993 2242 4057 Mose,
2275 3995 2450 4046 datam
2481 3992 2647 4047 fuisse
2678 3993 2723 4025 ⁸ο
2753 4007 2767 4042 :
2805 3993 3032 4062 gratiam
3089 4006 3218 4046 vero
3267 4001 3321 4045 et
3350 3994 3549 4046 verita-

2016 4093 2118 4135 tem
2162 4090 2254 4151 per’
2299 4082 2475 4135 .lcsnm
2532 4081 2805 4135 Christum
2855 4095 2958 4134 non
2985 4079 3152 4133 solum
3204 4079 3403 4143 datam,
3455 4079 3550 4132 sed

2014 4172 2175 4227 etiam
2207 4172 2402 4224 factam
2456 4170 2635 4223 fuisse.
2673 4170 2870 4235 Nempe
2920 4169 3026 4222 Deo
3073 4176 3127 4220 et
3166 4166 3321 4219 Patre
3360 4167 3548 4234 ipsius,

377 4260 544 4326 Ἰησοῦ
600 4259 840 4330 Χριστοῦ
874 4260 972 4328 τὴν
1016 4261 1100 4311 ἐπ’
1132 4260 1442 4330 ἀνθρώπους
1481 4261 1774 4328 φθάσασαι).
1822 4263 1911 4313 Εὑ-

2020 4270 2128 4313 ttnn
2188 4260 2358 4325 legem
2412 4275 2505 4325 per
2565 4258 2763 4312 Mosem
2812 4260 2988 4317 dante,
3047 4263 3157 4307 ttnn
3189 4256 3466 4308 veritatem
3497 4262 3551 4307 et

365 4347 797 4417 γνωμονέστερον
825 4349 933 4417 γὰρ
962 4347 1283 4408 ἀκούσαντες
1318 4349 1413 4416 τῆς
1442 4348 1632 4410 λέξεως
1680 4350 1776 4417 τῆς
1814 4367 1913 4418 φα-

367 4435 620 4504 σκούσης,
652 4454 667 4485 ι
697 4436 763 4486 Ἦ
794 4437 951 4505 χάρις
980 4435 1074 4486 καὶ
1096 4436 1129 4503 ἡ
1148 4435 1366 4503 ἀλήθεια
1384 4436 1469 4487 διὰ
1493 4435 1659 4504 Ἰησοῦ
1682 4436 1911 4505 Χριστοῦ

365 4524 594 4591 ἐγένετο,
640 4545 657 4576 ι
695 4526 755 4576 οὐ
782 4523 1255 4594 ταραχθησόμεθα,
1286 4525 1357 4586 ώς
1390 4527 1490 4577 ὑπὸ
1522 4526 1913 4595 ὲναντιώματος

364 4614 530 4682 ταύτῃ
571 4616 635 4684 τῇ
670 4616 821 4681 φωνῇ
861 4613 1014 4673 ὄντος
1062 4611 1153 4662 τοῦ
1187 4630 1203 4660 0
1250 4612 1384 4679 Ἐγώ
1413 4615 1523 4682 είμι
1546 4616 1577 4682 ἠ
1601 4613 1735 4675 ὁδὸς,
1765 4614 1857 4665 καὶ
1882 4616 1914 4682 ἡ

364 4704 602 4773 ἀλήθεια,
635 4703 726 4756 καὶ
754 4706 787 4772 ἡ
820 4703 955 4770 ζωή.
982 4720 1000 4749 ι
1022 4702 1085 4753 Ei
1113 4700 1216 4769 γὰρ
1243 4702 1441 4770 Ἰησοῦς
1463 4705 1604 4755 ἐστιν
1626 4705 1654 4756 ὁ
1674 4703 1915 4770 φάσκων,

370 4806 388 4835 0
438 4789 576 4854 Ἐγώ
607 4792 721 4857 εἰμι
760 4791 791 4855 ή
824 4787 1081 4855 ἀλήθεια,
1123 4806 1139 4836 ι
1177 4788 1287 4849 πῶς
1314 4790 1345 4856 ἠ
1375 4789 1594 4859 ἀλήθεια
1618 4790 1703 4842 διὰ
1746 4790 1915 4859 Ἰησοῦ

362 4877 594 4945 Χριστοῦ
624 4878 862 4944 γίνεται;
888 4874 1057 4934 αὐτὸς
1078 4874 1180 4942 γάρ
1209 4892 1287 4936 τις
1306 4877 1371 4927 δι’
1400 4879 1589 4931 ἑαυτοῦ
1612 4879 1671 4930 οὐ
1690 4878 1913 4944 γίνεται.

374 4966 529 5018 Ἀλλὰ
557 4966 794 5034 νοητέον,
830 4967 915 5016 ὅτι
955 4966 990 5031 ἡ
1042 4963 1387 5030 αὑτοαλήθεια
1422 4970 1454 5036 ἡ
1484 4968 1762 5036 οὺσιώδης,
1804 4970 1915 5030 καὶ,

281 5061 285 5064 ’
362 5054 426 5104 ἵν’
457 5053 631 5115 οὕτως
678 5054 837 5113 εἴπω,
883 5048 1235 5118 πρωτότυπος
1274 5051 1375 5119 τῆς
1425 5057 1482 5106 ὲν
1513 5060 1631 5118 ταῖς
1683 5057 1924 5123 λογικαῖς

361 5143 555 5213 ψυχαῖς
587 5144 863 5213 ἀληθείας,
902 5139 1000 5205 ἀφ’
1024 5135 1091 5207 ἧς
1116 5138 1355 5207 ἀληθείας
1381 5145 1541 5198 οἱονεὶ
1565 5145 1767 5208 εἰκόνες
1791 5148 1930 5198 ἐκεί-

427 5278 642 5330 "Joan.
677 5292 713 5334 1,
747 5274 801 5325 5.

360 5346 403 5376 ιο
435 5346 562 5399 ἰδία,
594 5346 674 5397 17,
753 5341 795 5371 δι
834 5336 972 5389 ibid.
1056 5334 1098 5364 δ’
1124 5334 1263 5388 Juan.
1299 5355 1413 5402 xiv,
1451 5344 1503 5395 6.

885 5268 1098 5344 ’iibid.
1120 5268 1199 5344 1'5.
1278 5273 1320 5302 ⁸⁵
1355 5275 1490 5330 ibid.
1528 5277 1610 5331 16.
1690 5278 1734 5309 ³ο
1759 5278 1913 5332 .Iuan.
1944 5296 1983 5344 ι,
2015 5281 2096 5332 15.

2017 4349 2242 4416 gratiam
2278 4365 2371 4415 per
2390 4346 2569 4401 .lesmn
2590 4347 2860 4401 Christum
2885 4345 3109 4399 faciente
3149 4362 3162 4395 :
3199 4343 3425 4410 gratiam
3460 4355 3555 4393 au-

2020 4450 2122 4493 tem
2178 4448 2232 4493 et
2276 4439 2551 4491 veritatem
2596 4453 2689 4502 per
2740 4436 2919 4489 Iesum
2977 4434 3249 4488 Christum
3302 4431 3555 4493 faciente,

2019 4543 2135 4595 qum
2164 4528 2400 4580 homines
2435 4526 2709 4594 praevenit.
2757 4523 3043 4578 Candidius
3079 4522 3222 4574 enim
3264 4527 3322 4574 et
3348 4517 3554 4585 simpli-

2020 4617 2132 4669 cius
2177 4616 2585 4681 interpretantes
2623 4630 2681 4667 ea
2732 4614 2911 4678 verba,
2970 4629 2989 4659 0
3032 4609 3216 4662 Gratia
3267 4614 3323 4660 et
3365 4605 3564 4659 veritas

2021 4721 2111 4772 per
2138 4705 2317 4759 Jesum
2342 4705 2610 4757 Christum
2657 4702 2792 4755 facta
2827 4710 2909 4753 est
2936 4699 3001 4756 “,
3043 4715 3061 4747 ι
3108 4710 3218 4748 non
3266 4694 3564 4746 discrucia-

2020 4793 2217 4853 bimur,
2239 4792 2454 4859 perinde
2477 4791 2629 4859 quasi
2653 4787 2981 4843 contrarium
3008 4783 3090 4834 his
3119 4781 3194 4832 sit
3224 4779 3357 4830 illud
3379 4794 3396 4828 :
3420 4795 3439 4826 0
3460 4777 3570 4841 Ego

2021 4896 2133 4932 sum
2167 4882 2270 4945 via,
2305 4881 2524 4945 veritas,
2548 4888 2599 4931 et
2630 4881 2732 4932 vita
2774 4878 2847 4938 δίς
2890 4894 2910 4926 ι
2944 4887 3066 4925 nam
3093 4870 3137 4921 si
3164 4866 3332 4918 Iesus
3364 4873 3449 4915 est
3481 4862 3573 4928 qui

2022 4972 2169 5034 dicit,
2203 4988 2222 5021 0
2256 4971 2362 5037 Ego
2390 4986 2505 5023 sum
2533 4968 2729 5022 veritas
2771 4984 2788 5015 ι
2821 4963 2914 5030 qui
2942 4958 3056 5011 fieri
3084 4959 3268 5022 potest.
3300 4958 3364 5001 ut.
3387 4949 3588 5037 veritas

2031 5075 2121 5126 per
2142 5033 2325 5112 Jesuni
2365 5058 2477 5119 fiat,
2513 5072 2631 5110 cum
2671 5054 2866 5118 aliquis
2908 5061 3007 5111 per
3050 5042 3297 5106 seipsum
3337 5050 3445 5085 non
3469 5033 3597 5083 fiat?

2036 5147 2137 5200 Sed
2167 5146 2558 5213 intelligendum
2597 5152 2677 5196 est
2703 5138 2845 5209 quod
2878 5129 3245 5197 αὑτοαλὴθεια
3277 5135 3354 5173 ea
3384 5133 3508 5184 qua
3527 5127 3614 5169 est

3289 5247 3341 5278 ³⁸
3371 5244 3513 5297 ibid.
3540 5244 3628 5297 15.

2186 5280 2227 5310 ³⁷
2264 5279 2437 5331 Colos.
2474 5292 2511 5337 ι,
2549 5275 2634 5328 l5.
2744 5273 2787 5303 ³⁸
2812 5268 2995 5321 Joan.
3032 5257 3180 5324 1,16.

425 5455 537 5520 (8!)
572 5446 832 5507 ’Eastdri.
874 5442 1023 5507 Lego
1053 5442 1159 5492 ἐπεὶ
1189 5443 1257 5495 δέ.
1294 5446 1427 5500 Mox
1459 5450 1628 5504 codex
1665 5449 1911 5504 Bodleian

2019 5461 2160 5506 recte
2188 5452 2346 5507 habet
2373 5446 2720 5520 φράσσεσοαι,
2747 5438 2992 5508 Regius
3023 5444 3078 5491 et
3097 5420 3474 5484 Barberinus,
3515 5411 3655 5479 φρά-

358 5511 556 5585 σεσοαί,
582 5520 734 5571 male.
