3880 6190
443 192 540 247 2H

1852 204 2167 263 ORIGENIS

3551 217 3660 271 9.ἒὲ

443 325 541 379 per
566 326 624 366 se
652 312 871 372 veritas,
900 284 1009 379 ipsa
1045 312 1132 366 illa
1156 327 1275 381 qua:
1309 323 1391 369 est
1415 318 1803 385 substantialis,
1829 329 1904 385 et,
1928 332 1974 376 ut

2085 339 2182 391 νης
2210 324 2602 379 ἐντετύπωνται
2648 330 2758 391 τοῖς
2804 329 3062 400 φρονοῦσι
3091 329 3190 400 τὴν
3219 326 3504 399 ἀλήθειαν,
3539 330 3663 400 οὐχὶ

441 396 517 455 ita
545 402 744 465 dicam,
776 404 1002 471 primum
1026 404 1299 473 exemplar
1343 406 1484 462 illius
1510 410 1754 465 veritatis
1785 426 1902 480 quae
1926 414 1979 466 in

444 492 722 547 animabus
769 495 905 546 inest
938 493 1161 548 rationis
1191 496 1499 563 capacibus,
1560 514 1590 552 a
1620 516 1721 565 qua
1759 503 1983 557 veritate

442 580 606 635 veluti
635 581 891 648 imagines
938 582 1078 636 illius
1111 584 1385 652 impressm
1437 587 1590 642 fuere
1615 591 1982 657 spectantibus

444 671 743 736 veritatem,
777 687 878 725 non
920 688 1016 741 per
1060 672 1238 728 Iesum
1267 676 1536 733 Chr-istum
1573 683 1710 736 facta
1757 694 1858 751 est,
1889 701 1982 740 ne-

440 776 546 830 que
571 763 785 814 omnino
817 777 913 830 per
957 764 1208 832 aliquem,
1241 768 1335 820 sed
1382 784 1411 821 a
1449 770 1576 824 Deo.
1625 772 1983 838 Quemadmo-

442 851 567 904 dum
607 852 747 905 enim
799 867 972 922 neque
1006 854 1195 910 Sermo
1241 857 1329 911 ille
1354 861 1446 927 qui
1482 860 1536 915 in
1580 863 1839 933 principio
1868 878 1979 922 erat

442 940 579 1009 apud
611 942 771 995 Deum
800 944 865 1007 ⁸³,
897 960 1000 999 non
1033 955 1116 1001 est
1146 962 1242 1014 per
1264 949 1536 1018 aliquem;
1568 969 1740 1023 neque
1771 957 1982 1025 sapien-

441 1029 513 1081 tia
546 1029 653 1093 illa,
685 1046 843 1099 quam
875 1035 1076 1087 creavit
1102 1035 1255 1091 initio
1276 1038 1479 1091 viarum
1515 1055 1731 1095 suarum
1754 1043 1892 1099 Deus
1913 1047 1978 1110 “,

439 1133 543 1172 non
572 1128 653 1173 est
679 1135 775 1189 per
800 1122 1034 1191 aliquem
1067 1141 1081 1177 :
1111 1125 1189 1180 sic
1223 1141 1395 1194 neque
1427 1129 1626 1186 veritas
1655 1132 1745 1185 illa
1775 1143 1855 1188 est
1887 1151 1982 1205 per

394 1202 400 1212 ’
436 1208 690 1278 aliquem.
724 1209 917 1264 Verum
958 1228 1075 1280 quae
1097 1216 1233 1284 apud
1261 1217 1504 1272 homines
1531 1228 1612 1273 est
1642 1223 1860 1286 veritas,
1886 1202 1981 1292 per

433 1297 616 1355 Jesum
650 1299 917 1355 Christum
975 1303 1114 1357 facta
1146 1313 1260 1366 est;
1312 1305 1456 1359 verbi
1522 1311 1714 1376 gratia,
1783 1314 1981 1368 veritas

437 1402 558 1454 quae
584 1387 637 1441 in
663 1388 829 1442 Paulo
858 1389 997 1443 inest
1023 1393 1338 1459 caeterisque
1364 1394 1637 1460 apostolis,
1674 1411 1768 1463 per
1794 1396 1976 1451 Jesum

435 1474 708 1529 Christum
739 1476 880 1530 facta
913 1487 1014 1531 est.
1041 1476 1149 1532 Nec
1181 1481 1371 1533 mirum
1403 1491 1508 1544 est,
1561 1486 1605 1539 si
1635 1487 1830 1541 veritas
1860 1504 1977 1542 cum

435 1564 507 1617 sit
538 1579 664 1627 una,
692 1565 885 1620 multas
913 1568 1063 1635 quasi
1094 1569 1349 1623 veritates
1385 1572 1451 1624 ab
1479 1573 1565 1625 illa
1594 1575 1835 1630 dicamus
1879 1577 1977 1630 dif.

2080 412 2166 465 διὰ
2208 415 2379 484 Ἰησοῦ
2403 417 2633 486 Χριστοῦ
2663 420 2898 486 ἐγένετο,
2926 422 3036 473 οὐδ’
3061 422 3201 483 ὅλως
3227 420 3315 473 διά
3346 437 3517 483 τινος,
3546 422 3660 474 ἀλλ’

2083 502 2185 555 ὑπὸ
2211 503 2345 556 Θεοῦ
2385 506 2616 572 ἐγένετο·
2641 509 2714 571 ὼς
2742 510 2833 562 καὶ
2859 512 2887 562 6
2914 511 3088 576 Λόγος
3120 511 3181 562 ού
3208 509 3297 562 διά
3335 526 3511 572 τινος,
3536 512 3565 562 6
3607 513 3662 563 ἐν

2082 595 2221 663 ἀρχῇ
2255 594 2387 664 πρὸς
2426 597 2515 648 τὸν
2543 596 2690 661 Θεὸν,
2730 601 2822 651 καὶ
2866 602 2898 670 ἡ
2942 602 3102 668 σοφία
3131 601 3199 669 ἣν
3232 600 3456 652 ἔκτισεν
3490 601 3665 671 ἀρχὴν

2081 682 2212 735 ὁδῶν
2247 684 2409 736 αὑτοῦ
2452 688 2481 737 6
2510 686 2658 751 Θεὸς,
2694 689 2753 739 ού
2781 689 2869 741 διά
2911 706 3073 750 τινος
3109 688 3285 751 οὕτως
3317 688 3446 741 οὐδὲ
3477 691 3509 757 ἡ
3534 688 3665 759 ἀλή-

2082 771 2200 825 θεια
2246 772 2333 825 διά
2362 792 2520 837 τινος.
2564 776 2626 827 Ἡ
2677 777 2731 829 δὲ
2783 778 2907 847 παρ’
2955 777 3268 848 ἀνθρώποις
3306 776 3547 846 ἀλήθεια
3578 778 3665 832 διὰ

2092 863 2264 934 Ἰησοῦ
2296 865 2527 934 Χριστοῦ
2573 867 2802 933 ἐγένετο
2859 862 2968 919 οἷον
3001 870 3034 937 ἠ
3070 871 3127 919 ἐν
3173 866 3381 935 Παύλῳ
3431 865 3666 935 ἀλήθεια

2081 951 2303 1014 καὶτοῖς
2332 952 2645 1015 ἀποστόλοις
2673 953 2760 1006 διά
2804 954 2975 1024 Ἰησοῦ
2998 953 3240 1024 Χριστοῦ
3272 953 3525 1021 ἐγένετο.
3556 954 3671 1006 Καὶ

2079 1043 2138 1094 οὐ
2176 1041 2501 1111 θαυμαστὸν,
2534 1034 2662 1113 μιᾶς
2709 1043 2874 1114 οὔσης
2917 1044 3195 1115 ἀληθείας,
3241 1044 3417 1097 οἱονεὶ
3461 1042 3671 1105 πολλὰς

2080 1131 2175 1183 ἀπ’
2208 1133 2419 1201 ἐκείνης
2447 1132 2625 1201 λέγειν
2656 1134 3001 1204 ἐρῤιιηκέναι.
3035 1130 3155 1188 Οἵδε
3184 1134 3320 1202 γοῦν
3368 1134 3401 1185 6
3448 1133 3673 1204 προφή-

2078 1238 2176 1291 της
2205 1222 2363 1276 Δαυῒδ
2396 1223 2588 1286 πολλὰς
2623 1224 2876 1295 ἀληθείας
2907 1226 3099 1293 λέγων’
3151 1244 3169 1276 ι
3223 1223 3527 1295 Ἀληθείας
3573 1227 3673 1277 ὲκ-

2080 1312 2230 1380 ζητεῖ
2258 1314 2478 1380 Κύριος.
2521 1332 2539 1362 ι
2574 1314 2646 1365 Οὐ
2674 1314 2781 1384 γὰρ
2808 1315 2905 1385 τὴν
2934 1313 3064 1383 μίαν
3092 1312 3319 1383 ἐκζητεί
3345 1312 3620 1382 ἀλήθειαν
3649 1315 3679 1364 6

2079 1401 2256 1472 πατὴρ
2285 1402 2471 1470 αὐτῆς,
2521 1401 2653 1455 ἀλλά
2684 1402 2782 1465 τὰς
2829 1404 3047 1465 πολλὰς,
3092 1404 3161 1455 δι’
3191 1403 3259 1464 ἃς
3297 1401 3578 1465 σώζονται
3626 1405 3677 1453 οἱ

2078 1489 2287 1559 ἔχοντες
2316 1491 2499 1554 αύτάς.
2529 1492 2600 1543 Τὸ
2617 1492 2659 1543 δ’
2681 1493 2860 1562 ὅμοιον
2883 1491 2959 1561 τῷ
2993 1492 3243 1561 περὶτῆς
3274 1490 3552 1561 ἀληθείας
3579 1491 3682 1544 καὶ

2077 1578 2183 1631 τῶν
2221 1578 2483 1648 ἀληθειῶν
2518 1580 2678 1650 λόγῳ,
2734 1580 3057 1650 εὑρίσκομεν
3095 1581 3400 1650 εἰρημένον
3430 1580 3571 1650 περὶ
3599 1579 3683 1631 δι-

434 1653 621 1709 ﬂuere.
653 1654 797 1708 Vidit
825 1655 963 1709 enim
996 1656 1157 1710 David
1190 1658 1275 1712 ille
1303 1662 1560 1729 propheta
1593 1665 1787 1718 multas
1833 1666 1974 1719 veri-

2084 1642 2367 1739 καιοσύνης
2380 1670 2472 1722 καὶ
2482 1642 2850 1723 δικαιοσυνῶν.
2865 1670 2936 1722 Τὸ
2952 1642 3059 1740 γὰρ
3070 1642 3543 1740 αὐτοδικαιοσύνη
3558 1670 3682 1740 (82)

435 1752 596 1808 tates,
628 1744 811 1798 dicens
838 1746 883 1777 ⁸⁸
920 1764 932 1798 :
967 1764 985 1796 ι
1022 1746 1289 1803 Veritates
1340 1753 1587 1819 exquiret
1639 1755 1910 1810 Dominus.
1952 1775 1970 1810 ι

433 1829 553 1886 Non
578 1834 720 1888 enim
753 1851 909 1889 unam
954 1838 1186 1906 exquirit
1229 1839 1512 1893 veritatem
1547 1843 1782 1897 veritatis
1811 1846 1977 1914 ipsius

433 1918 619 1985 Pater,
644 1922 738 1976 sed
770 1923 983 1987 multas,
1015 1941 1111 1994 per
1141 1941 1275 1994 quas
1322 1940 1603 1983 servantur
1636 1933 1727 1999 qui
1760 1947 1850 1987 eas
1875 1934 1973 1988 lia-

435 2010 585 2066 bent.
614 2012 799 2070 Simile
824 2031 951 2071 vero
989 2020 1239 2088 quiddam
1272 2022 1398 2076 huic
1457 2022 1684 2076 orationi
1744 2024 1810 2076 de
1838 2022 1976 2076 veri-

435 2109 548 2156 tate
573 2113 629 2156 et
654 2106 971 2160 veritatibus
1016 2110 1212 2162 dictum
1262 2111 1561 2166 invenimus
1588 2114 1653 2166 de
1690 2111 1897 2179 justitia
1922 2123 1975 2167 et

429 2188 675 2258 justitiis.
725 2195 841 2263 Ipsa
885 2198 1025 2251 enim
1057 2197 1265 2265 iustitia
1302 2201 1461 2270 108
1484 2216 1600 2269 qua:
1641 2218 1705 2256 ex
1734 2218 1792 2256 se
1817 2212 1977 2259 estet

432 2280 823 2348 substantialis,
880 2284 1126 2340 Christus
1158 2296 1261 2352 est,
1308 2306 1325 2339 ι
1367 2290 1454 2356 qui
1504 2288 1677 2344 factus
1711 2299 1792 2344 est
1821 2291 1974 2345 nobis

435 2372 701 2439 sapientia
754 2389 783 2426 a
835 2372 969 2438 Deo,
1020 2377 1358 2446 justitiaque,
1411 2387 1465 2431 et
1495 2380 1867 2446 sanctificatio,
1919 2391 1970 2434 et

433 2460 732 2531 redemptio
759 2464 804 2497 “
830 2464 1135 2538 [perfecta].
1164 2486 1183 2520 ι
1219 2468 1300 2522 Ab
1352 2467 1443 2521 illa
1469 2479 1646 2523 autem
1674 2470 1883 2536 iustitia
1909 2486 1971 2524 ea

427 2546 635 2614 juStitia
667 2551 924 2607 formatur
955 2570 1071 2622 quae
1102 2556 1153 2608 in
1183 2570 1503 2624 unoquoque
1528 2559 1686 2623 inest,
1724 2560 1796 2613 ita
1832 2572 1890 2613 ut
1919 2562 1970 2615 in

436 2635 521 2688 his
547 2638 637 2704 qui
671 2651 975 2705 servantur,
1023 2642 1201 2696 multae
1248 2643 1377 2695 [iant
1419 2643 1675 2710 justitite;
1733 2647 1871 2702 hanc
1905 2647 1973 2702 ob

435 2737 651 2779 causam
678 2728 836 2781 etiam
881 2731 1141 2798 scriptum
1168 2741 1252 2786 est
1277 2732 1320 2764 "
1352 2747 1367 2785 :
1403 2750 1423 2783 ι
1457 2733 1644 2788 Justus
1692 2735 1970 2801 Dominus,

434 2823 492 2867 et
516 2814 757 2881 justitias
786 2820 972 2874 dilexit
1004 2837 1020 2875 :
1060 2840 1080 2872 ι
1113 2824 1191 2877 sic
1217 2823 1358 2877 enim
1410 2824 1462 2876 in
1490 2825 1630 2878 veris
1655 2827 1973 2895 exemplari-

430 2904 534 2958 lms
579 2915 634 2959 et
665 2909 872 2963 czrtcris
918 2911 1290 2967 traditionibus
1337 2913 1487 2982 juxta
1538 2914 1883 2984 Septuaginta
1918 2927 1973 2973 et

437 2991 553 3060 ipso
597 2993 862 3052 Hebraico
912 3000 1230 3056 invenimus.
1293 3002 1500 3071 Inspice
1528 3018 1654 3058 vero
1701 3022 1828 3060 num
1874 3009 1975 3064 isto

431 3084 593 3137 modo
621 3084 723 3140 alia
747 3101 980 3155 quoque,
1016 3106 1134 3158 qua:
1157 3092 1400 3148 Christus
1429 3109 1547 3150 esse
1575 3096 1770 3152 dicitur
1797 3099 1977 3168 singu-

432 3169 640 3235 lariter,
677 3188 775 3242 pro
812 3179 1155 3244 proportione
1191 3181 1560 3253 multiplicata,
1614 3187 1846 3253 plurium
1873 3203 1973 3240 nu-

432 3275 583 3316 mero
630 3263 806 3318 efferri
846 3268 1085 3333 possint;
1137 3271 1286 3325 verbi
1336 3275 1534 3341 gratia,
1586 3274 1834 3330 Christus
1890 3286 1975 3331 est.

431 3351 540 3404 vita
576 3361 779 3418 nostra,
812 3357 1255 3422 quemadmodum
1280 3359 1539 3417 Servatur
1559 3366 1673 3430 ipse
1697 3365 1869 3433 inquit
1890 3365 1970 3421 ui:

439 3460 460 3494 ι
487 3446 596 3515 Ego
625 3461 740 3500 sum
777 3448 878 3509 via,
916 3450 1113 3504 veritas
1141 3460 1196 3504 et
1222 3453 1364 3518 vita;
1411 3475 1429 3507 ι
1484 3465 1541 3510 et
1575 3458 1864 3526 Apostolus
1884 3460 1967 3512 “z

437 3551 457 3582 ι
493 3531 926 3604 Quandocunque
954 3538 1208 3596 Christus
1237 3544 1617 3602 manifestatus
1652 3547 1816 3602 fuerit
1858 3550 1971 3604 vita

431 3631 635 3688 nostra,
687 3633 815 3680 tunc
865 3635 920 3680 et
951 3642 1044 3682 vos
1074 3645 1194 3684 cum
1252 3632 1342 3687 illo
1382 3635 1858 3692 manifestabimini
1915 3639 1966 3692 in

431 3709 616 3778 gloria.
651 3730 670 3763 ι
703 3713 909 3770 Rursus
950 3716 1001 3771 in
1040 3717 1264 3776 Psalmis
1310 3724 1572 3793 scriptum
1600 3727 1646 3758 ⁵ο
1677 3744 1689 3779 :
1723 3745 1742 3779 ι
1782 3727 1968 3782 Melior

429 3800 796 3858 misericordia
822 3814 910 3861 tua
950 3822 1111 3877 super
1141 3812 1300 3866 vitas.
1345 3830 1365 3864 ι
1401 3814 1535 3868 Nam
1560 3817 1685 3884 quia
1721 3817 1967 3871 Christus

428 3887 484 3940 in
519 3904 837 3961 unoquoque
868 3895 1005 3950 inest
1040 3898 1170 3964 vita,
1211 3902 1330 3955 ideo
1363 3904 1785 3972 multiplicantur
1810 3908 1965 3972 vitae;

424 3975 671 4033 fortassis
704 3982 809 4036 isto
838 3985 997 4039 modo
1045 3996 1099 4039 et
1130 3986 1257 4041 illud
1293 3991 1670 4057 inquirendum
1701 4009 1716 4045 :
1763 4011 1783 4043 ι
1827 3976 1965 4047 Num

2083 1760 2115 1828 ἠ
2148 1757 2404 1827 οὑσιώδης
2436 1760 2661 1828 Χριστός
2696 1762 2863 1823 ἐστιν,
2903 1779 2919 1810 ι
2964 1759 3021 1821 ὂς
3058 1761 3295 1835 ἐγενήθη
3334 1762 3511 1829 σοφία
3540 1763 3685 1830 ἡμῖν

2083 1847 2189 1901 ἀπὸ
2210 1848 2364 1910 Θεοῦ,
2399 1848 2705 1921 δικαιοσύνη
2744 1866 2803 1902 τε
2856 1851 2947 1903 καὶ
2980 1850 3275 1919 ἁγιασμὸς,
3323 1852 3425 1904 καὶ
3466 1849 3689 1904 ἀπολύ-

2079 1952 2295 2006 τρωσις.
2339 1956 2357 1987 ι
2385 1937 2502 1989 Ἀπ’
2534 1938 2829 2009 ἐκείνης’δέ
2858 1940 2953 2008 τῆς
2983 1939 3338 2009 δικαιοσύνης
3369 1944 3406 2011 ἡ
3440 1943 3506 1994 ἐν
3544 1941 3691 1993 ἐκά-

2082 2043 2189 2096 (mp
2213 2026 2523 2098 δικαιοσύνη
2547 2028 2829 2092 τυποῦται,
2860 2028 2935 2091 ὡς
2967 2028 3214 2095 γίνεσθαι
3233 2031 3317 2082 ,ἐν
3348 2032 3474 2091 τοῖς
3513 2030 3691 2092 σωζο-

2083 2116 2260 2185 μένοις
2289 2117 2484 2180 πολλάς
2514 2118 2873 2180 δικαιοσύναςσ
2892 2118 2972 2171 διὸ
2999 2119 3091 2171 καὶ
3113 2119 3464 2189 γέγραπται·
3504 2139 3525 2171 ι
3557 2122 3693 2173 ’Ότι

2077 2203 2281 2268 δίκαιος
2320 2207 2544 2276 Κύριος,
2575 2209 2667 2259 καὶ
2706 2208 3048 2271 δικαιοσύνας
3088 2211 3425 2280 ἠγάπησενο
3475 2230 3497 2262 ι
3530 2211 3693 2264 οὕτω

2079 2291 2185 2364 γὰρ
2214 2294 2270 2346 ἐν
2299 2297 2407 2357 τοῖς
2438 2296 2715 2366 ἀκριϐέσιν
2742 2297 3093 2367 ἀντιγράφοις
3122 2299 3387 2368 εὕρομεν,
3413 2303 3523 2354 καὶ
3557 2305 3696 2364 ταῖς

2078 2382 2287 2446 λοιπαῖς
2333 2384 2480 2455 παρά
2520 2387 2644 2448 τοὺς
2684 2385 3079 2456 Ἑϐδομήκοντα
3126 2388 3407 2454 ἐκδόσεσι,
3454 2392 3563 2443 καὶ
3605 2392 3694 2460 τῷ

2092 2473 2379 2543 Ἐϐραῖκῷ.
2426 2475 2748 2545 -Ἐπίστησον
2790 2476 2846 2529 δὲ
2874 2478 2922 2528 εί
2948 2476 3171 2530 δύναται
3196 2479 3412 2547 ὁμοίως
3448 2481 3561 2533 καὶ
3618 2482 3699 2534 τὰ

2078 2563 2229 2628 ἄλλα,
2261 2566 2358 2617 ὃσα
2380 2567 2610 2635 Χριστὸς
2631 2563 2766 2619 εἶναι
2795 2567 3008 2633 λέγεται
3041 2568 3258 2634 ἑνικῶς,
3300 2570 3698 2641 πληθυόμενα

2077 2655 2331 2723 ἀνάλογον
2376 2655 2732 2726 ὀνομάζεσθαι
2790 2658 3191 2728 πληθυντικῶς,
3253 2655 3373 2715 οἷον
3422 2664 3704 2733 Χριστός

2076 2743 2222 2797 ἐστιν
2252 2746 2285 2815 ή
2315 2744 2425 2815 ζωὴ
2457 2744 2633 2813 ἡμῶν,
2667 2746 2741 2808 ὼς
2774 2747 2933 2808 αὐτὸς
2959 2747 2987 2798 ὁ
3016 2748 3208 2819 Σωτήρ
3241 2765 3439 2819 φησιν’
3469 2772 3489 2802 ι
3532 2752 3701 2819 Ἐγώ

2077 2836 2191 2904 ειμι
2219 2836 2252 2904 ἡ
2271 2835 2405 2896 ὁδὸς,
2433 2834 2525 2887 καὶ
2551 2836 2584 2904 ἡ
2616 2834 2862 2904 ἀλήθεια,
2899 2837 2991 2888 καὶ
3014 2839 3047 2905 ή
3072 2838 3206 2907 ζωή·
3234 2858 3255 2888 ι
3292 2841 3395 2892 καὶ
3425 2845 3458 2895 6
3508 2842 3705 2894 Ἀπό-

2005 2960 2047 3016 C
2079 2924 2276 2987 στολος’
2306 2944 2323 2975 ι
2350 2924 2513 2977 Ὅταν
2547 2924 2774 2995 Χριστὸς
2804 2926 3088 2996 φανερωθῇ
3112 2929 3144 2996 ἡ
3167 2927 3283 2998 ζωὴ
3315 2931 3517 2999 ἡμῶν,
3554 2933 3701 2984 τότε

2078 3018 2169 3068 καὶ
2209 3016 2363 3084 ὑμεῖς
2408 3015 2502 3066 σὺν
2553 3015 2700 3084 αύτῴ
2751 3016 3201 3086 φανερωθήσεσθε
3258 3022 3319 3071 ἐν
3368 3020 3708 3093 δόξῃ.›Ἑν

2075 3104 2320 3173 Ψαλμοῖς
2373 3104 2429 3157 δὲ
2486 3105 2644 3157 πάλιν
2694 3105 3137 3176 ἀναγέγραπται·
3201 3127 3219 3157 ι
3273 3111 3572 3180 Κρείττον
3631 3115 3708 3167 τὸ

2075 3193 2218 3257 ἔλεός
2246 3209 2337 3245 σου
2368 3193 2505 3264 ὑπὲρ
2547 3192 2710 3256 ζωάς’
2749 3213 2768 3244 ι
2799 3194 2889 3248 διὰ
2918 3196 3026 3266 γὰρ
3047 3197 3137 3249 τὸν
3169 3199 3227 3250 ἐν
3257 3201 3492 3272 ἑκάστῳ
3532 3205 3709 3273 Χρι-

2076 3281 2196 3333 στὸν
2240 3280 2366 3332 ὄντα
2397 3279 2537 3349 ζωὴν
2565 3278 2892 3350 πληθύονται
2942 3284 2998 3333 αἱ
3026 3280 3183 3344 ζωαί.
3215 3283 3377 3353 Τάχα
3422 3287 3489 3338 δὲ
3530 3288 3710 3340 οὕτω

2074 3369 2328 3440 ζητητέον
2359 3370 2448 3422 καὶ
2476 3368 2554 3421 τό·
2604 3386 2625 3419 ι
2661 3370 2726 3422 El
2750 3369 2978 3441 δοκιμὴν
3029 3372 3239 3439 ζητεῖτε
3283 3374 3382 3425 τοῦ
3431 3377 3502 3427 ἐν
3554 3378 3710 3447 ἐμοὶ

2073 3457 2352 3521 λαλοῦντος
2376 3458 2644 3528 Χριστοῦς
2675 3477 2693 3509 ι
2725 3461 2904 3513 Οἱονεὶ
2934 3462 3042 3532 γὰρ
3074 3461 3196 3515 καθ’
3222 3462 3467 3518 ἕκαστον
3511 3466 3710 3535 ἅγιον

2072 3547 2300 3616 Χριστὸς
2331 3547 2659 3616 εὑρίσκεται,
2706 3551 2800 3602 καὶ
2836 3549 3074 3617 γίνονται
3107 3551 3195 3604 διὰ
3240 3555 3334 3605 τὸν
3365 3555 3472 3608 ἕνα
3530 3559 3710 3629 Χρι-

2073 3635 2193 3688 στὸν
2222 3635 2402 3690 πολλοὶ
2436 3637 2681 3707 Χριστοὶ,
2725 3639 2775 3689 οἱ
2823 3639 3033 3691 ἐκείνου
3086 3641 3343 3710 μιμηταὶ,
3381 3645 3488 3696 καὶ
3553 3650 3710 3700 κατ’

2070 3724 2227 3777 αὐτὸν
2263 3725 2442 3798 εἰκόνα
2473 3725 2601 3778 ὄντα
2636 3725 2769 3778 Θεοῦ
2812 3728 3247 3798 μεμορφωμένου
3280 3728 3407 3782 ὅθεν
3435 3733 3468 3782 6
3535 3734 3710 3797 Θεὸς

2067 3812 2155 3865 διά
2181 3811 2273 3865 τοῦ
2308 3791 2587 3884 πρόφήτου
2618 3813 2773 3884 φησί’
2867 3791 2970 3886 Μὴ.
2995 3791 3200 3885 ἀφησθε
3236 3816 3349 3868 τῶν
3385 3791 3710 3891 Χριστῶν

2073 3920 2194 3972 μου.
2232 3923 2249 3953 ι
2295 3905 2358 3955 Ὅ
2381 3902 2558 3955 τοίνυν
2585 3902 2845 3973 ἐδόξαμεν
2879 3905 3309 3976 παρεληλυθέναι
3343 3907 3710 3981 διηγούμε-

2068 4008 2146 4043 νοι
2166 3991 2246 4055 τό,
2287 4009 2305 4040 ι
2350 3990 2413 4042 Ἦ
2441 3991 2597 4062 χάρις
2625 3992 2720 4043 καὶ
2757 3994 2790 4062 ἡ
2820 3993 3045 4064 ἀλήθεια
3071 3994 3156 4046 διὰ
3198 3995 3378 4064 Ἰησοῦ
3426 4003 3710 4069 χριστοῐ

424 4069 849 4135 experimentum
904 4076 1143 4140 quaeritis
1180 4078 1325 4146 ejus,
1381 4080 1471 4147 qui
1512 4080 1565 4133 in
1598 4096 1682 4134 me
1729 4081 1965 4151 loquitur

2081 4079 2300 4147 ἐγένετο,
2339 4097 2357 4129 ι
2391 4078 2545 4131 τοῦτο
2572 4079 2666 4132 νῦν
2692 4082 2833 4134 κατὰ
2858 4083 2918 4134 τὸ
2953 4084 3190 4152 ἐμπεσὸν
3222 4084 3710 4158 ἀνιεπίξύἓξςιιεμάῖν⁴

423 4156 673 4213 Christus
699 4161 784 4213 ἰζ’
827 4180 846 4212 ι
881 4162 1072 4217 Ferme
1122 4168 1263 4219 enim
1317 4168 1369 4220 in
1420 4184 1745 4238 unoquoque
1779 4183 1965 4226 sancto

2081 4169 2185 4240 ipa.
2219 4170 2276 4222 δὲ
2316 4172 2757 4242 παρεστήσαμεν,
2786 4173 2868 4224 ὅτι
2909 4173 3004 4226 τοῦ
3037 4175 3345 4229 Βαπτιστοῦ
3394 4179 3710 4239 Ἰωάννοι

423 4243 670 4299 Christus
707 4246 998 4315 invenitur,
1051 4260 1106 4306 et
1150 4253 1282 4307 fiunt
1339 4269 1435 4322 per
1473 4272 1636 4311 unum
1688 4259 1959 4314 Christum

2081 4261 2262 4331 εστὶνὴ
2296 4262 2461 4330 φωνήσ
2490 4260 2646 4313 ἔτιδὲ
2671 4262 2764 4315 καὶ
2787 4261 2875 4315 διὰ
2902 4263 3104 4317 τούτων
3136 4268 3592 4338 μαρτυροῦντος
3622 4278 3710 4348 τε

419 4332 576 4386 multi
605 4334 829 4404 Christi,
866 4339 1009 4393 illius
1037 4342 1357 4407 imitatores,
1396 4356 1451 4401 et
1489 4347 1857 4405 transformati
1896 4352 1964 4406 ad
2070 4351 2184 4421 Υἱῷ
2214 4351 2304 4404 τοῦ
2335 4349 2489 4402 Θεοῦ.

423 4422 566 4478 illius
595 4427 1018 4497 similitudinem,
1061 4437 1151 4502 qui
1193 4448 1275 4492 est
1315 4438 1488 4507 imago
1532 4442 1657 4509 Dei;
1698 4445 1838 4499 unde
1875 4460 1972 4514 per
2009 4448 2324 4515 prophetam
2376 4444 2548 4512 inquit
2600 4444 2741 4498 Deus
2779 4462 2793 4499 :
2839 4464 2859 4497 ι
2901 4446 2981 4502 Ne
3035 4449 3329 4519 tetigeritis
3410 4454 3710 4512 chris-to:

418 4531 570 4573 meos
610 4521 677 4574 ".
731 4540 751 4573 ι
801 4524 952 4590 Quod
1001 4529 1158 4597 igitur
1212 4532 1264 4586 in
1315 4538 1620 4593 enarranda
1662 4540 1764 4595 visi
1808 4556 1993 4596 sumus
2036 4541 2395 4611 prmteriisse;
2456 4554 2679 4607 nempe,
2739 4557 2758 4590 ι
2806 4540 2993 4597 Gratia
3044 4553 3100 4598 et
3148 4545 3359 4600 veritas
3409 4565 3537 4617 per
3605 4553 3703 4610 ,ιε

420 4622 541 4662 sum
579 4610 850 4668 Christum
875 4615 1013 4671 facta
1043 4630 1125 4673 est
1145 4621 1208 4686 ⁸³,
1242 4641 1260 4674 ι
1296 4625 1473 4679 obiter
1506 4643 1648 4683 nunc
1691 4631 2064 4699 explicuimus,
2107 4631 2325 4697 insuper
2346 4629 2695 4682 ostendentes
2740 4628 2968 4686 Joannis
3018 4631 3278 4702 Baptistae
3328 4638 3483 4696 hanc
3556 4662 3710 4704 ess.

418 4714 627 4765 vocem,
664 4705 838 4759 adhuc
881 4708 1039 4762 etiam
1076 4725 1169 4778 per
1215 4713 1328 4767 haec
1366 4718 1524 4772 verba
1566 4721 1924 4776 testimonium
1965 4720 2235 4775 reddentis
2269 4718 2402 4772 Filio
2439 4719 2553 4770 Dei.

402 4818 403 4853 ;
484 4794 540 4847 6.
579 4794 695 4848 Jam
730 4811 856 4866 ergo
910 4801 1186 4857 videamus
1233 4811 1523 4863 secundum
1573 4811 1794 4867 Joannis
1817 4813 1960 4868 testi-

2130 4811 2181 4862 4.
2210 4809 2345 4878 Ἤδη
2370 4805 2460 4862 οῦν
2490 4809 2686 4879 ἴδωμεν
2716 4812 2814 4883 τὴν
2834 4813 3094 4884 δευτέραν
3138 4817 3391 4875 Ἰωάννου
3434 4842 3538 4894 μα
3551 4847 3709 4899 ρτυ

417 4882 651 4937 monium
677 4884 743 4936 “.
770 4885 847 4940 Ex
879 4887 1259 4961 Hierosolymis
1298 4894 1490 4962 Judaei,
1518 4913 1614 4953 ceu
1643 4900 1827 4956 amnes
1855 4901 1958 4954 Ba-

2081 4900 2199 4951 ziav.
2235 4898 2365 4949 Ἀπὸ
2404 4882 2785 4972 Ἰεροσολύμων
2830 4882 3093 4970 Ἰουδαίοι,
3125 4907 3202 4970 ὼς
3235 4882 3568 4981 συγγενείέ

415 4972 611 5038 ptistze,
645 4975 735 5043 qui
779 4991 845 5030 ex
884 4993 1078 5047 genere
1112 4985 1428 5040 sacerdotali
1461 4998 1597 5053 crat,
1650 4993 1957 5046 sacerdotes

2081 5004 2147 5051 τες
2189 4985 2282 5039 τοῦ
2308 4987 2630 5052 Βαπτιστοῦ,
2666 4992 2774 5044 ἀπὸ
2803 4993 2995 5059 γένους
3027 4972 3710 5075 ἱερατικοῦ-τυγχᾶνέιξ

415 5060 655 5125 mittunt,
687 5074 742 5117 ct
770 5062 982 5120 chitas
1008 5068 1455 5140 interrogaturos,
1481 5076 1602 5144 quis
1633 5078 1846 5130 tandem
1870 5092 1956 5131 es-

2081 5094 2166 5139 :oq,
2198 5078 2357 5145 ἱερεῖς
2386 5076 2659 5147 πέμπουσι
2686 5082 2781 5134 καὶ
2804 5084 3036 5149 Λευῖτας
3068 5091 3480 5160 πευσομένους,
3510 5099 3675 5158 εστ
3693 5127 3710 5160 ε

416 5159 501 5202 set
532 5148 781 5208 Joannes.
825 5155 894 5208 At
944 5158 1033 5212 ille
1082 5161 1286 5228 dicens,
1326 5184 1344 5215 ι
1381 5165 1493 5220 Non
1520 5182 1636 5221 sum
1676 5182 1773 5237 ego
1801 5166 1955 5221 Chri-

490 5236 534 5269 δ’
564 5236 688 5270 Ιηιι..
741 5256 757 5270 Ι
812 5243 847 5270 ο
943 5244 988 5270 ιι
1017 5248 1151 5270 n_-__
1202 5268 1267 5270 _,,,
1352 5255 1422 5270 na
1542 5250 1584 5270 ηι
1616 5258 1650 5270 ..
1720 5260 1731 5270 .
1943 5257 1974 5270 Α

2081 5167 2186 5219 ιοτέ
2208 5167 2292 5235 εἴη
2315 5169 2343 5218 6
2383 5167 2652 5270 Ἰωάννης.
2696 5172 2754 5225 '0
2783 5173 2841 5227 δὲ
2866 5176 3040 5246 λέγων
3054 5181 3134 5243 τὸ,
3169 5199 3186 5232 ι
3233 5148 3379 5252 ’Ἐγὼ
3403 5148 3549 5244 οῦκ*
3566 5148 3710 5270 gl;

490 5236 534 5269 δ’
557 5236 709 5292 ³0³³³-
741 5256 781 5307 ιι
812 5243 868 5297 2-
943 5244 988 5277 “
1016 5248 1171 5305 Prnv.
1202 5268 1314 5314 vm,
1352 5255 1442 5309 22.
1540 5250 1584 5289 ⁸⁸
1616 5258 1753 5312 ΡετιΙ.
1786 5274 1910 5318 xxx,
1942 5257 1974 5310 2

490 5304 671 5349 ΩηΙηςς
706 5325 811 5349 ,ιιι
842 5311 893 5349 ιι
999 5318 1044 5348 lo
1088 5319 1208 5349 υοηι
1275 5338 1379 5349 .-..
1448 5325 1467 5349 ι
1589 5327 1630 5349 ιιι
1675 5327 1711 5349 ιι
1748 5327 1851 5349 ρ..-
1901 5342 1974 5349 ....

2081 5259 2154 5339 ’⁸⁸
2197 5257 2368 5349 lnCIoL.
2416 5258 2579 5349 1,.50.
2672 5262 2898 5349 ‘lnPsa'l.
2940 5285 2992 5349 ιι,
3019 5272 3073 5325 8.
3151 5271 3387 5349 ⁸⁸Ᾰρσιι.
3426 5295 3595 5349 χεν,
3663 5236 3710 5348 ἓ

416 5304 460 5336 δ’
486 5304 816 5371 Coloss.-til.
842 5311 897 5364 4.
999 5318 1044 5348 ⁸ο
1087 5304 1492 5388 putfﬁﬁft.
1589 5304 1974 5381 ’ἶ

416 5388 453 5435 ι,
496 5374 576 5425 Π.
647 5374 841 5432 “ibid.
874 5379 961 5435 i9.

2081 5327 2113 5378 ς.
2197 5304 2660 5393 ιε’]ᾜειίείιίνένι,
2695 5304 2992 5398 aa'fiiéai.’
3019 5304 3145 5406 ιἓιν,
3198 5304 3387 5400 ἀξίω.
3409 5304 3709 5413 διῖὅειξ

485 5466 591 5534 (82)
625 5466 692 5519 Τὸ
717 5469 824 5536 γὰρ
849 5475 1362 5543 αὐτοόικαιοσύνη.
1396 5478 1700 5549 chcndum
1718 5481 1974 5547 videtur,‘

2081 5480 2157 5549 ’,ἀρ
2181 5482 2636 5555 αὑτοδικαιοσύνη.

999 5318 1044 5348 ⁶⁰
1087 5319 1232 5374 Psal.
1275 5338 1406 5388 Lm,
1439 5325 1492 5378 4.
