3880 6232
383 280 497 337 213

1464 291 1808 347 εοΜΜΕΝτ.
1845 292 1909 346 ΙΝ
1942 291 2129 348 JOAN.
2157 291 2393 348 TOMUS
2424 288 2510 343 Vl.

3454 298 3561 352 2M

374 399 412 451 ὁ
436 397 685 467 Χριστὸς,
718 415 735 446 ι
769 397 837 449 δι’
871 400 1039 454 αὐτοῦ
1066 405 1245 457 τούτου
1266 403 1809 474 ὁμολογίανάληθείας
1840 421 1921 457 πε-

2033 416 2145 459 stus
2168 405 2235 469 ⁵⁸,
2280 424 2299 457 ι
2340 401 2582 456 veritatis
2622 404 3009 461 confessionem
3054 407 3250 467 edidit.
3310 423 3443 472 nec,
3501 414 3560 466 ut

373 488 624 559 στοίηται,
647 487 738 541 καὶ
762 488 887 557 οὐχ,
920 491 999 555 ὼς
1027 492 1092 545 ἄν
1123 509 1205 554 τις
1234 493 1508 555 ὑπολάὸοι,
1541 493 1627 546 διὰ
1653 494 1732 556 τὸ,
1769 512 1786 544 ι
1821 494 1931 546 Οὐκ

372 576 499 646 είμὶ
531 575 830 646 όΧριστὸς,
881 596 901 628 ι
939 580 1227 649 ἠρνήσατο·
1278 581 1337 632 ού
1382 580 1487 650 γάρ
1528 583 1669 632 ἐστιν
1710 580 1931 649 ἄρνησις

330 730 334 734 _
372 666 438 717 τὸ
476 668 557 727 είς
595 665 744 727 δόξαν
785 666 1026 736 Χριστοῦ
1078 667 1252 735 λέγειν
1306 668 1378 738 μὴ
1418 669 1575 721 αὐτὸν
1612 665 1747 722 εἶναι
1797 671 1930 738 Χρι-

372 758 526 809 στόν.
566 755 741 821 Ἀπαξ
769 756 827 808 δὲ
853 759 903 808 οί
936 758 1272 827 πεμφθέντες
1304 759 1410 812 ἀπὸ
1456 758 1828 829 Ἰεροσολύμων
1859 759 1932 809 ἱε-

372 846 495 913 ρεῖς
536 844 630 896 καὶ
660 842 902 910 Λευῖται,
939 846 1263 909 ἀκούσαντες
1298 848 1359 898 τὸ
1391 848 1462 917 μὴ
1492 843 1627 900 εἶναι
1655 848 1813 899 αὑτὸν
1843 847 1930 900 τὸν

373 930 827 1001 προσδοκώμενον
860 934 1111 1004 Χριστὸν,
1143 935 1496 989 πυνθάνονται
1536 938 1660 1009 περὶ
1697 936 1789 987 τοῦ
1821 936 1932 988 δευ-

366 1020 538 1088 τέρου
590 1020 943 1091 ἐλπιζομένου
1007 1025 1136 1094 παρ’
1198 1026 1379 1087 αὐτοῖς
1442 1027 1620 1095 τιμίου
1678 1027 1929 1096 ὀνόματος

383 1107 593 1173 Ἦλίου,
655 1112 704 1162 εἰ
746 1112 906 1174 αὐτὸς
951 1114 1033 1183 εἴη
1094 1115 1310 1177 ἐκεῖνος.
1359 1115 1517 1182 Λέγει
1570 1116 1625 1168 δὲ
1680 1115 1753 1185 μὴ
1804 1132 1925 1182 τυγ-

365 1196 562 1262 χάνειν
604 1197 809 1261 Ἠλίας,
828 1198 990 1251 πάλιν
1011 1200 1283 1268 ὁμολογῶν
1308 1200 1395 1253 διὰ
1417 1201 1529 1265 τοῦ,
1557 1221 1575 1251 ι
1613 1204 1724 1255 Οὐκ
1750 1204 1882 1272 είμί,
1905 1223 1923 1255 ι

365 1285 432 1337 τὸ
499 1287 719 1357 ἀληθές.
772 1289 923 1341 Ἐπεὶ
970 1289 1047 1351 δὲ,
1111 1290 1315 1343 πολλῶν
1372 1292 1659 1362 προφητῶν
1717 1294 1931 1363 γινομέ-

365 1389 481 1426 νων
538 1376 596 1427 ὲν
672 1375 917 1445 Ἰσραὴλ,
982 1371 1061 1437 εἷς
1123 1394 1204 1438 τις
1256 1380 1284 1430 6
1335 1378 1438 1429 ύπὺ
1487 1378 1724 1441 Μωσέως
1795 1397 1928 1449 προ-

365 1462 663 1531 φητευθεὶς
717 1462 1006 1532 ὲξαιρέτως
1056 1466 1412 1535 προσεδοκᾶτο
1454 1467 1592 1519 κατὰ
1634 1468 1692 1518 τὸ
1726 1470 1927 1535 φάσκον

366 1553 575 1621 ῥητόν·
649 1571 667 1603 ι
732 1555 1021 1623 Προφήτην
1098 1555 1222 1624 ύμῖν
1298 1557 1583 1627 ἀναστήσει
1646 1559 1844 1628 Κύριος
1899 1564 1927 1613 6

361 1640 505 1702 Θεὸς
555 1640 711 1710 ήμῶν
757 1644 821 1693 ὲκ
871 1642 977 1694 τῶν
1024 1643 1262 1711 ἀδελφῶν
1314 1646 1483 1715 ὑμῶν,
1529 1646 1602 1709 ὡς
1655 1648 1784 1717 ἐμέ·
1833 1649 1928 1699 αύ-

2031 491 2221 560 aliquis
2263 490 2521 560 suspicari
2572 501 2774 558 posset,
2818 507 2912 561 per
2963 493 3075 546 haec
3132 495 3322 555 verba,
3369 514 3388 545 ι
3438 496 3553 552 Νοη

2030 598 2145 637 sum
2176 599 2273 651 ego
2305 582 2569 645 Christus,
2610 600 2628 632 ι
2665 585 2915 650 negavit;
2959 597 3128 650 neque
3173 585 3311 637 cnim
3345 585 3555 654 negatio

2027 681 2128 733 est,
2156 672 2217 723 ad
2239 670 2436 724 Christi
2466 670 2682 737 gloriam
2707 671 2890 727 dicere
2915 687 2975 726 se
2998 687 3099 723 non
3123 685 3240 725 esse
3260 672 3553 726 Christum.

2027 759 2284 812 Caeterum
2314 774 2433 812 cum
2464 759 2730 812 audissent
2756 761 2843 827 qui
2877 760 3022 813 missi
3048 761 3257 813 fuerant
3283 778 3346 815 ex
3371 761 3557 816 Hiero-

2028 848 2346 918 solymorum
2392 850 2522 902 urbe
2552 853 2857 905 sacerdotes
2904 860 2957 903 et
2987 852 3205 916 Levita},
3242 853 3411 918 ipsum
3447 867 3551 907 non

2027 949 2142 988 esse
2168 935 2438 989 Christum
2477 947 2863 1005 exspectatum,
2895 941 2959 993 de
2984 941 3216 993 secundo
3260 940 3346 1006 qui
3374 956 3553 1007 spera-

2027 1025 2183 1077 batur
2206 1024 2418 1094 [nempe
2448 1025 2608 1097 Elia],
2642 1028 2791 1095 cujus
2831 1042 3022 1081 nomen
3056 1028 3227 1098 magni
3250 1027 3384 1098 apud
3415 1028 3557 1097 ipsos

2029 1113 2207 1176 ﬁebat,
2239 1124 2652 1182 percunctantur
2683 1133 2806 1169 unm
2862 1118 2974 1183 ipse
2999 1117 3084 1171 ille
3116 1127 3278 1171 esset.
3330 1117 3444 1181 Quo
3472 1117 3555 1169 di-

2028 1212 2179 1254 cente
2231 1218 2286 1255 se
2331 1218 2430 1255 non
2460 1218 2579 1257 esse
2624 1205 2814 1269 liliam,
2873 1220 3054 1259 rursus
3082 1205 3339 1266 dicendo,
3375 1225 3392 1255 ι
3438 1203 3552 1257 Νοη

2027 1306 2144 1344 sum
2173 1292 2238 1356 ⁸⁸,
2280 1310 2297 1342 ι
2326 1292 2520 1345 fatetur
2560 1308 2762 1347 verum.
2813 1294 3072 1359 Quoniam
3128 1310 3253 1348 vero
3285 1295 3555 1360 propheta:

2027 1378 2173 1430 multi
2200 1394 2315 1431 cum
2344 1389 2522 1431 essent
2553 1381 2601 1432 in
2633 1379 2816 1443 Israel,
2846 1395 2982 1432 unus
3008 1380 3270 1447 quispiam
3295 1377 3556 1445 praecipue

2024 1471 2430 1535 exspectabatur
2469 1471 2819 1537 prephetatus
2877 1487 2904 1523 a
2944 1471 3102 1543 Mose,
3154 1473 3301 1538 juxta
3332 1470 3550 1521 verbum

2027 1556 2153 1608 illud
2188 1558 2370 1611 dicens
2398 1559 2441 1588 ⁵⁷
2481 1574 2495 1610 :
2536 1577 2553 1608 ι
2586 1559 2906 1626 Prophetatn
2951 1560 3099 1613 vobis
3138 1557 3418 1614 suscitabit
3464 1558 3558 1609 Do-

2027 1646 2197 1697 minus
2219 1646 2359 1700 Deus
2402 1657 2581 1700 ucster
2606 1662 2671 1701 ex
2697 1647 2955 1701 fratribus
2988 1650 3200 1710 vestris,
3252 1648 3391 1701 sicut
3424 1658 3508 1697 me
3537 1660 3551 1694 :

358 1729 461 1781 τοῦ
516 1729 834 1782 ἀκούσεσθε·
890 1732 981 1783 καὶ
1026 1732 1172 1785 ἔσται
1227 1736 1373 1787 πᾶσα
1420 1737 1451 1804 ή
1489 1735 1652 1805 ψυχὴ,
1690 1737 1809 1805 ήτις
1860 1737 1921 1790 ἂν

2031 1732 2185 1800 109
2213 1734 2380 1797 ipsum
2421 1735 2627 1800 audite;
2658 1746 2710 1790 et
2737 1738 2911 1791 omnis
2933 1739 3131 1802 anima,
3160 1749 3277 1803 (ιιιεε
3306 1750 3408 1787 non
3461 1747 3557 1785 au-

364 1817 445 1887 μὴ
494 1818 703 1889 ἀκούσῃ
758 1819 852 1870 τοῦ
907 1822 1181 1889 προφήτου
1228 1823 1458 1888 ἱκείνου,
1493 1825 1927 1896 ὲξολοθρευθὴσε-

358 1923 457 1958 ται
508 1908 572 1958 ἐκ
612 1907 705 1960 τοῦ
740 1908 869 1961 λαοῦ
917 1910 1100 1973 αὐτοῦ,
1142 1930 1159 1960 ι
1192 1911 1372 1981 τρίτον
1410 1913 1677 1985 ἐρωτῶσιν
1710 1915 1826 1983 οὐχὶ
1878 1919 1925 1967 εί

358 2000 655 2068 προφήτης
672 1999 778 2068 εἴη,
803 1999 917 2051 ἀλλ’
940 2002 987 2052 εί
1004 2003 1031 2052 6
1048 2003 1342 2071 προφήτης.
1376 2004 1482 2056 Καὶ
1503 2004 1657 2057 τοῦτο
1678 2004 1737 2057 τὸ
1760 2005 1925 2076 ὄνομα

358 2085 593 2138 ἐκείνων
633 2087 732 2138 ούκ
765 2088 855 2138 ἐπὶ
896 2089 1129 2157 Χριστοῦ
1165 2092 1478 2155 ταττόντων,
1517 2092 1628 2144 ἀλλ’
1672 2095 1924 2163 οἰομένων

358 2173 554 2244 ἕτερον
584 2174 735 2245 παρά
773 2175 865 2227 τὸν
908 2178 1138 2247 Χριστὸν
1179 2180 1337 2233 αὐτὸν
1381 2178 1536 2244 εἶναι,
1578 2183 1735 2245 αὐτὸς
1764 2183 1922 2251 γινώ-

361 2278 515 2315 σκων
544 2264 634 2315 τὸν
654 2258 714 2317 οὗ
749 2265 1048 2335 πρόδρομός
1077 2269 1222 2320 ἐστιν
1255 2269 1356 2337 (ὃτι
1380 2271 1469 2322 καὶ
1488 2272 1516 2322 6
1540 2272 1763 2342 Χριστὸς
1783 2275 1873 2325 καὶ
1893 2276 1921 2326 6

359 2353 656 2423 προφήτης
696 2354 841 2405 ἐστὶν
887 2356 916 2405 6
965 2357 1393 2427 προφητευθείς),
1440 2359 1618 2428 φησίν·
1655 2360 1749 2411 Οὔ·
1783 2362 1919 2429 τάχα

358 2440 449 2500 τὸ,
510 2457 528 2488 ι
569 2440 697 2503 Ναί,
736 2461 755 2491 ι
806 2444 1252 2510 ἀποκρινάμενος,
1301 2448 1347 2497 εί
1382 2447 1546 2516 χωρὶς
1590 2447 1680 2499 τοῦ
1722 2448 1919 2519 ἄρθρου

361 2531 769 2599 ὴρωτήκεισαν·
800 2532 861 2583 ού
909 2533 1017 2602 γὰρ
1044 2534 1226 2602 ήγνόει
1276 2538 1553 2606 προφήτης
1583 2536 1676 2591 ὢν.
1706 2539 1812 2591 Καὶ
1864 2543 1920 2592 ὲν

359 2621 594 2684 ταύταις
612 2622 765 2684 ὅλαις
793 2624 913 2685 ταῖς
941 2623 1287 2694 ἀποκρίσεσιν
1312 2627 1343 2693 ή
1372 2624 1596 2695 δευτέρα
1619 2627 1825 2680 οὐδέπω
1843 2646 1923 2680 τε-

361 2711 612 2763 τέλεσται
654 2713 927 2781 μαρτυρία
966 2714 1225 2776 Ἰωάννου,
1259 2714 1360 2776 ἕως
1388 2716 1497 2777 τοῖς
1528 2716 1761 2769 αἰτοῦσιν
1792 2719 1921 2771 ἀπό-

363 2818 551 2871 κρισιν
582 2802 1133 2873 ἀπαγγελθησομένην
1152 2807 1265 2866 τοῖς
1288 2805 1580 2873 πέμψασιν,
1605 2807 1790 2860 ἑαυτὸν
1815 2809 1922 2862 ἀπὸ

368 2889 715 2959 προφητικῖμς
748 2891 1068 2960 κατήγγειλε
1097 2891 1297 2961 φωνῆς,
1324 2892 1421 2960 τῆς
1446 2893 1535 2945 τοῦ
1572 2896 1806 2962 Ἡσαΐου,
1834 2898 1921 2951 οὖ-

364 2995 477 3079 τως
502 2979 748 3079 ἑξούσης·
829 2981 980 3050 Φωνὴ
1013 2980 1236 3049 βοῶντος
1259 2983 1315 3034 ὲν
1334 2984 1397 3051 τῇ
1423 2985 1626 3054 ἐρήμῳ·
1652 2986 1918 3073 Εὐθύνατε
1945 3023 1987 3079 c

362 3064 467 3135 τήν
495 3066 610 3119 όδὸν
648 3066 879 3137 Κυρίου.
921 3086 939 3118 ι

440 3259 491 3313 5.
526 3259 706 3324 Ἄξιον
731 3260 786 3313 δὲ
809 3259 1034 3330 ζητῆσαι
1066 3263 1286 3332 πότερον
1315 3264 1613 3317 τετέλεσται
1639 3268 1672 3335 ή
1702 3267 1920 3336 δευτέρα

372 3351 664 3420 μαρτυρία,
686 3351 781 3403 καὶ
813 3352 968 3420 τρίτη
1001 3352 1207 3419 γίνεται
1235 3353 1367 3421 πρὸς
1394 3354 1824 3427 ἀπεσταλμένους
1856 3359 1920 3409 ὲκ

368 3441 475 3492 τῶν
498 3441 826 3511 Φαρισαίων,
859 3442 950 3495 καὶ
972 3441 1321 3512 βουλομένους
1338 3460 1390 3496 τι
1416 3445 1620 3514 μαθεῖν,
1644 3447 1694 3497 τί
1724 3447 1917 3516 δήποτε

372 3528 638 3595 βαπτίζει,
666 3532 803 3600 μήτε
830 3531 1080 3600 Χριστὸς,
1106 3533 1238 3600 μήτε
1273 3532 1471 3595 Ἠλίας,
1507 3535 1636 3603 μήτε
1661 3537 1689 3587 ὁ
1716 3538 1920 3606 προφή-

369 3619 781 3687 τηςτυγχάνων,
819 3620 877 3671 ὲν
902 3619 997 3688 τῷ·
1037 3637 1057 3669 ι
1109 3619 1245 3685 Ἐγὼ
1280 3619 1518 3689 βαπτίζω
1543 3622 1598 3675 ὲν
1632 3621 1797 3675 ὕδατι·
1827 3625 1919 3691 μέ-

372 3723 459 3769 σος
484 3708 539 3760 δὲ
574 3708 731 3777 ὑμῶν
772 3708 1026 3773 ἕστηκεν,
1061 3707 1119 3758 ὃν
1148 3708 1301 3776 ὑμεῖς
1331 3709 1429 3761 οὐκ
1462 3708 1657 3772 οἴδατε,
1691 3712 1719 3761 6
1749 3711 1918 3763 ὀπίσω

372 3814 468 3865 μου
496 3798 811 3869 ἐρχόμενος,
843 3790 904 3850 οῦ
935 3800 1035 3851 οὐκ
1066 3797 1177 3866 sip).
1218 3796 1326 3865 ἐγὼ
1352 3797 1497 3863 άξιος
1530 3800 1613 3850 ἴνα
1644 3799 1785 3851 λύσω
1820 3802 1916 3853 αύ-

365 3885 454 3937 τοῦ
484 3887 575 3939 τὸν
614 3886 814 3955 ἱμάντα
840 3884 933 3936 τοῦ
963 3885 1317 3954 ὑποδήματος·
1355 3906 1373 3936 ι
1408 3886 1440 3954 ἢ
1474 3885 1634 3955 μέρος
1677 3887 1775 3956 τῆς
1800 3887 1919 3939 δευ-

366 3973 521 4043 τέρας
560 3976 677 4026 ὲστὶ
725 3975 819 4026 καὶ
849 3974 911 4026 τὸ
945 3974 1406 4044 ἀπαγγελλόμενον
1435 3978 1567 4047 πρὸς
1601 3979 1724 4041 τοὺς
1751 3981 1916 4049 Φαρι-

367 4063 563 4125 σαίους.
612 4062 754 4129 Ἐγὼ
802 4061 868 4123 δ’,
914 4062 1037 4113 ὅσον
1085 4062 1149 4114 ὲκ
1177 4062 1273 4131 τῆς
1304 4062 1495 4126 λέξεως
1539 4066 1913 4133 στοχάσασθαι,

364 4150 561 4221 εἴποιμ’
613 4151 680 4204 ἆν
727 4152 918 4222 τρίτην
966 4146 1102 4202 εἶναι
1153 4152 1449 4221 μαρτυρίαν
1490 4154 1578 4206 τὸν
1625 4156 1758 4225 πρὸς
1795 4157 1918 4219 τοὺς

364 4239 765 4301 ἀποσταλέντας
797 4238 905 4290 ἀπὺ
937 4238 1043 4290 τῶν
1068 4238 1367 4308 Φαρισαίων
1397 4240 1569 4309 λόγον.
1592 4244 1915 4314 Παρατηρη-

2024 1818 2180 1869 dicrit
2208 1821 2513 1887 prophetam
2576 1821 2740 1885 illum,
2790 1837 2854 1874 ex
2895 1823 3086 1891 pepulo
3112 1836 3207 1875 suo
3230 1818 3558 1874 extermina-

2025 1902 2198 1967 bitur;
2239 1924 2258 1956 ι
2288 1907 2441 1960 tertio
2496 1908 2830 1976 interrogant
2865 1925 2969 1963 non
3012 1913 3054 1964 si
3106 1910 3362 1980 propheta
3392 1917 3553 1972 esset,

2023 1994 2115 2046 sed
2161 2009 2227 2047 an
2279 1997 2529 2065 prepheta
2591 1999 2696 2054 ille.
2735 2000 2798 2052 Et
2825 2003 2922 2054 hoc
2951 2018 3051 2053 non
3103 2000 3421 2069 ponentibus
3451 1999 3555 2053 illis

2023 2099 2213 2137 nomen
2244 2088 2307 2138 de
2333 2087 2563 2154 Christo,
2616 2092 2708 2143 sed
2739 2091 2963 2144 alterum
3001 2107 3119 2145 esse
3165 2092 3335 2159 ipsum
3364 2098 3555 2158 prmter

2022 2174 2289 2228 Christum
2345 2177 2803 2244 existimantibus,
2859 2181 2972 2248 ipse
3025 2194 3350 2248 cognoscens
3384 2179 3552 2239 illum,

2022 2261 2173 2328 cujus
2228 2278 2524 2330 prtecursor
2584 2276 2665 2320 est
2722 2267 2931 2338 (nempe
2962 2270 3099 2336 quod
3148 2268 3393 2322 Christus
3446 2277 3550 2328 est,

2022 2352 2160 2419 quod
2210 2353 2460 2418 pmpheta
2514 2362 2595 2407 est
2652 2355 2740 2408 ille
2791 2356 3185 2425 prophetatus),
3244 2357 3550 2422 respondet,

2026 2454 2046 2485 ι
2084 2436 2194 2490 Non
2222 2438 2287 2502 ⁸⁸,
2336 2458 2355 2489 ι
2391 2454 2740 2506 responsurus
2763 2439 3009 2501 fortasse,
3044 2459 3061 2491 ι
3104 2439 3195 2493 Nae
3224 2456 3244 2490 ι
3279 2438 3421 2509 [qua
3448 2453 3548 2490 vox

2021 2527 2109 2580 est
2131 2527 2514 2599 assentientis],
2550 2530 2595 2583 si
2629 2530 2828 2597 absque
2857 2532 3082 2584 articulo
3112 2531 3551 2598 interrogassent,

2020 2631 2139 2669 cum
2168 2632 2269 2671 non
2294 2618 2564 2685 ignoraret
2587 2634 2644 2672 se
2665 2624 2975 2688 prophetam
3007 2621 3285 2674 exsistere.
3307 2619 3360 2671 lu
3382 2618 3551 2670 muni-

2019 2706 2118 2760 bus
2167 2707 2250 2762 bis
2296 2708 2457 2760 etiam
2507 2709 2939 2777 responsionibns
2988 2710 3278 2764 secundum
3330 2708 3552 2762 Joannis

2019 2796 2377 2850 testimonium
2404 2813 2505 2851 non
2535 2798 2832 2851 absolutum
2888 2798 3012 2862 fuit,
3046 2799 3218 2853 donec
3242 2797 3547 2867 petentibus

2020 2885 2415 2951 responsionem
2447 2889 2855 2942 renuntiandam
2896 2890 2980 2942 his
3009 2890 3098 2958 qui
3126 2901 3220 2942 eos
3271 2886 3550 2947 miserant,

2019 2973 2248 3042 seipsum
2271 2990 2302 3029 e
2333 2989 2462 3029 voce
2490 2978 2799 3043 prophetica
2843 2977 2991 3031 Isaia:
3018 2976 3400 3039 manifestavit,
3432 2987 3551 3043 qua

2020 3061 2096 3114 sie
2123 3076 2239 3117 sese
2291 3063 2447 3118 habet
2476 3082 2490 3118 :
2536 3084 2553 3116 ι
2593 3066 2704 3119 \lox
2735 3067 3013 3121 clamantis
3050 3066 3100 3118 iu
3154 3064 3368 3119 deserto
3402 3076 3419 3116 ὲ
3448 3062 3550 3119 [διο

2019 3160 2131 3205 rate
2154 3153 2292 3205 viam
2326 3154 2529 3207 Domini
2557 3156 2625 3208 ⁸⁸.
2668 3172 2689 3206 ι

2087 3261 2141 3315 5.
2179 3261 2413 3327 Qumsitu
2447 3273 2625 3317 autem
2653 3264 2868 3332 dignum
2909 3273 2991 3318 est
3035 3274 3210 3318 utrum
3246 3263 3548 3319 absolutum

2019 3349 2088 3403 sit
2123 3352 2413 3404 secundum
2442 3352 2829 3419 testimonium,
2860 3361 2915 3406 et
2958 3355 3175 3407 tertium
3226 3354 3447 3420 incipiat
3482 3355 3550 3407 ad

2016 3454 2109 3495 eos
2135 3441 2226 3508 qui
2254 3442 2510 3496 miserant
2535 3456 2600 3496 ex
2624 3442 2909 3496 Pharisaais
2929 3481 2945 3506 ,
2998 3453 3054 3497 et
3085 3444 3320 3498 volentes
3355 3442 3553 3496 intelli-

2015 3544 2143 3598 gere
2172 3545 2269 3584 cur
2290 3529 2500 3586 tandem
2525 3531 2822 3599 baptizaret
2842 3532 2913 3611 1°,
2937 3546 3057 3585 cum
3086 3546 3259 3600 neque
3280 3531 3547 3598 Christus,

2018 3632 2189 3686 neque
2244 3618 2407 3683 Elias,
2454 3634 2627 3688 neque
2670 3620 2928 3687 propheta
2983 3622 3306 3684 exsisteret.
3345 3624 3397 3676 in
3442 3622 3549 3676 illis

2016 3708 2193 3760 verbis
2217 3708 2261 3737 “
2296 3723 2310 3758 :
2349 3725 2368 3758 ι
2405 3708 2517 3777 Ego
2560 3709 2772 3776 baptizo
2822 3709 2873 3760 in
2921 3723 3057 3777 aqua
3091 3726 3106 3762 :
3150 3711 3241 3764 sed
3283 3712 3335 3764 in
3374 3711 3548 3765 medio

2013 3807 2245 3848 vestrum
2287 3803 2394 3848 stat
2427 3810 2586 3864 quem
2628 3810 2722 3849 vos
2754 3797 2991 3849 nescitis.
3018 3797 3134 3863 ipse
3165 3806 3265 3860 est,
3294 3798 3384 3867 qui
3422 3808 3549 3866 post

2015 3897 2100 3935 me
2131 3881 2371 3945 veniens,
2404 3891 2526 3936 ante
2552 3898 2635 3937 me
2664 3883 2836 3937 factus
2856 3892 2968 3949 est;
3003 3884 3152 3950 cujus
3181 3900 3282 3938 non
3311 3902 3428 3940 sum
3451 3901 3549 3954 ego

2014 3972 2226 4039 dignus,
2249 3980 2305 4024 ut
2335 3966 2541 4025 solvam
2564 3972 2849 4041 corrigiam
2876 3972 2992 4039 ejus
3013 3973 3396 4039 calceatuenti;
3428 3993 3446 4025 ι
3478 3991 3546 4028 an

2014 4074 2139 4126 pars
2166 4059 2381 4112 secundi
2415 4058 2697 4113 testimOnii
2724 4061 2796 4114 sit
2834 4062 3107 4129 responsio
3139 4062 3202 4115 ad
3230 4061 3545 4116 Pharisaeos.

2016 4148 2208 4201 Verum
2244 4162 2360 4216 ego,
2387 4158 2642 4217 quantum
2677 4148 2980 4214 conjectare
3011 4164 3076 4203 ex
3103 4149 3335 4203 lectione
3374 4150 3545 4213 valeo,

2015 4236 2257 4291 dicturus
2293 4253 2409 4291 sum
2452 4240 2664 4291 tertium
2693 4239 3054 4292 testimonium
3084 4253 3206 4292 esse
3251 4239 3549 4307 responsio-

363 4331 477 4383 τέον
513 4331 787 4400 μέντοιγε,
827 4331 967 4399 ὅτιή
1004 4328 1191 4398 πρώτη
1233 4334 1501 4401 μαρτυρία
1528 4334 1586 4385 τὸ
1605 4333 1779 4386 ἔνθεον
1823 4337 1913 4388 τοῦ

2022 4342 2139 4380 nem
2170 4327 2239 4381 'ad
2262 4342 2352 4381 eos
2389 4330 2476 4396 qui
2511 4329 2658 4381 missi
2691 4329 2902 4382 fuerant
2922 4344 2987 4382 ex
3009 4327 3314 4382 Pbarisaeis.
3347 4328 3548 4383 Obser-

365 4418 608 4487 Σωτῆρος
635 4418 984 4486 παρίστησιν·
1020 4418 1053 4484 ή
1078 4416 1134 4467 δὲ
1161 4416 1384 4487 δευτέρα
1416 4420 1510 4488 τὴν
1533 4420 1780 4473 ὑπόνοιαν
1807 4422 1914 4473 τῶν

365 4506 735 4569 δισταζόντων,
763 4506 973 4574 μήποτε
1001 4504 1245 4573 Ἰωάννης
1265 4508 1345 4577 εἴη
1376 4507 1622 4577 Χριστὸς,
1645 4508 1910 4579 καθαιρεῖ·

365 4594 393 4661 ή
420 4593 475 4645 δὲ
504 4594 663 4662 τρίτη
700 4593 794 4644 τὸν
820 4592 1069 4661 ἀοράτως
1099 4594 1207 4653 τοῖς
1227 4592 1523 4661 ἀνθρώποις
1551 4595 1785 4665 παρόντα
1816 4615 1913 4668 κη-

366 4683 536 4735 ούττει
567 4685 691 4735 ὅσον
719 4683 934 4735 οὐδέπω
976 4681 1341 4749 ἐλευσόμενον.
1378 4684 1511 4753 Πρὶν
1558 4685 1614 4736 δὲ
1641 4684 1746 4736 τῶν
1788 4687 1912 4754 ἑξῆς

362 4772 691 4844 μαρτυριῶν,
725 4772 846 4824 καθ’
889 4772 958 4832 ἃς
1001 4769 1340 4838 δεικνύμενος
1374 4778 1742 4843 μαρτυρεῖται,
1788 4776 1913 4827 ἑκά-

360 4879 484 4932 στην
515 4861 661 4925 λέξιν
697 4861 897 4929 ἴδωμεν
925 4859 1030 4926 τῆς
1062 4858 1326 4927 δευτέρας,
1358 4865 1449 4914 καὶ
1490 4864 1673 4933 τρίτης
1708 4880 1911 4933 μαρτυ..

357 4951 493 5015 φίας,
518 4949 678 5002 τοῦτο
707 4947 925 5018 πρῶτον
949 4947 1393 5014 ἐπιτηρήσαντες,
1416 4952 1494 5003 ὃτι
1513 4952 1603 5004 δύο
1622 4951 1912 5005 ἀποστολαὶ

350 5039 584 5105 γίνονται
616 5039 751 5107 πρὸς
796 5037 890 5087 τὸν
914 5034 1237 5102 Βαπτιστὴν,
1273 5037 1372 5104 μία
1404 5042 1500 5107 μὲν
1551 5062 1569 5092 ι
1606 5041 1714 5093 ἀπὸ
1756 5042 1919 5112 Ἱερο-

2020 4416 2243 4468 vandum
2276 4418 2489 4483 insuper
2526 4420 2668 4485 quod
2708 4419 2936 4486 primum
2968 4417 3328 4471 testimonium
3359 4419 3552 4472 divini-

2020 4515 2177 4558 tatem
2209 4506 2508 4560 Servatoris
2539 4510 2900 4571 detnonStrat;
2942 4507 3164 4561 alterum
3194 4509 3549 4576 suspicionem

2018 4595 2416 4663 ambigentium,
2472 4612 2596 4648 num
2655 4596 2791 4650 forte
2821 4596 3053 4652 Joannes
3109 4605 3254 4649 esset
3286 4596 3551 4657 Christus,

2019 4693 2235 4751 purgat;
2266 4685 2474 4738 tertium
2513 4686 2851 4740 invisibiliter
2894 4686 3207 4740 hominibus
3238 4694 3554 4749 prteseutem

2018 4775 2275 4839 prmdicat
2313 4774 2457 4829 illico
2495 4786 2797 4829 venturum.
2840 4777 3036 4828 Verum
3086 4782 3211 4824 ante
3252 4771 3560 4824 testimonia

2017 4863 2312 4937 sequentia,
2365 4879 2430 4918 ex
2487 4867 2678 4932 quibus
2705 4866 2796 4934 qui
2843 4866 3270 4917 demonstratur.
3321 4856 3566 4910 testimo-

2016 4954 2163 5005 nium
2197 4954 2412 5021 accipil,
2443 4955 2714 5008 videamus
2752 4952 2998 5019 singulas
3037 4949 3315 5000 dictiones
3355 4945 3574 4996 secundi

2019 5049 2072 5095 et
2108 5042 2249 5093 tertii
2279 5044 2566 5095 testimonii
2602 5061 2616 5094 :
2644 5044 2743 5095 hoc
2770 5042 3010 5108 primum
3038 5037 3431 5092 observantes,
3453 5032 3586 5081 duas

354 5126 598 5193 σολύμων
632 5145 650 5176 ›
702 5124 809 5176 ὑπὸ
875 5119 1147 5172 Ἰουδαίων
1188 5125 1507 5190 πεμπόντων
1539 5148 1557 5179 ι
1613 5131 1776 5197 ἱερεῖς
1820 5132 1914 5183 καὶ

2022 5132 2309 5200 legationes
2335 5131 2447 5185 fieri
2472 5134 2537 5183 ad
2564 5132 2884 5199 Baptistam,
2918 5128 3145 5178 alteram
3180 5135 3201 5167 ι
3235 5131 3311 5168 ex
3343 5116 3595 5200 Hieroso-

349 5218 595 5277 Λευῖτας,
622 5217 705 5268 ἵνα
726 5212 1089 5282 ἐρωτήσωσιν
1118 5209 1285 5262 αὐτόν·
1309 5215 1384 5266 Σὺ
1407 5217 1490 5279 τίς
1511 5215 1589 5281 εἷ;
1630 5236 1647 5267 ι
1676 5217 1834 5287 ἑτέρα
1858 5219 1916 5272 δὲ

2022 5221 2178 5290 lymis
2205 5239 2223 5271 ο
2255 5236 2282 5272 a
2310 5219 2505 5273 Judaais
2536 5220 2878 5273 mittentibus
2928 5232 2952 5264 ι
2983 5209 3305 5267 sacerdotes
3322 5212 3393 5290 ει
3449 5199 3607 5290 Levi-

346 5305 648 5373 Φαρισαίων
667 5290 1130 5357 ἀποστελλόντων,
1152 5300 1237 5350 καὶ
1258 5304 1397 5370 πρὸς
1424 5307 1521 5376 τὴν
1548 5285 1917 5378 γεγενημένην

2027 5285 2127 5372 tas,
2164 5317 2220 5361 ut
2252 5309 2643 5370 interrogarent
2697 5320 2827 5359 eum
2872 5320 2890 5355 :
2943 5301 3029 5354 Tu
3052 5298 3170 5367 quis
3194 5306 3258 5344 es
3284 5288 3380 5336 ⁶¹Ἱ
3420 5302 3439 5334 ι
3484 5285 3621 5336 alle-

386 5480 648 5558 ’τ-Ιρξιιιεξ..
822 5473 1160 5558 ’ξξιζῖίνζοξιὴ
1196 5479 1236 5508 ³⁷
1265 5481 1435 5539 Deut.
1458 5501 1608 5549 mu,
1641 5487 1828 5549 l8,l9.
1910 5489 1921 5521 '

2022 5492 2287 5558 Jan.t,2l.
2374 5491 2416 5521 ⁸⁹
2441 5486 2539 5543 lsa.
2565 5502 2650 5551 ιι,
2678 5476 3133 5552 5;.loau.1,23.
3206 5465 3255 5498 ⁶⁶
3286 5462 3458 5516 Joan.
3488 5454 3645 5517 1,23.

345 5555 386 5585 ⁶¹
414 5552 541 5607 ibid.
571 5550 657 5607 26.
680 5546 774 5598 27.
857 5541 906 5570 ⁸³
940 5540 1071 5593 ibid.
1104 5542 1177 5598 19.
1595 5540 1607 5549 '
1684 5540 1723 5549 ί·
1960 5546 1975 5562 .
