3880 6236
267 257 349 311 217
1383 277 1726 332 COMMENT.
1762 277 1824 330 IN
1858 277 2045 331 JOAN.
2079 275 2313 330 TOMUS
2354 276 2438 330 Vl.

3375 275 3479 331 218

263 374 445 442 ἐρήμῳ·
476 390 494 422 δ
520 371 763 427 Λεκτέον
794 375 860 430 δὲ
892 384 1052 453 πρὸς
1081 389 1256 454 τοῦτο,
1281 390 1380 455 ὄτι,
1404 393 1479 455 ὡς
1505 393 1667 455 εἰκὸς,
1701 391 1843 462 ἐώρα

1951 394 1993 444 in
2019 392 2228 445 deserto
2250 392 2314 444 ³⁸.
2338 410 2355 442 ι
2391 392 2672 446 Dicendum
2700 406 2823 444 vero
2848 392 2912 445 ad
2938 390 3037 447 hoc
3059 389 3197 458 quod
3221 404 3286 444 ex
3315 389 3482 445 inter-

261 463 349 515 ἀπὸ
372 462 470 531 τῆς
501 463 759 529 πεύσεως
781 468 851 521 τὸ
881 474 1128 545 εὐλαϐὲς
1149 480 1255 533 τῶν
1276 480 1459 550 ίερέων
1480 482 1571 533 καὶ
1588 481 1843 543 Λευῖτῶν,

1948 480 2220 548 rogatione
2251 479 2465 533 videbat
2494 476 2726 533 Joannes
2750 479 2830 546 (ut
2860 478 3138 545 probabile
3169 476 3306 547 erat)
3338 478 3481 532 timi-

262 552 622 639 ἐμφαινόντων
680 557 785 627 μὲν
846 561 1120 621 ὑπόνοιαν
1169 570 1500 640 ὑπολήψεως,
1529 573 1719 641 μήποτ’
1762 572 1845 641 εἴη

1951 570 2164 623 ditatem
2205 568 2508 629 Levitarum
2532 578 2586 622 et
2608 570 2946 623 sacerdotum
2983 584 3091 636 prae
3116 583 3176 622 se
3197 567 3479 624 ferentium

268 643 527 712 βαπτίζων
577 646 855 718 Χριστὸς,
907 658 1250 729 γυμνότερον
1296 660 1352 711 δὲ
1390 660 1645 730 ὀνομάσαι
1694 662 1849 714 τοῦτο

270 736 396 806 ὑπὲρ
414 735 510 789 τοῦ
561 738 641 808 μὴ
678 739 870 796 δοκεῖν
909 742 1057 800 εἶναι
1091 752 1378 818 προπετεῖς
1420 751 1849 821 φυλαττομένων.

277 825 425 880 Ὀθεν
450 826 697 896 εὐλόγως
728 832 882 905 ὑπὲρ
903 838 1003 889 τοῦ
1030 840 1206 892 πᾶσαν
1236 840 1486 894 ὑπόνοιαν
1508 841 1683 894 αὐτῶν
1706 842 1851 910 πρῶ-

279 936 360 979 τον
396 923 827 994 περιαιρεθῆναι
858 928 1037 998 ψευδῆ
1073 931 1169 1001 τὴν
1204 933 1328 1001 περὶ
1359 932 1571 995 ἑαυτοῦ,
1616 927 1713 986 εἷθ’
1754 932 1848 987 οῦ-

287 1030 383 1075 τως
436 1016 798 1085 παραστῆσαι
836 1018 902 1070 τὸ
940 1019 1156 1089 ἀληθὲς,
1204 1022 1264 1073 τὸ
1305 1023 1402 1074 οὐκ
1446 1018 1582 1075 εἶναι
1620 1023 1849 1093 Χριστὸς

295 1106 391 1176 πρὸ
430 1106 645 1161 πάντων
682 1108 1070 1177 ἀποφαίνεται.
1117 1112 1274 1180 Δηλοῖ
1327 1113 1383 1166 δὲ
1418 1113 1478 1165 τὸ
1520 1114 1755 1167 τοιοῦτόν
1798 1130 1849 1177 τι

299 1196 481 1258 αὐτοὺς
499 1196 923 1267 ὑπονενοηκέναι
961 1201 995 1268 ἡ
1027 1200 1249 1269 δευτέρα
1277 1200 1556 1270 ἐρώτησις,
1590 1204 1680 1256 καὶ
1709 1202 1787 1254 ἔτι
1815 1205 1847 1272 ή

301 1286 467 1355 τρίτη.
514 1286 671 1338 Ἐπεὶ
700 1285 814 1357 γὰρ
845 1288 942 1340 καὶ
966 1287 1215 1359 δεύτερον
1248 1292 1312 1358 τῇ
1347 1293 1474 1359 τιμῇ
1507 1291 1849 1356 ἐλπιζόμενον

306 1377 396 1444 μὲν
443 1376 534 1427 καὶ
580 1377 722 1444 μετά
766 1377 1002 1446 Χριστὸν
1055 1378 1235 1440 αὐτοῖς
1276 1379 1625 1448 τετιμημένον
1669 1380 1850 1434 Ἠλίαν

300 1460 430 1516 εἶναι
462 1465 869 1532 ὑπελάμϐανον,
898 1467 1325 1536 ἀποφαινομένου
1363 1467 1452 1520 τοῦ
1498 1469 1735 1521 Ἰωάννου
1776 1469 1850 1532 ὡς

297 1554 391 1605 οὐκ
424 1554 506 1623 εἴη
536 1556 566 1606 ό
598 1555 854 1624 Χριστὸς,
887 1555 1204 1626 ἡράηησαν·
1250 1576 1269 1608 ι
1314 1558 1377 1609 Τί
1403 1555 1526 1622 οῦν;
1563 1561 1626 1613 σὺ
1671 1560 1851 1623 Ἠλίας

296 1638 381 1705 εἷς
414 1644 521 1695 Ka‘t
550 1638 706 1695 εἶπεν
726 1660 740 1672 ·
775 1642 893 1697 Οὐκ
921 1645 1055 1713 εἰμὶ.
1093 1664 1111 1695 ι
1144 1646 1216 1699 Τὸ
1247 1646 1421 1715 τρίτον
1451 1649 1499 1701 εί
1526 1649 1685 1711 αὐτὸς
1709 1650 1791 1720 εἴη
1821 1653 1850 1704 ὁ

1947 659 2156 725 quidem
2198 658 2553 724 suspicionem
2600 659 2887 725 opinionis,
2926 673 3049 711 num
3102 658 3236 712 forte
3288 659 3335 711 is
3386 662 3479 729 qui

1949 750 2185 817 baptizat
2219 756 2364 802 esset
2397 748 2663 810 Christus,
2694 748 2784 801 sed
2819 746 3053 815 apertius
3079 746 3204 801 illud
3235 749 3477 802 nemina-

1951 854 2028 901 re,
2054 855 2119 892 ne
2144 838 2451 892 viderentur
2475 838 2795 905 petulantes,
2827 837 3149 890 caventium.
3174 836 3324 891 Unde
3339 836 3480 904 jure,

1949 936 2007 981 ut
2036 928 2086 981 in
2128 928 2314 996 primis
2353 940 2562 979 omnem
2596 926 2829 993 ipsorum
2876 925 3233 993 suspicionem
3268 926 3483 978 tolleret

1949 1032 2107 1086 quam
2140 1019 2204 1071 de
2232 1017 2408 1085 seipse
2436 1017 2622 1070 falsam
2655 1015 2944 1076 habebant,
2974 1014 3167 1068 deinde
3194 1014 3272 1068 sic
3296 1022 3483 1068 osten~

1947 1108 2099 1162 deret
2125 1107 2426 1170 veritatem,
2458 1114 2582 1160 ante
2604 1107 2785 1160 omnia
2816 1106 3062 1159 enuntiat
3097 1104 3229 1159 illud
3261 1121 3275 1156 :
3314 1124 3334 1158 ι
3369 1103 3481 1159 Non

1948 1211 2063 1252 sum
2080 1210 2180 1265 ego
2207 1195 2451 1250 Christus
2471 1196 2540 1249 ⁷ο.
2572 1213 2591 1247 ι
2624 1194 2872 1249 Deelarat
2894 1204 3072 1249 autem
3098 1196 3201 1251 tale
3229 1197 3479 1264 quiddam

1948 1286 2243 1355 auspicatos
2280 1301 2371 1340 eos
2418 1285 2584 1339 fuisse
2642 1286 2872 1339 secunda
2921 1295 3080 1354 atque
3120 1287 3279 1339 etiam
3329 1287 3482 1339 tertia

1950 1374 2316 1443 interrogatio.
2348 1374 2516 1434 Eliam
2548 1375 2689 1427 enim
2716 1390 2835 1427 cum
2871 1385 3150 1429 venturum
3175 1385 3481 1442 sperarent,

1950 1472 2106 1532 atque
2144 1464 2356 1532 plurimi
2399 1464 2654 1529 facerent,
2694 1480 2813 1520 eum
2861 1477 2982 1519 esse
3026 1464 3362 1532 suspicantes
3391 1465 3486 1518 he-

1948 1566 2078 1606 nere
2135 1552 2233 1618 ipsi
2296 1551 2510 1604 Christe
2570 1552 2872 1619 proximum
2941 1559 3102 1620 atque
3157 1552 3483 1616 secundum,

1949 1644 2259 1696 enuntiante
2286 1640 2494 1695 Joanne
2531 1656 2588 1694 se
2633 1655 2737 1694 non
2777 1655 2896 1696 esse
2943 1641 3236 1706 Christum,
3263 1644 3489 1697 interre-

294 1734 575 1802 προφήτης
621 1733 898 1800 βούλονται
951 1734 1168 1803 μαθεῖν·
1212 1731 1272 1789 οὗ
1303 1738 1729 1808 ἀποκριναμένου
1767 1741 1845 1800 τὸ,

1951 1741 2114 1800 gant:
2155 1748 2176 1781 ι
2208 1729 2344 1797 Quid
2395 1730 2563 1796 ergo?
2608 1729 2751 1784 Elias
2791 1745 2849 1785 es
2906 1731 2997 1784 tu?
3035 1732 3102 1784 Et
3147 1732 3328 1786 dixit:
3372 1732 3487 1787 Non

298 1840 318 1875 ι
335 1823 428 1881 Οῦ,
455 1840 473 1872 ι
489 1822 679 1874 οὐκέτι
705 1822 915 1891 ἔχοντες
933 1822 1110 1886 ἱδικῶς
1124 1824 1290 1893 ὄνομα
1309 1824 1650 1895 ἐλπιζομένου
1669 1828 1848 1897 ἐπιδη-

295 1912 484 1981 μήσειν
513 1911 703 1973 αὐτοῖς
729 1913 922 1973 εἰπεῖν,
953 1913 1117 1980 φασί·
1151 1932 1169 1963 ι
1205 1914 1300 1975 Τίς
1338 1909 1407 1975 εί,
1446 1915 1531 1967 ἵνα
1563 1915 1847 1982 ἀπόκρισιν

289 1999 466 2069 δῶμεν
504 2001 622 2062 τοῖς
669 1998 949 2068 πέμψασιν
973 2000 1164 2068 ’ήμᾶςς
1208 2000 1260 2051 τί
1300 2000 1473 2067 λέγεις
1520 2002 1645 2071 περὶ¹
1693 2017 1848 2053 σεαυ-

288 2086 417 2153 cui;
470 2106 487 2138 ι
531 2086 699 2140 τοῦτο
741 2086 1025 2156 δηλοῦντες
1048 2104 1061 2117 ·
1112 2087 1295 2141 Ταῦτα
1332 2088 1430 2158 μὲν
1471 2089 1569 2141 οὐκ
1605 2086 1672 2151 εἷ,
1707 2090 1848 2159 ἅπερ

289 2172 623 2243 ἐλπιζόμενα
668 2174 751 2243 τῷ
806 2175 1017 2247 Ἰσραὴλ
1073 2174 1399 2245 παρέσεσθαι
1446 2176 1843 2247 προσδοκᾶται·

289 2264 436 2326 ὅστις
466 2263 526 2315 δὲ
548 2261 627 2315 ὢν
655 2262 956 2332 βαπτίζεις,
985 2265 1084 2317 οὐκ
1110 2265 1282 2333 ίσμεν.
1312 2266 1503 2336 Διόπερ
1528 2265 1682 2318 τοῦτο
1702 2268 1849 2336 ἡμᾶς

288 2352 516 2416 δίδαξον,
553 2353 622 2404 ἶν’
646 2352 859 2423 ἔχωμεν
898 2354 1224 2425 ἀπαγγεῖλαι
1259 2356 1369 2417 τοῖς
1405 2357 1551 2425 ἡμᾶς
1581 2357 1667 2408 διὰ
1695 2357 1849 2409 τοῦτο

292 2442 536 2511 πέμψασι
577 2443 719 2512 πρὸς
769 2442 848 2497 σέ.
901 2444 1020 2495 Ἔτι
1065 2443 1121 2494 δὲ
1161 2444 1435 2496 καὶτοῦτο
1466 2444 1718 2514 ἐχόμενον
1742 2446 1848 2498 τῶν

293 2529 664 2599 προκειμένων
709 2531 1116 2601 προσθήσομεν,
1165 2533 1246 2584 ὅτι
1282 2535 1312 2585 ό
1346 2535 1533 2603 καιρὸς
1575 2535 1673 2604 τῆς
1717 2536 1849 2605 Χρι-

294 2618 419 2670 στοῦ
444 2618 741 2688 ἐπιδημίας
767 2619 947 2672 ἔσαινε
977 2621 1068 2673 τὸν
1102 2618 1244 2681 λαὸν,
1274 2620 1373 2690 ήδη
1405 2638 1516 2683 πως
1546 2622 1848 2695 ἐνεστηκὼς

293 2708 419 2776 περὶ
440 2708 508 2760 τὰ
541 2707 637 2778 ἔτη
680 2707 750 2760 τὰ
793 2708 900 2761 ἀπὸ
930 2708 1030 2778 τῆς
1072 2709 1331 2777 γενέσεως
1368 2709 1461 2762 τοῦ
1508 2711 1697 2782 Ἰησοῦ,
1758 2715 1846 2765 καὶ

289 2798 454 2867 ὀλίγῳ
478 2797 740 2868 ἀνωτέρω
777 2797 935 2869 μέχρι
963 2799 1061 2867 τῆς
1092 2800 1409 2862 ἀναδείξεως
1443 2799 1534 2853 τοῦ
1560 2801 1847 2871 κηρύγμα-

288 2903 399 2949 τος.
430 2888 650 2957 Διόπερ,
679 2887 756 2950 ὡς
784 2888 948 2949 εἰκὸς,
968 2887 1075 2941 τῶν
1095 2886 1464 2957 Γραμματέων
1492 2891 1584 2942 καὶ
1614 2890 1848 2959 νομικῶν

289 2976 381 3028 τὸν
430 2976 803 3046 ἐλπιζόμενον,
846 2978 955 3029 ἀπὸ
996 2976 1104 3029 τῶν
1148 2976 1304 3030 θείων
1345 2976 1575 3048 Γραφῶν
1618 2995 1850 3047 καταγα-

292 3068 494 3135 γόντων
538 3067 705 3120 αὐτοῦ
740 3067 830 3119 τὸν
878 3066 1086 3137 χρόνον,
1126 3066 1227 3136 ήδη
1266 3066 1700 3138 προσδοκώντων,
1752 3068 1849 3121 ἐπ-

298 3158 531 3227 ᾳψύησαν
566 3156 679 3229 (83)
720 3157 942 3221 Θευδᾶς,
978 3157 1076 3214 οὐκ
1107 3156 1280 3223 ὀλίγον
1309 3156 1524 3226 πλῆθος,
1554 3160 1628 3219 ὡς
1656 3159 1684 3209 ὁ
1715 3159 1847 3225 Χρι-

300 3248 432 3310 στὸς,
465 3244 642 3316 οἶμαι,
686 3245 1027 3314 συναγαγὼν,
1060 3247 1152 3299 καὶ
1189 3264 1206 3298 ι
1249 3248 1363 3314 μετ’
1399 3248 1599 3298 ἐκεῖνον
1652 3246 1848 3309 Ἰούδας

299 3337 324 3389 ὁ
344 3336 619 3399 Γαλιλαῖος
650 3337 710 3388 ὲν
735 3337 855 3397 ταῖς
882 3335 977 3403 τῆς
1005 3335 1325 3403 ἀπογραφῆς
1351 3334 1599 3405 ἡμέραις.
1634 3353 1654 3385 ι
1688 3336 1846 3398 Εἰκὸς

298 3431 402 3498 οὖν,
444 3433 780 3504 θερμότερον
817 3431 917 3500 τῆς
958 3431 1192 3500 Χριστοῦ
1231 3430 1518 3499 ἐπιδημίας
1554 3430 1856 3500 προσδοκω-

301 3521 459 3592 μένης
498 3522 595 3578 atati.
635 3520 994 3589 λαλουμένης,
1051 3519 1284 3571 Ἰουδαῖοι
1321 3517 1429 3569 ἀπὸ
1476 3517 1854 3587 Ἰεροσολύμων

297 3613 413 3674 τοὺς
443 3613 607 3681 ἱερεῖς
628 3610 727 3662 καὶ
748 3610 976 3671 Λευῖτας
998 3609 1268 3677 πέμπουσι
1294 3609 1429 3679 πρὸς
1458 3607 1548 3661 τὸν
1585 3608 1853 3678 Ἰωάννην,

296 3700 377 3755 διὰ
410 3702 500 3754 τοῦ
521 3718 535 3731 ·
580 3719 599 3750 ι
634 3700 709 3751 Σὺ
742 3699 824 3761 τίς
852 3695 935 3761 si;
978 3716 996 3748 ι
1034 3697 1219 3766 μαθεῖν
1262 3698 1568 3768 βουλόμενοι
1612 3699 1660 3750 εί
1696 3697 1854 3762 αὐτὸς

296 3790 520 3859 Χριστὸς
540 3786 681 3843 εἶναι
710 3788 1051 3856 ὁμολογήσει.

1951 1821 2365 1883 ευιιι⁷¹;ιιει·ιῐο
2407 1836 2529 1873 num
2571 1821 2684 1888 ipse
2727 1830 2869 1874 esset
2908 1822 2994 1874 ille
3038 1823 3297 1891 propheta
3347 1824 3490 1877 scire

1950 1908 2173 1972 velunt;
2205 1923 2310 1977 quo
2355 1910 2741 1977 respondente,
2779 1909 2955 1975 «Non,
2982 1929 3002 1963 ι
3045 1926 3167 1965 cum
3212 1928 3317 1966 non
3372 1927 3488 1966 am-

1949 1999 2092 2067 p1ius
2136 2009 2354 2069 possent
2392 2001 2572 2067 dicere
2604 2000 2857 2068 privatim
2898 2015 3090 2057 nomen
3141 2001 3367 2070 alicujus
3396 2002 3489 2068 qui

1950 2087 2018 2143 ad
2062 2101 2120 2142 se
2167 2102 2482 2143 accessurus
2530 2097 2858 2156 speraretur,
2890 2087 3154 2154 inquiunt,
3194 2105 3212 2139 ι
3243 2087 3374 2152 Quis
3401 2103 3486 2152 es,

1948 2182 2009 2230 'ut
2046 2190 2361 2243 responsum
2408 2178 2592 2231 demus
2640 2178 2723 2231 his
2761 2177 2850 2244 qui
2880 2177 3139 2230 miserunt
3172 2178 3313 2232 nos?
3359 2179 3489 2245 quid

1950 2267 2083 2320 dicis
2117 2267 2181 2319 de
2221 2267 2386 2335 teipse
2403 2266 2493 2319 "i’
2541 2286 2558 2317 ι
2604 2269 2706 2321 hec
2751 2269 3035 2322 innuentes
3065 2285 3080 2321 :
3109 2266 3233 2322 Haec
3270 2268 3485 2335 quidem

1952 2369 2055 2409 non
2079 2368 2136 2408 es
2163 2370 2280 2423 quae
2317 2355 2500 2409 lsraeli
2531 2357 2703 2409 futura
2729 2365 3142 2422 exspectantur:
3176 2358 3349 2423 quatis
3381 2372 3483 2410 au-

1953 2453 2058 2499 tem
2088 2445 2185 2508 sis,
2213 2445 2306 2513 qui
2342 2445 2606 2513 baptizas,
2633 2447 2933 2506 nescimus:
2961 2461 3128 2515 quare
3171 2447 3344 2501 isthue
3380 2462 3479 2500 nes

1951 2537 2160 2599 docete,
2203 2544 2261 2590 ut
2308 2536 2573 2605 possimus
2626 2539 2937 2591 renuntiare
2982 2540 3066 2592 his
3116 2539 3208 2607 qui
3256 2541 3393 2594 hanc
3418 2543 3485 2594 oh

1952 2638 2172 2679 causam
2221 2639 2319 2678 nes
2368 2626 2434 2679 ad
2475 2634 2527 2679 te
2565 2627 2846 2683 miserunt.
2886 2627 3094 2681 Rursus
3144 2643 3273 2682 vero
3323 2629 3488 2682 etiam

1950 2716 2053 2767 hoc
2090 2714 2172 2767 his
2217 2728 2335 2781 quae
2382 2715 2653 2782 proposita
2684 2725 2832 2779 sunt,
2871 2717 3175 2788 proximum
3210 2719 3488 2781 addemus,

1950 2802 2200 2859 videlicet
2227 2804 2371 2871 quod
2408 2813 2616 2872 tempus
2653 2806 2910 2859 adventus
2941 2806 3144 2860 Christi
3179 2820 3490 2861 commove-

1954 2898 2036 2942 rat
2064 2891 2341 2959 populum,
2375 2893 2515 2960 quod
2541 2894 2756 2959 quidem
2796 2903 3004 2961 tempus
3031 2894 3136 2961 iam
3170 2896 3346 2962 aliquo
3375 2909 3484 2950 me-

1952 2981 2018 3033 de
2047 2981 2284 3034 iustahat
2316 2982 2459 3035 circa
2483 2996 2657 3037 annos
2692 2986 2782 3052 qui
2816 2994 2972 3037 erant
3001 2986 3067 3038 ab
3092 2994 3213 3038 ortu
3246 2983 3397 3049 Jesu,
3435 2991 3491 3046 es

1955 3067 2111 3136 paulo
2144 3068 2388 3135 superius
2434 3084 2603 3137 usque
2630 3071 2695 3123 ad
2748 3072 3263 3126 demonstrationem
3295 3074 3489 3139 praedis

1953 3155 2205 3209 cationis.
2257 3154 2541 3221 Quocirca,
2588 3157 2793 3211 Scribis
2817 3167 2873 3215 et
2898 3159 3241 3228 legispcritis,
3275 3169 3334 3215 ut
3366 3177 3489 3231 pre-

1954 3242 2125 3301 babile
2151 3251 2289 3308 erat,
2316 3242 2428 3310 jam
2468 3247 2909 3313 exspectantibus
2939 3264 3081 3310 eum,
3115 3251 3204 3314 qui
3232 3253 3490 3317 speraba—

1954 3342 2056 3395 tur,
2083 3332 2208 3400 quia
2235 3341 2443 3402 tempus
2476 3334 2621 3391 illius
2651 3350 2681 3391 e
2709 3338 2903 3392 divinis
2931 3339 3228 3407 Scripturis
3253 3342 3485 3411 college.

1956 3432 2097 3488 rant,
2133 3425 2480 3480 tumultuatus
2511 3436 2594 3481 est
2619 3428 2868 3482 Tltendas
2906 3445 3010 3483 non
3046 3445 3208 3496 parva
3242 3434 3488 3487 multitu.

1956 3513 2079 3567 dine
2122 3523 2464 3583 congregata,
2503 3525 2777 3590 tanquam,
2807 3519 3018 3587 epiner.
3046 3520 3297 3576 Christus
3320 3533 3487 3587 esset,

1962 3621 1981 3655 ι
2008 3613 2062 3658 et
2089 3613 2209 3671 post
2234 3605 2378 3659 illum
2413 3606 2576 3660 ludas
2601 3607 2850 3663 Galil-.eus
2885 3611 2936 3663 in
2973 3610 3163 3665 diebus
3192 3614 3488 3680 professio,-

1955 3694 2040 3747 nis
2057 3693 2124 3747 ⁷⁸.
2158 3712 2178 3745 ι
2221 3693 2651 3749 Consentaneum
2696 3712 2824 3766 ergo
2863 3705 2965 3761 est,
3002 3714 3124 3753 eum
3166 3700 3364 3764 Christi
3397 3703 3491 3761 ad-

1958 3790 2148 3835 ventus
2212 3783 2508 3846 ferventius
2544 3793 2951 3851 exspectaretur
2992 3786 3485 3858 divulgareturque.

293 3877 500 3933 Judmos
545 3879 618 3931 ab
661 3870 1053 3947 Hierosolj'mis
1081 3878 1389 3932 sacerdotes
1418 3886 1474 3931 et
1497 3875 1709 3937 Levitas
1737 3874 1949 3929 misisse
1975 3874 2040 3927 ad
2068 3872 2349 3936 Joannem,
2392 3887 2490 3942 per
2524 3872 2674 3937 illud,
2713 3891 2732 3924 ι
2767 3874 2844 3937 Τιι
2880 3877 3001 3943 quis
3033 3892 3090 3931 es
3119 3878 3203 3929 ⁷¹ιῖ
3233 3898 3251 3930 ι
3282 3881 3491 3934 discere

294 3969 530 4028 volentes
556 3981 688 4021 num
720 3964 980 4021 fateretur
1008 3968 1239 4032 seipsum
1270 3979 1387 4020 esse
1410 3966 1700 4019 Christum.

358 4056 407 4108 7.
438 4057 552 4109 Καὶ
593 4054 917 4121 ἠρώτησαν
960 4055 1175 4107 αὐτόν·
1227 4056 1286 4110 Τί
1330 4050 1479 4118 οὖν;
1518 4054 1598 4107 σὺ
1656 4054 1849 4118 Ἠλίας

2025 4051 2075 4103 7.
2114 4049 2181 4106 Et
2225 4052 2662 4118 interrogaverunt
2703 4068 2819 4103 eum
2848 4066 2865 4103 :
2897 4053 3034 4123 Quid
3057 4060 3217 4123 ergo?
3254 4055 3404 4112 Elius
3432 4076 3484 4113 es

289 4140 372 4206 si;
404 4145 514 4197 Kal
553 4144 749 4211 λέγει·
790 4145 911 4197 Οἰικ
938 4143 1075 4209 είμί.
1121 4143 1216 4205 Τίς
1243 4143 1342 4194 οὐκ
1379 4141 1444 4194 ἂν
1484 4142 1709 4212 ζητήσαι
1745 4142 1850 4195 τῶν

288 4234 592 4287 ἀκουόντων
658 4229 833 4299 Ἰησοῦ
889 4231 1132 4298 λέγοντος
1202 4231 1330 4300 περὶ
1380 4229 1650 4294 Ἰωάννου,
1706 4249 1725 4281 ι
1785 4232 1849 4284 El

287 4321 494 4373 ἐθέλετε
540 4319 822 4385 δέξασθαι,
860 4319 1019 4380 αὐτός
1053 4322 1196 4371 ἐστιν
1242 4317 1422 4380 Ἠλίας
1453 4319 1482 4369 ό
1517 4318 1719 4389 μέλλων
1756 4319 1848 4389 έρ-

287 4410 493 4478 χεσθαι,
536 4428 555 4459 ι
595 4407 716 4468 πῶς
742 4407 878 4477 πρὸς
898 4408 1020 4469 τοὺς
1046 4406 1358 4477 ἐρωτῶντας
1383 4408 1439 4459 τὸ
1457 4445 1473 4470 ,
1507 4426 1525 4459 ι
1562 4409 1633 4461 Σὺ
1667 4407 1850 4470 Ἠλίας

286 4496 371 4561 εἷ;
415 4520 433 4551 ι
462 4500 616 4566 λέγει
656 4498 686 4548 ὁ
734 4497 983 4565 Ἰωάννης
1007 4513 1019 4528 ·
1063 4514 1082 4546 ι
1118 4498 1231 4549 Οὐκ
1271 4498 1416 4565 είμί’;
1455 4514 1474 4546 ι
1511 4497 1627 4560 πῶς
1668 4498 1724 4550 δὲ
1758 4500 1850 4551 καὶ

286 4589 473 4657 νοῆσαι
496 4588 583 4639 δεῖ
619 4586 714 4638 τὸν
757 4585 1004 4652 Ἰωάννην
1037 4583 1197 4637 αὐτὸν
1229 4578 1365 4634 εἶναι
1408 4583 1589 4636 Ἠλίαν
1612 4585 1700 4637 τὸν
1732 4586 1851 4654 μέλ-

284 4675 439 4729 λοντα
465 4675 729 4747 ἔρχεσθαι
752 4674 893 4726 κατὰ
918 4674 977 4726 τὸ
1007 4672 1289 4741 εἰρημένον
1323 4672 1424 4722 ὑπὸ
1456 4673 1546 4725 τοῦ
1571 4675 1846 4743 Μαλαχίου

285 4767 453 4828 οῦτως
482 4765 631 4835 ἕχον·
666 4782 687 4814 ι
720 4762 831 4835 Καὶ
869 4763 974 4815 ίδοὺ
1013 4762 1124 4829 ἐγὼ
1166 4761 1473 4814 ἀποστέλλω
1510 4764 1634 4831 ὑμῖν
1667 4763 1846 4816 Ἠλίαν

286 4857 372 4909 τὸν
396 4856 695 4923 Θεσὸίτην,
725 4854 856 4921 πρὶν
878 4852 1047 4905 έλθείν
1073 4851 1284 4921 ἡμέραν
1323 4851 1523 4919 Κυρίου
1555 4853 1650 4921 τὴν
1680 4855 1848 4921 μεγά-

287 4944 380 5015 λην
406 4945 504 4997 καὶ
528 4941 795 5009 ἐπιφανῆ,
827 4939 885 5001 ὃς
923 4938 1361 5005 ἀποκαταστήσει
1393 4939 1613 5008 καρδίαν
1650 4941 1850 5010 πατρὸς

291 5035 420 5103 πρὸς
451 5033 594 5095 υίδν,
621 5029 719 5083 καὶ
753 5028 975 5099 καρδίαν
1020 5024 1309 5095 ἀνθρώπου
1353 5027 1484 5093 πρὸς
1508 5029 1598 5079 τὸν
1626 5028 1845 5097 πλησίον

291 5119 470 5182 αὑτοῦ,
501 5118 579 5188 μὴ
603 5115 743 5168 ἔλθω
765 5115 858 5166 καὶ
888 5112 1111 5176 πατάξω
1134 5110 1234 5178 τὴν
1264 5110 1366 5177 γῆν
1390 5111 1581 5180 ape-qv;
1621 5132 1637 5162 ι
1678 5116 1784 5166 Καὶ
1819 5118 1846 5168 ὁ

294 5205 379 5263 τοῦ
417 5203 678 5273 ὀφθέντος
705 5199 765 5252 δὲ
797 5199 872 5268 τῷ
902 5197 1148 5277 Ζαχαρία
1190 5194 1416 5263 ἀγγέλου
1449 5199 1649 5268 Κυρίου
1692 5201 1848 5252 ἑστῶ-

364 5340 587 5395 "Joan.
633 5336 922 5405 3,19,493.
1028 5332 1075 5364 το
1104 5329 1405 5405 [σίδηρος.
1448 5331 1833 5405 ,τι-ίιῑιιηηεί,

301 5409 341 5443 η
373 5411 498 5463 ἰωὰ.
531 5410 622 5466 2L
660 5396 673 5405 '
698 5406 748 5438 ιη
778 5396 965 5469 Matth.
993 5416 1070 5463 χι,
1109 5398 1201 5469 14.
1278 5397 1323 5429 ⁷⁷
1360 5396 1582 5455 Malaeh.
1615 5414 1684 5464 tv,
1711 5402 1762 5465 5,
1786 5404 1838 5458 (ἴ.

368 5559 473 5630 (83)
517 5556 919 5633 Ἐπεφύησαντ
954 5547 1269 5623 chcndum
1304 5547 1524 5611 videtur,
1570 5549 1902 5620 ὲπεφρύαξεν

1942 5342 1985 5373 τι
2018 5342 2168 5409 ιδιά,
2216 5343 2304 5396 22.

1951 4143 2046 4193 tu?
2105 4138 2171 4191 Et
2210 4139 2375 4195 dicit:
2402 4139 2524 4193 Non
2565 4143 2763 4194 sum".
2807 4143 2999 4197 Verum
3048 4146 3323 4199 enimvero
3367 4148 3487 4215 quis

1951 4230 2172 4283 audiens
2196 4228 2376 4284 Jesum
2402 4231 2665 4284 dicentem
2692 4229 2758 4284 de
2784 4231 3009 4295 Joanne,
3045 4252 3064 4283 ι
3095 4234 3152 4287 Si
3196 4236 3358 4290 vultis
3399 4252 3485 4291 ao-

1951 4320 2150 4386 cipere,
2203 4320 2315 4387 ipse
2357 4328 2443 4375 est
2500 4320 2642 4375 Elias
2687 4323 2779 4390 qui
2837 4335 3093 4378 venturus
3125 4327 3291 4390 est",
3324 4346 3343 4378 ι
3380 4344 3486 4380 non

1950 4408 2273 4473 quaesiturus
2327 4409 2427 4472 sit,
2481 4424 2710 4477 quonam
2753 4423 2908 4479 pacto
2956 4415 3021 4466 ad
3069 4415 3484 4484 interrogantes,

1955 4496 2144 4559 (Elias
2174 4512 2232 4552 es
2264 4499 2352 4551 tu?
2374 4516 2392 4550 ι
2427 4499 2570 4553 dicat
2596 4499 2869 4557 Joannes:
2901 4519 2919 4553 ι
2942 4502 3058 4556 Non
3097 4507 3250 4558 sum?
3276 4524 3296 4558 ι
3329 4516 3489 4575 atque

1951 4584 2116 4637 etiam
2147 4587 2411 4653 quomodo
2448 4601 2582 4655 opus
2629 4588 2699 4641 sit
2747 4591 3044 4660 intelligere
3075 4591 3341 4646 Joannem
3369 4609 3486 4647 esse

1951 4670 2119 4733 Eliam
2161 4685 2458 4740 venturum,
2496 4675 2648 4741 juxta
2703 4678 2754 4732 id
2804 4682 2943 4748 quod
2978 4695 3007 4731 a
3035 4679 3295 4731 Malachia
3334 4682 3488 4747 112

1954 4771 2037 4813 est
2065 4762 2283 4826 dictum,
2330 4766 2408 4818 sic
2438 4765 2642 4819 habens
2673 4785 2686 4820 :
2719 4785 2737 4818 ι
2766 4769 2833 4821 Ει
2862 4784 2988 4822 ecce
3022 4781 3119 4835 ego
3155 4770 3314 4821 mitte
3340 4771 3491 4821 vobis

1952 4849 2120 4904 Eliam
2147 4852 2459 4918 Thesbiten,
2491 4865 2773 4925 antequam
2797 4860 2976 4910 veniat
3004 4857 3116 4908 dies
3140 4854 3358 4906 Domini
3389 4872 3491 4907 ma-

1955 4953 2058 5005 gna
2108 4950 2162 4993 et
2211 4943 2518 5008 manifesta,
2550 4946 2639 5013 qui
2691 4947 2936 4999 restituet
2988 4958 3084 4996 cor
3137 4942 3319 5006 patris
3371 4957 3496 5011 erga

1951 5027 2143 5103 lilium,
2188 5041 2242 5084 et
2287 5046 2378 5084 cor
2417 5033 2647 5099 hominis
2683 5048 2809 5103 erga
2858 5032 3164 5101 proximum
3211 5042 3403 5089 suum.
3440 5045 3506 5082 ne

1951 5119 2185 5182 veniam,
2236 5130 2289 5173 et
2334 5123 2626 5187 percutiam
2678 5131 2872 5176 terram
2925 5114 3282 5170 funditus"?
3312 5132 3335 5165 ι
3369 5115 3510 5180 Quin

1953 5208 2124 5276 angeli
2149 5210 2323 5262 oratio
2355 5211 2421 5265 ad
2449 5209 2764 5267 Zachariam
2794 5208 2991 5265 stantis
3023 5218 3057 5257 a
3086 5201 3302 5255 dextris
3328 5202 3523 5254 altaris

2413 5345 2459 5377 ⁷⁸
2485 5346 2601 5401 Act.
2633 5362 2684 5414 v,
2713 5348 2798 5412 36,
2832 5347 2924 5399 57.
3044 5339 3092 5371 ⁷¹’
3137 5337 3303 5391 Joan.
3351 5347 3397 5397 I,
3446 5333 3536 5389 i9.
