3880 6184
577 301 678 356 919

1993 275 2307 338 οιιισΕΝιε
3673 262 3706 317 ε

581 415 806 481 incensi,
844 426 1001 482 quem
1051 411 1167 479 ipse
1209 407 1372 462 etiam
1397 404 1691 459 Zacharias
1720 401 2017 471 conspexit,
2045 398 2122 451 si-

2234 409 2310 454 τος
2336 394 2399 444 ἐκ
2425 388 2609 455 δεξιῶν
2634 386 2724 441 τοῦ
2762 381 3142 453 θυσιαστηρίου
3178 375 3280 431 τοῦ
3326 374 3668 482 θυμιάματος
3699 376 3706 428 ‘.

577 507 700 560 mile
730 503 979 572 quiddam
1009 499 1094 552 his
1124 511 1242 565 qua!
1264 495 1398 548 dixit
1418 494 1706 547 Malachias
1730 507 1823 560 per
1845 493 1958 544 haec
1992 502 2119 540 ver-

578 596 642 647 ba
691 589 965 643 ostendit:
999 585 1110 639 «Et
1163 598 1297 637 uxor
1350 592 1437 636 tua
1488 581 1756 635 Elisabeth
1800 580 1970 648 pariet
2025 576 2119 630 libi

581 680 779 740 lilium;
823 685 876 730 et
918 675 1133 729 vocabis
1189 687 1379 726 nomen
1438 671 1555 738 ejus
1601 669 1858 723 Joannem
1883 669 2008 731 ⁷⁸;›
2066 674 2121 720 et

580 779 698 838 post
741 781 908 834 pauca
931 766 974 797 ⁷⁸
1007 781 1021 816 :
1060 761 1215 831 «Ipse
1267 761 1528 829 praecedet
1584 774 1763 814 coram
1824 757 1941 826 ipso
1996 771 2117 808 cum

580 855 769 923 Spiritu
818 863 875 908 et
918 853 1117 905 virtute
1157 850 1381 911 Elite,ut
1410 856 1690 901 convertat
1710 847 1868 900 corda
1903 855 2115 914 patrum

581 944 647 996 ad
677 942 833 1007 lilios,
880 948 935 994 et
985 949 1330 994 contumaces
1359 936 1424 988 ad
1454 934 1791 1003 prudentiam
1828 934 2116 999 justorum,

584 1040 643 1087 ut
686 1039 948 1100 praeparet
1000 1028 1227 1084 Domino
1278 1027 1529 1095 populum
1585 1025 1926 1077 instructum.
1959 1040 1978 1072 ι
2038 1020 2119 1073 Ad

582 1124 812 1193 primum
874 1121 1036 1189 igitur
1091 1118 1286 1186 aliquis
1331 1117 1475 1170 dicet
1524 1114 1786 1169 Joannem
1849 1112 2123 1182 ignorasse

580 1208 814 1275 seipsum
844 1220 965 1259 esse
1002 1204 1202 1269 Eliam;
1237 1213 1291 1256 et
1323 1202 1570 1255 fortassis
1596 1201 1695 1254 hac
1727 1200 1935 1254 ratione
1972 1200 2118 1254 usuri

581 1296 814 1363 suntqui
852 1295 1025 1347 favent
1061 1293 1299 1362 opinioni
1331 1306 1520 1347 eorum
1569 1294 1660 1360 qui
1700 1298 1901 1359 ponunt
1951 1299 2124 1343 trans-

580 1384 1039 1450 corporationem;
1087 1382 1309 1450 perinde
1347 1382 1501 1449 quasi
1552 1381 1727 1434 anima
1777 1380 2000 1433 subinde
2044 1380 2125 1431 in-

2217 496 2313 547 γος
2365 478 2498 548 πρὸς
2549 478 2639 530 τὸν
2692 473 2958 543 Ζαχαρίαν
3025 464 3419 538 παραπλήσιόν
3450 481 3505 516 τι
3534 465 3702 534 ἐμφαί

2217 571 2326 630 τοῖς
2356 567 2457 620 ὑπὸ
2479 565 2571 618 τοῦ
2602 563 2874 632 Μαλαχίου
2903 557 3216 630 εἰρημένοις
3241 554 3334 606 διὰ
3355 552 3596 605 τούτων’
3632 571 3651 603 ι
3680 554 3706 604 ιε

2219 660 2251 727 ἡ
2284 656 2417 727 γυνή
2453 674 2543 709 σου
2583 653 2856 707 Ἐλισάϐετ
2885 650 3135 718 γεννήσει
3169 645 3290 697 υἱόν
3325 660 3411 695 σοι
3433 659 3448 673 ·
3491 643 3586 693 καὶ
3623 643 3706 695 κα]

2221 760 2332 805 σεις
2363 743 2422 794 τὸ
2464 742 2631 811 ὄνομα
2670 738 2845 792 αὑτοῦ·
2889 736 3139 803 Ἰωάννην
3162 749 3177 762 ο
3226 751 3245 782 ι
3299 730 3400 782 καὶ
3449 728 3566 798 μετ’
3606 728 3706 795 όλίγ

2225 852 2245 884 ι
2282 832 2448 894 Αὐτὸς
2492 829 2868 900 προελεύσεται
2910 825 3140 877 ἐνώπιον
3188 820 3361 875 αὐτοῦ
3412 820 3473 871 ἐν
3526 817 3702 887 πνεύμ

2220 923 2312 974 καὶ
2348 922 2566 990 δυνάμει
2626 918 2822 981 Ἠλίου,
2877 914 3201 984 ἐπιστρέψαι
3249 909 3489 981 καρδίας
3541 908 3706 978 πατέρ

2221 1014 2311 1065 ἐπὶ
2346 1012 2527 1075 τέκνα,
2570 1012 2661 1064 καὶ
2701 1008 2945 1069 ἀπειθεῖς
2988 1009 3043 1059 ἐν
3082 1004 3349 1075 φρονήσει
3388 999 3641 1065 δικαίων,
3672 999 3706 1050 ἐι

2227 1103 2390 1173 μάσαι
2428 1102 2615 1173 Κυρίῳ
2658 1100 2782 1152 λαὸν
2815 1094 3345 1164 κατεσκευασμένον.
3396 1109 3415 1141 ο
3468 1089 3614 1161 Πρὸς
3651 1089 3706 1142 δὲ

2225 1193 2434 1262 πρῶτον
2471 1194 2499 1244 ὁ
2541 1193 2638 1261 μέν
2666 1207 2749 1252 τις
2783 1192 2915 1261 ἐρεῖ,
2956 1190 3036 1240 ὅτι
3066 1186 3263 1238 ἐαυτὸν
3308 1180 3509 1251 ἠγνόει
3553 1179 3706 1232 Ἰωάν

2237 1283 2419 1335 Ἠλίαν
2457 1281 2582 1335 ὄντα
2602 1298 2613 1310 ·
2656 1280 2750 1333 καὶ
2770 1278 2908 1347 τάχα
2941 1275 3115 1345 τούτῳ
3155 1275 3468 1344 χρήσονται
3501 1270 3554 1321 οἱ
3588 1269 3655 1320 ἐκ
3691 1285 3706 1313 η

2223 1391 2330 1426 των
2356 1371 2433 1440 τῷ
2468 1371 2595 1440 περὶ
2626 1365 3163 1440 μετενσωματώσεως
3194 1360 3620 1431 παριστάμενοι
3650 1357 3706 1408 λά

582 1474 711 1526 duat
764 1487 1011 1541 corpora,
1062 1487 1282 1541 prorsus
1333 1472 1614 1524 immemor
1669 1479 1926 1523 anteacta:
1982 1468 2119 1521 vitae.

2234 1464 2299 1526 ὥς
2338 1463 2438 1531 τῆς
2480 1461 2656 1530 ψυχῆς
2710 1454 3253 1528 μεταμφιεννυμένης
3302 1450 3568 1541 σώματι,
3596 1448 3706 1541 *καὶ

584 1562 689 1617 Sed
737 1573 791 1617 et
838 1537 889 1616 lii
938 1537 1037 1632 ipsi
1064 1537 1268 1615 idicturi
1300 1571 1426 1615 sunt
1451 1561 1658 1629 aliquos
1683 1575 1746 1614 ex
1776 1557 1973 1612 Judatis
2000 1558 2124 1612 huic

2234 1551 2438 1612 πάντως
2463 1546 2811 1618 μεμνημένης
2841 1543 2947 1596 τῶν
2978 1542 3261 1612 προτέρων
3290 1540 3453 1609 βίων.
3498 1539 3566 1590 Οἱ
3591 1537 3637 1590 δ’
3667 1552 3705 1589 α

592 1653 830 1719 dogmati
865 1652 1218 1705 assentientes
1260 1651 1325 1703 de
1360 1650 1648 1703 Servatore
1686 1647 1885 1700 dixisse
1906 1647 1972 1677 ⁷³·
2001 1659 2122 1698 eum

2234 1633 2368 1691 οῦτοι
2393 1637 2574 1708 ἐροῦσι
2608 1636 2699 1688 καί
2727 1650 2877 1696 τινας
2897 1632 3005 1685 τῶν
3046 1629 3320 1683 Ἰουδαίων
3342 1627 3463 1698 (84)
3485 1625 3568 1696 τῷ
3591 1626 3706 1695 δόγι

595 1699 830 1719 nam---
865 1699 1216 1705 _-___--_--._-_
1266 1699 1322 1703 ﬁ
1592 1699 1602 1700 ,
1729 1699 1768 1700 η

583 1739 827 1795 fortassis
862 1757 1025 1793 unum
1079 1739 1383 1808 quempiam
1435 1753 1554 1792 esse
1593 1752 1659 1791 ex
1695 1735 1964 1789 veteribus
2002 1749 2125 1803 pro-

2234 1699 2779 1796 συγκατατιθεμένους
2804 1722 2931 1792 περὶ
2966 1719 3218 1789 Σωτῆρος
3252 1717 3578 1788 εἰρηκέναι,
3615 1716 3695 1777 ὡς

585 1830 781 1899 phetis,
817 1832 906 1898 qui
950 1830 1332 1884 resurrexisset
1366 1843 1473 1881 non
1522 1843 1587 1880 ex
1618 1829 2001 1888 monumentis,
2033 1826 2125 1879 sed

2234 1822 2382 1882 εἴτις
2413 1820 2496 1889 εῐη
2526 1817 2633 1869 τῶν
2662 1812 2903 1884 ἀρχαίων
2943 1809 3241 1881 προφητῶν
3276 1808 3538 1871 ἀναστὰς
3577 1809 3685 1859 οὐκ

586 1922 829 1973 abortu.
870 1921 969 1985 Qui
1005 1920 1118 1973 lieri
1168 1920 1308 1972 enim
1353 1927 1563 1987 poterat
1602 1928 1660 1971 ut
1690 1917 1864 1986 palam
1896 1931 2014 1968 cum
2055 1916 2129 1966 in-

2234 1908 2332 1961 τῶν
2377 1904 2672 1976 μνημείων,
2734 1900 2848 1954 ἀλλ’
2893 1898 3002 1951 ἀπὸ
3042 1897 3143 1967 τῆς
3188 1897 3499 1965 γενέσεως.
3546 1894 3681 1955 Πῶς

588 2012 855 2063 noluisset
893 2009 1112 2063 Mariam
1140 2011 1304 2078 ipsius
1332 2024 1450 2063 esse
1482 2019 1703 2061 matrem
1729 2008 1793 2072 ⁸ο,
1827 2014 2130 2074 putaretur-

2234 1998 2464 2060 ἐδύνατο,
2493 1993 2675 2063 σαφῶς
2706 1989 3063 2059 δεικνυμένης
3100 1988 3199 2057 τῆς
3236 1988 3457 2057 μητρὸς
3484 1984 3666 2039 αὐτοῦ

590 2114 696 2166 que
722 2097 918 2167 Joseph
964 2100 1113 2153 faber
1151 2100 1222 2151 illi
1257 2110 1411 2168 pater
1434 2113 1572 2160 esse,
1606 2097 1978 2150 existimarent
2006 2109 2127 2147 eum

2234 2088 2372 2158 ρίας,
2410 2081 2920 2152 ὑπολαμϐανομένου
2946 2096 3003 2131 τε
3049 2077 3256 2147 πατρὸς
3308 2076 3473 2146 αὐτῷ
3538 2091 3706 2145 τυγχι

589 2203 750 2240 υηυιη
781 2189 1066 2255 quemdam
1107 2204 1174 2242 ex
1220 2188 1494 2257 prophetis
1548 2186 1808 2240 exsistere
1841 2200 1869 2236 a
1907 2184 2131 2236 mortuis

589 2280 1009 2331 resuscitatum?
1057 2277 1192 2343 Quin
1238 2278 1401 2331 etiam
1463 2276 1554 2330 illo
1604 2275 1912 2330 testimonio
1958 2271 2132 2326 Gene-

588 2379 709 2419 seos
744 2367 793 2418 hi
833 2374 1066 2429 utentes,
1130 2385 1148 2417 ι
1177 2365 1373 2419 Delebo
1425 2366 1726 2418 universam
1779 2360 2131 2416 resurrectio-

589 2465 709 2509 n'em
734 2455 799 2519 ⁸⁸,
826 2475 843 2505 ι
872 2463 1109 2510 statuent
1146 2457 1196 2508 in
1252 2454 1544 2508 certamine
1582 2455 1753 2506 virum
1796 2453 1864 2504 ab
1909 2450 2010 2504 hoc
2035 2452 2132 2502 do-

588 2553 764 2613 gmate
793 2554 1043 2607 stantem,
1070 2559 1292 2613 gnarum
1321 2544 1556 2597 solvendi
1576 2542 1912 2610 eScripturis
1940 2542 2134 2595 divinis

591 2632 809 2687 fallaces
864 2634 1269 2700 probabilitates
1330 2633 1606 2687 adductas.
1668 2630 1932 2684 Casterum
1997 2631 2135 2685 alius

591 2722 994 2777 ecclesiasticus
1020 2725 1314 2777 orationem
1340 2738 1458 2776 eam
1484 2736 1602 2791 quat
1621 2729 1829 2774 astruat
1858 2730 2136 2773 transcur-

591 2811 950 2877 poratiunem,
986 2811 1145 2864 veluti
1198 2812 1384 2887 falsam
1450 2824 1727 2878 respuens,
1782 2822 1883 2863 nec
1938 2808 2134 2861 admit-

595 2912 714 2954 tens
741 2901 962 2955 Joannis
989 2902 1222 2955 animam
1260 2902 1549 2970 aiiqtzando
1579 2903 1746 2955 Eliam
1792 2900 1976 2964 fuisse,
2003 2915 2138 2969 pra:-

2240 2175 2434 2245 Ἰωσὴφ
2463 2173 2556 2226 τοῦ
2582 2171 2850 2233 τέκτονος,
2874 2165 3116 2236 νομίζειν
3149 2165 3247 2218 ἕνα
3282 2165 3414 2219 τινὰ
3450 2164 3571 2218 τῶν
3625 2181 3706 2234 πρ

2228 2267 2334 2319 τῶν
2361 2264 2520 2318 αὑτὸν
2553 2261 2888 2330 τυγχάνοντα
2923 2257 3220 2327 ἐγηγέρθαι
3267 2257 3384 2309 ἀπὸ
3419 2255 3542 2309 τῶν
3592 2273 3699 2309 νεκ

2230 2357 2340 2409 Καὶ
2372 2354 2470 2424 τῷ,
2507 2372 2525 2404 ι
2570 2349 2864 2418 Ἐξαλείψω
2893 2349 3071 2400 πᾶσαν
3105 2347 3206 2416 τὴν
3231 2346 3623 2410 ἐξανάστασιν
3659 2346 3706 2414 (8

2233 2440 2700 2512 ἀναγεγραμμένῳ
2728 2440 2784 2490 ἐν
2807 2441 2873 2507 τῇ
2903 2436 3119 2488 Γενέσει
3157 2436 3206 2486 οἱ
3229 2436 3390 2486 αὐτοὶ
3437 2433 3706 2505 χρώμενι

2234 2530 2626 2602 πεφροντικότα
2663 2526 3020 2593 πιθανότητας
3054 2522 3347 2591 άπατηλάς
3400 2538 3706 2593 προσάγοι

2234 2644 2342 2698 ἀπὸ
2386 2642 2494 2694 τῶν
2537 2637 2766 2710 Γραφῶν
2805 2635 2952 2688 λύειν
3005 2637 3084 2698 εἰς
3129 2633 3322 2702 ἀγῶνα
3386 2634 3706 2705 περιστὴσι

2237 2736 2518 2804 ἱστάμενον
2540 2731 2674 2801 πρὸς
2703 2730 2763 2782 τὸ
2787 2728 2978 2797 δόγμα.
3019 2727 3249 2795 Ἕτερος
3270 2724 3329 2777 δέ
3362 2742 3454 2788 τις
3484 2724 3611 2793 (86)
3652 2726 3706 2775 ἐ)

2237 2824 2510 2886 σιαστικδς
2544 2823 2633 2875 τὸν
2669 2820 2796 2891 περὶ
2826 2816 3382 2888 μετενσωματὼσεως
3423 2815 3706 2887 ἁποπτὺο

2235 2914 2402 2984 ψευδῆ
2445 2911 2598 2977 λόγον
2649 2908 2782 2978 (87),
2839 2906 2913 2977 μὴ
2977 2906 3344 2976 προσιέμενος
3386 2906 3454 2959 τὸ
3507 2907 3624 2976 τὴν
3689 2923 3706 2956 ι

594 2993 735 3047 dicta
785 2994 1029 3045 oratione
1070 2993 1245 3060 angeli
1296 3008 1487 3046 usurus
1514 3000 1616 3055 est,
1640 2991 1729 3059 qui
1755 3005 1859 3044 non
1890 2991 2132 3044 nomina-

2244 3004 2483 3058 Ἰωάννου
2499 2999 2679 3052 Ἠλίαν
2704 2997 2830 3050 ποτέ
2850 2996 3153 3065 γεγονέναι,
3171 2994 3250 3065 τῷ
3268 2997 3706 3067 προειρημένῳ

594 3082 733 3135 verit
765 3081 894 3134 Elian
934 3081 1165 3134 animant
1194 3082 1243 3134 in
1272 3090 1390 3134 ortu
1420 3080 1663 3147 Joannis,
1688 3082 1779 3135 sed
1810 3081 2057 3150 spiritum
2081 3090 2135 3135 et

592 3169 865 3233 virtutem,
900 3184 994 3238 per
1033 3172 1145 3224 haec
1176 3171 1336 3225 verba
1369 3186 1381 3221 :
1419 3187 1439 3220 ι
1475 3170 1539 3222 Ει
1583 3170 1694 3238 ipse
1740 3170 2007 3238 praecedet
2043 3185 2136 3224 co-

595 3273 711 3311 ram
773 3260 888 3326 ipso
930 3274 1053 3312 cum
1095 3260 1281 3327 spiritu
1325 3269 1379 3312 et
1432 3259 1631 3312 virtute
1682 3259 1829 3323 Elim,
1873 3268 1932 3312 ut
1972 3261 2135 3314 corda

598 3358 804 3414 patrum
852 3347 916 3398 ad
942 3347 1077 3401 ﬁlios
1107 3349 1473 3410 convertat",
1504 3368 1521 3399 ι
1561 3348 1784 3401 inﬁnitis
1831 3349 2140 3418 Scriptura-

598 3451 716 3489 rum
754 3437 883 3491 locis
910 3439 1191 3491 ostendere
1235 3439 1416 3491 valens
1461 3438 1601 3490 aliud
1640 3452 1758 3492 esse
1801 3441 2051 3507 spiritum
2083 3451 2139 3496 et

598 3524 652 3579 id
682 3526 823 3592 quod
850 3527 1157 3579 nominatur
1183 3528 1351 3580 virtus
1394 3527 1546 3595 113
1578 3527 1816 3596 spiritus,
1843 3528 1987 3581 aliud
2022 3543 2141 3585 esse

602 3615 972 3669 animamzde
1023 3615 1216 3683 quibus
1262 3618 1635 3684 tempestivum
1687 3631 1791 3669 non
1851 3628 1934 3671 est
1996 3634 2140 3674 nunc

602 3705 765 3759 multa
798 3706 848 3757 in
886 3705 1116 3759 medium
1153 3704 1367 3768 afferre,
1399 3721 1464 3760 ne
1504 3709 1554 3758 in
1588 3707 1904 3761 immensum
1931 3708 2140 3761 oratio-

600 3806 720 3846 nem
784 3795 1178 3860 protrahamus.
1242 3794 1387 3847 Satis
1455 3809 1698 3862 magnam
1758 3795 1861 3846 vim
1923 3795 2144 3850 habebit

602 3895 743 3933 nunc
771 3879 836 3932 ad
866 3882 1293 3946 persuadendum
1331 3881 1545 3948 quidem
1571 3884 1823 3936 virtutem
1861 3881 2077 3937 diﬂ‘erre
2111 3901 2141 3937 a

603 3971 827 4040 Spiritu,
857 3970 985 4024 illud
1016 3971 1060 4002 ⁸³
1091 3987 1105 4023 :
1139 3990 1156 4020 ι
1184 3971 1411 4038 Spiritus
1455 3980 1672 4024 sanctus
1718 3973 2061 4042 superveniet
2088 3973 2142 4027 in

604 4070 675 4120 te.
699 4072 750 4115 et
780 4064 950 4115 virtus
985 4061 1242 4114 Altissimi
1288 4059 1629 4113 obumbrahit
1658 4061 1782 4124 tibi;
1810 4081 1829 4112 ι
1862 4063 1927 4115 ad
1963 4071 2147 4116 osten-

2232 3095 2324 3148 τοῦ
2345 3091 2575 3160 ἀγγέλου
2605 3089 2887 3158 χρήσεται,
2910 3085 3087 3155 ψυχὴν
3127 3086 3311 3138 Ἠλίου
3349 3086 3429 3157 μὴ
3453 3086 3704 3155 ὁνομάσ

2235 3182 2326 3236 ἐπὶ
2345 3182 2441 3251 τῆς
2480 3178 2721 3231 Ἰωάννου
2745 3176 3027 3244 γενέσεως.
3050 3174 3184 3228 ἀλλὰ
3220 3175 3447 3246 πνεῦμα
3482 3176 3596 3229 καὶ
3620 3175 3706 3229 δύ’

2234 3268 2320 3322 διά
2340 3267 2455 3331 τοῦ,
2492 3286 2509 3318 ι
2544 3266 2654 3319 Καὶ
2683 3265 2843 3327 αὐτὸς
2871 3261 3258 3334 προελεύσεται
3303 3264 3567 3317 ἐνώπιον
3610 3266 3706 3317 αὐ·

2238 3358 2522 3428 πνεύματι,
2564 3355 2658 3409 καὶ
2697 3354 2922 3424 δυνάμει
2975 3354 3178 3417 Ἠλίου,
3224 3354 3592 3424 ἐπιστρέψαι
3636 3372 3706 3407 κο

2239 3447 2485 3516 πατέρων
2518 3445 2609 3498 ἐπὶ
2643 3444 2825 3507 τέκνα,
2864 3463 2882 3494 ι
2917 3443 3005 3496 διὰ
3028 3443 3234 3513 μυρίων
3265 3443 3607 3511 δυνάμενος
3653 3447 3706 3498 ἀ⁴

2239 3536 2696 3606 κνύναιΓραφῶν,
2733 3534 2919 3605 ἕτερον
2957 3531 3093 3588 εἶναι
3123 3534 3182 3588 τὸ
3218 3534 3443 3604 πνεῦμα
3484 3538 3609 3606 τῆς
3666 3538 3706 3606 q,

2240 3629 2330 3681 καὶ
2353 3626 2449 3696 τὴν
2474 3625 2876 3696 ὀνομαζομένην
2896 3625 3122 3694 δύναμιν
3143 3624 3233 3678 τοῦ
3259 3624 3621 3694 πνεύματος
3651 3646 3706 3679 κ‹

2240 3717 2436 3786 ψυχῆς,
2464 3715 2590 3784 περὶ
2638 3709 2712 3767 ὧν
2754 3715 2854 3768 οὐκ
2898 3714 3150 3785 εὔκαιρον
3179 3712 3273 3765 νῦν
3304 3714 3706 3782 παρατίθεσθ

2243 3805 2432 3867 πολλὰ,
2498 3803 2584 3857 ἵνα
2648 3803 2721 3874 μὴ
2780 3803 2921 3856 πάνυ
2983 3792 3284 3868 τὸνλόγον
3361 3805 3706 3873 περισπάσ

2256 3894 2670 3965 Ἀρκεσθήσεται
2695 3892 2750 3945 δέ
2778 3894 2873 3944 ἐπὶ
2901 3891 2994 3944 τοῦ
3030 3891 3292 3961 παρόντος
3316 3891 3464 3961 πρὸς
3517 3895 3648 3963 μὲν
3686 3913 3706 3946 «1

2246 3986 2427 4055 φέρειν
2467 3981 2691 4052 δύναμιν
2737 3981 3045 4051 πνεύματος
3086 3980 3180 4043 τὸ,
3216 3999 3234 4030 ‹
3274 3979 3533 4050 Πνεῦμα
3587 3985 3706 4053 ἆγε

2246 4071 2519 4123 ελεύσεται
2557 4069 2649 4119 ἐπὶ
2688 4068 2767 4131 σὲ,
2811 4068 2906 4120 καὶ
2931 4067 3159 4137 δύναμις
3205 4066 3476 4135 Ὑψίστου
3544 4072 3706 4125 ὲττισ

603 4149 832 4201 deudum
879 4163 1006 4200 vero
1051 4162 1143 4201 eos
1192 4147 1411 4214 spiritus
1461 4148 1550 4215 qui
1606 4158 1735 4202 sunt
1788 4151 1842 4203 in
1877 4153 2135 4220 prophetis

2249 4178 2364 4215 σοι’
2395 4180 2414 4212 ›
2449 4159 2583 4228 πρὸς
2606 4159 2664 4211 δέ
2693 4157 2762 4211 τά
2791 4160 2849 4211 ἐν
2875 4161 2990 4220 τοῖς
3020 4160 3329 4228 προφήταις
3371 4159 3535 4212 πνεύ
3547 4179 3706 4231 ματ.

605 4237 797 4306 (utqui
838 4239 942 4292 illis
974 4255 1002 4290 a
1032 4239 1140 4291 Deo
1173 4238 1351 4291 donati
1384 4239 1511 4303 sint)
1551 4238 1708 4291 veluti
1744 4239 1955 4294 illorutn
1992 4258 2145 4297 mau-

2247 4251 2588 4322 δεδωρημένα
2616 4249 2795 4313 αὐτοῖς
2822 4249 2924 4302 ὑπὸ
2960 4247 3116 4313 Θεοῦ,
3149 4248 3311 4301 οἱονεὶ
3359 4251 3646 4306 ἐκείνων
3699 4276 3706 4302 t

604 4328 742 4394 cipia
790 4343 930 4388 esse.
972 4329 1109 4381 istud
1155 4327 1223 4389 ",
1258 4346 1274 4377 ι
1307 4326 1537 4393 Spiritus
1583 4330 1964 4398 prophetarum
2014 4348 2135 4402 pro-

2251 4341 2435 4406 ζεσθαι
2469 4340 2739 4409 κτήματα,
2777 4341 2858 4402 τὸ,
2892 4356 2911 4388 ι
2953 4338 3244 4408 Πνεύματα
3281 4341 3651 4408 προφητῶν
3690 4365 3706 4399 1

605 4417 780 4486 phetis
823 4415 1199 4482 subjiciuntur,
1229 4437 1248 4469 ι
1284 4427 1334 4470 et
1372 4417 1497 4470 illud
1522 4416 1609 4469 °':
1649 4416 1987 4485 «Requievit
2036 4421 2146 4488 spi-

606 4508 741 4560 ritus
772 4507 897 4561 Elize
930 4523 1089 4576 super
1117 4509 1385 4562 Elisazum.
1413 4526 1431 4558 ι
1466 4509 1571 4562 Isto
1616 4508 1761 4562 enim
1812 4511 1969 4563 modo
2012 4512 2147 4566 nihil

606 4599 819 4653 absurdi
850 4599 972 4664 erit,
1014 4600 1233 4666 inquiet,
1268 4609 1323 4651 ut
1351 4597 1589 4652 Joannes
1612 4610 1934 4653 convertens
1959 4600 2009 4653 iu
2042 4602 2148 4670 spi-

607 4691 709 4743 ritu
756 4699 809 4743 et
835 4691 1031 4743 virtute
1065 4690 1189 4743 Elize
1216 4690 1376 4743 corda
1410 4700 1620 4757 patrum
1655 4691 1718 4743 ad
1749 4690 1887 4744 ﬁlios
1906 4691 1974 4755 “,
2000 4692 2148 4745 dica—

674 4781 718 4811 ⁷⁸
742 4780 871 4834 Luc.
902 4796 941 4839 ι,
968 4781 1052 4833 1⁸5.
1153 4782 1198 4813 ⁷³
1222 4781 1346 4834 ibid.
1370 4781 1457 4835 Π.
1561 4782 1629 4812 "'
1669 4780 1854 4833 Matth.
1888 4796 1994 4845 im,
2026 4783 2113 4839 Η.

2249 4445 2367 4491 ταις
2418 4426 2792 4489 ὑποτάσσεται,
2853 4444 2872 4476 ›
2916 4425 3011 4477 καὶ
3057 4427 3154 4489 τὸ,
3202 4443 3220 4475 ι
3305 4427 3706 4485 ’Δναπέπαυ

2253 4516 2466 4587 πνεῦμα
2517 4515 2691 4568 Ἠλίου
2741 4514 2834 4566 ἐπὶ
2894 4513 3180 4567 Ἑλισσαιέ.
3236 4533 3255 4565 ι
3305 4514 3479 4570 Οῦτω
3530 4520 3696 4594 γὰρ

2252 4607 2466 4669 ἄτοπον,
2503 4606 2685 4674 φησὶν,
2716 4605 2865 4659 ἔσται
2888 4604 2978 4656 τὸν
3008 4605 3284 4674 Ἰωάννην,
3327 4605 3388 4657 ἐν
3419 4612 3706 4682 πνεῦμα

2251 4696 2473 4764 δυνάμει
2526 4693 2702 4746 Ἠλίου
2746 4694 3141 4763 ἐπιστρέφοντα
3172 4693 3405 4764 καρδίας
3460 4704 3706 4775 πατέρ

2218 4786 2262 4818 ao
2293 4786 2480 4841 Manli.
2519 4800 2634 4851 xui,
2669 4785 2756 4838 55.
2866 4785 2908 4816 ⁸¹
2941 4783 3078 4839 Gen.
3109 4799 3208 4849 vn,
3235 4786 3292 4839 4.
3402 4788 3456 4820 ⁸³
3497 4791 3698 4851 Luc.

603 4848 650 4881 ⁸³
684 4849 816 4911 Luc.
848 4866 886 4913 t,
912 4849 999 4903 35.
1067 4849 1113 4881 ⁸⁵
1138 4849 1156 4903 ι
1185 4850 1310 4903 Cor.
1339 4865 1447 4914 xw,
1475 4849 1564 4904 52.
1636 4849 1680 4881 ⁸⁸
1702 4849 1768 4902 IV
1803 4849 1933 4912 Reg.
1966 4865 2023 4914 Il,
2057 4851 2122 4906 15

2234 4856 2259 4886 ιθ
2286 4851 2413 4907 Luc.
2448 4868 2485 4917 t,
2510 4854 2596 4906 i7.

677 4946 787 5015 (84)
836 4946 1003 5009 Τινὰς
1054 4946 1171 4996 τῶν
1232 4946 1543 5000 Ἰουδαίων.
1596 4952 1699 4996 etc.
1755 4946 2015 5007 Origenes
2083 4946 2137 4995 in

610 5014 793 5068 Matth.
822 5028 931 5075 xlv,
966 5014 1013 5069 1.
1048 5023 1174 5065 tom.
1203 5028 1255 5073 ι,
1285 5028 1401 5078 pug.
1434 5012 1535 5064 468
1565 5012 1755 5076 εΛέγοι
1785 5009 1827 5061 δ’
1849 5011 1913 5062 ἄν
1938 5027 2020 5072 τις
2045 5012 2144 5079 τὴν

607 5086 703 5167 ﬁt;
733 5081 1259 5167 ξιέτενσωματώσεαζς
1286 5079 1622 5167 ψξυξοδοςίακν
1662 5079 1936 5167 γεγονέναι
1984 5080 2039 5162 ἐν
2068 5078 2144 5146 τῷ

621 5122 827 5221 Ἀ’ριῖδῃ
876 5122 1124 5221 italiam
1170 5122 1275 5201 76;;
1291 5122 1430 5221 τάπὸ
1457 5122 1751 5221 τοῦ-λαοῦ,⁸
1770 5143 1953 5221 ἁφἈῆς
1981 5130 2146 5221 ᾤοντο

608 5213 700 5272 τόν
725 5213 849 5271 ποτέ
878 5219 1122 5283 Ἰωάννην
1150 5221 1206 5270 ὲν
1227 5219 1430 5283 γενέσει
1451 5217 1716 5283 γενέσθαι,
1741 5213 1833 5269 καὶ
1860 5213 1923 5266 ἐκ
1942 5213 2147 5282 νεκρῶν

610 5236 696 5272 τον
725 5236 849 5271 ποτε
895 5236 1053 5272 ιωανν
1094 5237 1122 5272 ν
1150 5236 1206 5270 εν
1227 5236 1430 5283 γενεσει
1451 5236 1648 5283 γενεσω

610 5288 917 5358 ἐληλυθέναι
950 5289 1027 5347 εἰς
1051 5236 1141 5358 ’ξὺν
1167 5287 1304 5358 βίον,
1324 5287 1398 5348 ὡς
1421 5284 1648 5358 Ἰησοῦν.

683 5348 792 5423 (85)
826 5356 1034 5410 ιιᾶσιιν
1087 5348 1201 5421 τὴἱρ
1251 5348 1673 5423 ἐξανάστασιν.
1729 5351 1896 5423 Epigr.
1954 5348 2147 5423 legitur

523 5465 531 5472 .
614 5416 750 5544 ppud
778 5416 908 5486 ’τοὺς
930 5429 1004 5489 θ’,
1032 5416 1220 5475 πᾶντὸ
1234 5424 1538 5491 ἀνάστημα.
1568 5420 1696 5474 Vide
1728 5416 1956 5473 Flamin.
1990 5416 2148 5470 Nobi-

638 5508 762 5544 ΙΙΙΙΙΙ.

686 5561 796 5628 (86)
826 5561 1061 5626 Ἕτερος
1107 5558 1173 5611 δέ
1200 5576 1309 5622 τις,
1324 5569 1447 5628 _etc.
1501 5556 1610 5628 Sic_
1625 5565 1768 5608 recte
1806 5554 1974 5628 habet
2022 5552 2141 5604 cod.

615 5622 908 5692 "udicium;
945 5622 1079 5682 male
1111 5636 1287 5681 autem
1321 5624 1540 5691 Regius,
1587 5624 1771 5692 ἓτερον
1801 5622 1857 5674 δέ
1904 5637 2006 5684 τις,
2037 5629 2142 5674 etc.

836 4944 1003 5009 Τινὰς
1054 4942 1171 4996 τῶν
1232 4943 1543 5000 Ἰουδαίων.
1596 4952 1699 4996 etc.
1755 4941 2015 5007 Origenes
2083 4944 2137 4995 in

2249 4945 2587 5016 Origenesjn
2607 4944 2807 5016 Matth.
2829 4961 2945 5016 ‘xv,
2968 4945 3060 5006 26.
3092 4954 3224 5016 tom.
3258 4963 3336 5010 XI.
3366 4963 3518 5016 pag.
3567 4954 3706 5011 50(

2248 5015 2327 5066 λοι
2348 5010 2451 5082 μὲν
2481 5010 2572 5066 οὖν
2597 5013 3127 5081 ὑπολαμϐανέτωσαν
3161 5013 3305 5077 ξένοι
3332 5010 3706 5077 τοῦὲκκλτ

2251 5082 2350 5160 κοῦ
2369 5082 2526 5160 λόγου
2563 5082 2904 5160 μεταϐαίνειν
2935 5082 3043 5160 ⁸τὸις
3070 5082 3252 5160 ψυχάς
3284 5086 3400 5160 ἀπὸ
3428 5094 3706 5160 σευμάτ

2253 5150 2479 5236 θρώπων
2509 5150 2609 5236 ἐτι]ζ
2630 5150 2857 5236 adiget}:
2885 5150 3093 5236 κύνεια
3113 5150 3260 5236 κατὰ
3298 5153 3402 5225 τὴν
3435 5150 3706 5236 διᾶφοι

2254 5217 2396 5301 ξεί-αν,
2430 5232 2539 5301 εις.
2570 5217 2636 5301 Et
2658 5217 2724 5301 in;
2749 5218 2942 5301 ιςαιιιι.
2974 5217 3393 5301 X_\'I_l..1(i,.l0tti.
3432 5217 3609 5301 κιιιξ
3672 5217 3706 5301 ἑ

2261 5287 2443 5362 Ἠλίας
2472 5282 2566 5362 οῦν
2607 5289 2636 5339 ὁ
2679 5287 2932 5362 Ἰωάννης
2962 5289 3023 5362 οῦ
3055 5288 3145 5362 διά
3186 5289 3287 5360 τὴν
3327 5291 3550 5362 ψυχὴν
3594 5282 3706 5356 ’);

2247 5355 2378 5408 ἀλλὰ
2408 5354 2495 5407 διὰ
2516 5354 2577 5407 τὸ
2606 5354 2824 5424 πνεῦμα
2848 5354 2947 5412 καὶ
2964 5356 3063 5478 την
3088 5354 3354 5429 δύναμιν,⁷
3370 5354 3582 5418 ἅτινα
3633 5354 3706 5425 οἱ

2247 5426 2339 5475 πεῖ
2360 5422 2448 5474 τὸν
2484 5422 2941 5478 ἐκκλησιαστικὸν
2972 5424 3001 5475 λ
3034 5443 3151 5478 γον.

2247 5422 2448 5493 mist
2472 5422 2941 5493 ,ἐκκλησιαστικὸν
2972 5422 3151 5493 λόγον.

2318 5491 2427 5567 (87)
2468 5492 2560 5567 Ὠς
2611 5491 2812 5567 ψευδῇ
2852 5491 3057 5567 ,ιῷγονέ
3103 5496 3200 5567 Sic
3235 5495 3429 5567 sude!
3481 5498 3706 5565 Bodl

2247 5558 2424 5626 recte;
2454 5558 2593 5613 male
2613 5574 2742 5615 vero
2777 5558 3000 5623 lit-aius.
3021 5562 3166 5616 ὥστε
3188 5558 3371 5633 λόγον.
