3880 6240
258 262 328 315 ιιι
1366 285 1712 341 COMMENT.
1753 286 1820 340 IN
1855 284 2046 341 JOAN.
2075 288 2322 363 frouus
2359 290 2445 346 Vl.
3373 289 3479 344 ω

255 379 408 443 τέκνα,
452 378 545 471 διὰ
597 380 769 437 τοῦτο
813 387 887 442 τδ
941 396 1175 468 πνεῦμα
1224 416 1243 449 α
1305 399 1485 453 Ἠλίαν
1530 421 1548 453 ι
1598 401 1842 469 λέγεσθαι

1945 412 2029 456 tor
2068 411 2286 471 propter
2339 404 2482 456 hunc
2528 402 2772 469 spiritum
2846 399 3035 453 rElias
3083 400 3172 468 qui
3222 412 3475 457 venturus

261 471 374 524 (τὸν
399 470 670 541 μέλλοντα
707 474 1022 547 ἔρχεσθαι.
1072 506 1092 539 ›
1133 490 1227 551 Είς
1260 490 1603 561 παραμυθίαν
1635 491 1691 543 δὲ
1728 492 1841 543 τού-

1942 470 2108 553 est";
2140 470 2250 542 rad
2290 505 2518 558 quorum
2574 490 3037 544 conﬁrmationem
3071 489 3229 542 etiam
3259 490 3360 544 hac
3389 507 3474 545 ra-

257 579 346 615 των
386 563 483 615 καὶ⁹
529 564 717 636 τούτῳ
766 572 1060 642 χρήσεται
1108 578 1187 647 τῷ
1224 578 1392 648 λόγῳ·
1426 581 1486 630 Ei
1512 579 1541 629 ό
1571 579 1675 632 τῶν
1707 580 1840 633 ὅλων

1942 582 2082 634 tione
2119 589 2297 633 utetur
2331 595 2344 631 :
2379 579 2435 632 Si
2471 580 2842 633 universorum
2894 579 3032 632 Deus
3071 578 3347 633 familiaris
3392 583 3473 634 fa-

259 653 373 716 Θεδς
417 655 736 720 οἱκειωθεὶς
781 664 906 725 τοῖς
961 666 1141 733 ἁγίοις
1188 668 1365 720 αὐτῶν
1406 668 1633 735 γίνεται,
1672 670 1841 732 οὕτως

1942 678 2060 724 ctus
2093 670 2313 733 sanctis,
2341 669 2477 722 Deus
2505 669 2740 736 ipsorum
2782 670 2859 734 fit,
2897 670 2976 723 sic
3006 671 3309 725 nominatus
3334 670 3475 727 Deus

265 742 650 813 ὀνομαζόμενος
693 747 837 813 Θεὸς
885 751 1162 824 Ἀϐραὰμ,
1214 756 1306 809 καὶ
1345 756 1474 817 Θεὸς
1517 756 1713 821 Ἰσαὰκ,
1750 757 1842 809 καὶ

1942 762 2229 827 Abraham,
2255 771 2307 814 et
2344 760 2480 812 Deus
2523 761 2689 824 lsaac,
2714 771 2766 814 et
2813 762 2951 816 Deus
2995 761 3160 815 Jacob
3180 762 3244 826 ⁸⁸,
3279 775 3475 830 quanto

268 833 385 895 Θεὸς
429 831 651 898 Ἰακὼϐ,
674 837 841 908 πόσῳ
882 839 1049 893 πλέον
1088 843 1148 895 τὸ
1195 843 1345 909 ἆγιον
1382 844 1600 913 Πνεῦμα
1630 847 1840 898 οἰκειω-

274 925 355 978 θέν
373 927 482 988 τοῖς
527 929 850 997 προφήταις
892 931 1112 999 πνεῦμα
1142 932 1317 985 αὐτῶν
1349 934 1696 1003 χρηματίζειν
1735 929 1843 986 οἷόν

279 1028 334 1064 τε
353 1012 522 1077 ἔσται,
573 1015 642 1067 ἵν’
765 1016 947 1079 οὕτως
990 1018 1204 1088 πνεῦμα
1255 1020 1452 1084 Ἠλίου,
1496 1024 1586 1074 καὶ
1634 1022 1844 1092 πνεῦμα

296 1101 527 1167 Ἡσαΐου,
567 1102 870 1173 λεγόμενον
914 1106 976 1157 τὸ
1012 1107 1257 1176 πνεῦμα;
1319 1108 1376 1160 '0
1410 1109 1569 1173 αύτός
1602 1127 1659 1162 τε
1694 1106 1844 1173 οὗτος

293 1194 729 1263 ἐκκλησιαστικὸς
763 1196 883 1264 ἐρεῖ
917 1194 1172 1250 δύνασθαι
1205 1199 1300 1266 μὲν
1330 1200 1453 1262 τοὺς
1489 1200 1845 1269 ὑπειληφότας

296 1283 394 1336 τῶν
450 1284 743 1353 προφητῶν
802 1280 943 1336 εἶναι
1015 1285 1102 1337 τὸν
1168 1287 1370 1356 Ἰησοῦν
1427 1290 1726 1342 ἀναστάντα
1781 1291 1845 1342 ἐκ

298 1375 495 1446 νεκρῶν
525 1376 865 1444 ὴπατῆσθαι,
901 1380 1042 1432 κατά
1064 1396 1123 1431 τε
1144 1381 1204 1432 τὸ
1239 1381 1622 1452 προειρημένον
1651 1383 1841 1452 δόγμα,

295 1467 384 1517 καὶ
408 1462 546 1516 κατά
570 1464 633 1516 τὸ
661 1460 1066 1534 ὑπολαμϐάνειν
1099 1467 1255 1522 αὑτὸν
1281 1470 1375 1523 ἕνα
1412 1470 1516 1522 τῶν
1558 1472 1845 1541 προφητῶν

293 1555 597 1622 τυγχάνειν,
634 1553 895 1607 δύνασθαι
934 1555 1013 1619 δὲ,
1064 1555 1201 1627 πρὸς
1233 1559 1294 1610 τὸ
1338 1559 1476 1612 κατὰ
1512 1561 1572 1612 τὸ
1608 1560 1845 1629 νομίζειν

293 1642 450 1696 αὐτὸν
474 1642 584 1694 τῶν
632 1641 928 1712 προφητῶν
958 1640 1095 1697 εἶναι
1140 1643 1251 1706 ἕνα,
1283 1649 1508 1708 πταίειν,
1550 1647 1642 1699 καὶ
1669 1647 1845 1716 ψευδο-

293 1733 477 1797 δοξεῖν,
510 1732 608 1784 καὶ
636 1731 778 1784 κατά
811 1732 870 1784 τὸ
902 1732 1109 1800 ἀγνοεῖν
1133 1734 1291 1786 αύτοῦ
1312 1735 1401 1787 τὸν
1429 1735 1711 1807 λεγόμενον
1752 1755 1847 1791 παο

289 1823 442 1891 τέρα,
483 1822 580 1873 καὶ
609 1821 711 1889 τὴν
757 1815 922 1872 οὖσαν
961 1822 1190 1892 μητέρα,
1231 1822 1432 1876 οἴεσθαί
1462 1841 1518 1875 τε
1551 1825 1707 1878 αὐτὸν
1741 1826 1846 1878 ἀπὸ

292 1909 395 1961 τῶν
427 1911 712 1979 μνημείων
732 1911 1043 1980 ὲγηγέρθαι.
1076 1914 1183 1965 Καὶ
1215 1913 1348 1982 πρὸς
1371 1912 1431 1965 τὸ
1459 1915 1516 1966 ἐν
1552 1915 1765 1967 Γενέσει
1786 1932 1846 1967 τε

291 2000 415 2068 περὶ
444 2001 543 2069 τῆς
571 1996 980 2063 ἐξαναστάσεως
1007 2002 1373 2071 ἀπαντήσεται
1408 2002 1437 2054 ό
1470 2003 1844 2073 ἐκκλησιαστι-

292 2089 385 2149 to;
431 2087 716 2158 χρώμενος
755 2088 863 2159 τῷ,
914 2106 933 2139 ι
994 2089 1337 2160 Ἐξανέστησε
1375 2092 1481 2162 γάρ
1529 2110 1615 2162 μοι
1647 2094 1675 2145 ό
1716 2093 1846 2156 Θεὸς

293 2179 513 2250 σπέρμα
557 2178 751 2248 ἕτερον
798 2179 918 2231 ἀντὶ
973 2177 1156 2242 Ἅϐελ,
1200 2179 1258 2233 ὃν
1300 2180 1579 2233 ἀπέκτεινε
1621 2182 1780 2241 Κάῖν,
1820 2201 1840 2233 ι

290 2268 388 2337 τῆς
408 2267 822 2331 ἐξαναστὰσεως
843 2268 936 2319 καὶ
968 2267 1058 2318 ἐπὶ
1090 2267 1349 2333 γενέσεως
1378 2269 1648 2338 κειμένης.
1682 2264 1845 2332 Οὗτος

292 2358 348 2410 δὲ
369 2358 503 2427 πρὸς
539 2358 602 2410 τὸ
633 2357 849 2427 πρῶτον
888 2357 1158 2425 ἀπορηθὲν
1195 2357 1393 2426 ἑτέρως
1432 2357 1580 2426 παρὰ
1604 2358 1692 2410 τὸν
1727 2359 1848 2410 ύποο

292 2446 637 2514 λαμϐάνοντα
669 2447 1150 2516 μετενσωμάτωσιν
1181 2446 1604 2515 ἀπολογούμενος
1629 2448 1741 2516 ἐρεῖ
1761 2446 1845 2501 διὰ

296 2534 394 2601 μὲν
422 2533 489 2584 τά
519 2534 727 2602 ἀρτίως
752 2534 1256 2587 κατασκευασθέντα
1290 2534 1431 2603 λόγῳ
1469 2535 1570 2586 τινὶ
1595 2531 1729 2587 εἶναι
1756 2535 1845 2588 τὸν

308 2623 555 2693 Ἰωάννην
627 2623 812 2676 Ἠλίαν
865 2624 955 2676 τὸν
1000 2623 1257 2693 μέλλοντα
1303 2622 1584 2692 ἔρχεσθαι,
1647 2626 1843 2677 ἀποκε-

293 2714 508 2780 κρῖσθαι
539 2713 596 2765 δὲ
624 2714 763 2783 πρὸς
806 2715 930 2776 τοὺς
962 2716 1126 2784 ἱερεῖς
1154 2714 1245 2766 καὶ
1275 2714 1502 2776 Λευΐτας
1539 2716 1618 2773 τὸ,
1668 2733 1687 2765 t
1733 2716 1846 2768 οὐκ

291 2804 424 2871 είμὶ,
465 2823 484 2855 ι
520 2806 922 2874 στοχασάμενον
947 2804 1039 2856 τοῦ
1069 2804 1397 2875 βουλήματος
1419 2804 1517 2873 τῆς
1535 2805 1844 2875 ἐρωτήσεως

294 2892 489 2947 αὐτῶν.
543 2895 620 2945 Οὐ
665 2893 775 2963 γὰρ
822 2892 979 2945 τοῦτο
1026 2893 1212 2962 ἤθελεν
1258 2896 1290 2963 ή
1347 2894 1708 2963 προλεγομένη
1754 2893 1843 2958 ἐξ·

1943 850 2111 916 magis
2151 849 2381 917 Spiritus
2410 858 2636 903 sanctus
2668 848 2949 902 familiaris
2978 851 3147 903 factus
3178 852 3472 919 prophetis,

1941 940 2160 1005 spiritus
2189 940 2424 1006 ipsorum
2455 938 2637 990 haberi
2675 939 2892 1006 poterit,
2920 949 2978 992 ut
3017 940 3158 993 hunc
3181 942 3232 992 in
3262 942 3472 992 modum

1941 1029 2167 1097 spiritus
2216 1029 2445 1089 dicatur,
2484 1029 2704 1095 spiritus
2748 1028 2900 1090 Elite,
2926 1038 2981 1082 et
3018 1029 3236 1096 spiritus
3285 1029 3475 1082 Isaim?

1943 1118 2201 1184 Dicetque
2250 1117 2337 1169 hic
2388 1117 2500 1183 ipse
2540 1116 2960 1179 ecclesiasticus,
2989 1119 3223 1183 potuisse
3262 1118 3475 1185 quidem

1941 1221 2034 1260 eos
2060 1206 2150 1273 qui
2178 1206 2430 1274 suspicati
2462 1206 2688 1259 fuissent
2711 1205 2896 1275 [unum
2927 1206 3231 1276 solumque]
3256 1209 3479 1275 prephe-

1945 1301 2119 1345 tarum
2153 1307 2271 1346 esse
2306 1291 2486 1346 Jesnm
2533 1308 2562 1345 e
2612 1294 2840 1346 mortuis
2890 1296 3261 1348 resuscitatum
3285 1295 3353 1358 ⁸⁸,
3385 1296 3478 1348 de-

1943 1382 2068 1447 cipi,
2097 1391 2205 1433 tum
2236 1397 2301 1434 ex
2335 1381 2590 1450 praedicto
2624 1382 2887 1449 dogmate,
2915 1391 3024 1433 tmn
3070 1397 3135 1434 ex
3174 1382 3478 1450 suspicione

1944 1471 2084 1538 quod
2132 1473 2242 1538 ipse
2289 1485 2425 1522 unus
2469 1485 2534 1522 ex
2585 1470 2858 1538 prophetis
2908 1480 3082 1533 esset;
3120 1474 3213 1524 sed
3259 1481 3479 1539 praeter-

1944 1574 2108 1628 quam
2153 1561 2290 1626 quod
2320 1559 2690 1612 existimarent
2725 1573 2844 1612 eum
2879 1575 3041 1612 unum
3085 1575 3148 1612 ex
3201 1561 3477 1628 prophetis

1946 1661 2088 1709 esse,
2139 1656 2299 1715 atque
2346 1661 2411 1698 ex
2451 1646 2818 1699 monumentis
2864 1647 3240 1699 resuscitatum
3289 1646 3474 1709 fuisse,

1947 1736 2048 1788 labi
2074 1749 2167 1789 eos
2187 1735 2370 1795 etiam,
2409 1744 2461 1785 et
2494 1731 2625 1785 falsa
2654 1733 2859 1800 cpinari
2898 1733 3156 1799 potuisse,
3186 1735 3478 1802 ignorando

1942 1824 2186 1892 quisnam
2242 1832 2394 1891 pater
2446 1822 2613 1888 ipsius
2666 1822 2937 1875 diceretur
2980 1832 3035 1876 et
3078 1838 3318 1890 quaenam
3363 1825 3478 1893 ejus

1941 1923 2083 1968 esset
2112 1922 2298 1969 mater.
2331 1912 2409 1965 Ad
2440 1910 2566 1964 illud
2612 1912 2769 1965 etiam
2802 1912 2940 1978 quod
2973 1921 3053 1964 est
3088 1912 3138 1964 in
3177 1910 3372 1965 Genesi
3405 1916 3472 1968 de

1942 2017 2072 2056 voce
2094 2002 2517 2063 resurrectionis,
2544 2009 2794 2054 occurret
2815 2001 3210 2055 ecclesiasticus
3231 2012 3383 2054 utens
3411 2017 3476 2056 eo

1944 2093 2244 2146 testimonio
2264 2092 2340 2143 '°:
2371 2109 2390 2141 ι
2426 2090 2780 2145 Resnscitavit
2812 2091 2937 2143 mihi
2965 2105 3143 2143 semen
3172 2092 3312 2145 aliud
3340 2094 3478 2147 Deus

1941 2192 2038 2248 pro
2058 2177 2208 2241 Abel,
2235 2190 2391 2244 quem
2423 2177 2690 2231 interfecit
2723 2177 2877 2241 Cain,
2904 2197 2922 2229 ι
2955 2193 3085 2232 voce
3127 2183 3477 2234 resurrectio-

1943 2268 2028 2321 nis
2054 2268 2249 2335 posita,
2281 2268 2444 2320 etiam
2477 2266 2544 2319 de
2571 2267 2869 2319 nativitate.
2896 2266 3124 2320 Proinde
3160 2269 3245 2321 hic
3270 2270 3333 2321 ad
3363 2270 3474 2337 pri-

1943 2371 2081 2409 mam
2119 2356 2499 2409 dubitationem
2529 2355 2630 2407 alio
2666 2356 2841 2418 modo,
2874 2371 3033 2425 quam
3072 2357 3116 2409 is
3154 2360 3242 2424 qui
3294 2360 3473 2425 suspi-

1943 2456 2097 2500 catur
2142 2445 2740 2512 transcorporationem,
2797 2445 3118 2513 respondens
3164 2446 3326 2510 dicet,
3382 2462 3477 2514 per

1942 2548 2004 2588 ea
2032 2535 2263 2602 quidem,
2294 2549 2414 2603 qua
2453 2547 2620 2601 nuper
2664 2518 2879 2601 probata
2924 2545 3067 2599 sunt,
3092 2534 3348 2589 Joannem
3389 2551 3479 2590 ra-

1946 2625 2089 2678 tione
2126 2624 2354 2692 quadam
2402 2615 2734 2677 Eliam'esse
2780 2635 3091 2686 venturum,
3139 2627 3476 2693 respondisse

1942 2726 2072 2766 vero
2100 2711 2474 2765 sacerdotibus
2500 2725 2562 2764 ac
2607 2709 2826 2775 Levitis,
2865 2728 2883 2761 ι
2922 2710 3037 2764 Νοιι
3068 2726 3183 2764 sum
3203 2712 3271 2775 θί,
3299 2730 3319 2763 ι
3352 2727 3480 2765 con-

1939 2801 2229 2871 jectantem
2259 2800 2694 2868 interrogationis
2724 2800 2962 2865 ipsorum
2991 2802 3338 2854 voluntatem.
3369 2800 3479 2855 Nec

1943 2891 2083 2945 enim
2111 2890 2419 2945 intendebat
2463 2890 2577 2943 haec
2618 2889 2891 2956 inquisitio
2920 2892 3087 2958 prima
3113 2889 3299 2943 Joanni
3339 2891 3474 2944 facta

294 2977 476 3043 ἱτασις
502 2980 581 3051 τῷ
621 2980 842 3051 Ἰωάννῃ
870 2981 978 3034 ἀπὸ
1009 2981 1117 3033 τῶν
1159 2980 1343 3049 ἱερέων
1370 2981 1464 3034 καὶ⁹
1487 2981 1739 3046 Λευῖτῶν,
1784 2981 1843 3035 τὸ

1947 2995 1974 3033 a
2002 2980 2371 3034 sacerdotibus
2391 2987 2446 3033 et
2479 2977 2695 3042 Levitis,
2729 2987 2781 3032 ut
2802 2979 3069 3032 discerent
3094 2993 3158 3030 an
3194 2980 3332 3031 idem
3362 2980 3474 3045 spi—

300 3069 484 3134 μαθεῖν
509 3070 557 3121 εί
582 3069 645 3121 τὸ
678 3069 808 3121 αύτὸ
836 3067 1051 3137 πνεῦμα
1085 3071 1140 3121 ὲν
1172 3070 1494 3139 ἀμφοτέροις
1533 3070 1841 3139 ἐτύγχανεν,

301 3155 405 3208 ἀλλ’
436 3160 483 3209 εί
508 3160 536 3209 ό
576 3158 831 3227 Ἰωάννης
874 3158 1034 3220 αὐτὸς
1076 3157 1259 3221 Ἠλίας
1299 3159 1328 3210 ό
1370 3158 1708 3228 ἀναληφθεὶς,
1749 3158 1843 3213 νῦν

1946 3069 2081 3123 ritus
2126 3068 2179 3121 in
2223 3076 2451 3135 utroque
2482 3076 2659 3131 esset;
2694 3068 2785 3120 sed
2831 3081 2897 3119 an
2942 3065 3177 3121 Joannes
3219 3078 3360 3121 esset
3388 3068 3477 3143 ille

1945 3157 2055 3223 ipse
2094 3155 2237 3209 Elias
2280 3156 2371 3223 qui
2418 3164 2721 3223 assumptus
2762 3153 2961 3218 fuerat,
3008 3170 3474 3225 nunc’appareus,

301 3245 708 3314 ἐπιφαινόμενος
763 3246 905 3299 κατὰ
959 3245 1019 3298 τὸ
1085 3246 1353 3309 Ἰουδαίοις
1408 3246 1843 3318 προσδοκώμενον

1942 3242 2083 3309 iuxta
2112 3240 2412 3297 Judaaorum
2434 3243 3126 3311 exspectationem,absque
3149 3255 3290 3309 ortu,
3318 3260 3475 3313 quem

300 3335 457 3404 χωρὶς
487 3334 780 3402 γενέσεως,
809 3336 876 3405 ἡν
904 3336 1044 3403 τάχα
1074 3336 1167 3387 καὶ
1198 3337 1423 3403 ἠγνόουν
1455 3339 1503 3389 οί
1533 3337 1637 3389 ἀπὸ
1684 3339 1842 3406 Ἰερο-

300 3423 536 3491 σολύμων
598 3423 1027 3487 ἀποσταλέντες·
1083 3424 1215 3495 πρὸς
1269 3426 1337 3495 ἢν
1383 3424 1570 3479 πεῦσιν
1620 3426 1842 3489 εἰκότως

300 3512 643 3581 ἀποκρίνεται
693 3516 781 3571 τὸ,
844 3529 865 3562 ι
914 3514 1026 3567 Οὔκ
1075 3515 1223 3582 εἰμὶ,
1278 3534 1297 3564 ι
1347 3514 1406 3565 ού
1445 3512 1552 3583 γάρ
1605 3513 1785 3577 Ἠλίας
1815 3515 1844 3565 ό

297 3599 616 3669 ἀναληφθεὶς
644 3599 885 3669 ἀμείψας
912 3600 1069 3670 σῶμα
1106 3601 1347 3670 ἐληλύθει
1376 3603 1404 3653 ό
1451 3601 1698 3671 Ἰωάννης
1729 3603 1844 3655 όνο-

298 3689 613 3759 μαζόμενος.
675 3690 734 3742 Ὀ
772 3689 828 3741 δὲ
874 3690 1102 3759 πρῶτος,
1146 3685 1204 3744 οῦ
1243 3691 1336 3742 τὸν
1379 3688 1500 3744 νοῦν
1537 3690 1845 3760 παρεθήκα-

297 3794 406 3845 μεν,
438 3778 691 3848 οίομένου
727 3778 1206 3847 μετενσωμάτωσιν
1239 3776 1478 3830 ἐντεῦθεν
1510 3778 1842 3831 κατασκευά-

295 3865 492 3929 ζεσθαι,
528 3865 963 3936 προσδιατρίϐων
990 3868 1055 3934 τῇ
1091 3867 1303 3936 βασάνῳ
1337 3867 1434 3934 τῆς
1471 3867 1684 3929 λέξεως,
1731 3867 1845 3936 ἐρεῖ

296 3958 421 4028 πρὸς
451 3958 544 4010 τὸν
585 3956 861 4026 δεύτερον,
898 3958 979 4009 ὅτι
1018 3957 1117 4008 οὐκ
1158 3957 1439 4010 ἀκόλουθον
1471 3958 1563 4010 τὸν
1602 3957 1844 4025 τηλικού-

288 4059 378 4097 του
429 4046 621 4116 ίερέως
676 4044 945 4114 Ζαχαρίου
993 4044 1105 4096 υἱὸν
1146 4046 1239 4097 ἐπὶ
1293 4047 1437 4116 γήρᾳ
1489 4045 1844 4116 γεγενημένον

290 4133 615 4203 ἀμφοτέροις
637 4132 854 4198 γονεῦσι
878 4130 1026 4201 παρὰ
1055 4133 1231 4184 πᾶσαν
1262 4131 1599 4202 ἀνθρωπίνην
1625 4133 1845 4203 προσδο-

289 4221 408 4274 κίαν
434 4220 755 4289 ἀγνοεῖσθαι
802 4221 906 4273 ὑπὸ
932 4219 1038 4272 τῶν
1074 4220 1340 4272 τοσούτων
1370 4223 1426 4272 ἐν
1463 4221 1843 4291 Ἱεροσολύμοις

1940 3333 2165 3385 fortasse
2210 3332 2371 3386 etiam
2428 3332 2771 3399 ignorabant,
2814 3332 2905 3399 qui
2954 3332 3102 3387 missi
3148 3333 3365 3387 fuerunt
3408 3335 3478 3387 ab

1940 3420 2358 3492 Hierosolymis;
2413 3421 2479 3473 ad
2544 3435 2705 3489 quam
2773 3421 3239 3489 interrogationem
3285 3424 3477 3478 merito

1941 3511 2261 3579 respondet:
2294 3530 2313 3563 ι
2357 3509 2469 3565 Non
2529 3525 2687 3585 sum;
2723 3527 2742 3559 ι
2784 3524 2959 3578 neque
3007 3513 3148 3564 enim
3196 3512 3341 3567 Elias
3388 3514 3477 3569 ille

1942 3617 2153 3657 sursum
2180 3609 2427 3669 receptus
2473 3600 2832 3654 alternaverat
2870 3613 3082 3667 corpus,
3113 3602 3288 3654 dictus
3309 3602 3474 3656 Joan-

1939 3705 2056 3746 nes.
2086 3691 2157 3744 At
2207 3700 2392 3743 contra
2449 3688 2656 3756 primus
2702 3688 2810 3751 ille,
2858 3689 3011 3756 cujus
3061 3704 3278 3744 sensum
3320 3691 3479 3763 115.

1940 3780 2315 3848 proposuimus
2350 3776 2709 3831 existimantis
2745 3778 3321 3845 transcorporationem
3353 3779 3477 3832 hinc

1941 3868 2128 3929 astrui,
2171 3868 2463 3920 immorans
2499 3865 2551 3918 in
2595 3867 2992 3920 examinatione
3035 3867 3305 3933 dictionis,
3334 3868 3476 3921 dicet

1941 3960 2004 4013 ad
2041 3958 2263 4011 alterum
2293 3956 2510 4008 minime
2553 3970 2882 4025 consequens
2903 3972 3021 4010 esse
3044 3956 3319 4010 Zachariae
3341 3958 3474 4012 tanti

1941 4046 2236 4102 sacerdotis
2268 4044 2430 4097 filium
2456 4045 2507 4096 in
2537 4055 2812 4098 senectute
2842 4047 3085 4112 utrisque
3110 4045 3347 4112 genitum
3375 4059 3475 4112 pa-

1942 4137 2204 4200 rentibus,
2228 4145 2421 4204 praeter
2443 4148 2652 4187 omnem
2689 4134 2973 4186 humanam
2998 4134 3474 4200 exspectationem,

1944 4224 2180 4294 ignorari
2211 4238 2240 4276 a
2270 4233 2346 4277 tot
2365 4221 2560 4276 Judaais
2588 4222 2683 4290 qui
2712 4231 2868 4274 erant
2896 4222 3298 4291 llierosolynue,
3323 4232 3378 4277 et
3409 4223 3477 4277 ab

300 4308 583 4370 Ἰουδαίων,
621 4309 717 4362 καὶ
749 4308 857 4360 τῶν
889 4308 1240 4377 πεμφθέντων
1286 4310 1374 4360 ὑπ’
1408 4309 1580 4362 αὐτῶν
1611 4310 1843 4363 Λευῖτῶν

1948 4316 2013 4367 iis
2041 4314 2133 4381 qui
2169 4313 2315 4365 missi
2355 4310 2569 4364 fuerunt
2605 4310 2669 4361 ab
2702 4310 2830 4378 ipsis
2871 4309 3075 4364 Levitis
3103 4323 3153 4363 et
3183 4311 3478 4364 sacerdoti-

285 4395 376 4446 καὶ
427 4396 642 4465 ἱερέων,
686 4396 748 4447 ού
792 4395 1164 4461 γινωσκόντων
1204 4396 1266 4448 τὸ
1311 4397 1626 4467 γεγενῆσθαι
1666 4398 1842 4462 αὑτὸν,

286 4483 377 4534 καὶ
404 4484 644 4551 μάλιστα
676 4482 860 4533 Λουκᾶ
889 4482 1300 4554 μαρτυροῦντος,
1334 4483 1413 4534 ὅτι
1452 4501 1471 4533 ι
1515 4484 1725 4551 ἐγένετο
1756 4486 1845 4537 ἐπὶ

284 4573 488 4633 πάντας
518 4570 688 4638 φόϐος
720 4572 846 4631 τοὺς
871 4570 1273 4639 περιοικοῦντας
1304 4570 1494 4632 αύτούς
1525 4590 1543 4620 ι
1570 4572 1738 4640 (δῆλον
1768 4571 1843 4633 δὲ,

282 4659 358 4711 ὅτι
384 4661 476 4712 τὸν
499 4657 784 4728 Ζαχαρίαν
809 4658 903 4709 καὶ
938 4658 1034 4727 τὴν
1070 4657 1387 4725 Ἐλισάϐετ),
1421 4676 1438 4707 ι
1463 4660 1553 4711 καὶ
1582 4660 1638 4710 ὲν
1662 4659 1753 4728 ὅλη
1778 4663 1843 4729 τῇ

281 4750 458 4820 ὀρεινῇ
509 4750 613 4819 τῆς
682 4747 936 4810 Ἰουδαίας
986 4747 1274 4801 διελαλεῖτο
1310 4746 1482 4799 πάντα
1518 4747 1586 4799 τὰ
1628 4750 1843 4818 ῥήματα

282 4840 469 4894 ταῦτα.
517 4859 536 4890 ›
573 4839 638 4890 El
678 4838 735 4890 δὲ
763 4839 862 4891 οὐκ
897 4839 1137 4907 ἠγνοεῖτο
1174 4839 1207 4906 ἡ
1242 4839 1306 4888 ἐκ
1341 4839 1602 4906 Ζαχαρίου
1635 4839 1842 4904 γένεσις

296 4928 561 4992 Ἰωάννου,
600 4926 849 4996 ἔπεμπον
882 4927 937 4979 δὲ
965 4929 1014 4978 οἱ
1042 4927 1151 4979 ἀπὸ
1188 4924 1563 4994 Ἰεροσολύμων
1607 4928 1842 4980 Ἰουδαῖοι

285 5017 368 5070 διὰ
405 5017 516 5071 τῶν
546 5015 792 5070 Λευῖτῶν
843 5017 936 5069 καὶ
988 5015 1176 5085 ἱερέων
1224 5013 1537 5080 πευσόμενοι
1576 5017 1664 5079 τὸ,
1707 5035 1724 5066 ί
1770 5017 1840 5069 Σὺ

298 5105 476 5170 Ἠλίας
501 5103 589 5171 ei;
631 5125 651 5157 ι
685 5105 862 5174 δῆλον,
891 5105 971 5157 ὅτι
998 5104 1157 5157 τοῦτο
1190 5101 1369 5166 ἔλεγον
1403 5102 1462 5152 τὺ
1499 5103 1624 5170 περὶ
1657 5121 1841 5172 μετεν-

293 5196 665 5265 σωματώσεως
698 5194 873 5264 δόγμα
908 5194 1144 5264 οἰόμενοι
1186 5186 1323 5242 εἶναι
1371 5189 1583 5257 ἀληθὲς,
1628 5193 1702 5254 ὼς
1732 5195 1836 5247 πά-

293 5299 430 5353 τριον
451 5286 739 5355 τυγχάνον,
785 5285 878 5337 καὶ
919 5284 1018 5336 οὐκ
1047 5278 1342 5345 ’ἀλλότριον
1371 5278 1466 5346 τῆς
1508 5280 1565 5329 ἐν
1610 5281 1842 5353 ἀπορρή-

297 5387 398 5434 τοις
429 5372 777 5434 διδασκαλίας
818 5370 1013 5425 αύτῶν.
1048 5367 1147 5419 Διά
1183 5365 1342 5418 τοῦτο
1368 5361 1457 5417 οῦν
1485 5366 1646 5433 λέγει,
1682 5387 1699 5419 ι
1730 5373 1840 5424 Ούκ

359 5490 399 5521 ⁸⁷
433 5491 616 5546 Matth.
652 5506 731 5553 ιι,
762 5490 846 5542 id.
948 5487 994 5519 ⁸⁸
1026 5482 1323 5553 Exodi"),
1348 5482 1399 5542 6,
1433 5484 1518 5542 15.
1543 5484 1645 5546 16;
1684 5502 1755 5552 tv,
1778 5490 1832 5544 5.

300 5555 338 5588 ’³
364 5576 476 5628 cap.
501 5577 540 5626 ι,
568 5548 828 5614 νεισείϐὄ.
899 5556 945 5588 ’³
971 5554 1104 5610 ibid.
1183 5550 1231 5581 ’δ
1254 5548 1408 5604 Joan.
1434 5566 1475 5615 ι,
1503 5555 1580 5619 l9,
1610 5555 1697 5607 21.

1939 4402 2039 4455 bus
2077 4399 2438 4452 nescientibus
2477 4398 2649 4463 ipsum
2691 4407 2872 4447 natum
2931 4395 3117 4458 fuisse,
3143 4404 3195 4447 et
3242 4394 3475 4447 maxime

1938 4488 2256 4542 testificante
2283 4483 2427 4537 Luca
2467 4485 2512 4514 "
2543 4486 2783 4537 timorem
2820 4484 3082 4550 ingruisse
3116 4503 3131 4532 ι
3169 4495 3331 4547 super
3359 4495 3476 4533 om--

1940 4590 2035 4628 nes
2071 4573 2273 4626 vicinos
2321 4585 2523 4635 eorum,
2550 4568 2798 4635 o(nempe
2836 4567 3110 4622 Zachariae
3140 4576 3194 4619 et
3230 4567 3468 4619 Elisabe—

1943 4662 2086 4733 thas),
2134 4680 2154 4714 ι
2196 4668 2249 4714 et
2288 4660 2429 4727 quod
2465 4659 2517 4711 in
2556 4665 2662 4710 tota
2704 4669 2957 4709 montana
3000 4654 3197 4708 Judatte
3245 4655 3481 4719 divulga-

1942 4753 2139 4805 bantur
2162 4750 2338 4802 omnia
2376 4749 2535 4800 verba
2572 4746 2760 4800 haec”.
2782 4764 2800 4795 ι
2835 4744 2984 4808 Quod
3011 4744 3053 4795 si
3082 4751 3234 4794 ortus
3253 4739 3477 4794 Joannis

1941 4853 2004 4893 ex
2055 4837 2310 4890 Zacharia
2355 4851 2460 4887 non
2497 4835 2862 4903 ignorabatur,
2903 4831 3272 4893 miserantque
3315 4825 3484 4878 Judaei

1942 4932 2009 4985 ab
2042 4925 2426 4995 Hierosolymis
2449 4940 2541 4992 per
2574 4923 2792 4978 Levitas
2838 4931 2893 4976 et
2918 4914 3230 4973 sacerdotes
3263 4914 3491 4965 interro-

1944 5017 2137 5088 gaturi,
2168 5033 2187 5067 ί
2227 5015 2372 5067 Elias
2413 5028 2471 5066 es
2517 5012 2665 5064 tu”?
2693 5029 2713 5063 ι
2743 5010 3085 5079 perspicuum
3124 5009 3209 5052 est
3253 5000 3366 5050 hoc
3404 5012 3499 5050 eos

1943 5107 2159 5169 dixisse,
2184 5117 2366 5158 verum
2402 5109 2649 5170 putantes
2694 5114 2812 5153 esse
2837 5101 3030 5163 dogma
3053 5091 3118 5142 de
3141 5099 3505 5151 transcorpo—

1944 5197 2168 5259 ratione,
2196 5188 2382 5264 [quod]
2407 5204 2502 5243 ceu
2541 5188 2770 5255 patrium
2807 5192 2952 5239 esset
3001 5180 3278 5268 ipsorum,
3312 5180 3372 5222 et
3405 5185 3514 5268 nep

1945 5258 2280 5339 alienum-ab
2310 5258 2507 5334 arcana
2552 5275 2791 5329 doctrina
2819 5285 2941 5342 quae
2975 5265 3125 5334 apud
3146 5262 3308 5356 ipsos
3342 5258 3526 5356 tradi:-

1948 5384 2063 5438 tur;
2093 5370 2353 5436 addetque
2381 5368 2542 5421 etiam
2581 5367 2722 5419 hanc
2765 5365 2833 5418 ob
2873 5369 3115 5414 causam
3142 5348 3428 5401 Joannem
3459 5344 3540 5396 di-

1943 5493 1987 5524 "
2020 5491 2147 5545 Luc.
2184 5501 2255 5546 ιχ,
2299 5483 2384 5538 l9.
2493 5484 2538 5514 ’°
2563 5482 2694 5537 Gen.
2743 5496 2815 5547 tv,
2838 5479 2936 5532 25.
3054 5467 3104 5500 "
3142 5462 3307 5516 Joan.
3359 5471 3407 5522 ι,
3448 5455 3551 5512 21,
