3880 6190
612 272 718 326 223

2031 260 2347 318 ORIGENIS

615 399 759 442 cere.
791 382 901 436 Non
934 396 1047 435 sum
1082 380 1244 439 Elias,
1270 379 1408 447 quod
1443 379 1712 447 ignoraret
1742 379 2006 448 quodnam
2036 379 2147 431 vitae

2103 393 2154 431 ,ιιι
2184 380 2226 433 Α
2254 375 2362 442 εἰμὶ
2393 372 2593 434 Ἠλίας,
2633 391 2650 422 ι
2680 374 2708 424 ὁ
2735 372 3002 438 Ἰωάννης,
3034 368 3156 421 ἐπεὶ
3196 367 3390 433 ἀγνοεῖ
3417 362 3510 415 τὸν
3543 360 3635 412 ἴδες

618 488 786 542 genus
811 480 931 524 ante
960 469 1329 535 transegisset.
1359 468 1453 521 llis
1479 469 1641 536 igitur
1675 484 1777 522 non
1808 479 2153 522 contemnen-

618 564 741 616 dam
782 558 1209 628 probabilitatem
1262 557 1599 621 habentibus,
1635 573 1844 611 rursum
1895 556 2156 611 ecclesia-

616 650 784 705 sticus
810 647 1076 701 dubitabit
1103 655 1287 700 contra
1313 646 1460 699 illum
1485 647 1740 713 priorem,
1774 663 1839 699 an
1870 646 2013 699 illius
2032 659 2157 714 pro-

618 740 789 806 pheta:
818 738 889 789 sit
915 737 1005 805 qui
1045 751 1074 788 a
1116 736 1321 804 Spiritu
1359 736 1716 800 illuminatur,
1745 738 1833 803 qui
1866 736 1933 790 ab
1961 737 2157 790 Isaia“

616 829 985 897 prophetatur,
1017 825 1105 894 qui
1135 842 1164 880 a
1198 827 1289 881 tali
1321 836 1576 895 tantoque
1603 829 1815 896 angelo,
1847 828 2157 896 priusquam

617 926 946 978 nasceretur,
987 915 1298 982 prmdicitur
1346 918 1637 983 pariendus
1655 919 1720 980 ⁸³,
1749 919 1836 984 qui
1874 932 1938 971 ex
1982 917 2158 985 pleni-

619 1006 803 1059 tudine
850 1004 1044 1059 Christi
1101 1005 1324 1070 accepit,
1360 1005 1447 1071 qui
1491 1007 1714 1070 gratiam
1750 1006 1906 1059 talem
1953 1021 2015 1060 ac
2044 1015 2163 1058 tau-

617 1103 723 1147 tam
753 1093 1109 1161 participavit,
1141 1092 1229 1161 qui
1251 1092 1513 1148 intellexit
1539 1096 1816 1150 veritatem
1848 1110 1946 1162 per
1977 1095 2160 1151 Jesum

618 1183 891 1238 Christum
922 1182 1121 1236 factam
1167 1183 1351 1245 fuisse,
1389 1184 1479 1250 qui
1508 1184 1633 1236 talia
1673 1199 1735 1239 ac
1765 1195 1909 1239 tanta
1937 1186 2004 1238 de
2029 1186 2161 1247 Deo,

618 1288 682 1327 ac
708 1275 773 1327 de
802 1273 914 1340 ejus
942 1271 1226 1340 Uuigenilo
1254 1272 1365 1335 illo,
1411 1273 1499 1339 qui
1534 1273 1598 1325 ad
1634 1274 1808 1326 sinum
1856 1274 2029 1329 Patris
2055 1286 2160 1338 est,

618 1362 979 1423 enarravit”,
1026 1361 1265 1424 mentiri,
1316 1368 1479 1428 atque
1536 1362 1696 1416 etiam
1758 1364 2022 1427 hmsitare,
2055 1379 2159 1418 non

621 1458 999 1519 agnoscentem
1043 1450 1186 1516 quod
1234 1457 1370 1504 erat.
1415 1449 1711 1516 Oportebat
1737 1450 1878 1503 enim
1907 1452 1971 1505 de
2003 1451 2162 1506 rebus

619 1539 1019 1594 obscurioribus
1054 1538 1416 1592 asseusionem
1453 1538 1719 1602 inhibere,
1761 1554 1933 1607 neque
1960 1554 2155 1594 conec-

621 1630 818 1692 dendo,
877 1643 1049 1695 neque
1105 1628 1336 1681 tollendo
1391 1628 1828 1697 propositionem.
1885 1629 2160 1695 Quomodo

2255 479 2407 530 τερον
2437 462 2565 530 βίον.
2599 461 2809 512 Τούτων
2849 460 2912 528 δὴ
2953 458 3051 511 οὐκ
3089 451 3580 524 εὐκαταφρόνητον
3617 469 3636 503 1

2254 570 2391 622 τητα
2442 552 2704 621 ἐχόντων,
2760 549 2915 602 πάλιν
2952 552 2980 601 ὁ
3042 542 3501 614 ὲκκλησιαστικδς
3565 541 3636 592 ἀπ

2232 642 2390 711 ,πρὸς
2416 641 2508 692 τὸν
2538 640 2815 709 πρότερον,
2846 639 2894 690 εί
2926 635 3067 689 κατὰ
3086 635 3175 687 τὸν
3204 633 3499 703 προφήτην
3537 632 3636 682 ὲστ

2253 734 2346 787 τοῦ
2385 731 2693 800 Πνεύματος
2725 728 3103 796 φωτιζόμενον,
3142 724 3238 777 καὶ
3274 722 3383 775 ὑπὸ
3432 720 3635 772 Ἡσαῖοη

2258 821 2635 890 φητευόμενον,
2676 818 2779 869 ὑπό
2810 833 2868 868 τε
2905 813 3223 884 τηλικούτου
3258 809 3354 863 τοῦ
3403 809 3636 877 ἀγγέλοι

2260 910 2595 978 γεννηθῆναι,
2621 904 2973 976 τεχθήσεσθαι
3012 899 3437 973 προειρημένον,
3476 901 3547 951 ὲκ
3576 915 3636 949 το

2260 1001 2510 1072 ρώματος
2532 992 2763 1066 Χριστοῦ
2786 992 3061 1061 εἰληφότα,
3083 990 3307 1059 χάριτος
3336 986 3636 1058 τηλικαύττ

2258 1088 2524 1156 εσχηκότα
2550 1122 2565 1146 ,
2613 1082 2709 1152 τὴν
2750 1081 3003 1151 ἀλήθειαν
3037 1078 3126 1131 διὰ
3175 1076 3353 1148 Ἰησοῦ
3399 1074 3636 1145 Χριστοῖ

2258 1174 2449 1243 νῆσθαι
2477 1170 2783 1238 νενοηκάτα,
2814 1166 2940 1236 περὶ
2962 1162 3096 1216 Θεοῦ
3125 1162 3221 1214 καὶ
3254 1160 3351 1213 τοῦ
3372 1159 3636 1226 Μονογενι

2259 1266 2337 1325 είς
2364 1264 2451 1315 τὸν
2471 1261 2669 1313 κόλπον
2683 1257 2775 1310 τοῦ
2806 1255 3015 1324 Πατρδς
3043 1251 3450 1322 διηγησάμενον
3480 1246 3557 1300 τὰ
3584 1264 3636 1298 τε

2258 1355 2318 1406 τὸ
2331 1351 2647 1421 ψεύσασθαι,
2668 1349 2759 1400 καὶ
2775 1348 2908 1414 ὅπερ
2933 1340 2999 1413 ἦν
3015 1344 3113 1396 οὐκ
3138 1340 3422 1408 ἐγνωκότα
3442 1336 3552 1391 κᾶν
3578 1339 3636 1390 ετ

2273 1441 2467 1511 Ἐχρῆν
2485 1438 2591 1508 γάρ
2625 1436 2751 1508 περὶ
2772 1433 2878 1486 τῶν
2925 1430 3263 1501 ἀδηλοτέρων
3288 1428 3521 1495 ἐπέχειν
3546 1428 3636 1493 ὁμι

2262 1534 2354 1586 καὶ
2400 1532 2532 1601 μήτε
2578 1527 2795 1588 τιθέναι,
2847 1524 2979 1593 μήτε
3022 1520 3197 1589 αἴρειν
3241 1518 3340 1588 τὴν
3384 1517 3631 1588 πρότασι

2260 1621 2317 1673 δὲ
2341 1620 2440 1671 οὐκ
2458 1614 2524 1687 ἦν
2546 1615 2782 1681 εὔλογον,
2808 1614 2856 1664 εί
2887 1608 3094 1663 πολλῶν
3124 1606 3284 1660 τοῦτο
3315 1605 3503 1675 δόγμα
3532 1602 3630 1656 ὲτύ

620 1728 801 1771 autem
833 1717 1022 1770 rationi
1054 1725 1471 1770 consentaneum
1497 1731 1598 1771 non
1624 1728 1764 1779 erat,
1791 1719 1834 1772 si
1876 1720 2152 1773 multorum

2077 1736 2161 1772 um
2196 1697 2235 1751 Β
2265 1709 2501 1776 ἐπισχεῖν
2535 1705 2624 1756 τὸν
2673 1701 2923 1769 Ἰωάννην
2971 1699 3098 1768 περὶ
3137 1695 3330 1759 αὑτοῦ,
3384 1696 3607 1765 μήποτε

622 1817 737 1861 tum
771 1808 1027 1875 temporis
1058 1808 1247 1875 dogma
1267 1807 1369 1861 hoc
1392 1808 1600 1871 fuisset,
1632 1817 1690 1862 ut
1721 1810 1987 1864 dubitaret
2013 1809 2169 1862 Joan-

622 1910 718 1950 nes
747 1896 811 1949 de
843 1897 1040 1964 seipse,
1073 1910 1195 1948 num
1225 1898 1439 1964 quando
1467 1898 1644 1951 anima
1670 1912 1764 1952 sua
1808 1899 1861 1952 in
1906 1899 2017 1952 Elia
2057 1899 2164 1952 fue-

621 1985 731 2039 rit?
778 1987 916 2051 Quin
960 1987 1026 2038 ad
1075 1986 1355 2039 historiam
1412 1990 1723 2055 provocabit
1767 1989 2167 2044 ecclesiasticus

621 2075 769 2134 illum
804 2076 1045 2143 priorem
1074 2075 1377 2129 auditurum
1409 2077 1476 2129 ab
1523 2077 1626 2140 his,
1659 2078 1748 2145 qui
1780 2092 1836 2132 se
1874 2076 2014 2134 scire
2044 2095 2168 2147 pro-

625 2163 844 2218 ﬁtentur
885 2177 1003 2229 quae
1044 2164 1184 2228 apud
1222 2163 1473 2217 Hebrmos
1505 2178 1700 2217 arcana
1751 2174 1893 2229 sunt,
1916 2166 1993 2237 [et
2016 2169 2166 2222 evul-

623 2265 752 2320 gare
788 2252 859 2303 sit
891 2248 1084 2319 nefas.]
1120 2264 1242 2303 num
1279 2252 1466 2321 dogma
1511 2252 1723 2320 aliquod
1771 2254 2067 2321 huiusmodi
2097 2258 2168 2311 sit

622 2339 760 2407 apud
788 2340 960 2406 ipsos;
994 2354 1113 2392 nam
1141 2340 1183 2393 si
1204 2340 1350 2393 nullo
1371 2341 1485 2394 loco
1515 2352 1790 2408 appareat,
1816 2345 1917 2399 hoc
1948 2345 2087 2399 hunc
2114 2351 2165 2400 in

622 2430 837 2483 modum
878 2444 936 2482 se
978 2430 1196 2494 habere,
1251 2432 1593 2498 perspicuum
1637 2441 1723 2486 est
1778 2433 1920 2485 illius
1966 2435 2167 2502 prioris

622 2519 887 2573 rationem
947 2520 1258 2587 dissipatam
1303 2534 1440 2578 esse.
1493 2524 1849 2589 Quamobrem
1900 2525 2170 2581 nihilomi-

624 2621 728 2663 nus
789 2607 1186 2662 ecclesiasticus
1264 2610 1531 2664 solutione
1587 2620 1768 2665 utetur
1831 2627 1991 2681 quam
2046 2620 2171 2671 ante

624 2697 1032 2766 explicavimus,
1083 2700 1253 2753 adhuc
1325 2702 1487 2753 etiam
1543 2703 1655 2770 ipse
1713 2704 2040 2759 voluntatem
2088 2706 2169 2759 in-

630 2788 1016 2852 terrogantium
1072 2784 1295 2857 produci
1328 2792 1380 2844 in
1431 2791 1662 2845 medium
1709 2794 2007 2860 postulans.
2035 2795 2167 2849 Nam

626 2873 671 2927 si
710 2872 783 2924 illi
839 2874 928 2941 qui
992 2874 1251 2928 miserunt
1292 2877 1488 2938 sciunt,
1541 2885 1598 2930 ut
1631 2881 1875 2946 probavi,
1931 2882 2166 2948 genitum

628 2976 696 3056 ear
750 2962 1011 3056 Zacharia
1059 2973 1114 3017 et
1155 2965 1441 3056 E‘lisabethr
1478 2964 1736 3023 Joannem
1783 2967 1968 3033 fuisse,
2012 2979 2171 3038 atque
2198 2996 2243 3056 ε

627 3051 787 3116 etiam
847 3051 1014 3106 multo
1059 3052 1231 3120 magis
1278 3054 1315 3106 ii
1356 3055 1444 3121 qui
1509 3055 1659 3109 missi
1716 3056 2040 3119 fuerant,ex
2078 3073 2172 3127 ge-

628 3154 763 3196 nere
810 3155 952 3193 rum.
986 3150 1163 3196 essent
1226 3142 1590 3209 sacerdotali,
1652 3145 1847 3213 quibus
1903 3146 2040 3201 clam
2095 3148 2178 3202 l'u-

630 3236 748 3294 tura
792 3229 946 3298 115
978 3245 1082 3284 non
1112 3242 1228 3284 erat
1255 3233 1401 3291 clara
1422 3242 1582 3301 atque
1611 3234 1920 3289 admiranda
1964 3236 2177 3293 soboles

630 3313 900 3375 Zachariae
931 3321 1141 3383 cognati
1185 3327 1290 3370 tam
1323 3318 1564 3381 illustris,
1596 3321 1722 3387 quid
1752 3320 2060 3391 cogitarunt
2097 3324 2178 3375 in-

636 3412 997 3471 terrogantes,
1031 3422 1049 3455 ι
1087 3405 1157 3457 Es
1197 3414 1249 3457 tu
1295 3405 1439 3459 Elias
1463 3408 1508 3438 ⁹⁸
1536 3406 1558 3459 τ
1591 3426 1609 3457 ι
1650 3409 1751 3461 viri
1803 3411 1894 3476 qui
1939 3409 2179 3479 legerant

635 3491 802 3547 Eliam
843 3491 897 3544 in
931 3491 1096 3546 caelos
1136 3504 1405 3561 receptum
1440 3493 1624 3558 fuisse,
1669 3506 1725 3551 et
1761 3499 1850 3566 qui
1902 3507 2180 3566 exspecta-

634 3578 765 3634 bant
789 3580 1074 3633 adventum
1096 3580 1212 3648 ejus
1237 3582 1260 3634 ‘l
1296 3582 1565 3644 Fortassis
1588 3584 1751 3653 igitur
1775 3589 2029 3654 quoniam
2051 3603 2181 3642 cou-

637 3669 1008 3723 summationis
1038 3679 1274 3738 tempore
1320 3672 1485 3725 Eliam
1531 3687 1654 3730 ante
1683 3676 1956 3730 Christum
1988 3691 2180 3746 exspe-

634 3770 804 3823 ctant,
838 3770 892 3813 et
940 3770 1059 3828 post
1101 3761 1268 3814 Eliam
1317 3761 1610 3828 Christum,
1661 3764 1823 3818 veluti
1856 3768 2058 3836 tropice
2096 3768 2178 3820 ia-

638 3859 912 3917 terrogare
944 3851 1189 3905 videntur
1232 3870 1245 3904 :
1283 3851 1416 3906 Num
1463 3862 1519 3906 tu
1565 3868 1623 3907 es
1677 3855 1764 3908 ille
1818 3859 2182 3925 praenuntiatus

634 3949 914 3991 venturam
942 3946 1064 3992 ante
1089 3938 1382 4004 Christum,
1407 3945 1884 3999 consummationis
1922 3955 2179 4013 tempore,

633 4029 1063 4097 praedicationem
1106 4029 1227 4080 “ut
1273 4031 1514 4084 scienter
1565 4033 1630 4083 ad
1688 4034 1787 4085 hoc
1833 4036 2119 4102 respondet
2165 4053 2178 4088 :

639 4133 662 4170 σι
689 4117 802 4172 Non
834 4133 950 4170 sum
966 4117 1350 4179 ".iPrzeterea
1382 4133 1508 4172 vero
1534 4120 1945 4185 ecclesiasticos,
1977 4125 2183 4179 instans

637 4210 705 4261 ad
738 4223 800 4261 ea
834 4224 952 4275 quae
999 4207 1222 4275 inquirit
1250 4207 1407 4272 alter,
1436 4210 1527 4275 qui
1570 4212 1852 4266 ostendere
1883 4222 2051 4268 tentat
2077 4232 2180 4271 non

2266 1795 2427 1849 αὐτοῦ
2459 1808 2587 1845 ποτε
2611 1792 2667 1843 ὲν
2704 1786 2856 1855 Ἠλία
2883 1780 2986 1852 ἧν;
3033 1782 3144 1836 Καὶ
3180 1782 3276 1833 ἐπὶ
3309 1780 3409 1850 τὴν
3447 1778 3633 1848 ἱστορί

2267 1878 2711 1952 ὲκκλησιαστικδς
2764 1875 3161 1945 προκαλέσεται
3204 1871 3296 1924 τὸν
3332 1869 3617 1940 πρότερον

2270 1990 2425 2044 μενον
2485 1970 2636 2041 παρὰ
2695 1968 2800 2022 τῶν
2868 1966 2936 2018 τὰ
2994 1965 3285 2033 ἀπόρρητα
3351 1958 3636 2028 ὲγνωκένσ

2280 2063 2548 2133 Ἑϐραίοις
2611 2055 3127 2126 ἐπαγγελλομένων,
3178 2054 3227 2104 εί
3281 2050 3536 2103 τοιοῦτόν
3588 2066 3636 2101 τι

2270 2157 2387 2210 ἐστὶ
2414 2154 2541 2224 παρ’
2580 2151 2791 2213 αὐτοῖς’
2826 2147 2919 2199 ἐὰν
2945 2146 3053 2215 γὰρ
3096 2140 3365 2214 μηδαμῶς
3409 2140 3636 2208 φαίνητ‹

2266 2248 2435 2308 οὕτως
2463 2244 2601 2313 ἕχον,
2627 2241 2801 2312 δῆλον,
2836 2239 2915 2291 ὅτι
2943 2235 3264 2288 ὲσκέδασται
3289 2234 3319 2285 ὁ
3347 2231 3444 2284 τοῦ
3474 2248 3636 2302 προττ

2267 2350 2363 2404 γος
2375 2334 2505 2403 (88).
2519 2330 2681 2383 Οὐδὲν
2695 2329 2869 2381 τοίνυν
2884 2319 3042 2394 ἦττον
3065 2325 3093 2375 ὁ
3112 2320 3585 2391 ὲκκλησιαστικὸς
3604 2338 3636 2388 χ

2266 2429 2332 2497 τῇ
2366 2420 2829 2495 προαποδεδομένῃ
2864 2417 3034 2478 λύσει,
3078 2414 3158 2466 ἔτι
3183 2413 3279 2466 καὶ
3318 2412 3488 2472 αὐτὸς
3525 2412 3590 2464 τὸ
3621 2411 3636 2479 ξ

2267 2515 2373 2569 τῶν
2418 2511 2732 2582 πυθομένων
2782 2505 3133 2578 παραστῆσαι
3191 2502 3632 2571 ἀπαιτούμενος.

2268 2606 2342 2669 ὡς
2363 2602 2760 2659 κατεσκεύασαν
2775 2599 2883 2668 (89)
2897 2599 2946 2650 οἱ
2972 2598 3038 2650 πέ
3047 2596 3288 2667 μψαντες
3307 2595 3460 2647 ῐσασι
3480 2610 3636 2662 γεγεη

2268 2699 2335 2750 ὲκ
2364 2694 2626 2765 Ζαχαρίου
2648 2692 2742 2745 καὶ
2778 2690 3057 2743 Ἐλισάὃετ
3096 2690 3189 2741 τὸν
3230 2687 3517 2757 Ἰωάννην,
3553 2687 3636 2738 κα’

2269 2785 2428 2840 πλέον
2448 2786 2499 2837 οἱ
2530 2781 2868 2852 πεμφθέντες
2894 2779 3082 2847 γένους
3109 2778 3263 2839 ὄντες
3299 2775 3624 2843 ἱερατικοῦ,

2267 2872 2338 2929 ἂν
2360 2872 2545 2926 ἔλαθεν
2574 2873 2609 2941 ἠ
2638 2870 2729 2923 τοῦ
2751 2868 2921 2931 οὕτως
2946 2866 3246 2935 ἐπιφανοῦς
3270 2867 3579 2933 συγγενοῦς
3599 2868 3636 2918 Ζ

2268 2964 2569 3034 παράδοξος
2600 2961 2870 3023 εὐπαιδία,
2917 2959 2968 3010 τί
3014 2959 3309 3027 νοήσαντες
3354 2956 3636 3009 πυνθάνον

2279 3073 2300 3107 ι
2329 3054 2403 3109 Σὺ
2441 3052 2621 3114 Ἠλίας
2653 3048 2733 3115 εἷς
2782 3069 2801 3101 ι
2853 3049 3042 3113 ἄνδρες
3093 3046 3472 3114 ἀνεγνωκότες
3543 3047 3636 3098 ἀνε

2274 3143 2434 3197 αὐτὸν
2464 3142 2539 3204 ὡς
2572 3143 2651 3203 εἰς
2691 3140 2781 3193 τὸν
2814 3138 3063 3208 οὐρανὸν,
3099 3138 3192 3190 καὶ
3226 3135 3636 3205 προσδοκῶντες

2278 3234 2406 3303 μίαν
2463 3229 2662 3293 αὐτοῦς
2726 3229 2879 3297 Τάχα
2925 3223 3021 3279 οὖν
3073 3225 3199 3278 ,ἐπεὶ⁵
3260 3225 3400 3295 πρὸς
3460 3227 3530 3295 τῇ
3593 3242 3636 3276 σε

2276 3317 2641 3390 προσδοκῶσιν
2695 3317 2878 3369 Ἠλίαν
2931 3316 3038 3385 πρὸ
3078 3313 3352 3384 Χριστοῦ,
3403 3313 3503 3366 καὶ
3561 3315 3636 3364 ἐπ

2275 3408 2525 3479 Χριστὸν,
2556 3407 2717 3460 οἱονεὶ
2747 3404 3151 3476 τῳπικιῦτερον
3196 3402 3483 3470 φαίνονται
3525 3404 3636 3471 ὲριι

2277 3497 2340 3549 El.
2365 3497 2427 3548 σὺ
2449 3492 2498 3547 εἴ
2525 3498 2553 3547 ὁ
2574 3493 3061 3565 προκαταγγέλλων
3090 3492 3180 3546 τον
3210 3491 3318 3561 πρὸ
3334 3490 3590 3560 Χριστοῦ
3624 3493 3636 3542 ἐ

2276 3584 2457 3656 τελείᾳ
2508 3565 2857 3654 ἐλευσόμενον
2895 3584 3088 3650 λόγον;
3132 3581 3228 3636 καὶ
3279 3582 3636 3649 ἐπιστημόνυ

2278 3675 2434 3728 τοῦτο
2456 3674 2805 3744 ἀποκρίνεται
2826 3675 2909 3738 τὸ,
2940 3693 2959 3725 ι
2982 3674 3098 3728 Οὔκ
3122 3670 3252 3740 εἰμί.
3282 3688 3301 3720 ι
3339 3671 3466 3722 Ἔτι
3505 3671 3572 3723 δὲ
3610 3675 3636 3723 ὀ

2282 3763 2574 3825 σιαστικὸς,
2617 3762 2905 3832 ἱστάμενος
2952 3762 3086 3831 πρὸς
3120 3761 3188 3813 τὰ
3232 3758 3599 3829 ἐξητασμένα

2280 3853 2462 3921 ἐτέρου
2512 3851 2890 3904 ἀποδεικνύναι
2936 3848 3298 3921 πειρωμένου,
3337 3847 3414 3917 μὴ
3453 3847 3527 3900 ἂν
3580 3849 3636 3901 λξ

2280 3944 2401 4004 τοὺς
2434 3944 2593 4010 ἱερεῖς
2624 3941 2793 4003 οὕτως
2823 3942 3057 4011 ἐπιφανῆ
3079 3938 3452 4008 γεγενημένην
3474 3936 3589 4008 τὴν
3628 3941 3636 3959 ‘

2280 4032 2490 4098 γένεσιν
2522 4030 2608 4083 διὰ
2652 4031 2715 4082 τὸ
2762 4032 2817 4083 ὲν
2851 4035 2917 4100 τῇ
2964 4032 3144 4101 ὀρεινῇ
3180 4030 3278 4097 τῆς
3317 4029 3603 4095 Ἰουδαίας

2281 4120 2473 4190 λῆσθαι
2498 4122 2670 4172 πάντα
2696 4119 2763 4172 τὰ
2795 4122 3011 4191 ῥήματα
3035 4120 3228 4181 ταῦτα,
3260 4120 3425 4190 φήσει
3445 4120 3558 4192 τὴν
3592 4140 3636 4173 π

2286 4210 2402 4263 σίαν
2434 4210 2644 4276 ἀπάτην
2681 4211 2892 4271 πολλοῖς
2924 4209 3205 4278 γεγονέναι
3244 4210 3338 4262 καὶ
3372 4211 3520 4280 περὶ
3556 4213 3636 4263 τοὶ

638 4299 855 4353 latuisse
882 4302 1184 4354 sacerdotes
1207 4309 1380 4352 ortum
1422 4299 1640 4355 Joannis
1667 4305 1799 4357 adeo
1839 4306 2170 4361 manifestum

2103 4324 2178 4361 um
2212 4314 2255 4368 ι)
2287 4319 2405 4373 ρος⁸
2435 4302 2554 4353 ἐπεὶ
2592 4321 2608 4351 ι
2637 4304 2685 4354 οἱ
2721 4303 2817 4370 μὲν
2852 4302 3034 4369 ἔλεγον
3064 4301 3225 4356 αὑτὸν
3253 4300 3519 4370 Ἰωάννην
3544 4303 3635 4355 Βα

640 4390 854 4447 factum.
882 4404 946 4445 eo
974 4392 1115 4459 quod
1147 4392 1412 4460 divulgata
1442 4391 1640 4446 fuerint
1670 4395 1848 4447 omnia
1880 4397 2041 4451 verba
2067 4398 2179 4453 haec

642 4494 737 4549 per
775 4489 1022 4532 montana
1060 4480 1255 4534 Judaaze'
1282 4484 1321 4544 ι,
1358 4482 1500 4535 dicet
1539 4484 1733 4536 multos
1787 4485 1946 4538 simili
1993 4502 2178 4541 errore

642 4571 888 4636 deceptos
918 4568 1077 4622 fuisse
1099 4571 1147 4622 in
1177 4572 1481 4636 Servatore,
1513 4573 1764 4639 quoniam
1797 4590 1815 4623 ι
1845 4574 1932 4627 alii
1963 4577 2176 4643 quidem

643 4656 894 4711 Joannem
956 4659 1244 4727 Baptistam
1279 4660 1470 4727 ipsum,
1506 4659 1592 4712 alii
1644 4671 1825 4713 autem
1866 4662 2056 4726 Eliam,
2086 4663 2177 4716 alii

644 4763 769 4801 vero
828 4749 1145 4815 Jercmiam,
1198 4762 1289 4804 aut
1341 4767 1501 4805 unum
1559 4753 1936 4819 prophetarum
1981 4774 1997 4804 ι
2034 4755 2180 4807 dice-

643 4850 761 4893 reut
782 4843 803 4873 ¹
835 4844 1316 4911 :quemadmodum
1350 4852 1401 4897 et
1428 4841 1669 4910 discipuli
1700 4842 2040 4911 interroganti
2073 4845 2179 4897 Do-

644 4931 787 4983 mino
814 4931 854 4996 ³,
902 4945 1020 4983 cum
1053 4933 1285 4985 venisset
1326 4934 1377 4986 in
1408 4940 1588 5000 partes
1620 4931 1879 4985 Czesareae
1932 4931 2176 4999 Philippi,

644 5016 906 5070 dixerunt.
935 5018 1069 5084 Quin
1114 5019 1349 5075 Herodes
1372 5024 1589 5077 dicens:
1624 5036 1641 5066 ι
1686 5016 1852 5081 Quem
1881 5030 1981 5085 ego
2006 5018 2183 5070 decol-

647 5105 745 5158 lavi
781 5104 1036 5161 Joannem
1062 5150 1077 5175 ,
1122 5111 1235 5178 ipse
1276 5113 1509 5165 surrexit
1538 5129 1567 5164 a
1602 5108 1892 5174 mortuis",
1923 5125 1943 5157 ι
1975 5106 2181 5159 videtur

713 5236 758 5267 "
786 5236 904 5290 lsai.
933 5238 1093 5301 xt.,3.
1167 5240 1212 5270 "
1237 5240 1362 5293 Luc.
1399 5257 1437 5300 I,
1479 5241 1560 5304 l3,
1594 5241 1660 5294 l5
1759 5240 1802 5271 ⁸⁷
1831 5237 1985 5292 Joan.
2020 5249 2057 5298 l,
2094 5234 2269 5289 16-18.

649 5318 755 5366 1m,
790 5306 876 5359 14.
951 5306 971 5337 ³
998 5307 1127 5364 ibid.
1152 5308 1238 5361 15.
1312 5308 1332 5337 ’⁸
1358 5309 1520 5362 Marc.
1546 5325 1618 5372 vn,
1653 5309 1734 5361 16.

719 5423 825 5491 (88)
864 5424 1242 5479 Ἐσκέδασται
1293 5429 1324 5478 ό
1365 5426 1467 5477 τοῦ
1520 5425 1801 5491 προτέρου
1835 5421 2033 5491 λόγος.
2094 5414 2184 5467 Sic

653 5487 816 5559 colles
837 5493 1151 5545 Bodleianus
1172 5510 1186 5553 ;
1205 5492 1401 5559 Regius
1424 5504 1476 5544 et
1506 5487 1846 5546 llzirheriuus,
1869 5487 2183 5559 ἐσκέδασται

650 5557 679 5605 ὁ
697 5558 787 5609 τοῦ
817 5560 1074 5628 προτέρου
1099 5554 1575 5625 λόγουδνργίοιιίιιε
1600 5560 1824 5627 legebat,
1854 5554 2181 5622 ἐσχεδίασται

2284 4390 2431 4444 ἄλλοι
2461 4391 2517 4443 δὲ
2561 4391 2762 4451 Ἠλίαν,
2797 4391 2943 4443 ἄλλοι
2973 4391 3028 4443 δὲ
3074 4390 3365 4461 Ἰερεμίαν,
3395 4390 3429 4460 ἢ
3459 4390 3572 4446 ἕνα
3610 4412 3636 4447 τ

2286 4479 2483 4550 φητῶνι
2514 4498 2532 4530 ι
2570 4480 2644 4542 ὼς
2677 4481 2770 4532 καὶ
2799 4483 2848 4532 οἱ
2886 4481 3125 4550 μαθηταὶ
3155 4480 3569 4550 πυνθανομένῳ
3596 4502 3635 4536 τη

2285 4570 2555 4639 γενομένῳ
2600 4572 2656 4622 ὲν
2698 4573 2807 4631 τοῖς
2847 4571 3034 4639 μέρεσι
3069 4570 3410 4639 Καισαρείας
3452 4572 3573 4641 τῆς
3622 4580 3636 4614 ι

2284 4661 2550 4729 εἰρήκασι.
2586 4660 2693 4710 Kal.
2723 4661 2751 4711 ὁ
2796 4659 3039 4729 Ἡρώδης
3072 4659 3130 4711 δὲ
3158 4657 3370 4727 λέγων·
3410 4679 3429 4710 ι
3471 4663 3587 4714 Ὃν

2283 4749 2575 4816 εκεφάλισα
2600 4748 2875 4819 Ἰωάννην,
2899 4750 3060 4813 αὐτὸς
3090 4752 3304 4822 ἠγέρθη
3332 4751 3441 4804 ἀπὸ
3471 4755 3600 4808 τῶν
3626 4775 3636 4791 π

2286 4838 2411 4907 περὶ
2434 4837 2526 4889 τοῦ
2567 4839 2799 4907 Χριστοῦ
2836 4840 2978 4892 ἔοικε
3014 4838 3088 4909 μὴ
3131 4841 3332 4894 εἰδέναι
3358 4842 3427 4894 τὰ
3456 4842 3636 4915 λεγόι.

2285 4925 2391 4980 τῶν
2433 4928 2777 4993 φασκόντων·
2822 4930 2974 4998 «Οὐχ
3021 4922 3179 4992 οὗτός
3232 4931 3382 4982 ἐστιν
3412 4932 3441 4983 ὁ
3488 4933 3601 4985 τοῦ

2286 5017 2430 5079 υἰός;
2469 5017 2581 5085 Οὐχ
2614 5020 2646 5085 ἡ
2691 5019 2873 5088 μήτηρ
2919 5017 3082 5070 αὐτοῦ
3125 5010 3345 5086 λέγεται
3394 5020 3636 5093 Μαριὰε

2285 5105 2499 5172 ἀδελφοὶ
2542 5107 2704 5158 αὑτοῦ
2760 5108 3036 5172 Ἰάκωϐος,
3087 5110 3181 5164 καὶ
3238 5109 3478 5179 Ἰωσὴφ,
3528 5115 3636 5168 καὶ

2345 5238 2389 5269 ⁸⁸
2413 5236 2566 5291 Joan.
2603 5257 2639 5299 ι,
2673 5239 2766 5293 21.
2856 5245 2901 5275 ⁸⁸
2931 5244 3062 5300 ibid.
3154 5247 3169 5276 ’
3209 5244 3343 5300 Luc.
3380 5256 3422 5307 t,
3457 5244 3564 5303 65.

2288 5417 2347 5469 τὸ
2367 5417 2472 5490 τοῦ
2500 5420 2766 5488 προτέρου
2792 5421 2979 5490 λόγου.

2358 5487 2465 5554 (89)
2491 5487 2985 5548 Κατεσκεύασαν.
3020 5495 3331 5567 Legeudum
3359 5512 3636 5555 κατεσκει
