3880 6178
546 230 653 284 227
730 210 743 219 ’
1965 233 2075 290 om

2175 234 2280 290 NIS
3658 230 3709 282 ἓξ

542 346 763 416 lectum,
798 355 852 402 et
878 345 1215 416 qualitatem,
1250 354 1307 400 et
1346 360 1474 400 num
1515 361 1724 417 semper
1764 351 1947 404 eodem
1978 366 2072 405 cor

2194 351 2268 421 τῷ
2311 351 2516 420 λέγοντι
2565 354 3046 425 μετενσωμάτωσιν
3096 352 3394 421 ἄφθαρτον
3445 346 3629 417 τηρεῖν
3673 344 3710 395 τί

549 454 679 505 pore
703 452 859 491 usura
885 436 953 489 sit
980 451 1045 486 an
1071 434 1413 487 immutatura
1442 435 1588 489 illud.
1619 436 1674 489 ln
1698 438 1891 505 quibus
1919 439 2075 491 etiam

2193 442 2410 511 κόσμον.
2440 444 2525 495 Ἐν
2553 439 2633 505 οἷς
2660 445 2950 510 ἀναγκαῖον
2987 443 3139 495 ἔσται
3165 438 3506 511 παραθεῖναι
3533 436 3623 488 καὶ¹
3644 436 3710 485 τοί

547 527 694 588 illud,
725 526 848 595 quid
872 524 1090 592 proprie
1118 523 1190 577 sit
1220 526 1689 591 trauscorporatio,
1724 527 1953 595 quidque
1976 527 2075 581 luet

2190 529 2380 594 λόγους
2405 531 2510 583 τῶν
2537 532 2791 585 θελόντων
2818 532 2956 585 κατὰ
2987 532 3086 594 τὰς
3110 529 3348 601 Γραφάς
3384 524 3702 594 συσπείρεσθ

545 616 755 672 ditl‘erat
777 614 844 668 ab
869 612 1322 679 incorporatione,
1359 613 1614 682 indagare
1645 630 1861 673 necesse
1885 616 2007 675 erit,
2033 625 2075 668 el

2188 620 2284 689 τὴν
2310 620 2481 689 ψυχὴν
2510 621 2585 690 τῷ
2615 620 2841 691 σώματι,
2872 622 2965 675 καὶ
3007 622 3075 673 τὰ
3120 616 3533 672 ἀκολουθοῦντα
3567 615 3710 667 αὐτοί

544 721 668 758 num
687 714 957 772 sequatur,
975 712 1027 756 ut
1051 702 1141 769 qui
1171 703 1362 756 astruit
1388 705 1641 757 mutanda
1660 717 2075 771 corpora,'servel

2189 710 2279 763 καὶ
2309 710 2635 774 ἁπαξαπλῶς
2658 712 2686 761 ὁ
2710 712 2834 779 περὶ
2855 710 3029 779 ψυχῆς
3056 709 3213 776 λόγος
3246 707 3429 767 πολὺς
3455 704 3549 756 καὶ
3580 704 3699 755 δυσε

543 795 793 847 mundum
830 790 1312 859 incorruptibilent.
1343 791 1398 843 In
1440 794 1630 859 quibus
1664 793 1963 846 necessario
1990 808 2075 859 po-

2193 802 2451 868 μήνευτος
2501 798 2607 861 ὢν,
2657 800 3153 869 άναλεχθησόμενος
3206 797 3320 850 άπὸ
3380 795 3493 848 τῶν
3544 797 3602 847 ὲν
3655 811 3710 844 το

542 885 729 939 nenda:
782 892 941 939 erunt
985 884 1223 941 rationes
1246 895 1427 934 eorum
1462 884 1549 948 qui
1597 884 1798 945 volunt,
1838 897 1901 936 ex
1938 881 2075 936 Scri-

2190 890 2425 957 Γραφαῑς
2466 888 2733 957 σποράδην
2772 888 3056 956 κειμένων,
3098 887 3235 949 ἰδίας
3284 886 3472 939 δεῖται
3516 899 3708 953 πραγμ

540 983 818 1041 pturarum
851 976 1197 1037 auctoritate,
1228 985 1287 1027 ut
1321 976 1495 1025 anima
1527 972 1683 1025 simul
1711 987 1829 1025 cum
1861 986 2075 1038 corpore

2187 978 2351 1038 τείας.
2396 976 2590 1046 Διόπερ
2627 976 2738 1040 νῦν,
2782 976 2920 1029 κατὰ
2962 977 3025 1029 τὸ
3082 977 3341 1045 παρῆκον
3399 975 3466 1025 ὲκ
3494 972 3603 1024 τῶν
3648 989 3709 1022 πε

539 1067 850 1126 seminetur,
873 1073 926 1118 et
947 1078 1065 1132 quae
1106 1071 1403 1132 sequuntur
1426 1062 1567 1129 ipsas
1595 1078 1607 1112 :
1641 1070 1713 1125 et,
1743 1069 1797 1113 ιιι
1823 1061 1983 1114 semel
2006 1061 2075 1112 di-

2200 1066 2372 1117 Ἠλίου
2417 1066 2510 1118 καὶ
2553 1066 2793 1117 Ἰωάννου
2832 1064 3179 1134 ὲζητημένων
3219 1065 3318 1116 ἐπὶ
3367 1063 3551 1133 βραχὺ
3591 1061 3709 1126 sese

539 1167 687 1209 cam.
715 1156 887 1207 oratio
916 1155 979 1206 de
1010 1156 1185 1207 anitna
1206 1193 1223 1219 ,
1251 1153 1465 1220 copiosa
1502 1151 1721 1219 alioqui,
1750 1161 1803 1204 et
1828 1151 1892 1203 ad
1924 1151 2075 1203 inter-

2190 1170 2375 1215 σαντες
2398 1153 2457 1205 τὸ
2480 1153 2785 1223 πρόὸλημα,
2813 1154 3085 1223 μετίωμεν
3106 1154 3199 1204 ἐπὶ
3229 1151 3304 1204 τὰ
3336 1152 3500 1217 ἑξῆς.

536 1245 851 1312 pretandutn
896 1244 1148 1309 diﬁicilis,
1186 1246 1229 1299 si
1263 1247 1619 1314 undequaqne
1644 1245 1818 1309 colligi
1847 1245 2036 1298 debeat
2075 1258 2138 1298 ex
2179 1246 2260 1298 his
2287 1261 2406 1312 qua:
2433 1246 2657 1313 sparsim
2684 1246 2852 1311 posita
2878 1254 3003 1297 sunt
3032 1244 3083 1295 in
3112 1242 3455 1310 Scripturis,
3494 1239 3710 1309 proprio

542 1336 767 1403 requirit
790 1351 943 1404 opus.
969 1336 1324 1401 Quamobrem
1355 1350 1495 1388 nunc
1525 1338 1775 1388 decenter
1812 1351 1878 1387 ex
1906 1335 1987 1388 his
2018 1349 2133 1403 quae
2166 1336 2229 1389 de
2257 1334 2463 1390 Joanne
2496 1336 2666 1404 deque
2695 1334 2807 1389 Elia
2833 1332 3135 1403 conquisita
3171 1339 3326 1397 sunt,
3359 1345 3494 1385 cum
3537 1329 3710 1383 brevi!

537 1429 852 1496 perscrutati
881 1429 1050 1483 simus
1076 1430 1446 1497 qttzestionent,
1473 1428 1538 1481 ad
1565 1438 1752 1481 caetera
1779 1436 2127 1481 transeamus.

608 1522 662 1574 8.
694 1519 766 1572 Es
813 1529 867 1570 tu
896 1519 1138 1586 propheta
1167 1517 1253 1569 ille
1276 1518 1300 1567 ?
1335 1516 1399 1569 Et
1434 1518 1695 1584 respondit
1724 1532 1741 1567 :
1784 1514 1902 1569 Non
1940 1518 2001 1569 “.
2029 1518 2075 1570 Si

2254 1516 2305 1571 8.
2336 1517 2396 1570 '0
2425 1516 2729 1585 προφήτης
2752 1513 2812 1572 εἴ
2826 1518 2938 1580 σύ;
2962 1515 3072 1570 Καὶ
3097 1515 3431 1583 ἀπεκρίθηο
3467 1514 3575 1567 Οὔ.
3609 1513 3676 1565 El
3708 1544 3709 1549 η

543 1629 562 1662 ι
600 1612 681 1664 lex
717 1618 765 1662 et
790 1609 1061 1677 propheta:
1078 1623 1243 1676 usque
1276 1608 1341 1660 ad
1365 1605 1622 1659 Joannem
1654 1608 1715 1668 “,
1752 1625 1771 1657 ι
1798 1605 1923 1674 quid
1945 1607 2075 1657 aliud

2187 1606 2365 1674 Νόμος
2394 1609 2486 1659 καὶ
2512 1609 2560 1658 οἱ
2589 1607 2858 1677 προφῆται
2895 1607 2999 1668 ἓως
3042 1606 3320 1666 Ἰωάννου,
3369 1623 3390 1655 ι
3435 1604 3534 1657 καὶ
3561 1604 3615 1656 τί
3654 1602 3710 1654 ά)

535 1697 839 1752 diceremus
878 1694 1138 1749 Joannem
1172 1711 1310 1759 esse,
1339 1710 1497 1761 quam
1544 1694 1901 1761 prophetam?
1930 1694 2075 1761 11')

2185 1694 2250 1746 ἂν
2291 1695 2536 1765 λέγοιμεν
2579 1692 2715 1747 εἶναι
2751 1695 2999 1763 Ἰωάννην
3039 1694 3071 1763 ἢ
3109 1697 3449 1764 προφήτην;
3491 1692 3571 1755 ὡς
3608 1692 3707 1744 καὶ

534 1784 980 1853 quemadmodum
1010 1792 1164 1849 pater
1192 1781 1306 1849 eius
1333 1782 1643 1845 Zacharias,
1669 1781 1854 1850 plenus
1882 1779 2075 1849 Spiritu

2184 1784 2362 1852 πατὴρ
2394 1780 2554 1835 αὑτοῦ
2595 1783 2885 1851 Ζαχαρίας,
2918 1781 3177 1851 πλησθεὶς
3215 1780 3563 1851 Πνὲύματος
3601 1780 3710 1847 ἁγί‹

535 1885 739 1937 sancto,
770 1872 1091 1941 prophetans
1121 1872 1291 1940 inquit
1311 1872 1386 1924 ":
1417 1889 1435 1922 ι
1470 1871 1535 1924 Et
1558 1880 1803 1939 tu,puer,
1828 1871 2075 1938 propheta

2184 1874 2532 1940 προφητεύων
2578 1873 2738 1942 φησί·
2804 1871 2957 1923 «Καὶ
3010 1874 3098 1935 σὺ,
3163 1872 3428 1934 παιδίον,
3485 1874 3710 1943 προφήτ

537 1962 805 2017 Altissimi
862 1961 1140 2014 vocaberis
1181 1959 1441 2028 :praaibis
1484 1968 1609 2014 ante
1629 1959 1814 2013 faciem
1856 1959 2081 2021 Domini,

540 2053 605 2106 ad
629 2053 1035 2120 pratparandutu
1066 2052 1178 2103 vias
1213 2048 1363 2116 ejus;
1395 2067 1413 2099 ι
1447 2048 1548 2102 nisi
1585 2047 1721 2102 forte
1763 2048 1885 2115 quis
1910 2056 2086 2100 sumat

535 2158 718 2198 vocem
752 2159 770 2191 ι
818 2140 1092 2194 vocaberis
1132 2157 1151 2189 ι
1200 2154 1302 2192 non
1336 2152 1455 2191 esse
1491 2139 1688 2190 dictam
1713 2151 1808 2204 pro
1846 2150 1910 2189 eo
1940 2137 2080 2203 quod

532 2245 652 2301 est,
684 2236 806 2299 eris,
849 2234 1008 2301 idque
1043 2231 1406 2299 potissimum,
1432 2232 1574 2297 quod
1610 2230 1863 2282 Servator
1892 2228 2083 2281 dixerit

533 2327 613 2377 eis
655 2325 744 2392 qui
798 2320 1176 2375 existimabant
1206 2333 1325 2372 eum
1366 2334 1484 2373 esse
1514 2318 1830 2385 pr0pltetam
1867 2336 1879 2370 :
1920 2333 1938 2366 ι
1977 2315 2081 2369 Sed

530 2414 655 2481 quid
686 2412 892 2465 esiistis
926 2411 990 2462 ad
1024 2408 1348 2463 videndum?
1379 2406 1737 2475 Prophetatn?
1763 2404 1931 2458 Etiam
1962 2405 2081 2459 dico

537 2502 715 2567 vobis,
739 2511 795 2555 et
841 2500 1119 2569 plusquam
1169 2498 1479 2566 prophetam
1513 2496 1574 2549 “.
1617 2515 1636 2547 ι
1677 2494 2078 2550 Observandum

531 2600 707 2645 autem
731 2591 869 2659 quod
905 2604 968 2643 ea
992 2590 1171 2650 verba,
1200 2603 1218 2637 ι
1255 2586 1428 2640 Etiam
1463 2586 1583 2640 dico
1613 2587 1785 2650 vobis,
1823 2604 1842 2635 ι
1882 2592 2080 2653 ponant

531 2678 789 2735 Joannem
836 2694 965 2755 esse,
1000 2680 1338 2747 praphetam,
1382 2690 1483 2729 nec
1526 2675 1769 2729 auferant
1796 2670 1917 2728 eum
1949 2691 2079 2745 pro-

533 2771 749 2839 phetam
795 2783 931 2823 esse.
968 2768 1117 2832 Quod
1153 2767 1219 2831 si,
1267 2774 1619 2834 pratterquam
1655 2765 1796 2833 quod
1818 2774 1903 2819 est
1954 2779 2079 2832 pro-

530 2831 707 2927 pheta,
735 2858 894 2912 etiam
935 2831 1102 2921 major
1135 2831 1294 2925 quam
1334 2831 1552 2921 probeta
1574 2868 1604 2906 a
1635 2831 1917 2907 servatore
1943 2831 2077 2907 dici-
2101 2831 2147 2892 (ἶ

536 2960 658 3014 tur,
697 2947 963 3018 quomodo
1014 2960 1160 3016 ergo,
1190 2946 1233 2999 si
1272 2946 1527 3015 propheta
1555 2954 1669 3006 est,
1708 2945 2076 2999 sacerdotibus

530 3054 594 3093 ac
621 3038 823 3093 Levitis
851 3035 1322 3103 interregautibus,
1371 3050 1391 3083 ι
1437 3032 1697 3101 Propheta
1736 3047 1795 3086 es
1836 3041 1890 3086 tu
1930 3031 1974 3063 “
2000 3032 2023 3083 'l
2050 3048 2070 3082 ι

531 3125 822 3196 raspondit,
871 3142 890 3175 ι
928 3123 1091 3177 Non?
1130 3141 1148 3174 ι
1181 3122 1471 3177 Dicendum
1511 3128 1685 3173 autem
1729 3119 1795 3173 ad
1832 3120 1933 3173 hoc
1967 3134 2069 3171 non

533 3218 674 3271 idem
707 3230 847 3277 esse,
894 3230 914 3264 ι
946 3212 1209 3279 Propheta
1240 3226 1298 3265 es
1325 3221 1378 3265 tu
1405 3212 1533 3265 ille?
1568 3230 1585 3262 ι
1617 3210 1762 3281 [cum
1797 3205 2072 3278 articulo],

531 3316 611 3369 et,
656 3322 676 3355 ‹
713 3304 784 3357 Es
818 3313 870 3356 tu
903 3302 1155 3371 prepheta
1184 3300 1208 3353 2
1241 3318 1259 3351 ι
1282 3300 1418 3371 [sine
1451 3299 1720 3370 articulo.]
1747 3298 1953 3354 Similia
1983 3298 2078 3352 ob-

532 3396 862 3447 servavimus
896 3402 1040 3455 ante,
1072 3393 1196 3460 quid
1237 3390 1469 3453 differat,
1494 3390 1584 3442 ille
1625 3390 1782 3453 Deus,
1817 3388 1959 3458 [cum
1989 3401 2076 3440 ar-

537 3483 741 3553 ticulo,]
777 3492 831 3537 et
875 3482 1015 3536 Deus
1065 3481 1206 3552 [sine
1248 3477 1519 3547 articulo,]
1554 3486 1607 3532 et
1646 3478 1735 3530 ille
1784 3477 1986 3539 Sermo,
2020 3484 2077 3528 et

540 3572 747 3627 Sermo.
782 3572 1043 3636 Quoniam
1096 3586 1222 3639 ergo
1253 3571 1305 3624 in
1354 3569 1764 3624 Deuteronomio
1814 3568 2071 3634 scriptum

534 3670 620 3714 est
647 3661 689 3691 “
723 3677 737 3713 :
770 3677 789 3711 ι
822 3658 1139 3728 Prophetam
1177 3658 1329 3711 vobis
1356 3657 1635 3711 suscitabit
1659 3656 1912 3709 Dominus
1935 3656 2074 3708 Deus

532 3758 708 3804 vester
732 3749 797 3803 de
819 3748 1069 3802 fratribus
1090 3746 1279 3801 vestris
1304 3748 1407 3801 mei
1429 3747 1680 3809 similem,
1697 3746 1866 3813 ipsum
1890 3745 2071 3799 audie-

531 3838 620 3892 tis.
656 3837 915 3892 Futurum
946 3847 1030 3892 est
1054 3846 1255 3899 autem,
1296 3846 1353 3890 ut
1377 3837 1554 3890 omnis
1584 3837 1784 3898 anima,
1818 3849 1936 3902 quae
1968 3850 2070 3887 nou

531 3929 760 3982 audierit
817 3927 1131 3996 prophetam
1171 3925 1352 3989 illum,
1386 3926 1777 3979 exterminetur
1816 3939 1847 3978 e
1880 3926 2072 3992 populo

532 4031 661 4082 suo;
681 4035 700 4068 ι
733 4018 1140 4086 exspectabatur
1166 4016 1427 4083 quispiam
1454 4015 1650 4068 eximie
1675 4015 1929 4082 propheta
1957 4012 2068 4082 qui,

2194 1959 2442 2028 Ὑψίστου
2471 1962 2733 2033 κληθήσῃ,
2766 1962 3114 2033 προπορεύσῃ
3148 1963 3261 2031 γὰρ
3285 1964 3541 2018 ἐνώπιον
3573 1967 3703 2035 Κυρ

2180 2048 2460 2116 ἑτοιμάσαι
2486 2050 2636 2111 ὀδοὺς
2672 2050 2865 2103 αὐτοῦ·
2889 2070 2907 2100 ι
2959 2053 3008 2101 εί
3050 2052 3125 2121 μὴ
3166 2053 3280 2121 ἄρα.
3315 2069 3414 2116 τις
3447 2053 3710 2123 ἐπιλήψει

2179 2138 2271 2191 τοῦ
2307 2156 2325 2188 ι
2349 2139 2607 2211 κληθήσῃ,
2633 2159 2651 2190 ι
2681 2140 2753 2209 μὴ
2780 2141 3065 2211 εἰρημένου
3088 2140 3183 2193 τοῦ
3214 2143 3360 2208 ἔσῃ,
3411 2145 3518 2196 καὶ
3543 2145 3710 2213 μάλα

2179 2227 2265 2280 διὰ
2292 2222 2359 2280 ’τὸ
2398 2229 2532 2298 πρὸς
2574 2231 2696 2291 τοὺς
2746 2232 3021 2298 οἰομένους
3064 2231 3228 2283 αὐτὸν
3277 2234 3596 2303 προφήτην
3649 2229 3710 2284 εἷ’

2179 2315 2453 2384 εἰρηκέναι
2495 2314 2586 2366 τὸν
2628 2316 2879 2385 Σωτῆρα·
2929 2334 2947 2366 ι
2985 2314 3144 2368 Ἀλλὰ
3186 2315 3241 2367 τί
3288 2316 3573 2385 ἐξήλθετε
3625 2317 3704 2368 ὶδε

2179 2404 2497 2473 Προφήτην;
2537 2404 2643 2457 Ναὶ
2686 2404 2828 2471 λέγω
2864 2405 3012 2473 ὑμῖν,
3056 2404 3151 2456 καὶ
3187 2405 3614 2475 περισσότερον
3657 2423 3710 2473 π,

2180 2496 2367 2563 φήτου.
2394 2513 2413 2544 ι
2436 2495 2854 2564 Παρατηρητέον
2882 2494 2959 2556 δὲ,
2990 2496 3072 2547 ὅτι
3090 2497 3174 2557 τὸ,
3206 2513 3224 2545 r
3249 2495 3366 2547 Ναὶ
3389 2494 3555 2563 λέγω
3582 2497 3709 2565 fath

2177 2582 2353 2653 τίθησι
2378 2582 2438 2635 τὸ
2468 2584 2744 2654 προφήτην
2770 2578 2907 2635 εἶναι
2931 2583 3022 2635 τὸν
3060 2584 3343 2654 Ἰωάννην,
3368 2587 3477 2638 καὶ
3498 2587 3616 2638 οὐκ
3639 2589 3710 2639 ἀν

2181 2672 2349 2740 ρεῐται
2393 2670 2454 2722 τὸ
2491 2672 2770 2740 προφήτην
2815 2671 2975 2724 αὐτὸν
3020 2667 3179 2724 εἶναι.
3230 2672 3365 2726 Ἐὰν
3409 2674 3475 2726 δὲ
3526 2676 3684 2745 πρὸς

2180 2760 2462 2829 προφήτης
2525 2760 2808 2828 τυγχάνειν
2864 2760 2959 2811 καὶ
3018 2761 3421 2831 περισσότερον
3490 2767 3703 2835 προφή

2178 2849 2281 2901 ὑπὸ
2318 2848 2410 2901 τοῦ
2454 2848 2703 2919 Σωτῆρος
2748 2848 2992 2918 λέγηται,
3041 2850 3157 2912 πῶς
3190 2846 3309 2914 οὖν,
3373 2856 3429 2905 εἰ
3484 2858 3701 2925 προφὴ

2175 2941 2311 3003 ἐστὶ,
2346 2940 2479 3009 πρὸς
2504 2940 2627 3002 τοὺς
2658 2941 2823 3009 ἱερεῖς
2864 2941 2959 2992 καὶ
2990 2942 3221 3003 Λευῖτας
3255 2943 3647 3013 ἐρωτῶντας,
3692 2967 3710 2998 ι

2176 3033 2455 3102 προφήτης
2473 3027 2522 3083 εἷ
2549 3030 2611 3083 σύ
2633 3047 2647 3093 ;
2671 3050 2689 3081 ι
2715 3031 3009 3101 ἀπεκρίθη,
3039 3051 3056 3082 ι
3083 3032 3157 3083 Ub
3180 3049 3194 3097 ;
3221 3052 3240 3084 ι
3269 3035 3532 3089 Λεκτέον
3556 3038 3626 3090 δὲ
3668 3058 3710 3091 π

2173 3121 2348 3185 τοῦτο,
2386 3123 2467 3175 ὅτι
2499 3123 2560 3173 οὐ
2593 3122 2788 3173 ταυτόν
2830 3124 2997 3185 ἐστιν,
3051 3142 3068 3173 ι
3105 3124 3163 3175 Ὀ
3189 3126 3506 3195 προφήτης
3539 3126 3601 3181 εἴ
3644 3131 3708 3182 ο·ιί

2174 3215 2283 3278 καὶ,
2318 3230 2338 3264 ι
2368 3215 2653 3283 Προφήτης
2674 3210 2727 3264 ei
2746 3212 2841 3270 eti;
2876 3232 2894 3263 ι
2927 3211 3037 3281 (92)
3061 3212 3144 3264 Τά
3169 3213 3226 3264 δὲ
3249 3215 3427 3281 ὃμοια
3452 3227 3705 3288 τετηρη

2179 3319 2272 3371 μεν
2298 3301 2665 3364 ἐξετάζοντες,
2693 3301 2745 3354 τί
2784 3301 3029 3371 διαφέρει
3069 3299 3131 3353 τὸ
3171 3301 3234 3352 '0
3263 3304 3422 3367 Θεός
3459 3305 3578 3356 τοῦ
3624 3310 3708 3359 ϐε

2176 3391 2266 3442 καὶ
2292 3390 2344 3441 '0
2364 3391 2545 3458 Λόγος
2572 3390 2664 3442 τοῦ
2690 3391 2895 3459 Λόγος.
2922 3391 3078 3444 Ἐπεὶ
3098 3390 3275 3443 τοίνυν
3302 3392 3365 3442 ὲν
3391 3392 3481 3461 τῷ
3514 3396 3708 3449 Δεῦτε

2175 3478 2343 3547 νομίῳ
2363 3478 2686 3548 γέγραπται·
2716 3497 2734 3528 ι
2764 3481 3053 3549 Προφήτην
3070 3480 3198 3549 ὑμῖν
3224 3482 3558 3551 ἀναστήσει
3584 3488 3706 3555 Κύπ

2170 3570 2197 3620 ὁ
2223 3568 2352 3627 Θεὸς
2385 3568 2535 3636 ὑμῶν
2580 3570 2645 3620 ἐκ
2675 3567 2784 3619 τῶν
2832 3568 3075 3637 ἀδελφῶν
3120 3569 3273 3641 ὑμῶν
3307 3572 3391 3635 ὡς
3434 3577 3592 3644 ἐμὲ,
3629 3581 3706 3633 αἱ

2171 3657 2460 3709 ἀκούσεσθε
2478 3673 2490 3685 °
2516 3656 2607 3708 καὶ
2634 3656 2785 3709 ἔσται
2814 3659 2961 3710 πᾶσα
2985 3659 3149 3728 ψυχὴ,
3177 3660 3300 3728 ἥτις
3332 3661 3403 3713 ἂν
3432 3666 3530 3735 μὴ
3575 3669 3706 3722 ἀκο

2170 3746 2261 3798 τοῦ
2290 3747 2560 3817 προφήτου
2594 3747 2823 3811 ἐκείνου,
2856 3748 3365 3819 ἑξολοθρευθήσεται
3403 3753 3481 3805 ὲκ
3524 3756 3651 3808 τοῦ
3678 3759 3706 3810 ὶ

2171 3836 2361 3889 αὐτοῦ’
2391 3855 2408 3887 ι
2442 3836 2804 3906 προσεδοκᾶτο
2825 3840 3115 3910 ἐξαιρέτως
3135 3856 3215 3902 τις
3245 3843 3578 3914 προφήτης
3610 3850 3706 3919 δμ

2170 3928 2355 3978 Μωσεί
2372 3942 2423 3977 τι
2450 3925 2606 3995 ἔχων,
2643 3927 2703 3979 τὸ
2750 3929 3064 3997 μεσιτεῦσαι
3112 3928 3247 3981 θεοῦ
3288 3932 3386 3984 καὶ
3417 3935 3704 4007 άνθρώτ

2170 4015 2261 4067 καὶ
2287 4014 2346 4065 τὸ
2377 4014 2551 4067 λαϐὼν
2583 4016 2857 4087 Διαθήκην
2886 4020 2992 4071 ἀπὸ
3017 4018 3150 4070 Θεοῦ
3187 4019 3375 4074 δοῦναι
3414 4028 3566 4088 τοῖς
3630 4048 3704 4098 με

532 4107 704 4163 simile
733 4108 862 4176 quid
903 4105 1031 4160 Mosi
1077 4106 1303 4168 habens,
1331 4105 1675 4156 mediatorem
1722 4112 1902 4171 ageret
1936 4104 2071 4156 inter

2175 4103 2471 4172 τευομένοις
2516 4104 2615 4174 τὴν
2656 4109 2877 4177 καινήν·
2913 4109 3006 4161 καὶ
3040 4109 3160 4160 καθ’
3193 4108 3430 4163 ἕκαστον
3473 4116 3632 4169 τῶν
3688 4139 3704 4173 1

534 4196 698 4249 Deum
728 4204 783 4249 et
823 4196 1090 4258 homines,
1139 4204 1195 4247 et
1227 4201 1502 4259 acceptum
1552 4207 1582 4244 a
1618 4192 1723 4244 Deo
1756 4190 2069 4244 Testamen-

537 4290 648 4333 tuut
701 4294 895 4333 novqu
940 4279 1214 4347 discipulis
1245 4280 1517 4343 traderet;
1556 4288 1715 4345 atque
1755 4278 1805 4331 in
1848 4278 2073 4346 singulis

2171 4192 2349 4261 φητῶν
2388 4194 2677 4259 ἐγίνωσκον
2724 4198 2753 4248 ὁ
2798 4196 2925 4258 λαὸς
2987 4197 3202 4268 Ἰσραὴλ
3256 4201 3483 4269 μηδένα.
3563 4209 3694 4262 ὲκε

2169 4281 2304 4336 εἶναι
2338 4284 2429 4337 τὸν
2463 4284 2566 4336 ὑπὸ
2592 4285 2687 4337 τοῦ
2730 4288 2973 4349 Μωσέως
3017 4291 3512 4358 προφητευθέντα.
3585 4301 3702 4354 "ag

536 4368 811 4436 prophetis
841 4378 1129 4438 agnoverat
1151 4369 1375 4438 populus
1397 4368 1555 4422 Israel
1586 4370 1849 4422 neminem
1886 4383 2070 4422 eorum

2175 4370 2258 4427 οὖν
2288 4372 2557 4463 ὲδίσταζον
2605 4376 2732 4445 περὶ
2786 4376 3053 4438 Ἰωάννου,
3104 4379 3315 4446 μήποτε
3365 4382 3496 4452 ἄρα
3551 4390 3702 4463 Χρε

537 4459 679 4510 hunc
719 4459 993 4515 exstitisse
1020 4458 1110 4525 qui
1143 4472 1173 4509 a
1216 4457 1362 4511 Mose
1402 4459 1747 4526 prophetatus
1782 4456 1974 4511 fuerat.
2006 4455 2074 4512 Ut

2175 4463 2324 4524 αὐτὸς
2348 4457 2435 4530 ἦν,
2479 4461 2648 4524 οὕτως
2692 4464 2785 4515 καὶ
2823 4466 3029 4534 μήποτε
3077 4467 3106 4517 ὁ
3151 4471 3475 4542 προφήτης,
3531 4455 3648 4532 οδ

535 4561 665 4615 ergo
706 4547 771 4601 de
811 4546 1016 4601 Joanne
1048 4547 1391 4615 ambigebant
1444 4563 1567 4601 num
1602 4548 1739 4601 forte
1781 4548 1894 4614 ipse
1926 4558 2071 4602 esset

535 4636 800 4700 Christus,
838 4637 917 4689 sic
963 4637 1123 4690 etiam
1167 4652 1292 4689 num
1340 4648 1483 4691 esset
1513 4638 1597 4692 ille
1638 4639 1914 4707 pr0pheta.
1962 4637 2070 4691 Nec

538 4724 731 4778 mirum
758 4724 801 4776 si
833 4724 1163 4792 ambigentes
1203 4722 1269 4777 de
1295 4722 1514 4790 Joanne,
1540 4741 1604 4777 an
1634 4725 1767 4780 forte
1796 4725 1906 4793 ipse
1930 4736 2069 4778 esset

536 4812 801 4879 Christus,
829 4812 1108 4880 diligenter
1148 4825 1256 4865 non
1294 4813 1675 4881 investigarunt
1700 4830 1766 4866 au
1796 4814 1906 4882 ipse
1928 4822 2070 4867 esset

537 4902 780 4957 Christus
807 4912 860 4954 et
883 4901 969 4954 ille
1004 4901 1283 4968 propheta.
1314 4900 1565 4969 Sequitur
1584 4905 1724 4956 enim
1759 4911 1817 4955 ut
1849 4903 1938 4970 qui
1971 4903 2071 4954 hac

541 4993 609 5046 de
639 5006 695 5046 re
722 4992 801 5046 sic
834 4993 1183 5061 interrogant,
1207 4993 1454 5061 ignorent
1483 4995 1640 5048 etiam
1677 4998 1816 5061 quod
1845 4994 1958 5062 ipse
1981 4992 2071 5060 qui

542 5081 611 5135 sit
631 5080 891 5146 Christus,
924 5082 991 5136 sit
1029 5082 1187 5135 etiam
1239 5081 1643 5153 illepropheta.
1683 5083 1861 5136 Latuit
1893 5092 2070 5134 autem

543 5174 733 5227 multos
775 5189 838 5227 ea
873 5172 1167 5228 diﬂ‘erentia
1211 5189 1328 5244 quae
1375 5186 1457 5230 est
1500 5177 1635 5229 inter
1663 5176 1908 5241 ρνορΙιειιι
1959 5174 2067 5239 ille,

2173 4550 2370 4644 μαστὸν
2412 4550 2469 4644 δέ
2504 4551 2552 4601 εἰ
2585 4550 2659 4644 μή
2695 4553 2980 4644 ήκρίθουν,
3021 4555 3104 4607 ὅτι
3135 4559 3300 4622 αὑτός
3347 4564 3478 4615 ἐστι
3548 4571 3702 4644 Χρι

2170 4641 2579 4737 καὶμπροφήτης,
2613 4642 2663 4737 of
2690 4640 3024 4737 διστάζοντες
3069 4647 3199 4716 περὶ
3242 4650 3525 4707 Ἰωάννου
3582 4640 3699 4737 μή

2171 4732 2328 4792 αὐτὸς
2366 4730 2595 4800 Χριστὸς
2635 4726 2733 4800 ἦν’
2769 4733 3054 4787 ἀκόλουθον
3097 4737 3209 4809 γὰρ
3253 4741 3333 4811 τῷ
3385 4751 3551 4817 περὶ
3584 4726 3600 4731 ν
3626 4726 3700 4810 ac;

2172 4818 2447 4888 δισταγμῴ
2481 4820 2540 4871 τὸ
2586 4822 2800 4887 ἀγνοεῖν
2837 4821 2926 4874 τὸν
2963 4823 3125 4877 αὑτὸν
3170 4822 3315 4883 εἶναι
3371 4834 3700 4905 Χριστὸν

2173 4910 2262 4960 τὸν
2305 4910 2604 4979 προφήτην.
2654 4909 2853 4963 Ἐλαθε
2903 4911 2959 4963 δὲ
3000 4915 3127 4977 τοὺς
3169 4917 3407 4986 πολλοὺς
3445 4927 3484 4995 ή
3554 4930 3700 4988 δια

2174 4997 2266 5050 τοῦ
2323 5002 2355 5050 ό
2390 5002 2692 5068 προφήτης
2736 5002 2830 5054 καὶ
2856 5003 3187 5072 προφήτης,
3218 5008 3297 5071 ὡς
3327 5013 3432 5066 καὶ
3462 5017 3602 5071 τὸν
3668 5027 3699 5077 ἠ

2175 5089 2397 5151 κλέωνα,
2425 5089 2571 5151 ὅστις
2597 5092 2786 5157 αὑταῖς
2815 5093 2988 5159 λέξεσι
3026 5112 3213 5166 φησιν·
3249 5117 3268 5149 r
3302 5103 3395 5167 Ὠς
3428 5105 3579 5176 ἄρα.
3638 5115 3700 5171 ’1

2173 5176 2395 5246 νης(95)
2429 5176 2744 5251 ὡμολόγησε
2785 5182 2858 5253 μὴ
2897 5176 3032 5234 εἶναι
3069 5185 3098 5235 ὁ
3143 5186 3411 5257 Χριστὸς,
3454 5192 3667 5252 ἀλλὰ

609 5285 877 5377 iuuandi,
897 5288 987 5377 ειη.
1058 5286 1246 5343 “Luc.
1269 5305 1376 5353 xvi,
1410 5291 1495 5344 lli.
1573 5290 1763 5345 “Luc.
1784 5307 1823 5353 ι,
1847 5290 1934 5343 76.
2015 5290 2354 5356 “Matthxi,
2385 5292 2438 5346 9.
2518 5296 2562 5327 "
2583 5296 2908 5369 Joau.t,21.
2985 5298 3030 5331 “
3053 5299 3213 5359 Deut.
3236 5319 3398 5374 xvtn,
3428 5309 3542 5375 l5,
3592 5317 3698 5377 is

538 5353 661 5407 Act.
694 5370 771 5419 ut,
800 5354 889 5417 22,
915 5357 1002 5408 :3.

616 5446 726 5513 (92)
756 5446 883 5499 Vide
910 5462 1068 5513 supra
1106 5456 1231 5499 tom.
1265 5464 1320 5511 ιι,
1353 5460 1499 5498 num.
1527 5445 1580 5507 5,
1617 5461 1704 5514 pp.
1733 5445 1821 5507 50,
1835 5445 1956 5514 ΔΜ.
1979 5442 2066 5497 52.

612 5511 721 5581 (95)
760 5514 853 5577 Ὠς
879 5511 990 5581 ἄρα
1024 5514 1201 5568 Ἰωάνι
1216 5530 1306 5579 ης,
1336 5524 1441 5568 etc.
1498 5514 1572 5566 Ita
1619 5511 1787 5568 rode:
1834 5511 2075 5567 Bodleian

2199 5522 2373 5579 recte;
2406 5513 2532 5573 libri
2571 5529 2734 5606 editi,
2771 5539 2858 5608 Ὠς
2883 5531 2962 5608 ἀρ’
2996 5530 3044 5583 el.
3083 5530 3362 5603 Ἰωάννης.
