3880 6210
238 222 329 280 ω

1374 246 1719 302 ΕΟΜΜΕΝΤ.
1753 245 1820 300 ΙΝ
1854 244 2043 302 JOAN.
2078 247 2311 303 TOMUS
2343 248 2430 303 Vl.

3386 255 3489 308 εἶθ

260 345 731 439 προφῆτᾎςςμηδὲ
757 360 978 426 Ἠλίας,
1004 386 1022 418 ι
1053 364 1159 417 Καὶ
1202 365 1316 417 δέον
1359 366 1519 419 αὑτὸν
1552 365 1722 428 οὑτως
1764 367 1844 418 ἐκ·

1952 365 2090 437 [cum
2119 366 2388 436 articulo,]
2423 375 2478 420 et
2526 362 2783 435 prapltela
2816 363 3035 437 [absque
3076 368 3340 439 articulo],
3380 371 3456 422 vel

264 441 503 524 λαϐόνῂ
548 442 807 507 ἐξετάσαι
855 450 931 502 τὰ
985 452 1125 505 κατὰ
1176 456 1297 515 τοὺς
1353 454 1568 516 τόπους,
1623 454 1845 524 πότερον

260 530 536 601 ἀληθεύει
553 534 731 604 λέγων
755 539 868 610 (94)
896 542 973 611 μὴ
998 539 1133 595 εἶναι
1158 544 1458 612 προφήτης,
1487 544 1617 612 μηδὲ
1653 543 1852 605 Ἠλίας.

256 618 287 689 ἢ
323 620 423 674 οὗ.
476 623 539 676 '0
574 624 632 677 δὲ
667 627 742 697 μὴ
785 629 1090 699 ἐπιστήσας
1116 633 1225 691 τοῖς
1269 632 1470 694 τόποις,
1501 634 1557 683 ὲν
1586 626 1667 692 οἷς
1691 648 1855 684 κατα-

1950 455 2024 507 uti
2067 456 2225 509 etiam
2282 454 2699 515 Heracleunem,
2747 456 2839 521 qni
2864 457 3007 510 hisce
3049 457 3364 510 dictionibus
3407 460 3458 510 in

1953 545 2109 610 quit:
2148 544 2275 597 «δίο
2297 543 2454 611 igitur
2492 541 2726 596 Joannes
2772 541 2944 598 fassus
2982 556 3064 599 est
3114 559 3169 599 se
3210 544 3480 599 Christum

1954 643 2055 683 non
2093 644 2211 684 esse
2234 668 2250 692 ,
2288 643 2459 696 neque
2504 630 2818 696 prapltetam
2857 647 3025 699 neque
3054 632 3242 686 Eliam.
3286 652 3306 685 ι
3341 634 3485 703 Opus

253 710 533 766 λέλοιπεν
568 715 984 785 ὑπομνήμασιν,
1020 711 1380 783 ἀνεξετάστως
1423 718 1752 788 παρελήλυθε
1783 718 1844 770 τὰ

1952 735 2070 773 eum
2106 720 2299 788 alioqui
2341 720 2526 773 ruisset
2569 720 2713 772 hunc
2745 720 2913 773 locum
2942 725 3019 776 sic
3052 723 3481 791 interpretantem

249 802 610 870 τηλικαῦτα,
654 806 858 876 σφόδρα
902 808 1075 875 ὀλίγα,
1104 810 1196 861 καὶ
1231 809 1303 879 μὴ
1339 808 1766 878 βεϐασανισμὲνα
1790 809 1847 861 ὲν

245 894 381 950 τοῖς·
411 893 547 961 ἑξῆς
574 894 765 956 εἰπὼν,
794 896 924 965 περὶ
948 890 1022 949 ὧν
1052 897 1247 959 εὑθέως
1288 883 1535 966 ἐροῦμεν.
1805 895 1816 903 ’

1948 806 2292 875 perscrutari,
2325 822 2449 859 vera
2501 821 2666 860 necne
2699 805 2931 863 Joannes
2985 821 3163 863 narret
3208 812 3390 868 dicens
3426 831 3485 868 se

1947 910 2119 963 neque
2160 898 2490 964 prophetam,
2526 911 2699 962 neque
2740 897 2902 949 [ﬁliam
2947 913 3085 952 esse.
3120 901 3314 954 Verum
3362 919 3482 956 cum

242 979 390 1035 loca
430 983 552 1038 haec
591 1000 700 1038 non
730 986 1127 1041 considerasset
1160 987 1250 1042 ille
1277 989 1329 1041 iu
1360 989 1753 1042 commentariis
1779 1002 1895 1056 qua:
1925 987 2152 1053 reliquit,
2194 986 2315 1038 talia
2345 987 2460 1039 siue
2488 985 2590 1038 ulla
2619 988 3012 1041 examinatione
3045 992 3314 1055 przrteriit,
3340 1006 3484 1057 qua»

238 1073 397 1127 dam
435 1077 738 1131 admodum
772 1080 1025 1147 paucula,
1051 1094 1221 1147 eaque
1254 1081 1595 1149 indiligenter
1620 1079 1918 1134 examinata
1945 1079 1997 1130 in
2022 1077 2363 1145 sequentibus
2385 1077 2586 1140 dicens,
2614 1078 2678 1129 de
2702 1080 2891 1144 quibus
2923 1094 3043 1132 mox
3066 1080 3256 1134 dicturi
3281 1097 3482 1136 sumus.

323 1164 396 1218 9.
419 1167 621 1220 Εἶπον
638 1165 753 1223 οὖν
768 1170 945 1234 αὐτῷ’
969 1171 1063 1235 Τίς
1077 1167 1149 1232 εἴ,
1180 1172 1277 1224 ἵνα
1305 1174 1623 1239 ἀπόκρισιν
1651 1172 1840 1241 δῶμεν

232 1256 392 1321 τοῖς
438 1257 768 1326 πέμψασιν
809 1261 995 1329 ὴμᾶςς
1046 1263 1102 1314 τί
1149 1261 1343 1330 λέγεις
1381 1264 1511 1329 περὶ
1557 1264 1843 1325 σεαυτοῦ;

230 1344 521 1413 Δυνάμει
574 1346 736 1400 τοῦτο
788 1349 1035 1416 λέγουσιν
1091 1353 1139 1401 oi
1200 1350 1616 1413 ἀποσταλέντες·
1672 1352 1846 1418 Ὅπερ

229 1433 636 1497 ὑπονοοῦντες
661 1433 804 1490 εἶναί
835 1454 894 1490 σε
926 1438 1257 1508 ἐληλύθαμεν
1283 1439 1662 1509 μαθησόμενοι,
1691 1440 1848 1503 ἐγνω-

232 1539 358 1590 μεν
412 1523 523 1576 οὑκ
552 1525 684 1578 ὄντα
706 1544 718 1557 ·
747 1526 990 1580 λείπεται
1011 1529 1065 1580 δὲ
1099 1529 1235 1598 μετά
1255 1529 1419 1581 ταῦτα
1444 1530 1548 1581 ἀπὸ
1574 1529 1665 1581 σοῦ
1688 1529 1848 1581 ἀκοῦ-

230 1627 343 1662 σαι
376 1613 471 1677 τὸ,
507 1616 662 1679 ὅστις
688 1613 760 1677 εἴ,
789 1618 875 1671 ἵνα
903 1621 1015 1681 τοίς
1049 1618 1293 1688 πέμψασι
1320 1620 1417 1689 τὴν
1445 1618 1540 1687 σὴν
1563 1620 1845 1692 ἀπόκρισιν

230 1717 310 1751 πε
319 1703 393 1771 ρὶ
428 1703 532 1755 σοῦ
568 1706 1015 1776 ἀπαγγείλωμεν.

316 1792 430 1845 10.
466 1794 618 1861 Ἐγὼ
639 1796 810 1862 φωνὴ
829 1795 1097 1860 ,βοῶντος
1120 1797 1190 1849 ἐν
1216 1796 1288 1863 τῇ
1306 1797 1497 1865 ἐρήμῳ
1512 1813 1524 1826 °
1549 1797 1846 1851 Εὐθύνατε

229 1880 373 1948 τὴν
426 1882 585 1936 ὁδὸν
632 1886 878 1951 Κυρίου,
924 1889 1114 1951 καθὼς
1148 1882 1314 1939 εἶπεν
1351 1887 1594 1950 Ἡσαΐας
1642 1889 1673 1938 ό
1705 1898 1845 1952 προ-

229 1972 487 2039 φήτης.
528 1973 742 2043 Ὠσπερ
772 1976 800 2026 6
837 1975 1040 2043 κυρίως
1073 1975 1198 2037 Υἱὸς
1226 1975 1316 2027 τοῦ
1359 1975 1512 2037 Θεοῦ,
1539 1975 1634 2044 οὐχ
1665 1975 1847 2044 ἕτερος

231 2060 439 2125 Λόγος
458 2059 576 2128 (95)
594 2060 903 2128 τυγχάνων,
922 2062 1114 2131 χρῆται
1129 2062 1286 2132 λόγῳ·
1303 2063 1458 2125 αὑτὸς
1474 2063 1580 2132 γὰρ
1595 2064 1622 2112 6
1637 2064 1693 2113 ὲν
1707 2063 1844 2131 ἀρχῇ

228 2149 439 2215 Λόγος
465 2145 541 2219 ἦν
575 2152 604 2201 6
635 2150 773 2220 πρὸς
792 2151 883 2202 τὸν
894 2152 1024 2204 Θεὸν
1040 2153 1068 2203 6
1092 2152 1260 2218 Λόγος
1273 2151 1418 2213 Θεός·
1439 2150 1606 2211 οὑτως
1620 2152 1648 2201 6
1672 2151 1848 2202 Ἰωάν-

227 2255 376 2307 νης,
400 2238 434 2288 ὀ
458 2237 751 2307 ὑπηρέτης
772 2240 981 2291 ἐκείνου
1009 2238 1101 2292 τοῦ
1123 2239 1294 2307 Λόγου
1321 2238 1387 2308 (εἰ
1414 2239 1611 2306 κυρίως
1631 2238 1845 2291 ἀκούοι-

232 2342 358 2397 μεν
382 2328 498 2394 τῆς
523 2327 793 2397 Γραφῆς),
823 2329 921 2396 οὑχ
943 2328 1124 2397 ἕτερος
1146 2326 1219 2380 ὢν
1240 2328 1441 2396 φωνῆς,
1470 2329 1664 2398 χρῆται
1696 2331 1843 2398 φωνῇ

224 2416 599 2488 δεικνυούσῃ
615 2417 706 2468 τὸν
720 2418 911 2485 Λόγον.
931 2413 1094 2479 Οὗτος
1106 2417 1189 2487 δὴ,
1207 2419 1403 2479 συνιεὶς
1414 2417 1509 2486 τὴν
1524 2435 1586 2469 πε
1593 2418 1646 2487 pl.
1658 2416 1845 2469 ἑαυτοῦ

226 2506 617 2577 προφητείαν
654 2508 810 2576 παρά
831 2507 908 2575 τῷ
940 2507 1134 2576 Ἡσαΐᾳ
1171 2506 1477 2576 εἰρημένην,
1525 2507 1684 2574 φησὶν
1711 2502 1844 2559 εἶναι

224 2598 442 2665 φωνὴ,
477 2597 604 2665 οὐχὶ
653 2595 834 2664 βοῶσα
882 2599 939 2651 ὲν
970 2599 1035 2666 τῇ
1079 2597 1288 2665 ἐρήμῳ,
1322 2595 1453 2648 ἀλλὰ
1490 2614 1508 2645 ι
1540 2594 1763 2663 βοῶντος
1789 2595 1846 2645 ὲν

220 2690 306 2757 τῇ
367 2687 613 2756 ἐρήμην
649 2687 745 2739 τοῦ
778 2687 1087 2748 ἐνεστῶτος,
1123 2687 1215 2739 καὶ
1249 2686 1605 2759 κεκραγότοςο
1642 2687 1739 2738 Ἀν
1765 2702 1846 2748 τις

221 2776 413 2845 διψᾷ,
447 2775 703 2845 ἐρχέσθω
736 2776 875 2845 πρὸς
911 2776 998 2845 μὲ,
1028 2776 1121 2828 καὶ
1164 2776 1392 2828 πινέτω’
1419 2795 1437 2826 ι
1474 2774 1714 2842 λέγοντος
1754 2776 1847 2827 καὶ

2008 1170 2166 1238 118
2202 1170 2253 1223 9.
2287 1150 2538 1223 Dixerunt
2562 1185 2682 1237 ergo
2705 1173 2787 1226 ei:
2831 1171 2959 1235 Quis
2991 1189 3065 1234 es,
3089 1184 3142 1226 ut
3187 1190 3483 1241 responsum

1936 1261 2112 1314 demus
2141 1261 2219 1312 his
2251 1261 2339 1328 qui
2381 1260 2627 1311 miserunt
2673 1264 2798 1314 nos?
2823 1263 2944 1328 quid
2969 1263 3099 1316 dicis
3121 1263 3183 1316 de
3206 1273 3253 1315 te
3273 1265 3380 1330 ipso
3403 1265 3484 1320 ιη

1940 1349 2069 1401 lllml
2099 1351 2237 1417 quod
2269 1350 2452 1402 dicunt
2483 1348 2534 1400 hi
2575 1350 2664 1414 qui
2715 1352 2858 1404 missi
2894 1355 3137 1415 fuerant,
3169 1356 3268 1407 hoc
3300 1357 3478 1410 valet:

1942 1438 2336 1491 Adveneramus
2374 1438 2610 1491 discendi
2636 1438 2805 1506 gratia
2837 1443 2975 1508 quod
2999 1444 3246 1496 rebamur
3271 1455 3321 1497 te
3342 1460 3482 1512 esse,

1944 1536 1995 1580 et
2040 1528 2353 1595 agnovimus
2391 1537 2439 1579 te
2470 1542 2575 1580 non
2614 1544 2735 1583 esse
2782 1530 2979 1593 talem;
3013 1542 3179 1584 restat
3212 1542 3331 1599 post
3375 1538 3487 1590 haec

1946 1622 2002 1664 ut
2027 1615 2120 1668 abs
2145 1625 2196 1667 te
2226 1614 2507 1667 audiamus
2529 1615 2650 1681 quis
2672 1617 2768 1683 sis,
2801 1628 2858 1670 ut
2887 1621 3252 1676 renuntiemus
3284 1623 3366 1677 bis
3391 1624 3484 1692 qui

1946 1704 2201 1757 miserunt
2226 1719 2321 1759 nos
2354 1719 2665 1772 responsum
2698 1716 2844 1760 tuum
2870 1710 2935 1764 de
2968 1718 3038 1767 te.

2013 1796 2101 1848 10.
2141 1793 2251 1861 Ego
2278 1810 2374 1848 vos:
2412 1796 2686 1850 clamantis
2713 1799 2768 1852 in
2814 1800 3014 1853 deserto
3045 1818 3065 1856 :
3098 1803 3316 1872 Dirigite
3349 1807 3485 1859 viam

1948 1882 2174 1946 Domini,
2204 1884 2336 1935 sicut
2388 1884 2521 1936 diait
2550 1885 2722 1940 Isaias
2755 1890 3000 1955 prop/tela
3039 1891 3103 1943 η.
3143 1891 3211 1945 Ut
3264 1894 3351 1946 ille
3395 1896 3485 1961 qui

1942 1974 2160 2040 proprie
2187 1973 2357 2027 Filius
2390 1983 2473 2029 est
2518 1975 2633 2040 Dei,
2684 1992 2788 2031 non
2824 1980 2960 2033 alius
2988 1995 3017 2032 a
3064 1981 3320 2036 Sermone
3361 1999 3483 2039 cum

1946 2061 2037 2125 sit,
2064 2077 2306 2118 sermone
2332 2065 2534 2128 utitur;
2559 2066 2694 2132 (ipse
2723 2067 2864 2120 enim
2907 2068 2958 2119 in
2991 2070 3253 2134 principio
3294 2072 3483 2125 Sermo

1945 2151 2033 2204 ille
2052 2161 2188 2214 erat,
2215 2161 2267 2206 et
2305 2153 2395 2206 ille
2426 2154 2593 2220 Λόγος
2626 2154 2763 2208 Deus
2806 2156 2943 2223 apud
2978 2157 3142 2210 Deum
3175 2177 3188 2211 :
3215 2161 3294 2213 sic
3322 2160 3485 2213 Joan-

1944 2251 2057 2299 nes,
2090 2238 2357 2292 minister'
2383 2239 2524 2294 illius
2553 2241 2832 2295 Sermonis
2883 2243 2948 2306 (si
2986 2245 3199 2310 proprie
3238 2247 3486 2313 Scriptu-

1946 2338 2058 2376 ram
2096 2325 2493 2395 intelligamus),
2533 2341 2637 2380 non
2663 2327 2797 2382 alius
2838 2343 2958 2380 cmn
3004 2329 3074 2383 sit
3107 2345 3136 2382 a
3174 2346 3322 2394 voce,
3356 2349 3484 2387 voce

1943 2413 2115 2465 utitur
2135 2414 2447 2467 ostendente
2482 2414 2813 2469 Sermonem.
2847 2416 2947 2481 Qui
2972 2417 3134 2471 etiam
3174 2433 3294 2473 cum
3326 2422 3485 2475 intel-

1943 2499 2162 2555 lexisset
2177 2502 2510 2570 prophetiam
2539 2504 2604 2557 de
2629 2519 2689 2557 se
2707 2505 2843 2572 apud
2873 2504 3063 2559 Isaiam
3086 2508 3279 2562 dictam
3301 2509 3482 2576 fuisse,

1944 2602 2127 2642 vocem
2156 2604 2215 2644 se
2240 2604 2356 2645 esse
2380 2590 2554 2658 inquit
2581 2609 2594 2642 :
2624 2606 2724 2647 nec
2753 2607 2935 2648 vocem
2960 2593 3277 2650 clamantem
3309 2599 3361 2650 in
3392 2601 3484 2654 de-

1944 2688 2112 2745 serto,
2142 2681 2234 2734 sed
2261 2694 2446 2735 vocem
2481 2698 2500 2730 ι
2542 2680 2824 2737 clamantis
2864 2684 2918 2737 in
2962 2685 3206 2752 deserto;
3249 2707 3267 2739 ι
3296 2704 3488 2757 nempe

1943 2764 2086 2820 illius
2139 2768 2227 2836 qui
2266 2785 2286 2817 ι
2320 2767 2514 2834 stabat,
2545 2779 2598 2822 et
2639 2768 2902 2826 clamabat
2932 2786 2946 2825 :
2988 2773 3044 2826 Si
3077 2774 3195 2842 quis
3240 2777 3371 2840 sitit,
3397 2793 3490 2832 ve-

221 2862 300 2912 τὸ
323 2877 340 2889 ·
383 2878 406 2908 ι
437 2860 727 2912 Εὐθύνατε
755 2863 855 2930 τὴν
887 2860 1000 2912 ὁδὸν
1036 2860 1258 2931 Κυρίου,
1281 2860 1488 2922 εὐθείας
1522 2860 1720 2913 ποιεῖτε
1751 2860 1844 2924 τὰς

1952 2856 2148 2910 niatad
2172 2871 2277 2922 me,
2302 2866 2355 2911 et
2378 2856 2526 2911 bibat
2552 2859 2630 2921 ";
2669 2877 2688 2910 ι
2731 2860 2952 2915 dicendo
2989 2870 3042 2916 et
3083 2864 3253 2918 illud:
3290 2884 3309 2916 ι
3347 2866 3489 2920 Diri-

220 2951 490 3021 τρξϐους
541 2951 944 3004 αὑτοῦηηᾶσα
1000 2951 1211 3020 φάραγξ
1257 2951 1700 3021 πληρωθήσεται,
1752 2950 1845 3004 καὶ

225 3044 364 3094 πᾶν
422 3041 561 3111 ὅρος
619 3042 715 3094 καὶ
769 3041 956 3110 βουνὸς
1011 3040 1498 3110 ταπεινωθήσεται,
1552 3041 1644 3092 καὶ⁵
1694 3040 1843 3094 ἔσται

228 3132 447 3184 πάντα
496 3130 568 3182 τὰ
617 3128 809 3181 σκολιὰ
847 3147 865 3177 ι
920 3131 998 3190 είς
1036 3128 1265 3182 εὐθεῖαν.
1320 3147 1338 3178 ι
1379 3129 1583 3198 Ὥσπερ
1637 3128 1743 3196 γάρ
1786 3131 1843 3180 ὲν

224 3226 310 3292 τῇ
367 3219 586 3287 Ἑξόδῳ
637 3219 951 3287 γέγραπται
1012 3219 1147 3288 πρὸς
1197 3218 1397 3270 Μωσέα
1447 3217 1694 3285 λέγεσθαι
1743 3219 1845 3270 ὑπὸ

226 3309 422 3372 Θεοῦ,
477 3327 500 3358 ‹
542 3307 678 3361 Ἰδοὺ
713 3308 922 3360 δέδωκά
960 3324 1017 3359 σε
1047 3307 1177 3358 Θεὸν
1204 3305 1417 3375 Φαραὼ,
1451 3307 1544 3357 καὶ
1581 3306 1784 3376 Ἀαρὼν
1816 3306 1844 3356 6

228 3399 500 3467 ἁδελφός
542 3415 638 3450 σου
687 3397 844 3449 ἔσται
894 3413 987 3448 σου
1038 3398 1337 3466 προφήτης,
1386 3415 1404 3446 ι
1452 3395 1591 3448 οὕτω
1631 3397 1844 3465 νοητέον

231 3488 535 3555 ἀνάλογόν
594 3504 649 3539 τι
685 3487 1002 3554 τούτοιςχεί
1033 3487 1125 3537 καὶ
1154 3487 1226 3555 μὴ
1260 3486 1430 3554 πάντη
1458 3486 1664 3555 ὅμοιον,
1710 3482 1843 3538 εἶναι

227 3582 340 3633 τὸν
390 3581 455 3631 ἐν
507 3579 657 3646 ἀρχῇ
691 3576 867 3643 Λόγον
906 3574 1037 3626 Θεὸν
1079 3574 1172 3626 καὶ
1219 3575 1493 3643 Ἰωάννηνο
1546 3574 1695 3642 φωνὴ
1739 3574 1844 3641 γὰρ

230 3667 517 3738 δεικτικὴ
550 3665 664 3735 (96)
715 3664 813 3717 καὶ
857 3663 1233 3733 παραστατικὴ
1276 3664 1476 3716 ἐκείνου
1514 3660 1607 3713 τοῦ
1639 3660 1791 3728 λόγου
1818 3663 1845 3713 6

247 3759 536 3826 Ἰωάννης
583 3751 677 3823 ἦν.
730 3754 931 3823 Διόπερ
982 3753 1120 3805 πάνυ
1172 3752 1512 3822 ἁρμοζόντως
1567 3751 1664 3802 οὑκ
1712 3749 1844 3821 ἄλλῃ

234 3849 485 3902 κολάσει
540 3842 930 3915 περιϐάλλεται
994 3842 1265 3912 Ζαχαρίας
1324 3840 1508 3911 (εἰπὼν
1567 3839 1701 3909 πρὸς
1756 3840 1846 3890 τὸν

236 3937 501 4006 ἄγγελον
521 3955 533 3964 ·
585 3954 603 3983 ι
629 3932 792 3986 Κατὰ
829 3933 881 3985 τί
929 3930 1204 4001 γνώσομαι
1235 3929 1421 3993 τοῦτο;
1466 3928 1574 3995 ἐγὼ
1602 3929 1708 3997 γάρ
1733 3930 1843 3995 εἰμι

244 4025 609 4097 πρεσϐύτης,
660 4023 757 4074 καὶ
805 4023 837 4091 ἡ
884 4022 1020 4089 γυνή
1069 4036 1169 4088 μου
1222 4018 1586 4088 προϐεϐηκυῖα
1636 4017 1692 4067 ὲν
1730 4019 1846 4078 ταῖς

236 4117 508 4186 ἡμέραις
530 4112 741 4179 αύτῆςο
771 4111 816 4179 ι)
851 4111 884 4179 ἢ
926 4112 991 4178 τῇ
1024 4110 1270 4178 στερήσει
1299 4108 1394 4177 τῆς
1424 4106 1603 4175 φωνῆς
1629 4104 1715 4157 διὰ
1751 4105 1845 4175 τὴν

238 4201 529 4256 ἀπιστίαν
568 4198 676 4266 τῆς
724 4198 993 4264 γενέσεως
1041 4195 1137 4262 τῆς
1186 4194 1385 4262 φωνῆς,
1434 4191 1574 4244 κατὰ
1610 4192 1669 4243 τὸ
1697 4192 1845 4259 εἰρη-

245 4292 426 4362 μένον
455 4288 568 4340 ὑπὸ
606 4285 705 4338 τοῦ
748 4284 985 4354 Γαϐριὴλ
1008 4283 1142 4352 πρὸς
1167 4282 1322 4334 αὑτόν
1340 4299 1352 4311 ’
1396 4301 1414 4332 ι
1437 4282 1564 4334 Ἰδοὺ
1597 4281 1691 4351 ἔσῃ
1723 4297 1846 4333 σιω-

248 4380 406 4443 πῶν,
453 4379 555 4432 καὶ
604 4376 684 4445 μὴ
730 4375 1028 4442 δυνάμενος
1069 4371 1312 4439 λαλῆσαι,
1354 4372 1478 4441 ἄχρι
1524 4368 1591 4442 ἦς
1637 4372 1845 4441 ἡμέρας

242 4469 495 4537 γίνηται
531 4465 738 4523 ταῦτα,
787 4462 901 4515 ἀνθ’
944 4454 1020 4513 ὧν
1049 4460 1148 4511 οὑκ
1170 4460 1486 4522 ἐπίστευσας
1530 4464 1639 4523 τοῖς
1671 4460 1844 4527 λόγοις

251 4574 390 4626 μου,
433 4555 645 4616 οἵτινες
681 4550 1089 4621 πλησθήσονται
1118 4551 1195 4611 εἰς
1232 4549 1319 4601 τὸν
1358 4550 1541 4620 καιρὸν
1583 4550 1777 4604 αὑτῶν.
1819 4569 1838 4602 ι

255 4639 437 4707 Οὗτος
459 4643 530 4712 δὴ
557 4643 587 4692 ὁ
617 4638 920 4707 Ζαχαρίας,
950 4638 1040 4689 ὅτε
1071 4636 1295 4706 αἰτήσας
1326 4638 1617 4691 πινακίδιον
1643 4637 1844 4708 ἔγραψε

262 4732 462 4800 λέγων,
508 4749 528 4780 ι
575 4729 836 4797 Ἰωάννης
873 4727 1023 4778 ἐστὶν
1059 4724 1225 4793 ὄνομα
1263 4725 1444 4789 αὑτοῦ,
1489 4727 1583 4778 καὶ
1611 4726 1847 4796 ἐθαύμα-

275 4836 366 4874 σαν
412 4822 648 4881 πάντες,
674 4836 693 4867 ι
746 4816 1022 4883 ἀπείληφε
1079 4812 1175 4882 τὴν
1229 4816 1431 4884 φωνήν
1488 4833 1507 4864 ι
1537 4815 1793 4886 Ἀνεῴχθη
1822 4834 1843 4867 ι

272 4910 374 4983 γὰρ
418 4929 439 4960 ι
467 4909 534 4960 τὸ
585 4906 766 4975 στόμα
811 4901 983 4957 αὑτοῦ
1036 4904 1398 4972 παραχρῆμα,
1443 4903 1590 4973 καὶὴ
1631 4904 1847 4972 γλῶσσα

274 4998 455 5062 αὑτοῦ,
490 4997 593 5051 καὶ
620 4994 801 5048 ἐλάλει
825 4989 1078 5057 εὐλογῶν
1104 4990 1192 5042 τὸν
1218 4990 1363 5042 Θεόν.
1391 5008 1409 5040 ι
1429 4991 1633 5062 Ὥσπερ
1668 4991 1722 5043 δὲ
1758 4991 1851 5043 καὶ⁸

344 5143 384 5173 ¹’
415 5141 584 5194 Joan.
618 5153 655 5201 ι,
686 5135 778 5189 22.
892 5132 939 5163 ¹⁸
965 5127 1105 5201 illiti.
1136 5128 1236 5201 ἓξ,
1261 5195 1272 5201 _
1295 5127 1540 5201 _"‘J_oan.
1565 5145 1660 5194 vn,
1700 5130 1791 5185 35.

275 5205 321 5238 ⁸³
346 5211 476 5262 ibid.
503 5206 595 5260 20.
641 5195 652 5201 '
692 5205 740 5236 ’δ
775 5201 913 5257 ibid.
965 5196 1066 5249 65.
1160 5195 1328 5248 “ibid.
1356 5195 1441 5248 ot.

344 5344 450 5415 (9‘)
488 5333 1119 5415 Ἀληθξτέει..λέγ⁴ξ¹7ῗ’.
1144 5329 1245 5415 si?
1274 5330 1447 5415 θοδέἷὲ
1476 5330 1846 5415 ΡΨ¹Ῐ⁸Ῑ³¹¹¹¹ῗΞ

278 5396 570 5469 ma‘té'iniii
588 5396 745 5467 ému,
777 5396 1069 5469 ἀληθεύει
1090 5398 1139 5469 ἢ.
1158 5396 1675 5469 λέγωνκῐικιιίο-ροει
1706 5408 1849 5469 recte

274 5462 613 5537 Faue;
647 5462 1008 5537 Boilleiajitts
1055 5462 1280 5537 halietui)
1316 5462 1392 5537 ob;
1434 5465 1493 5515 '0
1523 5465 1581 5537 ὑὲ
1629 5465 1847 5532 ἐπιστή-

511 5530 663 5604 ’1ἶὺνί
694 5538 832 5595 editi
865 5534 1074 5586 ferunt
1099 5530 1134 5593 ἢ
1171 5530 1294 5582 οὐδὲ.
1344 5531 1691 5598 Ἐπιστήσας.

1893 5127 1938 5159 ¹⁰
1971 5126 2100 5181 Luc.
2140 5140 2222 5189 tu,
2257 5123 2324 5188 6,’
2348 5122 2401 5176 5.

1943 2945 2052 3013 gite
2081 2945 2224 2999 viam
2249 2945 2479 3011 Domini,
2504 2955 2677 3002 rectas
2709 2948 2867 3004 facile
2886 2953 3104 3006 semitas
3138 2954 3268 3019 ejus.
3301 2954 3484 3012 Omnis

1940 3033 2092 3087 vallis
2142 3033 2461 3102 implebitur,
2486 3043 2539 3088 et
2579 3036 2755 3089 omnis
2788 3052 2941 3092 mons
2981 3048 3034 3093 et
3059 3042 3207 3096 collis
3230 3044 3485 3099 τεόᾶιιιιιι·

1943 3122 2179 3187 humilis,
2206 3131 2255 3175 et
2283 3130 2439 3176 erunt
2467 3123 2645 3176 omnia
2668 3125 2883 3193 obliqua
2917 3128 2968 3179 in
2992 3128 3132 3181 viam
3165 3138 3362 3183 rectam
3380 3134 3477 3184 ὀ.»

1944 3210 2014 3265 Ut
2034 3212 2176 3265 enim
2209 3211 2461 3278 scriptum
2491 3220 2573 3266 est
2611 3213 2662 3267 in
2700 3213 2884 3267 Exodo
2914 3215 3045 3270 Mosi
3073 3232 3100 3270 a
3137 3217 3243 3271 Deo
3266 3218 3366 3273 dici
3411 3221 3483 3285 ’⁸,

1950 3317 1967 3349 ι
1999 3299 2135 3352 Ecce
2175 3298 2295 3353 dedi
2351 3308 2403 3353 te
2448 3298 2614 3352 Deum
2669 3297 2973 3365 Pharaoni,
3005 3310 3060 3355 et
3089 3305 3269 3358 Aaron
3316 3305 3484 3360 frater

1947 3395 2067 3441 tuus
2096 3390 2199 3441 erit
2241 3398 2361 3442 tuus
2388 3390 2672 3457 propheta,
2704 3407 2724 3440 ι
2769 3389 2847 3443 sic
2888 3391 3289 3459 intelligendum
3324 3396 3483 3449 estin

1944 3478 2030 3532 his
2055 3479 2315 3532 rationem
2355 3479 2636 3547 quamdam
2680 3487 2736 3532 et
2778 3482 3073 3551 analogiam
3107 3498 3225 3538 esse
3263 3483 3484 3541 Joannis

1945 3569 2009 3620 ad
2047 3566 2357 3622 Sermonem
2396 3568 2584 3631 Deum,
2628 3569 2718 3636 qui
2750 3578 2832 3623 est
2866 3571 2917 3623 in
2961 3572 3241 3640 principio,
3275 3576 3482 3629 etiamsi

1944 3657 2291 3725 undequaque
2327 3657 2619 3712 similitudo
2657 3672 2761 3712 non
2795 3660 3038 3726 quadret.
3073 3661 3187 3715 Vox
3217 3666 3356 3717 enim
3387 3667 3483 3720 de-

1945 3755 2248 3799 monstrans
2294 3754 2348 3800 et
2381 3747 2448 3800 ob
2486 3747 2670 3802 oculos
2708 3761 2918 3815 ponens
2956 3749 3268 3805 Sermonem
3310 3753 3480 3821 illum,

1943 3832 2179 3888 Joannes
2225 3843 2362 3888 erat.
2405 3834 2758 3900 Quamobrem
2792 3837 2941 3892 valde
2963 3848 3081 3906 apte
3112 3856 3216 3893 non
3244 3843 3345 3894 alia
3382 3858 3483 3909 pu-

1945 3923 2147 3977 nitione
2170 3923 2420 3992 plectitur
2448 3923 2735 3979 Zacharias
2768 3926 2911 3994 (cum
2935 3928 3156 3982 dixisset
3185 3931 3373 3997 angelo
3396 3935 3441 3965 "
3464 3951 3485 3988 :.

1950 4031 1968 4063 ι
2014 4013 2113 4078 Qui
2145 4028 2461 4083 cognoscam
2499 4015 2726 4070 isthuc?
2762 4032 2859 4086 ego
2905 4019 3046 4072 enim
3074 4034 3190 4073 sum
3216 4035 3398 4081 senex.
3426 4032 3482 4076 et

1946 4116 2082 4154 uxor
2110 4116 2222 4155 mea
2255 4112 2519 4169 provectae
2544 4104 2653 4173 jam
2686 4106 2856 4159 aetatis
2890 4109 2956 4174 ι),
2994 4122 3150 4175 quam
3183 4109 3482 4175 privatione

1948 4192 2127 4256 vocis,
2161 4206 2226 4245 eo
2253 4195 2392 4260 quod
2422 4209 2525 4248 non
2559 4195 2873 4249 credidisset
2900 4197 3039 4250 ortui
3066 4198 3207 4251 vocis
3227 4199 3379 4267 juxta
3402 4200 3482 4252 di—

1948 4288 2089 4332 ctum
2111 4277 2371 4333 Gabrielis
2402 4280 2467 4333 ad
2496 4280 2667 4348 ipsum
2687 4278 2762 4332 ²³ε
2791 4297 2810 4330 ι
2850 4280 2986 4334 Ecce
3016 4282 3127 4335 eris
3158 4282 3366 4345 tacitus,
3386 4297 3485 4338 nec

1949 4367 2149 4437 poteris
2180 4366 2323 4435 loqui
2353 4369 2419 4420 ad
2453 4383 2573 4421 eum
2614 4384 2781 4436 usque
2811 4371 2950 4424 diem
2979 4385 3080 4438 qua
3105 4371 3219 4425 haec
3252 4373 3484 4437 liant,eo

1950 4458 2089 4527 quod
2123 4472 2227 4511 non
2262 4458 2536 4512 credidisti
2576 4459 2756 4512 verbis
2792 4460 2948 4523 meis,
2975 4475 3092 4527 quae
3131 4461 3488 4530 implebuntur

1951 4556 2184 4615 tempore
2217 4561 2333 4601 suo.
2371 4566 2391 4599 ι
2420 4546 2518 4602 llic
2549 4548 2731 4616 itaque
2756 4549 3042 4603 Zacharias
3075 4565 3195 4603 cum
3225 4552 3485 4619 postula'a

1950 4633 2199 4688 tabellula
2237 4634 2537 4701 scripsisset
2574 4635 2778 4700 dicens,
2838 4650 2857 4683 ι
2903 4632 3136 4689 Joannes
3179 4644 3261 4689 est
3292 4651 3485 4690 nomen
3513 4661 3525 4675 -

1953 4723 2086 4789 eius,
2116 4730 2169 4775 et
2214 4721 2388 4775 mirati
2422 4721 2648 4776 fuissent
2682 4737 2869 4776 omnes
2890 4723 2955 4787 “,
2991 4742 3011 4774 ι
3041 4724 3439 4790 recepitvocem
3468 4740 3483 4777 :

1960 4830 1978 4863 ο
2007 4813 2269 4881 Apertum
2301 4819 2384 4864 est
2416 4811 2555 4865 enim
2587 4810 2731 4869 illico
2754 4826 2815 4866 os
2839 4813 2972 4879 ejus,
2997 4813 3242 4880 etlingua
3270 4813 3401 4878 ejus,
3433 4823 3487 4866 et

1950 4900 2263 4969 loquebatur
2289 4899 2609 4954 henediceus
2634 4901 2795 4955 Deum
2828 4902 2894 4952 ³⁸.
2937 4919 2956 4952 ι
2999 4900 3064 4954 Ut
3096 4910 3271 4953 autem
3305 4902 3487 4968 dispu—

1953 4999 2130 5044 tantes
2172 5002 2400 5057 quonam
2434 4997 2589 5057 pacto
2634 4988 3031 5057 intelligendum
3075 4996 3234 5049 esset,
3266 4987 3484 5042 Sermo-

2504 5123 2545 5153 “
2573 5120 2738 5174 Exod.
2768 5134 2861 5182 vit,
2889 5120 2939 5173 l.
3046 5117 3089 5148 “
3130 5116 3261 5171 Luc.
3313 5133 3353 5182 ι,
3396 5119 3484 5173 18.

2024 5328 2134 5399 (95)
2160 5329 2379 5399 Λόγος.⁸
2396 5323 2673 5399 Ferrarius
2704 5321 2908 5399 legebat
2932 5320 3123 5399 963mg.
3140 5316 3489 5399 quernang

1950 5382 2472 5467 dulurecte'legitur
2488 5393 2556 5467 in
2591 5382 3049 5467 marginefodicis
3083 5382 3460 5467 BodlcjimiLJ

2020 5449 2434 5529 (ιιθμεικτῡεή.
2486 5459 2575 5514 Sic
2627 5449 2786 5514 codex
2837 5455 3190 5514 Bodleiauus;
3239 5449 3494 5505 Barberi—

1949 5547 2051 5587 nus
2072 5529 2363 5595 διδακτική.
