3880 6198
586 276 682 328 251

2011 267 2326 323 ORIGENIS

577 400 695 439 nem
733 397 852 437 esse
885 381 976 435 Dei
1023 380 1235 441 Filium,
1268 377 1656 432 dcclaravimus
1702 392 1820 447 quae
1872 375 1922 433 in
1969 396 2087 434 men

2214 381 2660 449 διαλαμϐάνοντες
2698 380 2821 449 περὶ
2860 377 2952 430 τοῦ
2981 377 3100 429 τίνα
3129 377 3336 446 τρόπον
3366 369 3594 439 νοητέον
3622 370 3684 420 Ad

579 482 684 525 tem
761 482 1062 535 venerunt,
1110 473 1189 523 sic
1247 470 1400 537 juxta
1460 471 1865 524 convenientem
1933 485 2111 525 conse-

576 574 850 632 quentiam
883 562 1133 628 quoniam
1167 578 1189 611 ι
1238 560 1470 615 Joannes
1520 559 1666 612 venit
1708 560 1773 612 ad
1829 562 2113 614 testifican-

575 655 698 705 dmn
757 654 916 703 homo
964 652 1159 704 missus
1209 664 1239 702 a
1292 652 1433 716 Deo,
1495 658 1555 702 ut
1616 649 1990 703 testificaretur
2045 651 2112 704 de

572 742 735 808 lure]
748 740 869 809 19,
902 751 958 793 ut
984 756 1168 795 omnes
1194 741 1471 795 crederent
1493 755 1585 808 per
1611 741 1780 807 ipsum
1796 742 1864 805 “,
1898 760 1917 793 ι
1946 740 2105 794 intel-

572 832 738 898 ligere
777 832 1030 884 debemus
1066 830 1323 885 Joannem
1383 845 1566 885 vocem
1615 847 1767 895 esse,
1829 846 1949 899 qua:
1996 833 2107 886 sola

570 935 759 987 capere
790 919 963 973 valeat
988 920 1298 974 Sermonem
1321 922 1688 974 annuntiatnm
1715 922 2108 991 :potissimumo

568 1024 672 1078 que
704 1012 803 1063 hoe
830 1009 1205 1079 intelligemus,
1261 1012 1308 1064 si
1349 1012 1604 1065 memoria
1644 1023 1945 1080 repetemus
1990 1028 2108 1079 qua:

567 1107 694 1151 ante
733 1101 1107 1167 [imposuimus
1145 1110 1460 1153 enarrantes
1490 1116 1552 1154 ea
1583 1102 1763 1163 verba,
1818 1118 1837 1145 σ
1895 1100 1963 1155 Ut
1995 1118 2109 1152 ιηιι-

569 1203 666 1242 nes
694 1189 975 1243 crederent
1010 1206 1103 1257 per
1133 1190 1306 1258 ipsum
1335 1191 1403 1252 ⁸⁷,
1437 1208 1454 1240 ι
1484 1190 1536 1243 in
1561 1205 1626 1244 eo
1656 1192 1773 1244 loco
1805 1207 1819 1243 :
1849 1209 1867 1241 ι
1898 1191 1995 1244 Hic
2027 1201 2107 1243 est

567 1279 634 1333 de
682 1294 788 1346 quo
845 1279 1102 1346 scriptum
1155 1288 1238 1333 est
1270 1296 1284 1331 :
1313 1279 1451 1333 Ecce
1500 1294 1598 1347 ego
1646 1282 1802 1333 mitto
1857 1281 2103 1349 angelum

566 1382 742 1420 meum
775 1378 898 1421 ante
921 1369 1112 1421 faciem
1150 1380 1316 1432 tuam,
1341 1368 1430 1432 qui
1459 1369 1775 1436 pra‘parabit
1800 1369 1935 1421 viam
1961 1378 2104 1421 tuam

566 1465 689 1509 ante
712 1467 762 1510 te
789 1457 853 1512 “.
884 1476 903 1508 ι
939 1457 1067 1509 lllud
1100 1458 1258 1509 etiam
1291 1459 1539 1526 egregie,
1583 1461 1724 1524 quod
1761 1474 1864 1511 non
1915 1459 2012 1520 ait,
2046 1472 2105 1511 se

566 1559 743 1599 vocem
777 1546 1003 1600 dicentis
1035 1549 1083 1598 in
1120 1547 1370 1609 deserto,
1416 1548 1507 1599 sed
1546 1564 1564 1595 ι
1593 1548 1876 1601 clamantis
1917 1548 1967 1600 in
2012 1549 2106 1601 de-

563 1647 777 1698 serto;i
808 1636 1008 1689 etenim
1056 1636 1146 1701 qni
1197 1635 1420 1699 clamat,
1463 1654 1482 1687 ι
1526 1638 1745 1705 Dirigite
1797 1637 1936 1689 viam
1989 1637 2097 1691 Do-

2132 1692 2175 1747 Β

2211 466 2346 523 εἶναι
2378 472 2466 522 τὸν
2503 471 2628 521 Υίὸν
2654 469 2745 520 τοῦ
2789 468 2943 532 Θεοῦ,
2967 468 3036 519 τὰ
3072 463 3468 535 παριστάμενα
3515 459 3684 528 ἐδηλώ

2214 578 2332 629 μεν,
2365 560 2532 622 οὕτως
2570 558 2706 612 κατὰ
2750 558 2846 628 τὴν
2885 557 3227 626 ἁρμόζουσαν
3271 549 3626 611 ἀκολουθίαν,
3672 550 3684 599 ἐ

2216 669 2232 700 ι
2270 652 2298 701 6
2348 648 2591 718 Ἰωάννης
2636 646 2795 717 ἦλθεν
2843 649 2922 709 είς
2978 644 3287 714 μαρτυρίαν
3343 640 3643 710 ἄνθρωπος

2208 742 2528 809 εσταλμένος
2578 739 2726 808 παρά
2771 738 2903 790 Θεοῦ
2966 737 3052 790 ἵνα
3112 735 3447 805 μαρτυρήσῃ
3508 729 3643 797 περὶ

2209 831 2400 899 φωτὸς,
2435 831 2520 882 ἵνα
2554 830 2750 889 πάντες
2791 826 3117 879 πιστεύσωσι
3149 825 3217 876 δι’
3249 821 3446 884 αὐτοῦ,
3493 839 3513 872 ι
3572 836 3684 888 νοησ

2209 918 2387 988 φωνὴν
2433 915 2568 970 εἶναι
2617 914 2783 986 μόνην
2819 916 3061 985 χωρῆσαι
3094 915 3213 966 κατ’
3254 911 3419 974 ἀξίαν
3465 910 3565 962 τὸν
3614 911 3684 961 ἀπ

2207 1009 2522 1077 γελλόμενον
2551 1007 2716 1073 Λόγον
2744 1007 3046 1075 δυναμένην
3074 1005 3165 1056 τὸν
3216 1003 3482 1071 Ἰωάννην
3503 1016 3520 1030 ⁸
3562 1002 3665 1052 καὶ

2206 1100 2359 1152 λιστα
2389 1099 2543 1150 τοῦτο
2570 1099 2891 1167 συνήσομεν,
2932 1096 3025 1148 ἐὰν
3054 1093 3508 1164 ὑπομνησθῶμεν
3548 1085 3628 1144 ῶν
3663 1107 3684 1141 σι

2208 1190 2570 1261 παρεθέμεθα,
2606 1188 2944 1259 διηγούμενοι
2968 1187 3049 1249 τὸ,
3108 1198 3126 1235 ι
3164 1186 3285 1237 ’Ἰνα
3321 1185 3538 1245 πάντες
3572 1200 3684 1235 πισι

2208 1296 2338 1333 σωσι
2377 1279 2441 1331 δι’
2477 1279 2663 1343 αὐτοῦ,
2718 1297 2735 1328 ι
2781 1274 3054 1346 περὶτοῦ·
3111 1293 3129 1324 ι
3181 1266 3357 1334 Οὗτός
3397 1275 3522 1324 ἐστι
3577 1290 3684 1342 περ

2205 1371 2536 1439 γέγραπταιο
2597 1368 2726 1420 Ἰδοὺ
2760 1365 2867 1433 ἐγὼ
2912 1364 3228 1417 ἀποστέλλω
3266 1362 3361 1415 τὸν
3403 1361 3655 1429 ἄγγελόν

2205 1460 2309 1531 πρὸ
2352 1461 2637 1530 προσώπου
2686 1475 2800 1521 σου,
2833 1457 2890 1520 ὃς
2923 1454 3333 1509 κατασκευάσει
3377 1453 3477 1513 τὴν
3532 1453 3665 1505 ὁδόν

2204 1544 2504 1615 ἔμπροσθέν
2529 1562 2640 1597 σου.
2675 1564 2693 1595 ι
2730 1545 2921 1607 Καλῶς
2954 1544 3064 1614 (97)
3096 1543 3153 1596 δὲ
3187 1543 3284 1596 καὶ
3317 1541 3379 1595 τὸ
3418 1544 3499 1611 μὴ
3535 1539 3684 1594 εἶναι

2203 1635 2292 1688 τὸν
2323 1636 2420 1705 τὴν
2448 1634 2625 1704 φωνὴν
2653 1626 2897 1702 λέγοντος
2929 1637 2987 1687 ἐν
3016 1637 3081 1704 τῇ
3110 1636 3330 1704 ἐρήμῳ,
3373 1632 3523 1686 ἀλλὰ
3578 1652 3599 1683 ‹
3647 1634 3683 1702 β

564 1725 713 1786 mini,
742 1743 761 1774 ι
806 1725 968 1779 etiam
995 1724 1162 1789 dicit;
1197 1724 1290 1778 sed
1318 1727 1578 1792 contingit
1622 1734 1680 1777 ut
1710 1725 1971 1793 quispiam
1997 1739 2097 1777 non

2201 1742 2289 1787 τος
2318 1726 2373 1776 ἐν
2403 1728 2466 1794 τῇ
2498 1726 2715 1795 ἐρήμῳ⁸
2762 1745 2779 1775 ι
2812 1729 2838 1778 6
2871 1724 2968 1793 μὲν
2997 1724 3105 1795 γὰρ
3135 1725 3274 1793 βοῶν
3313 1726 3373 1777 τὸ
3395 1763 3412 1789 ,
3452 1744 3470 1773 ι
3516 1723 3679 1775 Εύθύ

562 1813 822 1878 clamans,
871 1814 974 1867 hoc
1024 1814 1196 1882 ipsum
1244 1815 1403 1867 etiam
1450 1815 1613 1868 dicat.
1653 1814 1857 1868 Clamat
1890 1828 2017 1866 vero
2049 1822 2102 1867 et

563 1902 908 1966 vociferatur,
941 1912 997 1957 ut
1030 1914 1084 1957 et
1108 1904 1200 1971 qui
1236 1912 1361 1957 sunt
1380 1904 1562 1970 procul
1583 1919 1612 1956 a
1633 1904 1841 1957 dicente
1862 1902 2096 1969 audiant,

562 1999 616 2044 et
646 1993 737 2058 qui
769 1993 837 2045 ad
863 1992 1184 2046 audiendum
1214 2001 1338 2046 sunt
1371 1992 1530 2056 tardi,
1565 2005 1740 2045 rerum
1771 2006 1887 2059 qua:
1916 1991 2101 2044 dicun-

563 2090 649 2133 tur
707 2082 1126 2148 magnitudinem
1188 2080 1484 2147 intelligant
1519 2098 1535 2135 :
1569 2094 1696 2134 voce
1763 2080 2098 2148 pronuntiata

561 2185 679 2224 cum
719 2170 1080 2236 magnitudine
1113 2183 1267 2236 opem
1316 2169 1494 2223 ferens
1550 2178 1658 2222 tum
1692 2169 1775 2222 his
1802 2170 1948 2235 quia
1993 2168 2100 2222 Deo

561 2260 906 2323 recesserint,
945 2268 1055 2311 tum
1093 2259 1178 2312 his
1210 2259 1303 2326 qui
1351 2259 1565 2310 auditus
1600 2259 1886 2311 acuitatem
1925 2259 2102 2326 perdi-

559 2349 756 2404 derint.
806 2348 955 2402 lianc
1014 2350 1084 2401 ob
1139 2363 1353 2402 causam
1400 2349 1540 2401 enim
1603 2347 1871 2402 «stabat»
1938 2348 2099 2400 etiam

562 2459 582 2493 ι
612 2439 785 2503 Jesus,
831 2449 885 2493 et
924 2438 1191 2492 clamabat
1220 2438 1403 2493 dicens
1434 2455 1446 2490 :
1477 2438 1532 2491 Si
1563 2439 1683 2507 quis
1737 2439 1870 2500 sitit,
1919 2438 2101 2490 veniat

559 2531 630 2585 ad
659 2544 761 2587 me.
799 2538 856 2583 et
891 2530 1040 2583 bibat
1075 2530 1141 2581 ⁸³.
1167 2547 1186 2579 ι
1218 2527 1365 2582 Hanc
1388 2529 1457 2582 ob
1484 2541 1701 2581 causam
1755 2545 1775 2578 ι
1803 2527 2039 2581 Joannes
2074 2548 2094 2579 ι

558 2620 721 2672 etiam
781 2636 801 2669 ι
832 2617 1153 2672 testificatur
1198 2620 1263 2670 de
1292 2632 1377 2681 eo,
1424 2625 1478 2672 et
1529 2614 1724 2671 Clamat
1761 2618 1944 2671 dicens
1973 2616 2039 2670 ”.
2074 2635 2091 2668 ι

559 2706 709 2761 lianc
741 2708 812 2761 ob
840 2722 1057 2761 causam
1078 2705 1229 2772 jubet
1256 2705 1444 2759 Isaiam
1473 2706 1609 2759 Deus
1632 2706 1865 2760 clamare
1892 2707 1944 2760 in
1972 2721 2100 2761 voce

563 2813 582 2846 ι
605 2796 831 2848 dicentis
858 2812 872 2847 :
899 2793 1115 2857 Clama;
1152 2812 1170 2844 ι
1222 2793 1306 2846 cui
1364 2795 1647 2861 respondet
1683 2791 1880 2846 Isaias:
1914 2808 1934 2844 ι
1963 2794 2100 2860 Quid

558 2885 805 2937 clamabo
829 2882 913 2934 ⁸ίῖ
939 2900 957 2933 ι
993 2883 1063 2934 At
1101 2897 1197 2935 vox
1225 2884 1595 2952 precantium,
1635 2896 1753 2950 qua:
1796 2883 2097 2954 intelligen-

2198 1815 2295 1885 τὴν
2336 1810 2450 1866 ὁδὸν
2486 1815 2708 1883 Κυρίου,
2762 1835 2778 1866 ι
2824 1816 2917 1867 καὶ
2948 1813 3122 1881 λέγει·
3161 1812 3445 1881 ἐνδέχεται
3475 1812 3543 1864 δὲ
3581 1812 3683 1864 τὸη

2199 1903 2353 1956 τοῦτο
2381 1904 2442 1955 τὸ
2468 1892 2644 1970 λέγειν
2685 1904 2793 1971 (98)
2829 1902 2902 1973 μὴ
2951 1902 3177 1971 βοῶντα.
3212 1903 3323 1972 Βοᾷ
3354 1902 3413 1954 δὲ
3443 1903 3553 1954 καὶ
3589 1902 3684 1954 κέ)

2199 2011 2314 2062 γεν,
2347 1996 2432 2048 ἵνα
2466 1997 2557 2047 καὶ
2603 1997 2650 2049 οί
2695 1994 2906 2064 μακρὰν
2940 1993 3033 2045 τοῦ
3064 1992 3319 2060 λέγοντος
3352 1992 3684 2055 ἀκούσωσι,

2199 2086 2245 2136 oi
2289 2085 2577 2155 βαρυὴκοοι
2619 2083 2814 2135 συνῶσι
2853 2083 2946 2135 τοῦ
2982 2082 3248 2151 μεγέθους
3282 2082 3397 2134 τῶν
3436 2082 3684 2151 λεγομὲη

2203 2173 2337 2243 μετά
2373 2173 2632 2244 μεγέθους
2658 2172 3137 2241 ἀπαγγελλομένου
3175 2173 3388 2243 φωνῆς,
3429 2173 3678 2243 βοηθῶν

2198 2278 2255 2314 τε
2288 2261 2560 2330 ἀφεστῶσι
2590 2260 2744 2323 Θεοῦ,
2789 2259 3067 2313 καὶτοῦτο
3099 2257 3194 2322 ὀξὺ
3228 2261 3332 2330 τῆς
3368 2261 3561 2328 ἀκοῆς
3599 2264 3684 2314 ἀπ

2198 2349 2397 2402 λεκόσι.
2431 2350 2528 2401 Διὰ
2552 2347 2705 2400 τοῦτο
2734 2346 2841 2416 γὰρ
2880 2348 2973 2398 καὶ
3008 2364 3026 2396 ι
3066 2347 3310 2415 εἱστήκει
3341 2347 3371 2398 ὁ
3417 2334 3684 2417 Ἰησοῦς,

2199 2437 2457 2509 ἐκέκραξε
2488 2436 2684 2505 λέγων·
2736 2437 2859 2488 Ἐάν
2898 2453 2980 2499 τις
3020 2435 3168 2504 διψᾷ,
3221 2436 3478 2505 ἐρχέσθω
3521 2437 3684 2507 πρὸς

2199 2527 2290 2579 καὶ
2320 2526 2538 2578 πινέτω.
2586 2545 2604 2576 ι
2630 2525 2728 2578 Διά
2772 2525 2929 2579 τοῦτο
2964 2524 3059 2577 καὶ
3094 2543 3111 2575 ι
3146 2525 3175 2576 ὁ
3222 2525 3488 2593 Ἰωάννης
3530 2542 3684 2595 μαρα

2199 2615 2326 2685 περὶ
2352 2615 2532 2678 αὐτοῦ,
2566 2616 2657 2667 καὶ
2686 2614 2923 2685 κέκραγε
2948 2614 3140 2681 λέγων.
3179 2632 3198 2664 ι
3234 2612 3339 2665 Διά
3377 2613 3561 2666 τοῦτο
3588 2616 3684 2667 κοι⁴

2198 2704 2340 2757 λεύει
2366 2706 2393 2756 6
2427 2704 2556 2767 Θεὸς
2585 2705 2661 2774 τῷ
2694 2707 2889 2775 Ἡσαΐᾳ
2922 2705 3049 2775 βοᾷν
3073 2706 3131 2756 ἐν
3160 2707 3227 2773 τῇ
3261 2708 3420 2775 φωνῇ
3457 2722 3476 2755 ι
3524 2706 3684 2774 λέγο

2198 2796 2429 2868 Βόησον·
2472 2817 2490 2849 ι
2539 2797 2691 2865 κάγὼ
2725 2793 2907 2849 εἷπον·
2947 2816 2965 2847 ι
3017 2797 3084 2849 Τί
3126 2797 3346 2867 βοήσω;
3387 2815 3405 2847 ι
3454 2798 3614 2851 Ἐὰν
3654 2799 3684 2851 δ

2200 2887 2472 2950 παντελῶς
2569 2891 2602 2958 ἡ
2640 2887 2802 2957 νοητὴ
2848 2886 2954 2939 τῶν
3003 2887 3318 2956 εὐχομένων
3353 2888 3523 2958 φωνὴ
3571 2906 3684 2958 μεῆ

561 2974 631 3028 tia
664 2974 974 3044 percipitur,
1005 2974 1250 3040 quamvis
1290 2987 1503 3041 magna,
1542 2985 1715 3039 neque
1745 2972 1956 3040 prolixa
1986 2988 2098 3027 om-

2201 2980 2292 3034 καὶ
2315 2980 2374 3030 οὐ
2404 2979 2646 3050 βραχεῖα,
2682 2979 2800 3030 οὑδὲ
2826 2978 2891 3030 ἂν
2924 2976 3202 3049 αὐξήσωσι
3240 2977 3354 3049 (99)
3392 2979 3500 3048 τὴν
3554 2980 3679 3049 βοὴ

559 3067 688 3120 nino
730 3064 912 3127 fuerit,
961 3076 1136 3131 neque
1187 3061 1503 3114 adauxerint
1560 3061 1637 3114 illi
1693 3061 1982 3116 clamorem
2039 3078 2102 3117 ac

557 3168 1019 3230 vociferationem,
1069 3165 1215 3218 audit
1241 3173 1418 3217 tamen
1451 3166 1590 3219 hunc
1623 3166 1674 3218 in
1720 3166 1930 3220 modum
1980 3181 2102 3235 pre-

556 3270 745 3316 cantes
767 3257 930 3321 Deus,
948 3256 1075 3311 λίοεί
1103 3257 1288 3310 dicens
1309 3256 1387 3308 "z
1417 3273 1435 3306 ι
1460 3256 1594 3321 Quid
1619 3257 1682 3309 ad
1714 3271 1799 3310 me
1820 3257 2057 3310 clamas?
2075 3275 2095 3308 ι

557 3350 649 3420 qui
709 3347 1034 3402 sensibiliter
1083 3361 1186 3399 non
1249 3346 1615 3412 clamaverat;
1709 3363 1879 3414 neque
1954 3350 2097 3403 enim

561 3440 818 3508 scriptum
840 3447 922 3492 est
950 3437 1001 3490 in
1024 3437 1223 3499 Exodo,
1246 3435 1444 3490 Mosem
1473 3437 1798 3491 sensibiliter
1819 3437 2097 3506 clamasse,

555 3539 675 3585 eum
725 3545 819 3599 per
860 3530 1220 3598 precationem
1282 3543 1347 3581 ea
1410 3543 1540 3581 voce
1596 3529 1747 3581 valde
1795 3529 2097 3593 clamasset,

555 3633 712 3686 quam
770 3616 913 3671 solus
965 3617 1106 3670 Deus
1148 3616 1316 3669 audit.
1368 3615 1515 3669 llanc
1568 3619 1635 3668 ob
1678 3631 1892 3669 causam
1935 3618 2098 3672 David

554 3708 714 3762 etiam
752 3706 923 3774 inquit
955 3706 1002 3737 ³³
1036 3724 1049 3759 :
1090 3724 1107 3756 ι
1143 3705 1284 3759 Voce
1306 3721 1422 3758 mea
1451 3707 1515 3757 ad
1547 3706 1825 3759 Dominum
1848 3708 2096 3775 clamavi,

553 3805 609 3851 et
631 3798 903 3850 exaudivit
933 3811 1068 3850 me.»
1108 3796 1253 3864 Opus
1274 3804 1352 3849 est
1379 3805 1555 3848 autem
1580 3810 1708 3849 voce
1737 3795 2018 3851 clamantis
2044 3798 2095 3852 in

551 3887 783 3951 deserto,
819 3886 907 3939 ubi
938 3886 1308 3939 anima'etiam
1336 3885 1441 3938 Deo
1465 3895 1626 3952 atque
1669 3886 1899 3939 veritate
1929 3887 2098 3940 desti-

553 3985 666 4030 tuta
700 3978 1004 4046 (quodnam
1036 3977 1179 4031 enim
1208 3976 1348 4029 aliud
1368 3977 1634 4029 desertum
1665 3976 1905 4042 asperius
1934 3992 2096 4044 quam

554 4065 731 4118 anima
770 4080 886 4132 qua:
916 4064 1026 4118 Deo
1060 4073 1220 4130 atque
1242 4063 1388 4116 omni
1414 4065 1615 4116 virtute
1644 4064 1713 4116 sit
1743 4065 2035 4117 destituta?
2056 4064 2097 4130 ),

550 4168 619 4208 eo
667 4154 812 4221 quod
854 4153 1026 4206 adhuc
1078 4151 1292 4219 oblique
1346 4150 1581 4203 ambulet
1633 4165 1795 4218 egens
1833 4154 2093 4219 doctrina,

553 4246 806 4299 invitetur
854 4245 919 4297 ad
964 4242 1292 4308 dirigendatn
1325 4240 1537 4294 Domini
1577 4243 1755 4307 viam;
1788 4259 1944 4311 quam
1979 4246 2097 4313 qni-

2199 3069 2296 3138 τὴν
2330 3068 2591 3138 κραυγὴν,
2632 3068 2815 3120 ἀκούει
2845 3068 2953 3120 τῶν
2995 3067 3170 3130 οὕτως
3209 3069 3552 3139 εὐχομένων
3594 3073 3632 3123 ὁ
3681 3086 3684 3105 ·

2198 3164 2227 3215 6
2258 3160 2427 3226 λέγων
2475 3159 2605 3227 πρὸς
2642 3159 2870 3223 Μωσέα,
2910 3176 2928 3209 ι
2979 3157 3044 3210 Τί
3088 3156 3217 3227 βοᾷς
3270 3160 3413 3227 πρὸς
3477 3161 3619 3227 μὲς

2200 3250 2465 3320 αἰσθητῶς
2511 3248 2836 3317 βεϐοηκὸταο
2897 3248 2958 3300 οὐ
2998 3249 3105 3318 γὰρ
3147 3249 3613 3319 ἀναγέγραπται

2199 3345 2256 3396 ἐν
2303 3345 2367 3410 τῇ
2411 3339 2632 3408 Ἐξόδῳ,
2696 3339 2945 3410 μεγάλως
2984 3341 3041 3392 δὲ
3088 3340 3185 3409 τὴν
3232 3340 3631 3412 ἀκουομένην

2198 3428 2316 3500 Θεῷ
2348 3429 2525 3499 φωνὴν
2554 3428 2848 3497 βεδοηκότα
2881 3429 2968 3482 διὰ
2997 3430 3097 3500 τῆς
3131 3430 3318 3499 εὐχῆς.
3358 3430 3467 3483 Διὰ
3508 3434 3683 3486 τοῦτ

2197 3520 2355 3572 Δαυῒδ
2384 3536 2539 3588 φηςιν
2575 3538 2593 3569 ι
2634 3520 2786 3589 Φωνῇ
2823 3536 2922 3589 μου
2959 3521 3096 3590 πρὸς
3120 3520 3326 3590 Κύριον
3358 3524 3684 3595 ἐκέκραξς

2198 3610 2463 3679 ἐπήκουσέ
2501 3627 2620 3680 μου.
2666 3630 2684 3660 ι
2729 3612 2903 3680 Χρεία
2939 3611 2995 3663 δὲ
3035 3612 3135 3681 τῆς
3169 3613 3355 3682 φωνῆς
3394 3615 3503 3667 τοῦ
3584 3620 3684 3687 ﬁo:

2197 3703 2253 3754 ἐν
2277 3706 2341 3772 τῇ
2379 3703 2586 3771 ἐρήμῳ,
2616 3702 2701 3754 ἵνα
2736 3703 2830 3755 καὶ
2863 3704 2896 3772 ἡ
2932 3705 3265 3773 ἐστερημένη
3304 3705 3451 3756 Θεοῦ
3495 3710 3684 3780 thr/gi

2197 3793 2397 3864 ἔρημος
2431 3792 2685 3862 ἀληθείας
2727 3792 2843 3859 (τίς
2875 3793 2985 3861 γὰρ
3013 3792 3144 3862 ἄλλη
3176 3793 3580 3866 χαλεπωτέρα
3623 3804 3684 3873 ἐι

2195 3884 2368 3953 ψυχῆς
2406 3883 2537 3935 Θεοῦ
2598 3883 2692 3936 καὶ
2732 3885 2911 3954 πάσης
2951 3887 3149 3956 ἀρετῆς
3198 3890 3643 3963 ἠρημωμένης

2195 3975 2282 4026 διὰ
2317 3974 2376 4026 τὸ
2408 3974 2485 4026 ἔτι
2516 3973 2741 4036 σκολιῶς
2776 3975 3104 4046 πορεύεσθαι
3137 3977 3365 4047 δεομένη
3404 3978 3684 4037 διδασκ;

2197 4066 2287 4116 ἐπὶ
2312 4064 2369 4115 τὸ
2397 4063 2634 4115 εὐθύνειν
2673 4064 2770 4134 τὴν
2811 4066 2927 4120 ὁδὸν
2972 4067 3177 4137 Κυρίου
3214 4071 3684 4142 παρακαλῆται

2196 4169 2314 4205 τινα
2342 4152 2456 4204 ὁδὸν
2482 4152 2689 4205 εὐθύνει
2721 4157 2817 4222 μὲν
2842 4158 2869 4208 6
2896 4156 3159 4226 μηδαμῶς
3180 4158 3278 4226 τὴν
3309 4161 3626 4237 σκολιά-τη
3638 4188 3683 4222 τ

2197 4241 2288 4293 τοῦ
2322 4242 2491 4309 ὂψεως
2529 4242 2751 4312 πορείας
2788 4245 3141 4313 μιμούμενος,
3170 4248 3197 4296 6
3224 4245 3281 4297 δέ
3316 4247 3526 4321 τούτῳ
3587 4259 3683 4310 ὲν

553 4334 673 4387 dem
705 4332 842 4383 viam
869 4331 958 4382 ille
984 4330 1162 4397 dirigit
1188 4329 1400 4397 quidem
1426 4368 1441 4393 ,
1486 4330 1576 4397 qui
1610 4344 1943 4398 nequaquam
1976 4350 2091 4387 ser-

2201 4330 2536 4396 διαστρέφει·
2585 4331 2769 4400 διόπερ
2814 4334 2906 4384 καὶ
2955 4326 3474 4407 ἐπιπλήσσεταιίὲ)
3540 4344 3684 4414 ἆμς

553 4421 725 4489 pentis
756 4421 855 4472 iter
892 4431 1194 4471 tortuosum
1227 4420 1486 4483 imitatur,
1540 4422 1796 4486 pervertit
1846 4436 1972 4475 vero
2002 4422 2088 4490 qui

555 4511 679 4563 huic
737 4520 819 4562 est
871 4509 1193 4562 contrarius.
1254 4508 1611 4572 Quamobrem
1658 4525 1775 4561 cum
1830 4510 2091 4565 similibus

554 4599 862 4669 bujusmodi
894 4600 977 4651 vir
1021 4598 1334 4666 olijurgatnr
1367 4614 1462 4665 per
1498 4598 1681 4652 illud”
1703 4617 1715 4652 :
1739 4618 1754 4648 ι
1782 4600 2089 4670 Quareper-

551 4689 759 4745 vertitis
790 4694 904 4743 vias
940 4689 1146 4741 Domini
1184 4688 1401 4743 rectas?
1426 4705 1443 4740 ι

622 4782 709 4835 ll.
739 4780 1002 4835 Caeterum
1035 4778 1281 4830 bifariam
1316 4779 1397 4830 ria
1436 4779 1642 4830 Domini
1675 4779 1937 4847 dirigitur,
1983 4779 2090 4846 pri-

492 4900 497 4905 -
551 4888 695 4927 munt
723 4881 938 4940 propter
982 4868 1518 4936 contemplationem,
1557 4884 1674 4936 qua:
1722 4868 2089 4923 manifestatur

550 4966 605 5018 in
658 4964 908 5020 veritate.
964 4959 1167 5027 absque
1224 4958 1328 5011 ulla
1386 4958 1732 5026 permistione
1788 4959 2086 5023 mendacii;

552 5053 742 5108 deinde
772 5063 989 5123 propter
1018 5050 1280 5102 actionem
1308 5086 1323 5109 ,
1359 5048 1402 5100 si
1434 5049 1552 5115 quis
1576 5082 1591 5112 ,
1627 5063 1745 5099 cum
1777 5047 1941 5114 probe
1971 5062 2085 5113 pere

619 5146 665 5177 “
687 5145 834 5197 Joan.
864 5159 900 5205 ι,
930 5143 983 5204 6,
1015 5142 1068 5196 'l.
1142 5141 1184 5169 "’
1216 5139 1371 5193 Joan.
1401 5154 1438 5201 ι,
1469 5141 1522 5192 7.
1619 5140 1664 5169 ³⁸
1689 5138 1872 5191 Matth.
1912 5153 1983 5197 ιι,
2012 5135 2098 5205 l0.

551 5214 593 5246 "
626 5214 787 5265 Exod.
822 5203 930 5273 ιιν,
953 5203 1038 5263 15.
1113 5209 1155 5238 ³³
1181 5209 1320 5260 Psal.
1348 5223 1526 5267 Lxxxl,
1559 5209 1606 5260 ί.
1678 5207 1722 5237 ⁸⁸
1744 5210 1863 5260 Act.
1892 5221 2003 5268 χιιι,
2040 5203 2124 5255 10.

622 5303 730 5368 (97)
756 5299 981 5364 Καλῶς.
1025 5298 1115 5353 Sic
1148 5308 1290 5351 recte
1335 5300 1528 5350 habent
1557 5299 1710 5368 codd.
1733 5296 2089 5368 “Bodleianus

554 5366 987 5451 ct‘Barberinus;
1039 5369 1175 5421 male
1212 5381 1337 5419 vero
1376 5369 1542 5419 editio
1591 5366 1765 5419 lluetii
1812 5371 1865 5417 in
1920 5372 2085 5428 textu,

555 5438 832 5569 mhi?)de
861 5501 1076 5571 λέγειν.
1117 5502 1189 5571 Το
1219 5502 1427 5553 videtur
1458 5502 1758 5571 παρέλκειν.

494 5584 528 5612 ι·
626 5566 1100 5641 (99)At')£7'1d'wo’t.
1155 5570 1244 5622 Sic
1298 5574 1463 5621 codex
1514 5566 1866 5635 Bodleianus;
1922 5566 2086 5622 editio

2197 4420 2396 4488 ὁμοίοις
2423 4419 2451 4470 ὁ
2472 4419 2705 4483 τοιοῦτος
2727 4420 2813 4472 διὰ
2844 4422 2965 4473 τοῦ·
3000 4445 3017 4471 ε

2196 4510 2342 4573 ὁδοὺς
2376 4511 2576 4579 Κυρίου
2610 4510 2706 4573 τὰς
2739 4513 2984 4579 εὐθείας;
3028 4534 3044 4564 ι

3059 4424 3172 4476 ’Ἱνα
3204 4423 3257 4474 τί
3286 4422 3684 4502 διαστρέφει

2266 4777 2348 4830 Η,
2391 4778 2558 4846 Διχῶς
2581 4777 2635 4830 δὲ
2663 4781 2694 4849 ἡ
2726 4780 2843 4844 ὁδὸς
2873 4785 3078 4854 Κυρίου
3112 4785 3425 4852 εὐθύνεται,
3461 4804 3684 4857 κα.τὰ

2194 4866 2538 4964 θεωρητικὸν,
2581 4872 2945 4964 τρανούμενον
2992 4878 3049 4927 ἐν
3088 4876 3317 4948 ἀληθείῃ.
3370 4882 3684 4964 ἀπᾶραι,

2193 4955 2284 5007 τοῦ
2309 4956 2551 5022 ψεύδους,
2579 4961 2672 5011 καὶ
2702 4963 2843 5015 κατά
2870 4964 2929 5016 τὸ
2973 4967 3295 5037 πρακτικὸν,
3327 4973 3489 5037 μετὰ,
3533 4955 3684 5037 ira;

2195 5044 2424 5113 θεωρίαν
2453 5048 2543 5099 τοῦ
2585 5051 2880 5119 πρακτέου,
2923 5057 3182 5125 ἀρμώίου
3225 5060 3513 5128 πράξεως
3588 5034 3684 5129 6:1

2204 5139 2249 5169 ³³
2277 5136 2435 5192 Joan.
2475 5154 2568 5203 m,
2608 5143 2689 5196 l7.
2793 5145 2838 5177 ³⁰
2868 5145 3026 5203 Joan.
3056 5165 3092 5215 ι,
3125 5151 3212 5204 l5.
3323 5153 3370 5184 ³⁸
3417 5157 3626 5223 lsai-

2195 5290 2367 5345 lluetii
2403 5292 2669 5363 αὐξῆσαι,
3155 5318 3165 5330 ·

2265 5362 2340 5444 (μ)
2369 5362 2811 5444 ,Ἠρημωμένηᾳ
2846 5367 2920 5444 Ιξιι
2956 5375 3129 5428 codex
3177 5374 3573 5440 Barberinus

2194 5430 2334 5511 male
2368 5430 2581 5511 litamus,
2609 5430 2975 5511 ἐρημωμένη.
3468 5430 3614 5454 ﬁ“,

2900 5497 2993 5566 Sic
3053 5514 3218 5570 codex
3251 5512 3684 5590 Barberiuus

2194 5565 2267 5617 tio
2302 5564 2496 5630 lluetii,
2522 5569 2920 5641 ὲπεπλὴσσετοι
