3880 6206
252 256 345 308 9.35

260 256 345 312 Ξ).εό
1350 261 1692 319 (ΞΟΜΜΕΝΤ.
1729 260 1792 312 IN
1820 296 1825 311 .

1926 258 2006 314 tN.
2039 257 2271 312 TOMUS
2307 256 2392 309 Vl.

3344 260 3450 314 2'.“

260 375 401 444 μένης
411 357 557 448 λἐῷ
601 377 720 447 περὶ
748 379 857 430 τῶν
904 377 1189 448 πρακτέων
1234 377 1371 444 ὑγιεῖ
1396 377 1550 444 λόγῳ.
1594 375 1700 428 Καὶ
1735 374 1820 427 ἵνα

1926 371 2108 426 viderit
2167 369 2292 438 quid
2350 372 2648 439 agendum,
2736 370 2994 424 actionem
3049 373 3449 429 convenientem

261 465 662 536 άκριφέστερον
702 466 790 517 τό·
850 487 867 517 ‹
926 466 1192 518 Εὐθύνατε
1245 467 1339 536 τὴν
1369 465 1484 516 ὁδὸν
1529 465 1749 532 Κυρίου,
1796 480 1816 513 ι

265 553 591 624 νοήρωμεν,
636 555 886 624 εὔκαιρον
937 555 1088 606 ἔσται
1141 553 1468 624 παραθέσθαι
1506 553 1565 604 τὸ
1604 554 1660 604 ὲν
1706 554 1822 612 ταῖς

266 643 607 712 Παροιμίαις
636 643 918 714 εἰρημένον
939 659 953 673 ·
985 662 1002 694 ι
1048 643 1138 713 Μὴ
1172 642 1418 711 ἐκκλίνῃς
1459 642 1592 710 μήτε
1625 641 1704 702 εἰς
1737 639 1821 691 δε-

167 801 170 804 ,
266 731 385 796 Stat,
427 734 571 801 μήτε
614 732 694 794 εἰς
733 731 1000 802 ἀριστερά
1041 731 1135 801 (5).
1161 732 1249 784 »Ὀ
1286 730 1392 801 γὰρ
1443 729 1699 782 ἐκκλίνων
1743 729 1822 791 εἰς

268 821 534 891 ὁποτέραν
565 822 627 874 τὸ
659 821 896 874 εὐθύνειν
921 820 1273 881 ἀπολώλεκεν,
1304 822 1400 872 ούκ
1424 820 1499 870 ἐτι
1528 817 1824 886 ἐπισκοπῆς

267 910 415 976 ἄξιος
461 913 775 978 γινόμενος,
824 913 948 964 ὅταν
978 912 1310 981 παρεκϐαίνῃ
1352 911 1447 978 τὴν
1475 910 1571 979 τῆς
1605 907 1823 977 πορείας

265 999 746 1069 εὐθύτηταοιὊτι
800 1020 817 1049 ι
857 999 964 1070 γὰρ
1009 1019 1025 1050 ι
1079 999 1280 1060 δίκαιος
1315 1001 1342 1050 ὁ
1386 997 1582 1067 Κύριος
1619 996 1711 1048 καὶ
1745 995 1822 1047 δι-

266 1089 561 1148 καιοσύνας
587 1089 860 1156 ἠγάπησε,
894 1090 987 1140 καὶ
1021 1087 1311 1156 εὐθύτητας
1341 1087 1414 1153 (4)
1452 1082 1555 1137 εἶδε
1580 1085 1637 1136 τὸ
1663 1083 1824 1153 πρόσ-

264 1192 410 1226 ωπον
468 1177 660 1238 αὑτοῦ,
691 1195 708 1225 ›
735 1177 870 1244 ὅπερ
892 1177 994 1244 ὁρᾷ
1013 1173 1225 1241 φωτίζει
1369 1171 1464 1223 Διὰ
1482 1170 1635 1222 τοῦτο
1658 1172 1685 1222 ὁ
1706 1172 1824 1221 ἐπι-

264 1263 638 1332 σκοπούμενος
657 1305 672 1328 ,
705 1264 1222 1332 ἀντιλαμϐανόμενος
1248 1264 1342 1330 τῆς
1365 1261 1468 1312 ἀπὸ
1497 1261 1591 1328 τῆς
1615 1260 1826 1310 ἐπισκο-

262 1349 371 1416 πῆς
391 1349 689 1416 ὠφελείας,
713 1349 874 1418 φησίν
894 1366 906 1378 ·
938 1368 954 1398 ι
1002 1347 1334 1418 Ἐσημειώθη
1358 1347 1441 1414 ἐφ’
1465 1347 1607 1415 ἡμᾶς
1634 1346 1693 1397 τὸ
1714 1344 1825 1413 φῶς

261 1438 356 1490 τοῦ
393 1438 694 1508 προσώπου
743 1455 858 1500 σου,
893 1439 1084 1508 Κύριε.
1138 1457 1154 1487 ι
1195 1437 1410 1506 Στῶμεν
1453 1435 1648 1495 τοίνυν,
1686 1433 1827 1486 κατὰ

264 1529 327 1581 τὰ
353 1528 462 1580 ὑπὸ
501 1528 768 1596 Ἱερεμίου
797 1528 1080 1597 εἰρημένα,
1113 1528 1201 1579 ἐπὶ
1241 1529 1357 1588 ταῖς
1391 1526 1548 1586 ὁδοῖς,
1574 1523 1664 1576 καὶ
1695 1522 1828 1574 ἰδόν-

261 1634 346 1679 τες
375 1619 750 1687 ἐρωτήσωμεν
769 1617 982 1686 τρίϐους
1005 1616 1207 1685 Κυρίου
1230 1613 1492 1674 αἰωνίους,
1517 1615 1609 1664 καὶ
1633 1611 1825 1680 ἴδωμεν

260 1706 390 1758 ποία
418 1706 574 1756 ἐστὶν
597 1707 631 1774 ἠ
656 1705 773 1767 ὁδὸς
797 1707 830 1770 ἡ
860 1703 1059 1772 ἀγαθὴ,
1091 1703 1181 1754 καὶ
1213 1701 1556 1772 πορευθῶμεν
1582 1702 1638 1752 ὲν
1665 1701 1818 1768 αὐτῇ·

258 1795 332 1856 ὡς
363 1795 725 1865 παρέστησαν
755 1795 804 1845 οί
832 1793 1132 1854 ἀπόστολοι,
1161 1793 1250 1844 καὶ
1288 1789 1572 1860 ἠρώτησαν
1609 1790 1705 1852 τὰς
1729 1789 1820 1841 τοῦ

261 1884 470 1952 Κυρίου
527 1883 780 1943 αἰωνίους
833 1881 1080 1950 τρίϐους,
1136 1881 1259 1942 τοὺς
1318 1879 1672 1948 πατριάρχας,
1729 1877 1822 1928 καὶ

259 1974 380 2034 τοὺς
419 1972 731 2042 προφήτας·
761 1964 834 2023 ὧν
875 1970 942 2022 τά
972 1970 1267 2038 γράμματα
1293 1969 1654 2037 ἐρωτήσαντες
1681 1965 1824 2016 ὓστε-

258 2077 349 2130 ρον
385 2059 469 2126 τῷ
507 2056 824 2127 νενοηκέναι
858 2054 997 2109 αὐτὰ
1035 2051 1171 2106 εἶδον
1204 2053 1300 2124 τὴν
1328 2053 1535 2122 ἀγαθὴν
1565 2052 1680 2104 ὁδὸν
1720 2051 1822 2118 Ἰη-

259 2150 385 2202 σοῦν
419 2148 662 2217 Χριστὸν
686 2147 777 2198 τὸν
803 2146 1048 2198 εἰπόντα·
1082 2163 1100 2194 ι
1139 2141 1278 2210 Ἐγώ
1309 2143 1421 2210 εἰμι
1455 2141 1646 2210 ὴὸδὸς,
1682 2157 1699 2187 ι
1733 2139 1824 2191 καὶ

257 2235 643 2304 ἐπορεύθησαν
677 2234 734 2285 ὲν
775 2234 929 2302 αὐτῇ.
977 2231 1177 2300 Ἀγαθὴ
1207 2229 1315 2299 γὰρ
1339 2229 1454 2290 ὁδὸς
1483 2231 1514 2296 ἡ
1543 2229 1824 2295 ἀπάγουσα

261 2326 393 2395 πρὸς
426 2323 524 2375 τὸν
569 2322 774 2390 ἀγαθὸν
804 2321 1022 2390 Πατέρα
1056 2321 1144 2372 τὸν
1178 2318 1376 2385 ἀγαθὸν
1421 2317 1718 2385 ἄνθρωπον,
1764 2318 1826 2368 ὲκ

259 2413 354 2464 τοῦ
382 2411 598 2479 ἀγαθοῦ
638 2409 912 2479 θησαυροῦ
941 2409 1273 2478 προφέροντα
1309 2407 1375 2456 τὰ
1402 2405 1596 2470 ἀγαθὰ,
1624 2405 1714 2456 καὶ
1738 2405 1825 2454 τὸν

257 2502 466 2570 ἀγαθὸν
507 2501 696 2552 δοῦλον
727 2501 820 2552 καὶ
860 2499 1064 2550 πιστόν.
1095 2495 1238 2564 Αὕτη
1265 2495 1319 2546 δὲ
1347 2495 1460 2556 ὁδὸς
1510 2494 1663 2562 στενὴ
1709 2493 1824 2562 μὲν,

262 2592 363 2644 τῶν
407 2590 625 2642 πολλῶν
653 2591 712 2641 οὐ
751 2587 1072 2658 χωρούντων
1102 2585 1300 2638 ὁδεύειν
1331 2585 1516 2655 αὐτὴν,
1557 2585 1649 2636 καὶ
1679 2583 1826 2650 φιλο-

259 2681 488 2749 τάρκων
529 2679 626 2748 (6),
656 2677 792 2730 ἀλλὰ
821 2677 914 2728 καὶ
955 2675 1282 2744 τεθλιμμένη
1315 2675 1418 2727 ὑπὸ
1446 2673 1551 2725 τῶν
1578 2672 1828 2742 βιαζομέ-

262 2790 363 2826 νων
393 2769 730 2842 πορεύεσθαι
751 2769 818 2820 δι’
843 2767 1007 2835 αὐτῆς
1030 2766 1176 2819 ἐστιν
1201 2764 1334 2824 ὁδός·
1361 2765 1480 2815 ἐπεὶ
1501 2764 1596 2814 οὐκ
1620 2762 1829 2832 εἴρηται

257 2862 546 2922 θλίϐουσα,
598 2857 735 2911 ἀλλὰ
781 2854 1129 2924 τεθλιμμένη.
1170 2851 1348 2903 Θλίϐει
1385 2851 1490 2918 γὰρ
1518 2850 1693 2913 ζῶσαν
1735 2849 1829 2919 τὴν

257 2952 374 3005 ιδδν
404 2951 506 3002 καὶ
531 2947 859 3017 αἰσθομένην
885 2943 992 2995 τῶν
1041 2941 1339 3010 ἰδιωμάτων
1371 2940 1462 2991 τοῦ
1494 2940 1766 3000 ὁδεύοντος
1801 2938 1831 2988 ό

1926 461 2117 514 rationi
2156 469 2315 514 recta:
2343 463 2646 527 suggerenti
2681 461 2902 529 agenda,
2932 461 2983 513 in
3008 476 3140 529 opus
3176 465 3451 530 produxe-

1923 550 2012 601 rit.
2063 547 2132 602 Ut
2176 547 2481 600 accuratius
2526 561 2651 599 vero
2684 546 3040 616 intelligamus
3076 549 3204 603 illud
3242 568 3256 603 :
3297 551 3454 620 120

1927 653 1945 686 ι
1973 637 2191 705 Dirigite
2223 636 2364 688 viam
2391 634 2696 696 Domini”;
2725 653 2743 686 ι
2775 647 3130 704 Opportunum
3158 639 3262 691 erit
3285 640 3456 694 citare

1922 727 2062 794 quod
2115 726 2166 778 in
2223 724 2630 778 Proverbiornm
2691 724 2828 778 libro
2891 735 2970 779 est
3023 727 3268 780 dictum:
3313 745 3334 777 ι
3377 727 3454 782 Ne

1921 813 2272 866 declinaveris
2327 825 2495 880 neque
2541 812 2607 866 ad
2661 813 2955 878 dexteram,
2999 830 3169 881 neque
3215 817 3280 870 ad
3321 817 3452 870 sini-

1922 911 2088 956 stram
2125 902 2240 954 “.‘t
2276 901 2374 966 Qui
2405 902 2544 954 enim
2569 903 2618 955 in
2643 903 2942 956 utramlibet
2971 903 3209 968 inclinat,
3241 905 3287 959 is
3319 906 3456 959 ami-

1923 991 1992 1044 sit
2027 990 2152 1042 illud
2181 990 2427 1059 dirigere,
2456 988 2625 1043 factus
2651 1005 2754 1043 non
2787 990 3016 1058 amplius
3045 1005 3170 1043 cura
3199 999 3254 1046 et
3278 993 3456 1045 consi-

1925 1079 2199 1133 deratione
2280 1080 2510 1147 dignus,
2589 1079 2804 1145 quando
2863 1088 3224 1147 transgressus
3295 1080 3458 1134 fuerit

1926 1169 2128 1222 itineris
2174 1169 2570 1222 rectitudinetn.
2629 1186 2647 1218 ι
2687 1167 2948 1233 Quoniam
2989 1186 3006 1218 ι
3037 1169 3178 1221 enim
3227 1187 3246 1220 ι
3279 1168 3457 1235 justus

1926 1258 2210 1318 Dominus,
2249 1266 2302 1310 et
2328 1256 2565 1323 justitias
2600 1256 2808 1321 dilexit,
2857 1266 2912 1310 et
2944 1256 3288 1310 rectitudines
3325 1259 3458 1312 vidit

1924 1348 2098 1399 vultus
2121 1347 2235 1413 ejus
2269 1346 2330 1406 ³⁷,
2370 1366 2387 1395 ι
2418 1346 2544 1398 illud
2565 1347 2704 1414 quod
2740 1346 2884 1399 videt
2917 1345 3194 1401 illuminat.
3213 1346 3355 1401 llanc
3385 1349 3456 1403 ob

1923 1451 2171 1500 causam,
2205 1437 2293 1504 qui
2327 1447 2406 1489 est
2441 1437 2491 1488 in
2526 1439 2952 1491 consideratione
2983 1446 3034 1489 et
3070 1437 3232 1489 tutela
3256 1475 3272 1499 ,
3317 1437 3459 1490 utili-

1927 1531 2088 1576 tatem
2118 1537 2181 1575 ex
2213 1523 2312 1576 hac
2341 1537 2467 1575 cura
2506 1531 2561 1576 et
2581 1525 2908 1591 protectione
2936 1526 3151 1594 capiens
3177 1566 3191 1590 ,
3229 1526 3401 1594 inquit
3439 1544 3457 1581 :

1929 1629 1948 1662 ι
1975 1610 2252 1680 Signatum
2295 1622 2378 1666 est
2432 1626 2593 1679 super
2629 1627 2724 1667 nos
2767 1613 2943 1669 lumen
2995 1603 3174 1668 vultus
3221 1615 3316 1677 tui,
3357 1614 3461 1668 Do-

1853 1701 1894 1754 B
1926 1703 2066 1755 mine
2103 1702 2169 1751 ³⁸.
2203 1719 2221 1751 ν
2279 1701 2460 1769 Itaque
2514 1712 2714 1757 stemus
2773 1705 2824 1757 in
2865 1705 2984 1768 viis,
3034 1707 3183 1773 juxta
3218 1705 3462 1762 Jeretniat

1921 1773 2062 1843 dicta
2093 1790 2158 1853 ”,
2194 1799 2248 1843 et
2294 1790 2534 1844 videntes
2570 1791 2966 1861 interrogemus
2993 1796 3207 1849 semitas
3245 1795 3460 1850 Domini

1923 1877 2308 1943 sempiternas:
2346 1885 2398 1930 et
2428 1879 2701 1932 videamus
2730 1893 2968 1947 quaenam
3005 1882 3070 1934 sit
3103 1883 3182 1935 via
3223 1885 3360 1937 bona
3402 1894 3458 1939 et

1923 1966 2253 2020 ambulemus
2300 1967 2352 2018 in
2401 1980 2464 2019 ea
2514 1981 2530 2018 :
2570 1967 2788 2034 perinde
2846 1981 3006 2037 atque
3050 1972 3318 2039 apostoli,
3366 1975 3458 2040 qui

1924 2063 2186 2107 steterunt
2214 2094 2228 2117 ,
2259 2063 2311 2108 et
2340 2056 2739 2124 interregarunt
2763 2059 2986 2113 semitas
3025 2061 3232 2114 Domini
3260 2064 3462 2130 sempi-

1925 2155 2143 2209 ternas;
2185 2159 2373 2212 nempe
2403 2141 2740 2211 patriarchas
2778 2158 2831 2200 et
2866 2153 3156 2216 prophetas
3178 2190 3193 2215 ,
3235 2167 3461 2219 quorum

1924 2232 2133 2285 litteras
2182 2247 2300 2284 cum
2350 2233 2797 2302 interrogassent,
2852 2245 3033 2304 postea
3080 2238 3227 2306 ipsos
3268 2238 3464 2293 intelli-

1924 2322 2113 2388 gendo,
2155 2322 2399 2374 viderunt
2430 2323 2568 2376 viam
2591 2323 2809 2386 bonam,
2839 2339 3026 2391 nempe
3052 2324 3232 2379 Jesutn
3276 2327 3459 2380 dicen-

1929 2417 2030 2460 tem
2058 2424 2073 2460 :
2113 2425 2134 2458 ι
2164 2407 2271 2477 Ego
2303 2425 2421 2462 sum
2454 2412 2538 2463 via
2581 2411 2648 2476 “,
2678 2429 2696 2462 ι
2729 2421 2784 2465 et
2824 2413 3232 2468 ambulaverunt
3279 2415 3330 2468 in
3376 2431 3460 2469 ea.

1927 2496 2074 2551 Bona
2104 2500 2247 2552 enim
2287 2501 2372 2553 via
2400 2511 2485 2554 est
2505 2517 2622 2568 quae
2656 2503 2721 2555 ad
2745 2501 2956 2555 Patrem
2979 2503 3120 2558 ducit
3145 2505 3339 2560 bonum
3363 2506 3463 2560 h0-

1927 2589 2122 2641 minem
2163 2589 2228 2642 de
2285 2591 2538 2644 thesauro
2585 2605 2682 2644 suo
2722 2591 3076 2658 proferentem
3135 2592 3272 2646 bona
3313 2592 3382 2658 ",
3411 2606 3466 2648 et

1928 2675 2124 2729 bonum
2153 2691 2365 2731 servum
2397 2685 2450 2732 et
2480 2677 2687 2732 fidelem
2722 2679 2786 2732 ⁸³.
2817 2681 3082 2735 Caeterum
3106 2682 3219 2735 haec
3249 2682 3465 2749 quidem

1930 2766 2014 2818 via
2047 2777 2268 2836 angusta
2299 2776 2380 2820 est
2407 2767 2719 2836 vulgaribus
2747 2778 2802 2823 et
2831 2769 3029 2837 alioqui
3073 2771 3252 2824 carnis
3280 2785 3468 2825 aman-

1933 2855 2089 2915 tibus,
2137 2856 2228 2924 qui
2279 2858 2379 2910 iter
2411 2872 2505 2925 per
2541 2872 2659 2911 eam
2703 2857 2885 2913 facere
2929 2875 3030 2912 non
3063 2871 3318 2927 possunt;
3373 2864 3467 2915 sed

1929 2945 2115 3000 eadem
2170 2945 2329 2998 etiam
2383 2961 2564 3014 pressa
2601 2958 2655 3000 et
2701 2948 2824 3000 trita
2859 2956 2939 3002 est
2995 2949 3063 3002 ab
3113 2949 3194 3001 his
3236 2949 3326 3016 qui
3360 2950 3469 3003 vim

258 3041 335 3111 μὴ
370 3010 791 3105 ὑπολυσάμενος
819 3010 904 3101 ’(7)
943 3030 1011 3083 τὰ
1043 3031 1355 3098 ὑποδήματα
1388 3030 1450 3080 ὲκ
1487 3028 1593 3080 τῶν
1629 3029 1825 3111 ποδῶν,

1933 3032 2131 3086 faciunt
2165 3044 2221 3085 ut
2251 3049 2344 3101 per
2370 3050 2485 3088 eam
2515 3047 2638 3089 eant
2682 3036 2744 3099 ”,
2789 3037 3037 3103 quoniam
3068 3051 3170 3089 non
3209 3047 3294 3091 est
3325 3039 3468 3092 dicta

259 3110 400 3200 μηδὲ
431 3126 676 3197 γνησίως
707 3120 1156 3192 παραδεχόμενος,
1183 3119 1262 3170 ὅτι
1291 3117 1319 3168 ὁ
1345 3117 1505 3177 τόπος
1538 3118 1594 3168 ὲν
1616 3110 1658 3181 ᾧ
1681 3117 1831 3186 ’ἐστη-

259 3229 353 3264 ιιεν
380 3213 415 3281 ἢ
449 3211 545 3263 καὶ
580 3210 640 3260 ὂν
677 3205 900 3276 βαδίζει,
932 3207 1002 3273 γῆ
1038 3204 1165 3271 ἁγία
1197 3203 1361 3255 ἐστίν.
1405 3202 1621 3266 Ἀπάξει
1653 3203 1709 3254 δὲ
1741 3204 1830 3254 ἐπὶ

265 3301 357 3370 τὴν
389 3299 539 3368 ζωὴν
571 3298 704 3349 ὄντα
735 3295 826 3347 τὸν
869 3294 1086 3346 εἰπόντα
1112 3309 1126 3323 ·
1169 3311 1187 3341 ι
1234 3290 1371 3357 Ἐγώ
1412 3292 1524 3358 εἰμι
1571 3290 1602 3356 ἡ
1635 3287 1764 3358 ζωή.
1806 3307 1825 3339 ι

267 3393 328 3443 '0
367 3392 485 3460 γὰρ
524 3387 741 3456 Σωτὴρ,
782 3387 860 3447 εἰς
896 3384 954 3435 ὃν
988 3384 1135 3435 πᾶσά
1166 3381 1310 3432 ἐστιν
1346 3379 1530 3450 ἀρετὴ,
1560 3382 1680 3440 ταῖς
1713 3381 1830 3431 ἐπι-

264 3480 438 3541 ωίαις
486 3475 680 3537 πολύς.
722 3473 822 3524 Διὰ
849 3469 992 3524 τοῦτ’
1023 3471 1165 3522 ἔστιν
1202 3468 1279 3537 τῷ
1313 3469 1407 3537 μὲν
1446 3467 1666 3536 μηδέπω
1699 3467 1830 3534 φθά-

259 3584 417 3620 σαντι
451 3566 546 3617 ἐπὶ
576 3565 642 3615 τὸ
677 3562 852 3623 τέλος,
898 3559 1012 3612 ἀλλ’
1055 3559 1132 3611 ἔτι
1171 3559 1546 3627 προκόπτοντι,
1580 3556 1725 3617 ὁδός·
1759 3555 1834 3624 τῷ

254 3660 300 3714 δ’
345 3661 453 3729 ήδη
509 3659 696 3710 πᾶσαν
738 3653 1036 3722 νεκρότητα
1084 3651 1398 3719 ἀποθεμένῳ
1445 3649 1575 3716 ζωή.
1624 3648 1833 3717 Ταύτην

254 3753 356 3818 τὴν
391 3750 515 3802 όδδν
552 3746 756 3800 ὁδεύων
788 3743 1098 3796 διδάσκεται
1144 3741 1306 3810 μηδὲν
1350 3739 1522 3809 αἴρειν
1567 3738 1645 3799 εἰς
1670 3737 1833 3806 αὐτὴν

256 3840 494 3907 ἔχουσαν
527 3836 729 3904 ἄρτους
755 3829 850 3884 καὶ
882 3829 950 3880 τὰ
983 3828 1116 3896 πρὸς
1150 3826 1311 3896 ζωὴν,
1346 3826 1431 3877 διὰ
1455 3826 1514 3877 τὸ
1544 3826 1702 3895 μηδὲν
1739 3824 1829 3875 δύ-

255 3930 457 3984 νασθαι
484 3929 614 3988 τοὺς
642 3923 934 3992 πολεμίους
969 3922 1025 3972 ὲν
1058 3921 1190 3989 αὐτῇ
1219 3918 1336 3970 οὐδὲ
1372 3917 1561 3988 ῥάϐδου
1591 3915 1827 3986 χρῄζων·

255 4019 352 4074 καὶ
389 4019 519 4070 ἐπεὶ
547 4014 683 4081 ἁγία
714 4012 879 4073 ἐστὶν,
909 4010 1014 4061 οὐδ’
1049 4008 1418 4076 ὑποδημάτων.

1935 3136 2212 3187 premens,
2248 3123 2341 3176 sed
2373 3137 2581 3190 pressa.
2613 3123 2742 3175 Nam
2773 3125 2860 3191 qui
2887 3138 2988 3176 non
3016 3123 3234 3177 solverit
3262 3123 3470 3179 calcea-

1937 3218 2111 3259 menta
2171 3210 2362 3276 pedum
2415 3224 2654 3272 suorum,
2719 3224 2893 3276 neque
2942 3210 3150 3264 sincere
3195 3211 3472 3266 admiserit

1931 3298 2068 3362 quod
2101 3297 2246 3350 locus
2268 3298 2318 3349 in
2345 3313 2450 3364 quo
2471 3308 2595 3362 stat,
2629 3297 2710 3352 vel
2731 3299 2893 3352 etiam
2923 3314 3018 3368 per
3032 3313 3189 3368 quem
3211 3301 3468 3364 ambulat.

1932 3394 2073 3438 terra
2128 3396 2308 3439 sancta
2355 3395 2438 3439 est
2479 3385 2544 3450 “,
2591 3386 2636 3439 is
2671 3387 2866 3452 premit
2912 3387 3177 3441 viventem
3221 3388 3363 3441 viam
3415 3397 3472 3442 et

1937 3475 2256 3530 sentientem
2294 3476 2650 3545 proprietates
2686 3475 2933 3530 facientis
2962 3477 3085 3531 iter.
3130 3478 3296 3531 Ducet
3329 3493 3471 3546 prze-

1936 3572 2076 3616 terea
2106 3563 2217 3616 haec
2244 3563 2326 3615 via
2356 3564 2562 3616 adeum
2588 3565 2700 3629 qui,
2726 3565 2833 3617 vita
2867 3579 2987 3618 eum
3010 3566 3099 3629 sit,
3126 3566 3260 3619 dixit
3286 3584 3300 3616 :
3333 3566 3472 3634 «Ego
3562 3586 3564 3589 ·

1934 3664 2050 3704 sum
2083 3651 2188 3703 vita
2216 3651 2282 3704 ⁸⁸.
2315 3669 2334 3701 ι
2383 3651 2636 3705 Servatur
2683 3667 2932 3719 namque,
2983 3655 3034 3706 in
3076 3667 3182 3720 quo
3225 3654 3472 3708 universa

1935 3746 2016 3789 est
2039 3738 2229 3800 virtus,
2264 3738 2422 3790 variis
2452 3739 2619 3791 modis
2636 3747 2814 3806 potest
2834 3738 3051 3806 intelligi
3072 3748 3126 3792 et
3153 3740 3467 3807 signiﬁcari.

1938 3823 2068 3877 llinc
2100 3825 2170 3877 illi
2203 3825 2291 3892 qui
2310 3827 2374 3877 ad
2395 3826 2549 3878 linem
2577 3827 2808 3878 nondum
2831 3828 3149 3893 pervenerit,
3178 3827 3269 3880 sed
3298 3827 3474 3882 adhuc

1935 3911 2271 3979 progreditur
2300 3925 2363 3965 ac
2389 3911 2616 3979 proiicit,
2639 3921 2722 3965 est
2754 3913 2835 3964 via
2860 3928 2876 3976 ;
2903 3911 2976 3964 illi
3003 3926 3125 3965 vero
3155 3913 3476 3979 quiomnem

1943 3999 2322 4054 mortalitatem
2361 3999 2688 4068 deposuerit,
2719 4001 2848 4052 vita.
2891 3999 2996 4053 Per
3032 4000 3172 4054 hanc
3217 4001 3355 4054 viam
3382 4004 3477 4070 qui

253 4112 530 4170 ambulat,
563 4109 793 4163 docetur
822 4105 868 4138 “
899 4103 1027 4157 nihil
1055 4104 1106 4155 in
1138 4103 1279 4155 illam
1319 4102 1521 4164 tollere,
1560 4100 1684 4169 quia
1732 4100 1840 4166 ipsa
1891 4109 2056 4164 panes
2093 4095 2274 4156 habet,
2313 4101 2367 4146 et
2396 4107 2516 4161 qua:
2551 4094 2616 4146 ad
2665 4093 2828 4146 vitam
2871 4092 3176 4161 pertinent;
3219 4108 3290 4146 ne
3325 4093 3476 4164 virga

253 4207 481 4274 quidem
530 4214 724 4268 egens,
761 4199 902 4265 quod
935 4196 1066 4249 nihil
1113 4198 1165 4248 in
1193 4195 1280 4247 illa
1329 4196 1534 4260 possint
1563 4195 1784 4256 hostes;
1833 4190 1926 4243 sed
1962 4187 2384 4274 nequepcalceis,
2413 4186 2537 4253 quia
2569 4194 2754 4239 sancta
2788 4185 2878 4274 sit.

326 4293 422 4346 12.
467 4289 709 4340 Δύναται
753 4284 1000 4352 μέντοιγε
1038 4279 1133 4331 τό·
1185 4297 1202 4327 ι
1247 4276 1386 4345 Ἐγὼ
1429 4276 1576 4345 φωνὴ
1608 4275 1825 4345 βοῶντος

2007 4273 2092 4326 12.
2142 4272 2294 4326 Valet
2346 4279 2522 4325 autem
2581 4270 2902 4324 tantumdem
2953 4268 3126 4322 illud:
3166 4268 3324 4337 «Ego
3373 4282 3477 4324 vox

251 4383 315 4436 ὲν
343 4384 413 4450 τῇ
457 4379 688 4450 ιρήμῳ,
735 4394 754 4424 ›
799 4373 892 4425 καὶ
929 4371 988 4421 τὸ
1026 4369 1172 4437 ἑξῆς,
1206 4367 1315 4418 ἴσον
1357 4362 1492 4417 εἶναι
1537 4365 1643 4433 τῷ·
1697 4364 1825 4430 Ἐγώ

1940 4361 2220 4413 clamantis
2265 4359 2316 4412 in
2355 4359 2567 4412 deserto
2591 4358 2656 4423 δ’,
2683 4376 2700 4408 ι
2741 4364 2795 4410 et
2833 4356 2976 4424 quod
3022 4357 3287 4422 sequitur,
3332 4368 3395 4410 ac
3428 4356 3477 4410 si

251 4446 566 4539 εἰμι-πέρι
601 4457 666 4516 οὗ
710 4463 1045 4530 γέγραπται·
1104 4475 1122 4505 ι
1183 4453 1335 4522 Φωνὴ
1383 4451 1626 4521 βοῶντος,
1683 4470 1700 4501 ›
1758 4451 1825 4512 ὡς

1937 4453 2142 4506 dieeres
2177 4470 2191 4504 :
2223 4452 2334 4520 Ego
2357 4466 2472 4504 sum
2505 4450 2594 4505 ille
2619 4450 2683 4504 de
2716 4464 2824 4517 quo
2862 4449 3119 4516 scriptum
3156 4458 3274 4502 est:
3309 4465 3329 4498 ι
3359 4446 3476 4500 Vox

254 4535 472 4625 βοῶντα
495 4535 638 4608 εἶναι
672 4553 764 4604 τὸν
805 4549 1075 4617 Ἰωάννην,
1114 4547 1208 4597 καὶ
1237 4543 1422 4596 τούτου
1443 4541 1538 4610 τὴν
1563 4540 1741 4609 φωνὴν
1774 4543 1825 4591 ὲν

1933 4539 2239 4602 clamantis,
2266 4558 2283 4588 ι
2335 4548 2391 4591 ut
2420 4538 2686 4592 clamante
2716 4536 2921 4591 Joanne
2942 4573 2958 4600 ,
2991 4550 3089 4589 vox
3123 4535 3280 4600 hujus
3311 4535 3473 4586 etiam

251 4623 317 4719 τῇ
372 4649 578 4717 ἐρήμῳ
627 4643 786 4712 βοᾷν·
848 4659 866 4689 ι
921 4637 1194 4689 Εύμῦνατε
1239 4634 1335 4702 τὴν
1366 4631 1480 4719 όδδν
1532 4630 1824 4719 Κυρίου.)

1933 4629 2127 4682 clamet
2163 4644 2177 4682 :
2217 4643 2236 4677 ι
2274 4626 2497 4696 Dirigite
2549 4627 2691 4679 viam
2730 4625 2960 4679 Domini.
2995 4643 3013 4674 ι
3070 4623 3474 4676 Maledicentius
3543 4680 3546 4682 γ

250 4710 447 4804 Δυσφη
458 4710 774 4802 μότερονγδὲ
797 4728 825 4780 ὀ
857 4723 1162 4796 Ἡρακλέων
1187 4722 1312 4790 περὶ
1347 4718 1585 4771 Ἰωάννου
1608 4719 1699 4769 καὶ
1727 4717 1825 4769 τῶν

1939 4723 2114 4768 autem
2188 4715 2479 4769 lleracleon
2523 4716 2588 4768 de
2627 4714 2836 4770 Joanne
2894 4713 3048 4781 12],
3103 4723 3156 4764 et
3206 4710 3477 4778 prophetis

249 4803 565 4896 προφητῶν
615 4816 1017 4886 διαλαμϐάνων,
1059 4811 1254 4881 φησιν,
1293 4810 1371 4861 ὅτι
1411 4810 1437 4858 ὁ
1472 4807 1636 4873 Λόγος
1664 4807 1760 4874 μὲν
1804 4809 1825 4858 ό

1939 4805 2204 4858 disserens
2220 4805 2393 4874 inquit
2416 4803 2729 4859 Sermonem
2750 4817 2870 4858 esse
2897 4805 3260 4862 Servatorem;
3288 4809 3474 4851 vocem

323 4933 371 4964 ³⁸
424 4928 592 4983 Joan.
643 4941 684 4986 ι,
720 4923 812 4976 25.
926 4920 968 4950 ³⁸
997 4919 1155 4972 Prov.
1195 4930 1266 4978 tv,
1293 4915 1382 4986 Ξῖ.
1561 4908 1704 4986 Εεθιε
1735 4927 1784 4974 x,
1814 4911 1825 4962 ί

1933 4913 2401 4986 *³⁸Ῠῐξ831ηξν-,ᾲ7η
2471 4914 2512 4944 ³³
2554 4913 2664 4986 Jer.
2695 4913 2903 4986 tiu-16.
3010 4910 3052 4939 ⁸ο
3083 4906 3252 4986 {oath
3280 4905 3474 4986 {ty/3}.

247 5003 294 5035 “
329 4972 810 5054 Μίιῖίίίηίιίξὸἶξ
870 4989 914 5019 "’
947 4987 1133 5040 Matth.
1170 4972 1293 5044 xxv,
1320 4983 1408 5034 2|.
1487 4978 1531 5008 ⁸³
1557 4975 1742 5031 Matth.
1773 4972 1825 5031 vn

1931 4981 1984 5045 5,
2021 4983 2107 5035 14.
2184 4981 2229 5013 ⁸⁸
2261 4972 2424 5035 Exod.
2462 4999 2540 5043 ιιι,
2565 4984 2616 5036 5.
2693 4982 2735 5010 ⁸⁵
2765 4980 2918 5032 Joan.
2941 4992 3047 5039 xtv,
3081 4976 3132 5025 6.
3209 4973 3255 5002 ⁸⁸
3283 4972 3472 5024 Matth.

249 5085 307 5132 χ,
343 5069 440 5121 10.
524 5065 570 5095 ⁸⁷
603 5062 764 5115 Joan.
796 5075 836 5122 ι,
875 5057 963 5109 25.

321 5163 406 5230 (δ)
435 5154 867 5230 Mam-urna
893 5147 1041 5230 μήτε
1063 5142 1360 5230 alsisse
1377 5140 1571 5230 £3233.
1598 5138 1825 5230 ῗέςέὲξῖξῖ

1973 5137 2084 5230 λςᾷ)
2115 5137 2302 5230 Ὡπερ.
2331 5134 2438 5230 δρᾷ
2489 5133 2729 5230 ξερτξζςι.
2781 5132 2885 5224 Ιιιξν
2917 5131 3078 5184 codex
3125 5129 3468 5190 Bodleianus;

835 5203 1141 5292 scripturae
1156 5203 1347 5292 locunt‘
1371 5203 1825 5292 θ’ριὶιηεμιοεειίιιιῗ

1938 5203 2100 5265 editio
2131 5204 2327 5263 Iluetii,
2352 5208 2490 5271 ὅπερ
2513 5203 2568 5252 δὲ
2599 5203 2696 5269 ὁρᾷ
2719 5203 2958 5266 φωτίζει.
3052 5263 3062 5272 ¹
3383 5261 3392 5272 _

2009 5273 2079 5292 [tu
2111 5275 2172 5292 -x-
2194 5268 2486 5292 ιι--..ι---,...
2544 5269 2631 5292 ἐξ..
2669 5270 2831 5292 ,υηιην
2887 5262 3204 5292 υΛιΙΙΔιιιιιιιο
3229 5280 3242 5292 ο
3310 5263 3392 5292 ΑΛ.

249 5245 476 5296 στερα.
510 5245 608 5278 διε
647 5245 792 5275 ΙΙυιΙυ
837 5245 1126 5283 ουιιμιυιω
1157 5245 1326 5291 IU.\—ulll
1371 5245 1574 5287 ινιτ-...ην
1607 5245 1825 5285 tuon“...

249 5300 438 5350 codex
495 5291 861 5349 Bodleianus;
895 5287 1145 5336 mendose
1201 5296 1252 5332 tu
1309 5278 1477 5346 Regio
1526 5275 1719 5340 legitur
1762 5273 1825 5340 μὴ

2516 5245 2655 5321 ⁷ὲίἶιΓ
2665 5245 2850 5320 ἷοῖιὲί
2864 5245 2991 5318 ’ὑὸιι
3001 5262 3210 5316 leiauus
3229 5280 3245 5328 ;
3309 5259 3480 5320 editio

1036 5416 1201 5470 codex
1267 5412 1618 5472 Bodleianus;
1671 5407 1825 5461 editio

1938 5336 2138 5402 Hu'etii,
2173 5336 2609 5406 μεγαλοσάρκων.

2009 5410 2086 5476 (7)
2119 5407 2298 5460 Codex
2328 5403 2662 5467 Bodleianus,
2687 5399 3110 5468 ἀπολυσάμενος.

256 5494 477 5564 Ηιιόίίἰ,
514 5494 816 5558 εὐθύτητα.

519 5548 806 5647 Pyrno!"
873 5575 990 5633 GR.
1042 5571 1212 5631 XIV.
