3880 6234
591 243 700 298 255

2037 227 2353 284 OBIGENIS

594 369 689 425 per
712 351 968 407 Joannem
996 346 1250 415 intelligi;
1298 357 1487 399 sonum
1512 356 1639 395 vero
1672 356 1790 397 esse
1820 341 2126 397 universum

2113 357 2129 394 ι
2159 348 2204 402 Α
2232 343 2418 412 Σωτήρ
2449 345 2612 410 ἐστιν,
2644 339 2791 414 φωνὴ
2815 345 2870 397 δὲ
2895 346 2926 414 ἡ
2963 346 3017 397 ὲν
3042 347 3108 415 τῇ
3132 345 3313 415 ἐρήμῳ
3342 349 3372 417 ή
3395 347 3478 401 διὰ
3517 350 3645 404 Ἰωάι

594 442 972 512 prophetarum
1033 435 1296 490 ordinem.
1356 433 1557 486 Contra
1605 445 1762 498 quem
1827 430 2129 495 dicendum,

591 523 1038 600 quemadmodum
1086 524 1132 577 si
1174 522 1433 576 incertam
1491 535 1674 573 vocem
1730 519 1854 573 tuba
1904 519 2132 585 dederit,

593 619 772 673 nullus
796 618 1092 669 adornatur
1123 613 1186 665 ad
1211 612 1409 667 bellum
1442 612 1511 676 ⁸⁸,
1542 620 1596 666 et
1623 612 1712 681 qui
1742 612 1858 666 sine
1875 611 2136 667 cbaritate

594 705 969 776 mysteriorum
1014 702 1376 771 cognitionem
1424 716 1517 756 seu
1577 701 1914 770 prophetiam
1953 701 2133 769 habet,

594 796 768 848 factus
806 800 882 846 est
918 806 990 846 tes
1015 804 1297 855 resonans,
1328 799 1423 844 aut
1457 790 1760 859 cymbalum
1790 789 2022 844 tinniens
2050 788 2131 854 ‘9;

595 884 667 936 ita
699 884 744 936 si
779 881 907 935 nihil
941 880 1086 934 aliud
1141 894 1243 933 vox
1282 881 1591 949 prophetica
1626 880 1694 932 sit
1740 893 1902 947 quam
1949 892 2131 942 sonus,

595 970 860 1038 quomodo
893 969 1172 1023 remittens
1197 969 1264 1022 ad
1309 983 1427 1023 eam
1477 982 1575 1023 nos
1607 967 1862 1021 Servator
1885 967 2014 1021 dicit
2042 968 2087 998 ⁸ο
2117 984 2130 1019 :

602 1079 622 1111 ι
654 1059 980 1115 Scrutamini
1012 1058 1338 1126 Scripturas,
1369 1056 1496 1124 quia
1521 1070 1616 1109 vos
1646 1054 1897 1108 videmini
1932 1056 1983 1107 in
2008 1055 2135 1122 ipsis

594 1151 761 1204 vitam
804 1160 1059 1203 aeternam
1110 1148 1305 1201 habere
1343 1160 1357 1198 :
1389 1155 1443 1199 et
1490 1144 1593 1199 illae
1632 1154 1759 1200 sunt
1800 1158 1917 1213 quae
1951 1143 2136 1197 testiﬁ-

597 1249 792 1296 cantur
840 1241 906 1294 de
951 1252 1077 1304 me;
1105 1256 1123 1289 ι
1184 1246 1239 1290 et
1271 1236 1314 1268 ⁸¹
1344 1253 1357 1288 :
1393 1253 1412 1286 ι
1449 1233 1505 1288 Si
1538 1233 1906 1288 credidissetis
1939 1232 2133 1301 Moysi,

598 1330 969 1387 credidissetis
1036 1327 1220 1395 utique
1270 1335 1325 1380 et
1386 1323 1518 1378 mihi
1561 1325 1677 1377 :de
1726 1337 1812 1376 me
1858 1322 2000 1376 enim
2050 1321 2136 1375 ille

596 1420 850 1488 scripsit;
882 1437 903 1470 ο
959 1426 1012 1473 et
1068 1417 1159 1469 "z
1220 1415 1410 1468 «Bene
1480 1413 1821 1483 prophetarit
1867 1413 1932 1467 de
1986 1411 2136 1465 vobis

597 1510 782 1572 Isaias,
826 1509 1045 1562 dicens:
1078 1504 1308 1575 Populus
1353 1504 1440 1558 hic
1492 1502 1647 1556 labiis
1694 1516 1779 1556 me
1833 1502 2080 1556 honorat.
2110 1518 2132 1553 ι

597 1598 751 1653 Haud
786 1597 930 1651 enim
969 1596 1083 1651 scio
1132 1610 1199 1649 an
1236 1592 1631 1648 rationabiliter
1655 1591 1906 1646 admittet
1942 1589 2136 1657 aliquis

596 1688 864 1743 incertum
896 1698 1085 1740 sonum
1116 1698 1146 1736 a
1172 1682 1459 1737 Servatore
1494 1680 1699 1734 laudari
1726 1698 1740 1746 ;
1772 1679 1854 1734 vel
1883 1693 1949 1732 an
1978 1680 2136 1732 liceat

598 1792 664 1833 ex
694 1775 985 1844 Scripturis
1012 1772 1101 1843 [ad
1122 1786 1256 1841 quas
1280 1768 1626 1839 remittimur]
1654 1783 1751 1824 ceu
1777 1784 1807 1822 a
1836 1781 1968 1823 voce
1996 1768 2136 1822 tubae

601 1865 851 1922 adornari
888 1864 952 1917 ad
981 1862 1174 1917 bellum
1203 1868 1390 1914 contra
1444 1858 1716 1928 oppositas
1757 1857 2000 1913 actiones
2024 1898 2040 1924 ,
2088 1855 2135 1911 si

599 1969 763 2010 sonus
794 1952 997 2007 dederit
1024 1953 1285 2006 incertam
1305 1964 1511 2005 vocem.
1530 1948 1771 2014 Quonam
1794 1947 1932 2002 enim
1955 1954 2133 2015 pacto,

598 2042 645 2097 si
679 2041 994 2095 charitatetn
1022 2053 1125 2092 non
1156 2038 1461 2091 habuerunt
1497 2036 1793 2103 prophetae,
1820 2038 1886 2090 ob
1912 2049 2135 2101 eamque

595 2143 812 2185 causam
840 2127 1004 2182 veluti
1036 2141 1108 2181 aes
1132 2126 1473 2188 resonabant,
1512 2133 1603 2176 aut
1640 2131 1892 2193 tanquam
1920 2124 2137 2192 cymba-

592 2217 709 2274 lum
735 2215 1055 2275 tinniebant,
1080 2215 1147 2269 ad
1173 2227 1361 2269 sonum
1392 2213 1653 2281 ipsorum,
1679 2220 1737 2264 ut
1766 2210 1842 2264 illi
1877 2211 2137 2278 interpre-

598 2309 700 2364 tati
746 2316 898 2370 sunt,
951 2303 1172 2358 remittit
1223 2316 1319 2357 nos
1354 2300 1610 2356 Dominus
1666 2299 1789 2354 inde
1850 2298 2135 2353 utilitatem

598 2394 982 2466 percepturos?
1012 2392 1220 2447 Rursus
1249 2391 1413 2447 etiam
1443 2392 1627 2444 nescio
1649 2388 1915 2457 quomodo
1936 2387 2137 2455 absque

598 2484 705 2540 ulla
752 2482 1064 2553 probatione
1131 2481 1374 2536 enuntiet
1442 2493 1630 2534 vocem
1688 2476 1923 2533 sermoni
1981 2477 2137 2530 valde

592 2571 1077 2632 accommodatam,
1102 2582 1401 2623 sermonem
1433 2567 1547 2622 ﬁeri
1577 2583 1590 2619 :
1622 2567 1775 2636 quasi
1799 2580 1929 2621 vero
1951 2567 2135 2620 mulie-

602 2676 715 2715 rem
747 2659 799 2713 in
826 2659 996 2713 virum
1029 2664 1370 2712 transmutet.
1416 2653 1685 2709 Praeterea
1710 2655 1862 2722 quasi
1900 2663 2138 2724 potesta-

598 2758 710 2804 tein
737 2748 938 2803 habens
962 2745 1222 2802 condendi
1248 2746 1522 2813 dogmata,
1552 2751 1607 2798 et
1631 2744 1792 2799 [idem
1821 2743 1927 2800 sibi
1956 2744 2138 2812 acqui-

600 2834 775 2898 rendi,
814 2841 869 2888 et
898 2830 1231 2901 proﬁciendi,
1288 2830 1528 2886 futurum
1580 2830 1773 2905 inquit,
1829 2839 1891 2886 ut
1932 2833 2137 2887 sonitus

2231 431 2595 500 διανοουμένη,
2620 428 2747 503 ῆχος
2771 433 2827 485 δὲ
2854 436 2998 484 πᾶσα
3018 435 3320 505 προφητικὴ
3335 434 3477 499 τάξις
3499 476 3511 489 .
3532 438 3644 490 Δεκσ

2231 519 2286 571 δὲ
2316 519 2447 589 πρὸς
2477 521 2654 587 αὐτὸν,
2682 522 2783 584 ὃτι,
2808 520 2995 591 ὥσπερ
3048 522 3141 574 ἐὰν
3179 522 3362 592 ἄδηλον
3397 524 3612 593 σάλπιγξ

2233 607 2328 677 νὴν
2361 607 2455 677 δῷ,
2481 608 2651 671 οὐδεὶς
2697 609 3170 679 παρασκευάζεται
3213 611 3289 672 εἰς
3315 610 3557 681 πόλεμον,
3596 630 3646 665 κε

2232 700 2398 770 χωρὶς
2441 700 2657 770 ἀγάπης
2707 700 2844 770 ἔχων
2898 701 3097 768 γνῶσιν
3147 703 3447 772 μυστηρίων
3486 703 3520 773 ἢ
3563 722 3650 775 πρ(

2231 788 2378 842 τείαν
2407 789 2594 858 γέγονε
2619 788 2811 857 χαλκὸς
2828 789 2995 859 ἠχῶν,
3021 790 3054 859 ἢ
3084 789 3149 842 κύ
3158 789 3351 859 μὸαλον
3375 789 3646 855 ἀλαλάζον

2232 894 2356 940 τως,
2382 877 2430 928 εἰ
2458 877 2620 947 μηδέν
2644 879 2788 930 ἐστιν
2809 877 2992 949 ἓτερον
3023 878 3056 946 ἢ
3077 873 3207 947 ἦχος
3229 881 3262 948 ή
3284 881 3585 949 προφητικὴ
3606 897 3650 948 φη

2234 966 2346 1028 πῶς
2374 967 2707 1036 ἀναπέμπων
2733 969 2880 1037 ἡμᾶς
2907 968 2994 1019 ἐπ’
3025 967 3192 1038 αὐτὴν
3218 968 3247 1019 ὁ
3286 967 3491 1039 Σωτὴρ,
3533 987 3552 1019 ι
3598 970 3650 1021 Ἐ

2233 1055 2377 1115 νᾶτε,
2420 1073 2438 1105 ι
2484 1056 2635 1124 φησὶ,
2675 1074 2694 1105 ι
2744 1054 2842 1117 τὰς
2886 1054 3128 1125 Γραφάς,
3172 1056 3254 1108 ὅτι
3301 1055 3456 1126 ὑμεῖς
3485 1055 3650 1109 δοκεῖτ

2234 1146 2418 1206 αὐταῖς
2441 1142 2584 1215 ζωὴν
2608 1144 2820 1199 αἰώνιον
2842 1145 2985 1215 ἔχειν
3005 1162 3017 1176 ο
3046 1147 3141 1198 καὶ
3164 1146 3367 1198 ἐκεῖναί
3390 1146 3523 1199 εἰσιν
3555 1148 3610 1200 αἱ
3640 1164 3650 1216 ι

2231 1232 2485 1302 τυροῦσαι
2508 1250 2521 1263 ·
2550 1254 2567 1284 ι
2598 1235 2718 1287 καί·
2747 1253 2765 1285 ι
2795 1236 2857 1287 El
2884 1234 3194 1287 ἐπιστεύετε
3213 1235 3650 1300 Μωῦσεῖ,ὲπιστε

2232 1321 2296 1374 ἂν
2317 1322 2456 1391 ὲμοί·
2482 1325 2607 1394 περὶ
2634 1324 2741 1394 γὰρ
2766 1323 2899 1395 ἐμοῦ
2930 1326 3134 1387 ἐκεῖνος
3158 1323 3386 1393 ἔγραψε·
3420 1342 3439 1375 ι
3473 1325 3561 1377 καί
3581 1342 3593 1354 ·
3630 1344 3645 1374 ι

2232 1409 2337 1473 λῶς
2364 1413 2732 1482 προεφήτευσε
2760 1414 2886 1483 περὶ
2916 1413 2946 1465 ὑ
2956 1411 3070 1482 μῶν
3095 1411 3347 1476 Ἥσαῒας,
3370 1411 3563 1481 λέγων·
3588 1412 3645 1466 '0

2232 1494 2381 1562 οὗτος
2408 1502 2519 1562 τοῖς
2550 1499 2748 1570 χείλεσι
2788 1518 2857 1571 με
2894 1502 3047 1570 τιμᾷ·
3102 1519 3121 1551 ι
3162 1500 3277 1554 Ούκ
3311 1497 3427 1553 οἶδα
3473 1501 3581 1572 γάρ
3624 1520 3649 1553 ε

2235 1588 2336 1659 ἄση
2346 1605 2442 1658 μον
2471 1584 2603 1659 ἦχον
2631 1589 2987 1660 παραδέξεται
3012 1607 3095 1652 τις
3112 1591 3352 1659 εὐλόγως
3376 1591 3481 1644 ὑπὸ
3500 1592 3593 1644 τοῦ
3614 1593 3652 1642 Σ

2239 1694 2326 1747 ρος
2354 1678 2707 1741 ἐπαινεῖσθαι,
2734 1679 2766 1749 ἢ
2800 1679 2973 1732 ἔνεστι
3005 1682 3532 1750 παρασκευάσασθαι
3560 1683 3652 1736 ἀπὶ

2235 1768 2486 1838 Γραφῶν,
2517 1770 2592 1832 ὼς
2628 1770 2735 1822 ἀπὸ
2767 1770 2950 1839 φωνῆς
2980 1769 3284 1838 σάλπιγγος
3327 1771 3428 1839 ἐφ’,
3452 1770 3518 1834 ἃς
3562 1772 3650 1824 ἀνα

2236 1858 2447 1926 πόμεθα
2468 1860 2546 1921 είς
2574 1858 2664 1910 τὸν
2693 1859 2828 1929 πρὸς
2859 1858 2956 1921 τὰς
2988 1858 3379 1928 ἀντικειμένας
3404 1860 3650 1930 ἑνεργεία

2235 1948 2412 2017 λεμον,
2441 1948 2633 2018 ἀδήλου
2660 1949 2841 2018 φωνῆς
2864 1949 2996 2018 ῆχου
3023 1950 3430 2021 τυγχανούσης,
3456 1951 3591 2005 Τίνα
3614 1951 3654 2003 δί

2236 2054 2333 2089 πον
2361 2039 2408 2089 εί
2453 2038 2526 2108 μὴ
2559 2037 2776 2107 ἀγάπην
2805 2035 2948 2108 εἶχον
2985 2039 3036 2090 οἱ
3074 2040 3380 2110 προφῆται,
3422 2040 3519 2094 καὶ
3552 2040 3638 2092 διὰ

2233 2127 2427 2196 χαλκὸς
2448 2124 2586 2198 ἦσαν
2610 2126 2887 2197 ὴχοῦντες,
2917 2128 2950 2197 ἢ
2974 2128 3043 2181 κύ
3052 2128 3262 2199 μϐαλον
3292 2129 3583 2194 ἀλαλάζον,
3610 2130 3654 2181 ετ

2233 2211 2363 2284 ἦχον
2391 2217 2586 2280 αὐτῶν,
2621 2217 2696 2280 ὡς
2723 2218 2920 2271 ἐκεῖνοι
2952 2217 3276 2287 εἰλήφασιν,
3311 2220 3656 2289 ἀναπέμπειν

2238 2323 2351 2376 ριος
2375 2306 2928 2376 ὠφεληθησομένους;
2957 2307 3078 2360 Οὐκ
3115 2304 3239 2361 οἶδα
3271 2308 3316 2360 δ’
3346 2309 3500 2371 ὅπως
3531 2310 3652 2379 χωρ’

2238 2413 2335 2466 σης
2360 2397 2701 2466 κατασκευῆς
2730 2396 3096 2463 ἀποφαίνεται
3121 2397 3231 2468 τὴν
3263 2397 3474 2469 φωνὴν,
3497 2401 3656 2452 οίκειι

2235 2480 2395 2537 οὖσαν
2441 2484 2519 2554 τῷ
2559 2482 2720 2553 λόγῳ,
2766 2483 2922 2551 λόγον
2977 2485 3244 2551 γίνεσθαι
3267 2524 3283 2551 ,
3327 2485 3407 2549 ὡς
3459 2488 3559 2540 καὶ
3603 2487 3658 2540 τί)

2236 2575 2395 2625 ναίκα
2447 2572 2527 2634 είς
2580 2572 2748 2644 ἄνδρα
2803 2573 3225 2643 μετατίθεσθαι.
3278 2577 3392 2628 Καὶ⁸
3452 2574 3532 2639 ὡς
3595 2576 3656 2639 ἐξ

2236 2660 2371 2729 ἔχων
2402 2661 2496 2714 τοῦ
2517 2661 2883 2732 δογματίζειν,
2911 2663 3012 2717 καὶ
3052 2664 3451 2731 πιστεύεσθαι,
3498 2666 3595 2718 καὶ
3641 2685 3656 2717 τ

2236 2768 2407 2815 πτειν,
2440 2751 2516 2821 τῷ
2547 2753 2662 2823 ήχῳ
2696 2753 2858 2824 φησιν
2878 2753 3109 2809 ἔσεσθαι
3141 2756 3249 2829 τὴν
3286 2759 3371 2821 είς
3398 2757 3584 2829 φωνὴν
3619 2777 3658 2828 μ

2235 2841 2353 2911 λὴν,
2404 2841 2640 2910 μαθητοῦ
2695 2843 2791 2912 μὲν
2834 2842 3023 2913 χώραν
3072 2845 3261 2909 διδοὺς
3307 2850 3376 2918 τῇ
3432 2848 3656 2917 μεταεαῖ

600 2931 838 2976 mutetur
880 2921 934 2975 in
969 2934 1173 2983 vocem,
1220 2920 1337 2975 loco
1371 2919 1615 2987 discipuli
1653 2928 1894 2976 statuens
1947 2935 2132 2976 vocem

2125 2937 2132 2974 I
2162 2948 2204 3005 ε
2236 2931 2314 2991 είς
2340 2929 2493 2997 λόγον
2532 2934 2701 3000 φωνῇ,
2735 2931 2769 2995 ἢ
2798 2930 2992 2985 δούλου
3021 2935 3083 2987 δὲ
3117 2938 3190 3005 τῇ
3223 2936 3339 2989 ἀπὸ
3366 2937 3506 3006 ῆχου
3537 2938 3619 3000 εἰς
3646 2956 3657 2988 ι

598 3019 969 3066 transeuntem
991 3010 1044 3064 in
1075 3023 1399 3073 sermonem,
1428 3008 1546 3062 loco
1569 3023 1699 3063 vero
1731 3009 1874 3063 servi
1903 3011 2135 3064 sonitum

600 3108 967 3155 transeuntem
1002 3100 1056 3154 in
1109 3112 1313 3152 vocem.
1368 3098 1517 3163 Quod
1565 3099 1611 3152 si
1657 3098 2136 3168 quomodocunque

598 3189 865 3244 attulisset
892 3187 1094 3255 aliquas
1125 3185 1428 3255 probabiles
1442 3186 1676 3242 rationes
1701 3188 1754 3240 in
1783 3189 1867 3243 his
1888 3198 2135 3242 astruen-

601 3278 705 3341 dis,
728 3277 1122 3332 laborassemus
1148 3276 1310 3330 etiam
1341 3289 1443 3330 nos
1470 3276 1521 3328 in
1553 3276 1637 3330 his
1663 3276 1994 3332 refellendis.
2029 3277 2135 3332 Sed

599 3367 794 3424 snlllcit
826 3367 892 3422 ad
913 3367 1028 3421 haec
1051 3364 1346 3422 refellenda
1362 3352 1511 3422 'nuda
1537 3366 1867 3436 simplexque
1895 3368 2130 3436 negatio.

601 3455 708 3511 Sed
758 3469 858 3523 age
887 3494 903 3520 ,
962 3454 1104 3522 quod
1166 3453 1548 3509 distuleramus
1603 3454 1655 3508 in
1708 3455 2134 3522 praecedentibus

600 3545 871 3612 inquirere
893 3581 910 3608 ,
937 3543 1200 3611 quomodo
1224 3553 1400 3598 motus
1429 3541 1570 3607 fuit,
1602 3558 1743 3597 nunc
1783 3543 2127 3597 disseramus.

599 3632 868 3695 Servator,
898 3631 1049 3700 juxta
1082 3630 1483 3695 Heracleonem,
1512 3630 1773 3685 Joannem
1801 3634 1974 3699 ipsum
2003 3632 2132 3687 dicit

597 3732 652 3778 et
674 3721 986 3792 pr0phetam
1016 3731 1070 3777 et
1093 3722 1263 3776 Eliam
1296 3736 1311 3775 :
1340 3736 1568 3792 quorum
1609 3730 1895 3791 utrumque
1916 3736 1975 3777 se
2010 3736 2132 3778 esse

598 3821 756 3880 negat
806 3809 1079 3882 [Joannes
1137 3810 1326 3881 ipse;]
1384 3820 1642 3879 prmterea
1711 3810 2020 3880 prephetam
2076 3820 2131 3867 et

598 3900 768 3954 Eliam
786 3914 904 3954 cum
929 3899 1181 3954 Servator
1212 3900 1384 3968 ipsum
1405 3900 1532 3954 dicit
1548 3902 1565 3968 (
1584 3900 1754 3969 inquit
1782 3899 2126 3968 Heracleon),

596 4002 704 4043 non
731 3988 900 4056 ipsum
933 3985 1194 4042 Joannem
1226 3986 1506 4052 declarat,
1557 3990 1649 4042 sed
1677 4004 1797 4057 quae
1837 3998 1961 4042 sunt
1984 3991 2127 4043 circa

592 4076 787 4145 ipsum;
817 4090 938 4130 cum
966 4090 1092 4130 vero
1138 4074 1395 4143 majorem
1433 4077 1591 4130 etiam
1632 4077 1903 4145 prephetis
1943 4086 1996 4131 et
2044 4077 2130 4131 his

592 4168 681 4235 qui
708 4174 830 4219 sunt
875 4165 1013 4219 inter
1047 4174 1204 4219 natos
1232 4164 1537 4228 mulierum,
1593 4175 1718 4220 tunc
1757 4166 1928 4234 ipsum
1961 4165 2127 4221 Joan-

592 4269 711 4309 nem
744 4254 1002 4322 designat.
1042 4252 1291 4319 Proinde,
1336 4253 1508 4320 inquit
1534 4252 1852 4320 Heracleon,
1895 4253 2122 4309 Joannes

1055 4252 1291 4319 Proinde,
1336 4253 1508 4320 inquit
1534 4252 1852 4320 Heracleon,
1895 4253 2122 4309 Joannes
2156 4268 2200 4323 ι)
2225 4267 2587 4336 πεποιήμεθα,

588 4340 703 4409 ipse
729 4343 1105 4410 interrogatus,
1138 4341 1203 4395 de
1229 4340 1406 4408 seipso
1435 4341 1755 4411 respondet,
1799 4357 1904 4398 non
1942 4345 2007 4399 de
2041 4345 2122 4399 his

589 4446 708 4501 quae
743 4432 880 4486 circa
912 4433 1143 4500 seipsum
1183 4440 1326 4488 sunt.
1353 4433 1529 4503 '122
1567 4433 1828 4489 Caeterum
1876 4451 2120 4507 magnam

589 4522 913 4591 diligentiam
937 4522 1002 4576 de
1048 4522 1194 4577 hisce
1235 4524 1395 4579 rebus
1430 4540 1526 4594 pro
1565 4526 1707 4580 virili
1758 4527 2118 4594 adhibuimus,

589 4620 646 4665 ut
678 4611 808 4665 nihil
834 4626 936 4665 non
959 4612 1334 4668 conﬁrmatum
1359 4615 1748 4683 omitteremus,
1773 4632 1880 4686 quo
1903 4633 2123 4689 compa-

586 4710 832 4756 rarentur
858 4700 1093 4764 termini,
1117 4715 1255 4769 quos
1282 4711 1495 4769 vocant,
1533 4718 1654 4759 cum
1682 4706 1765 4760 his
1794 4721 1912 4775 quae
1942 4723 2117 4763 enun-

2239 3019 2349 3072 Καὶ
2377 3021 2426 3072 εἰ
2472 3021 2568 3089 μὲν
2606 3020 2753 3083 ὅπως
2785 3021 2914 3074 ποτὲ
2967 3024 3327 3095 πιθανότητα
3379 3026 3583 3096 ἔφερεν
3640 3028 3658 3078 ἐ

2239 3108 2373 3161 αύτά
2401 3110 2826 3172 κατασκευάσαι,
2854 3111 2961 3164 κᾶν
2993 3114 3415 3185 ἠγωνισάμεθα
3449 3117 3586 3186 περὶ
3606 3114 3658 3168 τί

2237 3214 2343 3250 των
2387 3196 2694 3267 ἀνατροπῆς
2717 3214 2729 3227 ·
2773 3200 2936 3269 ἀρκεῖ
2979 3201 3044 3254 δὲ
3080 3203 3167 3267 είς
3203 3205 3535 3275 ἀνατροπὴν
3569 3208 3603 3275 ή
3640 3206 3660 3257 ὀ

2242 3285 2473 3355 μύθητος
2499 3287 2789 3354 ἀπόφασις.
2821 3290 3010 3361 Ὅπερ
3037 3291 3100 3345 δὲ
3127 3293 3503 3367 ὑπερθέμεθα
3529 3298 3588 3349 ὲν
3617 3313 3662 3348 τι

2235 3374 2437 3428 τούτων
2471 3376 2717 3440 ἐξετάσαι
2758 3378 2874 3440 πῶς
2906 3381 3243 3453 κεκίνηται,
3280 3385 3384 3437 νῦν
3420 3386 3563 3455 φέρε
3595 3386 3660 3438 διε

2240 3480 2364 3532 μέν’
2390 3464 2417 3514 ὁ
2449 3465 2545 3532 μὲν
2567 3465 2675 3535 γάρ
2702 3466 2914 3537 Σωτήρ,
2949 3473 3108 3526 κατά
3132 3474 3233 3528 τὸν
3276 3475 3662 3547 Ἡρακλέωνα.

2236 3553 2394 3607 αὐτὸν
2431 3556 2523 3607 καὶ
2561 3559 2843 3628 προφήτην
2878 3563 2985 3615 καὶ
3036 3564 3271 3620 Ἦλιανο
3314 3570 3487 3633 αὐτὸς
3517 3570 3577 3623 δὲ
3609 3573 3660 3622 ὲ)

2234 3643 2433 3729 τούτων
2480 3646 2750 3714 ἀρνεῖται·
2801 3651 2898 3704 καὶ
2953 3657 3269 3728 προφήτην
3318 3660 3425 3729 μὲν
3471 3662 3572 3714 καὶ
3617 3662 3661 3714 ‘1

2234 3726 2421 3799 Σωτὴρ
2460 3730 2595 3783 ὲπάν
2629 3732 2789 3788 αύτδν
2820 3735 2997 3811 λέγῃ,
3032 3726 3151 3796 οὐκ
3190 3726 3401 3809 sese»,
3449 3748 3599 3801 ἀλλά
3634 3766 3662 3801 τ

2233 3816 2417 3910 αὐτού,
2470 3820 2620 3888 φησὶ,
2666 3821 2944 3878 διδάσκει·
2982 3830 3124 3885 ὃταν
3154 3832 3230 3885 ’δὲ
3283 3834 3524 3905 μείζονα
3571 3855 3662 3910 πρ⁴

2233 3905 2326 3958 καὶ
2358 3907 2413 3958 ὲν
2437 3912 2713 3978 γεννητοῖς
2736 3916 3051 3984 γυναικῶν,
3093 3922 3226 3975 τότε
3261 3925 3440 3978 αὑτὸν
3475 3927 3573 3981 τὸν
3624 3905 3662 3982 ζΙ

2232 3997 2637 4066 χαρακτηρίζει.
2666 4000 2838 4064 Αὐτὸς
2878 4004 2967 4068 δὲ,
3010 4011 3184 4080 φησὶ,
3230 3998 3389 4087 περὶ.
3414 4017 3626 4072 ἑαυτοῦ

2200 4101 2389 4180 -μενος
2426 4087 2782 4180 ἀποκρίνεται
2822 4093 2854 4143 ὁ
2900 4095 3210 4170 Ἰωάννης,
3268 4106 3336 4157 ού
3386 4107 3461 4159 τά
3510 4111 3650 4180 περὶ

2235 4175 2399 4245 Ὅσην
2422 4176 2477 4228 δὲ
2504 4176 2727 4246 βάσανον
2749 4183 2922 4251 ἡμεῖς
2946 4191 3091 4259 περὶ
3121 4193 3351 4248 τούτων
3383 4198 3542 4253 κατά
3570 4175 3637 4254 τὸ

2621 4269 2771 4323 οὐδὲν
2806 4272 3293 4351 ἀπαραμύθητον
3333 4285 3553 4353 ἐῶντες
3586 4291 3662 4343 τιῖ

2230 4352 2406 4449 μένων
2451 4356 2590 4449 ὅρων
2625 4362 2940 4449 συγκρῖναι
2992 4371 3119 4433 τοῖς
3165 4371 3285 4426 ὑπὸ
3336 4374 3662 4449 Ἡρακλέωπ

2225 4440 2322 4533 οὐκ
2348 4439 2592 4533 ego—uolant
2613 4443 2839 4533 exov'co;
2869 4451 2978 4504 τοῦ
3014 4454 3220 4524 λέγειν
3248 4460 3281 4513 ὃ
3315 4439 3615 4533 βούλεται,
3653 4489 3662 4521 t

2225 4525 2378 4578 θεῖσι.
2412 4529 2532 4591 Πῶς
2564 4531 2690 4598 γὰρ,
2718 4533 2801 4586 ὅτι
2826 4540 2972 4608 περὶ
3011 4545 3195 4602 αὐτόν
3226 4525 3359 4605 ἐστι
3392 4556 3463 4609 τὸ
3504 4525 3662 4613 Ἠλία

2223 4616 2316 4719 κμὶ
2340 4619 2621 4719 προφήτην
2655 4616 2816 4719 εἶναι,
2847 4630 2968 4719 καὶ
3007 4638 3155 4705 περὶ
3187 4642 3376 4697 αὐτοῦ
3406 4648 3476 4701 τὸ
3511 4654 3662 4719 φωνὶ

2224 4699 2360 4797 εἶναι
2398 4705 2623 4797 βοῶντος
2653 4711 2711 4763 ὲν
2740 4715 2808 4783 τῇ
2841 4699 3261 4794 ὲρήμιρίούδὲ
3298 4699 3467 4793 κατά
3487 4699 3656 4797 τὶῆτυ

582 4791 713 4844 tiata
745 4790 963 4845 fuerunt
987 4791 1055 4845 ab
1080 4790 1656 4863 Heracleonezquippe
1672 4796 1760 4864 qui
1793 4811 1897 4850 non
1929 4796 2114 4851 habeat

2049 4807 2121 4901 ,εγ
2222 4794 2825 4901 ἀποδεικνύναι,
2859 4790 3286 4901 ἀλλὰ-χρῆται
3320 4790 3581 4901 παρ-αδεί

581 4886 898 4949 potestatem
953 4880 1165 4934 dicendi
1224 4852 1498 4950 quidquid.
1556 4852 1707 4937 velit:
1787 4883 1899 4950 Qua
1976 4885 2113 4938 enim

2227 4852 2239 4861 .
2516 4884 2529 4899 ν
2784 4852 2816 4865 γι
2862 4852 3022 4865 ν---υ--ι
3059 4852 3286 4890 “aqua
3320 4852 3661 4905 παραοειγμ

2220 4880 2644 4991 cii-afﬂictum:
2668 4888 2838 4991 οἱονεὶ
2874 4895 3195 4991 ἐνδύματα
3224 4907 3303 4983 ἦν
3344 4915 3531 4991 ἕτερα
3566 4925 3661 4977 aut

582 4972 813 5034 ratione,
847 4986 915 5026 ne
955 4971 1143 5026 leviter
1184 4971 1420 5039 quidem,
1470 4972 1699 5039 probare
1747 4983 1970 5026 conatur
2016 4973 2114 5026 hoc

2220 4970 2729 5069 oux-aucpwtnoelc
2755 4983 2901 5052 περὶ
2938 4970 3067 5046 τῶν
3101 4970 3661 5069 ὲνδυξιάτωύ,είῂἀι

582 5058 762 5125 (quod
794 5059 996 5113 scilicet
1026 5058 1258 5113 Joannes
1282 5099 1296 5123 ,
1328 5070 1594 5128 quatenus
1621 5071 1701 5116 est
1729 5062 1984 5130 propheta
2007 5101 2022 5125 ,
2063 5069 2114 5113 et

582 5144 720 5173 ιηιη
781 5156 826 5173 ..ι
859 5161 958 5173 ..η-
989 5148 1262 5173 ..ι......,....ι..
1299 5150 1347 5173 :..
1377 5149 1583 5173 3-..“..-
1608 5150 1625 5173 \
1653 5164 1767 5173 Α---
1795 5165 1856 5173 ....
1890 5162 2112 5173 ........Α-..

2220 5060 2289 5111 τά
2324 5061 2612 5173 ἐνδύματμ,
2654 5048 2949 5173 ἀπεκρίθη
2982 5079 3059 5134 ἂν
3090 5048 3571 5167 τδ,νῖδῗᾶ,·ωὲἰῖῖς
3614 5048 3653 5173 ζ

582 5144 744 5210 Elias,
780 5156 832 5201 et
859 5161 963 5201 vox
987 5148 1264 5204 clamantis
1299 5150 1349 5201 in
1374 5149 1626 5218 deserto)
1650 5164 1771 5205 esse
1792 5165 1859 5203 ex
1890 5162 2115 5202 numero

534 5288 539 5293 ,
579 5245 760 5288 eorum
789 5250 906 5302 quae
925 5245 1047 5290 sunt
1076 5239 1220 5293 circa
1263 5239 1471 5305 ipsum,
1521 5241 1615 5295 sed
1648 5242 1813 5295 utitur
1845 5237 2112 5306 exetnplo,

580 5321 721 5388 quod
748 5337 867 5389 quae
894 5332 1019 5394 sunt
1048 5326 1186 5381 circa
1233 5329 1400 5396 ipsum
1437 5328 1547 5382 sint
1590 5330 1753 5384 veluti
1794 5327 2109 5382 vestimenta

2225 5165 2368 5256 ματα
2409 5154 2468 5204 τὸ
2518 5151 2657 5256 εἶναι
2687 5159 2798 5256 ,τὸν
2870 5166 3087 5229 Ἠλίαν
3143 5151 3249 5235 τὸν
3304 5151 3599 5256 μέλλοντα
3630 5151 3660 5248 .1

2250 5240 2871 5355 {mgnufipxot’tﬂ'clvun‘tt
2898 5264 3051 5355 κατ’
3091 5268 3281 5329 αὐτὸν
3316 5277 3534 5355 θεωρῶ
3555 5303 3570 5318 ·
3609 5307 3660 5345 τι

2224 5329 2367 5395 ἡμᾶς
2399 5331 2474 5395 ὡς
2503 5334 2845 5407 δεδυνήμεθα
2893 5329 3538 5444 διηγησαμένοξδξήζξλῖ
3587 5329 3660 5435 (Ἴ

649 5488 862 5548 “lCor
919 5509 1032 5557 xiv;
1063 5498 1115 5557 8.
1187 5501 1230 5534 δ’
1258 5498 1421 5556 lCor.
1449 5515 1567 5567 xm,
1597 5503 1651 5568 l,
1684 5504 1740 5560 2.
1814 5504 1860 5537 '°
1891 5500 2043 5558 Joan.
2078 5516 2130 5571 ν,
2165 5502 2254 5562 59.
2326 5505 2369 5536 “
2404 5506 2532 5563 ibid.
2558 5508 2645 5564 46.
2723 5512 2768 5545 ⁸³
2798 5502 3024 5585 Matth.
3062 5549 3168 5607 xv,
3195 5542 3257 5610 7,
3289 5546 3352 5606 8,
