3880 6224
676 218 778 273 259

2095 224 2412 281 ORIGENIS

667 336 829 391 etiam
868 336 1100 391 nonnulli
1150 336 1492 404 Sampsonem
1544 352 1571 391 a
1619 337 1784 393 Jacob
1832 339 2200 407 prephetatum
2234 338 2419 402 fuisse,
2452 339 2661 397 dicente
2708 344 2793 397 ἐς
2840 364 2858 396 ι
2895 344 3003 399 Dan
3039 345 3267 413 iudicabit
3295 361 3411 401 suum
3447 344 3546 414 ipsit

665 426 869 496 pulum,
897 426 1334 494 quemadmodum
1360 428 1517 479 etiam
1556 442 1660 481 una
1706 428 1876 481 tribus
1918 427 1968 482 in
2007 426 2190 490 Israel,

2243 445 2263 478 ι
2309 427 2556 495 quoniam
2606 443 2637 483 e
2695 432 2836 486 tribu
2885 433 2996 487 Dan
3036 436 3226 502 genitus
3257 434 3461 505 Sampson
3491 434 3539 502 ju

667 514 932 571 lsraelem.
960 516 1062 569 Sed
1090 516 1200 570 haec
1217 515 1471 570 hactenus
1493 519 1558 571 ad
1585 518 1922 572 refellendam
1946 518 2294 573 temeritatem
2336 517 2471 585 ejus,
2508 521 2597 586 qui
2620 523 2911 576 enuntiavit
2964 533 3155 591 preter
3183 523 3376 578 Joannem
3395 523 3546 592 prophu

666 605 828 661 fuisse
871 606 1167 668 neminem;
1201 615 1255 660 et
1299 608 1411 661 btec
1440 608 1575 662 dixit
1620 609 1801 664 volens
1836 609 2033 678 aliquid
2072 609 2334 663 disserere
2371 609 2422 662 in
2466 611 2589 663 illud
2624 629 2636 662 :
2670 630 2689 661 ι
2736 611 2845 680 Ego
2888 626 2988 665 vox
3029 613 3278 667 clamantis
3316 615 3355 668 in
3396 614 3546 669 deserl

732 747 818 800 15.
847 743 912 796 Et
947 745 1037 812 qui
1065 743 1207 797 missi
1252 743 1477 811 fuerant,
1506 752 1654 796 erant
1691 758 1754 796 ea:
1786 743 2086 799 Pliariswis.
2127 742 2189 795 Et
2219 741 2264 800 Α

2011 745 2086 799 .53.
2127 742 2189 795 E;
2219 741 2264 800 Α
2362 728 2447 784 15.
2489 730 2600 783 Καὶ
2645 733 2700 785 οἱ
2742 734 3174 803 ἀπεσταλμένοι
3204 733 3325 807 ἦσαν
3347 740 3403 793 ἐκ
3440 738 3543 793 τῶν

661 837 1096 900 interrogaverunt
1127 848 1241 885 eum
1268 848 1328 884 ac
1354 832 1593 886 dixerunt
1616 833 1661 885 ei
1684 847 1702 885 :
1734 831 1871 897 Quid
1893 849 2010 902 ergo
2035 833 2192 899 bapti-

2291 820 2496 873 σαίων.
2521 820 2629 874 Καὶ
2651 821 2964 889 ἠρώτησαν
2984 825 3184 890 αὐτὸν,
3206 828 3280 881 καί
3301 825 3445 882 εἴπαν-
3472 830 3540 882 αὐ

662 940 769 987 ωε,
799 923 845 975 si
872 934 927 976 tu
962 938 1063 975 non
1088 937 1142 974 es
1184 920 1419 975 Christus
1459 921 1565 984 ille,
1607 938 1765 989 neque
1824 922 1991 986 Elias,
2033 939 2193 992 neque

2033 939 2193 992 neque
2290 906 2402 964 οὖν
2413 910 2731 978 βαπτίζεις,
2749 915 2801 966 εί
2819 914 2899 968 σὺ
2914 917 3024 969 οὐκ
3044 913 3101 969 εἷ
3115 920 3148 971 ὁ
3163 920 3378 986 Χριστὸς,
3393 919 3518 973 οὐδὲ
3537 920 3545 939 ‘

655 1014 904 1083 propheta
928 1011 1016 1066 ille
1041 1010 1128 1065 “3
1150 1012 1247 1078 Qui
1273 1019 1483 1081 qmdem
1517 1013 1585 1066 ab
1607 1012 1988 1082 Hierosolymis
2012 1028 2191 1066 sacer-

657 1105 807 1159 dotes
834 1112 887 1158 et
908 1103 1119 1158 Levitas
1140 1102 1554 1170 interrogaturos
1570 1101 1828 1156 Joannem
1851 1103 2104 1158 miserant
2121 1104 2185 1166 ⁶¹,

657 1206 775 1245 cum
810 1190 1115 1244 didicissent
1140 1189 1260 1257 quis
1303 1198 1444 1243 esset
1475 1189 1556 1243 vel
1586 1203 1690 1243 non
1719 1199 1860 1244 esset
1884 1190 1996 1259 ipse
2028 1190 2188 1244 Joan-

655 1291 772 1340 nes,
819 1274 1190 1330 decentissime
1215 1274 1494 1343 quiescunt
1522 1292 1536 1329 :
1562 1276 1724 1331 veluti
1758 1278 1972 1333 silentio
2004 1279 2185 1332 faven-

656 1373 755 1428 tes,
795 1373 846 1417 et
873 1364 1298 1420 demonstrantes
1323 1379 1381 1418 se
1416 1365 1698 1420 admittere
1726 1380 1843 1435 quae
1888 1368 2182 1434 audissent,

653 1453 793 1521 quod
822 1451 1089 1518 baptizare
1125 1452 1412 1506 conveniat
1437 1454 1551 1508 voci
1587 1454 1870 1509 clamantis
1894 1456 1945 1509 in
1969 1456 2185 1511 deserto

651 1543 716 1597 ad
744 1542 1072 1612 dirigendam
1096 1542 1235 1597 viam
1258 1543 1489 1598 Domini.
1519 1545 1713 1599 Contra
1743 1559 1871 1602 vero
1904 1546 2179 1613 Pharisaei,

651 1639 709 1685 ut
730 1630 818 1699 qui
843 1632 992 1699 juxta
1021 1645 1212 1686 nomen
1243 1646 1396 1687 suum
1436 1633 1588 1687 divisi
1618 1634 1835 1702 quidam
1862 1644 1916 1690 et
1945 1636 2180 1691 seditiosi

649 1728 846 1785 essent,
877 1736 934 1777 se
959 1721 1143 1776 eadem
1171 1736 1272 1776 non
1308 1723 1506 1778 sentire
1544 1723 1913 1779 demonstrant
1940 1741 2057 1781 cum
2090 1726 2183 1781 Ju-

650 1808 775 1862 dmis
816 1809 1195 1864 exsistentibus
1240 1808 1293 1862 in
1343 1810 1473 1863 urbe
1500 1811 1798 1878 metropoli,
1851 1821 1905 1867 et
1929 1815 2182 1868 cum'mi-

652 1897 834 1950 nistris
870 1897 1044 1951 cultus
1083 1897 1270 1960 divini,
1324 1912 1386 1951 ac
1427 1899 1791 1954 sacerdotibus
1830 1912 1883 1955 et
1934 1901 2176 1956 Levitis:

653 1987 911 2042 mittendo
937 1987 1028 2056 qui
1080 1987 1241 2042 veluti
1293 1989 1657 2055 increpantes,
1711 2004 1774 2044 ac
1813 1990 2175 2059 prohibentes,

643 2084 901 2144 quantum
947 2076 997 2130 in
1026 2077 1152 2146 ipsis
1192 2086 1352 2145 esset,
1380 2079 1686 2147 baptizare,
1737 2081 2169 2150 interrogarent:

644 2182 666 2215 1
701 2164 835 2232 Quid
882 2178 1009 2235 ergo
1048 2165 1306 2234 baptizas,
1356 2167 1399 2220 si
1434 2175 1487 2220 tu
1532 2183 1636 2222 non
1678 2183 1738 2223 es
1780 2169 1866 2224 ille
1906 2169 2170 2233 Christus,

641 2267 815 2322 neque
859 2253 1023 2321 Elias,
1053 2267 1227 2324 neque
1249 2254 1505 2323 propheta
1549 2256 1674 2312 ille?
1705 2276 1724 2308 ι
1760 2258 1825 2312 Ει
1868 2258 2093 2313 fortasse
2124 2259 2168 2312 si

634 2357 799 2396 unum
847 2343 898 2396 in
948 2357 1141 2413 corpus
1192 2355 1572 2400 connectamus
1621 2361 1740 2413 qum
1775 2347 1825 2400 in
1866 2347 2170 2418 Evangeliis

634 2440 759 2485 sunt
802 2432 1024 2500 scripta,
1060 2432 1247 2486 dicturi
1290 2447 1477 2488 sumus
1504 2449 1645 2489 nunc
1683 2437 1897 2503 quidem
1926 2450 2020 2490 eos
2057 2439 2168 2491 lucc

633 2511 852 2580 dixisse,
879 2515 1073 2570 deinde
1102 2530 1228 2571 vero
1255 2519 1435 2572 nescio
1463 2533 1571 2587 quo
1604 2522 1759 2575 modo
1789 2536 1902 2587 eos,
1950 2537 2068 2576 cum
2109 2540 2168 2579 se

634 2604 897 2669 baptismo
924 2604 1212 2671 dedissent,
1257 2622 1287 2661 a
1326 2607 1527 2663 Joanne
1556 2611 1769 2665 audisse
1807 2613 1932 2668 illud
1965 2630 1979 2667 :
2012 2615 2168 2689 124

628 2706 657 2738 1
697 2688 979 2758 Progenies
1017 2692 1342 2761 viperarum,
1392 2697 1512 2764 quis
1559 2711 1651 2751 vos
1689 2698 1869 2754 docuit
1904 2700 2087 2768 fugere
2134 2688 2163 2757 a

633 2787 854 2832 ventura
876 2779 989 2834 ira?
1016 2780 1201 2837 Facite
1226 2783 1386 2853 igitur
1410 2783 1641 2841 fructum
1662 2786 1875 2858 dignum
1897 2793 2160 2859 pmniten-

628 2868 702 2921 tia
732 2868 795 2920 η.
832 2885 851 2919 ι
882 2868 1001 2924 Haec
1064 2871 1206 2925 enim
1249 2873 1386 2942 apud
1436 2872 1738 2932 Matthmum
1801 2879 1941 2934 dicta
1981 2891 2105 2936 sunt
2131 2897 2161 2937 a

628 2955 887 3025 Baptista,
912 2973 1031 3013 cum
1063 2960 1283 3018 vidisset
1316 2963 1508 3019 multos
1531 2965 1917 3025 Pharismorum
1944 2981 1999 3025 et
2029 2973 2162 3029 Sad-

629 3046 925 3100 ducacorum
974 3047 1249 3105 venientes
1304 3054 1369 3106 ad
1413 3053 1671 3122 baptisma
1703 3075 1716 3110 :
1748 3072 1868 3113 cum
1916 3061 2163 3118 videlicet

628 3135 951 3202 paenitentia:
973 3136 1175 3193 fructus
1208 3155 1310 3194 non
1351 3142 1634 3210 haberent,
1671 3157 1830 3217 atque
1852 3149 2159 3209 Pharisaice

628 3224 761 3291 apud
784 3224 987 3293 seipsos
1008 3226 1366 3295 gloriarentur
1387 3233 1452 3288 de
1474 3221 1748 3290 Abraham
1779 3248 2151 3310 tanquampa~

627 3321 708 3365 tre
741 3314 1028 3382 :quocirea
1065 3317 1257 3373 saevius
1288 3320 1638 3391 objurgantur
1675 3339 1705 3378 a
1734 3326 1940 3383 Joanne
1977 3330 2150 3385 zelum

625 3400 753 3457 Elia
775 3403 1002 3461 habente
1027 3405 1181 3473 juxta
1212 3414 1747 3471 communicationem
1778 3417 2013 3486 Spiritus
2032 3436 2154 3476 san-

623 3489 718 3543 cti.
762 3490 1104 3561 Objurgativa
1147 3494 1289 3550 enim
1317 3500 1490 3552 oratio
1517 3510 1599 3556 est
1631 3502 1741 3569 illa,
1788 3521 1907 3574 qua:
1931 3506 2150 3578 inquit:

627 3594 649 3630 ι
692 3576 766 3633 Ne
808 3581 1054 3647 cogitetis
1081 3584 1258 3640 dicere
1281 3589 1419 3655 apud
1451 3603 1547 3644 vos
1587 3591 1729 3661 ipsos
1763 3612 1778 3648 :
1818 3576 2030 3655 Patrem
2059 3601 2153 3654 ha—

624 3668 814 3722 bemus
856 3669 1123 3724 Abraham
1145 3672 1242 3724 “2)
1266 3674 1584 3733 didascalica
1623 3689 1800 3738 autem
1839 3685 1966 3751 illa,
2009 3690 2152 3758 quod

618 3757 861 3813 inﬁdeles
897 3761 989 3827 (ob
1024 3775 1119 3815 cor
1156 3762 1422 3832 lapideum
1464 3769 1666 3839 lapides
1694 3773 1846 3845 dicti)
1878 3757 2147 3835 immutari

619 3848 845 3916 possint,
873 3849 1066 3934 virtute
1095 3851 1207 3916 Dei,
1229 3867 1292 3909 ex
1316 3853 1581 3925 lapidibus
1606 3861 1658 3915 in
1681 3861 1879 3921 liberos
1899 3867 2147 3934 Abrahae,

619 3935 870 4003 quoniam
904 3924 1065 3996 erant
1093 3941 1144 3996 in
1184 3944 1682 4020 oculispropbetaz,
1727 3970 1834 4010 non
1886 3957 2148 4028 fugientes

617 4025 758 4081 Silius
784 4028 1016 4085 divinum
1051 4032 1319 4089 obtutum.
1360 4039 1532 4104 Quam
1572 4040 1640 4094 ob
1664 4055 1880 4097 causam
1925 4025 2052 4099 illud
2080 4048 2148 4101 ab

618 4113 737 4183 ipso
758 4116 952 4170 dicitur
983 4136 1050 4177 υ
1084 4120 1212 4176 Dico
1259 4125 1410 4178 vobis
1453 4140 1607 4194 posse
1630 4128 1792 4183 Deum
1815 4146 1847 4186 e
1886 4130 2146 4202 lapidibus

611 4209 730 4264 istis
755 4215 1015 4269 suscitare
1041 4214 1234 4274 liberos
1261 4219 1490 4276 Abrahae
1517 4225 1590 4277 “.
1614 4239 1635 4275 ι
1662 4224 1728 4280 Ει
1748 4232 1998 4298 quoniam
2023 4251 2142 4291 cum

611 4312 716 4352 non
755 4298 1008 4355 iecissent
1036 4302 1266 4361 fructum
1307 4314 1618 4376 pteuiteutia
1648 4316 1863 4385 dignum
1883 4359 1899 4386 ,
1924 4325 2144 4382 veniunt

610 4395 678 4448 ad
703 4395 985 4464 baptisma,
1022 4405 1524 4463 convenientissime
1564 4411 1695 4479 ipsis
1744 4415 1873 4472 illud
1904 4420 2139 4479 dicitur:

594 4486 634 4545 “ι
667 4491 785 4549 Jam
820 4509 946 4551 vero
993 4507 1047 4553 et
1079 4506 1285 4560 securis
1317 4508 1382 4560 ad
1423 4510 1652 4566 radicem
1689 4517 1938 4574 arborum
1968 4525 2139 4591 posita

594 4598 708 4677 ‘est.
738 4590 923 4649 Omnis
947 4595 1108 4664 igitur
1128 4599 1288 4656 arbor
1310 4621 1411 4660 non
1441 4609 1643 4667 faciens
1668 4614 1896 4671 fructum
1920 4620 2136 4691 bonum,

604 4688 887 4755 exciditur,
928 4702 984 4747 et
1018 4694 1071 4748 in
1107 4696 1278 4766 ignem
1327 4705 1607 4774 conjicitur
1633 4709 1697 4776 “,
1739 4731 1759 4763 ι
1797 4715 1958 4771 veluti
2009 4688 2139 4788 ipsis

671 4814 1161 4933 ggerimus.
1233 4855 1639 4927 Moan..,23.
1716 4868 1760 4899 σο
1787 4869 1913 4923 ibid.
1940 4870 2026 4933 at,
2059 4874 2147 4928 es.
2222 4876 2266 4908 οι

601 4909 649 4944 ⁸⁸
678 4914 803 4967 ibid.
828 4915 912 4970 10.

674 5039 784 5110 (13)
816 5040 918 5117 Pr_o
953 5044 1038 5099 διὰ
1067 5044 1165 5115 τῆς
1192 5047 1397 5117 σιωπῆς
1422 5050 1590 5105 codex
1609 5005 1930 5113 ‘Bodleianus
1982 5061 2140 5117 habet

603 5122 668 5163 τῃ
733 5122 924 5163 σιωπῇ.

633 5107 692 5177 π
733 5107 924 5181 σιωπῇ.
1123 5107 1157 5115 ’ί
1354 5107 1391 5117 ’⁷
1671 5107 1674 5108 ν
1732 5107 1928 5113 TW"
1982 5107 2129 5117 "ww

902 5178 1315 5260 δὲφαρισᾳζᾳρ,
1345 5184 1478 5260 ᾖτε,
1508 5200 1633 5260 etc._
1657 5189 1915 5260 Origenes
1976 5205 2129 5251 tract.

602 5244 1044 5327 δεενξιμιαιμι..
1069 5244 1156 5316 pp.
1185 5244 1323 5327 ass,
1340 5254 1443 5308 836
1464 5244 1493 5311 ’τ
1517 5326 1525 5327 ί
1548 5275 1566 5308 ι
1603 5258 1701 5319 Oui
1732 5244 1922 5314 ansis
1955 5244 2128 5327 ιῆίῆῐιξ

600 5306 1143 5395 aliquidprotltenies
1181 5306 2129 5395 dividunt;seipse-{quasimel-iores

544 5442 549 5445 Ἴ
592 5378 875 5465 infinitis,
907 5384 1213 5465 secundum
1242 5388 1347 5442 hoc
1398 5378 1654 5465 Pharisaei
1705 5378 2129 5465 ἷηάὶῐέιίίίὲζῖιῖιῖ

592 5438 1018 5526 interpretantur:
1059 5453 1213 5526 divisi
1244 5438 1341 5526 vet
1703 5438 2126 5521 ἶ

595 5522 741 5574 uva,
773 5528 889 5583 pag.
919 5519 1018 5570 8t?
1049 5536 1061 5571 :
1094 5538 1111 5570 ι
1153 5522 1347 5585 Quales
1370 5519 1584 5580 l'uéruiit
1607 5539 1662 5583 et
1704 5528 1977 5597 Pharisai,
2029 5519 2124 5601 qui
2231 5519 2291 5595 £5

2288 999 2428 1053 οὐδὲ
2462 1003 2495 1053 ὁ
2529 1002 2866 1070 προφήτης
2893 1006 2956 1057 Oi
2996 1005 3095 1075 μὲν
3131 1007 3224 1059 ἀπὸ
3254 1008 3546 1078 Ἱεροσολύμω

2285 1089 2478 1157 ψαντες
2496 1092 2618 1155 τοὺς
2639 1093 2811 1164 ὲρωτή
2819 1111 3012 1157 σαντας
3025 1095 3114 1148 τὸν
3127 1095 3333 1166 Ἰωάννην
3353 1099 3497 1167 ἱερεῖς
3512 1116 3545 1150 κ

2287 1194 2401 1240 τας,
2437 1177 2691 1248 μαθόντες
2722 1182 2866 1245 ὅστις
2900 1200 2958 1236 τε
2988 1184 3085 1237 οὐκ
3109 1180 3173 1254 ἦν
3197 1187 3221 1237 ὁ
3246 1185 3473 1256 Ἰωάννης,
3494 1204 3546 1239 κο

2288 1282 2344 1318 σε
2351 1268 2794 1338 μνοπρεπέστατα
2807 1271 3180 1342 ἡσυχάζουσιν
3196 1274 3325 1327 οἱονεὶ
3342 1292 3546 1343 συγκατς

2286 1371 2362 1406 νοι
2380 1353 2465 1406 διὰ
2489 1356 2585 1424 τῆς
2606 1355 2813 1424 σιωπῆς
2827 1356 2960 1425 (15),
2979 1357 3073 1409 καὶ
3093 1358 3398 1426 ἐμφαίνοντες
3424 1360 3483 1411 τὸ
3498 1377 3546 1411 πε

2285 1443 2406 1496 σθαι
2419 1443 2483 1497 τὰ
2498 1445 2774 1515 εἰρημένα,
2788 1446 2866 1497 ὅτι
2882 1446 3107 1516 ἁρμόζει
3120 1450 3182 1517 τῇ
3196 1447 3272 1500 τοῦ
3291 1447 3494 1517 βοῶντος
3514 1450 3546 1501 ὲ·

2285 1550 2368 1603 μῳ
2385 1536 2530 1604 φωνῇ
2547 1536 2627 1597 είς
2641 1535 2700 1587 τὸ
2719 1534 2955 1589 εὐθύνειν
2970 1536 3061 1605 τὴν
3079 1535 3195 1589 ὁδὸν
3208 1538 3399 1607 Κυρίου,
3417 1538 3476 1590 τὺ
3493 1539 3546 1608 βο

2279 1624 2328 1675 οἱ
2357 1622 2412 1674 δὲ
2434 1624 2730 1692 Φαρισαῖοι,
2750 1624 2841 1677 ἆτε
2860 1625 2969 1693 (14)
3002 1625 3145 1679 κατὰ
3170 1626 3223 1678 τὸ
3252 1627 3401 1697 ὃνομα
3424 1630 3546 1683 ὅντε.

2275 1712 2442 1780 μένοι
2465 1715 2603 1777 τινὲς
2625 1715 2717 1767 καὶ
2745 1715 3078 1779 στασιώδεις,
3095 1716 3154 1769 τὸ
3180 1716 3245 1788 μὴ
3269 1720 3487 1787 ὁμονοεῖν
3510 1740 3546 1773 π

2279 1803 2389 1862 τοῖς
2420 1802 2476 1853 ὲν
2506 1802 2569 1871 τῇ
2599 1802 2919 1871 μητροπόλει
2954 1803 3217 1866 Ἰουδαίοις
3244 1806 3451 1870 καὶτοῖς
3476 1809 3546 1861 λει

2278 1888 2375 1956 τῆς
2396 1888 2489 1942 τοῦ
2518 1888 2650 1942 Θεοῦ
2677 1890 2967 1959 θεραπείας
3050 1892 3240 1962 ἱερεῦσι
3295 1895 3380 1947 καὶ
3412 1897 3546 1950 Λευῖι

2277 1979 2369 2031 τοῦ
2398 1982 2705 2035 ἀποστεῖλαι
2738 1984 2898 2036 οἱονεὶ
2926 1984 3333 2054 ὲπιπληκτικῶς,
3356 1988 3447 2040 καὶ
3469 1990 3530 2041 τὸ

2280 2070 2457 2133 αὐτοῖς
2486 2071 2794 2134 κωλυτικῶς
2823 2072 2917 2125 τοῦ
2946 2073 3236 2143 βαπτίζειν,
3260 2078 3373 2140 τοὺς
3403 2079 3546 2149 ὲρωτ

2284 2177 2302 2209 ι
2335 2160 2398 2211 Τί
2429 2156 2519 2213 οὖν
2564 2160 2838 2229 βαπτίζεις
2861 2201 2876 2225 ,
2921 2166 2970 2216 εί
3023 2165 3087 2218 σὺ
3133 2166 3227 2218 οὐκ
3263 2162 3309 2218 εἶ
3345 2168 3372 2219 ό
3400 2169 3546 2238 Χρισ

2286 2246 2486 2309 Ἦλίας,
2520 2248 2638 2299 οὐδὲ
2669 2250 2696 2301 ό
2722 2252 3034 2321 προφήτης;
3072 2271 3090 2302 ι
3119 2254 3225 2306 Καὶ
3247 2254 3377 2324 τάχα
3407 2258 3455 2308 εί
3484 2275 3546 2309 συ

2277 2352 2374 2406 μεν
2413 2337 2493 2399 είς
2531 2337 2588 2389 ἓν
2623 2341 3117 2408 σωματοποιοῦντες
3144 2343 3211 2396 τὰ
3240 2346 3291 2397 ὲν
3330 2349 3437 2411 τοῖς
3480 2350 3546 2401 Εἰ

2272 2427 2646 2496 γεγραμμένα,
2664 2429 2906 2500 εἴποιμεν
2931 2431 2996 2485 ἂν
3027 2432 3120 2485 νῦν
3152 2435 3245 2505 μὲν
3266 2437 3456 2501 αὐτοὺς
3488 2458 3546 2493 το

2272 2513 2442 2578 κέναι,
2473 2514 2695 2587 ὕστερον
2726 2516 2783 2570 δὲ
2805 2518 2904 2570 οὐκ
2928 2514 3022 2571 οἷδ’
3045 2519 3194 2583 ὅπως
3222 2523 3410 2588 αὐτοὺς
3440 2526 3546 2580 ὲπιέ

2270 2600 2346 2671 τῷ
2404 2602 2765 2671 βαπτίσασθαι
2811 2607 3104 2677 ἀκηκοέναι
3158 2611 3259 2663 ὑπὸ
3301 2613 3391 2666 τοῦ
3445 2615 3546 2669 ἰωι

2276 2706 2296 2739 ι
2325 2689 2638 2760 Γεννήματα
2663 2692 2902 2762 ἐχιδνῶν,
2933 2695 3017 2758 τίς
3051 2697 3321 2764 ὑπέδειξεν
3350 2702 3483 2773 ὑμῖν
3515 2724 3546 2775 ᾳ

2268 2777 2364 2847 τῆς
2393 2780 2687 2851 μελλούσης
2719 2782 2886 2854 ὀργῆς
2915 2800 2929 2848 ;
2961 2786 3228 2857 Ποιήσατε
3256 2788 3349 2844 οὖν
3381 2794 3544 2860 ἀξίου

2267 2864 2364 2934 τῆς
2388 2869 2688 2935 μετανοίας.
2722 2889 2741 2921 ι
2780 2871 2962 2925 Ταῦτα
2981 2874 3090 2945 γὰρ
3113 2876 3218 2929 ὑπὸ
3237 2878 3332 2931 τοῦ
3364 2882 3546 2937 Βαπτι

2267 2971 2354 3008 ται
2383 2956 2530 3025 παρὰ
2564 2958 2640 3027 τῷ
2685 2960 2947 3032 Ματθαίῳ
2970 3002 2985 3027 ,
3019 2964 3218 3031 ἰδόντος
3260 2970 3501 3037 πολλοὺς

2267 3045 2430 3097 σαίων
2460 3049 2552 3099 καὶ
2583 3048 2948 3105 Σαδδουκαίων
2978 3054 3308 3124 ἐρχομένους
3340 3062 3441 3114 ἐπὶ
3460 3065 3529 3116 τὸ

2262 3132 2498 3201 δηλονότι
2529 3135 2628 3189 οὐκ
2655 3135 2874 3206 ἔχοντας
2902 3143 3148 3211 καρποὺς
3182 3148 3486 3213 μετανοίας
3512 3192 3527 3215 ,

2264 3222 2460 3285 σαῖκῶς
2498 3223 2981 3297 ἀλαζονευομένους
3008 3231 3065 3282 ὲν
3096 3231 3315 3297 ἑαυτοῖς
3350 3238 3453 3290 ἐπὶ
3489 3241 3546 3292 τί

2260 3310 2334 3373 ὡς
2360 3311 2558 3380 πατρί’
2601 3313 2787 3383 διόπερ
2824 3317 3259 3389 ὲπιπλήσσονται
3298 3324 3413 3377 ὑπὸ
3446 3329 3546 3381 τοῦ

2271 3399 2445 3452 Ἠλίου
2494 3403 2631 3454 κατὰ
2681 3404 2776 3474 τὴν
2819 3409 3104 3463 κοινωνίαν
3151 3410 3251 3463 τοῦ
3316 3415 3492 3482 ἁγίου

2258 3488 2465 3557 ἔχοντος
2503 3492 2764 3546 Ἰωάννου.
2806 3495 3232 3568 Ἑπιπληκτικὸς
3267 3503 3388 3574 γὰρ
3429 3506 3546 3575 λόγ·

2255 3576 2437 3647 δόξητε
2495 3580 2671 3648 λέγειν
2752 3584 2810 3637 ὲν
2869 3587 3109 3652 ἑαυτοῖς·
3186 3594 3432 3665 Πατέρα
3518 3599 3546 3650 ἔ

2268 3666 2514 3739 Ἀϐραάμ
2538 3687 2551 3701 ’
2591 3690 2610 3721 ι
2645 3674 2737 3726 καὶ
2782 3673 3160 3742 διδασκαλικὸς
3206 3684 3237 3734 ὀ
3275 3684 3423 3753 περὶ
3474 3703 3546 3739 το

2252 3754 2337 3807 διὰ
2360 3756 2455 3826 τὴν
2485 3756 2690 3829 λιθίνην
2721 3762 2943 3832 καρδίαν
2986 3767 3255 3831 ἀπίστους
3289 3770 3502 3835 λίθους
3541 3797 3546 3817 ε

2253 3860 2373 3908 νους
2403 3845 2623 3915 δυνάμει
2647 3846 2779 3901 Θεοῦ
2831 3854 3152 3920 μεταὸαλεῖν
3179 3841 3343 3920 οἴους
3370 3877 3443 3912 τε
3483 3857 3546 3913 εἷ

2255 3930 2359 3983 θων
2382 3932 2461 3993 είς
2488 3933 2651 3986 τέκνα
2686 3935 2954 4007 Ἀϐραὰμ,
2989 3942 3111 3994 ἐπεὶ
3143 3944 3477 4011 γεγόνασιν
3507 3951 3546 4000 ὲε

2250 4018 2342 4072 τοῦ
2371 4022 2664 4091 προφήτου,
2698 4024 2771 4094 μὴ
2803 4028 3097 4097 φεύγοντες
3128 4034 3236 4104 τὴν
3292 4036 3477 4091 θείαν
3513 4058 3546 4092 α

2249 4104 2430 4175 διόπερ
2460 4107 2551 4159 τόο
2588 4126 2607 4158 ι
2636 4110 2792 4178 Λέγω
2823 4114 2982 4183 ὑμῖν,
3010 4118 3091 4171 ὅτι
3129 4119 3392 4176 δύναται
3446 4128 3482 4179 ὁ
3525 4128 3546 4179 ε

2248 4191 2406 4246 λίθων
2434 4194 2633 4250 τούτων
2663 4199 2873 4271 ἐγεῖραι
2899 4204 3063 4258 τέκνα
3101 4208 3183 4278 τῷ
3235 4212 3546 4285 Ἀϐραὰμ

2246 4282 2339 4336 τοῦ
2380 4284 2610 4353 λέγεται.
2643 4289 2752 4342 Καὶ
2794 4293 2917 4345 ἐπεὶ
2947 4297 3021 4366 μὴ
3050 4282 3429 4369 ποιήσαντες
3482 4282 3546 4360 κε

2246 4369 2345 4439 τῆς
2376 4374 2654 4462 μετανοίας
2677 4375 2924 4447 ἔρχονται
2972 4384 3063 4436 ἐπὶ
3103 4387 3165 4439 τὸ
3195 4383 3546 4462 βάπτισμα

2243 4475 2378 4510 τατα
2405 4460 2539 4529 πρὸς
2565 4463 2756 4527 αὐτοὺς
2778 4466 2995 4536 λέγεται
3018 4474 3078 4525 τό
3096 4490 3110 4504 ·
3139 4493 3162 4525 ι
3200 4478 3382 4549 Ἠδη
3416 4460 3493 4534 δὲ
3529 4487 3546 4535 1'

2242 4544 2340 4615 τὴν
2368 4546 2520 4615 ῥίζαν
2551 4547 2658 4601 τῶν
2687 4550 2915 4621 δένδρων
2949 4561 3123 4612 κεῖται
3147 4576 3164 4591 ο
3198 4563 3348 4616 Πᾶν
3368 4544 3382 4549 _
3404 4567 3546 4620 δένε

2242 4635 2335 4688 οὖν
2363 4639 2568 4707 καρπὸν
2600 4640 2758 4692 καλὸν
2785 4645 3128 4713 ἐκκόπτεται,
3163 4655 3281 4706 καὶ
3310 4658 3424 4720 εἰς
3466 4661 3546 4714 τὸ

2241 4741 2330 4779 ται
2354 4743 2365 4755 ·
2401 4746 2418 4776 ι
2444 4728 2603 4780 οἱονεὶ
2632 4729 2740 4799 γὰρ
2767 4733 3021 4807 ἄντικρύς
3055 4758 3194 4812 φησι
3234 4747 3427 4817 πρὸς
3470 4753 3546 4805 αἱ

2293 4879 2418 4932 ibid.
2448 4881 2533 4935 19.
2605 4881 2649 4912 ⁸⁸
2679 4881 2871 4943 Matth.
2899 4905 2984 4957 tu,
3008 4894 3058 4959 7,
3100 4895 3156 4949 8.
3253 4899 3320 4930 ⁸³
3359 4900 3546 4960 ibid.

2244 5071 2671 5163 recte_iillnarismi
2698 5098 2856 5163 _suut
2898 5093 3180 5163 appellati.
3220 5096 3291 5149 id
3360 5113 3488 5155 est

2241 5142 2542 5231 (spiritualia
2552 5142 2961 5231 prophetarum
2972 5142 3343 5231 S'c'aiplpia'li
3362 5142 3546 5225 “Itis

2239 5205 2483 5288 derunt.)
2527 5205 3541 5302 Inerbny'ﬁng";JvEI-;.’lzféife?i§

2243 5289 2262 5322 ι
2302 5271 2551 5331 Pharlsm
2582 5297 2610 5331 a
2641 5283 2846 5331 ,ΙηιΙειιὶα
2874 5300 3030 5331 .I:..:..:
3058 5309 3322 5331 ...ιη-ιιι...
3399 5320 3541 5331 ιη--.

2239 5340 2484 5397 vationes
2508 5364 2568 5399 su

2235 5420 2449 5485 perunt.
2485 5431 2503 5462 ι
2527 5418 2570 5468 Α

2234 5489 2345 5526 caui
2369 5491 2552 5536 eorum

2234 5555 2350 5595 cat).
2378 5543 2427 5595 5.

2299 5558 2350 5608 p.
2378 5558 2427 5596 ο.

2582 5283 2849 5371 adudzeis
2873 5283 3328 5371 δῑῦἰὲῖυὲοιιιεὲ
3342 5283 3362 5302 ”
3382 5283 3546 5371 vd“;

2575 5355 2836 5437 "510933,
2873 5355 3075 5433 Homeri
3096 5355 3369 5437 (ιιιόιμιθ
3411 5355 3455 5425 εἴ
3491 5355 3535 5426 ..ί

2599 5428 2783 5507 ΞῙΖΤἾΞ..
2804 5428 3096 5507 δεραγάίφέι.
3116 5428 3201 5490 ὐθ
3217 5428 3396 5507 ῥεξάί
3410 5443 3546 5494 tios

2598 5499 2827 5560 Ingenio
2861 5499 2987 5572 vide
3011 5499 3290 5575 'Joseplt.
3370 5507 3546 5561 Anti
