3880 6228
297 503 381 555 2H
1330 497 1679 555 COMMENT.
1723 497 1787 552 IN
1819 497 2007 555 JOAN.
2048 496 2281 555 TOMUS
2310 497 2398 552 Vl.
3360 497 3473 552 τις

299 609 556 682 ἐληλύθατε
583 603 673 657 ἐπὶ
701 605 772 658 :6
813 608 1098 680 βάπτισμα
1130 611 1202 679 μὴ
1232 610 1546 680 ποιήσαντες
1575 611 1686 679 (15)
1712 626 1845 681 καρ-

1955 623 2125 680 ιρειιιο
2154 612 2381 667 dicens:
2429 610 2691 676 Quoniam
2739 609 2963 664 venistis
3009 610 3076 665 ad
3124 610 3468 680 baptismum,

292 698 387 786 ιπδν
419 692 719 766 μετανοίας,
751 693 983 786 δένδρον
1005 697 1126 748 ἐστέ
1163 696 1274 765 (f6)
1317 696 1391 766 μὴ
1424 696 1607 750 ποιοῦν
1632 696 1842 768 καρπὸν

307 787 462 850 ιαλδν,
492 782 941 853 ἐκκοπησόμενον
965 786 1071 839 άπὸ
1097 786 1196 854 τῆς
1218 786 1481 856 ὀξυτάτης
1503 786 1596 839 καὶ
1619 786 1843 840 εὐτονω-

301 868 449 944 τάτης
473 871 651 940 ἀξίνης
693 871 795 924 τοῦ
842 871 1041 936 ζῶντος
1068 874 1243 941 Λόγου
1263 913 1278 938 ,
1319 874 1411 926 καὶ
1440 874 1691 944 ἐνεργοῦς
1708 914 1724 939 ,
1752 875 1846 928 καὶ

276 962 586 1033 ,τομωτέρου
634 959 782 1030 ὑπὲρ
834 963 1014 1015 πᾶσαν
1061 963 1326 1032 μάχαιραν
1367 963 1632 1032 δίστομον.
1678 965 1847 1034 Παρέ-

267 1036 451 1119 fama:
483 1049 539 1101 δέ
562 1048 653 1101 τὸν
677 1048 793 1101 τῶν
822 1050 1128 1119 Φαρισαίων
1173 1050 1300 1119 περὶ
1336 1051 1511 1103 αὐτῶν
1543 1052 1697 1119 λόγον
1734 1052 1845 1123 (17)

300 1140 382 1192 καὶ
404 1142 432 1192 6
451 1139 662 1200 Λουκᾶς
689 1138 781 1191 διὰ
813 1139 907 1191 τοῦ
931 1157 945 1170 ·
981 1159 998 1190 ι
1031 1139 1338 1210 Ἀνθρωποι
1368 1141 1460 1193 δύο
1481 1141 1744 1211 ἀνέϐησαν
1770 1144 1849 1205 είς

297 1229 351 1281 :6
379 1228 521 1299 ἱερὸν
548 1228 951 1298 προσεύξασθαι
969 1246 983 1260 ·
1018 1232 1046 1283 6
1066 1225 1147 1293 εἷς
1167 1232 1473 1300 Φαρισαῖος,
1500 1232 1594 1285 καὶ
1618 1235 1646 1285 6
1668 1232 1849 1303 ἔτερος

297 1316 540 1387 τελώνης.
577 1318 690 1370 Καὶ
715 1319 744 1369 ό
763 1319 1050 1388 Φαρισαῖος
1079 1319 1289 1383 σταθεὶς
1319 1320 1486 1373 ταῦτα
1505 1322 1639 1386 πρὸς
1663 1323 1848 1376 ἑαυτὸν

297 1403 627 1475 προσηύχετο
644 1420 658 1434 ⁸
700 1405 758 1457 ὐ
781 1404 933 1469 Θεὸς,
958 1407 1258 1476 εὐχαριστῶ
1287 1424 1389 1471 σοι,
1412 1408 1491 1460 ὅτι
1517 1409 1617 1462 οὐκ
1642 1407 1757 1478 είμὶ
1776 1409 1849 1472 ώς

297 1495 339 1547 0l
367 1494 541 1546 λοιποὶ
568 1494 680 1547 τῶν
714 1494 1034 1564 ἀνθρώπων,
1067 1496 1328 1565 ἅρπαγες,
1361 1496 1552 1560 ἀδικοι,
1598 1499 1848 1570 μοιχοὶ,ῆ

300 1583 388 1636 καὶ
428 1585 505 1645 ώς
552 1574 712 1645 οὗτος
740 1585 769 1635 6
798 1583 1033 1653 τελώνης
1055 1601 1069 1615 ⁸
1115 1604 1133 1636 ι
1160 1586 1247 1638 ὅτε
1272 1586 1359 1639 διά
1380 1588 1597 1651 τούτους
1617 1591 1741 1651 τοὺς
1767 1589 1851 1641 λό-

299 1688 419 1739 γους
447 1673 478 1724 6
521 1671 763 1741 τελώνης
798 1691 818 1723 ι
859 1673 1055 1739 μᾶλλον
1085 1674 1245 1727 αὐτοῦ
1280 1678 1360 1738 είς
1385 1678 1474 1729 τὸν
1505 1674 1648 1732 οἷκον
1687 1695 1852 1732 κατα-

300 1760 463 1814 ϐαίνει
500 1761 920 1831 δεδικαιωμένος
944 1799 961 1824 ,
999 1780 1018 1812 ι
1068 1763 1160 1815 καὶ
1195 1764 1501 1832 ἐπιλέγεται
1553 1767 1727 1820 πάντα
1763 1768 1852 1821 τὸν

302 1847 528 1917 ύψοῦντα
563 1851 759 1902 ἑαυτὸν
792 1850 1194 1905 ταπεινοῦσθαι.
1240 1854 1325 1915 Ὠς
1352 1855 1635 1925 ὑποκριταὶ
1657 1856 1849 1923 τοίνυν,

1942 715 2061 753 cum
2092 714 2197 754 non
2228 699 2462 754 feceritis
2497 698 2728 753 fructum
2764 698 3114 768 poenitentiae,
3153 700 3315 753 arbor
3342 698 3474 752 estis

1942 799 2045 839 non
2077 785 2278 840 faciens
2305 785 2538 840 fructum
2575 785 2795 850 bonum,
2820 786 3113 841 excidenda
3141 786 3209 838 ab
3232 785 3476 839 acutissi-

1943 888 2026 927 ma
2061 883 2115 927 et
2143 873 2468 929 validissima
2492 874 2688 938 securi,
2719 888 2906 942 nempe
2926 889 2956 927 a
2984 875 3243 929 Sermone
3263 875 3477 930 vivente

1941 970 1993 1015 et
2023 961 2250 1023 ecaci.
2281 962 2370 1030 qui
2398 963 2762 1029 penetrantior
2791 969 2873 1017 est
2897 963 3084 1030 quovis
3110 963 3285 1033 gladio
3306 963 3478 1018 utrin-

1942 1063 2047 1117 que
2092 1049 2359 1105 incidente
2388 1051 2452 1104 “.
2516 1050 2778 1108 Caeterum
2872 1046 3259 1106 Pharisaeorum
3305 1052 3372 1106 de
3417 1065 3478 1105 se

1943 1138 2372 1208 praedicationem
2420 1138 2665 1207 produxit
2708 1137 2880 1192 Lucas
2912 1139 2963 1192 in
3008 1140 3262 1201 medium,
3286 1154 3385 1209 per
3414 1140 3478 1194 il-

1944 1228 2031 1283 lud
2056 1225 2143 1281 οτι
2178 1245 2199 1280 ι
2245 1227 2359 1282 Duo
2401 1228 2645 1281 homines
2696 1229 3061 1281 ascenderunt
3098 1229 3151 1281 in
3195 1228 3475 1298 templum,

1944 1326 2001 1371 ut
2030 1325 2376 1387 precarentur
2406 1333 2420 1370 :
2451 1333 2590 1372 unus
2632 1317 2955 1384 Pharisaeus,
2994 1326 3050 1371 et
3074 1318 3211 1372 alter
3234 1319 3479 1387 publica-

1947 1422 2065 1461 nus.
2098 1406 2400 1463 Pharisaeus
2436 1415 2584 1461 stans
2631 1407 2746 1462 haec
2788 1406 2928 1476 apud
2959 1422 3019 1462 se
3059 1407 3249 1462 orabat
3274 1424 3287 1461 :
3314 1407 3489 1473 Deus,

1946 1497 2143 1565 gratias
2164 1511 2260 1567 ago
2291 1498 2408 1564 tibi,
2437 1496 2579 1565 quod
2630 1511 2735 1551 non
2785 1511 2903 1550 sum
2931 1497 3114 1566 quales
3150 1498 3330 1552 caeteri
3381 1498 3480 1553 ho-

1948 1585 2137 1651 mines,
2165 1597 2427 1656 raptores,
2472 1587 2678 1654 injusti,
2710 1586 2957 1649 adulteri.
3003 1586 3175 1655 qualis
3208 1588 3371 1643 etiam
3399 1586 3484 1641 hic

1947 1674 2279 1744 publicanus.
2317 1693 2336 1727 ι
2361 1675 2585 1743 Quando
2612 1684 2832 1745 propter
2877 1676 2990 1731 haec
3030 1675 3191 1730 verba
3243 1675 3483 1746 publica-

1949 1778 2047 1817 uus
2075 1781 2094 1815 ι
2142 1764 2360 1819 domum
2408 1778 2560 1818 suam
2613 1763 2890 1818 descendit
2935 1762 3260 1831 iustificatus
3288 1764 3493 1833 magis,

1949 1867 2107 1921 quam
2134 1852 2221 1907 ille
2254 1852 2329 1917 ἐς
2374 1869 2396 1906 ι
2437 1851 2652 1906 additur
2671 1852 2869 1916 etiam,
2897 1866 3113 1906 omnem
3161 1852 3484 1906 exaltantem

301 1941 428 1992 κατά
458 1940 588 2002 τοὺς
614 1939 710 1993 τοῦ
741 1940 991 2010 Σωτῆρος
1018 1941 1152 2011 πρὸς
1179 1942 1373 2012 αὐτοὺς
1403 1942 1742 2012 ἐλεγκτικοὺς
1765 1947 1850 1998 λό-

1955 1956 2025 2007 5e,
2055 1941 2349 1997 humiliari.
2383 1940 2451 1997 Ut
2476 1940 2765 2011 hypocrita:
2792 1940 2956 2010 igitur
2977 1940 3150 2011 (juxta
3184 1940 3495 1995 Servatoris

300 2042 438 2092 γους,
471 2027 725 2097 ἔρχονται
754 2028 847 2080 ἐπὶ
873 2028 935 2080 :6
966 2028 1267 2098 βάπτισμα,
1296 2031 1360 2082 ού
1388 2031 1734 2095 λανθάνοντες
1758 2034 1849 2087 τὸν

304 2114 660 2182 βαπτίζοντα,
711 2115 791 2168 ἐτι
839 2115 1048 2185 ἔχοντες
1082 2116 1190 2168 τῶν
1234 2117 1453 2186 ἐχιδνῶν
1497 2120 1573 2171 ίδν
1614 2120 1718 2173 ύπδ
1753 2121 1851 2183 τάς

300 2203 540 2268 γλώσσας
606 2204 784 2258 αὐτῶν
840 2205 934 2257 καὶ
987 2204 1074 2257 τὸν
1133 2205 1240 2257 τῶν
1289 2207 1523 2262 ἀσπίδων
1542 2222 1587 2255 σι
1609 2208 1851 2280 ἰδςιγάρ

306 2312 323 2342 ι
361 2292 595 2344 ἀσπίδων
625 2294 730 2344 ὑπὸ
763 2292 830 2344 τὰ
861 2293 1012 2362 χείλη
1038 2293 1235 2347 αὐτῶν.
1274 2312 1294 2346 ι
1344 2295 1575 2364 Ἀληθῶς
1603 2313 1663 2349 τε
1687 2297 1853 2368 θυμὸς

300 2382 466 2450 αὐτῆς
491 2382 603 2451 (18)
651 2383 792 2434 κατά
814 2382 913 2451 τὴν
938 2382 1192 2451 ὁμοίωσιν
1230 2383 1322 2437 τοῦ
1351 2384 1523 2453 ὄφεως
1563 2381 1629 2456 ἦν
1658 2389 1853 2457 ἐμφαι-

301 2470 534 2539 νόμενος,
563 2470 658 2522 καὶ
681 2469 770 2522 διὰ
796 2470 895 2539 τῆς
923 2472 1122 2538 πικρᾶς
1151 2471 1351 2542 ταύτης
1386 2475 1700 2544 ἐρωτήσεως
1724 2478 1848 2547 ﬁl"

306 2577 333 2615 «τ
358 2559 418 2610 Τί
447 2554 539 2611 οὖν
587 2557 903 2628 βαπτίζεις,
947 2562 994 2611 εί
1040 2561 1104 2612 σὺ
1149 2562 1248 2614 οὐκ
1293 2558 1345 2614 εἴ
1386 2565 1415 2614 6
1459 2564 1707 2632 Χριστὸς,
1734 2567 1854 2621 οὐδὲ

314 2649 509 2711 Ἠλίας,
532 2647 653 2700 οὐδὲ
695 2648 724 2699 ό
755 2649 1035 2718 προφήτης
1059 2664 1074 2680 ’
1112 2668 1130 2700 ι
1160 2649 1300 2719 Πρὸς
1323 2649 1414 2713 οὒς
1442 2652 1642 2722 εἴποιμ’
1668 2654 1754 2713 ἂν,
1779 2656 1854 2718 ώς

302 2737 552 2808 Χριστοῦ,
575 2738 670 2789 καὶ
703 2736 903 2800 Ἠλίου,
932 2736 1139 2790 καὶτοῦ
1168 2739 1439 2808 προφήτου
1473 2738 1851 2809 βαπτιζόντων,

302 2828 397 2894 τῆς
432 2826 488 2878 δὲ
523 2828 582 2878 ἐν
615 2827 683 2895 τῇ
710 2825 901 2895 ὲορήμῳ
927 2827 1106 2894 φωνῆς
1130 2825 1224 2878 τοῦ
1270 2825 1494 2895 βοῶντος
1535 2828 1735 2898 ταύτην
1758 2830 1854 2900 τὴν

304 2914 541 2979 ἐξουσίαν
590 2914 666 2984 μὴ
701 2913 1024 2983 ἐίληφυίαςο
1072 2910 1141 2966 Ὦ
1184 2910 1361 2979 οὗτοι,
1407 2916 1631 2986 ἀπηνῶς
1657 2919 1857 2973 πυνθά-

303 3004 453 3056 νεσθε
473 3004 565 3057 τοῦ
595 3002 1003 3071 ἀπεσταλμένον
1031 3004 1258 3072 ἀγγέλου
1283 3005 1387 3075 πρὸ
1412 3005 1696 3075 προσώπου
1725 3009 1857 3079 Χρι-

308 3094 447 3156 στοῦ,
471 3096 876 3147 κατασκευάσαι
903 3092 1001 3163 τὴν
1022 3094 1137 3147 ὁδὸν
1164 3095 1325 3148 αὐτοῦ
1340 3095 1642 3166 ἔμπροσθεν
1667 3098 1851 3164 αὑτοῦ,

306 3184 402 3238 δλα
424 3184 489 3237 τὰ
512 3182 653 3237 κατά
681 3183 775 3236 τὸν
810 3183 973 3237 τόπον
1009 3183 1172 3236 αὐτοῦ
1206 3185 1517 3253 ἀγνοοῦντες
1546 3189 1815 3258 μυστήρια
1837 3207 1852 3221 ·

305 3277 335 3327 6
355 3273 457 3344 γὰρ
480 3274 713 3344 Χριστὸς
739 3272 947 3342 Ἰησοῦς
966 3272 1041 3326 ὢν
1061 3313 1076 3338 ,
1113 3273 1214 3326 κᾶν
1247 3274 1320 3343 μή
1367 3274 1622 3345 βούλησθε
1641 3315 1656 3338 ,
1699 3279 1858 3344 αὐτὸς

307 3363 403 3415 οὐκ
442 3361 728 3426 ἐϐάπτιζεν
748 3400 764 3425 ,
794 3361 907 3414 ἀλλ’
950 3363 1001 3412 οἱ
1041 3360 1275 3430 μαθηταὶ
1303 3361 1463 3414 αὐτοῦ
1485 3400 1498 3422 ,
1526 3363 1686 3426 αὐτὸς
1718 3364 1793 3418 ὢν
1829 3369 1859 3421 6

312 3453 608 3522 προφήτης.
637 3450 806 3503 Πόθεν
839 3450 895 3503 δὲ
927 3450 1053 3520 ύμῖν
1083 3450 1433 3502 πεπίστευται
1469 3449 1649 3506 Ἠλίαν
1674 3453 1860 3522 βαπτί-

312 3557 418 3593 σειν
442 3542 530 3593 τὸν
562 3542 931 3609 ἐλευσόμενον,
954 3539 1072 3592 οὐδὲ
1103 3539 1171 3591 τά
1211 3540 1304 3593 ἐπὶ
1336 3539 1402 3592 τά
1448 3540 1541 3592 τοῦ
1577 3541 1861 3615 θυσιαστη-

312 3632 420 3702 ρίου
453 3631 604 3697 ξύλα,
631 3632 773 3685 κατά
803 3631 928 3693 τοὺς
971 3628 1067 3682 τοῦ
1112 3629 1315 3698 Ἀχαάϐ
1358 3630 1578 3701 χρόνους
1596 3669 1612 3695 ,
1640 3632 1863 3704 δεόμενα

310 3721 522 3794 λουτροῦ
542 3761 558 3786 ,
591 3722 679 3775 ἴνα
708 3721 945 3790 ἐκκαυθῇ
967 3758 982 3782 ,
1014 3722 1355 3787 ἐπιφανέντος
1384 3721 1441 3773 ἐν
1468 3723 1599 3790 πυρὶ
1621 3722 1714 3775 τοῦ
1753 3725 1865 3776 Κυ·

312 3811 420 3881 ρίου
442 3849 457 3873 ,
488 3811 848 3880 βαπτίσαντος
887 3827 903 3875 ;
942 3809 1338 3862 Ἐπικελεύεται
1381 3808 1488 3879 γὰρ
1517 3814 1627 3873 τοῖς
1665 3811 1864 3883 ἱερεῦσι

309 3901 460 3953 τοῦτο
489 3902 748 3972 ποιῆσαι,
794 3900 857 3953 ού
898 3900 1055 3970 μόνον
1082 3899 1248 3964 ἅπαξ,
1282 3900 1429 3967 λέγει
1454 3900 1561 3970 γάρ
1584 3918 1597 3931 ·
1631 3918 1649 3952 ι
1681 3904 1867 3955 Δευτε-

316 3990 517 4059 ρώσατε
544 4031 560 4055 ,
594 3994 686 4044 ὅτε
718 3991 814 4043 καὶ
840 3989 1199 4059 ἐδευτέρωσαν
1222 4005 1235 4019 ·
1267 3991 1360 4043 καὶ
1387 3988 1718 4059 τρισσώσατε
1737 4031 1752 4055 ,
1776 3993 1865 4045 ὅτε

312 4081 783 4154 καὶέτρίσσωσαν.
813 4100 833 4130 ι
872 4080 928 4133 '0
947 4079 1122 4131 τοίνυν
1154 4078 1226 4149 μή
1259 4079 1418 4141 αὐτὸς
1447 4080 1706 4148 βαπτίσας
1727 4081 1863 4147 τότε,

312 4171 420 4225 ἀλλ’
447 4173 654 4242 ἑτέροις
686 4168 780 4222 τοῦ
823 4168 980 4238 ἔργου
1010 4168 1411 4237 παραχωρήσας
1433 4206 1448 4231 ,
1486 4168 1598 4231 πῶς
1640 4170 1779 4223 κατὰ
1798 4169 1867 4222 τὰ

315 4261 413 4312 ὑπὸ
448 4261 543 4313 τοῦ
578 4258 860 4327 Μαλαχίου
902 4256 1165 4326 λεγόμενα
1203 4256 1539 4327 ἐπιδημήσας
1591 4258 1867 4327 βαπτίζειν

314 4348 538 4418 ἐμελλε;
572 4348 808 4421 Χριστὸς
831 4342 923 4400 οῦν
953 4347 1050 4398 ούκ
1091 4348 1149 4398 ἐν
1191 4344 1338 4398 ὕδατι
1376 4345 1640 4415 βαπτίζει,
1670 4347 1781 4401 ἀλλ’
1817 4349 1866 4399 0i

316 4438 547 4506 μαθηταὶ
587 4435 755 4490 αὐτοῦ
780 4452 794 4465 ο
826 4431 1002 4501 ἐαυτῷ
1049 4433 1104 4484 δὲ
1145 4436 1299 4502 τηρεῖ
1327 4433 1389 4484 :6
1432 4434 1575 4503 ἁγίῳ
1594 4432 1865 4501 Πνεύματι

1949 2033 2013 2083 ad
2037 2031 2180 2098 ipsos
2219 2028 2580 2098 obiurgatoria
2606 2029 2791 2097 verba)
2841 2029 3064 2083 veniunt
3109 2030 3175 2083 ad
3202 2030 3485 2099 baptisma,

1950 2133 2055 2172 non
2085 2121 2314 2174 latentes
2346 2120 2704 2187 baptizantem
2732 2118 2872 2185 quod
2920 2118 3094 2173 adhuc
3125 2118 3386 2172 baberent
3410 2118 3486 2171 vi-

1918 2209 2203 2277 perarum
2247 2218 2302 2263 et
2351 2211 2595 2279 aspidum
2645 2221 2908 2262 venenum
2966 2208 3064 2261 sub
3114 2207 3269 2263 labiis
3318 2208 3430 2262 suis
3469 2222 3486 2260 :

1957 2313 1976 2347 ι
2010 2297 2282 2351 Venenum
2317 2316 2336 2350 ι
2378 2299 2545 2364 enim,
2599 2300 2794 2369 inquit,
2830 2317 2849 2352 ι
2893 2298 3135 2379 aspidum
3183 2298 3282 2351 sub
3333 2295 3488 2350 labiis

1951 2401 2134 2441 eorum
2161 2387 2224 2440 ⁸ο.
2262 2405 2283 2439 ι
2320 2388 2557 2458 Cumque
2581 2404 2706 2443 vere
2727 2403 2986 2445 venenum
3011 2389 3292 2448 haberent.
3313 2395 3372 2441 ut
3399 2401 3490 2439 ve-

1953 2490 2148 2529 nenum
2177 2478 2469 2545 serpentis,
2495 2478 2547 2532 id
2587 2478 2747 2533 etiam
2791 2485 3176 2547 expresserunt
3217 2490 3314 2545 per
3354 2476 3499 2529 hanc-

1952 2576 2190 2615 amaram
2222 2563 2691 2633 interrogationem
2719 2565 2764 2596 ⁷⁸
2796 2606 2810 2620 .
2847 2583 2867 2617 ι
2902 2564 3038 2630 Quid
3068 2578 3196 2634 ergo
3226 2563 3499 2632 baptizas,

1952 2652 1996 2705 si
2024 2661 2077 2704 tu
2106 2667 2209 2706 non
2234 2668 2293 2707 es
2317 2653 2471 2722 125
2494 2653 2758 2716 Christus,
2788 2669 2960 2722 neque
2980 2654 3145 2719 Elias,
3168 2667 3341 2720 neque
3370 2665 3493 2721 pro-

1954 2742 2110 2808 pheta
2147 2741 2268 2795 ille?
2304 2759 2323 2793 ι
2380 2742 2584 2808 Quibus
2640 2757 2738 2812 ego
2769 2745 2947 2797 dicere
2969 2757 3203 2812 possem,
3241 2752 3492 2810 tanquam

1952 2827 2168 2882 Christo
2189 2839 2349 2899 atque
2377 2831 2491 2884 Elia
2522 2831 2777 2899 propheta
2810 2831 3220 2900 baptizantibus,
3244 2845 3365 2884 cum
3388 2844 3497 2884 vox

1954 2914 2236 2972 clamantis
2260 2917 2310 2973 in
2338 2932 2519 2973 eremo
2543 2919 2680 2973 hanc
2702 2919 3006 2974 facultatem
3031 2933 3135 2973 non
3179 2917 3448 2986 acceperit
3472 2931 3489 2968 :

1954 3003 2342 3071 lnhumaniter,
2376 3023 2408 3062 ο
2436 3008 2581 3072 boni,
2609 3009 2949 3077 interrogatis
2977 3009 3196 3062 missum
3241 3006 3490 3059 nuntium

1954 3101 2077 3146 ante
2102 3093 2291 3150 faciem
2317 3093 2515 3150 Christi
2550 3096 2617 3127 "‘
2646 3097 2714 3149 ad
2754 3096 3158 3165 praeparandum
3207 3097 3347 3149 viam
3375 3095 3505 3164 ejus

1958 3195 2142 3235 coram
2178 3183 2313 3252 ipso,
2365 3183 2613 3237 universa
2650 3182 2839 3250 ipsius,
2892 3184 2981 3252 qui
3022 3187 3090 3240 ad
3130 3184 3274 3239 hunc
3316 3184 3503 3239 locum

1961 3273 2172 3335 attinet,
2200 3273 2508 3341 ignorantes
2540 3275 2795 3344 mysteria
2825 3288 2841 3326 :
2868 3288 2994 3328 nam
3025 3274 3077 3329 is
3099 3288 3221 3329 cum
3243 3274 3314 3329 sit
3337 3273 3493 3328 Chri-

1959 3371 2095 3427 stus,
2125 3361 2230 3427 vel,
2261 3362 2307 3417 si
2351 3363 2558 3429 nolitis,
2602 3374 2659 3419 et
2680 3365 2768 3420 ille
2806 3366 3086 3433 propheta,
3121 3363 3236 3432 ipse
3259 3375 3366 3417 non
3395 3362 3495 3417 ba-

1957 3448 2199 3517 ptizavit,
2224 3450 2317 3502 sed
2346 3449 2589 3517 discipuli
2624 3449 2764 3520 ejus.
2788 3451 3017 3506 Proinde
3047 3451 3310 3505 undenam
3342 3448 3509 3505 vobis.

1958 3551 2268 3606 persuasum
2316 3547 2399 3593 est
2451 3539 2616 3592 Etiam
2665 3550 2947 3593 venturum
2978 3540 3043 3594 ad
3092 3540 3505 3608 baptisandum,

1959 3628 2049 3695 qui
2077 3641 2247 3697 neque
2275 3628 2418 3695 ligna
2456 3629 2613 3682 altari
2642 3629 2974 3698 superposita
3025 3637 3261 3696 tempore
3293 3628 3495 3690 Achab,

1959 3731 2129 3786 eaque
2178 3718 2389 3787 egentia
2422 3718 2613 3773 balneo
2654 3727 2713 3770 ut
2753 3718 3214 3782 comburerentur,
3258 3731 3379 3770 cum
3406 3731 3498 3783 ap-

1961 3805 2226 3873 paruisset
2253 3804 2352 3875 per
2397 3807 2572 3876 ignem
2618 3805 2898 3871 Dominus,
2932 3805 3314 3873 baptizaverit?
3339 3803 3499 3857 Jubet

1960 3897 2103 3954 enim
2135 3896 2524 3963 sacerdotibus,
2559 3905 2617 3951 ut
2665 3897 2844 3952 isthuc
2888 3896 3147 3959 facerent,
3171 3908 3269 3949 nec
3302 3894 3353 3948 id
3382 3902 3507 3948 tan.

1964 3997 2074 4042 tum
2099 3987 2286 4049 semel,
2330 4001 2454 4042 nam
2481 3986 2653 4043 dicit:
2685 4005 2706 4038 ι
2744 3985 2925 4041 Denuo
2952 3986 3006 4041 id
3043 3983 3243 4040 facite:
3271 3995 3505 4051 cumque

1962 4079 2135 4133 denuo
2157 4077 2210 4131 id
2233 4078 2486 4132 fecissent
2516 4093 2530 4130 :
2566 4076 2771 4141 Tertio,
2796 4075 2989 4144 inquit,
3024 4075 3077 4128 id
3105 4072 3283 4137 facite,
3307 4079 3361 4126 et
3390 4078 3498 4125 ter-

1965 4167 2035 4221 tio
2060 4167 2111 4220 id
2136 4165 2379 4221 fecerunt
2398 4167 2464 4220 τί.
2493 4183 2519 4218 ι
2538 4164 2669 4220 Cum
2695 4177 2823 4233 ergo
2850 4165 2963 4232 ipse
2986 4171 3097 4216 tum
3129 4174 3231 4215 non
3256 4158 3499 4228 baptiza-

1963 4259 2052 4323 rit,
2092 4260 2185 4312 sed
2215 4257 2334 4312 aliis
2373 4257 2599 4312 cesserit
2646 4258 2783 4310 hanc
2811 4255 3162 4324 provinciam,
3206 4250 3506 4322 quomodo,

1962 4361 2082 4400 cum
2102 4346 2411 4411 accesserit,
2431 4345 2582 4413 juxta
2607 4343 2879 4398 Malachiae
2899 4343 3210 4396 vaticinium
3233 4344 3300 4409 ",
3322 4340 3500 4409 bapti-

1964 4442 2181 4488 zaturus
2222 4434 2343 4489 est?
2372 4433 2542 4504 Igitur
2601 4432 2847 4487 Christus
2892 4433 2948 4487 in
2979 4446 3116 4500 aqua
3165 4444 3270 4488 non
3324 4429 3501 4498 bapti.

315 4524 586 4592 βαπτίζειν
636 4525 733 4577 καὶ
767 4521 916 4592 πυρί.
943 4520 1383 4590 Παραδεξάμενος
1410 4521 1466 4572 δὲ
1499 4523 1527 4573 6
1562 4521 1854 4590 Ἡρακλέωι

1968 4533 2073 4590 zat,
2119 4523 2212 4578 sed
2259 4523 2501 4592 discipuli
2532 4523 2668 4593 ejus,
2719 4525 2820 4580 sibi
2869 4524 2969 4594 ipsi
3001 4536 3284 4578 reservans
3326 4518 3502 4586 bapti-

310 4613 399 4667 τὸν
427 4614 538 4668 τῶν
567 4614 881 4684 Φαρισαίων
905 4611 1079 4677 λόγον,
1113 4611 1187 4672 ὡς
1231 4610 1398 4677 ὑγιῶς
1430 4611 1707 4681 είρημένον
1738 4614 1864 4682 περὶ

312 4703 403 4757 τοῦ
424 4704 739 4773 ὀφείλεσθαι
770 4703 830 4755 :6
870 4703 1145 4773 βαπτίζειν
1168 4699 1402 4773 Χριστῷ,
1443 4701 1534 4752 καὶ
1569 4701 1741 4771 Ἠλίᾳ,
1772 4701 1863 4752 καὶ

316 4793 470 4845 παντὶ
520 4793 781 4863 προφήτῃ
805 4828 821 4853 ,
865 4792 1053 4852 αὐταῖς
1098 4789 1270 4855 λέξεσι
1323 4805 1518 4859 φησιν,
1563 4784 1644 4850 οἷς
1690 4788 1864 4857 μόνοις

312 4882 579 4948 ὀφείλεται
617 4882 682 4934 :6
718 4878 1027 4950 βαπτίζειν
1073 4878 1166 4931 καὶ
1194 4880 1258 4931 ἐκ
1293 4878 1399 4931 τῶν
1431 4877 1725 4948 εἰρημένων
1763 4877 1860 4946 μὲν

315 4974 439 5041 ἡμῖν
471 4974 703 5043 ἔναγχος
729 4971 1098 5041 ἐλεγχόμενος,
1127 4969 1352 5040 μάλιστα
1379 4967 1436 5020 δὲ
1463 4968 1542 5019 ὅτι
1566 4966 1863 5038 κοινότερον

314 5062 397 5116 τὸν
425 5066 711 5135 προφήτην
738 5063 986 5135 νενόηκεν
1015 5063 1095 5133 (οὐ
1122 5062 1231 5131 γὰρ
1256 5061 1366 5131 ἔχει
1405 5059 1569 5123 δεῖξαί
1599 5075 1716 5111 τινα
1757 5058 1863 5112 τῶν

317 5154 608 5223 προφητῶν
639 5152 1028 5223 βαπτίσαντα·)
1049 5153 1147 5204 οὐκ
1176 5150 1451 5211 ἀπιθάνως
1489 5147 1543 5199 δέ
1578 5164 1707 5217 φησι
1735 5164 1864 5201 πυν-

1968 4625 2141 4666 sinum
2191 4611 2242 4664 in
2278 4609 2482 4680 Spiritu
2525 4620 2716 4667 sancto
2770 4621 2824 4668 et
2887 4612 2994 4680 igni
3017 4610 3083 4663 ⁷³.
3117 4610 3285 4664 Porro
3333 4606 3503 4661 Hera-

1968 4704 2140 4765 cleon,
2202 4703 2491 4757 admittens
2560 4700 2954 4757 Phariszeorum
3001 4711 3302 4754 sermonem
3354 4702 3507 4747 recte

1967 4792 2252 4860 prolatum,
2280 4791 2498 4858 perinde
2530 4792 2683 4860 quasi
2716 4802 2824 4843 tum
2867 4790 3133 4852 Christus,
3173 4796 3283 4839 tum
3335 4782 3506 4844 Elias,

1969 4890 2079 4933 tum
2105 4877 2333 4947 denique
2359 4881 2630 4947 propheta:
2675 4892 2860 4932 omnes
2896 4875 3165 4928 debitores
3207 4877 3386 4925 essent
3417 4867 3507 4920 οι.

1963 4967 2218 5039 ptizaudi,
2250 4968 2439 5024 iisdem
2466 4969 2666 5032 verbis,
2687 4962 3088 5034 inquit,quibus
3109 4960 3237 5015 solis
3260 4970 3394 5025 opus
3426 4965 3506 5007 est

1969 5056 2238 5126 baptizare
2255 5096 2271 5121 ,
2297 5068 2524 5122 cumque
2550 5070 2580 5108 a
2607 5054 2760 5107 nobis
2783 5065 2951 5119 nuper
2983 5050 3052 5103 sit
3078 5048 3409 5113 redargutus
3434 5057 3497 5094 ex

1970 5144 2054 5199 his
2083 5157 2201 5213 qua:
2226 5143 2477 5208 diximus,
2501 5143 2661 5211 idque
2682 5140 2998 5210 praesertim,
3027 5137 3116 5205 qui
3150 5148 3244 5203 per
3270 5132 3508 5200 prophe-

384 5330 429 5361 “
461 5327 628 5382 Hebr.
664 5341 740 5384 tv.
767 5324 850 5377 12.
932 5324 975 5355 ⁸⁷
1007 5323 1132 5377 Luc.
1164 5329 1313 5383 xvu't,
1344 5320 1430 5380 10,
1466 5321 1546 5371 lt.
1620 5318 1663 5349 ⁸³
1687 5318 1815 5372 ibid.
1847 5322 1854 5371 4

2016 5320 2061 5352 ⁸⁸
2093 5317 2233 5373 Psal.
2285 5330 2402 5381 χιιι,
2430 5318 2483 5370 5.
2552 5318 2598 5350 ⁷⁸
2641 5318 2794 5371 Joau.
2840 5332 2877 5378 ι,
2916 5315 3008 5371 25.
3080 5315 3146 5379 ⁷9⁸
3177 5309 3341 5363 Marc.
3372 5324 3414 5364 ι.
3440 5309 3501 5362 2.

317 5396 360 5429 "
386 5396 450 5452 ΙΙΙ
499 5398 634 5465 Reg.
666 5408 825 5456 ινιιι,
853 5390 942 5454 54,
972 5394 1061 5446 58.
1133 5391 1178 5424 ⁷⁸
1204 5388 1428 5444 Malacb.
1472 5402 1544 5450 tv,
1575 5384 1627 5439 5.
1699 5386 1746 5417 "
1773 5386 1853 5439 Ma

1955 5403 2067 5452 .nt,
2095 5388 2194 5451 it;
2224 5384 2356 5441 Luc.
2385 5399 2464 5446 ιιι,
2498 5385 2585 5440 16.

389 5555 497 5623 (ιδ)
527 5553 623 5619 Μὴ
646 5549 1027 5623 ποιήςαιττες.
1073 5516 1162 5600 είς
1205 5545 1369 5599 codex
1405 5541 1750 5623 deleiau'us;
1805 5545 1858 5596 in

325 5609 678 5688 coildfliegio
710 5609 1085 5671 et'Barheriuo
1114 5625 1393 5681 perperam
1424 5612 1573 5687 deest
1598 5609 1703 5729 [ﬂii
1777 5677 1790 5690 .

396 5690 503 5729 nm
522 5688 777 5729 Λινδίων
803 5684 958 5729 ἐστέ-
979 5683 1050 5729 Ita
1073 5685 1239 5729 codex
1268 5676 1618 5729 Bodlctauus:
1708 5693 1790 5729 om

396 5676 958 5759 (,16)Δέῧδρονλέο;τέ.
979 5683 1050 5759 It_a
1073 5676 1239 5736 codex
1268 5676 1618 5759 Dodlciauus’;
1659 5676 1862 5746 Regius

329 5768 381 5812 et
400 5745 754 5817 Dat-beriu'us,
772 5751 978 5822 δένδρον
1002 5749 1169 5812 ἔσται,
1205 5745 1365 5819 male.

2034 5544 2141 5613 (t7)
2162 5542 2327 5613 Codd.
2354 5541 2551 5613 Regius
2575 5551 2628 5598 et
2648 5539 2971 5597 Barberinus
3000 5547 3278 5607 perperam
3303 5532 3522 5586 trahent

1964 5611 2457 5688 περὲξιῠῖελόχωνζ
2627 5680 2639 5688 .
2838 5676 2849 5688 .
2925 5676 2937 5688 .
3010 5679 3029 5688 -

2035 5670 2149 5747 με)
2178 5670 2390 5745 Αὐτῆς·
2430 5679 2731 5751 Legendqu
2772 5676 2852 5730 vel
2882 5676 3077 5739 αὐτοῖς,
3118 5670 3209 5723 vel
3235 5670 3436 5717 αὑτων.
