3880 6214
558 498 664 554 243
1956 492 2269 547 ORIGENIS

556 621 661 666 tam
689 610 833 664 illum
858 609 1174 663 intellexerit
1219 610 1529 679 prophetam
1578 611 1877 679 quempiam
1911 612 2084 680 vulga-

2113 617 2155 672 Α
2183 609 2431 662 θάνεσθαι
2470 608 2593 669 τούς
2629 606 2945 677 Φαρισαίους
2977 607 3119 659 κατὰ
3168 605 3273 675 τὴν
3312 598 3500 656 αὐτῶν
3535 616 3625 653 παι

557 712 669 752 rem
718 700 914 767 (neque
962 699 1104 752 enim
1149 700 1434 753 ostendere
1479 710 1652 769 potest
1705 701 2080 768 prophetarum

2039 715 2080 752 ιιι
2188 698 2329 764 γίαν,
2362 695 2480 764 οὐχὶ
2508 695 2582 756 ὼς
2608 694 2792 764 μαθεῖν
2815 695 3084 757 θέλοντας.
3564 698 3571 704 ’

551 789 778 857 aliquem
818 787 1165 857 baptizasse),
1193 802 1298 843 non
1337 790 1527 843 inscite
1556 789 1631 843 ait
1664 788 1980 852 Pharisaeos,
2022 801 2125 842 non
2174 786 2299 853 quia
2338 784 2534 838 vellent
2585 785 2811 848 discere,
2864 786 2959 838 scd
3011 798 3077 838 ex
3118 781 3346 851 propria
3393 778 3626 833 versuti:

553 890 845 948 terrogart‘.

619 970 706 1023 14.
730 968 988 1035 Quoniam
1016 983 1144 1025 vero
1170 970 1533 1024 necessarium
1560 970 1715 1026 nobis
1734 983 1853 1025 esse
1877 969 2087 1022 videtnr

2256 960 2343 1013 14.
2381 960 2529 1012 Ἐπεὶ
2563 959 2619 1011 δέ
2655 959 2944 1025 ἀναγκαῖον
2976 955 3086 1024 (I9)
3123 956 3261 1024 ἡμῖν
3296 951 3564 1021 φαίνεται
3599 967 3627 1002 ιιι

548 1057 603 1112 in
630 1059 860 1114 medium
892 1058 1085 1113 alI'erre
1115 1058 1520 1128 Evangeliorum
1550 1060 1711 1115 verba
1736 1059 1929 1113 similia
1962 1056 2080 1111 huic

2188 1050 2391 1103 τιθέναι
2436 1048 2532 1108 τὰς
2563 1047 2749 1116 ὁμοίας
2786 1045 2893 1097 τῶν
2930 1042 3281 1110 Εὐαγγελίων
3325 1038 3522 1102 λέξεις
3564 1055 3627 1091 το

549 1145 823 1201 contextui
858 1159 1015 1214 quem
1051 1145 1104 1199 in
1129 1144 1371 1198 manibus
1398 1143 1655 1200 habemus
1681 1145 1755 1215 (et
1784 1146 1883 1199 hoc
1904 1144 2081 1210 singu-

2188 1141 2338 1210 χερσὶ
2372 1140 2550 1208 ῥητοῖς
2575 1174 2589 1199 ,
2622 1136 2734 1204 (acati.
2764 1133 2919 1186 τοῦτο
2954 1131 3073 1185 καθ’
3116 1131 3351 1182 ἕκαστον
3394 1129 3570 1198 μέχρι
3593 1144 3625 1179 τ

548 1234 700 1289 latim
729 1235 795 1289 ad
843 1235 1000 1289 linem
1031 1249 1197 1303 usque
1222 1244 1303 1287 est
1345 1234 1668 1297 faciemlum,
1703 1250 1807 1304 quo
1833 1249 1950 1303 quae
1974 1234 2080 1285 dis-

2188 1230 2356 1280 ποιεῖν
2400 1227 2536 1296 ὑπὲρ
2578 1224 2669 1276 τοῦ
2710 1224 2776 1276 τὰ
2820 1223 2916 1292 μὲν
2968 1222 3298 1289 σύγκρουσιν
3347 1218 3627 1270 δοκοῦντα

551 1323 886 1392 crepantiam
915 1321 1115 1376 habere
1139 1323 1403 1384 videntur,
1452 1336 1687 1377 consona
1711 1323 2083 1383 ostendantur,

2184 1314 2587 1368 ἀποδείκνυσθαι
2616 1312 2896 1381 σύμφωνα,
2924 1309 2991 1361 τὰ
3017 1309 3062 1360 δ’
3107 1309 3258 1377 ὅμως
3301 1306 3382 1368 ὡς
3425 1305 3629 1375 ἔχοντα

550 1420 715 1481 atque
753 1412 880 1467 item
944 1424 1001 1466 ut
1043 1414 1397 1483 explanantur
1440 1428 1557 1481 qua:
1602 1413 1762 1466 veluti
1822 1412 2082 1481 singulare

2186 1421 2309 1455 στον
2355 1404 2470 1455 κατ’
2507 1401 2637 1453 ἰδίαν
2690 1397 3077 1468 σαφηνίζεσθαι
3100 1397 3141 1466 ’)
3189 1395 3323 1464 φέρε
3353 1393 3533 1446 τοῦτο
3568 1411 3629 1447 κο

549 1500 822 1570 quidpiam
861 1482 1382 1573 privatimhabent),
1416 1518 1535 1572 age,
1566 1504 1617 1557 id
1642 1504 1803 1557 etiam
1837 1502 1941 1556 hoc
1968 1501 2081 1556 loco

2185 1492 2354 1545 ταῦθα
2388 1491 2716 1558 ποιήσωμεν.
2761 1488 2832 1538 Τὸ
2868 1487 3010 1555 γάρ’
3069 1505 3087 1535 ι
3120 1484 3279 1552 Φωνὴ
3325 1482 3585 1552 βοῶντος
3626 1506 3629 1529 λ

549 1586 830 1645 faciamus.
864 1590 995 1646 Illud
1017 1593 1160 1647 enim
1195 1610 1210 1645 :
1242 1610 1261 1643 ι
1303 1571 1411 1647 vox
1442 1593 1722 1646 clamantis
1752 1592 1803 1645 in
1831 1592 2042 1646 deserto
2068 1605 2081 1639 :

2188 1583 2372 1654 ἐρήμῳ
2396 1596 2408 1609 ⁸
2453 1578 2720 1631 Εὐθύνατε
2752 1575 2847 1644 τὴν
2885 1575 3002 1628 ὁδὸν
3043 1574 3272 1642 Κυρίου,
3307 1590 3325 1621 ι
3360 1571 3534 1642 παρὰ
3570 1572 3629 1641 μὲ

551 1677 777 1747 Dirigite
800 1680 943 1735 viam
987 1682 1283 1746 Domini“,
1328 1701 1345 1733 ι
1386 1683 1522 1750 apud
1556 1680 1871 1749 discipulum
1925 1678 2083 1733 Joan-

2193 1668 2401 1738 μαθητῇ
2432 1667 2507 1737 τῷ
2544 1666 2759 1735 Ἰωάννῃ
2791 1664 2854 1715 ἐκ
2886 1662 3177 1732 προσώπου
3208 1661 3303 1713 τοῦ
3346 1662 3631 1714 Βαπτιστι

552 1780 671 1820 nem
724 1783 793 1823 ex
843 1783 1069 1837 persona
1108 1770 1355 1838 Baptista:
1406 1769 1628 1831 dicitur;
1670 1768 1812 1835 apud
1851 1766 2083 1820 Marcum

2188 1772 2369 1823 γεται·
2403 1753 2549 1823 παρὰ
2571 1754 2626 1805 δὲ
2658 1752 2734 1821 τῷ
2765 1752 2972 1820 Μάρκῳ
3005 1751 3079 1811 ὡς
3108 1750 3252 1819 ἀρχὴ
3290 1750 3391 1802 τοῦ
3435 1750 3631 1818 Εὐαγγ

552 1871 680 1911 vero
709 1866 954 1926 tanquam
980 1859 1296 1927 principium
1332 1856 1601 1925 Evangelii
1640 1856 1763 1911 Jesu
1797 1855 1993 1910 Christi
2018 1868 2084 1907 ex

2119 1877 2161 1930 Β
2201 1844 2370 1913 Ἰησοῦ
2413 1842 2643 1912 Χριστοῦ
2690 1840 2825 1894 κατὰ
2864 1841 2964 1909 τὴν
3021 1840 3242 1891 Ἡσαΐου
3295 1840 3546 1909 Γραφὴν
3598 1841 3631 1892 ἀ

551 1944 699 1998 Isaiae
727 1960 855 1999 voce
892 1946 1031 2000 hunc
1060 1946 1112 1999 in
1144 1946 1356 1999 modum
1383 1954 1464 1998 est
1486 1945 1747 2013 scriptum
1783 1959 1798 1995 :
1830 1956 1849 1994 t
1877 1942 2083 1996 Initium

2124 1928 2149 1930 *ν
2188 1951 2420 2006 γραπται
2450 1934 2647 1995 οὕτως·
2685 1950 2703 1981 ι
2738 1931 2902 2000 Ἀρχὴ
2937 1930 3030 1981 τοῦ
3058 1929 3402 1996 Εὐαγγελίου
3436 1928 3631 1999 Ἰησοῦ

549 2035 823 2105 Evangelii
850 2034 975 2090 Jesu
1002 2036 1221 2102 Christi,
1267 2047 1422 2103 prout
1452 2036 1706 2101 scriptum
1756 2043 1837 2088 est
1870 2036 1920 2086 in
1953 2033 2081 2086 Isaia

2189 2024 2331 2086 στοῦ,
2362 2022 2540 2085 καθὼς
2571 2022 2872 2091 γέγραπται
2914 2022 2972 2072 ἐν
3003 2019 3080 2089 τῷ
3118 2020 3319 2089 Ἡσαΐᾳ
3359 2020 3453 2089 τῷ
3494 2037 3633 2090 προς

550 2122 840 2192 prapheta:
879 2123 1015 2178 Ecce
1041 2140 1139 2192 ego
1164 2125 1315 2177 mitto
1354 2124 1612 2193 Angelum
1640 2136 1817 2175 meum
1865 2130 1986 2174 ante
2010 2121 2082 2173 fa-

2199 2114 2326 2166 Ἰδού
2351 2113 2458 2181 ἐγὼ
2487 2112 2793 2166 ἀποστέλλω
2816 2112 2905 2164 τὸν
2937 2110 3165 2177 ἄγγελόν
3196 2128 3300 2179 μου
3333 2111 3455 2181 πρὸ
3487 2128 3633 2181 προς

552 2215 686 2267 ciem
713 2213 982 2283 tnam,qui
1009 2225 1399 2281 prmparaturus
1422 2223 1502 2268 est
1526 2215 1665 2266 viam
1698 2220 1839 2262 tuam
1864 2220 1983 2262 ante
2012 2217 2083 2262 te.

2188 2217 2307 2263 σου,
2350 2201 2407 2263 ὃς
2440 2198 2833 2252 κατασκευάσει
2862 2197 2959 2266 τὴν
2991 2197 3107 2248 ὁδόν
3156 2212 3253 2248 σου
3295 2196 3633 2269 ἐμπροσθέκ

555 2302 667 2359 Vox
697 2305 975 2359 clamantis
1028 2305 1080 2358 in
1133 2303 1603 2359 desertozparate
1654 2300 1792 2354 viam
1855 2300 2083 2363 Domini,

2184 2289 2335 2359 Φωνὴ
2367 2288 2589 2358 βοῶντος
2632 2289 2690 2340 ἐν
2731 2290 2796 2355 τῇ
2843 2286 3071 2355 ἐρήμῳ·
3109 2286 3496 2353 Ἑτοιμάσατε
3541 2285 3633 2351 τὴι

551 2392 905 2448 rectasl'acite
938 2394 1158 2448 semitas
1183 2391 1299 2460 ejus
1334 2393 1400 2447 ⁷³.
1444 2410 1461 2443 ι
1499 2391 1656 2461 126
1682 2390 1942 2444 Caeterum
1981 2404 2083 2442 non

2187 2380 2411 2450 Κυρίου,
2443 2378 2653 2440 εὐθείας
2695 2380 2894 2429 ποιεῖτε
2921 2376 3019 2437 τὰς
3053 2376 3271 2445 τρίϐους
3317 2377 3532 2431 αὐτοῦ.
3558 2384 3635 2432 »Ο

549 2481 763 2550 ponitur
793 2482 847 2535 in
896 2482 1150 2549 propheta
1189 2496 1203 2531 :
1245 2498 1264 2531 ι
1320 2481 1542 2547 Dirigite
1598 2481 1736 2532 viam
1797 2478 2024 2544 Domini,
2061 2497 2080 2529 ι

2185 2487 2271 2522 ται
2316 2469 2558 2538 μέντοιγε
2606 2467 2662 2518 ἐν
2705 2464 2782 2535 τῷ
2824 2466 3109 2535 προφήτῃ·
3146 2463 3501 2538 ιβύθύνατε
3541 2464 3635 2534 τὴι

551 2570 691 2632 quod
717 2570 903 2624 citavit
924 2569 1175 2623 Joannes.
1206 2569 1432 2623 Proinde
1455 2568 1575 2621 vide
1601 2582 1668 2621 ne
1692 2566 1831 2621 forte
1855 2566 2083 2622 Joannes

2185 2560 2412 2630 Κυρίου,
2452 2578 2468 2610 ι
2496 2560 2630 2625 ὅπερ
2655 2554 2922 2626 παρέθετο
2947 2557 2975 2606 ὁ
3003 2554 3230 2622 Μάρκος
3258 2553 3401 2622 (21).
3442 2556 3635 2626 Μήπο

550 2665 836 2717 tlecurtans
861 2661 989 2715 illud
1028 2681 1040 2715 :
1078 2678 1097 2711 ι
1130 2661 1321 2714 Parate
1348 2660 1487 2712 viam
1525 2658 1753 2724 Domini,
1789 2667 1967 2712 rectas
2010 2658 2082 2710 fa-

2184 2653 2212 2702 ὁ
2273 2648 2547 2715 Ἰωάννης,
2591 2644 3011 2713 ἐπιτεμνόμενος
3054 2644 3144 2695 τό·
3204 2662 3223 2694 ι
3279 2645 3635 2714 Ἐτοιμάσαιι

550 2751 656 2805 cite
678 2750 897 2804 semitas
920 2748 1011 2802 Dei
1040 2749 1231 2813 nostri,
1258 2766 1276 2797 ι
1308 2746 1581 2816 scripserit
1604 2762 1617 2798 :
1651 2764 1669 2796 ι
1702 2746 1920 2814 Dirigite
1946 2745 2082 2798 viam

2184 2739 2298 2791 ὁδὸν
2336 2737 2566 2805 Κυρίου,
2609 2735 2819 2796 εὐθείας
2856 2736 3055 2784 ποιεῖτε
3102 2732 3200 2794 τὰς
3234 2733 3474 2802 τρίϐους
3514 2735 3626 2787 τοῦ

557 2835 799 2902 Domini;
827 2854 850 2886 ι
882 2850 1000 2903 qua:
1026 2835 1188 2888 verba
1211 2834 1444 2898 Marcus,
1473 2834 1605 2885 duas
1631 2832 1936 2900 prophetias
1958 2834 2087 2885 duo-

2186 2827 2358 2896 ήμῶν,
2402 2846 2420 2877 ι
2458 2824 2785 2893 ἀνέγραψενο
2827 2842 2844 2873 ι
2877 2822 3148 2876 Εὐθύνατε
3177 2822 3277 2891 τὴν
3311 2824 3440 2875 ὁδὸν
3481 2826 3637 2894 Κυρι

550 2925 651 2981 bus
678 2926 732 2980 in
759 2925 892 2980 locis
915 2925 1086 2978 dictas
1110 2939 1140 2976 a
1164 2924 1368 2977 duobus
1396 2923 1669 2991 prophetis
1694 2924 1747 2973 in
1778 2936 1940 2974 unum
1973 2920 2082 2974 col-

2184 2917 2265 2968 ὂτι
2287 2918 2315 2968 ὁ
2342 2915 2563 2983 Μάρκος
2585 2914 2676 2965 δύο
2709 2912 3038 2983 προφητείας
3068 2914 3125 2964 ἐν
3157 2911 3446 2981 διαφόροις
3480 2916 3626 2983 είρη

552 3017 738 3084 ligens.
772 3013 952 3082 posuit
984 3030 997 3065 :
1038 3030 1056 3062 ι
1091 3012 1255 3070 Prout
1289 3011 1541 3073 scriptum
1600 3010 1756 3063 estin
1790 3009 1921 3062 Isaia
1961 3024 2082 3076 pro-

2184 3006 2367 3066 τόποις
2399 3004 2500 3056 ὐπὸ
2535 3003 2627 3055 δύο
2657 3002 2944 3073 προφητῶν
2968 3004 3046 3065 είς
3075 3002 3133 3055 ἐν
3174 3003 3435 3069 συνάγων
3467 3021 3637 3057 πεπο

553 3107 711 3172 pheta
744 3119 760 3157 :
793 3101 931 3156 Ecce
957 3116 1054 3169 ego
1076 3101 1230 3154 mitto
1262 3101 1505 3154 nuntium
1536 3114 1709 3151 memn
1741 3108 1863 3151 ante
1892 3097 2082 3150 faciem

2191 3108 2209 3140 ι
2234 3089 2423 3151 Καθὼς
2453 3088 2755 3158 γέγραπται
2786 3091 2842 3142 ἐν
2867 3088 2943 3155 τῷ
2987 3090 3185 3159 Ἡσαΐᾳ
3212 3089 3291 3159 τῷ
3322 3094 3624 3165 προφήτῃ

548 3204 716 3265 tuam,
742 3191 834 3259 qui
864 3191 1183 3260 praeparabit
1215 3190 1353 3243 viam
1399 3200 1539 3243 luam
1583 3200 1705 3243 ante
1734 3200 1803 3241 le.
1840 3186 1949 3240 Vox
1983 3188 2080 3240 cla-

2112 3177 2157 3239 C
2188 3177 2296 3245 ἐγὼ
2334 3176 2641 3229 ἀποστέλλω
2663 3176 2751 3230 τὸν
2778 3178 3008 3244 ἄγγελόν
3041 3195 3141 3247 μου
3176 3179 3285 3250 πρὸ
3317 3180 3639 3249 προσώποι

553 3283 750 3337 mantis
780 3281 834 3335 in
860 3281 1070 3335 deserto
1104 3295 1117 3330 :
1150 3280 1341 3332 Parate
1367 3280 1505 3331 viam
1546 3278 1777 3339 Domini,
1810 3288 1981 3332 rectas
2007 3276 2083 3329 fa-

2184 3270 2242 3332 ὂς
2269 3269 2658 3323 κατασκευάσει
2696 3269 2795 3337 τὴν
2838 3268 2953 3321 ὁδόν
2989 3285 3081 3321 σου
3106 3286 3119 3298 ·
3155 3269 3313 3340 Φωνὴ
3345 3270 3621 3338 βοῶντος

551 3369 658 3422 cite
687 3368 908 3423 semitas
929 3366 1064 3433 ejus.
1097 3384 1116 3417 ι
1154 3364 1278 3419 Illud
1305 3367 1444 3419 enim
1472 3382 1486 3420 :
1518 3385 1536 3416 ι
1577 3366 1685 3420 Vox
1713 3366 1996 3420 clamantis
2030 3367 2081 3419 in

2183 3359 2388 3427 ἐρήμῳ·
2415 3356 2763 3425 Ἑτοιμάσατε
2790 3357 2889 3426 τὴν
2913 3356 3029 3408 ὁδὸν
3052 3358 3281 3427 Κυρίου,
3310 3359 3561 3423 εὐθείας
3595 3380 3639 3413 π

551 3451 767 3506 deserto
808 3468 827 3502 ι
860 3465 980 3505 mox
1008 3450 1262 3517 scriptum
1294 3460 1375 3505 est
1402 3461 1519 3518 post
1551 3452 1826 3505 historiam
1862 3468 2083 3505 narran-

2182 3447 2279 3509 τὰς
2320 3445 2533 3513 τρίϐους
2575 3444 2760 3497 αὐτοῦ.
2798 3464 2816 3495 ι
2857 3445 2929 3497 Τὸ
2968 3446 3066 3514 μὲν
3099 3447 3225 3517 γάρ·
3268 3467 3286 3497 ι
3324 3450 3501 3519 Φωνὴ
3554 3450 3639 3519 Bo

554 3550 659 3593 tem
685 3538 969 3593 Ezechiam
995 3552 1059 3592 ex
1097 3535 1283 3593 morbo
1306 3539 1675 3601 convaluisse;
1712 3539 1839 3593 illud
1870 3549 2080 3593 autem:

2185 3537 2241 3587 ἐν
2269 3537 2333 3603 τῇ
2361 3535 2567 3603 ἐρήμῳ,
2604 3552 2621 3583 ι
2661 3535 2797 3602 μετὰ
2827 3535 2924 3603 τὴν
2951 3534 3079 3604 περὶ
3109 3536 3202 3587 τοῦ
3233 3536 3500 3598 Ἐζεκίου
3547 3541 3639 3591 ίσιι

557 3644 580 3681 ι
611 3629 745 3683 Ecce
764 3641 862 3696 ego
884 3628 1035 3682 mitto
1057 3628 1297 3681 nuntium
1318 3642 1491 3682 meum
1516 3638 1639 3681 ante
1660 3628 1849 3682 faciem
1870 3640 2034 3691 tuam.
2059 3647 2081 3681 ι

2184 3624 2507 3685 ἀναστάντος
2550 3624 2614 3674 ἐκ
2651 3623 2749 3691 τῆς
2779 3624 2935 3675 νόσου
2968 3623 3169 3687 εὐθέως
3195 3625 3531 3694 γέγραπται
3559 3645 3576 3657 ο
3623 3646 3639 3662 ε

556 3736 586 3770 a
613 3717 872 3772 Malachia
899 3719 964 3771 ⁷⁸.
992 3716 1139 3783 Quod
1170 3728 1345 3772 autem
1367 3719 1581 3787 scripsit
1616 3717 1866 3782 Joannes,
1893 3719 2086 3773 abbre-

2191 3731 2209 3763 ι
2252 3711 2377 3764 Ἰδοὺ
2409 3711 2518 3779 ἐγὼ
2549 3713 2860 3766 ἀποστέλλω
2886 3716 2978 3768 τὸν
3010 3714 3237 3782 ἄγγελόν
3269 3730 3372 3782 μου
3408 3716 3543 3785 πρὸ
3581 3735 3638 3785 ἰτ¹

553 3806 710 3860 vians
737 3813 938 3860 textum
967 3821 996 3859 a
1023 3818 1083 3859 se
1108 3804 1352 3870 citatum,
1388 3806 1439 3858 id
1477 3804 1685 3859 Marcus
1706 3806 1868 3860 etiam
1895 3806 2005 3873 ipse
2032 3806 2085 3860 in

2186 3819 2285 3855 που
2319 3819 2431 3865 σου,
2465 3821 2484 3852 ι
2522 3802 2624 3854 ὑπὸ
2649 3803 2948 3872 Μαλαχίου.
2985 3806 3159 3871 Ὅπερ
3200 3803 3258 3855 δέ
3293 3804 3592 3874 ἐποίησεν
3624 3811 3639 3857 ὲ

552 3892 655 3947 alia
679 3892 912 3948 dictione
934 3893 1369 3961 repraesentavit;
1394 3892 1845 3962 quandoquidem,
1877 3894 2084 3948 dicente

2185 3893 2347 3961 άννης
2382 3892 2799 3961 ἐπιτεμνόμενος
2847 3894 2876 3944 ὃ
2918 3892 3186 3964 παρέθετο
3233 3892 3432 3963 ῥητὸν,
3485 3896 3639 3949 τοῦτ

553 3985 806 4055 propheta
838 3997 854 4035 :
889 3999 908 4033 ι
945 3981 1137 4035 Parate
1159 3983 1297 4034 viam
1347 3981 1579 4046 Domini,
1604 3991 1777 4037 rectas
1816 3983 1976 4038 facite
2001 3998 2085 4038 se-

2068 4012 2085 4024 -
2184 3981 2347 4050 ἄλλης
2383 3980 2575 4045 λέξεως
2610 3983 2639 4033 ὁ
2675 3982 2899 4051 Μάρκος
2945 3984 3039 4034 καὶ
3064 3983 3226 4044 αὐτὸς
3265 3981 3557 4053 ἐνέφηνεν
3584 4003 3600 4016 ο

558 4073 714 4128 mitas
761 4073 853 4126 Dei
902 4071 1087 4135 nostri,
1119 4090 1139 4123 ι
1167 4071 1438 4139 scripserit
1466 4071 1621 4138 ipse:
1661 4089 1680 4123 ι
1716 4072 1905 4125 Parate
1947 4071 2086 4125 viam

2185 4070 2295 4139 γὰρ
2327 4070 2603 4139 προφήτης
2627 4070 2788 4139 φησίν
2807 4087 2819 4099 ·
2847 4090 2864 4119 ι
2888 4071 3242 4139 Ἑτοιμάσατε
3267 4071 3366 4140 τὴν
3391 4073 3535 4125 ὁδὸν
3564 4078 3639 4128 Κ⁴

557 4158 795 4221 Domini,
844 4168 1015 4218 rectas
1060 4157 1226 4212 facite
1270 4158 1489 4213 semitas
1532 4159 1669 4227 ejus.
1705 4176 1726 4211 ι
1760 4157 1899 4218 Idem
1966 4157 2089 4213 fecit

2060 4167 2090 4211 lt
2186 4161 2397 4223 εὐθείας
2439 4164 2639 4213 ποιεῖτε
2679 4161 2778 4222 τὰς
2817 4163 3034 4233 τρίϐους
3071 4164 3162 4215 τοῦ
3194 4162 3329 4215 Θεοῦ
3358 4165 3548 4233 ἡμῶν
3577 4185 3592 4197 ·

556 4250 717 4301 etiam
757 4246 809 4300 in
840 4245 945 4300 illis
973 4247 1150 4300 verbis
1185 4262 1198 4297 :
1241 4264 1260 4295 ι
1305 4244 1442 4299 Ecce
1494 4259 1591 4313 ego
1644 4246 1796 4299 mitto
1843 4246 2085 4313 angelum

2187 4248 2440 4317 Μάρκοςο
2491 4267 2509 4298 ι
2545 4248 2896 4318 Ἑτοιμάσατε
2937 4251 3035 4321 τὴν
3081 4252 3197 4304 ὁδὸν
3255 4254 3478 4322 Κυρίου
3513 4296 3534 4320 ,
3596 4277 3628 4311 ε

555 4349 731 4391 meum
753 4343 877 4389 ante
908 4335 1098 4389 faciem
1132 4344 1297 4397 tuam,
1323 4335 1412 4403 qui
1440 4335 1758 4403 praeparabit
1782 4335 1917 4389 viam
1946 4344 2087 4391 tuam

2192 4339 2390 4389 ποιεῖτε
2420 4335 2516 4397 τὰς
2540 4337 2755 4409 τρίϐους
2783 4338 2969 4391 αὐτοῦ.
3004 4358 3022 4389 ι
3060 4340 3172 4409 Τὴν
3193 4339 3237 4391 δ’
3273 4340 3485 4409 ὁμοίαν
3524 4347 3639 4400 ἐστι

556 4434 681 4479 ante
717 4434 787 4490 te,
822 4442 842 4475 ι
875 4424 1090 4487 addens,
1120 4442 1139 4475 ι
1196 4433 1321 4478 ante
1361 4432 1434 4487 te,
1468 4441 1487 4474 ι
1517 4425 1658 4493 quod
1706 4426 1938 4493 positum
1981 4441 2085 4481 non

2119 4481 2161 4496 ﬁ
2193 4425 2474 4493 πεποίηται
2520 4425 2612 4477 καὶ
2659 4426 2751 4477 ἐπὶ
2779 4426 2897 4490 τοῦ,
2938 4445 2956 4476 ι
2998 4427 3126 4479 Ἰδοὺ
3167 4426 3278 4496 ἐγὼ
3325 4429 3639 4487 ἁποστέλ]

556 4513 733 4567 fuerat
769 4481 799 4566 a
828 4481 1105 4582 propheta.
1131 4512 1353 4581 Insuper
1384 4481 1721 4582 diligentiam
1774 4516 2088 4569 adhibentes

2119 4481 2165 4539 Ῑ)
2196 4481 2418 4580 ἄγγελον
2447 4530 2544 4582 μου
2574 4514 2678 4583 πρὸ
2705 4481 2996 4584 προσωπου
3021 4533 3135 4580 σου,
3153 4481 3639 4580 acuatacuat;th

557 4603 611 4654 in
635 4598 765 4655 illud
791 4616 807 4653 :
836 4618 855 4652 ι
884 4601 951 4655 Ει
973 4603 1063 4669 qui
1086 4602 1230 4657 missi
1256 4602 1484 4667 fuerant,
1516 4612 1671 4657 erant
1698 4618 1762 4658 ex
1784 4602 2089 4667 Pharisaais,

2193 4601 2306 4654 ὀδόν
2337 4617 2427 4653 σου
2456 4600 2757 4671 ἔμπροσθέν
2784 4620 2877 4655 σου
2898 4621 2912 4634 ⁸
2942 4624 2961 4656 ι
2988 4604 3253 4674 παρέθετο
3273 4606 3385 4675 γὰρ
3404 4608 3548 4681 (22)
3598 4634 3638 4667 τ

553 4697 612 4742 et
672 4689 1135 4760 interrogaverunt
1198 4707 1319 4745 eum
1366 4692 1433 4755 ⁷⁷,
1486 4710 1504 4743 ι
1559 4706 1657 4746 nos
1705 4694 2085 4761 praeposuimus

2195 4691 2437 4759 κείμενον
2471 4691 2565 4743 τό’
2612 4711 2629 4741 ι
2666 4692 2971 4763 ἔμπροσθέν
3009 4711 3120 4747 σου.
3164 4714 3182 4745 ι
3221 4696 3342 4749 Ὅτι
3379 4698 3492 4752 ἐπὶ
3538 4707 3623 4758 τό

554 4777 948 4835 Pharisaeorum
975 4781 1447 4849 interrogationem
1481 4780 1641 4850 (quod
1672 4781 1950 4834 Matthmus
1972 4796 2086 4833 eam

2201 4798 2217 4828 ι
2242 4780 2654 4849 Ἀπεσταλμένοι
2681 4776 2821 4851 ἦσαν
2847 4785 2910 4836 ὲκ
2932 4784 3039 4835 τῶν
3063 4787 3396 4854 Φαρισαίων,
3437 4794 3571 4846 καὶ
3614 4800 3639 4847 1

556 4870 803 4940 tacuerit)
854 4869 941 4925 his
980 4885 1097 4937 quae
1144 4872 1339 4939 scripta
1400 4881 1525 4926 sunt
1573 4873 1714 4925 facta
1744 4870 1908 4924 fuisse
1948 4869 2083 4938 apud

2190 4885 2286 4950 σαν
2336 4869 2529 4952 αὐτὸν,
2566 4888 2584 4919 ι
2631 4870 2971 4936 ἐξετάζοντες
3013 4876 3175 4943 ἡμεῖς
3229 4879 3639 4955 προετάξαμε

559 4960 860 5015 Μαιιιιιειιιη
888 4959 1190 5025 dicentem;
1220 4962 1359 5029 quod
1390 4962 1610 5016 intuitus
1633 4960 1867 5017 Joannes
1891 4959 2083 5013 multos

2190 4955 2450 5025 ἐρώτησιν
2475 4957 2582 5010 τῶν
2610 4960 2938 5029 Φαρισαίων,
2970 4962 3044 5023 ὼς
3069 4967 3517 5041 σεσιωπημένην
3556 4993 3639 5032 πε

620 5080 668 5115 ⁷⁸
692 5082 843 5137 Joan.
867 5099 904 5145 ι.
940 5083 1031 5139 ‘25.
1105 5086 1150 5117 "
1190 5085 1348 5140 Marc.
1377 5104 1413 5150 ι,
1446 5089 1575 5153 I-3;
1610 5087 1835 5142 Malach.
1858 5102 1938 5153 ιιι,
1967 5090 1985 5139 l
2015 5106 2029 5154 ;
2069 5089 2147 5143 lsa

2097 5104 2167 5143 sa.
2226 5105 2311 5149 xc,
2336 5089 2388 5142 3.
2463 5091 2509 5121 "
2536 5089 2759 5144 Malach.
2792 5107 2874 5155 ιιι,
2908 5095 2958 5147 1.
3034 5095 3077 5125 ⁷⁷
3099 5093 3256 5150 Joan.
3288 5113 3327 5161 I,
3350 5098 3451 5164 ΞΔ»,
3491 5105 3629 5162 25,

562 5282 573 5293 ⁸
624 5214 752 5296 ‘19).
778 5213 931 5296 Ἰξπεὶ
964 5213 1040 5296 δέ.
1058 5216 1395 5296 ἀναγζιαῖογ.
1438 5219 1727 5296 ελο.ηγίιιο
1777 5221 2084 5296 llieronym.

2048 5237 2084 5273 I.
2196 5236 2315 5296 nat_n
2348 5220 2585 5296 Joannes
2612 5223 2770 5278 habet
2796 5240 2836 5285 ι.
2862 5225 2953 5289 25,
2991 5226 3283 5292 Εὐθύνατε,
3312 5229 3580 5295 Marcus

559 5282 872 5370 ἰξὲίίξέξίφ·
903 5282 1234 5370 ','_'-M8;‘,.:'Pi
1253 5287 1423 5370 F"‘.1:-'“
1454 5288 1774 5370 βράμείξιμιυβ
1806 5282 2090 5370 "chelas-

2076 5317 2090 5327 .
2198 5304 2235 5352 ι,
2265 5288 2319 5353 ὅ,
2347 5289 2719 5370 Ἑτοιμάσατε.
2742 5282 2891 5370 Ill-V9"
2925 5282 3045 5360 (λειω
3075 5282 3608 5370 δεί1¹¹⁸¹έίυτὲῲἶ¹ῖ¹

558 5347 855 5417 ρατιθέναι,
910 5350 963 5401 in
1036 5350 1272 5406 editione
1339 5354 1509 5409 llttetii
1563 5357 1753 5424 legitur
1815 5356 2090 5426 προστιθέ-

2040 5356 2091 5406 έ-
2199 5347 2341 5428 ιιιιιιὶ,
2366 5358 2415 5428 id
2445 5347 2717 5428 evincunt.
2753 5347 2975 5413 Videtur
3016 5347 3202 5415 ιιιιιιιιίι
3238 5347 3572 5428 Fannii};

502 5440 534 5491 .J
560 5431 734 5499 ναξδω
770 5486 807 5499 _
826 5484 839 5499 ,
1163 5485 1190 5499 _
1305 5489 1332 5499 _
1492 5494 1506 5499 _
1683 5491 1695 5499 _
1862 5424 1869 5426 ⁷
1896 5492 1906 5499 _
2196 5424 2349 5477 (1³58ίέ
2374 5424 2681 5499 Ql'igctlem,
2710 5442 2870 5495 quem
2902 5430 3138 5483 Marcum
3165 5448 3263 5499 pro
3291 5424 3571 5494 Joannew
3590 5448 3637 5499 ιε

500 5482 532 5505 ⁷
562 5566 591 5569 ,Α
612 5482 1461 5569 ,(ἓφξᾷτξιρουσιηᾷοκοῦντα.
1487 5491 1786 5569 Ιδςεριιψιιιι
1828 5492 1907 5569 εει
1964 5507 2032 5542 συ

2196 5506 2253 5569 ξς
2285 5482 2599 5569 crcdidérim
2619 5562 2630 5569 .
2650 5482 2680 5546 ε’
2703 5482 3178 5569 quemadmodum.
3228 5482 3638 5569 infra-rch

557 5551 1063 5626 κρούεινρρκοῦντα,
1093 5553 1173 5626 vel
1197 5553 1516 5626 σύγκρουσιν
1542 5551 1793 5626 δοκοῦντα
1829 5559 1989 5626 ἔχειν.
2041 5551 2051 5558 ’

1434 5572 1516 5626 σιν
1542 5551 1793 5626 δοκοῦντα
1829 5559 1989 5626 ἔχειν.
2041 5551 2051 5558 ’
2197 5557 2378 5612 Marco
2421 5561 2675 5614 laudavit.
2703 5551 2962 5623 Ilusrtus.

589 5618 953 5703 J(?'L_'?3‘.§P
985 5620 1264 5703 me???
1300 5618 1617 5700 ἀζηάρκος·
1671 5625 1745 5676 Ita
1790 5618 1941 5703 θρίω-
1996 5626 2097 5703 εξε-

2249 5627 2378 5703 _(2‘2)
2409 5627 2573 5683 Codd.
2594 5618 3006 5691 Bodleianu'svet
3033 5636 3379 5702 Barberinus,
3402 5641 3472 5693 οὐ
3514 5663 3638 5703 πα

554 5686 694 5764 gius,
730 5686 1051 5764 Bodleianus
1073 5696 1125 5764 e_t
1147 5686 1489 5764 Barberinus,
1518 5686 1978 5764 quosassectatnr
2006 5694 2101 5748 I’c-
2199 5686 2324 5764 γάρ,
2360 5686 2465 5764 etc.

556 5752 797 5824 Eionius;
828 5762 880 5812 at
904 5752 1203 5823 Ferrarius,
1248 5758 1382 5822 quod
1425 5752 1598 5815 cum
1634 5759 1895 5825 Joannes,
1930 5772 2088 5823 recte.

2211 5752 2222 5761 ’
2268 5752 2377 5825 (ἑὸ)
2417 5763 2531 5817 ’Ὁτι
2553 5764 2650 5819 ἐπὶ
2682 5771 2770 5837 τό,
2799 5782 2906 5831 ctc.
2932 5775 3236 5844 Legendum
3271 5774 3349 5826 ἑτι
3373 5773 3478 5830 ἐπὶ
3510 5787 3639 5854 τό.
