3880 6170
349 440 444 492 225

1389 426 1732 495 comitem.
1770 439 1836 494 ιιι
1869 440 2054 496 JOAN.
2107 441 2328 498 [ΟΜυὸ
2360 442 2446 497 v1.

3416 439 3523 493 256‘

348 545 628 615 Ματθαίῳ,
656 546 751 598 τοῦ
794 549 1275 619 ἀναγεγραμμένου
1316 552 1583 619 γεγονέναι
1631 553 1774 621 παρὰ
1811 552 1886 622 τῷ

1998 554 2374 612 Pharisaeorum
2413 565 2465 611 et
2516 555 2925 613 Sadducaeorum
2981 555 3253 611 venientes
3307 555 3373 609 ad
3424 557 3520 609 ba-

346 633 595 701 Ματθαίῳ
619 647 633 662 °
677 633 761 685 ὅτι
804 634 928 687 ἰδὼν
961 638 990 688 ὁ
1031 637 1275 706 Ἰωάννης
1309 636 1530 700 πολλοὺς
1571 640 1676 691 τῶν
1726 642 1885 709 Φαρι-

344 720 504 773 σαίων
530 720 620 773 καὶ
644 722 1018 775 Σαδδουκαίων
1044 716 1361 795 ἐρχομένους
1386 726 1475 778 ἐπὶ
1504 726 1562 778 τὸ
1590 725 1882 795 βάπτισμα,

346 802 490 860 εἶπεν
513 809 720 872 αὐτοῖς’
756 831 772 861 ι
812 811 1128 882 Γεννήματα
1161 812 1401 882 ἐχιδνῶν,
1438 832 1456 864 ι
1493 814 1583 866 xa‘t
1618 814 1687 867 τά
1727 814 1849 883 ἑξῆς
1870 831 1882 844 '

345 897 624 951 ἀκόλουθον
647 900 756 970 γάρ
790 903 908 954 ἐστι
938 901 1151 971 πρῶτον
1185 903 1473 967 πυθέσθαι,
1505 900 1599 956 εἴτ’
1641 904 1886 975 ἐληλυθέ-

345 998 449 1035 ναι.
490 983 596 1036 Καὶ
633 984 792 1038 τοῦτο
832 988 1273 1058 παρατηρητέον,
1307 989 1386 1042 δτι
1420 993 1447 1042 ὁ
1487 990 1583 1059 μὲν
1622 991 1888 1053 Ματθαῖος

345 1069 802 1140 ὲκπορευομένους
830 1074 967 1144 πρὸς
998 1075 1089 1127 τὸν
1128 1075 1394 1146 Ἰωάννην,
1428 1076 1496 1128 τά
1530 1077 1885 1146 Ἰεροσόλυμα,

346 1159 437 1211 καὶ
460 1159 637 1212 πᾶσαν
678 1161 779 1232 τὴν
822 1162 1106 1225 Ἰουδαίαν,
1133 1164 1227 1216 καὶ
1261 1165 1436 1216 πᾶσαν
1475 1165 1888 1234 τὴνιπερίχωρον

345 1247 436 1301 τοῦ
475 1249 767 1318 Ἰορδάνου,
817 1251 909 1304 ἐπὶ
943 1251 1019 1321 τῷ
1069 1253 1427 1321 βαπτίσασθαι
1459 1256 1515 1306 ὲν
1547 1254 1622 1324 τῷ
1659 1256 1888 1326 Ἰορδάνῃ

345 1338 589 1406 ποταμῷ,
605 1338 928 1408 ἐξομολογου
936 1340 1125 1409 μένους
1147 1342 1349 1394 ἑαυτῶν
1372 1343 1466 1405 τὰς
1493 1343 1778 1413 ἁμαρτίας,
1805 1345 1891 1394 οὐ-

345 1424 467 1477 δένα
480 1425 632 1494 λόγον
649 1427 1039 1496 ὲπιπληκτικδν
1055 1429 1146 1482 καὶ
1164 1428 1465 1497 ἐλεγκτικόν
1487 1447 1644 1500 φησιν
1665 1431 1892 1500 ἀκηκοέ-

346 1528 430 1564 ναι
463 1513 571 1566 ἀπὸ
601 1513 697 1566 τοῦ
737 1514 1039 1567 Βαπτιστοῦ
1061 1553 1075 1578 ,
1114 1516 1302 1584 μόνους
1326 1516 1380 1568 δὲ
1410 1517 1532 1578 τοὺς
1556 1517 1890 1588 ἑωραμένους

347 1599 567 1664 πολλοὺς
594 1601 703 1656 τῶν
730 1603 1034 1673 Φαρισαίων
1069 1604 1162 1655 καὶ
1192 1604 1552 1658 Σαδδουκαίων
1579 1605 1892 1675 ἐληλυθότας

347 1691 634 1759 ἀκηκοέναι
665 1693 724 1744 τό
743 1693 1107 1763 οιΓεννήματα
1137 1694 1372 1762 ἐχιδνῶν,
1392 1692 1514 1745 »καὶ
1525 1692 1751 1763 τὰὲξῆςσ
1784 1698 1811 1748 ὁ
1838 1697 1891 1750 δὲ

283 1820 288 1824 μ
348 1779 566 1847 Μάρκος
603 1779 754 1831 οὐδέν
792 1796 951 1848 φησιν
985 1781 1369 1850 ἐπιπληκτικὸν
1393 1781 1639 1852 είρῆσθαι
1669 1783 1771 1835 ὐπὸ
1802 1782 1892 1834 τοῦ

360 1867 599 1920 Ἰωάννου
622 1871 734 1931 τοῖς
753 1869 1082 1939 ἐληλυθόσιν,
1095 1866 1211 1923 οὖσι
1234 1870 1377 1941 πάσῃ
1390 1874 1452 1939 τῇ
1469 1866 1690 1941 Ἰουδαία
1705 1872 1795 1926 καὶ
1810 1874 1894 1924 Ἰε-
1923 1855 1964 1908 Β

351 1957 722 2026 ροσολυμίταις
744 1961 894 2023 πᾶσι,
920 1960 1012 2012 καὶ
1029 1957 1435 2029 βαπτιζομένοις
1451 1960 1539 2012 ὐπ’
1562 1960 1720 2013 αὐτοῦ
1741 1963 1797 2012 ὲν
1819 1961 1893 2030 τῷ

362 2046 614 2117 Ἰορδάνῃ,
668 2049 762 2101 καὶ⁴
813 2048 1315 2118 ἐξομολογουμένοις
1348 2049 1444 2111 τάς
1490 2050 1754 2119 ἁμαρτίας
1794 2052 1892 2102 αὐ-

347 2133 473 2201 τῶν,
498 2135 806 2198 ἀκολούθως
831 2135 906 2205 τῷ
925 2136 1056 2205 μηδὲ
1081 2125 1414 2205 ὧνομακέναι
1441 2140 1561 2200 τοὺς
1580 2140 1893 2201 Φαρισαίους

350 2222 440 2275 καὶ
462 2224 870 2286 Σαδδουκαίους.
906 2225 1024 2276 Ἔτι
1056 2224 1112 2277 δὲ
1140 2226 1234 2278 καὶ
1256 2225 1411 2278 τοῦτο
1437 2227 1729 2294 ἀναγκαῖον
1752 2229 1894 2297 ἡμᾶς

351 2311 706 2381 παραθέσθαι,
738 2313 818 2365 ὅτι
852 2313 1144 2383 ἀμφότεροι
1186 2314 1307 2382 μὲν,
1341 2314 1369 2365 ὅ
1407 2331 1465 2365 τε
1498 2314 1767 2378 Ματθαϊος
1804 2315 1894 2368 καὶ

353 2398 380 2448 ὁ
420 2398 664 2467 Μάρκος,
692 2399 1209 2468 ὲξομολογουμένους
1256 2401 1354 2463 τὰς
1407 2402 1675 2470 ἁμαρτίας
1723 2403 1895 2456 αὐτῶν

352 2500 476 2550 φασι
527 2484 901 2553 βαπτίζεσθαι,
949 2487 1125 2537 πᾶσαν
1185 2484 1540 2554 Ἰεροσόλυμα,
1589 2488 1679 2537 καὶ
1724 2487 1895 2538 πᾶσαν

350 2572 446 2642 τὴν
487 2572 750 2625 Ἰουδαίαν
778 2573 870 2625 καὶ
906 2574 1081 2625 πᾶσαν
1114 2571 1209 2640 τὴν
1241 2572 1538 2644 περίχωρον
1564 2572 1658 2625 τοῦ
1706 2573 1894 2643 Ἰορδά-

352 2659 508 2728 νου,ἢ
541 2662 722 2713 πᾶσαν
743 2661 840 2731 τὴν
872 2661 1128 2714 Ἰουδαίαν
1161 2659 1361 2731 χώραν,
1394 2661 1487 2712 καὶ
1514 2662 1637 2724 τοὺς
1674 2662 1896 2732 Ἰεροσο-

351 2745 574 2816 λυμίτας
616 2747 853 2809 πάνταςο
885 2749 913 2799 ὁ
941 2747 997 2799 δὲ
1040 2746 1311 2809 Ματθαῖος
1354 2748 1561 2814 εἰσάγει
1604 2748 1700 2817 μὲν
1742 2749 1894 2817 ἐρχο-

355 2834 541 2904 μένους
585 2834 679 2885 snt
716 2833 777 2885 τὸ
820 2832 1097 2902 βάπτισμα
1130 2833 1254 2896 τοὺς
1297 2833 1614 2903 Φαρισαίους
1648 2833 1740 2884 καὶ
1771 2833 1897 2886 Σαδ-

352 2922 645 2986 δουκαίους,
688 2923 751 2974 οὐ
791 2923 896 2991 μὴν
936 2921 1450 2991 ἐξομολογουμένους
1482 2919 1577 2983 τάς
1627 2920 1897 2990 ἁμαρτίας

354 3012 526 3065 αὐτῶν
547 3028 561 3043 °
595 3012 783 3082 διόπερ
817 3012 962 3072 εἰκὸς
989 3013 1079 3065 καὶ
1117 3010 1272 3063 τοῦτο
1308 3009 1524 3078 εὔλογον
1555 3007 1690 3062 εἶναι
1732 3010 1898 3062 αἴτιον

353 3101 442 3154 τοῦ
485 3101 779 3170 ἀκηκοέναι
818 3100 1033 3162 αὐτοὺς,
1068 3116 1089 3150 r
1135 3099 1447 3169 Γεννήματα
1483 3099 1718 3168 ἐχιδνῶν.
1752 3116 1770 3148 ι
1806 3096 1896 3167 Μὴ

354 3190 625 3261 ὑπολάϐῃς
661 3190 706 3242 δ’
731 3190 877 3258 ἡμᾶς
910 3189 1002 3241 καὶ
1028 3183 1269 3258 ἀκαίρως
1308 3187 1374 3240 τὰ
1413 3189 1518 3241 ἀπὸ
1556 3188 1663 3241 τῶν
1700 3187 1896 3258 ἐτέρων

355 3278 693 3346 Εὐαγγελίων
727 3275 1144 3346 παρατεθεῖσθαι
1172 3275 1237 3328 τά
1263 3276 1327 3327 ὲκ
1356 3274 1463 3329 τῶν
1486 3276 1900 3345 ἀπεσταλμένων

355 3362 416 3413 ὲκ
456 3362 562 3414 τῶν
605 3362 909 3432 Φαρισαίων
950 3362 1043 3414 καί
1084 3361 1468 3432 ὲρωτησάντων
1508 3362 1596 3413 τὸν
1654 3363 1901 3430 Ἰωάννην

355 3449 718 3516 ἐξετάζοντας.
764 3453 827 3503 Εί
867 3450 975 3520 γάρ
1018 3450 1193 3512 καλῶς
1228 3450 1611 3520 ὲφηρμόσαμεν
1659 3449 1755 3519 τὴν
1799 3448 1902 3501 τῶν

353 3541 653 3610 Φαρισαίων
674 3540 885 3603 πεῦσιν,
905 3539 1392 3609 ἀναγεγραμμένην
1414 3538 1562 3607 παρά
1590 3538 1667 3607 τῷ
1692 3537 1900 3608 μαθητῇ

369 3622 601 3699 Ἰωάννῃ,
651 3625 733 3696 τῷ
780 3625 1068 3695 βαπτισμῷ
1117 3624 1292 3677 αὐτῶν
1334 3624 1482 3693 παρὰ
1528 3624 1604 3693 τῷ
1648 3624 1904 3694 Ματθαίῳ

357 3716 608 3784 κειμένῳ,
658 3714 949 3768 ἀκόλουθον
984 3709 1052 3783 ἦν
1095 3713 1343 3776 ἐξετάσαι
1382 3715 1448 3767 τὰ
1487 3712 1626 3765 κατὰ
1664 3714 1786 3774 τοὺς
1822 3714 1905 3764 τό·

359 3820 508 3867 πους,
542 3805 638 3858 καὶ
668 3802 1008 3873 παραθέσθαι
1037 3800 1103 3854 τὰ
1131 3802 1416 3870 εὑρεθέντα
1439 3801 1900 3869 παρατηρήματα.

368 3893 594 3961 ὀμοίως
640 3892 698 3944 δὲ
743 3889 822 3960 τῷ
862 3890 1073 3960 Μάρκῳ
1117 3890 1211 3942 καὶ
1256 3890 1284 3940 ό
1320 3889 1529 3949 Λουκᾶς
1558 3886 1647 3938 τοῦ
1690 3905 1707 3935 ι
1755 3887 1906 3954 Φωνὴ

359 3981 582 4051 βοιῖιντος
596 3983 656 4034 ὲν
677 3983 745 4049 τῇ
765 3980 862 4049 ὲρή
872 3996 972 4049 μῳ,
1002 3997 1020 4029 ι
1049 3979 1313 4048 μέμνηται
1343 3977 1447 4029 ἀπὸ
1472 3978 1597 4029 ἰδίου
1619 3975 1904 4046 προσώπου

357 4068 545 4132 οὕτως’
576 4087 596 4121 ι
657 4067 889 4135 Εγένετο
919 4066 1068 4137 ῥῆμα
1093 4065 1235 4117 Θεοῦ
1269 4065 1360 4116 ἐπὶ
1406 4064 1653 4132 Ἰωάννην
1691 4063 1780 4114 τὸν
1807 4063 1908 4114 Ζα-

359 4158 546 4230 χαρίου
577 4157 692 4210 υίδν
719 4158 777 4209 ὲν
808 4158 873 4226 τῇ
903 4155 1109 4224 ἐρήμῳ.
1149 4154 1258 4207 Καὶ
1286 4149 1446 4223 ἦλθεν
1483 4154 1562 4213 είς
1590 4152 1763 4204 πᾶσαν
1809 4167 1905 4202 πε-

362 4248 590 4319 ρίχωρον
626 4245 722 4298 τοῦ
774 4243 1057 4314 Ἰορδάνου,
1097 4243 1381 4314 κηρύσσων
1424 4241 1700 4310 βάπτισμα
1746 4256 1909 4308 μετα-

359 4339 502 4402 νοίας
536 4338 618 4400 είς
644 4337 838 4403 ἄφεσιν
884 4333 1185 4405 ἁμαρτιῶν,
1210 4331 1284 4392 ὡς
1310 4332 1611 4410 γέγραπται
1656 4330 1712 4379 ὲν
1748 4328 1908 4396 βίϐλῳ

360 4428 527 4496 λόγων
554 4421 777 4480 Ἡσαΐου
825 4422 918 4476 τοῦ
975 4423 1265 4494 προφήτουο
1316 4419 1468 4489 Φωνὴ
1500 4418 1724 4488 βοῶντος
1760 4420 1814 4470 ὲν
1841 4419 1905 4487 τῇ
1942 4447 1981 4500 D

361 4515 587 4585 ιρήμῳο
649 4510 1003 4579 Ἑτοιμάσατε
1068 4508 1164 4578 τὴν
1217 4509 1332 4561 ὁδὸν
1399 4506 1640 4576 Κυρίου,
1700 4505 1909 4565 εὐθείας

363 4605 559 4656 ποιεῖτε
590 4600 692 4663 τάς
713 4599 930 4669 τρίϐους
955 4597 1135 4651 αὐτοῦ.
1167 4614 1184 4647 ι
1213 4595 1487 4666 Προέθηκε
1506 4593 1615 4662 (ει)
1643 4592 1700 4645 δὲ
1723 4596 1751 4646 ό
1779 4595 1909 4644 Λου-

363 4690 463 4751 κᾶς
499 4689 594 4742 καὶ
626 4687 698 4739 τά
733 4684 861 4753 ἑξῆς
899 4683 997 4753 τῆς
1043 4681 1401 4754 προφητείας’
1450 4698 1467 4731 ι
1505 4680 1659 4732 Πᾶσα
1699 4677 1913 4749 φάραγξ

364 4777 802 4848 πληρωθήσεται,
837 4774 933 4826 καὶ
971 4775 1078 4827 πᾶν
1107 4772 1252 4842 ὅρος,
1296 4770 1389 4823 καὶ
1435 4769 1615 4838 βουνὸς
1651 4785 1913 4822 ταπεινω-

366 4868 606 4939 θήσεταιο
650 4864 747 4917 και¹
794 4862 945 4915 ἔσται
987 4861 1058 4913 τά
1099 4860 1284 4913 σκολιά
1328 4861 1404 4921 είς
1448 4857 1678 4922 εὐθείας,
1726 4858 1819 4912 καὶ
1854 4859 1910 4910 αἱ

365 4957 615 5028 τραχεῖαι
661 4952 743 5015 είς
784 4950 938 5012 ὁδοὺς
967 4948 1133 5012 λείας,
1163 4948 1258 5003 καὶ
1284 4947 1471 5015 δψεται
1493 4947 1641 4998 πᾶσα
1691 4944 1827 5014 σάρξ
1853 4946 1914 4997 τὸ

344 5043 636 5112 -σωτήριον
659 5040 755 5093 τοῦ
780 5038 946 5091 Θεοῦ*
979 5055 997 5086 ι
1028 5035 1226 5105 ὁμοίως
1252 5033 1330 5103 τῷ
1361 5032 1569 5101 Μάρκῳ
1600 5031 1916 5101 ἀναγράψας

366 5130 444 5184 τόσ
479 5149 499 5182 ‹
532 5129 762 5190 Εὐθείας
783 5127 984 5179 ποιεῖτε
1010 5123 1108 5185 τὰς
1133 5122 1349 5192 τρίϐους
1368 5119 1553 5181 αὐτοῦ,
1589 5139 1606 5170 ι
1639 5121 1919 5188 ὲπιτεμνό-

374 5236 549 5289 μενος,
576 5219 652 5280 ὡς
675 5216 1101 5288 προειρήκαμεν,
1133 5213 1217 5266 τό·
1264 5229 1282 5263 ι
1317 5209 1545 5270 Εὐθείας
1578 5210 1774 5259 ποιεῖτε
1822 5210 1918 5274 τάς

373 5306 587 5377 τρίϐους
608 5305 703 5358 τοῦ
731 5304 865 5357 Θεοῦ
905 5301 1081 5372 ήμῶν.
1120 5319 1139 5352 ι
1174 5298 1329 5352 ,Ἂντὶ
1355 5297 1410 5349 δὲ
1436 5294 1548 5357 τοῦ,
1579 5313 1597 5346 ι
1629 5294 1736 5346 Καὶ
1764 5292 1915 5346 ἔσται

374 5396 550 5451 πάντα
591 5394 780 5448 σκολιά
829 5395 907 5455 είς
938 5391 1170 5454 εὐθείας,
1205 5407 1224 5441 ι
1259 5389 1422 5457 χωρὶς
1465 5385 1558 5437 τοῦ
1599 5402 1617 5434 ‹
1660 5382 1854 5449 πάντα,
1888 5402 1906 5435 ι

1984 641 2199 711 ptisma,
2235 643 2429 697 dixerit
2472 643 2576 699 illis
2605 657 2622 697 :
2657 662 2676 697 ι
2713 645 2999 716 Progenies
3043 645 3343 714 viperarum
3379 644 3447 709 ⁷⁸,
3494 663 3513 697 ι

1986 743 2039 787 et
2077 749 2191 800 qua:
2220 743 2536 801 sequuntur,
2567 748 2896 804 consequens
2921 750 3039 789 cum
3066 735 3134 787 sit
3168 735 3339 802 primu
3352 750 3400 786 ιιι
3427 748 3521 799 eos

1987 823 2364 892 interrogasse,
2398 834 2508 878 tuin
2535 837 2660 877 vero
2690 825 2983 879 advenisse.
3012 824 3123 880 Hoc
3151 826 3310 879 etiam
3348 825 3521 879 obiter

1985 911 2370 966 observandum
2400 922 2502 977 est,
2537 912 2675 982 quod
2703 915 3019 968 exeuntibus
3059 924 3170 968 tum
3213 914 3522 983 Hierosoly—

1988 1016 2092 1066 ma,
2124 1011 2232 1055 tum
2281 1012 2388 1056 tota
2425 1002 2623 1070 Judaea,
2655 1013 2765 1060 tum
2800 1019 2925 1060 vero
2968 1016 3073 1058 tota
3107 1007 3324 1070 regione
3355 1005 3516 1059 ﬂuvio

1986 1092 2200 1147 Jordani
2226 1092 2562 1160 circumjecta
2594 1095 2657 1159 ",
2689 1110 2782 1148 sua
2829 1094 3063 1161 ipsorum
3089 1105 3307 1162 peccata
3346 1094 3519 1149 conli-

1990 1181 2240 1246 tentibus,
2294 1180 2543 1236 Matthaao
2585 1183 2784 1237 nullum
2834 1183 3046 1238 dicente
3093 1197 3185 1239 eos
3232 1186 3456 1239 verbum
3485 1200 3513 1235 a

1987 1267 2225 1335 Baptista
2293 1269 2505 1325 audisse
2547 1272 2974 1341 objurgatorium
3034 1280 3086 1326 et
3120 1285 3390 1340 asperum,
3424 1272 3514 1326 sed

1987 1358 2129 1413 solos
2153 1359 2466 1425 Pharisaeos,
2491 1369 2545 1415 et
2576 1361 2916 1428 Sadducaeos,
2938 1375 3135 1429 eosque
3166 1362 3513 1426 multos,cmn

1989 1443 2252 1507 venirent,
2304 1456 2621 1513 conspectos
2676 1448 2893 1503 audisse
2944 1447 3115 1503 illud:
3150 1465 3169 1499 ι
3223 1448 3516 1518 Progenies

1990 1532 2314 1599 viperarum,
2351 1554 2368 1584 ι
2400 1544 2453 1589 et
2507 1550 2623 1604 qua:
2666 1546 2982 1605 sequuntur,
3037 1538 3272 1593 Marcum
3328 1554 3519 1595 conse-

1991 1630 2214 1687 quenter
2242 1622 2307 1685 ⁸⁶,
2338 1622 2462 1689 quia
2515 1638 2619 1678 non
2672 1626 2955 1681 nominarit
2993 1627 3313 1694 Pharismos,
3343 1644 3519 1699 neque

1991 1706 2327 1775 Sadducaeos,
2386 1710 2587 1765 nullum
2641 1712 3061 1783 objurgatorium
3116 1717 3336 1770 verbum
3388 1731 3515 1771 nar-

1994 1812 2115 1852 rare
2144 1797 2343 1853 dictum
2372 1799 2534 1855 fuisse
2584 1815 2615 1854 a
2661 1799 2864 1856 Joanne
2893 1802 2978 1858 bis
3020 1803 3109 1871 qui
3136 1805 3201 1858 ad
3253 1819 3311 1859 se
3357 1817 3519 1859 vene-

1994 1900 2134 1956 runt,
2160 1906 2281 1945 cum
2310 1894 2663 1949 accessissent
2694 1894 2760 1949 ad
2813 1909 2932 1951 eum
2961 1904 3067 1949 tota
3096 1894 3275 1950 Iudaea
3301 1912 3363 1952 ac
3391 1896 3521 1952 Hie-

1993 1980 2314 2049 sosolymitae
2377 1996 2597 2048 omnes,
2665 1992 2720 2037 et
2781 1984 3184 2054 baptizarentur
3235 1986 3301 2039 ab
3355 2000 3420 2041 eo
3468 1985 3521 2039 in

1999 2070 2150 2139 127
2192 2068 2440 2134 Jordane,
2493 2069 2810 2125 conﬁtentes
2852 2081 3069 2140 peccata
3119 2087 3235 2127 sua.
3284 2073 3419 2138 Quin
3466 2084 3523 2127 et

1995 2160 2096 2211 hoc
2129 2155 2431 2211 necessario
2458 2156 2714 2213 addamus
2741 2167 2972 2225 oportet,
3013 2172 3204 2227 nempe
3244 2170 3522 2229 utrosque,

1995 2245 2300 2299 Matthacum
2352 2246 2600 2300 videlicet
2648 2254 2702 2299 et
2738 2245 2995 2312 Marcum,
3027 2247 3206 2303 dicere
3242 2247 3309 2313 ",
3357 2256 3523 2302 totam

1997 2334 2441 2402 Hierosolymam,
2473 2343 2744 2403 totamque
2768 2334 3023 2403 Iudaeam,
3063 2351 3126 2391 ac
3171 2350 3381 2391 omnem
3411 2337 3522 2391 cir-

1995 2430 2313 2499 eumjeetam
2363 2428 2611 2484 Jordanis
2657 2430 2946 2497 regionem,
2974 2425 3057 2481 vel
3089 2435 3252 2481 totam
3289 2424 3524 2482 Iudaeam

1998 2518 2268 2587 regionem
2319 2527 2373 2572 et
2411 2517 2853 2586 Hierosolymitas
2887 2531 3071 2572 omnes
3113 2516 3356 2570 conﬁteri
3400 2528 3526 2581 pec-

1996 2615 2115 2658 cata
2146 2620 2240 2659 sua
2265 2622 2280 2670 ;
2313 2605 2405 2659 sed
2430 2620 2549 2659 eum
2580 2604 2855 2659 Mattbaaus
2884 2604 2927 2636 ⁸¹
2955 2603 3221 2658 induxerit
3255 2603 3527 2656 venientes

1998 2697 2061 2747 ad
2097 2694 2360 2762 baptisma
2389 2692 2688 2749 Pharisaeos
2732 2702 2786 2749 et
2814 2692 3160 2755 Sadducazos,
3195 2706 3298 2746 non
3346 2701 3525 2756 tamen

1998 2783 2313 2839 conﬁtentes
2351 2793 2566 2851 peccata
2622 2796 2739 2844 sua,
2789 2781 3061 2850 probabile
3104 2795 3224 2835 esse
3257 2788 3414 2847 atque
3440 2792 3529 2832 ra-

2001 2874 2129 2927 tioni
2167 2882 2584 2928 consentaneum
2617 2880 2673 2923 ut
2708 2870 2845 2924 hanc
2873 2870 2941 2924 ob
2969 2882 3185 2924 causam
3215 2867 3524 2922 audierint:

2004 2977 2022 3009 ι
2060 2960 2349 3029 Progenies
2378 2960 2679 3026 viperarum
2705 2956 2774 3012 ⁸³.
2797 2974 2817 3009 ι
2839 2955 3105 3010 Caeterum
3130 2969 3195 3008 ne
3220 2968 3318 3007 nos
3342 2952 3529 3007 existi-

1999 3063 2113 3104 mes
2139 3049 2446 3117 importune
2472 3060 2590 3115 quae
2624 3056 2856 3112 quatuor
2887 3042 3225 3112 evangelista:
3253 3044 3527 3105 dixerunt,

1923 3148 1965 3205 ο
1998 3138 2310 3203 contulisse,
2361 3137 2697 3206 inquirentes
2744 3148 2863 3202 Qua:
2904 3133 3172 3201 pertinent
3212 3131 3279 3185 ad
3307 3144 3402 3186 eos
3436 3129 3531 3199 qui

1999 3227 2146 3281 missi
2203 3225 2416 3298 fuerant
2471 3238 2539 3277 ex
2606 3221 2891 3276 Pharisaais
2949 3230 3003 3274 et
3066 3220 3533 3288 interrogaverunt

1997 3315 2273 3369 Joannem.
2317 3315 2448 3367 Nam
2486 3313 2532 3367 si
2564 3314 2698 3367 bene
2736 3309 3100 3377 adaptavimus
3139 3309 3528 3364 Pharisaeorum

2000 3403 2467 3473 interrogationem
2491 3402 2743 3470 scriptam
2765 3402 2901 3469 apud
2916 3399 3233 3467 discipulum
3249 3397 3526 3463 Joannem,
3628 3434 3631 3439 -

2001 3493 2269 3564 baptismo
2303 3493 2540 3562 ipsorum
2574 3492 2747 3561 posito
2792 3491 2932 3559 apud
2966 3488 3305 3553 Matthaum,
3340 3500 3531 3543 conse-

2000 3596 2172 3651 quens
2195 3591 2313 3638 erat
2337 3582 2608 3651 inquirere
2633 3595 2749 3650 qua:
2773 3579 2837 3645 ad
2871 3579 2983 3633 hac
3013 3578 3125 3633 loca
3154 3578 3315 3632 etiam
3344 3575 3534 3631 intelli-

2002 3672 2169 3742 genda
2195 3673 2558 3742 pertinebant,
2589 3680 2643 3726 et
2674 3684 2805 3738 quas
2844 3669 3250 3723 invenissemus.
3272 3668 3534 3721 observa—

2003 3761 2174 3815 tiones
2199 3760 2414 3816 addere.
2444 3758 2684 3811 Meminit
2707 3764 2882 3808 autetn
2909 3752 3098 3817 Lucas,
3126 3751 3346 3821 perinde
3371 3760 3539 3817 atque

2005 3848 2233 3912 Marcus,
2283 3863 2351 3904 ex
2392 3861 2620 3917 persona
2670 3843 2908 3912 prepria,
2972 3855 3155 3896 eorum
3207 3838 3530 3894 verborum:

2011 3957 2029 3989 ι
2082 3939 2194 3994 Vox
2235 3940 2515 3993 clamantis
2559 3938 2612 3990 in
2665 3922 2904 3997 deserto,
2940 3950 2961 3984 ι
2994 3931 3135 3984 hunc
3174 3929 3228 3983 in
3272 3926 3486 3981 modum
3513 3942 3531 3979 :

2011 4045 2030 4079 ι
2064 4029 2282 4083 Factum
2312 4041 2396 4085 est
2418 4028 2637 4081 verbum
2668 4024 2875 4079 Domini
2900 4024 2964 4076 ad
2985 4019 3242 4075 Joannem
3263 4015 3545 4070 Zacharias

2008 4118 2175 4172 ﬁlium
2200 4120 2252 4172 in
2279 4119 2515 4172 deserto.
2542 4115 2606 4169 Et
2631 4114 2775 4167 venit
2807 4114 2859 4165 in
2881 4124 3089 4165 omnem
3116 4107 3384 4174 regionem
3417 4103 3541 4156 lini-

2011 4213 2192 4263 timam
2239 4209 2481 4270 Jordani,
2527 4205 2824 4274 praedicans
2855 4201 3173 4269 baptismum
3212 4194 3537 4263 pmuitentia:

2010 4303 2061 4355 in
2091 4299 2462 4354 remissionem
2500 4303 2865 4364 peccatorum,
2902 4290 3042 4344 sicut
3071 4286 3329 4355 scriptum
3362 4292 3445 4338 est
3480 4283 3539 4336 in

2012 4391 2146 4445 libro
2176 4400 2480 4443 sermonum
2518 4383 2666 4438 lsaia:
2690 4380 2959 4448 proiiheta:
2988 4373 3255 4430 dicentis:
3296 4371 3411 4426 Vox
3436 4369 3541 4425 cla-

2013 4480 2208 4532 mantis
2246 4477 2300 4530 in
2330 4475 2545 4529 deserto
2571 4490 2584 4525 :
2615 4471 2807 4524 Parate
2831 4469 2974 4522 viam
3003 4462 3237 4527 Domini,
3267 4467 3440 4514 rectas
3462 4457 3540 4511 ia-

2009 4568 2114 4621 citc
2141 4565 2360 4620 semitas
2389 4561 2502 4629 ejus
2547 4558 2611 4611 ⁸⁸.
2650 4575 2668 4608 ι
2705 4554 2927 4611 Addidit
2974 4553 3135 4607 etiam
3183 4550 3354 4604 Lucas
3401 4546 3542 4615 quod

2015 4657 2275 4723 reliquum
2301 4660 2416 4709 erat
2442 4646 2734 4719 prophetia:
2766 4660 2780 4698 :
2825 4661 2842 4694 ι
2875 4640 3064 4698 Omnis
3102 4638 3255 4692 vallis
3294 4634 3541 4703 implebia

2011 4757 2120 4810 tur,
2149 4754 2204 4799 et
2229 4743 2405 4798 omnis
2434 4754 2606 4803 mons,
2627 4746 2683 4793 et
2709 4735 2861 4791 collis
2880 4732 3128 4787 reddetur
3155 4726 3392 4787 humilis,
3426 4737 3547 4777 ven-

2013 4845 2297 4903 teriturque
2325 4832 2548 4887 distorta
2576 4831 2628 4884 in
2658 4829 2771 4883 vias
2805 4832 3009 4885 rectas,
3033 4828 3087 4874 et
3118 4829 3321 4884 asperae
3350 4813 3448 4903 via}
3487 4811 3543 4864 in

2012 4899 2225 4995 planas,
2253 4923 2557 4989 videbitque
2601 4917 2774 4973 omnis
2822 4925 2951 4969 caro
3003 4909 3243 4965 salutare
3276 4903 3386 4995 Dei
3401 4899 3447 4932 ⁸⁵
3473 4916 3489 4965 ;
3518 4915 3540 4950 ι

2012 4987 2231 5086 perinde
2276 5021 2433 5080 atque
2465 4987 2693 5068 Marcus,
2739 5019 2860 5058 cum
2900 4999 3244 5066 scripsisset:
3285 4987 3548 5086 dilectas

1987 5077 2173 5159 .l‘acite
2219 5077 2441 5156 semitas
2482 5096 2615 5163 ejus,
2656 5112 2674 5144 ι
2724 5095 3028 5147 decurtatis,
3080 5093 3134 5136 ιιι
3180 5077 3553 5147 praudixinms,

2018 5195 2186 5249 illud:
2221 5209 2240 5243 ι
2278 5191 2470 5244 ﬂectas
2500 5185 2657 5238 facite
2687 5182 2909 5235 semitas
2939 5178 3032 5231 Dei
3067 5173 3260 5228 nostri.
3301 5188 3319 5219 ι
3353 5168 3406 5219 In
3443 5166 3548 5220 illis

2020 5296 2144 5336 vero
2176 5280 2384 5336 verbis:
2411 5296 2428 5328 ι
2455 5276 2520 5329 Ει
2544 5277 2701 5326 erunt
2732 5271 2911 5322 omnia
2932 5264 3145 5332 obliqua
3179 5262 3231 5314 in
3264 5265 3490 5318 rectum,
3525 5274 3547 5306 ι

2022 5386 2205 5431 vocem
2240 5389 2260 5422 ι
2296 5367 2473 5425 omnia
2511 5382 2530 5416 ι
2567 5357 2930 5430 praetermisit,
2985 5352 3211 5420 plurium
3253 5346 3411 5402 etiam
3454 5359 3554 5397 nu-

443 5512 490 5544 ⁷⁸
524 5510 714 5565 Matth.
742 5524 822 5571 ιιι,
845 5509 897 5562 ’7.
970 5509 1014 5541 ⁷³
1041 5506 1165 5561 ibid.
1192 5506 1243 5557 5.
1318 5504 1362 5535 ⁸⁸
1388 5502 1552 5560 Marc.
1581 5514 1623 5566 ι,
1643 5501 1694 5556 5.
1769 5502 1809 5533 ⁸⁸
1846 5500 1900 5557 Μ.

1998 5517 2027 5551 ι.
2051 5510 2132 5563 ιιι,
2161 5494 2216 5560 5,
2243 5491 2308 5557 6;
2334 5487 2495 5542 Marc.
2528 5495 2566 5549 ι,
2599 5479 2652 5532 5.
2737 5476 2780 5509 δ’
2804 5476 2931 5541 Cap.
2962 5482 3043 5534 ιιι,
3074 5464 3271 5522 vers.7.
3345 5454 3389 5487 ⁸³
3413 5459 3561 5516 ibid.

376 5581 420 5612 οι
450 5580 585 5634 Luc.
628 5594 711 5641 ιιι,
742 5570 858 5631 2-14.
929 5576 973 5607 δ’
1003 5573 1201 5640 ibid.5,
1234 5570 1287 5626 ο.

449 5689 561 5751 (24)
581 5690 893 5754 Hpoédnxe.
927 5687 1227 5755 Legendum
1250 5680 1573 5754 προσέθηκε.
