3880 6228
551 418 650 470 247
824 475 827 477 _
1973 402 2286 459 ORIGENIS

554 539 702 580 mero
737 541 755 573 ι
789 529 960 576 rectas
995 539 1012 570 ι
1058 519 1262 581 dicens,
1289 518 1428 585 quod
1463 536 1480 568 ι
1519 523 1715 570 rectam
1755 534 1773 566 ι
1824 514 2080 585 singulari

2019 516 2080 568 iri
2117 521 2156 573 Λ
2183 513 2278 583 τὴν
2299 511 2439 574 λέξιν
2460 509 2638 579 ἔθηκε,
2674 509 2806 577 μετά
2829 507 2919 558 τοῦ
2944 505 3063 558 ἀντὶ
3091 501 3265 556 ἑνικοῦ
3293 520 3308 551 ι
3343 498 3418 560 είς
3447 495 3551 585 εὐθε

557 628 780 670 numero
815 611 1011 663 dictum
1043 609 1238 663 fuerat.
1289 584 1367 660 [id
1397 608 1506 659 haec
1537 607 1697 659 etiam
1731 620 1828 671 pro
1857 584 1928 657 eo
1948 604 2084 671 quod

2020 604 2084 656 od
2188 601 2533 670 πεποιηκέναι
2572 597 2924 667 πληθυντικὸν
2961 613 2979 645 ι
3018 593 3260 653 εὐθείας·
3310 609 3325 640 ι
3359 589 3477 640 Ἔτι
3527 584 3551 636 δ

556 714 638 757 εει
667 720 686 753 ι
725 713 909 767 aspera
939 699 990 751 in
1027 697 1328 766 planitiem,
1359 713 1376 745 ι
1409 695 1555 754 fecit,
1600 712 1617 743 ι
1653 703 1705 745 et
1745 709 1946 760 aspera:
1992 693 2088 744 viae

2027 693 2088 744 ia:
2186 691 2304 742 ἀντὶ
2335 691 2448 751 τοῦ,
2500 708 2516 738 ι
2566 689 2630 739 Ἡ
2659 678 2880 755 τραχεῖα
2919 687 2997 745 είς
3043 677 3505 746 πεδία,›ἐποίησε,

557 791 609 841 in
641 765 865 856 planas;
909 803 928 836 ι
969 765 1200 850 cumque
1228 782 1659 850 prmtermisisset
1703 781 1853 843 illud,
1891 798 1908 830 ι
1948 780 2089 832 vide-

1993 780 2090 832 ;de-
2188 782 2242 833 αί
2279 782 2517 850 τραχεῖαι
2549 779 2624 838 είς
2664 777 2812 838 ὀδοὺς
2837 775 3008 836 λείας·
3054 791 3072 822 ι
3113 765 3419 840 παραλιπὼν
3450 780 3525 822 τε,

559 851 702 928 bitur
734 873 900 941 gloria
935 871 1166 934 Domini,
1204 887 1223 920 ι
1260 869 1468 922 addidit
1504 868 1776 936 deinceps,
1813 885 1832 918 ι
1865 877 1921 922 et
1945 868 2090 920 vide-

2019 869 2090 920 Ie-
2189 869 2477 938 ὀφθήσεται
2521 868 2554 935 ὴ
2589 865 2715 930 δόξα
2758 866 2984 934 Κυρίου,
3031 881 3051 914 ι
3095 859 3350 931 παρέθετο
3384 855 3442 907 τὸ
3483 851 3551 914 ἑξὶ

559 962 636 1016 bit
667 962 840 1014 omnis
880 974 1007 1015 caro
1057 958 1290 1012 salutare
1342 955 1453 1010 Dei.
1503 974 1522 1006 ο
1567 956 1770 1010 Praeter
1817 956 1918 1008 hoc
1964 969 2091 1009 vero

2019 969 2093 1009 :ro
2197 979 2214 1010 ι
2250 959 2358 1011 Καὶ
2416 957 2602 1025 ὄψεται
2638 957 2785 1008 πᾶσα
2816 954 2949 1023 σὰρξ
2971 953 3034 1004 τὸ
3061 951 3315 1018 σωτήριον
3353 943 3445 998 τοῦ
3493 942 3551 993 Oa

559 1052 838 1105 conferunt
887 1053 1047 1105 etiam
1095 1049 1396 1116 huiusmodi
1443 1048 1848 1102 observationes
1897 1047 1964 1100 ad
2003 1047 2091 1099 de‘

2019 1047 2095 1099 ιο·
2191 1048 2459 1116 Χρήσιμοι
2501 1046 2557 1097 δὲ
2593 1047 2648 1096 αί
2682 1043 3087 1112 παρατηρήσεις
3132 1039 3265 1109 πρὸς
3298 1032 3551 1097 ἀπόδειξιει

562 1143 966 1196 monstrandum
995 1140 1270 1194 decurtata
1296 1138 1460 1192 fuisse
1491 1140 1558 1191 ab
1585 1136 1936 1206 evangelistis
1967 1150 2094 1204 pro-

2019 1150 2094 1187 ⁵0·
2193 1135 2284 1187 τοῦ
2310 1133 2689 1204 ἑπιτέμνεσθαι
2724 1133 2848 1194 τοὺς
2890 1128 3276 1197 εὐαγγελιστάς
3303 1125 3369 1178 τὰ
3401 1139 3551 1191 προφς

561 1232 791 1298 phetica.
823 1231 902 1283 Ad
935 1231 1046 1284 haec
1067 1243 1193 1284 vero
1223 1229 1617 1283 observandum
1640 1234 1723 1280 est
1752 1226 1898 1291 illud,
1923 1243 1942 1276 ι
1965 1226 2093 1279 Pro-

2014 1241 2097 1277 Γο-
2198 1222 2314 1272 Ἐτι
2339 1222 2393 1273 δὲ
2417 1221 2509 1272 καὶ
2534 1219 2687 1270 τοῦτο
2716 1215 3150 1286 παρατηρητέον,
3173 1216 3252 1266 ὃτι
3277 1211 3342 1263 τὰ
3370 1229 3388 1261 ι
3419 1210 3546 1261 Γενν

561 1321 747 1386 genies
780 1320 1105 1386 viperarum,
1135 1336 1153 1370 ι
1182 1325 1369 1386 etqute
1385 1326 1700 1384 sequuntur,
1723 1315 2021 1370 Mattlueum
2051 1315 2093 1345 ⁸⁸

1999 1331 2021 1366 u
2051 1315 2097 1345 ⁸⁸
2196 1309 2430 1378 ἐχιδνῶν,
2463 1329 2480 1358 ι
2515 1306 2610 1360 καὶ
2646 1307 2713 1358 τὰ
2754 1307 2896 1374 ἑξῆς,
2925 1308 2952 1356 ὁ
2985 1305 3081 1374 μὲν
3121 1301 3386 1362 Ματθαῖος
3422 1301 3531 1359 τοῖς

567 1410 725 1478 128
769 1423 1014 1470 narrare,
1066 1407 1263 1460 dictum
1317 1405 1484 1459 fuisse
1531 1405 1812 1458 Pharisaeis
1859 1413 1912 1458 et
1960 1404 2098 1458 Sad-

2019 1404 2098 1456 ιιι-
2199 1401 2364 1462 σαίοις
2389 1400 2480 1452 καὶ
2507 1398 2878 1456 Σαδδουκαίοις
2917 1394 3232 1465 ἐρχομένοις
3262 1395 3349 1444 ἐπί
3375 1393 3434 1443 τὸ
3464 1391 3551 1459 βάι

563 1492 761 1550 duczcis'
781 1494 1191 1548 adventantibus
1217 1492 1282 1544 ad
1303 1492 1648 1557 baptismum,
1703 1491 1930 1545 diversis
1958 1489 2095 1544 exsi-

2019 1489 2100 1542 .si-
2197 1489 2443 1559 εἰρῆσθαί
2483 1504 2664 1558 φησιν,
2716 1486 2921 1556 ἑτέροις
2961 1481 3109 1536 οὖσιν
3153 1481 3300 1552 παρὰ
3332 1483 3458 1543 τοὺς
3499 1479 3551 1542 ἐξ

563 1587 830 1642 stentibus
864 1585 931 1637 ab
975 1586 1057 1639 his
1093 1584 1182 1651 qui
1211 1585 1604 1638 conﬁtebantur
1629 1589 1844 1648 peccata
1896 1595 2013 1642 sua,
2048 1587 2095 1632 et

2048 1587 2102 1632 et
2199 1579 2494 1648 γουμένους
2520 1577 2618 1639 τὰς
2645 1576 2915 1646 ἁμαρτίας
2956 1572 3155 1635 αὐτῶν,
3194 1573 3285 1625 καὶ
3317 1571 3479 1641 μηδὲν
3513 1588 3551 1622 τι

565 1676 696 1730 nihil
721 1675 825 1728 tale
847 1674 1170 1737 audiebant;
1199 1670 1396 1727 Lucam
1436 1686 1562 1725 vero
1613 1670 1681 1734 ⁸⁷,
1709 1670 2097 1738 egredientibus

2004 1670 2101 1723 bus
2200 1667 2508 1728 ἀκούοντας·
2552 1668 2579 1718 ὁ
2601 1665 2656 1718 δὲ
2692 1665 2902 1726 Λουκᾶς
2943 1665 3054 1724 τοῖς
3087 1660 3532 1730 ἐκπορευομένοις

568 1763 762 1826 turbis,
799 1773 855 1814 ut
889 1762 1285 1832 baptizarentur
1313 1761 1378 1812 ab
1407 1759 1544 1826 ipso,
1576 1759 1689 1811 haec
1719 1759 1861 1810 dicta
1914 1757 2098 1820 fuisse,

2019 1772 2098 1820 se,
2135 1821 2173 1832 ﬂ
2205 1753 2558 1823 βαπτισθῆναι
2599 1755 2688 1804 ὑπ’
2735 1751 2899 1804 αὐτοῦ
2943 1749 3092 1804 ταῦτ’
3139 1747 3383 1818 εἰρῆσθαι
3425 1749 3551 1814 ἀναγ

567 1864 673 1901 non
705 1821 986 1902 facientem
1014 1848 1146 1902 duos
1174 1849 1388 1902 ordines
1418 1821 1604 1900 eorum
1640 1846 1732 1914 qui
1763 1846 2099 1912 baptizaban-

2019 1861 2104 1898 ιιι·
2135 1821 2176 1874 Β
2201 1821 2260 1895 οὐ
2299 1821 2524 1912 ποιήσας
2550 1840 2642 1893 δύο
2672 1841 2925 1910 τάγματα
2972 1837 3396 1907 βαπτιζομένων,
3432 1838 3551 1906 ὂπει

570 1949 680 2003 tur,
734 1938 873 2006 quod
928 1937 1065 2004 apud
1123 1937 1425 1990 Matthaaum
1465 1936 1790 1988 invenimus.
1831 1935 1935 1988 Sed
1987 1935 2102 2002 jure

1997 1935 2105 2002 iure
2203 1933 2277 2002 τῷ
2308 1931 2564 1998 Ματθαίῳ
2591 1929 2842 2000 εὕρομεν.
2876 1930 3114 1992 Είκότως
3150 1929 3206 1980 δὲ
3236 1929 3324 1980 καὶ
3349 1919 3529 1988 οὗτος,

571 2027 850 2081 Μειιιιιειιε
899 2026 944 2058 ⁸⁸
985 2025 1272 2094 Baptistam
1324 2026 1529 2079 inducit
1577 2025 1842 2077 dicentem
1887 2023 2102 2076 turbis:

2012 2024 2053 2076 is
2088 2041 2102 2075 :
2203 2022 2344 2090 ὄχλοι
2364 2021 2460 2072 οὐκ
2484 2021 2540 2071 ἐν
2566 2019 2766 2086 ἐπαίνῳ
2786 2019 3092 2079 τάσσονται,
3115 2016 3190 2079 ὡς
3208 2019 3314 2078 τοῖς
3335 2015 3543 2085 τηροῦσ

575 2133 596 2166 ι
666 2115 959 2185 Progenies
1015 2118 1340 2184 viperarum,
1398 2133 1416 2165 ι
1481 2123 1532 2168 et
1587 2128 1707 2181 quas
1772 2121 2104 2180 sequuntur,

2021 2127 2067 2164 tr
2089 2151 2104 2174 ,
2205 2109 2350 2160 ἔσται
2375 2148 2390 2170 ,
2419 2110 2530 2164 τοῖς
2550 2107 2723 2175 ὄχλοις
2747 2107 2952 2172 εἰσάγει
2973 2105 3201 2172 λέγοντα
3231 2105 3318 2156 τὸν
3343 2105 3551 2157 Βατιπιο

573 2205 794 2270 quando
819 2203 983 2258 turbae
1018 2205 1069 2257 in
1101 2207 1292 2258 bonam
1324 2211 1529 2271 partem
1579 2217 1681 2255 non
1721 2208 2023 2264 sumuntur,
2050 2209 2105 2252 ut

2019 2209 2108 2259 ,ιιι
2211 2217 2230 2248 ι
2266 2197 2576 2266 Γεννήματα
2624 2194 2861 2264 ἐχιδνῶν,
2902 2213 2920 2244 ι
2955 2195 3048 2245 καὶ
3082 2192 3152 2244 τὰ
3188 2193 3331 2261 ἑξῆς.
3374 2193 3502 2245 Ἔτι
3543 2193 3551 2241 ἕ

571 2293 984 2347 observantibus
1011 2293 1348 2362 perspicuum
1374 2292 1496 2345 erit.
1530 2289 1818 2344 Pharisaeis
1850 2298 2103 2356 praeterea

2020 2305 2106 2344 rea
2209 2286 2307 2357 μὲν
2331 2287 2454 2347 τοὺς
2478 2285 2818 2354 Φαρισαίους,
2854 2284 2946 2336 κα)⁸
2975 2282 3381 2346 Σαδδουκαίους,
3428 2301 3551 2336 «ποι

570 2392 627 2434 et
657 2380 966 2436 Sadducteis
993 2395 1214 2434 numero
1236 2378 1494 2448 singulari
1525 2379 1723 2434 dictum
1741 2390 1821 2432 est
1845 2379 1890 2411 ⁸ο
1919 2396 1932 2433 :
1956 2397 1974 2429 ι
2002 2379 2102 2433 Fa-

2019 2379 2108 2433 Fa-
2206 2377 2413 2445 εἴρηται
2454 2373 2666 2436 ἑνικῶς,
2701 2394 2719 2424 ι
2749 2373 2958 2444 καρπὸν
2982 2373 3130 2436 ἄξιον
3169 2373 3269 2442 τῆς
3293 2374 3551 2443 μετανοίσ

572 2471 681 2524 cite
711 2469 946 2523 fructum
977 2470 1193 2536 dignum
1227 2467 1576 2536 paenitentia;
1611 2485 1628 2517 ι
1664 2467 1835 2520 turbis
1859 2479 1987 2519 vero
2014 2481 2104 2517 nu-

2019 2481 2111 2517 nu-
2207 2469 2341 2537 πρὸς
2369 2467 2424 2518 δὲ
2451 2467 2575 2528 τοὺς
2603 2467 2788 2536 ὄχλους
2819 2465 3218 2535 πληθυντικῶς,
3261 2484 3279 2515 ι
3312 2465 3505 2530 ἀξίους
3537 2483 3551 2517 ι

575 2569 724 2612 mero
750 2557 1002 2625 plurium,
1031 2575 1049 2607 ι
1077 2556 1280 2611 fructus
1298 2556 1486 2623 dignos
1512 2555 1825 2622 pmnitentia
1842 2555 1907 2606 ⁸ο,
1937 2576 1954 2606 ι
1983 2554 2107 2606 For-

2019 2555 2113 2606 ‘or-
2207 2558 2303 2626 τῆς
2332 2556 2633 2625 μετανοίας.
2658 2574 2675 2604 ι
2701 2555 2851 2622 Τάχα
2873 2557 2981 2624 γὰρ
3008 2555 3058 2606 οί
3079 2554 3176 2623 μὲν
3203 2555 3492 2623 Φαρισαῖοι
3527 2569 3551 2603 τ

579 2646 740 2700 tassis
785 2647 932 2700 enim
968 2646 1173 2698 fructus
1207 2644 1534 2712 poenitentiae
1587 2643 1815 2696 eximius
1849 2657 1878 2696 a
1921 2642 2111 2696 Phari-

2019 2644 2112 2696 tri-
2213 2662 2361 2715 ρετον
2395 2642 2744 2696 ἀπαιτοῦνται
2775 2643 2981 2712 καρπὸν
3013 2642 3300 2708 μετανοίας
3330 2643 3434 2693 οὐκ
3462 2641 3551 2693 ἄλ]

580 2733 702 2787 δαεὶς
730 2733 981 2803 exigitur,
1012 2735 1102 2801 qui
1136 2749 1238 2788 non
1265 2733 1399 2786 alius
1430 2743 1511 2786 est
1546 2747 1704 2799 quam
1725 2731 1879 2785 Jesus
1905 2741 1958 2786 et
1985 2733 2112 2787 ﬁdes

2023 2734 2114 2787 des
2209 2732 2302 2786 τοῦ
2339 2733 2488 2795 Υἰοῦ,
2526 2733 2617 2784 καὶ
2663 2731 2760 2799 τῆς
2791 2733 2870 2794 είς
2913 2731 3075 2784 αὑτὸν
3117 2732 3386 2792 πίστεως·
3429 2732 3483 2782 οἱ
3523 2732 3551 2782 δ

577 2835 706 2892 erga
744 2821 915 2890 ipsum
945 2838 960 2884 ;
990 2837 1018 2874 a
1049 2822 1218 2875 turbis
1243 2830 1440 2885 autem,
1471 2834 1641 2887 neque
1671 2819 1991 2887 principium
2022 2821 2109 2873 ho-

2022 2821 2115 2873 ho-
2210 2821 2330 2872 οὐδὲ
2370 2821 2541 2890 ἀρχὴν
2592 2819 2803 2888 ἔχοντες
2853 2818 3095 2886 ἀγαθῶν,
3146 2819 3357 2880 πάντας
3414 2819 3551 2870 ἁπαι

583 2924 770 2964 norum
819 2910 1155 2972 habentibus,
1202 2923 1391 2963 omnes
1451 2909 1738 2976 exiguntur
1787 2908 2115 2976 ptenitentiae

2019 2908 2115 2961 itite
2210 2908 2334 2969 τοὺς
2357 2909 2598 2977 καρποὺς
2629 2907 2727 2975 τῆς
2764 2906 3065 2968 μετανοίας·
3108 2906 3296 2974 διόπερ
3325 2906 3473 2976 πρὸς
3502 2925 3551 2959 απ

584 2998 811 3051 fructus.
856 2997 1214 3061 Quamobrem
1259 2994 1488 3064 plurium
1538 3008 1805 3048 numero:
1858 3011 1878 3045 ι
1913 2995 2114 3048 fructus

1999 3003 2114 3048 ctus
2211 2995 2562 3066 πληθυντικὸν
2614 2994 2862 3064 εἰρῆσθαι
2913 2994 3046 3065 (26).
3082 2994 3314 3062 Λέγεται
3381 2995 3531 3064 πρὸς

580 3086 763 3150 tacite,
803 3103 822 3136 ι
855 3085 989 3139 dixit
1039 3079 1169 3152 ipsis
1219 3085 1476 3151 Baptista.
1527 3084 1659 3139 Illud
1708 3085 1871 3139 etiam
1923 3095 2112 3154 praeter

1965 3095 2114 3138 mter
2143 3125 2187 3186 Ο
2215 3090 2325 3150 τοῖς
2377 3086 2702 3156 Φαρισαίοις·
2762 3103 2781 3135 ι
2825 3085 2915 3154 Μὴ
2961 3084 3153 3155 δόξητε
3205 3085 3386 3154 λέγειν
3433 3088 3497 3137 ἐν

579 3174 696 3227 haec
726 3172 1010 3227 Pharisaeis
1038 3173 1233 3226 dicitur
1257 3175 1302 3204 ⁹¹
1330 3191 1344 3227 :
1383 3192 1401 3224 ι
1446 3173 1521 3227 Ne
1548 3173 1794 3242 cogitetis
1829 3175 1966 3242 apud
1999 3187 2111 3226 vos!

2019 3187 2121 3226 ros-
2146 3172 2187 3186 “
2220 3178 2433 3246 Πατέρα
2455 3176 2646 3245 ἔχομεν
2673 3173 2763 3226 τὸν
2810 3174 3081 3244 Ἀϐραάμ.
3110 3193 3128 3224 ι
3159 3176 3221 3226 Oi
3246 3175 3347 3244 μὲν
3376 3175 3496 3245 γὰρ
3524 3175 3551 3226 ὅ

584 3263 840 3330 metipsos
881 3262 1059 3316 dicere
1101 3279 1116 3314 :
1170 3262 1377 3316 Patrem
1437 3263 1692 3317 habemus
1739 3263 2032 3316 Abraham.
2096 3281 2115 3314 ι

2020 3302 2032 3316 .
2096 3281 2115 3314 ι
2220 3265 2388 3335 ἀρχὴν
2435 3265 2634 3333 έχουσι,
2677 3263 2958 3325 δοκοῦντες
3003 3263 3322 3331 είσάγεσθαι
3372 3267 3458 3326 είς
3516 3283 3549 3316 τ

587 3349 739 3420 [(27)
767 3350 914 3403 Multi
933 3351 1073 3403 enim
1104 3367 1244 3404 nunc
1272 3353 1590 3419 principium
1621 3353 1843 3416 habent,
1872 3361 2119 3419 putantes

2019 3361 2122 3406 ttes
2219 3355 2372 3422 λόγον
2409 3353 2500 3405 τοῦ
2543 3353 2822 3421 προσιέναι
2869 3355 2934 3422 τῇ
2977 3353 3226 3422 ἀληθείᾳ..
3281 3353 3497 3421 Διόπερ
3549 3380 3551 3400 ι

586 3454 644 3492 se
671 3439 737 3491 ad
762 3437 1001 3491 divinum
1028 3440 1247 3492 verbum
1273 3441 1556 3506 introduci,
1576 3449 1631 3494 ut
1658 3441 1916 3494 accedant
1939 3440 2003 3493 ad
2033 3455 2118 3493 ve-

2033 3455 2123 3493 ve-
2220 3445 2395 3511 λέγειν
2422 3445 2478 3495 ἐν
2512 3445 2737 3506 ἑαυτοῖς,
2762 3463 2779 3493 ι
2805 3443 3022 3512 Πατέρα
3041 3444 3236 3512 ἔχομεν
3271 3444 3363 3495 τὸν
3396 3445 3551 3514 Ἀϐρι

589 3527 822 3578 ritatem.
871 3524 1058 3592 Itaque
1093 3525 1274 3579 dicere
1320 3540 1500 3581 secum
1540 3528 1592 3580 in
1629 3528 1809 3581 animo
1842 3528 2121 3596 incipiunt,

2018 3537 2122 3590 int,
2220 3531 2276 3583 δέ
2309 3532 2582 3599 Φαρισαῖοι
2620 3531 2720 3582 οὐκ
2751 3531 3025 3600 ἄρχονται,
3067 3530 3202 3582 ἀλλὰ
3245 3529 3356 3599 πρὸ
3395 3530 3548 3580 πολλ

595 3628 616 3661 ι
643 3611 855 3666 Patrem
883 3612 1142 3666 habemus
1172 3612 1461 3665 Abraham.
1494 3630 1514 3663 ι
1538 3614 1560 3684 ]
1590 3613 1839 3668 Pharisaei
1863 3629 1991 3668 vero
2018 3629 2122 3669 non

2019 3629 2122 3669 non
2221 3617 2514 3683 δοξάζουσι.
2542 3617 2685 3687 Πλὴν
2719 3619 2969 3688 ἑκάτεροι
3000 3619 3126 3680 τοὺς
3147 3619 3551 3686 προειρημένοι

592 3700 868 3768 incipiunt,
922 3703 1014 3755 sed
1065 3701 1230 3755 multo
1280 3711 1406 3753 ante
1452 3701 1553 3754 hoc
1597 3705 1858 3771 cogitant.
1903 3701 2124 3771 Utrique

1981 3703 2125 3771 rique
2221 3708 2589 3778 δεικνυμένους
2612 3708 2918 3771 ἀκούουσιν,
2945 3709 3021 3771 ὡς
3053 3712 3118 3762 ἐκ
3149 3708 3354 3760 τούτων
3389 3708 3513 3776 (28)

591 3798 771 3844 tamen
796 3789 1078 3858 pradictos
1100 3789 1302 3858 lapides
1331 3797 1576 3843 ostenaos
1600 3791 1843 3854 audiunt,
1872 3793 2027 3860 quasi
2058 3806 2123 3846 ex

2019 3793 2027 3846 i
2058 3806 2126 3846 ex
2223 3797 2509 3866 ἐγερθῆναι
2548 3797 2712 3849 τέκνα
2741 3797 2820 3866 τῷ
2858 3798 3130 3867 Ἀϐραὰμ,
3163 3799 3270 3850 ἀπὸ
3293 3797 3402 3864 τῆς
3444 3799 3551 3850 ἀνα

592 3877 678 3930 his
705 3878 952 3931 suscitari
977 3887 1197 3946 possent
1225 3877 1377 3931 liberi
1411 3876 1640 3930 Abrahw
1673 3879 1772 3947 ipsi
1801 3880 1867 3944 θ’,
1895 3881 2124 3934 suscita-

2020 3881 2124 3934 ita-
2223 3885 2315 3936 καὶ
2344 3885 2660 3953 νεκρότητος
2700 3887 3194 3956 ἀναστησομένους.
3237 3887 3551 3956 Παρὰτήρε

591 3977 741 4021 turos
770 3968 836 4020 ab
868 3967 1274 4021 insensibilitate
1312 3977 1366 4022 et
1409 3968 1843 4022 mortiﬁcatione.
1889 3968 2123 4022 Observa

2019 3983 2124 4022 arva
2224 3975 2331 4035 τοῖς
2369 3971 2463 4040 μὲν
2493 3971 2802 4040 Φαρισαίοις
2833 3972 2996 4041 (κατὰ
3027 3975 3088 4026 τὸ
3132 3975 3439 4044 είρημένον
3493 3978 3551 4028 ὲν

591 4061 768 4108 autem
816 4054 1288 4124 Phariszcisﬁnxta
1333 4057 1382 4108 id
1414 4055 1556 4122 quod
1605 4055 1807 4108 dictum
1844 4056 1942 4108 fuit
1987 4059 2123 4124 apud

2008 4059 2125 4124 iputl
2226 4061 2398 4128 φήτῃ·
2440 4078 2457 4108 ι
2505 4061 2762 4126 Ἑφάγετε
2793 4063 3002 4129 καρπὸν
3032 4062 3292 4131 ψευδῆ-ι)
3329 4062 3540 4130 ἔχουσι

593 4145 902 4211 prophetam
928 4145 974 4175 ⁸³
1009 4161 1022 4196 :
1065 4162 1082 4194 ι
1123 4144 1441 4198 Comedistis
1472 4145 1700 4197 fructum
1733 4146 2040 4198 mendacem
2065 4146 2124 4215 ι)

2019 4161 2040 4196 n
2065 4146 2124 4215 ι)
2227 4149 2323 4200 πὸν
2347 4148 2514 4216 ψευδῆ
2542 4149 2775 4214 λέγεται·
2812 4169 2829 4198 ι
2857 4151 2971 4203 Πᾶν
2993 4147 3086 4203 οὖν
3115 4152 3337 4220 δένδρον
3367 4153 3452 4223 μὴ
3477 4172 3551 4206 πο

595 4233 910 4287 habentibus
932 4232 1160 4285 fructum
1189 4233 1496 4286 mendacem
1526 4233 1629 4285 dici
1657 4253 1667 4285 :
1695 4249 1713 4281 ι
1747 4232 1935 4286 Omnis
1967 4233 2127 4301 igitur

2022 4234 2128 4287 itur
2225 4238 2321 4289 πδν
2343 4237 2498 4289 καλὸν
2515 4239 2857 4298 ἐκκόπτεται,
2872 4241 2966 4290 καὶ
2987 4242 3066 4300 είς
3086 4239 3196 4309 πῦρ
3213 4239 3521 4308 βάλλεται·
3542 4261 3551 4292 l

592 4323 754 4375 arbor
776 4336 880 4373 non
911 4320 1114 4372 faciens
1137 4319 1369 4372 fructum
1398 4322 1592 4373 bonum
1617 4321 1950 4375 exscinditur
1975 4320 2124 4391 [(29)

2019 4323 2124 4390 [29)
2224 4328 2279 4380 δὲ
2319 4327 2493 4396 ὄχλοις
2524 4327 2642 4380 οὐδὲ
2693 4328 3097 4398 καρποφοροῦοι
3138 4329 3221 4391 τὸ,
3262 4349 3281 4378 r
3324 4330 3460 4382 Πᾶν
3491 4329 3551 4384 οἰ

591 4416 647 4462 et
694 4409 748 4461 in
796 4408 969 4476 ignem
1014 4408 1282 4460 mittitur:
1322 4427 1341 4458 ι
1379 4408 1552 4462 turbis
1598 4419 1775 4462 autem
1815 4425 1934 4478 quae
1982 4413 2123 4464 nullo

2019 4413 2124 4464 ullo
2155 4424 2198 4480 ο
2229 4417 2302 4486 μὴ
2323 4416 2502 4470 ποιοῦν
2530 4416 2736 4486 καρπὸν
2766 4417 3110 4470 ἐκκόπτεται.
3142 4437 3159 4468 ι
3191 4419 3266 4470 Τὸ
3293 4419 3407 4487 μὲν
3438 4423 3551 4492 γὰε

595 4499 751 4554 modo
799 4496 1033 4551 fructum
1083 4497 1312 4552 ferunt:
1353 4514 1372 4547 ι
1415 4495 1601 4552 Omnis
1641 4514 1768 4568 ergo
1811 4500 1970 4553 arbor
2022 4516 2124 4554 non

2022 4516 2124 4554 non
2229 4505 2432 4574 καρπὸν
2473 4504 2592 4556 οὐδὲ
2630 4504 2791 4557 καλὸν
2829 4505 2941 4574 ἔχει
3007 4507 3216 4575 καρπόν
3241 4523 3254 4537 ·
3316 4509 3543 4580 διόπερ

595 4589 798 4644 faciens
840 4589 1092 4651 fructum,
1145 4587 1420 4641 excidetur
1466 4589 1530 4640 “.
1579 4605 1598 4638 ι
1627 4587 1649 4658 ]
1679 4587 1734 4640 Id
1773 4589 1935 4654 enim,
1982 4591 2125 4658 quod

2023 4591 2125 4642 uod
2225 4599 2368 4648 ἐστιν
2399 4595 2563 4661 ἄξιον·
2581 4596 2642 4646 τὺ
2671 4593 2732 4650 δὲ
2754 4596 2874 4664 ἕχον
2903 4599 3132 4665 καρπὸν,
3155 4599 3217 4651 οὐ
3249 4600 3504 4664 πάντως
3538 4622 3551 4655 ι

595 4679 828 4733 fructum
860 4693 962 4732 non
995 4679 1172 4741 habet,
1203 4693 1270 4732 ne
1300 4678 1495 4731 bonum
1523 4678 1733 4746 quidem
1767 4677 1996 4732 fructum
2031 4680 2127 4732 ha-

2031 4680 2127 4732 ha-
2228 4683 2455 4752 καρπὸν,
2495 4683 2682 4752 διόπερ
2723 4685 2817 4735 καὶ
2853 4685 3015 4746 αὐτὸς
3059 4685 3303 4752 εὐλόγως
3343 4688 3470 4740 ὑπὸ
3507 4693 3551 4741 τε

595 4769 683 4821 bet
707 4783 722 4831 ;
749 4767 1094 4835 quamobrem
1119 4768 1333 4836 dignum
1364 4777 1447 4822 est
1474 4778 1532 4822 ut
1572 4767 1917 4822 exscindatur
1944 4785 1960 4820 :
1985 4770 2125 4835 quod

2024 4770 2125 4820 uod
2229 4771 2635 4824 καταϐάλλεται.
2702 4772 2825 4824 Ἐὰν
2867 4773 2922 4824 δὲ
2965 4774 3372 4845 ἀκριϐέστερον
3433 4779 3549 4848 ὲρε

593 4862 771 4908 autem
807 4853 1033 4908 fructum
1061 4857 1246 4919 habet,
1285 4857 1337 4910 id
1387 4873 1491 4910 non
1526 4857 1745 4910 omnino
1775 4855 2004 4909 fructum
2032 4857 2125 4910 bo-

2032 4857 2128 4910 bo-
2230 4861 2297 4912 τά
2336 4861 2461 4929 περὶ
2501 4862 2623 4922 τοὺς
2651 4863 2912 4930 καρποὺς,
2947 4863 3273 4933 εὑρήσομεν,
3315 4866 3416 4916 ὅτι
3452 4869 3551 4937 ἀμ

595 4959 721 4997 num
752 4944 954 5008 habet;
987 4960 1156 5013 quare
1195 4945 1312 5014 jure
1350 4957 1404 5002 et
1436 4947 1610 5016 ipsum
1658 4961 1687 4999 a
1729 4947 1901 5000 securi
1936 4947 2124 5014 dejici-

2030 4947 2124 5000 ici-
2231 4949 2349 5017 ἄρτι
2397 4950 2490 5001 τοῦ
2530 4951 2886 5020 γεωργεῖσθαι
2924 4952 3250 5021 ἀρχόμενον,
3313 4954 3436 5007 κᾶν
3487 4975 3551 5011 κς

597 5040 702 5084 tur.
755 5031 1015 5086 Caeterum
1074 5035 1121 5087 si
1171 5035 1477 5090 accuratius
1522 5034 1952 5100 exquisierimus,
2007 5035 2123 5087 fieri

2019 5035 2123 5087 fieri
2231 5041 2352 5101 τοὺς
2385 5041 2627 5110 πρώτους
2668 5044 2907 5108 ἐνεγκεῖν
2934 5045 3178 5113 καρποὺς
3221 5045 3479 5110 καλούς,
3540 5053 3551 5071 ‘

658 5121 706 5202 εξ
744 5123 1044 5202 Matth._1u,
1204 5128 1253 5202 ,⁸⁷
1281 5127 1519 5202 Luc._ut,
1546 5129 1607 5202 7.
1655 5128 1720 5202 _°°
1759 5127 2058 5202 Matthxi",
2085 5127 2140 5180 7.

2008 5141 2058 5190 ιι,
2085 5127 2140 5180 7.
2209 5131 2253 5160 ⁸³
2293 5133 2418 5186 ibid.
2448 5135 2502 5187 8.
2578 5135 2622 5165 ὀ
2643 5134 2775 5190 Luc.
2802 5150 2882 5201 nt,
2906 5134 2959 5189 ὃ.
3031 5136 3076 5167 ⁸³
3099 5136 3301 5190 Matth.
3329 5152 3434 5202 ut,
3467 5142 3540 5195 9.

594 5189 641 5222 "
665 5187 786 5244 Ose.
829 5208 882 5254 χ,
926 5194 1033 5259 i3;
1074 5194 1255 5248 Matth.
1305 5187 1516 5260 ιιι,10.’
1571 5194 1616 5226 ⁹⁶
1655 5195 1783 5249 Luc.
1827 5211 1907 5261 tu,
1943 5196 1994 5248 9.

672 5281 683 5294 Ι

665 5278 775 5396 $25)
801 5279 1034 5347 Εἴρηται
1052 5282 1280 5348 ἑνικῶς,
1313 5285 1539 5364 καρπὸν
1596 5284 1762 5348 ἄξιον
1792 5283 1900 5363 τῆς
1953 5301 2124 5351 μετα·
2298 5287 2409 5356 (26)
2435 5288 2737 5355 Εὶρῆσθαι.
2763 5287 3068 5367 Legendum
3095 5289 3352 5369 εἴρηται.

689 5363 778 5396 ac.
805 5349 860 5396 Id
892 5350 1246 5396 nmferelianl
1273 5355 1484 5396 codices
1532 5369 1716 5396 omnes
1755 5357 1945 5396 nullm:
2001 5367 2126 5396 usus
2300 5356 2408 5396 lQ'li
2440 5355 2562 5396 "an
2630 5373 2656 5396 εδ
2720 5357 2966 5396 Fprmrm
3026 5370 3348 5396 ηνειιιιινηιια

594 5349 778 5426 rota-4:.
800 5349 860 5426 id
891 5350 1246 5426 praeferebant
1273 5349 1484 5426 codices
1532 5369 1716 5406 omnes
1755 5349 1966 5426 quibus
2001 5367 2126 5406 usus
2239 5425 2246 5426 ί
2300 5349 2408 5424 (27)
2440 5349 2582 5426 llaec,
2629 5373 2656 5409 a
2719 5349 2966 5426 Ferr'ario
3026 5349 3458 5426 praetermissa,
3525 5376 3552 5416 ε

595 5413 849 5492 εἶξιν-[ζου.
892 5413 1226 5492 Stephanus,
1274 5431 1328 5492 e_t
1368 5419 1613 5492 V_ulgata,
1673 5430 1726 5472 ct
1772 5413 2024 5492 'Arahica,
2071 5428 2127 5471 et
2235 5413 2672 5487 interpretatione
2693 5413 3076 5491 supplevitnus.

596 5480 918 5560 {EthiOpicm
946 5480 1250 5560 etPersica.
1288 5487 1355 5537 At
1396 5480 1612 5560 Syjiaca
1646 5502 1919 5560 numerum
1951 5490 2125 5560 plurn-
2303 5480 2412 5560 (28)
2451 5493 2539 5555 Ὡς
2583 5494 2650 5544 ἐκ
2684 5480 2922 5544 rabitur.
2974 5493 3098 5546 llaec
3159 5496 3211 5546 in
3273 5496 3506 5550 codice

597 5554 932 5631 lcuuﬂseryp.
968 5552 1114 5631 Quod
1148 5554 1219 5602 ait
1241 5555 1722 5631 autent-Ferrarius
1748 5552 1961 5631 Ot'igeni
1993 5569 2124 5606 con-
2235 5552 2618 5631 manuring—seti
2650 5562 2846 5631 desunt
2870 5561 2920 5610 in
2949 5563 3135 5615 codice
3152 5563 3367 5631 Regio.

599 5617 798 5666 sentire
825 5616 1257 5698 Chrysostpmum
1285 5631 1338 5671 et
1383 5616 1865 5688 'l‘heophylactum,
1894 5623 1942 5673 id
2000 5639 2121 5673 nus-
2288 5616 2413 5696 ’(29)
2443 5616 2695 5697 suppleta
2725 5630 2836 5681 hanc
2857 5644 3071 5698 quoque
3106 5647 3169 5683 ex
3201 5616 3535 5688 I‘Zriuniu.

600 5699 754 5750 quam
786 5689 1007 5752 reperio.
1047 5684 1300 5738 “cuius.
