3880 6168
280 382 412 457 ,ειν

1298 344 1307 351 ’
1363 385 1712 442 οοιιιιιειιτ.
1749 386 1815 441 IN
1854 385 2040 441 JOAN.
2076 382 2315 439 'ronus
2358 376 2445 433 v1.

3404 383 3510 438 250

303 497 342 549 6
367 494 596 565 γεωργὸς
641 492 875 564 πρῶτον
924 498 987 550 τὸ
1034 499 1275 566 ἐνεγκεῖν
1319 498 1464 567 αὐτῷ
1487 499 1612 561 τοὺς
1658 497 1865 550 ἐπιϐάλ-

1979 511 2082 551 ιιοιι
2114 508 2269 563 posse
2295 490 2612 556 videbimus,
2655 499 2713 545 ut
2757 466 2810 545 id
2850 490 2991 559 quod
3031 502 3201 558 nuper
3237 490 3405 545 excoli
3440 495 3510 548 sit

307 591 493 646 λοντας
519 584 761 654 καρποὺς
784 586 853 637 τὸ
878 586 1178 659 ἀρχόμενον
1202 587 1469 657 γεωργίας
1494 587 1621 655 (.30)-
1650 585 1869 655 ὕστερον

303 674 418 744 ὀδῷ
442 674 524 727 διὰ
557 672 664 725 τῶν
697 676 1028 742 πρεπόντων
1069 678 1339 745 γεωργικῇ
1389 676 1695 745 καθαρσίων
1736 675 1869 745 μετά

301 764 441 825 τοὺς
476 760 685 822 ὁποίους
723 759 934 830 δήποτε
981 765 1221 833 καρποὺς
1264 764 1560 833 ληψόμενος
1605 764 1698 815 καὶ
1739 779 1870 832 καρ-

303 850 452 910 ποὺς
475 848 685 910 καλούς.
714 849 832 901 Καὶ
868 852 897 901 6
928 851 1090 919 νόμος
1112 851 1167 903 δὲ
1192 852 1358 921 ταύτῃ
1392 855 1458 921 τῇ
1492 851 1679 920 ἐκδοχῇ
1714 850 1867 919 ἡμῶν

300 940 583 1008 μαρτυρεῖ
617 936 792 1003 λέγων
836 938 947 990 δεῖν
976 940 1064 990 τὸν
1105 941 1437 1008 φυτεύσαντα
1476 940 1585 1007 (5i)
1625 939 1747 1008 τρία
1777 938 1867 1007 ἐτη

298 1028 490 1078 ποιεῖν
518 1025 959 1098 ἀπερικάθαρτον
1001 1028 1172 1081 ἐῶντα
1208 1029 1269 1081 τὸ
1312 1028 1726 1097 πεφυτευμένον,
1772 1029 1869 1080 οὐκ

301 1114 643 1183 ἐσθιομένων
666 1115 832 1167 αὐτοῦ
865 1115 971 1168 τῶν
996 1117 1244 1187 καρπῶνσ
1283 1135 1302 1167 ι
1328 1118 1463 1187 Τρία
1485 1136 1503 1168 ι
1537 1117 1660 1186 γὰρ,
1686 1117 1867 1187 φησὶν,

266 1196 275 1201 ’
306 1221 330 1254 ι
368 1203 471 1274 ἔτη
504 1207 631 1273 ὑμῖν
657 1208 685 1258 6
715 1207 931 1277 καρπὸς
958 1208 1409 1277 ἀπερικάθαρτος,
1435 1209 1494 1259 ού
1518 1208 1865 1277 βρωθήσεταιο

299 1292 388 1362 τῷ
426 1293 482 1345 δὲ
525 1294 771 1366 τετάρτῳ
818 1295 928 1347 ἐτει
962 1296 1113 1349 ἔσται
1147 1298 1253 1358 πᾶς
1283 1299 1311 1349 6
1354 1296 1559 1365 καρπὸς
1590 1296 1758 1363 ἆγιος,
1785 1297 1869 1347 al-

298 1384 466 1446 νετὸς
486 1383 563 1452 τῷ
588 1385 799 1454 Κυρίῳ.
833 1404 851 1435 ι
884 1385 1133 1452 Εύλὸγως
1167 1385 1341 1437 τοίνυν
1364 1385 1508 1455 πρὸς
1538 1387 1659 1446 τοὺς
1685 1383 1869 1453 ὄχλους

297 1475 482 1544 χωρὶς
510 1476 612 1544 τῆς
640 1473 736 1527 τοῦ
763 1475 929 1528 καλοῦ
976 1473 1287 1544 προσθήκης
1316 1474 1550 1540 λέγεται·
1589 1492 1606 1523 ι
1641 1475 1752 1525 Πᾶν
1778 1470 1869 1525 οὖν

296 1562 528 1633 δένδρον
571 1565 647 1634 μὴ
676 1563 863 1616 ποιοῦν
897 1563 1106 1632 καρπὸν
1150 1563 1491 1625 ἐκκόπτεται,
1537 1564 1629 1615 καὶ
1660 1563 1739 1624 είς
1761 1561 1868 1632 πῦρ

300 1649 584 1718 Binan:-
612 1670 633 1703 ι
662 1652 776 1704 Καὶ
803 1651 863 1703 τὸ
889 1652 981 1702 ἐπὶ
1008 1650 1182 1702 πλεῖον
1202 1650 1258 1702 δέ
1282 1650 1441 1719 φέρον
1464 1650 1670 1720 καρπὸν
1689 1651 1869 1719 ὅμοιον

295 1740 371 1807 τῇ
406 1739 574 1808 ἀρχῇ,
599 1740 817 1810 δένδρον
854 1740 1110 1809 τυγχάνον
1142 1740 1215 1810 μὴ
1246 1740 1428 1793 ποιοῦν
1453 1740 1658 1810 καρπὸν
1688 1740 1864 1804 καλὸν,

1973 592 2228 651 coeptum,
2258 579 2469 634 etiamsi
2514 579 2818 645 frnctilicet,
2850 578 3053 648 primos
3082 578 3271 632 all'crat
3304 579 3510 636 fructus

1973 672 2158 725 bonos.
2175 670 2574 738 Contentusque
2589 669 2911 738 estagricola
2932 670 3154 737 primam
3175 669 3381 721 arboris
3402 671 3510 721 cnl-

1974 779 2145 822 turam
2170 763 2545 819 convenientes
2575 761 2780 815 fructus
2802 760 3060 828 proferre,
3095 768 3203 812 tum
3235 772 3364 814 vero
3384 776 3509 827 pro-

1973 856 2195 909 cedente
2244 863 2514 919 tempore,
2570 860 2690 919 post
2748 848 2904 919 129
2952 850 3047 903 hos
3101 848 3506 917 qualescunque

1973 946 2196 1004 fructus,
2223 951 2534 1011 sumpturus
2568 941 2729 994 etiam
2773 938 2982 993 fructus
3021 940 3205 1004 honos,
3250 940 3513 993 adhibitis

1973 1033 2373 1103 purgationibus
2401 1028 2739 1098 agriculturae
2768 1027 3231 1082 convenientibus.
3253 1027 3392 1093 Quin
3423 1027 3511 1080 lex

1972 1124 2130 1176 etiam
2168 1122 2292 1174 huic
2326 1129 2520 1174 nostrm
2570 1116 2936 1184 intelligentia:
2973 1124 3257 1170 attestatur
3285 1119 3509 1180 dicens.

1972 1222 2222 1279 Oportcre
2246 1226 2367 1263 eum
2406 1209 2496 1276 qui
2529 1207 2849 1275 plantaverit
2879 1207 3236 1274 impurgatum
3275 1206 3507 1261 triennio

1973 1300 2153 1354 sinere
2186 1299 2331 1367 quod
2358 1298 2705 1367 plantavcrit,
2751 1308 2856 1349 non
2900 1295 3128 1348 comesis
3156 1296 3229 1348 rei
3258 1295 3508 1364 plantatae

1973 1391 2272 1444 fructibus:
2321 1408 2340 1440 ι
2385 1388 2736 1450 Τιόειοιιίιιι,
2792 1385 2968 1453 inquit
3014 1385 3310 1450 ",rattnos
3357 1386 3507 1439 vobis

1972 1481 2175 1532 fructus
2207 1480 2541 1546 impnrgatus
2574 1493 2676 1530 non
2710 1475 3021 1530 comedetur
3054 1490 3071 1539 ;
3105 1481 3297 1542 quarto
3329 1483 3504 1528 autem

1972 1582 2114 1620 anno
2157 1566 2262 1620 erit
2312 1566 2486 1619 omnis
2530 1564 2740 1618 fructus
2798 1572 3034 1624 sanctus,
3082 1561 3360 1616 laudabilis
3404 1563 3507 1615 Do-

1973 1655 2138 1708 mino.
2174 1673 2192 1705 ι
2229 1651 2359 1706 Jure
2396 1668 2525 1719 ergo
2553 1654 2617 1704 ad
2647 1652 2830 1705 turbas
2852 1651 3054 1719 absque
3084 1650 3358 1704 additione
3382 1651 3506 1704 boui

1970 1741 2206 1795 dicitur:
2246 1757 2265 1789 ι
2299 1738 2487 1793 Omnis
2536 1738 2699 1807 igitur
2740 1738 2902 1790 arbor
2944 1752 3063 1805 qua:
3090 1751 3194 1790 nou
3235 1736 3359 1790 facit
3390 1736 3506 1790 fru-

174 4634 186 4643 ,
284 4584 578 4654 ἁμαρτίας
606 4585 806 4637 αὑτῶν·
824 4586 878 4654 ἦ,
907 4586 983 4649 ὡς
1005 4588 1034 4637 6
1059 4588 1269 4650 Λουκᾶς
1288 4604 1448 4656 φησιν
1469 4587 1600 4656 (56)’
1642 4606 1660 4636 ι
1711 4587 1857 4650 Ἐξε-

295 1828 660 1891 ἐκκόπτεται,
707 1828 802 1880 καὶ
841 1830 919 1890 είς
946 1829 1054 1898 πῦρ
1095 1828 1370 1897 βάλλεται·
1406 1829 1562 1891 ἐπὰν,
1603 1827 1863 1896 ἐνστάσης

1972 1840 2123 1890 ctum,
2183 1828 2518 1883 exscinditur
2562 1835 2615 1881 ct
2659 1828 2709 1879 in
2753 1827 2928 1894 ignem
2963 1825 3246 1894 conjicitur
3273 1826 3320 1857 "
3345 1842 3361 1891 ;
3391 1844 3411 1878 ι
3444 1825 3496 1879 ei

292 1917 404 1985 τῆς
441 1917 582 1984 μετά
611 1916 713 1986 τὴν
736 1918 925 1986 τριάδα
950 1919 1273 1986 εἰσαγωγῆς,
1304 1920 1361 1970 ἐν
1385 1920 1449 1987 τῇ
1477 1918 1685 1987 τετράδι
1713 1918 1864 1984 γενό-

1972 1936 2082 1988 quae
2113 1919 2310 1973 diutius
2351 1920 2585 1972 fructum
2624 1917 2731 1970 fert
2771 1916 3035 1985 principio
3079 1916 3331 1980 similem,
3380 1930 3500 1969 cum

297 2022 469 2073 μενος
514 2007 591 2076 μὴ
643 2010 772 2077 ποιῇ
813 2008 1022 2077 καρπὸν
1068 2010 1239 2073 ἅγιον,
1286 2009 1492 2060 αίνετὸν
1531 2009 1610 2077 τῷ
1656 2008 1862 2078 Κυρίῳ.

1972 2011 2031 2063 sit
2068 2010 2228 2063 arbor
2249 2024 2367 2078 quas
2395 2024 2500 2063 non
2526 2008 2656 2061 facit
2678 2006 2911 2060 fructum
2944 2006 3168 2073 bonum,
3195 2006 3503 2060 excinditur

294 2092 495 2146 Ταῦτα
519 2094 579 2146 δὲ
606 2096 807 2158 πάντα,
832 2097 879 2147 εί
901 2096 993 2148 καὶ
1028 2096 1164 2165 μετά
1190 2096 1574 2165 παρεκϐάσεως
1597 2095 1706 2166 (52)
1736 2098 1865 2165 ἡμῖν

1972 2095 2093 2150 etin
2120 2096 2296 2165 ignem
2332 2095 2587 2158 mittitur,
2634 2092 3086 2162 quandoquidem,
3140 2102 3259 2162 post
3285 2093 3503 2147 triennii

291 2182 556 2252 εἰρῆσθαι
604 2184 757 2236 δοκεῖ
784 2184 1223 2254 παρατιθεμένοις
1262 2186 1354 2238 καὶ
1386 2185 1453 2236 τὰ
1492 2185 1597 2237 ἀπὸ
1629 2185 1732 2238 τῶν
1760 2185 1865 2238 λοι-

1972 2186 2254 2249 culturam,
2307 2185 2359 2238 in
2410 2200 2551 2238 anno
2588 2193 2782 2251 quarto
2809 2198 2916 2235 non
2961 2182 3089 2236 facit
3120 2181 3350 2236 fructum
3377 2198 3500 2237 san~

290 2269 421 2322 πῶν
461 2271 832 2340 Εὐαγγελίων,
859 2275 958 2326 οὐκ
986 2274 1183 2344 ἄκαιρα
1215 2273 1272 2325 δὲ
1301 2274 1422 2343 ἐμοὶ
1454 2275 1716 2341 φαίνεται,
1746 2274 1865 2328 οὐδὲ

1972 2284 2130 2338 ctum,
2180 2272 2499 2327 laudabilem
2559 2272 2809 2325 Domino.
2870 2271 2995 2324 Haec
3048 2262 3226 2324 autem
3292 2271 3496 2335 omnia,

288 2359 563 2430 ἀλλότρια
598 2361 702 2430 τῆς
745 2364 1096 2433 ἐνεστηκυίας
1141 2363 1401 2431 σκέψεως.
1438 2365 1715 2433 Φαρισαῖοι
1747 2364 1856 2433 γὰρ

1972 2363 2206 2431 quamvis
2242 2377 2338 2429 per
2370 2361 2753 2429 digressionem
2780 2359 3064 2413 videantur
3092 2375 3121 2411 a
3154 2358 3308 2412 nobis
3337 2360 3499 2422 dicta,

289 2447 700 2501 ἀποστέλλουσι
757 2450 891 2519 πρὸς
947 2451 1037 2502 τὸν
1098 2451 1342 2519 Ἰωάννην
1397 2451 1532 2519 μετά
1583 2453 1706 2512 τοὺς
1759 2451 1865 2504 ἀπὸ

1972 2451 2398 2517 comparantibus
2422 2450 2584 2503 etiam
2616 2463 2734 2516 qua:
2760 2459 2952 2501 caetera
2980 2447 3265 2516 Evangelia
3298 2447 3500 2513 dicant,

1962 2555 2067 2592 non
2098 2530 2403 2605 importune
2430 2548 2606 2590 tamen
2641 2535 2833 2597 ascita,
2864 2550 3038 2602 neque
3080 2535 3254 2588 aliena
3291 2551 3321 2601 a
3367 2551 3488 2604 pra}

1960 2628 2095 2682 senti
2149 2628 2581 2681 consideratione
2623 2625 2826 2693 judicio
2880 2634 3003 2679 sunt
3050 2640 3192 2681 meo.
3244 2624 3502 2681 Pharisaei

1960 2719 2101 2773 enim
2138 2718 2357 2771 mittunt
2386 2718 2452 2771 ad
2475 2715 2734 2772 Joannem
2772 2727 2894 2783 pust
2924 2718 3233 2771 sacerdotes
3259 2726 3312 2771 ct
3369 2716 3505 2770 levi~

1963 2816 2044 2862 tas
2101 2808 2169 2860 ab
2225 2804 2609 2875 Hierosolymis
2657 2806 2871 2870 missos,
2926 2806 2992 2858 ad
3050 2805 3494 2873 interrogandum

1961 2896 2133 2962 ipsum
2164 2895 2409 2962 quisnam
2445 2901 2608 2955 esset,
2653 2891 3048 2961 interrogantes
3093 2910 3108 2945 :
3144 2910 3165 2943 ι
3209 2892 3344 2957 Quid
3375 2906 3506 2959 ergo

300 2536 707 2607 Ἰεροσολύμων
746 2540 911 2607 ἱερεῖς
951 2540 1044 2592 καὶ
1087 2539 1321 2605 λευῖτας,
1360 2539 1701 2608 πεμφθέντας
1731 2540 1865 2608 ἐρω-

288 2623 469 2691 τῆσαι
495 2627 660 2679 αὐτὸν
685 2626 833 2688 ὅστις
866 2627 972 2697 εἴη,
1007 2627 1367 2692 ἐξετάζοντες·
1411 2648 1431 2679 ι
1459 2629 1522 2680 Τί
1550 2625 1640 2681 οὖν
1671 2628 1862 2696 βαπτίι-

287 2712 437 2774 ζεις,
463 2715 514 2765 εί
545 2715 609 2766 σὺ
635 2716 736 2767 οὐκ
761 2712 813 2768 εἴ
832 2719 860 2768 6
888 2716 1139 2784 Χριστὸς,
1162 2716 1283 2768 οὐδὲ
1316 2716 1514 2780 Ἠλίας,
1547 2716 1665 2768 οὐδὲ
1687 2718 1716 2767 6
1741 2732 1866 2786 προ-

286 2804 523 2872 φήτης;
561 2822 582 2855 ι
634 2805 732 2857 καὶ
768 2805 1114 2867 ἐξετάσαντες
1164 2805 1393 2859 ἐνταῦθα
1420 2806 1543 2876 ἐξῆς
1574 2806 1864 2875 παραγινό-

287 2905 456 2959 μενοι
519 2890 923 2961 βαπτισόμενοι,
987 2894 1062 2956 ὼς
1128 2896 1160 2946 6
1216 2893 1489 2956 Ματθαῖος
1543 2895 1859 2963 ἀναγράφει,

282 2980 558 3033 ἀκούουσι
586 2982 646 3034 δὲ
686 2983 757 3034 τά
793 2981 1096 3052 ἁρμόζοντα
1134 2982 1311 3036 αὐτῶν
1350 2986 1417 3053 τῇ
1456 2983 1741 3055 ἀλαζονείᾳ
1772 2986 1863 3038 καὶ

1972 2982 2220 3050 baptizas,
2262 2982 2307 3035 si
2357 2990 2413 3033 tu
2444 2994 2546 3034 non
2587 2994 2647 3033 es
2679 2979 2767 3032 ille
2803 2979 3067 3042 Christus,
3108 2994 3285 3048 neque
3330 2976 3507 3043 Elias,

283 3071 607 3139 ὑποκρίσει.
662 3072 816 3124 Ἐπεὶ
850 3071 907 3123 δὲ
942 3073 1101 3141 ὃμοια
1130 3069 1197 3143 ἦν
1240 3073 1307 3125 τὰ
1346 3073 1553 3135 τούτοις
1601 3074 1861 3144 είρημένα

1972 3085 2133 3139 neque
2183 3069 2273 3123 ille
2320 3068 2578 3137 propheta
2623 3067 2665 3098 ³⁷
2703 3067 2728 3119 ?
2765 3085 2785 3118 ι
2816 3081 3046 3135 cumque
3083 3067 3505 3136 interrogassent

281 3163 414 3222 τοῖς
449 3131 773 3229 ’λεγομένοις
820 3160 954 3230 πρὸς
976 3131 1113 3223 ’τοὺς
1153 3131 1361 3232 δχλους,
1412 3131 1578 3233 ἐχρην
1620 3131 1863 3231 τῆνὶτῶν

1972 3131 2065 3213 ιιοὲ
2116 3159 2167 3211 in
2209 3131 2351 3222 loco,
2403 3131 2662 3222 deinceps
2712 3155 2935 3222 profecti
2959 3131 3035 3209 ἰιι
3075 3131 3502 3226 baptizarentur,

285 3248 484 3318 ῥητῶν
521 3248 806 3319 σύγκρισιν
835 3252 927 3303 καί⁸
962 3251 1254 3321 σαφήνειαν
1284 3252 1639 3322 ποιήσασθαι·
1672 3248 1749 3306 ὧν
1778 3269 1863 3320 γι·-

1972 3259 2021 3302 ιιι
2048 3247 2234 3301 scribit
2262 3244 2548 3298 Mattltaeus
2576 3243 2647 3308 ⁸⁸,
2685 3244 2908 3297 audiunt
2935 3246 3305 3299 convenientia
3343 3244 3501 3301 fastni

283 3334 543 3404 νομένων
590 3336 812 3389 πλείονα
852 3339 1130 3407 ἀπῄτησεν
1162 3338 1269 3407 (55)
1320 3341 1464 3408 ἡμᾶς
1504 3342 1537 3409 ἡ
1579 3340 1863 3393 ἀκολουθία

1972 3348 2014 3392 et
2042 3334 2370 3391 simulationi
2397 3347 2526 3387 suae.
2559 3331 2730 3386 Porro
2752 3332 3004 3401 quoniam
3036 3331 3119 3387 bis
3143 3333 3329 3388 eadem
3364 3334 3503 3399 fere,

285 3424 599 3494 θεωρῆσαι.
631 3428 754 3478 Ἔτι
781 3427 838 3479 δέ
866 3429 959 3479 καί⁵
981 3428 1151 3481 ταῦτα
1173 3431 1285 3492 τοῖς
1315 3429 1618 3499 εἰρημένοις
1641 3429 1864 3492 δεόντως

1972 3441 2085 3493 quae
2119 3424 2291 3479 turbis
2324 3423 2464 3476 dicta
2515 3420 2753 3484 fuerant,
2796 3419 3141 3490 postulabant
3186 3421 3298 3474 haec
3335 3420 3501 3475 colla-

286 3513 688 3584 προσθήσομεν
711 3515 830 3585 (54)
856 3516 950 3568 δύο
973 3518 1227 3586 τάγματα
1261 3519 1580 3587 πεμπόντων
1616 3519 1766 3589 παρά
1786 3518 1863 3588 τῷ

1972 3514 2160 3568 tionem
2187 3521 2347 3581 atque
2376 3511 2835 3580 explanationem,
2866 3524 2985 3577 qua:
3007 3511 3132 3563 dum
3166 3509 3318 3576 ﬁunt,
3353 3509 3501 3578 plura

299 3601 537 3672 Ἰωάννῃ
589 3599 1019 3673 ἀναγέγραπται,
1066 3605 1125 3658 ἒν
1178 3608 1273 3676 μὲν
1316 3608 1580 3660 Ἰουδαίων
1607 3607 1715 3659 τῶν
1757 3606 1863 3659 ἀπὸ

1972 3602 2216 3672 compulit
2242 3616 2339 3654 nos
2365 3600 2748 3668 consequentia
2780 3614 2957 3652 rerum
2996 3598 3367 3652 considerare.
3410 3596 3505 3650 llis

298 3690 708 3760 Ἰεροσολύμων
732 3692 1165 3746 ἀποστελλόντων
1193 3697 1353 3762 ἱερεῖς
1379 3695 1469 3748 καὶ
1506 3696 1730 3757 λευϊτας’
1750 3694 1862 3745 ἐτε-

1972 3695 2185 3758 insnper
2244 3704 2366 3756 qua:
2412 3687 2646 3740 diximus
2695 3687 3002 3739 necessario
3057 3686 3183 3738 illud
3227 3685 3502 3747 addemus,

286 3796 393 3850 ρον
424 3781 481 3833 δὲ
509 3783 822 3851 Φαρισαίων
852 3784 1263 3853 ἐπαπορούντων
1281 3785 1367 3838 διὰ
1385 3786 1438 3837 τί
1459 3782 1722 3853 βαπτίζει.
1755 3782 1862 3834 Καὶ

283 3870 746 3939 ἀποδεδώκαμεν,
775 3874 856 3925 ὅτι
884 3874 1019 3941 μετά
1041 3874 1139 3943 τὴν
1167 3874 1356 3927 πεῦσιν
1378 3876 1427 3926 oi
1458 3875 1731 3943 Φαρισαῖοι
1763 3888 1863 3925 πα-

286 3962 613 4031 ραγίνονται
646 3962 1027 4034 βαπτισόμενοι
1049 3967 1181 4035 ('55).
1204 3967 1412 4036 Μήποτ⁹
1431 3962 1522 4019 οὖν
1544 3967 1647 4035 πρὸ
1662 3965 1863 4019 τούτων

282 4053 335 4103 οἱ
369 4052 485 4122 πρὸ
507 4052 714 4104 τούτων
734 4055 1148 4119 ἀποστείλαντες
1173 4057 1281 4109 ἀπὸ
1316 4055 1698 4126 Ἰεροσολύμων
1738 4056 1863 4107 ’1ου-

283 4140 434 4194 δαῖοι
465 4141 903 4212 παραδεξάμενοι
928 4146 1053 4207 τοὺς
1099 4145 1342 4198 Ἰωάννου
1366 4145 1575 4212 λόγους,
1607 4146 1699 4198 ἅτε
1729 4145 1861 4215 πρό-

280 4245 443 4299 τεροι
470 4228 581 4281 τῶν
596 4231 907 4299 Φαρισαίων
938 4233 1267 4301 πέμψαντες,
1296 4233 1387 4285 καὶ
1408 4232 1658 4302 πρότεροι
1686 4213 1863 4302 ἔρχον-

1972 4220 2127 4273 rectos
2155 4216 2319 4273 fuisse
2346 4227 2403 4271 ut
2427 4218 2847 4286 baptizarentur.
2876 4214 3106 4268 Proinde
3124 4214 3261 4278 vide,
3288 4230 3352 4269 ne
3368 4213 3506 4267 forte

284 4335 406 4371 ται.
453 4318 811 4388 Ἰεροσόλυμα
828 4321 955 4391 γὰρ,
982 4323 1129 4374 πᾶσα
1164 4322 1410 4384 Ἰουδαία,
1441 4319 1536 4374 καὶ⁸
1556 4322 1859 4385 ἀκολούθως

1972 4309 2124 4364 Iudaei
2155 4310 2243 4377 qui
2273 4317 2399 4363 ante
2425 4308 2725 4364 Pharisaeos
2774 4306 3037 4360 miserant
3084 4304 3154 4359 ab
3197 4303 3504 4374 Hierosoly-

285 4406 449 4457 πᾶσα
481 4407 516 4474 ἡ
555 4406 862 4476 περίχωρος
898 4407 991 4460 τοῦ
1035 4408 1295 4477 Ἰορδάνου
1328 4409 1675 4472 ἐϐαπτίζοντο
1702 4411 1759 4463 ἐν
1783 4410 1859 4479 τῷ

1972 4401 2086 4462 mis,
2115 4398 2347 4452 admissa
2373 4395 2600 4451 Joannis
2628 4396 2896 4457 oratione,
2928 4394 3053 4462 quia
3086 4393 3292 4461 priores
3315 4393 3507 4447 Phari-

300 4495 552 4566 Ἰορδάνῃ
608 4496 838 4566 ποταμῷ
889 4499 979 4549 ὑπ’
1021 4498 1205 4559 αὐτοῦ,
1255 4498 1734 4567 ἐξομολογούμενοι,
1764 4499 1860 4561 τὰς

1972 4486 2081 4541 satis
2114 4487 2381 4548 miserint,
2412 4488 2619 4554 priores
2647 4487 2808 4540 etiam
2848 4484 3089 4537 veniant.
3137 4481 3506 4552 Hierosolyma

1958 4578 2124 4642 enim,
2164 4587 2220 4629 et
2264 4583 2373 4628 tota
2402 4572 2608 4636 Judaea,
2633 4583 2688 4628 et
2721 4584 3114 4640 consequenter
3142 4571 3317 4626 omnis
3350 4571 3506 4639 regio

284 4671 565 4742 πορεύετο
595 4672 735 4740 πρὸς
771 4673 930 4725 αὑτὸν
962 4675 1109 4727 πᾶσα
1148 4676 1181 4742 ή
1241 4673 1462 4727 Ἰουδαία
1486 4672 1656 4743 χώρα,
1684 4674 1776 4726 καὶ
1808 4674 1858 4725 οί

1972 4666 2179 4722 lordani
2215 4664 2439 4717 llnitima
2481 4663 2891 4731 baptizabantur
2922 4661 2989 4715 ab
3021 4661 3137 4729 ipso
3177 4660 3231 4712 in
3259 4656 3498 4712 Jordanc

297 4762 737 4831 Ἱεροσολυμῖται
781 4760 1002 4824 πάντες,
1038 4762 1131 4814 καὶ
1173 4761 1522 4824 ἐϐαπτίζοντο
1564 4762 1654 4812 ὑπ’
1696 4760 1857 4812 αὐτοῦ

1972 4757 2149 4820 ﬂuvio,
2178 4756 2495 4807 conﬁtentes
2522 4761 2738 4821 peccata
2760 4767 2854 4804 sua
2886 4751 2907 4781 '
2936 4768 2950 4803 :
2984 4750 3085 4814 vel,
3116 4757 3175 4802 ut
3198 4748 3372 4802 Lucas
3421 4748 3505 4799 iu—

282 4852 347 4904 ἐν
378 4849 461 4919 τῷ
498 4849 744 4918 Ἰορδάνῃ
776 4850 1025 4919 ποταμῷ,
1056 4849 1527 4920 ἐξομολογούμενοι
1557 4849 1653 4912 τὰς
1686 4850 1859 4919 ἁμαρ-

1972 4846 2118 4913 quit:
2159 4861 2178 4895 ι
2210 4842 2602 4910 Egrediebatur
2646 4840 2931 4909 adiipsum
2971 4837 3125 4905 13o
3166 4844 3275 4891 tota
3318 4833 3503 4886 Iudaea

359 4961 417 4993 "
449 4959 884 5025 Levit.xrx,25.
982 4963 1028 4994 “
1069 4962 1200 5016 an.
1239 4977 1321 5028 ιιι,
1370 4962 1422 5015 9.
1521 4963 1563 4994 ’⁷
1590 4961 1744 5016 Joan.
1768 4962 1865 5026 1,2

285 5029 311 5062 ⁸
339 5029 541 5083 Matth.
582 5044 666 5095 ιιι,
696 5028 750 5092 5,
776 5028 830 5081 6.

1992 4960 2037 4995 ⁸³
2070 4958 2259 5013 Matth.
2299 4974 2379 5025 ιιι,
2408 4957 2460 5010 7.
2558 4955 2604 4987 ”
2641 4953 2793 5009 Joan.
2826 4968 2869 5020 ι,
2908 4953 2992 5007 l9.
3070 4951 3089 4982 ¹
3120 4949 3250 5005 ibid.
3290 4947 3384 5013 24,
3409 4946 3500 5003 25.

364 5141 483 5209 (30)
507 5136 685 5202 Αὐτῷ
718 5135 864 5209 τοὺς
899 5134 1330 5209 ἐπιϐάλλοντας
1367 5135 1653 5209 καρποὺς-ῃ
1671 5135 1865 5209 ἰνφ-ἀρ-

287 5202 559 5278 χόὶιενσν
586 5205 914 5278 ’γεωργίαῇ
936 5203 1043 5278 Si(_:_
1079 5202 1404 5278 recteltabet
1426 5208 1589 5278 codex
1624 5204 1865 5255 Bodleia-

288 5268 433 5354 ῖῖιιᾷς
459 5268 636 5354 editio
659 5268 843 5354 autem
874 5269 1300 5354 ΙΙιιειίἱηαύτοὺς
1329 5268 1706 5331 ἐπιϐάλλοντας
1728 5288 1863 5340 καρ-

288 5336 432 5407 ποὺς
461 5342 542 5410 τῷ
571 5337 868 5419 ἀρχομένῳ
897 5336 1187 5419 γεωργίας.
1337 5403 1346 5414 ⁸
1788 5336 1814 5415 .-

360 5412 478 5482 (3|)
508 5412 646 5482 Asn-
676 5406 806 5482 τὸν.
846 5417 1243 5482 ςρυξεμιζαντα.
1294 5401 1383 5482 βιο
1415 5406 1580 5456 codex
1626 5403 1863 5458 Bodleia-

287 5469 430 5541 nu‘s;
457 5469 639 5530 codex
674 5469 902 5541 Regius,
937 5470 1011 5520 δεῖ
1028 5470 1117 5541 τον
1150 5469 1467 5541 φυτεύοντα.
1543 5537 1556 5541 _
1641 5537 1650 5541 Δ

2031 5474 2142 5541 (56)

363 5536 484 5617 (ξίΞ)
535 5536 1134 5617 Παρεκρξάσεξεις...μει
1206 5538 1362 5617 codd:
1439 5537 1756 5593 linrberinus
1803 5549 1858 5593 et
1964 5536 2132 5595 nm;
2164 5555 2203 5617 I_,
2228 5541 2292 5617 5.;
2316 5541 2491 5617 altum
2515 5536 2656 5606 apud
2680 5536 2882 5617 Lucani
2907 5539 2972 5590 de
2995 5538 3060 5591 iis
3077 5538 3371 5617 silentium.
3401 5536 3500 5617 Vel

291 5602 664 5680 Bodleianus;
692 5604 871 5659 editio
896 5602 1092 5680 llgietii.
1115 5603 1528 5680 παρεμφάσεως·
1664 5671 1699 5680 “
1776 5673 1785 5680 _
1962 5609 2218 5662 memoria
2260 5602 2420 5680 igitur
2457 5602 2639 5674 lapsus
2675 5619 2757 5680 est
2787 5604 3069 5680 Origenes,
3094 5613 3150 5656 ut
3195 5620 3364 5672 Sthc;
3417 5605 3502 5656 vel

357 5682 476 5749 (33)
525 5670 894 5743 Ἀπῄτησεν.
930 5670 1014 5723 Sic
1057 5671 1216 5723 codex
1271 5670 1615 5737 Bodleianus;
1664 5671 1855 5737 Regius

1972 5692 2116 5732 manu
2146 5670 2591 5741 ταχυῨράφοςίιιι
2617 5670 2922 5734 saepissime.
2968 5671 3221 5727 llusnus.

1959 3777 2216 3831 Joannem
2258 3776 2500 3829 scribere
2546 3773 2679 3826 duos
2714 3772 2927 3825 ordines
2974 3786 3098 3827 esse
3139 3772 3500 3825 mittentium:

1960 3866 2183 3918 alterum
2212 3865 2424 3931 quidem
2447 3860 2758 3914 Judaeornm
2791 3860 3116 3911 mittentiqu
3150 3859 3216 3912 ab
3250 3857 3501 3912 Hieroso-

1960 3954 2117 4022 lytnis
2142 3953 2449 4007 sacerdotes
2488 3959 2545 4003 et
2583 3948 2801 4002 Levitas
2830 3948 2877 3978 ”
2903 3964 2918 4013 ;
2948 3948 3174 4001 alterum
3203 3961 3334 4001 vero
3358 3946 3505 4001 Pha-

1961 4042 2235 4094 ristcornm
2261 4037 2689 4093 addubitantium
2727 4052 2893 4104 quare
2932 4035 3166 4102 baptizet
3207 4034 3247 4089 ⁸.
3309 4034 3503 4087 Tradi-

1960 4129 2132 4182 dimus
2163 4129 2327 4183 etiam
2362 4127 2665 4180 Pharisazos
2703 4135 2824 4195 post
2871 4125 3344 4193 interrogationem
3382 4137 3506 4189 pro-

1962 5148 2015 5191 et
2051 5134 2397 5204 Barberinus,_
2425 5135 2750 5204 ἀπήντησεν.

2032 5204 2142 5273 (54)
2164 5199 2726 5273 Προσθῄσομὲνίδίο
2753 5200 2919 5254 codex
2952 5199 3303 5266 Bodleianus;
3340 5199 3504 5256 editio

1965 5271 2162 5343 Ηιιςιίί,
2183 5271 2581 5343 προσθήσομαι.

2035 5340 2146 5417 (ξό)
2175 5334 2773 5417 Βὰπτιόςρῥεθςριηιιιιη
2795 5335 3008 5417 codices
3062 5334 3385 5389 Barberinus
3447 5345 3502 5389 et

1964 5403 2308 5468 Bodleianus;
2342 5403 2506 5457 editio
2524 5404 2723 5472 lluetii,
2748 5403 3153 5472 βαπτισάμενοι.

2209 5474 2302 5535 Ὡς
2348 5471 2579 5535 Λουκᾶς
2628 5470 2844 5539 φησιν,
2888 5470 2996 5524 θιο.
3051 5470 3174 5539 Haec
3235 5470 3502 5539 habentur
