3880 6186
575 397 675 453 251

2016 393 2331 450 ORIGENIS

578 507 748 574 regio,
785 516 836 559 et
878 505 1302 575 Hierosolymita‘.
1344 519 1551 570 omnes,
1597 515 1652 561 et
1700 506 2105 575 baptizabantur

2203 504 2318 564 τίας
2345 503 2537 557 αὐτῶν·
2568 524 2583 555 ι
2607 503 2738 557 Οὔτε
2765 504 2943 574 μέντοι
2966 506 3251 567 Ματθαῖος
3295 503 3430 563 τοὺς
3460 501 3657 569 Φαρισ

578 598 646 648 ab
679 596 789 662 ipso
815 594 866 646 in
892 592 1124 647 Jordane
1152 593 1335 655 lluvio,
1364 595 1918 661 conﬁtentespeccala
1942 608 2055 645 sua.
2080 610 2098 643 ι

576 685 835 737 Caeterum
856 695 1026 751 neque
1049 682 1329 737 Matthteus
1354 682 1653 737 Pharisaeos
1683 693 1736 737 et
1765 683 2102 745 Sadduczeos,

573 772 766 839 quibus
798 773 1033 826 dicitur:
1085 792 1104 825 ι
1138 773 1426 843 Progenies
1458 774 1759 840 viperarum
1797 775 1837 837 ³,
1877 792 1893 823 ι
1937 787 2107 839 neque

574 857 744 912 Lucas
775 860 957 915 turbas
979 864 1218 914 eamdem
1253 861 1671 929 increpationem
1704 861 1917 914 amlisse
1947 861 2105 914 indu-

569 956 701 1001 cunt
729 948 1041 1003 conﬁtentes
1064 958 1283 1017 peccata
1312 963 1430 1003 sua.
1465 948 1597 1002 lllud
1621 964 1751 1003 vero
1777 950 2108 1002 dubitatione

569 1035 789 1106 dignum
819 1048 925 1101 est,
954 1040 1241 1107 quomodo,
1284 1054 1403 1091 cum
1438 1047 1542 1092 tota
1582 1038 2107 1106 liierosolymitarum

571 1127 724 1191 urbs,
756 1137 809 1181 et
842 1137 949 1181 tota
980 1128 1183 1189 Judtea,
1217 1135 1271 1179 et
1300 1136 1405 1179 tota
1436 1127 1581 1195 regio
1618 1126 1836 1179 .lurdaui
1887 1127 2108 1179 liuitima

573 1216 983 1285 baptizarentur
1012 1218 1065 1269 in
1089 1216 1327 1271 Jordane
1349 1232 1377 1268 a
1402 1216 1627 1278 Joanne,
1657 1216 1912 1268 Servator
1931 1216 2108 1268 dicat:

577 1322 597 1355 ε
640 1305 799 1360 Venit
827 1304 1062 1360 Joannes
1096 1306 1335 1374 Baptista
1366 1319 1535 1371 neque
1567 1305 1911 1364 manducaus,
1941 1318 2111 1371 neque

573 1393 780 1458 bibens,
825 1404 878 1446 et
906 1393 1117 1447 dicitis:
1154 1393 1479 1446 Danuonium
1511 1393 1671 1445 habet
1701 1392 1721 1423 ⁸
1748 1410 1762 1457 ;
1795 1411 1812 1442 ι
1848 1403 1899 1445 et
1950 1394 2112 1446 inter-

573 1480 928 1551 rogantibus:
964 1498 984 1532 α
1016 1482 1069 1533 In
1098 1496 1201 1548 qua
1235 1490 1499 1549 potestate
1536 1482 1648 1534 inec
1696 1482 1828 1537 facis
1854 1482 1873 1512 '
1901 1482 1923 1535 7
1960 1500 1979 1532 ι
2031 1483 2113 1535 di-

572 1573 685 1625 cit:
734 1590 752 1623 ι
785 1571 1128 1641 lnterrogabo
1156 1581 1208 1625 et
1238 1588 1335 1641 ego
1355 1587 1447 1627 vos
1484 1589 1645 1627 unum
1676 1574 1896 1626 verbum
1924 1589 1939 1636 ;
1970 1573 2112 1641 quod

574 1659 619 1711 si
663 1659 907 1713 dixeritis
954 1659 1104 1724 mihi,
1153 1660 1326 1712 dicam
1360 1662 1523 1713 etiam
1568 1675 1667 1729 ego
1709 1661 1880 1722 vobis,
1917 1659 1970 1713 in
2010 1673 2112 1727 qua

2204 596 2294 646 καὶ
2311 596 2706 661 Σαδδουκαίους,
2734 598 2865 668 πρὸς
2886 596 2978 659 οὓς
3003 596 3249 663 λέγεται,
3275 613 3294 643 ι
3321 592 3504 660 Γεννή
3516 606 3658 659 ματα

2203 684 2355 747 δνῶν,
2390 704 2407 735 ι
2433 684 2551 737 οὔτε
2572 686 2780 748 Λουκᾶς
2807 688 2928 748 τοὺς
2944 686 3137 754 ὄχλους
3161 684 3266 753 τὴν
3290 681 3479 750 αὐτὴν
3509 678 3658 731 ὲπίπ

2205 773 2495 834 ἀκούοντας
2518 773 2808 839 εἰσάγουσι,
2833 771 3364 842 ἐξομολογουμένους
3388 766 3502 829 τὰς
3526 767 3656 835 ἁμα

2206 862 2402 914 αὐτῶν.
2440 862 2620 927 Ἀξιον
2650 863 2705 915 δὲ
2750 863 3096 932 ὲπαπορῆσαι
3141 859 3286 922 πῶς,
3319 857 3523 927 πάσης
3553 856 3658 924 τῆς

2211 951 2567 1021 ροσολυμιτῶν
2613 952 2835 1015 πόλεως,
2865 952 2957 1003 καὶ
3001 951 3182 1019 πάσης
3218 949 3322 1017 τῆς
3369 945 3658 1007 ἰουδαίας

2208 1040 2383 1107 πάσης
2418 1041 2516 1109 τῆς
2557 1040 2861 1111 περιχώρου
2899 1039 2990 1093 τοῦ
3038 1038 3309 1107 Ἰορδάνου
3364 1034 3658 1105 βαπτιζοι.

2208 1129 2265 1180 ἐν
2324 1128 2398 1197 τῷ
2464 1129 2698 1200 Ἰορδάνῃ
2747 1130 2872 1193 ὑπὸ,
2916 1128 3185 1191 Ἰωάννου,
3249 1126 3279 1176 ὁ
3335 1124 3549 1192 Σωτήρ
3602 1138 3658 1187 Cp:

2216 1238 2233 1269 ‹
2280 1218 2560 1288 Ἐλήλυθεν
2607 1221 2635 1270 ὁ
2679 1218 2926 1286 Ἰωάννης
2953 1220 2982 1270 ὀ
3011 1214 3352 1283 Βαπτιστὴς,
3397 1214 3554 1282 μήτε
3585 1212 3656 1262 ἐσ

2214 1309 2345 1377 μήτε
2378 1309 2563 1371 πίνων,
2594 1309 2685 1360 καὶ
2713 1307 2898 1373 λέγετε
2919 1324 2931 1336 ·
2964 1306 3251 1376 Δαιμόνιον
3283 1304 3407 1372 ἔχει
3427 1319 3442 1332 ·
3485 1320 3506 1352 r
3540 1300 3647 1352 καὶ

2209 1398 2332 1458 τοὺς
2360 1396 2716 1466 πυθομένους·
2749 1415 2766 1445 ι
2808 1397 2893 1448 Ἐν
2924 1395 3051 1464 ποίᾳ
3075 1393 3295 1463 ἐξουσίᾳ
3314 1391 3508 1444 ταῦτα
3539 1406 3658 1441 ποιε

2210 1486 2374 1553 λέγει·
2405 1504 2422 1535 ι
2448 1484 2613 1552 Κάγὼ
2631 1485 2886 1555 ἐρωτήσω
2907 1485 3050 1553 ὑμᾶς
3073 1484 3170 1535 ἕνα
3190 1482 3379 1549 λόγον,
3403 1480 3473 1533 ὃν
3502 1479 3607 1532 ἐὰν
3624 1496 3652 1530 ε

2215 1591 2324 1639 μοι,
2368 1573 2519 1641 κάγὼ
2559 1575 2686 1642 ὑμῖν
2728 1574 2858 1642 ἐρῶ,
2893 1575 2951 1625 ἐν
2985 1572 3113 1641 ποίᾳ
3157 1570 3388 1639 ἐξουσίᾳ
3421 1568 3621 1621 ταῦτα
3655 1590 3657 1597 ι

2213 1659 2284 1709 Τὸ
2336 1658 2609 1728 βάπτισμα
2653 1660 2713 1711 τὸ
2776 1659 3018 1711 Ἰωάννου
3067 1658 3231 1711 πόθεν
3264 1654 3374 1727 ἦν;
3427 1657 3494 1723 ἐξ
3550 1657 3658 1725 οὐρ

574 1755 835 1815 potestate
867 1749 983 1801 luec
1017 1748 1175 1801 facio.
1215 1746 1514 1815 Baptismus
1536 1749 1754 1803 Joannis
1784 1750 1921 1802 unde
1950 1757 2062 1802 erat
2089 1747 2113 1799 ?

2213 1747 2246 1815 ἢ
2282 1748 2387 1817 ('57)
2432 1748 2488 1813 ἐξ
2520 1748 2851 1818 άνθρώπωνς
2878 1748 2967 1799 ὅτε
3001 1748 3096 1799 καὶ
3127 1744 3591 1815 διαλογιζόμενοι
3627 1760 3658 1810 (ε

573 1853 608 1894 e
646 1839 782 1893 cmlo
826 1855 893 1893 an
934 1855 998 1893 ex
1042 1840 1343 1895 hominibus
1389 1841 1472 1894 ‘1'
1505 1860 1521 1892 ι
1582 1843 1798 1911 quando
1843 1852 1896 1897 et
1942 1843 2112 1897 disce-

574 1934 791 1994 ptantes
827 1927 1111 1994 inquiunt:
1149 1944 1166 1977 ι
1195 1926 1250 1980 Si
1286 1929 1600 1993 dixerimus,
1642 1944 1672 1983 e
1722 1930 1878 1995 coelo,
1920 1931 2060 1985 dicet
2096 1948 2109 1983 :

573 2014 750 2080 Quare
786 2030 892 2069 non
916 2018 1220 2072 credidistis
1244 2018 1315 2071 illi
1340 2019 1406 2070 '7
1436 2037 1455 2069 ι
1498 2018 1603 2073 Sed
1640 2020 1864 2073 solvitur
1892 2020 2032 2073 hunc
2060 2021 2112 2074 in

579 2105 792 2159 modum
833 2105 1096 2159 dubitatio
1134 2122 1149 2159 :
1183 2105 1460 2169 Pharisaei,
1506 2116 1564 2160 ut
1602 2118 1756 2161 antea
1807 2109 2113 2163 observavi-

578 2208 721 2259 mus,
756 2195 846 2262 qui
879 2194 1177 2259 audierant,
1208 2214 1225 2246 ι
1254 2195 1545 2265 Progenies
1574 2197 1904 2265 viperarum,
1948 2200 1968 2249 ἰ
2018 2213 2115 2253 nec

576 2281 651 2335 illi
681 2282 1043 2352 crediderant,
1074 2287 1335 2341 accedunt
1359 2287 1423 2339 ad
1457 2287 1800 2355 baptismum,
1839 2287 2113 2352 timentes,

574 2372 649 2423 uti
678 2373 953 2440 probabile
979 2388 1082 2439 est,
1110 2378 1341 2441 turbam,
1377 2386 1539 2445 atque
1560 2387 1775 2446 propter
1804 2377 1921 2432 illos
1949 2379 2086 2431 simu

575 2458 687 2515 late
722 2461 962 2517 volentes
1013 2463 1204 2528 lavari,
1257 2479 1324 2518 ne
1377 2473 1454 2519 tot
1490 2466 1797 2520 hominibus
1846 2466 2114 2519 adversari

576 2547 909 2602 viderentur.
941 2549 1245 2605 Seutientes
1272 2552 1433 2619 igitur
1480 2553 1655 2621 ipsum
1686 2552 1753 2606 ab
1787 2551 2113 2616 hominibus,

580 2650 686 2691 non
720 2650 751 2690 e
780 2637 919 2690 coelo
949 2639 1146 2692 habere
1174 2640 1518 2707 baptismum,
1552 2642 1739 2695 timent
1768 2639 1909 2709 quod
1940 2640 2117 2707 suspi-

579 2734 773 2779 cantur
799 2727 998 2791 dicere,
1050 2743 1116 2782 ne
1166 2728 1305 2784 forte
1351 2730 1651 2800 lapideutur
1676 2745 1705 2784 a
1736 2730 1911 2783 turba.
1943 2730 2118 2795 Quare

577 2830 697 2883 qua:
725 2815 979 2871 Servator
1002 2817 1285 2876 Pharisasis
1315 2822 1528 2875 locutus
1553 2828 1654 2884 est,
1696 2820 1967 2874 contraria
2009 2835 2115 2873 non

582 2912 707 2957 sunt
737 2904 821 2959 bis
852 2919 969 2974 qua:
992 2909 1190 2977 scripta
1219 2910 1435 2963 fuerunt
1465 2910 1516 2963 in
1546 2908 1850 2977 Evangeliis
1883 2909 1950 2962 de
1980 2907 2116 2961 mul-

582 2993 811 3048 titudine
833 3009 1016 3050 eorum
1041 2998 1131 3065 qui
1155 2999 1294 3066 apud
1312 2997 1571 3052 Joannem
1598 2996 1855 3065 baptizati
1880 2994 2114 3060 fuerunt,

579 3095 703 3134 cum
748 3080 943 3151 alioqui
982 3084 1297 3137 temeritatis
1332 3084 1722 3138 Pharisaeorum
1754 3083 1913 3136 luerit
1940 3082 2118 3136 dicere

581 3164 839 3220 Joannem
867 3167 1065 3222 habere
1095 3169 1429 3232 daemonium,
1460 3180 1514 3225 et
1539 3169 1721 3226 Jesum
1755 3171 1808 3224 in
1839 3169 2116 3226 Beelzebul

582 3254 967 3310 daemoniorum
994 3258 1233 3325 principe
1260 3259 1493 3313 virtutes
1520 3259 1751 3314 edidisse
1774 3259 1818 3316 ⁵.

656 3352 741 3407 i5.
766 3350 1039 3418 Respondit
1098 3348 1205 3401 illis
1263 3347 1522 3409 Joannes,
1575 3347 1773 3399 dicens:
1826 3346 1932 3416 Ego
1993 3348 2109 3416 qui-

586 3443 700 3496 dem
741 3442 942 3509 baptizo
991 3455 1076 3492 vos
1120 3440 1173 3490 in
1220 3453 1397 3507 aqua:
1431 3438 1484 3490 in
1521 3438 1687 3489 medio
1741 3445 1914 3490 autem
1961 3439 2111 3491 vestri

585 3539 709 3594 stat,
738 3546 886 3599 quem
934 3544 1019 3581 vos
1062 3527 1280 3580 nescitis.
1312 3526 1426 3594 Ipse
1465 3535 1557 3589 est,
1594 3527 1682 3596 qui
1719 3535 1829 3594 post
1864 3544 1944 3580 me
1989 3544 2110 3580 ven-

587 3630 733 3671 turus
786 3625 886 3682 est,
937 3616 1081 3683 cujus
1132 3630 1229 3667 non
1285 3630 1397 3666 sum
1435 3615 1616 3682 dignus
1666 3624 1723 3666 ut
1767 3614 1960 3668 solvam
2000 3615 2111 3682 ejus

586 3707 861 3777 corrigiam
907 3705 1234 3759 calceamenti
1261 3704 1303 3757 ’.
1338 3704 1594 3772 Equidem
1653 3704 1949 3758 Heracleon
1996 3705 2111 3758 exi-

585 3796 763 3849 stimat
806 3794 1062 3849 Joannem
1120 3793 1443 3862 respondere
1496 3794 1581 3847 his
1619 3793 1709 3861 qui
1751 3808 1780 3846 a
1826 3794 2110 3847 Phariszeis

2216 1857 2233 1887 ι
2280 1838 2399 1889 Ἐάν
2428 1835 2688 1907 εἴπωμεν,
2721 1837 2778 1902 ἐξ
2807 1835 3060 1906 οὐρανοῦ,
3095 1837 3246 1906 ἐρεῖ·
3287 1833 3395 1887 Διὰ
3444 1834 3507 1885 τί
3554 1833 3658 1884 οῦκ

2215 1924 2466 1977 οτεύσατε
2489 1924 2665 1994 αὐτῷ;
2701 1942 2719 1975 ι
2754 1924 2951 1977 Λύεται
2980 1924 3037 1976 δὲ
3060 1924 3122 1976 τὸ
3148 1923 3441 1993 ἀπορηθὲν
3469 1921 3658 1984 οὕτως

2217 2016 2425 2082 ρισαῖοι,
2463 2014 2537 2076 ὼς
2569 2014 3078 2083 προτετηρήκαμεν,
3109 2015 3157 2066 οἱ
3195 2011 3580 2074 ἀκούσαντες,
3633 2029 3652 2059 ι

2212 2107 2421 2173 νήματα
2437 2103 2673 2172 ἐχιδνῶν,
2688 2105 2772 2156 »οὐ
2790 2102 3211 2165 πεπιστευκότες
3225 2100 3385 2171 αὐτῷ
3404 2118 3490 2153 πα
3497 2100 3658 2171 ραγίκ

2214 2194 2304 2245 ἐπὶ
2340 2194 2400 2246 τὸ
2428 2193 2726 2263 βάπτισμα,
2768 2195 2935 2257 εἰκὸς,
2981 2193 3063 2245 ὅτι
3101 2192 3193 2245 τὸν
3238 2191 3407 2261 ὄχλον
3451 2190 3658 2259 φοϐούι

2213 2283 2304 2335 καὶ
2353 2281 2492 2335 κατά
2542 2284 2641 2352 τὴν
2693 2282 2830 2352 πρὸς
2875 2282 3117 2345 ἐκείνους
3163 2282 3473 2351 ὑπόκρισιν
3533 2279 3658 2344 άξιο

2213 2371 2520 2434 λούσασθαι,
2551 2372 2639 2423 ἵνα
2681 2371 2752 2441 μὴ
2802 2372 3008 2425 δοκοῖεν
3039 2370 3430 2424 ἐναντιοῦσθαι
3474 2373 3601 2433 τοῖς
3630 2388 3658 2423 τ

2214 2476 2340 2522 τοις.
2380 2458 2699 2530 Φρονοῦντες
2734 2458 2863 2526 γοῦν
2908 2459 3070 2513 αὑτὸν
3120 2461 3217 2513 ἀπ’
3258 2458 3598 2529 ἀνθρώπων
3652 2463 3658 2508 i

2215 2551 2307 2604 καὶ
2341 2551 2439 2603 οὐκ
2476 2552 2569 2605 ἀπ’
2610 2548 2840 2621 οὐρανοῦ
2884 2550 2947 2602 τὸ
2988 2548 3294 2618 βαπτίζειν,
3333 2548 3431 2601 διὰ
3486 2550 3590 2601 τὸν
3636 2550 3658 2601 ε

2220 2644 2425 2711 μήποτε
2450 2639 2791 2705 λιθασθῶσιν,
2819 2638 3110 2708 φοϐοῦνται
3142 2639 3282 2708 ὅπερ
3310 2638 3658 2708 ὑπολαμϐάκ

2217 2734 2409 2785 εἰπεῖν·
2432 2730 2571 2783 ὥστε
2603 2730 2702 2783 οὐκ
2726 2727 3064 2783 ἐναντιοῦται
3094 2727 3200 2780 ὑπὸ
3225 2726 3321 2779 τοῦ
3355 2728 3642 2797 Σωτῆρος

2222 2823 2354 2892 μένα
2393 2820 2526 2890 πρὸς
2566 2820 2692 2881 τοὺς
2734 2818 3078 2889 Φαρισαίους,
3120 2819 3235 2880 τοῖς
3269 2818 3658 2888 άναγεγραμι

2217 2913 2273 2962 ἐν
2299 2912 2409 2973 τοῖς
2445 2908 2795 2977 Εὐαγγελίοις
2818 2908 2947 2977 περὶ
2975 2906 3069 2960 τοῦ
3107 2905 3350 2976 πλήθους
3400 2906 3523 2960 τῶν
3558 2925 3658 2979 παι

2230 3001 2446 3068 Ἰωάννῃ
2491 2997 2939 3068 βαπτισαμένων·
3001 2994 3095 3047 τοῦ
3130 2994 3374 3066 θράσους
3399 2994 3466 3048 δὲ
3511 2996 3631 3047 τῶν

2224 3088 2385 3140 σαίων
2428 3083 2494 3157 ἦν
2526 3086 2802 3156 δαιμόνιον
2833 3084 2977 3153 ἔχειν
3017 3082 3199 3152 λέγειν
3246 3082 3342 3135 τὸν
3395 3083 3656 3155 Ἰωάννηη

2218 3180 2276 3232 ἐν
2308 3177 2629 3241 Βεελζεϐοὺλ
2658 3176 2738 3245 τῷ
2776 3175 2997 3246 ἄρχοντι
3025 3173 3134 3226 τῶν
3175 3173 3487 3243 δαιμονίων
3520 3176 3630 3239 τὰς

2221 3283 2339 3335 μεις
2365 3267 2589 3335 φάσκειν
2615 3265 2707 3317 τὸν
2747 3262 2955 3334 Ἰησοῦν
2984 3262 3371 3331 πεποιηκέναι.

2294 3359 2377 3411 15.
2410 3355 2777 3423 Ἀπεκρίνατο
2804 3349 3006 3416 αὐτοῖς
3030 3354 3063 3405 ὁ
3091 3350 3376 3415 Ἰωάννης
3405 3350 3643 3418 λέσιυν·

2221 3445 2478 3513 βαπτίζω
2491 3447 2558 3499 ἐν
2573 3445 2758 3497 ὕδατι·
2772 3442 2962 3512 μέσος
2982 3440 3051 3493 δὲ
3065 3438 3231 3508 ὑμῶν
3248 3438 3524 3506 ἕστηκεν
3539 3439 3619 3492 ὃν
3640 3456 3656 3491 1

2225 3538 2333 3590 οὐκ
2355 3535 2568 3588 οἴδατε.
2600 3532 2790 3596 Αὐτός
2812 3531 2982 3585 ἐστιν
3009 3532 3043 3583 ὁ
3072 3530 3262 3581 ὀπίσω
3292 3544 3419 3595 μου
3443 3527 3656 3595 ἐρχόμι

2227 3621 2296 3680 οὗ
2323 3626 2430 3677 οὐκ
2451 3623 2563 3690 ειμι
2588 3621 2700 3690 ἐγὼ
2720 3621 2888 3684 ἄξιος
2907 3620 3007 3672 ἵνα
3025 3619 3193 3672 ⁵λύσω
3220 3616 3411 3669 αὐτοῦ
3446 3617 3568 3669 τὸν
3590 3620 3656 3684 ίμ

2230 3714 2332 3767 τοῦ
2364 3712 2753 3776 ὑποδήματος.
2783 3710 2840 3762 '0
2870 3709 2966 3779 μὲν
2997 3706 3303 3778 ’Πρακλέων
3328 3705 3539 3771 οῐεται,
3561 3706 3653 3757 δτι

2232 3802 2467 3871 κρίνεται
2490 3800 2519 3852 ὁ
2544 3799 2792 3868 Ἰωάννης
2827 3800 2939 3859 τοῖς
2984 3797 3049 3848 ἐκ
3067 3794 3172 3848 τῶν
3195 3792 3519 3862 Φαρισαίων
3540 3809 3654 3861 περ

590 3874 737 3959 missi
779 3872 1015 3937 fuerant,
1052 3875 1194 3941 quod
1239 3876 1352 3945 ipse
1394 3876 1623 3942 volebat,
1665 3890 1771 3931 non
1808 3877 1874 3931 ad
1901 3877 1951 3931 id
1982 3877 2114 3946 quod

2234 3909 2336 3954 σιν,
2358 3892 2417 3943 οὐ
2458 3889 2590 3959 πρὸς
2613 3888 2641 3941 δ
2669 3889 2863 3941 ἐκείνοι
2894 3887 3211 3956 ἐπηρώτων,
3241 3880 3356 3936 ἀλλ’
3387 3881 3421 3933 ὃ
3452 3882 3634 3945 αὐτὸς

587 3956 661 4011 illi
709 3958 1207 4027 interrogaverunt,
1265 3978 1370 4017 non
1422 3964 1706 4018 advertens
1761 3979 1820 4018 se
1877 3965 2114 4019 incusare

2234 3980 2369 4035 λετο.
2396 3956 2582 4030 ἑαυτὸν
2609 3976 2879 4029 λανθάνων
2897 4014 2912 4037 ,
2944 3975 3025 4027 δτι
3058 3971 3351 4040 κατηγορεῖ
3374 3970 3480 4024 τοῦ
3518 3988 3654 4042 προ(

584 4048 896 4117 prophetam
938 4050 1184 4115 inscitim,
1241 4052 1286 4104 si
1323 4051 1466 4105 aliud
1510 4052 1896 4121 interrogatus,
1948 4053 2014 4106 de
2065 4066 2114 4105 re

2223 4056 2474 4127 ἀμαθίας,
2520 4058 2632 4124 εῐγε
2679 4058 2806 4111 ἄλλο
2860 4057 3214 4130 ἐρωτώμενος
3260 4060 3392 4129 περὶ
3444 4060 3629 4112 ἄλλου

585 4136 690 4190 alia
728 4139 1015 4205 respondet
1054 4157 1068 4193 :
1117 4140 1414 4193 cavendum
1460 4140 1602 4193 enim
1656 4140 1812 4193 nobis
1845 4142 1937 4198 fest
1999 4140 2122 4205 hoc,

584 4224 709 4277 dum
763 4225 1140 4293 colloquimur,
1189 4236 1441 4296 tanquam
1499 4228 1709 4281 vitium.
1764 4228 1988 4294 Contra,
2029 4242 2114 4283 nos

2228 4230 2528 4300 κοινολογίᾳ
2592 4232 2895 4301 ἁμάρτημα
2953 4231 3242 4300 τυγχάνον.

590 4311 742 4381 131
778 4312 1007 4369 dicimus
1050 4315 1283 4388 maxime
1326 4317 1623 4385 appositam
1670 4331 1787 4372 esse
1831 4317 2129 4385 responsio-

2226 4145 2484 4215 κρίνεται·
2535 4143 2639 4213 χρὴ
2677 4144 2785 4214 γὰρ
2843 4146 2939 4198 καὶ
2988 4144 3148 4198 τοῦτο
3199 4144 3593 4212 φυλάττεσθαι
3652 4176 3653 4191 ι

3324 4230 3389 4281 Ἦ
3398 4234 3534 4300 μεῖς
3604 4233 3652 4285 δε

2232 4334 2348 4388 μεν,
2399 4319 2479 4370 ὅτι
2532 4317 2763 4389 μάλιστα
2826 4318 2962 4387 πρὸς
3021 4318 3150 4379 ἔπος
3199 4316 3350 4369 ἐστὶν
3406 4318 3447 4386 ἡ
3498 4319 3652 4371 om»

586 4416 730 4455 nem.
760 4400 1000 4470 Namque
1034 4404 1097 4456 ad
1130 4404 1292 4458 illud:
1327 4422 1345 4455 ι
1368 4405 1505 4471 Quid
1529 4420 1658 4475 ergo
1692 4406 1955 4491 baptizas,
1986 4407 2031 4461 si
2065 4418 2114 4460 tu

2232 4408 2371 4477 Πρὸς
2400 4407 2507 4477 γὰρ
2539 4407 2633 4459 τό·
2672 4425 2690 4457 ι
2728 4406 2791 4458 Τί
2845 4402 2937 4459 οῦν
2987 4406 3292 4475 βαπτίζεις,
3343 4406 3391 4455 εί
3445 4406 3519 4458 σὺ
3563 4410 3652 4461 ob:

586 4504 691 4543 non
721 4505 783 4545 es
814 4491 902 4546 ille
946 4493 1192 4549 Christus
1215 4495 1296 4548 “?
1323 4514 1342 4547 ι
1385 4496 1511 4564 quid
1565 4496 1708 4551 aliud
1745 4497 1848 4552 diei
1883 4502 2114 4566 oportuit

2227 4496 2484 4567 Χριστόςς
2527 4514 2545 4546 ι
2573 4495 2625 4547 τί
2654 4494 2780 4547 ἄλλο
2804 4495 2969 4565 ἐχρῆν
2995 4496 3191 4558 εἰπεῖν,
3219 4495 3254 4563 ἦ
3287 4512 3350 4547 τε
3378 4496 3447 4548 τὸ
3479 4497 3627 4551 ἴδιον

584 4593 743 4660 quam
786 4582 1066 4638 ostendere
1109 4585 1369 4652 baptisma
1414 4600 1569 4641 suum
1624 4601 1745 4643 esse
1799 4591 2114 4658 corporalel

2223 4586 2410 4654 στῆναι
2448 4584 2725 4654 βάπτισμα
2757 4583 3214 4655 σωματικώτερον
3246 4604 3313 4642 τυ
3330 4587 3557 4658 ίχάνον·
3582 4607 3606 4641 ‹
3650 4596 3651 4599 “

590 4655 744 4740 iEgo
765 4688 785 4722 ι
834 4672 996 4739 enim,
1049 4674 1242 4743 inquit,
1275 4693 1294 4727 ‹
1319 4675 1533 4746 baptizo
1562 4677 1614 4731 in
1657 4693 1795 4747 aqua
1815 4679 1857 4710 “
1881 4655 1911 4744 ;‘
1930 4697 1949 4731 ι
1975 4695 2125 4735 cum-

587 4773 692 4828 que
720 4761 822 4815 hoc
846 4762 1213 4831 respondisset
1237 4764 1304 4817 ad
1334 4764 1465 4818 illud
1498 4781 1513 4820 :
1545 4783 1564 4817 ι
1589 4765 1725 4831 Quid
1776 4783 1904 4836 ergo
1953 4768 2127 4838 bapti-

593 4850 728 4906 sas?
753 4868 774 4903 ι
805 4851 874 4905 ad
912 4850 1182 4907 alterum:
1221 4852 1319 4907 «Si
1365 4860 1419 4907 tu
1456 4867 1561 4907 non
1600 4867 1658 4909 es
1696 4854 1783 4909 ille
1812 4856 2122 4921 Christus,»

588 4937 772 4994 laudes
799 4950 1014 4996 enarrat
1044 4942 1110 4997 de
1137 4944 1407 5013 praecipua
1435 4959 1497 4999 ae
1522 4945 1847 5009 prmeedenti
1876 4947 2131 5000 substan-

2226 4675 2354 4745 γὰρ.
2375 4677 2593 4746 φησὶν,‹
2618 4674 2859 4742 βαπτίζω
2900 4674 2963 4726 ἐν
2988 4672 3142 4726 ὕδατι
3163 4690 3177 4704 ·
3230 4690 3251 4723 s
3299 4673 3399 4725 καὶ
3441 4675 3621 4728 τοῦτο

2233 4763 2367 4832 πρὸς
2392 4762 2453 4814 τό
2475 4779 2488 4792 ·
2532 4781 2551 4813 ι
2597 4762 2661 4813 Τί
2695 4758 2789 4815 οὖν
2843 4762 3163 4831 βαπτίζειςς
3203 4781 3223 4813 s
3269 4762 3412 4832 πρὸς
3441 4764 3511 4817 τὸ
3540 4765 3649 4818 δεύη

2237 4869 2256 4901 ι
2291 4852 2352 4902 Ei
2405 4849 2467 4900 σὺ
2499 4849 2599 4900 οὐκ
2647 4844 2697 4900 εἴ
2741 4850 2769 4900 ὁ
2812 4848 3066 4918 Χριστὸς,
3106 4866 3125 4898 ι
3172 4847 3496 4916 δοξολογίαν
3550 4868 3650 4921 πει

2229 4939 2640 5009 προηγουμένης
2664 4937 2851 5001 οὐσίας
2871 4938 3105 5009 Χριστοῦ
3131 4939 3433 5008 διηγεῖται,
3473 4939 3567 4993 ὅτι
3600 4941 3650 4993 δι

592 5028 663 5081 tia
692 5029 911 5095 Christi,
953 5046 1144 5099 nempe
1184 5034 1324 5101 quod
1385 5034 1629 5088 Christus
1677 5044 1884 5088 tantum
1936 5035 2114 5087 Viriun‘

2228 5028 2491 5098 τοσαύτην
2519 5028 2652 5098 ἔχει,
2672 5030 2747 5091 ώς
2773 5028 2867 5081 καὶ
2892 5029 3124 5099 ἀόρατος
3157 5023 3300 5081 εἶναι
3331 5031 3400 5097 τῇ
3431 5028 3650 5101 θειότης

592 5112 771 5183 habet,
816 5125 877 5171 ut
919 5118 1200 5174 invisibilis
1238 5120 1399 5174 etiam
1431 5121 1504 5175 sit
1535 5121 1813 5176 divinitate
1836 5136 1958 5185 sua,
1981 5135 2114 5175 omn;

2232 5116 2349 5179 τοῦ,
2383 5116 2569 5187 παρὼν
2599 5120 2762 5171 παντὶ
2799 5117 3091 5188 ἀνθρώπῳ,
3139 5116 3303 5170 ’παντὶ⁵
3347 5116 3406 5170 δέ
3458 5120 3566 5172 καὶ
3606 5120 3650 5172 δί

592 5202 796 5257 homini
829 5218 1083 5272 praesens,
1113 5217 1168 5262 et
1189 5221 1285 5277 per
1313 5208 1618 5263 universum
1644 5208 1829 5264 orbem
1853 5215 2129 5274 extensus;

2235 5208 2422 5278 κόσμῳ
2446 5207 3043 5279 συμπαρεκτεινόμενος
3065 5224 3079 5238 ·
3106 5207 3245 5277 ὅπερ
3271 5204 3546 5274 δηλοῦται
3575 5208 3650 5262 διά

591 5292 733 5359 quod
767 5294 1070 5350 declaratur
1111 5308 1208 5363 per
1253 5294 1423 5350 illud:
1456 5314 1476 5347 ι
1504 5296 1560 5351 ln
1595 5298 1773 5353 medio
1822 5295 1985 5351 vestri
2027 5304 2110 5350 sta

2244 5313 2264 5346 ι
2302 5297 2479 5359 Μέσος
2499 5297 2651 5367 ὑμῶν
2677 5297 2897 5368 ἕστηκε.
2931 5317 2949 5349 ι
2979 5299 3091 5351 Καὶ
3127 5297 3249 5348 ἐπεὶ
3287 5295 3443 5349 οὐδὲν
3498 5299 3556 5348 οἱ
3611 5315 3650 5350 π

661 5446 684 5478 ⁸
719 5446 902 5503 Matth.
932 5445 1098 5513 1",].
1166 5445 1189 5477 ⁵
1217 5446 1404 5500 Matth.
1432 5462 1505 5511 st,
1534 5449 1618 5502 l8.
1688 5450 1711 5482 ⁸
1738 5448 1926 5503 Matth.
1947 5466 2059 5513 ut,
2082 5451 2167 5505 2'5.

574 5530 621 5585 ι,
666 5513 755 5578 96,
779 5513 867 5568 27.
942 5516 985 5547 “
1018 5512 1173 5568 Joan.
1201 5529 1241 5580 ι,
1263 5514 1353 5567 25.
1430 5516 1470 5545 ¹¹
1493 5518 1621 5569 ibid.
1653 5516 1742 5571 26.

2248 5450 2267 5477 ἰ
2302 5447 2427 5502 ibid.
2464 5446 2553 5508 24,
2576 5445 2663 5500 ‘23.
2745 5448 2765 5477 "
2794 5448 2924 5503 ibid.
2962 5449 3052 5506 26.
3131 5452 3152 5481 ⁸
3177 5447 3305 5502 Luc.
3337 5463 3414 5513 tu,
3440 5444 3538 5500 15.
3626 5447 3648 5477 ⁹

662 5647 778 5719 (37)
814 5650 909 5717 ‘EE
940 5652 1213 5718 οὐρανοῦ,
1249 5652 1307 5718 ἦ.
1335 5652 1490 5707 Deest
1527 5653 1581 5707 in
1628 5651 1863 5709 editione
1892 5649 2093 5711 lluetii,
2122 5649 2212 5703 sed
2245 5645 2542 5701 restituitur
2572 5659 2639 5700 ex
2668 5646 2825 5702 codd.
2859 5647 3152 5705 Bodleiano
3180 5657 3232 5701 et
3256 5646 3602 5705 Barberino.
