3880 6180
282 438 398 492 255
1359 429 1710 491 conamur.
1748 436 1819 492 1N
1847 435 2039 494 JOAN.
2077 437 2305 494 TOMUS
2345 438 2434 493 v1.
3408 396 3519 496 εει

289 549 495 610 κῶντες
533 537 768 614 Χριστοῦ
833 545 1154 622 ἐπιδημίαν
1215 550 1490 619 Φαρισαῖοι
1560 550 1874 621 τηλικοῦτον

1982 551 2082 616 ille,
2114 550 2290 622 [quem
2327 566 2423 607 vos
2466 551 2683 607 nescitis
2707 552 2768 607 ¹¹.
2809 551 2932 622 I]Et
2956 536 3367 619 quoniam'nihil
3399 554 3507 609 tale

294 640 435 707 περὶ
472 634 618 690 αὐτοῦ
647 627 879 700 ἑώρων,
940 641 1231 711 ἄνθρωπον.
1279 639 1478 692 τέλειον
1520 638 1669 707 ἆγιον
1716 642 1874 711 μόνον

1982 651 2348 711 exspectantes
2391 642 2587 697 Christi
2637 644 2925 697 adventum
2976 641 3231 697 i‘harismi
3280 645 3346 698 de
3392 646 3507 713 ipso

297 724 759 795 ὑπολαμϐάνοντες
811 726 999 780 αὐτὸν
1031 725 1189 793 εἶναι,
1236 727 1485 798 ἐμμελῶς
1536 728 1745 798 ἐλέγχει
1777 728 1875 799 τὴν

298 816 443 885 περὶ
463 814 557 883 τῆς
580 812 858 883 ὑπεροχῆς
888 817 1064 871 αὑτοῦ
1085 819 1386 889 Φαρισαίων
1412 818 1650 886 ἄγνοιαν,
1668 836 1876 890 προστι-

301 903 433 966 θεὶς
466 903 556 974 τῷ·
585 921 603 952 ‹
635 900 819 965 Μέσος
850 905 1016 975 ὑμῶν
1039 908 1255 979 ἕστηκε,
1297 928 1316 960 ι
1350 909 1409 962 τὸ
1438 929 1455 959 ε
1483 912 1576 961 Ὃν
1601 911 1755 978 ὑμεῖς
1777 911 1875 963 οὐκ

299 992 513 1047 οὶῖατε.
538 1013 554 1044 ι
576 993 683 1045 Καὶ⁸
698 992 786 1045 ἵνα
814 997 892 1065 μή
922 1015 1011 1060 τις
1036 999 1278 1070 ὑπολάϐῃ
1300 1000 1481 1070 ἕτερον
1512 995 1648 1053 εἶναι
1672 1000 1761 1052 τὸν
1782 1001 1875 1054 ἀό-

305 1100 481 1154 ρατον
510 1086 604 1138 καὶ
628 1085 887 1155 διήκοντα
916 1089 1011 1142 ἐπὶ
1038 1091 1210 1143 πάντα
1239 1089 1535 1159 ἄνθρωπον,
1574 1090 1607 1159 ἢ
1649 1090 1740 1142 καὶ
1783 1091 1874 1143 ἐπὶ

300 1175 437 1227 ὅλον
468 1174 558 1228 τὸν
584 1175 807 1244 κόσμον,
841 1177 999 1248 παρὰ
1021 1179 1112 1231 τὸν
1141 1178 1643 1247 ἐνανθρωπήσαντα,
1668 1180 1759 1232 καὶ
1785 1180 1873 1231 ἐπὶ

297 1264 413 1332 τῆς
445 1264 549 1333 γῆς
572 1263 826 1331 ὀφθέντα,
876 1268 972 1319 καὶ
1008 1269 1118 1330 τοῖς
1172 1266 1471 1336 ἀνθρώποις
1516 1285 1873 1338 συναναστρα-

300 1352 507 1419 φέντα,
560 1354 823 1406 συνάπτει
866 1355 978 1424 τῷο
1021 1375 1040 1407 t
1095 1357 1270 1420 Μέσος
1323 1357 1472 1427 ὑμῶν
1526 1359 1769 1427 ἕστηκεν,
1815 1359 1872 1411 ὃν

299 1440 474 1507 ὑμεῖς
506 1441 609 1492 οὐκ
640 1440 840 1505 οἴδατε,
875 1460 894 1492 ι
926 1443 1007 1495 τό·
1048 1462 1065 1495 t
1104 1445 1160 1496 Ὀ
1180 1445 1351 1497 ὀπίσω
1375 1462 1473 1514 μου
1507 1446 1809 1514 ἐρχόμενος,
1850 1466 1866 1495 ι

294 1525 566 1578 τουτέστι
612 1527 732 1596 μετ’
786 1528 887 1596 ἐμὲ
940 1529 1489 1598 φανερωθησόμενος·
1533 1523 1592 1580 οῦ
1631 1530 1721 1580 καὶ
1776 1529 1872 1597 τὴν

301 1617 767 1687 ὑπερϐάλλουσαν
796 1620 1066 1691 ὑπεροχὴν
1111 1620 1306 1681 συνιεὶς
1351 1618 1505 1691 παρὰ.
1539 1618 1634 1688 τὴν
1684 1618 1871 1671 ἑαυτοῦ

299 1702 496 1771 φύσιν,
523 1705 1007 1776 άμφιϐαλλομένην
1049 1705 1153 1758 ὑπό
1191 1721 1367 1769 τινων,
1425 1704 1616 1774 μήποτ’
1643 1703 1727 1773 ἄρ’
1773 1704 1871 1755 αὐ-

299 1791 399 1854 τὸς
425 1791 514 1860 εῐη
548 1792 805 1861 Χριστὸς,
835 1778 957 1845 ὅσον
1006 1790 1348 1845 ἀπολείπεται
1378 1789 1476 1858 τῆς
1513 1788 1603 1840 τοῦ
1641 1788 1869 1857 Χριστοῦ

1973 731 2247 797 videbant,
2286 740 2492 786 tantum
2546 732 2879 799 suspicantes
2917 747 3037 786 eum
3079 747 3201 788 esse
3237 733 3507 789 hominem

1974 833 2241 885 sanetum,
2284 820 2546 874 concinne
2596 821 2867 888 redarguit
2914 820 3306 875 Pharisaeorum
3359 822 3509 890 igno-

1976 912 2226 972 rantiam,
2256 910 2348 977 qui
2387 911 2552 978 ipsius
2593 909 2962 963 excellentiam
3000 911 3339 977 ignorabant,
3377 913 3511 979 adji-

1974 1003 2121 1055 ciens
2149 1014 2164 1053 :
2195 1019 2213 1051 ‹
2237 998 2401 1065 Quem
2432 1014 2523 1053 vos
2554 1000 2797 1063 nescitis,
2827 1017 2843 1049 ι
2866 1000 2970 1053 illis
3005 1002 3221 1056 verbis:
3258 1020 3275 1052 ι
3304 1001 3357 1055 ln
3397 1017 3509 1057 me-

1974 1091 2062 1144 dio
2089 1089 2249 1143 vestri
2296 1097 2422 1142 stat.
2456 1106 2472 1139 i
2505 1088 2572 1141 Et
2603 1103 2669 1142 ne
2703 1089 2823 1156 quis
2852 1089 3151 1156 suspicetur
3180 1106 3300 1144 eum
3327 1093 3418 1160 qui
3443 1091 3513 1146 sit

1976 1176 2281 1241 invisibilis,
2309 1177 2509 1244 quique
2539 1185 2781 1244 penetret
2815 1176 2879 1229 ad
2923 1192 3133 1230 omnem
3168 1180 3434 1233 hominem
3456 1187 3513 1235 et

1973 1265 2037 1316 ad
2067 1273 2232 1317 totum
2269 1263 2546 1328 mundum,
2578 1262 2848 1317 diversum
2878 1279 2996 1317 esse
3019 1265 3085 1318 ab
3109 1278 3172 1318 eo
3205 1268 3292 1332 qui
3322 1265 3511 1320 huma-

1973 1367 2095 1405 nam
2132 1354 2358 1420 sumpsit
2408 1366 2645 1415 carnem,
2683 1362 2735 1405 et
2766 1369 2785 1402 ι
2815 1366 2976 1420 super
3008 1362 3200 1419 terram
3240 1364 3322 1409 est
3345 1356 3510 1421 visus,

1972 1450 2175 1495 etcum
2228 1440 2532 1493 hominibus
2586 1450 2668 1493 est
2718 1443 3189 1510 conversatus”,i
3240 1445 3514 1514 conjungit

1975 1527 2077 1581 illis
2098 1528 2276 1581 verbis
2307 1546 2319 1582 :
2354 1546 2371 1578 ι
2397 1530 2453 1581 In
2484 1529 2659 1582 medio
2686 1530 2850 1584 vestri
2877 1539 3000 1593 stat,
3032 1546 3191 1599 quem
3218 1547 3316 1588 vos
3342 1536 3514 1588 nesei-

1975 1615 2081 1680 tis;
2113 1633 2133 1666 ι
2164 1615 2292 1670 illud
2324 1635 2338 1671 :
2375 1633 2393 1666 t
2422 1616 2520 1682 Qui
2555 1626 2674 1684 post
2716 1632 2800 1670 me
2830 1627 3087 1673 venturus
3117 1629 3198 1674 est
3234 1620 3296 1685 “,
3342 1639 3360 1673 ι
3412 1623 3513 1675 hoc

1971 1713 2074 1770 est,
2104 1706 2192 1773 qui
2221 1716 2341 1773 post
2370 1721 2452 1760 me
2483 1706 2905 1762 manifestandus
2943 1718 3043 1763 est.
3071 1710 3233 1777 Cujus
3255 1726 3374 1765 cum
3405 1727 3503 1765 ex-

1972 1796 2194 1849 cedente
2263 1806 2317 1850 et
2379 1808 2739 1864 exsuperante
2787 1798 3109 1853 excellentia
3164 1800 3516 1855 intellexisset

304 1881 741 1951 μεγαλειότητος
791 1883 1135 1952 παραστῆσαι
1169 1880 1505 1949 βουλόμενος,
1553 1878 1636 1930 ἵνα
1675 1878 1745 1948 μή
1791 1893 1874 1940 τις

1982 1884 2202 1940 Ioannes
2248 1901 2396 1941 suain
2450 1890 2613 1957 ipsius
2653 1899 2897 1944 naturain
2938 1893 3203 1961 superari,
3243 1892 3312 1946 ob
3353 1907 3513 1960 quam

300 1973 391 2034 είς
422 1972 590 2025 αὑτὸν
618 1972 904 2040 λογίσηται
935 1971 1073 2039 ὑπὲρ
1103 1972 1131 2023 ὃ
1172 1971 1373 2040 βλέπει,
1400 1970 1432 2038 ἢ
1479 1968 1659 2021 ἀκούει
1691 1966 1749 2030 ἐξ
1775 1967 1873 2018 αὐ-

301 2059 427 2122 τοῦ,
462 2059 617 2127 λέγει
648 2061 745 2112 καὶ
771 2060 831 2112 τό
850 2075 865 2090 ·
907 2080 925 2109 ι
956 2055 1028 2113 Ub
1054 2057 1151 2111 ciu.
1171 2061 1282 2128 είμί
1304 2057 1411 2125 ἐγὼ
1449 2058 1594 2123 ἄξιος
1621 2058 1707 2110 ἵνα
1732 2056 1875 2109 λύσω

305 2147 482 2200 αὐτοῦ
508 2148 605 2203 τὸν
645 2148 845 2218 ἱμάντα
865 2148 959 2200 τοῦ
983 2149 1342 2218 ὑποδήματος,
1375 2165 1394 2198 ›
1425 2147 1785 2215 αἰνιττόμενος
1816 2147 1877 2198 τὸ

302 2240 410 2308 οὐχ
434 2239 622 2302 ἱκανὸς
651 2235 791 2291 εἶναι
830 2239 921 2291 τὸν
950 2238 1075 2309 περὶ
1106 2238 1204 2307 τῆς
1242 2238 1671 2308 ὲνσωματώσεως
1717 2237 1875 2291 αὑτοῦ

301 2328 468 2396 λόγον
502 2327 691 2399 (οἱονεὶ
733 2328 1029 2398 δεδεμένον,
1082 2329 1173 2380 καὶ
1214 2329 1588 2398 κεκρυμμένον
1637 2332 1746 2391 τοῖς
1800 2330 1874 2399 μὴ

301 2415 539 2487 νοοῦσι),
566 2416 727 2469 λῦσαι
757 2418 850 2469 καὶ
874 2415 1183 2485 σαφηνίσαι,
1224 2415 1361 2467 ὥστε
1397 2416 1543 2480 ἄξιόν
1563 2434 1614 2468 τι
1658 2418 1752 2486 τῆς
1789 2435 1876 2469 το-

304 2504 519 2575 σαύτης
544 2504 842 2575 ἐπιδημίας
869 2505 948 2567 είς
965 2503 1105 2558 οὕτω
1131 2503 1441 2574 βραχύτητα
1454 2505 1876 2575 συνεσταλμένης

303 2597 511 2648 εἰπεῖν.

1977 1976 2320 2045 ambigebant
2353 1978 2590 2031 nonnulli
2622 1994 2687 2031 an
2721 1980 2833 2048 ipse
2861 1990 3005 2034 esset
3041 1980 3304 2045 Christus,
3333 1992 3515 2036 osten-

1979 2064 2108 2116 dere
2135 2063 2319 2117 volens
2345 2075 2548 2131 quanto
2578 2066 2800 2119 inferior
2826 2078 2967 2120 esset
3013 2067 3213 2121 Christi
3246 2070 3515 2137 magnitu-

1975 2150 2121 2217 dine,
2162 2167 2229 2205 ne
2259 2153 2378 2220 quis
2402 2153 2468 2206 de
2499 2168 2556 2207 se
2584 2155 2837 2221 cogitaret
2868 2155 3068 2222 aliquid
3100 2170 3259 2224 supra
3295 2156 3345 2209 id
3371 2159 3515 2225 quod

1985 2238 2131 2291 videt
2168 2248 2260 2291 aut
2298 2239 2445 2292 audit
2494 2255 2522 2292 a
2568 2241 2883 2308 semetipso,
2936 2242 3065 2293 dicit
3115 2244 3277 2295 etiam
3331 2241 3510 2295 illud:

1980 2343 1998 2376 Ι
2021 2324 2181 2393 Cujus
2210 2342 2313 2381 non
2355 2342 2471 2381 sum
2506 2343 2604 2397 ego
2633 2329 2824 2398 dignus
2854 2340 2910 2382 ut
2939 2329 3141 2383 solvam
3172 2332 3286 2395 ejus
3331 2318 3529 2385 eorri-I

1973 2415 2111 2482 giam
2131 2415 2475 2471 ealeeamenti
2512 2418 2578 2482 ⁸⁸,
2604 2436 2621 2469 ι
2658 2418 2782 2472 illud
2808 2419 3036 2471 innuens
3067 2433 3125 2473 se
3150 2420 3366 2474 tninime
3396 2420 3512 2476 ido—

1979 2520 2137 2558 neum
2174 2520 2292 2560 esse
2322 2508 2412 2574 qui
2446 2509 2512 2562 de
2535 2508 2698 2581 ipsius
2724 2508 2919 2563 Christi
2966 2510 3396 2578 incorporatione
3428 2526 3518 2565 ra-

1976 2594 2172 2646 tionem
2200 2594 2340 2666 (quae
2372 2596 2534 2650 veluti
2577 2598 2737 2667 ligata
2778 2608 2860 2653 est
2896 2609 2950 2652 et
2992 2600 3257 2654 occultata
3302 2615 3403 2654 non
3436 2601 3517 2653 in-

307 2684 708 2754 telligentibus)
762 2684 938 2740 solvat
1002 2683 1376 2754 explieetque,
1425 2684 1641 2754 dignum
1695 2683 1895 2752 aliquid
1951 2684 2182 2741 dicendo
2235 2687 2301 2742 de
2351 2696 2499 2742 tanto
2543 2689 2776 2745 adventu
2831 2691 2883 2744 in
2943 2700 3146 2745 tantam
3200 2690 3516 2746 brevitatem

302 2782 612 2829 contracto.

383 2863 472 2916 16.
510 2866 625 2917 Οὐκ
656 2864 881 2934 ἄκαιρον
925 2862 981 2915 δὲ
1009 2860 1347 2927 ἐξετάζουσιν
1377 2863 1507 2931 ἡμῖν
1550 2861 1639 2913 τό·
1672 2880 1690 2912 ί
1744 2860 1882 2928 Ἐγὼ

309 2947 562 3016 βαπτίζω
604 2951 664 3002 ἐν
697 2948 869 3013 ὕδατι,
906 2968 925 2999 ι
958 2949 1053 3011 τὰς
1091 2948 1280 3019 ὁμοίας
1318 2949 1424 3000 τῶν
1477 2947 1881 3015 Εὑαγγελιστῶν

309 3036 664 3105 παραθέσθαι
696 3038 825 3107 περὶ
869 3036 1056 3088 τούτου
1109 3035 1300 3098 λέξεις,
1348 3036 1440 3122 καὶ
1490 3038 1769 3104 συγκρῖναι
1810 3037 1876 3105 τῇ
1903 3066 1945 3122 C

311 3126 675 3199 προκειμένῃ.
714 3126 851 3195 Φησὶ
879 3126 1055 3179 τοίνυν
1094 3127 1122 3178 ὁ
1154 3110 1455 3187 Ματθατᾶς,
1494 3123 1614 3177 ίδὼν
1657 3125 1879 3188 πολλοὺς

309 3214 425 3266 τῶν
451 3212 764 3283 Φαρισαίων
790 3212 884 3265 καὶ
922 3212 1307 3273 Σαδδουκαίων,
1354 3211 1670 3281 ἐρχομένους
1699 3211 1790 3262 ἐπὶ
1820 3211 1878 3263 τὸ

315 3305 603 3374 βάπτισμα
639 3302 802 3371 (μετὰ
829 3302 897 3354 τὰ
937 3299 1304 3370 ἐπιπληκτικά
1352 3299 1477 3368 περὶ
1524 3293 1596 3352 ὧν
1628 3298 1879 3362 ἐξετάσα-

318 3396 466 3467 μεν,)
500 3414 519 3445 ι
575 3392 718 3459 Ἐγὼ
751 3393 850 3462 μὲν
874 3393 1017 3461 ὑμᾶς
1052 3393 1108 3444 ἐν
1131 3390 1280 3443 ὕδατι
1308 3387 1549 3459 βαπτίζω
1594 3390 1674 3450 εἰς
1719 3388 1880 3456 μετά-

315 3502 466 3538 νοιαν
486 3502 502 3517 °
543 3486 572 3537 ό
604 3484 663 3535 δὲ
701 3482 878 3534 ὀπίσω
926 3499 1024 3550 μου
1072 3479 1362 3550 ἐρχόμενος
1404 3475 1742 3547 ἰσχυρότερός
1777 3492 1877 3546 μου

318 3579 487 3640 ἐστὶν,
518 3570 579 3628 οὗ
611 3571 714 3627 οὐκ
746 3575 865 3642 εἱμί
890 3571 1069 3632 ἱκανὸς
1108 3570 1176 3622 τὰ
1223 3569 1538 3638 ὑποδήματα
1583 3568 1874 3637 βαστάσαι·

319 3665 481 3726 αὐτὸς
500 3665 648 3734 ὑμᾶς
676 3662 928 3732 βαπτίσει
954 3663 1011 3712 ἐν
1051 3660 1326 3728 Πνεύματι
1355 3658 1491 3727 ἁγίῳ
1534 3658 1625 3709 καὶ
1652 3656 1811 3726 πυρί·
1856 3676 1873 3707 ι

325 3753 617 3822 σύμφωνον
668 3751 747 3821 τῷ
791 3751 929 3805 κατὰ
963 3751 1208 3819 Ἰωάννην
1255 3748 1416 3815 λόγῳ,
1462 3747 1559 3831 τὴν
1597 3745 1880 3816 ὁμολογίαν

322 3844 417 3897 τοῦ
465 3846 524 3896 ἐν
562 3843 720 3896 ὕδατι
746 3842 1115 3911 βαπτίσματος
1136 3839 1271 3909 πρὸς
1301 3838 1426 3900 τοὺς
1454 3836 1794 3905 πεμφθέντας
1819 3837 1881 3886 ἐκ

321 3933 627 4003 Φαρισαίων
663 3931 890 3998 λέγοντι.
930 3930 988 3980 Ὁ
1051 3928 1106 3979 δέ
1158 3927 1399 3991 Μάρκος,
1432 3944 1449 3975 ι
1500 3923 1816 3993 Ἐκήρυσσε,
1856 3939 1874 3971 ι

322 4023 509 4093 φησὶν,
571 4022 856 4091 Ἰωάννηςσ
894 4018 1096 4086 λέγων·
1153 4018 1407 4086 Ἔρχεται
1460 4017 1488 4066 ό
1541 4011 1881 4082 ἰσχυρότερός

328 4130 427 4182 μου
452 4112 652 4172 ὀπίσω,
668 4105 729 4163 οὗ
740 4109 843 4160 ούκ
867 4107 983 4178 είμὶ
1003 4106 1180 4168 ἱκανὸς
1199 4104 1374 4172 κύψας
1392 4102 1546 4155 λῦσαι
1569 4102 1656 4153 τὸν
1677 4100 1872 4170 ἱμάντα

323 4201 430 4253 τῶν
458 4199 823 4269 ὑποδημάτων
849 4195 1030 4250 αὑτοῦ.
1070 4193 1209 4262 Ἐγὼ
1237 4192 1499 4246 ἐϐάπτισα
1529 4193 1671 4261 ὑμᾶς
1698 4191 1871 4256 ὕδατι,

325 4289 481 4350 αὐτὸς
507 4287 565 4339 δὲ
600 4285 850 4355 βαπτίσει
868 4284 974 4353 (38)
995 4284 1136 4352 ὑμᾶς
1165 4285 1221 4334 ἐν
1243 4280 1515 4349 Πνεύματι
1541 4286 1725 4355 άγίῳ·›
1752 4279 1883 4350 πρὸς

2052 2859 2137 2913 16.
2181 2860 2379 2915 Verum
2441 2861 2716 2918 enimvero
2762 2863 2900 2919 haud
2943 2865 3308 2934 importunum
3358 2865 3517 2919 fuerit

1981 2946 2368 3014 inquirentibus
2399 2948 2553 3003 nobis
2581 2948 2708 3004 illud
2736 2965 2791 3003 ιι
2816 2951 2922 3020 Ego
2940 2951 2993 3004 in
3015 2967 3154 3019 aqua
3176 2952 3387 3020 baptizo
3414 2953 3508 3012 ιθ.»

1980 3038 2194 3101 addere,
2224 3037 2268 3090 si
2291 3039 2418 3106 quid
2446 3039 2619 3093 simile
2654 3041 2717 3094 de
2748 3041 2849 3094 hoc
2888 3041 3122 3097 dixerint
3144 3042 3508 3110 evangelista,

1977 3134 2171 3177 etcum
2203 3138 2262 3178 re
2300 3141 2402 3194 qua
2430 3127 2496 3180 de
2521 3127 2692 3196 agitur
2720 3128 2987 3185 conferre.
3018 3130 3202 3198 Itaque
3228 3130 3511 3185 Matthaeus

1979 3213 2167 3280 inquit,
2196 3227 2317 3266 cum
2367 3218 2742 3282 conspexisset
2798 3218 2992 3272 multos
3032 3233 3099 3273 ex
3134 3219 3421 3275 Pharismis
3461 3232 3517 3276 et

1974 3314 2038 3354 ex
2081 3301 2387 3356 Sadducaeis
2418 3306 2687 3359 venientes
2725 3307 2791 3359 ad
2835 3309 3155 3374 baptismum
3184 3309 3325 3379 (post
3354 3311 3514 3366 verba

1977 3391 2358 3460 inerepatoria,
2385 3393 2449 3446 de
2485 3393 2680 3462 quibus
2722 3397 3162 3468 inquisivinius):
3200 3416 3219 3449 ι
3251 3399 3358 3467 Ego
3404 3401 3518 3466 qui-

1977 3478 2096 3532 dem
2132 3492 2226 3532 vos
2255 3479 2307 3531 in
2335 3494 2469 3547 aqua
2500 3481 2708 3546 baptizo
2729 3482 2794 3533 ad
2829 3482 3253 3549 resipisceutiam
3285 3499 3300 3536 :
3325 3492 3380 3535 at
3407 3482 3514 3546 ille,

1977 3566 2066 3632 qui
2094 3574 2215 3632 post
2246 3580 2329 3619 me
2365 3578 2623 3620 Venturus
2669 3577 2768 3633 est,
2804 3571 3072 3636 potentior
3110 3584 3192 3623 ine
3232 3579 3335 3636 est,
3368 3570 3518 3638 cujus

1979 3668 2082 3706 non
2109 3667 2225 3706 sum
2256 3652 2498 3714 idoneus,
2537 3662 2595 3705 ut
2623 3652 2977 3708 calceamenta
3009 3666 3252 3724 portem:
3284 3658 3397 3727 ipse
3424 3674 3518 3714 vos

1979 3740 2270 3809 baptizabit
2313 3741 2365 3794 in
2419 3740 2622 3809 Spiritu
2662 3754 2850 3798 saneto
2881 3752 2933 3796 et
2961 3740 3069 3813 igni
3096 3745 3139 3776 "
3165 3762 3179 3809 ;
3206 3762 3227 3796 ι
3259 3761 3380 3799 cum
3405 3761 3517 3800 ser-

1981 3846 2137 3895 mone
2173 3830 2394 3886 Joannis
2451 3831 2775 3886 conveniens
2822 3844 3080 3888 narrante
3126 3834 3516 3889 confessionem

1981 3917 2231 3984 baptismi
2265 3917 2314 3969 in
2351 3931 2486 3984 aqua
2512 3917 2578 3969 ad
2612 3932 2704 3971 eos
2737 3919 2829 3986 qui
2876 3919 3026 3973 missi
3056 3920 3265 3974 fuerant
3291 3934 3356 3974 ex
3379 3921 3519 3975 Pha-

1984 4006 2172 4059 risaais.
2199 4008 2269 4059 At
2300 4004 2509 4061 Marcus
2541 4025 2555 4059 :
2593 4026 2610 4058 ι
2635 4006 2982 4072 Pmdieabat,
3006 4004 3261 4074 iinquiw
3284 4009 3520 4065 Joannes

1983 4092 2166 4146 dicens
2203 4090 2418 4157 :Venit,
2455 4094 2544 4161 qui
2583 4093 2771 4147 fortior
2798 4103 2881 4147 est
2923 4109 3026 4160 me,
3059 4104 3178 4161 post
3225 4110 3330 4158 ine,
3367 4096 3520 4163 cujus

1983 4195 2086 4235 non
2143 4181 2297 4250 132
2350 4197 2468 4236 sum
2514 4183 2756 4245 idoneus.
2805 4192 2864 4236 ut
2921 4186 3272 4251 procumbens
3317 4185 3520 4240 solt-am

1985 4272 2268 4339 corrigiam
2308 4272 2793 4327 calceamentorum
2825 4271 2959 4340 ejus.
3000 4274 3110 4342 Ego
3153 4276 3368 4343 quidem
3426 4279 3522 4331 ba-

326 4376 575 4438 πλείονας
609 4376 704 4428 καὶ
731 4373 936 4433 πάντας
960 4372 1081 4432 τοὺς
1111 4368 1403 4429 ἀκούοντας
1433 4367 1692 4421 διδάσκων
1715 4367 1876 4419 ταῦτα

1985 4361 2128 4429 ptizo
2155 4375 2249 4415 vos
2285 4375 2446 4428 aqua,
2476 4361 2565 4415 ille
2589 4377 2713 4417 vero
2760 4362 3046 4430 baptizabi-t
3079 4379 3172 4418 vos
3219 4364 3271 4417 in
3316 4364 3521 4432 Spiritu

326 4465 683 4537 κεκηρύχθαι.
727 4464 783 4514 '0
806 4461 861 4514 δὲ
889 4461 1098 4521 Λουκᾶς
1131 4475 1317 4527 φησιν,
1342 4458 1446 4519 ὅτι,
1478 4456 1877 4526 προσδοκῶντος

325 4556 416 4609 τοῦ
440 4554 594 4617 λαοῦ,
636 4551 731 4604 καὶ
756 4548 1199 4619 διαλογιζομένων
1229 4544 1441 4596 πάντων
1488 4546 1543 4597 ἐν
1586 4547 1701 4607 ταῖς
1750 4562 1878 4615 καρ-

325 4646 462 4707 δίαις
488 4641 671 4696 αὐτῶν
718 4640 844 4709 περὶ
888 4637 981 4690 τοῦ
1026 4637 1288 4697 Ἰωάννου,
1327 4633 1531 4702 μήποτε
1556 4633 1716 4691 αὐτὸς
1746 4634 1827 4702 εἴη
1852 4634 1881 4684 ὁ

326 4736 578 4807 Χριστὸς,
612 4730 943 4802 άτκκρίνατο
965 4728 1136 4795 λέγων
1158 4726 1320 4777 πᾶσιν
1341 4725 1370 4774 ὁ
1412 4723 1659 4792 Ἰωάννης
1679 4738 1721 4772 ’‹
1747 4720 1883 4787 Ἐγὼ

332 4829 424 4896 μὲν
458 4826 617 4878 ὕδατι
650 4821 891 4892 βαπτίζω
915 4820 1060 4888 ὑμᾶς
1082 4832 1096 4847 ’
1147 4815 1359 4886 ἔρχεται
1407 4812 1462 4864 δέ
1490 4815 1518 4865 ὁ
1549 4810 1886 4881 ἰσχυρότερός

332 4932 451 4983 μου,
486 4907 549 4965 οῦ
579 4910 680 4964 οὐκ
709 4911 827 4978 εἰμὶ
868 4906 1050 4967 ἱκανὸς
1095 4903 1254 4955 λῦσαι
1280 4902 1370 4954 τὸν
1399 4902 1594 4969 ἱμάντα
1618 4901 1726 4953 τῶν
1755 4901 1886 4950 ύπο-

327 5003 580 5074 δημάτων
612 4997 804 5052 αὐτοῦ’
845 4995 1018 5056 Αὐτὸς
1058 4993 1202 5062 ὑμᾶς
1246 4990 1492 5060 βαπτίσει
1524 4992 1579 5043 ἐν
1610 4988 1881 5058 Πνεύματι

329 5094 468 5162 ἁγίῳ
486 5091 585 5145 καὶ
610 5087 763 5159 πυρί.
811 5105 831 5138 ι

404 5269 490 5323 17.
523 5267 777 5335 Ἔχοντες
807 5262 989 5316 τοίνυν
1008 5258 1107 5320 τὰς
1136 5256 1323 5325 ὁμοίας
1368 5255 1534 5321 λέξεις
1562 5256 1666 5308 τῶν
1692 5256 1886 5309 τεσσά-

335 5375 464 5430 ρων,
497 5356 631 5427 φέρε
650 5354 789 5408 κατὰ
816 5352 877 5405 τὸ
903 5347 1136 5402 δυνατὸν
1167 5346 1355 5414 ῐδωμεν
1380 5345 1483 5414 ἰδίᾳ
1508 5346 1597 5396 τὸν
1629 5342 1749 5397 νοῦν
1761 5344 1887 5397 ἐκάη

1980 4459 2165 4503 sancto
2189 4450 2266 4513 '3;
2294 4450 2388 4505 iad
2404 4448 2982 4521 complures,etomnes
3005 4454 3279 4506 audientes
3314 4455 3517 4509 docens

1983 4541 2097 4593 haec
2126 4539 2413 4607 praedicata
2446 4538 2628 4593 fuisse.
2663 4540 2892 4595 Rursum
2935 4526 3106 4597 Lucas
3152 4544 3341 4611 inquit,
3381 4547 3523 4612 quod

1982 4637 2325 4697 exspectante
2354 4628 2569 4695 populo,
2600 4637 2654 4681 et
2674 4631 3030 4696 cogitantibus
3055 4633 3300 4684 omnibus
3328 4633 3377 4684 in
3405 4650 3524 4688 cor-

1989 4720 2145 4774 dibus
2195 4720 2307 4773 suis
2351 4718 2415 4772 de
2458 4716 2685 4781 Joanne,
2722 4734 2789 4770 an
2835 4719 2947 4786 ipse
2973 4729 3115 4774 esset
3141 4720 3405 4784 Christus,
3435 4738 3521 4776 re-

1983 4809 2262 4877 sponderit
2292 4808 2526 4862 Joannes
2563 4808 2748 4862 dicens
2777 4808 3042 4861 universis
3072 4826 3085 4861 :
3123 4826 3141 4858 t
3166 4808 3275 4874 Ego
3304 4810 3522 4875 quidem

1987 4912 2125 4966 aqua
2174 4899 2387 4967 baptizo
2422 4912 2541 4959 vos;
2593 4897 2686 4950 sed
2732 4895 2931 4957 veniet,
2978 4895 3069 4962 qui
3124 4894 3394 4963 potentior
3441 4905 3526 4949 est

1985 5004 2090 5054 me,
2119 4988 2270 5056 cujus
2300 5003 2403 5041 non
2450 5002 2565 5040 sum
2598 4987 2820 5041 idoneus
2850 4983 3060 5038 solvere
3103 4982 3383 5049 corrigiam
3413 4986 3522 5038 cal-

1987 5086 2384 5132 ceamentorum
2422 5076 2561 5140 ejus.
2609 5075 2725 5142 Ipse
2764 5086 2857 5126 vos
2906 5071 3200 5139 baptizabit
3237 5070 3290 5123 in
3319 5071 3525 5139 Spiritu

1988 5175 2171 5223 sancto
2191 5175 2245 5219 et
2272 5165 2462 5236 igni".
2494 5183 2513 5220 ι

2062 5256 2149 5309 17.
2191 5254 2457 5309 Tenentes
2506 5254 2663 5322 igitur
2713 5262 2942 5321 quatuor
2969 5249 3420 5321 evangelistarum
3458 5253 3533 5306 si-

1997 5345 2139 5398 milia
2184 5345 2369 5408 verba,
2428 5356 2549 5412 age,
2600 5342 2877 5397 videamus
2934 5356 3034 5410 pro
3093 5336 3236 5393 virili
3282 5349 3536 5394 seorsum

410 5490 790 5606 {'Joan..r,g_6.
864 5524 909 5557 “
934 5517 1333 5577 Barue.nt.58.
1412 5517 1453 5548 “
1475 5517 1626 5570 Joan.
1651 5519 1768 5576 1.2"
1871 5523 1914 5554 ⁸⁸
1942 5521 2070 5577 ibid.
2144 5519 2186 5549 ⁸⁸
2207 5518 2335 5576 ibid.
2356 5518 2444 5575 26.
2523 5518 2561 5549 "
2586 5515 2766 5572 Matth.
2791 5527 2869 5576 Ill,
2903 5512 2987 5565 11.
3078 5512 3121 5543 ⁸⁸
3148 5507 3383 5567 Muret,
3422 5502 3548 5562 ϐιϐ.

348 5603 388 5637 ³⁵
413 5602 543 5657 Luc.
573 5597 769 5663 tn,'16.

413 5714 521 5773 ('58)
542 5708 839 5765 Βαπτίσει.
867 5701 964 5757 Sic
996 5695 1166 5750 codex
1197 5692 1551 5772 Bodleianus;
1577 5692 1734 5747 editio
1755 5691 1876 5749 Huc

1982 5692 2230 5758 ιαπτίζει.
