3880 6180
233 205 334 261 2:57
1306 188 1653 247 COMMENT.
1701 195 1765 249 IN
1805 197 1820 250 ι

1934 199 1994 255 Ν.
2028 199 2260 255 TOMUS
2302 201 2382 256 Ἠ.
3358 210 3462 266 258

233 319 495 387 δυνάμεις,
542 294 808 372 σῦμδολα
846 318 1226 387 τυγχάνουσαι
1258 309 1363 362 τῶν
1400 306 1482 361 ἀεὶ
1524 308 1684 382 Λόγῳ
1731 314 1820 368 τοῦ

1932 315 2105 369 futura
2133 325 2294 371 esset.
2325 317 2608 371 Sciendum
2637 326 2721 373 est
2750 317 2984 388 insuper,
3016 320 3463 389 quemadmodum

239 405 381 457 Θεοῦ
424 395 940 459 ἀπαλλαττομένων
999 407 1173 475 πάσης
1211 401 1362 454 νόσου
1395 398 1486 451 καὶ
1532 400 1820 467 μαλακίας,

1933 404 2248 472 prodigiosae
2304 404 2528 473 virtutes
2580 406 2633 459 in
2682 406 3052 461 curationibus
3099 422 3128 462 a
3174 408 3463 464 Scrvatore

243 495 407 547 οὐδὲν
424 493 564 567 ἦττον
581 484 665 541 καὶ
682 497 1068 559 σωματικῶς
1085 496 1361 565 γενόμεναι
1378 491 1483 561 (46)
1497 490 1732 564 ὤνησαν,
1750 498 1820 559 είς

1932 494 2108 554 factis.
2139 505 2277 548 noun
2302 494 2623 550 exsistentes
2644 510 2850 563 eorum,
2877 498 2967 566 qui
2994 511 3205 567 semper
3228 514 3257 552 a
3282 498 3463 571 Λόγῳ,

252 584 441 637 πίστιν
470 573 997 654 προσκαλεσάμεναι
1019 588 1141 648 τοὺς
1162 582 1602 654 εὐεργετηθέντας
1625 601 1638 615 ·
1658 585 1831 649 οὕτως

256 674 378 739 (Π)
417 674 505 727 καὶ
531 672 587 723 τδ
606 664 687 720 διὰ
716 666 830 720 τοῦ
872 672 1075 738 ὓδατος
1122 675 1359 745 λουτρὸν,
1396 674 1654 744 σύμϐολον
1703 693 1830 744 τυγ-

257 761 431 829 χάνον
473 755 752 827 καθαρσίου
782 757 1005 831 ψυχῆς,
1057 766 1229 817 πάντα
1278 764 1442 836 ῥύπον
1489 766 1596 818 ἀπὸ
1637 767 1830 829 κακίας

256 850 720 920 ἁποπλυνομένης.
746 849 918 905 οὐδὲν
960 850 1122 925 ἦττον
1164 855 1255 907 καὶ
1296 858 1414 907 κατ’
1453 854 1583 907 αὐτὸ
1622 855 1698 925 τῷ
1728 857 1827 924 ὲμ-

257 940 560 1010 παρέχοντι
590 936 774 991 ἑαυτὸν
805 942 877 1010 τῇ
911 941 1147 1011 θειότητι
1170 942 1268 1011 τῆς
1300 942 1573 1012 δυνάμεως
1604 944 1709 995 τῶν
1732 944 1829 1011 τῆς

256 1028 647 1098 προσκυνητῆς
668 1027 905 1096 Τριάδος
942 1031 1274 1101 ὲπικλήσεὼν
1306 1034 1451 1083 ἐστιν
1488 1033 1520 1101 ἡ
1561 1033 1827 1101 χαρισμά-

254 1137 376 1173 των
413 1120 570 1172 θείων
602 1119 741 1190 ἀρχὴ
786 1120 885 1172 καὶ
937 1123 1087 1191 πηγή
1110 1139 1123 1151 ο
1159 1142 1175 1171 ι
1210 1123 1508 1192 Διαιρέσεις
1536 1123 1643 1193 γὰρ
1674 1139 1797 1191 χαρι

256 1210 496 1279 σμάτων
525 1209 650 1263 εἰσί.
698 1229 715 1259 ι
744 1211 1036 1281 Μαρτυρεί
1062 1211 1117 1262 δέ
1152 1226 1250 1279 μου
1273 1212 1349 1281 τῷ
1377 1212 1516 1282 λόγῳ
1552 1216 1583 1282 ἠ
1623 1215 1677 1264 ὲν
1712 1216 1828 1275 ταῖς

253 1297 374 1349 τῶν
418 1298 731 1350 ἀποστόλων
782 1298 1055 1368 Πράξεσιν
1104 1300 1554 1369 άναγεγραμμένη
1601 1301 1823 1368 ἱστορία,

255 1387 401 1456 περὶ
439 1385 536 1440 τοῦ
565 1386 736 1451 οὕτως
770 1388 1013 1459 ἐναργῶς
1033 1388 1150 1441 τότε
1179 1389 1237 1440 τὸ
1264 1390 1475 1459 πνεῦμα
1500 1394 1608 1453 τοῖς
1641 1392 1827 1459 βαπτι-

252 1474 515 1546 ζομένοις
560 1479 1061 1550 ἐπιδεδημηκέναι,
1110 1482 1621 1552 προευτρεπίσαντος
1679 1481 1824 1550 αὐτῷ

251 1566 354 1617 τοῦ
392 1566 591 1629 ὓδατος
617 1570 730 1630 τοῖς
762 1569 999 1637 γνησίως
1025 1568 1333 1638 προσιοῦσιν
1354 1571 1498 1622 ὀδόν*
1526 1570 1600 1633 ὼς
1620 1571 1713 1623 καὶ
1735 1571 1825 1623 τὸν

255 1654 446 1723 μάγον
476 1655 702 1724 Σίμωνα
742 1657 1154 1724 καταπλαγέντα
1183 1658 1352 1710 θέλειν
1386 1660 1481 1728 μὲν
1525 1662 1621 1730 τὴν
1669 1662 1824 1730 χάριν

254 1744 470 1813 ταύτην
499 1744 611 1796 ἀπὸ
639 1744 731 1796 τοῦ
768 1746 971 1816 Πέτρου
997 1747 1195 1809 λαϐεῖν,
1229 1747 1427 1800 ἐθέλειν
1461 1750 1515 1801 δὲ
1542 1750 1600 1801 τὸ
1628 1750 1825 1804 δικαιὸ-

256 1851 427 1887 τατον
448 1834 541 1887 διὰ
572 1834 666 1887 τοῦ
698 1840 975 1905 μαμμωνᾶ
1021 1840 1119 1908 τῆς
1157 1839 1383 1899 ἀδικίας.
1418 1840 1526 1890 Καὶ
1578 1839 1730 1892 τοῦτο
1768 1841 1822 1894 δὲ

255 1925 780 1994 παρασημειωτέον,
814 1927 893 1978 ὅτι
943 1927 1004 1978 τὸ
1043 1928 1285 1980 Ἰωάννου
1323 1928 1599 1997 βάπτισμα
1631 1929 1822 1983 ὑποδε-
1858 1930 1870 1980 l

256 2013 488 2082 έστερον
521 2012 787 2082 ἐτύγχανε
819 2014 912 2067 τοῦ
940 2014 1308 2085 βαπτίσματος
1345 2016 1516 2086 Ἰησοῦ
1554 2017 1823 2087 διδομένου

257 2100 352 2153 διὰ
405 2100 518 2153 τῶν
574 2102 833 2173 μαθητῶν
866 2104 1046 2156 αὑτοῦ.
1080 2107 1142 2156 Ui
1184 2105 1314 2172 γοῦν
1347 2108 1402 2158 ὲν
1432 2109 1550 2169 ταῖς
1592 2107 1824 2177 Πράξεσι

257 2190 698 2261 βεϐαπτισμένοι
737 2195 817 2254 είς
859 2192 919 2245 τὸ
960 2192 1198 2247 Ἰωάννου
1252 2194 1548 2264 βάπτισμα,
1593 2196 1723 2270 μηδὲ
1774 2200 1823 2249 εί

259 2279 491 2349 Πνεῦμα
525 2280 684 2347 ἅγιόν
721 2282 866 2332 ἐστιν
898 2282 1241 2345 ἀκούσαντες,
1283 2283 1625 2352 βαπτίζονται
1650 2284 1825 2337 δεύτε-

258 2386 358 2438 ρον
385 2370 494 2421 ὑπὸ
530 2369 627 2422 τοῦ
665 2363 1006 2424 ’Δποστόλου.
1054 2372 1124 2423 Τὸ
1167 2373 1271 2444 γὰρ
1307 2374 1405 2442 τῆς
1429 2376 1824 2445 ἀνα-γεννήσεως

256 2460 323 2511 ού
359 2460 518 2531 παρὰ
553 2458 631 2529 τῷ
675 2460 915 2531 Ἰωάννη,
951 2461 1083 2513 ἀλλὰ
1115 2463 1262 2531 παρὰ
1288 2464 1363 2533 τῷ
1404 2463 1574 2534 Ἰησοῦ
1599 2465 1683 2518 διὰ
1714 2466 1822 2519 τῶν

259 2549 529 2617 μαθητῶν
563 2549 728 2602 αὑτοῦ
762 2550 985 2617 ἐγίνετο,
1026 2550 1118 2603 καὶ
1171 2552 1577 2620 παλιγγενεσίας
1627 2556 1821 2624 ὀνομα-

256 2638 494 2705 ζόμενον
512 2638 755 2707 λουτρὸν,
785 2637 925 2707 μετὰ
943 2640 1347 2704 ἀνακαινώσεως
1366 2643 1640 2712 γινόμενον
1662 2645 1822 2697 πνεύ-

261 2742 461 2792 ματος,
493 2725 588 2777 τοῦ
620 2726 714 2777 καὶ
755 2726 849 2780 νῦν
880 2730 1286 2799 ἐπιφερομένου,
1314 2731 1497 2801 ἐπειδὴ
1531 2732 1677 2802 παρὰ
1711 2733 1819 2803 (48)

256 2814 402 2866 Θεοῦ
443 2817 622 2878 ἐστιν,
667 2816 850 2868 ἐπάνω
886 2817 979 2869 τοῦ
1025 2813 1238 2881 ὓδατος,
1283 2820 1396 2871 ἀλλ’
1430 2822 1488 2872 οὐ
1518 2822 1649 2873 πᾶσι
1686 2822 1821 2890 μετὰ

257 2906 322 2956 τὸ
358 2905 505 2977 ὕδωρ
533 2906 905 2976 ἐγγινομένου.
940 2908 1048 2959 Καὶ
1082 2908 1250 2961 ταῦτα
1285 2910 1380 2977 μὲν
1415 2912 1494 2973 είς
1519 2910 1613 2981 τὴν
1641 2912 1823 2974 ἐξέταο

252 3007 350 3046 σιν
379 2994 487 3047 τῶν
508 2996 565 3047 ὲν
593 2994 673 3064 τῷ
695 2995 833 3051 κατὰ
865 2995 1138 3049 Ματθαῖον
1167 2996 1484 3066 Εὑαγγελίῳ
1509 2998 1641 3052 I49).

1934 579 2007 651 [id
2042 592 2123 635 est
2158 581 2294 636 Filio
2323 581 2439 651 Dei]
2479 583 2772 639 liberantur
2803 594 2911 641 tum
2962 588 3028 640 ab
3069 587 3214 641 omni
3251 590 3460 657 a'gritu-

1930 671 2072 736 dine,
2107 681 2217 725 tum
2261 686 2288 724 a
2333 673 2577 738 mollitie,
2606 673 2923 743 profuerunt
2950 674 3137 745 (etiam
3163 676 3459 745 corporali-

1929 778 2011 823 ter
2048 768 2217 834 l’actte)
2265 767 2549 822 invitantes
2600 769 2667 821 ad
2718 769 2873 823 ﬁdem
2921 786 3013 825 eos
3057 772 3145 839 qui
3195 773 3454 826 beneﬁcio

1928 856 2319 919 abiciebantur;
2367 856 2439 909 ita
2495 856 2759 915 lavacrum
2819 872 3000 925 aqum,
3058 860 3351 927 symbolum
3400 868 3454 913 et
3499 876 3505 883 '

1927 955 2051 999 nota
2078 946 2335 999 exsistens
2360 945 2743 1013 puriﬁcationis
2780 946 2968 1001 animae
3001 948 3193 1001 abluta:
3239 949 3305 1001 ab
3333 964 3452 1003 om-

1927 1035 1979 1087 ni
2009 1036 2161 1088 sorde
2206 1035 2437 1097 malitiae,
2477 1036 2840 1097 nihilominus,
2896 1037 3053 1090 etiam
3098 1052 3162 1089 ex
3209 1052 3286 1101 se,
3332 1052 3451 1091 esse

1926 1123 2243 1192 principium
2273 1138 2335 1177 ac
2363 1123 2563 1177 fontem
2596 1139 2874 1177 munerum
2892 1124 3210 1187 divinorum,
3233 1134 3451 1193 propter

1926 1214 2212 1279 potentiam
2249 1212 2642 1266 invocationum
2682 1212 2963 1265 adoranda:
3011 1212 3235 1276 Triadis,
3273 1213 3319 1266 ei
3359 1214 3449 1282 qui

1925 1313 1983 1352 se
2010 1298 2311 1351 exhibuerit
2355 1298 2559 1351 deitati.
2593 1318 2610 1348 ι
2647 1298 2938 1353 Divisiones
2989 1316 3007 1348 ι
3053 1299 3193 1351 enim
3235 1316 3253 1349 ι
3284 1300 3452 1354 dono-

1925 1402 2041 1439 rum
2068 1395 2191 1439 sunt
2210 1386 2273 1439 ".
2299 1404 2317 1437 ι
2352 1386 2731 1455 Testimonium
2763 1397 2938 1440 autem
2966 1388 3097 1441 meis
3112 1389 3285 1443 verbis
3314 1405 3449 1459 prm-

1924 1477 2017 1531 bet
2044 1476 2265 1532 historia
2304 1478 2357 1530 in
2396 1477 2542 1530 Actis
2577 1478 2933 1545 apostolorum
2956 1479 2997 1508 ²⁹
3037 1479 3236 1545 scripta
3271 1480 3337 1533 de
3386 1494 3450 1532 eo

1925 1566 2067 1634 quod
2116 1566 2249 1619 adeo
2293 1566 2567 1619 evidenter
2619 1575 2745 1620 tunc
2785 1566 3058 1621 advenerit
3095 1566 3327 1635 Spiritus
3367 1568 3451 1621 bis
3544 1620 3547 1623 η

1925 1654 2016 1722 qui
2053 1654 2474 1722 baptizabantur,
2520 1664 2870 1723 praestruente
2917 1656 3055 1710 viam
3084 1673 3217 1726 aqua
3249 1658 3334 1713 his
3359 1659 3449 1726 qui

1925 1745 2129 1798 sincere
2170 1745 2236 1797 ad
2270 1745 2439 1812 ipsum
2483 1747 2842 1811 accedebant;
2886 1748 3019 1801 adeo
3055 1757 3112 1801 ut
3151 1748 3332 1802 Simon
3363 1750 3450 1802 ille

1925 1832 2106 1902 Magus
2145 1833 2545 1900 obstupelactus
2591 1836 2751 1890 vellet
2787 1851 2816 1889 a
2856 1837 3011 1889 Petro
3052 1837 3190 1891 hanc
3228 1838 3447 1906 gratiam

1926 1922 2182 1990 accipere,
2215 1924 2477 1991 velletque
2518 1940 2629 1979 rem
2660 1926 3003 1993 justissimam
3033 1943 3129 1995 per
3147 1944 3446 1982 mammona

1925 2010 2235 2077 iniquitatis.
2282 2012 2421 2076 Quin
2473 2020 2527 2066 et
2571 2014 2671 2067 hoc
2718 2015 2932 2083 insuper
2969 2017 3259 2087 notandum
3305 2019 3445 2085 quod

1921 2094 2140 2149 Joannis
2187 2097 2479 2164 baptismus
2528 2098 2652 2152 Jesu
2698 2100 2986 2167 baptismo,
3035 2102 3178 2168 quod
3227 2104 3451 2157 dabatur

1925 2199 2018 2253 per
2050 2185 2338 2253 discipulos
2367 2188 2501 2253 ejus,
2536 2188 2755 2241 inferior
2774 2198 2905 2243 erat.
2934 2190 3033 2253 Qui
3071 2206 3195 2260 ergo
3221 2192 3274 2244 in
3303 2192 3450 2247 Actis

1923 2273 2169 2342 baptizati
2198 2282 2348 2327 erant
2384 2274 2436 2326 in
2464 2274 2682 2330 Joannis
2705 2276 2963 2344 baptismo
2984 2279 3047 2341 ³⁸,
3070 2287 3124 2332 et
3157 2295 3349 2348 neque,
3379 2297 3445 2336 an

1921 2361 2148 2431 Spiritus
2188 2371 2402 2418 sanctus
2441 2372 2611 2425 esset,
2649 2365 2947 2429 audierant,
2981 2367 3156 2422 denuo
3191 2370 3258 2423 ab
3303 2372 3447 2438 Apo-

1922 2452 2057 2506 stulo
2082 2452 2439 2520 baptizantur,
2475 2454 2598 2521 quia
2625 2457 2951 2523 regeneratio
2982 2473 3089 2511 non
3121 2462 3259 2526 apud
3293 2463 3449 2532 135

1920 2540 2197 2604 Joannem,
2225 2540 2318 2594 sed
2359 2541 2499 2608 apud
2544 2540 2725 2596 Jesum
2767 2558 2862 2610 per
2893 2547 3160 2612 apostolos
3195 2565 3321 2605 suos
3351 2551 3445 2605 [ie-

1920 2629 2030 2690 bat,
2064 2638 2221 2697 atque
2259 2629 2417 2684 etiam
2448 2630 2867 2699 regenerationis
2905 2635 3045 2701 quod
3076 2636 3272 2691 dicitur
3299 2639 3445 2693 lava-

1921 2732 2094 2780 ernm,
2128 2720 2269 2786 quod
2313 2719 2470 2773 ﬁebat
2519 2735 2643 2773 cum
2688 2724 3037 2779 renovatione
3082 2727 3323 2794 spiritus,
3354 2729 3444 2797 qui

1921 2804 2079 2858 etiam
2125 2821 2268 2861 nunc
2302 2808 2581 2874 praefertur
2623 2824 2793 2877 aquze,
2829 2812 3079 2879 quoniam
3118 2829 3148 2867 a
3191 2816 3300 2869 Deo
3340 2827 3442 2881 est,

1921 2892 2012 2946 sed
2040 2907 2145 2947 non
2183 2894 2428 2948 omnibus
2465 2904 2586 2962 post
2616 2910 2803 2963 aquam
2844 2897 3181 2966 imprimitur,
3213 2911 3267 2955 et
3296 2903 3444 2973 inge-

1920 2989 2155 3033 neratur.
2187 2980 2254 3034 Et
2280 2980 2394 3035 btec
2438 2981 2652 3049 quidem
2695 2983 2970 3047 hactenus,
3003 2988 3142 3052 quod
3167 2989 3231 3042 ad
3269 2989 3443 3058 inqui-

1921 3067 2162 3122 sitionem
2204 3068 2394 3121 attinet
2430 3083 2615 3122 eorum
2643 3085 2761 3138 qua:
2789 3079 2915 3125 sunt
2949 3072 3006 3125 in
3040 3074 3327 3145 Evangelia
3355 3093 3443 3132 se-

1920 3155 2148 3210 cundum
2176 3155 2497 3209 Mattbasum.

337 3238 425 3292 I8.
459 3239 600 3308 Ἤδη
652 3238 709 3291 δὲ
756 3239 947 3293 καὶτὰ
996 3240 1219 3311 Μάρκου
1274 3243 1710 3313 κατανοήσωμεν,
1760 3244 1819 3307 ὃς

1988 3243 2072 3296 18.
2109 3242 2335 3297 Proinde
2369 3244 2477 3311 jam
2524 3243 2755 3300 Marcum
2812 3248 2973 3302 etiam
3021 3252 3442 3317 consideremus,

261 3328 540 3400 ἀνέγραψε
565 3329 907 3399 κηρύσσοντα
937 3331 1027 3384 τὸν
1071 3332 1320 3400 Ἰωάννην
1352 3333 1520 3385 ταῦτα
1549 3334 1645 3403 μὲν
1678 3336 1821 3403 εἰρη-

263 3419 421 3471 κέναι
450 3406 589 3471 κατὰ
609 3419 721 3470 τόση
743 3438 762 3469 ‹
802 3422 1056 3489 Ἔρχεται
1087 3423 1115 3474 ὁ
1147 3421 1486 3491 ἰσχυρότερός
1521 3439 1619 3491 μου
1649 3422 1819 3476 ὀπίσω

267 3524 407 3575 μου·
450 3528 468 3558 ι
507 3510 821 3578 ίσοδυναμεῖ
843 3509 948 3580 γὰρ
976 3509 1147 3562 ταῦτα
1174 3510 1277 3578 τῷο
1319 3528 1338 3560 t
1391 3512 1449 3563 ὐ
1488 3512 1660 3565 ὀπίσω
1719 3530 1819 3582 μου

264 3597 554 3667 ἐρχόμενος
615 3599 960 3669 ἰσχυρότερός
1013 3599 1113 3668 μού
1144 3601 1288 3652 ἐστιν
1311 3617 1324 3629 ·
1356 3619 1374 3650 ›
1411 3602 1507 3653 οὐκ
1552 3601 1629 3654 ἔτι
1662 3601 1717 3656 δὲ
1754 3603 1822 3656 τὰ

265 3686 409 3738 αὐτὰ
451 3689 508 3738 ὲν
556 3686 665 3757 τῷ·
700 3706 719 3737 ι
754 3686 867 3739 Οὐκ
909 3689 1024 3756 εἰμὶ¹
1087 3688 1266 3751 ἱκανὸς
1323 3689 1498 3757 κύψας
1529 3690 1685 3743 λῦσαι
1729 3691 1821 3744 τὸν

265 3775 466 3845 ἱμάντα
492 3775 603 3827 τῶν
638 3774 994 3845 ὑποδημάτων
1036 3775 1217 3828 αὐτοῦ.
1251 3795 1270 3827 ο
1313 3777 1533 3846 Ἕτερον
1579 3778 1676 3847 μὲν
1714 3779 1821 3849 γὰρ

263 3864 328 3915 τὸ
378 3863 669 3932 βαστάζειν
718 3864 787 3915 τὰ
844 3865 1183 3933 ὑποδήματα,
1246 3864 1488 3934 δηλονότι
1526 3867 1623 3935 ἤδη
1664 3866 1816 3919 λελυ-

273 3952 406 4021 μένα
436 3953 547 4005 άπδ
571 3952 683 4004 τῶν
705 3951 797 4004 τοῦ
834 3952 1210 4021 ὑποδεδεμένου
1245 3953 1417 4006 ποδῶν
1435 3970 1449 3983 ⁸
1480 3953 1663 4024 ἕτερον
1688 3956 1742 4008 δὲ
1761 3956 1821 4007 τὺ

269 4044 512 4113 κύψαντα
555 4042 717 4096 λῦσαι
767 4041 857 4095 τὸν
884 4042 1082 4111 ἱμάντα
1112 4041 1218 4093 τῶν
1247 4042 1601 4113 ὑποδημάτων
1636 4043 1817 4097 αὑτοῦ.

269 4131 374 4184 Καὶ
399 4130 696 4185 ἀκόλουθόν
723 4146 785 4197 γε
810 4129 1031 4198 μηδενὸς
1059 4128 1420 4197 σφαλλομένου
1442 4128 1549 4182 τῶν
1577 4130 1819 4198 Εύαγγε-

267 4218 479 4281 λιστῶν,
511 4218 650 4289 μηδὲ
677 4217 1026 4286 ψευδομένου,
1059 4218 1135 4279 ὡς
1155 4216 1355 4269 εἴποιεν
1382 4217 1447 4270 ἂν
1476 4218 1524 4269 οἱ
1548 4218 1821 4271 πιστεύον-

268 4326 374 4374 τες,
395 4311 688 4379 ἀμφότερα
708 4308 848 4360 κατὰ
867 4308 1149 4377 διαφόρους
1168 4308 1390 4377 καιροὺς
1409 4307 1691 4377 εὑρηκέναι
1710 4308 1818 4377 (50)

267 4397 356 4451 τὸν
408 4397 722 4468 Βαπτιστὴν
775 4396 897 4451 καθ’
950 4398 1134 4467 ἕτερον
1187 4397 1281 4451 καὶ⁵
1324 4397 1506 4466 ἕτερον
1556 4396 1680 4450 νοῦν
1734 4416 1816 4451 κι-

1919 3331 2008 3399 qni
2057 3331 2428 3399 praedicantem
2463 3333 2675 3400 quidem
2716 3335 2973 3392 Joannem
3010 3340 3193 3394 eadem
3236 3341 3446 3410 scripsit

1922 3419 2156 3482 dixisse,
2204 3419 2352 3487 juxta
2407 3419 2568 3475 illud:
2611 3440 2629 3472 ι
2665 3421 2821 3477 Venit
2872 3427 3140 3493 potentior
3193 3442 3279 3480 me
3324 3437 3446 3496 post

1922 3519 2007 3556 me
2035 3505 2107 3567 ";
2146 3522 2164 3554 ι
2200 3504 2312 3558 haec
2352 3506 2494 3558 enim
2544 3520 2693 3574 aeque
2748 3508 2925 3561 valent
2975 3519 3132 3578 atque
3161 3525 3224 3564 ea
3251 3512 3438 3564 verba:

1925 3611 1944 3642 ι
1983 3591 2081 3656 Qui
2102 3603 2223 3661 post
2254 3610 2340 3648 me
2372 3606 2634 3650 venturus
2667 3605 2766 3659 est,
2812 3599 3082 3666 potentior
3106 3615 3193 3653 me
3220 3608 3302 3654 est
3317 3600 3360 3633 ⁸³
3381 3617 3395 3665 ;
3420 3619 3437 3649 ι

1917 3695 2025 3735 non
2052 3682 2279 3749 amplius
2323 3698 2450 3737 vero
2476 3686 2681 3749 eadem.
2728 3686 2853 3739 dum
2900 3687 3101 3755 inquit:
3128 3707 3146 3738 ι
3175 3688 3290 3741 Non
3324 3703 3442 3742 sum
3520 3737 3528 3743 .

1919 3768 2141 3823 idoneus
2166 3773 2521 3839 procumbens
2560 3775 2765 3828 solvere
2791 3758 3070 3844 corrigiam
3110 3777 3443 3830 calceamen-

1920 3865 2094 3909 torum
2137 3857 2335 3925 ejus".
2368 3877 2385 3908 ι
2428 3861 2583 3916 Aliud
2626 3872 2709 3916 est
2745 3864 2941 3917 etenim
2986 3873 3191 3933 gestare
3235 3864 3443 3917 calcea-

1918 3954 2117 4010 menta,
2151 3936 2253 4014 iam
2286 3949 2487 4002 scilicet
2509 3950 2679 4004 soluta
2707 3967 2737 4005 a
2764 3952 2989 4020 pedibus
3010 3952 3260 4017 calceati;
3300 3952 3444 4005 aliud

1919 4042 2107 4107 etiam,
2164 4041 2601 4111 procumbentem
2650 4043 2860 4097 solvere
2906 4043 3195 4111 corrigiam
3253 4042 3452 4095 calcea-

1920 4140 2218 4186 mentorum
2269 4129 2405 4199 eius.
2447 4132 2679 4187 Proinde
2722 4146 3058 4201 consequens
3085 4139 3187 4195 est,
3220 4129 3367 4184 nullo
3392 4145 3449 4186 ο)

1921 4219 2281 4289 Evangelistis
2322 4222 2402 4274 vel
2451 4221 2692 4286 fallente,
2732 4221 2815 4275 vel
2861 4221 3175 4285 mentiente,
3226 4228 3285 4273 ut
3317 4219 3461 4274 dice~

1920 4316 2040 4359 rent
2068 4308 2159 4374 qui
2204 4307 2449 4371 credunt,
2486 4318 2716 4377 utraque
2758 4308 3053 4376 Baptistam
3079 4306 3304 4362 diversis
3325 4314 3459 4361 teut-

1920 4396 2141 4464 poribus
2171 4395 2371 4449 dixisse
2418 4397 2710 4451 secundum
2738 4396 2897 4449 aliam
2945 4404 2999 4450 et
3027 4395 3183 4449 aliam
3230 4403 3460 4448 mentem

270 4487 518 4558 νούμενον
537 4505 551 4517 ·
580 4487 645 4540 ού
679 4486 788 4556 γὰρ
819 4487 948 4555 περὶ
977 4486 1085 4538 τῶν
1113 4486 1310 4548 αὐτῶν,
1344 4484 1418 4546 ὡς
1446 4485 1643 4539 οῐονταί
1679 4504 1820 4552 τινες

1927 4494 2146 4542 motum.
2177 4484 2291 4539 Non
2323 4485 2465 4539 enim
2492 4487 2556 4539 de
2580 4487 2763 4539 iisdem
2788 4486 2947 4540 rebus
2970 4486 3115 4539 varie
3148 4483 3308 4539 locuti
3337 4492 3461 4538 sunt

268 4576 315 4627 οί
340 4574 900 4647 ἀπομνημονεύοντες,
924 4573 1192 4645 διαφόρως
1220 4572 1519 4643 ἠνέχθησαν
1559 4574 1632 4645 μὴ
1668 4578 1821 4649 ἀκρι-

332 4691 416 4743 "l
454 4691 580 4747 Cor.
611 4704 710 4753 xu,
736 4690 789 4742 4.
904 4690 948 4721 ὀ
983 4690 1104 4743 Act.
1144 4703 1259 4753 vm,
1288 4685 1354 4739 15
1383 4696 1439 4741 et
1468 4703 1582 4757 seq.

274 4758 315 4789 ³³
344 4758 508 4813 Marc.
541 4775 581 4823 ι,
610 4760 669 4811 7.

334 4851 445 4919 (b6)
467 4850 576 4905 Pro
596 4849 1127 4919 qugmyerperam
1156 4849 1207 4902 in
1230 4846 1387 4902 codd.
1417 4846 1584 4916 Regio
1606 4856 1661 4901 et
1680 4847 1809 4902 Bar-

275 4913 450 4993 berino
477 4919 677 4993 legitur
698 4913 788 4993 'th
805 4913 974 4993 ἦὰᾳνξ
1011 4983 1025 4993 ,
1152 4981 1178 4993 -

332 4986 442 5055 (47)
467 4980 671 5051 Οὕτως
699 4987 793 5041 καί
828 4980 908 5039 ’τὸ
929 4983 1039 5055 ,διὰ
1078 4981 1182 5055 rga“:
1204 4980 1436 5055 ᾓδᾳζος,
1463 4992 1567 5036 etc.
1615 4982 1810 5055 Locum

276 5049 902 5122 hunc'profeerBusilius
927 5052 1067 5105 libro
1099 5049 1173 5101 De
1202 5050 1626 5122 Spiritusnncto,
1644 5065 1693 5104 c.
1719 5050 1807 5105 29.

275 5122 365 5186 Qui
395 5117 571 5186 locus,
602 5126 856 5186 quoniam
890 5122 1051 5175 aliter
1094 5117 1251 5186 paulo
1283 5119 1419 5186 apud
1468 5119 1636 5186 ipsum
1691 5134 1813 5170 cou-

274 5184 450 5255 ciiptus
481 5184 588 5255 est,
621 5184 713 5243 hic
734 5206 763 5243 a
800 5190 950 5243 nobis
977 5185 1296 5265 reei‘tabitnr
1321 5198 1334 5231 :
1363 5184 1460 5246 ⁶’ος
1489 5200 1551 5301 γε
1575 5185 1592 5246 (
1609 5185 1810 5252 Ὤριγέ-

279 5260 380 5301 mal
418 5257 561 5301 νητὰ
580 5257 643 5301 τὸ
679 5258 832 5301 ἕκτον
854 5253 1011 5301 οἶμαι
1039 5269 1147 5301 των
1181 5268 1257 5301 εις
1288 5250 1347 5301 τὸ
1387 5267 1485 5301 κατ
1574 5250 1810 5301 Ἰωάννην

279 5250 380 5376 Ἲς)
418 5250 643 5312 κατὰτὸ
679 5258 832 5310 ἕκτον
854 5253 1011 5334 οἶμαι
1039 5251 1147 5303 τῶν
1181 5253 1257 5311 εἰς
1288 5250 1347 5301 τὸ
1387 5250 1526 5303 κατὰ
1574 5250 1815 5337 Ἰωάννην

279 5324 309 5376 Ε
345 5328 489 5389 αγγέί
513 5343 593 5380 ιον
664 5325 1070 5389 Ἐξηγητικων,
1118 5318 1209 5389 καὶ
1276 5318 1636 5389 προσκυνητὸν
1680 5319 1815 5389 αυτδ

273 5324 489 5394 Εὐαγγέί
513 5343 593 5380 ιον
664 5324 1070 5395 Ἐξηγητικῶν,
1118 5324 1209 5370 καὶ
1276 5324 1636 5386 προσκυνητὸν
1688 5324 1813 5371 αὐτὸ

273 5393 506 5462 (Πνεῦμα
548 5397 715 5462 ῖ-εγιον)
744 5386 1341 5462 φανξμῦς.ἀῑτξφήνατ9»
1361 5386 1555 5462 οδτευτὶ
1591 5386 1813 5462 γρεὲςὶων

273 5397 425 5459 (ΙΙνεῦ
548 5408 694 5468 ξεγιον
744 5397 1555 5465 φανερῶςηαπεφηνατοωυτωσι
1591 5397 1813 5465 γράφων

273 5462 404 5514 κατὰ
433 5412 612 5526 ἓλ’έπξιν·
649 5397 715 5518 "1‘?
721 5483 765 5516 τι
792 5461 873 5531 ⁸τὸ
914 5454 1247 5531 eoo-{36:11:05
1294 5452 1510 5531 λουτρὸν
1557 5453 1813 5531 συμϐολον

272 5520 524 5599 τυγχάνεί
552 5579 571 5603 ⁸
608 5528 864 5600 αὓαίσίου
905 5520 1114 5591 ψυχῆς,
1161 5520 1329 5571 πάντα
1370 5520 1537 5586 ῥύπον
1590 5520 1678 5571 τὸν
1717 5522 1817 5573 ἀπὸ

1693 4690 1739 4723 ³⁶
1764 4692 1881 4748 Act.
1910 4709 2024 4757 xu,
2049 4691 2086 4745 2
2120 4700 2174 4747 et
2199 4706 2314 4761 seq.

1924 4574 2299 4643 Evangelistze,
2346 4583 2402 4627 ut
2439 4576 2653 4643 quidam
2694 4576 3033 4643 expositores
3064 4582 3271 4645 putant,
3298 4586 3460 4627 accu-

2426 4691 2468 4723 ³⁸
2501 4692 2666 4746 Marc.
2704 4707 2740 4756 r,
2776 4692 2829 4744 7.
2938 4689 2982 4720 "
3022 4685 3208 4741 Matth.
3250 4697 3330 4746 ιη.
3371 4682 3457 4736 Η.

1919 4850 2114 4923 κακίας
2143 4850 2631 4923 -άποπλυν-αμένης.
2690 4848 2867 4923 Ούδὲνῌ
2892 4847 2947 4923 δὲ
2978 4844 3144 4923 ,ἦττον
3192 4845 3282 4923 καὶ
3336 4845 3458 4898 καθ’

1918 4919 2077 4971 ἑαυτὸ
2102 4918 2178 4987 τῷ
2190 4915 2871 4988 Ῠὲμπαρέχοντιίὲαυτὺν-τῇ
2905 4915 3109 4988 θεότῃτι
3130 4915 3269 4988 ,τῆςι
3288 4928 3459 4988 προσ-ι

1917 4977 2509 5057 κυνητῆξΤριάδός-διᾲ
2543 4986 2642 5055 τῆς
2680 4977 2952 5057 δυνάμεως
2978 4977 3086 5035 τῶν
3126 4977 3461 5046 turmam.

1918 5053 2268 5126 χαρίσμάτων
2291 5054 2459 5123 ἀρχὴν
2476 5053 2708 5122 ἔχεικαὶ
2740 5054 2938 5120 πηγήν.

1986 5146 2097 5214 (48)
2137 5144 2319 5214 Παρὰ,
2354 5146 2424 5197 Ita
2452 5149 2620 5201 codex
2652 5138 3215 5209 Bodleianus;Regius
3244 5144 3296 5190 et
3321 5134 3462 5191 Bar-

1917 5212 2156 5272 berinus,
2187 5212 2332 5281 περί.

1992 5300 2100 5371 (49)
2127 5297 2477 5371 Εὐαγγελίῳ.
2511 5297 2750 5371 Deesthin
2782 5296 2937 5371 c_odd_.
2959 5295 3142 5371 _Regio
3172 5301 3228 5346 et
3267 5289 3466 5349 Barbu-

1920 5365 2061 5430 rin'o,
2082 5365 2181 5420 sed
2213 5365 2508 5419 restituitur
2539 5382 2569 5419 e
2588 5368 2767 5420 codice
2798 5365 3100 5417 Bodleiano.

1995 5455 2105 5521 (50)
2141 5454 2484 5524 Εὐρηκέναι.
2515 5453 2819 5524 Legendum
2861 5452 3073 5506 videtur
3106 5461 3233 5505 cum
3268 5442 3474 5497 Ferra-

1924 5524 2027 5588 rio,
2052 5521 2338 5592 εἰρηκέναι.
