3880 6154
270 200 377 254 261

1296 194 1642 252 COMMENT.
1682 193 1751 246 IN
1785 193 1974 248 JOAN.
2013 192 2245 248 TOMUS
2279 194 2362 249 Vl.

3376 196 3482 252 962

268 288 448 342 αὑτοῦ
477 287 787 355 ἐπιδημίαν,
815 288 905 339 ὅτε
937 287 1029 340 τὸν
1061 287 1337 357 ἄνθρωπον
1375 287 1672 355 ὑπεδήσατο
1701 284 1823 354 (55).

1942 282 2147 351 ligavit,
2182 284 2343 337 etiam
2380 289 2646 336 mortuum
2686 279 2908 351 ligavit:
2942 300 2960 331 ι
2994 279 3050 334 1η
3086 282 3185 337 hoc
3217 285 3360 341 enim
3391 287 3470 342 Je-

284 377 350 429 Ὀ
383 378 445 430 δὲ
480 378 570 431 τὸν
603 376 885 447 ἄνθρωπον
920 378 1319 447 ὑποδησάμενος
1364 377 1456 429 καὶ
1504 376 1595 428 τὸν
1648 374 1833 444 νεκρὸν

269 466 616 536 ὑπεδήσατο·
658 484 676 515 ι
708 466 801 526 Εἰς
832 465 990 518 τοῦτο
1048 465 1154 534 γὰρ
1199 462 1399 534 Ἰησοῦς
1447 462 1701 526 ἀπέθανε,
1742 460 1834 512 καὶ

266 557 508 626 ἀνέστη,
535 557 620 608 ῖνα
652 555 747 607 καὶ
773 555 983 625 νεκρῶν
1014 556 1107 607 καὶ
1134 553 1345 617 ζώντων
1393 552 1670 623 κυριεύσῃ·
1701 571 1717 601 ι
1742 550 1834 602 καὶ

265 646 360 699 διὰ
386 646 552 698 τοῦτο
579 645 757 708 ζῶντα
785 645 881 696 καὶ
911 645 1099 714 νεκρὸν
1127 644 1443 713 ὑπεδήσατο,
1474 641 1713 694 τουτέστι
1744 640 1832 692 τὸν

265 733 330 786 ἑν
366 736 466 801 γῇ,
499 733 594 784 καὶ
625 732 716 783 τὸν
755 733 811 782 ὲν
848 731 970 801 ᾂδου
993 770 1006 792 ,
1041 732 1125 783 ἴνα
1158 732 1250 783 κα)⁵
1272 730 1474 801 νεκρῶν
1506 730 1598 783 καὶ
1622 727 1832 792 ζώντων

264 820 562 890 κυριεύσῃ.
586 820 683 881 Τίς
704 816 798 871 οὖν
826 818 932 890 ἄρα
955 817 1132 879 ἱκανὸς
1157 817 1330 885 κύψας
1349 817 1502 869 λῦσαι
1524 817 1611 869 τὸν
1639 816 1831 886 ἱμάντα

263 909 383 962 τῶν
433 908 692 962 τοιούτων
740 908 1119 978 ὑποδημάτων,
1182 909 1275 962 καὶ
1323 908 1487 971 λύσας
1533 908 1604 978 μὴ
1640 909 1828 969 ἐᾶσαι,

265 1000 411 1053 ἀλλὰ
444 999 588 1053 κατά
630 998 884 1068 δευτέραν
916 998 1199 1068 ίκανότητα
1232 997 1511 1051 ἀναλαϐεῖν
1541 997 1697 1059 αὐτὰ,
1738 998 1830 1049 καὶ

270 1087 579 1157 βαστάσαι,
624 1086 716 1140 διά
760 1085 852 1139 τοῦ
899 1089 956 1139 ὲν
986 1089 1051 1156 τῇ
1101 1088 1283 1157 μνήμῃ
1314 1087 1622 1158 περιφέρειν
1651 1087 1718 1140 τὰ
1747 1103 1831 1140 νε·-

268 1178 518 1244 νοημένα
539 1193 553 1239 ;

343 1266 434 1318 19.
477 1265 570 1334 Μὴ
599 1263 952 1329 ἀνεξέταστον
979 1263 1036 1315 δὲ
1063 1263 1236 1316 ὲάσθω
1266 1264 1326 1316 τὸ
1368 1264 1532 1333 χωρὶς
1558 1263 1651 1315 τοῦ
1686 1281 1702 1313 ι
1732 1262 1828 1315 κύ-

264 1352 379 1420 ψας
407 1371 427 1403 ι
461 1351 668 1421 ὁμοίως
700 1350 849 1421 παρὰ
896 1351 974 1420 τῷ
1006 1353 1188 1421 Λουκᾷ
1228 1353 1321 1404 καὶ
1359 1353 1572 1422 Ἰωάννῃ
1610 1352 1828 1421 εἰρημέ-

264 1457 381 1494 νονφ
410 1441 522 1493 Καὶ
567 1440 709 1508 τάχα
760 1439 1025 1508 ἐνδέχεται
1063 1440 1157 1508 μὲν
1198 1439 1439 1508 κύψαντα
1483 1439 1635 1493 λῦσαι
1693 1442 1829 1494 κατά

264 1525 329 1580 τὸ
358 1527 779 1598 προειρημένον
808 1526 1021 1580 δυνατὸν
1057 1527 1113 1579 δὲ
1143 1528 1235 1580 καὶ
1253 1567 1267 1591 ,
1319 1529 1378 1580 τὸ
1405 1529 1685 1599 ἀνάστημα
1735 1528 1825 1581 τοῦ

264 1616 381 1669 ἀπὸ
411 1617 509 1670 τοῦ
559 1616 738 1684 Λόγου
778 1618 1090 1687 ὲπάρματος
1121 1616 1475 1683 φυλάττοντα,
1524 1618 1698 1687 εὑρεῖν
1729 1618 1822 1688 τὴν
1856 1601 1896 1656 Β

267 1706 430 1760 λύσιν
472 1708 581 1761 τῶν
614 1710 673 1761 ὲν
701 1708 781 1778 τῷ
822 1707 1095 1776 ζητεῖσθαι
1124 1707 1413 1775 δεδεμένων
1449 1708 1817 1777 ὑποδημάτων

267 1797 381 1860 ἶνα,
421 1799 493 1851 τὰ
523 1799 667 1853 αὑτά
688 1816 773 1861 τις
805 1799 967 1859 λύσας
1000 1797 1103 1849 τῶν
1142 1796 1417 1866 χωριστῶν
1445 1798 1818 1866 ὑποδημάτων,

267 1882 355 1955 ῐδῃ
384 1886 555 1954 Λόγον
583 1887 788 1957 γυμνὸν
819 1886 925 1938 τῶν
952 1883 1342 1957 ὑποδεεστέρων
1374 1883 1492 1936 καθ’
1515 1883 1673 1936 αὑτὸν
1697 1883 1820 1936 Υἱὸν

265 1976 365 2028 τοῦ
390 1976 550 2030 Θεοῦ.

337 2147 433 2203 20.
474 2147 548 2201 Οὑ
577 2146 774 2200 ταυτὸν
812 2147 867 2200 δὲ
894 2148 954 2200 τὸ
997 2167 1015 2199 ι
1047 2148 1119 2218 μὴ
1152 2144 1287 2201 εἶναι
1320 2148 1499 2203 ἱκανὸν
1522 2168 1541 2201 ι
1584 2148 1661 2219 τῷ
1698 2167 1716 2199 ι
1748 2151 1819 2220 μὴ

267 2233 412 2291 εἶναι
461 2238 631 2304 ἀξιον,
654 2258 672 2288 ι
712 2240 1010 2308 ἀναγράφει
1049 2241 1077 2290 ὁ
1121 2240 1400 2308 Ἰωάννης⁸
1450 2238 1667 2291 δυνατὸν
1715 2238 1821 2306 γάρ

269 2327 350 2397 μὴ
379 2328 506 2380 ὄντα
531 2328 681 2392 ἄξιον
711 2326 958 2393 γενέσθαι
984 2327 1162 2380 ἱκανόν
1181 2344 1193 2357 ο
1228 2327 1445 2380 δυνατὸν
1472 2327 1527 2378 δὲ
1560 2328 1651 2379 καὶ
1675 2325 1821 2389 ἄξιον

265 2415 402 2469 ὄντα
461 2415 686 2486 μηδέπω
737 2412 873 2467 εἶναι
916 2416 1113 2469 ἱκανόν.
1171 2417 1233 2469 Εἰ
1279 2416 1385 2486 γάρ
1429 2418 1524 2469 καὶ⁹
1578 2416 1713 2487 πρὸς
1761 2415 1821 2467 τὸ

268 2506 546 2575 συμφέρον
572 2505 770 2557 δίδοται
806 2504 874 2558 τά
904 2506 1242 2576 χαρίσματα,
1277 2507 1369 2558 καὶ
1399 2507 1458 2557 οὑ
1490 2505 1644 2575 μόνον
1682 2505 1821 2558 κατά

267 2598 374 2665 τὴν
426 2595 716 2662 ἀναλογίαν
766 2595 866 2663 τῆς
913 2595 1170 2659 πίστεως,
1217 2595 1588 2666 φιλανθρώπου
1626 2596 1691 2649 ἂν
1735 2595 1819 2667 εἴη

266 2684 407 2736 Θεοῦ
468 2684 659 2753 ἔργον,
713 2683 1093 2754 προορωμένου
1161 2682 1360 2753 βλάϐην
1408 2684 1514 2737 ἀπὸ
1565 2685 1822 2753 οἰήματος

265 2773 824 2844 ὲπακολουθήσοντος,
869 2772 1278 2842 ἢφυσιώσεως,
1314 2773 1374 2825 τὸ
1423 2774 1513 2825 καὶ
1557 2771 1632 2842 τῷ
1688 2772 1820 2843 ἀξίῳ

267 2865 407 2917 ποτὲ
456 2864 529 2935 μὴ
582 2865 782 2918 διδόναι
835 2865 933 2936 τὴν
990 2866 1293 2935 ίκανότητα.
1354 2865 1562 2917 Οίκεῖον
1614 2864 1669 2916 δὲ
1725 2864 1822 2932 τῆς

266 2954 634 3023 χρηστότητος
672 2954 767 3006 τοῦ
797 2953 928 3006 Θεοῦ
977 2955 1129 3023 νικᾷν
1172 2954 1228 3007 ἐν
1258 2954 1336 3021 τῷ
1385 2954 1684 3023 εὐεργετεῖν
1731 2952 1819 3005 τὸν

267 3042 721 3113 εὐεργετούμενον
766 3042 1209 3112 προλαμϐάνοντα
1242 3044 1329 3094 τὸν
1360 3043 1611 3112 ἐσόμενον
1652 3042 1818 3108 ἀξιον,

268 3131 371 3183 καὶ
402 3132 528 3201 πρὶν
568 3132 791 3202 γένηται
829 3132 973 3195 ἄξιος
1008 3131 1311 3201 κοσμοῦντα
1357 3131 1514 3185 αὐτὸν
1545 3135 1609 3202 τῇ
1649 3133 1821 3185 ἱκανό-

267 3235 416 3289 τητι,
440 3220 526 3272 ἵνα
562 3221 700 3290 μετά
724 3221 824 3290 τὴν
871 3221 1155 3290 ίκανότητα
1187 3220 1313 3291 έλθῃ
1353 3222 1443 3273 ἐπὶ
1475 3221 1535 3274 τὸ
1571 3221 1819 3289 γενέσθαι

268 3308 441 3373 ἄξιος,
470 3310 565 3363 καὶ
598 3311 672 3381 μὴ
705 3311 918 3372 πάντως
945 3310 1054 3379 (57)
1086 3311 1190 3362 ἀπὸ
1210 3310 1300 3362 τοῦ
1338 3306 1474 3363 εἶναι
1504 3311 1648 3376 ἄξιος
1690 3311 1820 3379 φθά-

271 3418 382 3454 νων
424 3402 515 3453 τὸν
545 3400 904 3470 δωρούμενον,
940 3399 1032 3452 καὶ
1081 3399 1362 3469 προλαϐὼν
1395 3399 1556 3452 αὑτοῦ
1590 3399 1685 3462 τὰς
1725 3400 1821 3468 χά-

274 3506 445 3560 ριτας,
472 3489 601 3561 ἔλθῃ
631 3491 723 3542 ἐπὶ
748 3490 810 3541 τὸ
835 3489 1084 3557 γενέσθαι
1120 3489 1313 3551 ἱκανός.
1356 3489 1412 3541 '0
1440 3490 1613 3541 τοίνυν
1653 3489 1823 3541 Ἰωάν-

274 3592 370 3645 νης
404 3579 535 3645 φησι
576 3576 729 3648 παρὰ
773 3577 871 3646 μὲν
920 3580 1033 3639 τοῖς
1074 3577 1245 3647 τρισὶν
1287 3576 1386 3629 οὑκ
1422 3571 1556 3627 εἶναι
1606 3575 1817 3637 ἱκανὸς,

276 3666 423 3735 παρὰ
472 3665 528 3717 δὲ
581 3665 660 3735 τῷ
701 3666 920 3734 Ἰωάννῃ
969 3666 1068 3719 οὐκ
1116 3661 1254 3717 εἶναι
1315 3664 1481 3728 ἄξιος.
1530 3665 1641 3717 Οὐκ
1686 3666 1820 3716 ἀπο-

277 3755 505 3809 κλείεται
536 3756 593 3808 δὲ
623 3757 682 3818 ὃς
713 3772 776 3823 γε
815 3753 1006 3821 ἔλεγεν
1050 3754 1258 3807 οὐδέπω
1307 3753 1381 3806 ὢν
1441 3754 1619 3815 ἱκανὸς
1666 3770 1821 3820 γεγο⁶

273 3847 417 3899 νέναι
446 3846 649 3908 ἱκανὸς,
679 3848 728 3898 εί
763 3846 854 3897 καὶ
893 3845 966 3914 μὴ
993 3844 1139 3907 ἄξιός
1168 3861 1253 3896 πω
1279 3839 1345 3914 ἦν
1363 3860 1377 3873 ο
1418 3844 1509 3896 καὶ
1543 3843 1699 3895 πάλιν
1732 3846 1819 3896 ὅτε

279 3933 453 4001 ἔλεγεν
476 3935 577 3985 οὑκ
608 3928 748 3985 εἶναι
780 3930 929 3996 ἄξιος
965 3931 1062 3982 οὐκ
1100 3928 1173 3981 ὢν
1203 3929 1367 3993 ἄξιος,
1413 3929 1702 3997 ἐφθακέναι
1729 3931 1819 3982 ἐπὶ

284 4022 335 4075 ιδ
360 4022 636 4090 γεγονέναι
674 4022 823 4087 ἄξιος
842 4036 855 4049 ·
897 4021 945 4072 εί
981 4019 1054 4088 μὴ
1086 4019 1191 4089 ἄρα
1219 4036 1301 4081 τις
1331 4021 1447 4089 ὲρεῖ
1475 4019 1566 4071 ἐπὶ
1609 4021 1669 4071 τὸ
1702 4022 1818 4072 κατ’

279 4112 425 4175 ἀξίαν
458 4112 558 4180 τῆς
595 4111 803 4173 λύσεως
848 4109 943 4162 καὶ
992 4109 1297 4177 βαστάξεως
1349 4109 1462 4179 (58)
1511 4109 1707 4173 αὑτῶν,
1746 4109 1819 4180 μὴ

1932 386 2021 425 sus
2050 382 2290 425 mortuus
2313 381 2414 434 est,
2438 383 2491 425 et
2516 374 2832 436 resurrexit,
2860 382 2915 425 ut
2939 381 2993 424 et
3034 375 3260 428 mortuis
3307 385 3363 430 et
3395 378 3470 429 vi-

1930 464 2174 517 ventibus
2209 463 2511 517 dominetur
2542 462 2621 525 ³⁶;
2664 482 2682 515 ι
2716 461 2867 533 [(56)
2892 463 2960 515 ob
2999 475 3221 532 eamque
3250 478 3472 520 causam

1930 564 1983 605 et
2020 554 2198 605 vivum
2243 560 2296 605 et
2326 558 2591 606 mortuum
2620 552 2819 619 ligavit,
2849 551 2903 605 id
2929 559 3009 604 est
3046 560 3099 604 et
3139 565 3260 604 eum
3291 553 3382 620 qui
3420 554 3470 605 in

1932 650 2093 704 terra,
2114 650 2301 694 etcum
2333 641 2422 709 qui
2451 641 2680 707 estapud
2702 640 2922 704 inferos,
2959 647 3019 692 ut
3048 648 3101 694 et
3130 640 3183 694 in
3212 642 3350 696 vivis
3378 642 3467 695 doc

1929 729 2162 782 minetur
2188 737 2242 782 et
2269 729 2322 780 in
2352 726 2628 798 mortuis.]
2659 727 2788 793 Quis
2832 741 2959 798 ergo
2990 727 3212 782 idoneus
3241 739 3465 798 estpro-

1929 819 2184 871 cmnbens
2215 818 2426 871 solvere
2442 818 2725 885 corrigiam
2751 817 2934 870 talium
2961 818 3462 882 calceamentorum,

1927 922 2093 975 eaque
2119 908 2291 961 soluta
2321 921 2426 959 non
2455 906 2856 969 dimittere,sed
2889 922 2951 961 ex
2984 907 3148 960 altera
3174 908 3462 964 idoneitate

1926 1012 1986 1051 ea
2028 998 2266 1065 recipere
2294 1005 2348 1049 et
2378 1010 2608 1061 geStare,
2633 1011 2697 1052 eo
2722 998 2862 1066 quod
2895 998 3241 1052 circumferat
3267 998 3321 1053 in
3345 1012 3459 1052 me-

1927 1087 2093 1139 moria
2124 1100 2243 1153 quin
2271 1085 2641 1141 intellexerit?

1994 1281 2078 1335 19.
2112 1281 2219 1335 Nec
2241 1280 2368 1334 illud
2393 1281 2598 1336 sinatur
2625 1282 2907 1346 intactum,
2934 1281 3154 1348 Lucam,
3183 1282 3457 1338 similiter-

1930 1385 2031 1439 qne
2057 1371 2313 1426 Joannem
2363 1386 2569 1436 vocem,
2601 1391 2619 1421 ι
2656 1373 3014 1439 procumbens
3048 1371 3115 1436 ³⁷,
3144 1389 3162 1422 ι
3192 1372 3455 1426 omisisse.

1930 1461 1993 1512 Et
2024 1461 2270 1515 fortassis
2315 1462 2531 1527 quidem
2564 1462 2824 1530 contingit
2853 1469 2910 1513 ut
2950 1461 3038 1528 qui
3091 1460 3457 1529 procubuerit,

1924 1551 2117 1615 solvat,
2137 1551 2292 1615 juxta
2324 1551 2377 1604 id
2406 1549 2546 1618 quod
2587 1559 2669 1603 est
2699 1550 2937 1613 dictum;
2975 1549 3069 1603 sed
3114 1549 3272 1603 facile
3317 1548 3456 1603 factu

1923 1646 2004 1691 est
2033 1640 2192 1691 etiam
2221 1646 2280 1692 ut
2316 1639 2407 1707 qui
2452 1640 2702 1691 observat
2743 1636 3078 1690 altitudinem
3108 1636 3370 1690 intervalli
3403 1647 3460 1690 et

1923 1727 2081 1794 spatii
2119 1727 2432 1782 exsistentis
2464 1742 2493 1780 a
2534 1728 2689 1796 Λόγῳ
2715 1726 2872 1796 [Filio
2897 1724 3037 1795 Dei,]
3074 1724 3312 1780 inveniat
3345 1726 3458 1781 cal-

1921 1824 2319 1869 ccamenlorum
2364 1816 2704 1880 solutionem,
2724 1864 2730 1869 .
2753 1829 2890 1882 quae,
2927 1829 3045 1868 cum
3076 1815 3198 1883 quis
3223 1828 3282 1867 ea
3309 1830 3457 1884 quaa-

1921 1906 2007 1967 rit,
2046 1904 2205 1972 ligata
2233 1913 2515 1972 apparent,
2566 1912 2625 1957 ut
2659 1919 2720 1957 ea
2763 1903 2882 1973 quis
2913 1918 3033 1958 cum
3087 1903 3307 1957 solverit
3348 1905 3457 1958 cal-

1919 2001 2216 2056 reamenta,
2247 2006 2366 2059 quae
2398 1991 2720 2060 separabilia
2763 2000 2908 2057 sunt,
2939 1992 3118 2045 videat
3141 1990 3309 2060 Λόγον
3339 1990 3456 2063 [Dei

1917 2077 2134 2147 Filium]
2165 2093 2258 2145 per
2291 2091 2349 2132 se
2388 2079 2590 2130 nudum
2624 2077 2785 2132 rebus
2812 2076 3178 2131 inferioribus.

1994 2166 2149 2236 136
2190 2167 2279 2219 20.
2317 2166 2608 2221 Perscribit
2654 2175 2828 2221 autem
2874 2164 3104 2220 Joannes
3128 2164 3175 2196 ³⁸
3217 2181 3233 2219 :
3272 2182 3293 2216 ι
3341 2163 3457 2220 Non

1919 2272 2037 2309 sum
2060 2271 2160 2322 ego
2189 2255 2400 2324 dignus,
2439 2274 2457 2306 ι
2485 2255 2626 2324 quod
2648 2254 2787 2311 idem
2820 2270 2924 2310 non
2959 2263 3041 2309 est
3067 2269 3188 2309 cum
3209 2254 3312 2309 illis
3337 2268 3457 2308 ver-

1920 2345 2004 2398 bis
2031 2343 2075 2375 ³⁹
2103 2360 2120 2398 :
2159 2361 2179 2394 ι
2218 2343 2333 2398 Νοη
2365 2358 2483 2398 sum
2510 2358 2609 2413 ego
2634 2344 2886 2411 idoneus;
2914 2361 2934 2395 ι
2969 2343 3082 2398 fieri
3117 2344 3268 2413 enim.
3283 2350 3460 2411 potest

1919 2432 2084 2501 utqui
2110 2432 2300 2501 dignus
2316 2447 2419 2487 non
2450 2433 2629 2496 sit,sit
2652 2433 3116 2499 idoneus;contra
3144 2433 3234 2501 qui
3268 2433 3459 2502 dignus

1918 2520 2009 2582 sit,
2045 2521 2278 2573 nondum
2311 2522 2380 2575 sit
2413 2520 2656 2575 idoneus.
2688 2520 2745 2576 Si
2773 2523 2914 2576 enim
2939 2522 3100 2576 etiam
3133 2522 3198 2576 ad
3231 2523 3283 2578 id
3312 2524 3454 2593 quod

1918 2607 2131 2675 expedit
2155 2608 2276 2662 data
2306 2619 2433 2662 sunt
2481 2611 2618 2663 dona
2644 2610 2714 2674 ⁸ο,
2760 2624 2860 2665 nec
2898 2610 2951 2665 id
3002 2618 3207 2665 tantum
3241 2627 3305 2665 ex
3341 2625 3460 2680 pro-

1918 2697 2162 2763 portione
2194 2696 2337 2763 ildei,
2386 2699 2477 2751 Dei
2516 2699 2807 2753 humanum
2855 2714 3024 2769 genus
3062 2700 3291 2756 amantis
3338 2699 3456 2754 olli-

1919 2785 2057 2838 cium
2087 2785 2191 2840 erit
2215 2787 2556 2856 praevidentis
2590 2796 2971 2843 nocumentum
3007 2804 3073 2842 ex
3112 2788 3345 2844 elatione
3371 2790 3455 2846 vel

1921 2872 2191 2928 inﬂatione
2235 2875 2564 2942 insecutura,
2606 2888 2674 2928 ne
2703 2876 2863 2943 digno
2903 2876 3115 2944 quidem
3169 2877 3457 2947 aliquando

1919 2962 2261 3019 idoneitatem
2314 2964 2460 3019 dare.
2513 2965 2985 3019 Accommodatum
3040 2974 3123 3020 est
3163 2975 3337 3019 autem
3385 2967 3452 3020 ad
3531 2996 3543 3011 ο

1920 3061 2164 3107 naturam
2191 3054 2446 3107 bonitatis
2474 3054 2589 3120 Dei,
2637 3054 2857 3109 vincere
2899 3055 2952 3108 in
2993 3055 3333 3110 conferendis
3366 3056 3457 3110 be-

1917 3141 2122 3194 neficiis
2146 3154 2266 3194 eum
2297 3142 2349 3195 in
2391 3156 2547 3209 quem
2596 3143 2856 3196 beneficia
2890 3142 3268 3207 conferuntur,
3315 3143 3457 3197 anti-

1916 3224 2201 3298 cipareque
2228 3245 2371 3292 eum,
2401 3231 2489 3298 qui
2516 3231 2705 3300 dignus
2736 3230 2946 3284 futurus
2962 3239 3062 3294 est,
3082 3239 3240 3300 atque
3259 3244 3458 3285 ornare

1918 3317 2225 3380 idoneitate,
2258 3325 2315 3370 ut
2339 3323 2459 3386 post
2486 3318 2828 3371 idoneitatem
2879 3326 3199 3386 assequatur
3227 3333 3345 3373 esse
3369 3319 3421 3371 di
3446 3347 3460 3361 -

1916 3404 2472 3475 gnusznetalisdignu
2516 3404 2732 3457 omnino
2764 3419 2882 3458 cum
2912 3403 3090 3471 fuerit,
3126 3406 3457 3474 praeveniens

1918 3492 2082 3545 Deum
2110 3506 2333 3546 munera
2363 3490 2701 3559 largientem,
2737 3493 3009 3562 ipsiusque
3034 3495 3237 3563 gratias
3258 3496 3454 3559 antici-

1916 3595 2067 3648 pans,
2110 3581 2176 3633 ad
2218 3580 2317 3633 hoc
2351 3581 2614 3649 pertingat
2657 3590 2716 3635 ut
2749 3582 2820 3635 sit
2853 3582 3099 3637 idoneus.
3135 3583 3274 3652 Ergo
3312 3580 3456 3651 apud

1917 3680 2026 3723 tres
2057 3668 2411 3736 evangelistas
2443 3682 2502 3722 se
2537 3683 2640 3721 non
2671 3683 2792 3722 esse
2842 3670 3088 3723 idoneum
3139 3671 3313 3740 inquit
3353 3671 3458 3725 Ba-

1915 3757 2098 3826 ptista,
2134 3757 2269 3824 apud
2301 3755 2559 3810 Joannem
2588 3766 2764 3810 autem
2800 3773 2902 3811 non
2933 3773 3049 3812 esse
3081 3760 3318 3827 dignum.
3344 3758 3457 3816 Nec

1915 3845 2150 3915 profecto
2197 3846 2290 3914 qui
2323 3845 2457 3898 dixit
2483 3859 2541 3900 se
2592 3847 2824 3900 nondum
2869 3850 3130 3901 exsistere
3161 3849 3453 3919 idoneum,

1915 3933 2233 3996 excluditur,
2263 3935 2351 4000 qni
2385 3932 2556 3987 factus
2583 3930 2746 3986 fuerit
2790 3940 2968 4000 postea
3001 3934 3255 3999 idoneus,
3286 3936 3449 3988 etiam

1916 4024 1960 4077 si
1988 4023 2218 4075 nondum
2255 4023 2446 4090 dignus
2479 4031 2658 4087 esset;
2689 4023 2779 4089 qui
2818 4022 3053 4075 vicissim
3080 4037 3199 4076 cum
3232 4023 3366 4077 dixit
3394 4037 3454 4078 se

1916 4125 2019 4164 non
2049 4125 2166 4164 esse
2195 4112 2432 4180 dignum,
2462 4126 2583 4164 cum
2621 4127 2724 4166 non
2758 4118 2904 4165 esset
2952 4112 3176 4179 dignus,
3210 4126 3317 4166 non
3363 4125 3457 4166 cx-

276 4201 551 4271 χωροῦσαν
579 4199 680 4268 τὴν
736 4199 935 4269 θνητὴν
984 4199 1140 4267 φύσιν
1184 4200 1337 4268 ἥκειν
1389 4197 1536 4262 ποτὲ,
1567 4198 1820 4266 ἀληθευό-

1925 4200 2168 4263 cluditur,
2196 4200 2322 4268 quin
2351 4201 2416 4253 ad
2454 4202 2555 4254 hoc
2574 4215 2678 4254 non
2702 4200 3054 4269 pertigeritut
3077 4210 3219 4254 esset
3239 4201 3453 4269 dignus.

279 4309 429 4361 μενον
456 4292 598 4362 ἔχειν
628 4290 691 4342 τὸ
732 4289 995 4359 μηδέποτε
1036 4287 1285 4357 γενέσθαι
1333 4286 1512 4340 ἱκανὸν
1542 4286 1698 4340 λῦσαι
1731 4288 1819 4340 τὸν

278 4383 466 4451 ἱμάντα
498 4382 607 4435 τῶν
651 4380 1028 4449 ὑποδημάτων,
1055 4380 1149 4432 καὶ
1181 4376 1325 4441 ἄξιον
1363 4377 1456 4430 τοῦ
1492 4378 1653 4430 αὑτοῦ
1673 4394 1686 4407 ·
1723 4378 1821 4430 ὅσα

275 4471 328 4524 δὲ
354 4471 445 4523 ἐὰν
488 4472 852 4541 χωρήσωμεν,
881 4468 958 4519 ἔτι
991 4466 1335 4519 ὑπολείπεται
1367 4465 1433 4517 τὰ
1478 4465 1696 4534 μηδέπω
1738 4464 1823 4517 νε-

277 4562 532 4631 νοημέναν
581 4579 601 4611 ι
636 4558 791 4611 Ἐπεὶ
839 4558 962 4610 ὅταν
1005 4556 1295 4627 συντελέσῃ
1343 4555 1653 4625 ἄνθρωπος,
1703 4555 1822 4607 τότε

274 4650 511 4720 ἄρχεται·
544 4648 639 4701 καὶ
662 4649 790 4700 ὅταν
818 4645 1000 4721 παύσῃ
1031 4644 1161 4716 (59),
1188 4646 1307 4697 τότε
1341 4644 1761 4715 ἀπορηθήσεται,
1792 4664 1813 4697 ι

274 4739 408 4791 κατὰ
438 4738 537 4808 τὴν
570 4735 746 4807 Ἰησοῦ
779 4734 895 4786 υἱοῦ
918 4734 1112 4804 Σειράχ
1135 4731 1350 4799 Σοφίαν.

1921 4288 2030 4343 Nisi
2086 4289 2223 4343 forte
2250 4291 2370 4358 quis
2399 4291 2643 4345 dicturus
2669 4299 2771 4356 est,
2799 4305 2865 4345 eo
2894 4290 3034 4357 quod
3066 4290 3307 4345 mortalis
3359 4307 3456 4344 na-

1917 4389 2035 4431 tura
2065 4394 2169 4433 non
2210 4394 2379 4446 capax
2405 4380 2475 4432 sit
2503 4393 2676 4447 neque
2707 4379 2877 4447 possit
2908 4380 2995 4433 illo
3034 4380 3340 4448 pertingere
3360 4381 3459 4433 ali-

1916 4470 2131 4536 quando
2166 4476 2223 4521 ut
2261 4469 2622 4523 calceamenta
2668 4469 2781 4536 ipsa
2814 4468 3024 4522 solvere
3052 4478 3215 4537 atque
3247 4482 3458 4538 gestare

1920 4556 2110 4624 possit,
2136 4565 2194 4608 ut
2222 4555 2436 4624 dignum
2469 4565 2552 4610 est
2578 4556 2708 4624 ipsis
2735 4596 2750 4620 ,
2781 4556 3040 4610 Joannem
3074 4572 3202 4611 vera
3232 4573 3458 4611 narran-

1920 4653 2027 4699 tem
2059 4643 2256 4698 habere
2282 4644 2436 4706 illud,
2472 4652 2531 4698 ut
2564 4659 2833 4712 nunquam
2858 4643 3022 4696 fuerit
3051 4643 3279 4697 idoneus
3314 4657 3378 4697 ac
3397 4656 3466 4696 ne

1923 4734 2116 4801 dignus
2145 4733 2362 4801 quidem
2399 4734 2607 4789 solvere
2640 4735 2923 4802 corrigiam
2973 4731 3468 4785 calceamentorum

275 4844 366 4897 pro
411 4828 675 4897 dignitate
724 4824 889 4892 ipsius
916 4822 1175 4887 'Cbristi;
1217 4822 1369 4890 quia,
1395 4822 1641 4890 quamvis
1686 4823 1850 4877 multa
1896 4824 2198 4893 cognitione
2239 4823 2596 4892 percepimus,
2637 4823 2808 4879 adhuc
2855 4821 3238 4887 relinquantur
3294 4829 3483 4871 tamen

338 4992 381 5022 ⁸⁸
408 4991 564 5045 Rom.
599 5003 712 5052 xiv,
750 4986 805 5041 9.
879 4986 922 5017 ³⁷
948 4985 1111 5040 Marc.
1141 5001 1176 5048 ι,
1205 4984 1258 5038 7.
1348 4984 1392 5015 ³⁸
1413 4982 1565 5038 Joan.
1593 5000 1633 5050 ι,
1661 4986 1750 5040 27.

1925 4987 2058 5043 larc.
2086 5002 2123 5054 ι,
2145 4987 2196 5040 7.
2270 4987 2315 5020 ⁸ο
2350 4988 2505 5042 Rom.
2536 5002 2633 5054 xn,
2662 4985 2717 5039 6.

341 5143 454 5209 (55)
528 5137 923 5209 ’Υπεδήσατᾳ
961 5136 1015 5209 l_n
1049 5134 1237 5209 codice
1276 5133 1814 5209 BodleianoAlegitur

275 5202 592 5271 ὑπεδύσατο,
653 5202 839 5274 sicque
889 5206 1013 5274 legit
1068 5202 1399 5274 Ferrarius;
1429 5204 1622 5274 “vertit
1670 5207 1813 5274 cnim

275 5268 768 5339 subinduitfmale,’
793 5289 911 5326 nam
938 5268 1191 5339 alluditur
1228 5270 1291 5339 ad
1322 5268 1633 5339 ὑποδήματα
1670 5269 1810 5339 Idem

276 5348 437 5400 codex
458 5335 776 5398 Bodleianus
799 5355 922 5405 mox
946 5340 1107 5392 habet
1123 5335 1548 5405 ὑποδησάμενος,
1577 5346 1630 5389 ct
1658 5338 1815 5405 paulo

278 5421 394 5482 post
412 5413 512 5482 bis
521 5408 857 5482 ὑπεδύσατο.

346 5478 453 5548 (56)
496 5478 622 5534 llaec
646 5492 675 5533 a
703 5475 945 5532 Fcrrario
965 5468 1355 5540 praetermissa,
1382 5483 1411 5520 e
1429 5467 1672 5523 Pcrionio
1695 5484 1815 5539 sup-
1865 5499 1868 5502 ρ

1913 5138 2195 5207 plevimus.
2227 5204 2235 5207 Α
2264 5120 2267 5125 ’

1987 5190 2097 5276 (5?)
2122 5190 2127 5191 ί
2150 5204 2410 5276 πάντως·
2438 5203 2615 5276 βρίιθι
2646 5190 3291 5276 βοίιιθῐεεηιερξεέιὲῖεοες

1987 5208 2075 5276 (57
2150 5208 2410 5267 Πάντως.
2442 5208 2615 5256 Codex
2647 5208 3006 5255 Bodleianus,
3034 5208 3291 5268 παντο..
3450 5243 3461 5255 ο

1984 5208 2226 5340 (ὕδζλίαὶ
2250 5271 2619 5335 βαστάξεως.
2651 5271 2704 5323 In
2731 5265 2895 5323 codd.
2918 5261 3094 5324 Regio
3112 5261 3206 5306 et
3237 5248 3541 5301 Barbertuo

1916 5341 2065 5397 deest
2087 5340 2198 5393 καί.

1987 5407 2097 5477 (59)
2129 5408 2305 5464 Codex
2329 5405 2672 5472 Bodleianus,
2697 5402 3033 5463 παύσηται.
