3880 6178
579 194 684 252 363

1993 189 2309 245 ORICENIS

582 311 748 365 multa
802 309 1033 363 nondum
1064 305 1330 360 intellecta
1363 323 1375 357 :
1409 324 1425 355 ι
1468 304 1725 371 Quoniam
1759 318 1880 358 cum
1910 305 2198 359 absolverit
2235 308 2410 369 homo,
2442 311 2566 359 tunc
2591 304 2777 373 incipit
2818 320 2829 355 :
2871 312 2926 360 et
2955 318 3073 359 cum
3106 302 3410 374 quieverit,
3455 307 3603 354 tunc
3639 298 3648 350 i

579 414 665 458 tus
691 403 812 468 erit,
852 420 872 454 ι
899 401 1049 470 juxta
1078 397 1203 453 Jesu
1242 397 1331 451 ﬁlii
1364 397 1551 451 Sirach
1583 396 1907 465 Sapientiam
1932 399 1997 451 “.

644 498 732 551 2|.
766 498 955 550 Adhuc
992 493 1056 550 de
1086 493 1290 547 calceis
1325 493 1468 546 hunc
1498 493 1548 545 in
1579 492 1790 545 modum
1822 494 1961 560 apud
2000 502 2096 546 tret

2165 497 2185 553 ι
2281 492 2369 545 21.
2412 491 2530 543 Ἔτι
2580 491 2705 560 περὶ
2759 490 2865 542 τῶν
2900 489 3263 558 ὑποδημάτων
3312 485 3431 538 τῶν
3488 481 3648 552 παρό

571 582 926 651 ovangelistas
954 580 1243 635 nominatis
1282 580 1643 640 disseramus,
1691 578 1809 632 illos
1837 579 2113 632 conferen-

572 681 651 724 tes
684 685 803 723 cum
842 668 934 722 illo
972 667 1153 723 calceo
1185 669 1274 736 qui
1327 667 1464 735 apud
1499 666 1815 736 discipulum
1851 665 2111 721 Joannem

572 773 637 808 uu
650 773 796 811 mero
812 758 1066 827 singulari
1082 759 1437 812 nominatum
1460 755 1572 809 Non
1590 772 1739 810 sum:
1761 756 1902 810 enim
1930 770 2107 824 «ego,»

571 847 766 915 inquit,
799 862 817 892 ι
851 848 1063 914 dignus,
1087 856 1146 902 ut
1182 848 1383 902 solvam
1403 846 1518 915 ejus
1570 846 1856 916 corrigiam
1900 846 2110 900 calcea-

570 938 735 990 menti
763 938 828 990 δ’.
869 956 887 990 ι
923 938 1189 992 Fortassis
1223 937 1385 1005 igitur
1419 936 1586 990 victus
1612 950 1641 989 a
1679 936 1771 990 Dei
1803 936 1973 1005 gratia
1998 951 2111 989 mu-

574 1042 674 1081 nus
702 1030 906 1097 accepit
946 1028 1207 1098 (nondum
1241 1027 1471 1094 alioqui,
1511 1036 1770 1096 quantum
1804 1027 1856 1080 iu
1889 1042 1947 1082 se
1970 1035 2108 1089 erat,

570 1114 761 1181 dignus
794 1114 1077 1184 exsisteus)
1116 1115 1350 1169 solvendi
1395 1116 1685 1183 corrigiam
1731 1114 1953 1169 alterius
1995 1116 2107 1169 cal-

568 1212 991 1265 ceatneutorum,
1027 1216 1148 1256 cum
1200 1204 1561 1271 perspexisset
1596 1203 1736 1256 illius
1766 1204 1905 1256 inter
1938 1203 2109 1256 homi-

571 1300 666 1338 nes
702 1286 1011 1350 adventum,
1052 1287 1117 1340 de
1140 1300 1247 1354 quo
1274 1295 1328 1339 et
1356 1287 1692 1341 testiﬁcatur.
1723 1286 1827 1340 Sed
1856 1288 2105 1355 quoniam

566 1373 846 1427 deﬁciebat
886 1374 961 1428 illi
1010 1378 1416 1445 comprehensio
1462 1392 1643 1430 rerum
1682 1391 1800 1443 quae
1843 1385 2107 1430 secuturae

566 1475 739 1530 erant,
769 1468 1028 1523 nescienti
1063 1484 1128 1522 an
1160 1468 1319 1523 Jesns
1350 1478 1494 1524 esset
1534 1469 1697 1523 etiam
1729 1468 1820 1524 illo
1852 1478 2105 1522 venturus

566 1570 675 1621 quo
702 1556 939 1609 futurum
964 1565 1082 1611 erat
1110 1566 1167 1609 ut
1195 1560 1308 1626 ipse
1333 1572 1398 1610 ex
1430 1572 1650 1611 carcere
1692 1557 1985 1610 dccollatus
2016 1571 2105 1609 ac-

564 1645 802 1706 cederet,
856 1660 923 1699 an
958 1646 1118 1699 alium
1153 1656 1426 1713 oporteret
1470 1656 1814 1715 exspectare,
1866 1642 1935 1699 ob
1954 1646 2103 1699 hanc

563 1749 782 1791 causam
812 1736 1198 1791 dubitationem
1220 1736 1383 1798 illam,
1409 1751 1528 1804 qua:
1553 1736 1705 1789 nobis
1732 1746 1913 1803 postea
1949 1751 2101 1804 aper-

2214 581 2388 650 τρισὶν
2424 578 2595 641 οὕτως
2623 576 3027 648 ὀνομασθέντων
3054 572 3492 642 εὐαγγελισταῒς
3544 568 3645 621 δια

2217 687 2334 739 μεν,
2394 668 2768 739 συγκρίνοντες
2826 668 3007 719 ἐκεῖνα
3063 665 3140 734 τῷ
3203 662 3361 733 παρὰ
3426 659 3519 730 τῷ
3597 675 3647 727 μη

2224 758 2438 829 Ἰωάννῃ
2468 758 2656 821 ἑνικῶς
2687 756 3064 826 ὀνομασθέντιο
3107 775 3125 805 t
3155 755 3273 807 Οὐκ
3307 755 3445 823 εἰμὶ
3466 770 3485 802 ι
3532 749 3648 819 γὰρ

2214 848 2314 909 civ,
2364 867 2381 898 ι
2413 847 2520 916 ἐγὼ
2568 847 2719 911 ἄξιος
2752 847 2837 898 ἵνα
2890 846 3035 897 λύσω
3088 844 3256 898 αὑτοῦ
3294 844 3392 896 τὸν
3448 842 3648 912 ἱμάντι

2211 936 2747 1007 ὑποδήματος.ιΤάχα
2775 931 2866 988 οὖν
2895 935 3194 1005 νικώμενος
3230 934 3338 987 ὑπὸ
3378 933 3497 1002 τῆς
3547 931 3648 983 τοῦ

2209 1026 2426 1096 χάριτος
2472 1026 2680 1096 δωρεὰν
2729 1026 2934 1096 εἴληφε,
2989 1025 3251 1096 (μηδέπω
3292 1025 3430 1076 ὅσον
3489 1022 3588 1089 ἐφ’
3644 1044 3648 1067 l

2208 1115 2351 1179 ἄξιος
2379 1116 2451 1167 ὢν
2493 1115 2651 1167 λῦσαι
2691 1115 2780 1167 τὸν
2814 1116 3011 1184 ἱμάντα
3043 1113 3140 1167 τοῦ
3190 1114 3387 1184 ἑτέρου
3446 1110 3573 1163 τῶν
3615 1111 3647 1163 ύ

2210 1205 2435 1273 μάτων,)
2465 1205 2659 1274 νοήσας
2697 1204 2858 1257 αὑτοῦ
2888 1204 2987 1272 τὴν
3016 1204 3074 1254 ὲν
3107 1201 3433 1271 ἀνθρώποις
3477 1198 3648 1266 ὲπιδτ

2207 1295 2332 1362 περὶ
2379 1291 2445 1365 ἦς
2496 1296 2588 1346 καὶ
2637 1297 2919 1364 μαρτυρεῖ.
2968 1293 3121 1345 Ἐπεὶ
3170 1292 3227 1344 δὲ
3275 1291 3515 1343 ἔλειπεν
3576 1290 3648 1341 αὑ

2207 1384 2332 1453 περὶ
2385 1384 2492 1435 τῶν
2549 1383 2672 1454 ἑξῆς
2736 1383 3072 1453 κατάληψις,
3139 1382 3239 1434 οὐκ
3309 1381 3493 1433 είδότι
3582 1392 3648 1429 π(

2217 1474 2419 1543 Ἰησοῦς
2446 1478 2590 1528 ἐστιν
2630 1474 2658 1524 ὁ
2687 1475 2845 1526 κάκεῖ
2890 1474 3203 1544 ἐρχόμενος,
3232 1472 3370 1524 ὃπου
3422 1470 3550 1523 ἀπὸ
3578 1469 3648 1538 τῆ

2202 1563 2371 1633 λακῆς
2423 1562 2662 1632 γίνεσθαι
2714 1563 2932 1633 ἔμελλεν
2985 1561 3506 1629 άποκεφαλισθεὶς,
3555 1552 3648 1618 ἤὲ

2204 1653 2499 1724 προσδοκᾷν
2532 1653 2715 1722 ἐχρῆν,
2742 1653 2829 1704 διὰ
2859 1651 3017 1703 τοῦτο
3044 1651 3145 1721 τὴν
3185 1651 3547 1720 σαφέστερον
3581 1648 3648 1700 iis

2203 1741 2538 1810 ὲπαπόρησιν
2566 1743 2696 1808 ἡμῖν
2737 1740 3069 1810 δηλουμένην
3116 1740 3212 1792 καὶ
3246 1738 3344 1791 νῦν
3380 1739 3648 1808 αίνιττόι

567 1825 671 1878 tius
708 1824 1033 1887 declaratur,
1056 1825 1217 1876 etiam
1243 1798 1495 1889 innitens,
1524 1824 1697 1893 inquit
1717 1798 1845 1877 illud
1873 1842 1887 1878 :
1920 1841 1939 1875 ι
1984 1798 2096 1877 Non

2165 1802 2177 1854 ι
2205 1831 2337 1898 φησι
2367 1798 2453 1881 τό;
2490 1849 2507 1880 ι
2537 1798 2649 1881 Ούκ
2685 1798 2800 1898 εἰμί
2841 1798 2951 1895 ὲγιὶι
2984 1798 3135 1894 ἄξιος
3180 1829 3269 1881 ἵνα
3302 1828 3467 1880 λύσω
3507 1798 3648 1881 αὐτο

564 1929 680 1968 sum
710 1929 809 1983 ego
830 1915 1046 1983 dignus,
1078 1914 1230 1982 137
1257 1924 1311 1966 ut
1338 1914 1537 1968 solvam
1559 1914 1671 1982 ejus
1689 1915 1972 1981 corrigiam
2000 1913 2101 1965 cal-

561 2005 848 2059 ceamenti.
880 2023 899 2055 ι
938 2004 1087 2071 Quod
1116 2008 1160 2059 si
1205 2005 1323 2074 quis
1348 2004 1671 2058 existimarit
1699 2004 1968 2057 curiosius
2000 2004 2100 2055 hoc

562 2109 593 2149 a
619 2096 773 2150 nobis
807 2095 1009 2149 dictum
1041 2093 1225 2158 fuisse,
1259 2095 1303 2147 is
1328 2094 1378 2147 in
1410 2094 1550 2147 idem
1592 2093 1932 2163 congregabit
1958 2093 2096 2158 quod

564 2182 767 2236 dictum
799 2191 879 2235 est
900 2182 966 2235 de
994 2181 1373 2236 calceamentis
1399 2188 1455 2235 et
1486 2180 1869 2245 calceamento,
1896 2191 1952 2231 ut
1990 2180 2098 2231 vel-

560 2271 635 2325 uti
662 2271 806 2325 dicat
836 2288 851 2324 :
887 2271 1314 2340 Haudquaquam
1367 2271 1561 2340 dignus
1593 2285 1706 2323 sum
1740 2269 1946 2323 solvere
1977 2284 2098 2323 cor-

561 2360 773 2430 rigiam,
817 2376 885 2416 ne
928 2362 980 2416 in
1014 2362 1276 2430 principio
1322 2360 1558 2429 quidem,
1590 2360 1746 2413 unius
1779 2358 1977 2423 calcei;
2014 2358 2095 2412 vel

559 2454 721 2506 etiam
748 2453 889 2507 hunc
926 2453 979 2505 in
1005 2452 1217 2505 modum
1243 2453 1296 2505 iu
1328 2466 1491 2504 unum
1511 2450 1698 2504 adduci
1729 2457 1955 2517 possunt
1979 2463 2098 2517 qua:

556 2551 790 2611 quatuor
810 2541 1148 2611 evangelista:
1164 2541 1431 2595 dixerunt.
1455 2540 1511 2593 Si
1525 2538 1911 2593 enimloannes
1938 2538 2097 2593 intel-

558 2629 757 2700 ligebat
781 2646 898 2700 qua:
929 2631 1197 2701 pertinent
1237 2632 1303 2685 ad
1338 2631 1625 2685 adventum
1657 2629 1857 2683 Christi
1882 2629 1945 2683 ad
1978 2644 2094 2691 nos,

559 2719 939 2788 dubitabatque
967 2720 1033 2773 de
1053 2721 1215 2773 rebus
1246 2718 1614 2788 sequentibus,
1645 2733 1771 2773 vera
1803 2728 1987 2774 narrat
2012 2719 2094 2771 tli-

558 2825 898 2866 censsenon
944 2811 1192 2866 idoneum
1233 2812 1323 2879 qui
1369 2811 1541 2865 solvat
1566 2812 1852 2880 corrigiam
1892 2812 2095 2866 calcea-

559 2909 896 2965 mentorum;
923 2914 1023 2955 nec
1050 2901 1192 2954 euitn
1223 2908 1447 2969 utraque
1475 2900 1635 2954 solvit
1670 2902 1759 2969 qui
1786 2917 1950 2955 unum
1995 2902 2098 2955 sol-

559 2991 716 3047 verit.
746 2990 884 3046 Vera
936 2990 1098 3044 etiam
1145 2999 1330 3043 narrat
1383 2991 1586 3054 dicens,
1618 3009 1637 3042 ι
1675 2991 1961 3060 corrigiam
1989 2990 2096 3042 cal-

556 3081 844 3144 ceamenti,
880 3099 899 3131 »
929 3081 1200 3149 quoniam,
1228 3090 1288 3133 ut
1322 3080 1631 3147 praedictum
1667 3090 1772 3144 est,
1799 3082 2093 3134 etiamnum
2125 3120 2166 3176 ϐ

556 3170 765 3225 dubitat
784 3171 847 3224 de
871 3184 957 3235 eo,
987 3184 1053 3223 an
1085 3169 1198 3236 ipse
1224 3168 1294 3222 sit
1317 3168 1406 3222 ille
1438 3179 1710 3232 venturus,
1736 3178 1791 3223 et
1820 3169 1979 3221 etiam
2010 3170 2096 3222 ille

557 3262 970 3327 exspectandus,
1007 3274 1075 3311 an
1105 3260 1259 3312 alter.

624 3350 716 3404 ‘22.
746 3351 908 3416 Quin,
935 3350 1076 3417 quod
1117 3350 1182 3402 ad
1212 3350 1265 3403 id
1297 3349 1526 3410 attinet;
1570 3366 1589 3399 ι
1632 3348 1687 3402 ln
1721 3349 1895 3403 medio
1931 3346 2095 3401 vestri

559 3451 685 3507 stat,
720 3454 876 3509 quem
904 3454 999 3493 vos
1043 3439 1349 3515 nescitis“,
1375 3457 1394 3490 ι
1420 3439 1531 3493 haec
1548 3438 1855 3493 dissercnda
1880 3446 2003 3493 sunt
2029 3438 2095 3493 de

557 3530 695 3587 Filio
752 3530 847 3585 Dei
883 3530 1060 3599 Λόγῳ,
1091 3543 1186 3599 per
1216 3543 1373 3598 quem
1405 3530 1583 3583 omnia
1622 3529 1765 3582 facta
1799 3538 1946 3594 sunt,
1975 3529 2097 3584 sub-

557 3627 789 3681 sistente
840 3623 1267 3679 substantialiter
1318 3621 1612 3677 secundum
1672 3620 1989 3690 subjectum,
2038 3628 2095 3674 et

559 3715 699 3768 idem
744 3713 1041 3768 exsistente
1072 3726 1194 3767 cum
1221 3711 1507 3779 sapientia.
1540 3708 1638 3764 Hic
1676 3710 1821 3764 enim
1851 3723 1947 3779 per
1974 3709 2095 3762 uni-

562 3819 766 3860 versam
796 3804 944 3857 orbis
984 3802 1286 3857 machinam
1323 3808 1584 3869 permeat,
1625 3810 1682 3856 ut
1730 3816 1849 3870 qua:
1881 3814 2095 3869 semper

558 3894 711 3958 ﬁunt,
739 3909 834 3963 per
868 3894 1039 3962 ipsum
1073 3892 1204 3947 ﬁant
1228 3909 1245 3951 :
1279 3903 1335 3948 et
1360 3893 1423 3947 de
1451 3892 1738 3955 universis,
1765 3904 2094 3960 quaecunque

554 3979 863 4049 protuleris,
886 3995 1098 4049 semper
1128 3995 1315 4034 verum
1336 3980 1441 4035 erit
1467 3998 1482 4033 :
1520 3998 1541 4033 ι
1577 3980 1766 4035 Omnia
1799 3995 1893 4046 per
1922 3980 2092 4046 ipsum

555 4069 696 4125 facta
722 4079 869 4134 sunt,
897 4079 949 4126 et
968 4070 1085 4124 sine
1110 4071 1225 4139 ipso
1248 4070 1446 4124 factum
1472 4078 1552 4123 est
1569 4068 1790 4133 nihil“;
1816 4086 1836 4118 ι
1857 4076 1909 4120 et
1930 4067 2091 4123 illud:

480 4216 483 4219 .
559 4179 580 4213 ι
601 4162 789 4218 Omnia
820 4163 873 4215 in
903 4161 1161 4228 sapientia
1188 4159 1445 4214 fecisti“.
1469 4177 1487 4210 ι
1516 4158 1668 4225 Quod
1695 4159 1738 4213 si
1763 4173 1856 4226 per
1880 4171 2093 4212 omnem

552 4252 880 4306 creationem
910 4260 1070 4318 atque
1101 4250 1405 4302 universam
1455 4247 1631 4301 mundi
1669 4246 1927 4300 fabricam
1969 4261 2091 4315 per-

553 4350 719 4403 meat,
752 4340 805 4393 in
837 4340 1011 4393 medio
1034 4338 1240 4393 scilicet
1269 4338 1431 4391 etiam
1462 4351 1647 4392 eorum
1684 4344 1791 4391 stat
1816 4336 2091 4413 quiinter-

2208 1921 2402 1989 ἱμάντα
2433 1920 2522 1972 τοῦ
2567 1920 2923 1988 ὑποδήματος.
2960 1938 2976 1968 ι
3016 1920 3075 1971 '0
3103 1920 3160 1971 δὲ
3191 1920 3456 1988 οἰόμενος
3505 1936 3648 1990 περι

2202 2028 2357 2081 τερον
2403 2010 2557 2062 τοῦτο
2614 2008 2887 2078 εἰρῆσθαι,
2925 2010 3005 2070 είς
3056 2008 3251 2060 ταυτὸν
3311 2009 3559 2073 συνάξει
3613 2028 3647 2062 τ

2204 2102 2554 2171 ὑποδημάτων
2586 2102 2677 2152 καὶ
2721 2099 2816 2152 τοῦ
2863 2101 3228 2170 ὑποδήματος,
3258 2102 3350 2154 ἵνα
3392 2103 3582 2155 οἱονεὶ¹
3642 2103 3648 2153 ἶ

2203 2188 2460 2257 Οὐδαμῶς
2506 2187 2652 2254 ἄξιός
2699 2190 2812 2257 εἰμι
2843 2188 3001 2241 λῦσαι
3045 2190 3139 2241 τὸν
3194 2190 3442 2259 ἱμάντα,
3499 2192 3637 2245 οὐδὲ

2200 2278 2296 2348 τὴν
2325 2278 2512 2349 ἀρχὴν,
2561 2279 2661 2333 κᾶν
2696 2279 2789 2331 τοῦ
2828 2277 2945 2341 ἑνὸς
2977 2279 3361 2349 ὑποδήματος·
3403 2282 3443 2350 ἢ
3482 2283 3591 2335 καὶ
3642 2305 3648 2329 ι

2200 2367 2418 2421 δυνατὸν
2440 2369 2516 2430 είς
2535 2367 2590 2419 ἓν
2614 2367 2931 2435 συνάγεσθαι
2956 2367 3025 2421 τὰ
3049 2370 3199 2439 παρὰ
3222 2372 3336 2432 τοῖς
3357 2370 3648 2441 τέσσαρσι

2202 2455 2480 2525 εἰρημένα.
2507 2457 2569 2508 Εἰ
2597 2457 2705 2527 γὰρ
2736 2460 2764 2511 ὁ
2800 2457 3048 2525 Ἰωάννης
3083 2458 3254 2510 συνίει
3288 2460 3395 2528 μὲν
3426 2459 3509 2513 τὰ
3547 2479 3648 2533 πεί

2165 2579 2172 2585 η
2201 2545 2429 2599 ἐνταῦθα
2459 2545 2622 2599 αὑτοῦ
2652 2547 2961 2616 ἐπιδημίας,
2995 2548 3263 2618 ὲπηπόρει
3288 2547 3409 2617 (61)
3433 2549 3499 2601 δὲ
3529 2567 3648 2620 περ

2201 2632 2348 2703 ἑξῆς,
2374 2634 2622 2705 ἀληθεύει
2654 2635 2824 2704 λέγων
2865 2637 2960 2688 καὶ
2989 2637 3049 2689 τὸ
3080 2636 3156 2707 μὴ
3197 2633 3341 2689 εἶναι
3398 2638 3611 2692 ἱκανὸν

2200 2722 2290 2776 τὸν
2325 2722 2523 2791 ἱμάντα
2574 2723 2681 2775 τῶν
2731 2723 3116 2792 ὑποδημάτων·
3152 2724 3214 2775 οὐ
3268 2722 3383 2794 γὰρ
3437 2724 3572 2778 λύει
3632 2728 3648 2779 ἐ

2199 2828 2331 2883 τερα
2360 2811 2525 2878 λύσας
2560 2812 2653 2864 τοῦ
2684 2813 2821 2876 ἑνός.
2867 2812 3145 2883 ’Δληθεύει
3191 2812 3250 2865 δὲ
3284 2812 3475 2882 λέγων
3527 2819 3639 2870 καὶ

2203 2902 2402 2971 ἱμάντα
2427 2901 2521 2955 τοῦ
2553 2903 2915 2973 ὑποδήματος,
2944 2922 2962 2956 ι
3001 2904 3145 2967 ἐπεὶ,
3186 2904 3263 2968 ὡς
3307 2907 3647 2978 προείρητα

2199 2992 2443 3064 διαπορεῖ
2489 2992 2761 3058 περὶτοῦ,
2804 2993 3029 3063 πότερον
3063 2993 3227 3058 αὑτός
3274 2995 3435 3050 ἐστιν
3471 2998 3648 3071 ὲρχόι.

2200 3081 2234 3153 ἢ
2262 3082 2468 3154 ἕτερος,
2496 3088 2524 3136 ὁ
2556 3084 2714 3137 κάκεῖ
2751 3083 3177 3154 προσδοκητέος,

2262 3349 2351 3401 22.
2383 3348 2491 3401 Kal.
2512 3348 2636 3419 περὶ
2653 3344 2748 3397 τοῦ
2763 3344 2822 3402 δέ
2847 3364 2860 3379 ’
2886 3367 2904 3399 ι
2928 3349 3107 3412 Μέσος
3129 3348 3238 3418 (62)
3261 3350 3423 3420 ὑμῶν
3448 3353 3646 3424 ἐστηκ

2195 3439 2348 3507 ὑμεῖς
2374 3438 2473 3490 οὐκ
2501 3437 2696 3503 οἴδατε,
2736 3457 2754 3487 ι
2784 3437 2955 3491 ταῦτα
2979 3438 3301 3510 διαληπτέον
3355 3442 3500 3512 περὶ
3537 3447 3646 3499 τοῦ

2192 3526 2285 3578 τοῦ
2346 3524 2479 3578 Θεοῦ
2528 3526 2620 3578 τοῦ
2683 3527 2887 3593 Λόγου,
2951 3527 3020 3579 δι’
3067 3521 3128 3580 οῦ
3174 3528 3244 3581 τὰ
3290 3529 3486 3584 πάντα
3545 3536 3644 3604 γέπ

2195 3614 2549 3684 ὑφεπηκότος
2573 3616 2841 3677 οὑσιωῖῶς
2872 3617 3013 3670 κατὰ
3056 3618 3118 3670 τὸ
3152 3619 3534 3688 ὑποκείμενον
3564 3642 3643 3677 το

2191 3704 2286 3757 τοῦ
2328 3705 2477 3767 θντος
2520 3706 2585 3775 τῇ
2622 3705 2801 3774 σοφίᾳ.
2835 3699 3005 3769 Οὗτος
3035 3706 3144 3778 γὰρ
3173 3707 3240 3761 δι’
3282 3708 3419 3778 ὃλης
3472 3728 3644 3781 πεφο

2190 3793 2289 3861 τῆς
2334 3792 2579 3854 κτίσεως,
2610 3792 2696 3843 ἵνα
2724 3792 2811 3845 ἀεὶ
2846 3794 2915 3846 τὰ
2943 3795 3201 3865 γινόμενα
3226 3795 3293 3848 δι’
3319 3798 3501 3852 αὑτοῦ
3537 3804 3644 3869 γέν

2193 3885 2287 3936 καὶ
2346 3884 2475 3953 περὶ
2534 3884 2732 3947 παντὸς
2791 3886 3106 3938 οὑτινοσοῦν
3156 3887 3244 3940 ἀεὶ
3297 3888 3521 3959 ἀληθὲς

2197 3992 2215 4023 ι
2246 3973 2424 4026 Πάντα
2454 3972 2519 4025 δι’
2550 3973 2713 4025 αὑτοῦ
2744 3975 2981 4042 ἐγένετο,
3017 3978 3113 4029 καὶ
3142 3977 3311 4045 χωρὶς
3338 3979 3528 4034 αὑτοῦ
3570 3985 3642 4055 ὲγ

2192 4064 2341 4117 οὐδέν
2362 4079 2376 4093 ο
2410 4082 2429 4114 ι
2484 4064 2577 4118 καὶ
2613 4063 2703 4117 τό·
2744 4085 2761 4116 ι
2794 4067 2979 4121 Πάντα
3014 4069 3073 4121 ὲν
3108 4070 3270 4139 σοφίᾳ
3322 4072 3642 4145 ἐποίησας.

2190 4155 2245 4207 δὲ
2287 4154 2355 4207 δι’
2388 4154 2514 4225 ὅλης
2558 4156 2656 4227 τῆς
2693 4157 2922 4222 κτίσεως
2953 4160 3280 4231 πεφοίτηκε,
3327 4162 3528 4234 δῆλον,
3582 4172 3642 4225 ὅτ

2189 4242 2295 4296 τῶν
2330 4242 2770 4313 πυνθανομένων·
2808 4265 2827 4296 ι
2858 4246 2923 4298 Τί
2955 4241 3047 4299 οὖν
3095 4247 3408 4316 βαπτίζεις,
3456 4255 3514 4306 εί
3579 4259 3640 4309 ci

2192 4329 2244 4386 εἴ
2270 4336 2299 4387 ὁ
2331 4334 2583 4404 Χριστὸς,
2613 4336 2733 4388 οὐδὲ
2775 4337 2988 4401 Ἠλίας,
3025 4339 3146 4391 οὐδὲ
3179 4340 3208 4391 ὁ
3236 4342 3594 4414 προφήτηςς
3626 4369 3640 4402 ι

555 4431 848 4498 rogabant:
876 4447 896 4481 ι
926 4427 1064 4494 Quid
1105 4442 1234 4498 ergo
1278 4426 1548 4496 baptizas,
1586 4426 1630 4479 si
1674 4436 1729 4480 tu
1777 4441 1881 4480 non
1906 4439 1968 4480 es
1996 4425 2089 4481 ille

2192 4438 2282 4485 σος
2335 4422 2561 4491 ἔστηκεν
2603 4426 2632 4476 ὁ
2676 4424 2835 4487 αὐτὸς
2879 4424 2974 4478 καὶ
3031 4424 3249 4493 βέϐαιος
3281 4425 3359 4478 ὢν
3416 4430 3624 4498 Λόγος

552 4520 822 4582 Christus,
855 4532 1031 4586 neque
1051 4516 1221 4582 Elias,
1250 4530 1422 4585 neque
1458 4516 1718 4585 propheta
1751 4516 1841 4571 ille
1854 4515 1945 4569 “2
1978 4533 1996 4565 ι
2032 4513 2088 4568 ln

553 4610 750 4675 medio,
787 4609 1026 4676 inquam,
1056 4615 1162 4661 stat
1191 4605 1358 4673 Λόγος
1387 4606 1522 4675 ipse,
1545 4605 1674 4677 [hoc
1710 4615 1795 4661 est
1814 4603 1998 4675 ratio.]
2031 4613 2089 4659 et

551 4697 722 4753 Filius
772 4695 867 4750 Dei
895 4711 924 4749 a
951 4693 1111 4749 Patre
1144 4694 1389 4751 ﬁrmatus
1419 4696 1636 4764 ubique.
1677 4693 1775 4750 Vel
1803 4696 1964 4750 verba
2001 4708 2084 4757 ea,

552 4804 573 4838 ι
616 4786 668 4840 in
702 4786 877 4841 medio
908 4783 1073 4840 vestri
1106 4793 1235 4849 stat,
1269 4802 1289 4836 ι
1318 4784 1396 4840 sic
1426 4784 1811 4854 intelligantur,
1837 4785 1961 4854 quia
1988 4785 2082 4836 bo-

550 4876 722 4929 mincs
744 4890 835 4929 vos
856 4875 988 4929 ustis
1023 4875 1245 4928 rationis
1270 4885 1561 4943 compotes,
1600 4874 1801 4929 idcirco
1827 4892 1846 4924 ι
1878 4873 1931 4926 in
1970 4888 2082 4925 uic-

548 4966 636 5017 dio
655 4965 817 5018 vestri
845 4973 972 5028 stat,
1008 4981 1027 5014 ι
1060 4979 1125 5017 eo
1163 4964 1305 5031 quod
1336 4964 1390 5018 in
1415 4963 1587 5018 medio
1606 4963 1676 5016 sit
1700 4963 1864 5016 totius
1891 4975 2085 5028 corpo-

551 5066 625 5102 ris
642 5067 706 5105 ea
723 5053 912 5106 anima:
929 5067 1051 5122 pars
1069 5054 1532 5122 praestantissima,
1556 5052 1907 5121 principatum
1925 5066 2082 5119 quam

551 5152 765 5205 vocant,
817 5141 1107 5213 Scripturis
1162 5144 1429 5199 inviolata:
1490 5142 1612 5196 ﬁdei
1674 5141 2080 5198 ostendentibus

618 5269 663 5301 ⁸³
692 5270 855 5327 Eccli.
877 5287 1027 5340 svnt,
1050 5274 1102 5329 6.
1176 5275 1221 5308 “
1253 5273 1406 5329 Joan.
1434 5289 1475 5339 ι,
1495 5275 1585 5329 27.
1657 5274 1703 5306 ⁸⁸
1724 5272 1875 5328 Joan.
1908 5288 1948 5340 ι,
1976 5271 2067 5325 26.

554 5373 732 5493 σῐὶξθθ)
770 5376 945 5433 Codex
983 5379 1208 5449 Regius,
1239 5395 1513 5453 perperam
1535 5420 1550 5447 ,
1575 5382 1701 5451 περὶ
1730 5380 1826 5433 τοῦ
1856 5380 2081 5451 λιτέιειςιιιιιιδ⁴

2186 4510 2279 4564 τοῦ
2320 4512 2530 4581 Πατρὸς
2586 4513 2973 4583 ὲστηριγμένος
3023 4515 3319 4585 πανταχοῦ.
3356 4519 3431 4570 Ἦ
3467 4522 3542 4573 τό
3571 4540 3588 4554 ·
3637 4554 3640 4567 .

2189 4617 2279 4663 σος
2319 4601 2471 4670 ὑμῶν
2519 4601 2808 4670 ἓστηκεν,ι
2845 4603 3142 4669 ἀκουέσθω,
3186 4606 3270 4659 ὃτι
3321 4607 3491 4676 ὑμῶν
3530 4614 3639 4666 τῶη

2186 4688 2435 4760 θρώπων,
2463 4689 2550 4741 διὰ
2581 4689 2640 4741 τὸ
2673 4687 2810 4743 εἶναι
2856 4692 2999 4761 ὑμᾶς
3040 4691 3315 4760 λογικοὺς,
3350 4712 3369 4743 ι
3406 4697 3603 4766 μέσος

2186 4777 2373 4840 ἑστὼς,
2402 4796 2421 4829 ι
2458 4777 2535 4847 τῷ
2572 4779 2665 4831 τοῦ
2702 4782 2897 4843 παντὸς
2937 4780 3187 4851 σώματος
3231 4784 3291 4835 ὲν
3338 4785 3506 4857 μέσῳ
3552 4788 3638 4845 εἴη,

2186 4867 2520 4936 ἡγεμονικὸν,
2562 4868 2933 4929 ἀποδείκνυται
2977 4872 3119 4925 κατὰ
3165 4872 3265 4935 τὰς
3311 4875 3561 4945 Γραφὰς
3625 4884 3638 4936 i

2188 4957 2378 5028 καρδίᾳ
2425 4958 2700 5026 τυγχάνον.
2745 4960 2805 5012 Οί
2853 4960 3034 5015 τοίνυν
3084 4962 3300 5032 ἔχοντες
3352 4966 3449 5018 τὸν
3509 4970 3638 5042 Λόγ

2189 5048 2335 5117 μέσῳ
2371 5048 2595 5115 ἑαυτῶν,
2633 5050 2707 5120 μὴ
2751 5049 3206 5120 διαλαμϐάνοντες
3248 5055 3305 5107 δὲ
3340 5058 3473 5127 περὶ
3528 5062 3636 5135 τῆς

2187 5153 2321 5200 σεως
2360 5138 2541 5201 αὐτοῦ,
2572 5141 2705 5209 μηδὲ
2736 5141 2843 5194 ἀπὸ
2875 5142 3035 5206 ποίας
3061 5145 3248 5215 πηγῆς
3288 5148 3389 5199 καὶ
3428 5150 3636 5224 ἀρχῆς

2144 5269 2189 5302 ⁸⁵
2219 5268 2347 5323 ibid.
2373 5271 2428 5324 5.
2504 5271 2549 5303 ⁸⁸
2575 5271 2710 5325 Psal.
2736 5289 2851 5337 cm,
2880 5274 2971 5327 2L.
3047 5276 3094 5308 “
3115 5275 3277 5334 Juan.
3308 5296 3349 5349 ι,
3374 5280 3474 5338 25.

2402 5381 3278 5462 ροιιρκ-Βοείιςξιιιιιιε,-ὲ-νηπόρει.

2261 5450 2371 5519 (62)
2401 5450 2562 5517 Idem,
2590 5453 2721 5521 Περὶ
2748 5453 2920 5507 δὲατοῦ
2940 5472 2956 5487 υ
2977 5450 3185 5525 Μέἁοςζ
3209 5471 3318 5517 etc.
