3880 6234
313 293 422 349 263

1365 300 1709 355 COMMENT.
1750 302 1816 356 IN
1855 302 2040 360 JOAN.
2077 304 2311 361 TOMUS
2349 303 2434 359 Vl.

3388 298 3491 353 266

308 407 459 474 λυθε,
510 406 630 479 μηδ’
655 409 804 472 ὅπως
839 409 966 462 ποτὲ
1000 411 1315 482 συνέστησεν
1345 413 1523 475 αὐτοῖς
1551 413 1684 483 (65),
1718 409 1859 467 οὗτοι

1962 431 2076 470 eam
2114 417 2164 470 in
2205 416 2363 471 corde
2402 413 2684 468 exsistere.
2724 411 2822 479 Qui
2863 411 3026 477 igitur
3053 410 3104 464 in
3133 411 3216 465 sui
3257 410 3490 479 ipsorum

312 497 483 567 μέσον
516 498 678 551 αὐτὸν
698 497 914 567 ἔχοντες
945 501 1042 553 οὐκ
1077 500 1245 553 ίσασιν
1262 517 1276 532 ο
1300 503 1328 554 ό
1353 501 1410 554 δὲ
1435 501 1679 573 Ἰωάννης
1709 502 1865 557 αὐτὸν

306 583 440 640 οἶδε.
466 587 539 640 Τό
563 587 690 657 γάρ·
718 605 738 637 ι
754 589 850 641 ’ον
865 587 1021 657 ὑμεῖς
1041 589 1139 641 οὐκ
1152 588 1344 654 οἴδατε,
1360 608 1379 645 ι
1409 589 1762 654 ὀνειδιστικῶς
1779 590 1864 643 λεο

306 675 539 745 γόμενον
561 675 672 745 (64)
699 675 836 747 πρὸς
856 680 980 740 τοὺς
999 678 1336 748 Φαρισαίους,
1359 678 1606 749 ἐμφαίνει
1626 681 1703 749 τῷ
1723 677 1865 751 λόγῳ

307 764 370 817 τὸ
400 765 674 834 ἐπιμελῶς
700 765 988 833 ἐγνωκέναι
1014 766 1103 819 τὸν
1132 766 1224 820 ὑπ’
1251 769 1468 822 ἐκείνων
1503 768 1611 839 (65)
1643 767 1863 837 ἀγνοού-

311 869 490 921 μενον.
517 856 595 905 Δι’
623 853 652 905 δ
696 854 789 907 καὶ
827 853 1103 921 γινώσκων
1133 856 1292 910 αὑτὸν
1321 858 1349 910 6
1375 857 1697 928 Βαπτιστὴς,
1728 851 1864 910 οἶδεν

306 942 484 993 ὀπίσω
530 939 697 994 αὑτοῦ
731 942 1039 1013 ἐρχόμενον,
1079 944 1169 998 τὸν
1200 947 1257 998 ἐν
1311 945 1456 1016 μέσῳ
1504 945 1860 1015 τυγχάνοντα,

306 1031 554 1082 τουτέστι
586 1030 705 1101 μεθ’
733 1033 893 1086 αὑτὸν
921 1034 1015 1087 καὶ
1042 1034 1140 1104 τὴν
1183 1035 1270 1103 ὑφ’
1299 1034 1461 1089 αὑτοῦ
1487 1035 1544 1088 ἐν
1566 1033 1643 1104 τῷ
1672 1035 1863 1105 βαπτίοο

314 1132 482 1186 σματι
527 1116 875 1171 διδασκαλίαν
944 1119 1313 1189 ἐπιδημοῦντα
1353 1123 1466 1184 τοῖς
1516 1121 1649 1174 κατὰ
1696 1121 1863 1189 Λόγον

309 1204 794 1274 ἀπολουσαμένοις.
851 1205 924 1259 Οὐ
977 1206 1166 1260 ταύτὸν
1199 1207 1255 1259 δὲ
1296 1207 1610 1278 σημαίνεται
1661 1210 1724 1260 ὲκ
1764 1211 1862 1279 τῆς

314 1313 331 1342 ι
367 1293 545 1345 ὀπίσω
569 1312 586 1344 ι
625 1294 807 1363 φωνῆς
843 1294 1046 1360 ἐνθάδε,
1074 1296 1167 1348 καὶ
1216 1297 1339 1348 ὅταν
1369 1299 1397 1349 6
1435 1295 1639 1366 Ἰησοῦς
1671 1295 1862 1370 πέμπῃ

309 1383 460 1453 ἡμᾶς
490 1381 669 1435 ὀπίσω
689 1382 906 1436 ἐαυτοΰο
931 1386 1046 1436 ἐκεῖ
1076 1385 1173 1454 μὲν
1196 1385 1322 1455 γὰρ,
1354 1386 1439 1439 ίνα
1462 1386 1578 1439 κατ’
1602 1387 1718 1456 ίχνη
1749 1386 1863 1455 βαί-

307 1487 495 1535 νοντες
540 1473 707 1525 αὐτοῦ
764 1472 1050 1541 φθάσωμεν
1086 1473 1222 1544 πρὸς
1263 1475 1354 1529 τὸν
1397 1475 1643 1545 Πατέρα,
1690 1474 1862 1528 ὀπίσω

307 1560 477 1613 αὐτοῦ
514 1560 759 1628 γίνεσθαι
790 1562 1145 1632 κελευόμεθα·
1176 1564 1359 1617 ἐνθάδε
1395 1564 1451 1616 δέ
1485 1564 1622 1635 (66),
1658 1566 1744 1618 ἵνα
1770 1566 1862 1636 δη-

309 1650 457 1721 λωθῇ
491 1636 554 1704 τε
601 1650 739 1721 μετὰ
775 1652 871 1714 τὰς
912 1651 1149 1705 Ἰωάννου
1194 1651 1528 1717 διδασκαλίας
1562 1657 1701 1724 (ἐπεὶ
1740 1657 1859 1726 ἐλή-

308 1738 471 1791 λυθεν
500 1735 676 1803 οὗτος,
718 1758 736 1790 ι
768 1740 851 1794 ἴνα
900 1739 1098 1804 πάντες
1148 1741 1468 1795 πιστεύσωσι
1511 1744 1580 1796 δι’
1627 1744 1787 1797 αὑτοῦ
1815 1746 1861 1816 ι)

306 1828 425 1892 τοῖς
476 1829 1064 1901 προευτρεπισαμένοις
1129 1830 1441 1901 ἐπιδημεῖν,
1489 1833 1863 1904 προκεκαθαρ-

311 1917 496 1988 μένοις
528 1917 617 1970 διὰ
644 1917 754 1970 τῶν
792 1916 1045 1986 ἡττόνων,
1088 1917 1223 1989 πρὸς
1263 1918 1371 1987 (67)
1411 1919 1499 1970 τὸν
1532 1919 1735 1972 τέλειον
1778 1920 1861 1972 λό-

307 2022 426 2073 γον.
503 2004 931 2076 Προηγουμένως
995 2004 1090 2073 μὲν
1144 2001 1234 2058 οὖν
1300 2006 1529 2075 ἕστηκεν
1584 2008 1612 2058 ὀ
1675 2006 1861 2078 Πατὴρ

307 2095 595 2164 ἄτρεπτος,
620 2094 715 2147 καὶ
742 2092 1089 2154 ἀναλλοίωτος
1125 2092 1227 2144 ὤν’
1262 2094 1457 2164 ἕστηκε
1488 2094 1545 2148 δὲ
1582 2095 1676 2147 καὶ
1705 2095 1733 2146 6
1761 2097 1861 2148 Λό-

306 2199 407 2250 γος
431 2183 593 2235 αὐτοῦ
635 2183 722 2234 ἀεὶ
759 2183 817 2233 ἐν
842 2181 921 2250 τῷ
954 2180 1161 2247 σώζειν,
1190 2181 1290 2234 κᾶν
1318 2182 1538 2253 γένηται
1570 2182 1722 2252 σὰρξ,
1761 2184 1860 2235 κᾶν

310 2273 476 2342 μέσος
567 2271 906 2343 ἀνθρώπων,’
924 2273 984 2325 06
1019 2268 1577 2342 καταλαμϐανόμενος,
1600 2272 1714 2324 ἀλλ’
1740 2271 1860 2324 οὐδὲ

308 2360 642 2430 βλεπόμενος
665 2376 679 2390 ·
726 2360 924 2429 ἔστηκε
962 2361 1018 2433 δέ
1067 2361 1161 2413 καὶ
1209 2361 1503 2426 διδάσκων,
1561 2361 1857 2430 προκαλού-

309 2462 473 2516 μενος
505 2448 711 2510 πάντας
743 2448 836 2499 sui.
870 2446 930 2498 τὸ
957 2447 1128 2501 πίνειν
1156 2446 1261 2500 ἀπὸ
1296 2447 1394 2516 τῆς
1425 2446 1653 2516 ἀφθόνου
1681 2449 1859 2518 πηγῆς

304 2534 510 2589 αὑτοῦ·
561 2555 579 2588 ι
605 2536 861 2605 Εἱστήκει
886 2553 904 2585 ι
947 2534 1054 2611 γάρ
1105 2550 1124 2586 ι
1153 2537 1182 2588 6
1239 2535 1468 2604 Ἰησοῦς,
1520 2535 1612 2588 καὶ
1667 2535 1859 2604 ἕκραξε

304 2624 519 2692 λόγων·
576 2624 702 2678 Ἐάν
751 2638 835 2685 τις
900 2621 1067 2692 διψᾷ,
1123 2621 1366 2694 ἐρχέσθω
1419 2625 1554 2695 πρὸς
1617 2625 1720 2694 μδ,
1767 2627 1860 2678 καὶ

304 2713 530 2766 πινέτω.
556 2730 576 2765 ι

1964 507 2138 560 medio
2169 506 2335 572 Λόγον
2371 504 2492 574 [hoc
2523 514 2606 558 est
2642 499 2923 571 rationem]
2950 500 3167 565 habent,
3193 515 3316 555 cum
3355 501 3492 555 into~

1964 594 2065 646 rint
2100 607 2204 646 non
2237 594 2499 645 disserant
2538 590 2621 644 vel
2651 591 2715 643 de
2756 588 2922 656 ipsius
2960 594 3175 649 natura,
3210 586 3293 641 vel
3325 600 3358 641 a
3387 601 3493 654 quo

1964 680 2113 735 fonte
2169 689 2224 735 et
2256 679 2515 750 principio
2535 678 2763 740 venerit,
2792 690 2962 744 neque
2995 675 3205 729 tandem
3226 677 3490 743 quomodo

1962 770 2357 822 conﬁrmaverit
2384 767 2548 834 ipsos,
2576 766 2628 819 bi
2647 765 2698 819 in
2728 766 2897 819 medio
2918 763 2999 818 sui
3052 764 3288 830 ipsorum
3319 763 3488 831 Λόγον

1962 855 2038 927 [et
2054 854 2330 927 rationem]
2365 868 2423 911 se
2451 856 2648 909 habere
2678 857 2940 910 nesciunt.
2971 856 3040 908 At
3065 851 3300 907 Joannes
3322 853 3492 922 ipsum

1963 946 2108 999 novit
2134 964 2145 998 :
2175 946 2273 999 hoc
2289 946 2451 1007 enim,
2479 963 2498 995 ι
2532 958 2687 1011 quem
2708 957 2801 999 vos
2818 944 3088 1010 nescitis,»
3114 942 3496 997 contumeliose

1960 1033 2159 1088 dictum
2191 1033 2258 1086 ad
2291 1031 2604 1097 Pharisaeos,
2658 1033 2891 1087 ostendit
2934 1030 3196 1086 Joannem
3242 1040 3496 1087 accurate

1960 1121 2236 1188 agnovisse
2245 1131 2398 1186 quem
2411 1117 2484 1171 illi
2501 1120 2682 1185 ignora
2691 1129 2825 1172 rent.
2838 1119 3004 1184 Quam
3024 1119 3092 1172 ob
3105 1133 3316 1173 causam
3333 1119 3494 1173 etiam

1960 1206 2217 1274 Baptista,
2234 1207 2402 1275 ipsum
2419 1220 2732 1275 agnoscens,
2757 1208 2899 1260 novit
2915 1214 3102 1276 postse
3121 1218 3423 1271 venturum,
3439 1208 3492 1262 in

1963 1297 2138 1350 medio
2160 1295 2527 1362 exsistentem,
2556 1297 2657 1352 hoc
2688 1307 2769 1352 est
2795 1308 2913 1366 post
2940 1313 3019 1361 se,
3055 1310 3109 1353 et
3144 1308 3263 1366 post
3288 1299 3487 1354 doctri-

1958 1396 2080 1436 nam
2108 1397 2138 1437 a
2166 1399 2224 1439 se
2254 1385 2304 1438 in
2342 1382 2605 1451 baptismo
2662 1383 2862 1449 datam,
2902 1386 3265 1440 advenientem
3300 1387 3366 1442 ad
3403 1400 3496 1441 eos

1959 1471 2047 1537 qui
2097 1473 2386 1527 secundum
2429 1474 2742 1527 Sermonem
2790 1472 2907 1543 [seu
2961 1474 3118 1543 138
3196 1474 3493 1547 rationem]

1959 1557 2123 1612 abluti
2155 1561 2353 1615 fuerint
2378 1598 2394 1616 .
2423 1559 2536 1616 Non
2566 1561 2704 1615 idem
2749 1571 2926 1615 autem
2953 1562 3286 1630 signiﬁcatur
3313 1564 3412 1617 hoc
3441 1564 3490 1616 in

1968 1647 2081 1701 loco
2100 1662 2200 1718 per
2222 1664 2404 1705 vocem
2436 1667 2455 1701 ι
2491 1660 2609 1717 post
2650 1666 2669 1700 ι
2707 1659 2762 1703 et
2790 1652 3003 1718 quando
3029 1650 3183 1705 Jesus
3204 1652 3368 1706 mittit
3395 1668 3495 1706 ιιοε

1895 1714 1935 1770 Β
1962 1749 2082 1805 post
2101 1714 2334 1807 seipsum
2359 1757 2375 1803 ;
2416 1714 2526 1793 illic
2557 1740 2701 1794 enim
2736 1714 2852 1809 post
2881 1742 3052 1807 ipsum
3082 1754 3201 1795 esse
3222 1741 3490 1811 iubemur,

1961 1836 2019 1880 ut
2049 1826 2358 1883 incedentes
2399 1842 2495 1896 per
2526 1828 2690 1895 ipsius
2718 1828 2936 1897 vestigia
2958 1868 2973 1891 ,
3012 1831 3383 1896 perveniamus
3426 1832 3494 1887 ad

1959 1916 2207 1982 Patrem;
2250 1918 2351 1972 hoc
2387 1931 2516 1972 vero
2549 1918 2601 1971 iu
2633 1917 2770 1980 loco,
2816 1928 2874 1971 ut
2908 1918 3272 1975 declararetur
3311 1918 3492 1975 Jesum

1959 2015 2083 2074 post
2137 2005 2358 2063 Joannis
2412 2008 2685 2064 doctrinas
2728 2010 3178 2078 (quandoquidem
3210 2011 3298 2065 hic
3322 2014 3491 2076 venit,

1964 2111 1982 2144 ι
2008 2098 2268 2150 ut'omnes
2289 2096 2568 2150 crederent
2591 2112 2684 2165 per
2721 2099 2889 2165 ipsum
2920 2098 3035 2131 ""°
3066 2100 3116 2166 ι)
3145 2101 3398 2155 accedere
3423 2104 3491 2154 ad

1964 2196 2057 2243 cos
2079 2184 2170 2251 qui
2201 2193 2359 2238 antea
2392 2187 2670 2253 praeparati
2695 2186 2920 2242 fuissent
2944 2197 3103 2256 atque
3118 2188 3378 2258 pumicati
3398 2205 3493 2258 per

1962 2270 2217 2327 inferiora
2239 2273 2303 2325 ad
2330 2273 2621 2340 perfectum
2654 2274 2808 2342 λόγον
2858 2274 2974 2344 [seu
3012 2276 3319 2348 rationem].
3348 2278 3493 2333 Prae-

1965 2358 2124 2427 cipue
2166 2361 2346 2428 itaque
2373 2370 2479 2415 stat
2508 2362 2667 2416 Pater
2704 2364 3047 2420 immutabilis
3070 2376 3125 2421 et
3147 2367 3494 2423 inalterabilis

1961 2450 2221 2505 exsistens
2253 2467 2266 2502 :
2291 2459 2398 2504 stat
2428 2460 2603 2506 autem
2624 2461 2677 2507 et
2708 2454 2899 2509 Sermo
2926 2455 3091 2523 ipsius
3121 2470 3351 2526 semper,
3363 2458 3491 2512 dum

1964 2547 2166 2605 servat,
2196 2541 2358 2595 etiam
2391 2540 2433 2595 si
2462 2542 2555 2595 fiat
2574 2554 2723 2608 caro,
2762 2544 2972 2598 etiamsi
2996 2544 3051 2598 in
3077 2543 3253 2601 medio
3284 2546 3354 2602 sit
3398 2548 3494 2602 hc-
3578 2554 3585 2559 ’

1962 2627 2184 2693 minum,
2213 2642 2322 2683 non
2351 2630 2791 2698 comprehensus,
2833 2632 2926 2686 sed
2964 2646 3138 2702 neque
3160 2633 3306 2689 visus
3335 2650 3350 2687 :
3388 2643 3496 2691 sta:

1965 2724 2141 2769 autem
2184 2724 2239 2770 et
2284 2717 2502 2784 docens,
2544 2720 2773 2777 invitans
2808 2734 2998 2776 omnes
3030 2723 3094 2776 ad
3135 2722 3421 2779 bibendum
3460 2739 3495 2780 ι

308 2801 460 2856 fonte
484 2816 584 2865 suo
612 2800 949 2856 abundanti:
988 2816 1007 2850 ι
1054 2796 1245 2854 Stabat
1289 2801 1428 2854 enim
1485 2796 1660 2865 Jesus,
1710 2810 1764 2856 et
1806 2801 2068 2857 clamabat
2114 2805 2293 2861 dicens
2352 2824 2367 2860 :
2423 2805 2479 2861 Si
2531 2808 2652 2877 quis
2703 2809 2853 2874 sitit,
2904 2810 3082 2866 veniat
3134 2812 3202 2866 ad
3264 2826 3387 2878 tne,
3440 2823 3496 2868 et

304 2889 461 2947 bibat
483 2892 552 2945 ⁸⁷.
579 2910 601 2945 ι

378 2977 470 3033 25.
521 2978 579 3032 '0
609 2979 668 3032 δὲ
709 2978 1020 3048 ’Πρακλέων
1049 2980 1137 3031 τόο
1175 2996 1196 3029 ι
1221 2979 1399 3042 Μέσας
1423 2980 1571 3050 ὑμῶν
1592 2981 1857 3050 ἐστηκε,·ι

2024 2981 2110 3034 25.
2135 2982 2203 3033 At
2235 2981 2546 3040 Heracleon.
2581 3002 2597 3031 ι
2621 2982 2678 3033 In
2708 2982 2883 3033 medio
2904 2983 3065 3035 vestri
3105 2989 3241 3047 stat,
3275 3000 3292 3032 ι
3325 2985 3493 3036 inter-

307 3070 494 3140 φησιν,
522 3068 646 3121 ἀντὶ
690 3067 784 3121 τοῦ
845 3068 1023 3137 «Ἤδη
1066 3067 1312 3138 πάρεστι,
1358 3069 1450 3122 καὶ
1505 3069 1648 3122 ἐστιν
1692 3073 1750 3122 ἐν
1779 3068 1857 3139 τῷ

1962 3076 2195 3134 pretatur
2225 3083 2238 3117 :
2273 3087 2291 3117 ι
2323 3066 2437 3121 1am
2462 3070 2630 3128 adest,
2660 3077 2713 3122 et
2739 3078 2819 3122 est
2841 3069 2895 3122 in
2916 3069 3134 3127 mundo.
3157 3079 3211 3123 et
3239 3068 3379 3123 inter
3396 3086 3495 3124 nos

290 3156 520 3228 ’κόσμιεῃ
562 3157 660 3211 καὶ
700 3157 760 3209 ἐν
791 3155 1264 3230 (irrepit-tremum).
1301 3158 1544 3229 ἐμφανής
1572 3159 1716 3211 ἐστιν
1756 3158 1857 3228 ήδη

1962 3169 2143 3225 omnes
2188 3155 2432 3209 homines
2468 3174 2486 3204 ι
2517 3156 2623 3224 jam
2662 3156 2883 3210 visibilis
2915 3164 2998 3210 est
3030 3172 3042 3207 :
3072 3171 3177 3224 qua
3227 3158 3494 3227 interpre-

308 3250 476 3301 πᾶσιν
506 3248 666 3318 ὑμῖν·
698 3245 789 3299 διὰ
824 3245 1025 3299 τούτων
1049 3245 1106 3299 δέ
1140 3249 1411 3319 περιαιρεῖ
1447 3248 1508 3299 τδ
1548 3247 1657 3316 (68)
1685 3264 1859 3319 παρα-

1962 3243 2155 3295 tatione
2174 3239 2313 3295 tollit
2337 3240 2479 3307 quod
2512 3240 2806 3306 docuimus,
2838 3255 3027 3310 nempe
3059 3245 3200 3311 quod
3240 3244 3355 3313 ipse
3386 3247 3495 3300 dis-

313 3336 503 3389 σταθέν
534 3337 667 3405 περὶ
696 3333 789 3387 τοῦ
827 3334 1296 3404 διαπεφοιτηκέναι
1333 3334 1489 3388 αὐτὸν
1518 3335 1587 3388 δι’
1612 3336 1732 3388 ὅλου
1761 3335 1853 3388 τοῦ

1962 3338 2139 3383 currat
2188 3341 2253 3381 ac
2287 3336 2522 3395 permeet
2564 3341 2662 3395 per
2690 3337 2859 3383 totum
2888 3331 3164 3385 mundum.
3200 3333 3488 3388 Dicendum

312 3427 537 3496 κόσμου.
567 3423 797 3477 Λεκτέον
823 3422 930 3492 γὰρ
959 3422 1095 3494 πρὸς
1120 3422 1277 3475 αὐτόν
1293 3439 1306 3454 ο
1341 3424 1475 3476 Πότε
1500 3424 1609 3494 γάρ
1634 3423 1694 3476 οὐ
1718 3424 1856 3495 πάρ-

1962 3414 2099 3469 enim
2150 3413 2216 3468 ad
2258 3414 2447 3469 illum:
2482 3413 2706 3480 Quando
2750 3415 2890 3470 enim
2918 3431 3026 3470 non
3067 3418 3253 3473 adest?
3280 3424 3489 3490 quando

322 3527 467 3576 εστι;
528 3512 659 3563 πότε
699 3511 744 3563 δ’
782 3510 883 3563 οὐκ
916 3510 1059 3563 ἐστιν
1098 3510 1155 3562 ἐν
1184 3511 1261 3581 τῷ
1291 3513 1508 3581 κόσμῳς
1559 3513 1649 3564 καὶ
1691 3513 1861 3566 ταῦτα

312 3600 405 3654 τοῦ
442 3601 772 3670 Εὐαγγελίου
817 3601 1090 3670 λέγον-τός’
1131 3618 1150 3652 ι
1185 3601 1272 3655 Ἐν
1302 3602 1379 3672 τῷ
1411 3602 1597 3672 κόσμῳ
1634 3597 1725 3672 ἦν,
1767 3604 1862 3655 καὶ

311 3691 345 3745 6
371 3691 569 3762 κόσμος
599 3691 667 3744 δι’
694 3691 855 3745 αὐτοῦ
881 3692 1114 3759 ἐγένετο,
1146 3693 1240 3744 καὶ
1271 3694 1300 3744 6
1337 3691 1535 3761 κόσμος
1566 3689 1726 3744 αὐτὸν
1764 3689 1862 3742 οὐκ

316 3780 452 3848 ἔγνω
486 3782 620 3851 (69).
649 3800 666 3831 ι
710 3781 820 3833 Καὶ
862 3779 948 3832 διὰ
982 3779 1137 3833 τοῦτο
1182 3780 1274 3833 καὶ
1322 3774 1498 3844 οὗτοι,
1535 3780 1669 3849 πρὸς
1706 3778 1798 3841 οὒς
1832 3781 1862 3831 6

314 3869 486 3938 λόγος,
514 3870 547 3924 6
584 3889 602 3921 ι
634 3870 693 3922 δν
739 3869 896 3938 ὑμεῖς
931 3869 1031 3922 οὐκ
1066 3868 1261 3930 οἴδατε,
1281 3886 1299 3918 ι
1325 3868 1425 3921 οὐκ
1453 3868 1650 3920 οἴδασιν
1680 3867 1860 3931 αὑτὸν,

317 3961 435 4012 ἐπεὶ
461 3958 673 4012 οὐδέπω
703 3957 799 4010 τοῦ
834 3954 1037 4025 κόσμου
1082 3956 1479 4027 ἐξεληλύθασιν,
1505 3959 1533 4021 6
1565 3956 1622 4012 δέ
1664 3958 1862 4027 κόσμος

316 4045 473 4099 αὑτὸν
509 4046 610 4099 οὑκ
658 4045 818 4112 ἔγνω.
870 4044 1027 4096 Ποῖον
1071 4044 1129 4096 δὲ
1177 4044 1363 4114 χρόνον
1411 4044 1639 4097 διέλειπε
1683 4044 1776 4098 τοῦ
1802 4047 1863 4098 ἐν

312 4134 614 4208 ἀνθρώποις
646 4133 823 4201 εἶναι;
858 4133 930 4187 Ἤ
982 4136 1080 4188 οὐκ
1136 4135 1193 4188 ἐν
1238 4133 1431 4205 Ἡσαΐᾳ
1486 4129 1555 4204 ἦν
1620 4133 1860 4203 λέγοντι’

320 4245 338 4277 ι
368 4226 590 4296 Πνεῦμα
636 4224 845 4298 Κυρίου
874 4225 965 4276 ἐπ’
1009 4225 1126 4295 ἐμὲ,
1155 4217 1214 4277 οὗ
1256 4224 1457 4277 εἵνεκεν
1487 4224 1668 4295 ἐχρισέ
1712 4242 1808 4295 με·
1841 4245 1859 4277 ι

315 4317 436 4370 καί’
476 4334 498 4370 ι
539 4314 816 4386 Ἐμφανὴς
865 4314 1122 4384 ἐγενόμην
1169 4318 1279 4377 τοῖς
1308 4315 1403 4384 ἐμὲ
1446 4314 1518 4384 μὴ
1567 4312 1811 4385 ζητοῦσι;
1838 4334 1855 4365 ι

315 4404 633 4472 Λεγέτωσαν
659 4403 715 4456 δέ
748 4405 797 4456 εί
833 4402 906 4473 μὴ
937 4405 1029 4456 καὶ
1058 4405 1113 4456 ἐν
1154 4403 1314 4456 Δαυῒδ
1344 4399 1431 4473 ἦν,
1453 4403 1550 4455 οὐκ
1584 4404 1674 4471 ἀφ’
1698 4403 1856 4456 αὑτοῦ

312 4493 547 4562 λέγοντι*
591 4512 610 4546 t
649 4492 791 4561 Ἐγὼ
832 4493 888 4546 δὲ
927 4494 1258 4563 κατεστάθην
1288 4492 1534 4562 βασιλεὺς
1572 4493 1663 4545 ὑπ’
1694 4492 1855 4545 αὐτοῦ

314 4584 401 4636 ἐπὶ
425 4584 564 4637 Σιὼν
588 4584 713 4654 δρος
744 4583 803 4636 τὸ
834 4583 985 4650 ἅγιον
1023 4582 1210 4635 αὐτοῦ·
1240 4600 1258 4633 ι
1293 4583 1384 4635 κα).
1407 4582 1505 4635 ὅσα
1544 4580 1607 4632 ἐκ
1649 4579 1856 4651 προσώ-

311 4690 409 4728 που
437 4674 678 4745 Χριστοῦ
706 4674 764 4726 ἐν
786 4672 1029 4742 Ψαλμοῖς
1066 4674 1502 4743 ἀναγέγραπται;
1540 4670 1650 4722 Καὶ
1687 4671 1740 4722 τί
1788 4687 1852 4739 με

308 4766 385 4820 δεῖ
427 4767 551 4820 καθ’
588 4766 821 4819 ἕκαστον
869 4763 1241 4817 ἀποδεικνύναι
1292 4759 1742 4830 δυσεξαρίθμητον
1767 4760 1855 4811 δν-

308 4874 411 4921 τως
449 4858 560 4927 (70)
617 4854 965 4926 παραστῆσαι
1012 4851 1254 4923 ἐναργῶς
1298 4849 1618 4918 δυνάμενον,
1659 4848 1739 4900 ὅτι
1771 4848 1856 4900 ἀεὶ

378 4968 493 5002 "'3‘
515 4970 673 5023 Joan.
699 4983 738 5031 ι,
768 4967 820 5021 7.
916 4966 959 4998 ⁸⁷
980 4965 1133 5021 Joan.
1168 4978 1262 5026 vn,
1296 4960 1384 5015 ‘57.
1476 4960 1520 4991 ⁸⁸
1556 4958 1707 5014 Joan.
1764 4976 1802 5024 I,
1833 4959 1918 5012 10.

378 5107 489 5197 (65)
527 5107 916 5197 ξυνέστησεν
932 5102 1157 5197 αὐτοῖεὲ
1169 5096 1479 5197 Εξξειιιίιιιιι
1509 5096 1590 5149 vel
1609 5098 1854 5166 συνέστη-

310 5169 398 5231 σεν
420 5169 637 5238 αὑτούς,
665 5175 746 5243 vel
763 5169 1080 5243 συνέστηκεν
1098 5169 1302 5243 αὐτοῖςΞ

378 5246 488 5317 (64)
521 5231 703 5317 Codex
728 5231 1065 5303 Bodleianus,
1093 5246 1267 5300 reete,
1289 5231 1593 5299 λεγόμενον.
1629 5231 1846 5303 Regius,

310 5312 802 5381 male,'1svdy.£v9y.
1005 5376 1015 5381 _
1158 5372 1171 5381 ,
1316 5367 1328 5381 ,
1478 5368 1491 5381 .
1559 5366 1576 5381 .
1603 5367 1615 5381 ,
1815 5368 1839 5381 ..

378 5366 707 5446 (63)Ἐι1ὶίἰο
735 5376 906 5431 Huetii
935 5376 1135 5446 habet,
1154 5367 1411 5446 ἐμφαίνει
1444 5368 1531 5446 τδν
1559 5366 1748 5446 λόγον,
1772 5368 1851 5446 τῷ

312 5436 583 5519 ἐπιμελῶς
616 5445 907 5519 ἐγνωκέναι
926 5445 984 5496 τὸ
1012 5443 1102 5494 ὑπ’
1119 5436 1370 5499 ἐκείνων,
1399 5439 1490 5488 sed
1516 5437 1679 5489 codex
1708 5436 1851 5490 Βυιιίο

313 5516 521 5571 ιθὶεἱιιιιε
555 5524 614 5566 ut
634 5517 685 5566 in
716 5524 898 5566 nostro
924 5521 1090 5564 textu.

383 5583 493 5653 (66)
534 5579 882 5637 Ἐνθάδεδέ.
915 5579 1002 5632 Sic
1035 5574 1210 5629 codex
1244 5570 1598 5636 Bodleianus;
1633 5569 1851 5637 Regius,

588 5667 849 5735 PA't‘nOL.
892 5672 1002 5731 GR.
1049 5666 1143 5727 XI
1156 5664 1227 5722 V-

1959 3515 2135 3558 autem
2165 3517 2268 3557 non
2295 3513 2377 3558 est
2398 3504 2451 3557 in
2482 3504 2724 3558 mundo?
2750 3508 3045 3574 praesertim
3090 3509 3376 3579 Evangelio
3406 3512 3490 3564 di-

1958 3601 2111 3648 cente
2139 3610 2153 3647 :
2186 3609 2206 3643 ι
2240 3593 2298 3646 In
2333 3593 2531 3647 mundo
2562 3603 2699 3658 erat,
2740 3605 2795 3649 et
2825 3598 3053 3651 mundus
3092 3612 3186 3666 per
3212 3600 3385 3668 ipsum
3418 3602 3494 3655 fu-

1960 3691 2080 3737 ctus
2102 3690 2208 3748 est,
2252 3679 2329 3752 [et
2349 3682 2578 3735 mundus
2605 3696 2726 3735 eum
2758 3696 2864 3735 non
2887 3686 3138 3752 cognovit
3156 3685 3247 3757 ⁸⁸.)
3274 3705 3295 3738 ι
3327 3688 3395 3741 Et
3425 3694 3493 3741 ot.

1952 3778 2097 3831 lianc
2138 3789 2352 3830 causam
2406 3775 2460 3828 hi
2506 3775 2679 3829 'etiam
2731 3777 2797 3829 ad
2847 3790 2981 3844 quos
3031 3786 3114 3832 est
3157 3790 3332 3834 sermo
3384 3781 3493 3846 ille,

1966 3883 1985 3916 ι
2011 3878 2166 3934 quem
2192 3878 2288 3918 vos
2317 3863 2553 3925 nescitis,
2585 3880 2604 3913 ι
2633 3863 2874 3917 nesciunt
2905 3878 3057 3931 eum,
3083 3867 3334 3933 quoniam
3356 3884 3507 3941 ιιοιιο,

1956 3952 2084 4006 dum
2118 3963 2151 4004 e
2186 3950 2377 4003 mundo
2416 3948 2614 4017 egressi
2655 3949 2896 4011 fuerant,
2931 3951 3158 4005 mundus
3197 3964 3327 4005 vero
3371 3967 3493 4005 cum

1961 4053 2067 4093 non
2095 4037 2362 4104 cognovit.
2405 4036 2509 4090 Sed
2544 4050 2650 4103 quo
2684 4046 2922 4104 tempore
2948 4039 3180 4091 cessavit
3213 4038 3359 4092 inter
3397 4041 3495 4092 lm-

1962 4127 2134 4181 mines
2173 4126 2323 4180 esse?
2354 4125 2563 4179 Annon
2599 4133 2717 4179 erat
2746 4125 2798 4177 in
2823 4123 2959 4178 lsaia
2991 4126 3235 4182 dicente:
3273 4143 3293 4177 ι
3323 4125 3497 4197 Spiri~

1962 4225 2050 4270 tus
2077 4216 2282 4269 Domini
2310 4228 2469 4284 super
2501 4228 2606 4279 me,
2632 4223 2915 4283 prapterea
2938 4215 3080 4282 quod
3108 4216 3262 4270 unxit
3291 4231 3375 4270 me
3390 4217 3490 4281 ",n

1890 4297 1934 4350 Β
1957 4313 2017 4358 et
2037 4321 2051 4358 :
2079 4323 2097 4355 ι
2120 4304 2429 4359 Manifestus
2452 4303 2627 4359 factus
2648 4319 2767 4358 sum
2806 4304 2859 4358 in
2882 4304 2970 4371 bis
2990 4306 3083 4374 qui
3113 4320 3199 4360 me
3221 4321 3328 4361 non
3350 4322 3497 4376 qua.-

1964 4398 2256 4453 rebant“?
2293 4418 2311 4449 ι
2339 4398 2547 4453 Rursus
2574 4398 2759 4453 dicant
2786 4413 2853 4452 an
2890 4398 2944 4451 in
2974 4397 3177 4453 Davide
3212 4414 3317 4453 non
3357 4412 3494 4457 erat,

1963 4502 2065 4540 non
2096 4502 2126 4540 a
2152 4488 2442 4555 semetipso
2468 4487 2724 4540 dicente:
2760 4504 2778 4537 ι
2823 4487 2930 4555 Ego
2957 4498 3137 4540 autem
3169 4488 3495 4542 constitutus

1958 4590 2075 4631 sum
2104 4589 2197 4629 rex
2222 4576 2288 4628 ab
2312 4588 2553 4643 eosuper
2571 4576 2700 4629 Sion
2729 4587 2960 4629 montem
2990 4584 3234 4629 sanctum
3259 4576 3488 4643 eius“,t

1958 4676 2011 4718 et
2052 4678 2383 4733 quacunque
2410 4664 2462 4718 in
2492 4663 2718 4719 Psalmis
2756 4678 2826 4719 ex
2859 4676 3087 4733 persona
3123 4662 3330 4717 Christi
3363 4665 3498 4716 scri-

1960 4766 2051 4826 pta
2079 4755 2245 4809 sunt?
2282 4755 2522 4822 Cumque
2551 4752 2832 4808 evidenter
2864 4752 3060 4806 docere
3086 4763 3288 4817 queam
3324 4748 3502 4802 iesum

1963 4860 2174 4915 semper
2200 4846 2340 4900 inter
2371 4845 2611 4900 homines
2641 4858 2785 4909 esse,
2813 4844 2882 4896 ad
2910 4838 3364 4894 convincendum
3407 4850 3513 4885 nun

3061 4948 3104 4979 ’ί
3154 4945 3314 4998 Psat.
3358 4960 3425 5007 ιι,
3467 4942 3525 4995 ὕ.

2017 4959 2061 4991 ⁸⁸
2092 4958 2213 5015 lsai.
2234 4944 2345 5024 ut,
2368 4959 2425 5010 l'
2522 4958 2567 4988 '°
2596 4956 2716 5010 lsai.
2755 4970 2877 5018 va,
2904 4950 2959 5005 ι.

1956 5095 2159 5150 ἐνθάδε.
3326 5139 3338 5150 .
3518 5136 3527 5150 .

2024 5164 2135 5234 (6?)
2164 5138 3557 5234 1196c."accite!Meian'fili‘ﬂﬁ.‘§f§‘i‘fgﬁii‘

2905 5202 3131 5270 Βόὰὶεὶιι
3140 5223 3195 5259 ιι
3205 5219 3297 5254 us
3312 5202 3337 5265 ς
3356 5202 3570 5265 Regius,

1956 5300 2280 5353 περιῃρεῖτο.

2025 5314 2280 5450 ῗέθῗεῖἶςῗί
2302 5327 3607 5450 ,ιξβξδτξμξεαξνξιέζςῠέῑ,ξῦνίΐέεῗξῖιῗιιῖἃῖῒὲ

1955 5414 2398 5505 ῳιξνίιιζερςιίρο
2448 5414 2614 5496 Regio
2645 5414 2846 5484 omissa
2888 5425 3071 5474 sunt.
3126 5414 3387 5457 Iesum

1961 5498 2143 5581 60‘.le
2172 5498 2551 5581 §()qlc,ia.i‘_oi.,.
2745 5566 2769 5581 .
2830 5547 3315 5581 ,_g--.n..scnu
3343 5530 3381 5581 ἦ

2170 5539 2718 5637 CSJéﬂiKéteianns,
2741 5547 3315 5694 δυσεξαριθμξῗου
3343 5539 3522 5585 mm-
