3880 6224
386 242 491 297 269

1448 239 1792 298 COMMENT.
1827 237 1894 293 IN
1925 238 2112 294 JOAN.
2149 238 2382 294 TOMUS
2419 237 2506 292 Vl.

3447 235 3552 292 ῒνθ

387 373 555 426 χουσα
607 355 832 426 δύναμις
887 359 1136 431 τοσαύτη,
1190 363 1280 414 καὶ
1323 357 1609 427 τηλικαύτη
1659 355 1736 424 τῷ
1777 354 1928 407 παντὶ

2033 355 2293 422 dispicere
2316 363 2516 421 queunt
2564 353 2692 405 tanti
2741 351 2859 406 coeli
2908 351 3292 405 indeiicientem
3328 358 3553 412 motum,

386 445 594 513 κόσμῳ.
629 446 847 514 Ἕτερον
877 448 987 518 γὰρ
1020 449 1166 520 παρά
1208 450 1295 502 τὸν
1325 449 1433 520 (76)
1459 447 1673 515 Πατέρα
1719 446 1812 496 καὶ
1842 443 1929 495 τὸν

389 533 513 585 Υἱὺν
542 533 743 603 ταύτην
787 535 1047 605 τολμῆσαι
1083 539 1272 601 εἰπεῖν,
1317 539 1518 608 μήποτε
1549 536 1646 588 οὐκ
1669 533 1812 587 ἔστιν
1844 534 1928 584 εὐ-

387 621 558 683 σεὸές.

2034 453 2092 496 ut
2124 444 2260 510 quod
2291 442 2657 495 circumducat
2682 443 2746 494 ab
2768 431 2973 496 oricnté
3019 443 3069 493 in
3110 440 3436 494 occidentem
3468 455 3556 492 us—

2029 546 2131 598 que
2180 539 2378 584 tantam
2420 529 2695 583 stellarum
2744 528 3154 590 multitudinem,
3191 527 3404 596 dignum
3451 525 3557 578 erit

2027 618 2253 686 quaesitu
2283 631 2525 685 quaenam
2569 616 2640 670 sit
2683 631 2745 670 ea
2774 616 2852 670 vis
2883 625 3025 669 tanta
3051 625 3104 668 et
3127 615 3249 669 talis
3292 616 3344 668 in
3400 613 3558 685 ιω

387 721 496 761 toto
556 713 756 766 mundo
813 715 1102 770 exsistens.
1150 717 1284 771 Nam
1338 719 1478 772 aliud
1527 718 1662 771 hanc
1705 714 1885 768 dicere
1940 711 2134 765 audere
2187 720 2378 779 praeter
2414 710 2626 763 Patrem
2670 720 2723 764 et
2765 709 2986 774 Filium,
3039 709 3269 763 fortasse
3316 722 3422 761 non
3475 715 3558 762 est

384 801 552 866 pium.

457 892 548 944 24.
592 893 786 946 Ταῦτα
823 895 891 947 ἐν
933 891 1166 968 Βηθαρᾷ
1199 898 1308 966 (77)
1348 900 1577 967 ἐγένετο
1614 903 1799 969 πέραν
1829 904 1932 957 τοῦ

384 979 704 1047 Ἰορδάνου,
746 985 897 1038 ὅπου
938 987 1017 1054 ἦν
1047 986 1319 1054 Ἰωάννης
1339 991 1651 1052 βαπτίζων.
1685 993 1801 1045 Ὅτι
1837 995 1931 1060 μὲν

386 1062 570 1129 σχεδὸν
595 1065 653 1117 ὲν
688 1069 818 1119 πᾶσι
846 1071 955 1131 τοῖς
999 1071 1345 1142 ἀντιγράφοις
1375 1077 1544 1129 κεῖται
1563 1093 1580 1106 ⁸
1631 1096 1649 1128 ι
1668 1079 1846 1130 Ταῦτα
1870 1081 1927 1130 ἐν

384 1148 623 1220 Βηθανίᾳ
650 1153 880 1220 ἐγένετο,
906 1175 924 1207 ι
976 1159 1076 1210 οὐκ
1106 1159 1420 1229 ἀγνοοῦμεν,
1470 1165 1561 1216 καὶ
1594 1164 1732 1217 ἔοικε
1776 1167 1928 1219 τοῦτο

383 1238 482 1291 καὶ
525 1238 603 1290 ἔτι
645 1243 905 1313 πρότερον
951 1246 1258 1313 γεγονέναιο
1292 1251 1382 1302 καὶ
1426 1253 1570 1320 παρὰ
1605 1254 1927 1322 Ἡρακλέωνι

382 1325 514 1393 γοῦν
547 1327 812 1397 Βηθανίαν
860 1334 1182 1405 ἀνέγνωμεν.
1236 1339 1584 1409 Ἐπείσθημεν
1609 1341 1662 1393 δὲ
1697 1344 1768 1412 μὴ
1821 1345 1926 1396 δεῖν

389 1434 408 1464 ι
469 1416 705 1488 Βηθανίᾳ
743 1438 761 1470 ι
817 1422 1220 1489 ἀναγινώσκειν,
1265 1427 1397 1480 ἀλλά
1440 1430 1742 1501 Βηθαὸαρᾷ,
1779 1435 1926 1500 γενό-

383 1520 539 1572 μενοι
567 1508 624 1557 έν
651 1510 763 1570 τοῖς
785 1510 967 1573 τόποις
999 1513 1106 1582 (78)
1135 1515 1224 1566 ἐπὶ
1246 1517 1477 1587 ἱστορίαν
1504 1519 1609 1572 τῶν
1642 1520 1795 1588 ίχνῶν
1837 1523 1928 1591 Ἰη-

2097 892 2186 944 24.
2231 889 2354 943 Ilwc
2377 891 2426 940 in
2447 889 2734 940 Bethabara
2759 891 2898 956 lucta
2922 897 3063 953 sunt,
3087 897 3229 940 (rans
3247 886 3556 950 Jordanem,

2031 981 2117 1032 ubi
2147 989 2254 1034 erat
2277 979 2502 1033 Joannes
2525 979 2788 1044 baptizari:
2818 978 2884 1028 ’9.
2912 977 3062 1042 Quod
3094 978 3144 1028 in
3175 977 3421 1030 omnibus
3444 974 3558 1028 fere

2031 1069 2422 1137 exemplaribus
2463 1075 2731 1135 ponatur:
2783 1083 2803 1116 ι
2855 1066 2973 1118 Haec
3015 1066 3065 1117 in
3111 1065 3366 1119 Bethania
3416 1065 3555 1118 facta

2031 1169 2172 1225 sunt,
2214 1175 2235 1210 ι
2269 1173 2371 1212 non
2401 1158 2731 1226 ignoramus,
2764 1164 2816 1208 et
2849 1156 3052 1208 videtur
3078 1155 3179 1208 hoc
3213 1155 3371 1208 etiam
3399 1165 3557 1208 antea

2027 1247 2225 1300 factum
2259 1245 2420 1299 fuisse
2449 1266 2462 1298 :
2494 1244 2632 1298 unde
2661 1244 2800 1310 apud
2830 1242 3210 1297 Heracleonem
3261 1244 3419 1297 etiam
3453 1242 3557 1297 Be-

2034 1333 2268 1386 thaniam
2292 1333 2534 1401 legimus.
2578 1331 2681 1384 Sed
2715 1331 2949 1397 persuasi
2974 1345 3154 1385 sumus
3185 1345 3290 1385 non
3323 1349 3341 1382 ι
3366 1332 3559 1386 Betha-

2030 1422 2138 1483 nia,
2170 1439 2187 1472 ι
2219 1422 2309 1474 sed
2339 1438 2356 1471 ι
2387 1419 2682 1472 Bethabara
2711 1439 2729 1470 ι
2752 1435 2872 1474 esse
2908 1421 3343 1487 legendum,cum
3367 1421 3557 1474 adloca

2029 1509 2472 1576 pervenissemus,
2522 1518 2578 1561 ut
2624 1508 2746 1562 Jesu
2792 1508 3284 1576 discipulorumque
3332 1509 3449 1576 ejus
3495 1523 3559 1562 ac

382 1592 504 1655 σοῦ,
538 1595 763 1648 καὶτῶν
810 1599 1065 1668 μαθητῶν
1112 1603 1293 1666 αὐτοῦ,
1343 1606 1434 1657 καὶ
1478 1595 1584 1660 τῶν
1624 1609 1928 1677 προφητῶν.

2033 1597 2406 1663 prophetarum
2433 1595 2655 1662 vestigia
2687 1595 3093 1661 inspiceremus.
3131 1596 3385 1650 Bethania
3411 1610 3562 1648 nam-

381 1680 624 1748 Βηθανία
655 1684 782 1755 γὰρ,
811 1687 884 1748 ὡς
921 1689 948 1740 ὁ
975 1689 1133 1752 αὐτὸς
1166 1691 1545 1764 εὐαγγελιστής
1588 1713 1736 1765 φησι,
1771 1700 1801 1766 ή
1827 1717 1929 1750 πα-

379 1767 505 1836 τρὶς
533 1767 800 1839 Λαζάρου,
827 1773 921 1824 καὶ
953 1774 1199 1842 Μάρθας,
1233 1779 1325 1828 καὶ
1353 1779 1586 1848 Μαρίας,
1612 1780 1799 1849 ἀπέχει
1825 1781 1930 1833 τῶν

391 1854 780 1926 Ἱεροσολύμων
824 1861 1066 1923 σταδίους
1109 1863 1396 1918 δεκαπέντε
1419 1882 1432 1896 ·
1485 1862 1552 1935 ἦς
1580 1867 1764 1936 πόρρω
1787 1868 1930 1920 ἐστὶν

377 1943 408 1993 ὁ
445 1941 712 2014 Ἰορδάνης
743 1947 1001 2016 ποταμὸς,
1034 1947 1108 2010 ὡς
1151 1949 1258 2001 ἀπὸ
1305 1951 1528 2002 σταδίων
1578 1951 1764 2004 πλατεῖ
1793 1951 1931 2021 λόγῳ

380 2038 504 2098 ρπθο
557 2033 668 2085 ἀλλ’
713 2036 832 2087 οὐδὲ
874 2037 1154 2106 ὁμώνυμος
1194 2041 1257 2108 τῇ
1308 2040 1540 2110 Βηθανίᾳ
1588 2041 1745 2102 τόπος
1790 2041 1931 2093 ἐστὶν

379 2120 510 2189 περὶ
539 2121 628 2173 τὸν
671 2123 954 2193 Ἰορδάνην.
1003 2127 1313 2180 Δείκνυσθαι
1337 2129 1394 2180 δὲ
1434 2129 1642 2196 λέγουσι
1693 2130 1839 2198 παρὰ
1866 2133 1929 2199 τῇ

378 2203 638 2276 ὗχθῃτοῦ
685 2210 941 2278 Ἰορδάνου
972 2210 1039 2262 τὰ
1081 2203 1317 2281 Βηθαρᾶ,
1369 2212 1493 2266 ἔνθα
1537 2214 1800 2283 ἱστοροῦσι
1841 2215 1931 2268 τὸν

392 2295 648 2366 Ἰωάννην
682 2297 1062 2365 βεϐαπτικέναι
1081 2317 1094 2329 ⁶
1130 2301 1241 2354 ἐστι
1277 2319 1334 2354 τε
1366 2305 1398 2373 ἡ
1425 2303 1684 2371 ἑρμηνεία
1707 2303 1798 2355 τοῦ
1826 2303 1934 2356 ὀνό-

381 2400 552 2452 ματος
599 2387 886 2451 ἀκόλουθος
925 2388 1003 2456 τῷ
1062 2389 1388 2460 βαπτίσματι
1432 2390 1520 2442 τοῦ
1567 2389 1932 2459 ὲτοιμάζοντος

379 2477 571 2545 Κυρίῳ
614 2475 740 2528 λαὸν
766 2480 1290 2547 κατεσκευασμένον·
1338 2479 1795 2548 μεταλαμϐάνεται
1825 2480 1930 2550 γὰρ

377 2566 464 2626 είς
508 2560 672 2617 οἷκον
717 2564 1092 2631 κατασκευῆς
1121 2582 1133 2596 ο
1181 2569 1213 2636 ἡ
1261 2568 1314 2619 δὲ
1365 2567 1598 2637 Βηθανία
1643 2568 1722 2630 εἰς
1768 2564 1932 2621 οἶκον

378 2653 672 2719 ὑπακοῆς.
708 2653 827 2736 μοῢ
861 2654 966 2724 γὰρ
1015 2653 1270 2723 ἀλλαχόσε
1321 2656 1481 2725 ὲχρῆν
1529 2655 1800 2724 βαπτίζειν
1844 2656 1931 2708 τὸν

378 2741 749 2795 ἀποσταλέντα
799 2742 1024 2809 ἄγγελον
1072 2744 1176 2813 πρὸ
1228 2745 1512 2813 προσώπου
1563 2743 1656 2796 τοῦ
1699 2745 1930 2813 Χριστοῦ

379 2832 785 2884 κατασκευάσαι
826 2831 924 2901 τὴν
973 2831 1086 2884 ὁδὸν
1118 2832 1276 2884 αὑτοῦ
1329 2833 1630 2902 ἔμπροσθεν
1661 2832 1841 2896 αὑτοῦ,
1895 2833 1926 2902 ἢ

2029 1697 2154 1749 que,
2195 1693 2252 1735 ut
2285 1682 2395 1749 ipse
2425 1675 2597 1748 inquit
2621 1681 2942 1750 evangelista
2971 1684 3010 1746 ί,
3044 1684 3212 1751 patria
3255 1682 3467 1746 Lazari,
3501 1690 3558 1735 et

2029 1769 2231 1834 Mariae,
2256 1781 2308 1824 et
2341 1769 2575 1832 Marthae,
2608 1771 2909 1836 quindecim
2964 1771 3156 1824 stadiis
3185 1786 3214 1824 a
3245 1762 3554 1839 Hierosoly-

2029 1861 2130 1914 mis
2176 1861 2361 1922 distat,
2411 1874 2514 1928 qua
2564 1857 2822 1913 Iordanes
2874 1858 3087 1923 fluvius,
3137 1860 3244 1914 lato
3288 1869 3560 1929 computo,

2030 1947 2179 2000 abest
2222 1947 2413 2011 Stadiis
2439 1947 2654 2000 circiter
2692 1948 2958 2015 octoginta
3011 1961 3171 2012 supra
3200 1956 3435 2010 centum,
3468 1947 3560 2000 sed

2030 2050 2200 2102 neque
2229 2037 2376 2089 locus
2427 2045 2510 2090 est
2548 2037 2688 2090 circa
2730 2034 3012 2089 Jordancm
3045 2036 3134 2104 qui
3175 2051 3367 2092 nomen
3411 2052 3563 2091 com-

2030 2137 2189 2176 mune
2214 2122 2406 2175 habeat
2436 2136 2556 2176 cum
2596 2121 2875 2175 Bethania.
2917 2123 3110 2176 Dicunt.
3145 2133 3321 2177 autem
3353 2124 3561 2178 ostendi

2031 2210 2171 2264 circa
2220 2211 2448 2264 tumulos
2493 2210 2743 2264 Jordanis
2807 2209 3128 2275 Bethabara,
3183 2213 3271 2267 ubi
3324 2213 3564 2267 historiae

2030 2299 2210 2352 dicunt
2232 2299 2488 2353 Joannem
2511 2299 2811 2366 baptizasse
2855 2317 2869 2363 ;
2908 2311 3093 2367 estque
3131 2301 3361 2355 nominis
3393 2303 3560 2356 inter-

2029 2389 2254 2455 pretatio
2276 2403 2608 2457 consequens
2628 2390 2933 2456 baptismati
2962 2391 3310 2458 praeparantis
3341 2392 3562 2446 Domino

2027 2475 2275 2542 populum
2326 2476 2644 2530 instructum
2685 2478 2725 2532 ².
2762 2477 2854 2530 Est
2883 2477 3046 2541 enim,
3083 2478 3127 2532 si
3160 2478 3557 2548 interpreteris,

2029 2564 2212 2616 domus
2245 2565 2600 2618 instructioni:
2622 2581 2640 2618 :
2670 2563 2924 2619 Bethania
2954 2582 3098 2630 vero,
3121 2571 3304 2622 domus
3325 2569 3565 2623 obedien-

2031 2653 2136 2704 ιὶίε.
2179 2652 2309 2706 Nam
2359 2652 2597 2719 profecto
2632 2644 2718 2708 ubi
2764 2655 3034 2723 baptizare
3063 2671 3195 2724 Opus
3231 2668 3348 2712 erat
3377 2659 3426 2712 ei
3472 2661 3563 2726 qui

2031 2742 2226 2795 missus
2253 2741 2426 2795 fuerat
2454 2751 2578 2795 ante
2608 2741 2801 2796 faciem
2829 2742 3029 2796 Christi
3061 2744 3124 2796 ad
3156 2748 3560 2813 prmparandum

2030 2830 2168 2881 viam
2206 2830 2372 2897 ipsius
2404 2844 2584 2883 coram
2622 2831 2736 2897 ipso
2775 2831 2813 2895 ³,
2850 2845 3007 2898 quam
3049 2832 3101 2885 in
3138 2833 3296 2886 domo
3354 2831 3556 2884 instru-

377 2921 463 2982 εἰς
506 2920 594 2972 τὸν
625 2921 726 2988 τῆς
771 2921 1110 2990 κατασκευῆς
1135 2917 1312 2985 οἶκον;
1367 2922 1499 2974 Ποία
1543 2923 1598 2975 δὲ
1634 2923 1928 2994 οἰκειοτέρα

2032 2917 2517 2983 ctionis?Qua2nam
2550 2935 2676 2972 vero
2708 2920 2874 2988 magis
2902 2921 3120 2988 propria
3153 2931 3234 2975 est
3263 2923 3430 2989 patria
3461 2923 3562 2990 ipsi

378 3010 578 3079 πατρὶς
603 3011 666 3079 τῇ
709 3009 804 3079 τὴν
836 3008 1042 3078 ἀγαθὴν
1075 3010 1262 3079 μερίδα
1294 3010 1620 3082 ἐκλεξαμένη
1663 3012 1736 3081 μὴ
1769 3013 1926 3080 ἀφαι-

379 3097 650 3168 ρουμένην
680 3097 847 3166 αὐτῆς
875 3096 1120 3166 Μαριὰμ,
1175 3098 1268 3150 καὶ
1319 3101 1384 3168 τῇ
1418 3098 1799 3170 περισπωμένῃ
1844 3099 1929 3152 διά

377 3185 481 3255 τὴν
523 3185 692 3254 Ἰησοῦ
720 3184 980 3254 ὑποδοχὴν
1013 3183 1230 3254 Μάρθᾳ,
1258 3185 1351 3236 καὶ
1375 3185 1450 3254 τῷ
1473 3185 1676 3239 τούτων
1699 3185 1926 3253 ἀδελφῷ,

380 3276 520 3344 φίλῳ
543 3275 646 3328 ὑπὸ
674 3271 766 3328 τοῦ
809 3275 1057 3344 Σωτῆρος
1090 3274 1379 3344 εἰρημένῳ,
1412 3273 1662 3344 Λαζάρῳ,
1699 3275 1730 3343 ἢ
1763 3274 1932 3344 Βηθα-

378 3365 468 3417 νία
497 3366 524 3416 ό
556 3365 652 3434 τῆς
678 3364 920 3434 ὑπακοῆς
951 3360 1132 3429 οἷκοςς
1162 3364 1235 3416 Οὐ
1267 3364 1689 3432 καταφρονητέον
1713 3359 1804 3415 οὖν
1835 3363 1930 3432 τῆς

380 3454 509 3524 περὶ
538 3453 607 3506 τά
637 3455 870 3524 ὀνόματα
900 3453 1177 3523 ἀκριϐείας
1209 3451 1285 3519 τῷ
1315 3452 1724 3521 ἀπαραλείπτως
1749 3452 1928 3521 βουλο-

383 3543 532 3612 μένῳ
558 3543 790 3596 συνιέναι
814 3543 880 3595 τά
903 3543 1032 3610 ἅγια
1053 3542 1365 3613 γράμματα.
1401 3542 1472 3594 Τὸ
1495 3542 1735 3612 μέντοιγε
1757 3545 1932 3612 ἡμαρ-

379 3632 575 3702 τῆσθαι
602 3633 661 3686 ὲν
693 3635 802 3694 τοῖς
843 3631 1166 3701 Ἑλληνικοῖς
1198 3632 1542 3700 ἀντιγράφοις
1571 3631 1637 3684 τά
1669 3633 1793 3702 περὶ
1822 3631 1928 3684 τῶν

380 3722 657 3790 ὀνομάτων
683 3719 969 3789 πολλαχοῦ,
1005 3720 1098 3772 καὶ
1125 3720 1230 3772 ἀπὸ
1259 3720 1457 3772 τούτων
1487 3719 1549 3772 ἀν
1582 3736 1664 3781 τις
1689 3719 1928 3790 πεισθείη

380 3813 441 3865 ὲν
465 3815 574 3874 τοῖς
605 3811 980 3879 Εὐαγγελίοιςο
1014 3812 1048 3880 ἡ
1094 3811 1218 3880 περὶ
1238 3811 1361 3872 τοὺς
1389 3811 1492 3864 ὑπὸ
1519 3810 1624 3864 τῶν
1648 3810 1930 3879 δαιμονίων

382 3899 982 3971 κατακρημνιζομένους
1024 3899 1114 3951 καὶ
1159 3902 1215 3951 έν
1247 3902 1311 3968 τῇ
1357 3898 1591 3968 θαλάσσῃ
1635 3887 1929 3968 συμπνιγο-

385 3990 577 4058 μένους
622 3989 837 4058 χοίρους
878 3988 1154 4058 οἰκονομία
1204 3987 1605 4058 ἀναγέγραπται
1654 3987 1929 4054 γεγονέναι

382 4080 441 4130 ἒν
482 4080 546 4147 τῇ
591 4078 744 4147 χώρᾳ
777 4077 883 4128 τῶν
922 4076 1256 4147 Γερασηνῶν.
1297 4077 1508 4144 Γέρασα
1540 4077 1596 4128 δὲ
1635 4075 1733 4144 τῆς
1770 4075 1926 4145 Ἀρα-

383 4167 502 4228 ϐίας
535 4167 652 4219 tori.
683 4166 857 4228 πόλις,
890 4165 1010 4218 οὔτε
1043 4164 1308 4218 θάλασσαν
1337 4163 1455 4216 οὗτε
1486 4164 1675 4233 λίμνην
1707 4164 1926 4234 πλησίον

385 4257 597 4327 ἔχουσα.
640 4258 748 4310 Καὶ
774 4257 872 4309 οὐκ
892 4255 956 4309 ἂν
992 4254 1159 4318 οὕτως
1190 4256 1456 4325 προφανὲς
1486 4254 1672 4322 ψεῦδος
1719 4255 1811 4306 καὶ
1844 4255 1930 4305 εὐ-

386 4345 635 4414 έλεγκτον
678 4347 728 4396 οί
761 4344 1134 4412 εὑαγγελισταὶ
1178 4345 1481 4414 εἰρήκεσαν,
1530 4343 1716 4412 ἄνδρες
1743 4344 1930 4412 ὲπιμει

386 4436 490 4498 λῶς
535 4434 888 4503 γινώσκοντες
937 4434 1004 4486 τὰ
1045 4435 1170 4503 περὶ¹
1221 4434 1318 4502 τὴν
1359 4432 1628 4485 Ἰουδαίαν.
1680 4433 1826 4484 Ἐπεὶ
1873 4431 1929 4482 δὲ

2030 3008 2230 3072 Marias,
2258 3023 2376 3075 qua:
2404 3009 2634 3078 elegerat
2667 3011 2860 3063 bonam
2892 3021 3097 3078 partem
3129 3028 3158 3065 a
3190 3027 3248 3067 se
3276 3029 3380 3066 non
3411 3014 3565 3070 aufe-

2024 3096 2245 3148 rendam
2271 3096 2314 3159 ’⁸,
2357 3105 2411 3150 ει
2455 3097 2674 3151 Martha:
2717 3099 2766 3150 in
2805 3099 3015 3153 diversa
3048 3101 3317 3156 distractae
3346 3115 3564 3173 propter

2027 3186 2422 3253 suscipiendum
2471 3186 2650 3240 Jesum
2693 3189 2736 3253 ⁵,
2781 3197 2939 3256 atque
2987 3189 3220 3257 ipsarum
3272 3190 3424 3246 fratri
3461 3193 3567 3247 La-

2029 3290 2175 3343 zaro,
2207 3277 2297 3344 qui
2332 3293 2359 3330 a
2391 3277 2673 3334 Servatore
2713 3281 2918 3334 amicus
2960 3282 3157 3338 dicitur
3197 3285 3240 3348 ⁸,
3271 3301 3431 3354 quam
3463 3286 3563 3342 Be-

2029 3366 2210 3419 thania
2237 3367 2555 3422 obedientiae
2582 3370 2816 3424 domus?
2842 3371 3022 3440 Itaque
3045 3377 3430 3430 contemnenda
3454 3393 3559 3431 non

2028 3463 2110 3508 est
2135 3464 2384 3510 accurata
2411 3458 2552 3511 circa
2585 3460 2801 3514 nomina
2835 3461 3104 3530 diligentia
3140 3458 3307 3533 ei'qui
3332 3467 3566 3520 voluerit

2027 3543 2191 3610 probe
2218 3543 2512 3613 intelligere
2553 3557 2768 3601 sanctas
2815 3549 3041 3607 litteras.
3094 3551 3371 3606 Peccatum
3412 3555 3563 3622 equi-

2028 3631 2146 3682 dem
2180 3629 2494 3699 frequenter
2543 3632 2706 3685 fuisse
2758 3636 2807 3686 in
2841 3639 3114 3702 gentilium
3143 3642 3561 3708 exemplaribus,

2031 3715 2259 3784 indeque
2287 3728 2462 3771 errata
2497 3719 2548 3772 in
2595 3721 2896 3789 Evangehis
2939 3723 3195 3776 translata
3247 3726 3403 3779 facile
3445 3731 3564 3793 quis

2029 3808 2231 3861 credat.
2276 3808 2608 3876 Dispensatio
2660 3825 2888 3879 namque
2927 3813 3070 3867 circa
3119 3827 3308 3880 porcos
3352 3830 3383 3869 e
3434 3832 3564 3886 rupe

2029 3897 2409 3964 praecipitatos,
2438 3908 2492 3951 et
2519 3899 2570 3951 in
2591 3899 2720 3952 mari
2745 3900 3034 3954 suffocatus
3060 3915 3088 3953 a
3120 3902 3398 3956 daemoniis
3424 3906 3564 3971 scri-

2031 3984 2171 4038 bitur
2200 3985 2336 4038 facta
2359 3987 2379 4017 ⁷
2416 3988 2580 4040 fuisse
2611 3987 2659 4038 in
2725 3988 2841 4041 loco
2894 3989 3302 4043 Gerasenorum.
3364 3992 3562 4047 Gerasa

2027 4086 2201 4129 autem
2237 4077 2363 4130 urbs
2387 4087 2469 4131 est
2496 4078 2726 4139 Arabia},
2752 4094 2922 4148 neque
2944 4094 3089 4134 mare
3119 4097 3291 4150 neque
3319 4091 3562 4152 stagnum

2028 4163 2080 4216 in
2109 4165 2406 4232 propinquo
2438 4166 2658 4220 habens.
2697 4165 2808 4220 Nec
2857 4170 3191 4221 mendacium
3233 4171 3364 4224 adeo
3397 4187 3560 4239 aper-

2034 4261 2182 4316 tum,
2235 4255 2483 4322 quodque
2531 4254 2692 4309 facile
2743 4257 2990 4325 redargui
3055 4257 3254 4326 posset,
3305 4261 3566 4316 dixissent

2030 4342 2390 4410 evaiigelisue,
2424 4342 2524 4395 viri
2569 4343 2850 4413 diligenter
2896 4359 3247 4414 agnoscentes
3287 4353 3556 4418 regionem

2031 4428 2245 4487 Judzeaa.
2265 4429 2526 4495 Quoniam
2558 4432 2706 4502 14],
2728 4447 2852 4487 vero
2874 4434 2929 4488 in
2961 4437 3144 4504 paucis
3172 4439 3565 4506 exemplaribus

451 4553 496 4583 ”
521 4550 677 4603 Joan.
710 4564 750 4608 ι,
789 4547 877 4601 28.
954 4549 970 4578 ¹
999 4546 1146 4600 Joan.
1181 4562 1219 4609 ι,
1258 4547 1310 4610 1,
1343 4547 1427 4600 18.
1502 4548 1522 4576 ²
1545 4545 1671 4598 Luc.
1705 4561 1743 4608 ι,
1775 4546 1862 4598 17.

2032 4544 2117 4596 iid.
2152 4545 2240 4597 76.
2313 4547 2334 4575 ’⁸
2362 4544 2490 4598 Luc.
2515 4560 2570 4611 ι,
2598 4546 2686 4600 ﬂ.
2722 4549 2724 4551 ’
2761 4548 2782 4579 ⁵
2817 4547 2946 4602 ibid.
2976 4547 3066 4602 45.
3141 4546 3339 4600 ‘Joau.
3375 4561 3450 4610 XI,
3477 4545 3529 4597 1-1
3558 4565 3571 4611 ;

388 4619 571 4671 Matth.
612 4633 732 4678 viii,
761 4615 851 4680 28,
879 4615 979 4669 ⁸52.
1058 4615 1078 4645 ⁷
1112 4614 1276 4669 Marc.
1303 4628 1354 4684 ν,
1384 4617 1434 4679 1,
1466 4613 1530 4665 15
1558 4629 1572 4678 ;
1605 4615 1729 4667 Luc.
1756 4627 1867 4677 vui,
1890 4613 1928 4665 2t

2032 4612 2091 4677 .3,
2119 4614 2207 4666 57.

509 4732 563 4797 6)
599 4731 779 4799 Editio
819 4729 1017 4790 Huetii,
1046 4730 1173 4799 περὶ
1191 4728 1474 4799 τδνζειε..
1500 4727 1662 4799 male.

475 4795 566 4866 77)
623 4798 810 4851 Ταῦτα
863 4799 933 4850 ἐν
980 4795 1236 4864 Βηθάρᾷ.
1303 4795 1558 4866 Qrigenes
1619 4796 1670 4866 i_u
1722 4795 1921 4866 Catena

385 4861 616 4936 quadam
642 4867 807 4936 Regia
840 4868 891 4936 in
919 4861 1077 4936 Joan‘.
1107 4861 1151 4926 ι,
1172 4866 1276 4936 28έ
1443 4861 1924 4936 δὲ-γινώσκεινῶςςι

386 4931 451 4988 τὰ
479 4935 681 5003 ἀκριϐῆ
715 4931 839 5003 iam
857 4933 1195 5003 ἀντιγράφων
1225 4931 1524 5003 ῌΒηδαᾷαρᾷ
1564 4931 1820 5003 περιέχει.
1862 4931 1927 5003 '_H

387 4949 451 4988 τα
479 4949 681 5003 ακριοη
721 4950 826 4986 των
857 4949 1195 5051 αντιγῖαφων
1224 4949 1524 5050 υυηοαοαρᾳ
1564 4949 1820 5048 περιεχει.
1881 4949 1927 5012 ξι

387 5004 492 5073 γὰρ
522 5001 761 5082 Βηθανία
794 5002 921 5082 οὐχὶ,
950 5017 992 5082 ςπ
1026 5017 1124 5069 ραν
1145 5016 1253 5082 ’του
1290 5000 1303 5014 “
1329 4999 1590 5082 οιρδάνου,Δ
1759 5000 1930 5082 μέγγμς

387 5066 485 5124 που
542 5066 655 5123 τῶν
711 5066 1090 5138 Ἱεροσολύμων
1141 5066 1486 5138 ἐστίνη-[ιιΐιιε
1523 5067 1794 5138 scriptum
1831 5066 1930 5138 ali-

389 5141 604 5208 quando
643 5131 901 5212 reperias,
931 5131 1239 5203 Βηθαραϐᾶ,
1284 5134 1570 5199 aliquando
1614 5131 1927 5212 Βηθαραρᾶ,

390 5201 505 5274 quin
526 5220 656 5260 vera
692 5201 849 5259 lectio
872 5201 1250 5274 est,’et’quatn
1307 5212 1545 5274 secutum
1576 5213 1694 5262 esse
1735 5201 1924 5274 "rige-

390 5267 510 5328 iiem
536 5282 744 5327 certum
786 5282 886 5337 est,
913 5271 1067 5337 juxta
1114 5267 1352 5320 codicum
1403 5268 1706 5337 Graecorum
1773 5267 1925 5318 fidem

389 5340 580 5394 Joann.
610 5354 648 5404 t,
672 5340 760 5394 28.
804 5331 950 5392 nam}:
981 5337 1127 5387 enim
1160 5349 1333 5404 vocent
1361 5338 1556 5404 vertit,
1588 5331 1732 5404 οἶκος
1761 5350 1928 5384 κατα-

394 5409 614 5476 σκευῆς,
635 5400 680 5459 ἐ
707 5417 807 5466 nu
825 5417 876 5460 et
904 5415 1046 5481 ιιι-β,
1074 5403 1212 5466 quod
1245 5403 1523 5466 aliquando
1562 5400 1797 5452 redditur
1832 5417 1932 5478 κα-

391 5474 760 5539 τασκευάζειν,
800 5491 855 5530 ut
885 5475 1042 5527 Isaiae
1093 5484 1180 5533 ιι,
1214 5468 1300 5532 28,
1329 5479 1443 5527 I‘lﬂ
1474 5477 1610 5533 MED
1639 5475 1772 5526 N'ttt
1792 5467 1928 5528 LXX

745 5517 760 5539 ο
800 5501 855 5530 υι
885 5501 1042 5527 ιοαιυσ
1093 5501 1180 5533 ΑΒ,
1219 5501 1300 5532 ἂν,
1329 5501 1360 5525 δ
1397 5501 1443 5527 ΙΝ
1474 5501 1610 5533 ΙΙΗΗ
1639 5501 1676 5526 Π
1707 5501 1860 5528 IlI-5‘44

2026 4736 2301 4810 verterunt
2328 4743 2342 4778 :
2369 4729 2407 4810 ό.
2425 4729 2825 4810 κατασκευάσας
2844 4729 2910 4809 τά
2942 4730 3208 4810 άκραῃτῇς
3240 4729 3365 4810 γῇς.
3402 4733 3476 4783 Ita
3511 4747 3565 4786 et

2029 4794 2176 4866 Isaia:
2201 4797 2431 4866 ιιιιιδι.
2467 4796 2615 4866 Quod
2645 4794 3027 4866 si__scripsisset
3064 4794 3376 4864 Βηθαραϐἄ,
3400 4814 3566 4866 εκρον

2031 4863 2244 4925 suisset,
2278 4879 2298 4914 ι
2338 4865 2524 4917 domus
2555 4863 2785 4926 humilis,
2825 4863 2843 4914 ὸ
2884 4864 2965 4917 vel
2999 4881 3016 4912 ι
3059 4863 3244 4915 domus
3270 4863 3562 4928 vesperam

2032 4931 2474 4998 quemadmodum
2528 4933 2744 4996 exponit
2797 4932 3153 4998 Hieronymus
3193 4928 3444 4998 in_libro
3495 4931 3569 4983 De

2034 4993 2156 5049 locis
2176 4993 2637 5050 HebraicisNertit
2656 4998 2934 5064 utrobique
2951 4993 3106 5049 Ferra
3116 4993 3571 5064 rius_,BetIiabara,

2036 5065 2170 5117 adeo
2206 5075 2263 5116 ut
2286 5067 2361 5117 sic
2383 5065 2559 5131 ipsius,
2577 5065 2826 5117 habuisse
2849 5059 3085 5116 codicem
3105 5059 3325 5131 dubium
3353 5079 3459 5131 non
3481 5066 3573 5129 sit,

2033 5133 2207 5200 inquit
2243 5127 2497 5200 Huetius.
2524 5130 2898 5200 Verumtamen
2949 5132 2999 5182 in
3037 5129 3252 5200 codice_
3277 5127 3576 5200 Bodleiano

2035 5192 2132 5252 nec
2174 5215 2276 5251 non
2307 5199 2357 5250 in
2384 5198 2566 5250 codice
2592 5198 2880 5251 Barberino
2915 5197 3200 5260 utrobique
3239 5192 3443 5260 legitur
3469 5195 3581 5263 Βη-

2033 5266 2198 5336 θαρᾶ,
2219 5280 2317 5336 non
2350 5264 2652 5336 Bq0a6ap‘5't.

2102 5325 2210 5401 (78)
2241 5325 2553 5399 Γε-νόμενοι
2571 5325 2652 5401 ’ἐν
2678 5332 2798 5396 τοῖς
2827 5335 3044 5396 τόποις,
3066 5339 3184 5401 etc.
3221 5325 3274 5401 id
3302 5332 3434 5400 Itum
3477 5325 3594 5401 prio

2037 5393 2412 5454 nuim'videtui-
2464 5393 2788 5465 contigisse,
2832 5416 2949 5452 cum
3001 5393 3350 5451 'Alexandria
3392 5393 3597 5458 pulsus

2037 5470 2290 5523 Caesarea:
2314 5465 2638 5521 domicilium
2669 5469 2872 5521 statuit.
2895 5467 3159 5521 Hunnus.
