3880 6172
395 331 503 391 2Ἱὸ

1467 324 1816 381 COMMENT.
1852 325 1919 381 ΙΝ
1957 323 2144 383 IOAN.
2181 327 2415 384 TOMUS
2451 328 2537 382 Vl.

3367 286 3370 291 ”
3470 328 3578 387 επ

396 442 476 513 τῷ
501 441 714 510 Ἐσδρεμ
771 440 885 501 Καὶ
939 440 1000 493 οὐ
1034 438 1458 510 καταφρονητέον
1504 441 1609 492 τῶν
1649 440 1930 511 ὀνομάτων.

2048 456 2215 511 usque
2246 444 2313 509 ad
2353 456 2416 495 ea
2445 455 2562 509 qua:
2593 441 2643 493 in
2675 436 2938 511 principio
2986 443 3109 493 sunt
3153 450 3392 505 super...
3412 438 3574 493 Simi-

396 531 729 628 πραγμάτων
768 530 1181 628 σημαινομένων
1233 530 1325 628 ἀπ’
1354 529 1838 628 αὐτῶνὶχρησίμων
1974 582 2020 628 ν

393 621 506 674 τῶν
542 620 717 672 τόπων
764 619 1046 689 ἑρμηνείᾳ.
1088 619 1199 671 Οὐκ
1243 618 1488 688 εὔκαιρον
1512 619 1568 669 δὲ
1593 618 1686 670 νῦν
1711 618 1799 671 τὸν
1822 618 1947 688 περὶ

393 710 496 779 τῆς
522 707 749 778 θεωρίας
787 706 899 759 τῶν
947 707 1219 777 ὀνομάτων
1251 706 1497 771 ἐξετάσαι
1526 706 1699 775 λόγον,
1736 707 1943 777 ἀφέμε-

393 813 487 853 νον
507 796 613 851 τῶν
642 795 1037 865 προκειμένων.

464 968 554 1021 25.
590 969 816 1038 Ἰδωμεν
864 967 1040 1025 τοίνυν
1080 967 1149 1029 τὰ
1191 968 1289 1038 τῆς
1333 950 1684 1040 εὐαγγελικῆς
1728 969 1939 1034 λέξεως.

405 1057 673 1128 Ἰορδάνης
704 1057 803 1127 μὲν
831 1056 1185 1128 ἑρμηνεύεται
1222 1057 1333 1127 (86)
1372 1059 1693 1125 κατάϐασις
1726 1059 1939 1114 αὐτῶν.

392 1145 580 1215 Τούτῳ
605 1147 683 1210 δὲ,
710 1147 777 1199 ἵν’
805 1146 977 1210 οὕτως
1006 1148 1164 1211 είπω,
1207 1151 1409 1218 γειτνιᾷ
1444 1150 1504 1202 τὸ
1525 1149 1693 1219 ὄνομα
1721 1149 1811 1201 τοῦ
1850 1151 1943 1202 Ἰα-

394 1233 508 1301 ρὲδ,
560 1234 588 1285 δ
616 1234 711 1293 καὶ
756 1235 885 1288 αὐτὸ
915 1237 1267 1305 ἑρμηνεύεται
1305 1238 1685 1300 καταϐαίνων,
1735 1239 1943 1307 ἐπειδή-

389 1340 500 1393 περ
524 1324 810 1393 γεγένηται
835 1323 912 1393 τῷ
935 1325 1233 1395 Μαλελεὴλ,
1261 1324 1335 1387 ὡς
1357 1326 1413 1379 ὲν
1438 1326 1514 1395 τῷ
1554 1325 1719 1395 Ἑνὼχ
1740 1327 1939 1396 γέγρα-

391 1427 524 1463 πται
556 1410 670 1479 (87)
698 1412 772 1479 (εἴ
797 1429 874 1481 τῳ
910 1411 1062 1479 φίλον
1089 1413 1477 1482 παραδέχεσθαι
1505 1414 1579 1476 ὡς
1604 1415 1753 1482 ἆγιον
1776 1416 1837 1466 τὸ
1864 1414 1940 1483 βι-

388 1499 581 1569 ϐλίον),
604 1502 725 1563 ταῖς
749 1500 983 1570 ἡμέραις
1018 1502 1115 1570 τῆς
1139 1502 1243 1555 τῶν
1271 1503 1399 1555 υἱῶν
1427 1504 1518 1556 τοῦ
1541 1504 1672 1557 Θεοῦ
1700 1506 1938 1559 καταϐά-

387 1603 529 1649 σεως
556 1588 649 1640 ἐπὶ
683 1587 782 1650 τάς
808 1587 1109 1661 θυγατέρας
1137 1592 1243 1646 τῶν
1270 1591 1563 1661 ἀνθρώπων
1581 1609 1597 1624 ⁸
1631 1594 1813 1663 ἥντινα
1844 1612 1943 1647 κα-

386 1675 615 1729 τάϐασιν
667 1675 1000 1731 αἰνίσσεσθαί
1041 1694 1182 1744 τινες
1224 1679 1547 1748 ὑπειλήφασι
1574 1681 1671 1751 τὴν
1698 1681 1804 1737 τῶν
1835 1682 1937 1750 ψυ-

2043 530 2164 583 liter
2210 538 2387 582 autem
2426 529 2480 580 in
2528 527 2718 581 Esdra.
2766 523 2919 596 142
2970 521 3077 576 Nec
3116 537 3245 577 vero
3297 524 3573 592 parvipen-

2043 620 2211 676 denda
2236 627 2359 675 sunt
2380 618 2613 683 nomina,
2641 632 2760 673 cum
2783 630 2867 669 res
2894 613 3050 669 utiles
3076 627 3143 679 ex
3173 614 3255 667 eis
3275 613 3577 682 signiﬁcen-

2044 716 2130 767 tur
2179 705 2416 767 locorum
2472 703 2935 774 interpretatione.
2992 700 3253 755 Caeterum
3307 700 3445 753 haud
3494 708 3577 754 est

2044 809 2187 849 nunc
2215 803 2570 865 Opportunum
2607 790 2888 844 instituere
2929 803 3231 844 sermonem
3267 788 3333 842 de
3368 789 3576 865 ratione

2042 864 2342 947 nominum,
2364 882 2658 939 omittendo
2686 896 2804 951 quae
2837 888 2963 934 sunt
2992 879 3287 949 proposita.
3552 864 3555 869 ’

2109 972 2200 1026 25.
2240 971 2601 1038 Quamobrem
2647 969 2918 1024 videamus
2956 983 3073 1036 quae
3107 970 3171 1022 ad
3214 966 3572 1036 evangel‘icam

2010 1110 2013 1115 η
2041 1058 2322 1114 lectionem
2350 1068 2615 1127 spectant.
2647 1057 2911 1111 Iordanes
2941 1058 3152 1124 quidem
3185 1057 3574 1123 interpretatur

2038 1150 2309 1203 descensus
2349 1148 2600 1217 ipsorum.
2637 1145 2772 1200 lluic
2798 1154 2997 1211 autem,
3039 1152 3095 1198 ut
3121 1145 3191 1197 ita
3223 1146 3418 1209 dicam,
3439 1143 3568 1196 vici-

2039 1254 2164 1293 num
2197 1245 2278 1293 est
2314 1251 2506 1291 nomen
2534 1236 2705 1298 lared,
2749 1238 2891 1303 quod
2931 1242 2986 1288 et
3033 1235 3204 1301 ipsum
3252 1234 3573 1301 interpreta-

2040 1340 2128 1384 tur
2174 1327 2502 1389 descendens,
2537 1325 2788 1392 quoniam
2832 1322 3040 1392 genitus
3081 1332 3164 1376 est
3198 1321 3476 1384 Malaleeli,
3514 1331 3571 1374 ut

2039 1419 2089 1472 in
2120 1419 2258 1471 libro
2288 1415 2470 1468 Enoch
2514 1421 2597 1466 est
2635 1412 2890 1479 scriptum
2919 1410 3002 1480 (si
3039 1410 3123 1464 cui
3154 1408 3332 1481 placet
3377 1409 3571 1462 admit-

2040 1517 2152 1563 tere
2181 1504 2375 1559 librum
2406 1511 2464 1555 ut
2491 1509 2733 1555 sanctum
2755 1503 2775 1566 )
2795 1538 2813 1566 ,
2854 1500 2940 1554 his
2968 1499 3175 1563 diebus,
3213 1512 3333 1553 cum
3376 1498 3468 1552 lilii
3498 1498 3571 1554 ls-

2037 1597 2145 1651 rael
2172 1595 2559 1650 descenderent
2588 1591 2652 1643 ad
2676 1590 2816 1643 ﬁlias
2839 1588 3111 1642 hominum
3143 1606 3157 1642 ς
3182 1603 3288 1657 quo
3314 1588 3571 1643 descensu

2037 1685 2249 1754 quidam
2284 1681 2537 1751 suspicati
2571 1685 2694 1734 sunt
2732 1677 2880 1731 innui
2912 1678 3212 1731 animarum
3250 1678 3316 1730 ad
3342 1691 3570 1743 corpora

384 1764 499 1833 χῶν
524 1765 747 1821 κάθοδον
768 1767 862 1819 ἐπὶ
901 1767 969 1821 τά
1015 1768 1258 1839 σώματα,
1303 1769 1602 1840 θυγατέρας
1643 1770 1930 1840 ἀνθρώπων

2035 1775 2348 1829 descensum
2378 1789 2393 1836 ;
2426 1771 2566 1824 ﬁlias
2589 1767 2868 1822 hominum
2900 1766 3265 1835 metaphorice
3295 1777 3567 1821 terrenum

381 1854 788 1925 τροπικὼτερον
819 1856 880 1909 τὸ
922 1858 1107 1926 γήϊνον
1134 1858 1329 1927 σκῆνος
1370 1858 1616 1926 λέγεσθαι
1648 1860 1937 1930 ὑπειληφόο

380 1958 495 2003 τες.
534 1943 598 1995 El
617 1942 682 2013 δὴ
725 1943 872 1997 τοῦθ’
898 1942 1069 2007 οὕτως
1094 1943 1225 2014 ἔχει,
1254 1946 1335 2007 τίς
1377 1944 1441 1997 ἂν
1466 1945 1549 2015 εἴη
1584 1948 1819 2017 ποταμὸς
1839 1966 1935 2003 atat,-

379 2031 611 2096 τάὸασις
633 2033 832 2097 αὐτῶν,
858 2035 942 2100 ἐφ’
969 2032 1029 2086 δν
1053 2034 1337 2103 ἐρχόμενον
1365 2034 1712 2106 καθαίρεσθαι
1734 2037 1815 2090 δεῖ
1837 2038 1938 2093 οὐκ

386 2123 527 2176 ίδίαν
559 2122 856 2176 κατάὸασιν
879 2122 1304 2193 καταϐεϐηκότα,
1327 2123 1460 2177 ἀλλὰ
1480 2125 1577 2195 τὴν
1605 2124 1710 2178 τῶν
1730 2125 1937 2196 ἀνθρώ-

380 2227 524 2273 πων,
550 2211 584 2281 ἢ
618 2213 648 2264 ό
673 2211 863 2281 Σωτὴρ
902 2211 1057 2281 ήμῶν
1103 2209 1348 2280 δωρίζων
1379 2214 1501 2275 τοὺς
1525 2214 1628 2267 ὑπὸ
1655 2215 1936 2279 Μωῦσέως

381 2299 904 2370 κληροδοτουμένους
945 2299 1050 2353 ἀπὸ
1096 2300 1204 2353 τῶν
1247 2300 1335 2354 διὰ
1374 2300 1546 2371 Ἰησοῦ
1595 2302 1694 2365 τὰς
1732 2304 1934 2366 οἰκείας

377 2389 869 2458 ἀπολαμϐανόντων
895 2389 1149 2460 μερίδας;
1175 2389 1374 2443 Τούτου
1403 2390 1466 2461 δὴ
1494 2389 1587 2444 τοῦ
1608 2391 1694 2444 διὰ
1714 2392 1806 2445 τοῦ
1833 2410 1933 2446 κα-

377 2474 745 2543 ταϐεϐηκότος
773 2466 1018 2546 ποταμοῦ
1038 2477 1105 2530 τά
1129 2479 1418 2547 όρμήματα
1441 2479 1830 2549 εὐφραίνουσιν,
1858 2482 1933 2549 ὡς

377 2564 443 2616 ὲν
481 2564 724 2634 Ψαλμοῖς
767 2566 1015 2635 εὕρομεν,
1065 2565 1162 2635 τὴν
1216 2566 1366 2621 πόλιν
1396 2568 1489 2621 τοῦ
1542 2569 1672 2622 Θεοῦ
1721 2571 1817 2641 τὴν
1846 2574 1931 2625 al-

378 2651 585 2720 σθητὴν
620 2652 969 2724 Ἰερουσαλὴμ
1013 2655 1096 2722 (οὐ
1118 2654 1226 2725 γάρ
1257 2654 1368 2724 ἔχει
1414 2657 1806 2726 παρακείμενον
1833 2676 1932 2713 ποθ

376 2740 598 2809 ταμόν),
645 2738 781 2793 ἀλλὰ
803 2741 903 2810 τὴν
932 2741 1157 2810 ἄμωμον
1187 2741 1282 2794 τοῦ
1305 2742 1438 2795 Θεοῦ
1475 2743 1810 2813 Ἐκκλησίαν,
1855 2746 1931 2798 ol-

380 2828 786 2898 κοδομουμένην
828 2828 923 2881 ἐπὶ
964 2829 1047 2897 τῷ
1086 2830 1317 2901 θεμελίῳ
1355 2831 1464 2886 τῶν
1500 2832 1804 2889 ἀποστόλων
1840 2836 1932 2889 καὶ

374 2917 492 2970 τῶν
532 2918 841 2988 προφητῶν,
872 2919 1023 2982 ὄντος
1053 2921 1436 2990 ἀκρογωνιαίου
1485 2923 1717 2991 Χριστοῦ
1759 2924 1931 2995 Ἰησοῦ

374 3003 481 3059 τοῦ
525 3002 731 3076 Κυρίου
763 3005 937 3078 ἡμῶν.
991 3007 1257 3076 Ἰορδάνην
1303 3007 1549 3076 μέντοιγε
1595 3012 1807 3081 νοητὲον
1836 3012 1929 3067 τοῦ

373 3092 517 3146 Θεοῦ
557 3093 727 3161 Λόγον
760 3094 851 3149 τὸν
901 3094 1186 3162 γενόμενον
1218 3096 1413 3165 σάρκα,
1448 3098 1538 3151 καὶ
1586 3100 1931 3169 σκηνώσαντα

372 3182 439 3234 ὲν
467 3183 618 3250 ἡμῖν,
664 3181 868 3251 Ἰησοῦν
898 3182 953 3234 δὲ
977 3183 1069 3237 τὸν
1105 3183 1565 3255 κληροδοτήσαντα
1592 3188 1620 3240 ὃ
1652 3189 1931 3258 ἀνείληφεν

372 3270 754 3340 ἀνθρώπινον·
801 3272 937 3340 ὅπερ
974 3273 1088 3325 ἐστὶ
1134 3273 1227 3326 καὶ
1270 3274 1654 3342 ἁκρογωνιαῖος
1700 3277 1862 3342 λίθος,
1901 3279 1932 3332 ὁ

374 3360 477 3413 καὶ
505 3359 667 3422 αὐτὸς
694 3361 753 3412 ὲν
780 3363 846 3429 τῇ
876 3360 1084 3430 θεότητι
1122 3361 1216 3415 τοῦ
1261 3361 1388 3416 Υίοῦ
1430 3363 1524 3418 τοῦ
1549 3364 1680 3418 Θεοῦ
1707 3368 1931 3438 γενόμε-

373 3465 490 3511 νος,
516 3447 591 3517 τῷ
613 3448 931 3518 ἀνειλῆφθαι
957 3450 1045 3501 ὑπ’
1069 3449 1231 3505 αὑτοῦ
1253 3450 1482 3516 λούεται,
1514 3455 1606 3506 καὶ
1632 3455 1749 3511 τότε
1770 3458 1933 3527 χωρεῖ

373 3537 480 3607 τὴν
504 3536 758 3607 ἀκέραιον
799 3537 892 3591 καὶ
926 3537 1107 3592 ἄδολον
1132 3540 1456 3609 περιστερὰν
1479 3541 1570 3594 τοῦ
1598 3542 1927 3611 Πνεύματος,

374 3623 766 3695 συνδεδεμένην
810 3624 978 3690 αὐτῷ,
1004 3625 1098 3683 καὶ
1148 3627 1341 3695 μηκέτι
1372 3628 1672 3697 ἀποπτῆναι
1700 3629 1929 3700 δυναμέ-

372 3728 513 3781 νην·
549 3731 570 3764 ι
611 3713 725 3781 Ἐφ’
746 3713 807 3768 όν
831 3713 958 3784 γὰρ,
1003 3715 1182 3783 φησιν,
1228 3716 1322 3769 ἐὰν
1350 3717 1464 3787 ῐδῃς
1483 3718 1544 3770 τὸ
1579 3717 1802 3785 Πνεῦμα
1833 3737 1930 3773 κα-

370 3800 630 3858 τασαῖνον
650 3802 746 3857 καὶ
771 3802 928 3872 μένον
956 3804 1042 3857 ἐπ’
1065 3804 1247 3867 αὑτὸν,
1275 3800 1425 3867 οὗτός
1444 3809 1587 3860 ἐστιν
1611 3808 1639 3858 ὁ
1659 3806 1927 3875 βαπτίζων

370 3891 435 3945 ιν
463 3891 737 3960 Πνεύματι
783 3892 945 3960 άγίῳ.
987 3911 1005 3947 ι
1059 3892 1158 3946 Διὰ
1204 3894 1358 3948 τοῦτο
1406 3894 1582 3948 λασὼν
1612 3896 1673 3948 τὸ
1710 3897 1928 3967 Πνεῦμα

375 3976 540 4044 μένον
565 3979 650 4031 ἐπ’
676 3978 837 4032 αὑτὸν
884 3978 1104 4047 Ἰησοῦν,
1131 3983 1188 4034 ὲν
1220 3982 1367 4053 αὑτῷ
1392 3984 1627 4053 μείναντι
1655 3983 1929 4053 βαπτίζειν

370 4066 504 4129 τοὺς
553 4069 1017 4139 προσερχομένους
1051 4064 1159 4138 (88)
1187 4072 1333 4142 αύτῷ
1384 4073 1602 4142 δυνηθῇ.
1651 4074 1827 4144 Πέραν
1871 4075 1927 4127 δὲ

370 4155 470 4213 τοῦ
507 4154 788 4226 Ἰορδάνου,
835 4158 973 4213 κατὰ
1020 4159 1087 4221 τά
1129 4158 1232 4225 ἔξω
1263 4160 1362 4230 τῆς
1415 4159 1669 4223 ἰουδαίας
1711 4163 1928 4217 νεύοντα

372 4244 638 4314 κλίματα,
659 4247 723 4300 ἐν
764 4249 832 4317 τῇ
859 4247 1151 4319 Βηθαρασᾷ
1176 4247 1287 4319 (89)
1321 4247 1569 4317 βαπτίζει
1596 4251 1624 4302 ό
1658 4252 1923 4322 Ἰωάννης,

2033 1860 2387 1916 habitaculum
2421 1858 2523 1912 dici
2560 1855 2948 1910 existimantes.
2997 1853 3053 1909 Si
3085 1856 3245 1924 igitur
3269 1856 3371 1909 hoc
3401 1855 3483 1909 sic
3509 1869 3570 1909 se

2034 1952 2217 2011 habet,
2246 1949 2366 2017 quis
2390 1948 2493 2000 erit
2515 1945 2705 2000 ﬂuvius
2732 1947 3019 2000 descensus
3040 1945 3295 2015 ipsorum,
3327 1945 3391 1998 ad
3409 1959 3569 2012 quem

2034 2053 2137 2092 nou
2162 2035 2564 2091 descendentem
2592 2035 2813 2103 proprio
2849 2034 3137 2096 descensu,
3182 2032 3272 2086 sed
3308 2033 3567 2085 descensu

2034 2126 2331 2189 hominum,
2360 2122 2663 2192 quicunque
2692 2121 2919 2185 venerit,
2966 2120 3344 2190 puriﬁcatione
3389 2130 3566 2185 egeat,

2033 2212 2137 2267 nisi
2171 2211 2423 2266 Servator
2456 2218 2661 2273 noster,
2689 2208 3070 2263 disterminans
3092 2223 3183 2264 eos
3201 2211 3289 2278 qui
3320 2224 3349 2262 a
3376 2210 3569 2279 Moyse

2033 2301 2397 2355 lmreditatem
2426 2298 2754 2367 acceperint,
2785 2298 2852 2351 ab
2880 2298 2964 2352 his
2990 2300 3079 2365 qui
3107 2299 3350 2367 proprias
3388 2312 3569 2367 partes

2032 2398 2351 2457 acceperunt
2379 2402 2474 2455 per
2498 2385 2720 2441 Iesum?
2772 2386 2942 2457 Hujus
2987 2388 3151 2457 igitur
3196 2388 3443 2455 impetus,
3475 2393 3566 2455 qui

2030 2488 2157 2534 sunt
2206 2491 2303 2545 per
2341 2475 2557 2529 ﬂuvium
2598 2475 3031 2542 descendentem,
3083 2475 3373 2542 lmtilicant,
3416 2487 3470 2530 ut
3512 2479 3564 2530 in

2030 2568 2258 2623 Psalmis
2281 2574 2362 2620 est
2388 2564 2646 2631 scriptum
2672 2564 2739 2629 “,
2783 2564 3054 2618 civitatem
3104 2566 3220 2628 Dei,
3260 2580 3364 2619 non
3411 2565 3566 2619 Ieru-

2031 2659 2195 2712 salem
2221 2654 2319 2710 sub
2343 2667 2553 2708 sensum
2581 2653 2856 2708 cadentem
2896 2654 3037 2723 (nec
3081 2654 3224 2708 enim
3267 2651 3563 2709 Jerusalem

2030 2746 2189 2800 habet
2214 2744 2539 2810 adiacentem
2566 2742 2829 2810 ﬂuvium),
2858 2745 2948 2797 sed
2985 2742 3305 2812 ineulpatam
3340 2743 3433 2796 Dei
3468 2743 3567 2795 Ec-

2030 2834 2246 2890 clesiam
2290 2833 2609 2886 aedificatam
2646 2846 2808 2901 super
2852 2834 3254 2887 fundamentum
3296 2833 3566 2901 apostolo-

2032 2938 2148 2975 rum
2207 2931 2261 2976 et
2320 2922 2735 2989 prophetarum,
2790 2935 3000 2975 summo
3073 2920 3314 2988 angulari
3384 2919 3557 2988 lapide

2031 3012 2243 3067 Christo
2272 3010 2397 3066 Iesu
2431 3013 2724 3065 exsistente
2754 3011 2978 3064 Domino
3000 3019 3181 3063 nostro
3209 3010 3274 3062 ".
3302 3007 3565 3063 Iordanes

2032 3103 2210 3169 itaque
2246 3102 2618 3175 intelligendus
2647 3108 2734 3154 est
2760 3099 2850 3153 ille
2885 3098 2977 3152 Dei
3022 3097 3216 3152 Sermo
3255 3097 3347 3167 qui
3389 3096 3591 3150 factus

2029 3202 2114 3247 est
2149 3208 2276 3248 caro
2304 3201 2357 3247 et
2390 3193 2649 3248 habitavit
2700 3192 2750 3245 in
2789 3191 2944 3246 nobis
2995 3189 3069 3254 “;
3101 3188 3273 3254 Iesus,
3323 3190 3563 3259 inquam,

2029 3282 2117 3350 qui
2177 3282 2431 3351 quidquid
2473 3281 2763 3349 assumpsit
2814 3280 3124 3342 humanum,
3169 3278 3563 3331 haereditarium

2030 3369 2152 3424 fecit
2179 3385 2194 3423 :
2226 3371 2365 3438 quod
2388 3378 2468 3424 est
2493 3370 2651 3424 etiam
2675 3383 2915 3423 summus
2943 3368 3219 3438 angularis
3246 3366 3402 3436 lapis,
3423 3368 3561 3434 quod

2027 3460 2188 3513 etiam
2220 3461 2391 3529 ipsum
2424 3460 2477 3514 in
2512 3459 2796 3513 divinitate
2835 3458 2958 3513 Filii
3014 3446 3106 3512 Dei
3152 3457 3375 3524 factum,
3399 3472 3465 3511 ex
3497 3472 3564 3512 eo

2028 3550 2169 3618 quod
2212 3550 2277 3604 ab
2316 3550 2433 3621 ipso
2464 3559 2792 3618 assumptum
2844 3547 3028 3614 fuerit,
3076 3547 3306 3611 lavatur,
3355 3556 3409 3600 et
3451 3557 3563 3599 tum

2027 3641 2169 3708 capit
2194 3639 2493 3708 simplicem
2541 3648 2596 3693 et
2641 3639 2756 3693 sine
2785 3637 2907 3691 dolo
2960 3637 3261 3691 columbam
3309 3637 3560 3705 Spiritus,

2025 3728 2124 3781 sibi
2165 3726 2491 3795 colligatum,
2551 3741 2649 3780 nec
2699 3725 2926 3793 amplius
2978 3724 3195 3777 avolare
3247 3712 3557 3791 valentem:

2030 3835 2050 3868 ι
2079 3815 2252 3883 Super
2288 3828 2445 3880 quem
2474 3815 2642 3880 enim,
2687 3812 2881 3879 inquit,
2924 3812 3120 3865 videris
3149 3810 3405 3879 Spiritum
3465 3811 3560 3864 de-

2024 3902 2387 3965 scendentem,
2431 3909 2487 3955 et
2536 3910 2836 3956 manentem
2860 3912 3021 3967 super
3061 3913 3206 3964 eum,
3235 3897 3322 3951 hic
3354 3908 3436 3951 est
3466 3899 3561 3965 qui

2024 3990 2257 4060 baptizat
2285 3989 2335 4041 in
2366 3987 2565 4057 Spiritu
2613 3996 2804 4044 sancto
2843 3987 2908 4039 ¹⁸.
2950 4003 2970 4036 ι
3018 3984 3246 4052 Propter
3300 3986 3421 4047 hoc,
3467 3986 3559 4053 qui

2024 4077 2288 4144 acceperit
2319 4075 2574 4144 Spiritum
2625 4083 2925 4130 manentem
2955 4087 3114 4141 super
3139 4074 3311 4142 ipsum
3350 4072 3558 4138 Iesum,

2022 4164 2297 4232 baptizare
2334 4164 2533 4231 poterit
2565 4163 2630 4217 ad
2659 4178 2718 4219 se
2750 4165 3090 4226 accedentes,
3132 4161 3334 4231 Spiritu
3371 4170 3559 4215 sancto

2026 4255 2077 4308 in
2110 4254 2229 4322 ipso
2258 4261 2621 4322 permanente.
2653 4253 2759 4307 Sed
2783 4262 2933 4309 trans
2961 4252 3273 4317 Iordanem,
3305 4250 3359 4304 in
3386 4250 3560 4318 partio

370 4334 681 4404 πρόδρομος
712 4334 791 4388 ὢν
830 4335 924 4389 τοῦ
955 4336 1267 4406 ἐληλυθότος
1304 4337 1524 4391 καλέσαι
1562 4338 1624 4389 οὐ
1665 4339 1917 4407 δικαίους,

2035 4350 2119 4398 ius
2148 4353 2297 4396 extra
2320 4340 2554 4396 Iudaeam
2579 4342 2943 4410 vergentibus,
2990 4342 3042 4395 in
3091 4340 3389 4395 Bethabara
3458 4342 3552 4393 ba-

369 4423 510 4476 ἀλλὰ
553 4424 927 4495 ἁμαρτωλοὺς,
954 4426 1284 4489 διδάσκοντος
1329 4426 1403 4497 μὴ
1427 4426 1614 4498 χρείαν
1640 4427 1779 4497 ἔχειν
1802 4431 1924 4495 τοὺς

374 4511 656 4581 ἰσχύοντας
697 4513 877 4584 ίατροῦ
904 4513 1036 4584 (90),
1087 4515 1225 4569 ἀλλὰ
1269 4515 1394 4579 τοὺς
1438 4515 1620 4578 κακῶς
1667 4517 1914 4586 ἔχοντας·

2024 4432 2192 4501 ptizat
2215 4428 2467 4497 Ioannes,
2496 4444 2794 4501 praecursor
2819 4431 2965 4485 illius
2996 4431 3261 4485 exsistens
3282 4430 3371 4498 qui
3411 4428 3560 4481 venit

2027 4518 2182 4589 ιω
2211 4531 2317 4572 non
2343 4515 2517 4586 iustos
2539 4555 2555 4582 ,
2589 4519 2683 4573 sed
2705 4527 3010 4587 peccatores
3037 4519 3103 4572 ad
3131 4516 3558 4585 resipiscentiam

446 4645 651 4701 “Psal.
686 4660 810 4715 τιν,
837 4645 893 4701 5.
970 4647 1013 4678 "
1040 4647 1233 4716 Epltes.
1263 4664 1325 4717 tt,
1352 4649 1443 4706 20.
1518 4649 1563 4681 ³⁵
1584 4648 1739 4704 Ioan.
1769 4666 1812 4716 ι,
1843 4653 1931 4709 14.
2005 4652 2051 4684 ¹³
2078 4651 2207 4707 ibid.
2233 4651 2324 4706 53.

371 4791 458 4835 ter
493 4781 673 4836 locum
704 4781 798 4835 ubi
829 4796 917 4836 res
939 4780 1123 4837 saulis
1148 4782 1231 4836 vel
1279 4797 1365 4839 res
1412 4784 1626 4839 Davidis
1680 4798 1914 4841 comme-

372 4861 662 4920 morantur
697 4850 841 4920 :_hoc
868 4858 973 4920 est,
995 4851 1062 4902 ad
1095 4860 1255 4920 caput
1291 4866 1460 4920 usque
1492 4853 1792 4917 decimum;
1848 4854 1916 4906 ab

372 4916 476 4971 hoc
519 4918 668 4970 enim
714 4917 831 4970 loco
881 4915 1324 4983 infrequentiores
1372 4915 1502 4973 eunt
1545 4915 1787 4983 prolixae
1815 4920 1920 4975 illm

371 4985 650 5037 nominum
682 4984 1022 5050 propriorum
1067 4986 1514 5042 enumerationes.
1548 4984 1812 5043 llus'rtus.

438 5051 559 5118 (86)
626 5048 922 5130 Ξᾷρδιξτῃς
976 5050 1092 5116 μὲν
1136 5051 1547 5130 ἑρμηνεύεται,
1603 5056 1917 5130 θερηΑτπν,

376 5118 755 5185 sdescendit.p
793 5117 1155 5185 Hieronymus
1201 5118 1277 5175 De
1329 5121 1578 5181 nominib,
1625 5117 1913 5177 Hebraicx.‘

376 5183 630 5253 «Iarden,
686 5183 1207 5253 descensiqeorum,
1246 5185 1353 5248 vel,
1395 5188 1515 5241 vide
1557 5187 1847 5244 Iudicium.
1887 5207 1908 5242 ι

375 5253 475 5306 ΔὶῙί
499 5246 707 5304 dictum
733 5259 932 5315 putant
961 5246 1242 5303 Iordanem
1269 5267 1297 5303 a
1332 5246 1535 5308 duobus
1563 5255 1796 5310 fontibus
1824 5253 1918 5310 Ior

370 5328 423 5371 et
454 5320 594 5381 Dan,
628 5319 771 5371 unde
794 5317 896 5384 hic
924 5315 1099 5384 amnis
1128 5317 1375 5384 proﬂuit;
1399 5334 1504 5384 quo
1525 5324 1679 5375 modo
1702 5325 1931 5378 nomina.

373 5383 679 5457 sua_gt_de_pti
708 5381 1196 5457 suntpordonafet
1218 5381 1475 5443 Tamesis.
1510 5386 1588 5439 lo.

290 5492 295 5497 .
372 5516 390 5528 _
438 5444 684 5528 (871?;
706 5446 891 5528 ereti)
927 5447 1458 5528 γέγραπταί,
1488 5462 1594 5528 etc.
1618 5453 1786 5528 Locus
1821 5458 1920 5512 ha-

367 5513 695 5590 betur'libro
721 5516 905 5582 primo
940 5513 1337 5590 Euochi'u'ﬂsgl
1366 5513 1479 5573 τῶν
1507 5520 1852 5590 ἐγρηγόρων,
1885 5542 1919 5578 e

366 5599 479 5653 quo
510 5578 873 5650 fragtuentum
918 5578 1126 5646 profert
1177 5578 1409 5653 Scaliger
1456 5578 1771 5646 ad"Euse'b.
1831 5578 1912 5646 En

2018 4785 2181 4853 verba
2216 4803 2230 4839 :
2265 4784 2372 4838 Kal.
2399 4784 2633 4853 ἐγένετο,
2654 4787 2741 4838 ὅτε
2766 4784 3186 4853 ὲπληθύνθησαν-
3213 4783 3260 4832 οί
3296 4779 3397 4853 υἱοὶ
3449 4779 3560 4853 τῶν

2017 4852 2330 4922 ἀνθρώπιον,
2378 4847 2732 4975 ἐγεννηθὶὲσαν
2776 4847 2958 4934 αὐτοῖς
2994 4847 3285 4969 θυγατέρῗς
3339 4847 3554 4965 ὼδραίαι,

2018 4923 2111 4975 καὶ
2131 4920 2477 4975 ἐπεθύμησαν
2513 4940 2608 4974 αυτ
2652 4940 2679 4975 ς
2711 4921 2760 4973 οἱ
2789 4923 3138 4975 ὲγοηγοροι...
3165 4913 3199 4975 ⁷,
3247 4933 3342 4967 σαν
3398 4915 3425 4967 ὲ
3467 4912 3554 4970 οὗ-

2018 4923 2111 4981 καὶ
2122 4912 2484 4991 ’ἐπεθύμησαν
2513 4912 2679 4986 α’ύτᾶς
2711 4921 2760 4973 οἱ
2789 4912 3342 4991 ἐγρήγοροι’...ξ11σαν
3369 4912 3432 4991 δὲ
3467 4912 3555 4970 ob;

2015 5005 2096 5041 τοι
2123 4995 2187 5053 a’,
2217 4990 2264 5041 οἱ
2289 4981 2614 5051 καταϐάντες
2644 4981 2700 5041 ἐν
2720 4981 2840 5049 ταῖς
2860 4981 3096 5056 ἶήμέραἐις
3128 4984 3331 5056 λιαρέᾶ
3379 4981 3547 5056 ,ζΙιιιιο

2019 5049 2219 5111 librum
2253 5056 2436 5111 Graece
2480 5049 2734 5122 scriptum
2788 5049 2993 5122 habuit:
3023 5049 3281 5115 Scaliger.
3320 5050 3553 5122 _a|iaque

2020 5123 2252 5190 ejusdem
2282 5125 2517 5179 auctoris
2543 5119 2673 5175 falsa
2695 5133 2746 5190 et
2781 5120 3077 5190 supposita,
3107 5119 3552 5185 quemadmodum

2021 5187 2273 5246 discimus
2303 5205 2366 5243 ex
2398 5188 2797 5258 Scaligerianis.
2825 5187 2901 5258 lp.

2089 5258 2203 5327 (88)
2261 5251 2793 5327 Προσερχόμένους.
2850 5254 2926 5306 Ita
2986 5252 3151 5308 codex
3200 5251 3554 5321 Bodleianus;

2022 5324 2233 5393 Regius,
2266 5325 2603 5393 ἐρχομένους.

2088 5385 2196 5462 (89)
2235 5385 2561 5462 Βὴθὶιροϐᾷ.
2595 5389 2774 5444 Cede:
2797 5386 3138 5462 therinus:
3180 5385 3426 5457 Βηθαρᾷ,
3458 5388 3554 5441 sed

2021 5454 2239 5515 omnino
2270 5454 2555 5527 legendum
2576 5468 2634 5511 ut
2658 5470 2816 5527 supra
2837 5454 3160 5527 §q0_a._6apéft.

2094 5527 2202 5606 (90)
2239 5520 2472 5594 Ἰαξροῦ.
2504 5525 2595 5580 Sic
2622 5520 2790 5580 codex
2837 5520 3190 5584 Bodleianus;
3223 5520 3422 5591 Regius
3478 5524 3557 5575 lat-

2024 5613 2051 5645 τ
2056 5611 2179 5664 ρων.
