3880 6200
384 360 492 421 278

1812 353 1968 410 οιιισ
1977 349 2126 406 ENIS

3446 329 3540 384 276

387 493 674 534 vacaturus
707 481 771 539 ",
797 481 990 549 quippe
1020 480 1176 533 docet
1204 494 1304 534 non
1336 494 1467 545 opus
1498 479 1643 533 sanis
1677 479 1899 536 medico.

2031 471 2094 522 ιαὶ
2141 465 2246 537 γὰρ
2302 464 2376 526 είς
2429 463 2617 530 ἄφεσιν
2667 456 2944 529 ἁμαρτιῶν
3000 452 3062 505 τὸ
3102 446 3326 518 λουτρὸν
3354 444 3548 499 δίδοται.

385 576 478 630 sed
503 575 637 628 male
662 574 973 627 habentibus
998 574 1060 626 ”.
1085 575 1288 628 Etenim
1321 575 1371 628 in
1401 575 1761 629 remissionem
1795 577 2128 640 peccatorum
2159 561 2313 614 datur
2335 557 2606 610 lavacrum
2637 552 2698 605 ’⁸.

451 751 540 806 26.
571 750 830 804 Οωιοτυηι
864 753 1140 820 probabile
1165 763 1247 806 est
1278 751 1504 821 aliquem
1533 794 1548 818 ,
1577 754 1664 822 qui
1697 769 1800 808 non
1829 756 1910 808 in-

383 841 644 894 tellexerit.
673 842 910 894 diversas
944 842 1008 894 de
1048 842 1332 895 Servatore
1356 841 1617 906 notiones,
1651 841 1908 896 offensum

381 931 446 983 iri
489 945 582 997 pro
607 929 865 998 explicata
896 928 1138 985 Jordanis
1169 932 1599 997 interpretatione
1619 970 1634 994 ,
1662 947 1725 986 eo
1771 932 1909 999 quod

277 1019 288 1024 ”
380 1016 613 1074 Joannes
639 1019 811 1072 dicat:
851 1037 868 1070 ι
898 1020 1007 1087 Ego
1037 1020 1244 1087 baptizo
1269 1023 1320 1072 in
1349 1035 1482 1088 aqua
1509 1037 1522 1072 :
1555 1021 1647 1073 sed
1674 1020 1760 1086 qui
1794 1029 1913 1088 post

382 1122 466 1160 me
505 1117 755 1161 venturus
784 1119 887 1173 est,
921 1109 965 1162 is
1001 1118 1083 1162 est
1111 1125 1193 1164 me
1223 1109 1441 1163 fortior:
1472 1110 1584 1175 ipse
1621 1124 1712 1162 vos
1743 1109 1911 1176 bapti-

381 1197 523 1250 zabit
559 1199 608 1250 in
635 1196 833 1264 Spiritu
863 1209 1051 1252 sancto
1082 1200 1142 1250 ⁸³.
1178 1219 1196 1250 ι
1231 1200 1308 1251 Ad
1338 1215 1494 1267 quem
1525 1199 1602 1251 sic
1625 1206 1704 1251 est
1731 1199 1908 1250 dicen-

348 1286 540 1340 'dnm:
573 1290 711 1354 quod
746 1297 802 1340 ut
823 1303 998 1342 sermo
1027 1290 1116 1342 Dei
1141 1292 1384 1356 potabilis
1411 1292 1694 1351 exsistens,
1721 1291 1909 1358 aliqui-

378 1377 476 1430 bus
505 1379 716 1445 quidem
749 1395 886 1445 aqua
912 1417 928 1442 ,
964 1380 1229 1448 aliquibus
1261 1398 1383 1436 vero
1428 1383 1602 1434 vinum
1634 1381 1910 1434 laatificans

377 1478 474 1517 cor
506 1465 736 1519 hominis
756 1467 822 1530 ",
856 1468 1122 1521 nonnullis
1148 1470 1306 1521 etiam
1339 1468 1554 1536 sanguis
1584 1477 1664 1521 est
1695 1477 1910 1535 propter

379 1550 536 1607 illud:
560 1569 578 1602 ι
597 1551 705 1606 Nisi
725 1553 966 1609 biberitis
981 1557 1288 1624 sanguinem
1313 1572 1506 1623 meum,
1522 1571 1626 1610 non
1645 1557 1910 1612 habebitis

379 1644 434 1695 in
460 1643 611 1697 vobis
640 1644 767 1712 ipsis
798 1646 960 1698 vitam
984 1647 1024 1676 ’ί
1048 1664 1062 1711 ;
1089 1666 1107 1698 ι
1137 1647 1265 1714 quin
1295 1647 1444 1700 cibus
1471 1648 1661 1711 dictus,
1686 1663 1791 1701 non
1818 1661 1908 1700 ea-

378 1731 496 1782 dem
527 1731 734 1786 ratione
766 1734 1138 1788 consideratur
1165 1735 1318 1802 panis
1343 1736 1528 1788 vivens
1557 1744 1607 1788 et
1639 1749 1798 1798 caro;
1833 1735 1911 1788 sic

380 1818 550 1884 ipsum
581 1820 842 1873 exsistere
871 1820 1131 1888 aliquibus
1162 1822 1372 1888 quidem
1422 1837 1571 1890 aqua:
1603 1820 1866 1888 baptisma
1892 1859 1907 1884 ,

378 1917 434 1962 et
460 1909 700 1976 spiritus,
730 1920 783 1964 et
813 1912 970 1979 ignis,
999 1912 1262 1980 aliquibus
1287 1915 1448 1968 etiam
1490 1913 1750 1983 baptisma
1783 1929 1910 1968 san—

380 1998 573 2064 guinis.
606 2000 679 2052 De
704 2015 810 2066 quo
832 2002 1015 2054 ultimo
1046 2003 1361 2069 baptismate
1389 2004 1582 2071 inquit,
1607 2012 1663 2055 ut
1694 2004 1909 2070 quidam

378 2085 628 2137 dixerunt
650 2122 666 2149 ,
705 2086 846 2140 hoc:
887 2105 905 2137 ι
933 2087 1255 2154 Baptismate
1286 2104 1382 2157 ego
1413 2089 1669 2156 baptizari
1702 2091 1870 2144 habeo
1894 2129 1910 2154 ,

378 2183 433 2228 et
491 2173 828 2240 aliquomodo
878 2187 1143 2240 coarctor,
1204 2178 1372 2232 donec
1433 2179 1562 2232 illud
1616 2179 1910 2248 perfectum

376 2261 630 2315 fuerit"!
659 2282 678 2315 ι
709 2262 842 2316 Huic
869 2279 1101 2318 consona
1129 2265 1418 2334 discipulus
1437 2265 1666 2323 Joannes
1695 2269 1912 2343 scripsit

376 2347 430 2401 in
480 2350 710 2415 Epistula
738 2352 806 2415 ",
852 2354 1059 2416 dicens,
1085 2354 1354 2422 spiritum,
1395 2371 1584 2424 aquam
1613 2367 1667 2411 et
1699 2358 1910 2425 sangui-

376 2450 497 2492 nem
548 2441 648 2493 tria
693 2455 811 2494 esse
870 2458 988 2511 quae
1025 2444 1160 2496 faeta
1194 2443 1394 2498 fuerint
1439 2461 1622 2500 unum.
1674 2449 1912 2516 Cumque

375 2531 516 2581 viam
538 2538 593 2581 et
613 2519 808 2582 ostium
834 2544 892 2583 se
914 2545 1034 2585 esse
1057 2532 1286 2586 fateatur
1306 2535 1372 2600 “,
1396 2534 1567 2600 palam
1590 2545 1670 2588 est
1693 2537 1911 2590 omnino

376 2631 502 2670 eum
527 2631 631 2669 non
656 2631 775 2672 esse
810 2619 1004 2672 ostium
1031 2619 1115 2673 cui
1160 2621 1229 2674 sit
1254 2621 1358 2682 via,
1395 2637 1492 2675 nec
1518 2623 1745 2691 amplius
1771 2624 1910 2676 viam

376 2721 499 2763 esse
522 2708 598 2761 illi
641 2709 728 2762 cui
775 2711 846 2764 sit
891 2712 1109 2765 ostium.
1157 2711 1427 2780 Quotquot
1472 2729 1602 2782 ergo
1637 2715 1913 2768 initiantur

376 2797 564 2865 primis
594 2797 870 2852 elementis
894 2813 1201 2854 sermonum
1234 2801 1348 2866 Dei,
1382 2803 1694 2856 accedentes
1723 2802 1789 2855 ad
1818 2817 1913 2856 vo-

375 2901 494 2941 cem
531 2903 551 2937 ι
579 2886 856 2942 clamantis
889 2888 942 2941 in
994 2888 1205 2943 deserto
1234 2907 1247 2941 :
1300 2890 1517 2960 Dirigite
1547 2892 1686 2944 viam
1731 2891 1912 2946 Domi-

378 2976 433 3028 ni
459 2975 545 3040 ";
580 2993 600 3026 ι
646 2977 980 3041 accedentes,
1023 2978 1238 3044 inquam
1262 3017 1279 3042 ,
1314 2987 1462 3032 trans
1489 2978 1794 3044 Iordanem,
1845 2981 1910 3032 ad

377 3080 564 3120 vocem
595 3068 941 3121 exsislentem
971 3070 1108 3135 apud
1142 3070 1354 3123 domum
1380 3071 1803 3138 prwparationis,
1834 3072 1912 3124 di-
1937 3081 1978 3134 (ι

377 3154 607 3223 ligenter
643 3166 942 3224 praeparent
972 3172 1049 3218 se,
1084 3165 1140 3211 ut
1166 3160 1483 3225 prrecedenti
1527 3162 1912 3229 praeparatione

377 3246 651 3313 percipere
679 3255 875 3313 queant
901 3248 1228 3314 spiritualem
1256 3263 1577 3313 sermonem,
1607 3250 1694 3317 qui
1727 3249 1910 3317 impri-

377 3333 539 3385 mitur
565 3347 658 3399 per
687 3334 1127 3388 illuminationem
1162 3336 1402 3404 spiritus.
1438 3338 1786 3392 Continenter
1816 3339 1914 3406 igi-

378 3430 468 3475 tnr
497 3423 570 3475 rei
600 3423 880 3490 proposita:
908 3423 1215 3490 colligentes
1238 3440 1354 3492 qua:
1383 3428 1446 3478 ad
1478 3424 1764 3480 Iordanem
1794 3442 1916 3494 per-

378 3511 576 3574 tinent,
600 3511 902 3564 accuratius
917 3512 1312 3566 consideremus
1333 3512 1568 3568 fluvium.
1596 3516 1735 3570 Deus
1757 3518 1916 3585 igitur

379 3612 475 3667 per
501 3597 716 3667 Moysen
751 3599 980 3654 traducit
1020 3599 1267 3667 populum
1305 3615 1400 3669 per
1419 3616 1564 3656 mare
1585 3601 1822 3659 Rubrum
1847 3608 1912 3670 ’⁸,
1967 3629 1974 3636 ·

380 3702 503 3740 cum
535 3687 751 3743 fecisset
779 3699 837 3743 ut
862 3703 997 3758 aqua
1035 3690 1164 3755 ipsis
1191 3705 1376 3744 murus
1399 3701 1542 3746 esset
1573 3708 1602 3746 a
1628 3693 1832 3749 dextris
1861 3707 1914 3749 et

379 3792 413 3831 ο
434 3778 690 3833 sinistris.
714 3778 871 3834 Jesus
892 3795 1020 3834 vero
1045 3782 1271 3833 traducit
1293 3795 1412 3834 eum
1435 3797 1530 3849 per
1546 3782 1828 3838 Jordanem
1847 3787 1914 3840 ⁸⁷.

378 3868 514 3923 Cum
555 3868 766 3938 legisset
813 3879 987 3924 autem
1041 3870 1367 3938 Scripturam
1411 3870 1630 3935 Paulus,
1663 3889 1766 3928 non
1805 3890 1918 3927 arn-

377 3959 519 4028 plius
549 3962 839 4016 secundum
867 3976 1082 4015 carnem
1114 3962 1191 4014 illi
1227 3963 1462 4017 militans
1499 3964 1741 4034 (noverat
1773 3967 1914 4019 enim

380 4049 550 4120 legem
601 4052 926 4120 spiritualem
957 4054 1095 4120 esse)
1129 4053 1481 4120 spiritualiter
1525 4053 1680 4106 docet
1709 4068 1804 4107 nos
1834 4055 1916 4107 in-

381 4141 663 4207 terpretari
691 4155 810 4206 qua:
834 4141 1170 4208 contigerunt
1199 4144 1251 4194 in
1285 4142 1508 4195 transitu
1537 4145 1700 4198 maris
1726 4146 1914 4212 Rubri,

379 4229 561 4282 dicens
607 4229 661 4282 in
689 4231 868 4297 priore
915 4232 980 4283 ad
1023 4231 1326 4286 Corinthios
1358 4233 1594 4298 Epistola
1624 4233 1705 4286 ’δε
1738 4252 1756 4283 ι
1785 4233 1917 4288 Nolo

375 4333 476 4371 vos
506 4319 780 4388 ignorare,
807 4320 1027 4386 fratres,
1045 4337 1229 4376 omnes
1254 4333 1434 4392 patres
1459 4334 1670 4380 nostros
1695 4327 1792 4380 sub
1818 4342 1914 4379 nu-

2031 4346 2109 4398 ιαὶ
2137 4347 2193 4397 ἐν
2219 4347 2284 4414 τῇ
2315 4345 2574 4417 θαλάσσῃ,

375 4408 443 4461 be
468 4407 650 4470 fuisse,
680 4423 968 4475 omnesque
988 4424 1082 4477 per
1104 4426 1246 4465 mare
1267 4413 1548 4478 transisse,
1573 4423 1628 4467 et
1656 4429 1840 4468 omnes
1859 4416 1910 4468 in
1947 4407 1987 4422 ν
2022 4433 2242 4502 ματικδν

314 4498 320 4506 ’
376 4496 559 4565 MoySe
575 4498 869 4565 baptizatos
888 4499 1052 4553 fuisse
1069 4501 1122 4553 in
1142 4501 1303 4563 nube,
1321 4502 1438 4556 etin
1461 4504 1614 4568 mari,
1647 4513 1701 4558 et
1727 4520 1913 4560 omnes

375 4589 622 4640 eumdem
664 4589 844 4641 cibmn
895 4588 1052 4658 1M
1105 4590 1434 4658 spiritualem
1483 4595 1797 4658 comedisse,
1859 4605 1914 4650 et

376 4689 565 4728 omnes
590 4675 831 4729 eumdem
852 4685 1029 4744 potum
1047 4677 1376 4745 spiritualem
1405 4680 1631 4734 bibisse:
1660 4669 1911 4736 bibebant

377 4767 518 4819 enim
537 4781 600 4821 ex
615 4765 874 4833 spirituali
894 4776 1152 4835 sequente
1173 4783 1268 4822 eos
1288 4780 1436 4836 petra
1456 4787 1470 4822 :
1489 4781 1543 4824 at
1561 4787 1688 4825 vero
1711 4773 1796 4826 illa
1816 4789 1912 4842 pe-

373 4863 456 4909 tra
486 4866 604 4910 erat
642 4857 909 4911 Christus.
937 4876 956 4908 ι
994 4857 1198 4922 Quibus
1244 4870 1643 4929 consequenter
1672 4873 1911 4928 petamus

373 4946 540 4998 etiam
569 4961 666 5000 nos
696 4956 756 4999 ut
790 4961 818 4998 a
843 4947 950 5000 Deo
970 4949 1309 5019 accipiamus
1358 4949 1765 5017 intelligentiam
1802 4953 1910 5019 spi—

374 5034 619 5087 ritualem
652 5036 907 5089 transitus
943 5036 1189 5090 Jordanis
1219 5053 1311 5106 per
1337 5036 1545 5102 Jesum,
1578 5040 1818 5095 dicentes
1847 5044 1912 5093 de

375 5121 480 5172 hoc
505 5123 666 5175 etiam
711 5125 893 5179 dicere
936 5128 1177 5194 potuisse
1202 5126 1453 5179 Paulum:
1486 5127 1617 5181 Nolo
1648 5145 1738 5182 vos
1763 5131 1912 5198 igno-

374 5225 514 5271 rare,
546 5213 766 5278 fratres,
796 5216 939 5283 quod
972 5231 1159 5272 omnes
1189 5229 1365 5286 patres
1400 5223 1565 5274 nostri
1601 5237 1694 5289 per
1718 5221 1909 5274 Jorda-

375 5313 496 5349 nem
528 5304 874 5365 transierunt,
897 5316 952 5358 et
972 5319 1155 5359 omnes
1184 5308 1235 5359 in
1268 5307 1391 5363 Jcsu
1423 5311 1671 5377 baptizati
1698 5311 1913 5364 fuerunt

448 5387 507 5488 :1
522 5385 945 5488 M‘a'tthé‘tx,
1008 5395 1047 5423 "’
1082 5395 1326 5488 πωλῇ.
1383 5400 1640 5488 ἕΙΜΞιινο.
1679 5415 1717 5463 ι,
1746 5399 1911 5488 4:01.11

2031 5417 2115 5488 ut,
2267 5407 2326 5488 ’ξ’
2351 5385 2559 5488 Vhlattlt.
2595 5385 2692 5488 ιιι,
2731 5411 2854 5488 _l_l.‘
2906 5415 2952 5446 ’θ
2987 5385 3157 5488 ῥεηιη
3191 5385 3326 5488 οιιιν,

1383 5467 1475 5549 ’ΣΙ
1513 5467 1663 5519 Joan.
1697 5483 1746 5523 ν,
1789 5468 1844 5549 8Ζ

2031 5486 2143 5522 uati.
2180 5487 2234 5538 κ,
2267 5472 2322 5536 9,
2348 5483 2402 5526 et
2441 5490 2553 5538 xiv,
2603 5466 2690 5530 6.'
2731 5479 2777 5510 ³⁸
2827 5466 3007 5536 ,Ιοιιηξ
3035 5466 3402 5549 iiii-""0

1317 5532 1362 5561 ’⁸
1400 5533 1526 5599 Cap.
1558 5551 1612 5596 χ,
1649 5550 1786 5586 vers.
1825 5535 1856 5585 1ι
1892 5549 2007 5601 seq.

372 5451 528 5506 Joan.
569 5469 640 5515 vr,
676 5457 762 5510 56.
837 5461 882 5489 "
914 5460 1039 5512 an.
1082 5476 1181 5516 xu.
1221 5464 1306 5514 50.

379 5536 492 5580 xiv.
536 5521 625 5573 2‘2.
699 5526 741 5555 "
765 5525 872 5578 Jos.
907 5543 989 5592 Ill,
1037 5529 1118 5589 l5,
1164 5529 1244 5580 16.

2089 719 2177 772 26.
2208 716 2364 776 Είκδς
2387 712 2440 765 δέ
2469 727 2588 763 τινα
2622 707 2721 770 τὰς
2751 703 3038 774 διαφόρους
3063 696 3304 758 ἐπινοίας
3331 693 3424 747 τοῦ
3454 694 3560 746 Σω-

2014 811 2176 880 τῆρος
2229 807 2301 876 μὴ
2339 803 2623 871 νενοσηκότα
2668 796 2990 866 προσκόψειν
3035 796 3100 863 τῇ
3148 788 3470 859 ἀποδοθείσῃ
3500 789 3564 880 τῇ

2012 877 2137 969 περὶ
2193 895 2284 949 τοῦ
2336 893 2592 964 Ἰορδάνου
2651 886 2942 958 ἑρμηνείᾳ,
2987 883 3076 936 διά
3130 883 3193 934 τὸ
3250 881 3428 947 λέγειν
3480 877 3564 929 τὸν

2024 988 2270 1054 Ἰωάννην
2294 1001 2307 1014 ’
2351 1001 2370 1034 ι
2413 980 2551 1047 Ἐγὼ
2576 977 2815 1048 βαπτίζω
2849 977 2905 1028 ἐν
2931 975 3084 1027 ὕδατι
3104 989 3118 1002 ·
3150 975 3179 1025 6
3207 972 3265 1024 δέ
3288 972 3570 1041 ἐρχόμενος

2016 1079 2127 1146 μετ’
2161 1075 2258 1144 ἐμὲ
2292 1069 2628 1142 ἰσχυρότερός
2661 1084 2760 1137 μου
2793 1064 2942 1118 ἐστίν
2973 1079 2989 1096 ο
3019 1062 3180 1123 αὐτὸς
3209 1061 3359 1129 ὑμᾶς
3389 1058 3574 1148 βᾼαπτί-
3653 1133 3659 1148 Ι

2014 1145 2092 1217 σει
2119 1167 2173 1216 ἐν
2207 1160 2478 1229 Πνεύματι
2523 1158 2678 1225 ἁγίῳ.
2720 1175 2737 1205 ι
2768 1155 2908 1223 Πρὸς
2933 1152 2992 1203 ὃν
3018 1149 3241 1202 λεκτέον
3278 1149 3360 1200 ὅτι
3393 1145 3574 1215 ὥσπερ

2013 1252 2170 1304 ποτὸν
2220 1249 2492 1318 τυγχάνων
2535 1247 2562 1297 6
2605 1243 2696 1296 τοῦ
2742 1240 2874 1293 Θεοῦ
2921 1238 3114 1304 Λόγος,
3159 1232 3243 1297 οἷς
3295 1233 3395 1303 μέν
3434 1234 3578 1285 ἐστιν

2012 1338 2170 1407 ὕδωρ,
2206 1335 2407 1405 ἐτέροις
2434 1333 2488 1386 δέ
2512 1329 2650 1392 οἶνος
2680 1327 2979 1396 εὐφραίνων
3012 1324 3242 1394 καρδίαν
3269 1321 3577 1407 ἀνθρώπου,

2009 1404 2182 1487 ἄλλοις
2213 1424 2268 1476 δὲ
2297 1404 2431 1491 αἷμα
2454 1421 2540 1473 διὰ
2571 1420 2658 1472 τό·
2702 1437 2720 1468 ο
2760 1419 2883 1470 Ἐὰν
2910 1415 2982 1485 μὴ
3010 1413 3169 1483 πίητέ
3208 1429 3311 1482 μου
3339 1411 3402 1463 τδ
3420 1404 3581 1479 αἷμα,

2009 1517 2104 1568 ούκ
2137 1515 2283 1584 ἔχετε
2317 1512 2457 1582 ζωὴν
2488 1514 2543 1564 ἐν
2576 1511 2786 1571 ἑαυτοῖς
2809 1525 2822 1538 ·
2866 1526 2882 1558 ι
2909 1505 3044 1560 ἀλλὰ
3075 1505 3172 1558 καὶ
3212 1503 3394 1574 τροφὴ
3427 1501 3584 1567 λεγό-

2013 1621 2167 1673 μενος
2195 1603 2253 1654 οὐ
2284 1601 2420 1653 κατὰ
2449 1599 2509 1651 τὸ
2539 1598 2668 1650 αὐτὸ
2698 1599 2893 1649 νοεῖται
2935 1595 3100 1662 ἄρτος
3133 1591 3245 1655 ζῶν
3280 1592 3378 1644 καὶ
3419 1588 3587 1659 σάρξ·

2008 1691 2177 1754 οὕτως
2196 1693 2222 1742 6
2252 1689 2407 1750 αύτός
2440 1691 2551 1740 ἐστι
2581 1687 2856 1755 βάπτισμα
2884 1683 3097 1746 ὓδατος,
3122 1683 3220 1734 καὶ
3248 1681 3587 1750 πνεύματος,

1940 1787 1982 1840 Β
2010 1783 2101 1834 καὶ
2131 1780 2315 1850 πυρὸς,
2350 1778 2460 1830 τισὶ
2489 1777 2544 1829 δὲ
2572 1776 2664 1828 καὶ
2702 1775 2952 1842 αἵματος.
2993 1771 3130 1842 Περὶ
3159 1771 3220 1822 δὲ
3268 1770 3366 1822 τοῦ
3399 1770 3592 1822 τελευο

2007 1871 2155 1922 ταίου
2189 1867 2573 1936 βαπτίσματος,
2604 1863 2678 1925 ὥς
2707 1878 2869 1923 τινες,
2899 1859 3062 1928 φησὶν
3092 1861 3150 1912 ἐν
3177 1857 3295 1928 τῷ·
3329 1877 3348 1908 ι
3385 1857 3599 1910 Βαπτί-

2011 1975 2171 2027 σματι
2198 1956 2252 2008 δὲ
2283 1955 2387 2023 ἔχω
2421 1954 2526 2022 (91)
2565 1950 2945 2021 βαπτισθῆναι,
2975 1949 3071 2000 καὶ
3103 1947 3227 2010 πῶς
3265 1947 3606 2017 συνέχομαι,

2007 2049 2110 2108 ἕως
2136 2048 2256 2098 ὅτου
2289 2043 2534 2112 τελεσθῇῑ
2563 2041 2744 2109 Τούτῳ
2781 2057 2840 2092 τε
2885 2038 3196 2108 συμφώνως
3228 2039 3292 2090 ἐν
3326 2041 3396 2108 τῇ
3446 2039 3608 2092 Ἐπι-

2011 2134 2164 2202 στολῇ
2197 2135 2224 2184 6
2257 2131 2500 2201 μαθητὴς
2533 2128 2779 2195 Ἰωάννης
2802 2127 2863 2178 τὸ
2892 2125 3132 2195 πνεῦμα,
3177 2126 3278 2178 καὶ
3321 2125 3386 2178 τὸ
3426 2125 3614 2196 ὓδωρ,

2009 2222 2184 2275 καὶτὸ
2212 2215 2347 2290 αἷμα
2384 2217 2653 2288 ἀνέγραψε
2684 2217 2752 2268 τὰ
2779 2215 2906 2284 τρία
2945 2217 3024 2277 είς
3066 2214 3124 2266 ἓν
3159 2215 3459 2284 γινόμενα.
3495 2214 3620 2266 Καὶ

2009 2311 2122 2372 ὁδὸς
2143 2311 2310 2380 δήπου
2341 2308 2434 2360 καὶ
2460 2306 2597 2376 θύρα
2622 2301 2758 2357 εἶναι
2789 2303 3084 2372 ὁμολογῶν,
3117 2303 3306 2373 σαιρής
3340 2307 3472 2356 ἐστι
3509 2320 3626 2374 μη-

2009 2400 2152 2450 δέπω
2190 2397 2466 2465 τυγχάνων
2498 2395 2635 2464 θύρα
2681 2387 2726 2459 ᾧ
2772 2393 2849 2444 ἔτι
2894 2393 3010 2454 ὁδός
3050 2395 3188 2456 ἐστι,
3245 2395 3349 2445 καὶ
3405 2393 3628 2463 μηκέτι

2009 2487 2120 2550 ὁδὸς
2161 2480 2204 2554 ᾧ
2233 2487 2295 2556 δὴ
2339 2485 2496 2553 θύρα.
2540 2485 2747 2546 Πάντες
2790 2479 2882 2536 οὖν
2941 2484 2990 2534 οἱ
3035 2482 3491 2551 στοιχειούμενοι
3551 2483 3632 2551 τῇ

2009 2567 2148 2647 ἀρχῇ
2188 2576 2292 2627 τῶν
2337 2575 2528 2641 λογίων
2565 2573 2657 2626 τοῦ
2707 2572 2864 2634 Θεοῦ,
2902 2575 2970 2641 τῇ
3020 2573 3172 2640 φωνῇ
3211 2589 3232 2622 ι
3275 2571 3379 2624 τοῦ
3442 2575 3509 2626 ἐν
3555 2575 3635 2642 τῇ

2010 2667 2198 2734 ἐρήμῳ
2222 2664 2472 2733 βοῶντοςο
2506 2663 2776 2715 Εὐθύνατε
2807 2662 2905 2730 τὴν
2935 2661 3052 2714 ὁδὸν
3082 2661 3324 2730 Κυρίου,
3372 2681 3395 2712 ›
3434 2679 3640 2732 προσ-

2014 2750 2198 2813 ιόντες,
2251 2750 2417 2820 πέραν
2462 2749 2553 2801 τοῦ
2599 2749 2857 2818 Ἰορδάνου
2911 2748 3260 2820 τυγχανούσῃ
3315 2749 3493 2820 παρὰ
3555 2751 3650 2820 τῷ

2010 2841 2140 2909 οἴκῳ
2167 2841 2263 2910 τῆς
2295 2841 2652 2907 κατασκευῆς,
2695 2837 3202 2908 εὐτρεπιζέσθωσαν
3238 2841 3392 2910 πρὸς
3431 2841 3505 2893 τὸ
3541 2843 3655 2895 δυ-

2011 2930 2232 2998 νηθῆναι
2261 2930 2347 2981 διὰ
2375 2929 2472 2997 τῆς
2504 2929 2920 2998 προετοιμασίας
2950 2929 3198 2998 χωρῆσαι
3232 2930 3332 2982 τὸν
3367 2949 3663 3002 πνευμα-

2012 3020 2155 3073 τικὸν
2178 3019 2350 3086 λόγον,
2378 3019 2719 3087 ἐγγινόμενον
2739 3021 2827 3073 διὰ
2857 3019 2951 3072 τοῦ
2986 3019 3275 3088 φωτισμοῦ
3304 3021 3417 3074 τοῦ
3454 3023 3662 3075 πνεύ-

2016 3126 2197 3178 ματος.
2227 3108 2522 3176 Ἐχομένως
2554 3107 2618 3178 δὴ
2663 3108 2758 3160 τοῦ
2803 3109 3161 3178 προκειμένου
3194 3109 3268 3161 τὰ
3327 3129 3407 3163 πε
3421 3113 3490 3182 pi.
3548 3113 3672 3166 τοῦ

2023 3197 2279 3267 Ἰορδάνου
2307 3197 2622 3264 συνάγοντες
2650 3197 3036 3268 ἀκριϐέστερον
3059 3199 3152 3250 τδν
3183 3202 3467 3270 ποταμὸν
3505 3204 3674 3273 νοή-

2015 3303 2208 3356 σωμεν.
2255 3288 2312 3338 ’0
2351 3286 2482 3348 Θεὸς
2522 3286 2696 3338 τοίνυν
2738 3287 2823 3339 διὰ
2871 3288 3116 3350 Μωσέως
3147 3289 3503 3352 διαϐιϐάζει
3564 3293 3686 3348 τὸν

2011 3374 2134 3426 λαὸν
2164 3375 2260 3444 τὴν
2294 3373 2552 3444 Ἐρυθρὰν
2599 3373 2889 3437 θάλασσαν,
2946 3376 3077 3427 αὐτὸ
3125 3376 3186 3427 τὸ
3232 3376 3398 3448 ὕδωρ
3439 3381 3687 3446 αὐτοῖς

2013 3465 2240 3532 ποιήσας
2267 3466 2440 3531 τεῖχος
2489 3466 2552 3514 ἐκ
2597 3462 2783 3526 δεξιῶν
2824 3464 2918 3516 καὶ
2951 3464 3008 3530 ἐξ
3054 3463 3398 3535 εὐωνύμων,
3444 3470 3568 3524 διὰ
3619 3473 3700 3526 δὲ

2012 3552 2102 3604 τοῦ
2159 3551 2331 3622 Ἰησοῦ
2373 3554 2463 3604 τὸν
2497 3553 2788 3621 Ἰορδάνην.
2841 3554 3108 3622 Ἐντυχὼν
3160 3555 3220 3606 δέ
3283 3560 3361 3627 τῇ
3428 3561 3702 3634 Γραφῇ

2012 3644 2040 3694 6
2089 3641 2316 3703 Παῦλος,
2359 3642 2535 3693 οὐκέτι
2587 3643 2726 3694 κατὰ
2773 3643 2871 3712 τὴν
2925 3643 3102 3714 σάρκα
3154 3650 3716 3718 στρατευόμενος

2015 3729 2183 3796 αὐτῆς
2247 3728 2378 3798 (ᾔδει
2419 3729 2525 3797 γὰρ
2571 3729 2650 3779 ὅτι
2701 3731 2729 3781 6
2772 3731 2934 3799 νόμος
2987 3733 3373 3807 πνευματικός
3455 3739 3710 3810 tatu.)-

2015 3816 2389 3885 πνευματικῶς
2417 3816 2650 3868 διδάσκει
2681 3820 2828 3886 ἡμᾶς
2859 3819 3194 3889 ἐξειληφέναι
3220 3820 3297 3873 τὰ
3333 3823 3474 3892 τῆς
3511 3832 3733 3886 κατὰ

2012 3903 2109 3972 τὴν
2153 3904 2411 3973 Ἐρυθρὰν
2454 3904 2725 3958 θάλασσαν
2769 3907 2960 3969 διόδου,
3010 3907 3182 3974 λέγων
3229 3909 3293 3961 ἐν
3347 3916 3446 3984 τῇ
3524 3920 3734 3988 πρὸς

2015 3993 2325 4060 Κορινθίους
2367 3994 2631 4063 προτέρᾳο
2665 4014 2683 4045 ι
2724 3997 2798 4047 Οὐ
2833 3996 2970 4048 θέλω
3009 3998 3116 4067 γὰρ
3154 3998 3312 4067 ὑμᾶς
3368 4003 3747 4078 ἀγνοεῖν,

2015 4082 2245 4148 ἀδελφοὶ,
2279 4083 2358 4133 ὅτι
2384 4084 2432 4132 οἱ
2463 4085 2695 4152 πατέρες
2739 4085 2895 4154 ήμῶν
2943 4086 3141 4148 πάντες
3170 4088 3284 4140 ὑπὸ
3322 4091 3463 4162 τὴν
3501 4102 3748 4169 νεφέ-

2014 4170 2110 4238 λην
2135 4166 2291 4239 ἦσαν,
2318 4171 2410 4222 καὶ
2445 4171 2641 4234 πάντες
2667 4173 2755 4226 διὰ
2788 4175 2885 4244 τῆς
2919 4175 3199 4244 θαλάσσης
3233 4177 3568 4252 διῆλθον,
3609 4166 3764 4248 οιαὶ

2016 4257 2213 4356 πάντες
2254 4258 2339 4356 εἰς
2360 4258 2448 4356 τὸν
2481 4260 2718 4356 Μωῦσην
2759 4262 3116 4356 ἐϐαπτίσαντο
3162 4267 3223 4317 ἐν
3263 4271 3340 4338 τῇ
3395 4280 3764 4356 νεφέλῃ,

2605 4349 2695 4399 καὶ
2723 4349 2921 4414 πάντες
2951 4353 3011 4404 τὸ
3037 4353 3177 4405 αὐτὸ
3203 4354 3463 4428 βρῶμα
3502 4349 3764 4428 πνεᾷ

2267 4433 2480 4501 ἔφαγον,
2531 4437 2622 4487 καὶ
2671 4439 2868 4500 πάντες
2911 4441 2973 4493 τὸ
3005 4447 3418 4511 πνευματικὸν
3475 4455 3764 4521 Euneos

2018 4522 2192 4590 πόμαο
2251 4520 2427 4623 ἔπινον
2485 4522 2592 4591 γὰρ
2636 4525 2701 4623 ἐκ
2747 4529 3118 4598 πνευματικῆς
3181 4533 3764 4623 έικολουθούσ-η.

2019 4611 2250 4680 πέτραςο
2285 4611 2317 4678 ή
2350 4610 2520 4678 πέτρα
2546 4612 2601 4664 δὲ
2633 4608 2700 4682 ἦν
2723 4615 2752 4665 6
2778 4616 3030 4684 Χριστός.
3079 4636 3096 4666 ι
3137 4613 3241 4682 UT;
3289 4608 3763 4694 &XO)kOL30u.;

2017 4699 2111 4749 καὶ
2137 4700 2292 4766 ἡμεῖς
2325 4699 2629 4767 αίτήσωμεν
2653 4701 2834 4755 λαϐεῖν
2875 4705 2983 4755 ἀπὸ
3023 4706 3116 4757 τοῦ
3145 4708 3294 4762 Θεοῦ
3333 4715 3426 4767 τὸ
3475 4726 3764 4798 νοᾳλσο

2017 4786 2389 4855 πνευματικῶς
2414 4787 2512 4855 τὴν
2533 4787 2618 4841 διὰ
2655 4790 2827 4859 Ἰησοῦ
2864 4792 3031 4845 δίοδον
3053 4794 3147 4846 τοῦ
3184 4798 3574 4869 Ἰορδάνου
3591 4855 3618 4878 ,
3640 4786 3662 4798 -
3677 4821 3764 4876 λε

2016 4892 2217 4942 γοντες,
2245 4875 2324 4926 ὅτι
2351 4871 2500 4927 εἶπεν
2536 4877 2600 4928 ἂν
2643 4879 2735 4929 καὶ¹
2777 4882 2901 4950 περὶ
2931 4882 3134 4952 ταύτης
3166 4886 3196 4935 6
3240 4871 3617 4964 Παῦλοςξ

2017 4963 2151 5064 θέλω
2198 4961 2338 5064 ὑμᾶς
2373 4962 2602 5064 ἀγνοεῖν,
2639 4965 2874 5064 άδελφοὶ,
2901 4970 3002 5064 *δτι
3042 4971 3092 5022 οί
3141 4975 3456 5064 πατέρες,

2016 5051 2210 5146 nam;
2256 5050 2342 5101 διὰ
2392 5050 2486 5103 τοῦ
2543 5052 2799 5122 Ἰορδάνου
2847 5057 3083 5146 διῆλθον,
3126 5063 3226 5114 και
3275 5050 3651 5146 adv-ce;
3711 5050 3764 5144 ξ

2014 5139 2100 5189 τὸν
2142 5141 2342 5208 Ἰησοῦν
2369 5143 2726 5195 ἐϐαπτίσαντο
2749 5147 2806 5196 ἐν
2833 5145 2910 5214 τῷ
2943 5148 3244 5218 πνεύματι,
3282 5162 3432 5214 καὶ
3478 5139 3646 5235 τέ)
3698 5139 3764 5235 7:

2013 5227 2186 5294 ταμῷ.
2241 5229 2417 5292 Τύπος
2461 5231 2516 5282 δέ
2559 5233 2587 5283 6
2623 5232 2996 5303 διαδεξάμενος
3029 5235 3097 5308 ἦν
3138 5242 3385 5317 Μωσῆν
3455 5225 3606 5317 ἰτς

2076 5257 2186 5294 ρῳ.
2250 5257 2415 5292 suum,
2461 5257 2516 5282 υε
2559 5257 2587 5283 υ
2623 5257 2996 5303 υιαοεςαμενος
3029 5257 3097 5308 ην
3140 5257 3385 5317 Μωσήν
3455 5257 3764 5335 91⁷1σο

2076 5313 2100 5335 Ϊ
2139 5316 2162 5335 9
2193 5317 2246 5335 ηδ
2281 5318 2305 5335 Ρ
2399 5319 2410 5335 Ι
2579 5320 2590 5335 l
2687 5321 2710 5335 κ
2744 5322 2755 5335 \
2873 5324 2898 5335 ιν
2989 5327 3000 5335 .
3194 5333 3200 5335 .

2013 5317 2102 5364 τοῦ
2135 5317 2504 5411 διαδεξαμένου
2542 5320 2639 5389 τὴν
2681 5321 2768 5373 διά
2808 5324 2902 5376 τοῦ
2943 5327 3110 5396 νόμου
3156 5317 3684 5411 οἰκονομίας

3445 5437 3650 5499 is-

3530 5508 3764 5573 Εχι

447 5641 556 5708 (9|)
583 5643 944 5714 Βαπτίσματι
978 5643 1042 5694 δὲ
1069 5644 1202 5712 ἔχω.
1236 5645 1311 5701 lta
1344 5648 1656 5704 Bodleianus
1681 5651 1878 5714 codex;

2031 5652 2107 5706 ius
2141 5670 2232 5720 pro
2263 5655 2588 5726 βαπτίσματι
2619 5661 2777 5716 habet
2810 5664 3109 5736 βάπτισμα.
