3880 6214
426 328 537 381 277

1503 328 1849 385 COMMEhT.
1887 327 1955 383 ΙΝ
1985 329 2172 384 ΙΟᾹΝ.
2209 317 2454 383 TOMUS
2487 318 2577 379 Vl.

3494 321 3596 375 278

420 444 749 518 εὐαγγελικῷ
780 446 1099 518 κηρύγματι
1139 446 1305 518 Ἰησοῦ
1343 447 1435 501 τοῦ
1467 449 1695 518 Χριστοῦ
1716 466 1728 479 ·
1763 448 1958 518 διόπερ,

2070 448 2121 501 in
2152 448 2341 517 spiritu
2376 450 2430 496 et
2459 437 2511 496 in
2541 443 2718 499 fluvio.
2748 443 2816 498 At
2844 441 2996 497 Jesus
3029 440 3190 510 Moysi
3215 440 3501 495 succedens
3529 441 3593 495 ll-

420 537 482 589 ιί
509 535 599 588 καὶ
624 534 814 595 πάντες
842 535 1039 588 ἐκεῖνοι
1084 537 1162 598 είς
1198 536 1397 605 Μωσῆν
1434 536 1773 606 βαπτίζονται
1821 538 1877 588 ἐν
1900 541 1965 607 τῇ

421 623 622 695 νεφέλῃ
659 620 748 674 καὶ
793 621 851 672 ἐν
893 625 962 691 τῇ
996 622 1253 695 θαλάσσῃ,
1288 625 1476 695 πικρὸν
1510 626 1605 695 μέν
1645 642 1695 677 τι
1744 625 1968 694 ἔχεικαὶ

420 713 665 783 ἁλμυρὸν
703 711 761 763 τὸ
798 712 1022 764 ἐκείνων
1050 711 1342 781 βάπτισμα,
1365 712 1442 764 ἔτι
1475 712 1810 782 φοϐουμένων
1844 716 1968 777 τοὺς

420 801 649 871 ἐχθροὺς
677 800 801 868 παρ’
830 799 1035 863 αὐτῶν,
1067 802 1159 852 καὶ
1187 799 1530 853 ἀναϐοώντων
1571 801 1703 870 πρὸς
1730 802 1815 853 τὸν
1853 802 1965 853 Κύ-

421 905 543 960 ριον
570 889 663 941 καὶ
687 887 763 956 τῷ
810 889 981 958 Μωσῇ
1021 887 1303 955 λεγόντωνο
1328 908 1346 938 ι
1377 888 1529 958 Παρά
1557 889 1614 941 τὸ
1627 890 1699 958 μὴ
1712 891 1967 959 ὑπάρχειν

423 979 684 1048 μνήματα
713 978 769 1029 ἐν
800 975 1075 1045 Αἰγύπτῳ,
1109 974 1367 1045 ἐξήγαγες
1393 979 1535 1046 ἡμᾶς
1575 977 1870 1030 θανατῶσαι
1911 981 1966 1030 ἐν

418 1068 497 1137 τῇ
524 1066 739 1135 ἐρήμῳ·
769 1065 822 1116 τί
854 1064 1009 1117 τοῦτο
1040 1067 1292 1133 ἐποίησας
1318 1066 1464 1133 ἡμῖν,
1494 1065 1764 1133 ἐξαγαγὼν
1792 1067 1848 1131 ἐξ
1875 1069 1959 1119 Al-

418 1156 664 1222 γύπτου;
700 1174 718 1204 ι
745 1155 818 1207 Τὸ
840 1154 896 1207 δέ
924 1157 1003 1217 είς
1043 1155 1244 1224 Ἰησοῦν
1268 1154 1558 1224 βάπτισμα,
1586 1157 1641 1207 ἐν
1666 1156 1742 1225 τῷ
1761 1156 1967 1226 ἀληθῶς

418 1243 614 1311 γλυκεῖ
649 1245 738 1296 καὶ
781 1245 993 1313 ποτίμῳ
1038 1243 1282 1314 ποταμῷ,
1322 1244 1488 1298 πολλά
1509 1244 1617 1314 ἔχει
1645 1246 1774 1316 παρ’
1798 1247 1968 1301 ἐκεῖνο

420 1332 707 1403 ἐξαίρετα,
759 1333 861 1402 ἡδη
910 1333 1273 1403 τρανουμένης
1329 1335 1419 1386 καὶ
1472 1335 1775 1403 πρέπουσαν
1820 1335 1967 1401 τάξιν

418 1422 801 1492 λαμϐανούσης
828 1423 929 1492 τῆς
959 1422 1259 1485 θεοσεϐείας
1278 1440 1290 1453 ·
1333 1423 1553 1485 κιϐωτὸς
1580 1423 1686 1493 γάρ
1719 1424 1816 1493 τῆς
1843 1426 1967 1477 Δια-

417 1511 600 1582 θήκης
626 1510 832 1580 Κυρίου
854 1509 949 1562 τοῦ
980 1508 1113 1561 Θεοῦ
1140 1508 1292 1576 ἡμῶν
1320 1509 1410 1560 καὶ
1438 1510 1599 1578 ἱερεῖς
1631 1509 1725 1562 xui.
1750 1511 1967 1562 Λευῖται

418 1597 744 1669 πορεύονται
767 1636 783 1661 ,
825 1597 917 1649 τοῦ
971 1595 1098 1649 λαοῦ
1145 1595 1401 1663 ἑπομένου
1456 1599 1565 1658 τοῖς
1617 1597 1966 1668 θεραπευταῖς

414 1689 517 1742 τοῦ
541 1688 696 1752 Θεοῦ,
722 1688 970 1741 κάκείνου
999 1687 1053 1738 δὲ
1083 1689 1190 1748 τοῖς
1223 1684 1455 1754 χωροῦσι
1479 1685 1574 1755 τὴν
1605 1689 1729 1759 περ)⁸
1752 1688 1966 1754 ἁγνείας

417 1779 659 1848 ἐντολήν.
704 1777 907 1847 Ἰησοῦς
926 1777 980 1829 δὲ
1009 1775 1153 1843 λέγει
1177 1773 1252 1843 τῷ
1277 1773 1386 1843 λαῷ
1409 1776 1539 1844 (91⁸)
1559 1793 1573 1805 ·
1603 1794 1623 1827 ι
1661 1777 1964 1844 Ἀγνίσασθε

414 1867 501 1928 είς
532 1865 631 1934 τὴν
660 1863 865 1935 αὔριον,
878 1865 1085 1933 ποιήσει
1122 1865 1179 1914 ἐν
1212 1864 1339 1931 ἡμῖν
1353 1865 1550 1932 Κύριος
1595 1863 1891 1933 θαυμάσια·
1938 1882 1955 1914 ι

411 1950 641 2013 καὶτοῖς
668 1949 861 2020 ἱερεῦσι
885 1948 1015 2018 μετά
1037 1948 1133 2018 τῆς
1158 1949 1384 2001 κιϐωτοῦ
1429 1950 1524 2018 τῆς
1573 1951 1834 2020 Διαθήκης
1874 1969 1967 2004 κε-

413 2035 565 2088 λεύει
605 2024 1030 2106 προπορεύεσθαι
1077 2036 1377 2107 έμπροσθεν
1418 2038 1510 2090 τοῦ
1554 2039 1700 2101 λαοῦ,
1747 2040 1833 2092 ὅτε
1877 2042 1966 2093 καὶ

413 2122 481 2175 τὸ
514 2125 811 2193 μυστήριον
833 2124 931 2194 τῆς
966 2125 1058 2177 τοῦ
1093 2125 1300 2195 Πατρὸς
1333 2126 1465 2194 πρὸς
1486 2127 1576 2179 τὸν
1606 2127 1727 2179 Υίὸν
1756 2128 1862 2197 (92)
1888 2130 1964 2181 οί-

413 2212 676 2282 κονομίας
716 2213 1052 2282 ἐμφαίνεται,
1098 2213 1528 2283 ὑπερυψούμενον
1566 2216 1657 2266 ὑπ’
1692 2216 1848 2269 αὐτοῦ
1887 2217 1964 2269 δι-

410 2301 599 2365 δόντος
619 2303 881 2372 χάρισμα,
915 2321 933 2352 ι
966 2302 1031 2356 ἵν’
1061 2304 1116 2355 ἐν
1139 2302 1216 2373 τῷ
1243 2303 1459 2371 ὀνόματι
1502 2304 1670 2373 Ἰησοῦ
1707 2308 1810 2357 πᾶν
1840 2307 1962 2373 γόνυ

411 2390 612 2463 κάμψῃ
650 2390 1003 2460 ἐπουρανίων,
1030 2392 1123 2444 καὶ
1160 2392 1433 2459 ἐπιγείων,
1468 2393 1560 2444 καὶ
1589 2394 1961 2464 καταχθονίων,

411 2479 513 2531 καὶ
559 2480 708 2531 πᾶσα
740 2479 958 2547 γλῶσσα
1003 2479 1473 2550 ἐξομολογήσηται,
1507 2482 1587 2533 ὃτι
1630 2482 1826 2552 Κύριος
1861 2483 1960 2554 Ἰην

414 2569 547 2633 σοῦς
573 2569 802 2641 Χριστὸς
841 2573 919 2633 είς
948 2570 1100 2635 δόξαν
1122 2570 1250 2623 Θεοῦ
1278 2571 1504 2641 Πατρός.
1541 2590 1559 2622 ι
1585 2572 1680 2623 Διὰ
1711 2572 1817 2641 γὰρ
1847 2572 1965 2624 τού-

409 2675 525 2713 των
555 2658 805 2729 δηλοῦται
836 2661 894 2713 ἐν
924 2659 1002 2729 τῷ
1043 2659 1240 2726 Ἰησοῦ
1275 2661 1735 2730 ἀναγεγραμμένῳ
1759 2660 1927 2714 ταῦτα
1946 2677 1961 2692 ⁸

418 2765 439 2798 ι
468 2747 582 2800 Καὶ
605 2745 725 2801 εἷπε
749 2747 952 2818 Κύριος
972 2748 1106 2818 πρὸς
1130 2746 1333 2817 Ἰησοῦν
1352 2765 1365 2778 ’
1400 2749 1486 2800 Ἐν
1510 2752 1572 2819 τῇ
1602 2749 1779 2819 ἡμέρᾳ
1798 2749 1963 2821 ταύτῃ

409 2836 648 2907 ἄρξομαι
674 2836 882 2905 ύψῶσαί
915 2854 974 2890 σε
1010 2837 1333 2892 κατενώπιον
1363 2838 1465 2891 τῶν
1502 2839 1630 2891 υἱῶν
1658 2839 1895 2909 Ἰσραήλ’
1937 2858 1955 2890 ι

413 2923 513 2975 καὶ
542 2923 829 2977 ἀκουστέον
854 2923 945 2976 τοῦ
978 2925 1176 2995 Κυρίου
1207 2925 1358 2994 ἡμῶν
1397 2926 1563 2994 Ἰησοῦ
1587 2925 1829 2992 λέγοντος
1852 2928 1962 2990 τοῖς

411 3013 555 3075 υἱοῖς
590 3013 835 3082 Ἰσραήλ*
872 3032 891 3065 ι
926 3014 1230 3084 Προσάγετε
1287 3008 1385 3067 ὧδε
1406 3053 1421 3077 ,
1464 3016 1556 3068 καὶ
1603 3015 1857 3068 ἀκούσετε
1902 3015 1962 3069 τὸ

413 3101 568 3170 ῥῆμα
598 3101 801 3172 Κυρίου
843 3100 936 3153 τοῦ
969 3100 1104 3154 Θεοῦ
1143 3102 1298 3172 ἡμῶν
1320 3118 1333 3131 ·
1367 3104 1427 3156 ἐν
1471 3102 1641 3171 τούτῳ
1671 3101 1957 3171 γνώσεσθε,

409 3189 492 3241 ὅτι
528 3187 658 3251 Θεὸς
684 3186 791 3252 ζῶν
822 3191 879 3243 ἐν
912 3191 1037 3260 ὑμῖν
1069 3192 1229 3243 ἐστιν.
1260 3191 1345 3244 Ἐν
1370 3191 1477 3259 γὰρ
1507 3191 1582 3259 τῷ
1609 3191 1958 3260 βαπτίσασθαι

408 3278 494 3339 εις
532 3276 737 3346 Ἰησοῦν
771 3278 1106 3347 γνωσόμεθα,
1144 3280 1226 3330 ὅτι
1266 3278 1395 3341 Θεὸς
1427 3278 1533 3341 ζῶν
1569 3282 1625 3333 ἐν
1656 3281 1784 3348 ἡμῖν
1824 3282 1955 3332 ἐστι.

406 3367 592 3418 Κάκεῖ
624 3368 722 3436 μὲν
765 3366 825 3419 τὸ
869 3367 1057 3435 Πάσχα
1087 3368 1423 3437 ποιήσαντες,
1454 3369 1511 3422 ἐν
1550 3369 1819 3438 Αἰγύπτῳ,
1863 3370 1960 3440 ἀρ-

406 3451 513 3522 χὴν
540 3451 639 3519 τῆς
665 3450 839 3517 ἐξόδου
886 3451 1187 3505 ποιοῦνταιο
1235 3453 1380 3524 παρὰ
1415 3453 1472 3505 δέ
1503 3453 1579 3522 τῷ
1614 3453 1781 3525 Ἰησοῦ
1825 3455 1959 3524 μετά

405 3538 512 3610 τὴν
565 3538 732 3593 δίοδον
780 3537 877 3591 τοῦ
913 3539 1193 3610 Ἰορδάνου,
1246 3543 1310 3611 τῇ
1358 3540 1554 3612 δεκάτῃ
1595 3539 1687 3592 τοῦ
1727 3541 1957 3611 ,πρώτου

408 3628 585 3699 μηνὸς
608 3630 1193 3700 κατεστρατοπέδευσαν
1222 3631 1277 3682 ἐν
1304 3629 1610 3697 Γαλγάλοις,
1638 3631 1724 3683 ὅτε
1749 3630 1958 3701 πρῶτον

406 3713 518 3767 ἔδει
550 3712 782 3767 λαϐόντα
821 3713 885 3773 τὸ
920 3715 1184 3784 πρόϐατον
1218 3714 1322 3783 (95)
1370 3716 1694 3785 ἐπονομάσαι
1724 3718 1846 3778 τοὺς
1866 3718 1955 3768 εύ-

404 3801 857 3872 ωχηθησομένους
897 3802 1030 3871 μετά
1074 3802 1135 3855 τὸ
1178 3803 1348 3874 Ἰησοῦ
1401 3803 1693 3874 βάπτισμα.
1742 3806 1850 3858 Καὶ
1889 3809 1953 3876 τῇ

400 3891 699 3961 ἁκροτόμῳ
745 3892 919 3961 πέτρᾳ
971 3891 1078 3961 (94)
1128 3892 1231 3944 ὑπὸ
1273 3893 1442 3963 Ἰησοῦ
1493 3897 1539 3946 οἱ
1586 3895 1689 3947 υἱοὶ
1728 3894 1953 3965 Ἰσραὴλ,

403 3982 533 4034 ὅποι
574 3981 704 4033 ποτέ
755 3980 1111 4052 ἀπερίτμητοι
1154 3978 1293 4051 ἦσαν
1334 3982 1440 4034 τῶν
1476 3982 1859 4053 ἐξεληλυθότων
1897 3985 1954 4049 ἐξ

396 4071 701 4139 Αἰγύπτου,
730 4071 1134 4141 περιτέμνονται
1153 4089 1166 4102 ο
1198 4072 1287 4125 τὸν
1326 4071 1381 4123 δὲ
1411 4073 1702 4143 ὀνειδισμὸν
1732 4074 1831 4142 τῆς
1859 4075 1953 4125 Al-

400 4160 613 4227 γύπτου
656 4160 870 4229 ἀφελεῖν
910 4160 1109 4232 Κύριος
1151 4162 1396 4231 ὁμολογεῖ
1430 4165 1493 4231 τῇ
1536 4162 1712 4233 ἡμέρᾳ
1748 4162 1839 4214 τοῦ
1878 4165 1953 4226 είς

400 4248 627 4319 Ἰησοῦν
652 4247 1036 4318 βαπτίσματος,
1056 4250 1144 4302 ὅτε
1179 4250 1381 4319 Ἰησοῦς
1400 4250 1809 4321 περιεκάθαιρεν
1833 4252 1954 4313 τοὺς

2066 553 2196 608 gnra
2228 535 2324 589 fuit
2354 531 2480 586 Jesu
2510 532 2739 597 Christi,
2769 534 2859 602 qui
2892 531 3195 599 evangelica
3224 530 3595 598 praedicatione

2067 626 2139 679 illi
2183 621 2535 686 (teconomize,
2574 638 2692 691 qua:
2732 637 2831 691 per
2877 622 3041 691 legem
3092 630 3208 675 erat
3234 656 3250 682 ,
3303 620 3589 684 successit;

2034 694 2220 781 ,iqnam
2237 713 2305 766 ob
2325 724 2562 775 causam,
2589 711 2798 765 etiamsi
2824 724 3008 763 omnes
3036 710 3086 762 in
3118 707 3293 777 Moyse
3320 708 3592 775 baptizan-

2069 815 2153 857 tur
2192 804 2243 855 in
2275 799 2411 854 nube
2451 801 2584 855 etin
2616 802 2772 865 mari,
2804 799 3044 854 amarum
3088 809 3321 853 attamen
3354 797 3591 851 nonnihil

2065 900 2119 945 et
2149 892 2338 946 falsum
2368 893 2527 945 habet
2557 891 2766 944 illorum
2793 889 3073 957 baptisma,
3097 888 3272 941 adhuc
3296 886 3589 940 timentium

2068 985 2315 1037 inimicos
2347 982 2413 1037 ab
2441 982 2592 1049 ipsis,
2625 991 2682 1034 et
2708 981 3047 1034 clamantium
3083 979 3147 1030 ad
3194 977 3467 1030 Dominum
3511 976 3590 1027 di-

2066 1077 2411 1140 centiumqne
2441 1071 2604 1139 Moysi
2633 1071 2675 1101 ²⁹
2701 1086 2713 1121 :
2753 1086 2769 1117 ι
2795 1067 3076 1134 Propterea
3106 1068 3243 1135 quod
3281 1080 3382 1119 non
3411 1075 3591 1118 essent

2066 1172 2402 1215 monumenta
2427 1162 2479 1213 in
2512 1159 2763 1228 Egypto,
2791 1155 3016 1211 cduxisti
3040 1170 3154 1217 nos,
3182 1165 3238 1207 ut
3264 1153 3591 1208 interﬁceres

2066 1252 2119 1305 in
2148 1264 2361 1305 eremo:
2391 1248 2539 1319 [quid
2565 1248 2666 1302 hoc
2686 1246 2864 1299 facere
2890 1244 3118 1307 voluisti,
3147 1252 3204 1294 ut
3226 1243 3475 1295 educeres
3498 1256 3593 1295 nos

2065 1351 2129 1390 ex
2147 1334 2409 1405 Egypto?
2434 1333 2485 1404 ι]
2516 1336 2584 1388 At
2615 1346 2740 1388 vero
2784 1331 3043 1399 baptisma
3081 1330 3133 1384 in
3179 1328 3324 1392 Jesu,
3352 1328 3404 1381 in
3431 1326 3592 1381 ﬂuvio

2063 1437 2189 1479 vere
2215 1424 2353 1477 dulci
2386 1432 2439 1477 et
2471 1421 2710 1492 potabili,
2739 1419 2901 1473 multa
2933 1419 3125 1472 eximia
3160 1433 3269 1486 prae
3301 1417 3388 1471 illo
3414 1415 3589 1484 bapti-

2065 1520 2235 1566 smate
2264 1512 2459 1576 habet,
2488 1511 2735 1564 nimirum
2766 1511 2886 1577 quia
2906 1511 3017 1580 jam
3046 1508 3274 1562 clareret
3298 1506 3588 1573 acciperet-

2065 1615 2167 1669 que
2191 1600 2463 1653 decentem
2484 1600 2722 1653 ordinem
2751 1600 2839 1652 Dei
2862 1597 3055 1652 eultus.
3075 1598 3208 1651 Area
3234 1596 3374 1650 enim
3400 1594 3587 1648 Testa-

2066 1687 2228 1740 menti
2265 1686 2471 1740 Domini
2516 1685 2607 1741 Dei
2662 1686 2851 1751 nostri,
2885 1695 2938 1740 et
2970 1686 3268 1738 sacerdotes
3314 1693 3367 1736 et
3415 1682 3590 1735 icvita:

1998 1749 2038 1802 Β
2068 1774 2387 1841 praecedunt,
2422 1782 2678 1840 sequente
2714 1749 2923 1841 populo,
2954 1780 3317 1841 sequenteqne
3348 1770 3437 1824 illo
3481 1770 3590 1823 cul-

2067 1870 2206 1915 tores
2250 1860 2363 1913 Dei.
2396 1860 2666 1915 Caeterum
2710 1862 2793 1914 his
2826 1862 2914 1930 qui
2950 1860 3247 1930 percipiunt
3282 1852 3587 1912 mandatum

2065 1948 2129 2000 de
2162 1947 2600 2011 sanctiﬁcatione,
2646 1948 2777 2002 dicit
2823 1946 2996 2013 Jesus;
3043 1960 3234 2009 nempe
3283 1946 3476 2014 populo
3507 1945 3584 1997 κε

2068 2053 2086 2084 ι
2133 2034 2549 2089 Sanctiﬁcamini
2597 2036 2649 2088 in
2682 2035 2992 2101 crastinum,
3026 2035 3185 2090 faciet
3221 2037 3273 2089 in
3306 2035 3454 2089 vobis
3480 2034 3586 2088 Do-

2065 2122 2239 2177 minus
2272 2122 2558 2176 mirabilia.
2594 2142 2613 2174 ι
2648 2121 2784 2187 Quin
2814 2124 3175 2178 sacerdotibus
3206 2126 3365 2177 etiam
3403 2123 3589 2191 prosci-

2063 2213 2139 2279 pit
2163 2226 2280 2265 cum
2311 2227 2437 2266 arca
2463 2213 2787 2267 Testamenti
2830 2215 3129 2280 praecedere
3160 2227 3337 2267 coram
3371 2212 3586 2279 populo,

2063 2300 2272 2367 quando
2296 2301 2458 2353 etiam
2486 2301 2794 2370 mysterium
2826 2298 3123 2353 ostenditur
3148 2300 3458 2353 oeconomia:
3487 2298 3588 2351 Pa-

2065 2391 2160 2443 tris
2195 2390 2261 2442 ad
2305 2389 2496 2444 Filium
2540 2387 2987 2456 superexaltatum
3034 2386 3101 2440 ab
3131 2387 3245 2460 ipso
3269 2426 3285 2454 ,
3316 2388 3406 2459 qui
3440 2386 3588 2444 dedit

2063 2478 2135 2530 illi
2165 2477 2268 2531 hoc
2296 2490 2505 2539 munus,
2543 2493 2563 2527 ι
2592 2484 2650 2528 ιιι
2678 2476 2730 2532 in
2761 2474 2975 2533 nomine
3001 2479 3124 2533 Jesu
3149 2494 3306 2533 omne
3333 2493 3468 2548 genu
3495 2477 3587 2531 lle-

2063 2575 2258 2631 ctatur,
2290 2565 2606 2632 cmlesﬁum,
2656 2570 2989 2624 terrestrium
3038 2578 3093 2622 et
3137 2568 3503 2633 inlernorum,
3532 2576 3588 2622 et

2060 2658 2232 2711 omnis
2280 2657 2454 2726 lingua
2489 2660 2806 2713 conﬁteatur
2848 2657 2989 2725 quod
3019 2657 3173 2712 Jesus
3206 2657 3451 2711 Christus
3483 2656 3584 2711 Dn-

2062 2746 2235 2800 minus
2265 2753 2346 2800 est
2371 2748 2436 2800 ad
2470 2746 2692 2815 gloriam
2720 2745 2811 2799 Dei
2837 2745 3009 2800 Patris
3039 2746 3101 2799 ³¹.
3133 2763 3149 2795 ι
3181 2745 3280 2798 Per
3311 2747 3420 2797 haec
3442 2744 3586 2797 enim

2061 2834 2393 2889 declarantur
2420 2835 2508 2889 illa
2534 2874 2551 2899 ,
2584 2849 2702 2903 quae
2735 2844 2856 2888 sunt
2901 2835 2955 2888 in
2993 2835 3130 2889 libro
3161 2835 3250 2901 qui
3291 2833 3586 2900 inscriptus

2058 2932 2142 2976 est
2170 2920 2295 2974 huc
2324 2920 2498 2976 Nave:
2522 2939 2541 2973 ι
2568 2922 2634 2976 Et
2660 2923 2791 2977 dixit
2814 2921 3067 2977 Dominus
3089 2923 3153 2975 ad
3177 2921 3384 2976 Jesum:
3420 2923 3472 2974 In
3501 2922 3587 2974 die

2059 3012 2161 3066 hac
2194 3004 2438 3080 incipiam
2463 3012 2702 3066 exaltare
2728 3021 2779 3065 te
2809 3026 2988 3065 coram
3022 3012 3141 3065 [iliis
3180 3010 3337 3064 Israel
3370 3011 3434 3061 ἰ.
3466 3029 3485 3061 ι
3518 3010 3585 3063 Ει

2059 3100 2350 3153 audiendus
2373 3108 2455 3154 est
2482 3099 2734 3154 Dominus
2763 3110 2947 3154 noster
2969 3101 3148 3154 dicens
3171 3099 3291 3151 [iliis
3317 3097 3481 3153 Israel
3504 3097 3579 3150 ⁸³;

2063 3204 2082 3237 ι
2112 3187 2365 3243 Accedite
2394 3188 2517 3251 huc,
2546 3197 2601 3241 et
2623 3188 2849 3244 audietis
2880 3189 3099 3243 verbum
3130 3186 3335 3241 Dotnini
3365 3186 3454 3239 Dei
3487 3202 3584 3241 no-

2057 3276 2196 3330 stri:
2242 3276 2295 3328 in
2334 3276 2435 3329 hoc
2475 3277 2771 3345 agnoscetis
2817 3276 2980 3332 Deum
3025 3276 3294 3333 viventem
3339 3276 3391 3329 in
3432 3277 3589 3332 vobis

2056 3377 2192 3418 esse.
2227 3382 2246 3417 ι
2279 3362 2410 3417 Cum
2446 3364 2585 3417 enim
2620 3364 2955 3433 baptizamur
2983 3366 3033 3419 in
3065 3365 3210 3429 Jesu,
3246 3365 3584 3434 agnoscimus

2056 3451 2219 3505 Deum
2252 3452 2514 3505 viventem
2541 3453 2591 3505 in
2623 3452 2776 3507 nobis
2799 3466 2936 3507 esse.
2965 3453 3030 3507 Et
3053 3453 3157 3507 illic
3180 3453 3412 3521 quidem,
3436 3468 3585 3507 nem-

2056 3554 2122 3608 pe
2170 3539 2222 3592 in
2272 3537 2499 3608 Egypto
2524 3577 2539 3602 ,
2573 3539 2831 3594 facientes
2861 3540 3083 3605 Pascha,
3126 3541 3441 3610 principium
3470 3541 3585 3595 cxi-

2059 3634 2142 3681 tus
2190 3626 2423 3697 faciunt;
2458 3638 2511 3681 at
2557 3643 2684 3684 vero
2731 3630 2868 3696 apud
2920 3628 3114 3684 Jesum’
3133 3640 3253 3697 post
3304 3631 3585 3684 transitum

2054 3716 2300 3771 Jordanis
2328 3717 2373 3748 “
2398 3718 2601 3772 decima
2637 3720 2790 3787 primi
2823 3722 3022 3776 mensis
3051 3722 3410 3775 castrametati
3459 3732 3585 3776 sunt

2056 3806 2107 3859 in
2134 3805 2401 3874 Galgalis:
2454 3806 2606 3876 145
2637 3808 2845 3875 quando
2874 3809 3104 3877 primum
3133 3814 3444 3877 oportebat,
3489 3810 3584 3878 qui

2055 3897 2346 3963 accepisset
2375 3910 2552 3960 ovem,
2584 3912 2882 3953 convocare
2912 3900 3286 3956 convivaturos
3333 3912 3452 3970 post
3492 3904 3582 3956 ba-

2052 3986 2243 4052 ptisma
2278 3984 2423 4039 Jesu.
2461 3985 2617 4041 Petra
2638 3996 2818 4042 autem
2845 3988 3150 4043 acutissima
3192 3991 3581 4045 circumcidun-

2055 4083 2138 4126 tur
2167 4073 2260 4128 lilii
2306 4074 2468 4130 Israel
2499 4090 2528 4128 a
2559 4075 2685 4131 Jesu
2715 4076 2783 4142 ³⁵,
2816 4077 3063 4130 nimirum
3091 4083 3230 4146 quod
3257 4093 3442 4133 omnes
3486 4081 3585 4134 lilii

2052 4175 2234 4215 eorum
2264 4163 2353 4230 qui
2383 4165 2580 4233 egressi
2622 4164 2829 4219 fuerant
2856 4180 2923 4219 ex
2949 4165 3193 4235 Egypto,
3222 4167 3578 4222 incircumcisi

2053 4260 2270 4315 essent,
2318 4261 2371 4306 et
2406 4253 2745 4321 opprobrium
2774 4253 2987 4324 [Egypti
3024 4255 3219 4308 fatetur
3245 4256 3499 4310 Dominus
3523 4272 3584 4310 se

402 4336 558 4399 υἱοὺς
592 4336 825 4406 Ἰσραήλ.
872 4337 1173 4407 Γέγραπται
1226 4338 1407 4409 γάρ’,ι
1441 4338 1548 4389 Καὶ
1591 4334 1709 4390 εἷπε
1753 4338 1950 4409 Κύριος

2058 4335 2262 4390 auferre
2309 4337 2361 4391 in
2393 4338 2477 4392 die
2523 4339 2853 4407 baptismatis
2886 4340 2941 4393 in
2972 4339 3097 4394 Jesu
3124 4379 3139 4405 ,
3189 4343 3401 4409 quando
3428 4340 3581 4397 Jesus

399 4425 485 4495 τῷ
512 4425 685 4496 Ἰησοῦ
711 4425 811 4495 υἱῷ
836 4426 1010 4496 Ναυῆο
1051 4427 1137 4479 Ἐν
1171 4428 1236 4496 τῇ
1275 4429 1504 4497 σήμερον
1534 4427 1712 4495 ἡμέρᾳ
1739 4426 1950 4494 ἀφεῖλον

2054 4425 2403 4494 undequaque
2450 4427 2755 4494 puriﬁcavit
2800 4428 2937 4482 ﬁlios
2980 4427 3159 4482 Israel.
3196 4430 3463 4500 Scriptum
3496 4442 3581 4486 est

398 4514 496 4566 τὸν
524 4513 822 4583 ὀνειδισμὸν
860 4514 1131 4582 Αἰγύπτου
1156 4517 1245 4583 ἀφ’
1276 4515 1443 4584 ὑμῶν.
1483 4534 1501 4566 ι
1534 4514 1664 4566 Τότε
1696 4513 1950 4582 ἐποίησαν

2058 4512 2187 4565 enim
2213 4513 2287 4567 a‘:
2324 4532 2343 4564 ι
2372 4513 2439 4566 Ει
2465 4515 2601 4568 dixit
2626 4518 2879 4571 Dominus
2912 4518 2976 4571 ad
3003 4516 3183 4572 Jesum
3212 4519 3576 4592 ﬁliumﬁave:

401 4602 456 4656 οι
507 4604 616 4656 υίοὶ
665 4603 878 4673 Ἰσραὴλ
940 4604 1001 4655 τὸ
1048 4604 1235 4671 Πάσχα
1279 4606 1345 4673 τῇ
1402 4602 1952 4674 τεσσαρεσκαιδεκάτῃ

2058 4601 2099 4654 in
2135 4603 2219 4656 die
2245 4602 2343 4658 hac
2377 4605 2579 4660 devolvi
2601 4620 2630 4658 a
2653 4607 2799 4660 vobis
2827 4606 3079 4675 probrum
3101 4608 3331 4677 Egypti.
3371 4629 3390 4662 ι
3430 4609 3581 4663 Tunc

398 4692 585 4763 ἡμέρᾳ
607 4690 703 4745 τοῦ
734 4691 898 4761 μηνὸς
932 4692 1107 4761 πολλῷ
1130 4692 1223 4744 τοῦ
1247 4694 1304 4746 ἐν
1334 4691 1587 4761 Αἰγύπτῳ
1615 4691 1950 4762 ἱλαρώτερον,

396 4782 490 4835 ὅτε
526 4782 623 4836 καὶ
652 4781 850 4850 ἔφαγον
881 4782 986 4834 ἀπὸ
1012 4782 1103 4834 τοῦ
1140 4782 1287 4833 σίτου
1316 4782 1413 4848 τῆς
1435 4782 1589 4849 ἁγίας
1619 4783 1722 4851 γῆς
1750 4782 1948 4852 ἄζυμα,

2046 4690 2284 4748 fecerunt.
2308 4693 2404 4748 filii
2443 4693 2604 4750 lsrael
2637 4696 2834 4765 pascha
2872 4697 3272 4765 quartadecima
3305 4700 3388 4753 die
3426 4714 3577 4752 men-

2048 4782 2121 4838 sis
2149 4783 2213 4847 ³⁷,
2240 4784 2395 4853 longe
2417 4801 2576 4853 quam
2600 4789 2652 4840 in
2677 4786 2905 4858 [Egypto
2930 4789 3169 4852 hilarius,
3188 4791 3399 4857 quando
3418 4790 3584 4843 etiam

466 4883 513 4928 δ’
538 4894 713 4973 Ιιξξοεῖ.
761 4896 1015 4973 “v.11...
1057 4895 1449 4973 "_.-lo_s_..t_n,‘5,
1478 4898 1540 4973 6_._
1577 4899 1646 4973 __“_
1669 4899 1917 4973 Philipp.
1934 4916 1958 4952 ι]

2058 4941 2072 4968 ,
2106 4904 2189 4955 ll.
2264 4903 2306 4934 ³¹
2348 4903 2460 4958 Jos.
2502 4920 2582 4969 Ill,
2622 4907 2673 4958 7.
2746 4906 2790 4937 ³³
2821 4908 2950 4959 ibid.
2996 4906 3050 4970 9,
3092 4907 3175 4957 lo.
3253 4896 3298 4937 "
3344 4905 3454 4960 Jos.
3498 4922 3575 4973 tv,

400 4965 486 5020 l9.
539 4962 613 5019 λ⁸⁵
645 4960 760 5017 los.
796 4977 846 5028 ν,
885 4961 942 5027 2,
983 4962 1038 5017 8.
1112 4964 1159 4995 ³⁸
1195 4960 1345 5018 ibid.
1371 4960 1441 5019 9.
1495 4965 1540 4997 ⁸⁷
1575 4965 1706 5021 ibid.
1763 4960 1942 5021 103-12.

472 5075 605 5149 (Μ’)
636 5075 1043 5149 Paraphrastice
1069 5077 1333 5149 interpres
1367 5081 1529 5136 vertit
1560 5082 1706 5136 hunc
1747 5083 1944 5149 locum,

395 5145 491 5218 qui
517 5144 599 5198 sic
628 5144 694 5198 ad
722 5144 952 5200 litteram
988 5144 1143 5218 reddi
1179 5144 1351 5218 potest
1378 5164 1391 5198 :
1522 5158 1572 5218 et
1597 5149 1794 5203 Levita:
1815 5144 1951 5218 prce;

396 5211 626 5287 gedum,
672 5223 907 5287 sequente
934 5212 1146 5287 populo
1182 5211 1397 5287 cultores
1440 5216 1570 5287 Dei,
1616 5211 1951 5287 sequenieque

396 5278 607 5350 ὅμοροι
637 5281 726 5346 qui
736 5278 1046 5350 percipiunt
1090 5282 1390 5350 mandatum
1421 5283 1484 5335 de
1515 5278 1949 5350 sanctiﬁcatione;

396 5345 542 5400 Dicit
575 5345 919 5402 autem'lesu'a
941 5346 1141 5413 populo
1184 5346 1333 5399 Enn.

466 5414 585 5493 192)
630 5416 782 5469 Υιόν.
823 5415 899 5469 Ita
942 5412 1125 5466 cedex
1174 5413 1520 5482 Bodleianus;
1572 5418 1803 5488 Regius,
1843 5421 1950 5492 ’1η-

398 5496 547 5534 σουν.

467 5548 585 5614 (9'5)
645 5550 774 5602 Ὅτε
838 5545 1087 5613 πρῶτον
1137 5545 1251 5600 ἔδει
1304 5552 1559 5606 λαϐόντα
1612 5555 1681 5606 τὸ
1740 5558 1953 5623 πρόϐα-

2049 5103 2171 5150 τον,
2204 5097 2306 5141 etc.
2339 5088 2543 5141 Pascha
2565 5088 2823 5154 intelligit,
2855 5087 2966 5142 Jos.
2989 5102 3040 5153 v,
3072 5087 3156 5141 l0.

2118 5154 2225 5225 (9:5)
2251 5154 2778 5225 Kalfﬁdxpoz'dpq’
2812 5155 3012 5221 πέτρᾳ.
3058 5156 3123 5208 Et
3173 5157 3284 5212 los.
3313 5175 3366 5219 ν.
3420 5160 3473 5225 2,
3519 5171 3577 5216 ει

2048 5221 2214 5295 Epid.
2240 5236 2314 5284 IV,
2343 5221 2689 5295 25,__habetur
2706 5230 2803 5283 Ἳκ,
2829 5235 3069 5295 quaeyox
3087 5232 3140 5274 et
3161 5238 3355 5295 petram
3380 5238 3438 5280 et
3459 5221 3576 5295 gla-

2046 5290 2381 5360 diumsonat.
2425 5290 2589 5352 Quem
2616 5296 2790 5360 autem
2836 5288 3164 5360 intellectum
3218 5293 3305 5346 hic
3354 5288 3579 5360 habeat,

2045 5355 2378 5421 grammatici
2415 5365 2642 5408 certant.
2671 5353 2861 5421 Varius
2894 5356 3106 5421 quidem
3133 5369 3217 5411 est
3272 5362 3425 5416 hodie
3467 5353 3574 5416 cir;

2048 5419 2383 5490 cumcisionis
2414 5423 2545 5475 ritus
2577 5423 2714 5490 apud
2737 5419 2971 5490 ludaeos,
2994 5424 3085 5490 sed
3114 5424 3261 5479 ferro
3290 5428 3400 5483 fere
3421 5439 3579 5483 utun-

2053 5498 2158 5564 tur.
2183 5488 2482 5564 Atsilicem
2516 5488 2692 5544 tanien
2716 5488 2838 5543 olim
2866 5489 3175 5546 adhibuisse
3223 5508 3419 5564 negare
3469 5514 3593 5551 non.

2050 5558 2235 5611 ausim.
2263 5556 2510 5611 llUE‘llUS.
