3880 6194
215 292 292 351 ιιι
326 346 355 401 ⁸
542 403 556 414 .
748 400 775 414 η

224 420 336 477 προί.
358 403 660 475 φερομένων

230 491 596 561 biumme
631 492 776 561 ἡμᾶς
822 493 855 544 6
894 493 1045 554 Θεὸς.
1079 493 1208 545 ὅπου
1261 494 1355 561 μὲν
1393 492 1582 561 διψῶσι
1622 491 1799 544 δίδωσι

254 584 433 645 ποτὸν,
476 584 604 635 ὅπου
632 581 687 633 δὲ
714 580 774 631 τὸ
807 581 1009 633 ἄϐατον
1036 582 1108 649 (5)
1133 582 1260 648 ἡμῖν
1293 581 1384 632 καὶ
1414 580 1688 650 ἀχώρητον
1714 579 1802 633 διὰ

250 667 309 719 τὸ
325 666 506 735 βάθος,
536 665 795 717 διόδευτον
812 668 880 734 τῇ
897 665 1149 736 διαιρέσει
1172 664 1262 742 τοῦ
1285 665 1439 732 λόγου
1461 665 1801 734 παρασκευά-

251 756 350 818 ζει,
378 753 485 807 τῶν
517 752 777 806 πλείστων
823 754 901 824 τῷ
936 754 1239 824 διαιρετικῷ
1266 754 1407 826 λόγῳ
1428 756 1554 824 ἡμῖν
1583 772 1799 824 σαφηνι-

250 843 504 911 ζομένων.
531 842 647 894 Ἔτι
688 841 745 893 δὲ
781 844 861 906 είς
909 843 970 895 τὸ
1000 842 1392 913 παραδέξασθαι
1421 844 1517 914 τὴν
1553 842 1795 915 περὶτοῦ

248 932 620 1001 ποτιμωτάτου
665 932 760 985 καὶ
805 931 1261 1001 χαριστικωτάτου
1318 931 1572 1002 Ἰορδάνου
1630 934 1798 1004 ἑρμη-

245 1022 410 1084 νείαν,
446 1021 707 1091 χρήσιμον
740 1019 1077 1089 παραθέσθαι
1104 1020 1194 1072 τόν
1236 1037 1296 1073 τε
1334 1021 1439 1075 ἀπὸ
1475 1022 1569 1091 τῆς
1595 1021 1797 1092 λέπρας

245 1107 667 1177 καθαριζόμενον
701 1106 919 1177 Ναιμὰν
949 1107 1041 1160 τὸν
1076 1108 1262 1179 Σύρον,
1304 1110 1394 1165 καὶ
1437 1109 1504 1162 τὰ
1539 1110 1797 1181 λεγόμενα

243 1197 369 1265 περὶ
396 1196 505 1250 τῶν
538 1196 682 1265 παρὰ
717 1198 827 1259 τοῖς
859 1186 1131 1265 πολεμίοις
1173 1197 1270 1265 τῆς
1302 1197 1602 1260 θεοσεϐείας
1633 1215 1796 1255 ποταα

244 1286 378 1353 μῶν.
430 1286 564 1354 Περὶ
606 1287 701 1354 μὲν
746 1280 838 1337 οὖν
880 1284 1097 1354 Ναιμὰν
1138 1285 1472 1356 γέγραπται,
1511 1287 1591 1339 ὃτι
1635 1282 1794 1356 ἦλθεν

242 1376 393 1442 ἵππῳ
425 1374 517 1426 καὶ
560 1374 787 1443 ἅρματι,
815 1373 909 1425 καὶ
948 1372 1073 1443 ἔστη
1112 1374 1203 1425 ἐπὶ
1235 1373 1421 1444 θύραις
1466 1373 1611 1429 οίκου
1658 1373 1794 1429 Ἐλι-

242 1463 376 1524 σαιὲ,
423 1461 516 1515 καὶ
562 1461 879 1513 ἀπέστειλεν
915 1458 1147 1513 Ἐλισαιὲ
1185 1460 1409 1527 ἄγγελον
1448 1460 1579 1530 πρὸς
1611 1460 1791 1527 αὐτὸν,

239 1548 442 1616 λέγων·
479 1569 497 1600 ι
538 1550 826 1618 Πορευθεὶς
855 1549 1037 1602 λοῦσαι
1078 1550 1300 1613 ἑπτάκις
1340 1551 1395 1603 ὲν
1423 1550 1498 1619 τῷ
1535 1549 1789 1620 Ἰορδάνῃ,

238 1640 332 1690 καὶ
353 1638 665 1709 ἐπιστρέψει
688 1640 721 1708 ή
747 1638 882 1708 σάρξ
908 1655 999 1692 σου
1024 1639 1127 1700 σοὶ,
1153 1639 1244 1690 καὶ
1264 1638 1627 1709 καθαρισθήσῃ
1653 1638 1746 1709 (4).
1765 1657 1784 1690 ι

1322 291 1669 349 COMMENT.
1710 288 1774 379 Il‘i
1811 287 1999 343 JOAN.
2038 289 2272 346 TOMUS
2319 280 2408 339 Vl.

851 401 949 456 τοῦ
998 402 1152 469 λόγου
1215 404 1629 472 συμπεράσματι
1657 439 1670 464 ,
1724 391 1791 451 ὧν

1899 399 2099 465 profert
2128 395 2399 452 sermonis
2431 398 2778 462 conclusioni,
2805 414 2832 453 a
2863 399 3055 469 quibus
3075 401 3305 458 liberans
3334 422 3428 461 nos

1901 487 2038 541 Dens
2070 489 2340 541 interdum
2411 486 2623 553 quidem
2656 489 2963 542 sitientibus
2990 493 3080 544 dat
3104 500 3311 560 potum,
3343 494 3452 548 iu-'
3516 526 3522 533 ι

3329 292 3433 355 28!
3450 325 3457 337 ι

1900 576 2103 629 terdum
2146 590 2273 629 vero
2314 575 2452 643 quod
2501 576 2698 629 invium
2736 578 2890 632 nobis
2923 588 2978 632 et
3011 581 3431 650 imperceptibile

1895 676 1975 721 est
2007 674 2225 734 propter
2248 662 2702 733 profunditatem,
2736 666 2977 731 pervium
3012 666 3137 719 illud
3170 680 3431 736 praeparat

1896 756 2153 809 divisione
2197 751 2493 816 sermonis,
2542 767 2660 804 cum
2691 753 3080 825 quamplurima
3110 768 3175 808 ex
3225 757 3430 810 ratione

1896 841 2163 896 dividendi
2212 840 2364 895 nobis
2397 838 2821 895 manifestentur.
2873 843 2952 894 Ad
2985 843 3098 897 hmc
3144 853 3203 899 ut
3233 846 3427 900 admit-

1897 941 2067 985 tamus
2117 930 2601 996 interpretationem
2634 929 2699 982 de
2737 928 3118 997 potabilissimo
3150 941 3202 985 et
3231 934 3428 1000 gratia-

1894 1006 2009 1074 rum
2037 1019 2193 1088 pleno
2218 1019 2471 1084 Jordane,
2507 1018 2634 1071 utile
2681 1018 2834 1072 nobis
2861 1018 2964 1071 erit
3000 1034 3263 1088 apponere
3288 1023 3424 1077 Naa-

1893 1122 2012 1163 man
2048 1107 2192 1159 illum
2235 1106 2426 1175 Syrum
2474 1122 2501 1158 a
2554 1106 2696 1173 lepra
2754 1107 3087 1170 unmdatum,
3128 1120 3180 1161 et
3210 1125 3326 1179 quae
3350 1111 3427 1163 di-

1891 1205 2085 1252 Cttnlur
2119 1196 2184 1249 de
2214 1195 2518 1247 ﬂuminibus
2549 1194 2687 1260 apud
2713 1193 2892 1247 hostes
2919 1194 3091 1250 cultus
3122 1195 3300 1250 divini.
3332 1186 3425 1250 At-

1891 1297 1993 1350 que
2020 1284 2084 1341 de
2100 1281 2336 1339 Naaman
2361 1282 2573 1347 quidem
2598 1283 2851 1348 scriptum
2886 1293 2968 1333 est
2990 1283 3054 1345 ⁸⁷,
3091 1283 3231 1350 quod
3271 1298 3426 1336 vene—

1890 1373 1962 1426 rit
1991 1388 2111 1426 cnm
2151 1373 2390 1440 equitatu
2436 1381 2489 1429 et
2540 1385 2726 1434 curru,
2772 1379 2826 1425 et
2870 1372 3080 1427 steterit
3117 1381 3241 1425 ante
3284 1372 3426 1428 fores

1889 1459 2076 1514 dumus
2118 1460 2304 1523 Elisei,
2339 1461 2587 1528 quodque
2621 1460 2827 1515 miserit
2860 1461 3064 1517 Eliseus
3086 1461 3328 1516 nuntium
3361 1462 3424 1515 ad

1890 1547 2057 1612 illum,
2081 1549 2296 1604 dicens:
2326 1567 2343 1599 ι
2377 1548 2652 1607 Profectus
2677 1548 2855 1603 lavare
2876 1550 2926 1602 in
2954 1548 3186 1604 Jordaue
3211 1552 3423 1618 septies,

1888 1645 1942 1693 et
1965 1637 2276 1695 restituetur
2333 1637 2424 1690 tibi
2469 1652 2594 1690 caro
2641 1650 2727 1693 tua
2755 1677 2769 1700 ,
2812 1647 2867 1695 et
2916 1637 3260 1691 mundaheris
3301 1637 3366 1690 ⁸⁸.
3400 1655 3420 1688 ι

242 1725 368 1775 Ὅτε
398 1726 493 1776 καὶ
519 1708 779 1793 θυμοῦται
821 1725 1037 1794 Ναιμὰν
1073 1727 1134 1777 οὐ
1177 1725 1330 1787 νοῶν,
1355 1727 1434 1779 ὅτι
1460 1728 1489 1777 6
1528 1708 1791 1796 Ἰορδάνης

1890 1716 2109 1789 Quando
2127 1724 2671 1779 etiam-commovetur
2700 1726 3065 1794 indignatione
3088 1724 3324 1779 Naamau
3354 1726 3423 1789 δ’,

239 1812 396 1881 ἡμῶν
422 1814 570 1866 ἐστιν
599 1816 627 1865 6
659 1813 907 1866 ἀπολύων
932 1815 1055 1876 τοὺς
1083 1814 1170 1868 διὰ
1197 1816 1292 1887 τὴν
1324 1814 1523 1884 λέπραν
1553 1814 1791 1886 ἀκαθάρ-

238 1912 360 1957 τους
384 1899 484 1967 τῆς
511 1899 848 1968 ἀκαθαρσίας
864 1899 957 1953 καὶ
977 1897 1216 1969 ἰώμενος,
1233 1901 1350 1969 οὐχὶ
1370 1901 1425 1952 δὲ
1443 1903 1471 1954 6
1494 1902 1788 1972 προφήτης·

241 1988 516 2057 προφήτου
559 1989 667 2058 γὰρ
694 1989 850 2056 ἔργον
884 1988 1093 2057 πέμψαι
1128 1989 1220 2041 ἐπὶ
1263 1989 1324 2041 τὸ
1358 1989 1669 2059 θεραπεῦον.
1701 1991 1791 2060 Μὴ

239 2076 437 2141 συνιεὶς
456 2076 632 2131 τοίνυν
654 2077 717 2128 τὸ
734 2076 827 2130 τοῦ
854 2076 1109 2145 Ἰορδάνου
1141 2076 1283 2146 μέγα
1307 2081 1596 2146 μυστήριον
1614 2081 1643 2130 6
1662 2079 1791 2131 Ναι-

239 2162 343 2230 μάν
366 2179 532 2232 φησιν
547 2181 562 2193 ’
585 2182 603 2212 ι
627 2163 754 2215 Ἰδοὺ
772 2163 838 2233 δὴ
852 2162 1035 2229 ἔλεγον
1059 2162 1156 2231 (5),
1188 2163 1269 2214 ὅτι
1294 2163 1505 2227 πάντως
1531 2162 1794 2229 ἐξελεύσε-

234 2268 320 2304 ται
338 2252 475 2327 πρὸς
495 2252 582 2315 μὲ,
601 2252 695 2307 καὶ
714 2253 1090 2321 στήσεται,καὶ
1111 2251 1483 2307 ὲπικαλέσεται
1501 2254 1558 2307 ὲν
1573 2254 1790 2324 ὀνόματι

232 2341 438 2410 Κυρίου
468 2341 603 2394 Θεοῦ
645 2341 840 2404 αὑτοῦ,
884 2342 978 2395 καὶ
1014 2341 1258 2412 ἐπιθήσει
1295 2343 1391 2413 τὴν
1434 2347 1588 2413 χεῖρα
1628 2344 1788 2398 αὑτοῦ

231 2431 322 2481 ἐπὶ
350 2429 440 2482 τὸν
478 2430 663 2492 τόπον,
698 2431 793 2483 καὶ
819 2431 1140 2495 ἀποσυνάξει
1182 2432 1244 2484 τὸ
1291 2432 1515 2502 λεπρόν·
1556 2451 1574 2482 ι
1601 2432 1660 2485 τὸ
1682 2432 1789 2502 γὰρ

230 2517 496 2571 ιπιθεῖναι
529 2518 629 2588 τὴν
670 2522 825 2589 χεῖρα
848 2522 913 2588 τῇ
940 2519 1133 2588 λέπρᾳ,
1160 2520 1251 2573 καὶ
1290 2519 1598 2589 καθαρίσαι,
1628 2520 1787 2589 μόνου

228 2607 321 2660 τοῦ
342 2608 552 2678 Κυρίου
582 2624 683 2677 μου
707 2608 880 2678 Ἰησοῦ
900 2608 1059 2680 ἔργον
1083 2604 1170 2677 ἦν,
1192 2609 1253 2660 οὐ
1276 2608 1430 2677 μόνον
1451 2609 1685 2671 εἰπόντος
1712 2607 1789 2676 τῷ

233 2693 371 2764 μετὰ
394 2695 631 2759 πίστεως
648 2694 935 2759 ἀξιώσαντι
950 2714 963 2726 ο
986 2720 1004 2746 ι
1028 2697 1150 2751 Ἐάν
1180 2697 1354 2769 θέλῃς,
1366 2696 1589 2750 δύνασαί
1612 2713 1677 2766 με
1698 2714 1789 2749 κα-

229 2782 473 2853 θαρίσαι,
492 2802 514 2835 r
529 2784 589 2836 τό
604 2801 616 2813 ·
630 2784 824 2847 ιΘέλω,
842 2785 1214 2855 καθαρίσθητι.
1240 2805 1257 2836 ι
1279 2786 1418 2855 Πρὸς
1432 2786 1536 2854 γὰρ
1555 2785 1631 2855 τῷ
1649 2785 1786 2855 λόγῳ

1891 1828 1994 1867 non
2026 1814 2325 1882 intelligens
2356 1812 2495 1880 quod
2528 1813 2775 1871 Jordanis
2804 1824 2986 1870 noster
3021 1815 3065 1869 is
3092 1816 3164 1871 sit
3196 1808 3284 1882 qui
3328 1816 3425 1866 im-

1892 1901 2114 1955 mundos
2142 1902 2211 1957 ob
2240 1904 2440 1967 lepram
2471 1902 2663 1955 liberat
2687 1905 2754 1956 ab
2787 1903 3118 1962 immunditia
3142 1913 3421 1972 saumque,
3448 1946 3452 1950 Α

1891 2006 1993 2043 non
2018 1974 2103 2044 ille
2123 1992 2376 2058 propheta
2401 2006 2415 2052 ;
2443 1994 2873 2063 quandoquidem
2894 1994 3167 2061 propheta:
3192 1993 3423 2046 oﬂicium

1888 2087 1969 2133 est
2017 2078 2230 2131 mittere
2262 2078 2327 2130 ad
2365 2078 2489 2132 illud
2518 2083 2656 2147 quod
2684 2081 2968 2135 sanitatem
3000 2080 3171 2137 affert.
3201 2082 3315 2136 Non
3349 2083 3428 2135 iu-

1888 2162 2127 2233 telligens
2159 2163 2318 2233 igitur
2352 2163 2601 2223 Jordanis
2629 2182 2874 2235 magnum
2917 2170 3249 2236 mysterium,
3291 2168 3453 2223 Naa-p.

1888 2264 2009 2303 man
2049 2251 2214 2318 inquit
2256 2254 2333 2306 ⁸ος
2399 2271 2418 2304 ι
2446 2254 2523 2308 Eu
2569 2256 2780 2323 quidem
2819 2258 3149 2324 cogitaram:
3197 2259 3425 2312 Omnino

1887 2338 2051 2391 exibit
2079 2339 2144 2392 ad
2180 2355 2281 2403 me,
2308 2349 2361 2396 et
2391 2351 2540 2397 stans
2567 2344 2828 2399 invocabit
2866 2359 3054 2401 nomen
3085 2345 3294 2401 Domini
3331 2347 3422 2401 Dei
3484 2362 3487 2365 λ

1887 2429 1988 2491 sui,
2022 2427 2355 2497 imponetque
2385 2446 2598 2485 manum
2632 2447 2779 2489 suam
2810 2436 2875 2487 ad
2903 2434 3077 2489 locum
3116 2444 3169 2489 et
3211 2437 3424 2490 curabit

1887 2514 2103 2583 lepram.
2137 2535 2156 2568 ι
2189 2518 2395 2572 Etenim
2426 2535 2640 2573 manum
2664 2521 2823 2590 lepra:
2852 2523 3125 2590 imponere
3153 2534 3206 2581 et
3231 2540 3423 2581 curare

1886 2605 2050 2659 solius
2071 2605 2274 2659 Domini
2299 2609 2400 2661 mei
2427 2608 2551 2663 Jesu
2575 2609 2804 2669 oﬂicium
2832 2622 2932 2676 est,
2956 2613 3042 2680 qui
3070 2629 3172 2667 non
3215 2625 3420 2671 tantum

1885 2696 2017 2748 dixit
2044 2712 2160 2749 cum
2188 2697 2289 2750 (ide
2318 2701 2710 2766 pronuntianti:
2747 2719 2766 2751 ι
2799 2701 2852 2754 Si
2872 2701 2967 2766 vis,
2999 2711 3149 2769 potes
3167 2720 3250 2760 me
3269 2722 3422 2759 mnu-

1887 2784 2063 2848 dare,»
2081 2814 2148 2824 --
2175 2785 2351 2851 «Volo,
2380 2787 2605 2841 mundus
2629 2797 2742 2843 esto
2763 2789 2805 2820 "
2828 2805 2847 2857 ιι
2870 2809 2885 2840 ι
2915 2803 3260 2859 praeterquam
3281 2795 3422 2860 quod

229 2871 323 2923 κα)⁵
353 2870 533 2941 ἥψατο
580 2872 763 2935 αὑτοῦ,
809 2874 901 2926 καὶ
944 2873 1268 2944 ἐκαθαρίσθη
1297 2873 1404 2927 άπὸ
1459 2874 1553 2943 τῆς
1581 2873 1785 2946 λέπρας

1890 2874 2023 2926 euim
2041 2874 2251 2929 locutus
2265 2885 2366 2942 est,
2385 2875 2537 2945 147
2559 2877 2726 2945 tetigit
2741 2878 2897 2931 etiam
2916 2894 3061 2942 eum,
3078 2891 3128 2934 et
3144 2883 3424 2934 umndatus

229 2957 415 3012 αὐτοῦ.
453 2959 575 3015 Ἔτι
609 2959 672 3028 δὴ
710 2958 1053 3028 πλανώμενος
1083 2963 1110 3014 6
1136 2961 1366 3028 Ναιμὰν,
1404 2961 1496 3014 καὶ
1528 2961 1623 3030 οὐχ
1647 2963 1785 3033 ὁρῶν

1890 2962 1984 3015 fuit
2009 2979 2038 3014 a
2074 2964 2218 3031 lepra
2257 2979 2373 3017 sua.
2403 2964 2601 3018 Errans
2627 2964 2786 3017 etiam
2819 2965 3076 3029 Naamau,
3106 2983 3202 3019 nec
3229 2969 3419 3020 videns

227 3042 351 3096 ὅσον
382 3045 765 3098 ἀπολείπονται
806 3049 854 3098 οί
886 3047 1059 3117 ἕτεροι
1098 3046 1192 3099 τοῦ
1249 3046 1507 3116 Ἰορδάνου
1556 3048 1785 3118 ποταμοὶ

1890 3062 2140 3121 quantum
2215 3055 2397 3108 cancri
2468 3054 2612 3106 ﬂuvii
2686 3053 2916 3108 Iordane
2992 3056 3098 3110 sint
3143 3057 3422 3109 inferiores

226 3133 365 3203 πρὸς
394 3133 692 3206 θεραπείαν
725 3136 831 3189 τῶν
876 3136 1234 3199 πεπονθότων,
1282 3137 1489 3190 ἐπαινεῖ
1535 3139 1657 3200 τοὺς
1691 3140 1787 3209 τῆς

227 3223 525 3291 Δαμασκοῦ
558 3225 829 3293 ποταμοὺς
872 3225 1102 3295 ’Δρϐανά
1129 3225 1200 3294 (6)
1229 3227 1321 3278 καὶ
1350 3227 1558 3295 Φαρφὰ,
1592 3227 1779 3293 λέγων·

235 3328 252 3358 ι
280 3310 419 3378 Οὐχὶ
442 3311 650 3378 ἀγαθὸς
682 3311 737 3362 Ἀ
747 3311 913 3381 ρϐανὰ
926 3312 1017 3364 καὶ
1037 3313 1112 3363 Φα
1121 3313 1226 3380 ρφά
1247 3312 1474 3381 ποταμοὶ
1501 3312 1785 3380 Δαμασκοῦ

232 3399 371 3468 ὑπὲρ
406 3400 586 3453 πάντα
608 3400 676 3453 τὰ
699 3399 865 3452 ὕδατα
906 3401 1150 3470 ἰσραήλ;
1185 3401 1315 3470 Οὐχὶ
1341 3400 1639 3471 πορευθεὶς,
1666 3399 1787 3453 λού-

228 3504 391 3555 σομαι
413 3490 475 3540 ὲν
500 3489 705 3550 αὐτοῖς,
736 3489 828 3542 καὶ
861 3488 1360 3559 καθαρισθήσομαι;
1402 3510 1421 3542 ι
1449 3491 1655 3560 Ὠσπερ
1681 3490 1787 3559 γὰρ

227 3577 399 3639 οὐδεὶς
439 3577 647 3645 ἀγαθὸς
695 3580 742 3629 εί
776 3579 848 3648 μὴ
883 3574 961 3639 εἷς
988 3581 1016 3631 6
1046 3578 1179 3642 Θεὸς
1263 3579 1466 3649 Πατὴρ,
1519 3578 1689 3642 οὕτως
1731 3581 1788 3631 ὲν

226 3670 493 3735 ποταμοῖς
513 3666 684 3729 οὐδεὶς
700 3667 899 3734 ἀγαθὸς
920 3668 967 3719 εἰ
1002 3668 1075 3738 μὴ
1100 3669 1127 3720 6
1155 3669 1434 3738 Ἰορδάνης,
1463 3669 1553 3721 καὶ⁵
1584 3668 1789 3738 λέπρας

227 3752 541 3819 ἀπαλλάξαι
583 3753 873 3824 δυνάμενος
900 3754 987 3805 τὸν
1035 3753 1171 3822 μετά
1216 3755 1445 3817 πίστεως
1473 3755 1568 3824 τὴν
1614 3754 1788 3823 ψυχὴν

226 3840 520 3911 λουόμενον
535 3842 616 3905 είς
642 3842 734 3895 τὸν
770 3841 989 3911 Ἰησοῦν.
1008 3837 1171 3910 Οἶμαι
1191 3841 1248 3893 δὲ
1269 3841 1355 3895 διὰ
1382 3841 1564 3893 τοῦτον
1587 3840 1789 3892 κλαίειν

228 3950 649 4023 ἀναγεγράφθαι
682 3952 814 4004 πᾶσι
843 3954 955 4014 τοῖς
995 3950 1307 4012 Βαϐυλῶνος
1345 3952 1600 4020 ποταμοῖς
1633 3949 1791 4003 καθε-

227 4038 494 4109 ζομένους
519 4041 645 4101 τοὺς
680 4038 1010 4108 μνησθέντας
1036 4041 1131 4109 τῆς
1158 4038 1311 4093 Σιών·
1343 4038 1511 4091 ἄλλων
1539 4039 1646 4106 γὰρ
1667 4038 1790 4093 ὑδά-

228 4144 333 4179 των
364 4128 696 4198 γευσάμενοι
728 4130 861 4199 μετὰ
896 4130 985 4180 τὸν
1032 4130 1182 4197 ἅγιον
1217 4129 1478 4199 Ἰορδάνην
1506 4131 1553 4182 οί
1583 4129 1667 4180 διὰ
1695 4129 1791 4198 τὴν

227 4218 427 4269 κακίαν
461 4208 1010 4286 αἱχμαλωτευθέντες,
1044 4220 1121 4281 είς
1168 4218 1467 4286 ὑπόμνησιν
1498 4218 1588 4271 καὶ
1624 4216 1789 4284 ποθὴν

1886 3153 2141 3208 quantum
2170 3141 2443 3194 attinetad
2473 3141 2764 3193 curandum
2797 3156 2888 3195 eos
2913 3143 3001 3210 qni
3040 3144 3223 3196 morbo
3239 3142 3420 3198 aﬂ'ecti

1885 3240 2028 3288 sunt,
2045 3229 2221 3282 laudat
2241 3229 2479 3282 Damasci
2498 3227 2703 3290 ﬂuvius,
2730 3229 2965 3293 Arbana,
2985 3239 3039 3283 et
3061 3230 3324 3298 Pharpha,
3348 3234 3423 3285 di-

1884 3332 2012 3370 cens
2039 3318 2086 3348 "
2120 3334 2132 3368 :
2173 3335 2193 3368 ι
2228 3316 2414 3370 Annon
2454 3316 2625 3371 bonus
2662 3326 2742 3370 est
2801 3317 3012 3371 Arbaua
3035 3358 3048 3380 ,
3088 3330 3139 3373 et
3170 3319 3416 3390 Pharpha

1884 3405 2031 3458 ﬂuvii
2066 3404 2308 3458 Damasci
2340 3418 2449 3472 pra:
2479 3405 2726 3458 omnibus
2749 3406 2904 3474 aquis
2934 3406 3149 3460 lsraelis
3174 3408 3198 3460 ἲ
3234 3407 3421 3462 Nonne

1885 3495 2151 3562 profectus
2190 3495 2408 3547 lavabor
2444 3494 2497 3545 iu
2527 3493 2603 3549 eis
2639 3502 2692 3546 et
2723 3495 3069 3549 mundabor?
3102 3513 3123 3547 ι
3182 3496 3249 3550 Ut
3273 3498 3417 3551 enim

1889 3582 2059 3636 nullus
2090 3584 2278 3646 bonus,
2325 3582 2427 3634 nisi
2460 3595 2616 3643 unus,
2653 3596 2842 3648 nempe
2880 3582 3019 3636 Dens
3046 3583 3210 3636 Pater
3242 3584 3310 3642 ³³,
3341 3584 3419 3638 sic

1888 3671 2026 3723 inter
2058 3668 2245 3722 ﬂuvios
2269 3668 2438 3721 nullus
2468 3677 2550 3721 est
2598 3668 2794 3730 bonus,
2839 3669 2937 3721 nisi
2966 3669 3233 3732 Iordanis,
3259 3671 3418 3724 etiam

1890 3773 1918 3811 a
1951 3758 2095 3825 lepra
2131 3757 2361 3810 liberare
2390 3755 2570 3808 valens
2599 3772 2718 3807 eum
2750 3756 2838 3824 qui
2858 3772 2975 3808 cum
3006 3757 3107 3812 {ide
3134 3758 3275 3811 lavat
3301 3759 3422 3811 aui-

1888 3865 2027 3902 rnam
2082 3849 2134 3900 in
2161 3846 2309 3915 Jesn.
2359 3846 2585 3899 Proinde
2639 3860 2813 3898 meum
2846 3856 2926 3900 est
2968 3846 3244 3912 judicium,
3283 3850 3417 3900 seri-

1888 3948 2033 4006 ptum
2060 3935 2224 3989 fuisse
2248 3949 2434 3988 omnes
2466 3935 2716 3989 sedentes
2751 3949 2910 4003 super
2948 3934 3162 3987 ﬂumina
3192 3934 3420 4004 Babylo-

1888 4033 1970 4085 nis
1998 4030 2045 4063 ”
2076 4037 2290 4097 propter
2315 4028 2454 4082 hunc
2488 4025 2637 4087 ﬂere,
2669 4026 2921 4080 memoria
2949 4035 3247 4093 repetentes
3269 4026 3419 4082 Sion.

1892 4120 2109 4174 Deducti
2148 4119 2290 4173 enim
2324 4118 2392 4171 ob
2416 4117 2600 4170 vilium
2627 4117 2677 4169 in
2710 4116 3070 4182 captivitatem
3097 4155 3112 4179 ,
3136 4131 3256 4169 cum
3287 4114 3420 4169 alias

1889 4212 2258 4277 degustasseut
2284 4220 2449 4274 aquas
2481 4217 2596 4274 post
2624 4214 2867 4257 sanctum
2899 4202 3207 4267 Jordanem,
3231 4204 3281 4256 in
3314 4219 3423 4257 me-

234 4310 478 4375 ἔρχονται
503 4307 579 4376 (7)
596 4306 690 4359 τοῦ
731 4302 930 4358 οἰκείου
963 4308 1055 4361 καὶ
1087 4307 1350 4376 σωτηρίου
1381 4305 1641 4374 ποταμοῦ.
1675 4305 1791 4357 Διό-

1891 4303 2114 4361 muriam
2142 4299 2566 4366 desideriumque
2595 4298 2819 4351 veniunt
2860 4296 3064 4367 proprii
3091 4306 3142 4350 et
3171 4295 3449 4351 salutaris

229 4408 329 4461 περ
352 4392 450 4444 ἐπὶ
471 4392 585 4443 τῶν
602 4391 862 4460 ποταμῶν
895 4392 1201 4454 Βαϐυλῶνάς
1226 4409 1402 4460 φασιν·
1438 4411 1458 4444 ι
1494 4394 1638 4444 Ἐκεῖ
1661 4395 1787 4445 ἐκα-

230 4479 462 4549 θέσαμεν
486 4498 505 4530 ι
537 4481 649 4548 (καὶ
684 4479 840 4549 δῆλον
867 4481 948 4532 ὅτι
977 4481 1061 4533 διὰ
1089 4480 1149 4532 τὸ
1200 4481 1271 4550 μὴ
1297 4481 1547 4532 δύνασθαι
1579 4480 1784 4549 στῆναι)

235 4587 252 4618 ι
293 4571 386 4622 καί
434 4570 801 4638 ἐκλαύσαμεν.
845 4589 863 4621 ι
904 4572 1011 4625 Καὶ
1039 4573 1066 4622 6
1102 4570 1362 4640 Ἱερεμίας
1388 4571 1443 4622 δὲ
1472 4570 1786 4640 ἐπιπλήσσει

229 4661 337 4719 τοῖς
375 4659 624 4710 θέλουσιν
648 4658 933 4725 Αίγύπτιον
963 4658 1103 4729 ὕδωρ
1125 4661 1281 4721 πιεῖν,
1300 4660 1390 4712 καὶ
1410 4659 1788 4711 καταλείπουσι

229 4746 288 4797 τὸ
313 4748 371 4813 ὲξ
398 4747 638 4819 οὐρανοῦ
682 4748 1016 4809 καταϐαῖνον,
1061 4748 1152 4799 καὶ
1176 4746 1455 4817 ἐπώνυμον
1498 4748 1595 4817 τῆς
1622 4764 1785 4801 καται

230 4834 441 4898 ϐάσεως
490 4834 778 4903 τυγχάνον,
825 4834 915 4887 τὸν
965 4835 1250 4905 Ἰορδάνην,
1295 4834 1486 4902 λέγων·
1545 4853 1564 4885 ι
1605 4835 1668 4888 Τί
1705 4837 1788 4891 σοὶ

232 4922 324 4974 καὶ
352 4924 423 4992 τῇ
452 4917 561 4992 όδῷ
592 4921 865 4988 Δίγύπτου
897 4922 990 4974 τοῦ
1022 4924 1166 4974 πιεῖν
1197 4921 1337 4991 ὕδωρ
1376 4921 1547 4991 Γηῶν,
1577 4922 1669 4976 καὶ
1694 4922 1790 4975 τοῦ

1889 4389 2055 4442 ﬂuvii.
2116 4387 2406 4454 Propterea
2460 4387 2526 4439 de
2575 4385 2750 4439 ﬂuviis
2780 4385 3063 4459 Babylonis
3111 4385 3357 4452 inquiunt
3403 4399 3421 4438 :

1895 4497 1912 4529 ‹
1951 4478 2060 4532 lllic
2102 4478 2338 4531 sedimus
2372 4496 2391 4528 ι
2426 4476 2695 4546 (nimirum
2746 4487 2889 4530 stare
2937 4475 3254 4545 uequentes)
3288 4492 3308 4524 ι
3371 4482 3424 4529 et

1888 4567 2149 4623 ﬂevimns.
2187 4586 2206 4618 ι
2244 4567 2464 4632 Quando
2490 4569 2649 4622 etiam
2693 4565 2958 4620 Jeremias
2984 4566 3216 4618 minatur
3241 4564 3425 4618 volen-

1893 4659 2033 4711 tibus
2062 4655 2363 4725 iEgyptiam
2397 4670 2589 4724 aquam
2621 4657 2804 4709 bibere
2835 4693 2851 4717 ,
2898 4662 2952 4708 et
3000 4650 3423 4720 relinquentibus

1891 4760 2083 4812 aquam
2117 4761 2163 4798 e'
2184 4745 2318 4799 coelo
2349 4747 2756 4799 desceudentem
2783 4783 2796 4805 ,
2842 4753 2898 4796 et
2944 4743 3234 4795 descensus
3266 4753 3425 4805 agno-

1890 4849 2010 4887 Inen
2058 4835 2338 4888 habentem
2385 4833 2693 4896 Iordanem,
2743 4833 2925 4886 dicens
2964 4830 3010 4862 ⁵⁸
3043 4847 3057 4883 :
3093 4847 3111 4880 ι
3150 4828 3298 4881 Nunc
3325 4826 3422 4892 igi-

1896 4930 1982 4974 tur
2007 4920 2133 4989 quid
2184 4929 2268 4975 est
2316 4921 2409 4975 tibi
2454 4922 2509 4975 iu
2557 4923 2644 4973 via
2675 4919 2910 4987 Aigypti,
2941 4927 3000 4971 ut
3045 4916 3197 4970 bibas
3223 4928 3419 4981 aquam

299 5073 344 5104 ιτ
376 5072 445 5125 Iv
483 5072 615 5139 neg.
656 5087 710 5132 ν,
742 5072 794 5125 9.
870 5072 918 5105 ιο
946 5071 1076 5125 ibid.
1109 5069 1245 5139 to.”
1272 5069 1401 5139 ibid.
1433 5071 1517 5124 ιι.
1552 5032 1559 5043 ’
1590 5072 1636 5105 ιο
1667 5070 1791 5139 ibid.

1896 5070 2131 5139 'Muttlr.
2157 5085 2273 5131 wn,
2301 5070 2354 5122 2.
2430 5071 2474 5105 ⁵³
2509 5069 2572 5122 IV
2604 5068 2734 5137 Reg.
2771 5078 2818 5131 ν,
2854 5065 2941 5119 12.
3015 5064 3063 5097 ⁸⁸
3088 5063 3276 5119 Μόιιιιο
3302 5080 3419 5131 ιιι,

236 5140 334 5205 ΓΙ;
377 5135 764 5205 Μονο.ἰ,18;
807 5140 933 5194 Luc.
959 5154 1076 5201 VIII,
1108 5137 1195 5189 19.
1284 5137 1329 5168 ⁵⁵
1359 5135 1496 5191 Psal.
1523 5153 1740 5201 cum,
1776 5138 1826 5190 l.

298 5250 379 5318 ('5)
412 5250 598 5304 Editio
620 5317 623 5318 ν
649 5248 848 5313 liuetii,
876 5251 994 5318 ἅμα
1014 5289 1030 5312 ,
1085 5246 1252 5303 codex
1298 5246 1632 5312 Bodleianus,
1660 5248 1793 5303 ἀϐα-

233 5317 578 5385 τον.⁷δὶοίιιιθ
616 5317 740 5385 legit
771 5317 1076 5385 Ferrarius.

305 5386 381 5451 it)
416 5378 599 5438 Editio
631 5378 825 5449 Ιίἶιοιίἱ,
857 5378 1195 5450 καθαρισθῇ,
1242 5382 1406 5434 codex
1446 5381 1789 5447 Bodleiauus,

234 5452 636 5521 καθαρισόἠσῃ.

240 5585 255 5600 λ
303 5512 492 5588 (Sidi;
523 5512 749 5588 ἔλεγον.
772 5518 858 5574 Sic
884 5518 1052 5575 codex
1083 5512 1431 5580 Bodleianus;
1458 5515 1792 5587 liegius,6:é-

239 5603 411 5654 θετον.

1922 5138 1966 5171 ⁸⁸
1992 5138 2192 5193 Jerern.
2225 5155 2283 5198 ιι,
2316 5139 2400 5192 18.

1951 5250 2026 5318 (6)
2062 5250 2243 5318 Codex
2261 5247 2580 5318 Bodleianus
2602 5245 2683 5298 his
2714 5244 2875 5297 habet
2916 5241 3170 5312 ’Λρϐανά,
3222 5242 3421 5312 Regius

1885 5314 2188 5382 utrobique,
2232 5314 2448 5367 ’Λϐανά.

1946 5385 2022 5452 (7)
2070 5374 2555 5452 ιῖίξύπόμνηρ-ως-
2592 5377 2688 5452 καὶ
2726 5374 2918 5440 ποθὴν
2977 5375 3267 5452 ἔρχονται.
3292 5376 3424 5452 __Sic

1820 5468 1825 5474 ’
1887 5443 2033 5504 recte
2055 5443 2213 5503 habet
2240 5443 2771 5504 eodex‘liodleianus,
2802 5452 2965 5507 atque
3002 5445 3071 5495 ita
3108 5443 3239 5509 legit
3292 5445 3422 5498 Fer-

1886 5519 2096 5575 rarius:
2132 5517 2410 5571 l’criOnins
2441 5529 2601 5581 vero,
2635 5530 2698 5573 ex
2728 5525 2980 5580 perversa
3013 5511 3214 5567 codicis
3268 5511 3420 5581 Regii

1882 5588 2172 5655 scriptura,
2196 5584 2370 5637 ποθέν.
