3880 6212
231 338 338 401 285

1333 342 1682 399 COMMENT.
1716 339 1782 394 IN
1820 336 2005 396 JOAN.
2043 334 2284 396 TOMUS
2323 328 2406 387 Vl.

3297 337 3436 398 εδδ

237 455 332 512 καὶ
363 445 456 504 ἀπδ
476 441 559 511 τῆς
591 448 998 522 μιαρωτάτης
1034 455 1234 525 λέπρας
1276 454 1670 524 καθαρίζονται,
1719 455 1810 505 καὶ

1916 455 2131 520 cipiunt,
2163 459 2326 517 atque
2351 445 2514 502 etiam
2544 451 2674 506 fiunt
2703 452 2767 504 ad
2801 451 3031 520 Spiritus
3063 452 3232 506 sancti
3281 469 3432 508 recc.

245 530 597 601 διπλασιασμὸν
619 533 899 598 χωροῦσι
942 545 1315 612 χαρισμάτων,
1338 545 1430 595 καὶ
1449 545 1649 612 ἕτοιμοι
1676 543 1808 612 πρὸς

252 632 538 699 Πνεύματος
566 617 709 686 ἁγίου
743 629 1100 701 παραδοχὴν
1133 633 1383 699 γίνονται,
1419 633 1559 701 ἄλλῳ
1587 631 1809 700 ποταμῷ

253 723 350 774 οὐκ
375 708 724 787 ὲφιπταμένης
757 712 880 783 τ’ἧς
935 722 1305 790 πνευματικῆς
1337 723 1672 790 περιστερᾶς.
1704 719 1810 771 Διό-

259 825 360 877 περ
393 799 846 875 θεοπρεπέστερον
874 807 1175 876 νοήσαντες
1205 809 1294 860 τὸν
1327 809 1610 878 Ἰορδάνην,
1637 809 1728 861 καὶ
1752 808 1810 860 τὸ

261 899 316 948 ὲν
338 897 484 965 αύτῷ
499 889 728 960 λουτρὸν,
757 892 865 945 καὶ
899 896 996 947 τὸν
1034 897 1234 966 Ἰησοῦν
1265 900 1321 950 ὲν
1343 889 1487 966 αὐτῷ
1513 898 1808 965 λουόμενον,

264 987 355 1039 καὶ
392 987 486 1038 τδν
533 984 626 1053 τῆς
659 984 1021 1053 κατασκευῆς
1073 983 1234 1050 οἷκον,
1289 988 1407 1040 ὅσον
1457 987 1682 1056 δεόμεθα
1717 988 1812 1056 τῆς

260 1075 515 1146 τοιαύτης
541 1072 790 1141 ὡφελείας
820 1075 1042 1128 ἀπὸτοῦ
1074 1075 1310 1145 ποταμοῦ
1335 1075 1674 1146 ἀρυσώμεθα.

333 1163 422 1216 50.
463 1161 542 1228 Τῇ
569 1162 847 1227 ἐπαύριον
872 1163 1093 1224 βλέπει
1117 1165 1221 1216 τὸν
1247 1163 1476 1228 Ἰησοῦν
1505 1163 1822 1233 ἐρχόμενον

263 1249 414 1317 πρὸς
440 1250 642 1303 αὐτόν.
681 1249 951 1320 Πρότερον
981 1254 1013 1320 ἡ
1053 1253 1228 1321 μήτηρ
1260 1250 1350 1302 τοῦ
1378 1250 1569 1318 Ἰησοῦ,
1603 1253 1714 1321 ἅμα
1744 1255 1819 1324 τῷ

260 1335 548 1387 συλλαϐεῖν
601 1335 780 1398 αὑτὸν,
829 1339 896 1404 τῇ
944 1338 1108 1406 μητρὶ
1151 1337 1244 1388 τοῦ
1282 1337 1520 1389 Ἰωάννου
1555 1339 1648 1403 καὶ
1679 1340 1812 1408 αὐτῇ

261 1422 528 1492 ὲγκύμονι
556 1423 913 1494 τυγχανούσῃ,
939 1425 1100 1493 ὲπεδή
1111 1442 1216 1494 μει,
1239 1426 1326 1476 ὅτε
1354 1425 1715 1494 μορφούμενος
1740 1425 1814 1495 τῷ

266 1513 630 1582 μορφουμένῳ
659 1513 1037 1583 ἀκριϐέστερον
1077 1514 1171 1583 τὴν
1219 1515 1488 1585 μόρφωσιν
1521 1515 1812 1584 χαρίζεται,

263 1599 591 1669 σύμμορφον
643 1601 874 1671 ἐνεργῶν
906 1601 1066 1654 αὐτὸν
1096 1602 1339 1669 γενέσθαι
1384 1606 1447 1672 τῇ
1479 1603 1603 1674 δόξῃ
1630 1603 1812 1666 αὑτοῦ,

261 1689 404 1742 ὥστε
445 1689 536 1742 διὰ
569 1690 632 1741 τὸ
663 1691 837 1742 κοινὸν
894 1691 990 1759 τῆς
1050 1690 1260 1759 μορφῆς
1318 1691 1424 1760 (15)
1471 1692 1714 1760 Ἰωάννην
1754 1707 1813 1741 τε

262 1780 500 1849 Χριστὸν
529 1775 867 1832 ὑπονοεῖσθαι
891 1745 1190 1847 τυγχάνειν,
1217 1745 1535 1846 καὶὶἸησοῦν
1570 1745 1814 1847 Ἰωάννην
1845 1745 1887 1798 Β

260 1868 576 1922 ἀναστάντα
606 1869 673 1921 ὲκ
703 1869 906 1938 νεκρῶν
939 1868 1261 1938 νομίζεσθαι,
1283 1868 1429 1936 παρὰ
1460 1870 1570 1930 τοῖς
1604 1869 1675 1938 μὴ
1712 1869 1816 1920 δια-

263 1963 509 2031 κρίνουσι
532 1961 632 2031 τὴν
661 1962 840 2014 εἰκόνα
860 1961 966 2013 ἀπὸ
991 1959 1084 2012 τοῦ
1120 1961 1255 2012 κατὰ
1285 1961 1381 2029 τὴν
1411 1961 1607 2012 είκόνα⁸
1636 1959 1726 2011 νῦν
1752 1959 1814 2028 δὴ

261 2053 291 2104 6
333 2049 547 2120 Ἰησοῦς
581 2049 721 2119 μετὰ
749 2050 817 2102 τά
850 2049 1304 2120 προεξετασθέντα
1335 2049 1598 2119 μαρτύρια
1642 2048 1816 2100 Ἰωάν-

263 2159 355 2195 νου
382 2141 518 2212 περὶ
561 2141 750 2204 αὐτοῦ,
785 2141 946 2204 αὐτὸς
980 2141 1228 2210 βλέπεται
1272 2142 1374 2193 ὑπὸ
1402 2140 1492 2193 τοῦ
1525 2138 1814 2192 Βαπτιστοῦ

263 2230 562 2300 ἐρχόμενος
593 2231 732 2299 πρὸς
769 2230 946 2283 αὐτόν.
1004 2231 1416 2300 Παρατηρητέον
1447 2231 1521 2294 δὲ,
1575 2233 1655 2283 ὅτι
1706 2233 1818 2282 ἐκεῖ

269 2317 364 2385 μὲν
395 2317 489 2369 διὰ
512 2317 610 2386 τὴν
637 2315 732 2368 τοῦ
762 2317 976 2385 Μαρίας
1007 2317 1292 2386 ἀσπασμοῦ
1315 2318 1491 2386 φωνὴν
1509 2317 1816 2386 ἐληλυθυῖαν

265 2409 342 2468 είς
365 2407 439 2458 τὰ
483 2401 598 2460 ὦτα
631 2405 731 2473 τῆς
771 2405 1068 2468 Ἐλισάϐετ,
1106 2409 1296 2475 σκιρτᾷ
1331 2407 1391 2458 τὸ
1417 2406 1607 2476 βρέφος
1643 2408 1817 2460 Ἰωάν-

267 2513 363 2566 νης
405 2497 470 2548 έν
515 2498 584 2564 τῇ
643 2495 820 2564 κοιλίᾳ.
863 2496 959 2564 τῆς
1011 2496 1230 2564 μητρὸς,
1273 2497 1411 2557 τότε,
1453 2498 1526 2558 ὡς
1567 2497 1671 2548 ἀπὸ
1721 2497 1816 2565 τῆς

263 2584 367 2650 γῆς
397 2584 539 2652 (14),
555 2583 931 2654 λαμϐανούσης
945 2582 1168 2652 Πνεῦμα
1183 2585 1348 2650 ἅγιον·
1373 2601 1391 2634 ι
1428 2584 1665 2650 Ἐγένετο
1687 2583 1813 2653 γὰρ,

265 2671 454 2739 φησὶν,
485 2672 561 2732 ὡς
592 2672 791 2739 ἢκουσε
817 2671 905 2722 τὸν
926 2669 1208 2738 ἀσπασμὸν
1235 2671 1332 2736 τῆς
1363 2671 1573 2740 Μαρίας
1608 2671 1641 2737 ἡ
1691 2669 1822 2722 Ἐλι-

266 2758 453 2821 σὰϐετ,
481 2757 765 2827 ἐσκίρτησε
784 2756 841 2808 τὸ
862 2755 1053 2826 βρέφος
1105 2761 1160 2811 ὲν
1191 2762 1255 2828 τῇ
1290 2760 1461 2829 κοιλίᾳ
1503 2761 1686 2828 αὐτῆς,
1725 2761 1815 2812 καὶ

263 2848 512 2918 ἐπλήσθη
546 2848 860 2916 Πνεύματος
907 2847 1060 2914 ἁγίου
1103 2849 1136 2916 ἡ
1169 2847 1458 2908 Ἐλισάῦετ,
1493 2849 1584 2900 καὶ
1617 2848 1818 2916 ἀνεφώ-

264 2953 395 3006 νησε
425 2940 644 3006 κραυγῇ
681 2937 908 3008 μεγάλῃ,
944 2937 1036 2989 καὶ
1067 2933 1234 2988 εἶπεν.
1277 2955 1295 2986 ι
1335 2937 1500 2990 Ἔνθα
1544 2937 1598 2988 δὲ
1632 2956 1649 2986 ι
1693 2937 1816 2988 Βλέ-

1907 545 2139 611 ptionem
2178 535 2375 608 parati,
2405 537 2656 593 nimirum
2704 541 2770 594 ad
2799 540 2938 592 aliud
2977 540 3169 592 flumen
3207 553 3309 592 non
3341 541 3434 595 ad-

1907 633 2116 684 volante
2167 627 2433 684 columba.
2467 627 2818 692 Quamobrem
2855 629 3276 695 magniﬁcentius
3301 645 3431 683 con-

1908 723 2140 777 siderato
2167 719 2422 783 Jordane,
2455 719 2726 786 ipsiusque
2747 719 2963 783 lavacro
2995 732 3056 771 ac
3085 715 3210 772 Jesu
3236 719 3325 786 qui
3376 719 3430 771 in

1909 811 2023 878 ipso
2069 807 2297 870 lavatur,
2345 813 2452 858 tum
2483 803 2798 874 [Bethabara
2835 805 2938 856 hoc
2969 801 3073 870 est]
3143 801 3303 854 domo
3353 801 3434 852 in-

1909 897 2236 958 structionis,
2282 903 2485 947 tantum
2537 892 2782 947 utilitatis
2810 905 2839 944 a
2878 891 3039 946 ﬂuvio
3085 891 3432 954 hauriamus,

1910 993 2164 1054 quantum
2192 997 2423 1051 egemus.

1980 1163 2067 1216 '50.
2102 1161 2313 1215 Postero
2339 1162 2420 1214 die
2446 1163 2579 1216 videt
2610 1161 2837 1216 Joannes
2858 1162 3037 1216 Jesum
3062 1163 3339 1216 venientem
3365 1164 3432 1215 ad

1912 1269 1963 1306 se
1989 1252 2052 1305 ".
2081 1251 2234 1306 Prius
2264 1251 2385 1306 Jesu
2427 1261 2615 1316 mater,
2660 1253 2818 1306 simul
2857 1263 3014 1321 atque
3045 1253 3214 1320 ipsum
3241 1267 3434 1306 conce-

1911 1341 2005 1408 pit,
2026 1341 2089 1393 ad
2111 1341 2328 1395 Joannis
2356 1351 2576 1396 matrem
2603 1380 2619 1406 ,
2648 1357 2868 1409 eamque
2928 1352 3134 1396 uterum
3181 1341 3434 1394 ferentem

1911 1431 2106 1499 pergit,
2134 1434 2346 1499 quando
2377 1431 2462 1503 qui
2505 1431 2761 1484 formatur
2796 1433 3178 1485 accuratiorem
3240 1429 3438 1482 forma-

1916 1522 2110 1573 tionem
2136 1523 2297 1574 donat
2324 1521 2371 1574 ei
2403 1521 2491 1587 qui
2530 1520 2878 1582 formabatur,
2926 1519 3256 1576 conformem
3291 1518 3436 1570 illum

1913 1606 2144 1661 efﬁciens
2172 1621 2279 1660 suae
2316 1606 2518 1676 gloriae,
2549 1607 2682 1660 adeo
2731 1617 2786 1659 ut
2824 1606 2892 1659 ob
2944 1606 3165 1658 formam
3199 1620 3440 1658 commu-

1914 1710 2054 1756 nem,
2105 1693 2334 1748 Joannes
2379 1695 2689 1749 crederetur
2735 1709 2852 1748 esse
2892 1694 3160 1756 Christus,
3208 1702 3260 1747 et
3311 1694 3437 1744 item

1913 1781 2154 1837 Christus
2199 1781 2432 1834 Joannes
2472 1796 2591 1836 esse
2641 1796 2670 1834 a
2723 1782 2948 1836 mortuis
2977 1781 3181 1834 excitus
3224 1789 3442 1849 putare-

1914 1871 2057 1923 tur“
2084 1870 2220 1937 apud
2247 1885 2338 1924 eos
2363 1871 2451 1938 qui
2483 1885 2588 1924 non
2634 1871 2946 1925 discernunt
2973 1870 3111 1924 inter
3151 1869 3437 1936 imaginem

1913 1967 1964 2010 et
1995 1957 2132 2010 inter
2181 1971 2300 2010 eum
2349 1957 2438 2025 qui
2469 1961 2560 2010 est'
2599 1957 2887 2010 secundum
2939 1955 3252 2022 imaginem;
3300 1968 3438 2008 nunc

1913 2053 2089 2097 autem
2121 2043 2234 2110 ipse
2258 2043 2413 2096 Jesus
2434 2051 2554 2110 post
2593 2058 2678 2107 ea,
2710 2057 2827 2111 qua:
2853 2053 3008 2096 antea
3040 2051 3292 2096 accurate
3313 2057 3441 2096 exa-

1914 2131 2256 2194 minavimus,
2287 2129 2587 2184 testimonia
2617 2128 2838 2182 Joannis
2871 2128 2934 2182 de
2981 2127 3116 2195 ipso,
3145 2129 3356 2181 videtur
3408 2143 3439 2182 a

1913 2223 2148 2293 Baptista
2182 2225 2401 2277 veniens
2423 2225 2488 2276 ad
2530 2223 2698 2278 illum.
2728 2221 2831 2276 Sed
2852 2223 3026 2274 obiter
3048 2221 3436 2274 observandum

1913 2324 1996 2368 est
2024 2315 2161 2380 quod
2193 2313 2299 2366 illic
2324 2329 2416 2381 per
2441 2328 2622 2366 vocem
2667 2311 3003 2365 salutationis
3055 2311 3232 2363 Mariae
3255 2350 3270 2374 ,
3321 2325 3440 2379 qua)

1914 2401 2154 2469 pervenit
2186 2402 2250 2453 ad
2295 2415 2452 2455 aures
2479 2400 2774 2464 Elisabeth,
2804 2400 2982 2453 exsilit
3006 2397 3242 2452 Joannes
3265 2399 3442 2453 infans

1915 2493 1968 2545 in
1997 2500 2148 2545 utero
2172 2491 2378 2554 matris,
2404 2499 2511 2542 tum
2544 2490 2703 2542 veluti
2738 2506 2765 2542 a
2801 2499 2984 2544 sancta
3009 2489 3172 2543 Maria
3219 2503 3439 2543 sumen-

1916 2580 1984 2633 tis
2028 2579 2281 2646 Spiritum
2322 2587 2565 2631 sanetum
2594 2595 2608 2630 :
2642 2596 2660 2628 ι
2704 2578 2893 2630 Evenit
2942 2579 3081 2630 enim
3108 2615 3122 2640 ,
3168 2578 3338 2644 inquit
3369 2577 3439 2642 ⁶¹,

1914 2675 1970 2720 ιιι
1991 2665 2191 2718 audivit
2215 2665 2585 2718 salutationem
2609 2664 2782 2716 Maria:
2809 2663 3105 2727 Elisabeth,
3129 2663 3286 2733 149
3307 2663 3440 2716 sub-

1914 2759 2072 2812 silivit
2119 2758 2294 2811 infans
2338 2759 2388 2809 in
2441 2767 2594 2810 utero
2638 2756 2771 2823 ejus,
2818 2766 2870 2810 et
2900 2755 3098 2822 repleta
3130 2766 3211 2810 est
3239 2756 3440 2825 Spiritu

1913 2855 2099 2898 sancto
2121 2844 2411 2908 Elisaheth,
2446 2854 2498 2897 et
2523 2845 2844 2897 exclamavit
2871 2829 2999 2898 voce
3044 2859 3258 2912 magna,
3287 2855 3341 2898 et
3365 2844 3444 2897 di-

1917 2933 2011 2986 xit.
2068 2953 2086 2985 »
2141 2932 2236 2986 llic
2279 2943 2450 2986 autent
2491 2951 2508 2984 ι
2565 2932 2716 2985 Videt
2755 2931 2986 2986 Joannes
3017 2931 3197 2986 Jesum
3247 2933 3312 2985 ad
3355 2946 3442 2984 se-

267 3043 356 3078 πει
382 3029 411 3079 6
464 3026 718 3094 Ἰωάννης
735 3026 824 3078 τὸν
856 3025 1058 3094 Ἰησοῦν
1080 3025 1363 3096 ἐρχόμενον
1383 3026 1514 3095 πρὸς
1527 3025 1702 3089 αὑτὸν,
1721 3025 1812 3076 καὶ

1916 3021 2082 3088 ipsum
2115 3022 2430 3084 venientem,
2457 3030 2511 3074 et
2539 3022 2702 3075 dicit:
2730 3021 2862 3075 Ecce
2893 3023 2980 3075 ille
3006 3023 3188 3090 Agnus
3213 3021 3323 3084 Dei,
3352 3022 3442 3089 qui

264 3112 431 3181 λέγει·
473 3113 630 3165 Ἴδεὸ
650 3112 840 3181 Ἀμνὸς
866 3113 958 3165 τοῦ
989 3112 1142 3176 Θεοῦ,
1173 3115 1202 3164 6
1235 3114 1398 3181 αἴρων
1433 3112 1526 3181 τὴν
1548 3114 1815 3182 ἁμαρτίαν

264 3200 356 3253 τοῦ
385 3200 621 3270 κόσμου’
666 3219 685 3249 ι
718 3201 851 3270 ἀκοῇ
883 3201 938 3252 δὲ
967 3204 1033 3270 τῇ
1074 3201 1320 3270 περὶτῶν
1351 3201 1660 3270 κρειττόνων
1685 3202 1816 3270 πρό-

264 3291 419 3358 τερόν
447 3307 537 3352 τις
577 3289 906 3353 παιδεύεται,
936 3291 1030 3342 καὶ
1073 3290 1206 3359 μετὰ
1235 3291 1403 3342 ταῦτα
1435 3292 1698 3361 αὐτόπτης
1725 3293 1818 3343 αύ-

266 3377 372 3430 τῶν
395 3379 631 3445 γίνεται.
671 3379 791 3429 Ὀτι
822 3378 1064 3446 μέντοιγε
1088 3379 1164 3440 είς
1191 3377 1286 3446 τὴν
1324 3379 1596 3448 μόρφωσιν
1619 3379 1819 3448 ὠφέληο

265 3483 352 3519 ται
375 3468 404 3518 6
447 3467 706 3536 Ἰωάννης
721 3467 828 3518 ἀπὸ
854 3467 946 3518 τοῦ
977 3467 1054 3518 ἔτι
1088 3468 1451 3536 μορφουμένου
1476 3467 1566 3519 τοῦ
1596 3468 1816 3536 Κυρίου,

264 3557 562 3626 γενομένου
609 3558 668 3608 ὲν
699 3559 762 3625 τῇ
802 3557 966 3626 μητρὶ
999 3557 1132 3626 πρὸς
1153 3557 1250 3627 τὴν
1294 3557 1586 3618 Ἐλισάϐετ,
1633 3557 1707 3626 τῷ
1731 3575 1818 3609 κε-

267 3646 570 3716 κρατηκότι
598 3645 706 3697 τῶν
743 3645 1042 3715 εἰρημένων
1069 3646 1196 3715 περὶ
1227 3645 1315 3697 τοῦ
1346 3646 1524 3714 φωνὴν
1560 3647 1654 3714 μὲν
1684 3642 1817 3698 εἶναι

264 3735 355 3789 τὸν
395 3737 677 3804 Ἰωάννην,
706 3736 859 3802 λόγον
889 3735 944 3786 δὲ
967 3735 1056 3788 τὸν
1090 3735 1311 3804 Ἰησοῦν,
1339 3736 1492 3804 δῆλον
1525 3735 1692 3787 ἔσται·
1727 3753 1818 3804 με-

265 3825 400 3896 γάλη
420 3827 534 3896 γὰρ
562 3826 714 3893 φωνὴ
737 3825 942 3892 γίνεται
975 3827 1031 3876 ὲν
1065 3828 1130 3894 τῇ
1175 3825 1448 3878 Ἑλισάϐετ
1477 3824 1818 3895 πληρωθείσῃ

267 3914 590 3984 Πνεύματος
621 3913 775 3980 ἁγίου
798 3913 886 3966 διὰ
923 3913 1010 3965 τὸν
1038 3914 1318 3981 ἀσπασμὸν
1347 3914 1442 3980 τῆς
1470 3913 1700 3982 Μαρίας,
1745 3913 1818 3976 ὡς

265 4001 398 4072 αὑτὴ
423 4004 457 4070 ἡ
491 3999 641 4066 λέξις
674 3994 1182 4070 παρίστησινόὖτως
1203 3999 1410 4066 έχουσω
1436 4018 1455 4049 ‹
1489 4001 1595 4052 Καὶ
1616 3999 1820 4068 ἀνεφώ-

265 4105 393 4156 νησε
421 4090 647 4158 κραυγῇ
675 4086 902 4156 μεγάλῃ,
943 4105 962 4136 ι
986 4085 1140 4153 δῆλον
1170 4086 1250 4137 ὃτι
1283 4087 1315 4154 η
1360 4086 1650 4146 Ἐλισάσετ,
1687 4104 1705 4136 ι
1730 4087 1819 4138 καὶ

266 4174 436 4232 εἶπεν.
471 4197 492 4229 ι
538 4177 603 4228 Ἦ
632 4176 739 4245 γὰρ
785 4174 934 4244 φωνὴ
979 4172 1070 4226 τοῦ
1119 4174 1405 4242 ἀσπασμοῦ
1450 4175 1546 4244 τῆς
1586 4174 1816 4244 Μαρίας,

264 4267 528 4337 γενομένη
576 4269 637 4318 ὲν
664 4267 775 4327 τοῖς
799 4265 899 4316 ὠσὶ
929 4262 1028 4331 τῆς
1077 4262 1378 4325 Ἐλισάὸετ,
1413 4263 1691 4332 ἐπλήρωσε
1729 4263 1817 4314 τὸν

277 4351 534 4425 Ἰωάννην
555 4354 775 4422 ἑαυτῆςο
807 4352 988 4421 διόπερ
1020 4352 1210 4420 σκιρτᾷ
1231 4352 1260 4402 6
1298 4353 1563 4421 Ἰωάννης,
1591 4353 1682 4404 καὶ
1713 4354 1816 4404 olo-

265 4446 344 4497 νεὶ
367 4446 549 4514 στόμα
590 4443 686 4495 τοῦ
715 4441 831 4495 υίοῦ
882 4444 974 4494 καὶ
1014 4444 1274 4514 προφῆτις
1303 4443 1335 4509 ἡ
1380 4443 1558 4510 μήτηρ
1591 4443 1815 4508 γίνεται,

263 4534 628 4600 ἀναφωνοῦσα
659 4534 868 4602 κραυγῇ
897 4523 1121 4601 μεγάλῃ,
1150 4532 1240 4583 καὶ
1255 4530 1499 4596 λέγουσα’
1537 4548 1554 4580 ι
1587 4531 1821 4600 Εὑλογη-
1847 4581 1850 4584 ,

268 4623 402 4691 μένη
437 4624 506 4675 σὺ
551 4625 611 4674 ὲν
641 4620 872 4689 γυναιξὶ,
908 4623 998 4673 καὶ
1032 4621 1385 4690 εὐλογημένος
1421 4622 1448 4670 6
1475 4619 1677 4689 καρπὸς
1723 4619 1820 4688 τῆς

267 4712 473 4774 κοιλίας
509 4728 628 4764 σου.
671 4730 690 4760 ι
723 4711 859 4779 Ἤδη
892 4705 982 4762 οῦν
1012 4710 1227 4761 δύναται
1253 4709 1405 4776 δῆλος
1437 4709 1562 4776 ἡμῖν
1583 4707 1822 4774 γίνεσθαι

268 4801 358 4851 καὶ
387 4802 420 4870 ἡ
459 4800 604 4869 μετὰ
636 4798 867 4866 σπουδῆς
891 4799 1080 4868 πορεία
1103 4799 1198 4867 τῆς
1228 4797 1439 4866 Μαρίας
1464 4799 1540 4858 είς
1570 4797 1663 4865 τὴν
1686 4799 1815 4866 ὀρει-

267 4888 384 4956 νὴν,
437 4889 536 4940 καὶ
569 4891 604 4956 ἡ
655 4887 855 4948 εἴσοδος
897 4889 973 4949 είς
1023 4887 1111 4938 τὸν
1162 4882 1307 4937 οἷκον
1349 4885 1634 4951 Ζαχαρίου,
1674 4885 1765 4936 καὶ
1795 4886 1824 4936 6

271 4978 563 5047 ἀσπασμὸς
591 4977 651 5029 ὃν
674 4975 970 5038 ἀσπάζεται
989 4977 1084 5045 τὴν
1119 4973 1418 5026 Ἐλισάϐετ.
1447 4974 1562 5024 ’Ίνα
1591 4973 1698 5041 γὰρ
1730 4989 1824 5041 με-

271 5068 409 5136 ταδῷ
437 5068 534 5134 ἀφ’
584 5062 655 5136 ἧς
697 5066 829 5134 ἔχει,
872 5064 930 5129 ἐξ
977 5063 1036 5120 οὗ
1075 5063 1382 5130 συνείληφε,
1432 5061 1704 5130 δυνάμεως
1749 5061 1826 5130 τῷ

1919 3111 2052 3164 tollit
2081 3120 2355 3177 peccatum
2393 3111 2571 3164 mundi
2597 3113 2681 3167 είς
2717 3131 2736 3162 ι
2777 3111 2827 3163 in
2871 3113 3031 3165 rebus
3071 3111 3268 3164 etenim
3308 3126 3442 3178 pra:-

1915 3199 2200 3260 stantibus,
2246 3215 2340 3266 per
2379 3200 2613 3252 auditum
2650 3200 2880 3267 primum
2911 3199 3031 3267 quis
3058 3199 3319 3263 eruditur,
3351 3199 3446 3252 de-

1917 3291 2038 3344 inde
2067 3290 2311 3343 oculatus
2333 3292 2481 3344 testis
2515 3291 2746 3357 ipsarum
2786 3305 2964 3343 rerum
3006 3291 3084 3344 fit.
3133 3287 3235 3342 Sed
3266 3289 3440 3357 profe-

1916 3388 2002 3433 cto
2048 3378 2280 3444 adjuvari
2330 3379 2586 3434 Joannem
2632 3381 2696 3433 ad
2735 3379 3100 3434 formationem
3127 3395 3156 3432 a
3185 3379 3444 3442 Domino,

1916 3468 2006 3532 qui
2062 3469 2237 3520 adhuc
2267 3483 2386 3522 cum
2441 3469 2760 3522 formaretur
2808 3469 3044 3535 perrexit
3089 3470 3140 3522 iu
3171 3480 3338 3522 matre
3380 3468 3447 3520 ad

1917 3555 2302 3618 Elisahetham,
2331 3558 2379 3609 ei
2409 3558 2747 3625 perspicuum
2775 3559 2879 3610 erit
2909 3559 2998 3625 qui
3048 3557 3278 3611 tenuerit
3329 3569 3448 3622 quae

1917 3641 2286 3705 disseruimus,
2327 3644 2450 3696 dum
2484 3645 2783 3698 diceremus
2807 3645 3062 3698 Joannem
3091 3659 3208 3696 esse
3237 3657 3446 3706 vocem,

1915 3729 2098 3784 Jesum
2133 3746 2258 3784 vero
2278 3747 2582 3786 sermonem
2611 3751 2630 3788 :
2656 3749 2844 3802 magna
2873 3737 3014 3787 enim
3044 3750 3144 3788 vox
3171 3735 3226 3786 fit
3254 3735 3306 3787 in
3341 3733 3450 3786 Eli-

1917 3824 2106 3878 sabetlt
2151 3825 2349 3892 repleta
2402 3825 2600 3893 Spiritu
2629 3837 2818 3880 sancto
2845 3828 2913 3880 oh
2948 3826 3130 3880 Maria:
3167 3826 3443 3879 salutatio-

1918 3927 2064 3976 nem,
2093 3921 2150 3965 ut
2178 3912 2335 3966 lectio
2368 3915 2481 3982 ipsa
2510 3915 2664 3967 docet
2697 3915 2838 3966 hunc
2868 3914 2920 3966 iu
2955 3916 3164 3968 modum
3201 3915 3444 3968 habens‘:

1921 4019 1940 4051 ι
1978 4000 2042 4053 Et
2061 4001 2378 4054 exclamavit
2401 4017 2528 4056 voce
2550 4018 2737 4067 magna
2771 4003 2836 4066 ⁸³,
2870 4021 2888 4052 ι
2915 4003 3118 4055 scilicet
3153 4002 3442 4068 Elisabeth,

1923 4105 1942 4138 ι
1991 4097 2046 4142 et
2085 4089 2238 4142 dixit.
2287 4108 2306 4140 ›
2344 4088 2458 4142 Vox
2505 4090 2645 4142 enim
2684 4088 3016 4142 salutationis
3063 4089 3241 4142 Mariae
3268 4129 3284 4153 ,
3329 4105 3447 4158 quae

1917 4178 2157 4244 pervenit
2197 4179 2260 4231 ad
2292 4192 2447 4230 aures
2488 4177 2759 4230 Elisabeth
2787 4215 2801 4239 ,
2846 4178 3068 4244 replevit
3097 4177 3352 4232 Joannem
3391 4192 3449 4232 se

1919 4267 2062 4333 ipsa;
2099 4281 2258 4334 quam
2294 4267 2362 4320 ob
2397 4282 2608 4321 causam
2633 4265 2862 4320 subsuliit
2887 4268 3138 4330 Joannes,
3173 4279 3451 4336 materque

1919 4355 2079 4406 veluti
2111 4368 2173 4408 os
2204 4354 2297 4407 filii
2343 4365 2398 4408 et
2442 4357 2780 4423 prophetissa
2813 4355 3056 4419 efﬁcitur,
3090 4371 3220 4410 voce
3257 4372 3451 4426 magna

1919 4443 2229 4496 exclamans
2261 4459 2324 4496 ac
2355 4445 2538 4498 dicens
2568 4463 2582 4498 :
2637 4463 2653 4494 ι
2677 4445 2958 4498 Benedicta
3010 4455 3062 4498 tu
3108 4447 3244 4498 inter
3273 4447 3454 4498 llltlli(>-

1921 4547 2026 4596 res,
2057 4542 2106 4586 et
2138 4533 2450 4589 benedictus
2483 4536 2570 4590 ille
2617 4535 2820 4589 fructus
2853 4541 3053 4592 ventris
3079 4541 3153 4590 tui
3180 4539 3244 4595 “.
3280 4557 3298 4590 ι
3333 4536 3450 4589 Jam

1922 4635 2051 4674 vero
2086 4636 2116 4674 a
2145 4622 2297 4677 nobis
2325 4634 2506 4691 aperte
2533 4629 2760 4695 perspici
2792 4639 2964 4696 potest
2997 4638 3104 4682 tum
3141 4627 3318 4680 Mariae
3351 4627 3454 4678 iter

1922 4708 1987 4760 ad
2015 4719 2261 4762 montana
2289 4726 2408 4764 eum
2433 4713 2768 4770 festinatione
2792 4719 2973 4780 “,tum
2999 4718 3263 4784 ingressus
3286 4716 3336 4766 in
3361 4714 3454 4764 do-

1923 4811 2065 4847 mum
2118 4797 2420 4863 Zachariae,
2451 4817 2514 4855 ac
2564 4804 2756 4856 deinde
2798 4804 3047 4858 salutatio
3097 4817 3199 4868 qua
3255 4801 3457 4852 salutat

1923 4883 2212 4939 Elisabeth.
2243 4889 2368 4943 lltee
2405 4892 2548 4944 enim
2576 4894 2751 4946 omnia
2781 4895 3053 4954 eveniunt,
3090 4900 3149 4942 ut
3172 4887 3337 4940 Maria
3375 4887 3458 4940 fa-

1923 4972 2034 5026 ciat
2068 4975 2380 5042 participem
2413 4977 2670 5031 Joannem
2705 4980 3012 5048 (etiamnum
3046 4979 3095 5028 in
3145 4982 3296 5025 utero
3341 4989 3461 5026 ma-

1929 5063 2024 5116 tris
2048 5065 2418 5136 exsistentem)
2462 5067 2579 5134 ejus
2608 5067 2854 5134 potentia:
2883 5079 3041 5133 quam
3085 5062 3247 5115 habet
3275 5060 3350 5112 ab
3400 5074 3470 5114 eo

342 5199 388 5266 ’ξ
411 5197 578 5252 Joan.
610 5199 763 5259 t,‘29.
838 5199 881 5230 ⁸ο
903 5195 1482 5266 ιιιο.ιιι.ί15;Α-Μιιιι1ι.
1516 5194 1960 5266 st,v.__2_;_llfarc.
2011 5213 2088 5264 vt,
2139 5199 2228 5264 M,
2272 5200 2392 5260 16;
2429 5201 2561 5255 Luc.
2605 5215 2682 5266 ιι,
2735 5201 2790 5253 8.
2863 5200 2906 5231 ⁶¹
2952 5197 3084 5252 Luc.
3135 5210 3175 5258 ι,
3223 5193 3326 5256 Al,
3383 5187 3478 5241 Ω.

275 5264 320 5296 ⁸³
348 5265 508 5332 Joan.
547 5281 588 5330 I,
610 5267 702 5320 29.
775 5267 820 5298 ⁸³
853 5268 976 5320 an.
1010 5283 1046 5330 ι.
1075 5265 1164 5318 62.
1247 5262 1294 5292 ⁸⁸
1327 5264 1456 5316 ibid.
1527 5263 1572 5295 ⁸⁵
1602 5263 1728 5315 ibid.
1761 5263 1851 5326 39,
1885 5264 1972 5317 40.

318 5400 462 5481 ,(13)
501 5401 610 5481 l’ro
635 5401 848 5470 μορφῆς
891 5401 1050 5454 codex
1089 5395 1415 5453 Bodleiamts
1464 5399 1645 5453 habet.
1680 5399 1822 5470 Γρα-

279 5469 639 5602 Ὕὶῗῖᾚὲτδ
677 5535 781 5599 τῆς
807 5534 927 5602 γῆς.
958 5528 1284 5602 [ιιλιιιειηιῖιξε
1318 5534 1509 5602 codicis
1534 5533 1820 5590 Bodleiani

285 5593 475 5670 legitur
504 5621 519 5657 :
549 5601 702 5656 Οὕτω
723 5593 824 5654 καῖ
843 5593 900 5654 ἐν
918 5599 990 5669 τῷ
1011 5593 1340 5665 ἀντιγράφω
1365 5601 1653 5670 γράφεται,
1689 5604 1816 5672 γῆς.

1924 5379 2040 5451 Alia
2074 5396 2229 5435 manu
2271 5399 2284 5434 :
2327 5381 2460 5451 τάχα
2484 5381 2588 5435 ἀπὸ
2635 5381 2734 5450 τῆς
2783 5379 2938 5451 ἁγίας
2997 5373 3244 5451 Μαρίας·
3297 5367 3501 5451 ΟὲῗΨ

1927 5431 2283 5529 conjecturam
2309 5431 2524 5506 secutus
2548 5431 2630 5503 est
2650 5431 2840 5503 iit'sua'
2861 5431 3324 5514 interpretatione
3353 5431 3513 5488 Fer-

1928 5532 2117 5574 rarius.
