3880 6156
266 261 365 315 289

1350 253 1705 311 COMMENT.
1744 253 1810 306 IN
1844 251 2034 317 JOA‘N,
2070 252 2302 309 TOMUS
2345 253 2429 308 VI.

3356 260 3462 318 290

261 379 345 430 λιν
372 375 429 427 τὺ
453 372 705 443 Ἰωάννην
742 373 1195 427 διακεκωλυκέναι
1233 370 1320 423 τὸν
1354 372 1578 442 Κύριον,
1596 370 1810 438 λέγοντα

1921 366 2130 422 vatori:
2170 386 2186 417 ι
2226 366 2348 420 Mihi
2377 379 2511 434 opus
2542 375 2645 430 est,
2695 374 2753 420 ut
2793 365 2890 420 abs
2934 376 2985 421 te
3020 367 3282 437 baptizer,
3311 383 3369 427 ct
3405 382 3460 429 tu

259 462 340 533 τῷ
371 462 598 531 Σωτῆρι·
630 480 648 510 ι
686 461 836 528 Ἐγὼ
861 463 1046 532 χρείαν
1072 460 1177 529 έχω
1197 459 1299 511 ὑπὸ
1320 459 1412 511 σοῦ
1444 458 1817 528 βαπτισθῆναι,

260 553 354 606 καὶ
370 551 433 603 σὺ
465 550 602 621 ἔρχῃ
624 548 761 617 πρὸς
798 550 897 619 μέί
942 570 959 598 ι
992 549 1068 618 τῷ
1094 547 1348 618 Ματθαίῳ
1381 544 1622 617 εἰρηκότι
1651 545 1822 607 οὐδεὶς

260 638 619 710 προσέθηκεν,
672 636 761 690 ἵνα
814 638 889 708 μὴ
934 637 1310 705 ταυτολογῶσι.
1343 637 1451 688 Kal.
1488 637 1548 688 τὸ
1597 634 1698 687 ὑπὸ
1727 633 1820 686 τοῦ

258 727 464 797 Κυρίου
494 727 553 779 δὲ
587 726 723 797 πρὸς
756 726 921 779 αὐτὸν
965 727 1265 796 εἰρημένον·
1309 742 1328 775 ι
1370 726 1536 793 Ἀφες
1556 726 1696 795 ἄρτι·
1732 720 1824 775 οῦ-

253 836 334 870 τω
363 818 474 888 γάρ
507 816 718 887 πρέπον
750 816 897 868 ἐστὶν
929 816 1055 886 ἡμῖν
1087 816 1367 886 πληρῶσαι
1409 817 1581 868 πᾶσαν
1621 814 1821 867 δικαιο-

257 904 445 975 σύνην,
489 925 509 957 ι
547 906 707 975 μόνος
723 904 1022 973 ἀνέγραψεν
1049 902 1077 957 6
1099 904 1387 967 Ματθαῖος.

327 996 420 1048 52.
450 989 573 1048 ’Καὶ
609 997 793 1062 λέγει·
828 995 949 1049 Ἴδε
977 996 1010 1047 ὁ
1038 993 1251 1061 Ἀμνὸς
1277 992 1381 1045 τοῦ
1408 991 1551 1045 Θεοῦ
1580 993 1612 1045 ὁ
1640 991 1816 1059 αἴρων

257 1085 376 1147 τὴν
414 1083 714 1151 ἁμαρτίαν
757 1082 861 1135 τοῦ
906 1084 1154 1150 κόσμου.
1189 1080 1353 1133 Πέντε
1396 1080 1547 1142 ζώων
1588 1096 1819 1151 προσφε-

252 1164 503 1233 ρομένων
536 1165 663 1216 ⁴ἐπὶ
724 1164 786 1217 τὸ
843 1165 1253 1237 θυσιαστήριον,
1316 1166 1481 1237 τριῶν
1546 1168 1643 1237 μὲν
1698 1184 1820 1236 χερ-

251 1252 448 1315 σαίων,
502 1253 721 1322 πτηνῶν
770 1254 826 1306 δὲ
882 1253 994 1318 δύο,
1055 1255 1203 1320 ἄξιόν
1263 1273 1352 1325 μοι
1408 1256 1585 1325 ζητεῖν
1634 1256 1813 1323 φαίνε-

247 1359 339 1394 ται
385 1340 443 1393 τί
500 1332 704 1411 δήποτε
764 1341 868 1395 ὑπὸ
917 1341 1010 1395 τοῦ
1037 1342 1281 1396 Ἰωάννου
1324 1343 1353 1395 6
1400 1343 1586 1412 Σωτὴρ
1627 1341 1816 1411 ’Λμνὸς

248 1430 492 1498 λέγεται,
559 1428 657 1483 καὶ
716 1429 868 1483 οὐδὲν
916 1430 1024 1483 τῶν
1096 1424 1325 1484 λοιπῶν·
1387 1430 1520 1483 ἀλλά
1578 1431 1670 1483 καὶ
1728 1429 1817 1486 ἐπὶ

246 1520 357 1573 τῶν
418 1519 696 1589 χερσαίων
759 1518 1091 1574 καθέκαστον
1148 1518 1312 1589 τριῶν
1374 1519 1593 1588 ἡλικιῶν
1652 1537 1817 1589 προσ-

247 1608 563 1678 αγομένων,
631 1608 740 1660 ἀπὸ
796 1607 889 1660 τοῦ
943 1607 1129 1675 γένους
1192 1607 1299 1661 τῶν
1370 1607 1653 1677 προϐάτων
1726 1609 1815 1660 τὸν

1921 455 2072 508 venis
2098 455 2163 508 ad
2194 468 2276 508 me
2303 454 2319 508 l
2363 473 2381 505 ι
2419 454 2593 509 nullus
2620 455 2892 523 quidpiam
2924 457 3141 520 addidil,
3173 475 3238 514 ne
3273 464 3456 516 eadem

1922 550 2247 611 repeterent.
2279 542 2416 607 Quin
2440 544 2603 596 etiam
2632 543 2768 615 [(20)
2799 546 2939 614 quod
2971 547 3019 598 ei
3053 561 3081 599 a
3114 546 3336 604 Domino
3370 566 3455 605 re-

1920 640 2173 702 aponsum
2214 641 2295 685 est
2326 647 2341 685 :
2377 649 2395 682 ι
2433 629 2560 685 Sine
2610 634 2812 687 modo:
2853 636 2931 688 sic
2965 635 3105 687 enim
3160 636 3312 689 decet
3363 628 3459 693 nos

1921 721 2186 793 implere]
2220 732 2431 776 onmem
2475 722 2742 792 justitiam
2770 763 2785 788 ,
2834 744 2851 775 ι
2889 725 3035 778 solus
3080 720 3269 779 scribit
3319 725 3458 779 Mat-

1920 812 2108 867 thmus.

1985 990 2073 1044 52.
2108 988 2168 1041 Et
2196 984 2320 1040 dicit
2352 990 2370 1040 ἐ
2401 986 2533 1040 Ecce
2572 988 2747 1055 Agnus
2785 988 2874 1041 ille
2908 988 3019 1052 Dei,
3045 991 3131 1058 qui
3167 989 3303 1043 tollit
3341 1006 3458 1060 pec-

1918 1090 2087 1132 catum
2117 1078 2295 1130 mundi
2332 1076 2446 1130 ⁸⁰·¹.
2484 1076 2597 1130 Jatn
2628 1091 2753 1131 vero
2785 1093 2905 1129 cum
2937 1079 3169 1145 quinque
3201 1078 3452 1132 animalia

1917 1165 2210 1221 oﬂ'erantur
2271 1180 2431 1232 super
2488 1165 2707 1225 altare,
2763 1166 3037 1217 terrestria
3106 1165 3248 1229 tria,
3316 1168 3453 1220 :tlatzt

1917 1256 2057 1319 duo;
2117 1255 2345 1322 quaesitu
2411 1254 2626 1321 dignum
2671 1254 2798 1307 mihi
2847 1254 3193 1309 videtnr'cur
3241 1258 3453 1310 tandem

1916 1358 1944 1393 a
2006 1342 2210 1396 Joanne
2258 1343 2518 1396 Servatur
2583 1342 2793 1395 dicatur
2842 1344 3068 1412 Agnus,
3128 1355 3183 1397 et
3249 1344 3452 1397 nullum

1915 1442 2269 1494 ctetorormu;
2328 1438 2489 1497 atque
2555 1430 2763 1495 etiam,
2822 1446 2919 1485 cur
2980 1446 3174 1500 agnum
3230 1450 3295 1486 ex
3357 1448 3451 1504 ge-

1917 1532 2042 1569 nere
2099 1517 2277 1569 ovium
2335 1512 2649 1585 appellarit,
2702 1528 2821 1570 cum
2877 1516 3130 1572 animalia
3185 1521 3297 1574 lucc
3349 1532 3456 1575 ter-

1916 1605 2103 1659 restria
2162 1606 2214 1659 iit
2275 1620 2594 1674 unaquaque
2652 1607 2809 1659 trium
2868 1617 3082 1663 attalum
3134 1609 3452 1664 oll'erantur.

246 1696 425 1767 ἀμνὸν
485 1696 756 1766 ὠνόμασε.
809 1694 976 1749 Πέντε
1037 1697 1094 1749 δὲ
1154 1693 1265 1760 ζῶα
1324 1696 1493 1750 ταῦτά
1544 1698 1676 1760 ἐστι,
1722 1698 1810 1767 μό-

1915 1696 2156 1764 Quinque
2206 1703 2382 1750 autem
2435 1697 2685 1750 animalia
2741 1699 2854 1753 luec
2908 1707 3068 1763 sunt,
3118 1694 3269 1769 151
3317 1702 3458 1755 vitu-

251 1804 407 1857 σχος,
469 1785 787 1858 πρόϐατον,
855 1787 980 1851 αἲξ,
1031 1787 1276 1858 τρυγὼν,
1341 1786 1651 1857 περιστερά.
1705 1787 1813 1840 Καὶ

247 1880 395 1947 τρεῖς
421 1877 638 1947 ⁴ἡλικίαι
677 1879 906 1929 ἑκάστου
939 1877 1046 1929 τῶν
1077 1877 1343 1947 χερσαίων
1374 1871 1560 1940 αὗται,
1589 1877 1809 1945 μόσχος,

251 1965 397 2034 βοῦς,
436 1965 757 2035 μοσχάριον,
788 1966 959 2035 κριὸς,
988 1966 1176 2035 ἀμνὸς,
1205 1965 1422 2036 ἀρνίον,
1455 1967 1672 2036 τράγος,
1705 1966 1811 2030 αἲξ,

249 2052 472 2123 ἔριφος·
543 2051 764 2123 πτηνῶν
813 2048 906 2119 δὲ,
940 2044 1271 2123 περιστερῶν
1323 2054 1419 2122 μὲν
1466 2054 1574 2123 (21)
1625 2053 1812 2121 ζεῦγος

251 2142 489 2193 νεοσσῶν
525 2142 703 2210 μόνων
721 2180 736 2205 ,
774 2142 1050 2212 τρυγόνων
1078 2140 1266 2210 ζεῦγος
1297 2143 1516 2198 τέλειον.
1544 2146 1809 2215 Ζητητέον

249 2224 339 2281 οὖν
379 2229 461 2297 τῷ
512 2228 822 2299 βουλομένῳ
878 2231 1119 2299 ἀκριϐῶς
1162 2231 1251 2285 τὸν
1298 2233 1425 2303 περὶ
1464 2233 1571 2286 τῶν
1615 2232 1810 2286 θυσιῶν

251 2317 628 2386 πνευματικὸν
662 2316 1003 2370 ’καταλαϐεῖν
1050 2312 1205 2385 λόγον
1224 2356 1239 2380 ,
1275 2318 1432 2373 τίνων
1483 2321 1811 2389 ἐπουρανίων

251 2403 619 2473 ὑποδείγματι
671 2406 765 2458 καὶ
798 2406 926 2475 σκιᾷ
960 2402 1069 2474 (22)
1100 2402 1249 2459 ταῦτ⁵
1292 2407 1525 2473 ἐγίνετο,
1561 2409 1651 2460 καὶ
1681 2408 1810 2460 ἔκα-

254 2509 374 2545 στον
403 2490 519 2544 τῶν
562 2492 717 2555 ζώων
752 2493 844 2545 ἐπὶ
886 2494 990 2545 τίνι
1021 2494 1300 2563 νομοθετεῖ
1324 2496 1352 2547 6
1393 2493 1545 2562 λόγος
1572 2495 1808 2560 θύεσθαι,

251 2582 343 2632 καὶ
383 2579 492 2651 ἰδίᾳ
548 2581 840 2634 συνακτέον
892 2581 957 2633 τά
1000 2583 1127 2652 περὶ
1168 2582 1260 2635 τοῦ
1293 2578 1484 2653 ἀμνοῦ.
1538 2585 1655 2637 Ὅτι
1698 2585 1754 2637 δὲ
1783 2588 1812 2638 ό

252 2672 377 2740 περὶ
400 2671 517 2722 τῶν
555 2668 753 2722 θυσιῶν
776 2670 931 2738 λόγος
959 2671 1084 2741 περί
1126 2688 1281 2724 τινων
1320 2671 1576 2742 οὐρανίων
1610 2690 1812 2744 μυστη-

255 2759 383 2829 ρίων
414 2759 660 2811 νοεῖσθαι
690 2759 889 2826 ὀφείλει
909 2800 923 2823 ,
952 2761 1082 2830 φησί
1114 2777 1214 2812 που
1241 2762 1269 2813 6
1310 2761 1647 2823 Ἀπόστολος·
1678 2781 1695 2812 ι
1724 2763 1812 2815 Οἴ-

250 2866 391 2912 τινες
424 2846 809 2920 ὑποδείγματι,
839 2851 935 2904 καὶ⁵
964 2852 1090 2920 σκιᾷ
1116 2843 1429 2921 λατρεύουσι
1453 2851 1556 2905 τῶν
1580 2853 1811 2923 ἐπουρα-

252 2939 377 2992 νίων
397 2957 411 2970 ·
439 2959 458 2990 ι
487 2940 586 2992 καὶ
609 2939 769 2992 πάλιν
789 2958 802 2970 ·
834 2959 852 2990 ι
878 2940 1111 3009 ’Λνάγκη
1132 2935 1223 2992 οῦν
1238 2930 1304 2992 τά
1331 2940 1425 3009 μὲν
1448 2940 1809 3009 ὑποδείγματα

250 3028 358 3081 τῶν
392 3026 451 3083 ὲν
482 3028 602 3091 τοῖς
629 3030 877 3097 οὐρανοῖς
904 3028 1109 3091 τούτοις
1142 3024 1553 3098 καθαρίζεσθαι·
1589 3028 1724 3082 αύτά
1752 3029 1807 3082 δὲ

249 3118 316 3170 τά
348 3118 656 3188 ἐπουράνια
690 3112 961 3188 κρείττοσι
1004 3112 1213 3181 θυσίαις
1255 3117 1404 3186 παρὰ
1432 3116 1643 3180 ταύτας.
1679 3136 1698 3169 ο
1740 3112 1812 3171 Τὸ

250 3202 460 3259 δὲκαθ’
504 3204 566 3257 ἓν
616 3204 906 3274 δυνηθῆναι
953 3204 1153 3258 τούτων
1181 3199 1405 3275 εὗρόντα
1447 3200 1691 3261 ἐκλαϐεῖν
1713 3207 1811 3276 τὴν

247 3295 333 3348 sca
390 3295 571 3364 Ἰησοῦ
622 3295 858 3365 Χριστοῦ
909 3296 1273 3366 γεγενημένην
1314 3293 1407 3348 τοῦ
1449 3295 1808 3365 πνευματικοῦ

248 3385 412 3455 νόμου
443 3386 502 3454 (ἡ
548 3383 782 3453 ἀλήθεια
822 3384 1026 3454 σφόδρα
1076 3384 1275 3454 μείζων
1320 3384 1655 3454 τυγχάνουσα
1696 3385 1807 3454 (25)

247 3474 344 3543 τῆς
390 3471 753 3544 ἀνθρωπίνης
810 3468 1067 3542 φύσεως),
1118 3464 1326 3536 οὐδενὸς
1366 3466 1524 3527 ἄλλου
1573 3474 1730 3543 ἔργον
1772 3475 1805 3545 ἦ

245 3561 337 3615 τοῦ
384 3562 600 3615 τελείου
632 3562 786 3626 ἐστὶ,
813 3562 907 3615 τοῦ
957 3556 1046 3615 διὰ
1075 3562 1171 3632 τὴν
1225 3555 1335 3626 ἕξιν
1383 3562 1452 3615 τά
1491 3564 1808 3635 αἰσθητήρια

244 3651 680 3723 γεγυμνασμένα
717 3650 930 3720 ἔχοντος
966 3651 1100 3721 πρὸς
1143 3646 1406 3721 διάκρισιν
1435 3653 1594 3706 καλοῦ
1628 3672 1685 3707 τε
1718 3654 1808 3707 καὶ

246 3740 438 3804 κακοῦ,
461 3739 770 3809 δυναμένου
794 3738 901 3791 ἀπὸ
919 3739 1207 3801 διαθέσεως
1227 3739 1586 3809 ἀληθευούσης
1604 3741 1773 3791 εἰπεῖν
1794 3757 1805 3771 ·

250 3848 269 3879 ι
308 3830 512 3899 Σοφίαν
541 3829 602 3880 δὲ
637 3827 904 3897 λαλοῦμεν
955 3828 1012 3879 ὲν
1061 3830 1173 3889 τοῖς
1200 3828 1440 3891 τελείοις.
1478 3847 1495 3878 ι
1545 3831 1653 3881 Καὶ
1680 3828 1808 3898 άλη-

245 3919 349 3983 θῶς
375 3920 471 3972 ὲπὶ
498 3918 714 3972 τούτων
738 3917 882 3969 ἐστιν
909 3919 1081 3970 εἰπεῖν
1098 3957 1112 3978 ,
1142 3917 1361 3970 καὶτῶν
1388 3918 1591 3982 τούτοις
1633 3937 1808 3989 παρα-

243 4008 489 4076 πλησίων
508 4023 524 4038 ·
582 4025 604 4057 ι
651 4007 754 4058 “HV
796 4005 970 4067 οὐδεὶς
1021 4006 1127 4057 τῶν
1183 4005 1449 4075 ἀρχόντων
1496 4006 1683 4059 τούτου
1712 4007 1803 4059 τοῦ

243 4096 435 4158 αἰῶνος
469 4094 709 4163 ἔγνωκε.
750 4112 769 4144 ι

309 4187 396 4241 35.
428 4186 585 4254 Πλὴν
633 4184 728 4237 τὸν
773 4183 939 4255 ἀμνὸν
989 4186 1049 4239 ὲν
1090 4187 1208 4247 ταῖς
1240 4186 1446 4248 θυσίαις
1477 4185 1569 4238 τοῦ
1603 4185 1805 4238 ἐνδελε-

1914 1785 2012 1850 Ius,
2049 1789 2184 1848 ovis,
2230 1802 2410 1855 capra,
2462 1796 2640 1841 turtur
2686 1797 2741 1841 et
2788 1790 3050 1843 columba.
3105 1791 3239 1845 Sunt
3291 1792 3453 1845 etiam

1911 1888 2096 1931 aetates
2158 1877 2435 1944 cujuslibet
2501 1879 2747 1932 animalis
2813 1878 3084 1934 terrestris
3152 1882 3233 1934 lue
3300 1891 3450 1946 tres,

1910 1961 2131 2024 vitulus,
2158 1961 2275 2023 bos,
2301 1962 2527 2023 vitellus,
2553 1964 2714 2027 aries,
2734 1978 2925 2032 agnus,
2957 1962 3222 2035 agnellus,
3252 1967 3454 2034 hircus,

1910 2064 2094 2117 capra,
2123 2050 2341 2112 hmd‘us;
2372 2040 2631 2103 alatorum
2669 2068 2814 2118 vero,
2853 2055 3217 2108 columbarum
3240 2058 3453 2125 quidem

1905 2134 2110 2203 jugut'n,
2134 2137 2226 2190 'sed
2255 2136 2306 2188 id
2344 2144 2547 2189 tantum
2594 2134 2878 2205 pullorum,
2902 2146 2954 2193 et
2989 2144 3452 2212 turturumjngmn

1910 2219 2631 2288 perlectum.luquiremlum
2677 2240 2805 2292 ergo
2849 2234 2930 2279 est
2976 2228 3024 2280 ei
3078 2229 3166 2295 qui
3199 2241 3452 2285 accurate

1910 2308 2201 2375 spiritalem
2227 2310 2488 2362 rationem
2518 2310 2848 2382 victimarum
2881 2318 3334 2383 comprehendere
3354 2334 3450 2372 vo-

1909 2397 2089 2461 luerit,
2115 2408 2337 2466 quorum
2368 2398 2661 2453 caelestium
2711 2404 3001 2471 exemplari
3036 2414 3089 2459 et
3114 2406 3300 2460 umbra
3338 2405 3453 2462 haac

1910 2486 2143 2549 ﬂebant,
2178 2487 2409 2556 itemque
2463 2502 2694 2557 quanam
2762 2492 2973 2546 ratione
3017 2498 3223 2547 sanciat
3276 2510 3454 2550 sermo

1909 2575 2326 2643 uumuQuodque
2366 2575 2561 2629 animal
2583 2578 2897 2651 sacriﬁcari,
2921 2581 3276 2649 privatimque
3301 2583 3452 2637 colli-

1907 2663 2079 2729 genda
2112 2671 2236 2715 sunt
2262 2677 2381 2729 qua:
2407 2664 2470 2716 de
2500 2678 2635 2731 agno
2669 2665 2934 2718 dit-untur.
2956 2664 3104 2731 Quod
3130 2675 3306 2720 autem
3336 2682 3454 2721 ser-

1909 2764 1997 2802 mo
2022 2750 2355 2804 victimarum
2402 2751 2772 2821 intelligeudus
2803 2752 2961 2807 sitde
2994 2748 3309 2823 quibusdam
3341 2771 3455 2825 my-

1908 2837 2088 2891 8teriis
2111 2837 2438 2902 cwlestibus,
2477 2842 2632 2895 docet
2676 2842 2956 2908 Apostolus
2988 2842 3173 2897 dicens
3198 2848 3257 2895 ἐ
3294 2861 3312 2893 ι
3351 2844 3452 2910 Qui

1907 2925 2241 2992 exemplari,
2273 2936 2327 2979 et
2372 2926 2574 2979 umbra:
2615 2927 2911 2979 rmlcstium
2951 2926 3290 2991 deserviunt;
3344 2944 3361 2979 ι
3401 2937 3455 2981 et

1833 3010 1880 3073 ο
1910 3020 2118 3066 rursum
2147 3012 2169 3042 ⁸
2199 3028 2214 3064 :
2251 3029 2269 3063 ι
2305 3011 2531 3067 Necesse
2563 3021 2804 3081 ergocst
2840 3018 2898 3065 ut
2926 3012 3248 3079 exemplaria
3278 3021 3453 3066 rerum

1907 3114 2026 3169 qua
2049 3109 2175 3156 sunt
2206 3100 2259 3154 lu
2304 3102 2484 3165 caalis,
2520 3102 2666 3154 hisce
2700 3102 2858 3153 rebus
2906 3099 3299 3167 purificc‘utur;
3338 3101 3452 3166 ipsa

1908 3204 2035 3243 vero
2062 3190 2303 3243 cmlestia
2348 3191 2671 3243 mandentur
2702 3189 2935 3242 victimis
2965 3196 3074 3256 pra:
3113 3189 3196 3241 his
3224 3190 3452 3256 potiori-

1908 3282 2028 3335 ὴυει
2062 3298 2081 3332 ι
2112 3281 2374 3336 Czcternm
2417 3282 2468 3333 in
2500 3282 2584 3335 his
2619 3280 2841 3349 singulis
2872 3280 3141 3334 victimam
3177 3282 3306 3349 legis
3341 3284 3451 3349 spi-

1912 3372 2116 3426 ritualis
2142 3387 2237 3439 per
2263 3372 2530 3425 Christum
2557 3370 2749 3425 factam
2773 3371 3197 3438 posseinveuire
3221 3378 3274 3424 et
3297 3384 3451 3426 enars

1908 3472 2027 3514 rare
2054 3459 2272 3529 (veritas
2301 3457 2491 3523 maior,
2526 3466 2689 3525 quam
2724 3470 2819 3527 pro
2846 3468 3007 3527 captu
3067 3459 3316 3514 humanm
3360 3476 3453 3512 na-

1911 3551 2082 3616 turai),
2101 3548 2298 3604 nullius
2318 3550 2538 3604 alterius
2559 3560 2693 3617 opus
2708 3556 2795 3603 est
2818 3566 2975 3618 quam
2995 3549 3242 3618 perfecti,
3261 3565 3453 3620 nempe

1906 3641 2019 3708 ejus
2046 3643 2133 3709 qui
2164 3655 2351 3696 sensus
2404 3641 2727 3695 exercitatos
2768 3643 2927 3695 habet
2950 3644 3016 3695 ad
3058 3644 3451 3710 dijudicaudum

1906 3738 2016 3783 tum
2048 3733 2269 3797 bonum,
2323 3738 2433 3784 tum
2488 3733 2728 3797 malum,
2761 3732 2959 3799 quique
2988 3747 3051 3785 ex
3099 3732 3289 3786 aﬂ‘ecm
3325 3746 3451 3787 vera

1906 3826 2162 3874 narrante
2204 3819 2381 3874 dicere
2421 3830 2636 3889 potest:
2673 3838 2692 3872 ι
2722 3820 3039 3888 sapientiam
3068 3832 3244 3873 autem
3281 3820 3449 3888 loqui-

1906 3924 2024 3964 mur
2048 3911 2185 3965 inter
2205 3911 2471 3979 perfectos
2495 3912 2536 3964 ⁸.
2570 3928 2589 3962 ι
2628 3910 2693 3964 Ει
2731 3916 2856 3963 vere
2885 3908 2949 3962 de
2976 3909 3122 3963 hisce
3154 3909 3312 3964 rebus
3342 3913 3452 3966 his-

1903 4016 2007 4070 que
2048 3988 2340 4056 lsimillimis
2386 4002 2565 4054 dicere
2618 4012 2944 4069 possumus:
2981 4014 3000 4050 ι
3048 3998 3219 4065 Quam
3269 4001 3451 4056 nullus

1904 4091 2203 4159 principum
2228 4090 2409 4145 saeculi
2449 4091 2606 4160 hujus
2638 4091 2888 4157 cognovit
2916 4089 2960 4142 ⁸.
2996 4106 3015 4139 ι

1971 4181 2061 4237 35.
2102 4182 2482 4237 Verumtamen
2529 4198 2724 4251 agnum
2773 4182 2825 4238 in
2874 4182 3157 4239 Sacriﬁciis
3193 4178 3450 4256 ἐνδελεχι-

242 4276 436 4346 χισμοῦ
462 4276 801 4347 εὑρίσκομεν
830 4274 1287 4346 προσφερόμενον.
1329 4275 1480 4328 υῦτω
1515 4275 1570 4328 δὲ
1608 4276 1806 4347 γέγρα-

1915 4274 2042 4344 σμοῦ
2082 4274 2207 4345 [hoc
2229 4284 2309 4328 est
2341 4274 2485 4344 jugis
2513 4270 2818 4343 oblationis]
2851 4273 3154 4329 invenimus
3189 4275 3444 4329 oblatum.

242 4381 405 4417 πται·
447 4383 467 4415 ι
506 4363 627 4416 Καὶ
652 4361 822 4415 ταῦτά
850 4363 1016 4422 ἐστιν,
1043 4359 1079 4413 ἀ
1109 4361 1349 4431 ποιήσεις
1381 4361 1470 4412 ἐπὶ
1499 4359 1592 4413 τοῦ
1619 4359 1803 4413 θυσια-

243 4443 490 4523 στηρίου·
543 4452 781 4521 Ἀμνοὺς
806 4449 1102 4512 ἐνιαυσίους
1138 4446 1395 4519 ἀμώμους
1424 4448 1515 4502 δύο
1535 4448 1633 4520 τὴν
1667 4450 1803 4520 ὴμέ-

243 4560 340 4613 ραν
371 4544 469 4596 ἐπὶ
500 4543 565 4595 τὸ
595 4534 978 4611 θυσιαστήριον
1014 4530 1328 4607 ἐνδελεχῶς,
1365 4538 1636 4608 κάρπωμα
1665 4536 1805 4589 ὲνδε-

241 4632 517 4703 λεχισμοῦ.
557 4632 671 4683 Τὸν
702 4631 868 4699 ἀμνὸν
896 4629 983 4682 τὸν
1011 4620 1107 4681 ἕνα
1132 4629 1376 4695 ’ποιήσεις
1417 4628 1477 4679 τὸ
1499 4622 1640 4698 πρωῒ
1658 4666 1673 4691 ,
1713 4626 1804 4678 καὶ

240 4721 328 4775 τὸν
355 4712 531 4792 ἀμνὸν
567 4721 665 4773 τὸν
694 4720 937 4790 δεύτερον
959 4720 1205 4787 ποιήσεις
1233 4712 1293 4767 τὸ
1316 4714 1533 4769 δειλινόν
1551 4733 1566 4747 ·
1603 4716 1694 4769 καὶ
1720 4715 1805 4767 δέ·

242 4826 402 4862 κατον
458 4807 805 4879 σεμιδάλεως
858 4804 1248 4875 πεφυραμένης
1292 4800 1453 4875 ἐλαίῳ
1485 4804 1802 4876 κεκομμένῳ

243 4897 317 4967 τῷ
340 4899 597 4968 τετάρτῳ
634 4895 734 4948 τοῦ
767 4896 845 4949 εῖν
875 4898 1015 4948 οίνου
1040 4893 1155 4963 (24)
1186 4891 1264 4961 τῷ
1288 4892 1441 4963 ἀμνῷ
1462 4894 1537 4963 τῷ
1563 4895 1664 4946 ἑνί.
1695 4896 1802 4947 Καὶ

308 5051 400 5083 ’Μ
428 5048 599 5104 Joau.
634 5063 677 5110 ι,
723 5046 809 5101 29.
884 5048 905 5075 ⁸
929 5045 1090 5099 llebr.
1121 5056 1239 5103 rm,
1263 5043 1313 5095 5.
1391 5044 1412 5074 ³
1444 5044 1604 5100 llebr.
1638 5063 1717 5111 ix,
1743 5046 1831 5103 25.

312 5201 420 5270 (20)
462 5200 566 5253 Hic
592 5198 843 5270 quantum
869 5202 898 5249 ε
926 5192 1179 5250 Ferrario
1210 5195 1589 5262 praetermissa,
1614 5211 1677 5252 ex
1706 5195 1801 5251 Pe-

249 5265 416 5323 nemo
442 5265 841 5334 supplevimus.
1198 5324 1223 5334 η

319 5337 426 5405 (2|)
466 5326 725 5405 Πὶὴνῶγ
775 5331 860 5394 δὲ,
886 5326 1273 5405 aspiciesme
1320 5326 1575 5405 multa
1630 5334 1795 5388 codex

256 5394 601 5463 miitleiaitus}
649 5401 839 5465 sicque
885 5394 1008 5464 legit
1058 5394 1369 5465 Ferrarius.
1416 5397 1590 5454 Editio
1622 5411 1795 5456 autem

260 5472 448 5532 liuetii,
484 5461 716 5539 πτηνῶν
743 5461 853 5534 μὲν,
884 5461 1221 5539 περιστερᾶς
1239 5461 1360 5539 μέν,
1388 5476 1495 5518 etc.

322 5528 446 5605 (ﬁl
481 5528 884 5601 Ὑπόδείπλματι
930 5528 1022 5582 καί
1074 5528 1239 5590 σκιᾷ.
1295 5528 1472 5586 Forte
1518 5535 1796 5606 legendum

1909 4366 2001 4419 Sic
2032 4374 2209 4419 autem
2242 4365 2497 4433 scriptum
2520 4374 2604 4418 est
2628 4363 2803 4417 ⁸εοιΕι
2832 4364 2946 4419 haec
2981 4373 3102 4419 sunt
3137 4378 3255 4434 quae
3286 4360 3448 4420 facies

1909 4456 1961 4509 in
2016 4453 2213 4518 altari;
2260 4468 2427 4523 agnos
2458 4443 2739 4508 anniculos
2779 4455 2913 4508 duos
2956 4455 3323 4511 immaculatos
3356 4472 3448 4525 per

1906 4540 2144 4609 singulos
2193 4541 2307 4595 dies
2342 4549 2503 4608 super
2550 4542 2718 4596 altare
2743 4541 2961 4608 iugiter,
2996 4543 3320 4597 oblationem
3356 4559 3449 4598 en-

1905 4626 2236 4683 delechismi.
2259 4631 2465 4700 Ag'num
2496 4641 2656 4685 unum
2688 4626 2879 4685 oﬂ'eres
2912 4636 3091 4695 mane,
3125 4634 3178 4684 et
3218 4632 3445 4684 alterum

1907 4722 2146 4786 vespere,
2183 4728 2238 4772 et
2281 4720 2539 4773 decimam
2594 4729 2799 4788 partem
2858 4719 3174 4787 similaginis
3232 4722 3445 4772 mistam

1907 4805 2024 4859 oleo
2058 4816 2280 4861 contuso
2321 4818 2445 4862 cum
2496 4817 2685 4876 quarta
2725 4814 2881 4876 parte
2918 4808 3026 4859 vini
3062 4808 3114 4859 in
3145 4820 3282 4875 agno
3316 4819 3444 4858 uno.

1907 4894 1971 4947 Et
2000 4906 2192 4962 agnum
2218 4896 2440 4950 alterum
2463 4897 2657 4952 oll‘eres
2688 4906 2924 4962 vespere;
2949 4892 3098 4961 juxta
3124 4895 3444 4947 sacriﬁcium

1905 5048 1929 5081 δ
1957 5045 2119 5102 lCor.
2145 5063 2204 5112 Il,
2238 5047 2288 5101 6.
2365 5044 2390 5080 ³
2413 5049 2537 5103 ibid.
2561 5048 2614 5103 8.
2691 5049 2713 5080 '
2746 5047 2914 5101 Exod.
2957 5061 3105 5111 χιιι,
3133 5046 3199 5101 38
3231 5055 3286 5100 et
3322 5062 3439 5120 seq.

1903 5198 2198 5269 ὕπόδειγμά
2224 5215 2273 5269 τι
2303 5199 2395 5251 καὶ
2418 5199 2559 5269 σκιά.

1972 5258 2106 5337 (25f
2122 5258 2340 5337 Μειζων
2361 5267 2762 5337 τυγχάνουσα.
2789 5261 2880 5316 Sic
2898 5260 3064 5316 codex
3091 5258 3440 5336 Bodleianus;

1902 5334 2121 5404 Regius.
2150 5334 2330 5404 μεῖζον
2357 5336 2642 5404 τυγχάνον.

1970 5398 2080 5472 (24)
2126 5398 2208 5467 Τῷ
2229 5398 2625 5474 ῖετᾴρτῷίτοῦ
2650 5404 2744 5474 εἲίρρΔ
2763 5402 2950 5474 οἴνου,
2979 5408 3086 5474 etc.
3124 5398 3328 5474 Scribe,
3361 5403 3443 5474 τῷ

1898 5468 2134 5591 τξτάρτῳ
2165 5470 2255 5523 τοῦ
2294 5468 2397 5523 εῖν·
2435 5472 2525 5525 καὶ
2570 5470 2793 5538 σπονδὴν
2826 5469 2886 5520 τὸ
2936 5468 3192 5541 τέταρτο)
3239 5471 3334 5525 τοῦ
3360 5468 3441 5525 εῖν

1899 5558 1927 5592 ο
1952 5558 2061 5594 νου.
2092 5551 2197 5594 etc.

2048 5581 2061 5605 ,
2092 5579 2197 5594 ‘4'\O
