3880 6186
447 230 547 286 291
587 260 594 266 -

1846 214 2169 272 ORIGENIS

447 349 699 420 primum,
728 353 782 399 et
821 342 971 410 juxta
1019 341 1246 394 libamen
1299 335 1487 405 ipsius.
1521 334 1711 390 Facies
1764 334 1981 407 odorem

2111 332 2169 383 6v
2192 328 2370 398 ἀμνὸν
2400 328 2490 380 τὸν
2535 324 2780 395 δεύτερον
2815 323 3063 392 ποιήσεις
3095 320 3159 372 τὸ
3205 306 3705 420 651.1:va
3758 340 3797 366 ρ

452 434 772 506 fragrantiae,
807 432 1127 486 oblationem
1155 426 1399 492 Domino,
1418 424 1739 479 sacriﬁcium
1768 422 1979 476 endele-

452 525 642 582 chismi
672 523 724 576 in
746 521 1115 589 generationes
1149 525 1352 570 vestras
1397 516 1462 568 ad
1492 516 1626 567 ostia
1652 511 1981 566 tabernaculi

454 613 737 670 testimonii
786 625 965 665 coram
996 608 1240 669 Domino,
1283 605 1334 658 in
1369 605 1561 673 quibus
1603 616 1862 671 agnoscar
1889 600 1983 652 tibi

451 705 558 758 illic
600 704 651 756 in
699 709 924 762 tantum,
953 705 1010 750 ut
1037 697 1229 764 loquar
1260 694 1325 746 ad
1372 702 1460 746 te:
1502 691 1681 760 ibique
1726 688 1984 742 ordinabo

450 794 573 847 ﬁliis
592 790 780 854 lsrael,
811 796 865 842 et
895 784 1274 842 sanctiﬁcabor
1301 784 1351 835 in
1385 781 1551 851 gloria
1583 793 1700 832 mea
1726 794 1742 842 ;
1776 786 1830 831 et
1859 791 1985 830 san-

448 881 768 935 ctificatione
791 875 1139 931 sanctiﬁcabo
1166 872 1453 926 tentorium
1485 868 1792 924 testimonii.
1835 885 1854 917 ι
1889 865 1988 918 Ve-

448 969 838 1023 rnmenimvero
890 976 1130 1032 quamam
1176 959 1283 1013 alia
1334 957 1677 1025 intelligibilis
1726 954 1879 1023 152
1905 955 1987 1006 vi-

448 1059 608 1113 ctima
639 1051 1009 1123 ὲνδελεχισμοῦ
1044 1050 1171 1119 [hoc
1207 1057 1288 1104 est
1331 1047 1471 1117 iugis
1512 1043 1817 1114 oblationis]
1870 1056 1990 1095 esse

447 1154 621 1215 potest
643 1140 841 1211 λογικῷ
862 1142 988 1211 [hoc
1012 1148 1114 1202 est,
1145 1138 1193 1190 ei
1220 1136 1310 1204 qui
1338 1135 1569 1190 sermoni
1599 1146 1817 1200 compos
1836 1140 1917 1185 est
1938 1136 1991 1182 et

448 1232 859 1303 sermocinatur]
890 1244 1046 1299 quam
1091 1240 1265 1282 sermo
1301 1222 1568 1287 ﬂoridior,
1599 1222 1887 1292 symbolice
1913 1220 1992 1273 di-

449 1333 566 1378 ctus
592 1337 777 1393 agnus,
803 1321 917 1390 qui,
947 1318 1104 1375 simul
1129 1326 1286 1385 atque
1308 1314 1598 1368 iilustratur
1623 1312 1817 1373 anima,
1835 1309 1993 1364 olicr-

452 1423 538 1467 tur
572 1414 707 1480 (haec
759 1413 901 1465 enim
952 1424 1068 1464 esse
1102 1415 1277 1478 potest
1319 1404 1579 1458 matutina
1611 1399 1990 1457 endelechismi

450 1503 712 1571 victima),
744 1509 797 1555 et
822 1499 1040 1555 oli'ertur
1070 1499 1230 1552 etiam
1263 1510 1382 1551 cum
1408 1507 1560 1547 mens
1592 1498 1767 1546 cessat
1788 1487 1992 1542 versari

451 1592 505 1645 iu
559 1592 721 1644 rebus
781 1587 1132 1642 diviniorlbus
1173 1584 1335 1639 ?Non
1381 1584 1522 1636 enim
1573 1588 1747 1649 potest
1783 1590 1990 1644 semper

2076 420 2176 490 τὴν
2207 419 2391 471 Θυσίαν
2415 418 2510 487 τὴν
2539 417 2756 487 πρώτην
2788 415 2899 484 (9.5)
2920 452 2935 476 ,
2962 413 3058 463 καὶ
3092 405 3240 461 κατὰ
3318 399 3554 470 τὴν

2082 483 2262 563 αῦτοῦ.
2313 483 2771 577 Ποιῆσειςνόσμῆν
2802 483 3061 572 εὐωδίας,
3115 496 3603 566 κάρπτυιμα-

2083 598 2269 651 Θυσίαν
2303 573 2677 665 ἐνδελεχισμοῦ
2709 595 2787 657 εἰς
2821 592 2919 653 τάς
2950 587 3148 656 γενεὰς
3182 580 3450 653 ὑμῶν
3476 617 3512 641 ,
3634 573 3796 665 ἐρπ

2087 704 2205 757 ραις
2251 686 2349 754 τῆς
2376 660 2584 752 σκηνῆς*
2614 682 2704 733 τοῦ
2749 678 3049 750 μαρτυρίου
3102 673 3324 725 ἔναντι
3390 660 3802 757 Ιςυρίοτ

2082 775 2162 838 οἷς
2206 772 2581 844 γνωσθήσομαί
2631 788 2710 823 σοι
2741 772 2886 829 ἐκεῖ,
2929 766 3070 817 ὥστε
3104 755 3449 829 λαλῆσαί
3543 766 3717 805 σοι
3759 763 3793 780 ο

2084 839 2309 934 τάξομαι
2339 839 2452 915 ἐκεῖ
2478 839 2588 924 τοῖς
2633 862 2765 921 υἱοῖς
2804 855 3061 926 Ἰσραὴλ,
3098 852 3196 905 καὶ
3242 839 3800 916 ἅγιασθήσ

2090 954 2198 1022 (26)
2229 956 2285 1005 έν
2321 951 2445 1023 δόξῃ
2478 967 2606 1020 μου’
2639 950 2732 1002 xui.
2773 944 3031 1015 ἁγιασμῷ
3081 941 3345 1010 ἀγιάσω
3391 934 3597 1006 τὴν

2091 1043 2184 1096 τοῦ
2218 1022 2532 1112 μαρτυρίου.
2575 1059 2593 1090 ι
2627 1039 2758 1090 Ποία
2783 1038 2838 1088 δὲ
2871 1036 3032 1106 ἑτέρα
3058 1032 3221 1085 θυσία
3253 1028 3699 1080 δύναται
3746 1022 3798 1112 Δὲ

2095 1107 2345 1198 λεχισμοῦ
2375 1107 2508 1181 εἶναι
2551 1127 2627 1195 τῷ
2666 1122 2865 1192 λογικῷ
2908 1120 3074 1191 νοητὴ
3107 1120 3141 1188 ἦ
3177 1118 3415 1184 λόγος
3476 1107 3802 1180 ἀκμάέ

2092 1218 2243 1284 λόγος
2273 1217 2438 1286 ἀμνὸς
2482 1214 2817 1285 συμϐολικῶς
2863 1213 2975 1281 (27)
3022 1208 3501 1276 καλούμενος,
3568 1202 3790 1269 ἅμα.

2091 1306 2409 1373 φωτίζεσθαι
2465 1307 2562 1375 τὴν
2611 1303 2788 1373 ψυχὴν
2833 1298 3328 1368 ἀναπεμπόμενος
3406 1291 3702 1362 (αὕτη

2089 1395 2155 1448 ἂν
2198 1395 2281 1463 εἴη
2335 1392 2526 1463 ἑωθινὴ
2556 1391 2649 1444 τοῦ
2683 1386 3059 1457 ὲνδελεχισμοῦ
3090 1383 3289 1446 θυσία)
3322 1422 3350 1445 ,
3444 1379 3617 1432 καὶ
3679 1384 3794 1429 πε

2091 1483 2181 1535 ἐπὶ
2208 1482 2345 1534 τέλει
2375 1481 2483 1551 ('28)
2523 1481 2620 1549 τῆς
2651 1478 2745 1530 τοῦ
2778 1476 2869 1529 νοῦ
2905 1476 2965 1528 ὲν
2996 1475 3110 1534 τοῖς
3136 1470 3573 1540 θειοτέροις
3610 1465 3800 1518 διας

2093 1571 2192 1640 ϐῆς
2223 1571 2648 1640 ἀναφερόμενος;
2679 1567 2751 1619 Οὐ
2785 1566 2895 1635 γὰρ
2940 1563 3029 1616 ἀεὶ
3063 1561 3310 1613 δύναται
3379 1558 3789 1626 διαρκεῖν

450 1679 693 1734 sumcere
738 1687 798 1731 ut
826 1680 895 1731 sit
935 1677 988 1729 in
1026 1671 1484 1742 praestantioribus
1515 1646 1715 1732 anima,
1757 1664 1989 1735 quandiu

2110 1655 2226 1712 ;’ίναι
2256 1660 2363 1727 (29)
2422 1660 2477 1709 ὲν
2507 1660 2616 1717 τοῖς
2662 1654 3005 1725 κρείττοσιν,
3059 1651 3187 1703 ὅσον
3238 1646 3511 1715 κεκλή
3527 1660 3800 1717 pcata“

450 1768 523 1821 illi
547 1764 1185 1836 contigeritconjunctam
1207 1776 1323 1816 esse
1351 1759 1476 1814 huic
1503 1766 1714 1812 terreno
1736 1764 1788 1810 et
1809 1769 1993 1824 aggra-

450 1856 598 1909 vanti
622 1853 856 1922 corpori.

518 1944 608 1998 36.
644 1942 797 2009 Quod
820 1941 865 1995 si
891 1947 1093 2008 quaerat
1123 1937 1242 2008 quis
1263 1936 1388 2005 quid
1418 1934 1654 1988 facturus
1682 1930 1752 1986 sit
1777 1938 1994 1985 sanctus

449 2047 518 2088 eo
573 2041 811 2099 tempore
860 2028 999 2096 quod
1052 2036 1133 2080 est
1186 2026 1323 2079 inter
1383 2035 1562 2084 mane,
1601 2028 1655 2074 et
1692 2031 1992 2086 veSperam,

453 2123 743 2178 transferat
765 2134 1067 2176 sermonem
1106 2118 1173 2172 ab
1195 2118 1344 2171 hisce
1372 2116 1532 2169 rebus
1562 2126 1679 2181 qua:
1703 2111 1770 2164 ad
1795 2110 1992 2164 cultum

454 2213 742 2266 Mosaicum
790 2211 1078 2278 pertinent,
1118 2216 1173 2262 et
1206 2207 1395 2262 deinde
1445 2201 1767 2272 evangelica‘
1792 2199 1993 2269 potiora

453 2310 734 2369 sequatur.
769 2299 842 2354 Ut
871 2301 1011 2352 enim
1044 2296 1176 2365 legis
1199 2296 1400 2351 veteris
1454 2293 1763 2348 sacerdotes
1802 2289 1998 2358 princi-

452 2394 595 2464 pium
629 2391 965 2446 victimarum
998 2386 1230 2441 oﬁ‘erunt
1274 2383 1655 2440 endelechismi
1695 2383 1994 2442 victimam,

454 2495 519 2535 ac
541 2479 738 2534 deinde
757 2486 881 2532 ante
904 2476 1263 2541 vespertinam
1285 2475 1553 2528 victimam
1594 2471 1995 2533 endelechismi,

456 2579 678 2625 caeteras
722 2582 791 2622 ex
834 2567 947 2634 lege
970 2564 1140 2633 (verbi
1176 2563 1368 2632 gratia,
1405 2577 1505 2631 pro
1533 2561 1759 2625 delicto,
1791 2560 1876 2615 vel
1903 2575 1999 2629 pro

461 2660 545 2712 bis
584 2672 700 2725 qua:
738 2668 924 2725 sponte
947 2670 1049 2708 non
1092 2653 1523 2713 committuntur,
1558 2650 1642 2702 vcl
1683 2664 1779 2718 pro
1809 2649 1998 2712 salute,

458 2747 540 2802 vel
568 2760 664 2816 pro
684 2745 1009 2815 precatione,
1025 2743 1107 2798 vel
1124 2756 1218 2810 pro
1236 2740 1513 2809 zelotypia,
1531 2738 1611 2793 vel
1632 2754 1727 2807 pro
1746 2738 1998 2802 Sabbato,

459 2837 541 2890 vel
568 2850 665 2904 pro
702 2832 996 2896 novilunio,
1019 2840 1073 2886 et
1115 2830 1352 2898 reliquis,
1384 2842 1501 2896 qua:
1526 2828 1741 2896 longum
1773 2834 1920 2880 esset
1947 2827 2029 2879 in-

461 2924 748 2994 praesentia
778 2918 1101 2990 recensere),
1141 2919 1219 2973 sic
1260 2919 1419 2973 etiam
1461 2933 1558 2971 nos
1601 2932 1629 2969 a
1666 2928 1910 2969 sermone
1935 2914 2002 2969 de

2089 1748 2231 1820 ψυχὴ
2256 1746 2598 1816 συνεζεῦχθαι
2628 1743 2705 1814 τῷ
2729 1745 2904 1813 γηΐνῳ
2930 1741 3027 1795 καὶ
3061 1738 3359 1811 βαροῦντι
3394 1735 3786 1807 ’σώμασι-ι.

2140 1915 2247 1970 ‘36.
2293 1915 2415 1969 Ἐἀν
2462 1914 2519 1966 δέ
2558 1929 2643 1975 τις
2692 1912 2827 1982 ζητῇ
2859 1910 2912 1963 τί
2942 1911 3003 1964 ἐν
3048 1911 3166 1973 τοῖς
3206 1909 3496 1973 μεταξὺ
3568 1906 3725 1978 τῆς
3773 1908 3786 1958 ἰ

2092 2006 2184 2058 καὶ
2215 2003 2446 2074 ἑσπέρας
2473 2003 2685 2073 ποιήσει
2716 2004 2744 2054 ὁ
2774 2002 2961 2069 ἅγιος,
3002 1998 3417 2070 μεταφερέτω
3478 1996 3652 2050 ἀπδ
3722 2002 3794 2047 τ(

2093 2095 2231 2149 κατά
2257 2094 2352 2164 τὴν
2379 2093 2630 2164 λατρείαν
2660 2092 2752 2145 τὸν
2783 2092 2961 2159 λόγον,
3000 2091 3197 2143 ἔπειτα
3240 2088 3372 2142 καὶ
3422 2087 3515 2140 ἐν
3556 2086 3783 2140 τούτο

2094 2183 2370 2236 ἀκολουθεῖ
2399 2182 2532 2251 (50).
2588 2182 2697 2233 Καὶ¹
2739 2181 2844 2250 γὰρ
2894 2182 3013 2232 ἐκεῖ
3056 2180 3108 2231 οἱ
3146 2179 3364 2247 ,ἱερεῖς
3408 2177 3669 2248 ἀρχὴν
3716 2176 3792 2244 μὲ

2093 2271 2199 2324 τῶν
2226 2269 2421 2323 θυσιῶν
2450 2269 2811 2341 προσφέρουσι
2838 2267 2936 2338 τὴν
2966 2267 3060 2320 τοῦ
3096 2264 3617 2335 ὲνδελεχισμοῦ,
3665 2263 3787 2327 ἑξῗ

2094 2362 2150 2414 δὲ
2192 2361 2296 2431 πρὸ
2343 2361 2438 2430 τῆς
2484 2358 2772 2429 ἑσπερινιῖκ
2820 2358 2913 2410 τοῦ
2948 2356 3374 2427 ὲνδελεχισμοῦ
3444 2356 3585 2418 τὰς
3644 2371 3784 2407 κσιτ

2096 2449 2186 2502 τὸν
2233 2450 2392 2518 νόμον
2424 2448 2613 2509 λοιπάς
2632 2464 2646 2478 ο
2676 2442 2785 2500 οἷον
2816 2446 2944 2515 περὶ
2976 2445 3410 2515 πλημμελείας
3433 2481 3457 2508 ,
3523 2444 3569 2513 ἢ
3604 2442 3784 2495 ἀκου

2099 2538 2244 2602 σίων,
2275 2539 2308 2608 ἢ
2346 2538 2606 2608 σωτηρίου
2633 2537 2818 2606 εὐχῆς,
2852 2536 2886 2600 ἢ
2923 2533 3288 2604 ζηλοτυπίας,
3328 2534 3377 2604 ἢ
3416 2532 3783 2587 σαϐϐάτου

2098 2628 2131 2696 ἢ
2156 2626 2478 2697 νουμηνίας,
2506 2626 2598 2677 καὶ
2641 2626 2748 2677 τῶν
2777 2624 2977 2676 λοιπῶν
2997 2661 3012 2686 ,
3046 2621 3083 2674 ἀ
3117 2621 3363 2692 μακρὸν
3396 2620 3487 2675 ἂν
3533 2621 3643 2690 εἴη
3687 2621 3790 2671 επ

2096 2715 2189 2767 τοῦ
2237 2715 2499 2784 παρόντος
2545 2714 2753 2781 λέγειν·
2803 2711 2945 2763 οὕτω
2992 2711 3177 2763 τοίνυν
3225 2709 3341 2763 καὶ
3402 2711 3616 2779 ἡμεῖς
3662 2707 3782 2761 ἀπὶ

2098 2804 2192 2857 τοῦ
2232 2804 2359 2874 περὶ
2397 2804 2494 2872 τῆς
2533 2803 2738 2865 εἰκόνος
2768 2802 2927 2869 λόγου
2954 2800 3343 2869 πεποιημένοι
3394 2800 3525 2870 τὴν
3558 2798 3784 2869 ἀρχὴν

2099 2894 2196 2962 τῆς
2221 2893 2511 2963 ἀναφορᾶς,
2540 2893 2598 2955 ὃς
2620 2892 2765 2943 ἐστιν
2785 2893 2814 2942 6
2834 2891 3087 2962 Χριστὸς,
3122 2889 3586 2959 διαλαμϐάνειν
3625 2889 3780 2959 περὶ

461 2961 748 2994 Pus"..-
778 2961 1101 2990 ...πων-..μ
1141 2961 1219 2973 ...ν
1262 2961 1419 2973 -.......
1461 2961 1557 2971 ..η
1601 2961 1629 2969 -
1666 2961 1908 2969 -----.-_-
1940 2961 2000 2969 --

458 3014 712 3083 imagine,
743 3012 834 3081 qui
863 3019 947 3065 est
988 3009 1254 3073 Christus,
1291 3006 1614 3062 oblationem
1658 3005 1837 3059 facere
1871 3004 2000 3058 inci-

2110 2961 2324 3047 πολλῶν,
2356 2961 2448 3036 καὶ
2478 2961 2910 3052 ὠφελιμωτάτων
2943 2980 3327 3051 δυνησόμεθα.
3388 2981 3531 3033 Καὶ
3578 2978 3779 3032 πάλιν

459 3103 687 3173 pientes,
712 3101 778 3155 de
805 3099 985 3155 multis
1033 3100 1216 3168 hisque
1262 3095 1560 3151 utilissimis
1599 3094 1866 3149 disserere
1905 3107 2004 3161 po-

461 3193 706 3247 terimus.
729 3190 1041 3257 Rursusque
1082 3190 1136 3242 in
1169 3189 1252 3243 his
1290 3201 1408 3254 quae
1435 3184 1632 3239 Christi
1664 3192 1789 3237 sunt
1816 3183 2004 3236 ﬁnien-

464 3290 543 3335 tes
572 3282 638 3334 ad
661 3292 933 3349 vesperam
964 3277 1126 3331 veluti
1156 3284 1475 3342 noctemque
1500 3272 1893 3343 perveniemus,
1914 3285 2006 3326 ve-

463 3371 672 3425 nientes
691 3368 759 3422 ad
785 3381 1010 3437 corpora
1038 3367 1226 3422 etiam.

533 3458 622 3513 35.
662 3457 756 3512 Sin
786 3471 914 3513 vero
944 3471 1247 3513 sermonem
1288 3453 1621 3523 exquirimus
1649 3455 1715 3508 de
1754 3450 1877 3507 Iesu
1912 3450 2004 3504 de-

465 3558 762 3605 monstrato
788 3562 817 3601 a
865 3547 1093 3614 Joanne,
1120 3547 1273 3615 juxta
1313 3545 1397 3599 id'
1422 3562 1442 3609 ⁴ς
1469 3561 1489 3594 ι
1541 3544 1677 3597 Ecce
1704 3543 1885 3611 Agnus
1914 3539 2003 3593 ille

467 3640 584 3703 Dei,
607 3640 696 3707 qui
729 3638 864 3692 tollit
891 3645 1164 3708 peccatum
1196 3634 1400 3697 mundi,
1424 3652 1444 3685 ι
1475 3633 1776 3687 insistentes
1803 3628 1857 3682 in
1891 3628 2004 3695 ipsa

467 3730 859 3800 dispensatione
887 3727 1128 3797 corporei
1167 3727 1427 3780 adventus
1461 3722 1579 3776 Filii
1611 3720 1702 3774 Dei
1742 3720 1808 3773 ad
1842 3719 2003 3772 vitam

468 3820 768 3886 hominum,
799 3834 994 3888 agnum
1033 3832 1136 3872 non
1183 3815 1347 3870 alium
1389 3810 1812 3868 existimabimus
1846 3820 2003 3876 quam

468 3910 737 3965 hominem
769 3924 785 3973 ;
814 3909 900 3963 hic
924 3907 1067 3961 enim
1103 3922 1122 3956 ι
1151 3903 1314 3958 veluti
1341 3903 1457 3957 ovis
1492 3901 1557 3955 ad
1589 3900 1788 3953 eadem
1817 3898 2007 3949 ductus

466 4011 570 4065 est,
599 4009 655 4054 et
677 4009 927 4067 tanquam
955 4011 1124 4066 agnus
1150 4009 1329 4051 coram
1361 3992 1615 4046 tondente
1645 4002 1704 4043 se
1725 3995 1902 4039 mutus
1917 3983 1959 4048 λς
1981 4000 2000 4033 ι

469 4089 692 4143 dicens:
720 4104 751 4138 νι
784 4086 897 4154 Ego
941 4094 1190 4152 tanquam
1237 4094 1403 4150 agnus
1443 4079 1703 4133 innocens
1736 4073 1922 4135 ducor,
1948 4078 2007 4123 ut

471 4175 799 4231 immoler’.»
827 4173 996 4239 Quam
1022 4173 1092 4227 ob
1116 4175 1425 4233 causam,et
1449 4167 1504 4221 in
1528 4161 1838 4232 Apocalypsi
1860 4160 1902 4191 ὀ
1931 4158 2004 4211 vi-

472 4265 627 4318 detur
664 4277 830 4333 agnus
852 4270 1000 4315 stans
1028 4274 1125 4312 ceu
1155 4256 1482 4311 immolatus.
1510 4251 1609 4306 Hic
1639 4251 1798 4319 igitur
1836 4261 2001 4316 agnus
2036 4268 2077 4322 ι)

472 4353 682 4407 occisus
717 4349 1013 4419 puriﬁcatio
1041 4346 1213 4401 factus
1238 4355 1339 4409 est,
1361 4343 1509 4413 juxta
1554 4338 1809 4409 quasdam
1852 4335 2008 4389 ratio-

474 4455 572 4494 nes
597 4439 857 4503 occultas,
887 4439 1048 4492 totius
1069 4434 1272 4495 mundi,
1297 4447 1392 4500 pro
1420 4448 1524 4500 quo
1550 4430 1619 4484 ob
1644 4440 1878 4483 amorem
1903 4439 2007 4492 quo

473 4527 635 4584 Pater
660 4530 949 4583 humanum
994 4539 1165 4596 genus
1210 4523 1572 4592 prosequitur,
1605 4518 1801 4572 caedem
1844 4513 2005 4568 etiam

475 4622 728 4691 suscepit,
749 4635 845 4676 suo
878 4620 1042 4689 ipsius
1068 4616 1327 4686 sanguine
1362 4628 1458 4667 nos
1503 4607 1733 4679 peccatis
1759 4601 2006 4658 venditos

478 4711 744 4765 redimens
766 4710 833 4764 ab
857 4724 922 4764 eo
941 4708 1029 4777 qui
1065 4721 1161 4762 nos
1193 4705 1494 4762 sednxerat.
1516 4698 1679 4752 Porro
1698 4696 1786 4765 qui
1814 4706 2006 4762 agnum

476 4801 617 4856 hunc
641 4801 708 4856 ad
728 4800 1046 4855 sacriﬁcium
1078 4796 1355 4857 oli‘crebat,
1383 4793 1519 4846 Deus
1550 4790 1603 4843 in
1630 4786 1843 4841 homine
1871 4788 2006 4845 erat,

2103 3076 2160 3129 ἐν
2203 3076 2312 3136 τοῖς
2356 3072 2479 3142 περὶ
2505 3070 2740 3142 Χριστοῦ
2795 3070 3202 3140 καταλήξαντες
3251 3072 3365 3123 ἐπὶ
3402 3069 3525 3140 τὴν
3568 3066 3765 3122 οἱονεὶ

2102 3162 2337 3231 ἑσπέραν
2370 3161 2640 3230 φθάσομεν
2668 3158 2763 3212 καὶ
2788 3158 2993 3225 νύκτα,
3025 3159 3338 3229 ἐρχόμενοι
3378 3158 3499 3213 καὶ
3533 3157 3646 3211 ἐπὶ
3680 3154 3762 3207 τὰ

2103 3250 2404 3321 σωματικά.

2167 3429 2289 3497 55.’;
2311 3428 2434 3480 Ἐὰν
2460 3427 2516 3480 δὲ
2564 3426 2653 3480 τὸν
2683 3427 2840 3497 λόγον
2877 3426 3224 3497 ἐξετάζωμεν
3275 3427 3386 3481 τὸν
3422 3426 3572 3497 περὶ
3622 3425 3730 3479 τοῦ

2099 3517 2436 3587 δεικνυμένου
2495 3514 2668 3587 Ἰησοῦ
2717 3517 2822 3570 ὑπὸ
2878 3517 2972 3569 τοῦ
3035 3517 3331 3582 Ἰωάννου,
3403 3517 3571 3571 κατά
3621 3516 3734 3570 τόο

2106 3626 2126 3657 ι
2158 3600 2322 3669 Οὗτός
2346 3608 2489 3658 ἐστιν
2513 3607 2541 3658 6
2576 3605 2772 3675 Ἀμνδς
2797 3605 2892 3658 τοῦ
2920 3605 3077 3668 Θεοῦ,
3103 3606 3132 3657 6
3159 3606 3351 3677 αἴρων
3376 3606 3487 3677 τὴν
3521 3607 3723 3677 ἁμαρ-

2101 3694 2220 3748 τίαν
2244 3694 2338 3746 τοῦ
2367 3693 2596 3763 κόσμου,
2641 3711 2661 3743 ι
2694 3694 2968 3763 ἱστάμενοι
2995 3695 3079 3746 ἐπ’
3113 3693 3293 3762 αὐτὴν
3345 3693 3459 3764 τὴν
3503 3694 3727 3745 οἰκονο-

2106 3783 2231 3852 μίαν
2261 3782 2360 3850 τῆς
2392 3782 2703 3851 σωματικῆς
2732 3781 2827 3834 τοῦ
2862 3781 2993 3834 Υίοῦ
3025 3779 3118 3833 τοῦ
3146 3780 3296 3834 Θεοῦ
3343 3783 3434 3844 είς
3472 3781 3574 3833 τὸν
3600 3780 3715 3832 τῶν

2102 3870 2398 3941 ἀνθρώπων
2430 3871 2539 3940 βίον
2567 3871 2861 3941 ἐπιδημίας
2880 3887 2893 3901 ·
2925 3873 3017 3935 τὸν
3043 3866 3215 3941 ἀμνὸν
3258 3872 3372 3924 οὐκ
3407 3870 3579 3923 ἀλλον
3610 3868 3711 3922 τοῦ

2102 3961 2382 4032 ἀνθρώπου
2403 3954 2986 4030 ὑποληψόμεθαῇοῦτος
3005 3961 3113 4030 γὰρ
3139 3979 3158 4012 ι
3183 3960 3267 4024 ὡς
3289 3960 3583 4032 πρόϐατον
3608 3957 3705 4010 ἐπὶ

2105 4050 2312 4121 σφαγὴν
2342 4048 2480 4119 ἢχθη
2501 4088 2516 4113 ,
2563 4052 2659 4103 καὶ
2679 4051 2755 4113 ὡς
2784 4052 2957 4122 ἀμνὸς
2990 4052 3226 4106 ἐνώπιον
3261 4053 3371 4106 τοῦ
3409 4050 3703 4121 κείραντός

2105 4140 2263 4192 αὑτὸν
2299 4139 2541 4207 ἀφωνοςο
2568 4157 2588 4190 ι
2629 4137 2821 4206 λέγων’
2857 4155 2876 4189 ι
2912 4139 3054 4207 Ἐγὼ
3105 4140 3185 4202 ὡς
3235 4142 3444 4212 ἀρνίον
3495 4138 3705 4191 ἄκακον

2106 4231 2365 4300 ἀγόμενον
2409 4229 2502 4282 τοῦ
2547 4229 2825 4283 θύεσθαι.»
2861 4232 3060 4301 Διόπερ
3078 4230 3174 4283 καὶ
3213 4230 3275 4283 ὲν
3336 4234 3405 4300 τῇ
3463 4229 3698 4280 Ἀποκα-

2104 4322 2258 4390 λύψει
2285 4319 2465 4391 ἀρνίον
2492 4320 2683 4390 ὁρᾶται
2728 4319 2956 4389 ἑστηκὸς
3000 4319 3077 4381 ὼς
3108 4320 3498 4391 ἐσφαγμένον.
3527 4308 3689 4373 οὗτος

2103 4411 2166 4482 δὴ
2189 4414 2217 4463 6
2246 4408 2414 4480 ἀμνὸς
2441 4409 2666 4477 σφαγεὶς
2690 4408 2982 4478 καθάρσιον
3013 4407 3350 4479 γεγένηται,
3378 4406 3520 4462 κατά
3543 4418 3688 4463 τινας

2104 4503 2441 4574 ἀπορρήτους
2459 4499 2679 4568 λόγους,
2707 4497 2801 4552 τοῦ
2833 4499 2956 4552 ὅλου
2990 4499 3197 4568 κόσμου
3220 4538 3236 4562 ,
3273 4499 3429 4570 ὑπὲρ
3460 4491 3521 4550 οὗ
3550 4490 3685 4548 κατὰ

2105 4594 2204 4664 τὴν
2227 4590 2318 4645 τοῦ
2352 4590 2567 4661 Πατρὸς
2595 4587 3000 4659 φιλανθρωπίαν
3037 4588 3134 4641 καὶ
3159 4588 3265 4660 τὴν
3322 4586 3528 4657 σφαγὴν
3564 4584 3681 4636 ἀνε-

2107 4683 2293 4746 δέξατο
2310 4719 2325 4744 ,
2364 4678 2663 4748 ὠνούμενος
2705 4675 2784 4747 τῷ
2832 4676 3026 4731 ἑαυτοῦ
3057 4676 3256 4745 αἵματι
3303 4677 3425 4732 ἀπὸ
3454 4673 3543 4728 τοῦ
3565 4671 3679 4730 ταῖς

2109 4771 2400 4844 ἁμαρτίαις
2420 4770 2568 4840 ἡμᾶς
2582 4767 3058 4839 πιπρασκομένους
3074 4767 3462 4839 ἀγοράσαντος
3477 4762 3601 4835 (51).
3614 4759 3670 4812 '0

546 4919 569 4951 '
595 4916 751 4973 Joan.
777 4918 924 4984 1,29.
998 4917 1021 4950 ⁸
1047 4916 1285 4976 Ιειι.ι.ιιι,
1314 4911 1367 4963 7.
1443 4907 1465 4939 '
1489 4906 1686 4962 Jerem.
1717 4918 1794 4968 xl,
1829 4900 1915 4955 i9.
1991 4898 2035 4929 ιθ
2061 4897 2228 4962 Apoc.
2260 4907 2317 4956 v,
2351 4890 2406 4944 6.

545 5032 658 5106 (95)
696 5031 857 5088 Forte
900 5034 1186 5101 legendum
1220 5026 1483 5098 πρωῖνήν,
1512 5031 1568 5080 et
1601 5020 1759 5093 paulo
1786 5024 1906 5089 post
1931 5015 2011 5078 εις

482 5099 671 5153 ὒσμήν.

545 5103 671 5238 ᾗ(ίό
695 5170 794 5238 gat
820 5168 960 5235 ἐκεῖ,
986 5171 1141 5229 ὥστε
1176 5162 1442 5238 λαλῆσαί
1475 5176 1610 5238 σαί
1770 5153 2015 5238 (dt-Iopas

477 5221 601 5312 egre?
632 5221 755 5312 τοῖς
789 5221 1223 5312 υὶοῖξἸᾎ-ἓξιῆλ,
1402 5221 2014 5312 ἁγιρσθήσξομαιὶὲιξέξ

483 5303 674 5379 desunt
715 5290 765 5356 in
814 5290 1234 5379 etid‘ice'ﬁgéio',
1272 5301 1364 5379 sed
1398 5290 1803 5379 restitu'unt‘ure
1832 5290 2015 5342 codice

484 5367 791 5446 3‘34'9iqno.
814 5371 926 5428 Mox
945 5361 1364 5446 ’ῥοξίνὲγιᾱισμῷ
1387 5366 1552 5446 codex
1582 5361 1898 5446 [tiodleianus
1930 5370 2016 5408 re-

484 5435 654 5515 stituit
671 5430 1073 5515 grumaim];
1103 5430 1349 5515 ﬁéest'iti
1378 5430 1777 5515 codice-Regios

549 5500 658 5571 (9⁷)
691 5491 1073 5591 immitia;
1104 5491 1211 5576 ’ἑῖἇ
1227 5491 1398 5561 codex
1424 5491 1765 5564 Bodleianﬁs;
1794 5491 2011 5563 Regius,

2116 5006 2451 5079 συμϐολικός.

2118 5146 2156 5160 η
2186 5077 2297 5156 (2,3)
2349 5075 2470 5160 ’ζεπὶ
2518 5074 2696 5160 ςέτῑει.
2743 5074 2839 5160 .lta
2888 5078 3065 5134 codex
3107 5076 3434 5134 Bodleianus
3488 5073 3650 5126 recte;

2118 5143 2337 5208 Regius,
2366 5143 2620 5208 ἐπιτελεῖ,
2653 5144 2813 5201 male.

2180 5209 2290 5284 (ἓν)
2336 5210 2404 5284 Τὸ
2431 5211 2609 5284 εἶναι,
2637 5210 2952 5284 Legendum
2983 5217 3202 5273 videtur
3232 5213 3323 5284 Τῷ
3342 5209 3488 5284 εῖναι-

2110 5272 2691 5418 ἀκὲῗὲὲθὲᾒκολουθελ
2717 5272 3039 5352 Leﬂuidum
3066 5272 3167 5343 vel
3201 5272 3537 5339 ἀκολουθείτω
3568 5272 3643 5323 vel

2185 5415 2294 5499 (ξι)
2332 5405 2511 5470 Codex
2546 5417 2879 5499 bodleinnus
2914 5426 2966 5482 in
3005 5436 3149 5485 textu
3177 5419 3558 5492 διαπράσαντοςν
3587 5405 3632 5459 in

2119 5492 2355 5555 margine
2384 5499 2508 5540 vero
2535 5492 2935 5561 ἀγοράσαντος.
