3880 6186
334 241 429 297 295
1408 242 1750 300 COMMENT.
1791 242 1852 296 IN

1959 243 2077 298 lAN.
2113 242 2344 297 TOMUS
2383 243 2468 298 γι.
3399 242 3505 299 298

317 360 383 413 δὲ
412 352 763 427 προσαγαγὼν
789 357 985 411 τοῦτον
1018 361 1106 414 τὸν
1135 362 1301 432 ἀμνὸν
1335 361 1423 413 ἐπὶ
1460 360 1554 429 τὴν
1587 359 1772 412 ουσίαν
1791 397 1805 418 ,
1831 359 1859 407 ὁ

1962 370 2178 423 magnus
2215 355 2486 418 sacerdos,
2523 353 2614 422 qui
2644 353 2745 408 hoc
2775 352 3011 408 declarat
3038 366 3133 420 per
3154 367 3215 408 ea
3244 354 3404 409 verba
3432 357 3500 410 ιιι

318 446 385 497 ἐν
413 443 486 513 τῷ
518 443 779 514 ἀνθρώπῳ
827 443 898 516 ἦν
937 449 1067 512 Θεὸς
1090 489 1102 509 ,
1155 451 1321 518 μέγας
1368 449 1649 518 ἀρχιερεὺς
1670 489 1683 510 ,
1716 449 1861 509 ὅστις

1969 460 1988 493 ο
2027 444 2208 496 Nullus
2233 444 2465 495 animam
2496 457 2664 496 meam
2691 457 2719 494 a
2748 457 2832 496 me
2859 440 3015 502 tollit,
3047 441 3198 510 153
3224 441 3314 495 sed
3340 455 3438 510 ego
3464 457 3492 499 ι

297 531 479 585 ⁴τοῦτο
517 533 662 600 δηλοῖ
699 532 786 585 διὰ
811 535 905 586 τοῦ
927 552 944 570 ο
990 555 1007 586 ι
1034 538 1218 599 Οὐδεὶς
1256 539 1394 606 αἴρει
1424 538 1520 604 τὴν
1541 536 1712 604 ψυχήν
1759 553 1859 604 μου

1966 534 2277 600 memetipso
2327 547 2465 600 pono
2521 547 2661 585 eam.
2707 534 3030 586 Potestatem
3076 532 3241 584 habeo
3267 531 3491 598 ponendi

321 619 420 671 ἀπ’
467 619 631 688 ἐμοῦ,
705 617 818 673 ἀλλ’
873 623 981 690 ἐγὼ
1013 624 1196 692 τίθημι
1251 624 1441 693 αὐτὴν·
1471 625 1564 674 ἀπ’
1607 623 1858 690 ἐμαυτοῦ.

334 706 608 772 Ἐξουσίαν
640 709 745 777 ἔχω
774 710 943 764 θεῖναι
977 713 1160 782 αὐτὴν,
1188 713 1278 766 καὶ
1307 713 1464 764 πάλιν
1491 711 1727 775 ἐξουσίαν
1757 711 1861 779 ἔχω

320 794 504 849 λαϐεῖν
530 798 717 866 αὐτήν.
743 817 761 848 ι

389 885 478 938 56.
518 886 627 938 Καὶ
659 885 828 958 ταύτῃ
857 887 1014 956 θυσίᾳ
1043 891 1321 954 συγγενεῖς
1373 889 1506 939 εἰσιν
1553 889 1606 938 αἱ
1656 887 1857 949 λοιπαὶ,

320 964 397 1024 ὧν
427 971 694 1040 σύμϐολόν
739 977 874 1027 εἰσιν
905 975 961 1026 αἱ
1011 976 1224 1043 νομικαί
1246 992 1257 1003 ³
1294 975 1472 1027 λοιπαὶ
1507 974 1562 1025 δέ
1606 973 1697 1026 καὶ
1730 991 1858 1040 συγο

318 1061 494 1122 γενεῖς
518 1059 690 1129 ταύτῃ
718 1063 783 1129 τῇ
815 1060 969 1128 θυσίᾳ
998 1060 1170 1112 θυσίαι
1197 1062 1439 1130 ἐκχύσεις
1459 1057 1591 1114 εἶναί
1632 1079 1718 1130 μοι
1742 1062 1860 1128 φαί-

317 1167 498 1202 νονται
524 1151 617 1202 τοῦ
658 1151 768 1204 τῶν
798 1153 1052 1218 γενναίων
1084 1153 1365 1223 μαρτύρων
1395 1154 1635 1222 αἵματος,
1667 1153 1724 1204 ού
1757 1153 1857 1221 μά-

315 1255 420 1306 την
468 1239 760 1308 ὁρωμένων
803 1241 1017 1292 ἐστόιναι
1057 1242 1158 1292 ὑπὸ
1198 1241 1289 1292 τοῦ
1339 1240 1572 1309 μαθητοῦ
1624 1241 1856 1294 Ἰωάννου

317 1323 471 1392 παρά
498 1324 577 1392 τῷ
607 1325 839 1394 οὐρανίῳ
869 1325 1244 1396 θυσιαστηρίῳ.
1284 1345 1301 1376 ι
1339 1327 1432 1388 Τίς
1463 1327 1516 1377 δέ
1545 1327 1700 1393 σοφὸς
1724 1367 1736 1384 ,
1769 1329 1858 1377 καὶ

318 1413 543 1480 συνήσει
595 1412 799 1476 ταῦτα;
848 1414 1093 1477 συνετὸς,
1153 1415 1242 1465 καὶ
1290 1414 1638 1480 ἐπιγνώσεται
1667 1413 1850 1478 αὐτὰρ

316 1499 462 1568 Πρὸς
489 1500 547 1552 δὲ
572 1499 728 1552 τοῦτο
751 1501 1215 1571 θεωρητικώτερον
1259 1501 1357 1555 κᾶν
1395 1503 1644 1556 ἐπιποσὸν
1684 1519 1858 1568 παρα-

313 1588 570 1650 δέξασθαι
611 1589 702 1641 τὸν
744 1591 869 1658 περὶ
914 1589 1018 1642 τῶν
1051 1590 1298 1642 τοιούτων
1327 1591 1518 1643 θυσιῶν
1544 1591 1694 1657 λόγον
1715 1629 1729 1655 ,
1760 1608 1858 1641 κα-

1963 621 2102 686 eam,
2136 631 2187 673 et
2219 636 2428 675 rursum
2467 632 2778 689 potestatem
2824 621 2991 676 habeo
3028 620 3267 674 sumendi
3301 635 3438 674 eam.
3469 637 3490 670 ο

2027 884 2115 936 56.
2145 883 2209 936 Et
2238 895 2364 935 sane
2393 879 2551 947 hujus
2591 880 2821 932 victimae
2853 887 3085 947 cognata:
3116 886 3238 930 sunt
3267 884 3490 936 αιτιοι-ευ,

1961 988 2181 1040 quarum
2217 981 2354 1024 notae
2388 979 2512 1024 sunt
2543 969 2776 1037 legales;
2813 983 2905 1033 per
2939 979 3156 1019 cmteras
3177 979 3302 1017 vero
3336 963 3493 1016 victi-

1963 1078 2076 1114 mas
2109 1062 2230 1114 huic
2252 1061 2476 1112 victimm
2503 1067 2778 1124 cognatas,
2798 1055 3082 1109 effusiones
3113 1053 3348 1117 intelligo
3375 1066 3494 1103 sau-

1960 1151 2133 1220 guinis
2189 1164 2565 1217 generosorum
2621 1157 2947 1215 martyrum,
2995 1145 3080 1212 qui
3142 1157 3242 1195 non
3297 1141 3493 1193 frustra

1960 1238 2359 1304 conspiciuntur
2384 1247 2524 1290 stare
2569 1250 2597 1288 a
2629 1233 2883 1301 discipulo
2913 1231 3112 1286 Joanne
3146 1228 3294 1295 juxta
3332 1227 3495 1280 caele-

1959 1335 2038 1378 ste
2069 1326 2253 1379 altare.
2274 1324 2376 1379 Sed
2406 1343 2423 1374 ι
2457 1323 2580 1392 quis
2610 1323 2842 1390 sapiens,
2863 1329 2914 1372 et
2946 1317 3203 1385 intelliget
3225 1316 3336 1368 haec
3361 1317 3382 1367 ?
3411 1315 3494 1367 vel

1959 1415 2211 1481 prudens,
2245 1421 2300 1466 et
2346 1421 2595 1480 agnoscet
2646 1412 2757 1464 haec
2786 1410 2826 1439 ¹¹
2862 1409 2884 1460 ‘l
2919 1425 2936 1457 ι
2995 1405 3075 1458 Ad
3131 1405 3242 1456 haec
3287 1403 3494 1456 altioris

1960 1502 2418 1569 contemplationis
2453 1509 2532 1554 est
2580 1499 2659 1553 vel
2693 1497 2953 1553 tantillum
2980 1493 3202 1561 exsequi
3236 1495 3492 1544 rationem

1961 1589 2026 1642 de
2053 1589 2412 1656 hujuscemodi
2447 1589 2701 1652 victimis,
2729 1602 2846 1655 quae
2883 1592 3110 1654 purgant
3143 1598 3234 1637 eos
3257 1595 3352 1650 pro
3375 1581 3494 1650 qui-

315 1675 624 1746 θαιρουσῶν
655 1680 778 1740 τοὺς
803 1679 938 1747 ὑπὲρ
963 1672 1036 1732 ὧν
1075 1681 1449 1748 προσάγονται.
1498 1679 1860 1747 Κατανοητέον

1961 1677 2057 1731 bus
2080 1677 2396 1731 offeruntur.
2427 1678 2819 1733 Consideranda
2846 1690 2972 1745 ergo
2999 1683 3083 1729 est
3114 1675 3250 1726 ratio
3290 1673 3495 1726 sacriﬁ-

314 1767 406 1818 τὸν
458 1766 618 1833 λόγον
665 1769 763 1835 τῆς
817 1768 1273 1838 ὁλοκαυτουμὲνης
1323 1769 1582 1838 θυγατρὸς
1635 1770 1859 1835 Ἰεφθάε,

313 1856 403 1908 διὰ
450 1857 656 1926 ταύτην
711 1859 872 1927 εὐχὴν
913 1861 1228 1929 νικήσαντος
1272 1861 1394 1922 τοὺς
1431 1863 1574 1922 υἱοὺς
1617 1859 1860 1929 Ἀμμὼν,

314 1940 348 2017 ᾖ
386 1945 755 2014 συνηυδόκησε
785 1948 876 1998 καὶ
910 1951 942 2017 ή
980 1948 1432 2018 όλοκαυτουμένη,
1473 1950 1697 2017 λέγουσα
1730 1951 1862 2020 πρὸς

312 2036 405 2088 τὸν
435 2036 650 2104 πατέρα
683 2038 926 2090 εἰπόντα·
967 2057 986 2089 t
1039 2039 1267 2109 Ἀνέῳξα
1298 2039 1357 2091 τὸ
1388 2040 1557 2108 στόμα
1601 2057 1698 2109 μου
1727 2043 1862 2094 κατὰ

316 2124 412 2176 σοῦ
444 2126 581 2193 πρὸς
609 2127 839 2196 Κύριονο
877 2127 985 2180 Καὶ
1017 2129 1063 2179 εί
1090 2129 1326 2199 ἀνέῳξας
1350 2129 1409 2180 τὸ
1439 2129 1606 2198 στόμα
1637 2146 1725 2180 σου
1745 2132 1860 2181 κατ’

313 2214 450 2282 ἐμοῦ
482 2215 616 2284 πρὸς
653 2215 870 2284 Κύριον,
905 2217 1042 2268 ποίει
1073 2216 1168 2286 τὴν
1200 2218 1359 2288 εὐχήν
1392 2234 1503 2270 σου.
1538 2236 1556 2268 ι
1595 2219 1862 2287 Ἐμφασις

319 2304 416 2371 μὲν
445 2300 539 2356 οὖν
573 2303 770 2373 πολλῆς
798 2304 1074 2374 ὠμότητος
1103 2305 1190 2357 διά
1215 2306 1412 2359 τούτων
1447 2307 1862 2375 παρεισφέρεται

315 2391 407 2442 τοῦ
437 2385 482 2456 ᾧ
510 2392 623 2459 (3'2)
659 2392 902 2444 τοιαῦται
934 2381 1072 2460 ὑπὲρ
1106 2393 1372 2461 σωτηρίας
1411 2390 1706 2460 ἀνθρώπων
1743 2393 1862 2442 ἐπι-

315 2475 594 2527 τελοῦνται
627 2476 835 2528 θυσίαι⁹
869 2475 1356 2546 μεγαλοφυεστέρου
1378 2477 1431 2529 δὲ
1461 2477 1550 2529 νοῦ
1569 2517 1584 2540 ,
1619 2478 1710 2529 καὶ
1743 2477 1862 2545 βλέο

317 2579 514 2626 ποντος
553 2563 622 2616 τὰ
664 2565 930 2634 λεγόμενα
963 2568 1070 2634 (55)
1105 2567 1240 2618 κατὰ
1279 2567 1376 2634 τῆς
1423 2567 1670 2636 προνοίας
1713 2567 1862 2619 λύσιν

315 2653 610 2724 χρῄζομεν,
639 2655 705 2705 ἵν’
736 2654 851 2721 ἅμα
875 2655 1000 2722 περὶ
1027 2654 1236 2706 πάντων
1257 2693 1270 2714 ,
1320 2655 1394 2715 ὡς
1424 2654 1863 2724 ἀπορῤητοτέρων

315 2740 486 2791 ὄντων
507 2779 521 2802 ,
580 2741 674 2792 καὶ
702 2740 839 2807 ὑπὲρ
865 2740 1204 2808 ἀνθρωπίνην
1252 2740 1407 2806 φύσιν
1439 2740 1823 2809 ἀπολογώμεθα
1844 2758 1859 2774 ο

1960 1779 2090 1823 calas
2118 1770 2236 1823 ﬁliae
2257 1768 2460 1838 Jephte,
2485 1769 2572 1836 qui
2607 1778 2819 1837 propter
2841 1768 2976 1821 hanc
3003 1766 3135 1820 lilios
3157 1767 3380 1819 Ammon
3410 1765 3494 1818 vi-

1956 1857 2050 1921 cit,
2082 1858 2168 1912 cui
2211 1859 2421 1927 quidem
2468 1868 2592 1912 voto
2629 1871 2891 1928 propensa
2925 1856 3022 1909 fuit
3060 1870 3119 1909 ea
3163 1857 3345 1922 etiam,
3376 1869 3495 1923 qua:

1954 1945 2295 2010 oll'erebatur,
2323 1947 2388 2000 ad
2409 1956 2610 2015 patrem
2635 1947 2932 2000 dicentem:
2970 1963 2987 1995 ι
3025 1947 3280 2013 Apertum
3312 1955 3391 1996 est
3433 1957 3494 1996 os

1953 2049 2130 2087 meum
2160 2037 2439 2088 adversum
2469 2043 2520 2089 te
2545 2034 2610 2089 ad
2653 2035 2936 2087 Dominum
2967 2033 3028 2093 ⁸³,
3061 2051 3080 2083 ι
3115 2032 3436 2098 respondens
3475 2041 3488 2076 ε

1960 2139 1980 2173 ι
2009 2123 2071 2176 Et
2105 2124 2151 2178 si
2190 2123 2445 2192 aperuisti
2495 2137 2556 2176 os
2601 2132 2747 2174 tuum
2791 2123 3074 2174 adversum
3119 2135 3202 2173 me
3223 2119 3288 2171 ad
3314 2117 3494 2170 Domi-

1955 2227 2098 2276 num,
2129 2212 2212 2266 fac
2242 2221 2420 2266 votum
2452 2220 2597 2264 tuum
2633 2212 2749 2262 η’.»
2780 2211 2950 2276 Atque
2994 2208 3335 2262 simulacrum
3378 2205 3494 2272 qui-

1954 2300 2073 2353 dem
2105 2301 2281 2354 multze
2337 2300 2667 2354 credulitatis
2692 2315 2788 2368 per
2829 2300 2939 2352 haec
2972 2297 3282 2365 producitur
3325 2296 3491 2357 illius,

1952 2390 2036 2445 cui
2071 2390 2198 2444 tales
2224 2404 2320 2458 pro
2345 2389 2619 2443 hominum
2647 2388 2817 2441 salute
2845 2386 3190 2456 perficiuntur
3224 2384 3489 2446 victimae;

1951 2484 2042 2538 sed
2074 2482 2312 2552 profecto
2344 2490 2523 2536 mente
2546 2479 2906 2549 generosiore,
2925 2492 3040 2544 quae
3068 2476 3255 2530 calleat
3284 2475 3494 2527 solvere

1950 2584 2068 2637 quae
2093 2570 2339 2622 dicuntur
2377 2578 2560 2622 contra
2595 2567 2988 2636 providentiam
3010 2605 3024 2627 ,
3059 2579 3298 2632 egemus,
3334 2570 3391 2614 ut
3423 2562 3495 2614 si-

1952 2658 2060 2711 mul
2091 2659 2154 2711 de
2181 2657 2425 2711 omnibus
2451 2671 2568 2724 qua:
2591 2655 2752 2710 veluti
2799 2654 3085 2706 secretiora
3109 2659 3231 2704 sunt
3258 2661 3311 2704 et
3334 2664 3493 2718 supra

1953 2747 2236 2799 humanam
2266 2755 2531 2809 naturain,
2560 2760 2658 2798 nos
2697 2758 3017 2797 excusemus
3049 2758 3062 2792 :
3097 2759 3114 2790 ι
3145 2740 3329 2808 Magna
3352 2740 3493 2791 enim

321 2846 340 2877 ι
378 2828 627 2894 Μεγάλαι
655 2828 762 2897 γὰρ
790 2831 844 2879 αἱ
876 2828 1079 2897 κρίσεις
1102 2830 1194 2880 τοῦ
1231 2827 1364 2880 Θεοῦ
1398 2829 1488 2880 καὶ
1525 2830 1861 2900 δυσδιήγητοι

1959 2833 2146 2900 iudicia
2180 2854 2198 2884 ι
2231 2835 2380 2898 ῡοὶ,‹
2414 2847 2582 2902 eaque
2615 2846 2773 2902 aegre,
2803 2847 2901 2886 nec
2947 2831 3102 2883 facile
3139 2837 3440 2890 narrantur,
3471 2845 3489 2875 ι

315 2919 402 2970 διὰ
433 2917 592 2970 τοῦτο
616 2918 926 2970 ἀπαίδευτοι
956 2918 1124 2986 ψυχαὶ
1153 2917 1542 2988 ἐπλανήθησαν.
1579 2938 1596 2970 ι
1637 2922 1863 2990 Μεμαρ-

315 3004 550 3076 τύρηται
577 3006 634 3058 δέ
672 3006 763 3056 καὶ
799 3004 949 3074 παρά
979 3007 1090 3067 τοῖς
1117 3005 1352 3070 ἔθνεσιν,
1375 3008 1453 3058 ὅτι
1472 3007 1650 3060 πολλοί
1697 3026 1856 3073 τινες,

318 3094 583 3163 ὶοιμικῶν
615 3094 995 3163 ἐνσκηψάντων
1024 3097 1082 3148 ἐν
1119 3098 1235 3156 ταῖς
1259 3096 1458 3148 ἑαυτῶν
1491 3097 1707 3166 πατρίσι
1748 3099 1858 3167 (54)

317 3185 663 3253 νοσημάτων,
694 3184 916 3245 ἐαυτοὺς
950 3185 1149 3251 σφάγια
1175 3183 1311 3254 ὺπέρ
1347 3185 1439 3237 τοῦ
1470 3185 1646 3238 κοινοῦ
1681 3203 1860 3256 παρα-

315 3271 602 3325 δεδώκασι.
632 3273 740 3323 Καὶ
767 3272 1121 3341 παραδέχεται
1148 3272 1255 3341 (55)
1281 3274 1430 3326 ταῦθ’
1456 3274 1624 3336 οὕτως
1650 3274 1861 3340 γεγονέ-

317 3379 404 3413 ναι
430 3362 533 3413 οὑκ
581 3361 788 3428 ἀλόγως
833 3364 1124 3424 πιστεύσας
1167 3367 1284 3425 ταῖς
1317 3364 1571 3431 ἱστορίαις
1614 3363 1642 3413 ὁ
1677 3363 1861 3425 πιστὸς

317 3453 587 3522 Κλήμης,
638 3451 742 3502 ὑπὸ
793 3450 1000 3504 Παύλου
1061 3453 1518 3522 μαρτυρούμενος,
1582 3453 1856 3519 λέγοντος·

322 3558 341 3591 ι
374 3541 532 3593 Μετὰ
561 3539 906 3609 Κλήμεντος,
957 3541 1048 3593 καὶ
1088 3541 1193 3595 τῶν
1217 3541 1415 3595 λοιπῶν
1447 3539 1713 3610 συνεργῶν
1740 3558 1859 3610 μου,

318 3622 391 3682 ὧν
421 3629 488 3681 τὰ
518 3629 756 3698 ὀνόματα
781 3631 837 3680 ἐν
867 3629 1031 3699 βίϐλῳ
1062 3628 1226 3697 ζωῆς.
1264 3647 1282 3679 ι
1312 3629 1420 3698 Τὴν
1455 3628 1639 3697 ὁμοίαν
1668 3629 1724 3681 δὲ
1751 3629 1860 3697 ἔχει

319 3718 639 3786 ἀπέμφασιν
671 3717 814 3787 παρὰ
846 3717 923 3786 τῷ
948 3717 1147 3769 θέλοντι
1170 3715 1275 3768 τῶν
1306 3717 1429 3778 τοὺς
1473 3716 1693 3778 πολλοὺς
1735 3717 1860 3769 λαν-

320 3804 592 3858 θανόντων
648 3804 958 3873 μυστηρίων
1002 3805 1316 3872 κατηγορεῖν
1336 3840 1350 3863 ,
1377 3803 1468 3855 καὶ
1510 3802 1576 3854 τὰ
1608 3802 1730 3872 περὶ
1756 3801 1861 3856 τῶν

322 3892 618 3963 μαρτύρων
678 3888 1147 3961 προστεταγμένα*
1204 3889 1537 3950 εὐδοκοῦντος
1589 3889 1681 3940 τοῦ
1729 3889 1860 3941 Θεοῦ

322 3982 521 4050 μᾶλλον
566 3983 716 4050 ἡμᾶς
752 3979 1096 4042 ἀναδέξασθαι
1143 3979 1319 4041 πάσας
1357 3978 1736 4048 χαλεπωτάτας
1780 3980 1862 4031 atl-

321 4071 442 4132 κίας
489 4071 549 4120 ἐν
605 4067 684 4137 τῷ
728 4068 1002 4136 ὁμολογεῖν
1047 4065 1207 4118 αὐτοῦ
1259 4066 1355 4135 τὴν
1395 4066 1672 4133 θειότητα,
1722 4065 1862 4135 ἥπερ

255 4218 266 4223 _
319 4159 702 4228 ἀπαλλαγῆναι
726 4157 832 4209 τῶν
853 4155 1113 4208 τοσούτων
1134 4154 1492 4224 νομιζομένων
1519 4151 1701 4205 κακῶν
1732 4153 1864 4221 πρὸς

1951 2933 2108 2989 atque
2125 2940 2144 2972 ι
2166 2924 2232 2976 ob
2258 2924 2393 2976 hanc
2415 2937 2631 2975 causam
2658 2922 2816 2974 rudes
2843 2921 3033 2972 animae
3055 2927 3372 2972 erraverunt
3395 2916 3489 2968 ⁸⁸.»

1953 3011 2197 3064 Relatqu
2228 3021 2402 3065 autem
2448 3022 2607 3084 atque
2647 3018 2899 3064 testatum
2947 3017 3028 3062 est
3068 3007 3204 3072 apud
3245 3004 3492 3074 gentiles,

1954 3101 2146 3154 multos
2172 3100 2302 3154 caedi
2330 3115 2425 3168 pro
2461 3099 2728 3154 communi
2764 3097 3038 3150 hominum
3079 3095 3250 3148 salute
3290 3095 3496 3162 seipsos

1958 3189 2260 3251 tradidisse,
2283 3202 2403 3242 cum
2435 3187 2740 3256 pestilentes
2775 3184 2945 3238 morbi
2971 3199 3122 3237 suam
3149 3184 3374 3250 patriam
3408 3183 3494 3234 iu-

1952 3279 2231 3331 vasisseut.
2281 3277 2343 3330 Et
2391 3277 2501 3330 haec
2543 3277 2615 3328 ita
2673 3275 2918 3329 evenisse
2967 3273 3197 3327 admittit
3233 3287 3334 3326 non
3378 3271 3496 3324 siue

1953 3381 2110 3420 causa
2159 3367 2391 3432 historiis
2425 3367 2647 3420 credens
2671 3364 2914 3418 Clemens
2957 3363 3044 3416 ille
3073 3361 3261 3426 fidelis,
3293 3361 3358 3414 de
3389 3373 3496 3429 quo

1953 3457 2095 3509 hunc
2118 3455 2170 3508 in
2208 3457 2417 3508 modum
2451 3453 2767 3507 testiﬁcatur
2795 3451 2990 3506 Paulus
3011 3491 3026 3514 ,
3045 3453 3225 3505 dicens
3244 3450 3304 3501 "z
3327 3465 3344 3498 ι
3363 3448 3494 3502 Cum

1953 3543 2225 3598 Clemente
2281 3551 2334 3596 et
2376 3542 2594 3610 reliquis
2642 3541 3038 3610 coadjutoribus
3074 3541 3227 3603 meis,
3264 3553 3492 3606 quorum

1953 3633 2164 3686 nomina
2202 3639 2325 3684 sunt
2353 3631 2405 3684 in
2437 3631 2571 3684 libro
2614 3631 2755 3684 vitae.
2788 3646 2808 3679 ι
2842 3629 3080 3682 Similem
3109 3629 3312 3684 habent.
3331 3625 3495 3680 dissi-

1953 3722 2297 3776 militudinem
2331 3719 2465 3788 apud
2510 3733 2630 3772 eum
2660 3717 2750 3786 qui
2777 3716 2902 3771 velit
2932 3714 3180 3784 mysteria
3208 3728 3326 3781 quas
3361 3711 3494 3764 mul-

1957 3821 2037 3864 los
2076 3810 2242 3862 latent
2271 3810 2538 3872 incusare,
2565 3821 2682 3875 quae
2720 3807 2786 3859 de
2819 3805 3142 3875 martyribus
3177 3804 3490 3866 traduntur;

1953 3897 2061 3950 Deo
2108 3897 2276 3965 magis
2327 3897 2650 3965 approbante
2696 3904 2753 3948 ut
2785 3894 2866 3948 vel
2897 3894 3188 3960 asperrima
3233 3891 3491 3958 supplicia

1951 3987 2135 4041 subire
2164 3987 2442 4054 eligamus,
2472 3985 2596 4039 dum
2629 3986 2944 4039 confitemur
2977 3984 3114 4036 illius
3142 3983 3491 4046 divinitatem,

1951 4090 2107 4142 quam
2135 4089 2164 4128 a
2186 4083 2261 4127 tot
2291 4075 2470 4141 rebus,
2507 4089 2625 4142 quae
2659 4075 2796 4128 mala
2839 4073 3236 4136 existimantur,
3271 4063 3488 4127 liberari

1952 4165 2015 4216 ad
2045 4166 2203 4218 breve
2231 4174 2466 4232 tempus,
2501 4179 2746 4219 sermone
2782 4173 2962 4217 nostro
2989 4161 3182 4228 ubique
3203 4168 3490 4229 sequentes

324 4254 530 4324 βραχὺν
571 4250 794 4320 χρόνον,
826 4248 964 4316 λόγῳ
1007 4244 1552 4315 συμπεριενεχθέντας
1601 4242 1676 4312 τῷ
1707 4243 1861 4312 θελή-

1959 4253 2277 4308 voluntatem
2321 4255 2656 4308 inimicorum
2687 4254 2950 4308 veritatis.
2988 4251 3340 4318 Quamobrem
3371 4252 3489 4306 exi-

325 4360 453 4411 ματι
492 4339 604 4392 τῶν
638 4334 845 4405 ἐχθρῶν
881 4334 979 4402 τῆς
1010 4334 1279 4402 ἀληθείας.
1311 4332 1613 4385 Κατάλυσιν
1651 4328 1740 4384 οῦν
1777 4349 1864 4386 νο-

326 4431 548 4500 μιστέον
575 4426 820 4496 γίνεσθαι
851 4425 1126 4492 δυνάμεων
1151 4422 1454 4475 κακοποιῶν
1476 4421 1561 4472 διὰ
1579 4421 1670 4472 τοῦ
1703 4421 1864 4474 θανόι⁸

320 4533 412 4569 του
443 4516 554 4570 τῶν
583 4514 753 4582 ἁγίων
783 4511 1096 4582 μαρτύρων,
1125 4505 1232 4562 οἷον
1259 4511 1354 4579 τῆς
1375 4509 1646 4577 ὑπομονῆς
1670 4509 1863 4574 αὐτῶν,

322 4607 416 4656 καὶ
442 4606 543 4674 τῆς
579 4603 688 4671 (56)
720 4599 1002 4669 ὁμολογίας
1029 4598 1123 4663 τῆς
1154 4598 1309 4667 μέχρι
1345 4597 1568 4649 θανάτου
1589 4636 1604 4660 ,
1653 4598 1745 4650 καὶ
1771 4599 1865 4668 τῆς

323 4697 402 4755 εἰς
434 4695 498 4745 τὸ
531 4691 754 4750 εύσεϐἐς
779 4687 1080 4757 προθυμίας
1105 4725 1120 4749 ,
1149 4686 1520 4755 ἁμϐλυνούσης
1555 4683 1614 4735 τὺ
1650 4684 1742 4747 ὀξὺ
1769 4687 1868 4755 τῆς

324 4783 550 4834 ἐκείνων
581 4779 724 4832 κατά
753 4776 843 4828 τοῦ
878 4777 1168 4844 πάσχοντος
1217 4772 1529 4841 ἐπιϐουλῆς,
1562 4771 1698 4823 ὥστε
1717 4810 1732 4835 ,
1761 4774 1867 4842 ἀμ-

324 4870 663 4940 ϐλυνομένης
706 4867 798 4919 καὶ
843 4865 1172 4934 ἀτονησάσης
1216 4863 1314 4932 τῆς
1360 4861 1635 4929 δυνάμεως
1672 4863 1865 4926 αὐτῶν,

325 4965 417 5018 καὶ
440 4963 664 5031 ἐτέρους
691 4958 934 5019 πλείονας
953 4956 1058 5008 τῶν
1077 4953 1436 5022 νενικημένων
1462 4951 1699 5004 ἀνίεσθαι
1719 4955 1868 5007 ἐλευ-

1953 4341 2174 4394 stimare
2217 4341 2470 4396 debemus
2519 4341 2931 4396 destructionem
2967 4341 3079 4393 fieri
3130 4341 3487 4406 potentiarum

1956 4429 2312 4482 maleficarum
2339 4445 2432 4499 per
2459 4439 2680 4484 mortem
2717 4441 3020 4483 sanctorum
3044 4428 3489 4499 martyrum,vel-

1955 4520 2030 4573 uti
2068 4520 2343 4574 tolerantia
2379 4536 2562 4575 eorum
2593 4531 2645 4574 et
2671 4521 3004 4575 confessione
3049 4535 3217 4588 usque
3240 4523 3306 4574 ad
3343 4535 3489 4574 mor-

1959 4617 2099 4672 tem,
2149 4617 2306 4676 atque
2355 4623 2478 4676 erga
2541 4607 2694 4678 15¢
2742 4610 2990 4676 pietatem
3041 4607 3487 4674 promptitudine,

1958 4695 2331 4751 hebetantibus
2381 4704 2435 4748 et
2478 4696 2842 4763 mitigantibus
2872 4695 3139 4748 feritatem
3173 4693 3487 4746 insidiarum

1957 4795 2298 4854 tyrannorum
2327 4782 2550 4844 illorum,
2573 4791 2757 4836 contra
2790 4791 2864 4835 tot
2885 4781 3148 4835 cruciatus
3178 4778 3486 4845 patientem.

1962 4884 2019 4928 ut
2052 4875 2299 4928 hebetata
2331 4881 2384 4926 et
2416 4872 2574 4926 debili
2604 4871 2808 4924 reddita
2837 4867 3068 4936 potentia
3103 4867 3358 4932 ipsorum,
3397 4864 3485 4916 alii

1961 4964 2121 5018 etiam
2161 4962 2338 5030 plures
2365 4961 2509 5021 victi,
2543 4959 2934 5014 dimitterentur
2962 4952 3164 5006 liberati
3208 4965 3273 5004 eo
3298 4965 3486 5018 onere,

394 5076 436 5107 “
461 5073 620 5130 Joan.
655 5089 711 5138 ι,
746 5073 828 5127 18.
894 5071 935 5102 ¹¹
959 5069 1080 5125 Ose.
1111 5083 1215 5129 XIV,
1245 5065 1332 5119 10.
1409 5063 1644 5118 "Judic.
1681 5069 1864 5134 xt,55.
1936 5075 2002 5106 ω’
2023 5074 2151 5128 ibid.
2182 5071 2270 5126 56.
2346 5069 2389 5100 “
2413 5066 2536 5133 Sap.
2569 5081 2702 5128 xvu,
2735 5065 2784 5116 l.
2860 5061 2902 5091 η
2944 5055 3166 5121 Philipp.
3198 5067 3271 5118 tv,
3298 5053 3352 5107 5.

394 5163 508 5244 (ξε)
548 5150 1238 5244 ξαρςιςφέρεταξιίτξῖιῖιῖττ
1256 5163 1388 5244 PES:
1407 5152 1861 5244 S_‘f..i{'-.'“?_'8‘"‘

1979 5165 2162 5244 Regio,
2188 5162 2293 5244 sed‘
2305 5145 3140 5244 restituit}:r‘e‘cod:nl3t{ltll‘eia:ig.

328 5225 537 5310 codicis
575 5225 851 5310 Bodleiani
877 5227 1170 5281 restituitur
1198 5226 1391 5276 lacuna
1423 5235 1541 5289 quae
1566 5232 1644 5277 est
1685 5225 1738 5277 in
1758 5225 1870 5281 'co-

331 5299 984 5436 ὼῗὲδῗθῖλὼλεγόμενα.
1045 5358 1437 5420 Scribentlum,
1491 5357 1591 5410 τῶν
1641 5359 1872 5429 λεγομέ-

331 5450 512 5574 mal)
568 5497 668 5554 Ἐν
694 5498 820 5563 ταῖς
849 5497 1068 5552 ἑαυτῶν
1109 5493 1375 5559 πατρίσι.
1410 5492 1566 5549 Deest
1594 5495 1644 5550 in
1676 5495 1872 5552 codice

2045 5208 2167 5300 (3-5)"
2191 5208 2317 5280 Rle
2334 5208 2735 5300 ἐςιιραδέχξῖαι,
2748 5227 2881 5300 _etc._
2894 5208 3321 5300 y‘itlefpli‘stolam
3356 5211 3498 5276 prio-

1979 5277 2426 5352 reftilfletiientis:
2447 5277 2680 5357 capI'55,
2709 5277 2762 5342 et
2796 5277 3244 5357 notas-(Sotelerii.

2495 5342 2597 5411 etc.
2773 5345 3130 5434 recteullaljgt‘
3161 5342 3326 5434 codex
3362 5344 3501 5400 Βοιι.

1979 5409 2606 5494 leiavttvuSE-editio'autem
2645 5421 2842 5480 lluetii,
2869 5409 3008 5466 κατὰ
3037 5409 3156 5476 τῆς,
3183 5419 3285 5462 elc-
