3880 6178
406 273 508 328 ⁸295

1790 252 2116 313 OBIGENIS

3523 247 3636 302 296

416 386 522 444 quo
548 375 791 445 potentia:
817 373 952 427 male
984 373 1239 428 instantes
1263 385 1354 427 eos
1390 370 1677 441 gravabant
1696 378 1747 424 et
1780 370 1936 422 laede-

2045 364 2396 438 θερουμένους
2436 364 2526 418 τοῦ
2573 363 2798 435 βάρους,
2833 358 2895 416 οῦ
2929 362 3171 434 πονηραὶ
3198 360 3472 431 δυναμεις
3507 361 3625 413 ἐπι-

415 467 561 519 baut.
585 465 716 530 Quin
740 461 900 515 etiam
932 468 1191 531 martyres
1221 461 1318 529 ipsi
1354 461 1440 530 qui
1471 460 1609 524 passi
1633 464 1936 525 sunt,post-

406 570 472 611 ea
509 564 612 608 non
659 547 901 606 incidunt
939 551 990 606 in
1023 552 1303 622 supplicia,
1334 554 1582 620 quamvis
1618 566 1719 607 non
1756 551 1946 607 debili-

407 638 528 698 tatis
571 652 634 696 ac
680 641 960 696 delassatis
1008 640 1091 695 his
1136 644 1226 711 qui
1268 643 1403 697 alios
1464 643 1618 698 malis
1667 643 1945 708 adiciunt,

402 732 651 784 nimirum
682 729 805 796 quia
839 730 882 783 is
909 730 998 797 qui
1040 732 1199 783 talem
1245 732 1515 785 victimam
1559 733 1770 795 obtulit,
1817 733 1946 786 vicit

402 816 542 867 hanc
590 815 917 867 contrariam
972 818 1280 884 potentiam,
1313 828 1558 887 tanquam
1595 820 1639 873 si
1690 836 1756 874 ex
1790 830 1947 888 parte

402 901 503 954 hac
522 909 701 955 uterer
730 903 1073 958 similitudine
1101 905 1214 958 utili
1239 908 1303 959 ad
1330 922 1390 961 ea
1415 910 1478 961 de
1504 909 1697 976 quibus
1731 909 1942 977 agitur:

399 988 501 1055 Qui
533 990 781 1044 interﬁcit
818 1000 914 1043 aut
948 993 1188 1046 carmine
1216 994 1351 1061 sopit
1380 994 1578 1048 animal
1604 984 1942 1061 venenatum,

400 1087 494 1131 aut
529 1077 698 1146 ipsum
722 1078 774 1131 vi
804 1079 1049 1147 quapiam
1093 1094 1318 1136 vacuum
1367 1084 1594 1138 reddita
1630 1098 1857 1149 veneno,
1898 1087 1944 1140 is

399 1165 451 1219 in
480 1167 670 1222 multos
701 1167 958 1222 beneﬁcia
987 1168 1213 1233 confert,
1241 1171 1331 1238 qui
1358 1170 1409 1224 in
1436 1182 1702 1238 posterum
1737 1175 1944 1242 aliquid

399 1255 608 1321 passuri
655 1266 829 1319 erant,
859 1257 961 1309 nisi
1016 1256 1354 1311 interiectum
1400 1259 1527 1313 illud
1579 1260 1659 1313 vel
1715 1263 1944 1331 supitum

399 1341 590 1396 fuisset
615 1342 697 1396 vel
727 1358 934 1399 veneno
977 1356 1321 1401 evacuatum.
1350 1347 1525 1417 Atque
1562 1350 1725 1403 etiam
1757 1350 1802 1405 si
1844 1352 1945 1405 ali-

398 1430 484 1486 cui
513 1446 694 1487 morso
720 1434 1057 1490 manifestum
1099 1436 1213 1500 ﬁat,
1239 1443 1293 1490 et
1319 1434 1577 1492 liberatus
1598 1438 1685 1493 ille
1709 1454 1738 1492 a
1776 1454 1943 1495 nocu-

399 1529 582 1575 mento
608 1535 706 1589 per
726 1537 956 1579 morsum
980 1534 1273 1592 contracto,
1293 1526 1489 1596 deligat
1506 1528 1691 1583 oculos
1715 1526 1765 1582 in
1800 1545 1943 1584 mor-

401 1620 547 1665 tuum
592 1613 681 1680 qui
708 1608 964 1676 lzesit,vel
993 1615 1271 1670 inscendat
1303 1624 1591 1680 mortuum,
1611 1617 1694 1670 vel
1720 1615 1938 1687 attingat

398 1706 694 1767 mortuum,
715 1700 799 1756 vel
831 1712 1009 1772 gustet
1030 1704 1189 1773 hujus
1222 1713 1452 1772 partem,
1490 1704 1582 1758 ﬁet
1613 1720 1743 1758 sane
1785 1717 1937 1760 antea

399 1802 559 1857 passo
586 1788 868 1853 medicina,
891 1799 945 1843 et
965 1789 1278 1843 beneﬁcium
1311 1791 1378 1844 ab
1397 1802 1461 1844 eo
1480 1788 1569 1858 qui
1590 1781 1943 1844 interfecisset

400 1877 454 1930 id
474 1878 615 1944 quod
638 1877 878 1931 laedebat.
894 1877 1074 1931 Simile
1094 1877 1341 1946 quiddam
1364 1876 1478 1932 ﬁeri
1499 1887 1669 1931 morte
1689 1876 1945 1946 piiSSimo-

398 1978 519 2017 rum
546 1973 833 2033 martyrum
860 1963 1267 2017 existimandum
1294 1972 1393 2027 est,
1420 1963 1601 2018 multis
1622 1978 1686 2017 ex
1709 1964 1943 2032 ipsorum

401 2062 572 2106 morte
601 2052 853 2106 indicibili
877 2052 1102 2120 quadam
1123 2052 1173 2105 vi
1198 2053 1561 2121 adjumentum
1587 2053 1940 2107 sumentibus.

471 2154 559 2208 57.
598 2154 861 2209 Caeterum
903 2154 1127 2208 multum
1178 2152 1442 2207 immorati
1488 2167 1672 2207 sumus
1700 2149 1765 2207 de
1803 2166 1945 2204 mar-

314 2268 320 2274 -
405 2246 608 2315 tyribus
640 2247 797 2298 verba
826 2244 1104 2305 facientes,
1131 2252 1291 2311 atque
1317 2252 1631 2298 enarrantes
1658 2241 1722 2297 de
1741 2241 1825 2295 his
1854 2240 1943 2310 qui

403 2336 677 2402 perierunt
718 2333 785 2386 ob
818 2332 1127 2402 pestilentes
1169 2331 1601 2396 constitutiones,
1646 2339 1703 2385 ut
1731 2328 1943 2385 videre-

400 2439 518 2477 mus
541 2422 912 2476 excellentiam
944 2420 1083 2476 illius
1121 2421 1211 2490 qui
1243 2421 1436 2475 ductus
1461 2430 1542 2475 est
1568 2414 1714 2476 velut
1733 2418 1848 2474 ovis
1876 2418 1943 2471 ad

400 2510 621 2572 caedem,
644 2510 840 2577 quique
868 2509 1005 2563 sicut
1030 2524 1197 2578 agnus
1219 2522 1399 2563 coram
1424 2509 1678 2562 tondente
1706 2505 1802 2560 fuit
1831 2518 1944 2559 mu-

404 2610 488 2652 tus
521 2598 587 2650 ".
619 2595 857 2664 Namque
903 2597 949 2650 si
996 2597 1172 2665 aliqua
1204 2598 1450 2666 gentibus
1480 2611 1584 2650 non
1617 2593 1756 2649 falso
1786 2593 1946 2648 histoo

403 2685 497 2737 riis
537 2684 782 2737 mandata
814 2693 959 2748 sunt,
998 2684 1174 2752 aliqua
1197 2699 1324 2740 vero
1369 2695 1476 2739 tum
1518 2683 1584 2737 de
1616 2683 1943 2753 martyribus

402 2779 526 2825 sunt
558 2771 717 2835 dicta,
740 2771 830 2842 qui
856 2768 1065 2826 fuerunt
1090 2774 1270 2827 mundi
1292 2778 1642 2842 purgamenta
1668 2770 1733 2837 ",
1751 2782 1860 2826 tum
1876 2772 1943 2825 de

401 2857 781 2927 apostolisﬁqui
815 2860 1055 2914 omnium
1083 2860 1461 2929 rejectsmenta
1477 2860 1546 2920 ob
1570 2862 1705 2914 hanc
1722 2871 1941 2913 causam

2043 456 2283 525 κείμεναι
2315 453 2588 528 ἐφόρτιζον
2626 452 2738 523 (37)
2778 453 2872 506 καὶ
2898 452 3195 506 ἔϐλαπτον.
3255 449 3427 503 Ἀλλά
3460 448 3558 503 καὶ
3583 452 3634 502 οἱ

2043 544 2305 605 παθόντες
2332 542 2396 594 ἂν
2416 582 2431 606 ,
2489 542 2563 612 μὴ
2612 541 2990 611 άτονησάντων
3043 539 3154 593 τῶν
3203 539 3635 611 ἐνεργησάντων

2043 633 2122 695 εἱς
2152 630 2367 703 ἐτέρους
2394 631 2462 683 τὰ
2493 632 2726 701 χείρονα,
2761 631 2947 683 οὐκέτι
2978 629 3387 697 περιπίπτουσι
3420 628 3500 697 τῷ
3529 628 3635 681 πά-

2045 720 2146 781 θει,
2180 721 2497 789 νικήσαντος
2549 718 2641 771 τοῦ
2673 719 2771 789 τὴν
2796 712 3055 788 τοιαύτην
3092 718 3293 770 Θυσίαν
3346 733 3636 789 προσαγα-

2044 808 2230 876 γόντος
2260 806 2413 876 τήνδε
2445 806 2543 875 τὴν
2574 806 2957 876 ἀντικειμένην
2984 807 3251 876 δύναμιν,
3306 805 3387 868 ὡς
3431 807 3482 858 εἱ
3524 806 3636 858 ἀπὸ

2047 897 2242 967 μέρους
2268 894 2581 965 ἐχρησάμην
2615 893 2779 948 εἰκόνι
2811 895 3069 965 χρησίμῳ
3116 894 3260 965 πρὸς
3308 893 3382 947 τὰ
3420 894 3638 965 προκεί-

2048 1003 2182 1056 μενα
2219 984 2465 1056 τοιαύτῃο
2509 985 2566 1038 '0
2619 985 2671 1037 τὶ
2704 985 2943 1055 ἀναιρῶν
2976 985 3037 1037 τὸ
3080 984 3330 1048 ἰοϐόλον,
3391 983 3427 1055 ἢ
3463 1001 3637 1038 καταο

2044 1075 2299 1144 κοιμίζων
2329 1073 2563 1144 ἐπῳδῇῆ
2601 1074 2823 1144 δυνάμει
2847 1074 2975 1138 τινὶ,
3007 1073 3187 1126 κενῶν
3214 1073 3357 1127 αὐτὸ
3389 1073 3488 1126 τοῦ
3526 1074 3631 1136 ἰοῦ,

2045 1165 2268 1227 πολλοὺς
2300 1166 2572 1234 εὐεργετεῖ
2616 1164 2723 1215 τῶν
2755 1163 2978 1233 ὕστερον
3028 1164 3388 1234 πεισομένων
3430 1181 3486 1216 τι
3534 1152 3633 1216 ἀπ’

2045 1253 2207 1307 αὑτοῦ
2227 1296 2240 1320 ,
2275 1256 2323 1306 εἱ
2351 1255 2423 1324 μὴ
2451 1253 2684 1323 ἀνῄρητο
2703 1292 2717 1317 ,
2759 1252 2791 1323 ἢ
2823 1253 3325 1323 κατακεκοίμιστο,
3358 1252 3394 1323 ἢ
3421 1252 3519 1307 τοῦ
3553 1253 3636 1307 ἰοῦ

2046 1344 2331 1398 κεκένωτο.
2368 1345 2430 1397 Et
2451 1344 2507 1397 δέ
2531 1345 2623 1396 xui.
2644 1343 2752 1396 τῶν
2778 1344 3087 1414 δηχθέντων
3119 1344 3233 1396 τινὶ
3271 1340 3514 1415 φανερὸν
3542 1344 3637 1412 γέ-

2047 1451 2185 1487 νοιτο
2225 1432 2351 1504 περὶ
2376 1435 2473 1504 τῆς
2508 1433 2600 1486 ἐπὶ
2628 1433 2705 1503 τῷ
2731 1434 2968 1505 δήγματι
3007 1434 3221 1505 βλάϐης
3241 1473 3257 1498 ,
3290 1435 3637 1504 ἀπαλλαγείς

2044 1541 2104 1577 τε
2143 1522 2437 1576 ἐνατενίσαι
2490 1522 2809 1577 ἀποθανόντι
2848 1523 2926 1594 τῷ
2968 1522 3282 1593 βλάψαντι,
3325 1525 3360 1595 ἢ
3399 1526 3633 1597 ἐπιϐαίη

2046 1613 2262 1686 νεκροῦ,
2292 1612 2325 1685 ἢ
2356 1612 2616 1682 ἐφάψαιτο
2644 1612 2967 1683 τεθνηκότος
3001 1612 3137 1683 (38),
3247 1606 3517 1683 γεύσαιτο
3548 1617 3640 1686 μέ-

2046 1720 2171 1775 ρους
2199 1702 2371 1765 τοῦδε,
2398 1703 2592 1770 γένοιτ’
2620 1701 2685 1755 ἂν
2713 1701 2807 1755 καὶ
2826 1701 2906 1773 τῷ
2930 1703 3346 1773 προπεπονθότι
3371 1702 3517 1769 ῐασις
3543 1704 3639 1760 καὶ

2045 1791 2329 1863 εὐεργεσία
2356 1791 2462 1844 ἀπὸ
2494 1790 2586 1844 τοῦ
2626 1792 2686 1844 τὸ
2719 1790 2925 1860 βλάψαν
2955 1792 3307 1863 ἀνῃρηκότος
3330 1811 3344 1825 υ
3390 1794 3635 1848 τοιοῦτόν

2042 1898 2095 1934 τι
2121 1881 2185 1951 δὴ
2213 1880 2427 1951 νοητέον
2458 1880 2536 1950 τῷ
2565 1881 2777 1951 θανάτῳ
2809 1881 2917 1933 τῶν
2961 1880 3390 1935 εὐσεϐεστάτων
3428 1883 3636 1955 μαρτύ-

2046 1986 2154 2039 ρων
2174 1970 2436 2037 γίνεσθαι,
2468 1969 2674 2022 πολλῶν
2699 1970 2890 2040 ἀφάτῳ
2922 1969 3031 2023 τινὶ
3057 1971 3296 2041 δυνάμει
3319 1973 3639 2047 ὠφελουμέ-

2043 2075 2146 2111 νων
2178 2056 2283 2111 ἀπὸ
2316 2058 2407 2111 τοῦ
2435 2058 2659 2112 θανάτου
2686 2059 2884 2113 αὐτῶν.

2113 2143 2201 2199 '57.
2241 2144 2728 2216 Προσδιετρίψαμεν
2755 2146 2833 2209 δὲ,
2870 2146 3015 2218 ὑπὲρ
3048 2146 3147 2200 τοῦ
3181 2148 3249 2201 τὸ
3284 2148 3400 2220 (⁸59)
3432 2150 3638 2221 ἐξαίρε-

2042 2250 2132 2287 τον
2162 2235 2286 2288 ίδεϊν
2312 2232 2405 2287 τοῦ
2432 2234 2507 2297 ὡς
2529 2233 2793 2305 πρόϐατον
2831 2236 2925 2288 ἐπὶ
2953 2236 3171 2307 σφαγὴν
3212 2237 3503 2307 ἀχθέντος,
3545 2241 3637 2292 καὶ

2042 2323 2116 2387 ὡς
2148 2323 2320 2394 ἀμνοῦ
2354 2325 2579 2378 ἐνώπιον
2621 2325 2711 2379 τοῦ
2757 2326 3043 2397 κείραντος
3085 2327 3352 2396 ἀφώνου,
3398 2328 3479 2399 τῷ
3509 2331 3635 2401 περὶ

2045 2411 2153 2465 τῶν
2187 2409 2476 2481 μαρτύρων
2507 2410 2646 2481 λόγῳ
2665 2451 2679 2475 ,
2711 2412 2807 2464 καὶ
2838 2411 2915 2483 τῷ
2946 2413 3091 2484 ὑπὲρ
3138 2415 3255 2468 τῶν
3287 2415 3636 2487 τεθνηκότων

2050 2502 2138 2555 διά
2190 2500 2410 2571 λοιμικά
2458 2503 2852 2572 καταστήματα
2894 2502 3224 2573 διηγήματι.
3260 2505 3327 2557 Et
3370 2506 3483 2576 γὰρ
3507 2507 3633 2560 τάδε

2045 2593 2144 2662 μὲν
2170 2592 2274 2645 ὑπὸ
2310 2591 2570 2661 Ἐλλήνων
2599 2593 2659 2645 οὐ
2688 2594 2863 2663 μάτην
2890 2594 3219 2666 ἱστόρηται,
3262 2596 3337 2650 τὰ
3358 2597 3417 2650 δὲ
3448 2596 3634 2662 καλῶς

2047 2688 2173 2757 περὶ
2210 2685 2316 2739 τῶν
2367 2683 2653 2756 μαρτύρων
2698 2683 2912 2755 εἴρηται
2963 2676 3633 2757 περικαθαρμάτωνποῦ

2045 2774 2247 2845 κόσμου
2280 2774 2573 2842 γινομένων
2600 2775 2693 2825 καὶ
2730 2772 2946 2827 πάντων
2974 2772 3277 2845 περίψημα
3322 2775 3635 2846 λεγομένων

2043 2862 2129 2916 διὰ
2154 2862 2323 2917 ταῦτα
2354 2862 2459 2915 τῶν
2487 2858 2827 2927 ἀποστόλων,
2873 2861 2928 2914 τί
2955 2860 3311 2933 ὑποληπτέον
3341 2865 3438 2919 καὶ
3469 2864 3632 2935 πηλίο

402 2948 673 3004 dicuntur.
696 2947 823 3015 quid
850 2952 904 3001 el.
929 2959 1193 3016 quantum
1226 2951 1562 3005 sentiendum
1589 2959 1671 3004 est
1701 2952 1767 3003 de
1791 2949 1940 3017 Aguo

2043 2970 2137 3007 κον
2165 2954 2292 3024 περὶ
2323 2951 2417 3006 τοῦ
2455 2951 2647 3023 Ἀμνοῦ
2682 2948 2774 3005 τοῦ
2805 2952 2941 3005 Θεοῦ
2961 2991 2976 3016 ,
3006 2950 3098 3007 διά
3139 2953 3309 3008 τοῦτο
3343 2952 3630 3025 θυομένου,

402 3036 492 3090 illo
518 3037 632 3099 Dei,
663 3039 752 3105 qui
781 3040 850 3091 oh
880 3039 1018 3092 hanc
1045 3054 1266 3093 causam
1301 3038 1639 3094 sacriﬁcatur
1660 3077 1675 3102 ,
1699 3047 1758 3091 ut
1792 3035 1943 3091 tollat

401 3133 819 3193 peccatum,non
846 3126 1266 3194 paucorum,sed
1286 3128 1448 3181 totius
1469 3128 1682 3189 mundi,
1713 3138 1809 3194 pro
1836 3138 1942 3192 quo

401 3228 456 3270 et
483 3232 667 3286 passus
695 3217 811 3270 est?
846 3236 865 3269 ι
898 3217 1150 3282 Quamvis
1184 3218 1323 3270 enim
1379 3225 1562 3286 peccet
1596 3216 1808 3284 aliquis,
1851 3217 1944 3269 ad-

402 3314 643 3359 vocatum
674 3306 929 3359 habemus
945 3306 1084 3375 apud
1117 3304 1328 3358 Patrem
1355 3304 1535 3360 Jesum
1551 3303 1823 3358 Christum
1849 3304 1941 3371 ju-

403 3405 578 3459 stum;
619 3393 774 3462 155
803 3403 855 3447 et
881 3395 991 3462 ipse
1015 3395 1321 3463 propitiatio
1345 3404 1429 3449 est
1455 3408 1552 3463 pro
1583 3391 1815 3463 peccatis
1844 3407 1943 3445 no-

404 3484 531 3536 stris
562 3500 576 3538 :
602 3501 704 3536 non
734 3498 830 3551 pro
861 3484 1055 3537 nostris
1087 3495 1263 3538 autem
1289 3494 1513 3546 tantum,
1537 3483 1630 3537 sed
1655 3478 1812 3536 etiam
1845 3498 1942 3551 pro

407 3568 569 3623 toﬁus
618 3570 796 3624 mundi
823 3566 902 3637 “;
934 3589 953 3622 ι
988 3573 1237 3640 quoniam
1272 3590 1290 3623 ι
1316 3570 1573 3626 Servatur
1596 3580 1674 3625 est
1704 3572 1939 3624 omnium

408 3657 680 3712 hominum
709 3699 724 3723 ,
754 3668 804 3712 et
832 3660 1061 3713 maxime
1088 3660 1318 3715 ﬁdelium
1345 3660 1386 3693 ¹⁹
1420 3679 1434 3715 :
1471 3679 1490 3713 ι
1530 3661 1616 3729 qui
1646 3675 1743 3714 suo
1776 3660 1941 3729 ipsius

404 3747 659 3816 sanguine
695 3766 712 3798 ι
747 3748 1182 3818 chirographum,
1205 3748 1345 3818 quod
1378 3748 1636 3802 adversus
1676 3761 1772 3801 nos
1796 3755 1934 3809 erat,

403 3834 623 3898 delevit,
656 3845 710 3889 et
741 3833 867 3889 illud
895 3835 1109 3890 sustulit
1134 3850 1164 3889 e
1187 3836 1377 3902 medio,
1399 3847 1451 3893 et
1471 3836 1632 3892 aiﬁxit
1653 3838 1794 3892 cruci
1819 3835 1885 3902 ιθ,
1916 3854 1934 3886 ι

404 3933 554 3979 utne
582 3924 802 3994 vestigia
851 3923 1069 3995 quidem
1124 3932 1465 3987 peccatorum
1516 3915 1935 3991 perpetratorum

407 4014 747 4070 inveniantur
779 4031 793 4069 :
827 4016 914 4084 qui
949 4032 967 4066 ι
1002 4012 1309 4081 exspolians
1336 4010 1667 4078 principatus
1696 4027 1758 4065 ac
1788 4021 1940 4079 pete-

505 4176 548 4207 “
577 4174 676 4227 lsa.
700 4182 753 4233 ι,
781 4183 860 4228 ιιι,
893 4169 944 4219 7.
1017 4165 1059 4196 "
1084 4162 1106 4214 l
1129 4161 1251 4215 Cor.
1285 4175 1354 4223 Iv,
1385 4158 1470 4211 15.

2043 3040 2127 3094 ἵνα
2159 3041 2265 3111 ἄρῃ
2293 3040 2562 3110 ἁμαρτίαν
2591 3040 2691 3092 οὐκ
2716 3038 2936 3109 ὀλίγων,
2963 3038 3080 3093 ἀλλ’
3114 3040 3245 3095 ὅλου
3275 3042 3373 3096 τοῦ
3401 3043 3630 3110 κόσμου,

2046 3129 2185 3200 ὑπὲρ
2201 3122 2261 3182 οῦ
2277 3129 2367 3183 καὶ
2378 3125 2608 3182 πέπονθε
2628 3145 2643 3194 ;
2669 3147 2688 3179 ι
2713 3127 2832 3181 Κᾶν
2853 3128 2963 3200 γάρ
2976 3146 3062 3193 τις
3082 3130 3634 3205 ἀμάρτῃ,παράκληο

2044 3235 2134 3271 τον
2160 3216 2352 3288 ἔχομεν
2376 3216 2509 3286 πρὸς
2526 3216 2616 3270 τὸν
2635 3216 2857 3288 Πατέρα
2896 3217 3105 3287 Ἰησοῦν
3117 3218 3364 3291 Χριστὸν
3399 3220 3627 3286 δίκαιον,

2045 3305 2139 3358 καὶ
2185 3305 2343 3367 αὐτὸς
2376 3304 2595 3374 ἱλασμός
2629 3305 2743 3357 ἐστι
2795 3305 2923 3376 περὶ
2963 3304 3074 3358 τῶν
3107 3307 3406 3378 ἁμαρτιῶν
3436 3308 3593 3380 ἡμῶν
3613 3325 3629 3341 ο

2043 3392 2141 3445 οὐκ
2168 3392 2258 3445 ἐπὶ
2288 3390 2391 3444 τῶν
2423 3392 2702 3462 ἡμετέρων
2729 3390 2787 3444 δέ
2817 3393 2996 3462 μόνον,
3035 3394 3176 3448 ἀλλά
3214 3397 3311 3449 καὶ
3338 3395 3471 3468 περὶ
3510 3397 3630 3451 ὅλου

2041 3479 2134 3531 τοῦ
2168 3480 2369 3549 κόσμου
2387 3494 2400 3509 ⁶
2434 3497 2452 3530 ι
2487 3479 2607 3532 ἐπεὶ
2634 3498 2657 3530 ι
2691 3481 2883 3552 Σωτήρ
2913 3481 3029 3534 ἐστι
3055 3485 3282 3538 πάντων
3298 3486 3628 3557 ἀνθρώπων,

2043 3568 2138 3619 atat
2169 3568 2400 3638 μάλιστα
2430 3567 2631 3621 πιστῶν
2649 3584 2662 3598 ·
2693 3566 2722 3620 ό
2756 3569 3043 3639 ἐξαλείψας
3080 3572 3146 3625 τὸ
3176 3573 3304 3627 καθ’
3329 3575 3489 3645 ἡμῶν
3517 3594 3630 3646 χει-

2043 3659 2312 3729 ρόγραφον
2336 3678 2354 3710 ι
2391 3659 2468 3728 τῷ
2500 3659 2691 3712 ἐαυτοῦ
2744 3658 2937 3730 αἵματι
2962 3701 2978 3725 ,
3019 3680 3037 3713 ι
3071 3663 3170 3716 καὶ
3217 3664 3362 3736 ἄρας
3392 3666 3529 3719 αὐτὸ
3566 3668 3631 3719 ἐκ

2038 3746 2131 3799 τοῦ
2175 3747 2337 3816 μέσου
2357 3785 2372 3810 ,
2414 3765 2433 3798 ι
2454 3746 2541 3800 ῐνα
2570 3747 2702 3818 μηδὲ
2732 3747 2852 3819 ῐχνη
2883 3749 2991 3803 κᾶν
3020 3752 3485 3826 ἀπαληλιμμένον
3519 3754 3631 3808 τῶν

2041 3836 2444 3907 ἁμαρτημάτων
2489 3836 2843 3908 εὑρίσκηται,
2898 3859 2917 3891 ι
2961 3841 3056 3894 καὶ
3108 3844 3483 3916 προσηλώσας
3550 3846 3628 3915 τῷ

2042 3922 2258 3995 σταυρῷ
2276 3943 2290 3956 ο
2325 3943 2343 3976 ι
2370 3954 2439 3963 —
2460 3923 2519 3988 ὃς
2543 3928 2988 3998 ἀπεκδυσάμενος
3016 3931 3116 3996 τὰς
3154 3935 3339 4006 ἀρχάς
3363 3975 3379 3999 ,
3412 3936 3508 3990 καὶ
3530 3936 3629 3999 τάς

2043 4013 2287 4078 ἐξουσίας
2316 4014 2686 4085 ἐδειγμάτισεν
2728 4017 2785 4069 ἐν
2823 4018 2888 4087 τῇ
2925 4020 3213 4092 παρρησίᾳ.
3244 4022 3627 4095 θριαμϐεύσας

1546 4158 1588 4187 ⁸⁸
1610 4164 1630 4209 ι
1651 4160 1802 4210 Joan.
1842 4172 1901 4222 ιι,
1930 4161 1981 4224 1,
2005 4160 2060 4213 2.
2135 4159 2179 4192 "
2206 4158 2227 4212 Ι
2255 4158 2391 4212 Tim.
2421 4173 2493 4223 tv,
2533 4158 2618 4213 10.
2693 4158 2739 4190 ⁸⁸
2772 4157 2949 4212 Colos.
2983 4173 3047 4225 ιι,
3078 4161 3164 4214 14.

474 4272 589 4345 ('57)
637 4274 985 4343 'Egaépttfor.
1018 4272 1108 4328 Sic
1134 4272 1300 4325 codex
1330 4268 1684 4331 Bodleianus;
1715 4268 1929 4339 Regius,

2043 4286 2168 4345 nes‘:
2203 4268 2743 4345 ζνίεμιιρτιὶρηται-δέεΔ
2767 4273 2860 4326 καὶ
2910 4274 3065 4345 παρά
3095 4246 3213 4342 τοῖς
3252 4276 3492 4345 ἔθνεσιν,
3538 4282 3623 4336 ὅτι

404 4344 682 4398 ἐφοίτιζον.

434 4344 1331 4479 φῖὲἓξῗέφᾴψαιτο-τεθνηκότος.
1353 4404 1424 4458 Ita
1446 4404 1565 4458 cod.
1585 4402 1831 4458 Bodleian
1840 4420 1931 4470 us;

407 4473 626 4544 Regius,
650 4473 849 4544 ὲῲάῷαι
877 4476 970 4527 τοῦ
1001 4473 1333 4544 τεθνηκότος.

478 4497 486 4532 ξ
526 4495 626 4540 tus,
650 4495 849 4544 εφαψαι
877 4495 970 4527 του
1001 4495 1333 4543 τευνηκοτος.

478 4495 589 4617 ἔξω)
626 4539 1269 4617 Upog§t£tpl¢q1t€r__6é,
1283 4538 1443 4617 amp
1466 4536 1580 4617 τοῦ.
1602 4543 1690 4604 τό,
1719 4550 1822 4596 etc.

410 4606 497 4671 his
532 4606 714 4668 verbis
738 4606 1111 4667 Tillemontius
1135 4606 1332 4675 aliquid
1365 4606 1520 4678 supra
1550 4611 1736 4664 deesse
1760 4611 1933 4676 suspi-

411 4695 583 4747 catur,
613 4683 702 4736 ιιιιί
749 4691 861 4732 tum
906 4682 969 4732 de
998 4679 1339 4747 martyribus,
1367 4690 1474 4731 tum
1507 4679 1573 4732 de
1602 4687 1748 4746 peste
1794 4693 1931 4745 qua-

410 4753 699 4819 damquae
752 4748 933 4801 uullihi
979 4746 1304 4819 inA_h_istoria
1346 4747 1634 4819 reperitur,
1689 4760 1932 4819 quasque,

416 4808 614 4889 inquit,
642 4819 782 4889 circa
812 4830 1009 4889 annum
1028 4808 1136 4867 ἳῗή
1165 4808 1417 4889 fortassis
1430 4808 1664 4889 grassata
1690 4808 1790 4889 est,
1816 4808 1937 4867 Orié

411 4880 574 4958 gerres
598 4880 768 4958 multa
794 4886 969 4958 verba
984 4881 1205 4936 fecerat.
1238 4880 1663 4958 Verum'itlnnon
1678 4882 1809 4936 satis
1847 4896 1935 4958 as-

413 4949 627 5022 sequar,
661 4955 802 5007 unde
834 4950 1099 5022 conjicere
1129 4950 1362 5022 potuerit
1398 4950 1788 5022 eruditissimus
1832 4949 1933 5022 vir.

417 5018 707 5092 Uti-nmque
770 5021 912 5092 enim
954 5020 1042 5092 hic
1092 5019 1398 5092 exsequitur
1443 5018 1830 5092 Origenes,__et
1861 5019 1937 5092 ile

417 5084 757 5159 martyribus,
786 5098 839 5159 et
881 5088 946 5140 de
989 5087 1053 5140 iis
1091 5088 1192 5159 qui
1210 5084 1482 5159 perierunt
1509 5084 1578 5159 ob
1609 5084 1938 5159 pestilentia-

416 5173 532 5210 rum
556 5151 975 5212 constitutiones
1020 5151 1264 5222 superius
1309 5157 1465 5207 verba
1514 5151 1938 5222 faci'cns.__Uude

416 5226 634 5278 minimo
659 5226 997 5278 detruncatus
1024 5218 1289 5291 putandus
1317 5234 1398 5275 est
1427 5222 1514 5275 ille
1542 5222 1706 5291 locus.
1740 5218 1939 5272 Deinde

418 5305 543 5344 vero
574 5294 661 5344 hic
697 5305 803 5345 non
844 5290 1108 5358 agitur'de
1136 5291 1201 5344 iis
1228 5291 1319 5357 qui
1346 5304 1482 5343 nova
1527 5290 1752 5358 quadam
1792 5296 1941 5358 peste

420 5360 717 5426 consumpti
746 5352 1020 5426 perierint.
1046 5359 1138 5409 sed
1164 5362 1229 5410 de
1247 5352 1323 5410 iis
1354 5357 1444 5424 qui
1474 5352 1769 5423 antiquitus
1794 5352 1936 5420 apud

424 5425 665 5488 gentiles,
710 5440 827 5477 cum
863 5426 1167 5491 pestilentes
1207 5427 1374 5477 morbi
1417 5434 1823 5491 grassarentur,_
1856 5433 1943 5491 se:

425 5494 566 5555 ipsos
615 5492 664 5545 in
716 5487 956 5544 victimas
1014 5504 1111 5558 pro
1162 5493 1332 5556 patria
1387 5487 1939 5558 tradideruuta‘Qttod

424 5554 693 5613 evidenter
737 5559 899 5623 liquet
938 5554 1097 5611 ex'co
1128 5554 1269 5622 quod
1310 5573 1469 5621 supra
1506 5562 1581 5612 ait
1610 5559 1723 5621 ipse
1756 5554 1939 5617 Orige-

2037 4340 2217 4411 πολλοί
2248 4339 2408 4401 τινες,
2438 4339 2699 4411 λοιμικῷν
2726 4339 3120 4411 ἐνσκηψάντων
3150 4339 3211 4399 ἐν
3242 4352 3371 4411 ταῖς
3411 4339 3625 4404 ἑαῦτῶν

2038 4408 2270 4485 πατρίσιὲ
2284 4408 2622 4485 νοσημάτων,
2646 4408 3284 4485 ἑαυτοὺςσφάγιαῌῠᾲπέρ
3304 4408 3410 4485 τοῦ
3438 4420 3623 4473 κοινοῦ

2037 4474 2463 4554 παραδεδωκασι..
2497 4477 2606 4528 Καὶ⁵
2642 4474 3013 4554 παραδέχεται
3030 4474 3202 4554 ’ταῦθ’
3245 4474 3414 4554 Ῐοῦτω
3461 4502 3625 4554 γεγο-

2036 4543 2202 4621 νέναι,
2235 4543 2332 4596 οὐκ
2353 4543 2564 4621 ἀλόγως
2596 4543 2888 4621 πιστεύσας
2920 4549 3051 4621 ταῖς.
3076 4549 3351 4621 ἱστορίαις
3373 4556 3404 4605 ό
3430 4543 3623 4619 πιστὸς

2035 4612 2296 4692 Κλήμης,
2337 4609 2710 4692 φιβ’-Παύλου
2772 4609 3249 4692 μαρτυρούμενος.
3305 4609 3619 4676 (Relatum

2035 4690 2214 4735 autem
2240 4686 2589 4757 ac__testalum
2624 4684 2784 4757 etiam
2811 4684 3218 4752 apud‘get‘ttiles
3243 4698 3353 4751 est,
3389 4692 3617 4754 multos,

2035 4764 2152 4825 cum
2188 4748 2498 4816 pestilentes
2528 4748 2702 4825 morbi
2730 4748 3143 4825 grassarentur,
3179 4748 3401 4825 seipsos
3449 4758 3504 4813 in
3540 4748 3620 4812 vi;

2035 4814 2226 4888 ctima’s
2262 4829 2368 4888 pre
2402 4816 2594 4888 patria,
2627 4814 2933 4888 tradidisse.
2964 4814 3149 4888 Atque
3199 4814 3324 4878 huic
3371 4826 3447 4881 ita
3483 4842 3618 4880 eve-

2036 4886 2179 4937 nisse
2229 4882 2479 4949 admittit,
2529 4898 2635 4937 non
2688 4882 2804 4939 sine
2839 4900 3007 4942 causa
3060 4882 3323 4948 historiis
3381 4896 3618 4948 credens

2030 4953 2281 5007 Clemens
2314 4950 2407 5003 ille
2439 4952 2643 5017 ﬁdelis,
2694 4954 2780 5006 cui
2832 4956 3216 5013 testimonium
3270 4961 3539 5016 tribuitur
3586 4979 3619 5017 α

2037 5019 2220 5072 Paulo.
2248 5037 2266 5069 ι
2321 5019 2528 5073 Similia
2565 5020 2768 5094 profert
2804 5021 3109 5094 inuiisdem
3156 5027 3618 5094 Commentariis.

2037 5096 2165 5164 tum.
2218 5100 2413 5150 xxvm,
2454 5088 2603 5164 num.
2651 5090 2749 5164 13,
2773 5098 2827 5143 et
2868 5088 2967 5155 lib,
2991 5107 3050 5164 ιν
3083 5096 3140 5148 in
3193 5096 3493 5164 Epistotam
3546 5088 3619 5153 ad

2035 5154 2456 5232 “manestcap:
2481 5156 2534 5219 5,
2552 5173 2705 5213 uum.
2724 5158 2787 5232 ἐς
2810 5154 2974 5232 atque
2987 5160 3085 5217 tib.
3114 5154 3340 5219 ιεοιέιτα
3369 5165 3616 5232 Celsum,

2035 5236 2185 5275 num.
2202 5222 2292 5276 51.
2312 5221 2450 5297 ιδίιῇι
2473 5238 2638 5297 po_r_t'o
2661 5221 3062 5297 notiusi't'squas
3085 5234 3405 5289 referuntur
3421 5236 3490 5289 de
3505 5221 3620 5288 Μεί-

2040 5303 2258 5371 ιιᾳξςοο,
2304 5290 2503 5371 godro,
2537 5290 3181 5371 hiacaria_,_1_’rotogenia
3229 5311 3285 5371 et
3332 5302 3613 5367 Paudora,

2040 5356 2291 5434 Philamis
2316 5357 2598 5434 fratribus,
2626 5364 2719 5418 Lei
2753 5356 2989 5432 ﬁliabus,
3012 5356 3230 5434 Curtio,
3261 5370 3445 5424 Deciis
3461 5356 3616 5424 aliis:

2042 5426 2368 5545 23313:"?
2396 5427 2540 5483 ultro
2574 5434 2734 5490 tuorti
2770 5449 2865 5505 pro
2895 5426 3172 5494 communi
3205 5426 3410 5494 civium
3439 5440 3615 5494 salute
