3880 6206
351 116 453 171 293

1763 110 2076 167 ORIGENIS

3448 111 3550 165 300

348 240 516 282 ctum.
552 228 653 279 Sed
683 228 972 294 quoniam,
1007 236 1063 277 ut
1094 225 1439 291 praediximus
1468 260 1485 285 .
1515 224 1674 277 rebus
1703 224 1880 275 adven

1992 219 2081 270 τοῦ
2119 219 2407 288 μυστηρίου
2437 219 2528 270 τοῦ
2565 218 2764 281 πάθους
2792 218 3074 287 είληςςότα.
3118 217 3254 269 Ἀλλ’
3287 219 3408 269 ἐπεὶ
3430 258 3444 280 ,
3476 219 3552 282 ὡς

349 335 446 375 sus
468 319 800 373 adversarios
827 314 1074 383 prrcclare
1093 314 1275 379 gestis,
1300 327 1433 381 opus
1456 314 1685 365 habebat
1707 313 1886 364 lavare

355 426 375 460 ι
419 407 471 460 in
507 408 629 459 vino
663 405 850 458 stolam
898 415 1087 463 suam,
1115 412 1170 454 et
1210 402 1261 453 in
1302 402 1562 469 sanguine
1589 416 1702 453 uvae
1729 400 1886 452 vesti-

353 508 585 549 mentum
639 508 792 545 suum
824 492 888 553 ⁸³,
932 510 951 542 ι
1002 490 1245 544 ascendit
1299 492 1366 543 ad
1414 491 1703 559 agricolam
1748 502 1887 540 vera:

350 568 494 641 illius
525 587 648 638 vitis
671 584 733 646 ",
767 595 958 649 nempe
1002 581 1236 644 Patrem,
1290 588 1348 632 ut
1381 579 1487 632 illic
1517 580 1687 641 lotus,
1739 585 1886 645 post-

348 688 505 743 quam
534 670 864 724 ascendisset
889 670 941 721 in
972 668 1157 729 altum,
1197 667 1465 733 captivata
1493 666 1801 734 captivitate
1817 665 1881 724 ³⁵,

348 760 735 821 descenderet,
763 758 911 810 varia
946 758 1127 809 ferens
1161 756 1506 818 charismata,
1540 770 1727 822 nempe
1753 755 1884 807 divi-

348 866 435 902 sas
464 847 717 913 apostolis
744 846 953 913 linguas
990 845 1150 898 veluti
1201 845 1404 912 igneas.
1437 855 1594 911 atque
1628 845 1788 896 etiam
1819 844 1884 896 ad

349 938 555 989 futuros
587 936 637 987 in
673 934 817 986 omni
850 932 1061 985 actione
1090 942 1307 984 sanctos
1339 931 1556 999 angelos
1584 970 1598 991 ,
1632 931 1883 984 liberatu-

347 1041 437 1079 ros
460 1026 619 1092 ipsos.
652 1024 791 1075 Ante
850 1022 946 1075 has
988 1020 1129 1073 enim
1161 1020 1593 1086 dispensationes
1619 1019 1881 1088 purificati

345 1115 581 1168 nomium
614 1127 733 1164 cum
764 1117 962 1174 essent,
994 1122 1219 1175 capaces
1247 1121 1352 1160 non
1386 1116 1542 1160 erant
1576 1107 1882 1176 angelorum

347 1203 411 1257 ad
446 1217 502 1256 se
532 1202 814 1263 adventus,
852 1197 1098 1251 fortassis
1147 1209 1211 1248 ne
1263 1194 1466 1261 angelis
1507 1193 1724 1261 quidem
1755 1194 1884 1260 ipsis

346 1292 535 1345 adesse
568 1286 866 1340 volentibus
899 1285 1005 1345 his,
1030 1284 1121 1352 qui
1156 1285 1387 1335 nondum
1424 1283 1623 1349 optime
1656 1279 1882 1334 instituti

346 1375 722 1445 purificatique
749 1387 778 1425 a
810 1370 933 1425 Jcsu
981 1370 1225 1423 fuissent.
1261 1368 1436 1422 Solius
1464 1368 1604 1421 enim
1634 1366 1758 1420 Jesu
1788 1367 1883 1420 be-

348 1466 625 1535 nignitatis
681 1470 797 1517 erat
843 1477 963 1516 cum
1019 1460 1389 1528 peccatoribus
1423 1500 1437 1522 ,
1484 1469 1537 1513 et
1590 1457 1885 1525 publicanis

349 1560 672 1615 manducare
720 1563 774 1608 et
803 1554 989 1608 bibere
1037 1554 1103 1616 ³⁸,
1138 1560 1301 1618 atque
1341 1565 1468 1605 suos
1524 1549 1691 1616 ipsius
1722 1549 1883 1617 pedes

346 1651 585 1719 praebere
612 1644 863 1716 lacrymis
897 1642 1257 1710 resipiscentis
1289 1639 1603 1707 peccatricis
1639 1638 1705 1700 ³⁷,
1732 1647 1787 1691 et
1816 1638 1881 1691 ad

347 1750 576 1794 mortem
604 1751 773 1803 usque
797 1748 892 1801 pro
917 1732 1094 1800 impiis
1123 1730 1470 1792 descendere,
1501 1743 1604 1783 non
1640 1729 1881 1795 rapinam

345 1830 700 1885 arbitrantem
747 1841 806 1881 se
833 1839 951 1879 esse
989 1823 1248 1892 aequalem
1289 1822 1417 1882 Deo,
1462 1828 1516 1873 et
1559 1820 1881 1872 inanientem

341 1920 708 1988 semetipsum,
767 1915 907 1967 servi
944 1912 1113 1965 forma
1167 1921 1372 1975 sumpta
1422 1909 1487 1961 ⁸⁸.
1530 1907 1650 1963 llaec
1703 1919 1879 1962 autem

345 2010 524 2065 omnia
554 2006 859 2075 perlicicus,
909 2001 1082 2054 l’atris
1130 2001 1301 2067 magis
1334 1998 1662 2051 voluntatem
1711 1997 1879 2064 ipsum

340 2098 608 2152 tradentis
638 2110 733 2162 pro
774 2092 949 2159 impiis
980 2090 1286 2157 perficiebat
1323 2102 1481 2152 quam
1508 2101 1658 2139 suam
1690 2085 1878 2152 ipsius.

344 2190 525 2239 Bonus
554 2183 749 2238 etenim
783 2192 864 2235 est
908 2181 1101 2241 Pater;
1156 2177 1411 2231 Servator
1441 2190 1567 2229 vero
1599 2176 1774 2243 imago
1801 2183 1883 2228 est

340 2274 602 2329 bonitatis
638 2271 803 2339 ipsius
838 2268 880 2299 ³⁸
917 2284 932 2321 :
963 2280 1122 2334 porro
1169 2264 1269 2317 toti
1322 2263 1517 2317 mundo
1548 2262 1721 2315 otlicia
1754 2276 1884 2316 con-

342 2366 548 2425 ferens,
569 2362 821 2428 quoniam
866 2357 1003 2411 Deus
1037 2357 1090 2409 in
1123 2355 1339 2409 Christo
1370 2354 1623 2405 mundum
1654 2352 1752 2405 sibi
1783 2352 1882 2420 ipsi

340 2450 757 2513 reconciliet",
805 2456 965 2501 antca
1015 2453 1234 2513 propter
1290 2442 1549 2495 malitiam
1606 2442 1879 2495 inimicum

348 2542 570 2601 factum,
602 2548 710 2590 tum
741 2537 847 2599 via,
880 2544 989 2587 tum
1021 2533 1208 2586 ordine
1252 2530 1419 2584 cilicia
1451 2529 1661 2584 confert
1697 2530 1777 2583 his
1798 2544 1883 2582 re-

336 2628 450 2682 bus
479 2626 700 2692 in-quas
737 2623 849 2690 ipse
885 2619 1140 2673 beneficia
1158 2618 1413 2681 confert,
1445 2632 1549 2668 non
1584 2616 1762 2670 subito
1793 2630 1884 2669 ac-

341 2715 551 2784 cipiens
574 2711 867 2767 scabellutn
917 2709 1132 2777 pedum,
1175 2721 1363 2774 nempe
1408 2706 1651 2760 inimicos
1674 2722 1878 2762 omnes.

1914 1522 1954 1575 Β
1996 1556 2067 1624 ,ιη

1989 310 2333 377 προείπομεν,
2373 310 2439 361 τὰ
2473 309 2608 361 κατά
2635 308 2741 360 τῶν
2776 308 3169 376 ἀντικειμένων
3202 307 3549 377 ἀνδραγαθή-

1990 415 2131 466 ματα
2172 397 2478 465 πεποιηκὼς
2506 440 2520 462 ,
2573 398 2740 449 ἐδεῖτο
2787 395 2879 448 τοῦ
2921 396 3118 447 πλῦναι
3161 413 3178 443 ‹
3215 398 3272 446 ἐν
3299 396 3425 464 οἴνῳ
3455 396 3554 466 τὴν

1987 487 2174 556 στολὴν
2202 486 2395 548 αὑτοῦ,
2429 490 2521 539 καὶ
2553 489 2608 539 ἐν
2652 489 2842 555 αἵματι
2883 483 3161 551 σταφυλῆς
3198 483 3298 551 τὴν
3334 486 3552 552 περιϐο-

1984 575 2078 645 λὴν
2108 576 2290 636 αὑτοῦ,
2320 596 2335 625 ι
2374 577 2522 644 ἀνῄει
2572 577 2703 645 πρὸς
2740 576 2830 627 τὸν
2886 572 3131 643 γεωργὸν
3161 572 3261 639 τῆς
3297 571 3552 641 ἀληθινῆς

1984 665 2224 732 ἀμπέλου
2263 666 2506 733 Πατέρα,
2545 665 2609 715 ἵν’
2637 667 2749 716 ἐκεῖ
2795 661 3270 730 άποπλυνάμενος,
3311 660 3447 728 μετά
3492 661 3552 712 τὸ

1985 752 2241 821 ἀναϐῆναι
2284 754 2363 814 είς
2405 752 2570 820 ὕψος,
2625 750 3071 821 αίχμαλωτεὺσας
3117 748 3217 818 τὴν
3276 750 3553 819 αἰχμαλω-

1987 841 2139 904 σίαν,
2190 842 2396 910 καταϐῇ
2446 842 2622 910 φέρων
2659 841 2728 891 τὰ
2775 838 2993 891 ποικίλα
3044 838 3400 908 χαρίσματα,
3456 839 3552 901 τὰς

1983 928 2473 999 διαμεμερισμένας
2502 933 2611 991 τοῖς
2645 929 2957 990 ἀποστόλοις
3000 927 3253 994 γλώσσας
3281 927 3414 979 ὡσεὶ
3448 946 3555 980 πυοο

1989 1016 2095 1083 ρὸς,
2129 1019 2219 1067 καὶ
2247 1017 2371 1077 τοὺς
2401 1015 2801 1085 παρεσομένους
2827 1016 2884 1065 ἐν
2928 1014 3077 1083 πάσῃ
3115 1012 3315 1083 πράξει
3368 1016 3553 1081 ἁγίους

1984 1105 2241 1172 ἀγγέλους
2262 1146 2275 1167 ,
2329 1106 2421 1157 καὶ
2455 1106 2779 1175 ῥυσομένους
2808 1105 3023 1167 αὐτούς.
3060 1106 3178 1174 Πρὸ
3222 1105 3320 1175 γάρ
3352 1106 3553 1157 τούτων

1983 1195 2086 1246 τῶν
2110 1195 2444 1265 οἰκονομιῶν,
2476 1196 2568 1247 ἅτε
2596 1186 2818 1264 μηδέπω
2854 1196 3267 1265 κεκαθαρμένοι”
3293 1197 3392 1248 οὑκ
3421 1196 3560 1264 ἐχιδ-

1986 1301 2107 1353 ρουν
2131 1285 2374 1352 ἀγγέλων
2407 1287 2530 1353 παρ’
2558 1286 2736 1346 αὑτοῖς
2780 1285 3095 1353 ἐπιδημίαν,
3138 1284 3280 1354 τάχα
3323 1285 3431 1337 οὑδ’
3460 1288 3557 1338 αὑ-

1982 1372 2087 1424 τῶν
2122 1373 2452 1442 βουλομένων
2507 1391 2591 1425 πω
2629 1375 2740 1434 τοῖς
2794 1374 2866 1442 μὴ
2912 1373 3405 1442 εὑτρεπισαμένοις
3464 1376 3558 1428 καὶ

1985 1461 2403 1532 κεκαθαρμένοις
2457 1463 2558 1514 ὑπὸ
2608 1463 2702 1516 τοῦ
2759 1462 2929 1531 Ἰησοῦ
2981 1466 3265 1531 παρεῖναι.
3303 1465 3413 1533 Τῆς
3448 1465 3597 1535 γάρτ

2076 1554 2167 1606 σοῦ
2200 1555 2356 1623 μόνου
2386 1556 2790 1625 φιλανθρωπίας
2823 1551 2889 1625 ἦν
2926 1555 3065 1625 μετὰ
3091 1557 3439 1627 ἁμαρτωλῶν
3462 1560 3555 1611 καὶ

1981 1643 2221 1695 τελωνῶν
2255 1643 2471 1704 ἐσθίειν,
2517 1645 2608 1696 καὶ
2660 1645 2834 1695 πίνειν
2861 1684 2876 1706 ,
2919 1643 3014 1696 καὶ
3056 1645 3321 1713 παρέχειν
3361 1646 3554 1698 ἑαυτοῦ

1981 1733 2105 1795 τοὺς
2134 1735 2297 1795 πόδας
2327 1737 2436 1795 τοῖς
2463 1733 2715 1803 δακρύοις
2743 1734 2842 1802 τῆς
2882 1733 3261 1802 μετανοοὺσης
3292 1737 3551 1805 ἀμαρτω-

1981 1822 2092 1883 λοῦ,
2139 1823 2231 1874 καὶ
2269 1823 2424 1892 μέχρι
2467 1822 2689 1876 Θανάτου
2731 1824 3084 1875 καταϐαίνειν
3124 1824 3270 1894 ὑπὲρ
3304 1824 3550 1886 ἀσεϐῶν,

1980 1912 2073 1979 οὑχ
2104 1913 2389 1981 ἁρπαγμὸν
2427 1913 2722 1982 ἡγουμένου
2752 1912 2860 1981 (45)
2891 1909 3127 1965 τὸεῖναι
3163 1913 3257 1965 ἴσα
3294 1914 3434 1984 Θεῷ,
3462 1914 3555 1968 καὶ

1982 2001 2165 2053 κενοῦν
2191 2002 2375 2052 ἐαυτὸν
2409 2003 2505 2071 τὴν
2534 2001 2626 2053 τοῦ
2671 2002 2854 2053 δούλου
2894 2002 3272 2070 λαμϐάνοντος
3318 2007 3551 2075 μορφήν.

1981 2087 2160 2138 Ταῦτα
2190 2086 2244 2138 δὲ
2277 2088 2449 2140 πάντα
2480 2086 2773 2151 ἐπιτελῶν,
2829 2086 3029 2155 μᾶλλον
3081 2089 3144 2141 τὸ
3197 2090 3412 2160 θέλημα
3461 2092 3552 2143 τοῦ

1983 2176 2187 2245 Πατρὸς
2218 2176 2309 2228 τοῦ
2344 2177 2668 2247 παραδόντος
2715 2178 2901 2229 ἑαυτὸν
2932 2178 3074 2248 ὑπὲρ
3104 2180 3322 2232 ἀσεϐῶν
3362 2182 3565 2233 ἐπετέο.

1980 2264 2058 2316 λει
2094 2266 2234 2336 ἥπερ
2258 2266 2316 2317 τὸ
2350 2265 2558 2317 ἑαυτοῦ.
2600 2267 2656 2317 ὐ
2688 2266 2782 2334 μὲν
2816 2266 2924 2337 γάρ
2961 2267 3154 2338 Πατὴρ
3176 2269 3401 2336 ἀγαθός’
3437 2272 3464 2323 ό
3499 2270 3554 2322 δὲ

1981 2355 2166 2424 Σωτὴρ
2199 2355 2355 2407 εἰκὼν
2395 2356 2492 2423 τῆς
2538 2355 2864 2424 άγαθότητος
2899 2357 3101 2409 αὑτοῦ·
3144 2358 3326 2412 πάντα
3369 2360 3424 2413 δὲ
3466 2361 3556 2425 τὸν

1980 2444 2178 2513 κόσμον
2207 2444 2524 2515 εὐεργετῶν,
2543 2446 2662 2497 ἐπεὶ
2685 2445 2816 2508 Θεὸς
2838 2447 2895 2499 ἐν
2920 2447 3147 2517 Χριστῷ
3183 2448 3390 2518 κόσμον
3424 2466 3556 2501 κατ-

1979 2533 2228 2586 αλλάσσει
2278 2534 2485 2603 ἐαυτῷ,
2538 2536 2797 2604 πρότερον
2840 2534 2929 2587 διὰ
2973 2535 3074 2605 τὴν
3128 2538 3332 2591 κακίαν
3365 2538 3559 2608 ἐχθρὸν

1980 2625 2353 2693 γεγενημένον,
2394 2624 2497 2694 ὁδῷ
2529 2627 2621 2678 καὶ
2649 2624 2800 2689 τάξει
2831 2625 2900 2678 τά
2934 2626 3375 2694 εὐεργετούμενοι
3402 2631 3555 2700 εὑερ-

1981 2717 2145 2780 γετεῖ,
2184 2715 2283 2765 οὑκ
2315 2713 2522 2784 ἀθρόως
2554 2715 2843 2785 λαμϐάνων
2879 2718 3176 2773 ὑποπόδιον
3217 2722 3325 2775 τῶν
3359 2722 3556 2785 ποδῶν,

349 2804 487 2858 Dicit
516 2803 656 2856 enim
690 2801 755 2853 ad
794 2800 963 2866 ipsum
1005 2794 1421 2862 uniuscujusque
1475 2795 1642 2847 nostri
1697 2794 1880 2848 Domi-

1985 2804 2182 2865 πάντας
2213 2806 2336 2867 τοὺς
2368 2804 2616 2876 ἐχθρούς·
2654 2807 2802 2874 λέγει
2831 2809 2940 2878 γάρ
2985 2811 3138 2882 αὑτῷ
3181 2814 3210 2865 ό
3247 2815 3438 2885 Πατὴρ
3483 2813 3560 2884 τῷ

341 2907 481 2946 num
504 2890 661 2943 Pater
699 2907 712 2942 :
758 2906 776 2936 ι
808 2887 945 2939 Sede
991 2900 1021 2937 a
1057 2884 1260 2938 dextris
1295 2884 1448 2945 meis,
1483 2884 1649 2936 donec
1684 2897 1878 2951 ponam

338 2981 593 3034 inimicos
629 2988 747 3031 tuos
796 2974 1083 3030 scabellum
1133 2975 1324 3042 pedum
1382 2983 1592 3026 tuorum
1635 2973 1700 3026 “.
1747 2991 1764 3023 ι
1819 2972 1883 3025 Et

342 3071 460 3123 haec
514 3068 644 3122 fiuut
691 3066 864 3135 quoad
899 3064 1116 3118 ultimus
1172 3062 1327 3132 157
1377 3062 1661 3126 inimicus,
1697 3077 1883 3131 nempe

347 3173 513 3222 mors,
566 3157 633 3211 ab
666 3156 780 3223 ipso
827 3154 1129 3208 destructus
1160 3152 1321 3205 tuerit
1349 3150 1413 3204 “.
1457 3150 1511 3204 Si
1557 3163 1684 3203 vero
1715 3149 1884 3223 cousi-

340 3222 725 3301 deraverimus-
744 3242 869 3310 quid
920 3241 985 3294 sit
1019 3239 1209 3308 subjici
1255 3238 1469 3293 Christo
1505 3237 1687 3314 (idque
1718 3222 1884 3290 niaxi-

348 3350 436 3389 me
463 3349 527 3387 ex
559 3333 661 3385 illis
689 3332 866 3385 verbis
897 3347 912 3383 :
945 3349 964 3379 ι
1005 3328 1137 3381 Cum
1192 3337 1368 3381 autem
1420 3327 1519 3394 ipsi
1548 3326 1725 3378 omnia
1758 3328 1885 3379 sub-

338 3426 488 3494 jecta
534 3424 771 3487 fuerint,
824 3429 949 3473 tunc
985 3420 1099 3487 ipse
1151 3418 1318 3470 Filius
1362 3415 1672 3483 subjicietur
1716 3416 1763 3467 ei
1793 3415 1882 3482 qui

342 3514 526 3569 omnia
562 3512 662 3567 sibi
697 3509 923 3578 subjecit
952 3507 1019 3570 “,
1073 3507 1119 3574 ι)
1159 3515 1216 3559 ut
1254 3507 1469 3574 dignum
1523 3514 1604 3558 est
1649 3505 1885 3558 bonitate

348 3602 442 3657 Dei
475 3601 864 3659 universorum,
900 3596 1257 3662 intelligemus
1297 3594 1506 3661 Aguum
1556 3592 1673 3656 Dei,
1705 3591 1885 3645 tollen-

347 3702 456 3749 tem
510 3699 784 3758 peccatum
818 3685 1018 3739 mundi.
1056 3682 1248 3737 Verum
1279 3697 1382 3735 non
1430 3683 1664 3734 omnium
1697 3696 1883 3749 pecca-

343 3788 461 3835 tum
499 3779 567 3831 ab
614 3777 762 3844 Agno
789 3772 1049 3834 aufertur,
1084 3784 1272 3838 nempe
1303 3784 1489 3822 eorum
1520 3770 1612 3837 qui
1647 3784 1752 3822 non
1785 3771 1882 3824 do-

344 3868 460 3922 lent
487 3866 683 3933 quique
731 3877 832 3914 non
864 3859 1169 3928 allliguntur
1197 3859 1367 3911 donec
1415 3856 1650 3911 ablatum
1701 3856 1880 3912 fuerit.

340 3954 523 4024 Spinte
545 3962 773 4018 namque
800 3963 903 4001 non
930 3955 1134 4000 tantum
1168 3946 1364 4008 infixae,
1402 3947 1493 3999 sed
1524 3945 1690 3998 etiam
1724 3945 1883 3999 altius

338 4043 597 4096 “dicata:
627 4040 679 4092 in
713 4037 958 4090 manibus
982 4034 1344 4102 cujuscunque
1370 4047 1466 4102 per
1492 4033 1676 4086 vitium
1710 4042 1878 4087 temu-

1981 2890 2165 2959 Κυρίῳ
2193 2890 2420 2942 ἑκάστου
2456 2892 2608 2961 ἡμῶν
2631 2910 2643 2924 ·
2685 2915 2703 2944 r
2742 2896 2926 2949 Κάθου
2950 2900 3015 2950 ὲκ
3043 2899 3242 2965 δεξιῶν
3275 2920 3410 2971 μου,
3456 2903 3561 2965 ἕως

1979 2976 2043 3030 ἂν
2071 2977 2147 3029 θῶ
2178 2981 2302 3042 τοὺς
2331 2980 2556 3049 ἐχθρούς
2588 2998 2682 3034 σου
2713 2985 3004 3039 ὑποπόδιον
3039 2988 3150 3041 τῶν
3186 2990 3366 3044 ποδῶν
3408 3009 3554 3044 σου·ι

1982 3065 2074 3119 καὶ
2099 3067 2270 3119 ταῦτα
2289 3067 2492 3135 γίνεται
2524 3071 2626 3133 ἕως
2655 3073 2682 3122 ό
2714 3073 2940 3143 ἔσχατος
2974 3075 3173 3146 ἐχθρὸς
3201 3118 3216 3141 ,
3249 3081 3279 3131 ὁ
3308 3079 3559 3141 θάνατοι,

1980 3157 2070 3208 ὑπ’
2102 3156 2261 3209 αὑτοῦ
2296 3160 2627 3230 καταργηθῇ.
2672 3162 2796 3216 Ἐὰν
2833 3164 2890 3216 δὲ
2935 3165 2995 3217 τὸ
3043 3166 3451 3221 ὑποτάσσεσθαι
3487 3169 3562 3238 τῷ

1979 3243 2195 3313 Χριστῷ
2250 3246 2525 3315 νοήσωμεν
2557 3249 2585 3299 ὃ
2616 3265 2669 3300 τι
2717 3251 2834 3302 ποτ’
2870 3253 3006 3315 ἐστὶ,
3052 3254 3274 3322 μάλιστ’
3312 3258 3381 3309 ἐκ
3431 3256 3523 3308 τοῦ
3546 3274 3558 3286 ·

1985 3352 2005 3383 ‹
2043 3334 2207 3386 Ὅταν
2238 3332 2294 3384 δέ
2331 3334 2476 3402 αὑτῷ
2506 3335 2574 3387 τά
2607 3336 2783 3390 πάντα
2826 3339 3110 3411 ὑποταγῇ,
3168 3344 3293 3396 τότε
3339 3344 3502 3406 αὑτὸς
3535 3345 3564 3395 ὁ

1981 3421 2106 3484 Υἱὸς
2155 3422 2547 3491 ὑποταγήσεται
2603 3424 2680 3493 τῷ
2729 3427 3055 3494 ὑποτάξαντι
3101 3432 3259 3502 αὑτῷ
3289 3435 3505 3487 πάντα-
3540 3453 3558 3483 ι

1978 3507 2142 3572 ἀξίως
2171 3509 2267 3577 τῆς
2300 3509 2629 3579 άγαθότητος
2662 3512 2756 3564 τοῦ
2790 3514 2898 3568 τῶν
2931 3517 3070 3572 ὅλων
3119 3520 3258 3573 Θεοῦ
3295 3524 3565 3591 νοὴσομεν

1978 3596 2072 3650 τὸν
2096 3598 2263 3667 ἀμνὸν
2306 3598 2401 3650 τοῦ
2433 3599 2567 3651 Θεοῦ
2602 3600 2824 3671 αἴροντα
2854 3606 2952 3676 τὴν
3003 3608 3284 3678 ἁμαρτίαν
3317 3611 3416 3663 τοῦ
3470 3611 3565 3663 κό-

1982 3701 2136 3754 σμου.
2159 3686 2229 3738 υὺ
2264 3687 2476 3740 πάντων
2501 3688 2552 3740 δὲ
2587 3690 2619 3758 ἡ
2654 3691 2897 3762 ἁμαρτία
2928 3696 3033 3749 ὑπὸ
3069 3698 3162 3749 τοῦ
3198 3699 3379 3768 ἀμνοῦ
3410 3700 3568 3769 αἴρε-

1979 3791 2096 3837 ται,
2135 3774 2207 3844 μὴ
2256 3775 2590 3843 ἀλγούντων,
2645 3783 2780 3852 μηδὲ
2833 3785 3300 3856 βασανιζομένων,
3333 3790 3442 3853 ἓως
3503 3785 3566 3845 οὗ

1980 3863 2115 3934 ἀρθῇ
2147 3864 2275 3935 (46).
2315 3868 2576 3922 Ἀκανοαι
2609 3872 2717 3941 γὰρ
2747 3875 2806 3926 οὑ
2841 3876 3001 3943 μόνον
3030 3878 3396 3948 ἐμπαρεῖσαι,
3429 3880 3569 3935 ἀλλὰ

1981 3955 2073 4007 καὶ
2123 3956 2347 4008 ἐπιπολὺ
2390 3958 2696 4026 ῥιζωθεῖσαι
2744 3962 2853 4030 (47)
2904 3966 2961 4016 ἐν
2994 3970 3116 4028 ταῖς
3156 3969 3320 4038 χερσὶ
3354 3970 3565 4035 παντὸς

1980 4042 2070 4094 τοῦ
2123 4044 2207 4096 διὰ
2263 4045 2359 4114 τὴν
2413 4047 2607 4100 κακίαν
2655 4051 3048 4119 μεθυσθέντος,
3107 4058 3202 4108 καὶ
3253 4059 3319 4111 τὸ
3372 4062 3569 4130 νήφειν

346 4131 498 4196 lenti,
538 4129 737 4196 quique
790 4125 1136 4179 sobrietatem
1185 4121 1513 4191 perdiderit,
1560 4121 1708 4188 juxta
1743 4122 1875 4175 illud

1985 4132 2391 4197 ἀπολωλεκότος,
2433 4137 2570 4189 κατὰ
2623 4140 2685 4190 τὸ
2732 4143 2788 4192 ἐν
2839 4143 3169 4213 Παροιμίαις
3230 4121 3562 4219 εἰρημένον·

342 4219 487 4287 quod
516 4218 567 4269 in
618 4215 921 4268 Proverbiis
949 4212 1143 4266 dicitur
1176 4230 1189 4264 :
1225 4230 1243 4261 ι
1286 4210 1465 4276 Spinae
1494 4220 1787 4282 nascuntur
1826 4211 1875 4264 in

344 4321 507 4359 nianu
545 4304 816 4357 temulenti
846 4303 914 4364 “,
947 4321 965 4353 ι
1006 4310 1264 4369 quantum
1313 4299 1512 4351 doloris
1564 4298 1774 4367 parient
1826 4300 1875 4351 in

344 4411 411 4450 eo
436 4395 528 4463 qui
562 4394 696 4446 tales
724 4393 932 4460 plantas
955 4391 1232 4444 admiserit
1272 4390 1322 4442 in
1348 4403 1541 4456 corpus
1571 4403 1678 4441 suae
1715 4390 1878 4456 ipsius

346 4486 557 4546 animm,
605 4484 715 4551 jam
766 4483 943 4535 dicere
969 4480 1333 4533 dillicillimum
1366 4488 1468 4531 est.
1504 4478 1633 4530 Nam
1667 4478 1877 4531 abscin-

341 4576 505 4627 datur
525 4580 732 4640 oportet
758 4585 786 4622 a
815 4582 1057 4622 sermone
1092 4567 1180 4619 Dei
1210 4568 1455 4626 viventis,
1484 4566 1875 4633 penetrantiore

336 4662 533 4733 quovis
561 4660 736 4730 gladio
763 4658 1009 4723 utrinque
1065 4656 1350 4718 incidente,
1395 4664 1448 4707 et
1476 4654 1674 4707 etlicaci
1712 4654 1777 4715 ⁸⁸,
1823 4664 1876 4708 et

1988 4239 2005 4268 ι
2037 4220 2299 4273 ’Δκανθαι
2335 4222 2555 4290 φύονται
2610 4228 2667 4278 ὲν
2718 4228 2859 4297 χειρὶ
2903 4230 2998 4281 τοῦ
3038 4231 3281 4300 μεθύσου
3307 4276 3322 4299 ,
3372 4257 3390 4288 ι
3444 4239 3569 4291 ὅσον

1982 4309 2142 4362 πόνον
2174 4312 2550 4381 ὲνεργάσονται
2578 4317 2657 4387 τῷ
2691 4318 2759 4369 τά
2789 4320 3013 4373 τοιαῦτα
3042 4323 3192 4389 φυτά
3227 4328 3311 4388 εἰς
3345 4328 3407 4378 τὸ
3436 4329 3568 4380 ἐαυ-

1983 4396 2074 4449 τοῦ
2104 4398 2259 4467 σῶμα
2286 4399 2383 4468 τῆς
2399 4400 2576 4471 ψυχῆς
2606 4406 3030 4478 παραδεξαμένῳ
3070 4410 3174 4480 ἤδη
3211 4413 3326 4481 (48)
3345 4414 3444 4467 καὶ
3482 4416 3573 4468 λέ-

1982 4501 2098 4551 γειν
2119 4488 2410 4557 ἀμήχανονρ
2429 4492 2856 4564 Κατατμηθῆναι
2879 4497 2988 4567 γὰρ
3010 4499 3116 4551 ὑπὸ
3131 4501 3226 4553 τοῦ
3243 4505 3569 4575 τομωτέρου

1986 4575 2163 4644 πάσης
2205 4580 2474 4648 μαχαίρας
2511 4581 2759 4652 διστόμου
2792 4585 2950 4653 λόγου
2997 4587 3203 4653 ζῶντος
3236 4592 3381 4646 Θεοῦ
3409 4635 3424 4658 ,
3474 4596 3574 4649 καὶ

1980 4665 2247 4734 ἐνεργοῦς,
2284 4669 2374 4720 καὶ
2409 4674 2842 4742 καυστικωτέρου
2865 4678 3067 4740 παντὸς
3090 4681 3289 4751 πυρὸς,
3322 4684 3571 4755 ἀνάγκη,

417 4772 976 4859 ξςῑεειιβε-,ξιιβκμ-
1031 4770 1480 4859 ,ξδοδεο-θπῑτλίνιςηί·
1555 4767 2373 4859 :iEel'Pf-_.":n8:Beat-wn.
2412 4784 2496 4859 w-
2572 4786 2808 4859 vitae.
2836 4806 2896 4856 ιι,
2928 4792 3018 4845 ιδ.
3097 4793 3313 4847 "Luc.

344 4843 392 4911 ἐι
418 4843 653 4911 Ριιὶιὶρρ.
698 4856 754 4903 ιι,
780 4844 837 4911 _6.
967 4907 1004 4911 __
1030 4841 1070 4911 "9
1104 4839 1226 4903 Sap.
1250 4853 1342 4911 vti.
1369 4837 1458 4888 26.

343 4904 582 4965 “Prov:
600 4904 742 4973 iam,
770 4909 822 4963 9.
897 4909 940 4939 "
966 4907 1126 4959 llebr.
1163 4922 1233 4970 IV,
1260 4904 1345 4957 12.

418 5046 530 5115 (45)
566 5044 744 5115 Codex
791 5042 1112 5115 Barberinus
1164 5049 1307 5115 recte
1352 5037 1527 5115 hibet
1557 5037 1876 5115 ἡγουμένου,

346 5106 574 5168 refertur
621 5113 761 5164 enim
797 5112 863 5163 ad
903 5110 1207 5177 ιοιτιξοειιεηδ
1258 5107 1426 5174 Ἰησοῦ
1467 5106 1655 5173 μόνου·
1714 5107 1877 5158 editio

348 5181 546 5242 lluetii,
583 5194 877 5246 perperam,
911 5176 1220 5246 ἡγούμενον.
1355 5245 1361 5246 ί
1411 5190 1417 5197 ο
1622 5242 1634 5246 _
1742 5239 1775 5246 ﬁ
1829 5214 1832 5218 .

419 5239 542 5314 (ιϐ)
568 5239 709 5309 ’Ἐωξ-
741 5242 808 5299 οὗ
844 5239 1015 5311 ἀρθῇ.
1050 5239 1143 5314 Sic
1177 5256 1317 5297 recte
1353 5245 1507 5296 habet
1539 5242 1702 5296 codex
1740 5239 1875 5291 Bud-

346 5308 579 5375 lciauus;
616 5316 664 5365 iu
692 5308 861 5379 Regio
882 5308 1029 5364 det-st
1060 5308 1138 5363 οὑ.

419 5381 528 5449 (l7)
568 5374 936 5438 Ῥιζὶυθέῖσαι.
993 5380 1081 5434 Sic
1134 5379 1296 5433 codex
1344 5379 1691 5443 Dodluianus;
1762 5374 1868 5427 Re-

1557 4836 1600 4865 “
1621 4836 1660 4888 ll
1679 4834 1863 4901 Conv,

2001 4834 2010 4841 '
2068 4834 2280 4904 "eam.
2312 4834 2496 4907 ξιὶξίζ
2601 4834 3108 4925 ιίῐῖῑότζᾘῦζέσ.
3175 4834 3567 4920 ’ἶ’ί”εἰ›ἕὰξ’ὲ”έῖ

1985 5041 2124 5111 gius,
2146 5041 2402 5111 ῥιζῶσαι.

2054 5109 2163 5191 (ᾼξξ
2207 5111 2347 5191 "fieri
2389 5114 2489 5166 καὶ
2516 5113 2715 5191 λέγειν
2743 5118 3086 5191 ᾁμήχανογ.
3126 5124 3200 5177 Ita
3230 5125 3449 5189 optime
3478 5139 3577 5184 c0-

1982 5176 2085 5257 tl'ex-
2125 5176 2475 5257 Boilleia'nus,
2516 5176 2702 5253 sicque
2751 5176 3188 5257 legi't'iulerpres
3236 5176 3570 5251 ferimus.

1976 5243 2408 5329 find-exﬁegius,
2456 5243 2772 5322 perperam,
2806 5243 2938 5327 7365'.
2987 5243 3082 5312 xei.
3134 5243 3569 5329 inrident—iii

1979 5314 2134 5367 tendo
2158 5315 2451 5385 ἀμήχανον.
