3880 6160
326 128 413 183 sat
434 106 453 112 ”

1359 116 1700 173 COMMENT.
1742 113 1804 167 IN
1843 113 2028 170 JOAN.
2065 110 2295 167 TOMUS
2330 109 2416 163 Vl.

3381 99 3484 152 30?.

324 246 412 300 τὸν
457 242 540 297 ἐπὶ
583 231 838 290 τοσοῦτον
899 242 981 302 είς
1018 240 1173 309 βάθος
1211 239 1306 307 τῆς
1336 237 1522 291 ἑαυτοῦ
1554 222 1725 305 ψυχῆς
1768 235 1863 303 τὴν

1979 247 2121 300 supra
2151 245 2358 283 onmem
2406 228 2580 296 ignem
2611 224 2975 285 comburente,
3001 221 3329 290 quisquiseo
3360 234 3490 288 pro-

329 332 512 388 κακίαν
539 326 890 399 χωρήσαντα,
1036 328 1278 397 γενέσθαι
1306 327 1465 379 αὐτὸν
1500 326 1599 393 γῆν
1642 324 1865 375 ἀκανθο-

331 424 505 493 φόρον.
538 419 641 472 Καὶ
669 416 856 486 δεήσει
891 418 988 469 ἐπὶ
1030 418 1124 485 τὴν
1152 415 1395 485 τοιαύτην
1418 415 1590 483 ψυχὴν
1616 411 1865 481 πεμφθῆ-

331 531 413 565 ναι
437 510 493 562 τὸ
518 507 760 577 εὑρίσκον
792 507 894 569 τὰς
923 506 1157 568 ἀκάνθας
1193 506 1299 575 πῦρ
1326 545 1340 565 ,
1380 506 1472 557 καὶ
1509 504 1664 573 μέχρι
1695 501 1868 553 αὐτῶν

333 600 647 669 στησόμενον
677 597 765 655 διὰ
791 598 891 668 τὴν
924 597 1111 650 ἑαυτοῦ
1162 595 1423 663 θειότητα,
1471 594 1563 645 καὶ
1594 593 1653 644 ού
1708 606 1869 660 προσ-

331 688 602 759 εμπρῆσον
654 684 926 755 ἆλωναςῆ
962 685 1206 753 ,στάχυας
1246 682 1455 734 πεδίων.
1504 679 1605 732 Τοῦ
1634 680 1869 747 αἴροντος

332 778 433 848 (.19)
466 777 523 830 δὲ
553 777 651 846 τὴν
694 774 968 844 ἁμαρτίαν
1017 772 1108 826 τοῦ
1167 772 1368 842 κόσμου
1430 768 1619 838 Ἀμνοῦ
1651 768 1735 821 διὰ
1775 768 1869 837 τῆς

334 864 462 928 ἰδίας
517 865 732 933 σφαγῆς
775 862 1076 932 ἀρχομένου
1131 861 1238 913 ὁδοὶ⁵
1267 859 1583 927 τυγχάνουσι
1615 857 1868 918 πλείονες,

329 950 401 1009 ὧν
446 956 499 1008 αἱ
552 954 653 1022 μὲν
707 954 895 1020 σαφεῖς
920 949 1200 1011 εἶναιτοῖς
1249 949 1455 1009 πολλοῖς
1501 947 1785 1007 δύνανται,
1816 947 1870 996 αί

330 1042 384 1095 δὲ
414 1042 535 1103 τοὺς
555 1039 843 1101 τοσούτους
874 1038 1227 1091 λανθάνουσαι
1251 1039 1360 1099 τοῖς
1380 1036 1479 1104 τῆς
1514 1035 1658 1096 θείας
1685 1034 1870 1101 σοφίας

331 1126 661 1195 ἀξιουμένοις
691 1165 705 1189 ,
745 1124 826 1188 οἷς
872 1126 1049 1195 μόνοις
1087 1126 1193 1178 εἰσὶ
1237 1123 1516 1193 γνώριμοι.
1557 1124 1620 1175 Τί
1661 1122 1765 1192 γὰρ
1795 1123 1874 1174 δεῖ

331 1217 501 1283 λέγειν
533 1217 602 1268 δι’
618 1210 771 1268 ’ὅσων
796 1215 929 1267 ὁδῶν
952 1232 1037 1278 τις
1068 1215 1159 1267 ἐπὶ
1180 1214 1241 1267 τὸ
1269 1214 1538 1266 πιστεύειν
1576 1212 1787 1281 ἔρχεται
1817 1214 1873 1263 ἐν

330 1302 651 1373 ἀνθρώποις,
678 1303 759 1355 ἔτι
791 1306 849 1358 ἐν
879 1303 955 1372 τῷ
980 1302 1200 1371 τοιούτῳ
1229 1302 1436 1372 σώματι
1470 1302 1640 1371 παρδν
1665 1302 1875 1369 ἑκάστῳ

332 1393 446 1449 καθ’
478 1392 640 1445 αὑτὸν
674 1394 1013 1456 ὲπισκοπείν;
1043 1393 1179 1461 πλὴν
1211 1393 1295 1445 διὰ
1329 1392 1432 1444 τῶν
1460 1392 1588 1444 ὁδῶν
1632 1394 1743 1442 ἐστι
1781 1390 1871 1441 τοῦ

333 1483 600 1537 πιστεύειν
634 1484 729 1536 καὶ
761 1482 1002 1553 αἴρεσθαι
1038 1483 1135 1551 τὴν
1164 1482 1443 1550 ἁμαρτίαν,
1465 1481 1550 1533 διὰ
1581 1480 1870 1550 μαστίγων,

1969 319 2243 373 iunditatis
2270 331 2378 371 suae
2425 315 2589 384 ipsius
2618 314 2809 366 anima:
2829 310 3044 363 admisit
3076 311 3290 369 vitium,
3325 319 3383 359 ut
3415 308 3496 358 fa-

1968 419 2086 463 ctus
2134 408 2205 461 sit
2239 414 2383 460 terra
2412 404 2592 471 spinas
2633 402 2963 472 germinans.
2989 399 3056 453 Et
3097 399 3333 465 profecto
3361 412 3496 464 opus

1967 497 2069 550 erit
2098 497 2162 548 ad
2213 493 2514 562 hujusmodi
2554 492 2785 544 animant
2820 491 2993 559 ignem
3025 489 3163 542 tuitti
3212 487 3492 539 invenien-

1969 598 2075 640 tem
2106 587 2305 653 spinas,
2335 597 2606 651 propeque
2637 596 2728 635 eas
2758 591 3012 640 stantem,
3039 593 3101 630 ac
3124 585 3492 645 penetrantem

1967 689 2062 730 sua
2097 676 2262 741 ipsius
2289 673 2562 725 divinitate
2583 708 2597 731 ,
2631 684 2728 723 nec
2761 671 3160 722 combusturnm
3212 679 3367 718 areas
3415 663 3496 715 vel

1971 764 2147 832 spicas
2175 775 2503 829 camporum.
2544 759 2736 810 Verum
2772 758 3045 811 enimvero
3075 753 3214 822 Agui
3259 753 3496 807 tollentis

1971 862 2243 921 peccatum
2289 850 2491 912 mundi,
2532 849 2690 916 idque
2727 861 2819 914 per
2843 846 3109 915 propriam
3138 845 3335 898 caedem
3362 843 3498 895 inci-

1971 939 2184 1006 pientis,
2208 938 2508 1005 complures
2534 947 2657 990 sunt
2685 934 2783 988 vim
2807 951 2823 995 ;
2860 950 3082 1002 quarum
3130 934 3248 987 alite
3277 933 3490 1002 quidem

1972 1027 2262 1081 manifestae
2309 1036 2676 1095 possuntesse
2725 1025 2878 1093 vulgo
2906 1063 2921 1088 ,
2966 1025 3081 1077 aliae
3108 1038 3233 1077 vero
3259 1060 3274 1086 ,
3307 1024 3495 1090 vulgus

1971 1117 2194 1170 latentes
2217 1154 2232 1178 ,
2270 1116 2353 1169 his
2384 1116 2474 1181 qui
2505 1116 2680 1168 divina
2713 1114 2975 1181 sapientia
3011 1112 3154 1181 digiti
3189 1112 3352 1165 habiti
3387 1110 3501 1163 fue-

1975 1207 2101 1265 rint,
2133 1204 2324 1273 quibus
2356 1205 2483 1258 solis
2510 1214 2634 1257 sunt
2677 1214 2832 1256 uotae.
2869 1202 3002 1268 Quid
3046 1201 3187 1253 enim
3233 1215 3367 1269 opus
3422 1210 3505 1252 est

1972 1308 2249 1348 recensere
2279 1303 2410 1362 quot
2445 1294 2543 1347 viis
2569 1293 2633 1346 ad
2661 1293 2983 1347 credendum
3009 1292 3187 1346 veniat
3216 1292 3333 1357 quis
3369 1291 3506 1341 inter

1973 1383 2235 1446 homines,
2280 1397 2401 1433 cum
2430 1381 2593 1435 liceat
2621 1382 2929 1448 unicuique,
2959 1381 3081 1433 dum
3113 1380 3283 1432 adhuc
3317 1382 3365 1429 in
3402 1377 3506 1430 hoc

1972 1483 2053 1527 est
2079 1487 2323 1541 corpore,
2368 1488 2430 1523 ex
2481 1487 2540 1527 se
2588 1473 2641 1526 id
2685 1470 3076 1526 considerare?
3126 1468 3504 1522 Verumtamen

332 1574 419 1625 καὶ
445 1570 770 1640 πνευμάτων
802 1570 1081 1640 πονηρῶν,
1134 1570 1224 1621 καὶ
1270 1569 1434 1621 νόσων
1466 1566 1871 1635 χαλεπωτάτων,

1979 1576 2068 1630 per
2101 1563 2215 1614 vias
2246 1562 2493 1615 credendi
2542 1561 2663 1615 licet
2710 1571 2990 1626 peccatum
3036 1573 3251 1628 quoque
3284 1558 3466 1611 tollere
3491 1594 3506 1619 .

335 1662 421 1713 ml.
449 1658 728 1729 μαλακιῶν
775 1658 1202 1711 ὲπιπονωτάτων.
1236 1657 1328 1719 Τίς
1363 1652 1454 1708 οὖν
1488 1655 1597 1724 (50)
1628 1650 1732 1706 οἶδε
1779 1650 1883 1705 και

333 1751 396 1802 τὰ
442 1748 575 1818 μετὰ
617 1748 827 1812 ταῦτα;
893 1749 1204 1813 Ἀναγκαῖον
1259 1746 1313 1798 δὲ
1370 1741 1437 1813 ἦν
1469 1743 1607 1813 ὑπὲρ
1651 1742 1741 1794 τοῦ
1799 1743 1870 1810 μὴ

334 1838 673 1906 άναινεθῆναι
691 1838 779 1890 τὸν
803 1835 1055 1889 δοκοῦντα
1075 1838 1141 1905 τῇ
1168 1835 1405 1897 ἐξετάσει
1430 1832 1522 1885 τοῦ
1554 1834 1709 1899 λόγου
1735 1849 1873 1900 παρ-

336 1928 635 1984 ακολουθεῖν
674 1927 768 1981 τοῦ
796 1926 1052 1994 λέγοντος
1075 1944 1087 1955 ’
1133 1944 1152 1976 ι
1197 1924 1301 1976 Ἴδε
1326 1926 1353 1976 ὁ
1387 1923 1575 1991 Ἀμνὸς
1603 1922 1691 1973 τιῦ
1716 1920 1870 1982 Θεοῦ,

334 2018 362 2071 ὁ
392 2020 557 2089 αἴρων
581 2017 681 2087 τὴν
704 2016 971 2086 ἁμαρτίαν
1004 2014 1097 2066 τοῦ
1139 2014 1361 2082 κόσμου,
1393 2031 1411 2062 ι
1450 2011 1717 2062 ὲπιπλεῖον
1750 2010 1876 2078 περὶ

333 2106 529 2161 τούτων
561 2106 866 2165 διαλαϐεῖν,
911 2104 995 2165 ἶν’,
1042 2102 1236 2164 εἰδότες
1279 2102 1359 2153 ὅτι
1412 2099 1504 2151 καὶ
1554 2096 1705 2165 θυμῷ
1742 2094 1873 2147 Θεοῦ

337 2197 476 2250 ἔστιν
523 2195 873 2264 ἐλεγχθῆναι,
924 2194 1016 2246 καὶ
1043 2194 1176 2262 ὀργῇ
1210 2190 1341 2242 Θεοῦ
1374 2187 1718 2255 παιδευθῆναι
1743 2224 1757 2246 ,
1789 2184 1874 2236 διὰ

337 2286 392 2337 τὸ
442 2287 518 2348 είς
550 2283 850 2353 ὑπερϐολὴν
890 2280 1260 2350 φιλάνθρωπον
1311 2277 1495 2329 οὐδένα
1534 2276 1704 2343 πάντη
1752 2273 1872 2324 ἀνέ-

337 2374 552 2441 λεγκτον
588 2373 685 2425 καὶ
726 2371 1041 2424 ἀπαίδευτον
1083 2368 1305 2429 ἐῶντος,
1356 2366 1527 2418 πάντα
1567 2364 1873 2432 ποιήσωμεν

339 2463 412 2524 είς
434 2461 494 2513 τὸ
518 2460 771 2530 δεηθῆναι
807 2457 915 2527 (51)
959 2454 1207 2508 τοιούτων
1237 2452 1469 2521 ἐλέγχων
1490 2489 1502 2513 ,
1539 2450 1632 2502 καὶ
1662 2448 1758 2515 τῆς
1789 2446 1876 2499 διὰ

338 2549 438 2602 τῶν
468 2549 882 2601 ὲπιπονωτάτων
907 2544 1167 2605 παιδείας.

1974 1664 2069 1721 per
2096 1649 2322 1718 ﬂagella,
2375 1665 2467 1718 per
2516 1650 2739 1717 spiritus
2771 1650 2957 1713 malos,
2988 1662 3085 1717 per
3129 1648 3342 1702 morbos
3369 1645 3505 1699 ditii-

1975 1734 2218 1798 cillimos,
2247 1747 2340 1803 per
2365 1733 2703 1788 inﬁrmitates
2727 1734 3193 1788 laboriosissimas.
3217 1733 3347 1799 Quis
3375 1749 3503 1801 ergo

1977 1825 2120 1878 novit
2142 1839 2260 1892 quae
2286 1833 2414 1878 sunt
2437 1826 2600 1878 etiam
2628 1833 2746 1891 post
2775 1823 2929 1876 haec?
2962 1823 3226 1876 Caeterum
3259 1836 3507 1874 necessa-

1977 1915 2109 1966 rium
2136 1915 2251 1979 fuit,
2287 1928 2352 1966 ue
2380 1927 2751 1981 respueremus
2790 1927 2908 1966 eum
2943 1913 3030 1980 qui
3059 1912 3269 1977 assequi
3301 1911 3509 1962 videtur

1976 2015 2151 2054 veram
2183 2002 2583 2071 intelligentiam
2620 2002 2884 2054 sermonis
2918 2002 3062 2054 illius
3113 2002 3203 2066 qui
3251 1998 3382 2052 dicit
3411 1999 3455 2029 "
3492 2014 3505 2048 :

1981 2109 1997 2141 ι
2028 2088 2165 2144 Ecce
2190 2094 2373 2159 Agnus
2401 2092 2486 2144 ille
2517 2092 2631 2155 Dei,
2668 2092 2754 2157 qui
2783 2091 2913 2144 tollit
2945 2098 3217 2156 peccatunt
3247 2087 3451 2149 mundi,
3485 2106 3503 2135 ι

1974 2183 2175 2236 diutius
2226 2183 2291 2234 de
2338 2182 2488 2235 hisce
2523 2182 2680 2234 rebus
2710 2181 2972 2234 disserere
3002 2219 3016 2243 ,
3058 2190 3115 2231 ut
3147 2179 3377 2231 scientes
3410 2190 3507 2228 nos

1976 2278 2030 2324 et
2058 2270 2237 2324 lurore
2265 2269 2352 2322 Dei
2380 2269 2663 2336 aliquando
2690 2269 2956 2337 redargui,
2974 2277 3029 2322 et
3055 2270 3132 2321 ira
3164 2267 3252 2318 Dei
3285 2266 3509 2332 corripi,

1979 2358 2241 2412 nemiuem
2267 2360 2335 2412 oh
2372 2373 2606 2412 antorem
2639 2372 2760 2425 erga
2790 2372 2956 2425 genus
2987 2356 3299 2417 humanum,
3329 2352 3409 2404 vel
3444 2352 3510 2404 ad

1980 2448 2296 2516 hyperbolen
2329 2461 2516 2514 usque,
2544 2448 2769 2499 sinentis
2817 2444 3033 2497 omnino
3087 2442 3503 2510 irredargutum,

1982 2545 2138 2603 atque
2172 2551 2274 2588 nou
2308 2547 2609 2604 correptum
2639 2574 2652 2597 ,
2703 2535 2885 2587 omnia
2916 2532 3175 2586 faciamus
3223 2541 3277 2584 ut
3316 2530 3511 2583 talibus

342 2641 807 2710 redargulionihus
832 2646 992 2704 atque
1027 2635 1360 2701 correptione
1390 2645 1451 2686 ea
1495 2644 1610 2698 qua!
1642 2629 1742 2682 sita
1779 2637 1864 2681 est
1896 2627 1950 2681 in
1979 2630 2136 2684 rebus
2186 2629 2496 2697 asperrimis
2540 2637 2700 2697 atque
2752 2626 3162 2690 molestissiinis,
3201 2640 3305 2677 non
3353 2638 3510 2693 egea-

343 2746 477 2783 IIIIIS.

405 2821 491 2875 38.
531 2817 910 2873 Ἐπισκεπτέον
942 2817 997 2869 δὲ
1033 2815 1108 2885 τῷ
1150 2814 1520 2883 ἐντυγχάνοντι
1568 2810 1638 2863 τὰ
1682 2811 1740 2864 ὲν
1770 2810 1877 2869 τοῖς

2052 2806 2210 2875 158
2242 2805 2331 2859 58.
2362 2802 2679 2858 Consideret
2713 2801 2928 2869 insuper
2956 2800 3122 2853 lector
3150 2805 3359 2866 oportet
3392 2811 3510 2866 qua:

340 2912 616 2982 προτέροις
651 2912 782 2979 ἡμῖν
825 2908 1104 2979 εἰρημένα,
1139 2906 1275 2975 μετὰ
1314 2902 1655 2972 παραθέσεως
1705 2899 1879 2952 πλειό-

341 3016 440 3053 νων
484 2997 952 3069 παραδειγμάτων,
1005 2996 1128 3065 περὶ
1166 2993 1258 3046 τοῦ
1298 2994 1349 3044 τί
1388 2991 1702 3061 σημαίνεται
1741 2987 1880 3040 κατὰ

341 3092 435 3160 τὴν
471 3088 688 3159 Γραφὴν
746 3089 810 3139 ἐκ
870 3087 970 3155 τῆς
1022 3086 1244 3151 κόσμος
1277 3083 1487 3151 φωνῆς’
1530 3079 1590 3131 οὐ
1631 3078 1737 3147 γὰρ
1793 3075 1881 3128 εῦ-

342 3179 491 3245 λογον
519 3179 810 3250 ἡγησάμην
846 3173 1200 3241 παλιλλογεῖν.
1229 3173 1339 3225 Οὐκ
1363 3167 1658 3236 ἀγνοοῦμεν
1680 3165 1735 3217 δέ
1762 3180 1881 3217 τινα

342 3270 533 3341 κόσμον
564 3268 901 3338 ἐξειληφέναι
948 3266 1042 3336 τὴν
1086 3260 1402 3331 Ἐκκλησίαν
1447 3259 1631 3328 μόνην,
1681 3254 1881 3324 κόσμον

342 3357 498 3414 οὖσαν
532 3359 624 3412 τοῦ
663 3360 866 3426 κόσμου
888 3374 900 3384 ·
951 3356 1069 3407 ἐπεὶ
1115 3354 1206 3406 καὶ
1241 3351 1353 3419 φῶς
1394 3348 1606 3415 λέγεται
1646 3343 1736 3396 τοῦ
1793 3342 1882 3394 κό-

344 3464 501 3520 σμου’
549 3469 566 3500 ι
601 3446 785 3517 Ὑμεῖς
826 3444 933 3515 γὰρ
974 3445 1125 3508 ὲστὲ,
1168 3442 1332 3510 φησι,
1403 3437 1464 3490 τὸ
1512 3435 1623 3503 φῶς
1652 3433 1745 3485 τοῦ
1790 3431 1881 3483 κό·

347 3557 495 3610 σμου.
527 3557 545 3590 )
577 3539 796 3606 Κόσμος
817 3535 873 3588 δὲ
906 3532 998 3587 τοῦ
1044 3533 1244 3600 κόσμου
1271 3533 1304 3598 ἡ
1344 3524 1653 3594 Ἐκκλησία,
1681 3522 1880 3610 κόσμον

346 3631 504 3699 αὐτῆς
546 3627 828 3696 γινομένου
879 3620 1113 3693 Χριστοῦ
1142 3659 1156 3683 ,
1194 3618 1288 3670 τοῦ
1320 3615 1530 3686 πρώτου
1566 3610 1737 3679 φωτὸς
1790 3606 1880 3660 τοῦ

347 3694 561 3789 κόσμου.
599 3694 973 3782 κατανοητέον
994 3710 1057 3779 δὴ
1078 3712 1125 3761 εί
1150 3708 1221 3777 μὴ
1245 3705 1338 3758 τοῦ
1363 3700 1523 3756 αὐτοῦ
1546 3700 1747 3789 κόσμρυ

347 3782 475 3860 εἶναι
507 3807 723 3874 λέγεται
754 3805 782 3855 ὁ
805 3799 1055 3871 Χριστὸς,
1092 3797 1184 3848 καὶ
1211 3796 1260 3846 οἱ
1289 3790 1523 3862 μαθηταὶ
1548 3784 1709 3840 αὐτοῦ
1729 3800 1741 3812 ’
1772 3782 1881 3874 ἀλλ’

347 3897 428 3948 ὅτε
478 3897 572 3965 μὲν
617 3890 847 3962 Χριστὸς
894 3886 1007 3954 φῶς
1049 3882 1142 3935 τοῦ
1186 3881 1387 3948 κόσμου
1430 3877 1576 3937 ἐστὶ,
1620 3873 1758 3939 τάχα,
1788 3869 1884 3936 τῆς

359 3958 684 4054 Ἐκκλησίας-
713 3980 828 4033 ἐστὶ
868 3977 998 4045 φῶς·
1041 3975 1128 4027 ὅτε
1158 3972 1213 4024 δὲ
1238 3972 1283 4023 οἱ
1317 3966 1549 4038 μαθηταὶ
1573 3960 1734 4054 αὑτοῦ

348 4076 434 4129 τοῦ
460 4049 681 4143 κόσμου,
715 4073 919 4141 μήποτε
954 4066 1061 4118 τῶν
1090 4057 1578 4132 παρακαλουμένων
1599 4053 1701 4104 sici.
1729 4049 1880 4143 eam:

1978 2912 2140 2965 supra
2178 2904 2301 2949 sunt
2328 2902 2355 2947 a
2391 2895 2543 2948 nobis
2578 2893 2744 2951 dicta,
2770 2906 2892 2944 cum
2921 2888 3252 2957 appositione
3280 2886 3511 2952 complu-

1978 2984 2116 3038 rium
2147 2981 2514 3048 exemplorum
2545 2978 2609 3032 de
2634 2992 2696 3032 eo
2728 2978 2868 3044 quod
2897 2986 2999 3039 est,
3033 2976 3157 3043 quid
3185 2973 3511 3042 signiﬁcetur

1974 3071 2126 3140 juxta
2157 3068 2487 3136 Scripturam
2521 3080 2614 3132 per
2640 3080 2820 3117 vocem
2851 3064 3073 3116 mundus
3118 3062 3192 3125 ἰτς
3228 3075 3326 3115 nec
3366 3061 3508 3115 enim

1980 3169 2394 3214 consentaneum
2444 3170 2563 3209 esse
2602 3154 2781 3221 putavi
2819 3163 3076 3219 repetere.
3129 3150 3242 3203 Non
3300 3150 3511 3218 ignora-

1981 3263 2096 3302 mus
2126 3256 2303 3301 autem
2340 3244 2624 3313 quemdam
2659 3241 2972 3310 exposuisse
3007 3254 3101 3308 per
3131 3241 3380 3292 mundum
3410 3236 3510 3288 Εις-

1980 3336 2197 3393 clesiam
2229 3335 2396 3389 solam
2418 3370 2434 3395 ,
2478 3331 2734 3384 mundum
2761 3339 2817 3383 et
2841 3338 3218 3382 ornamentum
3248 3327 3514 3379 exsisten-

1982 3436 2087 3480 tein
2115 3421 2298 3478 mundi
2324 3437 2338 3485 ;
2375 3417 2810 3488 quandoquidem
2840 3416 2927 3469 lux
2962 3415 3123 3468 etiam
3175 3413 3355 3466 mundi
3384 3411 3516 3464 dici-

1983 3525 2110 3567 tur:
2146 3530 2165 3563 t
2206 3512 2314 3567 Vos
2361 3510 2504 3563 enim
2540 3509 2708 3568 estis,
2764 3506 2936 3573 inquit
2981 3504 3048 3566 ιθ,
3088 3503 3178 3555 lux
3231 3501 3433 3553 mttndi.
3488 3516 3508 3549 ι

1981 3602 2205 3655 Mundus
2232 3606 2412 3653 autem
2434 3611 2491 3650 et
2519 3605 2895 3649 ornamentum
2925 3591 3106 3643 mundi
3141 3598 3221 3642 est
3257 3586 3512 3650 Ecclesia,

1982 3689 2192 3743 Christo
2236 3683 2529 3740 exsistente
2561 3681 2758 3735 mundo
2790 3688 2843 3731 et
2875 3686 3187 3729 ornamento
3239 3673 3514 3733 Ecclesiae,

1983 3779 2177 3845 quippe
2200 3775 2289 3842 qui
2323 3772 2394 3826 sit
2424 3773 2591 3838 prima
2614 3769 2703 3820 lux
2736 3766 2915 3820 mundi
2945 3765 3009 3815 δ’.
3059 3763 3513 3831 Considerandum

1983 3876 2161 3919 autent
2207 3871 2287 3917 est
2322 3874 2449 3913 num
2496 3857 2733 3924 ejusdem
2787 3854 2966 3906 mundi
3029 3852 3118 3904 lux
3159 3865 3278 3903 esse
3306 3848 3519 3902 dicatur

1983 3954 2234 4008 Christus
2259 3958 2311 4002 et
2337 3947 2580 4015 discipuli
2606 3944 2741 4011 ejus.
2774 3941 3005 3995 Proinde
3031 3941 3172 4000 vide,
3198 3951 3285 3999 ne,
3308 3937 3518 4004 quando

1984 4044 2228 4098 Christus
2259 4042 2348 4093 lux
2373 4049 2458 4094 est
2485 4037 2692 4097 mundi,
2722 4032 2970 4086 fortassis
3001 4030 3086 4081 lux
3121 4031 3188 4080 sit
3228 4026 3517 4090 Ecclesiae;

358 4116 433 4129 *ν*
460 4116 681 4143 "‘"r'",
715 4116 916 4141 r't""'
1169 4116 1181 4132 .
1408 4116 1420 4126 .
1746 4116 1749 4117 ν

348 4169 541 4238 ἑτέρων
592 4158 758 4217 ὄντων
817 4158 966 4229 παρὰ
1008 4154 1102 4222 τὴν
1161 4147 1479 4216 Ἐκκλησίαν
1508 4183 1521 4206 ,
1577 4143 1760 4206 ὥσπερ
1810 4135 1877 4203 τῷ

1986 4134 2199 4203 quando
2229 4146 2354 4185 vero
2401 4127 2644 4196 discipuli
2677 4125 2791 4193 ejus
2819 4124 2908 4175 lux
2953 4129 3079 4173 sunt
3108 4116 3312 4182 mundi,
3364 4116 3519 4168 inro-

2094 4223 2125 4238 .-
2184 4236 2213 4238 α
2257 4221 2355 4238 -!_.
2392 4218 2472 4238 ιη-.
2580 4216 2663 4238 -..ι
2722 4211 2914 4238 Αι..,.....;
2965 4217 3084 4238 nul-al
3144 4208 3211 4238 nl.
3241 4204 3474 4238 li‘nnlocin

352 4226 537 4325 Παύλῳ
584 4252 712 4323 περ)⁸
757 4226 955 4303 τούτων
1010 4244 1217 4312 εἴρηται
1262 4242 1317 4290 ὲν
1370 4235 1446 4303 τῷ
1485 4229 1745 4325 προοιμιιρ
1786 4226 1883 4291 τῆς

351 4317 609 4416 προτέρας
641 4317 775 4413 πρὸς
804 4341 927 4400 τοὺς
945 4331 1257 4405 Κορινθίους
1300 4321 1609 4409 Ἐπιστολῆς
1629 4317 1885 4416 γράφρντι

357 4456 375 4489 t
403 4441 465 4506 τῇ
497 4431 787 4501 Ἐκκλησία
822 4426 914 4480 τοῦ
946 4425 1077 4477 Θεοῦ
1099 4462 1112 4486 ,
1147 4421 1242 4473 σὺν
1281 4418 1413 4469 πᾶσι
1467 4415 1575 4472 τοῖς
1615 4406 1888 4461 ἐπικαλου-

357 4494 530 4595 μένοις
558 4526 617 4576 τὸ
839 4517 933 4569 τοῦ
965 4513 1166 4582 Κυρίου
1206 4505 1373 4576 Ἰησοῦ
1412 4498 1662 4573 Χριστοῦ.
1686 4515 1721 4595 ἰ
1765 4494 1887 4595 ’Edtv

354 4584 432 4679 τις
483 4584 676 4683 ὑπονοῇ
710 4584 802 4664 τοῦ
837 4608 1039 4675 κόσμου
1093 4599 1205 4669 φῶς
1245 4593 1505 4683 λέγεσθαι
1530 4589 1626 4683 τὴν
1668 4584 1889 4683 Ἐκκληῖ

356 4674 490 4769 σίαν,
523 4674 680 4760 οἱονεί
714 4700 806 4754 τοῦ
839 4694 1025 4750 λοιποῦ
1058 4693 1244 4761 γένους
1282 4687 1386 4739 τῶν
1424 4681 1715 4769 ἀνθρώπων
1740 4717 1752 4737 ,
1798 4674 1889 4769 καλ⁸

354 4793 457 4848 τῶν
479 4763 738 4853 άπίστων,
764 4791 812 4842 εί
849 4789 943 4857 μὲν
987 4775 1332 4854 προφητικῶς
1373 4772 1526 4825 τοῦτο
1545 4769 1630 4822 διὰ
1653 4766 1745 4857 τὸν
1766 4763 1890 4857 περὶ

355 4885 530 4946 τέλους
552 4882 705 4949 λόγον
726 4851 1057 4947 -ὲκληψεταιν,
1092 4869 1229 4936 τάχα
1261 4865 1371 4933 ἔχει
1416 4861 1593 4930 χώραν
1632 4857 1692 4949 τὸ
1735 4851 1885 4919 λεγό-

361 4991 535 5044 μενον·
586 4946 633 5025 εί
662 4972 717 5025 δὲ
752 4971 826 5030 ὡς
854 4946 958 5037 ἥδη
1015 4961 1291 5030 γινόμενον
1335 4952 1474 5023 (ἐπεὶ
1504 4950 1565 5000 τὸ
1595 4946 1706 5014 φῶς
1751 4959 1889 5003 τινος

359 5065 571 5132 φωτίζει
617 5066 788 5115 ἐκεῖνο
817 5052 877 5111 οὖ
907 5058 1021 5106 ἐστι
1066 5048 1252 5118 φῶς),
1291 5042 1642 5097 δεικνύτωσαν
1675 5036 1787 5098 πῶς
1831 5036 1890 5086 τὸ

424 5199 469 5232 ⁸⁶
501 5198 650 5257 Joan.
673 5215 712 5265 ι,
736 5199 824 5254 29.
901 5192 946 5226 ⁵⁷
979 5193 1133 5247 Joau.
1167 5201 1203 5251 ι,
1235 5185 1316 5239 ιο.
1391 5182 1434 5213 ’⁸³
1478 5180 1663 5232 Matth.
1697 5189 1748 5235 ι’,
1791 5173 1871 5225 14.

428 5317 534 5386 (49)
574 5318 683 5372 Τοῦ
711 5319 1010 5386 αἴροντος,
1052 5316 1167 5382 etc.~
1195 5304 1283 5355 Sic
1336 5300 1493 5351 habet
1528 5294 1691 5347 codex
1749 5290 1888 5344 Bod-

363 5374 584 5455 leiauus;
610 5391 659 5440 iu
690 5374 862 5455 Regio
893 5374 1047 5455 deest
1080 5374 1274 5455 “WG-um
1320 5430 1346 5455 τ
1375 5449 1384 5455 _
1457 5430 1651 5455 nni,”
1694 5424 1754 5455 τε
1802 5418 1829 5455 ,ς

431 5424 1135 5523 ξέῶὶὶξῑιέῖδϋδᾱοῑιιιυε
1184 5438 1276 5498 Τίς
1318 5430 1405 5505 ἦν.
1457 5430 1654 5500 aerius
1694 5424 1755 5477 τί
1802 5424 1889 5497 ἦν»

1987 4223 2221 4278 cautium
2253 4221 2361 4273 sint
2392 4218 2477 4272 lux
2508 4259 2522 4282 ,
2575 4216 2667 4284 qui
2719 4211 2916 4266 diversi
2964 4217 3091 4263 sunt
3143 4208 3212 4258 ab
3241 4204 3474 4257 Ecclesia
3504 4242 3520 4266 ,

1989 4311 2437 4382 quemadmodum
2487 4323 2516 4358 a
2570 4303 2733 4358 Paulo
2785 4304 2986 4355 dictum
3033 4308 3116 4351 est
3163 4298 3213 4349 in
3263 4296 3522 4364 prooemio

1990 4402 2185 4472 prioris
2226 4397 2473 4465 Epistula:
2513 4395 2580 4447 ad
2622 4391 2924 4446 Corinthios
2960 4387 3232 4441 scribente
3269 4402 3287 4435 ι
3331 4383 3396 4436 ad
3424 4383 3523 4436 Ec-

1993 4490 2208 4544 clesiam
2261 4487 2377 4552 Dei,
2431 4499 2552 4539 cum
2606 4481 2853 4534 omnilms
2903 4477 2993 4545 qui
3050 4475 3303 4527 invocant
3333 4484 3523 4525 nomen

1995 4578 2204 4633 Domini
2237 4575 2406 4630 nostri
2440 4573 2566 4627 Jesu
2608 4570 2805 4625 Christi
2831 4569 2896 4620 δυ.
2932 4586 2950 4617 ι
2982 4564 3185 4631 Siquis
3226 4562 3527 4627 suspicetur

1990 4668 2283 4722 Ecclesiam
2321 4664 2424 4717 dici
2456 4661 2627 4713 lucem
2657 4657 2862 4719 mundi,
2901 4655 3002 4707 hoc
3029 4659 3112 4704 est
3151 4647 3340 4714 reliqui
3367 4660 3528 4713 gene-

1991 4762 2065 4811 ris
2084 4754 2356 4809 hominum
2382 4759 2433 4803 et
2463 4744 2776 4805 iulidelium,
2808 4741 3064 4809 siquidem
3097 4733 3404 4803 prophetice
3427 4731 3527 4783 hoe

1991 4839 2431 4912 iulerpretabitur
2479 4842 2694 4903 propter
2746 4839 3046 4883 sermonem
3091 4823 3157 4873 de
3184 4834 3524 4872 consumma-

1994 4906 2154 4993 tione,
2192 4928 2421 4980 fortasse
2450 4922 2622 4975 locum
2654 4916 2817 4970 habet
2837 4912 2964 4965 illud
2996 4907 3138 4977 quod
3172 4907 3367 4959 dicitur
3393 4922 3407 4968 ;
3442 4906 3523 4956 sin

1996 5033 2124 5072 vero
2142 4991 2399 5083 tauquam
2420 5011 2528 5076 jam
2560 5006 2758 5060 factum
2789 5001 2842 5054 id
2872 4993 3232 5053 considerabit
3256 4991 3528 5061 (quoniam

1946 5170 1988 5201 “
2020 5167 2292 5222 Juanmu,
2314 5159 2397 5209 1‘2.
2473 5155 2515 5184 ⁵⁰
2548 5152 2709 5204 lCot‘.
2738 5162 2776 5206 ι,
2805 5146 2860 5198 2.

2000 5285 2178 5417 mag?)
2221 5347 2322 5417 Εἰς
2353 5341 2415 5417 tl?
2448 5330 2742 5404 δεηθῆναι.
2785 5328 3063 5384 Ferrarius
3096 5326 3304 5381 videtur
3346 5318 3540 5386 legisse

2002 5411 2089 5485 εἰς’
2107 5411 2169 5469 τῦ
2202 5413 2274 5486 μὴ
2300 5411 2569 5484 δεηθῆναι.
