3880 6178
263 97 372 152 503

1679 76 1991 134 ORIGENIS

3361 67 3491 121 50f

264 205 354 260 tux
390 205 617 272 alicujus
649 202 877 255 illustrat
924 196 1051 250 illud
1080 236 1094 258 ,
1128 194 1279 261 cujus
1306 201 1385 247 cst
1429 192 1561 261 lux).
1608 198 1782 244 osten-

1896 188 2071 243 λοιπὸν
2110 187 2261 254 γένος
2300 186 2585 255 φωτίζεται
2614 186 2717 238 ὑπὸ
2745 185 2840 255 τῆς
2866 182 3371 254 παρεπιδημούσης
3400 175 3496 247 τῷ

265 300 396 351 dant
437 294 699 363 quomodo
730 291 985 356 reliquum
1035 300 1201 355 genus
1235 284 1532 345 illustratur
1580 282 1646 335 ab
1695 282 1793 335 Ec—

265 388 430 441 clesia
480 382 847 454 peregrinante
871 378 922 431 in
958 378 1173 430 mundo.
1203 374 1351 440 Quod
1383 374 1427 427 si
1460 374 1560 427 hoc
1613 381 1795 428 osten-

267 477 394 530 dere
435 478 723 540 nequeunt,
760 468 1035 521 advertant
1068 481 1191 519 num
1220 475 1362 518 recte
1390 463 1794 531 exposuerimns

268 566 436 618 lucem
464 576 581 616 esse
613 558 928 619 Ecclesiam,
961 566 1014 608 et
1047 554 1299 606 mundum
1332 555 1664 606 invocantes.
1691 552 1795 605 Sed

266 651 450 706 vocula
475 665 593 717 qua:
618 647 881 714 sequitur,
904 644 1078 711 posita
1108 641 1160 694 in
1185 640 1471 708 Evangelio
1493 655 1521 691 a
1554 640 1796 692 Mattbam

267 741 461 796 tradito
500 738 764 805 exprimet
813 732 1203 789 enarrationem
1236 731 1284 783 ei
1331 731 1420 798 qui
1453 728 1798 798 diligentissi-

268 843 351 881 me
396 834 666 879 scrutatur
718 822 1064 888 Scriptores:
1100 838 1117 870 ι
1154 817 1260 873 V'os
1307 820 1448 871 enim
1473 856 1489 882 ,
1526 817 1694 883 inquit
1727 818 1792 876 ⁵³.

269 916 397 971 estis
422 915 500 968 sal
535 923 731 975 teme;
786 930 805 962 ι
859 911 1083 962 fortasse
1125 923 1218 974 per
1248 917 1447 961 terram
1499 907 1798 973 intelligens

268 1005 502 1071 reliquos
520 1002 787 1061 homines,
806 1013 1032 1066 quorum
1066 997 1144 1050 sal
1166 1007 1293 1050 sunt
1314 996 1401 1062 qui
1429 995 1793 1052 crediderunt.

269 1102 516 1146 auctores
543 1092 865 1145 exsistentes
891 1099 947 1141 ut
990 1087 1220 1140 mundus
1249 1092 1494 1139 servetur
1521 1094 1795 1150 propterea

268 1183 405 1250 quod
428 1182 649 1236 credant
676 1196 691 1241 ;
731 1189 855 1232 tunc
882 1179 1022 1232 enim
1054 1176 1443 1230 consummatio
1468 1174 1592 1235 erit,
1635 1172 1682 1226 si
1713 1170 1794 1225 sal

262 1273 563 1326 infamatus
592 1267 777 1331 fuerit,
805 1277 858 1321 et
888 1283 994 1320 non
1025 1268 1093 1320 sit
1117 1264 1343 1334 amplius
1373 1265 1463 1333 qui
1493 1264 1648 1318 saliat
1675 1278 1801 1317 coa-

271 1369 553 1429 servetque
583 1366 778 1411 terram
812 1372 826 1408 :
858 1354 1106 1422 quoniam
1133 1352 1319 1420 liquet,
1348 1354 1397 1405 si
1433 1352 1653 1418 impleta
1683 1352 1799 1403 fue-

272 1450 340 1502 rit
367 1446 645 1514 iniquitas,
665 1452 721 1497 et
745 1441 1050 1509 rcfrignerit
1082 1441 1318 1493 charitas
1353 1454 1516 1506 super
1541 1449 1736 1491 terram
1752 1439 1798 1470 ⁸³

271 1534 290 1602 (
319 1533 560 1587 utetiam
591 1529 852 1589 Servator
883 1528 995 1595 ipse
1026 1527 1240 1581 dubiam
1279 1525 1486 1592 profert
1519 1540 1700 1579 vocem
1734 1526 1800 1578 de

274 1624 359 1676 his
385 1621 476 1691 qui
516 1621 567 1674 in
596 1633 695 1675 suo
751 1618 918 1686 ipsius
970 1616 1197 1669 adventu
1249 1625 1442 1679 erunt,
1493 1615 1682 1669 dicens
1710 1615 1798 1672 ”:

274 1725 298 1759 ι
333 1707 702 1762 Verumtamen
726 1719 845 1758 cum
886 1701 1089 1756 venerit
1111 1701 1274 1756 Filius
1300 1703 1697 1765 hominis,num
1730 1704 1806 1757 in-

276 1796 455 1849 veniet
480 1794 633 1848 fidem
662 1807 822 1861 super
853 1802 1047 1845 terram
1072 1792 1094 1844 ?
1119 1793 1167 1861 ι)
1190 1792 1426 1846 futuram
1473 1807 1805 1848 consumma-

266 1887 471 1939 tionem
530 1883 725 1939 saeculi.
768 1881 980 1935 Dicatur
1027 1882 1206 1949 itaque
1259 1881 1498 1936 Ecclesia
1555 1882 1800 1946 mundus,

276 1971 488 2040 quando
503 1984 532 2023 a
552 1967 836 2022 Servatore
858 1967 1180 2032 illustratur;
1203 1983 1299 2022 nos
1312 1980 1486 2024 autem
1499 1972 1803 2039 quaerimus,

276 2077 342 2115 au
378 2068 591 2127 propter
623 2057 788 2111 illud:
820 2075 837 2107 ι
875 2056 1008 2109 Ecce
1050 2057 1233 2125 Agnus
1260 2056 1348 2112 ille
1386 2058 1501 2123 Dei,
1546 2059 1638 2127 qui
1674 2059 1809 2114 tollit

272 2151 732 2221 159peceatum
774 2148 950 2200 mundi
981 2146 1047 2211 “,
1078 2166 1096 2197 ι
1137 2148 1475 2216 interpretari
1519 2148 1807 2203 debeamus

278 2243 530 2294 mundum
589 2236 936 2305 spiritualiter
988 2249 1106 2290 esse
1154 2235 1446 2294 Ecclesiam
1500 2237 1808 2305 (ablatione

277 2338 620 2397 peccatorum
652 2324 1000 2380 circumclusa
1052 2325 1104 2379 in
1155 2324 1265 2378 sola
1308 2324 1608 2393 Ecclesia).
1667 2326 1809 2391 Quo-

267 2417 434 2473 modo
463 2417 606 2472 enim
633 2414 777 2483 quod
805 2428 834 2467 a
856 2414 1113 2481 discipulo
1146 2427 1243 2467 suo
1271 2414 1326 2467 in
1358 2412 1587 2481 Epistula
1616 2413 1810 2469 dicitur

269 2509 345 2562 de
379 2506 683 2569 Servatore,
707 2502 793 2571 qui
813 2500 1114 2570 propitiatio
1138 2511 1220 2556 est
1240 2516 1333 2570 pro
1360 2502 1614 2569 peccatis,
1645 2502 1810 2557 inter-

279 2595 630 2663 pretabimur,
659 2593 738 2647 sic
761 2593 966 2647 habens
998 2612 1012 2647 :
1053 2610 1071 2643 ι
1102 2590 1208 2657 Sed
1229 2599 1284 2644 et
1323 2590 1370 2644 si
1401 2591 1521 2657 quis
1553 2604 1805 2658 peccave-

279 2686 370 2749 rit,
439 2684 752 2737 advocatum
812 2683 1071 2737 habemus
1140 2681 1278 2750 apud
1351 2679 1560 2734 Patrem
1627 2678 1807 2735 Jesum

1894 280 2078 349 κόσμῳ
2106 277 2444 347 Ἐκκλησίας.
2487 277 2548 328 Εἰ
2582 276 2638 328 δὲ
2668 274 2829 328 τοῦτο
2851 271 3125 326 δεικνύναι
3166 271 3230 323 οὑ
3279 270 3500 323 δύναν-

1893 385 2000 430 ται,
2030 367 2469 436 ἐπιστησάτωσαν
2501 366 2705 436 μήποτε
2732 362 2901 431 ὑγιῶς
2940 362 3313 431 ὲξειλήφαμεν
3355 356 3505 428 φῶς

1898 459 1993 526 μὲν
2041 454 2173 508 εἶναι
2206 456 2302 526 τὴν
2349 455 2696 525 Ἐκκλησίαν,
2750 452 2953 519 κόσμον
2991 450 3048 502 δὲ
3103 451 3236 511 τοὺς
3269 450 3505 500 ἐπικα-

1894 545 2199 614 λουμένους.
2245 546 2307 597 Ἡ
2357 544 2413 597 δὲ
2445 543 2570 613 ἑξῆς
2625 541 2777 611 φωνὴ
2820 539 3047 609 κειμένη
3092 539 3150 590 ὲν
3184 535 3266 607 τῷ
3328 532 3509 586 κατά

1895 633 2166 685 Ματθαῖον
2204 632 2281 701 τῲ
2326 630 2717 701 ἐπιμελέστατα
2764 628 3057 699 ἐρευνῶντι
3097 626 3199 688 τὰς
3241 626 3281 676 Γ
3287 624 3506 694 passi;

1897 721 2232 789 παραστήσει
2288 720 2383 788 τὴν
2437 719 2714 788 διήγησιν’
2768 735 2788 769 ι
2833 717 3026 786 Ὑμεῖς
3065 714 3200 784 γὰρ,
3255 713 3452 782 φησὶν
3487 750 3506 774 ,

1896 809 2016 861 ἐστὲ
2066 809 2125 861 τὸ
2165 809 2295 871 ἃλας
2327 810 2423 879 τῆς
2463 808 2595 877 γῆς·
2631 826 2648 858 ι
2703 805 2843 875 τάχα
2898 802 2997 873 τῆς
3039 803 3146 872 γῆς
3190 802 3308 854 τῶν
3368 801 3511 852 λοι-

1896 899 2012 953 πῶν
2074 900 2371 970 ἀνθρώπων
2426 898 2746 967 νοουμένων,
2796 889 2870 948 ὧν
2916 896 3051 956 ἃλας
3090 895 3232 945 εἰσὶν
3273 895 3328 944 οἱ
3394 909 3513 943 πε-

1897 989 2257 1051 πιστευκότες,
2288 988 2447 1042 αἴτιοι
2472 987 2565 1040 τοῦ
2590 985 2875 1057 τηρεῖσθαι
2905 984 2997 1036 τὸν
3031 982 3243 1051 κόσμον
3268 981 3369 1033 διὰ
3400 979 3513 1032 τοῦ

1898 1077 2167 1129 πιστεύειν
2194 1076 2570 1145 τυγχάνοντες·
2604 1075 2724 1126 τότε
2750 1072 2860 1142 γὰρ
2887 1074 2921 1141 ἡ
2966 1070 3254 1124 συντέλεια
3285 1070 3467 1121 ἔσται
3489 1106 3509 1130 ,

1898 1168 1991 1225 ἐὰν
2022 1167 2079 1218 τὸ
2108 1166 2240 1229 ἅλας
2268 1161 2544 1235 μωρανθῇ,
2580 1165 2671 1216 καὶ
2709 1163 2903 1234 μηκέτι
3015 1162 3079 1213 τὸ
3128 1159 3354 1222 ἁλίζον,
3399 1159 3519 1211 καὶ

1900 1256 2194 1327 συντηροῦν
2249 1257 2344 1326 τὴν
2389 1257 2518 1326 γῆν-
2570 1257 2692 1308 ἐπεὶ
2743 1255 2940 1321 σαφὲς,
2992 1254 3113 1315 ὃτι,
3182 1251 3285 1303 ὲάν
3357 1251 3523 1321 πλη-

1899 1347 2060 1417 θυνθῇ
2106 1350 2138 1416 ἡ
2176 1346 2401 1417 ἀνομία,
2440 1346 2534 1397 καὶ
2581 1344 2724 1414 ψυχῇ
2764 1342 3018 1415 ὴάγάπη
3071 1342 3169 1394 ἐπὶ
3217 1341 3330 1410 τῆς
3390 1340 3523 1410 γῆς

1902 1438 2009 1507 (ὡς
2030 1438 2122 1493 καὶ
2156 1437 2314 1490 αὑτὸν
2359 1437 2451 1489 τὸν
2494 1436 2722 1504 Σωτῆρα
2755 1431 3113 1500 διστακτικὴν
3146 1430 3400 1500 προενέγ
3413 1446 3529 1483 κα-

1904 1526 2022 1579 σθαι
2069 1527 2195 1595 περὶ
2260 1523 2366 1577 τῶν
2417 1523 2474 1575 ὲν
2520 1524 2586 1592 τῇ
2646 1520 2912 1591 ἐπιδημίᾳ
2975 1517 3180 1572 ἑαυτοῦ
3248 1518 3463 1588 φωνὴν
3504 1558 3523 1582 ,

1899 1615 2116 1681 λέγοντα
2140 1629 2152 1640 '
2184 1626 2208 1663 ἰ
2245 1611 2406 1681 Πλὴν.
2437 1614 2465 1664 ὀ
2512 1611 2638 1672 Υἱὸς
2689 1609 2783 1661 τοῦ
2817 1606 3113 1676 ἀνθρώπου
3150 1605 3336 1659 ἐλθὼν
3394 1603 3528 1675 ἆρα

1901 1703 2116 1773 εὑρήσει
2146 1701 2242 1772 τὴν
2288 1701 2467 1753 πίστιν
2496 1701 2588 1751 ἐπὶ
2618 1699 2716 1769 τῆς
2742 1698 2847 1767 γῆς
2873 1713 2889 1760 ;
2921 1697 2940 1766 )
2982 1716 3003 1749 ι
3036 1697 3169 1749 τότε
3203 1695 3526 1748 συντέλεια

1902 1793 2050 1845 ἔσται
2064 1792 2155 1844 τοῦ
2181 1790 2387 1853 αἰῶνος.
2402 1789 2651 1857 Λεγέσθω
2671 1787 2849 1841 τοίνυν
2870 1789 2904 1857 ἠ
2929 1785 3240 1854 Ἐκκλησία
3261 1785 3527 1855 κόσμος,

1902 1887 1991 1939 ὅτε
2021 1883 2122 1935 ὑπὸ
2156 1882 2248 1934 τοῦ
2282 1881 2527 1950 Σωτῆρος
2566 1880 2881 1947 φωτίζεται·
2913 1881 3079 1949 ἡμεῖς
3115 1877 3176 1930 δὲ
3213 1876 3532 1947 ζητοῦμεν

1904 1976 1951 2029 εἰ
1976 1974 2115 2029 κατὰ
2140 1973 2227 2026 τό·
2267 1992 2285 2023 ι
2322 1972 2426 2024 Ἰδε
2453 1973 2480 2023 ὁ
2518 1969 2709 2038 Ἀμνὸς
2744 1968 2837 2021 τοῦ
2883 1967 3021 2021 Θεοῦ
3045 2007 3061 2031 ,
3105 1968 3360 2038 ὁαῖρων
3414 1965 3534 2036 τὴν

1905 2064 2172 2134 ἁμαρτίαν
2197 2063 2288 2115 τοῦ
2318 2061 2541 2131 κόσμου,
2575 2079 2594 2111 ι
2626 2060 2827 2129 κόσμον
2858 2058 3094 2128 ἡγητέον
3128 2056 3361 2127 νοητῶς
3395 2058 3532 2127 (52)

1905 2156 2000 2223 τὴν
2049 2151 2366 2221 Ἐκκλησίαν
2414 2148 2879 2221 (περικλειομένου
2927 2147 3024 2200 τοῦ
3075 2146 3355 2217 ατρεσθαι
3415 2147 3535 2217 τὴν

1904 2244 2173 2314 ἁμαρτίαν
2198 2245 2276 2303 εἰς
2308 2242 2471 2310 μόνην
2496 2240 2592 2309 τὴν
2628 2237 3001 2308 Ἐκκλησίαν).
3032 2236 3166 2299 Πῶς
3200 2238 3323 2306 γὰρ
3362 2238 3435 2289 τὸ
3466 2239 3535 2289 ὲν

1905 2333 1970 2400 τῇ
2000 2328 2281 2397 Ἐπιστολῇ
2305 2327 2407 2380 ὑπὸ
2433 2327 2525 2379 τοῦ
2558 2326 2722 2380 αὑτοῦ
2755 2324 2998 2396 μαθητοῦ
3031 2326 3351 2395 είρημένον
3378 2345 3459 2378 πε
3470 2328 3536 2399 ρ).

1906 2418 1999 2473 τοῦ
2021 2419 2269 2488 Σωτῆρος
2307 2416 2533 2487 ἱλασμοῦ
2564 2417 2693 2484 περὶ
2722 2415 2829 2468 τῶν
2864 2415 3159 2485 ἁμαρτιῶν
3191 2416 3537 2485 τυγχάνον-

1905 2525 1994 2571 τος
2012 2505 2397 2577 διηγησόμεθα,
2431 2505 2601 2567 οὑτως
2631 2503 2750 2574 ἕχον
2774 2520 2788 2533 ·
2821 2522 2840 2554 ι
2869 2503 2981 2557 Καὶ
3002 2502 3101 2556 ὲάν
3135 2520 3228 2567 τις
3247 2504 3536 2574 ἁμάρτῃ,

1910 2597 2248 2666 παράκλητον
2290 2596 2480 2665 ἔχομεν
2513 2595 2649 2664 πρὸς
2696 2594 2787 2646 τὸν
2827 2593 3057 2662 Πατέρα
3090 2593 3324 2663 Ἰησοῦν
3374 2594 3540 2663 Χρι-

1912 2690 2032 2741 στὸν
2077 2687 2315 2740 δίκαιονο
2379 2685 2471 2738 καὶ
2529 2684 2690 2746 αὐτὸς
2742 2682 2969 2752 ἱλασμός
3020 2684 3144 2735 ἐστι
3195 2684 3343 2752 περὶ
3407 2683 3538 2735 τῶν

276 2776 551 2829 Christum
574 2773 810 2840 justum;
836 2783 891 2827 et
917 2774 1029 2841 ipse
1050 2780 1132 2826 est
1159 2769 1465 2839 propitiatio
1491 2784 1587 2839 pro
1616 2783 1805 2838 pecca-

1910 2776 2187 2849 ἀμαρτιῶν
2220 2776 2372 2847 ἡμῶν
2394 2792 2407 2805 ο
2447 2776 2506 2828 οὐ
2545 2776 2675 2845 περὶ
2718 2774 2826 2826 τῶν
2857 2772 3154 2844 ἡμετέρων
3212 2774 3278 2827 δὲ
3319 2774 3542 2843 μόνον,

278 2865 351 2918 tis
402 2864 633 2925 nostris;
688 2878 793 2915 non
842 2876 939 2930 pro
972 2861 1173 2914 nostris
1217 2868 1395 2913 autem
1444 2867 1670 2924 tantum,
1716 2861 1809 2915 sed

274 2952 440 3007 etiam
472 2967 569 3020 pro
597 2952 757 3006 totius
800 2953 981 3006 mundi
1011 2951 1099 3005 "1
1125 2969 1143 3003 ι
1170 2949 1234 3004 Et
1258 2951 1400 3018 quod
1426 2951 1565 3020 apud
1589 2948 1808 3005 Paulum

270 3054 383 3110 est,
404 3044 529 3097 huic
571 3056 693 3096 reor
725 3055 843 3096 esse
877 3041 1048 3096 simile
1069 3081 1083 3105 ,
1135 3042 1213 3095 sic
1268 3040 1471 3095 habens
1504 3058 1517 3096 :
1553 3057 1573 3092 ι
1600 3040 1699 3106 Qui
1727 3048 1812 3096 est

279 3131 537 3186 Servatur
561 3132 796 3185 omnium
829 3130 1123 3195 hominum,
1164 3130 1396 3185 maxime
1422 3129 1656 3185 ﬁdelium
1681 3130 1748 3188 ⁸⁸.
1785 3148 1805 3183 ι

273 3222 490 3275 ltursus
505 3221 571 3273 ad
598 3219 737 3272 hunc
772 3219 945 3271 locum
984 3216 1272 3272 Heracleon
1312 3218 1531 3275 veniens
1552 3258 1568 3285 ,
1610 3219 1811 3288 absque

278 3310 459 3377 aliqua
492 3308 869 3376 approbatione
914 3316 967 3360 et
1002 3308 1332 3375 appositione
1362 3307 1808 3370 testimoniorum,

282 3398 525 3459 eimutiat
583 3397 838 3455 Joannem
906 3406 1157 3469 tanquam
1219 3396 1529 3466 prophetam
1582 3397 1808 3451 dicere:

286 3516 305 3546 ι
335 3497 516 3565 Agnus
541 3494 639 3547 .Dei
682 3494 727 3525 ⁸⁷
753 3509 768 3556 ;
794 3510 818 3543 ο
869 3501 926 3547 et
951 3503 1009 3547 ut
1033 3488 1456 3546 excellentiorem
1482 3489 1795 3558 prophetam

282 3584 486 3645 dicere,
537 3600 557 3633 ι
587 3581 677 3648 qui
727 3578 897 3633 aufert
954 3587 1229 3645 peccatum
1290 3572 1543 3626 mundi.»
1575 3572 1810 3638 Quorum

282 3670 512 3741 primum
536 3668 812 3723 existimat
838 3666 903 3720 de
923 3679 1147 3734 corpore
1185 3664 1300 3731 ejus
1343 3661 1472 3724 dici,
1518 3663 1809 3715 secundum

281 3774 410 3814 vero
435 3759 501 3814 de
528 3771 610 3823 eo,
637 3756 776 3825 quod
804 3765 884 3811 est
909 3756 961 3809 in
984 3768 1227 3823 corpore,
1260 3753 1385 3822 quia
1417 3766 1587 3821 agnus
1618 3752 1815 3820 imper-

278 3846 455 3901 fectus
496 3845 568 3899 sit
610 3845 663 3897 in
697 3844 871 3898 ovium
919 3856 1145 3912 genere;
1198 3850 1361 3909 atque
1395 3840 1500 3894 tale
1536 3840 1698 3894 etiam
1741 3839 1814 3893 sit

281 3948 478 4002 corpus
530 3931 926 4002 comparatione
973 3929 1322 3984 inhabitantis
1368 3928 1423 3981 in
1466 3927 1601 3995 ipso.
1643 3925 1814 3979 «Per-

281 4021 562 4076 fectionem
608 4034 769 4084 vero,
825 4019 1015 4086 inquit.
1055 4018 1102 4071 si
1153 4017 1365 4070 volebat
1393 4015 1605 4084 corpori
1658 4015 1813 4068 attri-

280 4111 463 4172 buere,
492 4109 709 4161 arietem
749 4107 918 4174 ipsum
958 4105 1336 4163 immolandum
1366 4105 1609 4160 dixisset.
1639 4121 1660 4155 ι
1707 4102 1811 4159 Sed
1842 4087 1884 4142 θ

1909 2868 2043 2921 ἀλλά
2087 2867 2181 2925 καὶ
2225 2866 2352 2936 περὶ
2379 2864 2499 2918 ὅλου
2535 2863 2628 2916 τοῦ
2658 2863 2900 2931 κόσμου;
2942 2880 2962 2913 ι
3000 2862 3099 2915 καὶ
3138 2862 3206 2914 τὸ
3243 2864 3426 2934 παρὰ
3449 2864 3544 2936 τῷ

1910 2954 2105 3024 Παύλῳ
2129 2955 2186 3009 δὲ
2214 2954 2416 3007 τούτων
2443 2953 2646 3023 νομίζω
2674 2947 2814 3005 εἶναι
2858 2950 3288 3020 παραπλήσιον,
3333 2951 3544 3019 οὓτως

1907 3045 2027 3113 ἕχον
2045 3061 2058 3074 ·
2095 3062 2113 3094 ι
2157 3044 2253 3107 "Oc
2280 3045 2395 3094 ἐστι
2423 3041 2612 3112 Σωτὴρ
2641 3041 2857 3093 πάντων
2883 3037 3224 3109 ἀνθρώπων,
3263 3041 3546 3110 μάλιστα.

1909 3133 2132 3188 πιστῶν.
2165 3151 2185 3186 ι
2222 3132 2389 3186 Πάλιν
2413 3132 2471 3185 ὲν
2489 3130 2568 3200 τῷ
2595 3130 2745 3199 τόπῳ
2762 3131 2791 3182 ὁ
2825 3129 3154 3199 Ἡρακλέων
3176 3130 3543 3201 γενόμενος,

1909 3223 2074 3295 χωρὶς
2098 3220 2277 3291 πάσης
2324 3218 2684 3288 κατασκευῆς,
2716 3218 2812 3272 καὶ
2861 3216 3243 3289 παραθέσεως
3282 3237 3541 3292 μαρτυ-

1910 3307 2059 3380 ριῶν,
2082 3307 2458 3377 ἀποφαίνεται,
2477 3309 2560 3361 ὅτι
2579 3306 2641 3359 τὸ
2665 3305 2765 3375 μέν
2791 3321 2805 3336 ·
2835 3322 2855 3356 ι
2904 3304 3107 3376 Ἀμνδς
3143 3306 3246 3359 τοῦ
3282 3306 3476 3370 Θεοῦ,
3514 3328 3537 3360 ι

1907 3398 1983 3461 ὡς
2021 3399 2299 3468 προφήτης
2327 3396 2489 3466 φησὶν
2514 3396 2544 3448 ὁ
2580 3396 2863 3465 ’Ῑωάννηςο
2896 3395 2959 3448 τὸ
2985 3394 3049 3448 δέ
3074 3411 3090 3426 ⁸
3135 3414 3158 3450 ‹
3219 3398 3284 3450 '0
3334 3400 3543 3471 αἴρων

1906 3484 2006 3554 τὴν
2041 3483 2307 3553 ἁμαρτίαν
2346 3482 2441 3536 τοῦ
2475 3483 2700 3552 κόσμου,
2745 3500 2764 3534 ι
2800 3483 2877 3547 ὡς
2909 3484 3325 3556 περισσότερον
3384 3504 3546 3558 προ-

1911 3576 2096 3646 φήτου.
2128 3575 2236 3629 Καὶ
2264 3574 2434 3628 οἴεται
2464 3575 2525 3627 τὸ
2549 3575 2647 3645 μὲν
2687 3575 2953 3646 πρότερον
2983 3576 3121 3646 περὶ
3169 3576 3274 3630 τοῦ
3313 3581 3546 3648 σῶμα·

1908 3680 1998 3727 τος
2025 3663 2187 3717 αὐτοῦ
2217 3662 2490 3731 λέγεσθαι,
2513 3663 2576 3716 τὸ
2600 3663 2657 3716 δὲ
2703 3662 2957 3735 δεύτερον
3004 3664 3145 3736 περ).
3188 3666 3293 3720 τοῦ
3335 3670 3410 3722 ὲν
3445 3668 3541 3740 τῷ

1912 3752 2139 3822 σώματι.
2170 3752 2246 3822 τῷ
2275 3754 2364 3806 τὸν
2387 3754 2555 3824 ἀμνὸν
2577 3753 2741 3823 ἀτελῆ
2763 3749 2901 3806 εἶναι
2930 3755 2990 3807 ὲν
3018 3754 3103 3824 τῷ
3136 3755 3258 3810 τῶν
3294 3759 3545 3829 προεὰ-

1909 3856 2015 3894 των
2052 3844 2198 3909 γένει
2216 3858 2232 3872 ·
2262 3840 2402 3894 οὓτω
2426 3841 2482 3893 δὲ
2502 3841 2594 3893 καὶ
2616 3843 2678 3895 τὸ
2707 3841 2866 3911 σῶμα
2896 3844 3217 3913 παραθέσει
3243 3848 3352 3902 τοῦ
3380 3852 3549 3904 svos-

1912 3928 2129 3992 κοῦντος
2157 3929 2324 3999 αὑτῷ.
2353 3946 2372 3979 ι
2410 3929 2482 3981 Τὸ
2507 3928 2565 3980 δὲ
2593 3928 2801 4012 τέλειον
2826 3930 2875 3982 εί
2897 3926 3190 3997 ἐϐούλετο,
3229 3939 3412 4006 φησὶ,
3450 3938 3544 4012 τῷ

1913 4014 2118 4084 σώματι
2152 4016 2510 4086 μαρτυρῆσαι,
2536 4010 2869 4102 κριὸνᾷεἷπεν
2914 4017 2981 4070 ἂν
3018 4019 3082 4072 τὸ
3121 4022 3342 4091 μέλλον
3406 4010 3545 4102 (53)

1913 4102 2299 4172 θύεσθαι.›οὑχ
2318 4103 2556 4174 ἡγοῦμαι
2577 4103 2634 4155 δὲ
2664 4100 2802 4158 εἶναι
2830 4106 3138 4175 ἀναγκαῖον
3168 4112 3335 4180 μετά
3358 4100 3547 4187 τηλιᾴ.

284 4209 389 4248 non
417 4192 646 4245 arbitror
668 4194 1027 4247 necessarium
1046 4206 1167 4246 esse
1190 4201 1309 4260 post
1333 4200 1415 4245 tot
1438 4191 1805 4259 inquisitiones

1913 4189 2112 4253 καύτας
2153 4192 2513 4259 γεγενημένας
2547 4190 2823 4256 ἐξετάσεις
2858 4195 3146 4259 ταυτίξειν
3199 4198 3332 4271 (54)
3389 4208 3550 4277 περὶ

283 4280 485 4337 factas.
519 4280 703 4333 eadem
734 4280 836 4332 hoc
877 4280 931 4332 in
965 4282 1082 4333 loco
1115 4290 1386 4346 repetere,
1425 4279 1805 4336 contendentes

1912 4279 2001 4331 τὸν
2032 4278 2210 4341 τόπον,
2239 4278 2663 4349 ἀγωνιζομένους
2708 4281 2845 4351 πρὸς
2874 4282 2944 4335 τὰ
2977 4284 3235 4352 εὐτελῶς
3271 4292 3396 4346 ὑπδ
3433 4297 3548 4353 τοῦ

283 4377 468 4421 contra
498 4381 560 4420 ea
594 4381 711 4433 qua:
738 4367 875 4420 dixit
904 4365 1191 4421 Heracleon
1235 4382 1420 4434 parum
1451 4370 1623 4423 docte.
1668 4367 1805 4424 Tan-

1923 4367 2284 4438 Ἦρακλέωνος
2329 4370 2605 4438 εἰρημένα.
2637 4370 2809 4424 Μόνον
2850 4372 2907 4425 δὲ
2948 4374 3115 4429 τοῦτο
3150 4380 3554 4454 ἐπισημειω-

285 4463 398 4509 tum
422 4453 521 4506 hoc
547 4452 720 4506 adhuc
748 4461 979 4516 notetur,
1004 4454 1166 4520 quod,
1193 4463 1250 4507 ut
1278 4454 1361 4508 vix
1393 4456 1619 4511 mundus
1643 4471 1805 4526 capax

1911 4456 2051 4519 τέον,
2079 4457 2180 4519 ὅτι,
2207 4457 2391 4528 ῶσπερ
2437 4458 2592 4528 μόγις
2623 4460 2734 4529 (55)
2781 4460 3064 4533 ἐχώρησεν
3109 4468 3140 4519 ὁ
3168 4452 3410 4542 κόσμος
3437 4478 3549 4532 τὸν

281 4543 423 4597 illius
469 4542 608 4607 fuit,
658 4542 746 4609 qui
783 4543 1014 4611 seipsum
1053 4542 1293 4608 inanivit,
1336 4545 1413 4597 sic
1449 4559 1586 4614 agno
1614 4555 1668 4601 et
1706 4561 1805 4601 non

1913 4542 2453 4639 itempanem-saurex],
2472 4546 2641 4610 οὑτως
2674 4548 2871 4618 ἀμνοῦ,
2909 4551 3005 4604 καὶ
3033 4555 3101 4608 οὑ
3140 4560 3329 4628 κριοῦ
3361 4563 3551 4639 ἐδεή-

279 4631 448 4684 ariete
479 4644 612 4698 opus
652 4629 814 4683 fuisse
841 4631 908 4681 ad
945 4629 1088 4684 illius
1132 4629 1473 4685 auferendum
1509 4642 1804 4701 peccatum.

1910 4632 1998 4703 θη,
2022 4634 2108 4685 ἵνα
2135 4633 2271 4704 ἀρθῇ
2297 4635 2457 4687 αὑτοῦ
2486 4638 2519 4705 ἡ
2551 4639 2791 4710 ἁμαρτία
2815 4642 2950 4712 (56).

1018 4724 1343 4776 Λεῐπουσιν
1375 4726 1428 4776 οι
1456 4725 1620 4792 τόμοι
1646 4723 1912 4792 ἕϐδομος,
1942 4724 2037 4776 καί
2064 4723 2291 4792 ὄγδοος,
2324 4726 2419 4780 καὶ
2451 4727 2722 4799 ἕννατος.

342 4833 599 4908 τομίωξὲ
628 4849 680 4908 Υ,
710 4832 793 4885 13.
870 4831 933 4908 fi
962 4828 1145 4882 Matth.
1176 4844 1315 4889 XXIV,
1350 4831 1435 4882 12.
1522 4831 1575 4862 ³³
1601 4830 1730 4885 Luc.
1757 4845 1805 4884 XI

1917 4830 1969 4884 8.
2044 4829 2266 4885 "Joan.
2308 4848 2352 4898 ι,
2384 4835 2471 4895 39.
2563 4840 2609 4870 ⁸³
2646 4841 2844 4899 lJoan.
2876 4863 2936 4908 ιι,
2970 4830 3029 4908 1,
3065 4855 3124 4908 2.

277 4917 354 4964 ιν,
389 4902 474 4955 10.
548 4902 591 4932 ⁸⁷
622 4890 774 4954 Joan.
806 4915 844 4962 ι,
867 4897 957 4953 29.

2339 4890 2350 4898 ,
2406 4890 2417 4895 ν
2646 4890 2662 4895 -
2690 4890 2844 4899 *νς-..-
2877 4890 2936 4904 II.
2974 4890 3029 4914 Ι,

353 5004 461 5071 (52)
501 5003 686 5071 Ἠτητ.
726 5018 783 5055 ν.
810 4999 899 5054 Sic
923 5000 1071 5053 Bodl.
1086 5017 1115 5071 λε
1140 4999 1354 5069 Regius,
1378 5003 1593 5071 νοητέον
1630 5001 1813 5071 ὑγιῶς.

3236 4860 3293 4892 ⁵⁸
3330 4864 3353 4919 1
3392 4866 3561 4927 Tim.

353 5006 461 5071 (52)
501 5006 686 5071 Ἡγητ.
726 5018 783 5055 ν.
810 5006 899 5054 Sic
924 5006 1071 5053 Bodl.
1102 5017 1115 5051 :
1142 5006 1354 5069 Regius,
1378 5006 1593 5071 νοητέον
1630 5006 1805 5068 ὑγιῶς.

350 5071 462 5135 (53)
490 5070 577 5134 Τῷ
602 5070 820 5139 σώματι
843 5068 1235 5139 μαρτυρῆσαι,
1271 5071 1436 5135 κριὸν
1458 5067 1805 5139 εἷπενρνμτε

1917 5006 2459 5135 ξιὲὗὲετέιὲἒὲἓὲἔᾶιν,
2490 5026 2590 5078 pro
2618 5030 2725 5082 quo
2766 5017 2993 5075 Huetius
3034 5024 3363 5096 legendum
3403 5056 3570 5094 cen-

282 5137 783 5238 i‘ffi‘iftf‘i‘...‘.‘?
808 5135 1594 5238 ὶξδξῗξ...¹ἷίῖί¹¹ἒλ¹³ἷ¹.¹ὲ⁵;-.ῗὲἓξῗξ
1624 5135 1823 5238 Βὲἐίέἐῗ
1924 5138 2298 5238 ηςέῗξίλίξῗωδ·
2342 5142 2669 5238 Βὶξτνξπίπυε
2705 5163 2760 5213 ει
2801 5153 3133 5225 Βοά¹εί³ηυδ
3182 5168 3395 5238 μόγις,
3437 5177 3574 5236 Re-

850 5202 875 5216 ιο

286 5201 561 5287 perperam
616 5206 775 5259 habet
808 5202 875 5256 τ’
923 5203 1112 5273 σῶμαο
1150 5205 1210 5257 τὸ
1259 5207 1633 5276 μαρτυρῆσαι,
1674 5201 1805 5273 κριδι

290 5274 460 5324 είπειν
496 5273 624 5325 αὐτὸ
658 5273 718 5325 τὸ
756 5221 963 5336 μέλῗον,
1005 5281 1105 5326 etc.

1922 5201 2245 5325 giusé'sdhs,
2278 5214 2417 5289 quod
2451 5215 2592 5270 idem
2607 5201 2721 5275 est.

1998 5274 2051 5336 (5
2092 5274 2331 5336 )Avtov
2370 5281 2405 5336 ἡ
2445 5283 2720 5336 άιιαοτῐα-

290 5274 460 5324 εἰπεῖν
496 5273 624 5325 αὐτὸ
658 5273 718 5325 τὸ
756 5272 963 5343 μέλλον,
1005 5272 1105 5326 etc.
1261 5272 1271 5274 “
1340 5272 1351 5276 ⁷
1439 5272 1451 5276 ⁷
1496 5272 1505 5275 ⁷

363 5338 470 5407 (Si)
524 5337 825 5399 Τὰυτίζειν.
881 5340 968 5395 Sic
1020 5341 1187 5397 codex
1232 5340 1579 5407 Bodleianus;
1629 5338 1805 5410 Regio:

1927 5272 2405 5405 εεςῖ⁵ῗέεὲἶῖιῖῗιῗτέ²
2433 5283 2925 5415 ἕὲιῖἶὲἔιῗδ.⁰⁰⁶“
2967 5295 3023 5351 ί¹¹
3073 5302 3285 5377 θοάίβθ
3333 5309 3571 5389 ¹¹οείοι
