3880 6162
1423 426 1767 483 εοιιιιΕΝτ.
1807 429 1873 483 IN
1909 430 2096 486 sum.
2131 392 2361 486 Tomos
2392 431 2460 487 Χ.

3456 436 3561 493 306

1517 781 2433 911 ΩΡΙΓΕΝΟΥΣ

974 1003 1112 1060 ῙΒΝ
1146 1004 1273 1057 ΕΙΣ
1312 1007 1394 1058 ΤΟ
1430 1006 1612 1057 ΚΑΤΑ
1651 1000 1971 1058 ΙΩΑΝΝῙΙΝ
1998 1003 2468 1057 ΕΥΑΓΙἜΛΙΟΝ
2496 1001 2961 1057 ΕΞΗΓΗΤΙΚΩΝ

1737 1163 2108 1248 ΤΟΜΟΣ
2144 1160 2223 1246 1'.
2298 1118 2302 1122 ’

1640 1489 2304 1603 ORIGENIS

809 1708 1570 1773 COMMENTARIORUM
1617 1709 1695 1767 IN
1737 1706 2249 1768 EVANGELIUM
2293 1698 2706 1767 SECUNDUM
2743 1697 3112 1765 JOANNEM

1674 1882 2080 1972 'l'OMUS
2148 1883 2270 1967 Χ.

446 2206 495 2260 ι.
526 2226 547 2257 ι
576 2208 734 2261 Μετὰ
754 2208 905 2261 τοῦτο
927 2209 1128 2279 κατέϐη
1151 2211 1229 2271 είς
1246 2210 1615 2281 Καφαρναοὺμ
1634 2208 1812 2272 αῦτδς,
1830 2210 1921 2261 καὶ

2096 2207 2251 2277 160
2280 2208 2327 2261 l.
2367 2224 2385 2257 ι
2414 2206 2603 2259 Postea
2634 2204 2909 2259 descendit
2939 2202 3311 2268 Capharnaum
3343 2200 3476 2268 ipse,
3508 2209 3565 2254 et

380 2298 406 2364 ἢ
438 2299 622 2365 μήτηρ
656 2296 838 2359 αὐτοῦ,
860 2299 954 2350 καὶ
974 2300 1020 2350 οί
1047 2299 1280 2368 ἀδελφοὶ,
1311 2302 1403 2351 καὶ
1424 2302 1473 2351 oi
1508 2299 1739 2367 μαθηταί
1762 2315 1775 2329 ο
1832 2300 1923 2351 καὶ

375 2386 488 2436 ἐκεῖ
533 2385 760 2454 ἔμειναν
808 2387 868 2438 οὐ
915 2386 1111 2449 πολλὰς
1143 2388 1372 2458 ἡμέρας.
1418 2389 1525 2439 Καὶ
1578 2388 1739 2453 ἐγγὺς
1767 2382 1833 2456 ἦν
1864 2386 1923 2438 τὸ

372 2471 555 2542 Πάσχα
600 2474 707 2525 τῶν
738 2474 1020 2535 Ἰουδαίων,
1061 2477 1152 2528 καὶ
1204 2476 1369 2545 ἀνέϐη
1411 2478 1489 2538 είς
1527 2476 1861 2546 Ἰεροσόλυμα
1895 2476 1923 2526 ὁ

383 2561 618 2629 Ἰησοῦς,
645 2563 734 2614 καὶ
757 2557 911 2632 εὗρεν
951 2566 1006 2617 ἐν
1030 2564 1106 2633 τῷ
1138 2565 1265 2634 ἱερῷ
1288 2567 1410 2627 τοὺς
1438 2565 1743 2629 πωλοῦντας
1776 2566 1920 2634 βόας,

372 2653 463 2702 καὶ
487 2651 764 2720 πρόϐατα,
797 2653 890 2705 καὶ
920 2654 1258 2724 περιστερὰς,
1282 2655 1371 2706 καὶ
1408 2657 1532 2717 τοὺς
1563 2657 1923 2725 κερματιστὰς

372 2740 716 2809 καθημένους
738 2758 751 2770 ·
782 2742 874 2793 καὶ
890 2744 1115 2809 ποιήσας
1136 2742 1209 2803 ὡς
1227 2741 1545 2811 φραγέλλιον
1570 2744 1632 2793 ἐκ
1658 2744 1919 2811 σχοινίων,

372 2826 589 2890 πάντας
611 2829 857 2891 ἐξέϐαλεν
884 2832 946 2881 ἐκ
984 2830 1075 2882 τοῦ
1131 2829 1297 2900 ἱεροῦ,
1323 2831 1391 2882 τά
1418 2848 1473 2882 τε
1516 2831 1775 2895 πρόῦατα,
1833 2833 1923 2885 καὶ

371 2919 492 2979 τοὺς
525 2917 683 2986 βόας,
714 2919 807 2970 καὶ
837 2917 942 2971 τῶν
976 2918 1333 2971 κολλυϐιστῶν
1363 2918 1541 2988 ἐξέχεε
1567 2920 1633 2972 τὰ
1656 2919 1921 2991 κέρματα,

377 3012 469 3063 καὶ
495 3009 594 3065 τὰς
613 3008 891 3078 τραπέζας
922 3008 1238 3080 ἀνέστρεψε,
1268 3011 1361 3063 καὶ
1391 3012 1500 3073 τοῖς
1538 3010 1635 3073 τὰς
1682 3027 1925 3080 περιστε-

381 3100 477 3169 ρὰς
511 3097 781 3150 πωλοῦσιν
831 3092 1014 3150 εἶπεν·
1046 3097 1250 3169 Ἀρατε
1305 3098 1473 3151 ταῦτα
1528 3098 1804 3152 ἐντεῦθεν·
1851 3101 1922 3168 μὴ

380 3191 582 3241 ποιεῖτε
614 3188 707 3240 τὸν
750 3182 894 3239 οἶκον
926 3186 1020 3240 τοῦ
1062 3188 1272 3256 Πατρός
1326 3206 1423 3257 μου
1470 3183 1613 3240 οἷκον
1644 3189 1922 3258 ἐμπορίου.
1964 3202 1969 3205 ⁷

377 3277 508 3329 Tm
538 3276 884 3346 ἐμνήσθησαν
921 3278 970 3328 οί
1006 3279 1240 3345 μαθηταὶ
1284 3276 1467 3339 αὐτοῦ,
1495 3279 1576 3330 ὅτι
1621 3278 1926 3347 γεγραμμέ

376 3382 465 3418 νον
487 3367 663 3427 ἐστὶν,
691 3367 773 3417 ὄτι
806 3365 862 3417 '0
894 3364 1052 3435 ζῆλος
1090 3366 1185 3419 τοῦ
1227 3366 1376 3419 οἴκου
1429 3384 1519 3419 σου
1554 3368 1927 3435 καταφάγεταί

380 3472 468 3523 με.
542 3453 942 3524 Ἀπεκρίθησαν
966 3450 1057 3507 οὖν
1082 3458 1129 3507 οἱ
1169 3456 1427 3520 Ἰουδαῖοι,
1454 3458 1546 3510 καὶ
1574 3454 1728 3510 εἶπαν
1759 3456 1922 3526 αὐτῷ’

2024 2306 2192 2350 mater
2216 2294 2349 2362 eius,
2378 2304 2433 2348 et
2465 2295 2660 2347 fratres
2693 2291 2827 2360 ejus,
2853 2302 2908 2345 et
2940 2289 3184 2357 discipuli
3216 2288 3364 2354 ejus;
3403 2296 3458 2342 et
3487 2288 3561 2343 ibi

2022 2394 2337 2439 manserunt
2401 2400 2504 2437 non
2563 2383 2744 2436 multis
2810 2381 3023 2435 diebus.
3084 2377 3323 2433 Instabat
3384 2387 3563 2433 autem

2021 2476 2224 2531 Pascha
2246 2474 2573 2537 Judaaorum,
2598 2483 2652 2528 et
2671 2473 2915 2527 ascendit
2932 2472 3357 2541 Hierosolymam
3378 2468 3563 2533 Jesus,

2021 2573 2074 2619 et
2101 2566 2300 2633 reperit
2340 2566 2391 2617 in
2420 2563 2616 2631 templo
2657 2577 2748 2617 eos
2793 2561 2884 2629 qui
2939 2563 3238 2615 vendebant
3287 2562 3470 2624 boves,
3511 2569 3567 2613 et

2022 2668 2168 2717 oves,
2190 2663 2243 2707 et
2274 2654 2565 2717 columbas,
2596 2662 2653 2707 et
2674 2653 2979 2705 mensarios
3013 2652 3261 2706 sedentes
3290 2667 3302 2702 :
3332 2664 3563 2718 eumque

2023 2743 2407 2810 fecissetquasi
2439 2742 2700 2810 ﬂagellum
2731 2756 2795 2795 ex
2830 2740 3115 2805 funiculis,
3140 2754 3325 2795 omnes
3350 2741 3501 2806 ejecit
3536 2754 3566 2793 e

2024 2835 2237 2902 templo,
2264 2848 2392 2888 oves
2421 2833 2599 2896 simul,
2632 2848 2695 2886 ac
2722 2833 2921 2897 boves;
2970 2841 3023 2884 et
3071 2830 3457 2885 mensariorum
3491 2844 3566 2883 αις

2023 2920 2223 2985 effudit,
2266 2932 2322 2976 ct
2361 2936 2575 2976 mensas
2606 2922 2901 2983 subvertit,
2959 2930 3012 2976 et
3052 2922 3137 2975 his
3167 2920 3257 2990 qui
3289 2919 3567 2973 columbas

2023 3012 2324 3065 vendebant
2365 3012 2498 3066 dixit
2542 3029 2556 3064 :
2605 3012 2822 3065 Auferte
2873 3014 2973 3066 ista
3025 3012 3188 3076 hinc,
3243 3024 3344 3065 nec
3404 3010 3565 3065 facile

2025 3104 2237 3154 domum
2285 3100 2463 3155 Patris
2523 3101 2650 3167 mei,
2686 3101 2896 3154 domum
2949 3106 3233 3154 mercatus.
3280 3098 3563 3153 liccat-dati

2026 3204 2151 3243 vero
2184 3197 2310 3243 sunt
2347 3189 2592 3257 discipuli
2643 3194 2758 3254 ejus
2792 3189 2931 3255 quod
2962 3189 3218 3257 scriptum
3246 3198 3331 3243 est
3360 3206 3372 3242 :
3405 3187 3566 3241 Zelus

2026 3277 2213 3330 domus
2246 3287 2350 3330 tuae
2386 3277 2563 3331 exedit
2610 3290 2708 3330 me.
2749 3276 3158 3346 ReSponderunt
3203 3291 3333 3345 ergo
3369 3276 3562 3339 Judaei,

2027 3375 2081 3419 ct
2113 3365 2365 3419 dixerunt
2396 3364 2446 3419 ei
2476 3382 2491 3419 :
2520 3365 2669 3430 Quod
2704 3366 2915 3434 signum
2951 3365 3103 3419 nobis
3135 3363 3373 3419 ostendis
3396 3376 3567 3433 quan-

2029 3453 2309 3521 doquidem
2332 3453 2431 3507 ista
2460 3454 2575 3522 agis
2598 3455 2621 3507 ἲ
2648 3452 2946 3522 Respondit
2988 3452 3143 3509 Iesus
3162 3493 3176 3518 ,
3206 3464 3258 3508 et
3278 3454 3409 3508 dixit
3440 3454 3520 3508 eis
3549 3471 3564 3506 :

378 3545 442 3596 Τί
477 3547 703 3614 σημεῖον
720 3513 979 3605 δεικνύεις
1006 3545 1152 3613 ἡμῖν,
1179 3546 1260 3597 ὃτι
1304 3546 1473 3598 ταῦτα
1521 3549 1725 3609 ποιεῖς;
1767 3513 1924 3598 Ἀπε-

2031 3542 2297 3598 Destruite
2320 3543 2570 3612 templum
2596 3543 2707 3608 Dei,
2734 3556 2788 3599 et
2814 3545 2866 3597 in
2894 3546 3061 3599 tribus
3083 3543 3273 3601 diebus
3298 3544 3568 3599 suscitabo

377 3633 543 3704 κρίθη
584 3632 810 3703 Ἰησοῦς,
839 3635 932 3686 καὶ
957 3631 1072 3686 εἷπε
1092 3650 1104 3664 ·
1145 3633 1350 3687 Λύσατε
1378 3636 1468 3686 τὸν
1496 3634 1618 3687 ναὸν
1652 3634 1740 3688 τοῦ
1771 3634 1924 3698 Θεοῦ,

376 3724 472 3777 καὶ
526 3724 586 3775 ὲν
624 3723 801 3791 τρισὶν
847 3722 1074 3793 ἡμέραις
1100 3723 1275 3793 ἐγερῶ
1322 3725 1500 3776 αὐτόν.
1542 3722 1928 3793 Ἀπεκρίθησαν

375 3807 471 3865 οὖν
490 3815 541 3865 οἱ
583 3812 852 3865 Ἰουδαῖοι·
886 3814 1295 3883 Τεσσαράκοντα
1327 3814 1419 3865 καὶ⁹
1451 3813 1509 3876 ἒξ
1538 3814 1708 3864 ἔτεσιν
1734 3800 1928 3881 ᾡκοδοὲ

379 3900 531 3971 μήθη
558 3904 587 3954 ὀ
618 3903 743 3964 ναὸς
774 3896 944 3965 οὗτος,
971 3903 1061 3954 καὶ
1098 3904 1163 3954 σὺ
1187 3903 1243 3956 ὲν
1263 3903 1435 3970 τρισὶν
1465 3902 1692 3971 ἡμέραις
1726 3903 1930 3970 ἐγερεῖς

374 3992 576 4055 αὖτόνς
624 3992 856 4052 Ἐκεῖνος
882 3990 938 4043 δὲ
970 3991 1121 4058 ἔλεγε
1154 3990 1388 4061 περὶτοῦ
1416 3989 1541 4041 ναοῦ
1569 3988 1660 4041 τοῦ
1686 3988 1931 4058 σώματος

375 4080 567 4136 αὑτοῦ.
603 4081 729 4132 Ὅτε
774 4076 867 4132 οὖν
911 4080 1118 4150 ἠγέρθη
1160 4082 1222 4132 ὲκ
1254 4079 1478 4148 νεκρῶν,
1514 4080 1853 4150 ἐμνήσθησαν
1883 4080 1930 4131 ol

378 4169 627 4239 μαθηταὶ
653 4169 835 4231 αὐτοῦ,
871 4171 951 4221 ὅτι
980 4169 1136 4222 τοῦτο
1164 4170 1335 4237 ἔλεγε,
1378 4170 1470 4222 καὶ
1508 4170 1825 4222 ἐπίστευσαν
1865 4173 1929 4239 τῇ

374 4256 573 4328 Γραφῇ
620 4258 713 4310 καὶ
752 4257 829 4326 τῷ
885 4257 1024 4328 λόγῳ
1068 4258 1126 4310 ὃν
1166 4254 1316 4309 εἶπεν
1351 4261 1379 4311 ὁ
1413 4258 1632 4328 Ἰησοῦς.
1671 4259 1754 4321 Ὠς
1775 4259 1830 4311 δὲ
1865 4254 1931 4326 ἦν

376 4346 437 4397 ὲν
495 4349 611 4408 τοῖς
652 4346 1037 4417 Ἰεροσολύμοις
1080 4349 1137 4399 ἐν
1181 4347 1259 4415 τῷ
1294 4349 1502 4417 Πάσχα,
1548 4350 1604 4401 ὲν
1636 4352 1700 4419 τῇ
1750 4352 1930 4420 ἑορτῇ,

378 4434 713 4485 ἐπίστευσαν
746 4436 824 4495 εἰς
865 4434 923 4485 τὺ
975 4433 1141 4503 ὄνομα
1184 4435 1344 4487 αὑτοῦ
1393 4435 1570 4488 πολλοὶ
1612 4436 1934 4507 θεωροῦντες

376 4522 550 4574 αὑτοῦ
593 4523 659 4575 τὰ
706 4525 904 4592 σημεῖα
953 4522 988 4574 ἃ.
1039 4524 1225 4578 ἐποίει.
1258 4522 1426 4587 Αὐτὸς
1450 4526 1505 4577 δὲ
1546 4528 1573 4577 ὁ
1607 4527 1806 4594 Ἰησοῦς
1837 4529 1935 4580 οὐκ

376 4612 699 4665 ἐπίστευσεν
762 4613 950 4684 ἑαυτὸν
997 4614 1195 4676 αὐτοῖς,
1224 4614 1309 4666 διὰ
1360 4615 1420 4666 τὸ
1467 4616 1623 4667 αὐτὸν
1654 4616 1934 4683 γινώσκειν

378 4700 616 4763 πάντας,
652 4702 744 4754 καὶ
770 4702 849 4753 ὅτι
880 4703 939 4752 οὑ
968 4702 1151 4771 χρείαν
1182 4698 1322 4772 εἶχεν
1354 4704 1441 4755 ἴνα
1485 4720 1566 4765 τις
1614 4711 1936 4777 μαρτυρήσῃ

2030 3630 2176 3686 illud.
2222 3633 2481 3687 Dixerunt
2527 3647 2654 3699 ergo
2709 3631 2877 3687 Judaei
2915 3631 3319 3702 :Quadraginta
3375 3640 3430 3686 et
3472 3644 3567 3687 sex

2027 3720 2182 3776 annis
2202 3722 2520 3776 aediﬁcatum
2546 3729 2626 3775 est
2656 3721 2908 3788 templum
2951 3722 3073 3786 hoc,
3122 3731 3175 3774 et
3214 3731 3269 3776 tu
3305 3722 3358 3775 in
3397 3720 3569 3775 tribus

2028 3812 2215 3866 diebus
2265 3812 2548 3866 suscitabis
2582 3810 2755 3864 illud?
2790 3811 2859 3864 At
2903 3810 2989 3863 ille
3030 3811 3243 3863 dicebat
3272 3810 3339 3864 de
3371 3809 3567 3879 temple

2028 3899 2269 3967 corporis
2296 3900 2395 3953 sui.
2426 3898 2557 3953 Cum
2594 3900 2719 3967 ergo
2766 3898 3058 3952 suscitatus
3086 3907 3228 3952 esset
3257 3913 3288 3952 e
3318 3900 3565 3961 mortuis,

2031 3988 2290 4042 recordati
2330 4000 2454 4041 sunt
2498 3988 2742 4056 discipuli
2776 3988 2891 4055 ejus
2924 3988 3062 4055 quod
3094 3989 3195 4041 hoc
3241 3988 3483 4051 dixisset,
3514 3996 3569 4041 et

2030 4078 2366 4131 crediderunt
2399 4078 2690 4144 Scriptores
2712 4116 2727 4140 ,
2761 4085 2815 4130 et
2852 4076 3122 4139 sermoni,
3168 4090 3327 4144 quem
3360 4074 3570 4130 dixerat

2030 4167 2204 4222 Jesus.
2236 4167 2365 4219 Cum
2398 4175 2576 4219 autem
2610 4175 2752 4219 esset
2777 4164 3153 4233 Hierosolymis
3182 4165 3232 4218 in
3263 4163 3487 4228 Pascha,
3516 4164 3568 4217 in

2030 4258 2119 4309 die
2148 4255 2304 4317 festo,
2333 4255 2481 4308 multi
2505 4255 2845 4308 crediderunt
2867 4253 2918 4307 in
2943 4265 3133 4306 nomen
3163 4252 3300 4321 eius,
3331 4252 3572 4305 videntes

2031 4346 2182 4413 signa
2214 4345 2347 4414 ejus,
2379 4358 2495 4412 qua:
2527 4343 2736 4398 edebat.
2765 4328 2881 4413 ipse
2916 4352 3092 4396 autem
3126 4341 3281 4397 Jesus
3313 4358 3419 4396 non
3451 4348 3571 4396 cre-

2032 4434 2192 4488 debat
2212 4434 2558 4502 semetipsum
2586 4434 2686 4498 eis,
2723 4448 2789 4487 eo
2811 4434 2954 4501 quod
2997 4434 3112 4501 ipse
3148 4443 3327 4487 nosset
3359 4446 3569 4497 omnes,

2034 4526 2133 4576 nec
2162 4537 2293 4591 opus
2324 4524 2543 4576 haberet
2592 4532 2648 4575 ut
2686 4523 2881 4590 aliquis
2906 4529 3191 4576 testaretur
3228 4524 3293 4575 de
3331 4521 3565 4576 homine.

2035 4612 2150 4681 ipse
2173 4612 2315 4665 enim
2342 4611 2544 4667 sciebat
2570 4613 2694 4681 quid
2729 4622 2870 4666 esset
2895 4611 2948 4663 in
2972 4611 3186 4664 homine
3204 4611 3271 4666 ⁸⁸.
3298 4631 3317 4663 ι
3354 4612 3568 4665 Numeri

2034 4702 2121 4769 qui
2154 4702 2205 4754 in
2236 4702 2350 4769 ipso
2379 4702 2730 4756 Numerorum
2774 4703 2911 4756 libro
2938 4702 3124 4769 scripti
3153 4702 3395 4763 fuerunt,
3420 4699 3569 4765 iusta

380 4792 513 4859 περὶ
545 4788 848 4859 ἀνθρώπου.
888 4790 1056 4852 Αὐτὸς
1105 4792 1209 4860 γὰρ
1238 4791 1495 4858 ἐγίνωσκε
1548 4792 1596 4844 τί
1647 4788 1714 4861 ἦν
1757 4795 1814 4845 ὲν
1860 4795 1928 4863 τῷ

2037 4792 2316 4858 quamdam
2371 4795 2763 4859 proportionem
2816 4791 3221 4845 convenientem
3283 4790 3571 4857 unicuique

380 4881 674 4951 ἀνθρώπῳ.
717 4901 734 4930 ι
773 4882 859 4932 Ἐν
885 4879 1018 4947 αὐτῇ
1050 4876 1158 4945 (57)
1186 4877 1656 4947 ἀναγεγραμμένοι
1695 4880 1932 4949 ἀριθμοὶ,

382 4970 531 5022 κατά
559 4986 674 5021 τινα
705 4966 992 5033 ἀναλογίαν
1029 4965 1366 5034 ἁρμόζουσαν
1396 4967 1605 5036 ἑκάστῳ
1633 4969 1932 5037 πράγματι,

2041 4879 2138 4944 rei,
2166 4878 2442 4948 Scriptura
2465 4880 2605 4949 digiti
2633 4881 2797 4933 habiti
2824 4891 2967 4934 sunt.
2993 4875 3366 4945 luquirendum
3390 4885 3567 4929 autem

2040 4980 2120 5024 est
2143 4985 2208 5021 an
2236 4986 2371 5023 unus
2392 4986 2454 5025 ex
2478 4970 2672 5040 Moysis
2692 4971 2843 5023 libris
2859 4968 3205 5021 Numerorum
3226 4967 3571 5034 inscriptione

382 5057 612 5129 Γραφῖκ
642 5056 969 5127 ἠξιώθησαν.
1020 5056 1356 5121 Ἐξετασιτέον
1384 5056 1439 5108 δὲ
1464 5057 1535 5127 μή
1561 5072 1686 5108 ποτε
1721 5059 1815 5128 μία
1830 5058 1928 5111 τῶν

2042 5066 2273 5123 notatus,
2321 5060 2583 5115 rationem
2618 5070 2952 5112 numerorum
2991 5054 3183 5107 eximie
3233 5055 3419 5109 doceat
3456 5070 3567 5119 eos,

462 5259 510 5289 ⁸⁸
546 5256 697 5312 Joan.
741 5275 801 5320 ιι,
844 5259 911 5310 l2
950 5269 1099 5322 seqq.

464 5435 576 5503 (57)
606 5436 779 5491 Codex
811 5430 1138 5503 Bodleianus
1165 5430 1219 5503 έν
1246 5432 1400 5501 αὐτῇ.
1426 5438 1552 5503 etc_.;
1578 5428 1794 5500 Regius,
1821 5450 1944 5503 per-

430 5496 599 5564 eratn,
620 5507 674 5556 ὲν
693 5502 868 5559 αὐτοί,
897 5509 1004 5551 etc.
1031 5496 1179 5563 Apud
1205 5496 1487 5564 utrumque
1508 5496 1760 5553 locus'est
1786 5496 1945 5555 niani-

414 5573 529 5621 ’este
546 5574 847 5627 mendosus.
865 5568 945 5619 Ita
963 5564 1170 5634 videtur
1185 5566 1370 5634 legisse
1387 5564 1657 5634 Ferrarius
1672 5582 1683 5616 :
1702 5567 1794 5621 Ἐν
1810 5570 1908 5621 αὐτ

2038 5431 2320 5502 ἀναλογίαν
2362 5430 2950 5502 ἁρμόζουσανχέκάστῳ
2995 5429 3305 5502 πράγματι,
3353 5429 3571 5502 Γραφῆς

2037 5498 2358 5569 ἠξιώθησαν,
2383 5498 2690 5566 ἐξεταστέον
2711 5498 2775 5568 δὴ
2807 5500 3029 5569 μήποτε,
3046 5498 3049 5499 ⁷
3068 5508 3169 5552 etc.
3190 5498 3215 5569 2
3240 5498 3572 5569 Certe'icjus-

2041 5568 2181 5623 modi
2214 5568 2369 5622 lectio
2396 5572 2571 5622 minus
2592 5570 2791 5622 absona
2816 5568 3043 5635 videtur,
3073 5575 3145 5631 et,
3177 5568 3221 5621 si
3256 5568 3340 5622 cui
3372 5568 3567 5635 placet,

407 5623 897 5709 ξΑριθμῶνῄβιὸλιιι
947 5623 1413 5709 ἀναγεγραᾷμένοι
1459 5632 1693 5709 (ξριθμοί.
1751 5623 1928 5709 ριιὶόιί

2043 5636 2295 5709 vertenda
2322 5637 2464 5709 erit;
2499 5637 2601 5709 rSi
2625 5636 2818 5709 litteris
2842 5623 3143 5703 consignati'
3161 5623 3395 5709 Numeri,
3421 5623 3591 5699 iuxta,

399 5698 593 5771 legatur
629 5698 834 5762 ςΑὖτοὶ
860 5698 1343 5768 ’ἀναγεγραμμένοι
1382 5698 1614 5770 ἀριθμοὶ,
1652 5698 1796 5759 κατά
1830 5721 1928 5758 τικιι

2045 5705 2325 5774 quamdam
2368 5707 2649 5775 unicuique
2686 5706 2763 5761 rei
2805 5698 3094 5773 congruam
3142 5698 3528 5772 proportionem
3559 5729 3572 5753 ρ
