3880 6196
413 393 528 449 309

1485 404 1830 461 COMMENT.
1869 404 1933 459 IN
1969 405 2154 461 JOAN.
2193 404 2423 459 TOMUS
2460 405 2526 460 Χ.

3485 412 3587 464 510

412 505 588 577 Caput,
618 498 765 576 οῦῆν
795 507 1195 582 τεθραμμένος,
1227 515 1316 569 καὶ
1341 516 1549 587 εἰσῆλθε
1592 518 1729 571 κατά
1757 517 1817 569 τὸ
1848 519 1965 569 είω-

2079 533 2254 572 eorum
2296 519 2387 585 qni
2430 527 2585 571 erant
2617 517 2667 570 in
2702 519 2981 588 Synagoga
3013 521 3267 573 adversus
3302 520 3491 588 ipsum,
3537 535 3593 576 nt

412 596 514 659 0b;
546 597 689 666 αὐτῷ
709 597 763 647 ὲν
794 600 857 667 τῇ
882 600 1064 673 ἡμέρᾳ
1103 603 1210 656 τῶν
1242 605 1518 658 σαϐϐάτων
1560 609 1637 670 εἰς
1668 606 1761 675 τὴν
1804 623 1960 658 συνα-

410 690 630 758 γωγήν.
669 706 686 737 ι
715 686 1076 761 Παρασήσας
1095 693 1150 745 δὲ
1179 694 1245 746 τά
1264 697 1319 746 ὲν
1342 696 1607 766 Ναζὰροις
1629 698 1771 767 αὐτῷ
1811 699 1959 767 εἰρη-

416 779 584 849 μένα,
614 782 707 834 καὶ
733 782 820 833 τὸν
836 785 966 836 κατ’
989 782 1152 834 αὐτοῦ
1178 783 1343 852 θυμὸν
1367 784 1473 837 τῶν
1499 787 1554 837 ἐν
1584 790 1647 856 τῇ
1663 788 1962 853 συναγωγῇ,

402 869 785 935 ,ἐκϐαλλόντων
814 872 975 923 αὐτὸν
1000 870 1102 935 ἔξω
1146 874 1245 942 τῆς
1286 874 1507 937 πόλεως,
1536 879 1627 928 καὶ
1664 877 1966 944 ἀγαγόντων

417 975 437 1006 ι
470 957 583 1022 ἕως
602 959 799 1028 ὀφρύος
826 959 919 1011 τοῦ
949 960 1124 1031 ὅρους,
1158 962 1241 1029 ἐφ’
1270 958 1327 1015 οῦ
1355 965 1408 1014 αἱ
1432 964 1610 1025 πόλεις
1640 963 1813 1015 αὐτῶν
1840 964 1968 1031 ᾠκο-

409 1045 674 1116 δόμηντο,
706 1047 843 1100 ὥστε
868 1051 1299 1120 κατακρημνίσαι
1324 1053 1499 1114 αὐτὸν,
1531 1072 1547 1103 ι
1584 1053 1673 1104 καὶ
1704 1070 1721 1102 ι
1749 1053 1822 1114 ὡς
1836 1051 1968 1102 διελ-

2063 605 2149 673 qui
2179 604 2458 670 ejecisseut
2485 619 2603 657 eum
2637 621 2665 658 e
2691 608 2908 659 civitate
2932 646 2947 670 ,
2995 622 3055 660 ac
3081 606 3354 660 duxissent
3385 626 3402 658 ι
3428 625 3595 679 usque

2067 694 2130 746 ad
2161 693 2503 760 supercilium
2532 696 2753 757 montis,
2793 709 2952 762 super
2981 710 3139 765 quem
3171 696 3360 750 civitas
3389 698 3592 751 illorum

2064 792 2175 835 erat
2238 782 2532 847 aedificata,
2590 792 2647 835 ut
2706 786 3105 851 prmcipitarent
3161 800 3370 848 eum,t
3444 796 3596 840 etut

2072 888 2089 920 ι
2114 872 2375 924 transiens
2405 885 2497 938 per
2539 871 2766 923 medium
2806 873 3012 925 illorum
3043 874 3188 941 ibat,
3225 895 3243 926 ι
3291 876 3594 942 superaddit

2066 961 2177 1013 haec
2211 978 2223 1013 :
2262 980 2279 1011 ι
2312 960 2374 1013 Et
2402 962 2674 1014 descendit
2717 960 3086 1029 Capharnaum
3139 965 3408 1017 civitatem
3453 964 3595 1020 Gali-

2068 1053 2193 1116 laazc,
2222 1061 2276 1105 et
2299 1054 2518 1108 docebat
2546 1054 2663 1107 illos
2683 1053 2913 1107 sabbatis
2947 1055 3008 1105 ⁸⁸.
3042 1073 3059 1105 ι

412 1140 533 1194 θὼν
568 1142 657 1195 διά
681 1145 843 1213 μέσου
877 1143 1052 1196 αὐτῶν
1084 1146 1112 1196 ὁ
1142 1144 1339 1213 Κύριος
1372 1144 1671 1213 ἐπορεύετο,
1716 1163 1731 1194 ι
1770 1141 2112 1195 ὲπισυνάπτει
2167 1141 2334 1195 ταῦτα
2358 1161 2371 1174 ο
2411 1163 2427 1193 ι
2478 1145 2584 1196 Καὶ
2633 1143 2888 1212 κατῆλθεν
2947 1145 3023 1204 είς
3080 1147 3447 1216 Καφαρναοὺμ
3496 1146 3596 1200 πύ-

409 1232 501 1286 λιν
530 1235 630 1305 τῆς
659 1236 959 1299 Γαλιλαίας,
990 1238 1079 1289 καὶ
1105 1231 1170 1306 ἦν
1199 1237 1456 1289 διδάσκων
1500 1236 1693 1297 αὐτοὺς
1722 1238 1777 1287 ὲν
1808 1237 1917 1296 τοῖς
1959 1232 2205 1285 σάϐϐασι.
2237 1254 2255 1284 ι

487 1328 548 1382 2.
582 1331 693 1400 Τὴν
724 1332 850 1401 περὶ
884 1331 1084 1383 τούτων
1119 1329 1228 1399 (62)
1267 1329 1512 1399 ἀλήθειαν
1542 1328 1855 1381 ἀποκεῖσθαι
1907 1330 1962 1380 ὲν

412 1419 535 1477 τοῖς
583 1419 811 1486 νοητοῖς,
846 1416 919 1486 μὴ
966 1416 1224 1486 λυομένης
1253 1416 1350 1484 τῆς
1387 1416 1671 1483 διαφωνίας
1715 1415 1963 1482 ἀφεῖσθαι

412 1504 521 1571 τῆς
556 1504 808 1574 περὶτῶν
842 1504 1181 1571 Εὑαγγελίων
1210 1504 1457 1566 πίστεως,
1488 1503 1561 1567 ὡς
1595 1505 1692 1557 οὐκ
1732 1504 1961 1574 ἀληθῶν,

415 1592 543 1645 οὐδὲ
576 1593 828 1662 θειοτέρῳ
846 1594 1115 1663 Πνεύματι
1140 1592 1528 1663 γεγραμμένων
1561 1593 1693 1664 (65),
1722 1595 1754 1664 ἢ
1786 1595 1965 1646 ἐπιτε-

2132 1327 2185 1380 2.
2228 1327 2516 1380 Veritatem
2567 1329 2635 1380 de
2680 1327 2825 1381 hisce
2874 1326 3030 1380 rebus
3061 1338 3269 1394 oportet
3309 1330 3593 1398 repositam

2060 1429 2177 1469 esse
2209 1416 2259 1468 in
2294 1417 2374 1470 his
2411 1431 2526 1484 qua:
2565 1418 2744 1470 animo
2768 1429 3078 1484 cernuntur,
3121 1428 3212 1471 aut
3239 1419 3283 1472 si
3311 1419 3595 1473 dissonan-

2066 1505 2135 1555 tia
2182 1519 2286 1557 non
2331 1504 2586 1568 solvatur,
2628 1504 2874 1559 recedere
2931 1522 2959 1559 a
3014 1509 3115 1560 tide
3161 1506 3593 1575 Evangeliorum,

2067 1602 2312 1660 tanquam
2337 1608 2453 1660 quae
2485 1607 2608 1646 vere
2643 1607 2747 1646 non
2791 1593 2899 1648 sint
2950 1597 3144 1661 scripta
3188 1609 3279 1660 per
3312 1593 3592 1661 Spiritum,

417 1681 741 1749 τευγμένως
772 1680 1373 1749 ἀπομνημονευθέντων·
1404 1682 1669 1752 ἑκατέρως
1695 1682 1801 1755 γάρ
1825 1683 1967 1764 λέγε-

2079 1697 2236 1751 teque
2260 1684 2367 1737 sint
2388 1685 2649 1738 diviniora
2685 1698 2854 1752 neque
2886 1686 3086 1753 optimo
3110 1685 3297 1738 ordine
3324 1699 3596 1739 commen-

420 1783 515 1818 ται
550 1768 903 1836 συντετάχθαι
950 1769 982 1836 ἡ
1019 1766 1216 1819 τούτων
1259 1768 1465 1839 Γραφή.
1501 1771 1812 1837 Λεγέτωσαν
1858 1772 1964 1841 γάρ

2079 1781 2205 1837 μειιη
2237 1780 2458 1841 utroque
2490 1776 2628 1826 enim
2663 1776 2820 1829 modo
2843 1776 3036 1828 dicitur
3061 1774 3328 1840 Scriptura
3348 1775 3591 1838 ordinata

420 1858 556 1927 ἡμῖν
591 1859 641 1908 οί
691 1855 1109 1928 παραδεχόμενοι
1153 1855 1220 1908 τά
1268 1860 1501 1928 τέσσαρα
1533 1858 1848 1928 Εὐαγγέλια,
1876 1864 1967 1914 καὶ

418 1945 522 2014 τὴν
548 1946 809 1999 δοκοῦσαν
835 1946 1125 2012 διαφωνίαν
1151 1946 1381 2014 οἰόμενοι
1417 1947 1488 2017 μὴ
1524 1948 1739 2000 λύεσθαι
1761 1949 1845 2001 διά
1873 1950 1966 2019 τῆς

420 2035 738 2103 ἀναγωγῆς,
769 2034 902 2104 πρὸς
927 2041 1044 2097 ταῖς
1092 2037 1492 2106 προηρῃμέναις
1521 2039 1646 2105 ἡμῖν
1691 2039 1964 2107 ἐπαπορη-

423 2139 547 2176 σεσι
576 2125 702 2194 περὶ
725 2123 829 2175 τῶν
872 2125 1267 2194 τεσσαράκοντα
1293 2126 1384 2178 τοῦ
1431 2125 1727 2196 πειρασμοῦ
1754 2128 1969 2196 ἡμερῶν

422 2213 680 2281 οὐδαμῶς
704 2213 1010 2282 δυναμένων
1045 2213 1223 2285 χώραν
1269 2214 1408 2283 ἔχειν
1441 2215 1588 2284 παρὰ
1619 2214 1694 2284 τῷ
1735 2216 1966 2287 Ἰωάννῃ,

424 2301 562 2351 πότε
595 2300 814 2367 γέγονεν
845 2300 902 2350 ὲν
929 2303 993 2368 τῇ
1040 2302 1407 2370 Καφαρναοὺμ
1440 2304 1468 2353 ὁ
1502 2301 1726 2371 Κύριοςσ
1769 2305 1816 2354 εί
1864 2303 1970 2370 γὰρ

428 2388 575 2458 μετὰ
611 2388 707 2450 τὰς
746 2388 804 2450 ἓξ
853 2387 942 2439 τοῦ
994 2390 1081 2440 ὅτε
1124 2389 1416 2458 ἐϐαπτίσθη
1470 2391 1677 2459 ἡμέρας
1710 2390 1792 2461 (τῇ
1843 2391 1970 2462 ἕκτῃ

425 2478 730 2548 γενομένης
755 2478 852 2544 τῆς
876 2478 1012 2531 κατὰ
1036 2478 1123 2529 τὸν
1150 2481 1205 2530 ὲν
1237 2480 1388 2548 Κανᾷ
1412 2481 1507 2548 τῆς
1548 2480 1828 2546 Γαλιλαίας
1874 2485 1970 2550 γά-

432 2586 535 2638 μον
592 2567 940 2636 οἰκονομίας),
983 2567 1137 2636 δῆλον
1168 2568 1245 2619 ὃτι
1290 2566 1409 2620 οὕτε
1455 2569 1806 2641 πεπείρασται
1841 2572 1970 2640 (64),

426 2656 558 2710 οὔτε
590 2660 645 2708 ὲν
670 2654 939 2726 Ναζάροις
964 2656 1192 2722 ἐγένετο,
1214 2656 1331 2708 οὗτε
1367 2657 1612 2727 Ἰωάννης
1645 2678 1729 2712 πω
1759 2662 1975 2729 παρεδέ-

427 2748 576 2802 δοτο.
609 2746 759 2799 Μετά
805 2742 895 2798 οὖν
940 2745 1034 2814 τὴν
1066 2746 1452 2814 Καφαρναοὺμ,
1510 2746 1633 2798 ἔνθα
1677 2747 1881 2815 ἔμεινεν
1913 2749 1971 2798 οὐ

427 2837 636 2899 πολλὰς
663 2836 888 2905 ἡμέρας,
917 2833 1007 2886 τοῦ
1037 2836 1222 2903 Πάσχα
1264 2833 1369 2886 τῶν
1404 2834 1660 2886 Ἰουδαίων
1699 2837 1858 2902 ἐγγὺς
1887 2836 1967 2887 ὃν·

426 2944 547 2989 τος,
577 2925 738 2991 ἀνέϐη
775 2925 1131 2994 Ἰεροσόλυμα,
1178 2926 1263 2976 ὅτε
1317 2924 1559 2977 ἐκϐάλλει
1610 2928 1673 2977 ὲκ
1703 2927 1793 2978 τοῦ
1831 2927 1970 2997 ἱεροῦ

2065 1860 2247 1915 fuisse.
2282 1860 2474 1914 Dicant
2521 1862 2664 1915 enim
2713 1863 2866 1916 nobis
2919 1861 3008 1929 qui
3062 1860 3327 1928 recipiunt
3368 1875 3596 1929 quatuor

2068 1948 2367 2014 Evangelia,
2400 1958 2453 2004 et
2477 1950 2784 2003 existimant
2827 1960 3170 2020 apparentem
3209 1949 3592 2004 dissonantium

2067 2053 2167 2092 non
2194 2040 2404 2094 dissolvi
2438 2055 2532 2108 per
2554 2056 2843 2110 anagogen,
2877 2049 3063 2107 praeter
3087 2041 3366 2108 praedictas
3389 2054 3417 2091 a
3443 2041 3597 2093 nobis

2064 2128 2425 2180 dubitationes
2451 2129 2518 2182 de
2542 2129 2889 2197 quadraginta
2928 2129 3113 2182 diebus
3152 2129 3482 2189 tentationis,
3505 2130 3593 2196 qui

2067 2217 2280 2269 minime
2332 2216 2504 2270 locum
2564 2217 2760 2271 habere
2824 2227 3047 2286 possunt
3097 2219 3234 2285 apud
3299 2216 3592 2279 Joannem,

2065 2305 2274 2372 quando
2311 2303 2489 2357 fuitin
2525 2304 2837 2373 Capharnao
2881 2305 3151 2359 Dominus.
3206 2305 3335 2357 Nam
3382 2306 3424 2359 si
3476 2315 3596 2373 post

2068 2407 2159 2443 sex
2191 2392 2300 2444 dies
2345 2393 2412 2445 ab
2450 2406 2517 2445 eo
2564 2400 2820 2459 tempore,
2850 2404 3123 2459 postquam
3180 2391 3475 2458 baptizatus
3516 2400 3599 2445 est

2068 2476 2240 2541 Jesus,
2276 2477 2369 2531 fuit
2398 2479 2448 2531 in
2477 2479 2789 2547 Capliaruao
2822 2479 2840 2548 (
2865 2490 3010 2533 sexta
3041 2480 3125 2532 die
3154 2480 3290 2533 facta
3317 2481 3596 2547 dispensa-

2072 2566 2213 2618 tione
2266 2576 2319 2619 et
2381 2568 2635 2621 miracqu
2690 2568 2741 2621 in
2796 2570 3012 2636 nuptiis,
3057 2568 3106 2620 in
3152 2566 3294 2621 Cana
3326 2568 3597 2635 Galilaeaa)

2070 2653 2400 2720 perstiieuum
2443 2662 2557 2717 est,
2597 2670 2768 2722 neque
2803 2665 3063 2709 tentatum
3099 2655 3296 2720 fuisse,
3338 2671 3509 2725 neque
3545 2657 3597 2709 in

2072 2738 2291 2793 Nazaris
2347 2739 2531 2804 fuisse,
2592 2756 2760 2811 neque
2810 2741 3068 2798 Joannem
3118 2744 3292 2798 adhuc
3349 2745 3598 2798 traditum

2073 2829 2252 2882 fuisse.
2299 2829 2479 2897 Itaque
2519 2841 2637 2897 post
2663 2832 3055 2898 Capharnaum,
3114 2834 3204 2887 ubi
3257 2834 3450 2888 mansit
3493 2849 3600 2888 non

2076 2917 2270 2971 multos
2302 2919 2431 2983 dies,
2482 2934 2602 2973 cum
2634 2920 2834 2976 Pascha
2868 2934 3010 2977 esset
3050 2922 3349 2977 Judzeorum
3380 2912 3438 2976 in
3475 2939 3599 2991 pro-

430 3020 505 3073 τά
531 3036 593 3071 τε
624 3018 860 3089 πρόϐατα
905 3020 996 3071 καὶ
1026 3020 1148 3080 τοὺς
1182 3018 1325 3086 βόας,
1382 3019 1472 3070 καὶ
1502 3020 1676 3087 ὲκχέει
1707 3021 1811 3072 τῶν
1847 3038 1969 3090 κερ-

2079 3008 2270 3075 piuquo
2294 3010 2357 3072 ⁸⁸,
2391 3009 2624 3062 ascendit
2654 3011 3089 3082 Hierosolymam,
3112 3015 3322 3081 quando
3344 3029 3374 3067 e
3404 3014 3602 3080 templo

436 3108 716 3179 ματιστῶν
738 3110 805 3161 τά
825 3110 1088 3179 κέρματα.
1111 3111 1288 3161 Ἕοικε
1309 3107 1363 3159 δὲ
1385 3109 1440 3159 ὲν
1464 3112 1570 3171 τοῖς
1597 3111 1974 3180 Ἰεροσολύμοις

431 3203 460 3254 ὁ
488 3201 603 3253 τῶν
630 3200 927 3271 Φαρισαίων
951 3202 1129 3270 ἄρχων
1165 3202 1463 3271 Νικόδημος
1492 3202 1677 3262 νυκτὸς
1711 3201 1844 3271 πρὸς
1880 3202 1974 3252 αὑ-

433 3293 532 3345 τὸν
566 3292 735 3361 ἀρχὴν
763 3290 868 3359 (65)
908 3290 1238 3359 ἐληλυθέναι,
1275 3292 1365 3344 καὶ
1410 3290 1696 3359 ἀκηκοέναι
1746 3291 1913 3342 ταῦτα
1942 3291 1976 3343 ἃ

432 3383 648 3447 ἔξεστιν
673 3385 736 3436 ὲκ
763 3383 856 3434 τοῦ
891 3382 1213 3449 Εὑαγγελίου
1253 3381 1450 3433 λαϐεῖν.
1488 3401 1505 3429 ι
1536 3381 1683 3433 Μετὰ
1727 3380 1781 3432 δὲ
1810 3380 1978 3433 ταῦτα

431 3469 601 3541 ἦλθεν
630 3474 658 3523 ὁ
690 3471 913 3540 Ἰησοῦς,
943 3472 1036 3524 καὶ
1058 3473 1105 3522 οί
1146 3471 1376 3540 μαθηταὶ
1425 3470 1582 3521 αὐτοῦ
1612 3472 1689 3531 είς
1714 3470 1809 3538 τὴν
1852 3470 1980 3521 Ἰου-

430 3561 592 3613 δαίαν
620 3561 740 3629 γῆν,
798 3561 890 3612 καὶ
940 3561 1054 3610 ἐκεῖ
1097 3558 1324 3627 διέτριϐε
1362 3559 1474 3627 μετ’
1502 3558 1694 3619 αὐτῶν,
1739 3558 1829 3609 καὶ
1858 3557 1980 3611 ἐϐά-

434 3648 597 3711 πτιζε
626 3647 747 3699 καθ’
772 3647 829 3699 ὃν
870 3648 1057 3717 καιρὸν
1088 3643 1152 3716 ἦν
1184 3646 1277 3699 κα).
1318 3646 1563 3714 Ἰωάννης
1606 3644 1875 3714 βαπτίζων
1924 3647 1981 3697 ὲν

431 3736 613 3788 Αἰνὼν
640 3737 804 3804 ἐγγὺς
849 3735 941 3788 τοῦ
1000 3735 1199 3804 Σαλείμ
1233 3735 1362 3802 (66),
1395 3736 1475 3786 ὅτι
1525 3734 1690 3787 ὕδατα
1721 3734 1886 3788 πολλὰ
1912 3730 1978 3804 ἦν

432 3828 575 3887 ἐκεῖ,
618 3828 715 3878 καὶ
764 3827 1129 3895 παρεγίνοντο,
1163 3824 1254 3876 καὶ
1300 3824 1659 3888 ἐϐαπτίζοντο.
1687 3824 1849 3878 Οῦπω
1875 3810 2007 3893 γὰρ’

431 3908 504 3985 ἦν
540 3914 867 3984 βεϐλημένος
918 3916 994 3975 εἰς
1047 3914 1142 3982 τὴν
1189 3912 1425 3981 φυλακὴν
1470 3916 1497 3964 ὁ
1539 3913 1802 3981 Ἰωάννης,
1842 3931 1859 3963 ι
1892 3914 1979 3965 ὅτε

446 4006 547 4059 καὶ
571 4005 782 4070 ἐγένετο
807 4003 1026 4072 ζήτησις
1052 4003 1113 4054 ὲκ
1146 4003 1250 4055 τῶν
1279 4002 1525 4071 μαθητῶν
1579 4004 1815 4056 Ἰωάννου
1849 4003 1983 4072 μετά

449 4093 722 4147 Ἰουδαίων
773 4093 897 4162 περὶ
940 4091 1293 4161 καθαρισμοῦ,
1342 4092 1434 4144 καὶ
1489 4088 1646 4162 ἦλθον
1705 4093 1835 4162 πρὸς
1891 4094 1980 4145 τὸν

451 4183 708 4250 Ἰωάννην
757 4179 1001 4246 λέγοντες
1048 4180 1172 4249 περὶ
1222 4178 1314 4232 τοῦ
1367 4180 1609 4249 Σωτῆρος
1664 4180 1755 4231 τό’
1806 4199 1824 4230 ι
1878 4181 1980 4232 Ἴδε

437 4271 596 4336 οὗτος
632 4270 899 4341 βαπτίζει,
948 4273 1040 4322 καὶ
1073 4271 1270 4332 πάντες
1308 4269 1548 4339 ἔρχονται
1578 4271 1708 4340 ππ
1741 4271 1917 4323 αὐτόν.
1957 4291 1975 4321 ι

2075 3094 2229 3160 ejecit
2257 3106 2365 3147 tum
2395 3112 2538 3158 oves,
2586 3106 2693 3150 tum
2744 3101 2934 3163 boves,
2972 3112 3026 3155 et
3063 3104 3447 3157 mensariorum
3495 3114 3603 3156 tera

2074 3179 2276 3235 elfudit.
2330 3183 2545 3236 Videtur
2597 3196 2771 3238 autem
2817 3185 3162 3253 Nicodemus,
3209 3189 3599 3245 Pharisaeorum

2075 3271 2338 3339 princeps,
2365 3281 2523 3325 noctu
2543 3272 2606 3325 ad
2626 3273 2795 3341 ipsum
2833 3276 3091 3345 principio
3119 3276 3326 3330 venisse
3352 3276 3601 3334 Hieroso-

2076 3357 2290 3427 lymam,
2350 3361 2813 3429 andisscqueqaze
2858 3363 2981 3417 licet
3014 3378 3077 3418 ex
3122 3365 3409 3435 Evangelia
3457 3367 3603 3422 acci-

2076 3464 2200 3516 pere
2231 3450 2295 3501 “.
2327 3468 2344 3499 ι
2376 3449 2498 3503 Post
2533 3452 2644 3505 hinc
2674 3471 2691 3502 ι
2734 3463 2911 3505 autem
2942 3470 2959 3502 ι
2984 3454 3129 3507 venit
3155 3453 3327 3518 Jesus,
3362 3463 3415 3509 et
3445 3455 3604 3509 disci-

2077 3540 2184 3607 puli
2223 3538 2338 3606 t-jus
2371 3540 2420 3592 in
2470 3549 2664 3593 terram
2719 3541 2979 3605 Judaeum,
3031 3553 3085 3597 et
3140 3545 3250 3598 illic
3297 3547 3606 3602 morabatur

2077 3644 2198 3681 eum
2227 3628 2323 3690 eis,
2351 3643 2413 3680 ac
2447 3629 2749 3694 baptizabat
2773 3668 2786 3692 ,
2820 3645 2924 3697 quo
2956 3641 3194 3698 tempore
3221 3624 3345 3686 erat
3364 3643 3419 3687 et
3447 3633 3604 3688 Joan-

2058 3720 2171 3771 ‘nes
2201 3716 2472 3783 baptizaus
2530 3718 2580 3768 in
2632 3717 2805 3770 ιΕιιοιι
2839 3717 2990 3782 juxta
3030 3718 3217 3782 Salim,
3278 3722 3400 3787 quia
3456 3739 3606 3790 aqum

2080 3806 2254 3858 multa:
2274 3815 2422 3858 erant
2456 3804 2581 3868 illic,
2618 3815 2674 3857 et
2720 3806 3022 3869 veniebant,
3075 3822 3136 3860 ac
3182 3810 3604 3876 baptizabantur.

2077 3893 2318 3947 Nondum
2354 3894 2494 3947 enim
2539 3893 2809 3958 conjectus
2852 3893 3023 3948 fuerat
3057 3897 3108 3947 in
3141 3909 3408 3951 carcerem
3445 3898 3605 3951 Joan-

2079 4000 2225 4048 nes,»
2253 3984 2462 4049 quando
2516 3990 2570 4034 et
2592 3991 2706 4035 orta
2735 3985 2958 4049 quaestio
2975 3992 3134 4036 estex
3161 3985 3434 4054 discipulis
3450 3985 3609 4039 Joan-

2080 4073 2160 4125 nis
2183 4072 2246 4126 de
2264 4072 2627 4138 puriﬁcatione
2646 4086 2766 4124 cum
2783 4070 2999 4136 Judaeis,
3021 4082 3072 4125 et
3092 4083 3345 4126 venerunt
3364 4074 3427 4127 ad
3450 4073 3610 4129 Joan-

2081 4177 2197 4216 nem
2265 4162 2501 4215 dicentes
2518 4161 2582 4216 de
2598 4159 2899 4215 Servatore:
2920 4178 2937 4210 ι
2953 4162 3083 4214 Ecce
3102 4163 3146 4215 is
3163 4163 3415 4229 baptizat,
3430 4173 3481 4216 et
3501 4179 3610 4216 om-

2082 4264 2174 4302 nes
2201 4249 2414 4300 veniunt
2441 4249 2504 4300 ad
2529 4264 2647 4303 eum
2673 4248 2739 4302 ⁸⁷.
2776 4266 2794 4298 ι
2849 4248 3139 4300 Audierant
3186 4251 3324 4302 enim
3359 4249 3604 4317 Baptista:

351 4365 363 4375 ‘
451 4350 775 4428 Ἀκηκόασιν
826 4360 932 4411 ἀπὸ
983 4359 1073 4410 τοῦ
1124 4359 1422 4410 Βαπτιστοῦ
1462 4358 1666 4425 λόγους,
1715 4359 1805 4421 οὓς
1841 4360 1975 4413 ἕστιι

2088 4338 2369 4404 νειιιιιιιιιιιι
2383 4334 2686 4390 accuriﬁius
2707 4352 2774 4391 ex
2799 4337 2908 4404 ipsa
2941 4335 3214 4403 Scriptura
3249 4337 3295 4369 ⁸⁸
3320 4338 3440 4391 licet
3463 4354 3610 4392 assu—

442 4452 540 4503 ἀπ⁹
621 4449 790 4517 αὐτῆς
865 4448 961 4516 τῆς
1029 4447 1249 4515 Γραφῆς
1318 4446 1696 4517 ἀκριϐέστερον
1776 4448 1979 4501 λαϐεῖν.

443 4537 577 4589 Ιείίδὲ
609 4535 1025 4603 πυνθανομένοις
1052 4537 1180 4603 ἡμῖν
1209 4534 1331 4603 περ).
1357 4534 1467 4595 τοῦ,
1504 4535 1628 4587 πότε
1659 4535 1841 4602 γέγονε
1875 4536 1981 4603 (67)

441 4626 658 4697 πρῶτον
677 4626 732 4677 ὲν
756 4628 822 4695 τῇ
849 4626 1218 4694 Καφαρναοὺμ
1246 4626 1273 4674 ὁ
1306 4625 1548 4693 Χριστὸς,
1579 4628 1644 4693 τῇ
1669 4626 1806 4690 λέξει
1836 4628 1985 4677 Ματ-

442 4715 597 4767 θαίου
618 4714 831 4767 καὶτῶν
852 4712 1050 4765 λοιπῶν
1069 4712 1159 4763 δύο
1179 4713 1583 4777 ἀκολουθοῦντες
1607 4716 1829 4784 φήσουσι
1855 4716 1986 4783 μετά

442 4807 536 4857 τὶον
568 4805 887 4873 πειρασμὸν,
915 4805 1021 4866 ὅτε,
1043 4801 1379 4879 καταλείπων
1409 4803 1505 4871 τὴν
1532 4802 1797 4872 Ναζαρὲθ,
1824 4803 1986 4855 ἐλθὼν

443 4893 760 4963 κατῴκησεν
792 4894 871 4953 είς
896 4892 1261 4961 Καφαρναοὺμ
1284 4892 1378 4960 τὴν
1395 4891 1843 4960 παραθαλασσίαν·
1874 4893 1988 4954 πῶς

513 5051 561 5083 ⁸⁸
603 5050 732 5104 Luc.
794 5065 866 5102 tv.
897 5048 1088 5103 29-5l.

444 5120 498 5153 “
542 5118 725 5171 Matth.
749 5133 826 5183 tv,
861 5118 946 5179 ll,
978 5117 1065 5168 15.

524 5207 634 5279 (6‘2)
678 5209 795 5279 Thr
827 5208 957 5275 περὶ
989 5207 1230 5279 Imittur,
1257 5213 1357 5256 etc.
1389 5202 1737 5279 Serilienflnm
1765 5201 1861 5279 δείη
1886 5204 1985 5279 τὴν

452 5270 582 5348 περὶ
617 5270 851 5348 τούτων,
878 5270 980 5327 etc.
1027 5274 1120 5326 Hic
1166 5284 1219 5324 et
1266 5288 1401 5338 sa-pe
1439 5272 1563 5348 alibi
1599 5270 1789 5348 littera:
1833 5270 1985 5348 [idem

455 5338 693 5401 deiraltit
723 5346 1008 5411 Origenes,
1043 5338 1674 5411 quaiu__anagugic_issuis
1701 5338 1987 5403 expositio-

458 5416 615 5467 nibus
638 5405 931 5464 concili'are
963 5405 1170 5459 nititur.
1202 5406 1329 5458 Vide
1366 5405 1724 5472 prmiatiouem
1757 5416 1990 5458 nostram

455 5486 522 5535 ad
553 5489 754 5532 tomum
790 5477 1107 5527 scentulum.

1191 5049 1233 5079 ⁸⁸
1260 5048 1412 5105 Juan.
1457 5065 1516 5113 tt,
1561 5050 1741 5103 1245.

525 5548 638 5615 (63)
671 5543 827 5599 Οὐδὲ
855 5540 1435 5615 θειοτέρωηγεύματι
1462 5537 1995 5615 7eypaypémuunsic

459 5607 801 5669 recte'ltaltet
834 5611 1000 5661 codex
1033 5607 1367 5672 Bmllt-iauus,
1414 5622 1685 5672 perperam
1733 5620 1858 5660 veto
1891 5607 1993 5661 Re-

454 5688 597 5758 gius,
623 5679 742 5733 οὐδὲ
773 5675 1061 5744 θειοτέρων
1093 5670 1345 5740 πνεύματι
1379 5670 1765 5744 γεγραμμένον.

1836 5051 1880 5082 ⁶⁶
1910 5051 2063 5105 Joan.
2109 5066 2209 5111 ιιι,
2254 5049 2277 5099 l
2314 5062 2465 5113 seqq.

2077 4438 2239 4478 mere.
2258 4424 2409 4493 163
2431 4424 2576 4489 Quod
2598 4426 2639 4478 si
2657 4425 3099 4493 interrogantibus
3118 4425 3268 4479 nobis
3290 4426 3495 4491 quando
3514 4429 3615 4492 pri-

2080 4527 2218 4565 murn
2244 4512 2343 4563 fuit
2365 4514 2415 4564 in
2435 4512 2746 4578 Capltarnao
2764 4511 3028 4572 Christus,
3054 4512 3141 4577 qui
3170 4511 3448 4566 lectionem
3478 4512 3614 4564 Mat-

2083 4602 2201 4654 tlnei
2234 4601 2661 4668 reliquorumque
2683 4601 2905 4653 duorum
2940 4611 3254 4666 sequuntur,
3282 4601 3477 4665 dicent,
3502 4611 3617 4668 post

2085 4692 2441 4753 tentationem,
2461 4692 2668 4757 quando
2693 4690 2873 4745 relicta
2898 4689 3157 4742 Nazarelh
3179 4688 3444 4757 profectus
3463 4689 3616 4741 babi-

2093 4782 2221 4834 tavit
2269 4783 2319 4834 iu
2365 4780 2700 4847 Capharnau,
2748 4793 2865 4845 qua:
2904 4787 2982 4831 est
3016 4777 3203 4830 civitas
3233 4778 3498 4829 maritima
3534 4777 3615 4827 “:

2092 4873 2354 4939 quomodo
2398 4871 2555 4924 simul
2612 4885 2793 4923 verunt
2845 4882 2961 4922 esse
2993 4867 3168 4918 dicent
3222 4873 3276 4916 et
3327 4864 3452 4917 illud
3478 4866 3620 4933 quod

2539 5042 2583 5073 ⁸⁷
2620 5042 2745 5096 ibid.
2775 5038 2957 5091 εε-εσ.
3035 5037 3078 5067 ⁸⁸
3113 5034 3270 5090 Joan.
3302 5049 3340 5100 ι,
3377 5036 3442 5089 l5
3469 5050 3619 5107 seqq.

2161 5199 2268 5270 (6t)
2311 5199 2455 5270 ρῦτε
2492 5196 2889 5270 πεσζείρασται.
2932 5195 3020 5248 Sit:
3063 5196 3225 5247 codex
3270 5192 3621 5261 Bodleianus;

2096 5264 2308 5334 Regius,
2331 5267 2417 5316 ὅτε
2447 5264 2795 5334 πεπείρασται
2814 5302 2827 5314 .

2166 5328 2275 5398 (65)
2327 5331 2552 5398 Ἀρχὴν.
2608 5328 2695 5382 Sic
2750 5332 2915 5382 codex
2987 5331 3335 5390 Bodleianus;
3390 5328 3624 5397 Regius,

2095 5404 2551 5558 rallam.
2611 5465 2683 5517 Ita
2746 5466 2912 5519 codex
2973 5465 3327 5527 Bodleianus;
3394 5462 3624 5530 Regius,

2124 5536 2734 5673 Aéd'ls’ﬁldztllseorérove.
2785 5600 2874 5655 Sic
2909 5600 3075 5656 codex
3121 5597 3472 5662 Bodleianus;
3519 5595 3626 5649 Re-

2098 5675 2211 5740 gius
2246 5672 2425 5725 omisit
2451 5672 2599 5722 πότεέ
