3880 6234
261 401 360 453 511
1666 395 1979 450 ORlGENlS
2819 413 2830 420 -
3414 374 3458 427 5
3474 370 3547 423 η

263 518 400 586 apud
428 515 750 573 Matthaeum,
776 518 829 562 et
852 509 1081 562 Marcum
1114 509 1309 574 dictum
1338 515 1450 571 est,
1481 517 1659 563 Jesum
1687 509 1791 562 sci-

1911 512 2002 579 ὶμα
2030 508 2204 580 ἀληθῆ
2233 503 2371 560 εἶναι
2404 508 2585 578 ἐροῦσι
2602 507 2660 561 τό
2690 523 2748 558 τε
2779 501 2930 573 παρά
2958 498 3036 569 τῷ
3065 489 3391 586 Ματθαίῳ
3429 485 3546 586 κοιλ

266 575 386 658 licet
413 600 692 656 secessisse
721 600 770 651 in
798 597 1067 652 Galilaeam
1089 598 1158 659 ’⁰,
1200 605 1450 665 tanquam
1481 597 1570 667 qui
1615 598 1789 650 audis-

1911 575 2445 670 όάρκῳ-είρημένον,
2491 597 2564 659 ὡς
2591 596 2677 649 διά
2698 594 2760 646 τὸ
2798 591 3098 660 ἀκηκοέναι
3137 581 3343 638 αὐτὸν
3386 575 3543 670 περὶ

263 699 345 745 set
368 687 623 742 Joannem
648 686 894 737 traditum
927 683 1120 748 fuisse;
1149 692 1203 736 et
1232 683 1381 748 illud,
1407 685 1545 749 quod
1564 683 1787 752 positmn

1911 668 1995 742 τοῦ
2025 668 2266 742 Ἰωάννου
2301 686 2705 757 παραδοθέντος,
2740 685 2820 744 εἰς
2861 681 2960 748 τὴν
3001 673 3346 730 Γαλιλαίαν
3382 668 3549 757 4?”

262 784 347 831 est
376 775 511 842 apud
541 774 801 827 Joannem
823 772 867 803 "
890 814 904 837 ,
936 771 1139 823 scilicet
1170 770 1397 822 nondmn
1424 767 1586 821 fuisse
1615 769 1790 837 Bapti-

1911 778 2248 846 [ωρήσαντος
2273 754 2451 828 καὶ-τὸ
2474 774 2622 843 παρά
2644 771 2721 842 τῷ
2756 770 2979 841 Ἰωάννῃ
3013 765 3166 838 μετὰ
3192 761 3309 815 xui.
3340 754 3549 816 ἄλλοις

265 873 399 917 stam
428 862 724 930 conjectum
749 861 800 912 in
823 872 1113 919 carcerem,
1131 859 1221 911 sed
1250 858 1517 924 baptizare
1541 858 1591 909 in
1616 854 1787 909 Aiuun

1911 864 2191 933 lixovopla;
2240 863 2375 932 πρὸς
2412 864 2477 931 τῇ
2509 862 2566 912 ὲν
2590 857 2969 926 Καφαρναοὺμ
3015 854 3162 924 μονῇ
3202 846 3545 933 κείμενον,

259 955 407 1019 juxta
436 951 632 1014 Salim;
675 950 725 1002 id
766 949 905 1017 quod
936 948 1149 1016 ponitur
1175 956 1292 1014 post
1331 947 1651 1000 mansionem
1686 947 1788 999 Dn-

264 1043 391 1096 mini
425 1041 474 1095 in
489 1040 803 1108 Capharnao
828 1039 897 1101 ".
925 1049 977 1091 et
1002 1048 1121 1106 post
1154 1052 1427 1090 ascensum
1456 1037 1518 1088 ad
1550 1036 1792 1089 Hieroso-

265 1130 480 1200 lymam,
510 1129 736 1196 indeque
763 1128 828 1180 ad
854 1125 1088 1180 Iudaeam
1122 1127 1434 1179 descensum
1475 1125 1552 1185 ⁷³,
1582 1138 1643 1177 ac
1676 1132 1792 1190 post

266 1221 459 1272 multas
489 1219 619 1271 alias
642 1200 965 1271 oeconomias
990 1224 1041 1268 et
1076 1213 1533 1282 dispensatioucs?
1577 1213 1711 1278 Quin
1745 1212 1789 1263 si

266 1311 329 1363 de
376 1308 496 1361 aliis
542 1306 902 1372 c0mp|urihus
961 1304 1239 1371 diligenter
1306 1303 1424 1370 quis
1485 1301 1794 1369 exquisierit

270 1395 545 1463 Evangelia
566 1396 629 1447 de
648 1391 975 1448 dissonantia
999 1391 1287 1444 secundum
1309 1392 1609 1451 historiam,
1634 1404 1792 1457 quam

266 1484 564 1551 singulatim
596 1483 919 1536 tentabimus
941 1493 1037 1550 pro
1076 1480 1214 1532 virili
1239 1480 1307 1533 ob
1346 1479 1531 1533 oculos
1575 1491 1791 1546 ponere,

266 1572 525 1640 vertigine
554 1570 772 1623 ali'ectns
792 1611 806 1633 ,
846 1571 925 1621 vel
951 1579 1135 1624 renuct
1160 1568 1482 1622 conﬁrmare
1511 1566 1790 1634 Evangelia

268 1670 518 1727 tanquam
549 1675 695 1724 vera,
722 1669 776 1713 et
819 1661 1018 1729 judicio
1047 1675 1141 1714 suo
1170 1657 1269 1714 sibi
1300 1658 1500 1723 eligens
1530 1658 1670 1723 quod
1703 1671 1792 1706 vo-

268 1750 446 1813 luerit,
472 1749 627 1803 alicui
656 1750 886 1817 ipsorum
920 1749 1318 1818 Evangeliorum
1343 1745 1655 1809 adhaerebit,
1690 1758 1794 1796 non

268 1840 469 1893 audens
491 1838 732 1893 funditus
753 1839 1024 1891 inﬁrmare
1052 1839 1116 1889 de
1140 1834 1363 1889 Domino
1399 1839 1583 1885 nostro
1611 1830 1795 1891 iidem;
1831 1834 1870 1888 Β

268 1930 354 1984 vel
387 1930 675 1984 admittens
722 1937 953 1996 quatuor
999 1941 1115 1980 esse
1165 1921 1490 1990 Evangelia,
1524 1919 1795 1972 veritatem

272 2021 507 2089 ipsorum
541 2036 643 2072 non
672 2021 724 2073 in
756 2020 938 2074 formis
971 2028 1025 2072 et
1063 2014 1465 2071 characteribus
1502 2009 1791 2079 corporali~

270 2112 372 2165 bus
409 2125 526 2164 esse
552 2110 823 2178 adjuuget.

341 2217 394 2267 3.
437 2214 505 2269 Ut
529 2225 703 2269 autem
748 2214 979 2282 aliquam
1015 2208 1495 2265 considerationem
1528 2202 1800 2258 sententiae

273 2320 335 2355 ac.
362 2303 654 2357 voluntatis
685 2299 1085 2368 Evangeliorum
1135 2298 1201 2351 de
1243 2296 1389 2349 hisce
1436 2294 1593 2347 rebus
1622 2305 1797 2347 suma-

275 2406 414 2453 mus,
440 2389 594 2443 nobis
621 2389 721 2441 hoc
746 2396 830 2440 est
849 2386 1150 2440 dicendum.
1191 2384 1316 2439 Esto
1339 2383 1650 2452 quibusdam
1675 2382 1801 2450 Spi-

275 2485 378 2536 ritu
393 2481 554 2534 Deum
578 2480 898 2542 videntibus,
913 2459 1175 2546 hujusque
1197 2492 1469 2532 sermones
1485 2477 1548 2530 ad
1569 2484 1799 2538 sanctos,

275 2582 433 2640 atque
456 2571 810 2640 praesentiam,
832 2584 932 2637 qua
958 2568 1062 2622 illis
1083 2582 1137 2620 se
1157 2566 1330 2628 olTert,
1353 2565 1634 2634 praecipuis
1665 2573 1798 2618 tem—

276 2660 490 2727 poribus
511 2658 775 2726 prolectus
808 2658 1036 2725 ipsorum
1070 2655 1249 2725 (atque
1285 2655 1339 2707 hi
1370 2653 1551 2723 plures
1579 2666 1802 2707 numero

274 2747 555 2807 exsistant,
584 2755 637 2797 et
667 2744 892 2797 diversis
918 2744 970 2795 in
994 2743 1146 2806 locis,
1179 2757 1277 2795 nec
1298 2741 1562 2795 similibus
1588 2739 1802 2794 omnino

274 2833 552 2888 beneﬂciis
591 2831 821 2899 affecti);
873 2840 1016 2894 esto,
1068 2835 1321 2898 inquam,
1361 2828 1687 2897 propositum
1722 2830 1803 2881 his

277 2922 498 2992 singulis
522 2937 615 2975 sua
649 2921 956 2975 renuntiare
981 2960 995 2984 ,
1047 2932 1162 2986 quae
1189 2915 1389 2985 Spiritu
1436 2924 1547 2968 tum
1578 2915 1643 2969 de
1675 2914 1801 2979 Deo,

279 3021 391 3064 tum
426 3012 491 3065 de
525 3009 858 3064 sermonibus
889 3007 1033 3073 ejus,
1079 3021 1140 3060 ac
1190 2996 1255 3061 de
1282 3004 1698 3075 apparitionibus
1739 3003 1803 3055 ad

277 3109 488 3154 uinctos
510 3099 712 3162 vident,
743 3098 812 3150 ita
851 3105 906 3150 ut
933 3097 1019 3150 hic
1046 3093 1259 3163 quidem
1292 3093 1556 3147 renuntiet
1578 3105 1697 3160 quae
1722 3091 1802 3145 di-
1829 3128 1870 3184 ο

277 3197 491 3250 cuntur,
534 3187 920 3252 vclaguntura
952 3184 1059 3239 Deo
1090 3183 1140 3237 in
1182 3183 1269 3236 tali
1310 3182 1426 3235 loco
1466 3182 1587 3235 huic
1630 3180 1801 3250 justo,

277 3276 367 3332 ille
400 3291 525 3337 vero
554 3290 672 3342 qua:
712 3273 846 3328 alius
871 3288 964 3343 per
987 3271 1201 3327 oracula
1235 3271 1314 3325 vel
1346 3271 1596 3330 audierit,
1621 3269 1701 3324 vel
1728 3283 1805 3323 re-

276 3364 500 3431 ceperit,
533 3372 585 3415 et
604 3361 740 3416 alius
770 3370 965 3430 praeter
997 3363 1130 3415 duos
1158 3360 1436 3429 praedictos
1459 3358 1586 3412 velit
1613 3372 1708 3411 nos
1737 3355 1803 3410 de

280 3450 457 3519 aliquo
482 3451 638 3503 tertio
662 3449 874 3502 docere.
900 3448 1026 3502 Esto
1047 3456 1220 3502 autem
1245 3448 1404 3502 etiam
1430 3446 1621 3514 aliquis
1642 3459 1801 3515 quar-

279 3549 399 3600 tus.
434 3538 649 3607 perinde
681 3546 839 3604 atque
893 3538 945 3590 hi
988 3547 1097 3591 tres
1149 3536 1386 3599 faciens,
1422 3535 1804 3604 conferantque

278 3629 331 3680 hi
355 3636 583 3695 quatuor
616 3626 753 3680 inter
777 3640 835 3679 se
857 3627 925 3679 de
948 3626 1259 3694 quibusdam
1287 3640 1406 3695 quae
1437 3624 1667 3693 Spiritus
1702 3625 1806 3679 illis

278 3716 632 3785 snggesserit,
682 3717 822 3767 etde
848 3715 968 3768 aliis
1000 3714 1147 3768 brevi
1190 3714 1432 3768 oratione
1479 3712 1802 3777 renuntient,

277 3806 410 3860 adeo
449 3814 505 3859 ut
535 3805 834 3874 hujusmodi
859 3805 967 3858 sint
1013 3804 1222 3857 illorum
1250 3803 1610 3857 narrationes:
1648 3802 1804 3857 Visus

278 3905 360 3950 est
388 3895 524 3950 Deus
548 3894 673 3948 huic
704 3894 803 3947 hoc
833 3901 1091 3962 tempore,
1118 3893 1220 3947 hoc
1246 3893 1298 3946 in
1333 3892 1470 3955 loco,
1516 3899 1570 3946 ct
1592 3892 1704 3946 haec
1729 3891 1803 3945 illi

277 3983 441 4038 fecit:
475 3983 614 4036 hunc
640 3983 693 4036 in
722 3984 934 4036 modum
967 3982 1013 4035 si
1058 3982 1129 4035 illi
1165 3979 1320 4057 165.
1357 3982 1666 4050 apparuerit
1714 3980 1804 4032 tali

278 4071 468 4142 forma,
503 4079 560 4125 et
584 4085 742 4125 manu
769 4071 918 4125 duxit
942 4071 1008 4123 ad
1049 4070 1189 4124 hunc
1214 4070 1417 4130 locum,
1455 4067 1542 4121 ubi
1584 4068 1696 4120 haec
1729 4066 1805 4119 fe-

277 4164 369 4217 cit.
410 4163 691 4218 Secundus
725 4162 910 4216 eodem
944 4168 1179 4228 tempore
1208 4171 1311 4225 quo
1348 4156 1462 4210 haec
1503 4157 1640 4211 dicta
1682 4163 1807 4209 sunt

277 4253 418 4307 facta
443 4254 604 4307 fuisse
621 4253 758 4318 apud
776 4249 1027 4317 primum,
1056 4247 1250 4301 referat
1269 4247 1429 4299 Deum
1448 4245 1614 4297 visum
1643 4242 1804 4297 fuisse

278 4344 330 4396 in
358 4344 582 4411 quadam
609 4341 738 4392 urbe
760 4337 987 4402 cuipiam
1020 4334 1250 4388 secundo
1288 4334 1465 4402 (quem
1505 4333 1616 4399 ipse
1654 4333 1800 4401 velit)

1892 954 1984 1005 καὶ
2013 930 2108 1021 τῆν
2136 953 2212 1012 εἰς
2254 930 2589 1021 Ἰεροσόλυμα
2628 948 2737 1017 (68)
2771 946 2976 1007 ἄνοδον,
3011 944 3118 1012 τήν
3162 955 3241 991 τε
3279 937 3379 1021 εἰς
3422 930 3550 1012 τὴν

1906 1019 2152 1094 Ἰουδαίαν
2174 1019 2374 1092 ἐκεῖθεν
2392 1037 2630 1095 κάθοδον,
2659 1038 2741 1095 ὅτι
2764 1033 2915 1087 οὔπω
2931 1032 3101 1102 sectr;
3113 1028 3309 1099 μένος
3338 1019 3423 1092 ἦν
3448 1022 3549 1081 εἰς

1895 1130 2132 1200 φυλακὴν
2156 1130 2183 1180 ό
2222 1129 2487 1196 Ἰωάννης,
2519 1125 2628 1178 ἀλλ’
2663 1123 2952 1185 ἐϐάπτιζεν
2990 1124 3051 1173 ὲν
3087 1112 3304 1170 Αἰνὼν
3340 1110 3549 1179 ἐγγὺς

1893 1219 1985 1274 τοῦ
2006 1218 2229 1287 Σαλείμ;
2256 1218 2361 1271 Καὶ
2381 1216 2472 1267 ἐπὶ
2503 1215 2672 1268 ἄλλων
2700 1213 2756 1265 δὲ
2796 1211 3057 1264 πλειόνων
3082 1208 3138 1260 ετ
3165 1221 3272 1267 τις
3306 1205 3421 1255 ὲπι
3431 1217 3550 1270 με-

1893 1310 1996 1371 λῶς
2029 1307 2261 1371 ἐξετάζοι
2292 1307 2358 1359 τά
2386 1305 2689 1372 Εὐαγγέλια
2732 1303 2858 1371 περὶ
2884 1301 2985 1369 τῆς
3013 1297 3171 1351 κατὰ
3205 1294 3328 1364 τὴν
3370 1294 3549 1344 ἱστο-

1898 1399 2016 1468 ρίαν
2062 1394 2428 1465 ἁσυμφωνίας,
2461 1394 2649 1462 ἥντινα
2666 1388 3035 1444 καθ’ἓκαστον
3082 1379 3550 1453 πειρασόμεθα

1896 1486 2033 1540 κατά
2053 1487 2110 1539 τὸ
2136 1485 2349 1539 δυνατὸν
2367 1483 2724 1552 παραστῆσαι,
2750 1477 3165 1538 σκοτοδινιάσας
3204 1476 3354 1544 ἦτοι
3393 1472 3552 1523 ἀπο-

1900 1579 2144 1646 στήσεται
2185 1573 2275 1626 τοῦ
2309 1573 2502 1643 κυροῦν
2535 1572 2608 1633 ὼς
2638 1568 2849 1639 ἀληθῶς
2877 1568 2946 1619 τὰ
2989 1562 3376 1632 Εὑαγγέλια,
3433 1558 3548 1611 καὶ

1899 1662 2348 1732 ἁποκληρωτικῶς
2379 1662 2456 1713 ἐνὶ
2496 1659 2668 1712 αὐτῶν
2702 1655 3099 1727 προσθήσεται,
3139 1653 3228 1723 μὴ
3284 1646 3549 1717 τολμῶν

1898 1753 2068 1823 πάντη
2112 1750 2315 1805 ἀθετεῖν
2341 1751 2437 1818 τὴν
2476 1749 2601 1818 περ)⁸
2632 1746 2723 1798 τοῦ
2754 1746 2958 1815 Κυρίου
2987 1746 3021 1812 ἡ
3032 1743 3159 1812 μῶν
3197 1740 3447 1792 πίει-τιν’
3501 1734 3541 1802 ἢ

1896 1841 2239 1912 προσιέμενος
2266 1839 2331 1891 τά
2357 1838 2611 1906 τέσσαρα,
2649 1832 2789 1888 εἶναι
2820 1833 3023 1903 ἀληθὲς
3056 1831 3265 1885 αὐτῶν
3317 1829 3441 1881 οὐκ
3471 1826 3544 1877 ὲν

1897 1934 2007 1993 τοῖς
2039 1932 2359 1999 σωματικοῖς
2382 1928 2764 1998 χαρακτῆρσιν.

1967 2214 2019 2266 3.
2044 2213 2210 2282 ’Υπὲρ
2234 2212 2287 2264 δὲ
2310 2210 2393 2264 τοῦ
2426 2209 2591 2280 ποσὴν
2609 2209 2848 2262 ἐπίνοιαν
2871 2206 2966 2260 τοῦ
2987 2206 3373 2277 βουλήματος
3405 2205 3535 2257 τῶν

1900 2302 2235 2371 Εὑαγγελίων
2255 2302 2380 2372 περὶ
2400 2300 2505 2353 τῶν
2520 2299 2771 2352 τοιούτων
2793 2298 3003 2361 λαϐεῖν,
3036 2299 3140 2352 καὶ
3169 2296 3362 2350 τοῦτο
3378 2300 3415 2366 ἡ
3428 2299 3535 2364 μῖν

1900 2390 2130 2442 λεκτέον.
2169 2390 2344 2440 Ἔστω
2369 2387 2476 2439 τισὶ
2516 2385 2869 2456 προκείμενον
2899 2383 3173 2453 βλέπουσι
3203 2383 3297 2454 τῷ
3339 2383 3535 2436 πνεύ-

1904 2497 2029 2550 ματι
2065 2480 2154 2531 τὸν
2202 2478 2351 2540 Θεὸν,
2381 2479 2473 2529 καὶ
2526 2476 2649 2538 τοὺς
2696 2475 2885 2527 τούτου
2934 2476 3077 2546 πρὸς
3124 2475 3273 2536 τοὺς
3313 2474 3537 2543 ἁγίους

1899 2570 2102 2637 λόγους,
2137 2569 2233 2637 τήν
2260 2583 2317 2620 τε
2346 2566 2661 2635 παρουσίαν,
2691 2566 2756 2635 ἢν
2788 2565 3055 2636 πάρεστιν
3092 2566 3303 2627 αὐτοῖς
3353 2563 3532 2629 ἐξαι-

1902 2659 2073 2729 ρέτοις
2113 2659 2318 2727 καιροῖς
2364 2656 2460 2726 τῆς
2502 2655 2779 2727 προκοπῆς
2820 2653 2998 2706 αὐτῶν
3045 2652 3531 2723 ἐπιφαινόμενος

1902 2748 2134 2818 (πλέοσιν
2174 2742 2290 2798 οὖσι
2317 2745 2407 2797 τὸν
2435 2744 2684 2814 ἀριθμὸν,
2719 2744 2812 2795 καὶ
2848 2745 2904 2795 έν
2938 2742 3238 2813 διαφόροις
3280 2743 3525 2805 τόποις,

1900 2837 1997 2906 οὺχ
2022 2836 2279 2906 ὁμοειδεῖς
2304 2852 2363 2886 τε
2387 2834 2557 2903 πάντη
2594 2833 2909 2906 εὐεργεσίας
2936 2833 3250 2904 εὐεργέτου
3260 2833 3525 2902 μένοις),

1902 2924 2109 2993 ἑκάστῳ
2139 2923 2241 2993 ἰδίᾳ
2268 2918 2609 2989 ἀπαγγεῖλαι,
2636 2922 2671 2974 ἀ
2712 2921 2895 2990 βλέπει
2922 2921 3002 2989 τῷ
3033 2920 3339 2991 πνεύματι
3377 2922 3527 2992 περὶ

1900 3013 1991 3065 τοῦ
2038 3012 2189 3076 Θεοῦ,
2236 3014 2327 3066 καὶ
2370 3013 2474 3065 τῶν
2501 3012 2671 3079 λόγων
2714 3013 2877 3065 αὐτοῦ
2897 3052 2912 3074 ,
2942 3011 3054 3064 τῶν
3089 3029 3156 3064 τε
3188 3013 3348 3083 πρὸς
3379 3015 3527 3075 τοὺς

1901 3102 2082 3170 ἁγίους
2111 3102 2435 3172 ὲμφανειῶν,
2479 3101 2617 3154 ὥστε
2644 3101 2792 3154 τόνδε
2828 3101 2926 3171 μὲν
2959 3102 3094 3171 περὶ
3135 3103 3326 3156 τῶνδε
3364 3103 3523 3174 τῷἶε

1902 3190 1980 3261 τῷ
2027 3191 2215 3260 δικαίῳ
2258 3190 2395 3244 κατά
2449 3190 2593 3243 τόνδε
2644 3190 2735 3243 τὸν
2792 3191 2955 3242 τόπον
3001 3190 3348 3261 λεγομένων
3399 3195 3525 3248 ὑπὸ

1902 3279 2056 3343 Θεοῦ,
2098 3280 2189 3332 καὶ
2220 3280 2597 3351 πραττομένων
2643 3280 3023 3348 ἀπαγγέλλειν·
3057 3283 3228 3336 τόνδε
3262 3284 3328 3338 δὲ
3375 3289 3523 3357 περὶ

1902 3368 2009 3421 τῶν
2035 3369 2230 3439 ἑτέρων
2260 3369 2778 3439 χρησμῳδουμένων,
2814 3371 2907 3422 καὶ
2932 3371 3438 3444 ἐπιτελουμένων,
3480 3376 3518 3446 ἦ

1903 3457 2056 3510 ἄλλον
2085 3457 2210 3528 περί
2234 3475 2376 3521 τινος
2404 3458 2582 3528 τρίτου
2603 3458 2754 3529 παρά
2771 3459 2896 3522 τοὺς
2921 3465 3391 3532 προειρημένους
3414 3465 3523 3519 δύο

1902 3545 2070 3600 θέλειν
2097 3548 2241 3616 ἡμᾶς
2282 3545 2567 3599 διδάσκειν.
2604 3547 2782 3599 Ἔστω
2806 3547 2861 3599 δέ
2890 3566 2975 3611 τις
3003 3551 3103 3603 καὶ
3126 3553 3423 3624 τέταρτος
3451 3556 3522 3607 τὸ

1902 3632 2155 3699 ἀνάλογον
2170 3633 2280 3694 τοῖς
2298 3632 2440 3703 τρισὶ
2457 3631 2581 3703 περί
2596 3648 2735 3694 τινος
2766 3633 2953 3686 ποιῶν.
2990 3635 3065 3685 Συ
3074 3637 3519 3706 μφερέσθωσαν

1901 3720 1955 3772 δὲ
1987 3721 2035 3771 οἱ
2074 3719 2329 3790 τέσσαρες
2353 3714 2493 3773 οὗτοι
2519 3720 2643 3790 περί
2671 3737 2828 3773 τινων
2869 3721 2976 3773 ὑπὸ
3020 3723 3121 3776 τοῦ
3162 3726 3520 3796 πνεύματος

1902 3810 2079 3871 αὐτοῖς
2107 3808 2544 3878 ὑποϐαλλομένων
2579 3809 2844 3879 ἀλλήλοις,
2878 3812 2974 3862 καὶ
3002 3811 3142 3882 περὶ
3186 3816 3413 3885 ἑτέρων
3451 3819 3517 3870 ἐν

1900 3898 2060 3966 ὀλίγῳ
2091 3898 2622 3968 παραγγελλέτωσαν,
2656 3897 2796 3950 ὥστε
2825 3894 2965 3951 εἶναι
2998 3902 3278 3966 τοιαύτας
3312 3905 3516 3958 αὐτῶν

1900 3985 1997 4047 τὰς
2027 3985 2315 4054 διηγήσειςο
2358 4005 2376 4036 ι
2424 3984 2596 4056 Ὠφθη
2627 3987 2655 4037 ὁ
2692 3985 2821 4049 Θεὸς
2851 3986 2986 4056 τῷδε
3016 3991 3169 4044 κατά
3204 3992 3370 4046 τόνδε
3415 3995 3516 4049 τὸν

1900 4073 2086 4142 καιρὸν
2110 4074 2167 4125 ὲν
2192 4073 2326 4142 τῷδε
2358 4072 2434 4144 τῷ
2459 4073 2626 4144 τόπῳ,
2661 4074 2756 4126 καὶ
2789 4074 2915 4127 τάδε
2946 4076 3102 4146 αὐτῷ
3150 4082 3513 4154 πεποίηκεν

1901 4164 2067 4227 οὕτως
2086 4166 2134 4215 εἰ
2153 4163 2298 4233 αὐτῷ
2319 4164 2725 4233 ἐπιφαινόμενος
2754 4163 2940 4232 τοιῷδε
2963 4164 3044 4234 τῷ
3080 4169 3369 4239 σχήματι,
3405 4173 3513 4226 καὶ

1900 4251 2298 4323 ὲχειραγὼγησε
2319 4255 2397 4315 είς
2411 4253 2555 4306 τόνδε
2588 4253 2696 4323 (69)
2726 4254 2815 4305 τὸν
2836 4255 3021 4319 τόπον,
3046 4255 3186 4309 ἔνθα
3210 4261 3514 4333 πεποίηκε

1898 4342 2040 4395 τάδε.
2086 4341 2142 4394 '0
2172 4341 2415 4412 δεύτερος
2435 4342 2571 4401 κατά
2592 4343 2680 4394 τὸν
2706 4344 2864 4396 αὐτὸν
2891 4347 3005 4406 τοῖς
3034 4345 3378 4416 εἰρημένοις
3408 4369 3514 4420 γε-

277 4428 555 4484 exsistcnti
602 4427 653 4479 in
696 4426 811 4477 loco
834 4424 985 4477 valde
1020 4429 1226 4476 remoto
1279 4437 1308 4474 a
1339 4421 1454 4475 loco
1491 4422 1719 4490 prioris,
1748 4432 1801 4478 et

1911 4426 2107 4492 γονέναι
2145 4426 2293 4495 παρά
2322 4427 2398 4497 τῷ
2418 4428 2658 4498 προτέρῳ
2681 4429 2869 4497 χρόνον
2897 4430 2954 4481 έν
2985 4448 3097 4483 τινι
3123 4435 3290 4488 πόλει
3317 4439 3512 4498 ἀπαγ-

276 4518 411 4570 alios
434 4517 617 4568 eodem
648 4524 882 4579 tempore
907 4524 1179 4566 sermones
1206 4525 1236 4563 a
1262 4512 1367 4564 Deo
1391 4510 1513 4565 huic
1539 4525 1692 4579 quem
1720 4526 1803 4567 se-

279 4605 511 4659 cundum
557 4603 848 4669 posuimus,
894 4600 1107 4653 habitos
1156 4599 1320 4654 fuisse
1349 4600 1510 4653 dicat.
1547 4599 1802 4655 Similiter

276 4694 345 4749 de
369 4693 527 4745 tertio
556 4701 610 4745 et
649 4699 842 4759 quarto
886 4689 1294 4743 existimandum
1324 4699 1422 4743 est.
1456 4690 1804 4743 Consentiant

277 4795 450 4847 autem
506 4786 579 4850 hi,
622 4793 681 4837 ut
730 4783 1090 4853 prtediximus,
1124 4783 1265 4834 inter
1318 4797 1375 4835 se
1427 4796 1550 4834 vera
1606 4783 1668 4833 de
1698 4783 1802 4833 Deo

276 4876 605 4938 nuntiantes,
635 4874 803 4941 deque
831 4873 996 4939 ipsius
1025 4886 1149 4939 erga
1182 4872 1384 4937 aliquos
1412 4871 1711 4933 beneﬁciis,
1746 4873 1796 4924 in

274 4964 587 5030 quibusdam
622 4960 1019 5015 narrationibus
1063 4974 1195 5028 quas
1242 4960 1341 5027 ipsi
1385 4958 1702 5012 renuntient.
1739 4959 1795 5013 Ei

273 5048 433 5119 igitur
460 5051 548 5117 qui
581 5051 850 5103 existimat
880 5050 1068 5102 horum
1110 5047 1444 5114 scriptionem
1475 5062 1592 5100 esse
1635 5048 1802 5100 histo-

279 5137 433 5198 riam,
469 5136 548 5189 vel
584 5152 677 5204 pcr
704 5138 983 5202 imaginem
1017 5134 1253 5187 historiae
1289 5133 1353 5186 ad
1412 5148 1495 5187 res
1538 5135 1796 5201 quasdam

275 5236 436 5279 veras
458 5227 868 5290 accommodari,
916 5226 1114 5293 quique
1149 5223 1443 5277 arbitratur
1472 5223 1634 5278 Deum
1678 5239 1797 5278 esse

375 5383 429 5418 "
462 5383 601 5441 Ibid.
633 5388 733 5454 1‘2;
768 5387 929 5442 Marc.
966 5402 1003 5450 1,
1034 5386 1119 5439 14.
1202 5386 1243 5416 ⁷³
1270 5382 1421 5439 Joan.
1454 5399 1533 5448 ur,
1576 5385 1667 5447 23,
1691 5387 1783 5440 24.

343 5514 456 5593 (6_8)
498 5517 597 5580 Εἰς
647 5517 1032 5586 Ἰεροσόλυμα.
1091 5513 1181 5568 Sic
1229 5515 1391 5568 c‘odex
1446 5516 1795 5581 Bodleianus;

282 5583 478 5649 Roegttts
513 5583 693 5637 Omisit
721 5586 817 5645 εἰς.
1368 5647 1393 5649 _

348 5647 458 5708 (‘69)
500 5652 598 5714 Εἰς
637 5651 826 5707 τόνδε.
860 5652 947 5707 Sic
981 5651 1141 5705 habet
1173 5649 1336 5701 codex
1366 5647 1712 5714 Bodleianus;
1748 5651 1797 5702 iu

1855 5377 2111 5433 nJoann.
2155 5395 2214 5441 11,
2252 5383 2344 5449 12,
2386 5390 2476 5459 1⁸5,
2509 5412 2599 5466 seq

1903 4514 2130 4581 γελλέτω
2161 4514 2270 4584 (70)
2290 4515 2381 4569 τὸν
2411 4516 2539 4568 Θεὸν
2569 4511 2763 4583 ὦφθαι,
2796 4511 2838 4583 ᾧ
2872 4518 2967 4571 καὶ
2998 4520 3173 4585 αὐτὸς
3206 4530 3350 4588 νοεῖ,
3388 4530 3509 4584 τίνι

1902 4603 2130 4673 δευτέρῳ
2156 4604 2265 4656 δντι
2284 4606 2339 4656 ἐν
2365 4605 2495 4658 πολὺ
2523 4606 2986 4677 ἀπεσχοινισμένῳ
3013 4610 3177 4681 τόπῳ
3210 4617 3375 4685 παρά
3406 4620 3507 4674 τὸν

1901 4689 2061 4742 τόπον
2076 4689 2165 4741 τὸν
2183 4689 2274 4742 τοῦ
2309 4692 2592 4762 προτέρου,
2624 4693 2717 4746 καὶ
2745 4694 2964 4763 ἑτέρους
2995 4695 3202 4764 λόγους
3237 4703 3508 4776 ἀναγρα-

1903 4778 2046 4846 φέτω
2078 4777 2217 4831 κατά
2264 4780 2353 4831 τὸν
2378 4781 2535 4833 αὐτὸν
2572 4783 2759 4852 καιρὸν
2791 4783 3068 4853 εἰρῆσθαι,
3183 4792 3341 4846 κατά
3395 4796 3505 4866 τὴν

1902 4868 2150 4958 ὑπόθεσιν
2170 4867 2464 4939 εἰλήφαμεν
2491 4872 2741 4942 δευτέρῳι
2768 4875 2849 4927 Td:
2880 4875 2936 4927 δὲ
2958 4880 3337 4952 παραπλήσια
3358 4887 3507 4958 περὶ

1900 4957 1991 5009 τοῦ
2020 4957 2196 5027 τρίτου
2219 4960 2311 5010 καὶ
2334 4960 2427 5012 τοῦ
2456 4962 2706 5033 τετάρτου
2721 4963 2955 5031 νοητέον.
2988 4957 3503 5038 Συμιρερέσθωσαν

1901 5045 1976 5106 δὲ,
2009 5046 2082 5105 ὼς
2094 5049 2516 5119 προειρήκαμεν,
2546 5048 2686 5106 οὗτοι
2717 5049 2785 5101 τὰ
2823 5050 2994 5121 ἀληθῆ
3025 5054 3504 5129 ἀπαγγέλλοντες

1904 5136 2027 5204 περὶ
2054 5134 2145 5186 τοῦ
2177 5136 2331 5200 Θεοῦ,
2368 5145 2464 5197 καὶ
2492 5145 2595 5197 τῶν
2622 5141 2752 5211 πρός
2775 5158 2922 5202 τινας
2943 5143 3288 5213 εὐεργεσιῶν
3311 5152 3501 5208 αὑτοῦ

1902 5225 2162 5294 ἀλλήλοις,
2199 5227 2293 5278 ὲπί
2321 5246 2486 5289 τινων
2512 5231 2992 5304 ἀπαγγελλομένων
3017 5234 3112 5286 ὑπ’
3142 5238 3334 5292 αὐτῶν
3364 5240 3503 5315 διη-

2691 5388 2736 5422 "
2758 5386 2907 5440 Joan.
2942 5400 3020 5449 ιιιι,
3048 5385 3146 5442 22.

1904 5512 2070 5574 Regio
2099 5511 2247 5562 deest
2273 5517 2379 5578 εἰς.

1941 5578 2093 5659 ,(Ἱυ),
2132 5579 2603 5659 “narratum.
2634 5596 2723 5653 Sic
2759 5584 2917 5640 codex
2960 5579 3318 5651 Bodleianus;
3368 5589 3499 5648 Re-

1905 5650 2042 5714 gius,
2070 5648 2511 5723 ἀπαγγέλλεταξ,
