3880 6230
302 490 394 545 313

1339 490 1690 548 COMMENT.
1725 492 1789 546 IN
1823 490 2013 550 JOAN.
2052 494 2284 550 TOMUS
2317 494 2385 549 Χ.

3343 495 3450 550 διε

300 601 513 671 γήσεων.
543 598 684 664 Δόξει
704 596 882 652 τοίνυν
909 599 989 670 τῷ
1012 602 1249 673 ἱστορίαν
1279 600 1414 658 εἶναι
1438 606 1702 676 νομίζοντι
1730 605 1821 677 τὴν

1926 609 1978 661 in
2014 608 2128 661 loco
2152 609 2440 662 secundum
2470 608 3019 677 circumscriptionem
3039 647 3054 673 ,
3087 609 3274 664 eodem
3316 619 3450 663 tetu-

296 690 482 744 τούτων
508 689 714 759 γραφὴν
745 688 883 757 ἣδιὰ
912 692 1115 755 εἰκόνος
1154 695 1426 765 ἱστορικῆς
1448 696 1581 765 πρός
1607 712 1725 748 τινα
1756 695 1820 748 τὰ

297 781 411 832 ὅντα
438 779 765 848 παραστῆσαι
796 780 1090 849 πράγματα
1140 783 1272 852 (71),
1308 784 1401 837 καὶ
1420 784 1508 837 τὸν
1538 785 1667 838 Θεὸν
1694 787 1822 837 ὑπο-

296 867 600 938 λαμϐάνοντι
633 867 768 921 κατὰ
799 871 1141 941 περιγραφὴν
1176 870 1312 925 εἶναι
1342 874 1400 926 ὲν
1420 874 1589 943 τόπῳ,
1622 875 1693 945 μὴ
1729 874 1819 927 δυ-

295 956 507 1026 νάμενον
534 956 609 1025 τῷ
644 955 786 1025 αὑτῷ
828 958 1073 1021 πλείονας
1103 961 1276 1030 ἐαυτῷ
1310 962 1598 1031 ἐμποιῆσαι
1628 980 1823 1030 φαντα-

296 1046 406 1108 σίας
451 1045 699 1109 πλείοσιν,
745 1048 802 1098 ὲν
842 1047 1046 1100 πλείοσι
1079 1049 1280 1112 τόποις,
1313 1053 1405 1103 καὶ
1453 1052 1665 1105 πλείονα
1711 1053 1822 1123 ἅμα

292 1133 471 1200 λέγειν,
527 1135 740 1189 δυνατὸν
779 1136 886 1205 (72)
934 1132 1067 1189 εῖναι
1099 1137 1377 1207 ἀληθεύειν
1419 1140 1509 1204 οὓς
1552 1141 1822 1214 ὑπεθέμην

292 1223 563 1292 τέσσαρας,
608 1223 684 1293 τῷ
709 1224 960 1277 ἀδύνατον
992 1221 1122 1278 εἶναι
1164 1230 1219 1279 ὲν
1253 1229 1387 1298 τῷδέ
1414 1246 1518 1281 τινι
1562 1229 1638 1299 τῷ
1673 1247 1823 1284 τετα-

289 1312 460 1381 γμένῳ
490 1311 663 1383 καιρῷ
692 1313 781 1364 τὸν
805 1311 933 1364 Θεὸν
970 1309 1121 1375 εἶναι,
1153 1314 1244 1367 ἅτε
1282 1316 1372 1369 κα)⁵
1401 1315 1538 1369 κατὰ
1566 1331 1823 1388 περιγρα-

290 1401 385 1470 φὴν
415 1400 572 1453 αὑτὸν
614 1401 926 1470 νενοημένον
961 1402 1017 1452 ἐν
1044 1402 1191 1470 τόπῳ
1227 1398 1382 1465 εἶναι,
1420 1404 1509 1456 καὶ
1541 1405 1689 1474 τῷδε,
1731 1404 1821 1456 καὶ

285 1489 409 1559 τῷδε
446 1490 622 1557 λέγειν
656 1490 801 1553 τάδε,
832 1491 924 1543 καὶ
959 1489 1101 1552 τάδε,
1119 1493 1211 1543 καὶ
1246 1495 1415 1544 ποιεῖν
1439 1492 1579 1555 τάδε,
1618 1494 1709 1544 κα).
1753 1492 1820 1545 τὰ

286 1583 481 1644 τούτοις
516 1581 749 1643 ἐναντία,
792 1582 900 1645 καὶ,
936 1582 1063 1652 φέρε
1090 1583 1283 1643 εἰπεῖν,
1313 1581 1663 1652 καθεζόμενον
1688 1583 1818 1652 ἅμα,

285 1672 370 1723 κα)¹
388 1670 592 1722 ἑστῶτα
622 1669 773 1723 εἶναι’
801 1673 847 1722 εὶ
873 1673 901 1724 6
925 1672 1022 1740 μὲν
1061 1671 1192 1741 τῷδε
1218 1671 1295 1740 τῷ
1317 1671 1489 1741 καιρῷ
1516 1672 1684 1738 λέγων
1715 1671 1819 1741 (75)

285 1762 435 1813 αὑτὸν
458 1760 670 1814 ἑστῶτα
694 1762 815 1816 τάδε
848 1762 968 1815 τινὰ
995 1764 1289 1833 εἰρηκέναι,
1320 1763 1353 1832 ἢ
1383 1763 1735 1832 πεποιηκέναι
1764 1766 1821 1816 ἐν

282 1849 409 1919 τῷδε
440 1851 516 1919 τῷ
548 1852 719 1921 τόπῳ,
752 1853 780 1903 6
810 1853 866 1905 δὲ
897 1853 1271 1922 καθεζόμενον.

1920 710 2050 764 pore
2080 705 2430 762 nequeuntem
2465 697 2645 761 plures
2676 697 2741 751 de
2778 698 2897 765 ipso
2935 698 3248 765 iugenerare
3292 698 3450 752 visio-

1923 800 2019 839 nes
2049 784 2316 851 pluribus,
2368 784 2420 836 in
2452 784 2696 852 pluribus
2727 783 2893 847 locis,
2949 799 3049 838 nec
3092 785 3242 852 plura
3286 786 3448 839 etiam

1921 872 2074 927 simul
2100 872 2306 936 dicere,
2339 871 2606 925 videbitur
2634 871 2957 939 impossibile
2984 887 3104 931 esse
3137 880 3196 925 ut
3228 873 3283 927 hi
3317 888 3450 939 qna-

1920 970 2060 1024 tuor,
2088 975 2221 1029 quos
2249 962 2623 1028 supposuimus
2645 999 2660 1024 ,
2684 976 2809 1015 vera
2849 972 3064 1017 narrent
3089 978 3154 1017 ex
3183 977 3247 1018 eo
3267 1002 3283 1029 ,
3306 965 3448 1030 quod

1921 1050 2078 1102 facile
2106 1049 2244 1102 factu
2274 1064 2376 1102 non
2400 1050 2469 1103 sit
2497 1049 2660 1102 Deum
2685 1064 2805 1104 esse
2834 1050 2884 1103 in
2916 1051 3017 1105 hoc
3045 1053 3271 1119 quodam
3299 1060 3451 1105 certo

1925 1148 2191 1207 tempore,
2239 1139 2362 1206 quia
2413 1140 2569 1192 etiam
2616 1142 2981 1195 consideratus
3029 1140 3193 1195 fuerit
3228 1155 3348 1195 esse
3391 1142 3443 1197 in

1921 1229 2036 1281 loco
2060 1228 2347 1281 secundum
2373 1228 2955 1296 circumscriptionem,
2983 1237 3037 1280 et
3083 1227 3233 1291 huic,
3268 1237 3326 1282 et
3374 1228 3448 1281 illi

1922 1317 2055 1377 haec,
2087 1325 2141 1369 et
2170 1316 2251 1368 illa
2283 1316 2484 1380 dicere,
2513 1326 2567 1370 et
2602 1316 2775 1370 facere
2807 1317 2954 1380 hate,
3000 1324 3053 1370 et
3100 1316 3185 1370 bis
3236 1328 3452 1371 contra-

1920 1406 2020 1467 ria,
2044 1413 2116 1468 et,
2145 1416 2199 1456 ιιι
2234 1405 2305 1458 ita
2350 1405 2552 1466 dicam,
2602 1405 2872 1458 sedentem
2926 1404 3083 1457 simul
3117 1414 3170 1459 et
3220 1414 3449 1463 stantem

1921 1508 2069 1555 esse;
2103 1494 2359 1561 siquidem
2392 1508 2527 1546 unus
2554 1494 2696 1565 dicat
2743 1495 2841 1547 hoc
2870 1502 3117 1562 tempore.
3148 1508 3268 1549 eum
3304 1503 3451 1549 stan-

1924 1589 2023 1632 tem
2053 1581 2162 1633 hrrc
2192 1580 2387 1634 dixisse
2411 1622 2424 1642 ,
2457 1591 2513 1636 et
2545 1582 2656 1637 Itsec
2683 1580 2874 1635 fecisse
2913 1582 2965 1635 in
3001 1583 3100 1636 hoc
3136 1582 3273 1647 loco,
3311 1581 3451 1636 alius

1923 1684 2045 1723 vero
2075 1672 2371 1724 sedentem.

345 1934 395 1987 4.
417 1910 625 2006 Ὥσπερ
651 1910 739 1988 οὖν
764 1937 856 1988 ἐπὶ
885 1910 1109 1999 τούτων,
1133 1930 1203 1989 ὧν
1221 1935 1510 2005 ὑπεθέμην,
1538 1935 1819 2006 ὲκληφθεὶς

1986 1943 2039 1996 4.
2082 1942 2150 1997 Ut
2178 1943 2339 2010 igitur
2369 1956 2561 1997 sensus
2583 1949 2862 2008 perceptus
2887 1939 3290 2000 hislorieorttm,
3321 1939 3453 1993 cha-

278 2021 307 2073 6
337 2020 453 2084 νοῦς
474 2022 585 2074 τῶν
622 2023 925 2093 ἱστορικῶν,
952 2025 1255 2094 χαρακτῆρι
1283 2024 1639 2093 βουληθέντων
1677 2028 1821 2095 ἡμᾶς

275 2105 471 2172 διδάξαι
500 2108 571 2160 τὰ
595 2108 697 2160 ὑπὸ
726 2109 817 2161 τοῦ
841 2110 931 2163 νοῦ
961 2112 1137 2163 αὐτῶν
1151 2111 1547 2181 τεθεωρημένα,
1572 2113 1820 2182 οὐδεμίαν

277 2197 341 2251 ἂν
371 2198 616 2268 εὑρεθείη
650 2198 782 2268 ἔχων
813 2201 1122 2268 διαφωνίαν,
1158 2204 1206 2253 εί
1239 2202 1287 2254 oi
1315 2202 1571 2272 τέσσαρες
1598 2199 1704 2255 εἷεν
1733 2220 1819 2257 σο·-

277 2287 380 2354 φοί·
413 2286 554 2340 οὕτω
578 2289 792 2359 νοητέον
812 2290 905 2341 καὶ
933 2291 1024 2341 ἐπὶ
1052 2289 1155 2342 τῶν
1184 2290 1460 2359 τεσσάρων
1486 2290 1627 2359 ἔχειν
1658 2292 1819 2358 εὐαγν

274 2375 549 2441 γελιστῶν,
588 2378 1081 2449 καταχρησαμένων
1111 2379 1208 2448 μὲν
1232 2378 1439 2443 πολλοῖς
1461 2378 1565 2431 τῶν
1592 2379 1739 2441 ,κατὰ
1763 2380 1820 2433 τὸ

271 2467 551 2533 τεράστιον
601 2467 693 2519 καὶ
739 2467 1160 2536 παραδοξότατον
1201 2468 1299 2534 τῆς
1342 2468 1616 2535 δυνάμεως
1651 2468 1818 2537 Ἰησοῦ

274 2556 679 2627 πεπραγμένοις
705 2557 799 2608 καὶ
826 2556 1148 2625 εἰρημένοις,
1179 2555 1286 2607 ἔσθ’
1320 2557 1450 2608 ὅπου
1496 2557 1587 2608 καὶ
1628 2573 1822 2626 προσυ-

270 2646 553 2712 φανόιντων
592 2648 661 2715 τῇ
689 2646 875 2715 Γραφῇ
931 2645 1068 2714 μετὰ
1111 2645 1323 2710 λέξεως,
1359 2645 1432 2707 ὡς
1466 2646 1591 2715 περὶ
1632 2647 1818 2717 αἰσθη-

266 2734 371 2787 τῶν
401 2735 509 2805 (74)
527 2775 543 2800 ,
586 2735 644 2787 τὸ
671 2734 922 2805 καθαρῶς
953 2736 1155 2806 νοητῶς
1195 2737 1373 2799 αὑτοῖς
1402 2736 1815 2806 τετρανωμένον.

227 2858 233 2864 -
266 2825 342 2876 Οὐ
370 2825 766 2892 καταγινώσκω
804 2825 973 2894 δήπου
1009 2826 1103 2878 καὶ
1134 2826 1212 2891 τὸ,
1246 2826 1319 2888 ὡς
1369 2825 1506 2878 κατὰ
1545 2825 1640 2896 τὴν
1683 2828 1819 2878 ἱστο-

267 2917 407 2986 ρίαν,
457 2919 661 2988 ἑτέρως
704 2918 1009 2984 γενόμενον,
1062 2916 1197 2986 πρὸς
1236 2916 1295 2968 τὺ
1329 2918 1592 2986 χρήσιμον
1620 2917 1819 2970 τούτων

265 3008 531 3076 μυστικοῦ
565 3005 763 3063 σκοποῦ
806 3005 1143 3076 μετατιθέναι
1173 3022 1289 3067 πως
1329 3007 1538 3070 αὐτοὺς,
1564 3006 1700 3059 ὥστε
1741 3008 1818 3058 εί-

261 3102 382 3151 πεῖν
407 3100 469 3151 τὸ
495 3101 558 3151 ὲν
591 3099 736 3167 τόπῳ
767 3097 1068 3165 γενόμενον,
1101 3096 1176 3158 ὡς
1198 3098 1253 3148 ἐν
1277 3096 1461 3166 ἑτέρῳ·
1501 3096 1533 3165 ἢ
1556 3095 1616 3147 τὸ
1632 3098 1688 3147 ὲν
1712 3094 1817 3163 τῷ·-

1920 2042 2125 2087 ractere
2154 2042 2205 2095 et
2233 2033 2397 2086 forma
2452 2033 2503 2089 in
2556 2033 2640 2087 his
2695 2045 2827 2099 quos
2880 2031 3135 2097 supposui
3177 2029 3313 2082 velle
3354 2041 3453 2084 nos

1919 2124 2117 2184 dicere,
2155 2137 2273 2193 quze
2303 2136 2455 2176 mens
2486 2122 2717 2188 ipsorum
2746 2120 3102 2188 perspexerit,
3138 2119 3336 2172 nullam
3370 2119 3453 2173 in-

1920 2210 2185 2263 veniretur
2213 2210 2408 2261 habere
2445 2208 2822 2261 dissonantiam
2844 2246 2858 2265 ,
2894 2209 2937 2260 si
2971 2215 3195 2273 quatuor
3239 2205 3444 2259 fuerint

1919 2300 2216 2367 sapientes;
2251 2299 2329 2352 sic
2373 2299 2533 2349 etiam
2577 2298 2629 2348 in
2671 2307 2903 2364 quatuor
2945 2296 3289 2363 evangelislis
3336 2310 3447 2347 rem

1918 2400 1976 2442 se
2017 2388 2214 2441 habere
2267 2386 2663 2454 intelligemlum
2713 2393 2829 2448 est,
2873 2385 3214 2437 almtentibus
3266 2383 3451 2436 multis

1920 2486 2027 2529 tum
2054 2475 2209 2530 dictis
2229 2473 2351 2527 Jesu
2371 2511 2385 2536 ,
2411 2474 2563 2541 juxta
2592 2473 2733 2528 illius
2774 2474 3133 2539 prodigiosum
3179 2480 3235 2525 et
3280 2473 3449 2525 admi-

1919 2562 2290 2617 rabilissimam
2322 2562 2645 2629 potentiam;
2691 2561 2957 2614 interdum
3010 2563 3175 2613 etiam
3212 2570 3451 2614 attexen-

1920 2649 2057 2704 tibus
2094 2649 2156 2702 ad
2190 2649 2516 2717 Scripturam
2546 2664 2668 2704 cum
2701 2650 2931 2702 dictione
2967 2648 3126 2701 veluti
3174 2648 3239 2700 de
3277 2649 3452 2701 sensi-

1917 2740 2130 2801 bilibus,
2157 2739 2293 2805 quod
2327 2738 2430 2791 illis
2457 2753 2588 2805 puro
2616 2753 2679 2790 ac
2703 2739 2817 2791 solo
2841 2739 3107 2791 intellectu
3143 2740 3452 2792 manifesta-

1918 2836 2027 2881 tum
2080 2835 2218 2880 erat.
2274 2823 2390 2878 Non
2452 2827 2781 2892 reprehendo
2843 2837 3019 2880 autem
3072 2829 3218 2896 ipsos
3271 2828 3452 2895 aliquo

1919 2926 2072 2986 pacto
2131 2915 2518 2983 transposuisse
2566 2917 2633 2968 ad
2689 2904 2971 2970 utilitatem
3031 2918 3266 2987 mysticae
3324 2931 3454 2970 con-

1917 3009 2252 3063 siderationis
2302 3010 2487 3063 harum
2538 3024 2750 3071 rerum,
2822 3008 2876 3061 id
2951 3008 3125 3074 quod,
3191 3016 3452 3074 quantum

1919 3100 2113 3152 attinet
2137 3098 2201 3152 ad
2233 3098 2534 3160 historiam,
2562 3098 2666 3150 alio
2698 3098 2856 3149 modo
2885 3096 3080 3149 factum
3126 3095 3324 3156 fuerat,
3376 3095 3452 3149 ita

256 3189 314 3240 δε
333 3188 413 3258 τῷ
442 3186 645 3258 καιρῷ,
678 3187 752 3249 ὡς
782 3188 839 3238 ὲν
871 3185 1035 3254 ἄλλῳ,
1067 3185 1157 3237 καὶ
1187 3185 1248 3237 τὸ
1269 3185 1462 3237 οὑτωσὶ
1493 3183 1816 3251 ἀπαγγελλό-

1923 3186 2143 3253 utquod
2177 3199 2281 3238 uno
2308 3185 2423 3239 loco
2459 3185 2658 3238 factum
2705 3183 2909 3244 fuerat,
2962 3192 3212 3250 tanquam
3246 3183 3300 3235 in
3347 3182 3453 3237 alio

260 3295 422 3347 μενον
446 3278 566 3348 (75)
607 3276 742 3346 μετά
766 3292 907 3338 τινος
938 3274 1285 3346 παραλλαγῆς
1312 3274 1504 3336 αὐτοὺς
1534 3273 1821 3340 πεποιηκέ-

253 3383 365 3421 ναι.
393 3368 695 3436 Προέκειτο
718 3365 835 3436 γὰρ.
855 3365 1053 3427 αὐτοῖς,
1096 3365 1228 3415 ὅπου
1258 3364 1353 3431 μὲν
1385 3361 1657 3432 ἐνεχώρει,
1694 3361 1821 3432 ἀλη-

256 3454 434 3511 θεύειν
468 3454 861 3525 πνευματικῶς
892 3454 1008 3523 ἅμα
1057 3453 1150 3505 καὶ
1196 3451 1536 3521 σωματικῶς
1584 3452 1713 3504 ὅπου
1749 3452 1820 3521 μὴ

255 3547 539 3617 ἐνεδέχετο
556 3545 901 3615 ἀμφοτέρως,
932 3541 1239 3613 προκρίνειν
1266 3540 1325 3593 τὸ
1346 3539 1703 3609 πνευματικὸν
1730 3540 1821 3593 τοῦ

254 3637 613 3708 σωματικοῦ,
640 3634 942 3704 σωζομένου
983 3632 1234 3694 πολλάκις
1276 3630 1368 3682 τοῦ
1399 3628 1626 3699 ἀληθοῦς
1667 3646 1823 3681 πνευ-

253 3723 491 3794 ματικοῦ
539 3726 607 3777 ὲν
628 3721 708 3791 τῷ
739 3720 1052 3790 σωματικῷ,
1085 3721 1159 3781 ὡς
1211 3719 1275 3773 ἂν
1303 3717 1444 3770 εἴποι
1487 3734 1588 3780 τις,
1620 3716 1818 3785 ψευδεῇ

249 3813 327 3876 ὡς
368 3817 419 3867 εί
458 3815 557 3868 καὶ
610 3811 721 3865 ἀπὸ
759 3811 859 3878 τῆς
893 3809 1127 3879 ἱστορίας
1157 3808 1421 3877 λέγοιμεν,
1444 3807 1524 3859 ὅτι
1563 3808 1592 3858 6
1636 3805 1823 3858 Ἰακὼϐ

248 3904 480 3971 φάσκων
515 3901 600 3971 τῷ
645 3899 847 3953 Ἰσαάκ·
882 3917 901 3949 ι
947 3897 1084 3964 Ἐγὼ
1126 3896 1294 3950 Ἡσαῦ
1319 3899 1347 3948 6
1374 3895 1705 3966 πρωτότοκός
1732 3912 1823 3947 σου

249 3992 386 4056 υἱὸς,
412 4012 432 4044 ι
464 3992 616 4047 κατὰ
638 3991 740 4060 μὲν
768 3989 830 4041 τὸ
856 3986 1214 4056 πνευματικὸν
1246 3985 1492 4055 ἡλήθευε,
1517 3984 1823 4051 μεταλαϐὼν

1920 3285 2122 3344 gestum
2148 3276 2240 3338 sit,
2271 3285 2584 3337 narrarent;
2616 3273 2766 3344 165
2793 3272 2875 3326 vel
2896 3276 3037 3341 quod
3059 3288 3162 3328 uno
3188 3280 3452 3339 tempore,

1923 3374 2172 3432 tanquam
2201 3364 2264 3417 in.
2284 3363 2416 3428 alio;
2454 3374 2508 3416 et
2531 3362 2686 3424 illud,
2717 3361 2855 3429 quod
2888 3376 2993 3415 uno
3026 3361 3189 3414 modo.
3216 3376 3457 3429 pronun-

1923 3455 2108 3507 tiatum
2163 3452 2358 3515 fuerat,
2406 3465 2530 3505 cum
2561 3451 2789 3516 miadam
2825 3449 3140 3503 alteratione
3168 3451 3451 3505 referrent.

1920 3539 2260 3606 Propositum
2288 3539 2437 3593 enim
2473 3538 2580 3591 illis
2623 3547 2739 3591 erat
2783 3552 2907 3590 vera
2942 3553 3195 3599 narrare,
3229 3546 3282 3591 et
3301 3538 3456 3606 spiri~

1924 3628 2138 3683 tualiter
2160 3636 2214 3683 et
2241 3626 2609 3694 corporaliter,
2640 3626 2731 3679 ubi
2762 3626 2973 3688 liceret;
3011 3627 3100 3679 ubi
3141 3637 3319 3680 autem
3348 3642 3454 3680 non

1923 3717 2263 3784 contingebat
2313 3728 2616 3784 utrumque,
2662 3731 2775 3770 rem
2831 3715 3084 3782 praeferre
3122 3715 3453 3783 spiritualem

1923 3808 2001 3862 rei
2047 3821 2338 3873 corpore-te,
2375 3814 2583 3860 servata
2635 3818 2778 3872 saepe
2819 3805 3045 3857 veritate
3091 3804 3352 3871 spirituali
3401 3804 3455 3855 in

1924 3894 2213 3963 corporali,
2258 3902 2314 3946 ut
2354 3893 2548 3961 aliquis
2582 3891 2820 3957 diceret,
2856 3891 3152 3946 mendacio.
3184 3889 3453 3954 Quemad-

1923 3985 2133 4037 modum
2166 3981 2209 4034 si
2248 3982 2407 4033 etiam
2453 3995 2516 4033 ex
2573 3979 2792 4034 historia
2829 3978 3131 4032 diceremus
3175 3976 3344 4031 Iacob
3373 3975 3455 4029 di-

1923 4080 2127 4127 centem
2153 4070 2331 4125 Isaac:
2385 4087 2404 4119 ι
2437 4069 2546 4137 Ego
2570 4084 2687 4122 sum
2725 4068 2866 4121 Esau
2905 4067 3287 4137 primogenitus
3334 4077 3458 4120 tuus

1926 4160 2069 4213 illius
2087 4159 2153 4223 ⁷⁸,
2187 4176 2206 4208 ι
2243 4158 2530 4225 secundum
2574 4157 2898 4211 intellectum
2941 4156 3152 4224 quidem
3201 4155 3455 4223 spiritua-

1923 4248 2039 4302 lem.
2057 4260 2300 4305 narrasse
2323 4261 2450 4301 vera
2482 4246 2812 4313 (participem
2846 4244 3050 4299 factum
3073 4243 3459 4311 primogenitu-

245 4082 355 4134 τῶν
388 4078 793 4153 πρωτοτοκίων
834 4076 934 4147 ἤδη
975 4078 1031 4127 ὲν
1066 4075 1141 4145 τῷ
1174 4074 1386 4144 ἀδελφῷ
1419 4073 1827 4144 παραπολλυμέ-

245 4189 374 4236 νων,
405 4174 508 4227 καὶ
531 4171 623 4224 διὰ
645 4171 744 4238 τῆς
767 4168 960 4237 στολῆς
988 4167 1093 4220 τῶν
1117 4182 1174 4217 τε
1196 4164 1416 4234 ὲριιρίων
1438 4163 1714 4233 δερμάτων
1735 4163 1825 4214 τὸν

244 4259 453 4325 ἔξωθεν
491 4258 827 4331 χαρακτῆρα
873 4256 967 4309 τοῦ
1010 4250 1177 4317 Ἡσαῦ
1220 4252 1519 4314 ἀναλαϐὼν,
1556 4253 1647 4304 καὶ
1677 4253 1827 4318 γενόο

247 4367 410 4418 μενος
439 4349 621 4419 χωρὶς
649 4348 749 4417 τῆς
780 4343 1035 4413 αίνούσης
1059 4343 1148 4394 τὸν
1176 4341 1305 4394 Θεὸν
1322 4341 1500 4409 φωνῆς
1527 4339 1713 4403 Ἡσαῦ,
1740 4341 1821 4392 ἵνα

1924 4351 2140 4401 rarum,
2178 4351 2295 4396 eius
2350 4337 2401 4388 in
2437 4334 2601 4388 fratre
2643 4334 2753 4403 jam
2804 4334 3109 4403 perierant,
3137 4342 3191 4387 et
3248 4340 3458 4401 recepta

240 4438 432 4509 χώραν
477 4438 624 4507 λάϐῃ
664 4435 801 4506 πρὸς
829 4434 890 4486 τὸ
918 4429 1268 4501 εὐλογηθῆναι
1312 4429 1532 4498 ὕστερον
1563 4430 1591 4480 6
1637 4429 1821 4482 Ἠσαῦ.

1928 4423 2099 4477 forma
2119 4431 2172 4477 et
2204 4423 2367 4489 ﬁgura
2423 4423 2561 4477 Esau
2609 4431 2835 4476 externa
2867 4436 2959 4490 per
2985 4430 3183 4475 vestem
3218 4421 3458 4476 lmdina-

238 4526 399 4598 Τάχα
423 4529 543 4598 γὰρ
572 4528 624 4578 εἰ
673 4524 747 4594 μὴ
782 4523 1047 4593 ηὑλόγητο
1088 4517 1278 4572 Ἰακὼϐ
1306 4518 1380 4579 ὼς
1419 4517 1607 4580 Ἡσαῦ,
1637 4518 1735 4569 οὐκ
1757 4517 1821 4569 ἂν

1926 4526 2042 4563 rum
2072 4511 2353 4594 pellium),
2379 4520 2539 4578 atque
2586 4510 2791 4565 factum
2819 4511 2955 4564 Esau
3008 4510 3126 4565 sine
3166 4525 3296 4564 voce
3347 4510 3461 4563 lau-

236 4617 361 4672 οὐδὲ
406 4619 589 4672 Ἡσαῦ
614 4616 740 4670 καθ’
767 4613 957 4666 ἑαυτὸν
980 4609 1227 4673 δέξασθαι
1244 4610 1341 4677 τὴν
1365 4608 1606 4675 εὐλογίαν
1635 4603 1742 4670 οἷός
1764 4625 1820 4660 τε

1924 4602 2083 4654 dante
2111 4600 2307 4664 Deum,
2364 4610 2420 4654 ut
2467 4602 2659 4655 deinde
2706 4601 2879 4654 locum
2926 4601 3191 4655 inveniret
3224 4601 3360 4654 Esau
3394 4599 3462 4654 ad

233 4702 325 4775 ἦν.
352 4709 475 4760 Καὶ
510 4709 540 4759 6
581 4701 793 4773 Ἰησοῦς
831 4700 1011 4753 τοίνυν
1043 4697 1208 4750 πολλά
1238 4699 1357 4749 ἐστι.
1397 4700 1514 4758 ταῖς
1543 4698 1820 4759 ἐπινοίαις,

1925 4692 2349 4745 benedictionem
2376 4692 2823 4758 consequendam.
2856 4690 2986 4744 Nam
3009 4689 3252 4752 fortasse,
3282 4692 3332 4742 ni
3363 4691 3461 4743 he~

233 4790 311 4851 ὧν
330 4795 604 4851 ἐπινοιῶν
619 4793 769 4854 εἰκὸς
788 4785 1310 4856 τοὺςεὺαγγελιστὰς
1326 4785 1603 4855 διαφόρως
1622 4786 1821 4848 ἑννοίας

1926 4781 2171 4835 nedictus
2199 4780 2384 4836 fuisset
2414 4780 2579 4836 Jacob
2614 4791 2862 4849 tanquam
2894 4780 3053 4842 Esau,
3088 4795 3156 4833 ne
3183 4780 3318 4833 Esau
3342 4778 3461 4842 qui-

230 4886 654 4955 λαμϐάνοντας,
680 4880 793 4933 ἐσθ’
826 4878 914 4931 ὅτε
938 4876 1033 4928 καὶ
1054 4872 1491 4943 συμφερομένους
1513 4871 1728 4939 ἄλλους(
1737 4870 1820 4939 76)

1927 4869 2047 4922 dem
2086 4885 2280 4938 capere
2311 4871 2573 4938 quivisset
2620 4885 2687 4926 es
2721 4856 2791 4924 se.
2832 4868 3274 4924 benedictionem.
3306 4863 3461 4918 Iesus

231 4952 366 5046 περὶ
400 4990 581 5027 τινων
611 4966 1052 5038 ἀναγεγραφέναι
1079 4964 1145 5016 τὰ
1167 4960 1486 5028 Εὑαγγέλια·
1505 4955 1611 5013 οἷον
1629 4959 1821 5029 ἀληθὲς

1929 4958 2085 5027 igitur
2109 4959 2273 5013 multa
2289 4969 2370 5013 est
2387 4960 2674 5016 secundum
2693 4963 2870 5013 varias
2895 4958 3156 5018 notiones,
3175 4970 3236 5008 ex
3268 4952 3459 5020 quibus

227 5041 411 5119 εἰπεῖν
446 5066 549 5126 τὰ,
576 5062 654 5124 ὡς
687 5060 828 5130 πρὸς
848 5058 948 5127 τὴν
989 5054 1152 5117 λέξιν,
1191 5052 1531 5119 ἀντικείμενα
1568 5050 1694 5119 περὶ
1727 5047 1818 5100 τοῦ

1926 5049 2198 5115 probabile
2221 5060 2305 5102 est
2336 5049 2688 5116 evangelistas
2716 5048 2958 5100 notiones
2981 5050 3252 5096 sumentes
3281 5041 3459 5093 diver-

226 5156 446 5228 Κυρίου
483 5153 674 5225 ἡμῶν,
710 5128 790 5203 ὅτι
830 5148 1052 5218 γέγονεν
1080 5146 1145 5195 ἐκ
1176 5139 1365 5203 Δαυῒδ,
1399 5140 1490 5192 καὶ
1517 5140 1577 5191 οὑ
1603 5139 1818 5206 γέγονεν

1923 5152 2039 5203 sas,
2069 5139 2331 5193 interdum
2354 5140 2512 5192 etiam
2541 5139 2673 5190 alias
2695 5137 2759 5188 de
2781 5131 3094 5200 quibusdam
3121 5128 3461 5184 consentien-

298 5247 351 5279 "
381 5246 545 5301 Gen.
574 5256 755 5304 uvu,
797 5240 886 5295 l9.

1995 5343 2103 5414 (74)
2148 5342 2244 5414 Ὦς
2270 5340 2402 5414 περὶ
2429 5335 2741 5403 αἰσθητῶν.
2790 5332 2950 5386 Forte
2980 5331 3321 5385 scribendum
3362 5326 3468 5382 iba-

1925 5429 1990 5464 πε
1998 5408 2095 5477 ρεὶ’
2107 5408 2385 5477 αἰσθητόν,Δ
2406 5418 2509 5477 etc.

2016 5466 2312 5548 75)~Codex
2359 5466 2695 5548 Bodleiauns.
2721 5469 2913 5548 οὑτωσὶ
2955 5466 3459 5548 ἀπαγγελλόμενον

1924 5533 2097 5599 codex,
2123 5545 2335 5612 Regius,
2365 5544 2522 5605 male,
2546 5540 2714 5602 οὑτως
2753 5539 2799 5590 εἰ
2833 5533 3307 5612 ἐπαγγελλόμενον.
3340 5533 3457 5587 Mox

1923 5615 2085 5665 codex
2119 5604 2455 5678 Bodleianns,
2498 5604 2659 5673 recte,
2690 5604 3067 5675 πεποιηκέναι,
3110 5604 3323 5674 RegitIS,
3355 5614 3459 5653 πεί

1927 5681 2409 5817 ποῖᾅϐςέῖῗὶῖξλους.
2444 5745 2790 5803 Scrihendum
2826 5741 3031 5796 videtur
3061 5738 3319 5803 ἀλλήλοις.

296 5365 428 5436 (71.)
480 5367 560 5421 Ἡ
605 5363 733 5436 διὰ-
753 5360 990 5436 είκόνος
1034 5352 1337 5436 ἱστορικῇς
1363 5351 1539 5436 πρόες
1560 5349 1826 5436 around

224 5413 841 5501 aéh"'x&:¢aa5%'ﬁéq¢
873 5413 1331 5501 πρᾷῖματᾷ.,8ῖιὶ
1354 5413 1471 5501 coit.
1503 5413 1681 5501 Boi";
1714 5413 1826 5501 ille-

224 5487 377 5573 iiiis"
387 5487 636 5573 perpera
647 5515 696 5551 ιιι
718 5487 929 5573 habet;
979 5487 1087 5572 ἴδια
1117 5487 1635 5573 εἰκόνος-ἕστορικῆς
1660 5497 1825 5550 προσ-

224 5553 591 5631 ὅὸῐὲδιῑοῦτει
623 5553 1082 5635 παρασεῆεαιτά
1113 5553 1528 5635 πεάγμξιταοᾳ.
1642 5634 1649 5635 ,

300 5620 593 5713 ξῖιέλᾎὺα
607 5620 776 5713 quis".
814 5620 1042 5683 Videtur
1069 5620 1407 5676 scribendum
1437 5620 1710 5679 ἀδύνατον,
1746 5620 1821 5668 ιιιί

231 5709 373 5779 legit
407 5709 733 5761 Ferrarius.
892 5763 906 5776 .
1105 5756 1118 5770 .
1480 5754 1494 5767 ἡ

302 5778 429 5851 (75)
475 5772 712 5842 Λόγων.
743 5767 987 5823 Omnino
1014 5753 1351 5812 scribendum
1377 5762 1457 5807 est
1482 5753 1643 5819 ιέγοι.
