  <div class='ocr_page' id='page_1' title='image "/cluster/home/n/w/nwhite01/storage/ocr_20150623/14 (Origen; pt. 4)/nyp.33433081862280/168.png"; bbox 0 0 3880 6234; ppageno 0'>
   <div class='ocr_carea' id='block_1_1' title="bbox 244 511 1817 589">
    <p class='ocr_par' dir='ltr' id='par_1_1' title="bbox 244 511 1814 569">
     <span class='ocr_line' id='line_1_1' title="bbox 244 511 1814 569; baseline 0.004 -6"><span class='ocrx_word' id='word_1_1' title='bbox 244 513 324 563; x_wconf 70' lang='grc' dir='ltr'>ῖιΠ</span> <span class='ocrx_word' id='word_1_2' title='bbox 1371 511 1715 569; x_wconf 79' lang='lat' dir='ltr'><strong>COMMENT.</strong></span> <span class='ocrx_word' id='word_1_3' title='bbox 1751 516 1814 569; x_wconf 83' lang='lat' dir='ltr'><strong>IN</strong></span> 
     </span>
    </p>
   </div>
   <div class='ocr_carea' id='block_1_2' title="bbox 1921 511 3467 589">
    <p class='ocr_par' dir='ltr' id='par_1_2' title="bbox 1924 520 3467 589">
     <span class='ocr_line' id='line_1_2' title="bbox 1924 520 3467 589; baseline 0.011 -17"><span class='ocrx_word' id='word_1_4' title='bbox 1924 520 2029 573; x_wconf 80' lang='lat' dir='ltr'><strong>AN.</strong></span> <span class='ocrx_word' id='word_1_5' title='bbox 2074 520 2302 577; x_wconf 79' lang='lat' dir='ltr'><strong>TOMUS</strong></span> <span class='ocrx_word' id='word_1_6' title='bbox 2338 525 2404 581; x_wconf 81' lang='grc' dir='ltr'>Χ.</span> <span class='ocrx_word' id='word_1_7' title='bbox 3363 531 3467 589; x_wconf 73' lang='grc'><strong>518</strong></span> 
     </span>
    </p>
   </div>
   <div class='ocr_carea' id='block_1_3' title="bbox 258 597 1817 714">
    <p class='ocr_par' dir='ltr' id='par_1_3' title="bbox 258 597 1817 714">
     <span class='ocr_line' id='line_1_3' title="bbox 258 597 1817 714; baseline 0.016 -53"><span class='ocrx_word' id='word_1_8' title='bbox 258 621 315 697; x_wconf 41' lang='lat' dir='ltr'><strong>ﬁt,</strong></span> <span class='ocrx_word' id='word_1_9' title='bbox 356 626 460 694; x_wconf 47' lang='grc' dir='ltr'><strong>φ’δγ</strong></span> <span class='ocrx_word' id='word_1_10' title='bbox 498 616 527 667; x_wconf 82' lang='grc' dir='ltr'>ὁ</span> <span class='ocrx_word' id='word_1_11' title='bbox 570 597 629 714; x_wconf 37' lang='lat' dir='ltr'><strong>Ek</strong></span> <span class='ocrx_word' id='word_1_12' title='bbox 657 618 1096 714; x_wconf 53' lang='grc' dir='ltr'>πνεξυματικὸς</span> <span class='ocrx_word' id='word_1_13' title='bbox 1140 626 1444 696; x_wconf 78' lang='grc' dir='ltr'><strong>ἀνακρίνειν</strong></span> <span class='ocrx_word' id='word_1_14' title='bbox 1491 633 1682 697; x_wconf 86' lang='grc' dir='ltr'>πάντα,</span> <span class='ocrx_word' id='word_1_15' title='bbox 1714 652 1718 656; x_wconf 92' lang='grc'><strong>·</strong></span> <span class='ocrx_word' id='word_1_16' title='bbox 1745 637 1817 686; x_wconf 78' lang='grc' dir='ltr'><strong>κα⁴</strong></span> 
     </span>
    </p>
   </div>
   <div class='ocr_carea' id='block_1_4' title="bbox 1921 597 3464 714">
    <p class='ocr_par' dir='ltr' id='par_1_4' title="bbox 1937 633 3464 714">
     <span class='ocr_line' id='line_1_4' title="bbox 1937 633 3464 714; baseline 0.007 -24"><span class='ocrx_word' id='word_1_17' title='bbox 1937 639 2229 707; x_wconf 87' lang='lat' dir='ltr'><strong>dijudicare</strong></span> <span class='ocrx_word' id='word_1_18' title='bbox 2282 657 2468 709; x_wconf 85' lang='lat' dir='ltr'><strong>posse;</strong></span> <span class='ocrx_word' id='word_1_19' title='bbox 2530 647 2857 714; x_wconf 89' lang='lat' dir='ltr'><strong>spiritualem</strong></span> <span class='ocrx_word' id='word_1_20' title='bbox 2910 659 3037 699; x_wconf 84' lang='lat' dir='ltr'><strong>vero</strong></span> <span class='ocrx_word' id='word_1_21' title='bbox 3094 633 3268 699; x_wconf 83' lang='lat' dir='ltr'><strong>omnia</strong></span> <span class='ocrx_word' id='word_1_22' title='bbox 3325 648 3464 714; x_wconf 83' lang='lat' dir='ltr'><strong>diju-</strong></span> 
     </span>
    </p>
   </div>
   <div class='ocr_carea' id='block_1_5' title="bbox 271 693 1817 799">
    <p class='ocr_par' dir='ltr' id='par_1_5' title="bbox 271 693 1813 799">
     <span class='ocr_line' id='line_1_5' title="bbox 271 693 1813 799; baseline 0.028 -64"><span class='ocrx_word' id='word_1_23' title='bbox 271 693 344 767; x_wconf 44' lang='grc' dir='ltr'><strong>ἀπ.</strong></span> <span class='ocrx_word' id='word_1_24' title='bbox 362 710 543 799; x_wconf 44' lang='lat' dir='ltr'><strong>omam?</strong></span> <span class='ocrx_word' id='word_1_25' title='bbox 562 693 1034 799; x_wconf 43' lang='lat' dir='ltr'><strong>dvaxpfv-eaﬂat.</strong></span> <span class='ocrx_word' id='word_1_26' title='bbox 1068 715 1175 767; x_wconf 77' lang='grc' dir='ltr'><strong>Καὶ</strong></span> <span class='ocrx_word' id='word_1_27' title='bbox 1196 693 1292 767; x_wconf 35' lang='grc' dir='ltr'>τοῦ.</span> <span class='ocrx_word' id='word_1_28' title='bbox 1321 719 1416 787; x_wconf 88' lang='grc' dir='ltr'><strong>μὲν</strong></span> <span class='ocrx_word' id='word_1_29' title='bbox 1442 693 1698 789; x_wconf 87' lang='grc' dir='ltr'>σαρκικοῦ</span> <span class='ocrx_word' id='word_1_30' title='bbox 1730 728 1813 778; x_wconf 84' lang='grc' dir='ltr'><strong>είσ</strong></span> 
     </span>
    </p>
   </div>
   <div class='ocr_carea' id='block_1_6' title="bbox 1921 693 3463 799">
    <p class='ocr_par' dir='ltr' id='par_1_6' title="bbox 1939 693 3463 799">
     <span class='ocr_line' id='line_1_6' title="bbox 1986 693 3429 714; baseline 0.004 -12"><span class='ocrx_word' id='word_1_31' title='bbox 1986 693 2004 707; x_wconf 85' lang='grc'><strong>.</strong></span> <span class='ocrx_word' id='word_1_32' title='bbox 2213 693 2222 694; x_wconf 39' lang='grc' dir='ltr'><em>κ</em></span> <span class='ocrx_word' id='word_1_33' title='bbox 2530 693 2855 714; x_wconf 49' lang='grc' dir='ltr'><strong>Ἵππη---η</strong></span> <span class='ocrx_word' id='word_1_34' title='bbox 2922 693 3031 699; x_wconf 59' lang='grc' dir='ltr'>.-.τ</span> 
     </span>
     <span class='ocr_line' id='line_1_7' title="bbox 1939 728 3463 799; baseline 0.007 -21"><span class='ocrx_word' id='word_1_35' title='bbox 1939 728 2119 781; x_wconf 87' lang='lat' dir='ltr'><strong>dicare</strong></span> <span class='ocrx_word' id='word_1_36' title='bbox 2162 743 2351 794; x_wconf 85' lang='lat' dir='ltr'><strong>posse,</strong></span> <span class='ocrx_word' id='word_1_37' title='bbox 2382 738 2435 782; x_wconf 90' lang='lat' dir='ltr'><strong>et</strong></span> <span class='ocrx_word' id='word_1_38' title='bbox 2484 745 2512 782; x_wconf 92' lang='lat' dir='ltr'><strong>a</strong></span> <span class='ocrx_word' id='word_1_39' title='bbox 2553 734 2764 787; x_wconf 84' lang='lat' dir='ltr'><strong>nemine</strong></span> <span class='ocrx_word' id='word_1_40' title='bbox 2808 733 3034 799; x_wconf 77' lang='lat' dir='ltr'><strong>iudicari</strong></span> <span class='ocrx_word' id='word_1_41' title='bbox 3065 732 3129 786; x_wconf 77' lang='lat'><strong>&quot;.</strong></span> <span class='ocrx_word' id='word_1_42' title='bbox 3168 734 3231 786; x_wconf 86' lang='lat' dir='ltr'><strong>Et</strong></span> <span class='ocrx_word' id='word_1_43' title='bbox 3271 749 3463 789; x_wconf 87' lang='lat' dir='ltr'><strong>carna-</strong></span> 
     </span>
    </p>
   </div>
   <div class='ocr_carea' id='block_1_7' title="bbox 280 784 1830 882">
    <p class='ocr_par' dir='ltr' id='par_1_7' title="bbox 280 784 1830 882">
     <span class='ocr_line' id='line_1_8' title="bbox 280 784 1830 882; baseline 0.014 -38"><span class='ocrx_word' id='word_1_44' title='bbox 280 804 440 869; x_wconf 67' lang='grc' dir='ltr'>φωναῑι</span> <span class='ocrx_word' id='word_1_45' title='bbox 471 819 490 850; x_wconf 75' lang='grc' dir='ltr'><strong>ι</strong></span> <span class='ocrx_word' id='word_1_46' title='bbox 517 787 586 846; x_wconf 68' lang='grc' dir='ltr'><strong>Οὔ</strong></span> <span class='ocrx_word' id='word_1_47' title='bbox 612 784 1003 882; x_wconf 45' lang='grc' dir='ltr'><strong>γὰρ-ὃθέλω,</strong></span> <span class='ocrx_word' id='word_1_48' title='bbox 1033 803 1189 855; x_wconf 86' lang='grc' dir='ltr'>τοῦτο</span> <span class='ocrx_word' id='word_1_49' title='bbox 1218 784 1459 875; x_wconf 77' lang='grc' dir='ltr'>πράσσω,</span> <span class='ocrx_word' id='word_1_50' title='bbox 1481 784 1591 862; x_wconf 84' lang='grc' dir='ltr'>ἀλλ’</span> <span class='ocrx_word' id='word_1_51' title='bbox 1611 811 1639 862; x_wconf 86' lang='grc' dir='ltr'><strong>ὃ</strong></span> <span class='ocrx_word' id='word_1_52' title='bbox 1672 814 1830 882; x_wconf 82' lang='grc' dir='ltr'><strong>μισῶ,</strong></span> 
     </span>
    </p>
   </div>
   <div class='ocr_carea' id='block_1_8' title="bbox 282 876 1829 970">
    <p class='ocr_par' dir='ltr' id='par_1_8' title="bbox 282 876 1829 970">
     <span class='ocr_line' id='line_1_9' title="bbox 282 876 1829 970; baseline 0.009 -29"><span class='ocrx_word' id='word_1_53' title='bbox 282 890 423 941; x_wconf 76' lang='grc' dir='ltr'>τοῦτο</span> <span class='ocrx_word' id='word_1_54' title='bbox 446 883 578 939; x_wconf 76' lang='grc' dir='ltr'>ποιῶο</span> <span class='ocrx_word' id='word_1_55' title='bbox 609 894 626 925; x_wconf 77' lang='grc' dir='ltr'><strong>ι</strong></span> <span class='ocrx_word' id='word_1_56' title='bbox 654 876 758 929; x_wconf 77' lang='grc' dir='ltr'>τοῦ</span> <span class='ocrx_word' id='word_1_57' title='bbox 793 881 861 936; x_wconf 84' lang='grc' dir='ltr'>δὲ</span> <span class='ocrx_word' id='word_1_58' title='bbox 903 894 1305 960; x_wconf 80' lang='grc' dir='ltr'><strong>πνευματικοῦ·</strong></span> <span class='ocrx_word' id='word_1_59' title='bbox 1336 898 1399 948; x_wconf 87' lang='grc' dir='ltr'><strong>Ὃ</strong></span> <span class='ocrx_word' id='word_1_60' title='bbox 1426 898 1559 950; x_wconf 87' lang='grc' dir='ltr'>θέλω</span> <span class='ocrx_word' id='word_1_61' title='bbox 1591 876 1829 970; x_wconf 76' lang='grc' dir='ltr'>πράσσω,</span> 
     </span>
    </p>
   </div>
   <div class='ocr_carea' id='block_1_9' title="bbox 288 970 1829 1060">
    <p class='ocr_par' dir='ltr' id='par_1_9' title="bbox 288 970 1829 1060">
     <span class='ocr_line' id='line_1_10' title="bbox 288 970 1829 1060; baseline 0.008 -30"><span class='ocrx_word' id='word_1_62' title='bbox 288 980 374 1030; x_wconf 66' lang='grc' dir='ltr'><strong>καὶ</strong></span> <span class='ocrx_word' id='word_1_63' title='bbox 393 979 420 1030; x_wconf 79' lang='grc' dir='ltr'><strong>δ</strong></span> <span class='ocrx_word' id='word_1_64' title='bbox 451 974 575 1050; x_wconf 80' lang='grc' dir='ltr'>μισῶ</span> <span class='ocrx_word' id='word_1_65' title='bbox 597 970 649 1023; x_wconf 78' lang='grc' dir='ltr'>οὺ</span> <span class='ocrx_word' id='word_1_66' title='bbox 676 974 854 1030; x_wconf 80' lang='grc' dir='ltr'>ποιῶ.</span> <span class='ocrx_word' id='word_1_67' title='bbox 890 980 1059 1033; x_wconf 80' lang='grc' dir='ltr'><strong>Ἀλλά</strong></span> <span class='ocrx_word' id='word_1_68' title='bbox 1078 984 1170 1035; x_wconf 77' lang='grc' dir='ltr'><strong>καὶ</strong></span> <span class='ocrx_word' id='word_1_69' title='bbox 1194 986 1223 1036; x_wconf 86' lang='grc' dir='ltr'><strong>ό</strong></span> <span class='ocrx_word' id='word_1_70' title='bbox 1248 978 1511 1055; x_wconf 75' lang='grc' dir='ltr'>ἁρπαγεὶς</span> <span class='ocrx_word' id='word_1_71' title='bbox 1536 989 1637 1052; x_wconf 75' lang='grc' dir='ltr'>ἕως</span> <span class='ocrx_word' id='word_1_72' title='bbox 1654 991 1829 1060; x_wconf 82' lang='grc' dir='ltr'><strong>τρίτου</strong></span> 
     </span>
    </p>
   </div>
   <div class='ocr_carea' id='block_1_10' title="bbox 288 1063 1829 1150">
    <p class='ocr_par' dir='ltr' id='par_1_10' title="bbox 288 1063 1829 1150">
     <span class='ocr_line' id='line_1_11' title="bbox 288 1063 1829 1150; baseline 0.008 -28"><span class='ocrx_word' id='word_1_73' title='bbox 288 1070 521 1139; x_wconf 80' lang='grc' dir='ltr'>οὐρανοῦ,</span> <span class='ocrx_word' id='word_1_74' title='bbox 552 1065 635 1120; x_wconf 69' lang='grc' dir='ltr'>καὶ</span> <span class='ocrx_word' id='word_1_75' title='bbox 664 1063 925 1132; x_wconf 78' lang='grc' dir='ltr'>ἀκούσας</span> <span class='ocrx_word' id='word_1_76' title='bbox 954 1072 1165 1142; x_wconf 68' lang='grc' dir='ltr'>ἄρρητα</span> <span class='ocrx_word' id='word_1_77' title='bbox 1192 1076 1426 1144; x_wconf 78' lang='grc' dir='ltr'>ῥήματα,</span> <span class='ocrx_word' id='word_1_78' title='bbox 1445 1078 1624 1150; x_wconf 72' lang='grc' dir='ltr'>ἕτερος</span> <span class='ocrx_word' id='word_1_79' title='bbox 1638 1077 1704 1150; x_wconf 84' lang='grc' dir='ltr'><strong>ἦν</strong></span> <span class='ocrx_word' id='word_1_80' title='bbox 1728 1098 1829 1134; x_wconf 87' lang='grc' dir='ltr'>πα-</span> 
     </span>
    </p>
   </div>
   <div class='ocr_carea' id='block_1_11' title="bbox 293 1157 1825 1240">
    <p class='ocr_par' dir='ltr' id='par_1_11' title="bbox 293 1157 1825 1240">
     <span class='ocr_line' id='line_1_12' title="bbox 293 1157 1825 1240; baseline 0.01 -32"><span class='ocrx_word' id='word_1_81' title='bbox 293 1159 359 1228; x_wconf 75' lang='grc' dir='ltr'>ρὰ</span> <span class='ocrx_word' id='word_1_82' title='bbox 401 1159 487 1210; x_wconf 77' lang='grc' dir='ltr'>τὸν</span> <span class='ocrx_word' id='word_1_83' title='bbox 526 1157 751 1224; x_wconf 78' lang='grc' dir='ltr'>λέγοντα·</span> <span class='ocrx_word' id='word_1_84' title='bbox 796 1175 818 1206; x_wconf 75' lang='grc' dir='ltr'>ί</span> <span class='ocrx_word' id='word_1_85' title='bbox 866 1159 1010 1229; x_wconf 76' lang='grc' dir='ltr'><strong>Περὶ</strong></span> <span class='ocrx_word' id='word_1_86' title='bbox 1060 1161 1151 1213; x_wconf 87' lang='grc' dir='ltr'><strong>τοῦ</strong></span> <span class='ocrx_word' id='word_1_87' title='bbox 1202 1164 1436 1217; x_wconf 84' lang='grc' dir='ltr'>τοιούτου</span> <span class='ocrx_word' id='word_1_88' title='bbox 1470 1170 1825 1240; x_wconf 79' lang='grc' dir='ltr'><strong>καυχήσομαι,</strong></span> 
     </span>
    </p>
   </div>
   <div class='ocr_carea' id='block_1_12' title="bbox 289 1240 1828 1321">
    <p class='ocr_par' dir='ltr' id='par_1_12' title="bbox 289 1240 1828 1321">
     <span class='ocr_line' id='line_1_13' title="bbox 289 1240 1828 1321; baseline 0.01 -26"><span class='ocrx_word' id='word_1_89' title='bbox 289 1243 425 1313; x_wconf 69' lang='grc' dir='ltr'>ὑπὲρ</span> <span class='ocrx_word' id='word_1_90' title='bbox 451 1243 504 1294; x_wconf 85' lang='grc' dir='ltr'>δὲ</span> <span class='ocrx_word' id='word_1_91' title='bbox 548 1240 775 1311; x_wconf 74' lang='grc' dir='ltr'>ἐμαυτοῦ</span> <span class='ocrx_word' id='word_1_92' title='bbox 822 1245 888 1296; x_wconf 80' lang='grc' dir='ltr'>οὐ</span> <span class='ocrx_word' id='word_1_93' title='bbox 924 1250 1283 1320; x_wconf 77' lang='grc' dir='ltr'><strong>καυχήσομαι.</strong></span> <span class='ocrx_word' id='word_1_94' title='bbox 1335 1271 1353 1301; x_wconf 76' lang='grc' dir='ltr'><strong>ι</strong></span> <span class='ocrx_word' id='word_1_95' title='bbox 1391 1254 1451 1306; x_wconf 78' lang='grc' dir='ltr'><strong>Εἰ</strong></span> <span class='ocrx_word' id='word_1_96' title='bbox 1489 1254 1545 1306; x_wconf 90' lang='grc' dir='ltr'>δὲ</span> <span class='ocrx_word' id='word_1_97' title='bbox 1589 1257 1679 1308; x_wconf 71' lang='grc' dir='ltr'><strong>καὶ</strong></span> <span class='ocrx_word' id='word_1_98' title='bbox 1720 1260 1828 1321; x_wconf 82' lang='grc' dir='ltr'>τοῖς</span> 
     </span>
    </p>
   </div>
   <div class='ocr_carea' id='block_1_13' title="bbox 300 1331 1823 1418">
    <p class='ocr_par' dir='ltr' id='par_1_13' title="bbox 300 1331 1823 1418">
     <span class='ocr_line' id='line_1_14' title="bbox 300 1331 1823 1418; baseline 0.012 -36"><span class='ocrx_word' id='word_1_99' title='bbox 300 1331 559 1394; x_wconf 73' lang='grc' dir='ltr'><strong>Ἰουδαίοις</strong></span> <span class='ocrx_word' id='word_1_100' title='bbox 580 1332 650 1394; x_wconf 82' lang='grc' dir='ltr'>ὡς</span> <span class='ocrx_word' id='word_1_101' title='bbox 692 1332 952 1398; x_wconf 83' lang='grc' dir='ltr'>Ἰουδαῖος</span> <span class='ocrx_word' id='word_1_102' title='bbox 988 1338 1209 1404; x_wconf 87' lang='grc' dir='ltr'>γίνεται,</span> <span class='ocrx_word' id='word_1_103' title='bbox 1252 1342 1336 1393; x_wconf 82' lang='grc' dir='ltr'><strong>ἵνα</strong></span> <span class='ocrx_word' id='word_1_104' title='bbox 1383 1344 1662 1408; x_wconf 83' lang='grc' dir='ltr'>Ἰουδαίους</span> <span class='ocrx_word' id='word_1_105' title='bbox 1695 1364 1823 1418; x_wconf 87' lang='grc' dir='ltr'>κερ-</span> 
     </span>
    </p>
   </div>
   <div class='ocr_carea' id='block_1_14' title="bbox 1937 814 3457 891">
    <p class='ocr_par' dir='ltr' id='par_1_14' title="bbox 1937 814 3457 891">
     <span class='ocr_line' id='line_1_15' title="bbox 1937 814 3457 891; baseline 0.007 -26"><span class='ocrx_word' id='word_1_106' title='bbox 1937 814 2003 867; x_wconf 90' lang='lat' dir='ltr'><strong>lis</strong></span> <span class='ocrx_word' id='word_1_107' title='bbox 2026 816 2234 881; x_wconf 78' lang='lat' dir='ltr'><strong>quidem</strong></span> <span class='ocrx_word' id='word_1_108' title='bbox 2266 817 2344 870; x_wconf 75' lang='lat' dir='ltr'><strong>lia:</strong></span> <span class='ocrx_word' id='word_1_109' title='bbox 2368 830 2492 872; x_wconf 92' lang='lat' dir='ltr'><strong>sunt</strong></span> <span class='ocrx_word' id='word_1_110' title='bbox 2516 835 2705 874; x_wconf 87' lang='lat' dir='ltr'><strong>voces:</strong></span> <span class='ocrx_word' id='word_1_111' title='bbox 2762 840 2780 871; x_wconf 78' lang='grc' dir='ltr'><strong>ι</strong></span> <span class='ocrx_word' id='word_1_112' title='bbox 2817 821 2928 874; x_wconf 84' lang='grc' dir='ltr'>Νοη</span> <span class='ocrx_word' id='word_1_113' title='bbox 2966 822 3105 875; x_wconf 89' lang='lat' dir='ltr'><strong>enim</strong></span> <span class='ocrx_word' id='word_1_114' title='bbox 3145 824 3283 891; x_wconf 92' lang='lat' dir='ltr'><strong>quod</strong></span> <span class='ocrx_word' id='word_1_115' title='bbox 3317 825 3457 887; x_wconf 86' lang='lat' dir='ltr'><strong>volo,</strong></span> 
     </span>
    </p>
   </div>
   <div class='ocr_carea' id='block_1_15' title="bbox 1938 900 3462 979">
    <p class='ocr_par' dir='ltr' id='par_1_15' title="bbox 1938 900 3462 979">
     <span class='ocr_line' id='line_1_16' title="bbox 1938 900 3462 979; baseline 0.009 -28"><span class='ocrx_word' id='word_1_116' title='bbox 1938 900 2038 953; x_wconf 89' lang='lat' dir='ltr'><strong>hoc</strong></span> <span class='ocrx_word' id='word_1_117' title='bbox 2069 902 2226 966; x_wconf 89' lang='lat' dir='ltr'><strong>facio,</strong></span> <span class='ocrx_word' id='word_1_118' title='bbox 2260 905 2351 955; x_wconf 91' lang='lat' dir='ltr'><strong>sed</strong></span> <span class='ocrx_word' id='word_1_119' title='bbox 2379 907 2520 970; x_wconf 88' lang='lat' dir='ltr'><strong>quod</strong></span> <span class='ocrx_word' id='word_1_120' title='bbox 2547 907 2665 969; x_wconf 88' lang='lat' dir='ltr'><strong>odi,</strong></span> <span class='ocrx_word' id='word_1_121' title='bbox 2699 906 2799 959; x_wconf 85' lang='lat' dir='ltr'><strong>hoc</strong></span> <span class='ocrx_word' id='word_1_122' title='bbox 2840 906 2978 961; x_wconf 88' lang='lat' dir='ltr'><strong>facio</strong></span> <span class='ocrx_word' id='word_1_123' title='bbox 3000 909 3078 972; x_wconf 86' lang='grc'><strong>⁸¹;</strong></span> <span class='ocrx_word' id='word_1_124' title='bbox 3118 928 3136 961; x_wconf 73' lang='grc' dir='ltr'><strong>ι</strong></span> <span class='ocrx_word' id='word_1_125' title='bbox 3173 912 3462 979; x_wconf 87' lang='lat' dir='ltr'><strong>spiritualis</strong></span> 
     </span>
    </p>
   </div>
   <div class='ocr_carea' id='block_1_16' title="bbox 1933 990 3456 1062">
    <p class='ocr_par' dir='ltr' id='par_1_16' title="bbox 1933 990 3456 1062">
     <span class='ocr_line' id='line_1_17' title="bbox 1933 990 3456 1062; baseline 0.009 -23"><span class='ocrx_word' id='word_1_126' title='bbox 1933 1003 2093 1042; x_wconf 92' lang='lat' dir='ltr'><strong>vero:</strong></span> <span class='ocrx_word' id='word_1_127' title='bbox 2126 990 2274 1054; x_wconf 87' lang='lat' dir='ltr'><strong>Quod</strong></span> <span class='ocrx_word' id='word_1_128' title='bbox 2309 992 2448 1055; x_wconf 84' lang='lat' dir='ltr'><strong>volo,</strong></span> <span class='ocrx_word' id='word_1_129' title='bbox 2477 993 2574 1046; x_wconf 91' lang='lat' dir='ltr'><strong>hoc</strong></span> <span class='ocrx_word' id='word_1_130' title='bbox 2604 994 2761 1055; x_wconf 88' lang='lat' dir='ltr'><strong>facio,</strong></span> <span class='ocrx_word' id='word_1_131' title='bbox 2787 1002 2838 1046; x_wconf 90' lang='lat' dir='ltr'><strong>et</strong></span> <span class='ocrx_word' id='word_1_132' title='bbox 2862 997 2999 1062; x_wconf 90' lang='lat' dir='ltr'><strong>quod</strong></span> <span class='ocrx_word' id='word_1_133' title='bbox 3028 997 3134 1061; x_wconf 90' lang='lat' dir='ltr'><strong>odi,</strong></span> <span class='ocrx_word' id='word_1_134' title='bbox 3171 1014 3270 1052; x_wconf 89' lang='lat' dir='ltr'><strong>non</strong></span> <span class='ocrx_word' id='word_1_135' title='bbox 3301 998 3456 1054; x_wconf 88' lang='lat' dir='ltr'><strong>facio.</strong></span> 
     </span>
    </p>
   </div>
   <div class='ocr_carea' id='block_1_17' title="bbox 1933 1076 3453 1150">
    <p class='ocr_par' dir='ltr' id='par_1_17' title="bbox 1933 1076 3453 1150">
     <span class='ocr_line' id='line_1_18' title="bbox 1933 1076 3453 1150; baseline 0.01 -22"><span class='ocrx_word' id='word_1_136' title='bbox 1933 1076 2069 1142; x_wconf 83' lang='lat' dir='ltr'><strong>Quin</strong></span> <span class='ocrx_word' id='word_1_137' title='bbox 2116 1079 2278 1131; x_wconf 89' lang='lat' dir='ltr'><strong>.etiam</strong></span> <span class='ocrx_word' id='word_1_138' title='bbox 2325 1082 2412 1147; x_wconf 87' lang='lat' dir='ltr'><strong>qui</strong></span> <span class='ocrx_word' id='word_1_139' title='bbox 2463 1092 2642 1149; x_wconf 85' lang='lat' dir='ltr'><strong>raptus</strong></span> <span class='ocrx_word' id='word_1_140' title='bbox 2696 1083 2978 1150; x_wconf 88' lang='lat' dir='ltr'><strong>fuitusque</strong></span> <span class='ocrx_word' id='word_1_141' title='bbox 3000 1086 3063 1137; x_wconf 90' lang='lat' dir='ltr'><strong>ad</strong></span> <span class='ocrx_word' id='word_1_142' title='bbox 3102 1087 3313 1139; x_wconf 89' lang='lat' dir='ltr'><strong>tertium</strong></span> <span class='ocrx_word' id='word_1_143' title='bbox 3342 1104 3453 1142; x_wconf 73' lang='lat' dir='ltr'><strong>cm-</strong></span> 
     </span>
    </p>
   </div>
   <div class='ocr_carea' id='block_1_18' title="bbox 1932 1167 3453 1239">
    <p class='ocr_par' dir='ltr' id='par_1_18' title="bbox 1932 1167 3453 1239">
     <span class='ocr_line' id='line_1_19' title="bbox 1932 1167 3453 1239; baseline 0.008 -20"><span class='ocrx_word' id='word_1_144' title='bbox 1932 1167 2061 1233; x_wconf 90' lang='lat' dir='ltr'><strong>lum,</strong></span> <span class='ocrx_word' id='word_1_145' title='bbox 2090 1178 2142 1222; x_wconf 91' lang='lat' dir='ltr'><strong>et</strong></span> <span class='ocrx_word' id='word_1_146' title='bbox 2175 1170 2374 1223; x_wconf 87' lang='lat' dir='ltr'><strong>audivit</strong></span> <span class='ocrx_word' id='word_1_147' title='bbox 2399 1187 2593 1225; x_wconf 84' lang='lat' dir='ltr'><strong>arcana</strong></span> <span class='ocrx_word' id='word_1_148' title='bbox 2625 1173 2781 1226; x_wconf 88' lang='lat' dir='ltr'><strong>verba</strong></span> <span class='ocrx_word' id='word_1_149' title='bbox 2796 1174 2862 1239; x_wconf 78' lang='lat'><strong>°&#39;,</strong></span> <span class='ocrx_word' id='word_1_150' title='bbox 2899 1175 3138 1228; x_wconf 88' lang='lat' dir='ltr'><strong>diversus</strong></span> <span class='ocrx_word' id='word_1_151' title='bbox 3163 1179 3364 1231; x_wconf 89' lang='lat' dir='ltr'><strong>eratab</strong></span> <span class='ocrx_word' id='word_1_152' title='bbox 3389 1193 3453 1231; x_wconf 93' lang='lat' dir='ltr'><strong>eo</strong></span> 
     </span>
    </p>
   </div>
   <div class='ocr_carea' id='block_1_19' title="bbox 1930 1259 3457 1332">
    <p class='ocr_par' dir='ltr' id='par_1_19' title="bbox 1930 1259 3457 1332">
     <span class='ocr_line' id='line_1_20' title="bbox 1930 1259 3457 1332; baseline 0.006 -20"><span class='ocrx_word' id='word_1_153' title='bbox 1930 1259 2019 1326; x_wconf 89' lang='lat' dir='ltr'><strong>qui</strong></span> <span class='ocrx_word' id='word_1_154' title='bbox 2056 1259 2300 1312; x_wconf 88' lang='lat' dir='ltr'><strong>dicebat:</strong></span> <span class='ocrx_word' id='word_1_155' title='bbox 2342 1278 2359 1309; x_wconf 76' lang='grc' dir='ltr'><strong>ι</strong></span> <span class='ocrx_word' id='word_1_156' title='bbox 2395 1260 2497 1313; x_wconf 87' lang='lat' dir='ltr'><strong>Pro</strong></span> <span class='ocrx_word' id='word_1_157' title='bbox 2525 1264 2622 1314; x_wconf 90' lang='lat' dir='ltr'><strong>hac</strong></span> <span class='ocrx_word' id='word_1_158' title='bbox 2676 1278 2732 1316; x_wconf 92' lang='lat' dir='ltr'><strong>re</strong></span> <span class='ocrx_word' id='word_1_159' title='bbox 2761 1263 3062 1331; x_wconf 80' lang='lat' dir='ltr'><strong>gloriabor,</strong></span> <span class='ocrx_word' id='word_1_160' title='bbox 3105 1278 3198 1329; x_wconf 90' lang='lat' dir='ltr'><strong>pro</strong></span> <span class='ocrx_word' id='word_1_161' title='bbox 3233 1280 3315 1317; x_wconf 93' lang='lat' dir='ltr'><strong>me</strong></span> <span class='ocrx_word' id='word_1_162' title='bbox 3343 1265 3457 1332; x_wconf 85' lang='lat' dir='ltr'><strong>ipso</strong></span> 
     </span>
    </p>
   </div>
   <div class='ocr_carea' id='block_1_20' title="bbox 1929 1348 3459 1417">
    <p class='ocr_par' dir='ltr' id='par_1_20' title="bbox 1929 1348 3459 1417">
     <span class='ocr_line' id='line_1_21' title="bbox 1929 1348 3459 1417; baseline 0.008 -18"><span class='ocrx_word' id='word_1_163' title='bbox 1929 1356 2104 1401; x_wconf 85' lang='lat' dir='ltr'><strong>autem</strong></span> <span class='ocrx_word' id='word_1_164' title='bbox 2138 1363 2240 1401; x_wconf 90' lang='lat' dir='ltr'><strong>non</strong></span> <span class='ocrx_word' id='word_1_165' title='bbox 2271 1348 2535 1417; x_wconf 80' lang='lat' dir='ltr'><strong>gloriabor</strong></span> <span class='ocrx_word' id='word_1_166' title='bbox 2550 1351 2615 1404; x_wconf 82' lang='grc'><strong>⁸³.</strong></span> <span class='ocrx_word' id='word_1_167' title='bbox 2642 1370 2661 1403; x_wconf 74' lang='grc' dir='ltr'><strong>ι</strong></span> <span class='ocrx_word' id='word_1_168' title='bbox 2683 1352 2776 1404; x_wconf 85' lang='lat' dir='ltr'><strong>Sin</strong></span> <span class='ocrx_word' id='word_1_169' title='bbox 2813 1367 2938 1406; x_wconf 87' lang='lat' dir='ltr'><strong>vero</strong></span> <span class='ocrx_word' id='word_1_170' title='bbox 2967 1354 3124 1405; x_wconf 83' lang='lat' dir='ltr'><strong>etiam</strong></span> <span class='ocrx_word' id='word_1_171' title='bbox 3147 1353 3344 1408; x_wconf 72' lang='lat' dir='ltr'><strong>Judzeis</strong></span> <span class='ocrx_word' id='word_1_172' title='bbox 3389 1357 3459 1411; x_wconf 84' lang='lat' dir='ltr'><strong>sit</strong></span> 
     </span>
    </p>
   </div>
   <div class='ocr_carea' id='block_1_21' title="bbox 282 1417 1817 1509">
    <p class='ocr_par' dir='ltr' id='par_1_21' title="bbox 282 1417 1817 1509">
     <span class='ocr_line' id='line_1_22' title="bbox 282 1417 1817 1509; baseline 0.001 -24"><span class='ocrx_word' id='word_1_173' title='bbox 282 1417 563 1509; x_wconf 51' lang='lat' dir='ltr'><strong>§ll?!l&#39;_xa1</strong></span> <span class='ocrx_word' id='word_1_174' title='bbox 589 1421 703 1509; x_wconf 24' lang='grc' dir='ltr'>τοῖς,</span> <span class='ocrx_word' id='word_1_175' title='bbox 729 1420 840 1509; x_wconf 52' lang='grc' dir='ltr'><strong>βπδ</strong></span> <span class='ocrx_word' id='word_1_176' title='bbox 882 1423 1066 1492; x_wconf 84' lang='grc' dir='ltr'>νόμον,</span> <span class='ocrx_word' id='word_1_177' title='bbox 1109 1425 1183 1489; x_wconf 84' lang='grc' dir='ltr'>ὡς</span> <span class='ocrx_word' id='word_1_178' title='bbox 1219 1427 1321 1479; x_wconf 84' lang='grc' dir='ltr'><strong>ὑπὸ</strong></span> <span class='ocrx_word' id='word_1_179' title='bbox 1366 1429 1543 1498; x_wconf 90' lang='grc' dir='ltr'>νόμον,</span> <span class='ocrx_word' id='word_1_180' title='bbox 1573 1432 1658 1485; x_wconf 75' lang='grc' dir='ltr'><strong>ἵνα</strong></span> <span class='ocrx_word' id='word_1_181' title='bbox 1700 1417 1817 1498; x_wconf 78' lang='grc' dir='ltr'>τοῦς</span> 
     </span>
    </p>
   </div>
   <div class='ocr_carea' id='block_1_22' title="bbox 1921 1417 3458 1509">
    <p class='ocr_par' dir='ltr' id='par_1_22' title="bbox 1926 1435 3458 1509">
     <span class='ocr_line' id='line_1_23' title="bbox 1926 1435 3458 1509; baseline 0.007 -23"><span class='ocrx_word' id='word_1_182' title='bbox 1926 1438 2079 1503; x_wconf 90' lang='lat' dir='ltr'><strong>quasi</strong></span> <span class='ocrx_word' id='word_1_183' title='bbox 2107 1435 2337 1501; x_wconf 67' lang='lat' dir='ltr'><strong>Judazus,</strong></span> <span class='ocrx_word' id='word_1_184' title='bbox 2366 1449 2420 1490; x_wconf 91' lang='lat' dir='ltr'><strong>ut</strong></span> <span class='ocrx_word' id='word_1_185' title='bbox 2446 1437 2653 1492; x_wconf 73' lang='lat' dir='ltr'><strong>Judwos</strong></span> <span class='ocrx_word' id='word_1_186' title='bbox 2679 1439 3009 1504; x_wconf 78' lang='lat' dir='ltr'><strong>lucrifaciat;</strong></span> <span class='ocrx_word' id='word_1_187' title='bbox 3038 1452 3093 1494; x_wconf 91' lang='lat' dir='ltr'><strong>et</strong></span> <span class='ocrx_word' id='word_1_188' title='bbox 3125 1442 3206 1495; x_wconf 90' lang='lat' dir='ltr'><strong>bis</strong></span> <span class='ocrx_word' id='word_1_189' title='bbox 3238 1443 3324 1509; x_wconf 87' lang='lat' dir='ltr'><strong>qui</strong></span> <span class='ocrx_word' id='word_1_190' title='bbox 3360 1446 3458 1497; x_wconf 89' lang='lat' dir='ltr'><strong>sub</strong></span> 
     </span>
    </p>
   </div>
   <div class='ocr_carea' id='block_1_23' title="bbox 282 1503 1817 1598">
    <p class='ocr_par' dir='ltr' id='par_1_23' title="bbox 282 1503 1817 1598">
     <span class='ocr_line' id='line_1_24' title="bbox 282 1503 1817 1598; baseline 0.012 -42"><span class='ocrx_word' id='word_1_191' title='bbox 282 1503 568 1598; x_wconf 27' lang='grc' dir='ltr'>ὑπὸῄνόμον</span> <span class='ocrx_word' id='word_1_192' title='bbox 588 1506 822 1598; x_wconf 79' lang='grc' dir='ltr'>κερδήσῃ</span> <span class='ocrx_word' id='word_1_193' title='bbox 842 1509 991 1598; x_wconf 46' lang='grc'><strong>(84)·</strong></span> <span class='ocrx_word' id='word_1_194' title='bbox 1021 1514 1132 1575; x_wconf 83' lang='grc' dir='ltr'>τοῖς</span> <span class='ocrx_word' id='word_1_195' title='bbox 1155 1530 1215 1566; x_wconf 89' lang='grc' dir='ltr'><strong>τε</strong></span> <span class='ocrx_word' id='word_1_196' title='bbox 1248 1516 1485 1584; x_wconf 85' lang='grc' dir='ltr'><strong>ἀνόμοις,</strong></span> <span class='ocrx_word' id='word_1_197' title='bbox 1510 1520 1583 1582; x_wconf 86' lang='grc' dir='ltr'>ὡς</span> <span class='ocrx_word' id='word_1_198' title='bbox 1606 1522 1817 1591; x_wconf 82' lang='grc' dir='ltr'>ἄνομος,</span> 
     </span>
    </p>
   </div>
   <div class='ocr_carea' id='block_1_24' title="bbox 1921 1503 3535 1598">
    <p class='ocr_par' dir='ltr' id='par_1_24' title="bbox 1926 1524 3535 1598">
     <span class='ocr_line' id='line_1_25' title="bbox 1926 1524 3535 1598; baseline 0.006 -21"><span class='ocrx_word' id='word_1_199' title='bbox 1926 1524 2042 1592; x_wconf 82' lang='lat' dir='ltr'><strong>lege</strong></span> <span class='ocrx_word' id='word_1_200' title='bbox 2066 1535 2243 1587; x_wconf 86' lang='lat' dir='ltr'><strong>erant,</strong></span> <span class='ocrx_word' id='word_1_201' title='bbox 2285 1537 2532 1595; x_wconf 88' lang='lat' dir='ltr'><strong>tanquam</strong></span> <span class='ocrx_word' id='word_1_202' title='bbox 2562 1529 2660 1581; x_wconf 87' lang='lat' dir='ltr'><strong>sub</strong></span> <span class='ocrx_word' id='word_1_203' title='bbox 2690 1530 2805 1596; x_wconf 80' lang='lat' dir='ltr'><strong>lege</strong></span> <span class='ocrx_word' id='word_1_204' title='bbox 2835 1541 2996 1592; x_wconf 88' lang='lat' dir='ltr'><strong>esset,</strong></span> <span class='ocrx_word' id='word_1_205' title='bbox 3032 1542 3086 1583; x_wconf 90' lang='lat' dir='ltr'><strong>ut</strong></span> <span class='ocrx_word' id='word_1_206' title='bbox 3111 1545 3204 1584; x_wconf 89' lang='lat' dir='ltr'><strong>eos</strong></span> <span class='ocrx_word' id='word_1_207' title='bbox 3227 1533 3316 1598; x_wconf 89' lang='lat' dir='ltr'><strong>qui</strong></span> <span class='ocrx_word' id='word_1_208' title='bbox 3359 1535 3458 1586; x_wconf 83' lang='lat' dir='ltr'><strong>sub</strong></span> <span class='ocrx_word' id='word_1_209' title='bbox 3525 1528 3535 1536; x_wconf 84' lang='grc'><em>’</em></span> 
     </span>
    </p>
   </div>
   <div class='ocr_carea' id='block_1_25' title="bbox 282 1592 1817 1692">
    <p class='ocr_par' dir='ltr' id='par_1_25' title="bbox 282 1592 1817 1692">
     <span class='ocr_line' id='line_1_26' title="bbox 282 1592 1817 1692; baseline 0.011 -47"><span class='ocrx_word' id='word_1_210' title='bbox 390 1592 467 1645; x_wconf 83' lang='grc' dir='ltr'>ὢν</span> <span class='ocrx_word' id='word_1_211' title='bbox 732 1596 889 1664; x_wconf 87' lang='grc' dir='ltr'>Θεοῦ,</span> <span class='ocrx_word' id='word_1_212' title='bbox 922 1598 1034 1651; x_wconf 84' lang='grc' dir='ltr'>ἀλλ’</span> <span class='ocrx_word' id='word_1_213' title='bbox 1063 1600 1279 1671; x_wconf 76' lang='grc' dir='ltr'>ἔννομος</span> <span class='ocrx_word' id='word_1_214' title='bbox 1307 1606 1555 1671; x_wconf 84' lang='grc' dir='ltr'><strong>Χριστοῦ,</strong></span> <span class='ocrx_word' id='word_1_215' title='bbox 1590 1609 1673 1660; x_wconf 78' lang='grc' dir='ltr'>ἵνα</span> <span class='ocrx_word' id='word_1_216' title='bbox 1698 1627 1817 1681; x_wconf 87' lang='grc' dir='ltr'>κερ-</span> 
     </span>
    </p>
   </div>
   <div class='ocr_carea' id='block_1_26' title="bbox 1921 1592 3457 1692">
    <p class='ocr_par' dir='ltr' id='par_1_26' title="bbox 1924 1598 3457 1686">
     <span class='ocr_line' id='line_1_27' title="bbox 1924 1598 3457 1686; baseline 0.004 -21"><span class='ocrx_word' id='word_1_217' title='bbox 1924 1611 2039 1680; x_wconf 83' lang='lat' dir='ltr'><strong>lege</strong></span> <span class='ocrx_word' id='word_1_218' title='bbox 2090 1624 2265 1678; x_wconf 84' lang='lat' dir='ltr'><strong>erant,</strong></span> <span class='ocrx_word' id='word_1_219' title='bbox 2326 1615 2762 1680; x_wconf 69' lang='lat' dir='ltr'><strong>Iucrifaccret”;</strong></span> <span class='ocrx_word' id='word_1_220' title='bbox 2821 1626 2873 1670; x_wconf 91' lang='lat' dir='ltr'><strong>et</strong></span> <span class='ocrx_word' id='word_1_221' title='bbox 2921 1618 3005 1671; x_wconf 91' lang='lat' dir='ltr'><strong>his</strong></span> <span class='ocrx_word' id='word_1_222' title='bbox 3054 1598 3143 1685; x_wconf 86' lang='lat' dir='ltr'><strong>qui</strong></span> <span class='ocrx_word' id='word_1_223' title='bbox 3187 1619 3305 1671; x_wconf 90' lang='lat' dir='ltr'><strong>sine</strong></span> <span class='ocrx_word' id='word_1_224' title='bbox 3342 1617 3457 1686; x_wconf 82' lang='lat' dir='ltr'><strong>lege</strong></span> 
     </span>
    </p>
   </div>
   <div class='ocr_carea' id='block_1_27' title="bbox 276 1681 1817 1774">
    <p class='ocr_par' dir='ltr' id='par_1_27' title="bbox 276 1681 1817 1774">
     <span class='ocr_line' id='line_1_28' title="bbox 276 1681 1817 1774; baseline 0.014 -42"><span class='ocrx_word' id='word_1_225' title='bbox 276 1681 417 1753; x_wconf 75' lang='grc' dir='ltr'><strong>δήσῃ</strong></span> <span class='ocrx_word' id='word_1_226' title='bbox 447 1683 847 1774; x_wconf 57' lang='grc' dir='ltr'>τοθξάνόμους</span> <span class='ocrx_word' id='word_1_227' title='bbox 888 1688 979 1739; x_wconf 74' lang='grc' dir='ltr'><strong>καὶ</strong></span> <span class='ocrx_word' id='word_1_228' title='bbox 1006 1691 1117 1752; x_wconf 84' lang='grc' dir='ltr'>τοῖς</span> <span class='ocrx_word' id='word_1_229' title='bbox 1148 1691 1421 1747; x_wconf 80' lang='grc' dir='ltr'><strong>ἀσθενέσιν</strong></span> <span class='ocrx_word' id='word_1_230' title='bbox 1453 1696 1696 1768; x_wconf 83' lang='grc' dir='ltr'>ἀσθενὴς,</span> <span class='ocrx_word' id='word_1_231' title='bbox 1734 1700 1817 1753; x_wconf 78' lang='grc' dir='ltr'>ἵνα</span> 
     </span>
    </p>
   </div>
   <div class='ocr_carea' id='block_1_28' title="bbox 1921 1681 3460 1774">
    <p class='ocr_par' dir='ltr' id='par_1_28' title="bbox 1921 1706 3460 1774">
     <span class='ocr_line' id='line_1_29' title="bbox 1921 1706 3460 1774; baseline 0.001 -16"><span class='ocrx_word' id='word_1_232' title='bbox 1921 1714 2094 1767; x_wconf 90' lang='lat' dir='ltr'><strong>erant,</strong></span> <span class='ocrx_word' id='word_1_233' title='bbox 2125 1713 2372 1772; x_wconf 87' lang='lat' dir='ltr'><strong>tanquam</strong></span> <span class='ocrx_word' id='word_1_234' title='bbox 2405 1714 2544 1759; x_wconf 89' lang='lat' dir='ltr'><strong>esset</strong></span> <span class='ocrx_word' id='word_1_235' title='bbox 2570 1706 2684 1758; x_wconf 88' lang='lat' dir='ltr'><strong>sine</strong></span> <span class='ocrx_word' id='word_1_236' title='bbox 2713 1706 2857 1774; x_wconf 82' lang='lat' dir='ltr'><strong>lege,</strong></span> <span class='ocrx_word' id='word_1_237' title='bbox 2884 1721 3002 1760; x_wconf 90' lang='lat' dir='ltr'><strong>cum</strong></span> <span class='ocrx_word' id='word_1_238' title='bbox 3038 1722 3139 1760; x_wconf 90' lang='lat' dir='ltr'><strong>non</strong></span> <span class='ocrx_word' id='word_1_239' title='bbox 3180 1717 3320 1761; x_wconf 80' lang='lat' dir='ltr'><strong>esset</strong></span> <span class='ocrx_word' id='word_1_240' title='bbox 3342 1708 3460 1760; x_wconf 86' lang='lat' dir='ltr'><strong>sine</strong></span> 
     </span>
    </p>
   </div>
   <div class='ocr_carea' id='block_1_29' title="bbox 274 1773 1817 1861">
    <p class='ocr_par' dir='ltr' id='par_1_29' title="bbox 274 1773 1815 1861">
     <span class='ocr_line' id='line_1_30' title="bbox 274 1773 1815 1861; baseline 0.014 -38"><span class='ocrx_word' id='word_1_241' title='bbox 274 1774 403 1834; x_wconf 75' lang='grc' dir='ltr'>τοὺς</span> <span class='ocrx_word' id='word_1_242' title='bbox 422 1773 672 1861; x_wconf 81' lang='grc' dir='ltr'>ἀσθενεῖς</span> <span class='ocrx_word' id='word_1_243' title='bbox 710 1776 964 1849; x_wconf 79' lang='grc' dir='ltr'>κερδήσῃ,</span> <span class='ocrx_word' id='word_1_244' title='bbox 999 1779 1172 1848; x_wconf 86' lang='grc' dir='ltr'>δῆλον,</span> <span class='ocrx_word' id='word_1_245' title='bbox 1212 1784 1292 1835; x_wconf 84' lang='grc' dir='ltr'>ὅτι</span> <span class='ocrx_word' id='word_1_246' title='bbox 1325 1784 1627 1848; x_wconf 81' lang='grc' dir='ltr'><strong>ἐξεταστέον</strong></span> <span class='ocrx_word' id='word_1_247' title='bbox 1654 1791 1815 1843; x_wconf 80' lang='grc' dir='ltr'>αὐτοῦ</span> 
     </span>
    </p>
   </div>
   <div class='ocr_carea' id='block_1_30' title="bbox 1921 1773 3461 1861">
    <p class='ocr_par' dir='ltr' id='par_1_30' title="bbox 1921 1792 3461 1861">
     <span class='ocr_line' id='line_1_31' title="bbox 1921 1792 3461 1861; baseline 0.001 -15"><span class='ocrx_word' id='word_1_248' title='bbox 1921 1792 2038 1860; x_wconf 83' lang='lat' dir='ltr'><strong>lege</strong></span> <span class='ocrx_word' id='word_1_249' title='bbox 2066 1793 2173 1845; x_wconf 92' lang='lat' dir='ltr'><strong>Deo</strong></span> <span class='ocrx_word' id='word_1_250' title='bbox 2193 1831 2209 1855; x_wconf 93' lang='lat'><strong>,</strong></span> <span class='ocrx_word' id='word_1_251' title='bbox 2238 1794 2331 1846; x_wconf 85' lang='lat' dir='ltr'><strong>sed</strong></span> <span class='ocrx_word' id='word_1_252' title='bbox 2356 1792 2616 1846; x_wconf 81' lang='lat' dir='ltr'><strong>obnoxius</strong></span> <span class='ocrx_word' id='word_1_253' title='bbox 2660 1793 2759 1861; x_wconf 78' lang='lat' dir='ltr'><strong>legi</strong></span> <span class='ocrx_word' id='word_1_254' title='bbox 2788 1794 3004 1857; x_wconf 79' lang='lat' dir='ltr'><strong>Christi,</strong></span> <span class='ocrx_word' id='word_1_255' title='bbox 3039 1802 3095 1847; x_wconf 90' lang='lat' dir='ltr'><strong>ut</strong></span> <span class='ocrx_word' id='word_1_256' title='bbox 3122 1794 3461 1849; x_wconf 85' lang='lat' dir='ltr'><strong>lucrifaceret</strong></span> 
     </span>
    </p>
   </div>
   <div class='ocr_carea' id='block_1_31' title="bbox 270 1860 1817 1948">
    <p class='ocr_par' dir='ltr' id='par_1_31' title="bbox 270 1860 1814 1948">
     <span class='ocr_line' id='line_1_32' title="bbox 270 1860 1814 1948; baseline 0.015 -39"><span class='ocrx_word' id='word_1_257' title='bbox 270 1860 397 1948; x_wconf 78' lang='grc' dir='ltr'>τοὺς</span> <span class='ocrx_word' id='word_1_258' title='bbox 420 1860 627 1928; x_wconf 83' lang='grc' dir='ltr'>λόγους,</span> <span class='ocrx_word' id='word_1_259' title='bbox 652 1862 756 1932; x_wconf 75' lang='grc' dir='ltr'>ἰδίᾳ</span> <span class='ocrx_word' id='word_1_260' title='bbox 779 1863 876 1932; x_wconf 87' lang='grc' dir='ltr'><strong>μὲν</strong></span> <span class='ocrx_word' id='word_1_261' title='bbox 898 1868 1018 1930; x_wconf 82' lang='grc' dir='ltr'>τοὺς</span> <span class='ocrx_word' id='word_1_262' title='bbox 1055 1869 1348 1937; x_wconf 82' lang='grc' dir='ltr'>Ἰουδαίους,</span> <span class='ocrx_word' id='word_1_263' title='bbox 1372 1875 1540 1944; x_wconf 77' lang='grc' dir='ltr'>ἱδίᾳδὲ</span> <span class='ocrx_word' id='word_1_264' title='bbox 1561 1877 1645 1928; x_wconf 86' lang='grc' dir='ltr'>ὅτε</span> <span class='ocrx_word' id='word_1_265' title='bbox 1673 1879 1814 1932; x_wconf 80' lang='grc' dir='ltr'>ἐστὶν</span> 
     </span>
    </p>
   </div>
   <div class='ocr_carea' id='block_1_32' title="bbox 1921 1860 3454 1948">
    <p class='ocr_par' dir='ltr' id='par_1_32' title="bbox 1921 1860 3454 1948">
     <span class='ocr_line' id='line_1_33' title="bbox 1921 1860 3454 1948; baseline 0 -13"><span class='ocrx_word' id='word_1_266' title='bbox 1921 1880 2161 1948; x_wconf 77' lang='lat' dir='ltr'><strong>exleges;</strong></span> <span class='ocrx_word' id='word_1_267' title='bbox 2194 1890 2248 1935; x_wconf 89' lang='lat' dir='ltr'><strong>et</strong></span> <span class='ocrx_word' id='word_1_268' title='bbox 2272 1881 2499 1934; x_wconf 87' lang='lat' dir='ltr'><strong>infirmis</strong></span> <span class='ocrx_word' id='word_1_269' title='bbox 2524 1860 2788 1945; x_wconf 83' lang='lat' dir='ltr'><strong>infirmus,</strong></span> <span class='ocrx_word' id='word_1_270' title='bbox 2820 1890 2876 1934; x_wconf 90' lang='lat' dir='ltr'><strong>ut</strong></span> <span class='ocrx_word' id='word_1_271' title='bbox 2906 1882 3142 1935; x_wconf 75' lang='lat' dir='ltr'><strong>infirmos</strong></span> <span class='ocrx_word' id='word_1_272' title='bbox 3174 1881 3454 1935; x_wconf 75' lang='lat' dir='ltr'><strong>lucriface-</strong></span> 
     </span>
    </p>
   </div>
   <div class='ocr_carea' id='block_1_33' title="bbox 269 1947 1817 2038">
    <p class='ocr_par' dir='ltr' id='par_1_33' title="bbox 269 1947 1816 2038">
     <span class='ocr_line' id='line_1_34' title="bbox 269 1947 1816 2038; baseline 0.011 -37"><span class='ocrx_word' id='word_1_273' title='bbox 269 1947 353 2038; x_wconf 57' lang='lat' dir='ltr'><strong>tis:</strong></span> <span class='ocrx_word' id='word_1_274' title='bbox 374 1947 478 2002; x_wconf 72' lang='grc' dir='ltr'><strong>ὑπὸ</strong></span> <span class='ocrx_word' id='word_1_275' title='bbox 500 1948 561 2038; x_wconf 10' lang='grc' dir='ltr'>ννό</span> <span class='ocrx_word' id='word_1_276' title='bbox 568 1965 688 2018; x_wconf 86' lang='grc' dir='ltr'>μον,</span> <span class='ocrx_word' id='word_1_277' title='bbox 707 1949 801 2002; x_wconf 74' lang='grc' dir='ltr'><strong>καὶ</strong></span> <span class='ocrx_word' id='word_1_278' title='bbox 815 1951 997 2038; x_wconf 78' lang='grc' dir='ltr'>ἄλλοτε</span> <span class='ocrx_word' id='word_1_279' title='bbox 1015 1955 1101 2006; x_wconf 82' lang='grc' dir='ltr'>ὅτε</span> <span class='ocrx_word' id='word_1_280' title='bbox 1117 1958 1260 2010; x_wconf 73' lang='grc' dir='ltr'>ἐστὶν</span> <span class='ocrx_word' id='word_1_281' title='bbox 1284 1960 1359 2021; x_wconf 84' lang='grc' dir='ltr'>ὡς</span> <span class='ocrx_word' id='word_1_282' title='bbox 1377 1961 1591 2030; x_wconf 80' lang='grc' dir='ltr'>ἄνομος,</span> <span class='ocrx_word' id='word_1_283' title='bbox 1608 1962 1714 2016; x_wconf 78' lang='grc' dir='ltr'><strong>ἔσθ’</strong></span> <span class='ocrx_word' id='word_1_284' title='bbox 1728 1966 1816 2018; x_wconf 84' lang='grc' dir='ltr'>ὅτε</span> 
     </span>
    </p>
   </div>
   <div class='ocr_carea' id='block_1_34' title="bbox 1921 1947 3454 2038">
    <p class='ocr_par' dir='ltr' id='par_1_34' title="bbox 1921 1947 3454 2038">
     <span class='ocr_line' id='line_1_35' title="bbox 1921 1947 3454 2038; baseline -0.001 -15"><span class='ocrx_word' id='word_1_285' title='bbox 1921 1980 2020 2033; x_wconf 90' lang='lat' dir='ltr'><strong>ret,</strong></span> <span class='ocrx_word' id='word_1_286' title='bbox 2045 1947 2393 2038; x_wconf 71' lang='lat' dir='ltr'><strong>perspicuum</strong></span> <span class='ocrx_word' id='word_1_287' title='bbox 2420 1979 2501 2024; x_wconf 88' lang='lat' dir='ltr'><strong>est</strong></span> <span class='ocrx_word' id='word_1_288' title='bbox 2535 1970 2886 2038; x_wconf 88' lang='lat' dir='ltr'><strong>inquirendas</strong></span> <span class='ocrx_word' id='word_1_289' title='bbox 2909 1984 3026 2023; x_wconf 89' lang='lat' dir='ltr'><strong>esse</strong></span> <span class='ocrx_word' id='word_1_290' title='bbox 3058 1970 3341 2036; x_wconf 75' lang='lat' dir='ltr'><strong>diligenter</strong></span> <span class='ocrx_word' id='word_1_291' title='bbox 3368 1982 3454 2022; x_wconf 77' lang='lat' dir='ltr'><strong>ra-</strong></span> 
     </span>
    </p>
   </div>
   <div class='ocr_carea' id='block_1_35' title="bbox 266 2036 1817 2126">
    <p class='ocr_par' dir='ltr' id='par_1_35' title="bbox 266 2036 1813 2122">
     <span class='ocr_line' id='line_1_36' title="bbox 266 2036 1813 2122; baseline 0.011 -34"><span class='ocrx_word' id='word_1_292' title='bbox 266 2036 324 2088; x_wconf 82' lang='grc' dir='ltr'>δὲ</span> <span class='ocrx_word' id='word_1_293' title='bbox 343 2038 431 2089; x_wconf 79' lang='grc' dir='ltr'>ὅτε</span> <span class='ocrx_word' id='word_1_294' title='bbox 449 2037 655 2106; x_wconf 83' lang='grc' dir='ltr'>γίνεται</span> <span class='ocrx_word' id='word_1_295' title='bbox 674 2039 920 2109; x_wconf 86' lang='grc' dir='ltr'>ἀσθενής.</span> <span class='ocrx_word' id='word_1_296' title='bbox 938 2037 1061 2096; x_wconf 75' lang='grc' dir='ltr'><strong>οἷον</strong></span> <span class='ocrx_word' id='word_1_297' title='bbox 1086 2043 1121 2095; x_wconf 78' lang='grc' dir='ltr'><strong>ἃ</strong></span> <span class='ocrx_word' id='word_1_298' title='bbox 1141 2043 1286 2111; x_wconf 68' lang='grc' dir='ltr'>λιγει</span> <span class='ocrx_word' id='word_1_299' title='bbox 1311 2047 1452 2100; x_wconf 86' lang='grc' dir='ltr'>κατά</span> <span class='ocrx_word' id='word_1_300' title='bbox 1474 2051 1813 2122; x_wconf 86' lang='grc' dir='ltr'>συγγνώμην,</span> 
     </span>
    </p>
   </div>
   <div class='ocr_carea' id='block_1_36' title="bbox 1921 2036 3456 2126">
    <p class='ocr_par' dir='ltr' id='par_1_36' title="bbox 1925 2036 3456 2126">
     <span class='ocr_line' id='line_1_37' title="bbox 1925 2036 3456 2126; baseline -0.001 -14"><span class='ocrx_word' id='word_1_301' title='bbox 1925 2036 2097 2113; x_wconf 84' lang='lat' dir='ltr'><strong>tiones</strong></span> <span class='ocrx_word' id='word_1_302' title='bbox 2162 2036 2318 2126; x_wconf 82' lang='lat' dir='ltr'><strong>hujus</strong></span> <span class='ocrx_word' id='word_1_303' title='bbox 2384 2059 2496 2122; x_wconf 86' lang='lat' dir='ltr'><strong>rei,</strong></span> <span class='ocrx_word' id='word_1_304' title='bbox 2576 2036 2731 2125; x_wconf 86' lang='lat' dir='ltr'><strong>idque</strong></span> <span class='ocrx_word' id='word_1_305' title='bbox 2800 2059 3044 2126; x_wconf 84' lang='lat' dir='ltr'><strong>privatim</strong></span> <span class='ocrx_word' id='word_1_306' title='bbox 3108 2058 3161 2110; x_wconf 94' lang='lat' dir='ltr'><strong>iu</strong></span> <span class='ocrx_word' id='word_1_307' title='bbox 3235 2057 3456 2125; x_wconf 78' lang='lat' dir='ltr'><strong>singulis</strong></span> 
     </span>
    </p>
   </div>
   <div class='ocr_carea' id='block_1_37' title="bbox 266 2126 1817 2215">
    <p class='ocr_par' dir='ltr' id='par_1_37' title="bbox 266 2126 1816 2215">
     <span class='ocr_line' id='line_1_38' title="bbox 266 2126 1816 2215; baseline 0.012 -39"><span class='ocrx_word' id='word_1_308' title='bbox 266 2126 332 2177; x_wconf 80' lang='grc' dir='ltr'>οὐ</span> <span class='ocrx_word' id='word_1_309' title='bbox 354 2128 482 2215; x_wconf 8' lang='grc' dir='ltr'>,κατ’</span> <span class='ocrx_word' id='word_1_310' title='bbox 506 2126 793 2198; x_wconf 76' lang='grc' dir='ltr'>ἐπιταγὴν,</span> <span class='ocrx_word' id='word_1_311' title='bbox 821 2129 1046 2199; x_wconf 81' lang='grc' dir='ltr'>ἀσθενὴς</span> <span class='ocrx_word' id='word_1_312' title='bbox 1059 2128 1133 2183; x_wconf 80' lang='grc' dir='ltr'>ὢν</span> <span class='ocrx_word' id='word_1_313' title='bbox 1147 2131 1309 2198; x_wconf 81' lang='grc' dir='ltr'>λέγει·</span> <span class='ocrx_word' id='word_1_314' title='bbox 1333 2153 1350 2184; x_wconf 75' lang='grc' dir='ltr'><strong>ι</strong></span> <span class='ocrx_word' id='word_1_315' title='bbox 1376 2136 1468 2197; x_wconf 88' lang='grc' dir='ltr'><strong>Τίς</strong></span> <span class='ocrx_word' id='word_1_316' title='bbox 1481 2138 1606 2209; x_wconf 80' lang='grc' dir='ltr'>γὰρ,</span> <span class='ocrx_word' id='word_1_317' title='bbox 1635 2142 1816 2211; x_wconf 80' lang='grc' dir='ltr'>φησὶν,</span> 
     </span>
    </p>
   </div>
   <div class='ocr_carea' id='block_1_38' title="bbox 1921 2126 3453 2215">
    <p class='ocr_par' dir='ltr' id='par_1_38' title="bbox 1921 2145 3453 2215">
     <span class='ocr_line' id='line_1_39' title="bbox 1921 2145 3453 2215; baseline -0.002 -13"><span class='ocrx_word' id='word_1_318' title='bbox 1921 2147 2028 2202; x_wconf 89' lang='lat' dir='ltr'><strong>sive</strong></span> <span class='ocrx_word' id='word_1_319' title='bbox 2087 2162 2207 2201; x_wconf 93' lang='lat' dir='ltr'><strong>cum</strong></span> <span class='ocrx_word' id='word_1_320' title='bbox 2259 2146 2493 2202; x_wconf 80' lang='lat' dir='ltr'><strong>efficitur</strong></span> <span class='ocrx_word' id='word_1_321' title='bbox 2550 2157 2800 2215; x_wconf 88' lang='lat' dir='ltr'><strong>tanquam</strong></span> <span class='ocrx_word' id='word_1_322' title='bbox 2865 2145 3109 2208; x_wconf 66' lang='lat' dir='ltr'><strong>Judaeus,</strong></span> <span class='ocrx_word' id='word_1_323' title='bbox 3165 2146 3277 2198; x_wconf 78' lang='lat' dir='ltr'><strong>sive</strong></span> <span class='ocrx_word' id='word_1_324' title='bbox 3333 2161 3453 2199; x_wconf 91' lang='lat' dir='ltr'><strong>cum</strong></span> 
     </span>
    </p>
   </div>
   <div class='ocr_carea' id='block_1_39' title="bbox 266 2214 1817 2304">
    <p class='ocr_par' dir='ltr' id='par_1_39' title="bbox 266 2214 1817 2299">
     <span class='ocr_line' id='line_1_40' title="bbox 266 2214 1817 2299; baseline 0.01 -33"><span class='ocrx_word' id='word_1_325' title='bbox 266 2214 506 2279; x_wconf 81' lang='grc' dir='ltr'>ἀσθενεῖ,</span> <span class='ocrx_word' id='word_1_326' title='bbox 529 2217 623 2268; x_wconf 78' lang='grc' dir='ltr'><strong>καὶ</strong></span> <span class='ocrx_word' id='word_1_327' title='bbox 644 2216 745 2269; x_wconf 83' lang='grc' dir='ltr'>οὐκ</span> <span class='ocrx_word' id='word_1_328' title='bbox 772 2217 1007 2284; x_wconf 86' lang='grc' dir='ltr'>ἀσθενῶ;</span> <span class='ocrx_word' id='word_1_329' title='bbox 1035 2221 1189 2273; x_wconf 77' lang='grc' dir='ltr'><strong>»Ὅτε</strong></span> <span class='ocrx_word' id='word_1_330' title='bbox 1211 2221 1266 2272; x_wconf 86' lang='grc' dir='ltr'>δὲ</span> <span class='ocrx_word' id='word_1_331' title='bbox 1290 2221 1523 2292; x_wconf 80' lang='grc' dir='ltr'>ξύρεται,</span> <span class='ocrx_word' id='word_1_332' title='bbox 1553 2229 1642 2279; x_wconf 78' lang='grc' dir='ltr'><strong>καὶ</strong></span> <span class='ocrx_word' id='word_1_333' title='bbox 1658 2247 1817 2299; x_wconf 89' lang='grc' dir='ltr'>προσ-</span> 
     </span>
    </p>
   </div>
   <div class='ocr_carea' id='block_1_40' title="bbox 1921 2214 3450 2304">
    <p class='ocr_par' dir='ltr' id='par_1_40' title="bbox 1921 2214 3450 2304">
     <span class='ocr_line' id='line_1_41' title="bbox 1921 2214 3450 2304; baseline -0.001 -15"><span class='ocrx_word' id='word_1_334' title='bbox 1921 2246 2174 2304; x_wconf 87' lang='lat' dir='ltr'><strong>tanquam</strong></span> <span class='ocrx_word' id='word_1_335' title='bbox 2205 2237 2305 2290; x_wconf 85' lang='lat' dir='ltr'><strong>sub</strong></span> <span class='ocrx_word' id='word_1_336' title='bbox 2349 2235 2484 2302; x_wconf 75' lang='lat' dir='ltr'><strong>lege,</strong></span> <span class='ocrx_word' id='word_1_337' title='bbox 2544 2214 2663 2289; x_wconf 85' lang='lat' dir='ltr'><strong>sive</strong></span> <span class='ocrx_word' id='word_1_338' title='bbox 2694 2250 2814 2287; x_wconf 88' lang='lat' dir='ltr'><strong>cum</strong></span> <span class='ocrx_word' id='word_1_339' title='bbox 2840 2244 2916 2287; x_wconf 86' lang='lat' dir='ltr'><strong>est</strong></span> <span class='ocrx_word' id='word_1_340' title='bbox 2958 2233 3108 2301; x_wconf 86' lang='lat' dir='ltr'><strong>quasi</strong></span> <span class='ocrx_word' id='word_1_341' title='bbox 3159 2234 3274 2288; x_wconf 87' lang='lat' dir='ltr'><strong>sine</strong></span> <span class='ocrx_word' id='word_1_342' title='bbox 3315 2234 3450 2301; x_wconf 79' lang='lat' dir='ltr'><strong>lege,</strong></span> 
     </span>
    </p>
   </div>
   <div class='ocr_carea' id='block_1_41' title="bbox 266 2302 1817 2383">
    <p class='ocr_par' dir='ltr' id='par_1_41' title="bbox 266 2302 1817 2383">
     <span class='ocr_line' id='line_1_42' title="bbox 266 2302 1817 2383; baseline 0.012 -31"><span class='ocrx_word' id='word_1_343' title='bbox 266 2302 445 2374; x_wconf 69' lang='grc' dir='ltr'>φορὰν</span> <span class='ocrx_word' id='word_1_344' title='bbox 485 2304 802 2374; x_wconf 79' lang='grc' dir='ltr'>προσφέρει,</span> <span class='ocrx_word' id='word_1_345' title='bbox 842 2305 874 2374; x_wconf 78' lang='grc' dir='ltr'><strong>ἢ</strong></span> <span class='ocrx_word' id='word_1_346' title='bbox 906 2307 995 2359; x_wconf 81' lang='grc' dir='ltr'><strong>τὸν</strong></span> <span class='ocrx_word' id='word_1_347' title='bbox 1032 2308 1289 2377; x_wconf 85' lang='grc' dir='ltr'>Τιμόθεον</span> <span class='ocrx_word' id='word_1_348' title='bbox 1325 2314 1654 2383; x_wconf 84' lang='grc' dir='ltr'>περιτέμνει,</span> <span class='ocrx_word' id='word_1_349' title='bbox 1691 2318 1817 2370; x_wconf 86' lang='grc' dir='ltr'>Ἰου-</span> 
     </span>
    </p>
   </div>
   <div class='ocr_carea' id='block_1_42' title="bbox 1921 2302 3450 2383">
    <p class='ocr_par' dir='ltr' id='par_1_42' title="bbox 1921 2302 3450 2378">
     <span class='ocr_line' id='line_1_43' title="bbox 1921 2302 3450 2378; baseline -0.001 0"><span class='ocrx_word' id='word_1_350' title='bbox 1921 2302 2043 2378; x_wconf 83' lang='lat' dir='ltr'><strong>sive</strong></span> <span class='ocrx_word' id='word_1_351' title='bbox 2097 2325 2360 2377; x_wconf 88' lang='lat' dir='ltr'><strong>interdum</strong></span> <span class='ocrx_word' id='word_1_352' title='bbox 2419 2325 2583 2377; x_wconf 84' lang='lat' dir='ltr'><strong>etiam</strong></span> <span class='ocrx_word' id='word_1_353' title='bbox 2658 2323 2887 2376; x_wconf 87' lang='lat' dir='ltr'><strong>efficitur</strong></span> <span class='ocrx_word' id='word_1_354' title='bbox 2966 2324 3227 2377; x_wconf 84' lang='lat' dir='ltr'><strong>infirmus.</strong></span> <span class='ocrx_word' id='word_1_355' title='bbox 3292 2321 3450 2376; x_wconf 79' lang='lat' dir='ltr'><strong>Verbi</strong></span> 
     </span>
    </p>
   </div>
   <div class='ocr_carea' id='block_1_43' title="bbox 259 2392 1817 2475">
    <p class='ocr_par' dir='ltr' id='par_1_43' title="bbox 259 2392 1817 2475">
     <span class='ocr_line' id='line_1_44' title="bbox 259 2392 1817 2475; baseline 0.011 -34"><span class='ocrx_word' id='word_1_356' title='bbox 259 2392 416 2453; x_wconf 79' lang='grc' dir='ltr'>δαῖος</span> <span class='ocrx_word' id='word_1_357' title='bbox 473 2392 711 2475; x_wconf 73' lang='grc' dir='ltr'>γίνεται’</span> <span class='ocrx_word' id='word_1_358' title='bbox 763 2395 851 2446; x_wconf 85' lang='grc' dir='ltr'><strong>ὅτε</strong></span> <span class='ocrx_word' id='word_1_359' title='bbox 898 2395 954 2446; x_wconf 83' lang='grc' dir='ltr'>δὲ</span> <span class='ocrx_word' id='word_1_360' title='bbox 1005 2395 1297 2466; x_wconf 72' lang='grc' dir='ltr'>Ἀθηναίοις</span> <span class='ocrx_word' id='word_1_361' title='bbox 1344 2401 1530 2469; x_wconf 84' lang='grc' dir='ltr'>φησίν·</span> <span class='ocrx_word' id='word_1_362' title='bbox 1571 2421 1590 2453; x_wconf 72' lang='grc' dir='ltr'><strong>ι</strong></span> <span class='ocrx_word' id='word_1_363' title='bbox 1652 2400 1817 2475; x_wconf 81' lang='grc' dir='ltr'>Εὗρον</span> 
     </span>
    </p>
   </div>
   <div class='ocr_carea' id='block_1_44' title="bbox 262 2474 1818 2560">
    <p class='ocr_par' dir='ltr' id='par_1_44' title="bbox 262 2474 1818 2560">
     <span class='ocr_line' id='line_1_45' title="bbox 262 2474 1818 2560; baseline 0.01 -30"><span class='ocrx_word' id='word_1_364' title='bbox 262 2478 490 2549; x_wconf 77' lang='grc' dir='ltr'>βωμὸν,</span> <span class='ocrx_word' id='word_1_365' title='bbox 539 2482 598 2533; x_wconf 80' lang='grc' dir='ltr'><strong>ὲν</strong></span> <span class='ocrx_word' id='word_1_366' title='bbox 653 2474 698 2547; x_wconf 78' lang='grc' dir='ltr'><strong>ᾧ</strong></span> <span class='ocrx_word' id='word_1_367' title='bbox 747 2482 1077 2554; x_wconf 77' lang='grc' dir='ltr'>ἐγέγραπτο,</span> <span class='ocrx_word' id='word_1_368' title='bbox 1124 2485 1404 2557; x_wconf 83' lang='grc' dir='ltr'>’Λγνώστῳ</span> <span class='ocrx_word' id='word_1_369' title='bbox 1444 2489 1560 2560; x_wconf 82' lang='grc' dir='ltr'><strong>Θεῷ</strong></span> <span class='ocrx_word' id='word_1_370' title='bbox 1580 2507 1592 2520; x_wconf 92' lang='grc'><strong>·</strong></span> <span class='ocrx_word' id='word_1_371' title='bbox 1644 2492 1673 2543; x_wconf 80' lang='grc' dir='ltr'><strong>ὃ</strong></span> <span class='ocrx_word' id='word_1_372' title='bbox 1728 2474 1818 2547; x_wconf 89' lang='grc' dir='ltr'><strong>οῦν</strong></span> 
     </span>
    </p>
   </div>
   <div class='ocr_carea' id='block_1_45' title="bbox 259 2570 1814 2650">
    <p class='ocr_par' dir='ltr' id='par_1_45' title="bbox 259 2570 1814 2650">
     <span class='ocr_line' id='line_1_46' title="bbox 259 2570 1814 2650; baseline 0.009 -29"><span class='ocrx_word' id='word_1_373' title='bbox 259 2570 590 2637; x_wconf 80' lang='grc' dir='ltr'>ἀγνοοῦντες</span> <span class='ocrx_word' id='word_1_374' title='bbox 612 2571 899 2636; x_wconf 83' lang='grc' dir='ltr'>εὐσεϐεῖτε,</span> <span class='ocrx_word' id='word_1_375' title='bbox 928 2574 1081 2626; x_wconf 90' lang='grc' dir='ltr'>τοῦτο</span> <span class='ocrx_word' id='word_1_376' title='bbox 1103 2574 1211 2643; x_wconf 77' lang='grc' dir='ltr'><strong>ἐγὼ</strong></span> <span class='ocrx_word' id='word_1_377' title='bbox 1241 2579 1584 2647; x_wconf 83' lang='grc' dir='ltr'>καταγγέλλω</span> <span class='ocrx_word' id='word_1_378' title='bbox 1612 2581 1762 2650; x_wconf 84' lang='grc' dir='ltr'>ὑμῖν·</span> <span class='ocrx_word' id='word_1_379' title='bbox 1796 2603 1814 2634; x_wconf 74' lang='grc' dir='ltr'><strong>ι</strong></span> 
     </span>
    </p>
   </div>
   <div class='ocr_carea' id='block_1_46' title="bbox 257 2660 1819 2739">
    <p class='ocr_par' dir='ltr' id='par_1_46' title="bbox 257 2660 1819 2739">
     <span class='ocr_line' id='line_1_47' title="bbox 257 2660 1819 2739; baseline 0.009 -28"><span class='ocrx_word' id='word_1_380' title='bbox 257 2660 357 2712; x_wconf 79' lang='grc' dir='ltr'><strong>καὶ</strong></span> <span class='ocrx_word' id='word_1_381' title='bbox 389 2660 484 2712; x_wconf 75' lang='grc' dir='ltr'><strong>τόο</strong></span> <span class='ocrx_word' id='word_1_382' title='bbox 527 2678 545 2710; x_wconf 77' lang='grc' dir='ltr'><strong>ι</strong></span> <span class='ocrx_word' id='word_1_383' title='bbox 586 2661 673 2723; x_wconf 84' lang='grc' dir='ltr'>Ὠς</span> <span class='ocrx_word' id='word_1_384' title='bbox 714 2661 807 2714; x_wconf 85' lang='grc' dir='ltr'>καί</span> <span class='ocrx_word' id='word_1_385' title='bbox 840 2680 982 2726; x_wconf 88' lang='grc' dir='ltr'>τινες</span> <span class='ocrx_word' id='word_1_386' title='bbox 1010 2665 1118 2719; x_wconf 84' lang='grc' dir='ltr'>τῶν</span> <span class='ocrx_word' id='word_1_387' title='bbox 1146 2667 1266 2721; x_wconf 86' lang='grc' dir='ltr'>καθ’</span> <span class='ocrx_word' id='word_1_388' title='bbox 1306 2669 1335 2719; x_wconf 84' lang='grc' dir='ltr'>ὑ</span> <span class='ocrx_word' id='word_1_389' title='bbox 1346 2671 1450 2737; x_wconf 81' lang='grc' dir='ltr'>μᾶς</span> <span class='ocrx_word' id='word_1_390' title='bbox 1478 2672 1716 2739; x_wconf 82' lang='grc' dir='ltr'><strong>ποιητῶν</strong></span> <span class='ocrx_word' id='word_1_391' title='bbox 1745 2675 1819 2725; x_wconf 85' lang='grc' dir='ltr'><strong>εἰ·</strong></span> 
     </span>
    </p>
   </div>
   <div class='ocr_carea' id='block_1_47' title="bbox 258 2748 1821 2829">
    <p class='ocr_par' dir='ltr' id='par_1_47' title="bbox 258 2748 1821 2829">
     <span class='ocr_line' id='line_1_48' title="bbox 258 2748 1821 2829; baseline 0.009 -30"><span class='ocrx_word' id='word_1_392' title='bbox 258 2748 502 2817; x_wconf 79' lang='grc' dir='ltr'><strong>ρήκασι·</strong></span> <span class='ocrx_word' id='word_1_393' title='bbox 553 2748 657 2800; x_wconf 90' lang='grc' dir='ltr'>Τοῦ</span> <span class='ocrx_word' id='word_1_394' title='bbox 698 2749 805 2819; x_wconf 81' lang='grc' dir='ltr'>γὰρ</span> <span class='ocrx_word' id='word_1_395' title='bbox 851 2753 942 2803; x_wconf 74' lang='grc' dir='ltr'><strong>καὶ</strong></span> <span class='ocrx_word' id='word_1_396' title='bbox 972 2753 1123 2819; x_wconf 82' lang='grc' dir='ltr'>γένος</span> <span class='ocrx_word' id='word_1_397' title='bbox 1164 2755 1349 2824; x_wconf 78' lang='grc' dir='ltr'>ἐσμὲν,</span> <span class='ocrx_word' id='word_1_398' title='bbox 1399 2775 1417 2806; x_wconf 75' lang='grc' dir='ltr'><strong>ι</strong></span> <span class='ocrx_word' id='word_1_399' title='bbox 1466 2761 1575 2820; x_wconf 88' lang='grc' dir='ltr'>τοῖς</span> <span class='ocrx_word' id='word_1_400' title='bbox 1603 2761 1821 2829; x_wconf 87' lang='grc' dir='ltr'>ἀνόμοις</span> 
     </span>
    </p>
   </div>
   <div class='ocr_carea' id='block_1_48' title="bbox 250 2834 1819 2912">
    <p class='ocr_par' dir='ltr' id='par_1_48' title="bbox 250 2834 1819 2912">
     <span class='ocr_line' id='line_1_49' title="bbox 250 2834 1819 2912; baseline 0.008 -27"><span class='ocrx_word' id='word_1_401' title='bbox 250 2834 335 2896; x_wconf 85' lang='grc' dir='ltr'>ὡς</span> <span class='ocrx_word' id='word_1_402' title='bbox 372 2834 571 2903; x_wconf 77' lang='grc' dir='ltr'>ἄνομος</span> <span class='ocrx_word' id='word_1_403' title='bbox 604 2835 842 2904; x_wconf 85' lang='grc' dir='ltr'>γίνεται,</span> <span class='ocrx_word' id='word_1_404' title='bbox 884 2839 1162 2893; x_wconf 79' lang='grc' dir='ltr'>εὐσέϐειαν</span> <span class='ocrx_word' id='word_1_405' title='bbox 1210 2843 1495 2912; x_wconf 82' lang='grc' dir='ltr'>μαρτυρῶν</span> <span class='ocrx_word' id='word_1_406' title='bbox 1539 2848 1648 2907; x_wconf 81' lang='grc' dir='ltr'>τοῖς</span> <span class='ocrx_word' id='word_1_407' title='bbox 1692 2848 1819 2898; x_wconf 83' lang='grc' dir='ltr'><strong>ἀσε-</strong></span> 
     </span>
    </p>
   </div>
   <div class='ocr_carea' id='block_1_49' title="bbox 253 2923 1815 3004">
    <p class='ocr_par' dir='ltr' id='par_1_49' title="bbox 253 2923 1815 3004">
     <span class='ocr_line' id='line_1_50' title="bbox 253 2923 1815 3004; baseline 0.008 -29"><span class='ocrx_word' id='word_1_408' title='bbox 253 2923 572 2989; x_wconf 75' lang='grc' dir='ltr'>ὄεστάτοις,</span> <span class='ocrx_word' id='word_1_409' title='bbox 609 2928 702 2979; x_wconf 71' lang='grc' dir='ltr'><strong>καὶ</strong></span> <span class='ocrx_word' id='word_1_410' title='bbox 727 2926 805 2997; x_wconf 83' lang='grc' dir='ltr'>τῷ</span> <span class='ocrx_word' id='word_1_411' title='bbox 848 2930 1080 2982; x_wconf 77' lang='grc' dir='ltr'>εἰπόντιο</span> <span class='ocrx_word' id='word_1_412' title='bbox 1123 2949 1140 2981; x_wconf 75' lang='grc' dir='ltr'><strong>ι</strong></span> <span class='ocrx_word' id='word_1_413' title='bbox 1181 2931 1273 2983; x_wconf 88' lang='grc' dir='ltr'>Ἐκ</span> <span class='ocrx_word' id='word_1_414' title='bbox 1311 2934 1429 2995; x_wconf 81' lang='grc' dir='ltr'>Διὸς</span> <span class='ocrx_word' id='word_1_415' title='bbox 1458 2933 1815 3004; x_wconf 77' lang='grc' dir='ltr'>ἀρχώμεσθαο</span> 
     </span>
    </p>
   </div>
   <div class='ocr_carea' id='block_1_50' title="bbox 249 3013 1819 3093">
    <p class='ocr_par' dir='ltr' id='par_1_50' title="bbox 249 3013 1819 3093">
     <span class='ocr_line' id='line_1_51' title="bbox 249 3013 1819 3093; baseline 0.008 -29"><span class='ocrx_word' id='word_1_416' title='bbox 249 3013 353 3065; x_wconf 80' lang='grc' dir='ltr'><strong>τοῦ</strong></span> <span class='ocrx_word' id='word_1_417' title='bbox 397 3014 504 3083; x_wconf 86' lang='grc' dir='ltr'><strong>γὰρ</strong></span> <span class='ocrx_word' id='word_1_418' title='bbox 533 3015 624 3067; x_wconf 77' lang='grc' dir='ltr'>καὶ</span> <span class='ocrx_word' id='word_1_419' title='bbox 666 3016 818 3082; x_wconf 81' lang='grc' dir='ltr'>γένος</span> <span class='ocrx_word' id='word_1_420' title='bbox 845 3019 1027 3087; x_wconf 79' lang='grc' dir='ltr'>ἐσμὲν,</span> <span class='ocrx_word' id='word_1_421' title='bbox 1067 3038 1084 3070; x_wconf 72' lang='grc' dir='ltr'><strong>ι</strong></span> <span class='ocrx_word' id='word_1_422' title='bbox 1120 3022 1594 3091; x_wconf 82' lang='grc' dir='ltr'>καταχρησάμενος</span> <span class='ocrx_word' id='word_1_423' title='bbox 1629 3026 1761 3093; x_wconf 79' lang='grc' dir='ltr'>πρὸς</span> <span class='ocrx_word' id='word_1_424' title='bbox 1791 3026 1819 3077; x_wconf 82' lang='grc' dir='ltr'><strong>ὃ</strong></span> 
     </span>
    </p>
   </div>
   <div class='ocr_carea' id='block_1_51' title="bbox 251 3102 1817 3180">
    <p class='ocr_par' dir='ltr' id='par_1_51' title="bbox 251 3102 1817 3180">
     <span class='ocr_line' id='line_1_52' title="bbox 251 3102 1817 3180; baseline 0.008 -27"><span class='ocrx_word' id='word_1_425' title='bbox 251 3102 538 3173; x_wconf 73' lang='grc' dir='ltr'>ἐδούλετο.</span> <span class='ocrx_word' id='word_1_426' title='bbox 566 3105 716 3173; x_wconf 83' lang='grc' dir='ltr'><strong>Τάχα</strong></span> <span class='ocrx_word' id='word_1_427' title='bbox 744 3105 789 3156; x_wconf 74' lang='grc' dir='ltr'>δ’</span> <span class='ocrx_word' id='word_1_428' title='bbox 822 3105 932 3158; x_wconf 77' lang='grc' dir='ltr'>ἔσθ’</span> <span class='ocrx_word' id='word_1_429' title='bbox 971 3108 1101 3160; x_wconf 83' lang='grc' dir='ltr'>ὅπου</span> <span class='ocrx_word' id='word_1_430' title='bbox 1128 3112 1240 3172; x_wconf 85' lang='grc' dir='ltr'>τοῖς</span> <span class='ocrx_word' id='word_1_431' title='bbox 1278 3110 1350 3180; x_wconf 84' lang='grc' dir='ltr'>μὴ</span> <span class='ocrx_word' id='word_1_432' title='bbox 1391 3111 1677 3176; x_wconf 83' lang='grc' dir='ltr'>Ἰουδαίοις,</span> <span class='ocrx_word' id='word_1_433' title='bbox 1713 3114 1817 3167; x_wconf 82' lang='grc' dir='ltr'><strong>ὑπὸ</strong></span> 
     </span>
    </p>
   </div>
   <div class='ocr_carea' id='block_1_52' title="bbox 247 3193 1113 3264">
    <p class='ocr_par' dir='ltr' id='par_1_52' title="bbox 247 3193 1113 3264">
     <span class='ocr_line' id='line_1_53' title="bbox 247 3193 1113 3264; baseline 0.007 -21"><span class='ocrx_word' id='word_1_434' title='bbox 247 3193 432 3261; x_wconf 79' lang='grc' dir='ltr'>νόμον</span> <span class='ocrx_word' id='word_1_435' title='bbox 462 3193 539 3254; x_wconf 83' lang='grc' dir='ltr'>δὲ,</span> <span class='ocrx_word' id='word_1_436' title='bbox 574 3194 677 3246; x_wconf 81' lang='grc' dir='ltr'><strong>ὑπὸ</strong></span> <span class='ocrx_word' id='word_1_437' title='bbox 701 3194 859 3264; x_wconf 90' lang='grc' dir='ltr'>νόμον</span> <span class='ocrx_word' id='word_1_438' title='bbox 889 3195 1113 3263; x_wconf 85' lang='grc' dir='ltr'>γίνεται.</span> 
     </span>
    </p>
   </div>
   <div class='ocr_carea' id='block_1_53' title="bbox 1919 2412 3454 2481">
    <p class='ocr_par' dir='ltr' id='par_1_53' title="bbox 1919 2412 3454 2481">
     <span class='ocr_line' id='line_1_54' title="bbox 1919 2412 3454 2481; baseline -0.001 -15"><span class='ocrx_word' id='word_1_439' title='bbox 1919 2415 2113 2481; x_wconf 75' lang='lat' dir='ltr'><strong>gratia,</strong></span> <span class='ocrx_word' id='word_1_440' title='bbox 2141 2413 2226 2466; x_wconf 90' lang='lat' dir='ltr'><strong>illa</strong></span> <span class='ocrx_word' id='word_1_441' title='bbox 2251 2427 2368 2481; x_wconf 67' lang='lat' dir='ltr'><strong>qua:</strong></span> <span class='ocrx_word' id='word_1_442' title='bbox 2391 2412 2521 2467; x_wconf 89' lang='lat' dir='ltr'><strong>dicit</strong></span> <span class='ocrx_word' id='word_1_443' title='bbox 2584 2421 2798 2480; x_wconf 85' lang='lat' dir='ltr'><strong>propter</strong></span> <span class='ocrx_word' id='word_1_444' title='bbox 2842 2413 3048 2465; x_wconf 86' lang='lat' dir='ltr'><strong>veniam</strong></span> <span class='ocrx_word' id='word_1_445' title='bbox 3097 2426 3199 2465; x_wconf 91' lang='lat' dir='ltr'><strong>nou</strong></span> <span class='ocrx_word' id='word_1_446' title='bbox 3239 2422 3454 2479; x_wconf 86' lang='lat' dir='ltr'><strong>propter</strong></span> 
     </span>
    </p>
   </div>
   <div class='ocr_carea' id='block_1_54' title="bbox 1922 2502 3449 2573">
    <p class='ocr_par' dir='ltr' id='par_1_54' title="bbox 1922 2502 3449 2573">
     <span class='ocr_line' id='line_1_55' title="bbox 1922 2502 3449 2573; baseline 0 -18"><span class='ocrx_word' id='word_1_447' title='bbox 1922 2504 2076 2573; x_wconf 75' lang='lat'><strong>167</strong></span> <span class='ocrx_word' id='word_1_448' title='bbox 2108 2504 2388 2571; x_wconf 88' lang='lat' dir='ltr'><strong>imperium</strong></span> <span class='ocrx_word' id='word_1_449' title='bbox 2419 2502 2487 2566; x_wconf 82' lang='grc'><strong>⁸⁵,</strong></span> <span class='ocrx_word' id='word_1_450' title='bbox 2517 2508 2769 2569; x_wconf 83' lang='lat' dir='ltr'><strong>tanquam</strong></span> <span class='ocrx_word' id='word_1_451' title='bbox 2807 2502 3048 2555; x_wconf 84' lang='lat' dir='ltr'><strong>infirmus</strong></span> <span class='ocrx_word' id='word_1_452' title='bbox 3074 2503 3335 2556; x_wconf 79' lang='lat' dir='ltr'><strong>cxsistens</strong></span> <span class='ocrx_word' id='word_1_453' title='bbox 3367 2502 3449 2555; x_wconf 87' lang='lat' dir='ltr'><strong>di-</strong></span> 
     </span>
    </p>
   </div>
   <div class='ocr_carea' id='block_1_55' title="bbox 1918 2588 3453 2656">
    <p class='ocr_par' dir='ltr' id='par_1_55' title="bbox 1918 2588 3453 2656">
     <span class='ocr_line' id='line_1_56' title="bbox 1918 2588 3453 2656; baseline -0.003 -12"><span class='ocrx_word' id='word_1_454' title='bbox 1918 2594 1990 2644; x_wconf 85' lang='lat' dir='ltr'><strong>cit</strong></span> <span class='ocrx_word' id='word_1_455' title='bbox 2016 2609 2029 2644; x_wconf 85' lang='lat'><strong>:</strong></span> <span class='ocrx_word' id='word_1_456' title='bbox 2061 2607 2080 2640; x_wconf 74' lang='grc' dir='ltr'><strong>ι</strong></span> <span class='ocrx_word' id='word_1_457' title='bbox 2113 2589 2241 2654; x_wconf 85' lang='lat' dir='ltr'><strong>Quis</strong></span> <span class='ocrx_word' id='word_1_458' title='bbox 2259 2590 2424 2653; x_wconf 90' lang='lat' dir='ltr'><strong>enim,</strong></span> <span class='ocrx_word' id='word_1_459' title='bbox 2465 2589 2658 2655; x_wconf 85' lang='lat' dir='ltr'><strong>inquit,</strong></span> <span class='ocrx_word' id='word_1_460' title='bbox 2690 2588 3008 2651; x_wconf 83' lang='lat' dir='ltr'><strong>infirmatur,</strong></span> <span class='ocrx_word' id='word_1_461' title='bbox 3035 2596 3089 2641; x_wconf 92' lang='lat' dir='ltr'><strong>et</strong></span> <span class='ocrx_word' id='word_1_462' title='bbox 3110 2602 3208 2656; x_wconf 78' lang='lat' dir='ltr'><strong>ego</strong></span> <span class='ocrx_word' id='word_1_463' title='bbox 3236 2602 3339 2640; x_wconf 90' lang='lat' dir='ltr'><strong>nou</strong></span> <span class='ocrx_word' id='word_1_464' title='bbox 3370 2588 3453 2641; x_wconf 87' lang='lat' dir='ltr'><strong>iu-</strong></span> 
     </span>
    </p>
   </div>
   <div class='ocr_carea' id='block_1_56' title="bbox 1920 2676 3450 2738">
    <p class='ocr_par' dir='ltr' id='par_1_56' title="bbox 1920 2676 3450 2738">
     <span class='ocr_line' id='line_1_57' title="bbox 1920 2676 3450 2738; baseline -0.003 -6"><span class='ocrx_word' id='word_1_465' title='bbox 1920 2680 2104 2732; x_wconf 86' lang='lat' dir='ltr'><strong>firmor</strong></span> <span class='ocrx_word' id='word_1_466' title='bbox 2129 2678 2208 2730; x_wconf 70' lang='lat' dir='ltr'><strong>“il</strong></span> <span class='ocrx_word' id='word_1_467' title='bbox 2244 2696 2261 2728; x_wconf 71' lang='grc' dir='ltr'><strong>ι</strong></span> <span class='ocrx_word' id='word_1_468' title='bbox 2296 2676 2426 2732; x_wconf 87' lang='lat' dir='ltr'><strong>Cum</strong></span> <span class='ocrx_word' id='word_1_469' title='bbox 2474 2688 2648 2731; x_wconf 91' lang='lat' dir='ltr'><strong>autem</strong></span> <span class='ocrx_word' id='word_1_470' title='bbox 2697 2677 2966 2738; x_wconf 87' lang='lat' dir='ltr'><strong>tondetur,</strong></span> <span class='ocrx_word' id='word_1_471' title='bbox 3020 2684 3075 2729; x_wconf 91' lang='lat' dir='ltr'><strong>et</strong></span> <span class='ocrx_word' id='word_1_472' title='bbox 3129 2676 3450 2730; x_wconf 86' lang='lat' dir='ltr'><strong>oblationem</strong></span> 
     </span>
    </p>
   </div>
   <div class='ocr_carea' id='block_1_57' title="bbox 1917 2763 3448 2829">
    <p class='ocr_par' dir='ltr' id='par_1_57' title="bbox 1917 2763 3448 2829">
     <span class='ocr_line' id='line_1_58' title="bbox 1917 2763 3448 2829; baseline -0.001 -10"><span class='ocrx_word' id='word_1_473' title='bbox 1917 2766 2091 2829; x_wconf 86' lang='lat' dir='ltr'><strong>oll&#39;ert,</strong></span> <span class='ocrx_word' id='word_1_474' title='bbox 2133 2768 2215 2820; x_wconf 87' lang='lat' dir='ltr'><strong>vel</strong></span> <span class='ocrx_word' id='word_1_475' title='bbox 2257 2765 2590 2819; x_wconf 87' lang='lat' dir='ltr'><strong>Timotheum</strong></span> <span class='ocrx_word' id='word_1_476' title='bbox 2636 2764 2995 2827; x_wconf 89' lang='lat' dir='ltr'><strong>circumcidit,</strong></span> <span class='ocrx_word' id='word_1_477' title='bbox 3043 2765 3102 2818; x_wconf 89' lang='lat' dir='ltr'><strong>flt</strong></span> <span class='ocrx_word' id='word_1_478' title='bbox 3149 2763 3362 2818; x_wconf 66' lang='lat' dir='ltr'><strong>Judmus</strong></span> <span class='ocrx_word' id='word_1_479' title='bbox 3381 2764 3448 2817; x_wconf 79' lang='grc'><strong>⁸⁷.</strong></span> 
     </span>
    </p>
   </div>
   <div class='ocr_carea' id='block_1_58' title="bbox 1924 2852 3450 2918">
    <p class='ocr_par' dir='ltr' id='par_1_58' title="bbox 1924 2852 3450 2918">
     <span class='ocr_line' id='line_1_59' title="bbox 1924 2852 3450 2918; baseline -0.003 -13"><span class='ocrx_word' id='word_1_480' title='bbox 1924 2853 2148 2918; x_wconf 81' lang='lat' dir='ltr'><strong>Quando</strong></span> <span class='ocrx_word' id='word_1_481' title='bbox 2173 2862 2345 2905; x_wconf 91' lang='lat' dir='ltr'><strong>autem</strong></span> <span class='ocrx_word' id='word_1_482' title='bbox 2375 2852 2787 2905; x_wconf 82' lang='lat' dir='ltr'><strong>Atheniensibus</strong></span> <span class='ocrx_word' id='word_1_483' title='bbox 2811 2852 2980 2918; x_wconf 88' lang='lat' dir='ltr'><strong>inquit</strong></span> <span class='ocrx_word' id='word_1_484' title='bbox 3006 2867 3021 2904; x_wconf 90' lang='lat'><strong>:</strong></span> <span class='ocrx_word' id='word_1_485' title='bbox 3049 2869 3067 2901; x_wconf 77' lang='grc' dir='ltr'><strong>ι</strong></span> <span class='ocrx_word' id='word_1_486' title='bbox 3100 2852 3275 2903; x_wconf 87' lang='lat' dir='ltr'><strong>Inveni</strong></span> <span class='ocrx_word' id='word_1_487' title='bbox 3306 2865 3450 2902; x_wconf 87' lang='lat' dir='ltr'><strong>aram</strong></span> 
     </span>
    </p>
   </div>
   <div class='ocr_carea' id='block_1_59' title="bbox 1921 2939 3452 3008">
    <p class='ocr_par' dir='ltr' id='par_1_59' title="bbox 1921 2939 3452 3008">
     <span class='ocr_line' id='line_1_60' title="bbox 1921 2939 3452 3008; baseline -0.003 -15"><span class='ocrx_word' id='word_1_488' title='bbox 1921 2941 1972 2993; x_wconf 92' lang='lat' dir='ltr'><strong>iu</strong></span> <span class='ocrx_word' id='word_1_489' title='bbox 2004 2956 2106 3008; x_wconf 89' lang='lat' dir='ltr'><strong>qua</strong></span> <span class='ocrx_word' id='word_1_490' title='bbox 2134 2941 2384 3008; x_wconf 87' lang='lat' dir='ltr'><strong>scriptum</strong></span> <span class='ocrx_word' id='word_1_491' title='bbox 2408 2950 2558 2996; x_wconf 87' lang='lat' dir='ltr'><strong>erat:</strong></span> <span class='ocrx_word' id='word_1_492' title='bbox 2586 2940 2764 3008; x_wconf 82' lang='lat' dir='ltr'><strong>Ignoto</strong></span> <span class='ocrx_word' id='word_1_493' title='bbox 2811 2941 2935 2993; x_wconf 84' lang='lat' dir='ltr'><strong>Deo.</strong></span> <span class='ocrx_word' id='word_1_494' title='bbox 2976 2939 3126 3004; x_wconf 87' lang='lat' dir='ltr'><strong>Quod</strong></span> <span class='ocrx_word' id='word_1_495' title='bbox 3149 2955 3275 3006; x_wconf 82' lang='lat' dir='ltr'><strong>ergo</strong></span> <span class='ocrx_word' id='word_1_496' title='bbox 3302 2941 3452 3004; x_wconf 79' lang='lat' dir='ltr'><strong>igno—</strong></span> 
     </span>
    </p>
   </div>
   <div class='ocr_carea' id='block_1_60' title="bbox 1920 3023 3449 3092">
    <p class='ocr_par' dir='ltr' id='par_1_60' title="bbox 1920 3023 3449 3092">
     <span class='ocr_line' id='line_1_61' title="bbox 1920 3023 3449 3092; baseline 0 -14"><span class='ocrx_word' id='word_1_497' title='bbox 1920 3033 2099 3078; x_wconf 85' lang='lat' dir='ltr'><strong>rantes</strong></span> <span class='ocrx_word' id='word_1_498' title='bbox 2122 3024 2316 3085; x_wconf 88' lang='lat' dir='ltr'><strong>colitis,</strong></span> <span class='ocrx_word' id='word_1_499' title='bbox 2340 3025 2441 3077; x_wconf 90' lang='lat' dir='ltr'><strong>boc</strong></span> <span class='ocrx_word' id='word_1_500' title='bbox 2456 3039 2552 3092; x_wconf 85' lang='lat' dir='ltr'><strong>ego</strong></span> <span class='ocrx_word' id='word_1_501' title='bbox 2574 3026 2723 3077; x_wconf 85' lang='lat' dir='ltr'><strong>vobis</strong></span> <span class='ocrx_word' id='word_1_502' title='bbox 2738 3025 3086 3088; x_wconf 73' lang='lat' dir='ltr'><strong>annuntio”;</strong></span> <span class='ocrx_word' id='word_1_503' title='bbox 3119 3043 3137 3074; x_wconf 76' lang='grc' dir='ltr'><strong>ι</strong></span> <span class='ocrx_word' id='word_1_504' title='bbox 3181 3033 3234 3076; x_wconf 89' lang='lat' dir='ltr'><strong>et</strong></span> <span class='ocrx_word' id='word_1_505' title='bbox 3284 3023 3449 3078; x_wconf 90' lang='lat' dir='ltr'><strong>illud:</strong></span> 
     </span>
    </p>
   </div>
   <div class='ocr_carea' id='block_1_61' title="bbox 1933 3111 3448 3179">
    <p class='ocr_par' dir='ltr' id='par_1_61' title="bbox 1933 3111 3448 3179">
     <span class='ocr_line' id='line_1_62' title="bbox 1933 3111 3448 3179; baseline -0.001 -13"><span class='ocrx_word' id='word_1_506' title='bbox 1933 3126 1952 3157; x_wconf 75' lang='grc' dir='ltr'><strong>ι</strong></span> <span class='ocrx_word' id='word_1_507' title='bbox 1979 3111 2130 3167; x_wconf 85' lang='lat' dir='ltr'><strong>Sicut</strong></span> <span class='ocrx_word' id='word_1_508' title='bbox 2151 3120 2203 3163; x_wconf 91' lang='lat' dir='ltr'><strong>et</strong></span> <span class='ocrx_word' id='word_1_509' title='bbox 2235 3112 2450 3178; x_wconf 87' lang='lat' dir='ltr'><strong>quidam</strong></span> <span class='ocrx_word' id='word_1_510' title='bbox 2505 3112 2817 3163; x_wconf 84' lang='lat' dir='ltr'><strong>vestratium</strong></span> <span class='ocrx_word' id='word_1_511' title='bbox 2849 3120 3116 3179; x_wconf 89' lang='lat' dir='ltr'><strong>poetarum</strong></span> <span class='ocrx_word' id='word_1_512' title='bbox 3148 3111 3397 3164; x_wconf 66' lang='lat' dir='ltr'><strong>dixerunt</strong></span> <span class='ocrx_word' id='word_1_513' title='bbox 3430 3126 3448 3164; x_wconf 78' lang='lat'>;</span> 
     </span>
    </p>
   </div>
   <div class='ocr_carea' id='block_1_62' title="bbox 1918 3198 3451 3269">
    <p class='ocr_par' dir='ltr' id='par_1_62' title="bbox 1918 3198 3451 3269">
     <span class='ocr_line' id='line_1_63' title="bbox 1918 3198 3451 3269; baseline -0.001 -17"><span class='ocrx_word' id='word_1_514' title='bbox 1918 3199 2085 3266; x_wconf 72' lang='lat' dir='ltr'><strong>liuius</strong></span> <span class='ocrx_word' id='word_1_515' title='bbox 2104 3200 2245 3252; x_wconf 90' lang='lat' dir='ltr'><strong>enim</strong></span> <span class='ocrx_word' id='word_1_516' title='bbox 2278 3208 2330 3251; x_wconf 89' lang='lat' dir='ltr'><strong>et</strong></span> <span class='ocrx_word' id='word_1_517' title='bbox 2360 3213 2528 3266; x_wconf 83' lang='lat' dir='ltr'><strong>genus</strong></span> <span class='ocrx_word' id='word_1_518' title='bbox 2556 3213 2741 3252; x_wconf 87' lang='lat' dir='ltr'><strong>sumus</strong></span> <span class='ocrx_word' id='word_1_519' title='bbox 2762 3199 2808 3230; x_wconf 78' lang='lat'><strong>”</strong></span> <span class='ocrx_word' id='word_1_520' title='bbox 2828 3237 2843 3261; x_wconf 92' lang='lat'><strong>,</strong></span> <span class='ocrx_word' id='word_1_521' title='bbox 2895 3217 2914 3250; x_wconf 74' lang='grc' dir='ltr'><strong>ι</strong></span> <span class='ocrx_word' id='word_1_522' title='bbox 2953 3199 3035 3252; x_wconf 89' lang='lat' dir='ltr'><strong>his</strong></span> <span class='ocrx_word' id='word_1_523' title='bbox 3072 3199 3160 3266; x_wconf 86' lang='lat' dir='ltr'><strong>qui</strong></span> <span class='ocrx_word' id='word_1_524' title='bbox 3192 3199 3306 3253; x_wconf 87' lang='lat' dir='ltr'><strong>sine</strong></span> <span class='ocrx_word' id='word_1_525' title='bbox 3334 3198 3451 3269; x_wconf 78' lang='lat' dir='ltr'><strong>lege</strong></span> 
     </span>
    </p>
   </div>
   <div class='ocr_carea' id='block_1_63' title="bbox 245 3283 3449 3355">
    <p class='ocr_par' dir='ltr' id='par_1_63' title="bbox 245 3283 3449 3355">
     <span class='ocr_line' id='line_1_64' title="bbox 245 3283 3449 3355; baseline 0.002 -20"><span class='ocrx_word' id='word_1_526' title='bbox 245 3288 445 3345; x_wconf 83' lang='lat' dir='ltr'><strong>erant,</strong></span> <span class='ocrx_word' id='word_1_527' title='bbox 480 3283 540 3336; x_wconf 86' lang='lat' dir='ltr'><strong>fit</strong></span> <span class='ocrx_word' id='word_1_528' title='bbox 573 3292 823 3350; x_wconf 86' lang='lat' dir='ltr'><strong>tanquam</strong></span> <span class='ocrx_word' id='word_1_529' title='bbox 858 3285 973 3337; x_wconf 90' lang='lat' dir='ltr'><strong>sine</strong></span> <span class='ocrx_word' id='word_1_530' title='bbox 1010 3284 1143 3353; x_wconf 82' lang='lat' dir='ltr'><strong>lege,</strong></span> <span class='ocrx_word' id='word_1_531' title='bbox 1179 3285 1431 3354; x_wconf 90' lang='lat' dir='ltr'><strong>pietatem</strong></span> <span class='ocrx_word' id='word_1_532' title='bbox 1489 3289 1712 3344; x_wconf 87' lang='lat' dir='ltr'><strong>testibus</strong></span> <span class='ocrx_word' id='word_1_533' title='bbox 1745 3288 1965 3342; x_wconf 81' lang='lat' dir='ltr'><strong>ﬁrmans</strong></span> <span class='ocrx_word' id='word_1_534' title='bbox 2014 3287 2360 3355; x_wconf 86' lang='lat' dir='ltr'><strong>impiissimis,</strong></span> <span class='ocrx_word' id='word_1_535' title='bbox 2391 3296 2446 3340; x_wconf 89' lang='lat' dir='ltr'><strong>et</strong></span> <span class='ocrx_word' id='word_1_536' title='bbox 2497 3286 2584 3340; x_wconf 93' lang='lat' dir='ltr'><strong>illo</strong></span> <span class='ocrx_word' id='word_1_537' title='bbox 2631 3286 2721 3353; x_wconf 89' lang='lat' dir='ltr'><strong>qui</strong></span> <span class='ocrx_word' id='word_1_538' title='bbox 2772 3287 2900 3340; x_wconf 84' lang='lat' dir='ltr'><strong>dicit</strong></span> <span class='ocrx_word' id='word_1_539' title='bbox 2932 3302 2942 3335; x_wconf 91' lang='lat'><strong>:</strong></span> <span class='ocrx_word' id='word_1_540' title='bbox 2976 3304 2994 3337; x_wconf 73' lang='grc' dir='ltr'><strong>ι</strong></span> <span class='ocrx_word' id='word_1_541' title='bbox 3023 3287 3104 3339; x_wconf 84' lang='lat' dir='ltr'><strong>Ab</strong></span> <span class='ocrx_word' id='word_1_542' title='bbox 3146 3284 3275 3340; x_wconf 84' lang='lat' dir='ltr'><strong>Jove</strong></span> <span class='ocrx_word' id='word_1_543' title='bbox 3307 3289 3449 3355; x_wconf 83' lang='lat' dir='ltr'><strong>prin-</strong></span> 
     </span>
    </p>
   </div>
   <div class='ocr_carea' id='block_1_64' title="bbox 242 3373 3446 3449">
    <p class='ocr_par' dir='ltr' id='par_1_64' title="bbox 242 3373 3446 3449">
     <span class='ocr_line' id='line_1_65' title="bbox 242 3373 3446 3449; baseline 0.002 -22"><span class='ocrx_word' id='word_1_544' title='bbox 242 3373 489 3443; x_wconf 83' lang='lat' dir='ltr'><strong>cipium,</strong></span> <span class='ocrx_word' id='word_1_545' title='bbox 515 3391 534 3423; x_wconf 76' lang='grc' dir='ltr'><strong>ι</strong></span> <span class='ocrx_word' id='word_1_546' title='bbox 569 3373 659 3427; x_wconf 85' lang='grc' dir='ltr'><strong>ἰΙΙο</strong></span> <span class='ocrx_word' id='word_1_547' title='bbox 701 3373 846 3429; x_wconf 89' lang='lat' dir='ltr'><strong>illius</strong></span> <span class='ocrx_word' id='word_1_548' title='bbox 878 3376 1242 3438; x_wconf 86' lang='lat' dir='ltr'><strong>hemistichio.</strong></span> <span class='ocrx_word' id='word_1_549' title='bbox 1287 3396 1304 3429; x_wconf 76' lang='grc' dir='ltr'><strong>ι</strong></span> <span class='ocrx_word' id='word_1_550' title='bbox 1343 3378 1474 3434; x_wconf 86' lang='lat' dir='ltr'><strong>Nam</strong></span> <span class='ocrx_word' id='word_1_551' title='bbox 1528 3381 1679 3448; x_wconf 86' lang='lat' dir='ltr'><strong>hujus</strong></span> <span class='ocrx_word' id='word_1_552' title='bbox 1729 3381 2013 3449; x_wconf 79' lang='lat' dir='ltr'><strong>progenies</strong></span> <span class='ocrx_word' id='word_1_553' title='bbox 2064 3381 2225 3434; x_wconf 86' lang='lat' dir='ltr'><strong>etiam</strong></span> <span class='ocrx_word' id='word_1_554' title='bbox 2266 3394 2469 3442; x_wconf 86' lang='lat' dir='ltr'><strong>sumus,</strong></span> <span class='ocrx_word' id='word_1_555' title='bbox 2506 3397 2524 3430; x_wconf 76' lang='grc' dir='ltr'><strong>ι</strong></span> <span class='ocrx_word' id='word_1_556' title='bbox 2578 3378 2775 3433; x_wconf 85' lang='lat' dir='ltr'><strong>abusus</strong></span> <span class='ocrx_word' id='word_1_557' title='bbox 2821 3379 2888 3432; x_wconf 91' lang='lat' dir='ltr'><strong>ad</strong></span> <span class='ocrx_word' id='word_1_558' title='bbox 2926 3378 2976 3434; x_wconf 91' lang='lat' dir='ltr'><strong>id</strong></span> <span class='ocrx_word' id='word_1_559' title='bbox 3031 3380 3170 3449; x_wconf 88' lang='lat' dir='ltr'><strong>quod</strong></span> <span class='ocrx_word' id='word_1_560' title='bbox 3216 3379 3446 3448; x_wconf 66' lang='lat' dir='ltr'><strong>volebat,</strong></span> 
     </span>
    </p>
   </div>
   <div class='ocr_carea' id='block_1_65' title="bbox 241 3466 2555 3539">
    <p class='ocr_par' dir='ltr' id='par_1_65' title="bbox 241 3466 2555 3539">
     <span class='ocr_line' id='line_1_66' title="bbox 241 3466 2555 3539; baseline -0.002 -15"><span class='ocrx_word' id='word_1_561' title='bbox 241 3466 522 3524; x_wconf 78' lang='lat' dir='ltr'><strong>Fortasse</strong></span> <span class='ocrx_word' id='word_1_562' title='bbox 570 3482 699 3521; x_wconf 86' lang='lat' dir='ltr'><strong>vero</strong></span> <span class='ocrx_word' id='word_1_563' title='bbox 741 3468 1007 3523; x_wconf 85' lang='lat' dir='ltr'><strong>interdqu</strong></span> <span class='ocrx_word' id='word_1_564' title='bbox 1057 3469 1161 3534; x_wconf 90' lang='lat' dir='ltr'><strong>his,</strong></span> <span class='ocrx_word' id='word_1_565' title='bbox 1188 3470 1277 3539; x_wconf 86' lang='lat' dir='ltr'><strong>qui</strong></span> <span class='ocrx_word' id='word_1_566' title='bbox 1311 3487 1413 3525; x_wconf 90' lang='lat' dir='ltr'><strong>non</strong></span> <span class='ocrx_word' id='word_1_567' title='bbox 1444 3479 1567 3525; x_wconf 90' lang='lat' dir='ltr'><strong>sunt</strong></span> <span class='ocrx_word' id='word_1_568' title='bbox 1596 3470 1788 3533; x_wconf 68' lang='lat' dir='ltr'><strong>Judaei,</strong></span> <span class='ocrx_word' id='word_1_569' title='bbox 1818 3472 1911 3526; x_wconf 91' lang='lat' dir='ltr'><strong>sed</strong></span> <span class='ocrx_word' id='word_1_570' title='bbox 1931 3472 2028 3525; x_wconf 88' lang='lat' dir='ltr'><strong>sub</strong></span> <span class='ocrx_word' id='word_1_571' title='bbox 2054 3469 2189 3539; x_wconf 79' lang='lat' dir='ltr'><strong>lege,</strong></span> <span class='ocrx_word' id='word_1_572' title='bbox 2219 3470 2279 3521; x_wconf 88' lang='lat' dir='ltr'><strong>fit</strong></span> <span class='ocrx_word' id='word_1_573' title='bbox 2306 3470 2402 3522; x_wconf 90' lang='lat' dir='ltr'><strong>sub</strong></span> <span class='ocrx_word' id='word_1_574' title='bbox 2426 3467 2555 3537; x_wconf 73' lang='lat' dir='ltr'><strong>lege.</strong></span> 
     </span>
    </p>
   </div>
   <div class='ocr_carea' id='block_1_66' title="bbox 317 3561 1817 3637">
    <p class='ocr_par' dir='ltr' id='par_1_66' title="bbox 317 3562 1817 3637">
     <span class='ocr_line' id='line_1_67' title="bbox 317 3562 1817 3637; baseline 0 -20"><span class='ocrx_word' id='word_1_575' title='bbox 317 3563 383 3617; x_wconf 89' lang='lat'><strong>6.</strong></span> <span class='ocrx_word' id='word_1_576' title='bbox 429 3562 617 3615; x_wconf 85' lang='grc' dir='ltr'>Ταῦτα</span> <span class='ocrx_word' id='word_1_577' title='bbox 657 3562 714 3615; x_wconf 83' lang='grc' dir='ltr'>δὲ</span> <span class='ocrx_word' id='word_1_578' title='bbox 754 3564 813 3615; x_wconf 82' lang='grc' dir='ltr'><strong>οὒ</strong></span> <span class='ocrx_word' id='word_1_579' title='bbox 849 3569 1005 3633; x_wconf 89' lang='grc' dir='ltr'>μόνον</span> <span class='ocrx_word' id='word_1_580' title='bbox 1035 3565 1113 3626; x_wconf 81' lang='grc' dir='ltr'>εἰς</span> <span class='ocrx_word' id='word_1_581' title='bbox 1143 3564 1212 3617; x_wconf 85' lang='grc' dir='ltr'><strong>τὰ</strong></span> <span class='ocrx_word' id='word_1_582' title='bbox 1256 3566 1381 3634; x_wconf 76' lang='grc' dir='ltr'>περὶ</span> <span class='ocrx_word' id='word_1_583' title='bbox 1428 3565 1521 3618; x_wconf 90' lang='grc' dir='ltr'><strong>τοῦ</strong></span> <span class='ocrx_word' id='word_1_584' title='bbox 1568 3565 1817 3637; x_wconf 79' lang='grc' dir='ltr'><strong>Σωτῆρος</strong></span> 
     </span>
    </p>
   </div>
   <div class='ocr_carea' id='block_1_67' title="bbox 1921 3561 3451 3637">
    <p class='ocr_par' dir='ltr' id='par_1_67' title="bbox 1930 3561 3451 3629">
     <span class='ocr_line' id='line_1_68' title="bbox 1930 3561 3451 3629; baseline 0.003 -11"><span class='ocrx_word' id='word_1_585' title='bbox 1930 3577 1934 3582; x_wconf 85' lang='lat'>&#39;</span> <span class='ocrx_word' id='word_1_586' title='bbox 1988 3564 2042 3618; x_wconf 84' lang='lat'><strong>6.</strong></span> <span class='ocrx_word' id='word_1_587' title='bbox 2067 3565 2328 3618; x_wconf 64' lang='lat' dir='ltr'><strong>(laterum</strong></span> <span class='ocrx_word' id='word_1_588' title='bbox 2355 3562 2471 3616; x_wconf 72' lang='lat' dir='ltr'><strong>haec</strong></span> <span class='ocrx_word' id='word_1_589' title='bbox 2492 3561 2732 3629; x_wconf 82' lang='lat' dir='ltr'><strong>exempla</strong></span> <span class='ocrx_word' id='word_1_590' title='bbox 2766 3578 2868 3616; x_wconf 92' lang='lat' dir='ltr'><strong>non</strong></span> <span class='ocrx_word' id='word_1_591' title='bbox 2916 3565 3084 3620; x_wconf 87' lang='lat' dir='ltr'><strong>solum</strong></span> <span class='ocrx_word' id='word_1_592' title='bbox 3110 3566 3258 3620; x_wconf 90' lang='lat' dir='ltr'><strong>utilia</strong></span> <span class='ocrx_word' id='word_1_593' title='bbox 3299 3567 3451 3622; x_wconf 85' lang='lat' dir='ltr'><strong>nobis</strong></span> 
     </span>
    </p>
   </div>
   <div class='ocr_carea' id='block_1_68' title="bbox 241 3652 1817 3725">
    <p class='ocr_par' dir='ltr' id='par_1_68' title="bbox 241 3652 1812 3725">
     <span class='ocr_line' id='line_1_69' title="bbox 241 3652 1812 3725; baseline 0.001 -21"><span class='ocrx_word' id='word_1_594' title='bbox 241 3655 509 3725; x_wconf 80' lang='grc' dir='ltr'>χρήσιμα</span> <span class='ocrx_word' id='word_1_595' title='bbox 552 3655 681 3722; x_wconf 77' lang='grc' dir='ltr'>ἡμῖν</span> <span class='ocrx_word' id='word_1_596' title='bbox 729 3654 841 3705; x_wconf 78' lang='grc' dir='ltr'>ἐστι</span> <span class='ocrx_word' id='word_1_597' title='bbox 868 3652 936 3705; x_wconf 87' lang='grc' dir='ltr'><strong>τὰ</strong></span> <span class='ocrx_word' id='word_1_598' title='bbox 966 3654 1400 3723; x_wconf 86' lang='grc' dir='ltr'>παραδείγματα,</span> <span class='ocrx_word' id='word_1_599' title='bbox 1449 3654 1582 3708; x_wconf 88' lang='grc' dir='ltr'><strong>ἀλλά</strong></span> <span class='ocrx_word' id='word_1_600' title='bbox 1611 3656 1703 3707; x_wconf 74' lang='grc' dir='ltr'><strong>καὶ</strong></span> <span class='ocrx_word' id='word_1_601' title='bbox 1735 3657 1812 3718; x_wconf 90' lang='grc' dir='ltr'><strong>εἰς</strong></span> 
     </span>
    </p>
   </div>
   <div class='ocr_carea' id='block_1_69' title="bbox 1921 3652 3450 3725">
    <p class='ocr_par' dir='ltr' id='par_1_69' title="bbox 1921 3654 3450 3717">
     <span class='ocr_line' id='line_1_70' title="bbox 1921 3654 3450 3717; baseline 0.001 -7"><span class='ocrx_word' id='word_1_602' title='bbox 1921 3665 2041 3710; x_wconf 73' lang='lat' dir='ltr'><strong>sunt</strong></span> <span class='ocrx_word' id='word_1_603' title='bbox 2064 3657 2118 3709; x_wconf 90' lang='lat' dir='ltr'><strong>in</strong></span> <span class='ocrx_word' id='word_1_604' title='bbox 2151 3655 2315 3709; x_wconf 87' lang='lat' dir='ltr'><strong>rebus</strong></span> <span class='ocrx_word' id='word_1_605' title='bbox 2344 3654 2664 3717; x_wconf 84' lang='lat' dir='ltr'><strong>Servatoris,</strong></span> <span class='ocrx_word' id='word_1_606' title='bbox 2694 3668 2876 3706; x_wconf 90' lang='lat' dir='ltr'><strong>verum</strong></span> <span class='ocrx_word' id='word_1_607' title='bbox 2905 3658 3065 3711; x_wconf 91' lang='lat' dir='ltr'><strong>etiam</strong></span> <span class='ocrx_word' id='word_1_608' title='bbox 3098 3659 3150 3711; x_wconf 90' lang='lat' dir='ltr'><strong>in</strong></span> <span class='ocrx_word' id='word_1_609' title='bbox 3179 3659 3337 3712; x_wconf 81' lang='lat' dir='ltr'><strong>rebus</strong></span> <span class='ocrx_word' id='word_1_610' title='bbox 3369 3660 3450 3712; x_wconf 90' lang='lat' dir='ltr'><strong>di-</strong></span> 
     </span>
    </p>
   </div>
   <div class='ocr_carea' id='block_1_70' title="bbox 241 3739 1809 3815">
    <p class='ocr_par' dir='ltr' id='par_1_70' title="bbox 241 3739 1809 3815">
     <span class='ocr_line' id='line_1_71' title="bbox 241 3739 1809 3815; baseline 0.001 -18"><span class='ocrx_word' id='word_1_611' title='bbox 241 3745 315 3797; x_wconf 86' lang='grc' dir='ltr'><strong>τά</strong></span> <span class='ocrx_word' id='word_1_612' title='bbox 348 3745 487 3814; x_wconf 78' lang='grc' dir='ltr'>περὶ</span> <span class='ocrx_word' id='word_1_613' title='bbox 519 3742 626 3795; x_wconf 82' lang='grc' dir='ltr'>τῶν</span> <span class='ocrx_word' id='word_1_614' title='bbox 664 3742 933 3813; x_wconf 84' lang='grc' dir='ltr'><strong>μαθητῶν,</strong></span> <span class='ocrx_word' id='word_1_615' title='bbox 979 3745 1103 3815; x_wconf 71' lang='grc' dir='ltr'>περὶ</span> <span class='ocrx_word' id='word_1_616' title='bbox 1143 3739 1216 3798; x_wconf 81' lang='grc' dir='ltr'><strong>ὧν</strong></span> <span class='ocrx_word' id='word_1_617' title='bbox 1248 3747 1341 3799; x_wconf 72' lang='grc' dir='ltr'><strong>καὶ</strong></span> <span class='ocrx_word' id='word_1_618' title='bbox 1386 3745 1561 3799; x_wconf 84' lang='grc' dir='ltr'>αὐτῶν</span> <span class='ocrx_word' id='word_1_619' title='bbox 1588 3747 1700 3798; x_wconf 82' lang='grc' dir='ltr'>ἐστί</span> <span class='ocrx_word' id='word_1_620' title='bbox 1730 3764 1809 3809; x_wconf 89' lang='grc' dir='ltr'><strong>τις</strong></span> 
     </span>
    </p>
   </div>
   <div class='ocr_carea' id='block_1_71' title="bbox 244 3832 1809 3904">
    <p class='ocr_par' dir='ltr' id='par_1_71' title="bbox 244 3832 1809 3904">
     <span class='ocr_line' id='line_1_72' title="bbox 244 3832 1809 3904; baseline -0.002 -16"><span class='ocrx_word' id='word_1_621' title='bbox 244 3833 399 3890; x_wconf 82' lang='grc' dir='ltr'>κατά</span> <span class='ocrx_word' id='word_1_622' title='bbox 430 3833 495 3885; x_wconf 79' lang='grc' dir='ltr'>τὸ</span> <span class='ocrx_word' id='word_1_623' title='bbox 542 3832 704 3902; x_wconf 74' lang='grc' dir='ltr'>ῥητὸν</span> <span class='ocrx_word' id='word_1_624' title='bbox 736 3834 1013 3900; x_wconf 77' lang='grc' dir='ltr'>διαφωνία.</span> <span class='ocrx_word' id='word_1_625' title='bbox 1067 3834 1215 3902; x_wconf 85' lang='grc' dir='ltr'><strong>Τάχα</strong></span> <span class='ocrx_word' id='word_1_626' title='bbox 1242 3833 1348 3904; x_wconf 84' lang='grc' dir='ltr'>γὰρ</span> <span class='ocrx_word' id='word_1_627' title='bbox 1373 3837 1437 3903; x_wconf 79' lang='grc' dir='ltr'><strong>τῇ</strong></span> <span class='ocrx_word' id='word_1_628' title='bbox 1469 3835 1676 3904; x_wconf 80' lang='grc' dir='ltr'>ἐπινοίᾳ</span> <span class='ocrx_word' id='word_1_629' title='bbox 1719 3834 1809 3885; x_wconf 81' lang='grc' dir='ltr'><strong>εὐ-</strong></span> 
     </span>
    </p>
   </div>
   <div class='ocr_carea' id='block_1_72' title="bbox 246 3922 1808 3995">
    <p class='ocr_par' dir='ltr' id='par_1_72' title="bbox 246 3922 1808 3995">
     <span class='ocr_line' id='line_1_73' title="bbox 246 3922 1808 3995; baseline -0.003 -17"><span class='ocrx_word' id='word_1_630' title='bbox 246 3925 585 3995; x_wconf 81' lang='grc' dir='ltr'>ρισκόμενος</span> <span class='ocrx_word' id='word_1_631' title='bbox 631 3924 736 3975; x_wconf 84' lang='grc' dir='ltr'><strong>ὑπὸ</strong></span> <span class='ocrx_word' id='word_1_632' title='bbox 761 3923 853 3975; x_wconf 89' lang='grc' dir='ltr'><strong>τοῦ</strong></span> <span class='ocrx_word' id='word_1_633' title='bbox 903 3924 1031 3975; x_wconf 87' lang='grc' dir='ltr'>ίδίου</span> <span class='ocrx_word' id='word_1_634' title='bbox 1077 3923 1299 3990; x_wconf 88' lang='grc' dir='ltr'>ἀδελφοῦ</span> <span class='ocrx_word' id='word_1_635' title='bbox 1331 3924 1506 3993; x_wconf 86' lang='grc' dir='ltr'>Σίμων</span> <span class='ocrx_word' id='word_1_636' title='bbox 1541 3922 1808 3993; x_wconf 81' lang='grc' dir='ltr'>Ἀνδρέου,</span> 
     </span>
    </p>
   </div>
   <div class='ocr_carea' id='block_1_73' title="bbox 242 4011 1811 4083">
    <p class='ocr_par' dir='ltr' id='par_1_73' title="bbox 242 4011 1811 4083">
     <span class='ocr_line' id='line_1_74' title="bbox 242 4011 1811 4083; baseline -0.003 -16"><span class='ocrx_word' id='word_1_637' title='bbox 242 4015 343 4067; x_wconf 72' lang='grc' dir='ltr'><strong>καὶ</strong></span> <span class='ocrx_word' id='word_1_638' title='bbox 387 4013 645 4065; x_wconf 85' lang='grc' dir='ltr'>ἀκούων·</span> <span class='ocrx_word' id='word_1_639' title='bbox 694 4029 712 4061; x_wconf 77' lang='grc' dir='ltr'><strong>ι</strong></span> <span class='ocrx_word' id='word_1_640' title='bbox 741 4012 810 4064; x_wconf 81' lang='grc' dir='ltr'><strong>Σὺ</strong></span> <span class='ocrx_word' id='word_1_641' title='bbox 862 4011 1105 4083; x_wconf 73' lang='grc' dir='ltr'>κληθήσῃ</span> <span class='ocrx_word' id='word_1_642' title='bbox 1156 4013 1411 4080; x_wconf 78' lang='grc' dir='ltr'>Κηφᾶς,ι</span> <span class='ocrx_word' id='word_1_643' title='bbox 1462 4011 1645 4080; x_wconf 72' lang='grc' dir='ltr'>ἕτερός</span> <span class='ocrx_word' id='word_1_644' title='bbox 1699 4013 1811 4062; x_wconf 81' lang='grc' dir='ltr'>ἐστι</span> 
     </span>
    </p>
   </div>
   <div class='ocr_carea' id='block_1_74' title="bbox 241 4100 1813 4176">
    <p class='ocr_par' dir='ltr' id='par_1_74' title="bbox 241 4100 1813 4176">
     <span class='ocr_line' id='line_1_75' title="bbox 241 4100 1813 4176; baseline -0.006 -18"><span class='ocrx_word' id='word_1_645' title='bbox 241 4104 403 4176; x_wconf 77' lang='grc' dir='ltr'>παρὰ</span> <span class='ocrx_word' id='word_1_646' title='bbox 435 4103 531 4155; x_wconf 85' lang='grc' dir='ltr'>τὸν</span> <span class='ocrx_word' id='word_1_647' title='bbox 562 4101 834 4172; x_wconf 83' lang='grc' dir='ltr'>ὁρώμενον</span> <span class='ocrx_word' id='word_1_648' title='bbox 883 4102 996 4171; x_wconf 75' lang='grc' dir='ltr'>ἅμα</span> <span class='ocrx_word' id='word_1_649' title='bbox 1039 4101 1118 4170; x_wconf 84' lang='grc' dir='ltr'>τῷ</span> <span class='ocrx_word' id='word_1_650' title='bbox 1156 4100 1362 4170; x_wconf 83' lang='grc' dir='ltr'>ἀδελφῷ</span> <span class='ocrx_word' id='word_1_651' title='bbox 1392 4101 1495 4153; x_wconf 79' lang='grc' dir='ltr'><strong>ὑπὸ</strong></span> <span class='ocrx_word' id='word_1_652' title='bbox 1539 4101 1631 4153; x_wconf 90' lang='grc' dir='ltr'><strong>τοῦ</strong></span> <span class='ocrx_word' id='word_1_653' title='bbox 1664 4116 1813 4170; x_wconf 83' lang='grc' dir='ltr'>περι-</span> 
     </span>
    </p>
   </div>
   <div class='ocr_carea' id='block_1_75' title="bbox 243 4188 1813 4262">
    <p class='ocr_par' dir='ltr' id='par_1_75' title="bbox 243 4188 1813 4262">
     <span class='ocr_line' id='line_1_76' title="bbox 243 4188 1813 4262; baseline -0.006 -13"><span class='ocrx_word' id='word_1_654' title='bbox 243 4194 556 4254; x_wconf 82' lang='grc' dir='ltr'>πατοῦντος</span> <span class='ocrx_word' id='word_1_655' title='bbox 604 4190 755 4262; x_wconf 83' lang='grc' dir='ltr'><strong>παρά</strong></span> <span class='ocrx_word' id='word_1_656' title='bbox 791 4190 888 4261; x_wconf 84' lang='grc' dir='ltr'>τὴν</span> <span class='ocrx_word' id='word_1_657' title='bbox 932 4190 1201 4243; x_wconf 81' lang='grc' dir='ltr'>θάλασσαν</span> <span class='ocrx_word' id='word_1_658' title='bbox 1249 4189 1348 4259; x_wconf 84' lang='grc' dir='ltr'>τῆς</span> <span class='ocrx_word' id='word_1_659' title='bbox 1391 4188 1672 4250; x_wconf 85' lang='grc' dir='ltr'>Γαλιλαίας</span> <span class='ocrx_word' id='word_1_660' title='bbox 1712 4189 1813 4256; x_wconf 80' lang='grc' dir='ltr'><strong>’1η-</strong></span> 
     </span>
    </p>
   </div>
   <div class='ocr_carea' id='block_1_76' title="bbox 1916 3744 3445 3814">
    <p class='ocr_par' dir='ltr' id='par_1_76' title="bbox 1916 3744 3445 3814">
     <span class='ocr_line' id='line_1_77' title="bbox 1916 3744 3445 3814; baseline 0.001 -15"><span class='ocrx_word' id='word_1_661' title='bbox 1916 3745 2259 3813; x_wconf 88' lang='lat' dir='ltr'><strong>scipulorum,</strong></span> <span class='ocrx_word' id='word_1_662' title='bbox 2287 3747 2352 3796; x_wconf 86' lang='lat' dir='ltr'><strong>de</strong></span> <span class='ocrx_word' id='word_1_663' title='bbox 2391 3744 2582 3810; x_wconf 89' lang='lat' dir='ltr'><strong>quibus</strong></span> <span class='ocrx_word' id='word_1_664' title='bbox 2622 3746 2782 3797; x_wconf 89' lang='lat' dir='ltr'><strong>etiam</strong></span> <span class='ocrx_word' id='word_1_665' title='bbox 2818 3745 2948 3813; x_wconf 89' lang='lat' dir='ltr'><strong>ipsis</strong></span> <span class='ocrx_word' id='word_1_666' title='bbox 2977 3754 3059 3799; x_wconf 89' lang='lat' dir='ltr'><strong>est</strong></span> <span class='ocrx_word' id='word_1_667' title='bbox 3090 3748 3327 3814; x_wconf 85' lang='lat' dir='ltr'><strong>quaedam</strong></span> <span class='ocrx_word' id='word_1_668' title='bbox 3361 3761 3445 3801; x_wconf 83' lang='lat' dir='ltr'><strong>se-</strong></span> 
     </span>
    </p>
   </div>
   <div class='ocr_carea' id='block_1_77' title="bbox 1910 3831 3447 3902">
    <p class='ocr_par' dir='ltr' id='par_1_77' title="bbox 1910 3831 3447 3902">
     <span class='ocr_line' id='line_1_78' title="bbox 1910 3831 3447 3902; baseline 0 -16"><span class='ocrx_word' id='word_1_669' title='bbox 1910 3833 2141 3887; x_wconf 89' lang='lat' dir='ltr'><strong>cundum</strong></span> <span class='ocrx_word' id='word_1_670' title='bbox 2159 3840 2358 3885; x_wconf 80' lang='lat' dir='ltr'><strong>textum</strong></span> <span class='ocrx_word' id='word_1_671' title='bbox 2377 3832 2721 3885; x_wconf 88' lang='lat' dir='ltr'><strong>dissonantia.</strong></span> <span class='ocrx_word' id='word_1_672' title='bbox 2740 3831 2869 3885; x_wconf 86' lang='lat' dir='ltr'><strong>Nam</strong></span> <span class='ocrx_word' id='word_1_673' title='bbox 2887 3832 3112 3888; x_wconf 86' lang='lat' dir='ltr'><strong>fortasse</strong></span> <span class='ocrx_word' id='word_1_674' title='bbox 3128 3832 3331 3899; x_wconf 89' lang='lat' dir='ltr'><strong>Simon,</strong></span> <span class='ocrx_word' id='word_1_675' title='bbox 3356 3834 3447 3902; x_wconf 86' lang='lat' dir='ltr'><strong>qui</strong></span> 
     </span>
    </p>
   </div>
   <div class='ocr_carea' id='block_1_78' title="bbox 1912 3920 3452 3985">
    <p class='ocr_par' dir='ltr' id='par_1_78' title="bbox 1912 3920 3452 3985">
     <span class='ocr_line' id='line_1_79' title="bbox 1912 3920 3452 3985; baseline 0.002 -10"><span class='ocrx_word' id='word_1_676' title='bbox 1912 3937 1941 3975; x_wconf 93' lang='lat' dir='ltr'><strong>a</strong></span> <span class='ocrx_word' id='word_1_677' title='bbox 1983 3935 2082 3975; x_wconf 91' lang='lat' dir='ltr'><strong>suo</strong></span> <span class='ocrx_word' id='word_1_678' title='bbox 2114 3920 2281 3973; x_wconf 89' lang='lat' dir='ltr'><strong>fratre</strong></span> <span class='ocrx_word' id='word_1_679' title='bbox 2301 3920 2511 3974; x_wconf 83' lang='lat' dir='ltr'><strong>Andrea</strong></span> <span class='ocrx_word' id='word_1_680' title='bbox 2544 3922 2835 3985; x_wconf 77' lang='lat' dir='ltr'><strong>invenitur,</strong></span> <span class='ocrx_word' id='word_1_681' title='bbox 2875 3932 2930 3975; x_wconf 90' lang='lat' dir='ltr'><strong>et</strong></span> <span class='ocrx_word' id='word_1_682' title='bbox 2957 3922 3142 3974; x_wconf 87' lang='lat' dir='ltr'><strong>audit:</strong></span> <span class='ocrx_word' id='word_1_683' title='bbox 3185 3939 3203 3972; x_wconf 74' lang='grc' dir='ltr'><strong>ι</strong></span> <span class='ocrx_word' id='word_1_684' title='bbox 3238 3921 3318 3976; x_wconf 85' lang='lat' dir='ltr'><strong>Tu</strong></span> <span class='ocrx_word' id='word_1_685' title='bbox 3354 3937 3452 3978; x_wconf 59' lang='lat' dir='ltr'><strong>vo»</strong></span> 
     </span>
    </p>
   </div>
   <div class='ocr_carea' id='block_1_79' title="bbox 1911 4010 3448 4080">
    <p class='ocr_par' dir='ltr' id='par_1_79' title="bbox 1911 4010 3448 4080">
     <span class='ocr_line' id='line_1_80' title="bbox 1911 4010 3448 4080; baseline 0.001 -15"><span class='ocrx_word' id='word_1_686' title='bbox 1911 4012 2122 4065; x_wconf 83' lang='lat' dir='ltr'><strong>caberis</strong></span> <span class='ocrx_word' id='word_1_687' title='bbox 2147 4011 2352 4078; x_wconf 81' lang='lat' dir='ltr'><strong>Cephas</strong></span> <span class='ocrx_word' id='word_1_688' title='bbox 2374 4010 2798 4079; x_wconf 42' lang='lat' dir='ltr'><strong>&quot;ﬂagitatione</strong></span> <span class='ocrx_word' id='word_1_689' title='bbox 2812 4011 3053 4065; x_wconf 88' lang='lat' dir='ltr'><strong>diversus</strong></span> <span class='ocrx_word' id='word_1_690' title='bbox 3078 4011 3240 4065; x_wconf 89' lang='lat' dir='ltr'><strong>estab</strong></span> <span class='ocrx_word' id='word_1_691' title='bbox 3269 4027 3332 4066; x_wconf 90' lang='lat' dir='ltr'><strong>eo</strong></span> <span class='ocrx_word' id='word_1_692' title='bbox 3357 4013 3448 4080; x_wconf 87' lang='lat' dir='ltr'><strong>qui</strong></span> 
     </span>
    </p>
   </div>
   <div class='ocr_carea' id='block_1_80' title="bbox 1913 4096 3450 4166">
    <p class='ocr_par' dir='ltr' id='par_1_80' title="bbox 1913 4096 3450 4166">
     <span class='ocr_line' id='line_1_81' title="bbox 1913 4096 3450 4166; baseline 0.001 -14"><span class='ocrx_word' id='word_1_693' title='bbox 1913 4104 2123 4155; x_wconf 83' lang='lat' dir='ltr'><strong>\idetur</strong></span> <span class='ocrx_word' id='word_1_694' title='bbox 2158 4115 2278 4153; x_wconf 91' lang='lat' dir='ltr'><strong>cum</strong></span> <span class='ocrx_word' id='word_1_695' title='bbox 2325 4099 2492 4151; x_wconf 87' lang='lat' dir='ltr'><strong>fratre</strong></span> <span class='ocrx_word' id='word_1_696' title='bbox 2522 4112 2549 4148; x_wconf 90' lang='lat' dir='ltr'><strong>a</strong></span> <span class='ocrx_word' id='word_1_697' title='bbox 2579 4096 2702 4150; x_wconf 84' lang='lat' dir='ltr'><strong>Jesu</strong></span> <span class='ocrx_word' id='word_1_698' title='bbox 2722 4098 3112 4157; x_wconf 79' lang='lat' dir='ltr'><strong>,deambulaute</strong></span> <span class='ocrx_word' id='word_1_699' title='bbox 3132 4099 3279 4166; x_wconf 84' lang='lat' dir='ltr'><strong>juxta</strong></span> <span class='ocrx_word' id='word_1_700' title='bbox 3303 4114 3450 4154; x_wconf 83' lang='lat' dir='ltr'><strong>mare</strong></span> 
     </span>
    </p>
   </div>
   <div class='ocr_carea' id='block_1_81' title="bbox 1910 4188 3444 4256">
    <p class='ocr_par' dir='ltr' id='par_1_81' title="bbox 1910 4188 3444 4256">
     <span class='ocr_line' id='line_1_82' title="bbox 1910 4188 3444 4256; baseline -0.001 -12"><span class='ocrx_word' id='word_1_701' title='bbox 1910 4189 2140 4244; x_wconf 66' lang='lat' dir='ltr'><strong>Galilzcte</strong></span> <span class='ocrx_word' id='word_1_702' title='bbox 2166 4206 2180 4253; x_wconf 92' lang='lat'><strong>;</strong></span> <span class='ocrx_word' id='word_1_703' title='bbox 2220 4188 2458 4241; x_wconf 89' lang='lat' dir='ltr'><strong>diversus</strong></span> <span class='ocrx_word' id='word_1_704' title='bbox 2478 4188 2641 4240; x_wconf 82' lang='lat' dir='ltr'><strong>etiam</strong></span> <span class='ocrx_word' id='word_1_705' title='bbox 2669 4188 2735 4240; x_wconf 87' lang='lat' dir='ltr'><strong>ab</strong></span> <span class='ocrx_word' id='word_1_706' title='bbox 2765 4203 2828 4241; x_wconf 92' lang='lat' dir='ltr'><strong>eo</strong></span> <span class='ocrx_word' id='word_1_707' title='bbox 2850 4190 2938 4256; x_wconf 90' lang='lat' dir='ltr'><strong>qui</strong></span> <span class='ocrx_word' id='word_1_708' title='bbox 2965 4204 3082 4241; x_wconf 87' lang='lat' dir='ltr'><strong>cum</strong></span> <span class='ocrx_word' id='word_1_709' title='bbox 3123 4188 3212 4242; x_wconf 91' lang='lat' dir='ltr'><strong>illo</strong></span> <span class='ocrx_word' id='word_1_710' title='bbox 3233 4190 3444 4243; x_wconf 80' lang='lat' dir='ltr'><strong>Andrea</strong></span> 
     </span>
    </p>
   </div>
   <div class='ocr_carea' id='block_1_82' title="bbox 240 4277 1810 4349">
    <p class='ocr_par' dir='ltr' id='par_1_82' title="bbox 240 4277 1810 4349">
     <span class='ocr_line' id='line_1_83' title="bbox 240 4277 1810 4349; baseline -0.007 -11"><span class='ocrx_word' id='word_1_711' title='bbox 240 4284 365 4349; x_wconf 86' lang='grc' dir='ltr'>σοῦ,</span> <span class='ocrx_word' id='word_1_712' title='bbox 410 4285 509 4337; x_wconf 71' lang='grc' dir='ltr'><strong>καὶ</strong></span> <span class='ocrx_word' id='word_1_713' title='bbox 540 4280 806 4335; x_wconf 81' lang='grc' dir='ltr'>ἀκούοντα</span> <span class='ocrx_word' id='word_1_714' title='bbox 833 4280 943 4349; x_wconf 75' lang='grc' dir='ltr'>ἅμα</span> <span class='ocrx_word' id='word_1_715' title='bbox 989 4280 1179 4348; x_wconf 73' lang='grc' dir='ltr'>ἐκείνῳ</span> <span class='ocrx_word' id='word_1_716' title='bbox 1204 4279 1282 4348; x_wconf 83' lang='grc' dir='ltr'>τῷ</span> <span class='ocrx_word' id='word_1_717' title='bbox 1314 4278 1565 4348; x_wconf 74' lang='grc' dir='ltr'>Ἀνδρέᾳο</span> <span class='ocrx_word' id='word_1_718' title='bbox 1605 4297 1623 4327; x_wconf 77' lang='grc' dir='ltr'>ί</span> <span class='ocrx_word' id='word_1_719' title='bbox 1653 4277 1810 4328; x_wconf 84' lang='grc' dir='ltr'>Δεῦτε</span> 
     </span>
    </p>
   </div>
   <div class='ocr_carea' id='block_1_83' title="bbox 237 4367 1806 4443">
    <p class='ocr_par' dir='ltr' id='par_1_83' title="bbox 237 4367 1806 4443">
     <span class='ocr_line' id='line_1_84' title="bbox 237 4367 1806 4443; baseline -0.006 -15"><span class='ocrx_word' id='word_1_720' title='bbox 237 4377 423 4428; x_wconf 84' lang='grc' dir='ltr'>ὀπίσω</span> <span class='ocrx_word' id='word_1_721' title='bbox 478 4389 604 4443; x_wconf 89' lang='grc' dir='ltr'>μου,</span> <span class='ocrx_word' id='word_1_722' title='bbox 645 4372 740 4423; x_wconf 71' lang='grc' dir='ltr'><strong>καὶ</strong></span> <span class='ocrx_word' id='word_1_723' title='bbox 788 4372 995 4439; x_wconf 83' lang='grc' dir='ltr'>ποιήσω</span> <span class='ocrx_word' id='word_1_724' title='bbox 1026 4370 1169 4438; x_wconf 82' lang='grc' dir='ltr'>ὑμᾶς</span> <span class='ocrx_word' id='word_1_725' title='bbox 1222 4369 1388 4431; x_wconf 84' lang='grc' dir='ltr'>ἁλιεῖς</span> <span class='ocrx_word' id='word_1_726' title='bbox 1440 4367 1754 4438; x_wconf 78' lang='grc' dir='ltr'>ἀνθρώπων.</span> <span class='ocrx_word' id='word_1_727' title='bbox 1788 4385 1806 4418; x_wconf 73' lang='grc' dir='ltr'><strong>ι</strong></span> 
     </span>
    </p>
   </div>
   <div class='ocr_carea' id='block_1_84' title="bbox 239 4454 1813 4531">
    <p class='ocr_par' dir='ltr' id='par_1_84' title="bbox 239 4454 1813 4531">
     <span class='ocr_line' id='line_1_85' title="bbox 239 4454 1813 4531; baseline -0.006 -16"><span class='ocrx_word' id='word_1_728' title='bbox 239 4463 504 4531; x_wconf 84' lang='grc' dir='ltr'>Ἔπρεπε</span> <span class='ocrx_word' id='word_1_729' title='bbox 557 4458 670 4529; x_wconf 75' lang='grc' dir='ltr'><strong>γάρ</strong></span> <span class='ocrx_word' id='word_1_730' title='bbox 708 4456 785 4526; x_wconf 81' lang='grc' dir='ltr'>τῷ</span> <span class='ocrx_word' id='word_1_731' title='bbox 828 4456 945 4527; x_wconf 85' lang='grc' dir='ltr'><strong>Θεῷ</strong></span> <span class='ocrx_word' id='word_1_732' title='bbox 989 4456 1098 4527; x_wconf 85' lang='grc'><strong>(85)</strong></span> <span class='ocrx_word' id='word_1_733' title='bbox 1152 4456 1505 4526; x_wconf 85' lang='grc' dir='ltr'>λογικώτερον</span> <span class='ocrx_word' id='word_1_734' title='bbox 1544 4454 1813 4522; x_wconf 84' lang='grc' dir='ltr'>ἀπαγγέλ-</span> 
     </span>
    </p>
   </div>
   <div class='ocr_carea' id='block_1_85' title="bbox 234 4542 1810 4618">
    <p class='ocr_par' dir='ltr' id='par_1_85' title="bbox 234 4542 1810 4618">
     <span class='ocr_line' id='line_1_86' title="bbox 234 4542 1810 4618; baseline -0.009 -13"><span class='ocrx_word' id='word_1_735' title='bbox 234 4552 389 4604; x_wconf 86' lang='grc' dir='ltr'>λοντι</span> <span class='ocrx_word' id='word_1_736' title='bbox 443 4548 579 4618; x_wconf 69' lang='grc' dir='ltr'>περὶ</span> <span class='ocrx_word' id='word_1_737' title='bbox 629 4546 724 4598; x_wconf 88' lang='grc' dir='ltr'><strong>τοῦ</strong></span> <span class='ocrx_word' id='word_1_738' title='bbox 770 4546 1055 4615; x_wconf 79' lang='grc' dir='ltr'>γενομένου</span> <span class='ocrx_word' id='word_1_739' title='bbox 1093 4545 1289 4612; x_wconf 77' lang='grc' dir='ltr'>σαρκὸς</span> <span class='ocrx_word' id='word_1_740' title='bbox 1334 4545 1526 4611; x_wconf 86' lang='grc' dir='ltr'>Λόγου,</span> <span class='ocrx_word' id='word_1_741' title='bbox 1574 4542 1666 4595; x_wconf 82' lang='grc' dir='ltr'><strong>καὶ</strong></span> <span class='ocrx_word' id='word_1_742' title='bbox 1713 4542 1810 4609; x_wconf 77' lang='grc' dir='ltr'>τὴν</span> 
     </span>
    </p>
   </div>
   <div class='ocr_carea' id='block_1_86' title="bbox 232 4630 1817 4713">
    <p class='ocr_par' dir='ltr' id='par_1_86' title="bbox 232 4630 1810 4713">
     <span class='ocr_line' id='line_1_87' title="bbox 232 4630 1810 4713; baseline -0.009 -17"><span class='ocrx_word' id='word_1_743' title='bbox 232 4642 460 4713; x_wconf 77' lang='grc' dir='ltr'>γένεσιν</span> <span class='ocrx_word' id='word_1_744' title='bbox 489 4639 581 4691; x_wconf 84' lang='grc' dir='ltr'>διὰ</span> <span class='ocrx_word' id='word_1_745' title='bbox 606 4636 764 4689; x_wconf 89' lang='grc' dir='ltr'>τοῦτο</span> <span class='ocrx_word' id='word_1_746' title='bbox 797 4637 869 4707; x_wconf 81' lang='grc' dir='ltr'>μὴ</span> <span class='ocrx_word' id='word_1_747' title='bbox 898 4634 1267 4707; x_wconf 81' lang='grc' dir='ltr'>ἀναγράψαντι</span> <span class='ocrx_word' id='word_1_748' title='bbox 1292 4633 1384 4688; x_wconf 87' lang='grc' dir='ltr'><strong>τοῦ</strong></span> <span class='ocrx_word' id='word_1_749' title='bbox 1417 4634 1474 4685; x_wconf 81' lang='grc' dir='ltr'><strong>ἐν</strong></span> <span class='ocrx_word' id='word_1_750' title='bbox 1497 4634 1633 4702; x_wconf 84' lang='grc' dir='ltr'>ἀρχῇ</span> <span class='ocrx_word' id='word_1_751' title='bbox 1676 4630 1810 4698; x_wconf 79' lang='grc' dir='ltr'>πρὸς</span> 
     </span>
    </p>
   </div>
   <div class='ocr_carea' id='block_1_87' title="bbox 1921 4630 3454 4713">
    <p class='ocr_par' dir='ltr' id='par_1_87' title="bbox 1921 4630 3454 4700">
     <span class='ocr_line' id='line_1_88' title="bbox 1921 4630 3454 4700; baseline -0.001 -13"><span class='ocrx_word' id='word_1_752' title='bbox 1921 4648 2137 4687; x_wconf 83' lang='lat' dir='ltr'><strong>causam</strong></span> <span class='ocrx_word' id='word_1_753' title='bbox 2176 4647 2279 4684; x_wconf 92' lang='lat' dir='ltr'><strong>non</strong></span> <span class='ocrx_word' id='word_1_754' title='bbox 2313 4632 2525 4700; x_wconf 87' lang='lat' dir='ltr'><strong>scripsit</strong></span> <span class='ocrx_word' id='word_1_755' title='bbox 2558 4630 2677 4684; x_wconf 87' lang='lat' dir='ltr'><strong>Filii</strong></span> <span class='ocrx_word' id='word_1_756' title='bbox 2712 4632 2798 4685; x_wconf 90' lang='lat' dir='ltr'><strong>Dei</strong></span> <span class='ocrx_word' id='word_1_757' title='bbox 2829 4633 3141 4686; x_wconf 79' lang='lat' dir='ltr'><strong>exsistcntis</strong></span> <span class='ocrx_word' id='word_1_758' title='bbox 3174 4633 3225 4684; x_wconf 93' lang='lat' dir='ltr'><strong>in</strong></span> <span class='ocrx_word' id='word_1_759' title='bbox 3257 4631 3454 4700; x_wconf 86' lang='lat' dir='ltr'><strong>princi—</strong></span> 
     </span>
    </p>
   </div>
   <div class='ocr_carea' id='block_1_88' title="bbox 231 4719 1817 4794">
    <p class='ocr_par' dir='ltr' id='par_1_88' title="bbox 231 4719 1810 4794">
     <span class='ocr_line' id='line_1_89' title="bbox 231 4719 1810 4794; baseline -0.01 -10"><span class='ocrx_word' id='word_1_760' title='bbox 231 4732 327 4784; x_wconf 77' lang='grc' dir='ltr'>τὸν</span> <span class='ocrx_word' id='word_1_761' title='bbox 362 4727 503 4781; x_wconf 79' lang='grc' dir='ltr'>Θεὸν</span> <span class='ocrx_word' id='word_1_762' title='bbox 531 4725 731 4792; x_wconf 85' lang='grc' dir='ltr'>Λόγου,</span> <span class='ocrx_word' id='word_1_763' title='bbox 770 4724 901 4794; x_wconf 78' lang='grc' dir='ltr'>μηδὲ</span> <span class='ocrx_word' id='word_1_764' title='bbox 938 4723 1028 4775; x_wconf 83' lang='grc' dir='ltr'>τὸν</span> <span class='ocrx_word' id='word_1_765' title='bbox 1078 4722 1224 4792; x_wconf 88' lang='grc' dir='ltr'><strong>παρά</strong></span> <span class='ocrx_word' id='word_1_766' title='bbox 1264 4724 1328 4792; x_wconf 83' lang='grc' dir='ltr'>τῇ</span> <span class='ocrx_word' id='word_1_767' title='bbox 1370 4720 1605 4790; x_wconf 80' lang='grc' dir='ltr'>θαλάσση</span> <span class='ocrx_word' id='word_1_768' title='bbox 1648 4719 1810 4788; x_wconf 83' lang='grc' dir='ltr'>εὑρη-</span> 
     </span>
    </p>
   </div>
   <div class='ocr_carea' id='block_1_89' title="bbox 1921 4719 3452 4794">
    <p class='ocr_par' dir='ltr' id='par_1_89' title="bbox 1921 4719 3452 4790">
     <span class='ocr_line' id='line_1_90' title="bbox 1921 4719 3452 4790; baseline -0.002 -17"><span class='ocrx_word' id='word_1_769' title='bbox 1921 4722 1999 4790; x_wconf 83' lang='lat' dir='ltr'><strong>pio</strong></span> <span class='ocrx_word' id='word_1_770' title='bbox 2049 4723 2187 4789; x_wconf 79' lang='lat' dir='ltr'><strong>apud</strong></span> <span class='ocrx_word' id='word_1_771' title='bbox 2240 4719 2522 4784; x_wconf 86' lang='lat' dir='ltr'><strong>Deum,.ue</strong></span> <span class='ocrx_word' id='word_1_772' title='bbox 2555 4721 2828 4773; x_wconf 86' lang='lat' dir='ltr'><strong>inventum</strong></span> <span class='ocrx_word' id='word_1_773' title='bbox 2853 4719 3065 4787; x_wconf 81' lang='lat' dir='ltr'><strong>quidem</strong></span> <span class='ocrx_word' id='word_1_774' title='bbox 3094 4719 3235 4786; x_wconf 86' lang='lat' dir='ltr'><strong>apud</strong></span> <span class='ocrx_word' id='word_1_775' title='bbox 3281 4732 3452 4781; x_wconf 84' lang='lat' dir='ltr'><strong>mare,</strong></span> 
     </span>
    </p>
   </div>
   <div class='ocr_carea' id='block_1_90' title="bbox 232 4807 1817 4890">
    <p class='ocr_par' dir='ltr' id='par_1_90' title="bbox 232 4807 1808 4890">
     <span class='ocr_line' id='line_1_91' title="bbox 232 4807 1808 4890; baseline -0.011 -16"><span class='ocrx_word' id='word_1_776' title='bbox 232 4819 427 4890; x_wconf 71' lang='grc' dir='ltr'>μένον,</span> <span class='ocrx_word' id='word_1_777' title='bbox 456 4815 557 4868; x_wconf 76' lang='grc' dir='ltr'>καὶ</span> <span class='ocrx_word' id='word_1_778' title='bbox 590 4812 796 4866; x_wconf 80' lang='grc' dir='ltr'>ἐκεῖθεν</span> <span class='ocrx_word' id='word_1_779' title='bbox 844 4811 1173 4881; x_wconf 84' lang='grc' dir='ltr'>καλούμενον</span> <span class='ocrx_word' id='word_1_780' title='bbox 1216 4813 1407 4872; x_wconf 84' lang='grc' dir='ltr'>εἰπεῖν,</span> <span class='ocrx_word' id='word_1_781' title='bbox 1437 4808 1567 4860; x_wconf 77' lang='grc' dir='ltr'>ἀλλὰ</span> <span class='ocrx_word' id='word_1_782' title='bbox 1591 4807 1679 4858; x_wconf 79' lang='grc' dir='ltr'><strong>τὸν</strong></span> <span class='ocrx_word' id='word_1_783' title='bbox 1722 4807 1808 4858; x_wconf 66' lang='lat'><strong>56-</strong></span> 
     </span>
    </p>
   </div>
   <div class='ocr_carea' id='block_1_91' title="bbox 1921 4807 3450 4890">
    <p class='ocr_par' dir='ltr' id='par_1_91' title="bbox 1921 4808 3450 4877">
     <span class='ocr_line' id='line_1_92' title="bbox 1921 4808 3450 4877; baseline -0.002 -15"><span class='ocrx_word' id='word_1_784' title='bbox 1921 4811 2142 4877; x_wconf 89' lang='lat' dir='ltr'><strong>iudeque</strong></span> <span class='ocrx_word' id='word_1_785' title='bbox 2182 4817 2427 4861; x_wconf 84' lang='lat' dir='ltr'><strong>vocatum</strong></span> <span class='ocrx_word' id='word_1_786' title='bbox 2481 4808 2682 4872; x_wconf 84' lang='lat' dir='ltr'><strong>dicere,</strong></span> <span class='ocrx_word' id='word_1_787' title='bbox 2719 4811 2810 4862; x_wconf 89' lang='lat' dir='ltr'><strong>sed</strong></span> <span class='ocrx_word' id='word_1_788' title='bbox 2865 4822 3083 4862; x_wconf 88' lang='lat' dir='ltr'><strong>narrare</strong></span> <span class='ocrx_word' id='word_1_789' title='bbox 3121 4809 3390 4861; x_wconf 84' lang='lat' dir='ltr'><strong>inventqu</strong></span> <span class='ocrx_word' id='word_1_790' title='bbox 3420 4821 3450 4859; x_wconf 91' lang='lat' dir='ltr'><strong>a</strong></span> 
     </span>
    </p>
   </div>
   <div class='ocr_carea' id='block_1_92' title="bbox 231 4879 1817 4982">
    <p class='ocr_par' dir='ltr' id='par_1_92' title="bbox 231 4879 1804 4982">
     <span class='ocr_line' id='line_1_93' title="bbox 231 4879 1804 4982; baseline -0.011 -18"><span class='ocrx_word' id='word_1_791' title='bbox 231 4879 578 4982; x_wconf 68' lang='grc' dir='ltr'>ρισκόμενον</span> <span class='ocrx_word' id='word_1_792' title='bbox 629 4905 734 4956; x_wconf 84' lang='grc' dir='ltr'><strong>ὑπὸ</strong></span> <span class='ocrx_word' id='word_1_793' title='bbox 785 4902 876 4954; x_wconf 85' lang='grc' dir='ltr'><strong>τοῦ</strong></span> <span class='ocrx_word' id='word_1_794' title='bbox 935 4879 1162 4968; x_wconf 84' lang='grc' dir='ltr'>ἀδελφοῦ</span> <span class='ocrx_word' id='word_1_795' title='bbox 1217 4900 1490 4969; x_wconf 85' lang='grc' dir='ltr'>μείναντος</span> <span class='ocrx_word' id='word_1_796' title='bbox 1541 4896 1688 4966; x_wconf 69' lang='grc' dir='ltr'>ποιρά</span> <span class='ocrx_word' id='word_1_797' title='bbox 1730 4894 1804 4965; x_wconf 83' lang='grc' dir='ltr'>τῷ</span> 
     </span>
    </p>
   </div>
   <div class='ocr_carea' id='block_1_93' title="bbox 1921 4879 3453 4982">
    <p class='ocr_par' dir='ltr' id='par_1_93' title="bbox 1921 4895 3453 4965">
     <span class='ocr_line' id='line_1_94' title="bbox 1921 4895 3453 4965; baseline -0.003 -13"><span class='ocrx_word' id='word_1_798' title='bbox 1921 4902 2101 4964; x_wconf 88' lang='lat' dir='ltr'><strong>fratre,</strong></span> <span class='ocrx_word' id='word_1_799' title='bbox 2151 4899 2237 4965; x_wconf 89' lang='lat' dir='ltr'><strong>qui</strong></span> <span class='ocrx_word' id='word_1_800' title='bbox 2275 4899 2475 4951; x_wconf 87' lang='lat' dir='ltr'><strong>mansit</strong></span> <span class='ocrx_word' id='word_1_801' title='bbox 2516 4899 2653 4964; x_wconf 87' lang='lat' dir='ltr'><strong>apud</strong></span> <span class='ocrx_word' id='word_1_802' title='bbox 2693 4896 2872 4953; x_wconf 83' lang='lat' dir='ltr'><strong>Jesum</strong></span> <span class='ocrx_word' id='word_1_803' title='bbox 2922 4898 3051 4949; x_wconf 90' lang='lat' dir='ltr'><strong>hora</strong></span> <span class='ocrx_word' id='word_1_804' title='bbox 3087 4897 3315 4958; x_wconf 84' lang='lat' dir='ltr'><strong>decima,</strong></span> <span class='ocrx_word' id='word_1_805' title='bbox 3362 4895 3453 4962; x_wconf 89' lang='lat' dir='ltr'><strong>qui</strong></span> 
     </span>
    </p>
   </div>
   <div class='ocr_carea' id='block_1_94' title="bbox 240 4983 1817 5071">
    <p class='ocr_par' dir='ltr' id='par_1_94' title="bbox 240 4985 1806 5071">
     <span class='ocr_line' id='line_1_95' title="bbox 240 4985 1806 5071; baseline -0.011 -18"><span class='ocrx_word' id='word_1_806' title='bbox 240 4997 429 5071; x_wconf 87' lang='grc' dir='ltr'>Ἰησοῦ</span> <span class='ocrx_word' id='word_1_807' title='bbox 459 4997 529 5064; x_wconf 78' lang='grc' dir='ltr'>τῇ</span> <span class='ocrx_word' id='word_1_808' title='bbox 555 4993 759 5062; x_wconf 81' lang='grc' dir='ltr'>δεκάτῃ</span> <span class='ocrx_word' id='word_1_809' title='bbox 785 4991 922 5061; x_wconf 82' lang='grc' dir='ltr'><strong>ὥρᾳ,</strong></span> <span class='ocrx_word' id='word_1_810' title='bbox 949 4991 1043 5042; x_wconf 72' lang='grc' dir='ltr'><strong>καὶ</strong></span> <span class='ocrx_word' id='word_1_811' title='bbox 1068 4988 1158 5041; x_wconf 85' lang='grc' dir='ltr'>διὰ</span> <span class='ocrx_word' id='word_1_812' title='bbox 1183 4988 1242 5040; x_wconf 85' lang='grc' dir='ltr'>τὸ</span> <span class='ocrx_word' id='word_1_813' title='bbox 1267 4986 1436 5048; x_wconf 71' lang='grc' dir='ltr'>οὕτως</span> <span class='ocrx_word' id='word_1_814' title='bbox 1465 4985 1806 5056; x_wconf 83' lang='grc' dir='ltr'>εὑρίσκεσθαι</span> 
     </span>
    </p>
   </div>
   <div class='ocr_carea' id='block_1_95' title="bbox 1921 4983 3454 5071">
    <p class='ocr_par' dir='ltr' id='par_1_95' title="bbox 1921 4983 3454 5055">
     <span class='ocr_line' id='line_1_96' title="bbox 1921 4983 3454 5055; baseline -0.005 -12"><span class='ocrx_word' id='word_1_815' title='bbox 1921 4991 2071 5043; x_wconf 81' lang='lat' dir='ltr'><strong>etiam</strong></span> <span class='ocrx_word' id='word_1_816' title='bbox 2117 5002 2183 5042; x_wconf 91' lang='lat' dir='ltr'><strong>eo</strong></span> <span class='ocrx_word' id='word_1_817' title='bbox 2215 4989 2355 5055; x_wconf 89' lang='lat' dir='ltr'><strong>quod</strong></span> <span class='ocrx_word' id='word_1_818' title='bbox 2401 4990 2477 5042; x_wconf 90' lang='lat' dir='ltr'><strong>sic</strong></span> <span class='ocrx_word' id='word_1_819' title='bbox 2524 4989 2769 5041; x_wconf 84' lang='lat' dir='ltr'><strong>inventus</strong></span> <span class='ocrx_word' id='word_1_820' title='bbox 2802 4985 2984 5046; x_wconf 89' lang='lat' dir='ltr'><strong>fuerit,</strong></span> <span class='ocrx_word' id='word_1_821' title='bbox 3016 4998 3139 5036; x_wconf 78' lang='lat' dir='ltr'><strong>mox</strong></span> <span class='ocrx_word' id='word_1_822' title='bbox 3182 4983 3454 5051; x_wconf 89' lang='lat' dir='ltr'><strong>acceperit</strong></span> 
     </span>
    </p>
   </div>
   <div class='ocr_carea' id='block_1_96' title="bbox 228 5071 1817 5152">
    <p class='ocr_par' dir='ltr' id='par_1_96' title="bbox 228 5074 1807 5152">
     <span class='ocr_line' id='line_1_97' title="bbox 228 5074 1807 5152; baseline -0.014 -7"><span class='ocrx_word' id='word_1_823' title='bbox 228 5089 445 5150; x_wconf 61' lang='grc' dir='ltr'>εὐθέως</span> <span class='ocrx_word' id='word_1_824' title='bbox 471 5082 823 5152; x_wconf 77' lang='grc' dir='ltr'>λαμϐάνοντα</span> <span class='ocrx_word' id='word_1_825' title='bbox 849 5079 911 5132; x_wconf 83' lang='grc' dir='ltr'>τὸ</span> <span class='ocrx_word' id='word_1_826' title='bbox 934 5080 1149 5150; x_wconf 80' lang='grc' dir='ltr'>Κηφᾶς.</span> <span class='ocrx_word' id='word_1_827' title='bbox 1194 5077 1249 5129; x_wconf 92' lang='lat'><strong>&#39;0</strong></span> <span class='ocrx_word' id='word_1_828' title='bbox 1278 5076 1383 5147; x_wconf 80' lang='grc' dir='ltr'><strong>γὰρ</strong></span> <span class='ocrx_word' id='word_1_829' title='bbox 1410 5077 1677 5146; x_wconf 83' lang='grc' dir='ltr'>ὁρώμενος</span> <span class='ocrx_word' id='word_1_830' title='bbox 1703 5074 1807 5126; x_wconf 80' lang='grc' dir='ltr'><strong>ὑπὸ</strong></span> 
     </span>
    </p>
   </div>
   <div class='ocr_carea' id='block_1_97' title="bbox 1921 5071 3454 5152">
    <p class='ocr_par' dir='ltr' id='par_1_97' title="bbox 1921 5071 3454 5152">
     <span class='ocr_line' id='line_1_98' title="bbox 1921 5071 3454 5152; baseline -0.006 -20"><span class='ocrx_word' id='word_1_831' title='bbox 1921 5096 2106 5133; x_wconf 86' lang='lat' dir='ltr'><strong>nomen</strong></span> <span class='ocrx_word' id='word_1_832' title='bbox 2156 5078 2369 5145; x_wconf 66' lang='lat' dir='ltr'><strong>Cephaa.</strong></span> <span class='ocrx_word' id='word_1_833' title='bbox 2422 5078 2551 5130; x_wconf 87' lang='lat' dir='ltr'><strong>Nam</strong></span> <span class='ocrx_word' id='word_1_834' title='bbox 2603 5078 2693 5145; x_wconf 91' lang='lat' dir='ltr'><strong>qui</strong></span> <span class='ocrx_word' id='word_1_835' title='bbox 2745 5077 2942 5152; x_wconf 84' lang='lat' dir='ltr'><strong>viditur</strong></span> <span class='ocrx_word' id='word_1_836' title='bbox 2992 5086 3023 5123; x_wconf 88' lang='lat' dir='ltr'><strong>a</strong></span> <span class='ocrx_word' id='word_1_837' title='bbox 3081 5071 3454 5125; x_wconf 83' lang='lat' dir='ltr'><strong>deatubulautc</strong></span> 
     </span>
    </p>
   </div>
   <div class='ocr_carea' id='block_1_98' title="bbox 230 5151 1817 5247">
    <p class='ocr_par' dir='ltr' id='par_1_98' title="bbox 230 5165 1810 5247">
     <span class='ocr_line' id='line_1_99' title="bbox 230 5165 1810 5247; baseline -0.013 -11"><span class='ocrx_word' id='word_1_838' title='bbox 230 5181 328 5236; x_wconf 69' lang='grc' dir='ltr'>σοῦ</span> <span class='ocrx_word' id='word_1_839' title='bbox 379 5171 822 5247; x_wconf 85' lang='grc' dir='ltr'>περιπατοῦντος</span> <span class='ocrx_word' id='word_1_840' title='bbox 874 5169 1021 5240; x_wconf 90' lang='grc' dir='ltr'><strong>παρά</strong></span> <span class='ocrx_word' id='word_1_841' title='bbox 1067 5168 1169 5237; x_wconf 84' lang='grc' dir='ltr'><strong>τὴν</strong></span> <span class='ocrx_word' id='word_1_842' title='bbox 1203 5167 1470 5220; x_wconf 82' lang='grc' dir='ltr'>θάλασσαν</span> <span class='ocrx_word' id='word_1_843' title='bbox 1513 5166 1608 5233; x_wconf 81' lang='grc' dir='ltr'>τῆς</span> <span class='ocrx_word' id='word_1_844' title='bbox 1657 5165 1810 5218; x_wconf 83' lang='grc' dir='ltr'>Γαλι-</span> 
     </span>
    </p>
   </div>
   <div class='ocr_carea' id='block_1_99' title="bbox 1921 5151 3458 5247">
    <p class='ocr_par' dir='ltr' id='par_1_99' title="bbox 1921 5151 3458 5234">
     <span class='ocr_line' id='line_1_100' title="bbox 1921 5151 3458 5234; baseline -0.006 -14"><span class='ocrx_word' id='word_1_845' title='bbox 1921 5167 2065 5234; x_wconf 82' lang='lat' dir='ltr'><strong>iuxta</strong></span> <span class='ocrx_word' id='word_1_846' title='bbox 2105 5183 2250 5220; x_wconf 85' lang='lat' dir='ltr'><strong>mare</strong></span> <span class='ocrx_word' id='word_1_847' title='bbox 2272 5166 2523 5228; x_wconf 66' lang='lat' dir='ltr'><strong>Galilazze,</strong></span> <span class='ocrx_word' id='word_1_848' title='bbox 2557 5167 2646 5218; x_wconf 84' lang='lat' dir='ltr'><strong>vix</strong></span> <span class='ocrx_word' id='word_1_849' title='bbox 2681 5151 2966 5231; x_wconf 82' lang='lat' dir='ltr'><strong>aliquando</strong></span> <span class='ocrx_word' id='word_1_850' title='bbox 2989 5157 3152 5211; x_wconf 86' lang='lat' dir='ltr'><strong>etiam</strong></span> <span class='ocrx_word' id='word_1_851' title='bbox 3181 5167 3301 5224; x_wconf 87' lang='lat' dir='ltr'><strong>post</strong></span> <span class='ocrx_word' id='word_1_852' title='bbox 3327 5157 3458 5211; x_wconf 76' lang='lat' dir='ltr'><strong>illud</strong></span> 
     </span>
    </p>
   </div>
   <div class='ocr_carea' id='block_1_100' title="bbox 296 5288 1817 5372">
    <p class='ocr_par' dir='ltr' id='par_1_100' title="bbox 296 5300 1812 5372">
     <span class='ocr_line' id='line_1_101' title="bbox 296 5300 1812 5372; baseline -0.012 -2"><span class='ocrx_word' id='word_1_853' title='bbox 296 5316 396 5369; x_wconf 78' lang='grc'><strong>⁸⁸1</strong></span> <span class='ocrx_word' id='word_1_854' title='bbox 428 5315 565 5369; x_wconf 86' lang='lat' dir='ltr'><strong>Cor.</strong></span> <span class='ocrx_word' id='word_1_855' title='bbox 600 5323 661 5372; x_wconf 86' lang='lat' dir='ltr'><strong>ll,</strong></span> <span class='ocrx_word' id='word_1_856' title='bbox 694 5307 783 5360; x_wconf 79' lang='lat' dir='ltr'><strong>l5.</strong></span> <span class='ocrx_word' id='word_1_857' title='bbox 880 5306 921 5338; x_wconf 85' lang='grc'><strong>⁸¹</strong></span> <span class='ocrx_word' id='word_1_858' title='bbox 951 5305 1106 5359; x_wconf 85' lang='lat' dir='ltr'><strong>Rom.</strong></span> <span class='ocrx_word' id='word_1_859' title='bbox 1133 5303 1338 5363; x_wconf 69' lang='lat' dir='ltr'><strong>vu,15,</strong></span> <span class='ocrx_word' id='word_1_860' title='bbox 1371 5304 1461 5372; x_wconf 48' lang='grc' dir='ltr'><strong>19ἑ</strong></span> <span class='ocrx_word' id='word_1_861' title='bbox 1555 5301 1598 5334; x_wconf 79' lang='grc'>⁸³</span> <span class='ocrx_word' id='word_1_862' title='bbox 1625 5300 1661 5353; x_wconf 95' lang='lat' dir='ltr'><strong>Il</strong></span> <span class='ocrx_word' id='word_1_863' title='bbox 1694 5300 1812 5372; x_wconf 75' lang='lat' dir='ltr'><strong>Cori</strong></span> 
     </span>
    </p>
   </div>
   <div class='ocr_carea' id='block_1_101' title="bbox 1921 5288 3458 5372">
    <p class='ocr_par' dir='ltr' id='par_1_101' title="bbox 1921 5288 3458 5372">
     <span class='ocr_line' id='line_1_102' title="bbox 1921 5288 3458 5372; baseline -0.001 1"><span class='ocrx_word' id='word_1_864' title='bbox 1921 5314 2059 5372; x_wconf 53' lang='grc'><strong>’.³8⁸⁸)</strong></span> <span class='ocrx_word' id='word_1_865' title='bbox 2081 5299 2134 5351; x_wconf 76' lang='grc' dir='ltr'><strong>’⁵ο</strong></span> <span class='ocrx_word' id='word_1_866' title='bbox 2204 5296 2249 5328; x_wconf 75' lang='grc'><strong>⁸³</strong></span> <span class='ocrx_word' id='word_1_867' title='bbox 2272 5295 2411 5372; x_wconf 54' lang='lat' dir='ltr'><strong>“ﬁll;</strong></span> <span class='ocrx_word' id='word_1_868' title='bbox 2434 5295 2485 5348; x_wconf 67' lang='grc' dir='ltr'><strong>δ’</strong></span> <span class='ocrx_word' id='word_1_869' title='bbox 2521 5292 2873 5372; x_wconf 45' lang='lat' dir='ltr'><strong>filim-:1&quot;,</strong></span> <span class='ocrx_word' id='word_1_870' title='bbox 2902 5288 3135 5372; x_wconf 43' lang='grc' dir='ltr'><strong>’ἐφ’</strong></span> <span class='ocrx_word' id='word_1_871' title='bbox 3176 5288 3305 5372; x_wconf 25' lang='grc' dir='ltr'><strong>-.⁸ιῖ</strong></span> <span class='ocrx_word' id='word_1_872' title='bbox 3333 5288 3458 5372; x_wconf 62' lang='grc' dir='ltr'><strong>ΟΣἸ·</strong></span> 
     </span>
    </p>
   </div>
   <div class='ocr_carea' id='block_1_102' title="bbox 218 5353 1817 5451">
    <p class='ocr_par' dir='ltr' id='par_1_102' title="bbox 218 5353 1814 5451">
     <span class='ocr_line' id='line_1_103' title="bbox 218 5353 1814 5451; baseline -0.02 0"><span class='ocrx_word' id='word_1_873' title='bbox 218 5404 315 5451; x_wconf 78' lang='grc' dir='ltr'><strong>ιη.</strong></span> <span class='ocrx_word' id='word_1_874' title='bbox 349 5353 583 5440; x_wconf 44' lang='grc' dir='ltr'><strong>ὅδῖψῇ</strong></span> <span class='ocrx_word' id='word_1_875' title='bbox 600 5353 876 5451; x_wconf 51' lang='lat' dir='ltr'><strong>&#39;1&#39;|&#39;_c:5r&#39;,3,</strong></span> <span class='ocrx_word' id='word_1_876' title='bbox 910 5353 1119 5451; x_wconf 29' lang='lat' dir='ltr'><strong>alii-&quot;3&quot;</strong></span> <span class='ocrx_word' id='word_1_877' title='bbox 1296 5353 1496 5451; x_wconf 48' lang='grc' dir='ltr'><strong>ξχιξὸς</strong></span> <span class='ocrx_word' id='word_1_878' title='bbox 1526 5385 1635 5431; x_wconf 74' lang='lat' dir='ltr'><strong>xxI,</strong></span> <span class='ocrx_word' id='word_1_879' title='bbox 1669 5368 1814 5429; x_wconf 64' lang='lat'><strong>24,2</strong></span> 
     </span>
    </p>
   </div>
   <div class='ocr_carea' id='block_1_103' title="bbox 1921 5353 3461 5451">
    <p class='ocr_par' dir='ltr' id='par_1_103' title="bbox 1922 5353 3461 5427">
     <span class='ocr_line' id='line_1_104' title="bbox 1922 5353 3461 5427; baseline 0.006 -27"><span class='ocrx_word' id='word_1_880' title='bbox 1922 5353 1997 5400; x_wconf 67' lang='lat' dir='ltr'><strong>&#39;as</strong></span> <span class='ocrx_word' id='word_1_881' title='bbox 2025 5353 2145 5422; x_wconf 61' lang='grc' dir='ltr'><strong>Ᾱει,</strong></span> <span class='ocrx_word' id='word_1_882' title='bbox 2177 5379 2311 5427; x_wconf 57' lang='grc' dir='ltr'><strong>χνηἱ</strong></span> <span class='ocrx_word' id='word_1_883' title='bbox 2344 5363 2434 5416; x_wconf 61' lang='lat'><strong>23,</strong></span> <span class='ocrx_word' id='word_1_884' title='bbox 2520 5364 2562 5394; x_wconf 72' lang='grc' dir='ltr'>ιο</span> <span class='ocrx_word' id='word_1_885' title='bbox 2597 5361 2819 5415; x_wconf 47' lang='lat' dir='ltr'><strong>num-~28</strong></span> <span class='ocrx_word' id='word_1_886' title='bbox 2914 5356 2960 5387; x_wconf 66' lang='lat'><strong>9°</strong></span> <span class='ocrx_word' id='word_1_887' title='bbox 2986 5353 3141 5409; x_wconf 78' lang='lat' dir='ltr'><strong>Joan.</strong></span> <span class='ocrx_word' id='word_1_888' title='bbox 3174 5371 3214 5421; x_wconf 86' lang='grc' dir='ltr'><strong>ι,</strong></span> <span class='ocrx_word' id='word_1_889' title='bbox 3249 5356 3342 5420; x_wconf 69' lang='grc' dir='ltr'>ιιι,</span> <span class='ocrx_word' id='word_1_890' title='bbox 3367 5356 3461 5409; x_wconf 69' lang='grc'><strong>42.</strong></span> 
     </span>
    </p>
   </div>
   <div class='ocr_carea' id='block_1_104' title="bbox 224 5439 1387 5512">
    <p class='ocr_par' dir='ltr' id='par_1_104' title="bbox 224 5439 1387 5512">
     <span class='ocr_line' id='line_1_105' title="bbox 224 5439 1387 5512; baseline -0.019 -2"><span class='ocrx_word' id='word_1_891' title='bbox 224 5439 510 5510; x_wconf 64' lang='grc' dir='ltr'>ἷῖΜοιιιι.</span> <span class='ocrx_word' id='word_1_892' title='bbox 544 5463 623 5512; x_wconf 76' lang='lat' dir='ltr'><strong>1v,</strong></span> <span class='ocrx_word' id='word_1_893' title='bbox 658 5444 744 5510; x_wconf 79' lang='grc'><strong>18,</strong></span> <span class='ocrx_word' id='word_1_894' title='bbox 778 5444 881 5507; x_wconf 83' lang='grc'><strong>19;</strong></span> <span class='ocrx_word' id='word_1_895' title='bbox 910 5440 1077 5494; x_wconf 75' lang='lat' dir='ltr'><strong>Marc.</strong></span> <span class='ocrx_word' id='word_1_896' title='bbox 1114 5457 1152 5504; x_wconf 78' lang='grc' dir='ltr'><strong>ι,</strong></span> <span class='ocrx_word' id='word_1_897' title='bbox 1191 5442 1274 5502; x_wconf 86' lang='lat' dir='ltr'><strong>l6,</strong></span> <span class='ocrx_word' id='word_1_898' title='bbox 1302 5439 1387 5489; x_wconf 78' lang='grc'>17.</span> 
     </span>
    </p>
   </div>
   <div class='ocr_carea' id='block_1_105' title="bbox 1910 4278 3531 4347">
    <p class='ocr_par' dir='ltr' id='par_1_105' title="bbox 1910 4278 3531 4347">
     <span class='ocr_line' id='line_1_106' title="bbox 1910 4278 3531 4347; baseline -0.001 -18"><span class='ocrx_word' id='word_1_899' title='bbox 1910 4280 2113 4347; x_wconf 83' lang='lat' dir='ltr'><strong>pariter</strong></span> <span class='ocrx_word' id='word_1_900' title='bbox 2143 4278 2289 4330; x_wconf 84' lang='lat' dir='ltr'><strong>audit</strong></span> <span class='ocrx_word' id='word_1_901' title='bbox 2318 4292 2333 4332; x_wconf 89' lang='lat'><strong>:</strong></span> <span class='ocrx_word' id='word_1_902' title='bbox 2366 4295 2384 4327; x_wconf 77' lang='grc' dir='ltr'><strong>ι</strong></span> <span class='ocrx_word' id='word_1_903' title='bbox 2422 4278 2610 4332; x_wconf 84' lang='lat' dir='ltr'><strong>Venite</strong></span> <span class='ocrx_word' id='word_1_904' title='bbox 2647 4289 2764 4344; x_wconf 88' lang='lat' dir='ltr'><strong>post</strong></span> <span class='ocrx_word' id='word_1_905' title='bbox 2802 4293 2906 4340; x_wconf 89' lang='lat' dir='ltr'><strong>me,</strong></span> <span class='ocrx_word' id='word_1_906' title='bbox 2934 4287 2989 4331; x_wconf 88' lang='lat' dir='ltr'><strong>et</strong></span> <span class='ocrx_word' id='word_1_907' title='bbox 3024 4278 3213 4332; x_wconf 88' lang='lat' dir='ltr'><strong>faciam</strong></span> <span class='ocrx_word' id='word_1_908' title='bbox 3244 4295 3334 4331; x_wconf 66' lang='lat' dir='ltr'><strong>vos</strong></span> <span class='ocrx_word' id='word_1_909' title='bbox 3366 4279 3448 4346; x_wconf 85' lang='lat' dir='ltr'><strong>pi-</strong></span> <span class='ocrx_word' id='word_1_910' title='bbox 3530 4324 3531 4327; x_wconf 44' lang='grc' dir='ltr'><strong>η</strong></span> 
     </span>
    </p>
   </div>
   <div class='ocr_carea' id='block_1_106' title="bbox 1911 4363 3451 4433">
    <p class='ocr_par' dir='ltr' id='par_1_106' title="bbox 1911 4363 3451 4433">
     <span class='ocr_line' id='line_1_107' title="bbox 1911 4363 3451 4433; baseline 0.001 -15"><span class='ocrx_word' id='word_1_911' title='bbox 1911 4375 2153 4418; x_wconf 84' lang='lat' dir='ltr'><strong>scatores</strong></span> <span class='ocrx_word' id='word_1_912' title='bbox 2193 4363 2462 4417; x_wconf 88' lang='lat' dir='ltr'><strong>hominum</strong></span> <span class='ocrx_word' id='word_1_913' title='bbox 2490 4364 2555 4417; x_wconf 81' lang='lat'><strong>“.</strong></span> <span class='ocrx_word' id='word_1_914' title='bbox 2594 4382 2613 4414; x_wconf 72' lang='grc' dir='ltr'><strong>ι</strong></span> <span class='ocrx_word' id='word_1_915' title='bbox 2646 4365 2873 4418; x_wconf 84' lang='lat' dir='ltr'><strong>Decebat</strong></span> <span class='ocrx_word' id='word_1_916' title='bbox 2905 4365 3045 4419; x_wconf 87' lang='lat' dir='ltr'><strong>enim</strong></span> <span class='ocrx_word' id='word_1_917' title='bbox 3069 4368 3232 4433; x_wconf 90' lang='lat' dir='ltr'><strong>utqui</strong></span> <span class='ocrx_word' id='word_1_918' title='bbox 3261 4381 3451 4421; x_wconf 85' lang='lat' dir='ltr'><strong>renuu-</strong></span> 
     </span>
    </p>
   </div>
   <div class='ocr_carea' id='block_1_107' title="bbox 1916 4452 3452 4524">
    <p class='ocr_par' dir='ltr' id='par_1_107' title="bbox 1916 4452 3452 4524">
     <span class='ocr_line' id='line_1_108' title="bbox 1916 4452 3452 4524; baseline 0.001 -17"><span class='ocrx_word' id='word_1_919' title='bbox 1916 4455 2081 4507; x_wconf 88' lang='lat' dir='ltr'><strong>tiabat</strong></span> <span class='ocrx_word' id='word_1_920' title='bbox 2128 4453 2366 4506; x_wconf 88' lang='lat' dir='ltr'><strong>solidiori</strong></span> <span class='ocrx_word' id='word_1_921' title='bbox 2403 4455 2608 4506; x_wconf 86' lang='lat' dir='ltr'><strong>ratione</strong></span> <span class='ocrx_word' id='word_1_922' title='bbox 2646 4455 2710 4506; x_wconf 88' lang='lat' dir='ltr'><strong>de</strong></span> <span class='ocrx_word' id='word_1_923' title='bbox 2747 4453 2918 4523; x_wconf 84' lang='grc' dir='ltr'>Λόγῳ,</span> <span class='ocrx_word' id='word_1_924' title='bbox 2952 4452 3079 4524; x_wconf 82' lang='grc' dir='ltr'>[Ιιοο</span> <span class='ocrx_word' id='word_1_925' title='bbox 3105 4464 3188 4507; x_wconf 87' lang='lat' dir='ltr'><strong>est</strong></span> <span class='ocrx_word' id='word_1_926' title='bbox 3220 4456 3285 4507; x_wconf 89' lang='lat' dir='ltr'><strong>de</strong></span> <span class='ocrx_word' id='word_1_927' title='bbox 3317 4453 3452 4508; x_wconf 88' lang='lat' dir='ltr'><strong>Filio</strong></span> 
     </span>
    </p>
   </div>
   <div class='ocr_carea' id='block_1_108' title="bbox 1912 4541 3452 4614">
    <p class='ocr_par' dir='ltr' id='par_1_108' title="bbox 1912 4541 3452 4614">
     <span class='ocr_line' id='line_1_109' title="bbox 1912 4541 3452 4614; baseline -0.001 -17"><span class='ocrx_word' id='word_1_928' title='bbox 1912 4542 2051 4614; x_wconf 88' lang='lat' dir='ltr'><strong>Dci,]</strong></span> <span class='ocrx_word' id='word_1_929' title='bbox 2074 4544 2161 4610; x_wconf 90' lang='lat' dir='ltr'><strong>qui</strong></span> <span class='ocrx_word' id='word_1_930' title='bbox 2203 4541 2373 4595; x_wconf 88' lang='lat' dir='ltr'><strong>factus</strong></span> <span class='ocrx_word' id='word_1_931' title='bbox 2405 4552 2487 4596; x_wconf 90' lang='lat' dir='ltr'><strong>est</strong></span> <span class='ocrx_word' id='word_1_932' title='bbox 2513 4557 2659 4604; x_wconf 84' lang='lat' dir='ltr'><strong>caro,</strong></span> <span class='ocrx_word' id='word_1_933' title='bbox 2688 4545 2779 4611; x_wconf 91' lang='lat' dir='ltr'><strong>qui</strong></span> <span class='ocrx_word' id='word_1_934' title='bbox 2817 4544 2975 4596; x_wconf 88' lang='lat' dir='ltr'><strong>etiam</strong></span> <span class='ocrx_word' id='word_1_935' title='bbox 3003 4552 3178 4597; x_wconf 90' lang='lat' dir='ltr'><strong>ortum</strong></span> <span class='ocrx_word' id='word_1_936' title='bbox 3214 4544 3349 4597; x_wconf 86' lang='lat' dir='ltr'><strong>hanc</strong></span> <span class='ocrx_word' id='word_1_937' title='bbox 3384 4543 3452 4596; x_wconf 88' lang='lat' dir='ltr'><strong>ob</strong></span> 
     </span>
    </p>
   </div>
   <div class='ocr_carea' id='block_1_109' title="bbox 301 5549 1817 5665">
    <p class='ocr_par' dir='ltr' id='par_1_109' title="bbox 301 5570 1803 5665">
     <span class='ocr_line' id='line_1_110' title="bbox 301 5570 1803 5665; baseline 0 0"><span class='ocrx_word' id='word_1_938' title='bbox 301 5593 421 5665; x_wconf 64' lang='grc' dir='ltr'><strong>(δε)</strong></span> <span class='ocrx_word' id='word_1_939' title='bbox 466 5586 655 5642; x_wconf 66' lang='lat' dir='ltr'><strong>Codex</strong></span> <span class='ocrx_word' id='word_1_940' title='bbox 705 5581 947 5665; x_wconf 55' lang='grc' dir='ltr'>βεείυερ.</span> <span class='ocrx_word' id='word_1_941' title='bbox 968 5572 1482 5665; x_wconf 30' lang='lat' dir='ltr'><strong>exercitae“??-</strong></span> <span class='ocrx_word' id='word_1_942' title='bbox 1626 5575 1803 5665; x_wconf 54' lang='lat' dir='ltr'><strong>male?</strong></span> 
     </span>
    </p>
   </div>
   <div class='ocr_carea' id='block_1_110' title="bbox 1921 5549 3466 5665">
    <p class='ocr_par' dir='ltr' id='par_1_110' title="bbox 1921 5549 3466 5665">
     <span class='ocr_line' id='line_1_111' title="bbox 1921 5549 3466 5638; baseline -0.012 -12"><span class='ocrx_word' id='word_1_943' title='bbox 1921 5574 2050 5638; x_wconf 81' lang='grc' dir='ltr'>τοὺς</span> <span class='ocrx_word' id='word_1_944' title='bbox 2068 5570 2185 5627; x_wconf 84' lang='grc' dir='ltr'><strong>ὑπὸ</strong></span> <span class='ocrx_word' id='word_1_945' title='bbox 2205 5570 2388 5637; x_wconf 78' lang='grc' dir='ltr'>νόμον</span> <span class='ocrx_word' id='word_1_946' title='bbox 2412 5567 2687 5637; x_wconf 77' lang='grc' dir='ltr'>κερδήσῃ.</span> <span class='ocrx_word' id='word_1_947' title='bbox 2714 5568 2791 5621; x_wconf 89' lang='lat' dir='ltr'><strong>lta</strong></span> <span class='ocrx_word' id='word_1_948' title='bbox 2819 5559 2953 5617; x_wconf 84' lang='lat' dir='ltr'><strong>cod.</strong></span> <span class='ocrx_word' id='word_1_949' title='bbox 2975 5553 3155 5613; x_wconf 67' lang='lat' dir='ltr'><strong>Bodl-3</strong></span> <span class='ocrx_word' id='word_1_950' title='bbox 3176 5549 3318 5603; x_wconf 70' lang='lat' dir='ltr'><strong>male</strong></span> <span class='ocrx_word' id='word_1_951' title='bbox 3338 5565 3466 5602; x_wconf 66' lang='lat' dir='ltr'><strong>vero</strong></span> 
     </span>
     <span class='ocr_line' id='line_1_112' title="bbox 1921 5621 3180 5665; baseline -0.008 4"><span class='ocrx_word' id='word_1_952' title='bbox 1921 5645 2074 5665; x_wconf 56' lang='lat' dir='ltr'><strong>Ma--.</strong></span> <span class='ocrx_word' id='word_1_953' title='bbox 2104 5639 2293 5665; x_wconf 66' lang='grc' dir='ltr'>ι)..,.ε....</span> <span class='ocrx_word' id='word_1_954' title='bbox 2346 5637 2431 5665; x_wconf 62' lang='grc' dir='ltr'>...Α</span> <span class='ocrx_word' id='word_1_955' title='bbox 2458 5642 2566 5665; x_wconf 67' lang='grc'><strong>..-7-</strong></span> <span class='ocrx_word' id='word_1_956' title='bbox 2594 5638 2693 5665; x_wconf 67' lang='grc' dir='ltr'>.·.-λ</span> <span class='ocrx_word' id='word_1_957' title='bbox 2720 5636 2884 5665; x_wconf 60' lang='lat' dir='ltr'><strong>mium.</strong></span> <span class='ocrx_word' id='word_1_958' title='bbox 2920 5621 3180 5665; x_wconf 64' lang='grc' dir='ltr'>νεοδῇση,</span> 
     </span>
    </p>
   </div>
   <div class='ocr_carea' id='block_1_111' title="bbox 217 5621 1817 5718">
    <p class='ocr_par' dir='ltr' id='par_1_111' title="bbox 217 5621 1806 5718">
     <span class='ocr_line' id='line_1_113' title="bbox 301 5621 1803 5665; baseline -0.008 -18"><span class='ocrx_word' id='word_1_959' title='bbox 301 5621 420 5665; x_wconf 52' lang='lat'><strong>‘00)</strong></span> <span class='ocrx_word' id='word_1_960' title='bbox 467 5621 655 5642; x_wconf 77' lang='lat' dir='ltr'><strong>uvuw-</strong></span> <span class='ocrx_word' id='word_1_961' title='bbox 709 5621 933 5649; x_wconf 75' lang='grc' dir='ltr'><strong>--νοη-υν</strong></span> <span class='ocrx_word' id='word_1_962' title='bbox 968 5621 1245 5653; x_wconf 46' lang='lat' dir='ltr'><strong>“ww-ruﬁ-</strong></span> <span class='ocrx_word' id='word_1_963' title='bbox 1298 5621 1391 5636; x_wconf 71' lang='lat' dir='ltr'><strong>-—-v</strong></span> <span class='ocrx_word' id='word_1_964' title='bbox 1436 5621 1479 5625; x_wconf 86' lang='lat'><strong>--</strong></span> <span class='ocrx_word' id='word_1_965' title='bbox 1512 5621 1596 5652; x_wconf 50' lang='grc' dir='ltr'><strong>,ζον</strong></span> <span class='ocrx_word' id='word_1_966' title='bbox 1635 5621 1803 5636; x_wconf 55' lang='grc' dir='ltr'><strong>-ν-ηνν,</strong></span> 
     </span>
     <span class='ocr_line' id='line_1_114' title="bbox 217 5648 1806 5718; baseline -0.013 -1"><span class='ocrx_word' id='word_1_967' title='bbox 217 5662 580 5718; x_wconf 67' lang='grc' dir='ltr'>Ποιιιοίαηυε</span> <span class='ocrx_word' id='word_1_968' title='bbox 647 5661 832 5704; x_wconf 87' lang='lat' dir='ltr'><strong>autem</strong></span> <span class='ocrx_word' id='word_1_969' title='bbox 897 5658 953 5701; x_wconf 87' lang='lat' dir='ltr'><strong>et</strong></span> <span class='ocrx_word' id='word_1_970' title='bbox 1010 5648 1336 5699; x_wconf 84' lang='lat' dir='ltr'><strong>Barbermus</strong></span> <span class='ocrx_word' id='word_1_971' title='bbox 1397 5654 1454 5695; x_wconf 83' lang='lat' dir='ltr'><strong>ut</strong></span> <span class='ocrx_word' id='word_1_972' title='bbox 1511 5659 1560 5695; x_wconf 85' lang='lat' dir='ltr'><strong>III</strong></span> <span class='ocrx_word' id='word_1_973' title='bbox 1626 5655 1806 5696; x_wconf 86' lang='lat' dir='ltr'><strong>nostro</strong></span> 
     </span>
    </p>
   </div>
   <div class='ocr_carea' id='block_1_112' title="bbox 1921 5621 3180 5718">
    <p class='ocr_par' dir='ltr' id='par_1_112' title="bbox 1921 5621 3180 5718">
     <span class='ocr_line' id='line_1_115' title="bbox 1921 5621 3180 5718; baseline -0.021 -23"><span class='ocrx_word' id='word_1_974' title='bbox 1921 5621 2437 5718; x_wconf 35' lang='grc' dir='ltr'><strong>εοᾷξδζῐίἠοεξιιέέβαὶ</strong></span> <span class='ocrx_word' id='word_1_975' title='bbox 2458 5621 2580 5701; x_wconf 62' lang='grc' dir='ltr'>τοῖς</span> <span class='ocrx_word' id='word_1_976' title='bbox 2594 5621 3180 5718; x_wconf 38' lang='grc' dir='ltr'>ὑπὸηνόμονλῖιε</span> 
     </span>
    </p>
   </div>
   <div class='ocr_carea' id='block_1_113' title="bbox 219 5688 1817 5786">
    <p class='ocr_par' dir='ltr' id='par_1_113' title="bbox 219 5688 1802 5786">
     <span class='ocr_line' id='line_1_116' title="bbox 219 5688 1802 5718; baseline 0 -14"><span class='ocrx_word' id='word_1_977' title='bbox 219 5688 580 5718; x_wconf 60' lang='grc' dir='ltr'><strong>³’.οιιιυιαιιυυ</strong></span> <span class='ocrx_word' id='word_1_978' title='bbox 647 5688 832 5704; x_wconf 57' lang='grc' dir='ltr'><strong>ανον-ιι</strong></span> <span class='ocrx_word' id='word_1_979' title='bbox 899 5688 953 5701; x_wconf 68' lang='grc' dir='ltr'><strong>ν’</strong></span> <span class='ocrx_word' id='word_1_980' title='bbox 1010 5688 1102 5699; x_wconf 63' lang='grc' dir='ltr'><strong>νυ·</strong></span> <span class='ocrx_word' id='word_1_981' title='bbox 1119 5688 1202 5699; x_wconf 69' lang='grc' dir='ltr'><strong>νν⁹</strong></span> <span class='ocrx_word' id='word_1_982' title='bbox 1223 5688 1335 5696; x_wconf 76' lang='lat'><strong>&quot;&quot;&quot;&#39;</strong></span> <span class='ocrx_word' id='word_1_983' title='bbox 1400 5688 1454 5695; x_wconf 78' lang='lat'><strong>&quot;&#39;</strong></span> <span class='ocrx_word' id='word_1_984' title='bbox 1512 5688 1560 5695; x_wconf 85' lang='grc'><strong>’““</strong></span> <span class='ocrx_word' id='word_1_985' title='bbox 1626 5688 1761 5695; x_wconf 73' lang='lat'><strong>&quot;&quot;&#39;&quot;</strong></span> <span class='ocrx_word' id='word_1_986' title='bbox 1780 5688 1802 5696; x_wconf 72' lang='lat'>&quot;</span> 
     </span>
     <span class='ocr_line' id='line_1_117' title="bbox 219 5742 1735 5786; baseline 0.001 -2"><span class='ocrx_word' id='word_1_987' title='bbox 219 5744 236 5784; x_wconf 79' lang='grc' dir='ltr'><strong>ι</strong></span> <span class='ocrx_word' id='word_1_988' title='bbox 262 5742 416 5786; x_wconf 71' lang='lat' dir='ltr'><strong>:Sm-</strong></span> <span class='ocrx_word' id='word_1_989' title='bbox 558 5748 563 5753; x_wconf 83' lang='lat'><strong>&#39;</strong></span> <span class='ocrx_word' id='word_1_990' title='bbox 713 5784 718 5786; x_wconf 79' lang='lat'><strong><em>_</em></strong></span> <span class='ocrx_word' id='word_1_991' title='bbox 890 5784 892 5786; x_wconf 74' lang='grc'><strong>,</strong></span> <span class='ocrx_word' id='word_1_992' title='bbox 1015 5782 1023 5786; x_wconf 82' lang='grc'><strong>.</strong></span> <span class='ocrx_word' id='word_1_993' title='bbox 1218 5779 1229 5786; x_wconf 92' lang='grc'><strong>.</strong></span> <span class='ocrx_word' id='word_1_994' title='bbox 1333 5781 1342 5786; x_wconf 93' lang='grc'><strong>.</strong></span> <span class='ocrx_word' id='word_1_995' title='bbox 1412 5777 1422 5786; x_wconf 94' lang='grc'><strong>.</strong></span> <span class='ocrx_word' id='word_1_996' title='bbox 1528 5778 1538 5786; x_wconf 91' lang='grc'><strong>.</strong></span> <span class='ocrx_word' id='word_1_997' title='bbox 1714 5776 1735 5786; x_wconf 90' lang='grc'><strong>..</strong></span> 
     </span>
    </p>
   </div>
   <div class='ocr_carea' id='block_1_114' title="bbox 1921 5688 3482 5786">
    <p class='ocr_par' dir='ltr' id='par_1_114' title="bbox 1921 5688 3482 5778">
     <span class='ocr_line' id='line_1_118' title="bbox 1921 5688 3482 5778; baseline -0.037 2"><span class='ocrx_word' id='word_1_998' title='bbox 2447 5688 2849 5775; x_wconf 54' lang='grc' dir='ltr'>νοίπαρέλκέι,</span> <span class='ocrx_word' id='word_1_999' title='bbox 2884 5702 2949 5748; x_wconf 79' lang='lat' dir='ltr'><strong>ct</strong></span> <span class='ocrx_word' id='word_1_1000' title='bbox 2979 5688 3201 5743; x_wconf 72' lang='grc' dir='ltr'>οωιιῑῐιο</span> <span class='ocrx_word' id='word_1_1001' title='bbox 3224 5688 3309 5733; x_wconf 85' lang='lat' dir='ltr'><strong>est</strong></span> <span class='ocrx_word' id='word_1_1002' title='bbox 3333 5693 3482 5729; x_wconf 75' lang='lat' dir='ltr'><strong>rese-</strong></span> 
     </span>
    </p>
   </div>
   <div class='ocr_carea' id='block_1_115' title="bbox 303 5748 2105 5867">
    <p class='ocr_par' dir='ltr' id='par_1_115' title="bbox 303 5748 2105 5867">
     <span class='ocr_line' id='line_1_119' title="bbox 303 5748 2105 5867; baseline -0.01 -19"><span class='ocrx_word' id='word_1_1003' title='bbox 470 5748 586 5845; x_wconf 65' lang='lat' dir='ltr'><strong>Kal</strong></span> <span class='ocrx_word' id='word_1_1004' title='bbox 628 5784 750 5853; x_wconf 82' lang='grc' dir='ltr'>τοῖς</span> <span class='ocrx_word' id='word_1_1005' title='bbox 782 5784 902 5837; x_wconf 70' lang='grc' dir='ltr'><strong>ὑπὸ</strong></span> <span class='ocrx_word' id='word_1_1006' title='bbox 954 5782 1157 5849; x_wconf 72' lang='grc' dir='ltr'>νόμον,</span> <span class='ocrx_word' id='word_1_1007' title='bbox 1199 5779 1276 5842; x_wconf 82' lang='grc' dir='ltr'>ὡς</span> <span class='ocrx_word' id='word_1_1008' title='bbox 1318 5777 1430 5830; x_wconf 76' lang='grc' dir='ltr'><strong>ὑπὸ</strong></span> <span class='ocrx_word' id='word_1_1009' title='bbox 1472 5778 1667 5843; x_wconf 73' lang='grc' dir='ltr'>νόμον,</span> <span class='ocrx_word' id='word_1_1010' title='bbox 1714 5776 1813 5830; x_wconf 76' lang='grc' dir='ltr'><strong>ἵνα</strong></span> <span class='ocrx_word' id='word_1_1011' title='bbox 1919 5748 2105 5833; x_wconf 39' lang='lat' dir='ltr'><strong>caiisa}.</strong></span> 
     </span>
    </p>
   </div>
  </div>
