3880 6242
366 148 468 201 323
1818 148 1898 201 ()ll

2059 145 2129 199 qs
3479 128 3591 182 524

370 257 537 313 Filius
560 278 577 311 ι
617 275 834 326 regnum
871 258 997 317 Deo.
1044 266 1093 312 et
1122 257 1263 312 Patri
1283 258 1381 319 ",r
1426 259 1583 328 170
1630 259 1785 315 Patre
1819 262 1901 315 di-

2061 260 2178 318 »τοίς
2219 255 2309 307 τό·
2366 272 2383 302 ο
2422 254 2549 305 Ἰδοὺ
2596 252 2705 319 ἐγὼ
2759 250 2872 320 μεθ’
2900 248 3057 317 ὑμῶν
3091 247 3228 313 εἰμι.
3262 263 3282 296 ι
3339 243 3593 313 Πότερον

371 359 529 406 cente
574 352 721 403 illis:
765 369 782 400 ι
816 351 953 403 Ecce
997 365 1093 418 ego
1144 350 1416 403 vobiscum
1446 367 1562 403 sum
1585 353 1623 403 ¹.
1666 371 1685 403 ι
1718 353 1902 407 Utrmn

2063 385 2077 407 ,
2110 348 2282 407 πάσας
2327 345 2535 413 ἡμέρας
2573 344 2674 404 ’ἕως
2710 341 2862 393 τοῦδε
2893 338 2988 391 τοῦ
3031 335 3256 405 χρόνου,
3297 333 3333 402 ἢ
3371 332 3591 395 ἁπλῶς,

370 458 501 498 vero
533 444 778 499 omnibus
801 443 989 497 diebus
1013 456 1179 511 usque
1204 444 1268 495 ad
1297 444 1396 498 hoc
1427 453 1655 512 tempus,
1695 460 1759 498 an
1780 447 1902 500 sim-

2074 453 2180 497 ισας
2214 435 2311 496 τὰς
2342 434 2578 502 ἡμέρας,
2606 432 2756 484 τοῦδε
2786 431 2967 489 πάσας
2999 426 3138 495 (98),
3185 424 3334 477 ἀλλά
3378 425 3606 485 πᾶσαν,

374 532 584 599 pliciter
616 531 868 583 omnibus
895 530 1107 595 diebus,
1139 547 1204 583 an
1238 546 1340 583 non
1371 533 1640 597 omnibus,
1666 535 1758 586 sed
1788 548 1906 585 om-

2066 541 2171 575 εστι
2221 524 2438 575 σκοπεῖν
2476 521 2552 589 τῷ
2600 518 2920 588 βουλομένῳ.
2977 514 3093 568 Νῦν
3141 512 3258 581 γὰρ
3304 512 3461 579 ἡμᾶς
3491 512 3598 599 οὐκ

375 623 451 684 ni,
504 628 683 686 potest
709 619 797 686 qui
844 619 969 671 velit
1008 620 1369 673 considerare.
1412 620 1560 674 Nunc
1600 623 1741 675 enim
1794 636 1907 688 quze

2066 615 2220 665 ιαιτεῖ
2250 611 2315 663 τὰ
2341 610 2667 679 προκείμενα
2695 609 2788 660 ἐπὶ
2815 603 3069 658 τοσοῦτον
3107 599 3475 671 παρεκϐἧναι
3501 598 3598 651 τοῦ

376 711 643 777 proposita
680 719 802 761 sunt
844 722 943 761 nos
983 722 1086 761 non
1125 710 1437 775 permittunt
1483 724 1648 777 usque
1688 711 1818 762 adeo
1843 709 1912 763 ab
2006 701 2180 768 λόγου.

373 799 614 851 oratiouna
644 797 867 865 digredi.
976 808 981 811 ‘
3106 842 3119 851 .

448 884 506 936 9.
538 886 680 936 Sane
711 884 1002 938 lleracleon
1045 884 1155 952 ipse
1200 901 1464 943 enarrans
1494 905 1507 941 :
1547 908 1565 939 ι
1599 890 1788 944 Postea
1815 868 1943 944 de;

2075 883 2126 952 9.
2178 880 2234 932 Ὀ
2275 878 2516 948 μέντοιγε
2556 872 2862 946 Ἡρακλέων
2893 873 2975 936 τὸ,
3015 890 3033 921 ι
3064 869 3229 923 Μετά
3258 867 3430 919 τοῦτο
3461 882 3605 920 κατ-

375 975 580 1028 scendit
627 974 678 1026 in
710 973 1076 1041 Capharuaum
1097 978 1140 1038 ¹,
1171 995 1190 1028 ι
1216 977 1435 1031 alterius
1466 994 1647 1032 rursus
1698 982 1907 1047 dispen-

2079 946 2103 1040 ἦ
2147 972 2225 1031 εἰς
2269 946 2675 1038 Καφαρναοὺμ,
2723 983 2741 1014 ι
2796 962 2956 1023 αὐτὸς
2986 959 3393 1029 διηγούμενος,
3435 955 3611 1047 ἄλλης

377 1064 598 1118 sationis
626 1062 941 1130 principium
973 1064 1145 1131 inquit
1177 1065 1460 1130 declarari,
1496 1083 1624 1120 voce
1654 1045 1909 1121 descendit

2076 1060 2166 1112 ιλιν
2195 1057 2496 1126 οἰκονομίας
2526 1056 2696 1124 ἀρχήν
2728 1069 2860 1120 φησι
2890 1050 3187 1121 δηλοῦσθαι
3207 1087 3223 1110 ,
3269 1048 3377 1099 οὐκ
3412 1045 3608 1115 ἀργῶς

377 1166 481 1204 non
534 1153 704 1204 otiose
731 1150 905 1213 dicta;
957 1159 1011 1204 et
1045 1151 1216 1217 inquit
1265 1150 1579 1218 Capharnao
1624 1153 1909 1220 significari

2082 1148 2100 1200 5
2141 1147 2351 1213 κατέϐη
2386 1144 2697 1214 εἰρημένου·
2744 1141 2836 1193 καί
2868 1156 3000 1208 φησι
3046 1139 3151 1208 τὴν
3204 1136 3614 1205 Καφαρναοὺμ

376 1240 490 1295 haec
525 1251 763 1294 extrema
814 1239 1018 1304 mundi,
1063 1239 1174 1293 haec
1209 1240 1527 1302 materialia,
1562 1241 1628 1293 ad
1679 1256 1795 1309 qua:
1827 1241 1908 1295 ile-

2087 1238 2290 1306 μαίνειν
2319 1234 2491 1287 ταῦτα
2519 1233 2586 1285 τὰ
2634 1230 2835 1298 ἔσχατα
2886 1228 2979 1280 τοῦ
3037 1228 3281 1295 κόσμου,
3327 1224 3512 1277 ταῦτα
3542 1223 3613 1276 τὰ

378 1329 606 1384 scendit.
641 1346 659 1379 ι
701 1327 766 1381 Et
797 1328 919 1392 quia
967 1342 1072 1380 non
1104 1338 1281 1395 aptus,
1308 1329 1501 1396 inquit,
1555 1341 1694 1383 eSsct
1749 1331 1910 1394 locus,

2080 1326 2168 1378 ικά
2210 1327 2287 1387 εἰς
2333 1324 2369 1377 ἃ
2400 1321 2649 1391 κατῆλθεο
2695 1320 2789 1372 καὶ
2821 1318 2908 1370 διὰ
2953 1317 3013 1368 τὺ
3062 1316 3377 1375 ἀνοίκειον,
3415 1315 3612 1382 φησὶν,

387 1418 519 1470 nihil
551 1432 612 1470 ea
663 1417 715 1469 in
768 1416 991 1469 civitate
1024 1418 1105 1470 vel
1137 1418 1363 1478 fecisse,
1395 1419 1481 1471 vel
1517 1419 1726 1471 locutus
1757 1418 1919 1471 fuisse

2080 1431 2148 1466 lat
2178 1414 2266 1466 τὸν
2297 1415 2478 1473 τόπον,
2507 1412 2626 1462 οὐδὲ
2655 1406 2968 1477 πεποιηκώς
3000 1423 3055 1458 τι
3086 1404 3322 1471 λέγεται
3354 1406 3416 1455 ὲν
3444 1405 3612 1471 αὐτῇ,

394 1506 614 1559 dicitur.
655 1525 672 1557 ι
710 1505 1069 1570 Quamobrem
1110 1508 1153 1560 si
1215 1508 1267 1560 in
1320 1508 1539 1575 reliquis
1583 1508 1920 1577 evangelistis

2086 1497 2403 1566 λελαληκώς,
2436 1499 2497 1548 Εἰ
2534 1496 2628 1565 μὲν
2656 1492 2748 1548 οῦν
2786 1495 2919 1563 μηδὲ
2954 1497 3011 1547 ὲν
3042 1496 3159 1554 τοῖς
3188 1492 3413 1552 λοιποῖς
3439 1492 3618 1556 Εὐαγ-

382 1592 645 1663 scriptum
682 1569 889 1661 fudisset,
916 1595 1047 1648 nihil
1085 1596 1134 1648 in
1158 1569 1473 1663 Capliarnao
1501 1569 1779 1648 Dominuin
1824 1610 1914 1648 no-

2087 1589 2211 1650 λίοις
2245 1586 2552 1656 πεποιηκώς
2598 1603 2680 1646 τι,
2724 1585 2756 1653 ἢ
2793 1580 3105 1652 λελαληκὼς
3148 1583 3213 1632 ὲν
3253 1583 3325 1650 τῇ
3374 1581 3619 1649 Καφαρ-

387 1694 560 1738 atrum
604 1684 688 1739 vel
732 1685 926 1738 fecisse
971 1684 1052 1737 vel
1093 1684 1317 1746 dixisse,
1365 1683 1594 1738 fortasse
1625 1684 1919 1737 dubitasse-

2091 1677 2187 1743 οὺμ
2222 1676 2250 1726 6
2293 1675 2491 1743 Κύριος
2535 1672 2688 1742 ἡμῶν
2733 1671 3133 1738 ἀνεγέγραπτο,
3184 1668 3341 1736 τάχα
3387 1666 3457 1719 ἂν
3511 1666 3623 1717 ἐδι-

388 1788 507 1827 tnus
535 1774 770 1842 recipere
802 1774 969 1840 ipsius
999 1772 1508 1841 interpretationem.
1556 1773 1703 1826 Nunc
1742 1783 1917 1826 autem

2091 1769 2287 1837 άξαμεν
2330 1767 2455 1835 περὶ
2495 1764 2585 1817 τοῦ
2629 1759 3034 1832 παραδέξασθαι
3066 1757 3246 1810 αὐτοῦ
3299 1759 3408 1827 τὴν
3442 1758 3623 1829 ἑρμηο

386 1861 662 1915 Llatthmus
694 1861 909 1929 quidem
970 1861 1247 1913 Dominum
1282 1871 1545 1923 nostrum,
1597 1862 1775 1915 relicta
1819 1861 1918 1915 Na-

2089 1859 2182 1910 ῖαν.
2229 1857 2361 1908 Νυνὶ
2405 1855 2459 1906 δὲ
2506 1855 2533 1905 6
2577 1852 2850 1910 Ματοαῖος
2902 1848 3292 1900 καταλιπόντα
3346 1849 3487 1915 φησὶ
3528 1848 3621 1898 τὸν

388 1951 596 2011 laveth,
622 1950 916 2019 profectum
947 1951 1221 2004 habitasse
1252 1950 1621 2019 Capliarnaum
1652 1951 1919 2003 civitatem

2090 1946 2218 2016 iptov
2264 1942 2414 2012 ἡμῶν
2451 1941 2550 2010 τὴν
2597 1937 2881 2007 Ναζαρὲθ,
2927 1936 3157 1987 ἐλθόντα
3214 1935 3622 2003 κατῳκηκέναι

391 2043 711 2095 maritimam
727 2040 766 2102 ⁸,
800 2050 852 2093 et
892 2040 1085 2093 exinde
1121 2041 1331 2093 initium
1369 2042 1690 2108 praedicandi
1736 2040 1923 2094 fecisse

2092 2052 2099 2095 ς
2132 2032 2498 2101 Καφαρναοὺμ
2541 2028 2637 2097 τὴν
2670 2026 3146 2097 παραθαλασσίαν,
3193 2026 3301 2078 καὶ
3351 2025 3466 2076 ἀπὸ
3497 2024 3624 2076 τότε

393 2130 582 2197 inquit,
616 2128 912 2181 dicentem:
937 2145 955 2177 ι
990 2127 1327 2194 Resipiscite,
1352 2129 1513 2181 instat
1536 2130 1675 2181 enim
1705 2144 1922 2198 regnum

2096 2122 2188 2192 χὴν
2215 2122 2306 2173 τοῦ
2344 2120 2635 2189 κηρύσσειν
2683 2116 3011 2185 πεποιῆσθαι
3051 2115 3326 2181 λέγοντα’
3385 2134 3403 2164 ι
3440 2116 3628 2168 Μετα-

396 2217 654 2271 εωιοιυιιι
690 2216 729 2268 ’⁵.
767 2234 786 2266 ι
817 2216 1025 2269 Marcus
1079 2230 1207 2268 vero
1234 2216 1277 2278 ⁸,
1334 2226 1611 2284 postquam
1667 2227 1923 2272 tentasset

2095 2215 2208 2273 εἴτε,
2237 2212 2426 2280 ῆγγικε
2453 2209 2558 2277 γὰρ
2591 2212 2624 2277 ἡ
2663 2207 2909 2275 βασιλεία
2940 2205 3049 2258 τῶν
3090 2205 3380 2275 οὐρανῶν.
3410 2224 3430 2256 ι
3476 2206 3536 2257 Ὁ
3567 2205 3627 2257 δὲ

396 2307 675 2359 Dominum
699 2305 960 2369 diabolus,
990 2317 1265 2374 postquam
1285 2306 1515 2359 traditus
1552 2306 1738 2360 fuisset
1766 2307 1925 2361 Joano

2095 2305 2241 2373 ἱρκος
2262 2301 2367 2354 ἀπὸ
2389 2299 2481 2352 τοῦ
2511 2299 2644 2368 πρὸς
2679 2298 2767 2349 τὸν
2799 2296 3045 2349 διάϐολον
3078 2295 3436 2365 πειρασμοῦ,
3486 2295 3627 2365 μετά

393 2412 486 2450 nes
512 2397 564 2450 in
592 2410 888 2459 carcerem,
933 2396 1085 2449 nobis
1124 2397 1406 2448 annuntiat
1448 2395 1726 2450 Dominum
1768 2399 1925 2451 adve-

2116 2391 2475 2462 παραδοθῆναι
2514 2389 2604 2440 τὸν
2641 2386 2911 2456 Ἰωάννην,
2962 2386 3319 2467 ἀπαγγέλλει
3364 2388 3503 2455 ἡμῖν
3547 2387 3628 2448 εις

392 2488 535 2540 uisse
570 2487 623 2538 in
671 2484 942 2538 Galilaam
990 2484 1366 2552 prmdicantem
1402 2485 1751 2552 Evangclmm
1784 2486 1874 2538 Dei
1905 2502 1920 2549 ;

2097 2500 2119 2534 ν
2148 2480 2426 2533 Γαλιλαίαν
2470 2476 2805 2547 κηρύσσοντα
2849 2475 2910 2527 τὸ
2946 2476 3300 2543 Εύαγγέλιον
3341 2474 3441 2527 τοῦ
3489 2473 3629 2527 Θεοῦ

394 2576 764 2644 ingrediuntur
815 2573 975 2627 etiam
1032 2572 1405 2640 Capharnanm
1461 2585 1577 2643 post
1614 2574 1923 2629 electionem

2098 2570 2332 2641 ηλυθέναι
2361 2568 2448 2620 τὸν
2478 2567 2698 2636 Κύριον·
2733 2565 2824 2617 καὶ
2867 2564 3007 2634 μετά
3034 2565 3138 2633 τὴν
3181 2567 3272 2627 εἰς
3308 2564 3630 2633 ἀποστολὴν

396 2673 625 2733 quatuor
647 2665 970 2732 piscatorum
1000 2664 1064 2717 ad
1093 2664 1419 2717 functionem
1448 2664 1685 2717 muneris
1709 2675 1925 2731 aposto-

2100 2662 2248 2730 λογὴν
2292 2659 2397 2711 τῶν
2455 2656 2733 2724 τεσσάρων
2788 2654 2985 2707 ἀλιέων
3046 2655 3492 2726 εἰσπορεύονται
3552 2657 3632 2719 εἰς

395 2755 508 2820 lici,
560 2755 849 2823 statimque
898 2753 1137 2807 sabbatis
1185 2753 1366 2806 docuit
1418 2754 1467 2806 in
1531 2770 1834 2825 synagoga,
1872 2764 1927 2810 et

2103 2755 2413 2824 ιφαρναοὺμ,
2445 2754 2538 2806 καὶ
2565 2751 2723 2815 εὐθὺς
2748 2755 2861 2814 τοῖς
2902 2750 3173 2803 σάϐϐασιν
3222 2751 3522 2804 ἐδίδασκεν
3551 2752 3635 2813 εἰς

393 2844 847 2911 obstupescebant
884 2859 1045 2912 super
1080 2845 1319 2897 doctrina
1366 2843 1530 2897 illius.
1586 2843 1722 2908 Quin
1765 2845 1925 2898 etiam

2098 2864 2122 2897 ν
2172 2843 2506 2913 συναγωγὴν,
2556 2843 2649 2897 καὶ
2708 2843 3106 2911 ἐξεπλήσσοντο
3157 2843 3265 2894 ἐπὶ
3318 2845 3392 2913 τῇ
3436 2842 3630 2914 διδαχῇ

394 2935 655 2989 actionem
679 2934 961 3002 quamdam
995 2948 1115 2987 eum
1143 2933 1333 2987 fecisse
1360 2932 1411 2984 in
1451 2931 1764 3001 Capharnao
1790 2933 1926 2986 scri-

2104 2935 2210 2988 τοῦ.
2247 2934 2402 2986 Ἀλλά
2439 2935 2531 2986 καὶ
2575 2931 2769 3003 πρᾶξιν
2811 2932 2976 2985 αὑτοῦ
3021 2934 3351 3004 ἀναγράφει
3399 2950 3636 3005 γεγενη-

395 3025 469 3080 hit
487 3061 505 3089 ,
532 3024 710 3079 statim
736 3023 876 3078 enim
902 3023 1105 3091 inquit'
1137 3041 1151 3075 :
1180 3041 1198 3072 ι
1223 3022 1345 3075 Erat
1365 3023 1416 3075 in
1449 3037 1716 3091 synagoga
1744 3036 1927 3076 eorum

2104 3041 2193 3094 νην
2233 3026 2288 3075 ὲν
2321 3024 2721 3092 Καφαρναούμ’
2758 3022 2919 3084 εὐθὺς
2953 3024 3064 3093 γάρ
3106 3040 3290 3092 φησιν
3313 3041 3327 3054 ο
3375 3044 3395 3076 ι
3425 3026 3519 3078 Ἐν
3567 3028 3636 3096 τῇ

396 3113 557 3167 homo
583 3111 789 3180 spiritui
812 3110 1083 3165 immundo
1113 3111 1396 3174 obnoxius,
1419 3119 1473 3163 et
1502 3110 1823 3164 exclamavit
1852 3111 1928 3164 dio

2108 3113 2311 3180 ραγωγῇ
2365 3110 2538 3163 αὐτῶν
2594 3107 2664 3181 ἦν
2696 3110 2984 3182 ἄνθρωπος
3029 3112 3090 3163 ὲν
3142 3113 3442 3182 πνεύματι
3497 3115 3640 3167 ἀκα-

398 3216 566 3256 cens:
601 3201 682 3254 Ah
708 3199 837 3267 quid
872 3201 946 3253 rei
1002 3201 1156 3253 nobis
1195 3210 1364 3255 tecum
1398 3210 1513 3263 est,
1540 3198 1664 3254 Jesu
1700 3199 1930 3254 Nazare-

2107 3219 2228 3272 ρτῳ,
2258 3201 2349 3252 καὶ
2394 3201 2652 3270 ἀνέκραξε
2695 3200 2867 3269 λέγων
2889 3218 2903 3231 ·
2940 3201 3066 3263 Ἔα,
3095 3200 3150 3253 τί
3184 3204 3335 3273 ἡμῖν
3383 3205 3485 3257 καὶ
3532 3205 3639 3269 σοὶ,

399 3289 507 3345 ne?
530 3288 719 3343 venisti
768 3288 835 3341 ad
881 3289 1208 3356 perdemlum
1248 3290 1388 3343 nos?
1415 3291 1536 3343 novi
1573 3299 1645 3354 te,
1680 3290 1800 3358 quis
1836 3289 1929 3355 sis,

2110 3292 2210 3361 pou
2254 3290 2570 3361 Ναζαρηνέ;
2615 3286 2776 3360 ἦλθες
2824 3288 3090 3343 ἀπολέσαι
3142 3293 3346 3361 ήμᾶς;
3395 3294 3642 3365 οἴδαμέν

403 3379 655 3432 nimirum
686 3376 775 3429 ille
815 3374 981 3431 Filius
1010 3376 1124 3430 Dei.
1162 3378 1227 3431 Et
1258 3379 1556 3446 increpavit
1593 3378 1738 3432 illum
1780 3377 1934 3433 Jesus

2117 3381 2198 3443 τίς
2240 3377 2309 3444 εἴ,
2348 3382 2376 3432 6
2409 3380 2532 3443 Υἱὸς
2563 3379 2654 3431 τοῦ
2693 3380 2850 3432 Θεοῦ.
2886 3382 2996 3433 Καὶ
3026 3383 3384 3453 ἐπετίμησεν
3415 3386 3573 3457 αὐτῷ
3613 3386 3643 3439 ὁ

404 3468 623 3523 dicens:
661 3464 1004 3529 Obmutesce,
1063 3476 1118 3519 et
1171 3468 1257 3519 exi
1312 3467 1380 3520 ab
1434 3469 1668 3520 homine.
1713 3468 1932 3521 Etcum

2111 3468 2244 3539 poi};
2274 3469 2474 3536 λέγων’
2506 3466 2801 3537 Φιμώθητι,
2838 3472 2933 3521 καὶ
2966 3470 3152 3535 ἔξελθε
3192 3473 3259 3539 ἐξ
3294 3475 3477 3528 αὑτοῦ
3503 3493 3515 3506 ·
3551 3477 3643 3529 ὅτε

402 3555 776 3621 discerpsisset
801 3562 922 3609 eum
954 3554 1173 3622 spiritus
1202 3555 1527 3618 immundus,
1560 3556 1934 3611 exvlamassel-

2114 3573 2125 3611 ι
2159 3557 2462 3628 ἐσπάραξεν
2490 3557 2649 3608 αὐτὸν
2683 3557 2742 3608 τὸ
2780 3557 3000 3627 πνεῦμα
3032 3559 3096 3612 τὸ
3146 3563 3513 3635 ἀκάθαρτον,
3546 3566 3646 3619 καὶ

404 3659 511 3715 que
536 3660 669 3699 voce
701 3660 912 3714 magna,
949 3646 1078 3699 exiit
1102 3644 1168 3699 ab
1192 3659 1276 3698 eo.
1306 3646 1369 3698 Et
1396 3647 1788 3713 obstupuerunt
1820 3660 1936 3699 om-

2118 3648 2284 3716 νῆσαν
2314 3648 2463 3716 φωνῇ
2495 3646 2702 3718 μεγάλῃ
2731 3646 2955 3716 ἐξῆλθεν
2978 3646 3039 3713 ἐξ
3082 3651 3286 3705 αὐτοῦ.
3320 3656 3442 3708 Καὶ
3470 3656 3650 3726 ἐθαμ-

404 3750 521 3790 nes.
558 3753 577 3786 ι
613 3734 676 3787 Ει
713 3750 901 3788 socrus
928 3735 1160 3788 Simonis
1191 3735 1446 3788 liberatur
1477 3736 1530 3788 in
1567 3735 1881 3804 Capharnao
1904 3749 1936 3788 a

2120 3736 2276 3805 ὶησαν
2290 3734 2544 3800 ἅπαντες.
2568 3736 2759 3809 »Καλή
2792 3737 3031 3809 πενθερὰ
3069 3740 3335 3810 Σίμωνος
3388 3746 3490 3797 τοῦ
3542 3763 3652 3798 πυο

405 3822 562 3877 febri.
590 3823 669 3876 Ad
699 3824 812 3877 haec
846 3821 1054 3876 Marcus
1084 3822 1289 3890 inquit’
1308 3824 1511 3890 vesperi
1545 3831 1757 3877 curatos
1775 3822 1937 3877 fuisse

2121 3825 2190 3878 τοῦ
2221 3826 2618 3879 ἀπαλλάσσεται
2662 3826 2720 3885 ὲν
2766 3830 2830 3897 τῇ
2876 3830 3298 3902 Καφαρναούμ.
3340 3836 3500 3904 Πρὸς
3530 3837 3653 3889 τού-

403 3928 591 3968 omnes
612 3913 747 3967 male
765 3915 1044 3977 habentes,
1064 3924 1117 3966 et
1136 3914 1223 3982 qui
1244 3927 1272 3965 a
1291 3913 1562 3965 daemoniis
1581 3914 1933 3980 agitabantur.

2119 3933 2143 3977 ς
2167 3918 2194 3968 6
2226 3916 2448 3986 Μάρκος
2475 3917 2607 3984 ςρησ)⁵
2637 3916 2873 3987 ἑσπέρας
2899 3921 3296 3991 γεγενημένης
3331 3926 3393 3976 ὲν
3424 3928 3494 3995 τῇ
3530 3927 3651 3978 Κα-

403 4003 715 4070 Quinetiam
741 4004 914 4057 Lucas
931 4003 1125 4056 similia
1149 3980 1267 4054 cum
1293 4001 1470 4054 Marco
1488 4000 1935 4070 loquitur'deCa-

2120 4006 2315 4073 ρναοὺμ
2352 4003 2775 4075 τεθεραπεῦσθαι
2813 4005 3025 4069 πάντας
3067 4008 3202 4071 τοὺς
3233 4013 3441 4076 κακῶς
3483 3980 3652 4084 έχον-

405 4096 664 4163 pharnao,
684 4094 900 4147 dicens:
921 4110 938 4142 ι
967 4093 1032 4144 Ει
1048 4093 1191 4144 venit
1206 4093 1257 4143 in
1277 4092 1650 4157 Capharnaum
1667 4091 1935 4144 civitatem

2123 4095 2253 4153 ῖκαὶ
2289 4094 2771 4164 δαιμονιζομένους.
2818 4097 2930 4147 Καὶ
2969 4098 2998 4148 6
3032 4098 3264 4162 Λουκᾶς
3316 4101 3378 4153 δὲ
3412 4103 3486 4155 τὰ
3540 4121 3655 4156 παο

402 4182 844 4248 ϐηὶὶιίιξιιιήὺῑίιυθ
874 4180 1098 4233 docebat
1134 4180 1252 4233 illos
1275 4178 1525 4232 sabbatis.
1567 4179 1631 4232 Et
1658 4180 1934 4247 stupebant

2126 4179 2306 4249 τλήσια
2347 4179 2424 4248 τῷ
2460 4181 2667 4250 Μάρκῳ
2697 4181 3032 4248 ἀπαγγέλλει
3071 4187 3209 4255 περὶ⁸
3250 4188 3363 4257 τῆς
3408 4191 3658 4262 Καφαρ-

404 4286 565 4340 super
584 4271 733 4339 171
763 4270 1002 4323 doctrina
1026 4269 1161 4338 ejus,
1175 4269 1295 4336 quia
1314 4284 1437 4322 cum
1457 4278 1715 4337 potestate
1727 4269 1936 4337 conjun-

2123 4267 2235 4336 ιὺμ,
2288 4266 2491 4334 λέγων·
2553 4286 2571 4317 ‹
2632 4269 2742 4320 Καὶ
2809 4264 2972 4339 ἦλθεν
3033 4273 3117 4333 εἰς
3191 4274 3655 4347 Καφαρναοὺμ,

407 4369 524 4413 ctus
543 4370 657 4411 erat
682 4371 857 4410 sermo
878 4357 1061 4425 ipsius.
1085 4356 1147 4408 Et
1167 4357 1217 4408 in
1240 4370 1505 4425 synagoga
1535 4366 1648 4408 erat
1672 4357 1827 4410 homo
1845 4358 1939 4410 ha-

2166 4372 2185 4406 ν
2254 4354 2351 4423 τῆς
2410 4354 2692 4418 Γαλιλαίας
2717 4395 2731 4417 ,
2801 4357 2895 4409 καὶ
2957 4354 3026 4427 ἦν
3087 4340 3397 4415 διδάσκων.
3443 4340 3698 4430 αύτόῦξὶ

408 4447 541 4501 bens
558 4444 804 4512 spiritum
829 4443 1084 4495 daemonis
1108 4443 1455 4506 immundi,et
1479 4441 1796 4497 exclamavit
1813 4460 1940 4500 voce

2144 4446 2256 4505 τοῖς
2329 4442 2575 4497 σάϐϐασι.
2636 4445 2748 4497 Καὶ
2801 4445 3203 4516 ἐξεπλήσσοντο
3266 4453 3370 4504 ἐπὶ
3435 4457 3508 4524 τῇ
3573 4456 3661 4508 δι-

410 4551 597 4605 rnagna
632 4537 811 4590 dicens
843 4555 855 4589 :
893 4534 1011 4597 Eia,
1041 4535 1168 4603 quid
1221 4536 1314 4588 tibi
1352 4535 1627 4589 nobiscum
1669 4546 1774 4601 est,
1813 4536 1939 4595 Jesu

2135 4536 2166 4602 ᾗ
2218 4532 2402 4596 αὐτοῦ,
2441 4534 2520 4585 ὅτι
2568 4534 2625 4586 ὲν
2659 4534 2875 4606 ἐξουσίᾳ
2919 4532 2987 4606 ἦν
3017 4539 3047 4588 ό
3078 4536 3246 4606 λόγος
3296 4543 3508 4596 αὐτοῦ.
3544 4546 3664 4599 Καὶ

408 4626 721 4681 Nazarene?
750 4626 941 4680 venisti
985 4626 1050 4677 ad
1086 4625 1409 4691 perdendum
1445 4627 1576 4679 nos?
1606 4629 1715 4680 scio
1745 4636 1793 4680 te
1823 4628 1940 4694 quis

2130 4626 2186 4692 τῇ
2240 4626 2522 4692 συναγωγῇ
2563 4619 2630 4693 ἦν
2665 4624 2949 4696 ἄνθρωπος
2986 4626 3130 4696 ἔχων
3164 4630 3409 4701 πνεῦμα
3450 4634 3662 4704 δαιμο-

408 4720 504 4784 sis,
532 4714 759 4771 Sanctus
796 4715 884 4769 ille
914 4715 1029 4768 Dei.
1064 4714 1127 4766 Et
1154 4714 1449 4783 increpavit
1480 4715 1627 4768 illum
1651 4714 1825 4780 Jesus,
1861 4716 1940 4768 ιιι-

2131 4730 2153 4762 υ
2195 4711 2521 4782 ἀκαθάρτου,
2556 4714 2647 4765 καὶ
2686 4714 2951 4786 ἀνέκραξε
2983 4720 3138 4788 φωνῇ
3183 4722 3423 4793 μεγάλῃ
3447 4741 3462 4754 ·
3524 4726 3663 4792 Ἔα,

409 4820 537 4861 cens
565 4823 580 4859 :
612 4805 950 4866 Obmutesce,
978 4811 1032 4855 et
1053 4803 1137 4855 exi
1168 4803 1236 4855 ab
1265 4816 1349 4855 eo.
1380 4802 1445 4855 Et
1477 4818 1595 4857 cum
1628 4803 1940 4871 projecisset

2135 4802 2255 4869 ἡμῖν
2296 4800 2389 4851 καὶ
2423 4801 2527 4863 σοὶ,
2572 4801 2745 4870 Ἰησοῦ
2788 4803 3122 4874 Ναζαρηνές
3156 4801 3338 4875 ἦλθες
3372 4812 3667 4867 ἀπολέσαι

366 4940 377 4951 .
410 4895 555 4949 illum
592 4893 913 4947 daemonium
944 4892 997 4944 in
1029 4890 1277 4954 medium,
1306 4890 1437 4943 exiit
1466 4890 1532 4943 ab
1564 4892 1673 4954 illo,
1703 4891 1898 4960 nihilqu

2133 4893 2222 4955 ig;
2250 4888 2380 4944 Οἶδά
2412 4908 2469 4943 σε
2502 4891 2584 4953 τίς
2616 4887 2686 4952 εἴ,
2715 4894 2956 4962 δ”Αγιος
2980 4895 3076 4948 τοῦ
3102 4896 3271 4955 Θεοῦ.
3304 4900 3429 4955 Καὶ
3460 4905 3665 4957 cum-

409 4984 483 5037 illi
510 4985 707 5037 nocuit.
743 5002 763 5035 ι
800 4982 865 5035 Ει
901 4991 1086 5051 postea
1134 4981 1383 5042 narrat’,
1423 4982 1689 5049 quomodo
1721 4997 1941 5051 surgens

2137 4998 2220 5032 σεν
2248 4980 2392 5050 αὐτῷ
2423 4983 2451 5034 6
2495 4981 2724 5051 Ἰησοῦς,
2746 4982 2939 5051 λέγων*
2971 4985 3281 5059 Φιμώθητι,
3321 4993 3431 5046 καὶ
3465 4995 3669 5059 ἔξελθε

410 5071 664 5127 Dominus
706 5086 736 5125 e
768 5086 1033 5141 synagoga
1078 5070 1353 5139 ingressus
1380 5077 1462 5123 est
1509 5070 1561 5123 in
1611 5070 1821 5124 domum
1854 5072 1940 5124 Si-

2167 5072 2350 5125 αὐτοῦ.
2386 5072 2517 5124 Τότε
2563 5075 2656 5125 καὶ
2704 5074 2865 5144 ῥίψαν
2908 5078 3074 5132 αὐτὸν
3108 5077 3171 5130 τὸ
3224 5081 3536 5153 δαιμόνιον
3584 5088 3672 5152 εἰς

478 5226 559 5277 "l
584 5226 708 5280 Cor.
732 5242 819 5289 xv,
849 5226 939 5280 25.
1007 5229 1023 5257 ‘
1052 5227 1234 5279 Matth.
1262 5241 1451 5284 xxuu.
1478 5224 1566 5279 ΞΟ.
1643 5224 1837 5280 'Joan.
1874 5242 1932 5293 ιι,
1959 5228 2043 5282 l2.
2113 5229 2132 5257 ³
2167 5226 2353 5279 Matth.
2387 5243 2464 5288 tv,
2491 5228 2573 5284 l3.
2636 5231 2657 5261 ⁸
2681 5234 2810 5291 ibid.
2846 5238 2933 5291 l7.
3000 5238 3022 5269 '
3049 5235 3214 5290 Marc.
3247 5251 3262 5288 t

478 5240 559 5277 "l
584 5240 708 5280 (sor.
732 5242 819 5289 xv,
849 5240 939 5280 25.
1007 5240 1023 5257 ³
1053 5240 1234 5279 mauu.
1262 5241 1451 5284 xxmt.
1478 5240 1566 5279 ‘zu.
1644 5240 1663 5257 '
1684 5240 1837 5280 Joan.
1874 5242 1932 5293 ιι,

412 5294 432 5322 ⁸
462 5296 589 5347 ibid.
613 5294 681 5347 24
704 5311 818 5363 seq.
926 5296 944 5319 '
984 5297 1115 5348 ibid.
1142 5296 1200 5347 51
1242 5310 1355 5362 seq.
1429 5295 1450 5325 ⁸
1471 5294 1598 5349 Luc.
1630 5311 1702 5359 ιν,
1738 5295 1805 5350 35
1825 5311 1940 5363 seq.

2167 5240 2357 5310 Matllll;
2387 5240 2573 5310 iv,_te.
2636 5240 2657 5261 ‘
2681 5240 2810 5291 ibid.
2846 5240 2933 5291 l7.
3000 5240 3022 5269 '
3049 5240 3214 5290 Marc.
3247 5251 3288 5302 ι,
3324 5240 3674 5315 13,1439q.

2145 5313 2190 5349 c.
2226 5312 2289 5356 tv,
2332 5300 2414 5361 οδ,
2452 5302 2538 5350 ου.
3634 5351 3645 5359 .

485 5450 594 5518 (98)
640 5450 810 5505 Τοῦδε
833 5451 1046 5518 πάσας.
1080 5450 1217 5519 Lego
1243 5450 1409 5521 ἢούδὲ
1429 5450 1620 5514 πάσας.
