3880 6222
71 85 211 107 Ψ

283 78 387 89 -υκί

281 184 362 240 Ξεῦ
1346 179 1691 233 (ἸΟΜΜΕΙΝΤ.
1733 177 1799 231 IN

1924 177 2025 233 AN.
2067 176 2302 233 TOMUS
2340 178 2408 233 Χ.

3341 180 3448 237 526

278 302 429 370 μέσον,
462 280 655 357 ἐξῆλθεν
710 284 829 340 ἀπ’
886 293 1078 355 αὐτοῦ,
1120 293 1281 363 μηδὲν
1321 294 1524 363 βλάψαν
1575 294 1752 347 αὐτόν.
1793 314 1812 341 ι

1924 294 2111 353 monis,
2139 304 2192 346 et
2235 308 2354 347 cum
2383 294 2713 361 increpasset
2743 292 2932 346 febrim
2976 292 3027 344 in
3063 306 3219 345 socru
3260 293 3445 361 ipsius,

281 369 374 440 list
398 381 513 455 μετὰ
534 369 699 429 ταῦτα
727 374 863 447 (99)
902 383 1238 450 ἀπαγγέλλει
1280 384 1355 446 ὡς
1386 382 1618 444 ἀναστὰς
1650 384 1678 435 6
1709 382 1819 434 Κύ-

284 494 382 549 ριος
424 474 515 528 ὰπδ
547 468 635 535 τῆς
692 476 1047 540 συναγωγῆς
1100 473 1341 543 εἰσῆλθεν
1383 475 1460 536 εἰς
1500 473 1596 541 τὴν
1643 473 1817 525 οἰκίαν

287 566 516 634 Σίμωνος,
542 557 628 611 καὶ
657 556 1015 632 ἐπιτιμήσας
1057 563 1133 633 τῷ
1177 566 1234 615 ἐν
1272 566 1337 632 τῇ
1382 562 1612 631 πενθερᾷ
1654 560 1816 613 αὐτοῦ

292 649 481 721 πυρετῷ
543 645 860 716 ἀπήλλαξεν
925 653 1096 722 αὐτὴν
1162 652 1261 719 τῆς
1314 651 1487 703 νόσου”
1570 650 1684 720 μεθ’
1753 651 1818 719 ἣν

288 738 674 811 θεραπευθεῖσαν
694 776 708 798 ,
737 751 757 783 ι
788 739 1024 804 Δύντος,
1100 742 1231 811 φησι
1253 781 1267 803 ,
1321 740 1413 792 τοῦ
1470 741 1637 810 ἡλίου,
1686 740 1818 791 πάν-

287 844 367 891 τες
391 829 494 881 ὅσοι
525 823 661 895 εἶχον
684 825 1045 892 ἀσθενοῦνται⁵
1072 829 1243 891 νόσοις
1273 830 1345 897 (l)
1384 827 1666 894 ποικίλαις,
1684 824 1815 897 ἦγον

286 916 467 979 αὐτοὺς
517 916 647 986 πρὸς
700 917 893 970 αὐτόν’
947 921 976 971 6
1016 919 1072 972 δὲ
1124 920 1203 971 ἐν).
1248 920 1458 987 ἑκάστῳ
1502 918 1675 969 αὐτῶν
1720 917 1815 979 τὰς

286 1008 458 1076 χεῖρας
508 1005 708 1068 ἐπιθεὶς
747 1005 1074 1076 ἐθεράπευεν
1121 1009 1194 1076 (2)
1240 1007 1451 1069 αὐτούς.
1505 1007 1817 1077 Ἐξήρχοντο

287 1092 339 1144 δέ
372 1093 462 1144 καὶ
497 1093 740 1162 δαιμόνια
784 1094 893 1145 ἀπὸ
928 1095 1132 1146 πολλῶν
1178 1095 1571 1164 κραυγάξοντα,
1611 1093 1704 1146 καὶ
1735 1093 1818 1145 λέ-

292 1195 463 1245 γοντα,
491 1181 570 1232 ὃτι
607 1181 677 1233 Σὺ
713 1175 763 1232 εἴ
791 1182 819 1232 ό
851 1181 979 1243 Υἱὸς
1005 1182 1095 1233 τοῦ
1128 1181 1279 1233 Θεοῦ·
1311 1182 1403 1233 καὶ
1431 1180 1691 1250 ἐπιτιμῶν
1720 1180 1818 1232 οὐκ

288 1271 363 1323 εἷα
398 1270 535 1322 αὐτὰ
562 1271 757 1333 λαλεῖν,
789 1272 869 1323 ὅτι
897 1272 1110 1342 ᾔδεισαν
1142 1272 1369 1342 Χριστὸν
1401 1272 1557 1323 αὑτὸν
1600 1266 1755 1322 εἶναι.
1792 1288 1811 1321 ι

286 1360 461 1413 Ταῦτα
495 1360 549 1411 δὲ
580 1360 748 1410 πάντα
787 1360 912 1426 περὶ
944 1357 1046 1409 τῶν
1078 1358 1133 1407 ἐν
1174 1357 1538 1425 Καφαρναοὺμ
1571 1355 1646 1423 τῷ
1681 1357 1789 1406 Σω-

284 1447 404 1514 τῆρι
451 1446 740 1514 εἰρημένων
788 1445 879 1495 καὶ
916 1442 1303 1512 πεπραγμένων
1353 1442 1790 1510 παρεστήσαμεν,

285 1535 417 1603 ὑπὲρ
452 1532 542 1585 τοῦ
584 1532 791 1599 ἐλέγξαι
827 1532 922 1599 τὴν
969 1530 1328 1600 Ἡρακλέωνος
1365 1527 1675 1598 ἑρμηνείαν,
1713 1527 1798 1579 λέ-

1918 380 2163 434 liberavit
2185 395 2299 431 eam
2324 395 2352 431 a
2388 380 2591 434 morbo.
2620 380 2743 434 Post
2777 394 2935 447 quam
2970 379 3265 444 liberatam,
3301 400 3319 432 ι
3345 379 3448 437 0c-

1917 470 2147 531 cidente,
2168 469 2340 535 inquit
2373 469 2436 534 ‘°,
2462 471 2573 524 sole
2603 484 2788 524 omnes
2807 470 2897 537 qui
2919 469 3180 523 habebant
3207 470 3448 525 inﬁrmos

1916 559 2080 612 variis
2115 559 2336 621 morbis,
2368 559 2634 613 ducebant
2674 559 2795 613 illos
2828 559 2893 612 ad
2935 574 3092 610 eum:
3124 566 3177 611 at
3208 559 3292 611 ille
3334 560 3447 612 sin-

1916 646 2054 712 gulis
2082 660 2271 699 manus
2301 646 2577 712 imponens
2606 646 2825 700 sanahat
2858 659 2969 699 eos.
3004 644 3232 697 Exibant
3272 654 3446 698 autem

1917 734 2173 787 daunonia
2212 750 2240 787 a
2292 735 2471 787 multis
2517 734 2827 798 clamantia,
2865 750 2928 787 ac
2973 731 3342 787 dicentia:'l‘u
3389 746 3448 785 es

1918 823 2005 876 ille
2041 823 2205 876 Filius
2240 823 2371 876 Dei:
2402 834 2455 876 ct
2489 824 2769 891 increpans
2798 838 2902 876 non
2941 823 3149 876 sinebat
3175 838 3235 875 ea
3282 821 3445 890 loqui,

1915 912 2055 978 quod
2086 913 2325 965 sciebant
2365 912 2537 979 ipsum
2585 927 2704 966 esse
2734 912 3022 966 Christum.
3055 929 3074 961 ι
3113 911 3232 964 llaec
3272 918 3446 962 autem

1915 1001 2093 1053 omnia
2124 1001 2398 1055 docuimus
2442 1016 2504 1053 ex
2536 1001 2619 1054 his
2648 1015 2765 1068 qua:
2799 1000 3049 1054 Servator
3073 1000 3153 1054 vel
3182 998 3335 1064 dixit,
3364 998 3449 1053 vel

1921 1086 2047 1140 fecit
2082 1088 2131 1139 in
2169 1087 2505 1155 Capharnao,
2543 1099 2601 1141 ut
2629 1089 3075 1155 redargueremus
3106 1088 3451 1143 Heraclconis

1918 1178 2435 1244 intvrpretationem,
2458 1180 2712 1233 dicentis:
2744 1198 2762 1231 ι
2791 1179 2942 1235 Hanc
2966 1181 3034 1235 ob
3057 1196 3271 1235 causam
3294 1179 3449 1236 Jesus

1916 1265 2109 1319 dicitur
2143 1279 2311 1333 neque
2338 1266 2532 1320 fecisse
2561 1266 2759 1335 aliquid
2791 1268 2840 1320 in
2874 1282 2958 1333 ea,
2979 1278 3069 1320 aut
3092 1268 3300 1323 locutus
3317 1270 3442 1325 fuis-

1928 1371 2003 1407 se.
2041 1375 2058 1404 ι
2087 1353 2189 1407 Αιιι
2226 1354 2363 1405 enim
2408 1354 2852 1408 considerationes
2891 1357 3021 1409 duas
3059 1358 3173 1410 urbi
3213 1358 3449 1425 Caphar-

1926 1457 2083 1494 naum
2124 1441 2316 1494 tribuat
2350 1442 2504 1493 etiam
2544 1442 2672 1507 ipse,
2709 1452 2763 1495 et
2810 1444 3012 1504 doceat,
3052 1447 3449 1512 et_pcrsuadeat

1928 1530 2229 1596 qualesnam
2267 1529 2401 1591 sint;
2441 1539 2530 1581 aut
2573 1530 2672 1581 hoc
2702 1530 2871 1583 facere
2903 1547 3008 1584 non
3036 1533 3234 1593 valens,
3274 1534 3449 1589 dicere

284 1637 492 1689 γοντος·
538 1640 554 1670 ι
599 1621 695 1672 Διὰ
728 1620 884 1672 τοῦτο
918 1619 1034 1672 οὐδὲ
1072 1618 1375 1687 πεποιηκώς
1411 1636 1461 1669 τι
1496 1617 1705 1684 λέγεται
1741 1617 1798 1668 ἐν

1931 1626 2101 1668 cesset
2137 1614 2463 1668 Servatorem
2497 1615 2688 1669 frustra
2731 1618 2783 1669 in
2822 1618 3045 1686 aliquem
3076 1620 3245 1672 locum
3289 1624 3447 1673 adve-

262 1709 447 1776 οἰκῇ,
486 1708 516 1776 ἢ
554 1706 872 1775 λελαληκώς.
922 1726 940 1757 ι
985 1709 1052 1757 Ἢ
1086 1706 1191 1775 γὰρ
1227 1706 1318 1757 δύο
1353 1705 1584 1766 ἐπινοίας
1618 1704 1799 1757 διδότω

286 1797 375 1849 καὶ
426 1797 582 1859 αὐτὸς
627 1798 723 1864 τῆς
757 1797 1155 1866 Καφαρναοὺμ,
1193 1795 1284 1847 καὶ
1333 1794 1667 1863 παριστάτω,
1707 1793 1800 1845 καὶ⁸

286 1885 516 1935 πεισάτω
570 1883 721 1945 ποίας
753 1900 766 1914 ⁸
819 1884 852 1952 ἢ
913 1883 1063 1935 τοῦτο
1118 1885 1331 1950 ποιῆσαι
1392 1881 1463 1951 μὴ
1514 1881 1800 1950 δυνάμενος

285 1969 586 2037 ἀφιστάσθω
641 1969 731 2021 τοῦ
791 1968 962 2035 λέγειν
1031 1967 1116 2019 τὸν
1181 1967 1399 2034 Σωτῆρα
1462 1966 1630 2034 μάτην
1696 1964 1802 2015 τινὶ

284 2060 427 2127 τόπῳ
464 2058 537 2127 ('5)
573 2056 1032 2126 ἐπιδεδημηκέναι.
1070 2056 1203 2108 Καὶ.
1227 2056 1382 2123 ἡμεῖς
1429 2054 1513 2117 δὲ,
1561 2052 1691 2105 Θεοῦ
1726 2051 1804 2103 δι·-

1930 1705 2089 1757 nisse.
2140 1707 2208 1757 At
2258 1719 2383 1767 nos,
2424 1704 2531 1757 Deo
2567 1705 2758 1767 dante,
2796 1723 2915 1760 cum
2952 1711 3347 1777 pervenerimus
3383 1713 3448 1766 ad

1932 1793 2071 1845 hunc
2109 1801 2334 1854 textum,
2372 1794 2680 1846 conabimur
2724 1797 3061 1850 manifestare
3110 1815 3216 1851 non
3252 1816 3447 1853 vanum

1930 1880 2089 1934 fuisse
2132 1882 2270 1935 illius
2317 1897 2621 1947 accessum,
2670 1885 2873 1938 etiamsi
2924 1902 2986 1939 ex
3024 1887 3246 1941 lectione
3283 1889 3449 1941 ferme

1930 1978 2331 2038 appareateum
2383 1971 2449 2024 ad
2493 1971 2665 2040 aliqua
2711 1973 2824 2026 loca
2868 1974 3159 2042 profectum
3196 1977 3329 2031 nihil
3366 1977 3448 2031 fe-

1932 2071 2087 2110 CISSC.

284 2152 478 2213 δόντος,
513 2149 958 2217 γενόμενοιοκατὰ
991 2148 1057 2199 τὰ
1091 2146 1309 2200 τοιαῦτα
1344 2146 1513 2229 χωρία
1548 2146 1644 2212 τῆς
1706 2146 2149 2213 συναναγνώσεως
2183 2150 2313 2201 ὃπου
2347 2149 2489 2213 δόξαι
2529 2151 2695 2220 μηδὲν.
2722 2151 2797 2220 (4)
2834 2152 3081 2221 ὴνυκέναι
3117 2156 3449 2225 ἐπιδημήσας
3484 2166 3485 2171 ‘

285 2237 498 2304 χωρίοις
533 2236 658 2296 τισὶ,
699 2233 1059 2302 πειρασόμεθα
1092 2234 1152 2285 τὸ
1189 2233 1260 2301 μὴ
1300 2232 1521 2300 μάταιον
1555 2232 1651 2299 τῆς
1712 2230 2001 2302 ἐπιδημίας
2034 2237 2193 2287 αὐτοῦ
2229 2237 2516 2306 τρανῶσαι,

354 2320 439 2374 10.
486 2320 601 2372 Ἔτι
635 2322 688 2374 δὲ
722 2324 750 2373 6
785 2321 1081 2382 Ματθαῖος,
1122 2320 1442 2380 εἰσελθόντος
1476 2317 1567 2370 τοῦ
1603 2320 1805 2386 Κυρίου

284 2412 362 2472 είς
397 2410 495 2480 τὴν
529 2411 923 2479 Καφαρναοὺμ,
963 2410 1094 2479 φησὶ
1127 2409 1214 2461 τὸν
1249 2409 1626 2476 ἑκατόνταρχον
1662 2403 1806 2472 αὺτῷ

282 2504 748 2573 προσεληλυθέναι,
783 2505 1022 2571 λέγοντα·
1061 2525 1078 2554 ι
1116 2507 1171 2557 '0
1197 2509 1324 2567 παῖς
1353 2524 1451 2574 μου
1487 2506 1735 2577 βέϐληται
1765 2506 1822 2558 ἐν

278 2595 343 2661 τῇ
390 2594 533 2663 οίκίᾳ
565 2595 938 2662 παραλυτικὸς,
982 2595 1167 2657 δεινῶς
1206 2595 1636 2665 βασανιζόμενος,
1671 2616 1688 2647 ι
1730 2596 1821 2649 καὶ

2005 2324 2088 2377 10.
2119 2325 2376 2378 Praeterea
2401 2340 2526 2379 vero
2549 2325 2842 2389 Matthaeus,
2877 2329 3202 2398 ingrediente
3227 2331 3447 2384 Domino

1934 2411 1987 2463 in
2020 2411 2383 2480 Capharnaum
2404 2453 2419 2478 ,
2460 2412 2627 2480 inquit
2670 2417 3028 2471 centurionem
3063 2421 3127 2473 ad
3160 2420 3328 2475 ‘osum
3358 2434 3448 2473 ac-

1918 2507 2142 2561 cessisse
2169 2506 2428 2560 dicentem
2456 2521 2471 2560 :
2506 2523 2524 2556 ι
2553 2505 2806 2563 Famulns
2834 2523 2985 2564 meus
3011 2514 3278 2567 decumbit
3311 2515 3455 2569 domi

1919 2594 2262 2662 paralyticos,
2292 2608 2354 2646 ac
2406 2593 2640 2661 graviter
2691 2586 3044 2649 discruciatur
3072 2596 3183 2648 “.v
3235 2606 3291 2651 et
3335 2606 3454 2664 post

281 2682 571 2749 ἀκηκοέναι
603 2684 714 2751 μεθ’
747 2683 902 2753 ἕτερα
933 2685 1194 2754 εἰρημένα
1236 2684 1313 2753 τῷ
1349 2685 1536 2755 Κυρίῳ
1573 2688 1699 2755 περὶ
1725 2687 1814 2738 αὐ-

1924 2684 2021 2738 alia
2052 2700 2165 2752 qua:
2199 2683 2454 2737 Dominus
2496 2684 2563 2737 de
2600 2684 2716 2752 ipso
2745 2686 2906 2748 dicit,
2941 2686 3154 2740 audisse
3182 2704 3195 2738 :
3233 2703 3254 2737 ι
3286 2686 3447 2748 Vade,

278 2770 368 2823 τοῦ
397 2773 472 2839 (5)
499 2773 576 2825 τό·
620 2791 642 2847 μ
680 2773 912 2840 Ὕπαγε,
957 2776 1049 2827 καὶ
1089 2775 1164 2836 ὡς
1199 2775 1516 2836 ἐπίστευσας
1540 2774 1814 2845 γενηθήτω

1924 2785 1971 2828 ει
1994 2774 2131 2827 sicut
2177 2770 2470 2833 credidisti,
2521 2771 2612 2826 fiat
2640 2773 2731 2828 tibi
2757 2776 2826 2839 ¹²;
2857 2793 2875 2824 ι
2906 2785 2956 2827 et
3000 2776 3066 2827 de
3098 2773 3239 2827 Petri
3291 2790 3449 2829 socru

282 2877 383 2911 σοι’
415 2880 433 2911 ι
462 2863 553 2913 καὶ
576 2862 643 2913 τὰ
680 2863 805 2932 περὶ
832 2864 929 2932 τῆς
953 2863 1045 2916 τοῦ
1063 2864 1266 2933 Πέτρου
1296 2864 1373 2931 (6)
1398 2864 1657 2934 πενθερᾶς
1682 2864 1817 2933 σύμ-

280 2965 430 3015 φωνα
454 2953 562 3011 τοῖς
582 2950 753 3013 ἄλλοις
775 2952 892 3003 δυσὶ
921 2954 1014 3004 καὶ
1040 2952 1198 3015 αὐτὸς
1227 2952 1578 3021 παρέστησεν.
1628 2952 1819 3020 Ἡγοῦ-

284 3055 378 3106 μαι
417 3040 476 3091 δὲ
507 3035 640 3093 εἶναι
682 3041 974 3110 φιλότιμον,
1023 3042 1116 3093 καὶ
1159 3041 1363 3112 πρέπον
1403 3040 1482 3111 τῷ
1509 3043 1565 3093 ἐν
1606 3041 1819 3112 Χριστῷ

280 3125 567 3194 φιλομαθεῖ
606 3132 922 3196 συναγαγεῖν
956 3130 1030 3198 (7)
1062 3129 1168 3181 ἀπὸ
1198 3130 1304 3181 τῶν
1335 3129 1610 3199 τεσσάρων
1646 3129 1820 3196 Εὐαγ-

276 3216 472 3284 γελίων
509 3218 678 3269 πάντα
706 3220 772 3272 τὰ
794 3219 919 3289 περὶ
946 3219 1044 3287 τῆς
1080 3220 1452 3289 Καφαρναοὺμ
1476 3220 1819 3288 ἀναγεγραμ-

280 3305 437 3374 μένα,
463 3307 558 3358 καὶ
581 3309 699 3371 τοὺς
725 3311 783 3360 ἐν
806 3309 937 3377 αὐτῇ
970 3307 1177 3375 λόγους,
1200 3308 1291 3359 καὶ
1315 3308 1448 3378 ἔργα
1472 3307 1564 3360 τοῦ
1596 3308 1816 3377 Κυρίου,

276 3393 369 3446 καὶ
401 3395 590 3456 ὁσάκις
617 3398 690 3458 είς
729 3397 893 3466 αὐτὴν
926 3397 1307 3468 ἐπιδεδήμηκε,
1345 3398 1439 3449 καὶ
1473 3396 1548 3458 ὥς
1587 3413 1715 3449 ποτε
1743 3396 1817 3467 (8)

278 3484 379 3554 μὲν
417 3484 632 3548 λέγεται
661 3486 1085 3556 καταϐεῆηκὲναι
1107 3490 1185 3549 είς
1215 3488 1401 3557 αὐτὴν,
1429 3488 1558 3539 ποτὲ
1593 3486 1647 3538 δὲ
1679 3489 1818 3538 είσε-

275 3574 583 3642 ληλυθέναι,
623 3577 713 3628 καὶ
764 3576 952 3643 πόθεν*
980 3576 1150 3628 ταῦτα
1200 3577 1305 3646 γάρ
1349 3576 1590 3646 ἀλλήλοις
1638 3592 1819 3628 συντε-

274 3660 438 3715 θέντα
479 3663 581 3715 οὐκ
628 3666 771 3717 ἐάσει
806 3666 947 3735 ἡμᾶς
989 3665 1261 3718 διαπεσεῖν
1300 3666 1377 3727 είς
1420 3667 1517 3734 τὴν
1550 3665 1675 3734 περὶ
1722 3664 1819 3733 τῆς

276 3757 657 3826 Καφαρναοὺμ
695 3753 936 3826 ἐκδοχὴν.
984 3754 1131 3823 Πλὴν
1179 3755 1226 3806 εί
1259 3754 1352 3806 καὶ
1389 3753 1663 3814 νοσοῦντες
1704 3754 1818 3804 ἐκεῖ

274 3843 685 3913 θεραπεύονται,
719 3846 810 3897 καὶ
840 3846 994 3898 ἄλλαι
1021 3842 1275 3914 δυνάμεις
1321 3844 1433 3894 ἐκεῖ
1469 3841 1722 3909 γίνονται,
1758 3840 1817 3892 τό

267 3949 328 3982 τε
363 3932 679 4003 κηρύσσειν,
710 3952 729 3984 ι
761 3933 1069 4002 Ἤγγικενὴ
1103 3930 1338 4002 βασιλεία
1364 3930 1470 3983 τῶν
1500 3929 1757 3999 οὐρανῶν,
1791 3948 1810 3979 ι

1920 2876 2151 2916 consona
2178 2862 2295 2914 aliis
2319 2863 2520 2916 duobus
2549 2864 2710 2916 etiam
2739 2864 2850 2931 ipse
2884 2864 3079 2918 docuit.
3104 2862 3334 2917 Proinde
3356 2864 3451 2917 bo-

1921 2952 2198 3008 noriﬁcum
2259 2963 2311 3008 et
2349 2955 2546 3011 Christi
2607 2958 2850 3011 studioso
2907 2960 3163 3011 «tn-corum
3213 2958 3450 3011 arbitror

1917 3057 2054 3107 esse,
2090 3044 2340 3112 colligere
2368 3058 2434 3098 ex
2464 3054 2690 3111 quatuor
2716 3047 3015 3113 Evangeliis
3042 3061 3217 3099 omnia
3246 3060 3363 3112 quae
3382 3046 3449 3100 de

1916 3129 2228 3198 Capharnao
2255 3138 2378 3184 sunt
2406 3131 2626 3198 scripta,
2653 3147 3036 3201 sermonesque
3059 3133 3110 3187 in
3126 3148 3187 3186 ea
3215 3133 3447 3196 habitos,

1917 3226 1972 3271 et
1993 3231 2152 3282 opera
2179 3217 2412 3282 Domini,
2443 3228 2497 3271 et
2516 3220 2723 3286 quoties
2752 3223 2816 3273 ad
2840 3220 3008 3287 ipsam
3034 3221 3280 3284 accessit,
3311 3231 3365 3277 et
3389 3232 3449 3277 ut

1917 3306 2202 3374 aliquando
2225 3306 2438 3374 quidem
2469 3306 2807 3361 descendisse
2842 3309 2996 3377 172
3026 3309 3092 3363 ad
3124 3311 3290 3378 ipsam
3317 3310 3449 3364 dici-

1918 3404 2022 3458 tur,
2059 3395 2343 3463 aliquando
2374 3408 2502 3449 vero
2531 3397 2799 3465 ingressus
2828 3397 3025 3464 fuis.~e;
3049 3407 3103 3451 et
3132 3398 3289 3451 unde.
3322 3397 3447 3453 Hzrc

1918 3484 2060 3537 enim
2094 3484 2236 3538 inter
2280 3498 2336 3538 se
2371 3484 2563 3539 collata
2611 3500 2712 3539 non
2757 3486 2936 3540 sinent
2974 3502 3070 3542 nos
3105 3489 3353 3543 aberrare
3396 3491 3447 3542 in

1919 3573 2002 3627 bis
2034 3588 2151 3640 qua:
2183 3575 2249 3627 ad
2285 3573 2690 3640 intelligentiam
2725 3576 2956 3630 civitatis
2996 3575 3290 3644 Capharnai
3328 3593 3450 3645 pcr-

1919 3660 2109 3713 tinent.
2148 3659 2411 3714 Caeterum
2441 3662 2647 3715 etiamsi
2685 3673 3009 3731 mgrotantes
3037 3663 3142 3717 illic
3168 3674 3448 3726 curentur,

1918 3756 1973 3801 et
1999 3748 2115 3802 alia:
2159 3750 2385 3803 virtutes
2415 3749 2523 3803 illic
2552 3748 2701 3812 ﬁant,
2733 3749 2854 3804 inde
2894 3757 3071 3802 tamen
3123 3749 3312 3818 incipit
3341 3749 3449 3801 Do-

1918 3836 2090 3889 minus
2103 3837 2415 3905 prmdieare,
2432 3838 2572 3905 quod
2596 3855 2614 3887 ι
2637 3837 2798 3891 instat
2814 3850 3029 3902 regnum
3054 3837 3309 3890 ctelorum
3334 3835 3394 3889 ης
3420 3853 3442 3887 ι

1917 3925 1970 3979 id
2000 3926 2137 3993 quod
2163 3925 2373 3981 videtur
2394 3927 2601 3994 signum
2634 3940 2773 3990 esse,
2794 3936 2849 3978 ut
2872 3927 3134 3994 principio
3162 3927 3446 3980 subosten-
3476 3998 3481 4001 γ

270 4018 489 4071 ἐκεῖθεν
514 4018 750 4089 ἄρχεται,
788 4018 961 4073 ἔοικεν
990 4017 1127 4072 εἶναι
1157 4018 1435 4089 σύμϐολον,
1461 4018 1534 4080 ὡς
1561 4017 1699 4070 κατά
1724 4018 1814 4080 τὰς

1924 4016 2114 4078 (limus,
2136 4014 2234 4068 loci
2262 4015 2531 4081 cujusdam
2559 4015 2875 4077 liumilioris,
2895 4017 2983 4083 qui
3007 4014 3233 4070 fortasse
3259 4029 3450 4068 conso-

265 4108 453 4178 ἀρχάς
497 4110 841 4181 ὑπεδείξαμεν
888 4113 980 4181 (9),
1008 4111 1383 4181 ὑποδεεστέρου
1416 4108 1558 4170 τινὸς
1598 4109 1814 4179 χωρίου,

268 4198 672 4268 παρακλήσεως
712 4201 846 4270 τάχα
884 4201 970 4252 διὰ
1001 4200 1091 4252 τὸν
1135 4200 1340 4268 Ἰησοῦν
1364 4196 1666 4268 γινομένου,
1718 4214 1819 4249 πα-

267 4287 655 4357 ρακαλέσαντα
697 4290 779 4356 ἐφ’
825 4286 904 4350 οἷς
943 4288 1162 4350 ἐδίδαξε,
1217 4290 1309 4340 καὶ
1361 4287 1652 4356 πεποίηκεν
1708 4287 1822 4337 ἐκεῖ

261 4370 362 4421 τοῦ
396 4371 570 4422 τόπου
610 4374 819 4438 χωρίου
864 4373 1290 4441 παρακλήσεως
1311 4392 1322 4403 ·
1368 4374 1521 4442 ἴσμεν
1577 4372 1681 4442 γὰρ
1726 4373 1821 4425 καὶ

261 4458 454 4510 τόπων
489 4458 723 4526 ὀνόματα
761 4461 1015 4528 ἐπώνυμα
1051 4461 1375 4528 τυγχάνοντα
1406 4463 1517 4521 τοῖς
1552 4457 1690 4510 κατὰ
1731 4456 1820 4509 τὸν

274 4544 499 4614 Ἰησοῦν
533 4547 868 4616 πράγμασινο
914 4549 1098 4616 ὥσπερ
1121 4548 1192 4599 τὰ
1237 4548 1492 4618 Γέργεσα,
1529 4547 1656 4599 ἔνθα
1687 4562 1823 4615 παρ-

1917 4101 2134 4157 lationis
2165 4104 2313 4158 locus
2345 4102 2571 4156 efficitur
2616 4117 2710 4171 per
2738 4101 2918 4158 Jesum
2947 4104 3163 4183 dantem
3201 4103 3274 4156 illi
3306 4102 3445 4158 sola-

1922 4206 2041 4246 men
2071 4206 2137 4245 ex
2176 4193 2259 4246 his
2290 4206 2407 4260 qua:
2437 4193 2544 4247 illic
2581 4192 2763 4248 docuit
2784 4204 2838 4247 et
2864 4193 2988 4247 fecit
3016 4195 3069 4245 in
3109 4193 3226 4246 loco
3250 4193 3339 4261 qui
3368 4201 3451 4246 est

1920 4279 2287 4333 consolationis
2320 4297 2441 4349 ager
2463 4297 2482 4334 :
2515 4280 2716 4335 scimus
2737 4280 2877 4334 enim
2907 4281 3068 4333 etiam
3095 4280 3333 4335 locorum
3358 4295 3453 4334 uo-

1922 4368 2060 4421 mina
2096 4368 2330 4437 ejusdem
2364 4371 2594 4423 nominis
2635 4384 2753 4425 esse
2799 4385 2921 4425 cum
2964 4371 3126 4423 rebus
3150 4384 3245 4438 per
3272 4368 3450 4425 Iesum

1923 4455 2114 4518 factis;
2146 4458 2589 4523 quemadmodum
2632 4458 2865 4527 Gergesa
2908 4460 3058 4522 urbs,
3090 4459 3174 4511 ubi
3225 4474 3452 4527 rogave-

1924 4553 2049 4599 runt
2092 4560 2212 4599 eum
2248 4546 2489 4602 locorum
2519 4549 2732 4603 illorum
2762 4550 2908 4604 cives
2968 4559 3024 4602 ut
3053 4563 3082 4604 e
3117 4549 3310 4604 finibus
3341 4552 3454 4605 suis

337 4725 387 4757 ⁸⁸
419 4723 561 4778 an.
595 4741 667 4790 tv,
702 4726 804 4789 40,
835 4727 926 4779 41.
1005 4726 1046 4756 “
1076 4727 1260 4779 Matth.
1294 4741 1408 4789 vm,
1440 4728 1493 4782 6.
1568 4728 1608 4758 ¹²
1643 4726 1771 4779 ibid.
1801 4729 1814 4780 l

1963 4724 2005 4756 "
2037 4725 2325 4793 Mattth,
2359 4725 2445 4779 l7.

1989 4835 2066 4916 (6)
2108 4839 2214 4892 Τοῦ
2230 4838 2478 4916 μέτρου,
2506 4836 2652 4916 deest
2682 4838 2734 4891 in
2776 4839 2959 4916 codice
3005 4836 3187 4916 Regio,
3223 4833 3317 4916 sed
3366 4847 3455 4916 re:

1922 4907 2203 4960 stituiture
2230 4907 2534 4971 Bodleiano,
2565 4907 2648 4958 ubi
2676 4921 2794 4957 mox
2819 4907 3008 4972 legitur
3042 4907 3327 4969 σύμφωνα,
3354 4913 3462 4953 non

1924 4974 2241 5044 συμφώνως,
2265 4977 2340 5027 uti
2374 4974 2530 5044 habet
2559 4974 2726 5044 codex
2756 4973 2988 5044 [tegius._
3224 5030 3265 5044 ﬁ
3354 5031 3365 5040 _

2090 5030 2466 5110 Συνῖὰγαγεῖν.
2501 5039 2573 5093 lta
2603 5042 2769 5093 codex
2814 5030 3168 5101 Eodleianus;
3224 5030 3468 5098 Regius,

1925 5112 2189 5178 συνάγειν.
3178 5164 3189 5174 ,

1943 5181 2069 5263 [(8)
2100 5179 2197 5263 "pq
2228 5190 2387 5229 ποτε.
2421 5174 2511 5231 Sic
2562 5172 2725 5228 codex
2775 5171 3127 5230 Bodleianus;
3178 5178 3230 5216 ιιι
3293 5160 3479 5231 Regio

1927 5248 2075 5436 iacti;
2094 5263 2533 5446 Ξέτεξείξαμεν.
2551 5308 2639 5364 Sic
2660 5306 2828 5364 codex
2853 5303 3216 5362 Bodleianus;
3249 5294 3488 5361 Regius,

1932 5400 2030 5436 υπε
2063 5399 2087 5435 ε
2163 5397 2225 5446 με
2263 5398 2314 5431 α.

1932 5397 2314 5450 υπεοεςαμευα.

326 4834 457 4954 ¹(99)
487 4836 597 4887 Kal
626 4836 774 4915 μετὰ
812 4835 1095 4913 ταῦταλῐι
1134 4833 1296 4903 Regio
1322 4837 1503 4891 codice
1525 4839 1672 4891 deest
1704 4837 1815 4901 καί,

404 4905 640 4954 habetur
674 4919 725 4954 ιιι
756 4902 1076 4954 Bodleiano.

260 4902 360 4954 sed
404 4902 640 4954 trahetur
674 4905 725 4954 in
756 4902 1076 4955 Bodleiano.

330 4968 412 5037 (ί)
453 4973 633 5022 (Index
657 4970 1011 5037 liodleianus,
1039 4969 1269 5037 ἀσθενεῖς
1298 4972 1353 5022 ἐν
1387 4973 1576 5037 νόσοις.

331 4970 412 5104 (ί)
453 4973 633 5022 (Index
661 4970 1011 5031 Bodleianus,
1039 4970 1269 5031 ἀσθενεῖς
1298 4972 1353 5022 ἐν
1387 4973 1576 5037 νόσοις.

331 5038 388 5104 (2
438 5037 622 5090 Codex
654 5035 1006 5100 Bodleianus,
1036 5035 1361 5105 ἐθεράπευεν,
1403 5041 1605 5111 Regius
1626 5040 1819 5111 ἐθερά-

261 5120 490 5155 πευσεν.

334 5173 416 5239 (5)
452 5171 635 5223 Codex
663 5169 1018 5239 Bodleianns,
1044 5169 1115 5237 τῷ
1128 5170 1292 5239 ⁸τόπῳ,

331 5235 413 5309 (⁷4)
461 5238 646 5309 Codex
693 5235 1051 5309 Bodleianus,
1090 5235 1181 5304 τῆς
1218 5235 1672 5309 συναναγνώσεώς
1721 5260 1820 5296 που

257 5305 497 5374 δοξάσῃς
529 5304 693 5374 μηδὲν
732 5300 1100 5374 ειν-ἠνυκέναι.

334 5369 857 5445 (ἑὴγΠερϊ-αἰςτοῇ.
920 5370 1006 5421 Sic
1053 5369 1196 5423 codex
1238 5372 1581 5434 Bodleiauus
1641 5388 1820 5445 recte;

259 5435 460 5504 Regius
489 5435 620 5504 παρ’
650 5435 850 5488 αὑτοῦ.
