3880 6186
289 232 386 284 329

1377 225 1719 283 COMMENT.
1758 227 1824 280 1N
1857 226 2048 280 JOAN.
2092 225 2329 283 TOMUS
2365 229 2433 283 Χ.

3379 236 3480 291 330

296 343 401 394 πᾶν
438 339 741 411 ἀρσενικόν.
770 359 791 393 ι
826 343 1260 420 Παρατηρητέον
1286 343 1358 406 δὲ,
1395 344 1476 395 ὅτι
1514 344 1570 395 ὲν
1606 345 1670 412 τῇ
1693 344 1840 412 νόμο-

1949 351 2055 404 tus,
2084 352 2137 396 et
2163 343 2353 398 fecerit
2387 343 2585 399 Pascha
2620 343 2855 407 Domini,
2899 341 3293 401 circumcidetis
3322 363 3480 403 omne

299 432 447 501 θεσίᾳ
472 431 711 501 οὐδαμοῦ
733 433 979 499 λέγεται,
1008 435 1193 502 Πάσχα
1232 434 1400 504 ὑμιτιν,
1436 435 1548 487 ἀλλ’
1581 433 1722 494 arma
1750 436 1845 504 μὲν

297 523 354 573 ἐν
376 515 457 582 οἷς
484 520 834 590 προεθέμεθα
865 523 1033 591 χωρὶς
1057 523 1233 593 πάσης
1262 522 1586 593 προσθήκης,
1628 524 1744 593 τρὶς
1766 524 1842 585 δὲ,

302 625 321 657 1
349 607 420 658 T6
450 607 644 675 Πάσχα
671 607 767 660 τοῦ
805 610 1011 679 Κυρίου
1053 628 1072 660 ι
1115 611 1255 679 Πρὸς
1280 610 1334 661 δὲ
1362 612 1421 663 τὸ
1452 609 1845 680 παραδέξασθαι

295 694 435 748 τοῦθ’
462 694 635 758 οὕτως
662 695 813 765 ἔχειν
840 698 969 768 περὶ
995 699 1088 766 τῆς
1111 697 1366 767 διαφορᾶς
1400 698 1491 750 τοῦ
1535 698 1713 766 πάσχα
1740 699 1846 748 Κυ-

295 785 406 853 ρίου
431 783 524 835 καί⁵
547 782 736 851 πάσχα
772 782 1040 836 Ἰουδαίων
1065 782 1256 852 ἴδωμεν
1276 784 1447 836 καὶτὰ
1469 786 1524 835 ἐν
1544 782 1619 851 τῷ
1657 783 1846 851 Ἡσαΐᾳ

291 872 473 924 τοῦτον
504 872 597 924 τὸν
624 871 835 942 τρόπον
859 871 1148 943 εἰρημένω
1181 890 1199 921 1
1234 870 1342 934 Τὰς
1363 872 1652 941 νουμηνίας
1674 869 1842 939 ὑμῶν,

291 959 469 1012 καὶτὰ
498 959 771 1023 σάϐϐατα,
810 961 905 1015 καὶ
940 962 1150 1030 ἡμέραν
1181 958 1418 1029 μεγάλην
1442 959 1535 1009 οὐκ
1565 957 1841 1025 ἀνέχομαι·

290 1048 557 1117 νηστείαν,
590 1049 687 1100 καὶ
720 1049 925 1119 ἀργίαν
958 1050 1052 1101 καὶ
1093 1048 1191 1110 τὰς
1221 1045 1509 1115 νουμηνίας
1547 1045 1721 1113 ὑμῶν,
1752 1044 1844 1096 καὶ

288 1136 384 1196 τὰς
418 1134 611 1205 ἑορτάς
641 1137 801 1205 ὑμῶν
835 1140 982 1206 μισεί
1012 1138 1043 1205 ή
1074 1136 1213 1204 ψυχή
1243 1151 1361 1204 μου.
1403 1153 1420 1183 ι
1453 1134 1562 1186 Οὐκ
1605 1133 1711 1184 ἴδια
1738 1132 1843 1201 γὰρ

289 1222 478 1275 ἐαυτοῦ
518 1240 688 1293 φησιν
727 1227 758 1277 6
798 1225 1001 1292 Κύριος
1029 1224 1098 1276 τά
1139 1224 1241 1275 ὑπὸ
1278 1222 1384 1276 τῶν
1432 1221 1843 1292 ἁμαρτανόντων

289 1312 696 1382 ἐπιτελούμενα,
726 1310 838 1364 ὑπὸ
863 1312 960 1381 τῆς
982 1311 1155 1380 ψυχῆς
1181 1310 1359 1376 αὐτοῦ,
1384 1312 1434 1363 εἴ
1454 1311 1534 1373 τίς
1558 1310 1685 1363 ποτέ
1707 1313 1839 1370 ἐστι,

293 1401 588 1470 μισούμενα
611 1399 751 1469 (Η),
803 1399 930 1452 οὔτε
965 1399 1063 1463 τὰς
1098 1402 1407 1470 νουμηνίας,
1439 1400 1558 1453 οὔτε
1604 1401 1670 1453 τά
1712 1401 1839 1452 σάϐ-

291 1485 442 1548 ϐατα,
466 1483 591 1537 οὔτε
622 1485 845 1555 ἡμέραν
872 1486 1128 1556 μεγάλην,
1161 1486 1279 1539 οὔτε
1307 1487 1572 1558 νηστείαν,
1605 1487 1724 1541 οὔτε
1747 1488 1842 1549 τὰς

289 1572 495 1642 ἑορτάς.
552 1574 642 1626 Ἐν
714 1573 971 1643 μέντοιγε
1025 1577 1089 1643 τῇ
1149 1573 1432 1645 νομοθεσίᾳ
1479 1577 1574 1645 τῆς
1636 1576 1839 1639 Ἐξόδου

286 1662 408 1733 περὶ
445 1661 722 1715 σαϐϐάτου
778 1662 949 1715 ταῦτα
992 1663 1222 1731 λέγεται·
1271 1681 1290 1713 1
1335 1643 1467 1716 Εἷπε
1510 1643 1564 1717 δὲ
1604 1666 1838 1735 Μωῦσῆς
1869 1643 1912 1698 Β

288 1752 416 1819 πρὸς
462 1751 660 1813 αὐτούς
684 1767 699 1782 ο
766 1750 934 1804 Τοῦτο
972 1752 1032 1802 τὸ
1085 1751 1233 1820 ῥῆμα
1275 1751 1303 1803 ὃ
1340 1752 1560 1821 ἐλάλησε
1604 1753 1832 1823 Κύριος·

288 1842 530 1896 Σάϐϐατα
576 1843 895 1904 ἀνάπαυσις
944 1841 1071 1908 ἁγία
1113 1841 1189 1910 τῷ
1240 1842 1456 1912 Κυρίῳο
1507 1862 1524 1893 ι
1562 1844 1670 1897 Καὶ
1722 1845 1836 1913 μετ’

286 1933 463 2000 ὀλίγα·
526 1950 546 1983 1
613 1928 767 1984 Εἶπε
830 1933 886 1983 δὲ
933 1934 960 1984 6
1010 1932 1260 2001 Μωῦσῆς·
1337 1932 1558 1999 Φάγετε,
1606 1936 1838 2006 σήμερον

290 2023 390 2092 γάρ
429 2023 542 2073 ἐστι
584 2021 845 2074 σάϐϐατα
875 2020 950 2090 τῷ
994 2022 1198 2091 Κυρίῳ.
1246 2041 1264 2072 ι
1306 2023 1415 2074 Καὶ
1461 2025 1515 2075 ὲν
1570 2023 1839 2093 Ἀριθμοῖς

292 2108 390 2178 πρὸ
435 2107 635 2161 τούτων
685 2108 783 2175 ἐφ’
827 2108 1030 2178 ἑκάστῃ
1068 2110 1223 2178 ἑορτῇ
1272 2108 1486 2171 θυσιῶν,
1532 2110 1606 2172 ὡς
1646 2111 1837 2181 ἑορτῆς

291 2194 448 2264 οὔσης
469 2195 610 2248 κατὰ
630 2197 730 2247 τὸν
769 2196 925 2265 νόμον
948 2196 1040 2248 τοῦ
1066 2195 1455 2266 ὲνδελεχισμοῦ,
1486 2200 1576 2250 καὶ
1608 2199 1839 2268 ἑκάστης

290 2289 511 2358 ἡμέρας,
564 2287 750 2340 ταῦτα
791 2287 1110 2357 γέγραπταν
1167 2305 1185 2336 1
1235 2288 1342 2340 Καὶ
1380 2287 1601 2356 ἐλάλησε
1638 2288 1837 2359 Κύριος

289 2380 419 2452 πρὸς
460 2378 713 2447 Μωῦσῆν
735 2394 748 2407 ·
795 2377 1141 2444 Ἀπάγγειλαι
1165 2379 1274 2438 τοῖς
1309 2378 1442 2439 υἱοῖς
1483 2377 1714 2447 Ἰσραὴλ,
1747 2381 1838 2431 καὶ

290 2470 425 2539 ἐρεῖς
455 2469 588 2538 πρὸς
611 2469 823 2530 αὐτοὺς
848 2466 1035 2534 λέγων’
1065 2466 1142 2518 Τὰ
1166 2466 1313 2537 δῶρά
1337 2484 1457 2536 μου,
1486 2467 1691 2537 δόματά
1716 2485 1835 2538 μου,

293 2558 625 2630 καρπώματά
689 2572 791 2626 μου
842 2558 921 2618 είς
980 2555 1149 2625 ὀσμὴν
1205 2556 1424 2616 εὐωδίας
1487 2556 1836 2627 διατηρήσετε

297 2647 614 2719 προσφέρειν
659 2662 753 2714 μοι
783 2646 840 2697 ἐν
873 2647 991 2706 ταῖς
1018 2646 1224 2714 ἑορταῖς
1247 2661 1367 2714 μου.
1397 2646 1505 2697 Καὶ⁸
1540 2648 1680 2716 ἐρεῖς
1704 2648 1837 2717 πρὸς

299 2736 509 2799 αὐτούς·
550 2735 744 2789 Ταῦτα
784 2734 852 2787 τὰ
893 2735 1253 2803 καρπώματα,
1297 2735 1396 2787 ὅσα
1436 2737 1729 2805 προσάξετε
1759 2739 1835 2807 τῷ

300 2827 493 2896 Κυρίῳ.
524 2846 544 2877 ι
588 2825 752 2886 ’ἰδίας
780 2824 889 2893 γὰρ
910 2822 1096 2892 ἑορτὰς
1118 2823 1381 2892 ὠνόμασε,
1404 2824 1496 2875 καὶ
1525 2825 1584 2875 οὐ
1615 2825 1721 2877 τῶν
1754 2843 1838 2878 νο-

304 2915 728 2987 μοθετουμένων,
777 2914 872 2975 τὰς
912 2912 1228 2983 ὲκκειμένας
1269 2915 1324 2964 ἐν
1364 2916 1428 2982 τῇ
1481 2914 1688 2983 Γραφῇ,
1740 2916 1835 2967 καὶ
1862 2952 1903 3007 c

306 3006 443 3075 δῶρα
462 3004 653 3067 αὐτοῦ,
680 3003 773 3055 καὶ
798 3002 1000 3069 δόματα
1024 3000 1207 3054 αὐτοῦ.
1238 3002 1454 3069 Ὅμοιον
1479 3001 1533 3053 δέ
1555 3019 1606 3052 τι
1630 3003 1836 3064 τούτοις

305 3096 412 3148 ἐστὶ
454 3095 545 3148 καὶ⁵
584 3092 719 3163 περὶ
769 3091 861 3143 τοῦ
894 3090 1022 3142 λαοῦ
1053 3092 1109 3142 ἐν
1162 3093 1226 3158 τῇ
1268 3090 1454 3159 Ἐξόδῳ
1501 3092 1842 3160 ἀναγεγραμ.

311 3184 479 3252 μένον,
504 3185 661 3243 ὅστις
702 3179 807 3232 ὑπὸ
844 3177 938 3230 τοῦ
970 3178 1102 3230 Θεοῦ
1150 3178 1275 3240 ἴδιος
1310 3175 1446 3232 εἶναι
1482 3180 1726 3247 λέγεται,
1754 3182 1840 3232 ὅτε

310 3272 377 3341 μὴ
406 3273 727 3343 ἁμαρτάνει·
756 3267 1140 3336 ἀποκηρύττων
1169 3266 1225 3318 δὲ
1259 3267 1414 3319 αὐτὸν
1450 3269 1506 3317 ἐν
1544 3270 1607 3336 τῇ
1655 3285 1842 3337 μοσχο-

310 3362 449 3430 ποιίᾳ
482 3361 611 3413 λαὸν
647 3358 923 3418 Μωῦσὲως
958 3355 1201 3424 ὠνόμασε
1222 3373 1236 3386 ·
1257 3374 1275 3407 1
1300 3355 1442 3423 Πρὸς
1457 3358 1562 3426 γὰρ
1626 3357 1723 3424 μὲν
1753 3357 1841 3409 τὸν

308 3449 488 3519 Φαραὼ
540 3450 721 3517 ἐρεῖς,
776 3445 934 3514 φησί·
977 3444 1111 3497 Τάδε
1164 3441 1311 3509 λέγει
1359 3443 1589 3514 Κύριοςο
1645 3444 1841 3509 ἐξαπό-

313 3538 501 3591 στειλον
528 3537 621 3589 τὸν
646 3535 770 3588 λαόν
797 3552 914 3602 μου,
941 3534 1025 3585 ἳνα
1044 3532 1310 3602 λατρεύσῃ
1340 3551 1427 3602 μοι
1451 3536 1507 3586 ἐν
1530 3536 1595 3602 τῇ
1630 3536 1817 3603 ἐρήμῳ

311 3624 398 3677 ἐὰν
435 3626 489 3678 δὲ
532 3626 605 3695 μὴ
649 3624 811 3694 βούλῃ
847 3623 1216 3687 ἐξαποστεῖλαι
1257 3623 1347 3675 τὸν
1396 3623 1518 3675 λαόν
1565 3640 1684 3691 μου,
1733 3623 1836 3675 ἰδοὺ

313 3717 413 3783 ἐγὼ
452 3715 822 3782 ἐξαποστέλλω
846 3714 936 3765 ἐπὶ
983 3713 1060 3773 σὲ,
1105 3713 1196 3764 καὶ
1230 3712 1320 3763 ἐπὶ
1358 3713 1482 3773 τοὺς
1517 3711 1842 3780 θεράποντάς

315 3821 421 3867 σου,
458 3805 550 3857 καὶ
587 3804 682 3855 ἐπὶ
717 3802 808 3853 τὸν
836 3801 962 3853 λαόν
988 3816 1100 3863 σου,
1136 3800 1228 3851 καὶ
1264 3799 1353 3850 ἐπὶ
1383 3800 1508 3859 τοὺς
1539 3798 1714 3859 οἴκους
1748 3814 1838 3849 σου

314 3893 615 3963 κυνόμυιαν,
659 3891 753 3944 καὶ
788 3887 1182 3960 πλησθήσονται
1222 3888 1277 3938 αἱ
1328 3886 1493 3939 οἰκίαι
1535 3886 1640 3937 τῶν
1683 3889 1842 3955 Λίγυ-

318 3984 473 4036 πτίων
497 3983 594 4053 τῆς
616 3980 933 4049 κυνομυίας,
964 3978 1055 4029 καὶ
1100 3978 1176 4038 είς
1197 3976 1294 4045 τὴν
1317 3976 1436 4044 γῆν,
1475 3974 1558 4043 ἐφ’
1591 3970 1657 4044 ἧς
1684 3979 1837 4040 εἰσιν,

316 4072 393 4123 ἐπ’
421 4072 601 4141 αὐτῆς
628 4071 722 4122 καὶ
746 4065 1100 4138 παραδοξάσω
1122 4067 1187 4132 τῇ
1212 4064 1390 4134 ἡμέρᾳ
1416 4064 1593 4133 ἐκείνῃ
1619 4065 1713 4134 τὴν
1740 4066 1842 4134 γῆν

316 4159 497 4228 Γεσὲμ,
539 4159 622 4226 ἐφ’
654 4153 722 4226 ἦς
749 4158 778 4209 6
813 4155 938 4216 λαός
968 4170 1068 4224 μου
1105 4151 1318 4204 ἔπεστιν
1352 4152 1436 4202 ἐπ’
1462 4151 1644 4221 αὐτῆς,
1683 4151 1765 4219 ἐφ’
1798 4144 1841 4217 ᾧ

1946 429 2114 495 ipsius
2167 432 2545 485 masculinum.
2579 451 2598 484 ι
2633 433 2894 486 Caeterum
2926 431 3053 485 illud
3089 434 3475 491 observandum

1945 528 2047 583 est,
2077 523 2215 587 quod
2248 521 2298 572 in
2331 520 2464 588 legis
2491 522 2767 575 sanctione
2798 520 2978 574 nullibi
3021 521 3248 589 dicatur,
3275 524 3472 580 Pascha

1945 616 2196 668 vestrum,
2226 608 2317 660 sed
2364 609 2412 659 in
2446 608 2525 661 his
2559 623 2674 675 qua:
2704 608 3007 673 citavimus,
3034 611 3201 663 semel
3245 620 3473 674 tantum.

1949 712 1968 744 1
2000 696 2223 760 Pascha,
2246 715 2264 746 ι
2306 696 2506 763 absque
2544 697 2649 749 ullo
2692 698 3079 763 additamenta,
3110 708 3166 752 et
3193 709 3290 761 ter,
3328 719 3345 751 1
3370 701 3473 754 Pa-

1943 784 2066 837 scha
2093 784 2319 836 Domini.
2352 803 2369 834 ι
2404 783 2471 838 Ut
2503 800 2628 838 vero
2659 785 3037 840 conﬁrmemus
3068 788 3168 842 hoc
3188 788 3265 840 sic
3288 803 3345 842 se
3375 788 3472 841 ba-

1945 873 2068 927 bere
2093 874 2156 927 de
2184 873 2483 927 differentia
2531 874 2810 928 Paschalis
2838 874 3047 929 Domini
3096 887 3152 932 et
3196 876 3472 935 Paschalis

1941 962 2266 1025 Iudaeorum,
2296 964 2571 1016 videamus
2597 979 2716 1032 qua:
2749 964 2801 1019 in
2841 965 2975 1019 Isaia
3003 965 3140 1020 hunc
3168 966 3223 1020 in
3259 969 3471 1021 modum

1943 1059 2065 1106 sunt
2097 1054 2294 1122 scripta
2320 1054 2364 1085 ”
2390 1069 2404 1105 :
2448 1072 2464 1104 1
2494 1052 2777 1107 Novilnnia
2829 1046 3027 1120 veSlra,
3052 1064 3107 1109 et
3149 1055 3397 1119 Sabbata,
3420 1069 3473 1111 et

1943 1144 2080 1196 diem
2112 1157 2356 1210 magnam
2403 1158 2506 1197 non
2535 1142 2739 1207 tolero;
2767 1143 3045 1211 jejunium,
3073 1153 3129 1198 et
3163 1146 3469 1215 segnitimn,

1944 1239 1999 1284 et
2028 1231 2298 1285 novilunia
2314 1240 2570 1293 vcstra,et
2593 1231 2906 1285 festivitates
2930 1242 3135 1286 vestras
3153 1233 3267 1287 odit
3292 1233 3469 1287 anima

1943 1334 2080 1372 mea.
2114 1338 2133 1370 ι
2173 1320 2387 1373 Minime
2410 1320 2549 1372 enim
2579 1324 2645 1374 ad
2677 1322 2909 1389 seipsum
2957 1322 3171 1388 proprie
3204 1322 3471 1388 pertinere

1943 1410 2111 1476 inquit
2149 1409 2402 1463 Dominus
2446 1425 2564 1478 quae
2608 1426 2636 1463 a
2692 1410 3061 1477 peccatoribus
3096 1410 3468 1477 perﬁciuntur,

1943 1498 2089 1567 [(16)
2127 1500 2192 1552 ab
2236 1502 2411 1553 anima
2448 1500 2581 1566 ejus,
2614 1501 2656 1553 si
2690 1516 2808 1568 quae
2843 1501 3055 1554 tandem
3102 1501 3186 1553 illa
3214 1510 3316 1562 est,
3347 1501 3470 1553 odio

1942 1587 2167 1658 babita,]
2208 1603 2311 1641 non
2339 1590 2627 1653 novilunia,
2664 1604 2765 1641 non
2781 1588 3032 1661 sabbata,
3063 1603 3165 1642 non
3187 1589 3326 1642 diem
3360 1604 3472 1641 ma-

1939 1692 2117 1746 gnam,
2155 1693 2255 1730 non
2302 1677 2585 1744 jejunium,
2632 1692 2735 1732 non
2788 1677 3122 1731 festivitates.
3156 1678 3383 1731 Rursum
3418 1680 3469 1730 in

1942 1767 2271 1834 legislatione
2316 1767 2478 1819 Exodi
2530 1768 2643 1820 haec
2691 1770 2757 1820 de
2797 1765 3033 1821 Sabbato
3086 1764 3338 1820 dicuntur
3378 1768 3465 1819 ":

1944 1876 1963 1907 1
1994 1857 2135 1910 Dixit
2161 1865 2333 1910 autem
2363 1857 2570 1926 Moyses
2597 1857 2663 1910 ad
2688 1871 2780 1910 eos
2810 1875 2823 1908 :
2849 1856 2957 1911 Hoc
2978 1865 3059 1911 est
3087 1857 3302 1911 verbum
3326 1859 3466 1925 quod

1940 1944 2144 1999 locutus
2169 1957 2249 1998 est
2271 1945 2559 1999 Dominus:
2591 1944 2825 1998 Sabhata
2853 1947 3066 2014 requies
3097 1956 3280 2000 sancta
3312 1956 3482 2000 erunt.

1938 2031 2181 2084 Domino.
2205 2050 2222 2082 ι
2259 2033 2321 2086 Et
2352 2043 2468 2099 post
2495 2047 2659 2101 pauca
2688 2032 2768 2084 ’δε
2803 2050 2821 2081 1
2847 2032 2992 2086 Dixit
3018 2044 3194 2087 autem
3227 2034 3466 2104 Moyses:

1939 2120 2233 2185 Comeditc,
2262 2123 2417 2175 hodie
2465 2124 2606 2176 enim
2639 2134 2761 2175 sunt
2796 2122 3031 2177 Sabbata
3083 2124 3321 2178 Domino.
3353 2142 3373 2176 ι
3404 2125 3471 2177 Ει.

1940 2210 1992 2262 in
2019 2210 2290 2276 Numeris,
2338 2220 2463 2264 ante
2496 2213 2591 2264 has
2639 2212 2880 2265 victimas
2912 2227 3031 2280 quae
3073 2212 3370 2268 offeruntur
3414 2214 3467 2266 in

1938 2299 2163 2367 singulis
2212 2299 2605 2365 festivitatibus,
2636 2301 2857 2368 perinde
2903 2301 3058 2367 quasi
3109 2302 3304 2369 singuli
3355 2302 3469 2354 dies

1939 2387 2059 2442 festi
2112 2389 2220 2441 sint
2261 2386 2412 2454 juxta
2459 2388 2626 2457 legem
2674 2388 3048 2442 endelechismi
3097 2388 3183 2458 [id
3213 2399 3296 2444 est
3323 2389 3467 2458 jngis

1936 2478 2279 2548 oblationis],
2324 2479 2436 2531 haec
2478 2479 2677 2546 scripta
2719 2479 2905 2532 sunt"
2930 2497 2946 2530 -.
2985 2497 3006 2529 1
3038 2479 3104 2532 Et
3138 2479 3346 2533 locutus
3387 2491 3471 2534 est

1939 2565 2189 2620 Dominus
2228 2566 2295 2620 ad
2334 2565 2547 2635 Moysen
2580 2583 2593 2617 :
2622 2565 2884 2619 Renuntia
2916 2565 3041 2619 ﬁliis
3078 2566 3262 2631 15raeI,
3302 2577 3351 2619 et
3387 2567 3466 2621 lo-

1937 2672 2100 2725 quere
2126 2657 2189 2709 ad
2213 2670 2324 2719 eos,
2340 2655 2523 2709 dicens
2549 2672 2562 2707 :
2596 2655 2740 2708 Dona
2764 2669 2899 2719 mea,
2924 2668 3147 2708 munera
3172 2653 3471 2714 mea,obla-

1939 2746 2107 2798 tiones
2154 2758 2299 2797 meas
2346 2745 2398 2796 in
2455 2744 2676 2796 odorem
2728 2743 3009 2813 suavitatis
3057 2744 3470 2811 perseverabitis

1936 2834 2128 2888 offerre
2169 2833 2295 2886 mihi
2350 2833 2403 2885 in
2458 2832 2839 2887 festivitatibus
2874 2834 3028 2886 meis.
3072 2834 3138 2886 Et
3169 2834 3313 2887 dices
3350 2836 3467 2887 eis:

1939 2924 2028 2976 ila:
2064 2932 2192 2976 sunt
2220 2921 2539 2984 oblationes,
2564 2934 2698 2987 quas
2738 2918 2978 2974 offeretis
3013 2921 3256 2976 Domino.
3282 2941 3301 2973 ι
3344 2922 3472 2987 Quae

1939 3011 2079 3062 enim
2111 3008 2367 3076 exposita:
2392 3015 2517 3061 sunt
2545 3008 2596 3060 in
2630 3007 2914 3075 Scriptura
2942 3007 3280 3071 festivitates,
3320 3024 3468 3073 suas,

1941 3111 2043 3148 non
2078 3109 2284 3156 eorum,
2313 3094 2504 3160 quibus
2519 3093 2617 3162 .lex
2643 3094 2888 3159 traditur,
2912 3095 3229 3172 appellavit;
3255 3107 3309 3150 et
3333 3099 3468 3152 dona

1939 3201 2032 3241 sua
2074 3197 2277 3251 suaque
2339 3196 2577 3235 munera.
2622 3180 2717 3236 His
2767 3193 2946 3236 autem
2993 3185 3245 3251 quiddam
3298 3187 3473 3240 simile

1937 3274 2193 3340 scriptum
2226 3280 2307 3325 est
2350 3272 2404 3323 in
2438 3271 2621 3325 Exodo
2650 3271 2717 3325 de
2748 3272 2962 3340 populo,
2998 3274 3155 3345 174
3180 3290 3337 3342 quem
3371 3278 3473 3330 Do-

1943 3361 2117 3414 minus
2141 3375 2240 3414 non
2269 3367 2576 3428 peccantem
2606 3374 2760 3412 suum
2782 3374 2900 3415 esse
2930 3376 3054 3414 cum
3081 3364 3325 3428 dixisset,
3353 3380 3473 3419 rur-

1940 3465 2032 3503 sus
2079 3449 2357 3511 eumdem,
2395 3450 2520 3516 quia
2567 3448 2787 3502 vitulum
2833 3449 3149 3512 conﬂasset.
3194 3453 3471 3516 abdicans,

1939 3536 2133 3605 Moysis
2158 3538 2408 3604 populum
2429 3537 2745 3589 nominavit.
2785 3555 2804 3587 1
2824 3537 2903 3591 Ad
2936 3537 3270 3594 Pharaonem
3305 3542 3470 3601 enim.

1939 3626 2111 3692 inquit
2128 3626 2196 3690 “,
2243 3625 2388 3678 dices
2423 3642 2437 3676 :
2464 3623 2586 3678 Haec
2634 3625 2775 3685 dicit,
2801 3626 3054 3680 Dominus
3087 3644 3102 3680 :
3136 3628 3355 3683 Dimitte
3377 3644 3474 3697 po-

1941 3714 2121 3782 pulum
2156 3728 2353 3778 meum,
2378 3722 2437 3766 ut
2457 3714 2725 3769 sacrificet
2750 3714 2878 3768 mihi
2909 3715 2960 3767 in
2985 3716 3199 3769 deserto
3225 3730 3241 3768 :
3272 3719 3316 3770 si
3348 3733 3474 3771 vero

1942 3803 2177 3856 nolueris
2210 3802 2482 3855 dimittere
2510 3801 2761 3869 populum
2788 3816 2989 3865 meum,
3005 3817 3129 3854 ecce
3151 3817 3247 3870 ego
3268 3805 3469 3856 mittam

1944 3893 1996 3945 in
2031 3901 2100 3955 te,
2135 3900 2191 3944 et
2218 3890 2275 3944 in
2311 3904 2497 3943 servos
2527 3899 2664 3952 tuos,
2695 3896 2750 3942 et
2775 3890 2828 3942 in
2862 3890 3112 3957 populum
3149 3897 3392 3951 tuum,et
3417 3891 3469 3944 in

1942 3979 2125 4029 domos
2156 3985 2273 4029 tuas
2313 3988 2523 4028 muscas
2548 3976 2789 4040 caninas,
2824 3984 2878 4028 et
2907 3975 3264 4043 implebuntur
3286 3977 3473 4030 domus

1940 4060 2313 4134 Egyptiorum
2355 4063 2554 4117 muscis
2591 4063 2818 4126 caninis,
2858 4063 2993 4117 etin
3028 4072 3248 4125 terram,
3278 4064 3329 4116 in
3369 4078 3471 4131 qua

1943 4163 2085 4217 sunt,
2112 4153 2163 4206 in
2191 4167 2253 4206 ea
2278 4154 2560 4206 immittam
2585 4168 2599 4203 :
2632 4160 2685 4206 et
2712 4151 3023 4218 glorificabo
3048 4151 3097 4202 in
3131 4150 3215 4203 die
3240 4150 3329 4203 illa
3356 4160 3471 4204 ter—

316 4247 408 4298 οὑκ
435 4248 543 4298 ἔστι
568 4246 856 4314 κυνόμυια,
891 4243 976 4296 ἵνα
996 4240 1160 4310 εἰδῇς,
1185 4241 1264 4292 ὅτι
1287 4238 1395 4306 ἐγώ
1422 4242 1533 4308 ειμι
1574 4240 1790 4311 Κύριος,
1812 4243 1840 4293 6

1943 4254 2058 4297 ram
2087 4241 2304 4307 Gesem,
2327 4243 2379 4296 in
2413 4256 2519 4310 qua
2542 4242 2769 4309 populus
2806 4255 2957 4295 meus
2986 4241 3142 4304 inest,
3173 4249 3393 4294 eatenus
3419 4252 3476 4292 ut

313 4334 504 4405 Κύριος
532 4335 712 4402 πάσης
731 4332 829 4400 τῆς
854 4330 976 4397 γῆς.
1007 4330 1117 4382 Καὶ
1137 4326 1289 4380 δώσω
1315 4328 1591 4398 διαστολὴν
1615 4329 1716 4382 ἀνὰ
1757 4329 1841 4398 μέ-

319 4437 403 4474 σον
427 4422 513 4474 τοῦ
538 4419 671 4490 ἐμοῦ
704 4418 852 4471 λαοῦ.
880 4416 1018 4485 Πρὸς
1043 4415 1098 4466 δὲ
1119 4414 1209 4467 τὸν
1239 4414 1470 4467 Μωῦσέα
1496 4414 1718 4483 ἐλάλησε
1738 4415 1840 4467 Κύ-

319 4527 425 4579 ριος
447 4511 631 4578 λέγων’
661 4506 870 4570 Βάδιζε,
897 4502 1159 4573 κατάϐηθι
1181 4503 1240 4555 τὸ
1268 4503 1448 4572 τάχος,
1476 4504 1710 4575 ὴνόμησε
1735 4504 1840 4575 γὰρ

316 4599 344 4651 6
383 4598 637 4663 λαόςσου,
677 4595 770 4657 οὓς
791 4592 1053 4664 ἐξήγαγες
1096 4593 1158 4643 ἐκ
1205 4592 1305 4661 γῆς
1329 4592 1437 4662 (15)
1482 4593 1769 4659 Αίγύπτουλ
1818 4613 1836 4644 ι

319 4686 512 4759 Ὠσπερ
549 4681 643 4739 οῦν
679 4687 709 4736 6
751 4684 876 4744 λαὸς
923 4682 997 4751 μὴ
1038 4680 1361 4750 ἁμαρτάνων
1400 4681 1518 4749 μὲν,
1567 4681 1659 4734 τοῦ
1707 4683 1837 4735 Θεοῦ

317 4774 469 4839 ἐστιν,
528 4772 854 4844 ἁμαρτάνων
892 4770 948 4822 δέ
984 4771 1083 4822 οὐκ
1126 4770 1202 4821 ἔτι.
1234 4769 1446 4836 λέγεται
1492 4767 1625 4824 εἷναι
1657 4772 1836 4825 αὐτοῦ·

316 4860 446 4915 οῦτω
492 4864 586 4915 καὶ
628 4863 684 4913 αἱ
727 4860 930 4929 ἑορταὶ,
975 4859 1065 4910 ὅτε
1114 4858 1211 4928 μὲν
1260 4859 1536 4928 μισοῦνται
1586 4858 1688 4911 ὑπὸ
1745 4861 1843 4929 τῆς

317 4953 401 5006 τοῦ
426 4952 628 5023 Κυρίου
667 4948 863 5017 ψυχῆς,
891 4946 998 4999 τῶν
1022 4947 1434 5016 ἁμαρτανόντων
1477 4946 1610 4999 είσίν
1643 4948 1841 5015 ἑορταί·

413 5066 459 5096 ¹¹
486 5064 591 5117 Isa.
622 5078 663 5125 ι,
696 5060 785 5121 13.
820 5060 908 5113 Η.

320 5131 359 5162 ³⁷
384 5133 552 5185 Exod.
582 5144 754 5192 xaxtt,
780 5128 833 5179 7.

386 5240 497 5308 (ﬂ)
534 5236 668 5288 ’Υπό
705 5234 813 5302 τῆς
834 5233 1050 5308 ’ψυχῆς
1085 5235 1286 5293 αὑτοῦ,
1313 5230 1371 5283 εἷ
1406 5229 1499 5292 τίς
1538 5229 1844 5308 {rese-{Eat},

322 5297 656 5373 μισούμενα.
714 5297 1121 5373 Εέιιιὶίιθιὶᾗ-Ἰιιεο
1145 5308 1360 5373 exstant
1383 5313 1437 5373 ιιι
1467 5297 1845 5373 codd.__i§egio

325 5363 373 5427 ct
397 5363 701 5432 Bar'berino.
730 5363 824 5423 sed
853 5369 1215 5422 desiderantur
1233 5367 1284 5419 in
1314 5364 1506 5418 codice
1534 5363 1843 5432 Bodleiano,

326 5454 475 5506 quem
506 5430 724 5493 secutus
753 5447 836 5490 est
874 5434 1173 5506 ferrarius.
1206 5431 1480 5506 immerito
1505 5430 1751 5506 culpatus
1778 5436 1845 5486 ab

331 5500 527 5571 l'luetio,
575 5506 725 5574 quasi
761 5519 823 5557 ea
864 5504 1069 5571 Origeni
1123 5501 1430 5569 gratiﬁcans
1488 5500 1846 5564 praetermise-

628 5598 882 5655 Ριτιιοι..
942 5597 1054 5656 Gn.
1111 5594 1273 5651 XIV.

1002 5058 1053 5105 ’ἔ
1079 5058 1246 5114 Exod.
1280 5074 1386 5120 xvr,
1406 5058 1501 5110 25.
1577 5058 1621 5088 "‘
1644 5057 1774 5114 ibid.
1797 5060 1889 5114 25.

1946 4331 1999 4384 in
2035 4331 2119 4385 illa
2174 4347 2277 4386 non
2327 4333 2395 4385 sit
2441 4344 2620 4384 musca
2657 4329 2849 4382 canina
2881 4342 2894 4380 :
2934 4338 2990 4381 nt
3045 4329 3186 4382 scias
3225 4330 3473 4397 quoniam

1946 4432 2044 4486 ego
2064 4433 2179 4473 sum
2200 4418 2472 4483 Dominus,
2497 4416 2750 4470 Dominus
2764 4416 3024 4469 universa:
3049 4424 3227 4470 terrm.
3250 4415 3315 4469 Et
3338 4417 3474 4470 dabo

1944 4504 2298 4559 diﬁ‘erentiam
2350 4503 2488 4557 inter
2532 4504 2779 4571 populum
2831 4518 3029 4557 meum.
3056 4531 3124 4542 —-
3150 4505 3230 4557 Ad
3255 4504 3471 4573 Moysen

1946 4600 2120 4646 autem
2148 4591 2354 4645 locutus
2379 4600 2461 4645 est
2493 4590 2769 4653 Dominus,
2788 4589 3006 4644 dicens:
3030 4591 3190 4653 Vade,
3214 4594 3473 4647 descende

1943 4678 2210 4745 celeriter,
2268 4679 2428 4748 impie
2481 4678 2622 4732 enim
2669 4680 2833 4747 gessit
2882 4678 3105 4746 populus
3154 4688 3292 4744 tuus,
3338 4695 3474 4747 quos

1942 4767 2171 4823 eduxisti
2199 4782 2262 4822 ex
2291 4777 2428 4822 terra
2457 4766 2667 4836 Egypti
2689 4769 2753 4819 ³⁷.
2790 4785 2810 4817 ι
2846 4766 3195 4831 Quamobrem
3218 4776 3275 4820 ut
3307 4783 3472 4835 popu-

1946 4857 2030 4911 lus
2079 4871 2188 4911 non
2231 4871 2459 4927 peccans
2510 4856 2730 4924 populus
2764 4856 2852 4908 Dei
2895 4863 2995 4917 est,
3022 4868 3253 4921 peccans
3288 4865 3467 4908 autem

1947 4961 2053 5000 non
2079 4946 2204 5001 item
2228 4963 2244 5005 ;
2270 4946 2341 4999 ita
2365 4954 2418 4999 et
2442 4944 2783 5007 festivitates,
2809 4956 2929 4995 cum
2952 4940 3159 4999 Domini
3181 4943 3359 4993 anima
3379 4958 3471 4995 eas

1961 5061 2006 5091 ’⁸
2035 5059 2188 5113 Num.
2218 5073 2414 5121 xxvm,
2449 5056 2474 5108 1
2504 5065 2557 5109 et
2575 5069 2688 5121 seq.
2762 5053 2806 5085 ’⁸
2837 5051 3004 5105 Exod.
3026 5064 3144 5116 vm,
3172 5048 3237 5101 21
3271 5061 3328 5103 et
3353 5066 3472 5119 seq.

1951 5243 2119 5370 "1.15)
2167 5295 2423 5370 Ἐκῌγῆς.
2457 5299 2609 5370 Deest
2642 5297 2691 5350 in
2736 5295 2968 5350 editione
2999 5291 3197 5363 liuetii,
3256 5294 3351 5345 sed
3387 5308 3483 5348 ex-

1947 5366 2053 5423 stat
2080 5366 2132 5420 in
2169 5367 2349 5421 codice
2382 5366 2685 5419 Bodleiano.

2006 5436 2116 5504 (ιϐ)
2144 5434 2266 5486 Haec
2298 5434 2353 5484 in
2380 5431 2691 5487 Ferrariana
2723 5426 3159 5494 interpretatione
3176 5423 3489 5483 desiderata
3582 5443 3589 5452 ·

1941 5505 2311 5573 supplevimus.
2981 5575 3008 5631 1
3021 5578 3048 5633 1
