3880 6172
399 218 495 273 351

1798 212 2110 269 ORIGENIS

3521 202 3651 257 359.

400 331 742 403 prosequitur
762 330 902 393 odio,
932 328 1263 395 peccantium
1285 337 1407 382 sunt
1427 324 1775 391 festivitates;
1799 344 1919 381 cum

2032 331 2107 381 ire
2136 329 2190 381 δὲ
2216 329 2318 381 ὐπὸ
2343 326 2434 381 τοῦ
2470 329 2671 399 Κυρίου
2707 326 3146 398 νομοθετοῦνται,
3188 320 3422 392 Κυρίου
3475 311 3649 368 εἶναι

399 437 525 476 vero
559 435 649 475 eas
691 418 946 485 Dominus
984 418 1170 479 sancit,
1213 416 1422 471 Domini
1477 432 1596 472 esse
1651 419 1918 472 dicuntur.

402 513 591 565 Verum
623 509 965 563 fesﬁvitatum
1000 522 1100 559 una
1132 516 1213 559 est
1240 508 1399 561 etiam
1437 492 1665 570 Pascha,
1701 510 1842 576 quod
1873 511 1923 561 in

400 598 661 667 Evangelii
685 597 952 665 proposita
985 596 1283 662 Scriptura,
1314 612 1416 649 non
1446 598 1676 659 Domini,
1710 598 1800 650 sed
1833 596 1928 649 Ju-

398 688 624 740 dmorutn
663 684 864 737 Pascha
900 683 1112 736 dicitur.
1159 682 1362 737 Rursus
1394 684 1516 736 alibi
1549 685 1719 750 inquit
1748 701 1760 736 :
1798 701 1815 733 ι
1838 683 1927 735 Περ

397 784 519 829 sunt
555 773 759 826 Domini
801 772 1143 834 festivitates,
1169 787 1303 839 quas
1348 774 1487 840 ipsas
1517 773 1782 827 vocabitis
1808 787 1929 825 san-

396 874 508 919 ctas
535 865 597 915 ²⁸.
629 881 646 912 ι
685 862 758 914 Ex
794 861 997 916 Domini
1032 861 1209 927 itaque
1243 876 1373 915 voce
1405 876 1506 913 non
1535 862 1655 914 licet
1689 862 1771 913 his
1808 875 1927 928 qua:

395 953 693 1011 docuimus,
717 952 1112 1005 contradicere.
1146 953 1337 1004 Verum
1368 966 1433 1004 ex
1464 952 1698 1019 Epistola
1728 934 1791 1002 ad
1825 950 1928 1003 Co-

397 1040 623 1092 rinthios
648 1040 693 1070 ”
721 1040 1071 1106 probabiliter
1108 1040 1303 1107 aliquis
1328 1050 1551 1107 quaerat,
1581 1056 1677 1093 cur
1704 1040 1929 1106 Aposto-

398 1127 480 1181 lus
530 1128 762 1180 scribat:
800 1146 817 1178 ι
849 1128 1055 1181 Etenim
1102 1127 1312 1182 Pascha
1355 1138 1600 1181 nostrum
1646 1142 1743 1196 pro
1774 1127 1925 1180 nobis

397 1218 697 1271 immolatus
731 1225 812 1270 est
844 1216 1125 1280 Christus;
1164 1236 1183 1268 ι
1235 1231 1339 1269 non
1381 1218 1520 1269 enim
1568 1217 1687 1270 ait:
1722 1216 1923 1269 Pascha

395 1306 604 1361 Domini
635 1306 933 1359 immolatus
963 1316 1043 1360 est
1073 1307 1336 1361 Christus.
1374 1306 1455 1361 Ad
1486 1322 1604 1375 quae
1644 1308 1923 1361 dicendum

394 1404 499 1458 est,
549 1394 629 1448 vel
677 1395 987 1463 Apostolum
1018 1396 1216 1449 dixisse
1258 1396 1573 1464 simplicius,
1601 1396 1804 1449 Pascha
1832 1409 1926 1447 no-

396 1492 564 1537 strum
597 1482 947 1543 immolatum,
978 1484 1115 1549 quod
1144 1498 1240 1550 pro
1274 1484 1423 1538 nobis
1450 1484 1777 1536 immolatum
1802 1482 1924 1546 fuit,

396 1572 477 1624 vel
509 1586 719 1626 omnem
761 1586 877 1625 eam
918 1572 1281 1634 festivitatem,
1309 1586 1427 1639 qua:
1477 1586 1662 1624 revera
1718 1571 1786 1623 sit
1824 1570 1925 1622 Do-

2027 420 2529 488 προσαγορεύονται.
2578 418 2695 471 Τῶν
2744 418 2801 469 δέ
2852 417 3051 487 ἑορτῶν
3098 414 3197 484 μία
3238 411 3369 465 ἐστὶ
3407 409 3523 463 καὶ
3575 407 3651 458 τὸ

2023 511 2229 578 Πάσχα,
2246 512 2377 579 ὅπερ
2401 512 2456 561 ἐν
2479 511 2542 578 τῇ
2568 508 2896 577 προκειμένῃ
2917 506 3009 558 τοῦ
3035 502 3388 569 Εὐαγγελίου
3414 498 3646 569 Γραφῇ

2024 598 2083 649 οὐ
2136 596 2227 649 τοῦ
2269 598 2491 667 Κυρίου,
2527 595 2659 649 ἀλλὰ
2701 595 2809 647 τῶν
2859 593 3128 646 Ἰουδαίων
3175 586 3324 642 εἶναι
3355 589 3641 654 λέγεται.

2024 687 2131 739 Καὶ
2180 686 2405 755 ἀλλαχοῦ
2445 686 2520 746 δὲ,
2544 705 2560 735 ι
2590 681 2775 745 Αὐται,
2821 684 3003 752 φησιν,
3043 681 3099 732 αί
3144 676 3341 748 ἐορταὶ
3369 671 3647 742 Κυρίου,

2023 777 2089 838 ἃς
2106 776 2357 827 καλέσετε
2385 775 2554 836 αὐτὰς
2577 774 2777 844 κλητὰς
2805 774 2983 839 ἁγίας.
3024 789 3042 820 ι
3082 766 3221 819 Ἀπὸ
3241 766 3351 836 μὲν
3382 759 3496 816 οὖν
3527 761 3646 829 τῆς

2023 864 2113 916 τοῦ
2164 864 2362 932 Κυρίου
2400 863 2579 931 φωνῆς
2619 864 2716 915 οὐκ
2759 862 2903 913 ἐστιν
2944 857 3253 923 ἀντιλέγειν
3297 849 3396 914 οἷς
3441 866 3644 920 παρεο

2028 953 2294 1020 στήσαμεν
2334 948 2460 1017 (17)·
2492 950 2727 1012 πιθανῶς
2763 949 2820 1002 δέ
2860 967 2941 1011 τις
2968 948 3077 1000 άπὸ
3114 945 3213 998 τοῦ
3262 940 3641 995 Ἀποστόλου

2024 1040 2243 1109 ζητήσει
2268 1040 2324 1090 ἐν
2348 1040 2412 1106 τῇ
2437 1037 2569 1106 πρὸς
2603 1039 2914 1105 Κορινθίους
2939 1034 3388 1102 άναγράφοντος·
3434 1048 3455 1079 ι
3512 1029 3642 1081 Καὶ

2025 1128 2131 1197 γὰρ
2181 1127 2240 1179 τδ
2280 1128 2467 1195 Πάσχα
2518 1124 2670 1194 ἡμῶν
2703 1126 2841 1191 ὐπέρ
2884 1125 3041 1194 ἡμῶν
3078 1122 3197 1190 (18)
3245 1119 3435 1189 ἐτύθη
3485 1119 3643 1186 Χρι-

2027 1218 2146 1279 στός
2166 1234 2179 1246 ”
2208 1236 2225 1266 ι
2254 1216 2314 1268 οὐ
2345 1216 2452 1285 γάρ
2478 1215 2626 1283 φησί·
2662 1214 2732 1265 Τὸ
2762 1213 2952 1281 Πάσχα
2986 1213 3195 1282 Κυρίου
3234 1209 3421 1280 ἐτύθη
3481 1211 3642 1279 Χρι-

2026 1310 2165 1370 στός.
2195 1306 2300 1358 Καὶ
2331 1306 2463 1374 πρὸς
2494 1303 2720 1355 τοῦτοδὲ
2751 1300 2985 1361 λεκτέον,
3012 1299 3132 1368 ἦτοι
3168 1301 3255 1352 ότι
3287 1298 3640 1352 ἁπλούστε-

2030 1415 2117 1466 ρον
2155 1398 2343 1464 Πάσχα
2377 1394 2532 1465 ἡμῶν
2575 1392 2728 1445 τυθέν
2766 1391 2826 1443 τὸ
2864 1389 2930 1469 δι’
2960 1391 3109 1458 ἡμᾶς
3152 1388 3320 1440 τυθέν
3354 1391 3638 1459 εῖρηκεν,

2025 1487 2166 1555 ἢὸτι
2216 1488 2361 1538 πάσα
2405 1484 2560 1554 ἑορτὴ
2603 1479 2817 1550 άληθῶς
2855 1479 3087 1548 Κυρίου.
3138 1473 3216 1530 ὧν
3253 1477 3362 1547 μία
3403 1480 3537 1531 ἐστὶ
3568 1478 3640 1531 τὸ

2027 1571 2234 1639 Πάσχα,
2264 1570 2361 1622 οὐκ
2405 1570 2461 1620 ἐν
2502 1568 2673 1637 τούτῳ
2716 1567 2795 1635 τῷ
2830 1565 3005 1627 αίῶνι,
3044 1564 3168 1617 οὐδέ
3200 1566 3297 1616 ἐπὶ
3328 1566 3474 1632 γῆς,
3504 1565 3635 1615 ἀλλ’

398 1662 548 1726 mini,
582 1675 805 1728 quarum
840 1674 942 1713 una
980 1669 1062 1713 est
1094 1659 1323 1724 Pascha,
1364 1675 1467 1713 non
1500 1660 1549 1713 in
1581 1660 1679 1712 hoc
1705 1655 1920 1722 saeculo,

2032 1660 2083 1710 ἐν
2120 1659 2196 1727 τῷ
2228 1657 2468 1727 μέλλοντι
2501 1658 2593 1709 καὶ
2639 1658 2694 1707 ἐν
2731 1655 2998 1722 οὐρανοῖς,
3045 1654 3317 1723 ἐνστάσης
3362 1654 3477 1723 τῆς
3529 1653 3640 1722 βα-

398 1764 567 1817 neque
598 1763 756 1817 super
788 1759 1003 1813 terram,
1034 1749 1125 1801 sed
1158 1749 1206 1801 in
1237 1748 1416 1802 futuro
1443 1758 1495 1802 et
1536 1748 1587 1800 in
1618 1747 1799 1809 caelis,
1839 1746 1889 1798 in
1909 1774 1921 1783 -

396 1849 573 1892 stante
601 1839 855 1892 cmlorum
900 1852 1082 1907 regno,
1110 1838 1435 1892 celebratum
1467 1837 1554 1889 iri.
1583 1835 1720 1901 Quin
1750 1836 1812 1888 de
1842 1833 1922 1888 fer

397 1928 724 1981 stivitatibus
769 1928 873 1981 illis
911 1942 1045 1981 unus
1081 1927 1356 1981 duodecim
1409 1927 1783 1994 prOphetarum
1837 1925 1921 1976 in-

395 2018 513 2086 quit
538 2016 622 2069 ”:
658 2034 678 2067 ι
708 2016 843 2082 Quid
873 2015 1081 2069 facietis
1113 2017 1161 2069 in
1192 2017 1374 2071 diebus
1405 2014 1755 2079 celebritatis,
1778 2021 1833 2067 et
1869 2013 1922 2066 in

396 2107 584 2160 diebus
607 2106 912 2160 festivitatis
944 2106 1196 2159 Domini?
1230 2124 1249 2157 ι
1288 2107 1350 2159 Ει
1377 2108 1427 2159 in
1454 2105 1687 2174 Epistola
1722 2102 1788 2156 ad
1821 2103 1924 2157 He-

400 2196 570 2249 braos
597 2194 794 2248 Paulus
810 2195 851 2225 ³¹
878 2208 893 2246 :
920 2212 939 2244 ι
973 2193 1075 2247 Sed
1098 2195 1401 2248 accessistis
1421 2194 1486 2247 ad
1512 2202 1742 2247 montem
1770 2192 1922 2256 Sion,

396 2291 453 2336 et
480 2284 549 2336 ad
573 2282 840 2336 civitatem
875 2281 967 2334 Dei
994 2281 1240 2342 viventis,
1271 2279 1562 2334 Jerusalem
1600 2279 1925 2347 supercalc-

395 2380 555 2437 slem,
593 2380 647 2427 et
671 2372 738 2426 ad
765 2371 1031 2439 myriadas
1062 2370 1400 2437 angelorum,
1442 2384 1634 2436 nempe
1677 2370 1743 2421 ad
1787 2367 1927 2421 cele-

396 2462 663 2525 britatem,
688 2469 743 2513 et
779 2460 1072 2515 Ecclesiam
1104 2460 1574 2530 primogenitorum
1602 2458 1925 2525 scriptorum

398 2550 452 2604 in
477 2548 650 2604 colis.
680 2567 699 2601 ι
734 2548 800 2602 Ει
834 2549 889 2603 in
915 2548 1151 2618 Epistola
1182 2548 1246 2601 ad
1273 2548 1617 2602 Colossenses
1640 2545 1722 2596 “z
1760 2562 1780 2595 ι
1809 2544 1924 2599 Non

399 2638 778 2708 igiturjudicet
802 2636 994 2704 aliquis
1017 2650 1108 2690 vos
1138 2636 1189 2688 in
1232 2635 1373 2698 cibo.
1394 2643 1449 2688 et
1480 2636 1531 2688 in
1567 2641 1714 2701 potu,
1750 2640 1843 2684 aut
1874 2633 1927 2684 in

397 2735 549 2794 parte
576 2727 677 2780 diei
704 2725 844 2789 festi,
876 2734 966 2777 aut
996 2724 1049 2785 in
1083 2722 1376 2789 novilunio,
1410 2723 1491 2778 vel
1517 2721 1786 2787 Sabbatis,
1811 2734 1929 2789 qua:

398 2823 521 2869 sunt
553 2815 738 2869 umbra
768 2813 1090 2868 futurorum.
1115 2830 1135 2865 ι

2026 1748 2225 1810 σιλείας
2271 1746 2379 1799 τῶν
2436 1745 2676 1815 οὐρανῶν
2730 1742 3227 1813 ἐπιτελεσθήσεται.
3297 1744 3423 1796 Καὶ
3488 1743 3637 1814 περὶ

2025 1838 2240 1888 ἐκείνων
2267 1853 2329 1898 γε
2361 1836 2466 1888 τῶν
2496 1835 2692 1903 ἑορτῶν
2720 1836 2748 1885 ό
2798 1833 2896 1902 μέν
2938 1827 3019 1895 εἷς
3058 1832 3167 1885 τῶν
3206 1832 3431 1885 δώδεκα
3474 1847 3634 1901 προ-

2024 1926 2203 1996 φητῶν
2229 1942 2377 1997 φησιο
2427 1944 2444 1975 ι
2484 1925 2547 1976 Τί
2591 1924 2847 1992 ποιήσετε
2872 1925 2928 1974 ἐν
2953 1922 3187 1992 ἡμέραις
3225 1925 3628 1993 πανηγύρεως

2023 2016 2113 2066 καὶ
2154 2017 2209 2067 ἐν
2246 2015 2478 2084 ἡμέραις
2526 2012 2716 2081 ἑορτῆς
2752 2010 2847 2063 τοῦ
2883 2011 3121 2080 Κυρίου;
3155 2030 3172 2060 ι
3216 2013 3244 2063 ό
3285 2012 3348 2064 δὲ
3384 2011 3629 2074 Παῦλος

2023 2104 2079 2155 ἐν
2100 2106 2163 2172 τῇ
2188 2104 2321 2171 πρὸς
2358 2101 2637 2170 Ἐϐραίους
2656 2118 2669 2131 ’
2724 2119 2742 2150 ι
2794 2099 2954 2152 Ἀλλά
2983 2100 3433 2171 προσεληλύθατε
3468 2101 3625 2155 Σιὼν

2023 2191 2157 2257 δρει,
2194 2190 2286 2241 καὶ
2331 2188 2479 2240 πόλει
2518 2188 2653 2240 Θεοῦ
2702 2186 2925 2251 ζῶντος,
2970 2187 3326 2259 Ἰερουσαλὴμ
3372 2188 3628 2258 ἐπουρα-

2023 2278 2119 2347 νίῳ
2138 2278 2229 2331 καλ⁸
2256 2277 2507 2347 μυριάσιν
2526 2277 2796 2344 ἀγγέλων,
2815 2276 3143 2348 πανηγύρει,
3167 2276 3265 2329 καὶ
3294 2276 3624 2347 Ἐκκλησία

2025 2368 2375 2437 πρωτοτόκων
2413 2365 2918 2435 ἀπογεγραμμένων
2959 2368 3017 2418 ἐν
3039 2367 3313 2436 οὐρανοῖς.
3353 2384 3373 2416 ο
3403 2367 3527 2418 Καὶ
3558 2367 3624 2417 ἐν

2023 2457 2090 2524 τῇ
2130 2454 2262 2523 πρὸς
2299 2454 2649 2516 Κολοσσαεῖς’
2683 2473 2700 2504 ι
2732 2452 2824 2523 Μὴ
2860 2449 2955 2505 οὖν
2976 2470 3060 2515 τις
3086 2454 3231 2522 ὑμᾶς
3266 2453 3518 2523 κρινέτω
3557 2455 3625 2507 ἐν

2027 2541 2221 2611 βρώσει
2265 2542 2357 2593 καὶ
2400 2543 2455 2593 ἐν
2491 2541 2666 2603 πόσει,
2702 2541 2736 2608 ἢ
2777 2542 2836 2591 ἐν
2872 2540 3031 2610 μέρει
3070 2541 3283 2610 ἑορτῆς,
3325 2541 3362 2610 ἢ
3401 2555 3622 2611 νουμη-

2025 2631 2160 2693 νίας,
2186 2630 2218 2699 ἢ
2245 2630 2525 2684 σαϐϐάτων
2558 2630 2594 2683 ά
2631 2632 2748 2682 ἐστι
2785 2629 2916 2682 σκιά
2949 2630 3061 2682 τῶν
3093 2630 3425 2700 μελλόντων.
3473 2650 3494 2682 ι

471 2902 625 2970 175
653 2901 737 2954 12.
768 2900 936 2953 Porro
964 2909 1161 2964 autem,
1203 2912 1431 2966 quonam
1466 2905 1624 2966 pacto
1665 2895 1924 2951 festivita-

2100 2899 2183 2951 12.
2209 2898 2338 2951 Τίνα
2367 2899 2422 2951 δέ
2450 2898 2646 2968 τρόπον
2692 2900 2748 2951 ἐν
2778 2900 2889 2961 τοῖς
2931 2899 3286 2968 ἐπουρανίοις
3305 2938 3320 2959 ,
3355 2891 3434 2952 ὧν
3481 2899 3617 2953 σκιὰ

399 3002 499 3056 tes,
531 3004 751 3058 quarum
780 2990 966 3041 umbra
1014 2987 1161 3055 apud
1193 2988 1404 3041 Iudaeos
1448 2985 1756 3055 corporales
1785 2994 1923 3049 erat,

396 3077 885 3146 perfectionemque
925 3073 1047 3129 Filii
1087 3074 1179 3127 Dei
1207 3074 1507 3143 percepturi
1536 3075 1704 3128 simus
1735 3074 1787 3126 in
1834 3087 1925 3126 su-

396 3165 817 3235 percmlestibus,
884 3167 982 3220 sub
1038 3165 1185 3219 illam
1233 3178 1415 3218 veram
1472 3162 1640 3231 legem
1695 3163 1924 3230 primum

399 3268 683 3323 puerorum
714 3269 862 3309 more
892 3256 1136 3310 instructi
1163 3253 1301 3321 apud
1328 3260 1602 3306 curatores
1630 3259 1684 3305 et
1705 3265 1929 3304 (necno-

400 3357 538 3406 mos,
573 3345 741 3397 donec
770 3344 941 3397 aderit
979 3359 1040 3398 ea
1077 3343 1335 3412 temporis
1367 3342 1638 3409 plenitudo
1670 3355 1789 3409 qua:
1822 3339 1927 3393 illic

399 3438 501 3495 est,
542 3429 772 3485 ofﬁcium
817 3442 900 3486 est
948 3432 1089 3486 illius
1136 3430 1413 3500 sapientiae
1441 3444 1559 3498 quae
1589 3430 1640 3481 in
1673 3429 1926 3497 mysterio

400 3517 716 3571 abscondita
762 3517 882 3582 fuit,
933 3518 1274 3572 manifestare
1323 3526 1380 3571 et
1424 3516 1663 3571 contueri
1696 3529 1814 3582 qua:
1860 3515 1928 3567 de

401 3606 538 3661 cibis
591 3606 706 3673 lege
754 3608 1086 3669 sanciuntur,
1136 3624 1253 3677 quae
1286 3606 1522 3679 symbols
1569 3614 1693 3659 sunt
1740 3619 1926 3659 eorum

401 3710 519 3765 qua:
543 3696 653 3751 illic
682 3700 946 3752 nutritura
977 3708 1124 3763 sunt,
1155 3698 1451 3766 fortemque
1486 3696 1759 3750 redditura
1806 3694 1923 3747 ani-

401 3799 544 3837 mam
574 3794 825 3839 nostram.
856 3786 924 3837 At
951 3800 1076 3839 vero
1097 3786 1325 3853 aliquem
1352 3794 1552 3839 temere
1579 3785 1925 3852 imaginatum

402 3876 566 3930 fuisse
596 3882 860 3929 tantarum
882 3876 1357 3944 intelligentiarum
1379 3876 1616 3945 pelagus,
1645 3875 1929 3929 volentem-

400 3985 504 4040 que
531 3981 747 4024 servare
786 3969 1054 4037 quomodo
1084 3969 1258 4021 cultus
1287 3968 1564 4035 praesentis
1609 3966 1711 4020 loci
1751 3966 1925 4033 speci-

404 4073 525 4113 men
555 4068 716 4125 atque
737 4057 922 4109 umbra
951 4056 1019 4109 sit
1044 4056 1526 4122 supercmlestium,
1556 4053 1927 4121 volentemque

403 4146 696 4214 intelligere
724 4144 968 4198 victimas
988 4153 1041 4198 et
1063 4158 1241 4206 ovem,
1268 4143 1574 4211 praecedere
1595 4155 1656 4194 ac
1673 4154 1927 4208 superare

2030 2989 2177 3058 παρὰ
2236 2991 2344 3050 τοῖς
2407 2990 2732 3056 σωματικοῖς
2791 2987 3067 3051 Ἰουδαίοις
3125 2984 3197 3057 ἦν
3223 3027 3240 3049 ,
3300 2989 3503 3058 ἐορτὰς
3561 2989 3615 3040 oi

2032 3078 2127 3146 μὲν
2161 3076 2265 3145 (19)
2306 3074 2408 3127 ὐπὸ
2438 3076 2525 3127 τὸν
2565 3075 2738 3145 ἀληθῆ
2781 3076 3048 3146 πρότερον
3089 3077 3612 3147 παιδαγωγούμενοι

2028 3166 2185 3235 νόμον
2217 3165 2363 3234 παρὰ
2404 3164 2710 3234 ἐπιτρόποις
2754 3166 2845 3216 καὶ
2876 3166 3187 3234 οίκονόμοις
3207 3206 3224 3230 ,
3258 3168 3367 3230 ἓως
3393 3167 3456 3220 τὸ
3496 3167 3615 3220 ἐκεῖ

2030 3257 2293 3325 πλήρωμα
2324 3254 2413 3307 τοῦ
2460 3255 2647 3322 χρόνου
2690 3255 2874 3324 ἐνστῇ,
2909 3256 3007 3307 καὶ⁵
3034 3256 3135 3325 τὴν
3165 3258 3490 3327 τελειότητα
3516 3256 3612 3309 τοῦ

2030 3344 2156 3396 Υἱοῦ
2185 3345 2275 3396 τοῦ
2306 3344 2438 3397 Θεοῦ
2467 3346 2821 3416 χωρήσωμεν,
2863 3344 3023 3415 ἔργον
3052 3347 3253 3413 σοφίας
3277 3349 3381 3419 τῆς
3413 3350 3472 3400 ἐν
3507 3365 3612 3417 μυ-

2030 3435 2230 3503 στηρίῳ
2258 3433 2745 3503 άποκεκρυμμένης
2761 3432 2879 3485 ἐστὶ⁸
2905 3433 3248 3503 φανερῶσαι,
3273 3436 3371 3488 καὶ⁵
3399 3435 3612 3506 τάπερὶ

2032 3522 2323 3591 βρωμάτων
2372 3522 2799 3591 νομοθετούμενα
2847 3520 3094 3591 σύμϐολα
3141 3523 3259 3576 τῶν
3307 3526 3431 3577 ἐκεῖ
3483 3525 3610 3593 μελ-

2028 3614 2220 3665 λόντων
2269 3611 2503 3681 τρέφειν,
2545 3612 2636 3664 καὶ
2692 3614 3056 3681 ἰσχυροποιεῖν
3091 3612 3260 3681 ἡμῶν
3305 3614 3406 3683 τὴν
3431 3614 3612 3682 ψυχὴν

2029 3701 2352 3769 τυγχάνοντα
2384 3701 2620 3769 θεωρεῖν.
2648 3702 2782 3769 Είκῆ
2809 3701 2866 3753 δὲ
2904 3702 3366 3768 φαντασιωθὲντα
3395 3703 3524 3756 τινὰ
3552 3700 3613 3754 ea

2018 3788 2256 3854 πέλαγος
2294 3787 2400 3840 τῶν
2449 3787 2709 3839 τοσούτων
2751 3788 3040 3857 νοημάτων
3061 3826 3077 3850 ,
3129 3790 3234 3841 καὶ
3289 3789 3612 3859 βουλόμενον

2031 3876 2197 3928 σῶσαι
2242 3875 2357 3937 πῶς
2400 3877 2432 3945 ἡ
2481 3876 2617 3928 κατά
2658 3877 2822 3928 τόπον
2863 3876 3089 3947 λατρεία
3148 3879 3472 3949 ὑπόδειγμα
3519 3878 3615 3931 καὶ

2031 3967 2154 4019 σκιά
2177 3968 2290 4018 ἐστι
2320 3967 2426 4017 τῶν
2444 3966 2794 4035 ἐπουρανίων,
2817 3967 2887 4019 τά
2911 3984 2970 4019 τε
3000 3967 3231 4037 θύματα
3264 3972 3365 4023 καὶ
3392 3971 3454 4023 τὸ
3484 3969 3616 4038 πρό-

2030 4056 2185 4108 ϐατον
2215 4055 2399 4124 νοῆσαι
2424 4053 2757 4123 βουλόμενον,
2783 4055 3049 4125 προκόψαι
3070 4058 3168 4108 καί
3183 4059 3270 4127 τῷ
3309 4058 3614 4126 Ἀποστόλῳ

2028 4143 2222 4211 ἐπᾶραι
2261 4142 2355 4211 μέν
2401 4140 2551 4209 ἡμῶν
2593 4140 2653 4192 τὸ
2698 4143 2952 4211 φρόνημα
2997 4142 3335 4213 βουληθέντι
3374 4147 3480 4199 ἀπὸ
3505 4145 3613 4197 τῶν

401 4231 503 4285 erit
531 4229 863 4297 Apostolum,
907 4231 996 4297 qui
1044 4231 1378 4298 prudentiam
1417 4229 1631 4297 quidem
1690 4239 1924 4283 nostram

2032 4234 2223 4303 γηΐνων
2252 4232 2377 4300 περὶ
2413 4229 2504 4282 τοῦ
2531 4231 2693 4299 νόμου
2719 4230 3024 4300 δογμάτων,
3058 4233 3123 4284 οὐ
3153 4236 3317 4288 πάνυ
3345 4237 3401 4288 δὲ
3440 4251 3615 4304 παρα-

400 4321 608 4388 erigere
635 4320 800 4374 voluit
829 4335 858 4373 a
893 4320 1228 4387 dogmatibus
1278 4320 1345 4373 de
1383 4319 1496 4388 lege
1531 4319 1777 4381 terrenis,
1825 4331 1920 4386 pa-

402 4422 518 4461 rum
550 4415 722 4461 tamen
753 4407 985 4460 ostendit
1014 4406 1278 4475 quomodo
1312 4406 1487 4459 futura
1516 4404 1623 4458 sint
1666 4405 1798 4458 haec.
1829 4405 1922 4458 Sin

402 4510 528 4549 vero
553 4497 712 4550 etiam
744 4495 1078 4558 festivitates,
1103 4508 1327 4563 quarum
1374 4508 1476 4546 una
1513 4501 1593 4547 est
1633 4492 1828 4556 Pacha,
1861 4494 1927 4547 ad

401 4582 637 4637 futurum
670 4582 917 4637 saeculum
952 4582 1299 4644 reducuntur,
1331 4580 1503 4634 adhuc
1552 4582 1718 4648 magis
1745 4580 1923 4632 consi-

400 4672 695 4727 derandum
742 4681 825 4726 est
864 4671 1130 4740 quomodo
1180 4670 1343 4723 etiam
1391 4683 1530 4723 nunc
1574 4668 1777 4722 Pascha
1827 4683 1926 4720 no-

397 4774 567 4817 atrum
594 4745 894 4816 immolatus
923 4762 995 4816 sit
1017 4760 1260 4815 Christus
1286 4769 1340 4814 et
1365 4759 1414 4812 in
1441 4768 1707 4828 posterum
1733 4760 1923 4811 immo-

397 4856 611 4909 labitur.

467 4945 553 4998 15.
576 4943 836 4996 Caeterum
870 4941 936 4994 ad
962 4941 1102 4994 hanc
1136 4940 1436 5007 dogmatum
1465 4946 1769 4991 nostrorum
1804 4951 1923 5004 per-

395 5031 702 5100 plexitatem
721 5045 885 5097 pauca
919 5038 1043 5084 sunt
1071 5028 1224 5083 nobis
1252 5028 1514 5091 addenda,
1540 5042 1657 5092 qua:
1693 5033 1921 5079 tractatu

500 5167 545 5197 ’⁸
579 5164 745 5220 Levit.
777 5182 934 5225 χχιιι.
964 5166 1020 5221 2.
1092 5168 1137 5199 ’⁸
1165 5166 1329 5220 lCor.
1358 5180 1412 5227 ν,
1441 5164 1489 5217 7.
1566 5164 1609 5195 '°
1634 5162 1756 5218 Ose.
1784 5177 1861 5225 Ix,
1899 5160 1951 5213 5.

467 5272 573 5346 ([ῖὶ
602 5276 1081 5346 Πςιρεστήσαμεν.
1111 5273 1200 5329 Sic
1223 5273 1392 5328 codex
1416 5271 1766 5334 Bodleranus;
1802 5269 1918 5322 edi»

400 5339 693 5414 ιίοζῆιμθιὶἰν
717 5339 1149 5414 summisse?-

468 5406 577 5478 (18)
600 5403 987 5478 ,Ὑπὲρ-
1015 5403 1358 5478 Desideratur
1388 5407 1441 5460 in
1460 5406 1693 5462 editione
1720 5403 1917 5468 Hnetii,

400 5479 490 5527 sed
531 5475 749 5528 habetur
774 5476 824 5528 in
842 5475 1043 5535 'codice
1077 5476 1384 5530 Bodleiano.

2030 4322 2282 4390 στήσαντι
2322 4318 2436 4381 πῶς
2471 4318 2641 4371 ταῦτα
2679 4319 2860 4389 μέλλει
2910 4320 3183 4386 γίνεσθαι.
3242 4325 3383 4377 Ἐὰν
3430 4324 3488 4376 δὲ
3524 4322 3616 4375 καὶ

2031 4410 2228 4477 ἐορταὶ,
2259 4402 2332 4461 ὧν
2362 4409 2457 4477 μία
2481 4407 2587 4476 (ΞΟ)
2613 4408 2672 4459 τὸ
2694 4409 2886 4478 Πάσχα
2922 4410 3059 4472 ἐστὶ,
3094 4413 3195 4463 καὶ
3233 4415 3344 4467 ἐπὶ
3372 4415 3462 4467 τὸν
3491 4412 3616 4483 μέλ-

2029 4498 2185 4551 λοντα
2203 4496 2484 4564 ἀνάγονται
2504 4496 2693 4559 αἰῶνα,
2719 4496 2799 4549 ἐτι
2823 4497 3022 4567 μᾶλλον
3051 4500 3471 4574 ἐπισκοπητέον
3499 4499 3615 4562 πῶς

2029 4585 2123 4638 καὶ
2171 4584 2264 4636 νῦν
2300 4584 2359 4635 τὸ
2395 4583 2582 4653 Πάσχα
2619 4586 2776 4654 ἡμῶν
2818 4587 2985 4657 ἐτύθη
3030 4589 3324 4658 Χριστὸς,
3354 4594 3449 4646 καὶ¹
3479 4589 3611 4661 μετὰ

2026 4673 2193 4726 ταῦτα
2220 4672 2523 4743 τυθήσεται.

2099 4938 2180 4990 15.
2198 4936 2378 5005 Ὀλίγα
2391 4936 2446 4989 δὲ
2471 4938 2551 5001 εἰς
2571 4937 2666 5007 τὴν
2680 4939 3028 5016 ἐπαπόρησιν
3046 4943 3155 4997 τῶν
3173 4944 3476 5019 δογμάτων
3502 4962 3603 4999 πτα-

2030 5025 2273 5095 ραθετέον
2287 5026 2440 5095 ἡμῶν
2465 5025 2595 5090 ἰδίας
2611 5025 2888 5096 δεομένων
2915 5035 3311 5103 πραγματείας
3328 5036 3604 5107 ἐξαιρέτου

2026 5160 2067 5192 ιι
2103 5160 2260 5214 Hebr.
2292 5160 2614 5224 “1.22.23.
2695 5166 2741 5196 ι·
2772 5168 2895 5226 Col.
2932 5186 2994 5237 ιι,
3027 5169 3237 5238 16,17.

2247 5268 2479 5334 Ἐορτάς
2506 5274 2559 5324 οἱ
2590 5273 2727 5340 μέν.
2782 5278 3098 5354 Legendum
3131 5281 3373 5347 fortasse
3414 5285 3603 5356 ἐορτά-

2027 5352 2105 5388 σοι
2111 5353 2225 5404 μεν.

2050 5473 2062 5490 !
2093 5400 2209 5490 (92.9)
2230 5404 2471 5490 Α’ξρρξαὶί
2494 5400 2583 5485 ῶν
2604 5411 2736 5490 ιιία.
2761 5416 2862 5477 Sic
2892 5422 3063 5479 codex
3093 5421 3458 5490 Bodleianns;
3487 5420 3600 5476 edi-

2028 5474 2099 5527 tio
2140 5474 2337 5537 lluetii,
2361 5474 2560 5541 ἐορτῶν
2594 5474 2716 5550 μία.
