3880 6224
373 288 487 340 533
1467 280 1808 338 COMMENT.
1839 283 1906 337 IN
1940 282 2123 337 JOAN.
2158 236 2384 338 TOMIUS
2424 284 2485 336 Χ.
3454 287 3556 340 57-4

381 400 481 450 καὶ
495 388 777 450 πολυϐἰϐλου
787 425 800 448 .
813 390 1031 454 παντὸς
1044 412 1107 446 τε
1119 397 1233 465 (21)
1247 398 1337 450 τοῦ
1350 397 1485 450 κατά
1497 398 1652 466 νόμον
1677 397 1913 467 μυστικοὶ

2036 409 2252 465 egerent
2302 397 2550 465 praecipui
2579 411 2642 451 ac
2674 397 2851 465 magni
2898 396 3040 460 libri,
3074 410 3297 465 quaeque
3335 397 3546 451 omnint

378 485 656 554 λόγου,καὶ
668 478 762 545 ἰδίᾳ
776 475 885 529 τῶν
900 482 1056 535 κατὰ
1068 485 1170 548 τὰς
1186 488 1393 558 ἑορτὰς,
1414 489 1504 539 καὶ
1526 486 1602 537 ἐτι
1624 486 1830 538 ίδικώτε
1839 503 1910 555 ροπ

2035 488 2365 553 requirerent
2391 485 2663 553 mysticam
2691 487 2740 536 in
2764 484 2879 551 lege
2901 484 3239 537 exsistentem
3272 484 3549 544 rationem,

384 575 615 646 περὶτοῦ
633 571 828 637 Πάσχα.
842 565 1132 625 Ἰουδαίων
1146 576 1255 644 ,μὲν
1272 572 1366 628 οῦν
1379 576 1436 627 τὺ
1455 575 1642 644 Πάσχα
1666 575 1916 645 πρόϐατόι

2032 582 2085 626 et
2116 574 2406 639 praesertim
2456 588 2632 625 rerum
2669 587 2849 625 earum
2897 574 3153 626 rationem
3183 587 3299 640 qua:
3329 582 3449 623 sunt
3501 574 3550 624 in

385 660 507 712 ἐστι
529 659 785 729 θυόμενον,
807 654 1229 729 λαμϐανόμενον
1258 663 1465 731 ἑκάστῳ
1495 665 1612 714 κατ’
1635 662 1809 723 οίκους
1836 677 1917 713 πα

2033 660 2430 721 festivitatibus,
2464 668 2624 726 atque
2656 659 2815 712 etiam
2859 662 3027 727 magis
3074 660 3335 727 praecipue
3370 673 3551 712 eorum

384 750 573 819 τριῶν,
591 750 679 800 καὶ
691 745 927 799 ὲπιτελού
938 764 1100 816 μενον
1128 751 1347 820 μυριάσι
1371 750 1723 819 σφαζομέναις
1746 748 1916 819 άμνῶι

2033 762 2147 816 ηοω
2173 749 2237 800 ad
2270 748 2469 802 Pascha
2507 749 2792 814 pertineant.
2817 748 3074 813 Quocirca
3100 750 3401 803 Iudaeorum
3432 750 3552 814 qui-

384 840 485 890 καὶ
508 840 720 908 ἐρίφων,
747 836 953 889 πλείοσι
983 839 1127 891 κατά
1156 840 1252 910 τὴν
1290 839 1567 906 ἀναλογίαν
1586 838 1678 891 τοῦ
1702 839 1916 908 ἀριθμοί

2033 840 2151 892 dem
2197 837 2424 901 Pascha,
2463 839 2579 892 ovis
2610 846 2693 891 est
2721 852 2837 904 qua:
2881 840 3205 904 immolatur,
3242 853 3398 906 quam
3444 839 3557 891 sin-

378 926 500 979 τῶν
511 926 667 978 οῐκων
681 925 769 978 τοῦ
784 925 935 991 λαοῦ,
956 927 1018 979 τὸ
1045 927 1102 979 δὲ
1128 928 1279 998 ήμῶν
1302 929 1437 998 ὑπὲρ
1451 930 1601 998 ἡμῶν
1623 928 1729 998 (22)
1746 928 1910 996 Πάσχι

2032 928 2137 997 guli
2169 929 2267 982 sibi
2297 937 2513 980 sumunt
2541 941 2632 994 per
2659 928 2842 981 domos
2874 929 3217 991 familiarum,
3247 939 3297 980 et
3341 927 3555 994 perfici-

379 1017 553 1086 ὲτύθη
575 1018 820 1086 Χριστός.
842 1018 950 1068 Καὶ
974 1019 1135 1070 πάλιν
1156 1018 1372 1070 ἐκείνων
1407 1017 1501 1087 μὲν
1516 1017 1628 1070 ἐστι
1648 1019 1712 1071 τὰ
1732 1017 1907 1088 ἄζυμα

2036 1026 2121 1068 tur
2145 1031 2264 1069 cum
2292 1016 2530 1083 pluribus
2562 1016 2886 1085 myriadibus
2913 1031 3164 1082 agnorum
3199 1025 3251 1068 et
3284 1017 3552 1070 haedorum

378 1105 782 1172 ἀφανιζομένης
822 1106 1004 1175 πάσης
1050 1105 1229 1173 ζύμης
1267 1106 1330 1157 ἑκ
1376 1106 1483 1158 τῶν
1526 1105 1682 1158 οἴκων
1723 1106 1895 1167 αὐτῶν

2033 1106 2244 1169 occisis,
2271 1107 2417 1173 juxta
2454 1107 2854 1173 proportionem
2900 1107 3105 1160 numeri
3140 1109 3413 1160 domorum
3461 1123 3554 1174 po—

380 1195 549 1263 ὴμεῖς
575 1194 629 1245 δὲ
656 1193 984 1263 ἑορτάζομεν
1010 1194 1072 1244 οὐ
1101 1192 1244 1262 ζύμῃ
1279 1193 1496 1265 παλαιᾷ,
1523 1194 1641 1245 οὐδὲ
1663 1194 1804 1264 ζύμῃ
1833 1211 1912 1247 κα-

2036 1195 2185 1261 puli;
2229 1204 2467 1247 nostrum
2504 1207 2627 1246 vero
2673 1193 2874 1246 Pascha
2913 1209 3006 1261 pro
3048 1193 3200 1247 nobis
3252 1194 3554 1247 immolatus

379 1284 510 1344 κίας
565 1283 656 1334 καὶ
687 1284 966 1350 πονηρίας,
988 1279 1101 1333 ἀλλ’
1131 1283 1186 1332 ὲν
1215 1282 1436 1351 ἀζύμοις
1467 1282 1799 1351 είλικρινείας
1842 1284 1911 1334 κα

2035 1290 2115 1335 est
2148 1281 2407 1335 Christus.
2457 1281 2661 1335 Rursus
2711 1281 2783 1333 illi
2842 1296 3025 1350 azyma
3076 1282 3289 1345 habent,
3342 1296 3558 1335 cessare

378 1368 656 1437 ἀληθείας.
692 1369 749 1418 El
790 1367 845 1417 δέ
871 1368 987 1418 ὲστί
1014 1385 1067 1419 τι
1101 1369 1279 1438 τρίτον
1306 1369 1449 1440 παρά
1474 1369 1541 1421 τά
1563 1370 1819 1440 εἰρημένα
1841 1369 1910 1421 δύ‹

2036 1370 2290 1424 facientes
2321 1372 2385 1423 de
2435 1370 2679 1423 domibus
2720 1369 2828 1422 suis
2877 1383 3033 1421 omne
3072 1369 3387 1421 fermentum
3417 1383 3432 1427 ;
3464 1382 3558 1420 nos

378 1456 574 1523 Πάσχα
600 1453 691 1505 τοῦ
719 1455 920 1523 Κυρίου
951 1457 1044 1507 καὶ
1080 1457 1324 1525 Ἀζύμων
1348 1458 1526 1528 ἑορτὴ,
1556 1458 1910 1527 ἀκριϐέστεροι

2036 1467 2210 1510 autem
2237 1457 2548 1510 festivitates
2571 1457 2774 1525 agimus
2801 1474 2819 1506 ι
2857 1471 2960 1509 non
2988 1457 3039 1510 in
3064 1455 3325 1510 fermento
3355 1464 3553 1518 vetere,

377 1541 693 1605 ἐξεταστέον
739 1542 827 1593 διὰ
866 1544 925 1595 τὸ
973 1546 1325 1614 ὑποδείγματι
1366 1548 1457 1598 καὶ
1503 1549 1628 1616 σκιᾷ
1661 1546 1909 1616 λατρεύειε

2038 1561 2210 1614 neque
2245 1546 2297 1597 in
2343 1545 2601 1599 fermento
2649 1545 2864 1598 malitiae
2934 1554 2988 1598 et
3042 1544 3313 1612 nequitiae,
3354 1545 3446 1597 sed
3504 1545 3554 1597 in

374 1628 621 1689 ἐκείνους
647 1628 754 1679 τῶν
783 1631 1119 1699 ἐπουρανίων
1148 1634 1385 1696 ἐκείνων,
1416 1636 1508 1686 καὶ
1533 1636 1591 1686 ού
1627 1636 1780 1703 μόνον
1806 1634 1906 1705 βριὶ

2037 1636 2238 1704 azymis
2265 1636 2589 1689 sinceritatis
2621 1647 2676 1689 et
2699 1637 2942 1690 veritatis
2963 1637 3028 1688 ⁸³.
3062 1654 3081 1685 ι
3102 1638 3181 1689 An
3208 1649 3336 1689 vero
3365 1644 3560 1702 praeter

382 1735 552 1786 ματα,
579 1720 672 1770 καὶ
702 1721 941 1788 πόματα,
963 1724 1053 1774 κοιλ¹
1080 1723 1382 1792 νεομηνίας,
1405 1724 1495 1776 καὶ
1527 1724 1784 1787 σάϐϐατα,
1809 1726 1914 1778 ἀλλ‹

2038 1726 2123 1778 illa
2147 1726 2251 1779 duo
2285 1741 2402 1794 quae
2424 1727 2675 1790 diximus,
2710 1728 2781 1779 sit
2807 1727 3075 1793 quoddam
3106 1728 3321 1779 tertium
3350 1723 3558 1778 Pascha

376 1807 480 1857 καὶ
508 1806 603 1867 τὰς
631 1808 821 1877 ἐορτάς
866 1810 1021 1861 σκιάν
1057 1807 1193 1862 εἶναι
1231 1811 1335 1863 τῶν
1375 1813 1686 1880 μελλόντων.
1719 1814 1908 1883 [Ιρῷτο⁴

2039 1816 2265 1880 Domini,
2296 1824 2350 1869 et
2376 1815 2637 1870 festivitas
2658 1831 2984 1884 azymorum,
3029 1817 3329 1869 accuratius
3353 1815 3562 1868 exami-

374 1893 446 1964 δὴ
472 1895 563 1947 τοῦ
592 1897 911 1950 Ἀποστόλου
931 1898 1175 1965 λέγοντος
1199 1916 1211 1929 ·
1242 1919 1260 1950 ι
1294 1901 1364 1952 Τὸ
1394 1902 1581 1969 Πάσχα
1601 1902 1750 1971 ἡμῶν
1775 1902 1906 1954 ἐτύθη

2038 1905 2267 1957 nandum
2295 1912 2394 1969 est,
2429 1918 2493 1959 eo
2521 1905 2659 1972 quod
2684 1905 2769 1957 illa
2803 1904 3042 1971 exemplo
3075 1912 3126 1956 et
3150 1905 3351 1956 umbra:
3381 1918 3557 1956 rerum

376 1985 639 2053 Χριστὸς,
678 2004 696 2036 ι
727 1988 1060 2057 ὲπαπορήσει
1087 2005 1168 2050 τις
1195 1989 1327 2057 πρὸς
1349 1990 1507 2041 αὐτὸν
1530 1990 1727 2042 ταῦτα.
1760 1991 1820 2041 Εἰ
1845 1993 1907 2042 τύ

2037 1992 2495 2061 ευρθτεωιοειίυιῐι
2525 1993 2785 2051 serviant,
2813 2006 2909 2045 nec
2938 2002 3141 2044 tantum
3171 1992 3296 2056 cibi,
3327 2001 3380 2044 et
3410 2007 3557 2057 vasa,

379 2090 489 2136 στος
516 2076 632 2127 ἐστὶ
656 2075 757 2143 τῆς
779 2077 1011 2145 Χριστοῦ
1033 2076 1235 2138 θύσεως
1259 2078 1316 2129 τὸ
1341 2078 1484 2148 παρὰ
1521 2079 1784 2140 Ἰουδαίοις
1807 2080 1911 2150 πρό

2036 2090 2091 2134 et
2136 2079 2428 2142 novilunia,
2484 2086 2538 2132 et
2583 2076 2833 2141 Sabbata,
2889 2079 2981 2131 sed
3034 2080 3192 2132 etiam
3243 2078 3560 2133 festivitates

379 2162 570 2227 ϐατον,
601 2165 720 2233 ἦτοι
753 2166 917 2234 ἐχρῆν
948 2165 1025 2229 ἓν,
1054 2166 1147 2218 καὶ
1173 2164 1244 2235 μὴ
1270 2165 1434 2218 πολλά
1460 2166 1675 2218 θύεσθαι
1697 2169 1821 2236 παρ’
1842 2167 1911 2219 αὑ

2037 2167 2236 2218 umbrae
2270 2166 2379 2219 sint
2402 2164 2719 2219 futurorum.
2759 2164 2990 2217 Primum
3020 2165 3181 2233 igitur
3202 2166 3454 2233 Apostolo
3477 2171 3561 2221 di-

379 2236 506 2314 τοίς
524 2252 788 2323 πρόϐατα,
820 2253 1006 2324 ὥσπερ
1042 2250 1121 2316 εἷς
1151 2255 1293 2306 ἐστιν
1321 2257 1348 2306 ό
1373 2256 1598 2324 Χριστός
1617 2273 1630 2285 ·
1667 2257 1699 2325 ἢ
1733 2256 1911 2308 πολλῶ

2038 2264 2227 2308 cente:
2265 2270 2284 2303 t
2308 2253 2509 2307 Pascha
2529 2262 2766 2307 nostrum
2793 2252 3097 2306 immolatus
3118 2252 3550 2315 estChristus”,n

380 2341 661 2412 θυομένων
687 2344 993 2414 προϐάτων,
1026 2344 1186 2396 οἱονεὶ
1219 2344 1440 2406 πολλοὺς
1463 2344 1723 2414 Χριστοὺς
1746 2346 1912 2414 θυομέη

2040 2339 2103 2392 de
2149 2339 2296 2392 hisce
2346 2338 2606 2391 dubitabit
2652 2337 2865 2406 aliquis,
2920 2339 3102 2392 dicens
3139 2340 3238 2392 :Si
3270 2341 3386 2393 ovis
3417 2346 3558 2410 apud

377 2446 510 2492 νους
554 2431 857 2493 ἀκολούθως
904 2431 983 2501 τῷ
1024 2431 1195 2501 τύπῳ.
1229 2433 1525 2503 Ζητητέον,
1565 2434 1650 2485 ἵνα
1690 2433 1744 2485 δὲ
1784 2434 1907 2487 τοῦτ

2037 2427 2243 2481 Judzeos
2272 2428 2440 2496 figura
2466 2436 2579 2480 erat
2612 2426 2984 2482 immolationis
3012 2429 3234 2493 Christi,
3266 2430 3347 2483 vel
3396 2446 3559 2498 opor-

381 2520 909 2589 παραπμψὼμεθα,
943 2521 1056 2583 πῶς
1097 2520 1159 2573 τὸ
1205 2520 1461 2590 θυόμενον
1504 2522 1766 2591 πρόϐατον
1801 2525 1913 2592 Χριι

2041 2517 2205 2570 tuisse
2242 2531 2421 2578 unam,
2469 2530 2571 2569 non
2610 2516 2790 2582 plures
2815 2531 2940 2569 oves
2975 2516 3258 2580 immolari,
3304 2520 3562 2586 quemad~

381 2608 514 2662 στοῦ
544 2611 783 2679 περιέχει
822 2611 1003 2662 είκόνα
1029 2610 1121 2661 τοῦ
1159 2612 1255 2679 μὲν
1290 2610 1554 2680 προϐάτου
1582 2611 1684 2662 ὑπὸ
1708 2612 1811 2663 τῶν
1840 2630 1935 2683 τη-
2040 2604 2250 2657 ωοάιιιιι
2302 2618 2438 2657 unus
2489 2604 2644 2673 176
2681 2614 2763 2657 εει
2808 2604 3071 2668 CbriSIUS,
3117 2606 3197 2659 vel
3225 2620 3344 2659 cum
3385 2609 3561 2663 multa:

385 2699 627 2770 ρούντων
663 2700 753 2751 τὸν
787 2700 948 2767 νόμον
995 2699 1247 2768 θυομένου
1274 2739 1286 2761 ,
1318 2700 1551 2768 Χριστοῦ
1591 2699 1647 2752 δὲ
1686 2699 1789 2752 ὑπὸ
1831 2701 1917 2753 τῶ·

2040 2695 2445 2748 immolarentur
2490 2708 2634 2755 oves,
2673 2695 2867 2749 multos
2899 2696 3084 2758 etiam,
3130 2706 3188 2750 ut
3234 2698 3303 2750 ita
3349 2697 3556 2767 loquar,

382 2786 832 2856 παραϐαινόντων
865 2788 1024 2840 αὐτὸν
1055 2788 1430 2856 ἀναιρουμένου
1451 2805 1463 2817 ’
1509 2788 1585 2841 ἔτι
1618 2789 1673 2841 δὲ
1709 2790 1821 2852 πῶς
1847 2793 1914 2842 ἐπ

2041 2784 2388 2837 immolandos
2430 2783 2594 2836 fuisse
2630 2784 2874 2837 Christos
2918 2798 3307 2853 consequenter
3356 2790 3558 2858 figurae.

382 2872 626 2944 Χριστοῦ
676 2874 768 2926 τόο
809 2892 828 2924 ‹
864 2875 1126 2941 Φάγονται
1170 2873 1236 2926 τά
1281 2875 1414 2944 κρέα
1457 2875 1624 2945 ταύτῃ
1670 2878 1733 2946 τῇ
1783 2881 1914 2928 νυκτ

2041 2873 2109 2927 Ut
2159 2887 2336 2926 autem
2398 2874 2500 2928 hoc
2546 2875 3051 2942 praetermittamus,
3097 2880 3433 2944 quaerendum
3479 2891 3561 2934 est

380 2962 531 3033 ὀπτὰ
566 2963 715 3031 πυρὶ,
742 2962 834 3013 καὶ
860 2960 1042 3030 ἄζυμα
1067 2962 1157 3012 ἐπὶ
1189 2961 1443 3030 πικρίδων
1465 2961 1684 3025 ἔδονται,
1720 2982 1738 3013 ι
1769 2964 1907 3033 έρμη

2042 2964 2308 3031 quomodo
2350 2962 2466 3016 ovis
2509 2976 2627 3030 qua:
2693 2962 2999 3033 immolatur
3048 2966 3320 3019 contineat
3362 2965 3559 3022 Christi

382 3030 604 3103 νευτέον
624 3030 653 3080 ’ν
673 3050 765 3102 καὶ
785 3050 844 3101 τό
863 3065 878 3080 °
908 3069 926 3098 ε
966 3051 1079 3101 Οὐκ
1111 3048 1287 3101 ἔδεσθε
1310 3050 1401 3102 ἀπ’
1426 3052 1599 3105 αὐτῶν
1624 3030 1914 3122 ὠμὸν,ούδ

2037 3030 2340 3119 imaginem,
2375 3066 2495 3103 cum
2524 3053 2636 3105 haec
2671 3032 2887 3118 quidem
2930 3052 3233 3105 immoletur
3266 3054 3333 3107 ab
3374 3055 3438 3108 iis
3469 3058 3560 3123 qui

380 3136 668 3205 ἡψημένον
696 3137 752 3187 ὲν
777 3136 948 3199 ὕδατι,
986 3136 1100 3188 ἀλλ’
1146 3136 1178 3204 ἢ
1212 3136 1349 3188 ὀπτά
1381 3142 1510 3207 πυρί
1530 3155 1542 3167 ’
1583 3139 1819 3209 κεφαλὴν
1840 3140 1912 3191 air

2035 3148 2250 3192 servant
2308 3137 2496 3204 legem,
2541 3138 2786 3193 Christus
2834 3153 2959 3192 vero
3005 3139 3341 3194 interimatur
3378 3144 3561 3198 abhis

381 3228 499 3286 τοῖς
530 3226 655 3277 ποσὶ
681 3226 904 3286 καὶτοῖς
932 3223 1212 3287 ὲνδοσθίοις
1235 3243 1247 3255 ·
1274 3227 1370 3278 οὐκ
1394 3227 1705 3298 ἀπολείψετε
1731 3229 1820 3279 ἀπ’
1841 3229 1913 3279 ac.

2034 3229 2122 3296 qui
2147 3242 2261 3281 eam
2311 3229 2796 3297 transgrediuntur.
2846 3229 3219 3298 luquirendum
3272 3240 3355 3285 est
3395 3234 3556 3288 etiam

384 3313 497 3365 τῶν
524 3313 629 3374 ἕως
656 3312 819 3382 πρωῒ,
849 3312 943 3364 καὶ
970 3312 1154 3365 ὀστοῦν
1180 3314 1239 3364 οὐ
1275 3313 1581 3384 συντρίψετε
1609 3315 1698 3369 ἀπ’
1727 3314 1898 3368 αὐτῶν

2037 3316 2294 3382 quomodo
2345 3316 2410 3369 de
2465 3316 2676 3369 Christo
2727 3315 2856 3369 illud
2920 3317 3376 3380 interpretandum
3426 3322 3496 3374 sit
3542 3338 3555 3372 :

383 3402 460 3455 τὰ
491 3403 547 3454 δὲ
572 3402 1004 3471 καταλειπόμενα
1041 3403 1134 3453 ἀπ’
1165 3402 1340 3455 αὐτῶν
1368 3404 1470 3465 ἕως
1503 3403 1643 3471 πρωϊ
1671 3403 1907 3456 κατακαύ

2041 3421 2060 3455 ι
2098 3404 2265 3456 Edent
2306 3418 2493 3458 carnes
2541 3405 2641 3457 hac
2688 3413 2841 3459 nocte
2888 3418 3039 3459 assas
3083 3406 3212 3472 igni,
3267 3415 3321 3460 et
3369 3422 3555 3478 azyma

389 3508 532 3542 σετε.
571 3510 589 3541 ι
626 3492 808 3543 Ἕοικε
847 3491 903 3542 δὲ
944 3489 1048 3559 τῷ,
1088 3509 1107 3540 ε
1148 3491 1360 3543 Ὀστοῦν
1398 3492 1458 3543 ού
1499 3493 1806 3560 συντρίψετε
1845 3494 1921 3543 ἀπ

2035 3493 2192 3548 edent
2222 3508 2340 3545 cum
2372 3493 2603 3562 intybis;
2641 3511 2659 3546 ι
2695 3501 2745 3546 et
2776 3493 2904 3547 illud
2930 3512 2944 3548 :
2986 3512 3003 3544 ι
3038 3495 3152 3548 Non
3184 3498 3474 3552 comedetis
3494 3515 3560 3554 ex

387 3579 554 3632 αὑτοῦ
588 3579 721 3648 (9.5),
761 3599 779 3632 ι
816 3581 844 3630 ό
878 3581 1126 3649 Ἰωάννης
1167 3582 1224 3632 ὲν
1261 3579 1338 3649 τῷ
1382 3580 1691 3649 Εὐαγγελίῳ
1741 3582 1919 3649 κεχρῆ-

2035 3584 2112 3637 eis
2145 3588 2386 3647 crudum,
2416 3597 2586 3650 neque
2613 3583 2864 3637 elixatum
2897 3598 3057 3653 aqua,
3086 3586 3177 3639 sed
3206 3594 3410 3642 tantum
3442 3606 3559 3644 assa

391 3671 538 3733 σθαι,
571 3672 646 3732 ὡς
677 3668 1065 3740 ἀναφερομένῳ
1094 3670 1183 3721 ἐπὶ
1209 3669 1306 3737 τὴν
1333 3671 1458 3739 περὶ
1484 3670 1575 3722 τὸν
1608 3671 1828 3740 Σωτῆρα
1859 3673 1923 3722 oi-

2038 3673 2138 3741 igni
2171 3692 2183 3726 :
2218 3681 2373 3739 caput
2394 3685 2514 3724 cmn
2546 3672 2783 3747 pedibus,
2804 3679 2858 3722 et
2879 3672 3147 3726 intestinis
3179 3673 3559 3749 {comedetis},

393 3760 682 3828 κονομίαν,
736 3759 833 3809 καὶ
880 3758 968 3808 ὅτε
1001 3758 1058 3808 ὲν
1100 3756 1175 3825 τῷ
1224 3758 1370 3826 νόμῳ
1402 3758 1511 3828 (24)
1546 3758 1845 3811 κελεύονται
1880 3760 1925 3810 τε

2038 3777 2132 3814 nec
2164 3761 2472 3827 relinquetis
2500 3774 2564 3813 ex
2595 3761 2674 3813 eis
2704 3775 2868 3827 usque
2896 3775 3066 3824 mane,
3098 3770 3150 3815 et
3187 3777 3249 3817 os
3289 3780 3392 3818 non
3420 3782 3561 3820 com-

392 3849 653 3919 πρόϐατον
682 3847 950 3909 ἐσθίοντες
980 3844 1164 3898 ὀστοῦν
1197 3847 1357 3899 αὑτοῦ
1394 3847 1465 3916 μὴ
1495 3847 1810 3917 συντρίϐειν.
1842 3849 1924 3899 Λέ-

2037 3849 2288 3901 minuetis
2317 3863 2379 3899 ex
2405 3847 2483 3900 eis
2510 3862 2524 3910 ;
2559 3856 2611 3899 et
2639 3862 2758 3913 qua:
2782 3860 2844 3898 ex
2869 3848 2947 3899 eis
2975 3849 3182 3902 residua
3207 3862 3364 3904 erunt
3394 3869 3560 3922 usque

391 3952 477 4003 γει
506 3937 561 3988 δὲ
587 3931 761 3997 οὕτως
788 3952 801 3965 ο
840 3952 858 3984 t
888 3931 1086 3986 Ἦλθον
1115 3931 1207 3987 οὖν
1247 3938 1294 3987 oi
1328 3935 1646 4004 στρατιῶται
1673 3974 1687 3996 ,
1718 3937 1809 3988 καὶ
1845 3937 1923 3988 τοῐ

2038 3952 2211 4001 mane,
2234 3936 2552 3990 eomburetis
2574 3936 2640 3988 ³⁵.
2682 3954 2700 3986 ι
2739 3934 2958 3989 Videtur
2986 3946 3160 3991 autem
3195 3940 3245 3991 in
3276 3941 3561 4011 Evangelio

397 4027 493 4096 μὲν
533 4026 747 4096 πρώτου
791 4024 1056 4088 κατέαξαν
1094 4025 1161 4077 τά
1200 4025 1381 4095 σκέλη,
1408 4026 1497 4077 καὶ
1531 4025 1620 4077 τοῦ
1665 4026 1819 4079 ἄλλου
1846 4026 1929 4077 τοῦ

2035 4022 2267 4077 Joannes
2299 4023 2343 4054 ³⁸
2369 4024 2444 4075 uti
2484 4024 2585 4076 hoc
2615 4024 2777 4088 dicto,
2819 4042 2838 4074 ι
2870 4038 2932 4077 os
2960 4039 3061 4078 non
3097 4029 3465 4084 comminuetis
3497 4048 3562 4085 ex

395 4114 861 4185 συσταυρωθέντος
890 4113 1037 4181 αὐτῷ
1061 4130 1073 4142 ο
1117 4114 1208 4164 ἐπὶ
1248 4113 1302 4164 δὲ
1330 4114 1418 4164 τὸν
1454 4114 1653 4183 Ἰησοῦν
1682 4114 1927 4176 ἐλθόντες,

2036 4128 2119 4174 eo,
2152 4131 2172 4160 ι
2208 4111 2424 4178 perinde
2460 4113 2609 4180 quasi
2642 4110 2902 4165 referatur
2937 4114 3002 4167 ad
3046 4119 3396 4170 oeconomiam
3432 4119 3559 4173 Ser-

393 4204 468 4264 ὡς
514 4199 647 4254 εἶδον
681 4203 780 4271 ἤδη
823 4202 981 4254 αὑτὸν
1012 4200 1304 4269 τεθνηκότα
1327 4240 1341 4263 ,
1373 4203 1432 4253 ού
1473 4202 1733 4264 κατέαξαν
1779 4204 1925 4255 αὐτοί

2039 4201 2255 4264 vatoris,
2280 4212 2332 4253 et
2356 4201 2421 4252 ad
2447 4199 2572 4252 illud
2601 4208 2823 4266 tempus,
2848 4200 3061 4265 quando
3085 4203 3136 4254 in
3168 4202 3284 4271 lege
3306 4205 3561 4272 iubentur

392 4292 461 4344 τά
484 4292 665 4361 σκέλη,
704 4291 819 4344 ἀλλ’
846 4287 924 4351 εἷς
951 4290 1058 4341 τῶν
1088 4290 1433 4360 στρατιωτῶν
1465 4291 1629 4361 λόγχῃ
1659 4292 1756 4360 τὴν
1788 4290 1924 4342 πλευ-

2038 4305 2185 4343 ovem
2222 4291 2557 4345 comedentes
2595 4302 2656 4342 os
2696 4305 2801 4343 non
2860 4297 3153 4343 conterere.
3205 4292 3338 4346 Dicit
3384 4305 3559 4348 autem

396 4380 495 4449 ραν
528 4380 690 4432 αὐτοῦ
717 4379 888 4442 ἒνυξε.
926 4379 1033 4431 Καὶ
1074 4379 1287 4448 ἐξῆλθεν
1312 4379 1467 4440 εὐθὺς
1494 4374 1627 4447 αἷμα
1664 4381 1752 4431 καὶ
1778 4379 1928 4450 ὕδωρ.

2048 4379 2121 4433 sic
2150 4380 2191 4409 ³⁷
2226 4398 2238 4431 :
2267 4395 2287 4428 ι
2318 4377 2587 4431 Venerunt
2629 4390 2754 4443 ergo
2805 4376 3024 4439 milites,
3059 4388 3113 4430 et
3140 4378 3296 4445 primi
3351 4382 3561 4447 quidem

393 4470 503 4521 Καὶ
545 4470 573 4519 ὁ
612 4466 870 4536 ἑωρακὼς
927 4468 1345 4537 μεμαρτύρηκε,
1381 4469 1471 4519 καὶ
1515 4467 1735 4537 ἀληθινὴ
1779 4469 1925 4520 αὐτοί

2040 4465 2313 4533 fregerunt
2344 4477 2521 4526 crura,
2562 4471 2615 4516 et
2641 4462 2880 4526 alterius,
2909 4464 2996 4530 qui
3026 4477 3146 4517 cum
3177 4478 3240 4518 eo
3277 4469 3564 4523 crucifixus

394 4558 541 4608 ἐστιν
568 4557 600 4625 ἡ
627 4556 918 4625 μαρτυρία.
944 4556 1051 4606 Καὶ
1078 4559 1279 4617 ἐκεῖνος
1305 4552 1459 4619 οἶδεν,
1484 4558 1563 4608 ὅτι
1585 4556 1750 4626 ἁληθῆ
1777 4558 1918 4624 λέγει

2040 4563 2155 4607 erat
2181 4570 2194 4605 :
2232 4555 2297 4604 ad
2328 4551 2507 4604 Jesum
2547 4560 2722 4604 autem
2751 4566 2872 4604 cum
2901 4553 3192 4617 venissent,
3221 4562 3280 4605 ut
3318 4555 3566 4609 viderunt

391 4645 479 4696 't'va.
512 4645 604 4695 καὶ
637 4645 790 4712 ὑμεῖς
817 4642 1125 4712 πιστεύητε.
1170 4644 1409 4709 Ἐγένετο
1441 4644 1547 4713 γὰρ
1577 4644 1760 4707 ταῦτα,
1789 4646 1872 4697 ἴνα
1900 4649 1923 4716 ἦ

2041 4655 2158 4694 eum
2186 4638 2292 4707 jam
2329 4649 2613 4700 mortuutn,
2660 4654 2765 4692 non
2814 4640 3088 4708 fregerunt
3114 4640 3229 4706 ejus
3253 4656 3430 4705 crura,
3470 4647 3562 4698 sed

389 4735 579 4804 Γραφὴ
603 4733 890 4803 πληρωθῇ·
910 4733 1161 4786 Ὀστοῦν
1174 4735 1351 4787 αὐτοῦ
1372 4738 1442 4787 οὐ
1458 4735 1894 4799 συντριϐήσετε.
1920 4758 1921 4785 :

2044 4743 2176 4781 unus
2204 4727 2424 4780 militum
2462 4728 2644 4780 lancea
2695 4728 2834 4780 latus
2876 4728 2992 4794 ejus
3022 4728 3170 4781 fodit.
3218 4729 3282 4779 Et
3312 4730 3563 4783 continuo

389 4825 499 4876 Καὶ
523 4822 656 4875 ἄλλα
676 4823 732 4874 δὲ
764 4823 932 4892 μυρία
966 4821 1116 4890 παρά
1143 4822 1308 4875 ταῦτά
1339 4827 1452 4875 ἐστι
1479 4821 1549 4872 τὰ
1575 4822 1704 4890 πρὸς
1728 4824 1822 4892 τὴν
1845 4825 1921 4877 τοῐ

2044 4818 2242 4870 effluxit
2268 4817 2479 4885 sanguis
2508 4824 2561 4869 et
2595 4831 2749 4883 aqua.
2806 4817 2868 4868 Et
2899 4817 2988 4883 qui
3016 4817 3166 4887 vidit,
3204 4816 3561 4870 testimonium

399 4911 722 4963 ’Λποστόλου
768 4910 910 4972 λέξιν
947 4910 1456 4978 ἀναζητηθησόμενα
1480 4948 1493 4972 ,
1538 4909 1630 4961 καὶ
1678 4911 1803 4979 περὶ
1850 4913 1931 4965 τοί

2047 4909 2332 4977 perhibuit,
2370 4917 2423 4961 et
2467 4921 2651 4960 verum
2701 4915 2782 4959 est
2824 4906 3181 4960 testimonium
3213 4902 3347 4969 ejus.
3381 4904 3447 4957 Et
3481 4905 3567 4959 ille

462 5085 689 5139 “lCor.
739 5101 790 5149 ν,
818 5086 871 5138 8.
949 5086 994 5116 ιδ
1030 5083 1154 5137 ibid.
1202 5084 1247 5136 7.
1323 5072 1715 5149 ".-Exod.xu,
1751 5085 1928 5155 Sseq.
2004 5085 2469 5148 "Joan.x1x,56.
2544 5084 2586 5114 ιτ
2615 5081 2744 5135 ibid.
2778 5080 2846 5132 σε
2870 5088 2922 5132 et
2950 5092 3099 5144 seqq.

440 5262 557 5334 (21A)
569 5263 798 5334 Πανζός
811 5259 1133 5334 rs._Vitle_tttr
1149 5256 1329 5334 legisse
1343 5257 1417 5334 Ἐς
1424 5270 1512 5334 rra
1519 5256 1854 5334 ι’ἰιιΞπάντως
1866 5276 1946 5334 τετ

2051 5263 2147 5314 ἀπ’
2180 5259 2379 5334 αὐτοῦ.
2410 5257 2531 5334 llaec
2558 5257 2924 5309 desiderantur
2957 5255 3008 5305 in
3028 5251 3220 5334 codice
3258 5246 3583 5334 Bodleiano,

450 5316 567 5399 ~(22')
605 5316 1287 5399 Ὑπὲέήμρνκμεοεΐίη
1333 5325 1571 5377 editione
1599 5324 1801 5388 Huetii,
1834 5316 1947 5380 vsed
2054 5343 2152 5399 nec
2181 5326 2396 5393 proinde
2423 5324 2605 5377 Latine
2638 5338 2786 5376 versa
2827 5330 2949 5375 sunt
2995 5321 3060 5372 ab
3097 5320 3405 5380 interprete
3447 5316 3586 5368 Fer-

385 5390 571 5456 exst‘at
602 5399 654 5448 in
679 5390 864 5463 codice
891 5390 1200 5463 Bodleiano.
1299 5458 1311 5463 _
1363 5458 1375 5463 _
1458 5458 1470 5463 Δ
1535 5456 1557 5463 _
1642 5456 1663 5463 _
1908 5461 1915 5463 ξ
2052 5390 2218 5463 rario.
2271 5460 2321 5463 Αᾉ
2454 5458 2477 5463 _
2589 5460 2597 5463 _
2759 5458 2797 5463 _
2958 5457 2970 5463 _
3363 5447 3415 5463 ,ί
3473 5450 3485 5460 ,

459 5447 576 5534 (es)
605 5447 764 5534 ίΤάίδὲ
789 5454 1375 5534 κᾳῑαλειεξεῖμςνιξάπ
1401 5456 1605 5534 eum?”
1634 5456 1747 5519 ἕως
1772 5461 1946 5534 “FW”

2075 5530 2080 5534 _
2121 5460 2360 5534 (εωθῖιῑν
2406 5458 2486 5522 τῷ
2528 5460 2702 5534 W9-
2759 5457 3039 5534 Ρθῐτπὲιιε
3093 5447 3607 5534 νίφεειιῖεέθεῖξεατ

387 5514 1025 5588 καῗαὲαῖῦσετεπεοικε
1040 5514 1213 5584 δὲ’τῷ,
1239 5523 1477 5575 Ὀστοῦν
1489 5526 1562 5575 οὐ
1581 5514 1799 5588 euripi
1807 5514 1917 5591 :Si-st

2078 5514 2173 5581 ὶνέυ
2206 5514 2389 5597 νόμον,
2416 5514 2571 5582 vertit
2593 5514 2737 5583 enim
2769 5545 2788 5579 ι
2814 5528 2927 5581 sine
2955 5524 3069 5585 1888
3101 5538 3119 5571 ι
3154 5532 3254 5585 Ιπο
3283 5532 3301 5564 ⁴
3321 5515 3382 5567 in
3425 5514 3610 5580 ιεεθοι
