3880 6160
382 226 486 280 555

1796 219 2107 276 ORIGENIS

3489 205 3617 261 57-6

380 344 499 405 scit,
553 340 693 409 quod
740 352 859 390 vera
899 336 1060 399 dicat,
1106 339 1167 387 ut
1209 342 1262 387 et
1310 347 1405 389 vos
1450 334 1700 389 credatis.
1750 335 1898 388 Facta

2009 330 2212 397 Πάσχα,
2262 326 2481 380 καὶτῶν
2518 324 2792 395 ’Δζύμων,
2837 319 3313 391 ἐξετασθησόμενα
3369 315 3482 377 δέ,
3527 313 3619 375 ὡς

381 439 504 486 sunt
530 429 671 483 enim
714 428 844 491 lucc,
878 433 940 477 ut
969 422 1243 492 Scriptura
1296 424 1603 492 impleretur
1640 441 1653 475 :
1693 427 1764 479 Os
1795 439 1898 477 non

381 518 736 571 comminantis
797 528 861 568 ea:
914 527 994 564 eo.
1049 531 1068 564 ι
1129 513 1263 576 Quin
1315 512 1416 565 alia
1459 514 1735 566 innumera
1777 520 1901 564 sunt

379 616 565 676 praeter
591 605 699 658 haec
748 602 813 655 ad
849 601 1128 655 lectionem
1164 601 1401 668 Apostoli
1438 600 1814 662 examinanda,
1846 608 1900 653 et

378 698 440 750 de
469 694 748 757 Paschate,
789 698 842 744 et
867 692 931 742 de
960 689 1160 757 azymis
1188 705 1201 740 :
1236 690 1586 742 examinanda
1615 696 1812 751 autem,
1842 698 1901 741 ut

381 794 532 837 antea
558 781 807 843 diximus,
842 779 1130 846 scriptione
1159 788 1408 831 accurata
1432 778 1723 846 longissimi
1755 778 1896 833 libri.

377 872 523 925 Nunc
547 879 724 924 autem
746 870 905 923 veluti
933 884 1028 938 per
1049 868 1419 937 compendium
1444 868 1558 921 hzec
1586 868 1635 921 in
1666 869 1896 921 medium

372 961 677 1022 atterentes,
707 974 824 1027 qua:
848 969 1102 1027 apparent
1140 960 1301 1013 dubia
1331 965 1546 1027 propter
1571 958 1894 1027 propositam

373 1049 670 1110 lectionem,
710 1048 788 1101 sic
811 1046 1016 1101 solvere
1043 1046 1381 1108 tentabimus,
1425 1044 1554 1097 illud
1592 1044 1750 1097 etiam
1783 1057 1895 1096 me-

372 1141 543 1196 moria
591 1145 926 1203 repetentes:
975 1151 994 1184 ι
1030 1132 1127 1187 llic
1157 1142 1241 1187 est
1281 1133 1370 1186 ille
1414 1134 1596 1201 Agnus
1647 1131 1757 1192 Dei,
1807 1130 1895 1199 qui

373 1229 515 1283 tollit
543 1234 815 1295 peccatum
841 1221 1018 1274 mundi
1054 1221 1119 1283 ³⁸,
1157 1239 1175 1272 ι
1216 1221 1459 1288 quoniam
1487 1229 1539 1271 et
1564 1221 1615 1271 in
1646 1218 1898 1271 Paschate

378 1337 394 1369 ι
434 1333 497 1371 ex
525 1314 678 1384 agnis
711 1331 730 1364 ι
787 1310 981 1377 inquit,
1020 1327 1038 1359 ι
1078 1315 1130 1359 et
1158 1307 1318 1361 [undis
1346 1306 1567 1360 sumetis
1591 1306 1655 1358 ”.
1691 1324 1709 1357 ι
1747 1305 1898 1358 Vide-

374 1416 456 1461 tur
508 1403 665 1457 etiam
694 1397 925 1452 Joannes
952 1394 1277 1463 evangelista
1321 1408 1440 1447 cum
1480 1392 1644 1445 Paulo
1672 1407 1897 1447 consen-

374 1496 515 1548 tiens
541 1488 734 1545 similia
767 1485 921 1540 dubia
950 1485 1143 1537 habere
1168 1484 1234 1535 de
1262 1483 1343 1535 his
1363 1496 1480 1550 quae
1507 1496 1535 1534 a
1563 1481 1715 1534 nobis
1744 1480 1894 1533 inda-

371 1593 490 1653 gata
521 1588 663 1634 sunt.
697 1577 981 1630 Dicendum
1014 1580 1188 1625 autem
1223 1580 1307 1626 est
1328 1573 1392 1625 ad
1419 1573 1540 1637 hoc,
1568 1571 1614 1623 si
1656 1589 1675 1621 ι
1707 1570 1895 1623 Sermo

374 1649 542 1726 iactus
577 1677 658 1721 est
699 1679 826 1719 caro
848 1665 914 1729 ⁸ο,
954 1682 973 1715 ι
1019 1672 1073 1717 ει
1108 1661 1281 1730 inquit
1305 1660 1559 1713 Dominus
1603 1658 1646 1691 “
1682 1675 1697 1711 :
1734 1675 1751 1709 ι
1785 1658 1893 1710 Nisi
1927 1649 1969 1702 Β

374 1755 820 1814 manducaveritis
853 1766 1065 1807 carnem
1105 1750 1226 1804 Filii
1261 1749 1518 1811 nominis,
1558 1756 1612 1802 et
1653 1747 1895 1802 biberitis

373 1849 485 1916 eius
516 1845 847 1914 sanguinem,
882 1856 985 1894 non
1024 1839 1286 1893 habebitis
1315 1837 1478 1889 vitam
1512 1835 1765 1889 invobis.
1795 1836 1892 1900 Qui

372 1936 656 1990 manducat
679 1946 846 1985 meam
865 1942 1100 1989 carnem,
1131 1935 1183 1979 et
1210 1925 1339 1978 bibit
1364 1939 1537 1977 meum
1561 1924 1892 1990 sanguinem,

374 2024 534 2078 habet
562 2022 723 2075 vitam
760 2028 1014 2072 aeternam
1044 2033 1057 2067 :
1088 2021 1143 2067 et
1183 2028 1283 2082 ego
1324 2012 1655 2067 resuscitabo
1683 2026 1804 2065 eum
1842 2012 1892 2063 in

371 2112 658 2165 novissimo
695 2109 777 2162 die
820 2125 833 2160 :
874 2120 1002 2160 caro
1039 2104 1180 2157 enim
1214 2114 1330 2154 mea
1372 2115 1494 2154 vere
1526 2108 1608 2153 est
1644 2100 1813 2161 cibus,
1844 2106 1897 2151 et

375 2200 531 2269 177
564 2197 779 2265 sanguis
805 2208 952 2248 meus
982 2208 1105 2246 vere
1131 2199 1215 2246 est
1241 2197 1394 2257 potus
1433 2206 1447 2253 ;
1477 2188 1566 2256 qui
1611 2186 1896 2240 manducat

373 2303 542 2344 meam
582 2300 815 2345 carnem,
860 2291 914 2335 et
948 2282 1079 2335 bibit
1115 2294 1289 2333 meum
1323 2276 1654 2345 sanguinem,
1709 2273 1763 2327 in
1812 2288 1897 2326 me

373 2386 572 2440 manet,
606 2385 659 2429 et
697 2388 795 2444 ego
835 2373 886 2426 in
923 2372 1012 2425 illo
1054 2388 1070 2436 ;
1114 2390 1132 2422 ι
1183 2369 1409 2422 fortasse
1455 2368 1591 2420 hanc
1628 2380 1747 2420 esse
1776 2378 1897 2418 car-

377 2481 495 2521 nem
522 2465 657 2532 Agui
684 2462 915 2517 tollentis
965 2467 1234 2529 peccatum
1268 2454 1475 2520 mundi,
1524 2464 1577 2507 et
1606 2454 1747 2506 hunc
1776 2465 1893 2505 esse

372 2554 680 2622 sanguinem
712 2552 777 2605 de
803 2565 907 2616 quo
948 2562 1145 2616 ponere
1196 2557 1416 2598 necesse
1458 2543 1528 2595 sit
1578 2555 1737 2608 super
1764 2541 1896 2593 duos

375 2646 557 2707 postes
581 2645 634 2690 et
660 2649 819 2703 super
854 2635 1014 2687 limen
1062 2633 1113 2685 in
1159 2632 1242 2686 his
1272 2630 1513 2685 domibus
1548 2629 1593 2660 δ’
1624 2628 1674 2681 in
1705 2629 1896 2695 quibus

370 2725 701 2782 comedimus
725 2721 924 2776 Pascha
954 2737 968 2773 :
996 2729 1155 2788 atque
1179 2736 1241 2774 ex
1282 2717 1437 2785 hujus
1479 2715 1615 2783 Agni
1644 2715 1895 2768 carnibus

373 2813 652 2868 comedere
696 2820 941 2880 oportere
982 2811 1036 2863 in
1092 2810 1269 2863 mundi
1319 2816 1577 2874 tempore,
1622 2806 1761 2873 quod
1812 2814 1894 2858 est

372 2919 478 2959 uox
515 2917 712 2968 ;assas
765 2916 888 2955 vero
934 2914 1123 2955 carnes
1169 2913 1286 2953 esse
1337 2896 1733 2950 manducandas
1774 2909 1891 2947 cum

371 3008 506 3060 pane
516 2962 583 3046 ex
595 2992 812 3059 azymis,
827 2974 1245 3056 quandoquidem
1265 2986 1354 3039 Dei
1369 2983 1555 3039 Sermo
1570 3000 1671 3037 non
1693 2993 1893 3037 tantum
1923 2962 1964 3017 (ἶ

370 3090 451 3135 εει
480 3095 628 3135 caro.
662 3078 838 3145 luquit
867 3062 1066 3147 igitur:
1105 3094 1124 3127 ι
1159 3074 1267 3144 Ego
1295 3089 1410 3127 sum
1446 3074 1597 3143 panis
1627 3073 1748 3126 vita:
1773 3072 1849 3137 “;
1873 3090 1891 3123 ι

370 3176 460 3222 et:
497 3184 517 3218 ι
554 3166 649 3220 Hic
676 3176 753 3220 est
787 3165 958 3233 panis,
997 3163 1087 3231 qui
1120 3162 1186 3216 de
1225 3162 1364 3216 caelo
1394 3161 1684 3224 descendit,
1719 3170 1777 3213 ut
1805 3162 1894 3228 qui

370 3268 437 3309 ex
465 3255 579 3322 ipso
609 3252 918 3315 comederit,
945 3264 1048 3303 non
1081 3259 1281 3317 pereat.
1318 3248 1426 3317 Ego
1474 3262 1590 3301 sum
1625 3246 1777 3314 panis
1815 3248 1895 3300 vi-

369 3357 489 3404 vus,
536 3342 624 3409 qui
662 3342 728 3393 de
767 3339 902 3393 cmlo
928 3339 1173 3392 descendi
1217 3355 1231 3390 :
1266 3338 1309 3390 si
1338 3338 1457 3405 quis
1502 3337 1897 3390 manducaverit

372 3448 438 3487 ex
494 3432 594 3484 hoc
639 3444 791 3498 pane,
848 3428 987 3481 vivet
1023 3430 1075 3481 in
1119 3437 1372 3481 aeternum
1418 3428 1484 3479 δ’.
1542 3444 1561 3476 ι
1618 3425 1726 3480 Νεε
1769 3440 1897 3480 sane

374 3517 719 3589 ignorantium
744 3527 827 3571 est
856 3531 1069 3571 omnem
1091 3516 1269 3570 cibum
1300 3516 1518 3571 abusive
1545 3530 1732 3584 panem
1765 3514 1890 3577 dici,

372 3609 809 3678 quemadmodum
850 3608 915 3661 de
946 3606 1123 3677 Moyse
1148 3608 1403 3676 scriptum
1432 3615 1515 3660 est
1547 3607 1595 3659 in
1632 3605 1893 3660 Deutero-

372 3701 549 3755 nomio
573 3700 647 3753 ":
668 3717 685 3749 ι
711 3699 1063 3767 Quadraginta
1090 3698 1274 3751 diebus
1305 3712 1492 3765 panem
1522 3713 1623 3751 non
1642 3698 1891 3759 comedit,

368 3797 422 3841 et
453 3802 643 3855 aquam
685 3801 788 3840 non
819 3786 971 3849 bibit,
1006 3804 1024 3837 ι
1056 3800 1152 3854 pro
1186 3801 1250 3839 eo
1282 3786 1423 3853 quod
1450 3794 1551 3846 est,
1578 3783 1758 3851 Neque
1790 3785 1892 3837 sic-

367 3892 508 3942 cum,
533 3890 705 3945 neque
730 3875 1004 3929 humidum
1026 3875 1259 3940 gustavit
1288 3874 1486 3927 cilium.
1514 3874 1665 3937 Quod
1696 3872 1893 3923 idcirco

366 3960 668 4029 chservavi,
695 3963 815 4032 quia
838 3962 983 4015 dicat
1010 3961 1240 4015 Joannes
1268 3961 1321 4013 iu
1354 3974 1451 4014 suo
1484 3958 1767 4026 Evangelio
1796 3958 1848 3989 ⁸⁸
1877 3976 1890 4010 :

374 4074 393 4107 ι
421 4057 487 4109 Ει
516 4054 669 4123 panis
693 4053 855 4106 etiam
883 4064 1043 4117 quem
1075 4064 1172 4116 ego
1200 4048 1352 4109 dabo,
1379 4061 1503 4101 caro
1541 4060 1658 4099 mea
1685 4056 1764 4100 est
1794 4061 1890 4115 pro

368 4144 552 4197 mundi
578 4142 703 4196 vita.
742 4158 760 4191 ι
797 4140 1058 4192 (laterum
1103 4137 1156 4189 in
1192 4135 1390 4202 intybis
1421 4133 1749 4187 comedimus
1775 4147 1893 4185 car-

370 4246 463 4285 nes
495 4230 637 4299 agni,
673 4237 725 4281 et
754 4238 964 4295 azyma,
985 4222 1068 4277 vel
1100 4238 1220 4277 cum
1256 4237 1354 4276 nos
1381 4220 1607 4289 panitet
1641 4229 1889 4288 peccato-
1925 4253 1966 4305 υ

371 4334 487 4372 rum
509 4326 834 4377 nostrorum,
851 4322 907 4368 et
935 4310 1292 4380 aﬂligimurea
1310 4311 1529 4365 tristitia
1551 4324 1667 4378 quas
1692 4324 1754 4363 ex
1785 4309 1890 4364 Deo

368 4415 468 4470 est,
498 4418 716 4472 quaeque
765 4410 1013 4470 operatur
1061 4400 1216 4454 nobis
1263 4401 1317 4453 in
1360 4398 1581 4455 salutem
1632 4399 1892 4467 paeniten-

369 4497 501 4549 tiam
527 4494 573 4526 "
608 4507 711 4547 non
740 4489 1095 4561 paenitendam
1138 4505 1155 4554 ;
1189 4488 1272 4543 vel
1310 4503 1430 4543 cum
1475 4489 1543 4543 ob
1579 4489 1890 4542 vexationes

369 4594 421 4637 et
452 4587 711 4634 tormenta
741 4582 1045 4647 quaerentes
1074 4577 1372 4630 enutrimur
1396 4576 1462 4629 ab
1487 4575 1615 4644 ipsis
1647 4590 1763 4643 quae
1806 4576 1888 4629 in-

371 4669 649 4723 veniuntur
698 4666 945 4721 veritatis
996 4664 1472 4734 speculationibus.
1529 4662 1641 4716 Non
1706 4678 1887 4717 come-

368 4758 535 4815 denda
567 4766 650 4813 est
676 4756 838 4824 igitur
865 4755 990 4825 agni
1018 4768 1141 4809 caro
1157 4755 1340 4817 cruda,
1364 4753 1586 4821 perinde
1607 4766 1667 4806 ac
1690 4750 1890 4806 faciunt

369 4848 555 4902 litteras
583 4847 742 4909 servi,
776 4859 922 4899 more
950 4844 1302 4899 animantium
1332 4843 1541 4898 ratione
1570 4841 1885 4904 carentium,

1998 416 2412 487 προειρήκαμεν,
2433 413 2838 484 προηγουμένης
2864 410 3182 463 πολυδίϐλου
3208 404 3615 477 συγγραφῆς.

1997 509 2106 560 Νῦν
2146 508 2201 559 δὲ
2228 508 2301 568 ὡς
2346 509 2403 559 ἐν
2443 507 2672 575 ἐπιτομῇ
2718 503 2807 556 διὰ
2853 502 2952 570 τὴν
2998 497 3387 566 προκειμένην
3441 493 3620 557 λέξιν

1996 595 2163 649 ταῦτα
2198 594 2554 663 παραθέμενοι
2578 633 2591 656 ,
2625 592 2692 645 τὰ
2737 590 3034 659 φαινόμενα
3071 588 3148 648 ὡς
3196 587 3259 638 ἐν
3305 584 3621 655 βραχέσιν

1995 683 2132 737 οὑτω
2171 684 2315 736 λύειν
2364 682 2762 753 πειρασόμεθα,
2807 676 3247 747 ὑπομνησθέντες
3296 674 3412 726 καὶ
3460 670 3615 723 τοῦθ

2004 792 2024 822 ι
2052 768 2214 835 Οὗτός
2241 771 2630 841 ἐστινόἈμνὸς
2662 770 2753 822 τοῦ
2786 767 2942 831 Θεοῦ,
2986 770 3015 819 6
3048 767 3224 836 αἴρων
3256 764 3369 835 τὴν
3400 763 3620 830 ἀμαρ-

1996 861 2113 914 τίαν
2142 860 2234 911 τοῦ
2260 860 2482 927 κόσμου,
2529 876 2548 908 ι
2579 859 2695 909 ἐπεὶ
2724 858 2816 909 καὶ
2836 857 2894 907 ἐν
2920 856 2999 924 τῷ
3031 854 3228 922 Πάσχα
3264 870 3283 902 ι
3302 850 3453 906 ’ἀπὸ
3485 847 3620 900 τῶν

1996 949 2207 1019 ἀμνῶν,
2250 950 2416 1017 φησὶ,
2466 948 2558 999 καὶ
2604 947 2707 999 τῶν
2757 946 2960 1015 ἐρίφων
3024 942 3287 1013 λήψεσθε.
3353 958 3376 991 a
3434 937 3620 1002 Δόξει

1994 1040 2085 1090 καὶ
2107 1039 2215 1106 (23)
2243 1039 2271 1088 ό
2292 1035 2669 1105 εύαγγελιστὴς
2696 1035 2932 1103 συνᾴδων
2956 1032 3033 1102 τῷ
3057 1031 3262 1099 Παύλῳ
3285 1028 3619 1088 τοιαύταις

1996 1126 2263 1193 ἐνέχεσθαι
2302 1125 2408 1179 τῶν
2450 1125 2825 1193 ἐξητασμένων
2884 1121 3162 1191 ἀπορίαις.
3200 1117 3466 1170 Λεκτέον
3522 1114 3616 1178 δὲ,

1993 1214 2093 1275 ὅτι,
2128 1215 2174 1265 εί
2211 1231 2229 1263 ι
2280 1213 2337 1265 '0
2363 1214 2527 1281 Λόγος
2567 1213 2753 1280 γέγονε
2797 1209 2953 1278 σὰρξ,
2998 1227 3016 1257 ι
3051 1209 3146 1261 καί
3200 1223 3382 1277 φησιν
3416 1208 3450 1258 ὁ
3480 1205 3619 1259 Κύ-

1996 1319 2125 1372 ριος,
2161 1320 2180 1352 ι
2233 1302 2356 1355 Ἐὰν
2403 1302 2475 1371 μὴ
2522 1303 2730 1369 φάγητε
2777 1300 2873 1368 τὴν
2919 1298 3097 1367 σάρκα
3145 1296 3244 1348 τοῦ
3288 1295 3442 1350 Υἰοῦ
3499 1293 3613 1347 τοῦ

1993 1392 2299 1463 ἀνθρώπου,
2328 1392 2420 1445 καὶ
2449 1390 2605 1460 πίητε
2632 1388 2792 1442 αὑτοῦ
2822 1389 2883 1440 τὸ
2909 1383 3069 1457 αἷμα,
3103 1385 3208 1437 οὑκ
3235 1383 3401 1452 ἔχετε
3441 1384 3614 1452 ζωὴν

1994 1484 2051 1534 ἐν
2101 1483 2326 1543 ἑαυτοῖς.
2366 1482 2421 1533 '0
2468 1479 2689 1550 τρώγων
2725 1495 2827 1548 μου
2865 1478 2964 1546 τὴν
3012 1476 3216 1545 σάρκα,
3261 1474 3365 1526 καὶ
3414 1473 3614 1524 πίνων

1998 1590 2094 1643 μου
2131 1573 2191 1625 τὸ
2226 1568 2393 1642 αἷμα,
2437 1572 2546 1640 ἔχει
2584 1571 2726 1640 ζωὴν
2776 1567 2989 1623 αίώνιον
3013 1585 3026 1597 ⁸
3070 1565 3231 1633 κάγὼ
3279 1564 3616 1632 ἀναστήσω

1999 1663 2157 1715 αὑτὸν
2183 1664 2239 1714 ἐν
2269 1666 2333 1732 τῇ
2361 1662 2555 1731 ἐσχάτῃ
2584 1661 2764 1730 ἡμέρᾳ
2787 1676 2801 1687 ·
2836 1661 2871 1729 ἡ
2908 1658 3014 1727 γάρ
3046 1656 3186 1727 σάρξ
3232 1671 3340 1724 μου
3371 1652 3612 1723 ἀληθής

2000 1753 2111 1803 ἐστι
2140 1750 2354 1821 βρῶσις,
2384 1751 2476 1802 καὶ
2498 1750 2558 1801 τὸ
2587 1744 2725 1818 αἷμά
2764 1765 2863 1817 μου
2902 1746 3109 1815 ἀληθής
3152 1746 3274 1796 ἐστι
3305 1742 3482 1802 πόσις
3516 1756 3535 1772 ο
3572 1742 3609 1792 ὁ

1998 1839 2218 1910 τρώγων
2252 1856 2349 1908 μου
2374 1838 2470 1907 τὴν
2499 1838 2672 1907 σάρκα
2692 1875 2705 1896 ,
2742 1837 2832 1889 καὶ⁵
2874 1835 3043 1888 πίνων
3079 1850 3182 1902 μου
3216 1833 3281 1884 τὸ
3325 1829 3505 1900 αἷμα,
3538 1830 3607 1880 ἐν

2000 1931 2120 2000 ἐμοὶ
2153 1928 2319 1999 μένει,
2362 1927 2514 1994 κάγὼ
2546 1929 2603 1978 ἐν
2647 1925 2816 1995 αύτῷ,
2854 1944 2873 1974 ι
2908 1926 3117 1993 μήποτε
3165 1922 3307 1991 αὑτή
3346 1923 3515 1973 ἐστιν
3558 1922 3597 1987 ἡ

2001 2019 2134 2089 σὰρξ
2156 2018 2246 2071 τοῦ
2275 2018 2512 2088 αἴροντος
2538 2017 2637 2085 τὴν
2666 2016 2942 2085 ἁμαρτίαν
2973 2011 3068 2065 τοῦ
3112 2010 3323 2079 κόσμου
3371 2007 3598 2077 ἀμνοῦ,

2000 2110 2089 2162 xal.
2119 2108 2257 2160 τοῦτ’
2283 2108 2394 2159 ἐστι
2424 2108 2483 2159 τὸ
2520 2101 2657 2174 αἷμα
2677 2144 2690 2168 ,
2733 2105 2826 2172 ἀφ’
2874 2097 2936 2155 οὗ
2982 2100 3184 2152 τιθέναι
3218 2098 3303 2150 δεῖ
3335 2097 3441 2149 ἐπὶ
3474 2096 3598 2147 τῶν

1998 2196 2088 2249 δύο
2120 2194 2383 2264 σταθμῶν,
2416 2196 2508 2247 καὶ
2551 2194 2642 2244 ἐπὶ
2683 2192 2783 2262 τὴν
2821 2191 2981 2260 φλιάν
3027 2191 3085 2242 ἐν
3126 2190 3243 2249 τοῖς
3272 2186 3459 2248 οἴκοις
3482 2223 3499 2248 ,
3534 2186 3601 2235 ἐν

1998 2281 2077 2348 οἷς
2107 2285 2349 2355 ἐσθίομεν
2378 2284 2438 2336 τὸ
2465 2283 2673 2352 Πάσχα,
2700 2283 2797 2335 καὶ
2820 2281 2930 2334 ἀπὸ
2969 2280 3078 2333 τῶν
3110 2277 3210 2330 τοῦ
3236 2276 3426 2346 ἀμνοῦ
3462 2275 3595 2330 τού-

1998 2392 2087 2427 του
2123 2375 2202 2426 δεῖ
2232 2376 2415 2441 φαγεῖν
2457 2372 2630 2444 κρεῶν
2662 2374 2719 2425 ἐν
2758 2372 2837 2441 τῷ
2880 2369 2975 2423 τοῦ
3019 2369 3232 2437 κόσμου
3265 2366 3499 2438 χρόνῳ,
3534 2366 3600 2427 ὅς

2000 2465 2113 2514 ἐστι
2153 2461 2281 2527 νύξ’
2323 2460 2461 2513 όπτά
2497 2461 2553 2513 δὲ
2579 2460 2647 2512 τὰ
2675 2460 2813 2530 κρέα
2842 2458 2976 2527 πυρὶ
3019 2455 3265 2526 βρωτὲον
3303 2454 3453 2525 μετά
3491 2455 3597 2507 τοῦ

1999 2549 2103 2602 ἀπὸ
2129 2549 2346 2618 ἀζύμων
2384 2551 2545 2619 ἄρτου
2565 2565 2577 2578 ·
2607 2551 2636 2601 ό
2677 2548 2782 2617 γάρ
2809 2545 2905 2599 τοῦ
2939 2544 3078 2597 Θεοῦ
3112 2544 3293 2612 Λόγος
3324 2544 3392 2597 οὑ
3423 2544 3597 2613 μόνον

2000 2637 2112 2689 ἐστὶ
2136 2637 2287 2706 σάρξ.
2308 2638 2442 2707 Φησὶ
2461 2636 2588 2703 γοῦν
2605 2652 2619 2666 °
2650 2654 2668 2686 ι
2707 2634 2853 2702 Ἐγώ
2879 2634 2996 2703 ειμι
3018 2634 3050 2686 ό
3072 2633 3246 2702 ἄρτος
3265 2629 3555 2703 τῆςζωῆς·
3575 2653 3594 2683 ι

1999 2725 2110 2789 καὶ,
2128 2748 2145 2780 ι
2164 2724 2326 2789 Οὗτός
2338 2726 2523 2779 ἐστινό
2544 2724 2703 2794 ἄρτος
2724 2725 2753 2775 6
2780 2725 2845 2775 ἐκ
2867 2720 2962 2773 τοῦ
2987 2717 3227 2790 ούρανοῦ
3262 2716 3382 2786 (‘26)
3422 2732 3599 2769 stata-

1998 2811 2194 2864 ϐαίνων
2217 2850 2231 2873 ,
2260 2812 2346 2864 ἵνα
2374 2828 2458 2872 τις
2495 2810 2552 2875 ἐξ
2597 2809 2758 2862 αὑτοῦ
2793 2808 2942 2877 φάγῃ
2965 2845 2980 2869 ,
3025 2807 3125 2858 καὶ
3175 2804 3255 2874 μὴ
3290 2803 3554 2874 ἀποθάνῃ
3576 2819 3591 2831 ’

2010 2899 2148 2967 Ἐγώ
2173 2901 2283 2969 εἰμι
2303 2901 2332 2951 ό
2361 2901 2518 2969 ἄρτος
2544 2899 2572 2948 ό
2600 2897 2771 2961 ζῶν,ό
2798 2898 2861 2948 ἐκ
2891 2894 2987 2947 τοῦ
3016 2892 3261 2963 ούρανοῦ
3294 2891 3555 2952 καταϐάς
3574 2908 3589 2920 ’

1997 2990 2088 3042 ἐάν
2126 3006 2208 3051 τις
2254 2989 2397 3057 φάγῃ
2439 2990 2502 3040 ὲκ
2546 2985 2731 3038 τούτου
2781 2983 2875 3038 τοῦ
2924 2983 3130 3051 ἄρτου,
3166 2981 3332 3051 ζήσει
3379 2983 3465 3042 είς
3497 2979 3594 3032 τὸν

1997 3078 2178 3131 αἰῶνα.
2215 3096 2234 3127 ι
2268 3078 2378 3130 Οὑκ
2418 3076 2703 3144 άγνοητέον
2751 3074 3020 3144 μέντοιγε,
3063 3074 3150 3125 ὃτι
3203 3074 3364 3125 πᾶσα
3404 3069 3592 3143 τροφὴ

1997 3164 2559 3237 καταχρηστικιῖπερον
2582 3165 2742 3234 ἄρτος
2767 3163 3020 3228 λέγεται,
3054 3160 3133 3222 ὡς
3168 3162 3269 3212 ἐπὶ
3294 3160 3595 3220 Μωῦσέως

1996 3256 2054 3307 ἐν
2108 3255 2184 3324 τῷ
2234 3254 2628 3324 Δευτερονομίῳ
2669 3251 3005 3320 γέγραπταιο
3062 3267 3082 3298 ι
3146 3250 3595 3319 Τεσσαράκοντα

1996 3344 2204 3413 ἡμέρας
2232 3344 2391 3413 ἄρτον
2409 3343 2506 3395 οὑκ
2535 3341 2723 3409 ἔφαγε,
2750 3342 2841 3393 καὶ
2864 3339 3011 3409 ’ύδωρ
3040 3340 3148 3391 οὑκ
3181 3339 3368 3402 ἔπιεν,
3406 3358 3427 3389 ι
3466 3339 3593 3391 ἀντὶ

1992 3432 2105 3493 τοῦ,
2128 3433 2245 3485 οὑτε
2262 3433 2426 3500 ξηρᾶς
2456 3430 2575 3482 οὑτε
2608 3430 2779 3498 ὑγρᾶς
2806 3427 3101 3497 μετείληφε
3133 3430 3380 3497 τροφῆς.
3413 3427 3594 3480 Τοῦτο

1992 3520 2048 3573 δέ
2073 3538 2161 3591 μοι
2183 3524 2467 3590 τετήρηται
2490 3518 2578 3571 διά
2614 3519 2673 3571 τὸ
2696 3518 2790 3570 καὶ
2812 3519 2871 3569 ἐν
2899 3516 2979 3586 τῷ
3012 3516 3162 3569 κατά
3200 3518 3471 3587 Ἰωάννην
3492 3517 3590 3568 λέ-

1992 3610 2177 3678 γεσθαι
2204 3627 2217 3641 ·
2255 3627 2275 3659 ‹
2304 3610 2412 3661 Kal.
2438 3610 2467 3659 ό
2491 3607 2650 3677 ἄρτος
2680 3607 2757 3669 δὲ,
2781 3606 2839 3657 ὃν
2872 3605 2984 3673 ἐγὼ
3014 3605 3205 3670 δώσω,
3231 3610 3268 3677 ἡ
3308 3608 3454 3678 σάρξ
3484 3624 3589 3677 μου

1994 3697 2138 3748 ἐστὶν
2162 3695 2299 3765 ὑπὲρ
2330 3695 2427 3763 τῆς
2462 3694 2553 3747 τοῦ
2581 3693 2784 3761 κόσμου
2813 3692 2972 3761 ζωῆς.
3014 3711 3033 3742 ›
3076 3695 3248 3746 Ἤτοι
3273 3696 3333 3748 δὲ
3370 3696 3464 3747 διά
3489 3694 3592 3757 τὰς

1993 3786 2083 3837 ἐπὶ
2102 3786 2211 3844 τοῖς
2238 3785 2618 3853 ἁμαρτήμασιν
2645 3782 2803 3851 ἡμῶν
2833 3783 3126 3851 μετανοίας
3143 3786 3252 3855 τὴν
3275 3784 3425 3839 κατά
3453 3784 3593 3838 Θεὸν

1992 3873 2161 3942 λύπην
2200 3873 2542 3941 λυπουμένων
2564 3908 2578 3933 ,
2617 3870 2902 3940 μετάνοιαν
2930 3873 3012 3934 είς
3046 3876 3346 3945 σωτηρίαν
3375 3878 3594 3945 ἀμετα-

1995 3962 2216 4032 μέλητον
2248 3963 2375 4031 ἡμῖν
2411 3958 2782 4029 ἐργαζομένην
2804 3997 2820 4023 ,
2869 3959 2961 4012 ἐπὶ
2995 3963 3280 4030 πικρίδων
3326 3964 3592 4034 ἐσθίομεν

1992 4051 2125 4120 κρέα
2148 4049 2241 4103 τοῦ
2271 4047 2462 4118 ἀμνοῦ,
2487 4048 2579 4101 καὶ
2600 4047 2669 4100 τὰ
2705 4048 2918 4118 ἄζυμα·
2953 4049 2987 4117 ἦ
3032 4050 3126 4103 διὰ
3170 4053 3281 4116 τὰς
3317 4053 3595 4124 βασάνους

1992 4135 2272 4206 ζητοῦντες
2293 4136 2385 4188 καὶ
2403 4136 2718 4204 τρεφόμενοι
2745 4137 2853 4189 ἀπὸ
2883 4136 2994 4189 τῶν
3017 4138 3462 4213 εὑρισκομένων
3493 4142 3597 4211 τῆς

1990 4224 2239 4295 ἀληθείας
2282 4223 2664 4293 θεωρημάτων.
2699 4227 2812 4279 Οὑκ
2851 4226 3007 4298 ὠμὴν
3048 4225 3147 4282 οὖν
3195 4232 3453 4303 βρωτέω
3494 4232 3598 4303 τὴν

1995 4314 2168 4383 σάρκα
2190 4312 2281 4364 τοῦ
2309 4312 2498 4382 ἀμνοῦ,
2524 4313 2710 4386 ὥσπερ
2735 4315 2975 4370 ποιοῦσιν
3003 4318 3054 4369 οἱ
3084 4320 3194 4389 τῆς
3232 4321 3447 4387 λέξεως
3474 4321 3600 4375 δοῦ-

1992 4401 2069 4455 λοι
2101 4403 2294 4472 τρόπον
2321 4400 2525 4468 ἀλόγων
2553 4402 2705 4468 ζώων
2734 4405 2828 4457 καὶ
2859 4405 3422 4479 ἀποτεθηριωμένων
3453 4411 3598 4481 πρὸς

1990 4494 2113 4555 τοὺς
2140 4489 2349 4559 ἀληθῶς
2376 4490 2641 4560 λογικοὺς,
2668 4494 2756 4548 διὰ
2784 4493 2877 4547 τοῦ
2903 4496 3145 4549 συνιέναι
3179 4497 3494 4567 βούλεσθαι
3526 4500 3598 4554 τά

1990 4578 2361 4647 πνευματικὰ,
2406 4578 2565 4647 λόγου
2623 4581 3127 4651 μεταλαμϐάνοντες
3186 4585 3317 4659 (27)
3383 4591 3599 4660 θηρίων

1992 4668 2438 4737 ἀπηγριωμένων.
2467 4669 2839 4742 Φιλοτιμητέον
2866 4670 2922 4722 δὲ
2951 4670 3030 4740 τῷ
3059 4674 3145 4735 εἰς
3180 4675 3397 4747 ἕψησιν
3424 4696 3600 4749 μετα-

1992 4755 2313 4825 λαμϐάνοντι
2332 4755 2391 4807 τὸ
2414 4755 2563 4825 ὠμὸν
2585 4760 2682 4829 τῆς
2703 4759 2941 4832 Γραφῆς,
2971 4760 3045 4827 μὴ
3065 4759 3167 4813 ἐπὶ
3190 4764 3263 4816 τὸ
3299 4764 3599 4836 πλαδαρώ-

1989 4860 2163 4913 τερον,
2192 4843 2285 4896 καὶ
2312 4843 2694 4919 ὑδαρέστερον,
2718 4850 2811 4904 καὶ
2834 4845 3200 4915 ἐκλελυμένον
3231 4853 3600 4924 μεταλαμϐά-

433 5004 477 5037 ³⁶
501 5004 669 5086 δοκιι..
693 5003 836 5068 1,29.
911 5005 954 5036 ”
986 5004 1149 5058 Exod.
1181 5019 1275 5067 ιιι,
1303 5004 1357 5058 5.
1431 5002 1476 5042 δ’
1504 5001 1656 5057 Joan.
1688 5017 1724 5065 ι,
1757 5002 1843 5057 Η.
1917 5002 1957 5034 ⁸¹
1987 5002 2139 5058 Joan.
2173 5020 2246 5066 v1,
2271 5004 2338 5057 54
2367 5019 2484 5075 seq.
2562 5011 2612 5048 δι
2640 5015 2808 5073 Exod.
2841 5026 2936 5071 xu,
2963 5009 3016 5072 7,
3036 5008 3133 5064 εἰ.
3224 5012 3278 5047 ⁸³
3309 5015 3476 5071 Joan.
3506 5032 3559 5070 vt

360 5072 452 5126 as.
526 5072 571 5104 δι
603 5072 927 5127 masc-52.
999 5073 1043 5105 ι·
1089 5074 1243 5126 Deut.
1278 5088 1353 5134 ιι,
1397 5071 1451 5125 9.
1524 5070 1569 5101 ι·
1608 5066 1761 5124 Joan.
1796 5085 1870 5130 νι,
1908 5070 1995 5124 52.
2067 5072 2109 5103 ιτ
2139 5071 2552 5139 llCor.vn,10.
3571 5057 3586 5078 ’

433 5203 545 5269 (25)
572 5204 733 5266 Δόξει
752 5207 866 5260 και.
894 5207 981 5260 Sic
1004 5208 1169 5260 codex
1191 5202 1531 5267 Bodleianus;
1557 5203 1724 5258 editio
1747 5204 1887 5258 liue—

368 5269 614 5340 ιῖίρέὁξει
646 5270 751 5340 γὰρ
780 5275 890 5327 καί.

435 5337 544 5414 (ξεί)
585 5336 736 5414 ’9ιέίέ
767 5340 871 5414 τοῦ
900 5339 1177 5414 οὐρανοῦ.
1210 5336 1298 5393 Sic
1324 5339 1491 5392 codex
1525 5338 1883 5402 Bodleianus;

368 5403 577 5476 Regius,
602 5404 717 5476 6_é&
739 5403 980 5476 οὐρανοῦξ

437 5468 545 5536 (2⁷)
580 5472 764 5537 Λόγου
786 5468 1353 5550 ῥεταλαμσάνοντες,
1380 5481 1488 5527 etc.
1536 5473 1655 5528 lla'c
1686 5472 1885 5526 habent

1993 5204 2530 5295 aadd:llotllei‘anus2
2568 5217 2777 5295 Regius
2798 5234 2851 5282 ει
2876 5214 3230 5295 B‘arberinu-s.
3262 5218 3459 5295 vertit
3487 5222 3590 5275 Pe-

1994 5286 2226 5389 ?nnius,
2265 5291 2284 5323 ι
2321 5285 2564 5355 rationis
2583 5285 2884 5371 ιιαῖιίείρθς
2904 5286 3134 5342 ferarum
3167 5286 3527 5351 bestiarum;
3567 5313 3584 5342 ι

2036 5354 2272 5393 (ΞΙΊὮΙῚΙΙΒ
2305 5345 2526 5397 νιάειιιι-
2580 5359 2871 5397 Ιηηη...ι....μ.
2895 5362 3126 5397 nallﬂSSP.
3151 5352 3362 5397 ἄλονην
3427 5375 3584 5397 πειρη-

2396 5356 2526 5436 ειιιι·
2580 5352 2872 5436 Esaiam
2895 5362 3127 5436 putasse,
3144 5352 3362 5436 ἄλογον
3382 5428 3394 5436 _
3425 5375 3588 5436 μετα-

1989 5405 2279 5527 ῗὲὲλοντας
2325 5405 2543 5483 θηριων
3065 5405 3207 5484 quod
3242 5405 3584 5500 inﬁniti;—
