3880 6206
365 343 483 398 33'!
602 378 606 384 -
1465 345 1808 402 COMMENT.
1850 345 1915 398 IN
1963 345 2151 401 JOAN.
2190 344 2421 400 TOMUS
2453 344 2517 396 Χ.
3454 338 3555 393 338

367 477 497 512 νειν
523 461 584 514 τὰ
603 447 961 527 γεγραμμένα,
989 453 1140 528 ὅπερ
1163 461 1403 516 ποιοῦσιν
1427 468 1472 517 oi
1504 466 1814 536 κνηθόμενοι
1837 466 1916 534 τὴπ

2034 473 2086 517 et
2121 464 2450 518 saevientium
2495 467 2679 514 contra
2730 471 2820 512 eos
2849 455 2938 524 qui
2970 455 3166 510 idcirco
3190 462 3394 508 ratione
3429 471 3552 509 vere

367 549 572 617 ἀκοὴν,
604 547 688 600 καὶ
714 538 812 595 ἀπὸ
841 538 942 608 μὲν
970 543 1079 613 τῆς
1113 547 1370 618 ἀληθείας
1395 553 1814 624 ἀποστρέφοντες
1837 555 1916 605 air

2031 562 2250 605 utuntur
2285 552 2406 618 quia
2440 549 2608 602 velint
2633 545 2924 613 intelligere
2960 545 3279 612 spiritualia,
3323 544 3373 597 id
3407 545 3550 612 quod

367 637 506 705 τὴν,
533 637 618 688 ἐπὶ
642 636 693 687 δὲ
731 631 787 683 τὸ
823 630 1118 700 ἀνειμένον
1152 639 1247 690 καὶ
1277 639 1621 709 ὑδαρέστερον
1651 641 1750 709 τῆς
1781 641 1916 692 πολι·

2031 641 2236 693 ratione
2262 649 2409 693 caret
2438 639 2669 690 ferarum
2716 635 3004 703 agrestium
3047 634 3408 686 immutantes.
3443 632 3548 685 Sed

369 726 536 787 τείας
581 719 1072 794 μεταλαμϐάνοντες
1125 725 1226 787 τὰς
1276 729 1394 780 κατ’
1445 729 1638 790 αὐτοὺς
1694 730 1916 796 ἀγωγάς

2030 731 2409 784 elaborandum
2427 735 2508 780 est
2531 721 2907 778 transmutanti
2930 721 3244 774 cruditatem
3261 719 3548 784 Scriptura:

2029 821 2094 874 ad
2122 819 2438 878 coctionem,
2470 829 2534 867 ne
2567 814 2617 865 in
2650 813 2844 881 aliquid
2879 812 3164 874 humidius,
3194 817 3248 863 et
3276 809 3545 876 aquosius,

2030 917 2083 962 et
2130 906 2463 960 dissolutum'
2495 910 2808 955 trausmutet
2851 916 2911 953 ea
2961 916 3076 967 qua:
3129 899 3323 965 scripta
3373 906 3546 951 sunt:

385 813 587 881 Ἡμεῖς
626 813 678 864 δὲ
715 809 786 878 τῷ
821 809 996 872 ζέοντι
1053 815 1354 882 πνεύματι,
1399 817 1491 868 καὶ
1552 818 1661 878 τοῖς
1725 816 1930 885 διδομέ-

369 917 500 963 νοις
530 901 635 968 (28)
666 900 765 952 ὑπὸ
789 897 920 950 Θεοῦ
950 899 1234 972 διαπύροις
1279 903 1479 971 λόγοις,
1523 905 1733 967 ὁποίους
1777 906 1931 972 Ἱερε-

372 989 518 1057 μίας
555 991 758 1059 εἰλήφει
802 988 905 1043 ἀπὸ
940 991 1033 1042 τοῦ
1064 992 1309 1060 λέγοντος
1349 994 1482 1062 πρὸς
1506 995 1692 1046 αὐτόν·
1734 1013 1752 1045 ι
1803 995 1928 1046 Ἰδοὺ

367 1076 587 1129 δέδωκα
608 1080 727 1138 τοὺς
748 1077 934 1143 λόγους
968 1095 1069 1146 μου
1101 1081 1180 1140 είς
1201 1080 1259 1131 τὸ
1284 1081 1450 1148 στόμα
1476 1097 1566 1132 σου
1592 1080 1718 1150 πῦρ,
1743 1099 1762 1132 ι
1795 1081 1928 1133 ὀπτά

370 1166 694 1233 ποιήσωμεν
718 1165 783 1216 τά
811 1166 941 1233 κρέα
978 1165 1072 1216 τοῦ
1106 1166 1274 1234 ἀμνοῦ
1295 1205 1309 1228 ,
1339 1167 1474 1218 ὥστε
1507 1169 1629 1229 τοὺς
1661 1167 1927 1236 μεταλαμ-

369 1250 641 1312 ϐάνοντας
671 1251 848 1302 αὐτῶν
879 1251 1054 1317 λέγειν
1072 1290 1086 1315 ,
1114 1252 1344 1320 Χριστοῦ
1378 1256 1432 1304 ὲν
1463 1255 1586 1321 ἡμῖν
1633 1253 1925 1316 λαλοῦντος,

367 1339 465 1390 ὅτι
502 1359 519 1390 ι
543 1340 602 1390 Ἠ
627 1339 822 1406 καρδία
843 1339 998 1408 ἡμῶν
1029 1342 1284 1408 καιομένη
1306 1337 1371 1410 ἦν
1399 1344 1454 1394 έν
1487 1344 1549 1409 τῇ
1575 1341 1694 1409 ὁδῷ,
1724 1342 1797 1402 ὡς
1825 1342 1931 1410 διή-

368 1442 558 1491 νοιγεν
586 1427 713 1492 ἡμῖν
745 1425 842 1486 τὰς
871 1426 1109 1495 Γραφάς.
1143 1446 1160 1477 ι
1187 1429 1247 1480 Ei
1269 1429 1324 1479 δὲ
1344 1431 1422 1490 είς
1449 1429 1506 1480 τὸ
1525 1429 1754 1480 τοιοῦτον
1787 1431 1927 1498 ἡμᾶς

369 1512 610 1581 ζητῆσαι
640 1513 770 1581 πυρὶ
794 1513 1024 1580 ὀπτῆσαι
1046 1514 1306 1582 δεήσειτά
1333 1515 1421 1566 τοῦ
1448 1515 1552 1584 (29)
1581 1516 1746 1584 ἀμνοῦ
1769 1516 1924 1582 κρέα,

368 1601 710 1669 παραθετέον
739 1602 837 1669 τὴν
865 1602 1148 1669 ὁμολογίαν
1179 1599 1238 1655 οῦ
1267 1603 1546 1654 ἐπεπόνθει
1586 1606 1676 1655 ἐπὶ
1707 1607 1816 1664 τοῖς
1843 1605 1926 1655 λό-

367 1705 498 1755 γοις
537 1689 626 1740 τοῦ
662 1689 794 1740 Θεοῦ
828 1689 1030 1752 πάθους
1074 1692 1332 1760 Ἱερεμίας
1364 1692 1530 1758 λέγων
1553 1709 1564 1722 ο
1603 1712 1620 1742 ι
1661 1694 1764 1744 Καὶ
1806 1693 1924 1759 ὲγέ-

368 1795 502 1829 νετο
523 1778 596 1839 ὡς
625 1776 734 1846 πῦρ
768 1779 1049 1845 καιόμενον
1068 1817 1082 1840 ,
1116 1778 1307 1845 φλέγον
1340 1781 1396 1831 ὲν
1428 1783 1535 1842 τοῖς
1562 1780 1766 1841 ὀστέοις
1800 1798 1919 1848 μου,

368 1870 473 1920 καὶ
516 1873 774 1937 παρεῖμαι
823 1869 1119 1930 πάντοθεν,
1161 1871 1250 1920 καὶ
1289 1871 1346 1920 οὐ
1392 1870 1616 1938 δύναμαι
1665 1871 1861 1938 φέρειν.
1897 1889 1914 1921 ι

383 1957 448 2006 ’Δ
459 1957 645 2024 ρκτέον
665 1956 721 2008 δὲ
751 1957 808 2007 ὲν
831 1957 908 2025 τῷ
932 1957 1128 2008 ἐσθίειν
1152 1958 1256 2008 ἀπὸ
1284 1961 1380 2025 τῆς
1407 1959 1657 2028 κεφαλῆς,
1684 1961 1921 2012 τουτέστι

366 2047 488 2098 τῶν
510 2047 943 2116 κορυφαιοτάτων
969 2047 1058 2097 καὶ
1087 2046 1322 2114 ἀρχικῶν
1354 2046 1630 2115 δογμάτων
1665 2050 1790 2117 περὶ
1817 2048 1921 2100 τῶν

369 2135 745 2205 ἐπουρανίων⁸
793 2136 884 2186 καὶ
929 2135 1287 2202 καταληκτέον
1329 2135 1416 2185 ἐπὶ
1461 2137 1583 2196 τοὺς
1617 2136 1811 2199 πόδας,
1857 2137 1922 2188 τά

369 2226 575 2292 ἔσχατα
595 2224 704 2276 τῶν
738 2223 1066 2292 μαθημάτων
1088 2223 1154 2274 τά
1179 2222 1436 2290 ζητοῦντα
1468 2225 1590 2293 περὶ
1617 2225 1714 2292 τῆς
1743 2225 1919 2277 τελευ-

369 2315 532 2374 ταίας
562 2315 618 2364 ἐν
651 2315 762 2372 τοῖς
787 2307 904 2363 οῦσι
935 2311 1172 2378 φύσεως,
1217 2312 1332 2380 ἦτοι
1369 2312 1475 2363 τῶν
1505 2312 1856 2380 ὑλικωτέρων,
1884 2314 1916 2382 ἢ

367 2401 483 2453 τῶν
519 2399 882 2466 καταχθονίων
903 2436 918 2458 ,
944 2399 976 2466 ἢ
1008 2399 1112 2449 τῶν
1146 2399 1388 2466 πονηρῶν
1440 2398 1753 2466 πνευμάτων
1772 2436 1786 2460 ,
1829 2400 1920 2450 καὶ

370 2489 694 2556 ἀκαθάρτων
723 2487 1030 2555 δαιμονίων.
1070 2488 1124 2538 Ὀ
1145 2486 1250 2554 γὰρ
1276 2487 1399 2556 περὶ
1427 2487 1599 2538 αὐτῶν
1630 2487 1779 2553 λόγος
1807 2487 1920 2538 ἓτε-

371 2595 468 2647 ρος
512 2576 586 2628 ὢν
620 2574 795 2627 αὐτῶν
818 2613 834 2637 ,
884 2575 1294 2642 έναποκείμενος
1325 2578 1434 2635 τοῖς
1470 2575 1778 2643 μυστηρίοις
1823 2577 1920 2644 τῆς

371 2666 596 2734 Γραφῆς
629 2663 847 2715 δύναται
890 2663 1280 2732 τροπικὼτερον
1311 2663 1462 2724 πόδες
1493 2663 1796 2731 ὠνομάσθαι
1826 2663 1915 2715 τοῦ

368 2752 566 2820 ἀμνοῦ.
601 2752 709 2804 Καὶ
739 2751 847 2802 τῶν
888 2751 1163 2803 ὲνδοσθίων
1191 2751 1274 2816 δὲ,
1307 2752 1638 2821 ἐσωτερικῶν
1663 2753 1755 2804 καὶ
1789 2754 1918 2805 ἀπο-

368 2836 798 2904 κεκρυμμένων,
827 2836 926 2886 οὑκ
955 2837 1232 2903 ἀφεκτέον.
1285 2837 1368 2898 Ὠς
1410 2839 1486 2890 ἐν).
1514 2838 1568 2890 δὲ
1609 2837 1814 2907 σώματι
1851 2843 1913 2909 τῇ

367 2925 557 2992 ἁπάσῃ
588 2923 966 2992 προσελθετέον
1007 2925 1223 2994 Γραφῇ,
1261 2928 1352 2978 καὶ
1379 2927 1474 2988 τὰς
1506 2929 1562 2979 ὲν
1590 2930 1654 2996 τῇ
1687 2929 1916 2998 ἁρμονίᾳ

367 3012 470 3078 τῆς
515 3010 625 3079 (50)
662 3012 836 3080 πάσης
884 3012 1173 3074 συνθέσεως
1214 3013 1381 3081 αὐτῆς
1426 3014 1780 3077 εύτονωτάτας
1825 3017 1915 3068 καὶ
1942 3048 1982 3104 C

371 3099 734 3168 στερῤοτάτας
781 3099 1006 3168 συνοχὰς
1049 3101 1109 3151 οὐ
1158 3102 1538 3170 συντριπτέον,
1583 3103 1702 3156 οὐδὲ
1742 3105 1916 3157 διακο-

370 3185 536 3235 πτέον
560 3222 575 3244 ,
605 3185 738 3253 ὅπερ
769 3188 1124 3255 πεποιήκασιν
1163 3190 1211 3239 οῖ
1240 3188 1334 3255 τὴν
1368 3188 1586 3258 ἑνότητα
1610 3188 1700 3241 τοῦ
1728 3193 1784 3242 ὲν
1816 3193 1918 3244 πά-

371 3287 496 3332 σαις
524 3275 640 3334 ταῖς
661 3272 700 3322 Γ
706 3276 898 3339 ραφαίς
931 3274 1228 3344 πνεύματος
1255 3276 1314 3327 τὸ
1337 3277 1456 3328 ὅσον
1490 3279 1574 3328 ἐπ’
1602 3278 1776 3339 αὐτοῖς
1799 3295 1917 3330 συν-

369 3358 667 3427 τρίϐοντες.
697 3360 845 3429 Αὕτη
893 3361 1130 3430 μέντοιγε
1152 3367 1184 3432 ἡ
1213 3365 1318 3416 ἀπὸ
1342 3363 1433 3415 τοῦ
1465 3364 1632 3432 ἀμνοῦ
1664 3382 1916 3434 προειρη-

375 3448 510 3516 μένη
547 3449 845 3517 προφητεία
864 3449 960 3518 τὴν
984 3451 1147 3503 νύκτα
1182 3451 1342 3520 μόνην
1375 3453 1519 3520 ἡμᾶς
1560 3453 1800 3521 τρεφέτω
1822 3453 1914 3504 τοῦ

371 3536 433 3586 ὲν
459 3536 533 3604 τῷ
557 3537 653 3606 βίῳ
679 3537 926 3600 σκότους’
953 3537 1025 3601 ὼς
1053 3538 1158 3608 γὰρ
1179 3539 1277 3606 τῆς
1303 3539 1558 3608 ἀνατολῆς
1586 3540 1680 3609 τῆς
1712 3540 1916 3610 ἡμέρας

373 3623 482 3678 τῶν
519 3626 652 3693 μετὰ
681 3626 769 3678 τὸν
810 3626 920 3693 βίον
952 3625 1133 3678 τοῦτον
1170 3627 1318 3679 οὐδὲν
1361 3629 1736 3680 καταλειπτέον
1765 3629 1914 3680 ἔσται

375 3715 503 3781 ἡμῖν
543 3715 638 3783 τῆς
689 3716 782 3766 ἐπὶ
822 3715 914 3766 τοῦ
963 3715 1222 3784 παρόντος
1283 3718 1440 3785 μόνου
1486 3716 1747 3787 χρησίμου
1788 3719 1913 3786 ἡμῖν

375 3801 515 3855 οῦτω
555 3804 778 3873 τροφῆς.
827 3805 1202 3874 Παρελθούσης
1254 3805 1360 3873 γὰρ
1415 3805 1513 3874 τῆς
1560 3807 1778 3868 νυκτὸς,
1824 3809 1913 3860 καὶ

375 3893 703 3962 ἐπελθούσης
741 3895 838 3962 τῆς
883 3895 1017 3962 μετά
1052 3895 1217 3947 ταῦτα
1254 3895 1483 3964 ἡμέρας,
1523 3893 1611 3945 τὸν
1659 3893 1913 3963 μηδαμῶς

375 3979 480 4029 ἀπὸ
504 3978 606 4030 τῶν
639 3979 1002 4048 παλαιοτέρων
1033 3985 1122 4032 καὶ
1151 3982 1438 4049 κατωτέρω
1462 3979 1762 4048 ζυμούντων
1788 3981 1915 4043 ἄζυ-

378 4083 476 4132 μον
507 4067 718 4134 ἕχοντες
745 4067 905 4136 ἄρτον
934 4068 1230 4137 φαγόμεθα,
1273 4070 1530 4138 χρήσιμον
1566 4070 1691 4136 ἡμῖν
1721 4069 1910 4138 ἐσόμε-

373 4171 480 4215 νον,
506 4155 606 4217 ἔως
637 4155 760 4224 δοθῇ
796 4155 854 4206 τὸ
883 4157 1017 4224 μετα
1047 4157 1136 4208 τὸν
1159 4157 1359 4225 ἄζυμον
1391 4157 1496 4224 (5|)
1534 4158 1722 4224 μάννα,
1753 4160 1784 4226 ὴ
1816 4159 1912 4224 ἀγ-

372 4243 558 4312 γελικὴ
605 4244 696 4295 καὶ
747 4243 820 4313 μὴ
869 4244 1170 4314 ἀνθρωπίνη
1217 4246 1404 4313 τροφή.
1464 4246 1699 4314 Ἑκάστῳ
1735 4247 1910 4298 τοίνυν

2029 995 2164 1062 quod
2195 993 2396 1046 faciunt
2430 992 2728 1059 prurientes
2757 991 2988 1052 auribus,
3031 997 3084 1042 et
3111 1003 3139 1041 a
3169 986 3399 1040 veritate
3424 985 3545 1051 qui-

2029 1085 2144 1138 dem
2171 1097 2262 1136 cas
2289 1081 2666 1145 avertentes“,
2693 1081 2756 1134 ad
2787 1080 3062 1132 remissam
3094 1086 3268 1130 autem
3299 1085 3353 1130 et
3377 1074 3549 1129 ﬂacci-

2028 1174 2146 1226 dam
2177 1171 2380 1224 vivendi
2413 1171 2670 1224 rationem
2702 1185 2793 1222 sua
2836 1168 3077 1221 instituta
3111 1172 3542 1218 transmutantes.

2027 1260 2132 1314 Nos
2163 1274 2285 1311 vero
2325 1259 2540 1311 ferventi
2581 1259 2788 1323 spiritu,
2821 1267 2874 1310 et
2912 1254 3091 1323 ignitis
3134 1252 3472 1306 sermonibus
3515 1265 3543 1301 a

2027 1347 2133 1400 Deo
2184 1347 2339 1408 datis,
2393 1343 2575 1410 quales
2622 1343 2879 1396 Jeremias
2921 1349 3219 1407 sumpserat
3253 1339 3318 1391 ab
3359 1352 3421 1390 eo
3455 1339 3544 1404 qui

2027 1435 2121 1488 sibi
2159 1434 2409 1487 diccbat:
2448 1449 2465 1480 ‹
2506 1431 2638 1484 Ecce
2675 1446 2771 1499 ego
2820 1432 2934 1484 dedi
2985 1441 3256 1483 sermones
3302 1440 3448 1479 meos
3492 1427 3544 1478 in

2027 1536 2084 1576 os
2117 1531 2260 1574 tuum
2302 1522 2470 1588 ignem
2505 1520 2568 1581 “,
2619 1539 2636 1570 ι
2677 1533 2821 1572 assas
2868 1518 3128 1570 faciamus
3160 1515 3278 1582 agni
3314 1528 3539 1577 carnes;

2027 1611 2095 1662 ita
2123 1619 2176 1662 ut
2209 1610 2296 1676 qui
2327 1623 2420 1661 eas
2452 1607 2740 1675 capiemus,
2768 1604 2978 1658 Christo
3009 1604 3058 1655 in
3095 1603 3245 1654 nobis
3275 1601 3541 1666 loquente,

2023 1699 2260 1752 dicamus
2289 1714 2301 1748 :
2332 1715 2348 1746 ι
2393 1695 2576 1748 Nonne
2610 1707 2703 1746 cor
2740 1702 2978 1746 nostrum
3006 1691 3198 1743 ardens
3231 1698 3344 1741 erat
3387 1686 3544 1754 178

2020 1789 2071 1839 in
2099 1787 2201 1850 via,
2238 1786 2358 1840 dum
2407 1785 2636 1851 aperiret
2675 1782 2827 1835 nobis
2866 1780 3171 1848 Scripturas
3200 1778 3244 1809 '°
3279 1777 3301 1828 ?
3336 1794 3355 1827 ι
3394 1775 3542 1839 Quod

2019 1876 2062 1928 si
2097 1874 2158 1926 ad
2193 1874 2326 1926 hanc
2356 1887 2466 1925 rem
2497 1871 2831 1938 quazrendam
2861 1883 3042 1922 assare
3069 1865 3174 1934 igni
3202 1865 3318 1932 agni
3345 1876 3537 1916 carnes

2020 1977 2150 2030 opus
2185 1962 2308 2024 erit,
2346 1960 2396 2012 in
2423 1959 2649 2011 medium
2682 1955 3005 2010 atierendum
3034 1961 3116 2007 est
3144 1953 3194 2005 id
3225 1950 3359 2018 quod
3384 1964 3540 2004 oeca-

2020 2051 2166 2105 sione
2193 2050 2473 2102 verborum
2518 2047 2608 2099 Dei
2663 2060 2881 2114 passum
2911 2057 2968 2096 se
3001 2043 3198 2095 fatetur
3240 2040 3537 2094 Jeremias:

2024 2155 2042 2188 ι
2073 2139 2136 2189 Ει
2164 2137 2332 2190 factus
2362 2144 2442 2189 est
2471 2144 2526 2187 ut
2557 2134 2692 2202 ignis
2720 2132 3060 2192 comburens,
3093 2130 3284 2183 ardens
3319 2131 3368 2181 in
3407 2129 3544 2182 ossi-

2018 2225 2116 2278 bus
2159 2225 2333 2276 meis:
2363 2231 2416 2276 et
2445 2221 2680 2274 resolvor
2724 2217 2981 2287 undique,
3025 2227 3078 2272 et
3121 2217 3386 2270 sustinere
3433 2231 3537 2270 non

2018 2325 2226 2377 possum
2258 2312 2326 2364 ⁸⁸.
2355 2328 2372 2361 ι
2413 2309 2768 2375 Incipiendum
2802 2315 2977 2359 autem
3003 2315 3110 2369 est,
3151 2306 3271 2358 dum
3302 2305 3538 2358 comedi-

2018 2413 2155 2462 mus,
2181 2415 2209 2451 a
2237 2398 2429 2466 capite,
2469 2398 2567 2450 hoc
2595 2404 2674 2448 est
2701 2410 2728 2446 a
2751 2396 3013 2460 supremis
3034 2404 3086 2448 et
3110 2395 3378 2461 primariis
3439 2397 3534 2450 do-

2017 2488 2279 2558 gmatibus
2311 2488 2375 2542 de
2401 2486 2556 2540 rebus
2587 2482 3050 2553 supercmlestibus
3077 2501 3090 2548 ;
3117 2495 3170 2536 et
3195 2483 3535 2536 desinendum

2018 2577 2071 2630 in
2119 2576 2300 2644 pedes,
2346 2575 2594 2628 nimirum
2647 2573 2697 2625 in
2741 2572 2958 2626 ultimas
3001 2571 3343 2638 disciplinas,
3394 2586 3538 2638 qum-

2017 2673 2194 2717 rentes
2232 2663 2296 2715 de
2329 2662 2514 2716 ultima
2567 2669 2750 2712 natura
2799 2659 2850 2711 in
2893 2658 3126 2722 cutibus,
3162 2657 3242 2711 vel
3277 2659 3342 2710 de
3382 2659 3541 2712 rebus

2016 2748 2396 2812 materialibns,
2429 2747 2510 2800 vel
2547 2745 2904 2810 terrestribus,
2937 2746 3022 2799 vel
3063 2745 3216 2798 malis
3253 2744 3536 2812 spiritibus

2015 2845 2069 2891 et
2104 2837 2322 2904 impuris
2349 2834 2689 2888 daemonibus.
2740 2833 2870 2886 Nam
2914 2834 3026 2886 fieri
3075 2842 3241 2901 potest
3275 2843 3331 2886 ut
3357 2848 3536 2886 sermo

2017 2921 2082 2976 de
2109 2921 2258 2990 ipsis,
2287 2922 2527 2975 diversus
2555 2921 2824 2974 exsistens
2855 2922 2920 2975 ab
2959 2921 3064 2974 illis
3091 2921 3425 2983 sublimibus,
3453 2935 3538 2972 re-

2017 3011 2258 3064 cnnditus
2287 3011 2337 3063 in
2364 3010 2629 3078 mysteriis
2652 3009 2966 3077 Scriptura,
2995 3012 3158 3078 pedes
3182 3011 3304 3079 agni
3336 3010 3535 3078 tropice

2017 3101 2320 3154 nominatus
2356 3100 2444 3152 sit.
2488 3099 2623 3162 Quin
2653 3099 2718 3152 ab
2747 3100 3032 3162 intestinis,
3075 3110 3129 3152 et
3169 3099 3532 3166 interioribus,

2015 3195 2068 3240 et
2109 3185 2366 3238 abstrusis
2394 3199 2496 3238 non
2532 3184 2883 3237 recedendum
2924 3193 3041 3248 est;
3075 3186 3166 3238 sed
3196 3185 3262 3236 ad
3295 3184 3536 3252 Scriptu-

2016 3271 2132 3326 ram’
2155 3283 2316 3325 totam
2347 3274 2562 3340 perinde
2594 3283 2752 3338 atque
2793 3273 2857 3324 ad
2903 3287 3066 3324 unum
3097 3287 3287 3339 corpus
3315 3276 3537 3328 acceda-

2017 3376 2132 3415 mus
2153 3371 2382 3430 oportet,
2410 3376 2505 3414 ncc
2523 3360 2909 3414 eollacerandze
2931 3361 3391 3430 discindetidteqne
3413 3375 3536 3417 sunt

2015 3461 2125 3504 tum
2153 3451 2618 3516 constantissimus,
2660 3461 2768 3504 tum
2803 3449 3108 3504 fortissima:
3140 3452 3427 3506 harmonia:
3456 3463 3537 3508 to-

2015 3540 2120 3593 tius
2173 3540 2572 3607 compositionis
2617 3541 2782 3608 ipsius
2819 3558 2834 3595 :
2868 3541 2918 3593 id
2955 3541 3090 3607 quod
3136 3541 3376 3595 fecerunt
3419 3544 3529 3610 qni,

2013 3634 2266 3693 quantum
2319 3625 2370 3676 in
2421 3625 2549 3691 ipsis
2581 3635 2680 3688 est,
2737 3625 2894 3678 unius
2939 3625 3192 3678 unitatem
3225 3625 3528 3692 Spiritus-in

2013 3716 2260 3768 omnibus
2313 3712 2604 3782 Scripturis
2674 3714 3012 3767 exsistentcm
3066 3713 3409 3770 collacerant.
3470 3715 3532 3766 Et

2013 3817 2140 3855 sane
2197 3803 2308 3856 haec
2353 3803 2606 3869 praedicta
2651 3817 2715 3856 ex
2760 3815 2896 3868 agno
2937 3803 3233 3870 prophetia,
3275 3818 3376 3856 una
3420 3805 3530 3856 sola

2016 3898 2174 3942 nocte
2205 3890 2561 3954 tenebrarum,
2595 3903 2711 3956 quae
2757 3898 2880 3942 sunt
2919 3889 2972 3942 in
2998 3891 3244 3957 praesenti
3274 3891 3400 3954 vita,
3436 3907 3532 3944 nos

2013 3976 2251 4039 nutriat;
2286 3983 2531 4042 tanquam
2579 3976 2720 4028 enim
2761 3977 3034 4030 exoriente
3076 3976 3159 4030 die
3199 3991 3376 4048 rerum
3415 3988 3532 4043 post

2009 4075 2322 4130 praesentem
2351 4063 2513 4116 vitam
2545 4063 2862 4129 futurarum,
2886 4065 2964 4119 sic
2989 4081 3084 4120 nos
3112 4065 3240 4119 nihil
3273 4066 3528 4134 reliquum

2011 4150 2184 4205 facere
2215 4152 2465 4205 debemus
2493 4152 2558 4207 de
2587 4154 2708 4208 cibo
2743 4153 2912 4209 solum
2953 4155 3104 4210 nobis
3147 4155 3196 4208 in
3247 4156 3529 4222 prasentia

2013 4241 2146 4293 utili.
2177 4241 2306 4294 Cum
2353 4240 2494 4293 cnim
2541 4256 2642 4295 nox
2671 4245 3012 4310 praeterierit,
3061 4260 3124 4300 ac
3164 4246 3531 4312 supervenerit

370 4332 526 4398 ⁴ἡμῶν
567 4329 775 4382 θυέσθω
822 4331 882 4381 τὸ
922 4331 1183 4399 πρόϐατον
1230 4332 1286 4381 ὲν
1331 4334 1486 4382 παντὶ
1517 4331 1646 4400 οίκῳ
1687 4336 1911 4401 πατριᾶς

2017 4339 2196 4398 postea
2248 4329 2382 4393 dies,
2431 4344 2679 4399 azymum
2731 4333 2984 4387 habentes
3007 4333 3427 4402 ,haudquaquam
3466 4350 3530 4388 ex

369 4420 544 4490 ἡμῶν,
579 4423 672 4472 καὶ
703 4421 918 4473 δυνατὸν
946 4421 1080 4472 ἔστω
1105 4419 1248 4472 τόνδε
1283 4421 1381 4488 μέν
1419 4437 1536 4472 τινα
1563 4426 1909 4491 παρανομεῖν,

372 4508 446 4576 μὴ
469 4508 661 4562 θύοντα
683 4509 744 4560 τὸ
773 4510 1034 4579 πρόϐατον
1061 4547 1074 4568 ,
1103 4509 1192 4559 τὸν
1227 4509 1280 4560 δὲ
1309 4510 1483 4560 πᾶσαν
1509 4509 1786 4576 φυλάττειν
1809 4513 1908 4580 τὴν

366 4598 582 4665 ἐντολὴν
605 4596 818 4658 θύοντα,
854 4598 943 4649 καὶ
969 4598 1303 4666 περιέψοντα,
1329 4600 1418 4652 καὶ
1445 4600 1624 4650 ὀστέον
1647 4601 1804 4654 αὑτοῦ
1833 4603 1905 4672 μὴ

367 4685 739 4753 συντρίϐοντα.
786 4686 892 4738 Καὶ
919 4685 1086 4747 οὕτως
1127 4687 1183 4737 ὲν
1225 4686 1442 4755 βραχέσι
1497 4687 1790 4755 συμφώνως
1839 4694 1902 4762 τῇ

365 4772 691 4840 ἀποστολικῇ
741 4771 930 4840 έκδοχῇ
964 4773 1053 4822 καὶ
1097 4769 1174 4836 τῷ
1214 4772 1270 4824 ὲν
1307 4771 1381 4839 τῷ
1417 4772 1727 4842 Εὐαγγελίῳ
1755 4776 1908 4844 ἀμνῷ

361 4859 693 4911 ἀποδιδόσθω
724 4859 832 4928 (52)
879 4859 938 4910 τὸ
975 4859 1130 4910 τυοὲν
1177 4859 1360 4927 Πάσχα
1403 4860 1652 4927 Χριστός.
1686 4863 1757 4914 Οὐ
1805 4865 1909 4934 γὰρ

361 4947 641 5017 νομιστέον
670 4947 738 4999 τά
759 4946 1001 5015 ἱστορικά
1029 4947 1304 5014 ίστορικῶν
1328 4945 1464 4999 εἶναι
1493 4947 1711 5014 τύπους,
1737 4953 1911 5005 καὶτὰ

361 5036 652 5107 σωματικά
685 5035 1030 5105 σωματικῶν,
1062 5033 1191 5086 ἀλλά
1215 5034 1277 5086 τὰ
1306 5038 1590 5103 σωματικά
1632 5055 1916 5109 πνευματι-

358 5127 470 5179 κῶν
492 5165 506 5187 ,
543 5126 636 5178 καὶ
680 5124 747 5178 τὰ
797 5122 1044 5191 ίστορικά
1080 5122 1290 5190 νοητῶν.
1339 5123 1622 5191 Ἀναόἦναι
1658 5125 1736 5193 τῷ
1777 5127 1914 5200 λόγῳ

2007 4421 2295 4485 veteribus,
2325 4429 2380 4473 et
2406 4435 2469 4473 ex
2501 4421 2582 4474 his
2607 4422 2696 4489 qui
2731 4420 2934 4476 inferne
2967 4423 3304 4486 fermentant,
3341 4439 3530 4490 panem

2007 4511 2328 4563 comedimus
2371 4510 2523 4564 nobis
2551 4525 2783 4578 eousque
2822 4511 3178 4578 profuturum,
3211 4515 3381 4569 donec
3416 4524 3534 4582 po:t

2007 4615 2247 4669 azymum
2280 4599 2432 4652 fuerit
2472 4601 2622 4654 nobis
2648 4601 2826 4654 datum
2861 4615 3069 4665 manna,
3109 4604 3210 4657 hoc
3250 4612 3331 4657 est
3372 4619 3532 4673 ange-

2010 4690 2144 4743 licus
2170 4687 2256 4740 ille
2287 4694 2340 4741 et
2371 4702 2473 4742 non
2505 4689 2766 4742 humanus
2791 4687 2958 4742 cibus.
2993 4691 3072 4744 Ab
3095 4705 3410 4759 unoquoque
3439 4694 3532 4758 igi-

2013 4789 2097 4832 tur
2125 4786 2362 4831 nostrum
2391 4777 2688 4831 immoletur
2710 4781 2828 4834 ovis
2865 4782 2917 4834 in
2947 4781 3091 4832 omni
3131 4780 3286 4831 domo
3316 4779 3529 4834 familiae

2014 4877 2228 4922 ιιοειτω.
2262 4867 2441 4923 Facile
2461 4869 2621 4920 etiam
2653 4867 2790 4921 factu
2821 4869 2908 4933 sit,
2934 4877 2989 4921 ut
3015 4867 3205 4934 aliquis
3235 4877 3529 4933 transgres-

2016 4970 2104 5009 sor
2151 4955 2221 5009 sit
2259 4955 2411 5022 legis,
2455 4969 2558 5008 non
2594 4963 2832 5008 mactans
2869 4969 3040 5018 ovem,
3073 4954 3177 5006 alio
3221 4953 3526 5008 universum

2016 5055 2262 5099 servante
2312 5043 2636 5107 mandatum,
2680 5053 2946 5097 mactante
2976 5051 3029 5095 et
3072 5049 3360 5106 coquente,
3391 5051 3447 5095 et
3472 5059 3534 5094 os

2016 5133 2131 5199 eius
2166 5147 2268 5186 non
2304 5131 2682 5198 confringente.
2715 5132 2776 5185 Et
2798 5131 2894 5191 sic.
2926 5138 3166 5196 utquam
3217 5125 3538 5183 brevissime

467 5215 569 5268 “ll
598 5216 734 5267 Tim.
767 5230 839 5275 tv,
865 5215 920 5276 ’5,
949 5214 1004 5266 4.
1083 5211 1126 5242 ⁸³
1154 5209 1412 5277 Jerem.v,
1435 5215 1526 5266 H.
1599 5217 1640 5248 ⁸ο
1662 5216 1795 5270 Luc.
1834 5237 1916 5276 ut

2017 5227 2090 5280 52.
2164 5227 2205 5257 ¹¹
2235 5224 2432 5279 Jerem.
2457 5239 2546 5288 xx,
2586 5225 2636 5278 9.

432 5304 757 5376 (igrgodex
786 5304 1008 5376 Regius,
1045 5300 1162 5376 κατ’
1189 5303 1339 5354 αύτοῦ
1362 5303 1671 5376 ἀχαῖευγάςο
1721 5307 1910 5375 Ἡμεῖς

355 5378 415 5428 δὲ
441 5367 522 5441 ῖτῷ
557 5371 726 5432 ζέοντι
749 5367 1172 5434 τοῖςδιδομένοις
1221 5379 1352 5433 etc.;
1395 5367 1722 5426 Botfleiauus
1754 5367 1814 5427 ut
1855 5367 1906 5430 ni

467 5452 550 5490 "'0
579 5449 744 5489 textu.

467 5460 550 5490 Im
580 5460 744 5489 testu.

360 5563 461 5629 dei
498 5563 554 5624 Ιῖι
574 5573 708 5638 gius,
740 5571 832 5629 Εἰς
854 5568 906 5617 δὲ
930 5565 987 5615 τὸ
1020 5563 1240 5616 τοιοῦτον
1271 5566 1523 5634 ζητῆσαι-ι,
1556 5573 1684 5638 πυρὶ
1733 5574 1907 5644 όπτῆ..

2017 5333 2101 5368 σαι
2126 5317 2179 5368 δὲ
2209 5315 2406 5378 agema
2432 5314 2544 5382 τοῦ,
2581 5323 2682 5366 etc.
2839 5380 2845 5382 _
2928 5381 2935 5382 ί
3097 5377 3107 5382 ,
3239 5371 3265 5382 _

2082 5385 2186 5450 (30)
2217 5377 2389 5435 (index
2422 5381 2762 5450 iBodleianus,
2795 5380 2889 5450 τᾲς
2917 5377 3304 5450 ἀρμονᾍίαςκτῆς

2082 5395 2186 5450 (δυ)
2217 5395 2389 5435 tamex
2433 5395 2762 5440 uouletanus,
2795 5395 2889 5440 τας
2917 5395 3303 5496 αρμονιαςντης

2081 5453 2188 5525 )
2217 5451 2389 5525 ρωποι
2419 5449 2760 5525 Bodleian-ns,
2795 5449 2855 5500 τὸ
2879 5463 2979 5525 κατ
3047 5445 3125 5525 ἐἴλῃ
3139 5442 3386 5525 ᾶεηυίξεονο

2082 5507 2186 5584 (52)
2216 5517 2349 5570 Idem
2382 5520 2542 5570 codex
2577 5516 2910 5576 Bodleianus,
2939 5507 3308 5564 ἀποδίδοσθαι.
