  <div class='ocr_page' id='page_1' title='image "/cluster/home/n/w/nwhite01/storage/ocr_20150623/14 (Origen; pt. 4)/nyp.33433081862280/179.png"; bbox 0 0 3880 6218; ppageno 0'>
   <div class='ocr_carea' id='block_1_1' title="bbox 295 294 1827 371">
    <p class='ocr_par' dir='ltr' id='par_1_1' title="bbox 295 306 1827 371">
     <span class='ocr_line' id='line_1_1' title="bbox 295 306 1827 371; baseline -0.007 -2"><span class='ocrx_word' id='word_1_1' title='bbox 295 315 399 371; x_wconf 75' lang='lat'><strong>359</strong></span> <span class='ocrx_word' id='word_1_2' title='bbox 1744 306 1827 359; x_wconf 73' lang='grc' dir='ltr'>ΟΠ</span> 
     </span>
    </p>
   </div>
   <div class='ocr_carea' id='block_1_2' title="bbox 2084 294 3616 371">
    <p class='ocr_par' dir='ltr' id='par_1_2' title="bbox 3260 294 3616 349">
     <span class='ocr_line' id='line_1_2' title="bbox 3260 294 3616 349; baseline -0.006 0"><span class='ocrx_word' id='word_1_3' title='bbox 3260 328 3269 335; x_wconf 73' lang='grc' dir='ltr'><strong><em>ο</em></strong></span> <span class='ocrx_word' id='word_1_4' title='bbox 3469 294 3616 349; x_wconf 67' lang='grc'><strong>540</strong></span> 
     </span>
    </p>
   </div>
   <div class='ocr_carea' id='block_1_3' title="bbox 303 408 1835 491">
    <p class='ocr_par' dir='ltr' id='par_1_3' title="bbox 303 419 1823 491">
     <span class='ocr_line' id='line_1_3' title="bbox 303 419 1823 491; baseline -0.007 -10"><span class='ocrx_word' id='word_1_5' title='bbox 303 435 499 490; x_wconf 78' lang='lat' dir='ltr'><strong>dicam,</strong></span> <span class='ocrx_word' id='word_1_6' title='bbox 530 438 762 480; x_wconf 87' lang='lat' dir='ltr'><strong>consone</strong></span> <span class='ocrx_word' id='word_1_7' title='bbox 785 419 1085 491; x_wconf 72' lang='lat' dir='ltr'><strong>apostolicae</strong></span> <span class='ocrx_word' id='word_1_8' title='bbox 1124 419 1481 486; x_wconf 77' lang='lat' dir='ltr'><strong>intelligentiae</strong></span> <span class='ocrx_word' id='word_1_9' title='bbox 1512 428 1562 472; x_wconf 91' lang='lat' dir='ltr'><strong>et</strong></span> <span class='ocrx_word' id='word_1_10' title='bbox 1594 433 1823 485; x_wconf 82' lang='lat' dir='ltr'><strong>evange-</strong></span> 
     </span>
    </p>
   </div>
   <div class='ocr_carea' id='block_1_4' title="bbox 2082 408 3614 491">
    <p class='ocr_par' dir='ltr' id='par_1_4' title="bbox 2082 408 3614 488">
     <span class='ocr_line' id='line_1_4' title="bbox 2082 408 3614 488; baseline -0.005 -20"><span class='ocrx_word' id='word_1_11' title='bbox 2082 418 2158 470; x_wconf 69' lang='grc' dir='ltr'>επὶ</span> <span class='ocrx_word' id='word_1_12' title='bbox 2192 419 2251 470; x_wconf 79' lang='grc' dir='ltr'><strong>τὸ</strong></span> <span class='ocrx_word' id='word_1_13' title='bbox 2280 420 2455 488; x_wconf 87' lang='grc' dir='ltr'>τρίτον</span> <span class='ocrx_word' id='word_1_14' title='bbox 2495 408 2681 487; x_wconf 79' lang='grc' dir='ltr'>Πάσχα</span> <span class='ocrx_word' id='word_1_15' title='bbox 2714 417 3302 486; x_wconf 84' lang='grc' dir='ltr'>ἐπιτελεσθησόμενον</span> <span class='ocrx_word' id='word_1_16' title='bbox 3347 414 3428 464; x_wconf 81' lang='grc' dir='ltr'>ὲν</span> <span class='ocrx_word' id='word_1_17' title='bbox 3478 425 3614 479; x_wconf 82' lang='grc' dir='ltr'>μυ·-</span> 
     </span>
    </p>
   </div>
   <div class='ocr_carea' id='block_1_5' title="bbox 303 504 1835 588">
    <p class='ocr_par' dir='ltr' id='par_1_5' title="bbox 303 508 1829 588">
     <span class='ocr_line' id='line_1_5' title="bbox 303 508 1829 588; baseline -0.01 -14"><span class='ocrx_word' id='word_1_18' title='bbox 303 523 408 576; x_wconf 86' lang='lat' dir='ltr'><strong>lieo</strong></span> <span class='ocrx_word' id='word_1_19' title='bbox 439 534 575 588; x_wconf 91' lang='lat' dir='ltr'><strong>agno</strong></span> <span class='ocrx_word' id='word_1_20' title='bbox 603 519 904 583; x_wconf 72' lang='lat' dir='ltr'><strong>designetur</strong></span> <span class='ocrx_word' id='word_1_21' title='bbox 923 513 1164 567; x_wconf 85' lang='lat' dir='ltr'><strong>Christus</strong></span> <span class='ocrx_word' id='word_1_22' title='bbox 1198 526 1318 565; x_wconf 90' lang='lat' dir='ltr'><strong>esse</strong></span> <span class='ocrx_word' id='word_1_23' title='bbox 1366 511 1693 563; x_wconf 77' lang='lat' dir='ltr'><strong>immolatum</strong></span> <span class='ocrx_word' id='word_1_24' title='bbox 1728 508 1829 560; x_wconf 86' lang='lat' dir='ltr'><strong>Pa-</strong></span> 
     </span>
    </p>
   </div>
   <div class='ocr_carea' id='block_1_6' title="bbox 2085 504 3617 588">
    <p class='ocr_par' dir='ltr' id='par_1_6' title="bbox 2085 504 3617 579">
     <span class='ocr_line' id='line_1_6' title="bbox 2085 504 3617 579; baseline -0.007 -19"><span class='ocrx_word' id='word_1_25' title='bbox 2085 526 2103 560; x_wconf 81' lang='grc' dir='ltr'><strong>ν</strong></span> <span class='ocrx_word' id='word_1_26' title='bbox 2128 509 2388 575; x_wconf 81' lang='grc' dir='ltr'>ἀγγέλων,</span> <span class='ocrx_word' id='word_1_27' title='bbox 2410 509 2705 579; x_wconf 81' lang='grc' dir='ltr'>πανηγύρει</span> <span class='ocrx_word' id='word_1_28' title='bbox 2733 508 3170 576; x_wconf 74' lang='grc' dir='ltr'>ἐπιτελειοτάτῃ,</span> <span class='ocrx_word' id='word_1_29' title='bbox 3204 504 3329 558; x_wconf 78' lang='grc' dir='ltr'>καὶ</span> <span class='ocrx_word' id='word_1_30' title='bbox 3375 516 3617 571; x_wconf 73' lang='grc' dir='ltr'>μακαο</span> 
     </span>
    </p>
   </div>
   <div class='ocr_carea' id='block_1_7' title="bbox 304 591 1836 674">
    <p class='ocr_par' dir='ltr' id='par_1_7' title="bbox 304 598 1829 674">
     <span class='ocr_line' id='line_1_7' title="bbox 304 598 1829 674; baseline -0.01 -11"><span class='ocrx_word' id='word_1_31' title='bbox 304 612 454 663; x_wconf 86' lang='lat' dir='ltr'><strong>scha.</strong></span> <span class='ocrx_word' id='word_1_32' title='bbox 504 607 683 674; x_wconf 87' lang='lat' dir='ltr'><strong>Neque</strong></span> <span class='ocrx_word' id='word_1_33' title='bbox 722 605 862 657; x_wconf 87' lang='lat' dir='ltr'><strong>enim</strong></span> <span class='ocrx_word' id='word_1_34' title='bbox 895 601 1306 655; x_wconf 78' lang='lat' dir='ltr'><strong>existimandum</strong></span> <span class='ocrx_word' id='word_1_35' title='bbox 1341 607 1423 652; x_wconf 89' lang='lat' dir='ltr'><strong>est</strong></span> <span class='ocrx_word' id='word_1_36' title='bbox 1461 599 1710 652; x_wconf 86' lang='lat' dir='ltr'><strong>historica</strong></span> <span class='ocrx_word' id='word_1_37' title='bbox 1744 598 1829 649; x_wconf 92' lang='lat' dir='ltr'><strong>hi-</strong></span> 
     </span>
    </p>
   </div>
   <div class='ocr_carea' id='block_1_8' title="bbox 2077 591 3609 674">
    <p class='ocr_par' dir='ltr' id='par_1_8' title="bbox 2077 591 3609 665">
     <span class='ocr_line' id='line_1_8' title="bbox 2077 591 3609 665; baseline -0.007 -17"><span class='ocrx_word' id='word_1_38' title='bbox 2077 596 2160 665; x_wconf 72' lang='grc' dir='ltr'><strong>ἱτῃ</strong></span> <span class='ocrx_word' id='word_1_39' title='bbox 2193 596 2352 664; x_wconf 83' lang='grc' dir='ltr'>ἐξόδῳ</span> <span class='ocrx_word' id='word_1_40' title='bbox 2379 595 2470 648; x_wconf 79' lang='grc' dir='ltr'>νῦν</span> <span class='ocrx_word' id='word_1_41' title='bbox 2501 597 2598 647; x_wconf 80' lang='grc' dir='ltr'><strong>οὐκ</strong></span> <span class='ocrx_word' id='word_1_42' title='bbox 2629 596 2772 648; x_wconf 81' lang='grc' dir='ltr'>ἔστιν</span> <span class='ocrx_word' id='word_1_43' title='bbox 2799 597 3122 662; x_wconf 85' lang='grc' dir='ltr'>ἀναγκαῖον,</span> <span class='ocrx_word' id='word_1_44' title='bbox 3164 594 3281 645; x_wconf 77' lang='grc' dir='ltr'><strong>καὶ</strong></span> <span class='ocrx_word' id='word_1_45' title='bbox 3328 591 3609 642; x_wconf 71' lang='grc' dir='ltr'>τούτων</span> 
     </span>
    </p>
   </div>
   <div class='ocr_carea' id='block_1_9' title="bbox 300 678 1832 757">
    <p class='ocr_par' dir='ltr' id='par_1_9' title="bbox 300 683 1824 757">
     <span class='ocr_line' id='line_1_9' title="bbox 300 683 1824 757; baseline -0.009 -8"><span class='ocrx_word' id='word_1_46' title='bbox 300 696 612 749; x_wconf 75' lang='lat' dir='ltr'><strong>storicorum</strong></span> <span class='ocrx_word' id='word_1_47' title='bbox 639 704 757 743; x_wconf 85' lang='lat' dir='ltr'><strong>esse</strong></span> <span class='ocrx_word' id='word_1_48' title='bbox 776 690 992 757; x_wconf 83' lang='lat' dir='ltr'><strong>ﬁguras,</strong></span> <span class='ocrx_word' id='word_1_49' title='bbox 1023 697 1078 741; x_wconf 89' lang='lat' dir='ltr'><strong>et</strong></span> <span class='ocrx_word' id='word_1_50' title='bbox 1109 685 1401 753; x_wconf 78' lang='lat' dir='ltr'><strong>corporalia</strong></span> <span class='ocrx_word' id='word_1_51' title='bbox 1433 683 1824 751; x_wconf 83' lang='lat' dir='ltr'><strong>corporalium:</strong></span> 
     </span>
    </p>
   </div>
   <div class='ocr_carea' id='block_1_10' title="bbox 2078 678 3610 757">
    <p class='ocr_par' dir='ltr' id='par_1_10' title="bbox 2078 678 3610 754">
     <span class='ocr_line' id='line_1_10' title="bbox 2078 678 3610 754; baseline -0.004 -19"><span class='ocrx_word' id='word_1_52' title='bbox 2078 687 2198 735; x_wconf 71' lang='lat' dir='ltr'><strong>ta‘t’ov</strong></span> <span class='ocrx_word' id='word_1_53' title='bbox 2232 685 2323 735; x_wconf 74' lang='grc' dir='ltr'>καὶ</span> <span class='ocrx_word' id='word_1_54' title='bbox 2355 684 2755 754; x_wconf 90' lang='grc' dir='ltr'>περισσότερον,</span> <span class='ocrx_word' id='word_1_55' title='bbox 2790 686 2924 753; x_wconf 83' lang='grc' dir='ltr'>παρ’</span> <span class='ocrx_word' id='word_1_56' title='bbox 2960 684 2990 735; x_wconf 83' lang='grc' dir='ltr'><strong>ὃ</strong></span> <span class='ocrx_word' id='word_1_57' title='bbox 3038 683 3259 752; x_wconf 82' lang='grc' dir='ltr'><strong>ἀπῄτει</strong></span> <span class='ocrx_word' id='word_1_58' title='bbox 3310 679 3399 732; x_wconf 74' lang='grc' dir='ltr'><strong>τὸ</strong></span> <span class='ocrx_word' id='word_1_59' title='bbox 3434 678 3610 731; x_wconf 81' lang='grc' dir='ltr'>ἀνά-</span> 
     </span>
    </p>
   </div>
   <div class='ocr_carea' id='block_1_11' title="bbox 300 772 1832 848">
    <p class='ocr_par' dir='ltr' id='par_1_11' title="bbox 300 775 1828 848">
     <span class='ocr_line' id='line_1_11' title="bbox 300 775 1828 848; baseline -0.008 -12"><span class='ocrx_word' id='word_1_60' title='bbox 300 784 393 836; x_wconf 84' lang='lat' dir='ltr'><strong>sed</strong></span> <span class='ocrx_word' id='word_1_61' title='bbox 419 779 714 848; x_wconf 81' lang='lat' dir='ltr'><strong>corporalia</strong></span> <span class='ocrx_word' id='word_1_62' title='bbox 740 776 1117 845; x_wconf 89' lang='lat' dir='ltr'><strong>spiritualium,</strong></span> <span class='ocrx_word' id='word_1_63' title='bbox 1146 784 1199 827; x_wconf 87' lang='lat' dir='ltr'><strong>et</strong></span> <span class='ocrx_word' id='word_1_64' title='bbox 1234 775 1482 827; x_wconf 86' lang='lat' dir='ltr'><strong>historica</strong></span> <span class='ocrx_word' id='word_1_65' title='bbox 1511 786 1688 825; x_wconf 90' lang='lat' dir='ltr'><strong>rerum</strong></span> <span class='ocrx_word' id='word_1_66' title='bbox 1712 785 1828 837; x_wconf 66' lang='lat' dir='ltr'><strong>qua?</strong></span> 
     </span>
    </p>
   </div>
   <div class='ocr_carea' id='block_1_12' title="bbox 1145 772 2677 848">
    <p class='ocr_par' dir='ltr' id='par_1_12' title="bbox 1146 772 2677 842">
     <span class='ocr_line' id='line_1_12' title="bbox 1146 772 2677 842; baseline -0.001 -15"><span class='ocrx_word' id='word_1_67' title='bbox 1146 784 1199 827; x_wconf 87' lang='lat' dir='ltr'><strong>et</strong></span> <span class='ocrx_word' id='word_1_68' title='bbox 1234 775 1482 827; x_wconf 87' lang='lat' dir='ltr'><strong>historica</strong></span> <span class='ocrx_word' id='word_1_69' title='bbox 1511 786 1688 825; x_wconf 90' lang='lat' dir='ltr'><strong>rerum</strong></span> <span class='ocrx_word' id='word_1_70' title='bbox 1712 785 1828 837; x_wconf 62' lang='lat' dir='ltr'><strong>qua?</strong></span> <span class='ocrx_word' id='word_1_71' title='bbox 1928 788 2169 841; x_wconf 85' lang='grc' dir='ltr'>γνωσμα,</span> <span class='ocrx_word' id='word_1_72' title='bbox 2199 772 2497 841; x_wconf 79' lang='grc' dir='ltr'>εἰρημένων</span> <span class='ocrx_word' id='word_1_73' title='bbox 2530 774 2677 842; x_wconf 80' lang='grc' dir='ltr'>ἡμῖν.</span> 
     </span>
    </p>
   </div>
   <div class='ocr_carea' id='block_1_13' title="bbox 297 864 3611 941">
    <p class='ocr_par' dir='ltr' id='par_1_13' title="bbox 297 864 3611 941">
     <span class='ocr_line' id='line_1_13' title="bbox 297 864 3611 941; baseline -0.005 -13"><span class='ocrx_word' id='word_1_74' title='bbox 297 883 470 929; x_wconf 90' lang='lat' dir='ltr'><strong>mente</strong></span> <span class='ocrx_word' id='word_1_75' title='bbox 494 873 871 941; x_wconf 84' lang='lat' dir='ltr'><strong>percipiuntur.</strong></span> <span class='ocrx_word' id='word_1_76' title='bbox 903 869 1177 922; x_wconf 78' lang='lat' dir='ltr'><strong>Rationem</strong></span> <span class='ocrx_word' id='word_1_77' title='bbox 1194 877 1368 920; x_wconf 89' lang='lat' dir='ltr'><strong>autem</strong></span> <span class='ocrx_word' id='word_1_78' title='bbox 1393 874 1626 920; x_wconf 88' lang='lat' dir='ltr'><strong>nostram</strong></span> <span class='ocrx_word' id='word_1_79' title='bbox 1651 864 1814 918; x_wconf 90' lang='lat' dir='ltr'><strong>etiam</strong></span> <span class='ocrx_word' id='word_1_80' title='bbox 1848 864 1912 917; x_wconf 92' lang='lat' dir='ltr'><strong>ad</strong></span> <span class='ocrx_word' id='word_1_81' title='bbox 1931 866 2137 918; x_wconf 89' lang='lat' dir='ltr'><strong>tertium</strong></span> <span class='ocrx_word' id='word_1_82' title='bbox 2163 865 2319 933; x_wconf 79' lang='lat'><strong>179</strong></span> <span class='ocrx_word' id='word_1_83' title='bbox 2333 866 2556 932; x_wconf 81' lang='lat' dir='ltr'><strong>Pascha,</strong></span> <span class='ocrx_word' id='word_1_84' title='bbox 2585 868 2798 934; x_wconf 89' lang='lat' dir='ltr'><strong>quodin</strong></span> <span class='ocrx_word' id='word_1_85' title='bbox 2822 865 3350 920; x_wconf 83' lang='lat' dir='ltr'><strong>innumerabilium</strong></span> <span class='ocrx_word' id='word_1_86' title='bbox 3387 875 3611 930; x_wconf 82' lang='lat' dir='ltr'><strong>ange-</strong></span> 
     </span>
    </p>
   </div>
   <div class='ocr_carea' id='block_1_14' title="bbox 297 954 3606 1030">
    <p class='ocr_par' dir='ltr' id='par_1_14' title="bbox 297 954 3606 1030">
     <span class='ocr_line' id='line_1_14' title="bbox 297 954 3606 1030; baseline -0.003 -11"><span class='ocrx_word' id='word_1_87' title='bbox 297 968 467 1019; x_wconf 86' lang='lat' dir='ltr'><strong>lorum</strong></span> <span class='ocrx_word' id='word_1_88' title='bbox 523 962 824 1030; x_wconf 80' lang='lat' dir='ltr'><strong>frequentia</strong></span> <span class='ocrx_word' id='word_1_89' title='bbox 865 968 917 1014; x_wconf 89' lang='lat' dir='ltr'><strong>et</strong></span> <span class='ocrx_word' id='word_1_90' title='bbox 965 959 1322 1023; x_wconf 86' lang='lat' dir='ltr'><strong>multitudine,</strong></span> <span class='ocrx_word' id='word_1_91' title='bbox 1359 958 1410 1010; x_wconf 93' lang='lat' dir='ltr'><strong>in</strong></span> <span class='ocrx_word' id='word_1_92' title='bbox 1466 954 1852 1026; x_wconf 81' lang='lat' dir='ltr'><strong>perfectissimo</strong></span> <span class='ocrx_word' id='word_1_93' title='bbox 1884 954 2300 1028; x_wconf 84' lang='lat' dir='ltr'><strong>beatissimoqne</strong></span> <span class='ocrx_word' id='word_1_94' title='bbox 2336 962 2479 1014; x_wconf 81' lang='lat' dir='ltr'><strong>exitu</strong></span> <span class='ocrx_word' id='word_1_95' title='bbox 2530 959 2917 1027; x_wconf 82' lang='lat' dir='ltr'><strong>perliciendum</strong></span> <span class='ocrx_word' id='word_1_96' title='bbox 2969 968 3075 1025; x_wconf 90' lang='lat' dir='ltr'><strong>est,</strong></span> <span class='ocrx_word' id='word_1_97' title='bbox 3132 962 3363 1015; x_wconf 81' lang='lat' dir='ltr'><strong>venire</strong></span> <span class='ocrx_word' id='word_1_98' title='bbox 3414 968 3606 1012; x_wconf 85' lang='lat' dir='ltr'><strong>nunc</strong></span> 
     </span>
    </p>
   </div>
   <div class='ocr_carea' id='block_1_15' title="bbox 295 1043 2898 1115">
    <p class='ocr_par' dir='ltr' id='par_1_15' title="bbox 295 1043 2898 1115">
     <span class='ocr_line' id='line_1_15' title="bbox 295 1043 2898 1115; baseline -0.003 -8"><span class='ocrx_word' id='word_1_99' title='bbox 295 1068 399 1107; x_wconf 92' lang='lat' dir='ltr'><strong>non</strong></span> <span class='ocrx_word' id='word_1_100' title='bbox 447 1063 529 1106; x_wconf 90' lang='lat' dir='ltr'><strong>est</strong></span> <span class='ocrx_word' id='word_1_101' title='bbox 572 1064 808 1113; x_wconf 87' lang='lat' dir='ltr'><strong>necesse,</strong></span> <span class='ocrx_word' id='word_1_102' title='bbox 840 1064 959 1102; x_wconf 90' lang='lat' dir='ltr'><strong>cum</strong></span> <span class='ocrx_word' id='word_1_103' title='bbox 1011 1050 1124 1100; x_wconf 64' lang='lat' dir='ltr'><strong>haec</strong></span> <span class='ocrx_word' id='word_1_104' title='bbox 1170 1055 1224 1100; x_wconf 90' lang='lat' dir='ltr'><strong>et</strong></span> <span class='ocrx_word' id='word_1_105' title='bbox 1268 1048 1424 1100; x_wconf 89' lang='lat' dir='ltr'><strong>latius</strong></span> <span class='ocrx_word' id='word_1_106' title='bbox 1461 1057 1513 1100; x_wconf 88' lang='lat' dir='ltr'><strong>et</strong></span> <span class='ocrx_word' id='word_1_107' title='bbox 1552 1043 1817 1112; x_wconf 80' lang='lat' dir='ltr'><strong>capiosius</strong></span> <span class='ocrx_word' id='word_1_108' title='bbox 1841 1058 1999 1113; x_wconf 90' lang='lat' dir='ltr'><strong>quam</strong></span> <span class='ocrx_word' id='word_1_109' title='bbox 2025 1045 2187 1100; x_wconf 89' lang='lat' dir='ltr'><strong>lectio</strong></span> <span class='ocrx_word' id='word_1_110' title='bbox 2217 1049 2396 1115; x_wconf 79' lang='lat' dir='ltr'><strong>exigat</strong></span> <span class='ocrx_word' id='word_1_111' title='bbox 2427 1047 2898 1115; x_wconf 84' lang='lat' dir='ltr'><strong>disputaverimus.</strong></span> 
     </span>
    </p>
   </div>
   <div class='ocr_carea' id='block_1_16' title="bbox 367 1127 1899 1206">
    <p class='ocr_par' dir='ltr' id='par_1_16' title="bbox 367 1135 1828 1204">
     <span class='ocr_line' id='line_1_16' title="bbox 367 1135 1828 1204; baseline -0.007 -11"><span class='ocrx_word' id='word_1_112' title='bbox 367 1140 653 1195; x_wconf 77' lang='lat' dir='ltr'><strong>M.Vernm</strong></span> <span class='ocrx_word' id='word_1_113' title='bbox 674 1154 774 1190; x_wconf 89' lang='lat' dir='ltr'><strong>non</strong></span> <span class='ocrx_word' id='word_1_114' title='bbox 798 1136 1278 1204; x_wconf 87' lang='lat' dir='ltr'><strong>impervestigatum</strong></span> <span class='ocrx_word' id='word_1_115' title='bbox 1302 1135 1577 1187; x_wconf 87' lang='lat' dir='ltr'><strong>sinendum</strong></span> <span class='ocrx_word' id='word_1_116' title='bbox 1600 1141 1676 1185; x_wconf 87' lang='lat' dir='ltr'><strong>est</strong></span> <span class='ocrx_word' id='word_1_117' title='bbox 1695 1146 1828 1198; x_wconf 91' lang='lat' dir='ltr'><strong>quo-</strong></span> 
     </span>
    </p>
   </div>
   <div class='ocr_carea' id='block_1_17' title="bbox 2067 1127 3599 1206">
    <p class='ocr_par' dir='ltr' id='par_1_17' title="bbox 2070 1127 3599 1206">
     <span class='ocr_line' id='line_1_17' title="bbox 2070 1127 3599 1206; baseline 0.001 -20"><span class='ocrx_word' id='word_1_118' title='bbox 2070 1173 2082 1186; x_wconf 93' lang='lat'><strong>.</strong></span> <span class='ocrx_word' id='word_1_119' title='bbox 2123 1137 2234 1188; x_wconf 76' lang='grc' dir='ltr'>Οὑκ</span> <span class='ocrx_word' id='word_1_120' title='bbox 2267 1136 2527 1206; x_wconf 77' lang='grc' dir='ltr'><strong>ἀζήτητον</strong></span> <span class='ocrx_word' id='word_1_121' title='bbox 2571 1134 2627 1185; x_wconf 84' lang='grc' dir='ltr'>δὲ</span> <span class='ocrx_word' id='word_1_122' title='bbox 2671 1134 2791 1185; x_wconf 83' lang='grc' dir='ltr'>οὐδὲ</span> <span class='ocrx_word' id='word_1_123' title='bbox 2831 1135 3016 1188; x_wconf 83' lang='grc' dir='ltr'>ἐατέον</span> <span class='ocrx_word' id='word_1_124' title='bbox 3064 1134 3192 1197; x_wconf 85' lang='grc' dir='ltr'><strong>πῶς</strong></span> <span class='ocrx_word' id='word_1_125' title='bbox 3247 1135 3473 1203; x_wconf 78' lang='grc' dir='ltr'>ἐγγὺς</span> <span class='ocrx_word' id='word_1_126' title='bbox 3506 1127 3599 1203; x_wconf 83' lang='grc' dir='ltr'>ἦν</span> 
     </span>
    </p>
   </div>
   <div class='ocr_carea' id='block_1_18' title="bbox 296 1219 1828 1295">
    <p class='ocr_par' dir='ltr' id='par_1_18' title="bbox 296 1219 1828 1291">
     <span class='ocr_line' id='line_1_18' title="bbox 296 1219 1828 1291; baseline -0.007 -12"><span class='ocrx_word' id='word_1_127' title='bbox 296 1226 454 1279; x_wconf 87' lang='lat' dir='ltr'><strong>modo</strong></span> <span class='ocrx_word' id='word_1_128' title='bbox 484 1224 536 1277; x_wconf 92' lang='lat' dir='ltr'><strong>in</strong></span> <span class='ocrx_word' id='word_1_129' title='bbox 567 1223 859 1291; x_wconf 85' lang='lat' dir='ltr'><strong>propinquo</strong></span> <span class='ocrx_word' id='word_1_130' title='bbox 906 1229 1023 1274; x_wconf 84' lang='lat' dir='ltr'><strong>erat</strong></span> <span class='ocrx_word' id='word_1_131' title='bbox 1067 1219 1264 1274; x_wconf 86' lang='lat' dir='ltr'><strong>Pascha</strong></span> <span class='ocrx_word' id='word_1_132' title='bbox 1304 1219 1627 1282; x_wconf 66' lang='lat' dir='ltr'><strong>Judaaorum,</strong></span> <span class='ocrx_word' id='word_1_133' title='bbox 1655 1232 1828 1286; x_wconf 86' lang='lat' dir='ltr'><strong>quan-</strong></span> 
     </span>
    </p>
   </div>
   <div class='ocr_carea' id='block_1_19' title="bbox 2059 1219 3591 1295">
    <p class='ocr_par' dir='ltr' id='par_1_19' title="bbox 2059 1219 3591 1295">
     <span class='ocr_line' id='line_1_19' title="bbox 2059 1219 3591 1295; baseline -0.001 -19"><span class='ocrx_word' id='word_1_134' title='bbox 2059 1224 2215 1293; x_wconf 83' lang='grc' dir='ltr'>[άσχα</span> <span class='ocrx_word' id='word_1_135' title='bbox 2266 1224 2369 1276; x_wconf 85' lang='grc' dir='ltr'><strong>τῶν</strong></span> <span class='ocrx_word' id='word_1_136' title='bbox 2413 1223 2696 1284; x_wconf 82' lang='grc' dir='ltr'><strong>Ἰουδαίων,</strong></span> <span class='ocrx_word' id='word_1_137' title='bbox 2729 1222 2820 1274; x_wconf 84' lang='grc' dir='ltr'>ὅτε</span> <span class='ocrx_word' id='word_1_138' title='bbox 2859 1219 2928 1291; x_wconf 85' lang='grc' dir='ltr'>ἦν</span> <span class='ocrx_word' id='word_1_139' title='bbox 2964 1226 2993 1276; x_wconf 85' lang='grc' dir='ltr'><strong>ό</strong></span> <span class='ocrx_word' id='word_1_140' title='bbox 3024 1223 3249 1295; x_wconf 82' lang='grc' dir='ltr'>Κύριος</span> <span class='ocrx_word' id='word_1_141' title='bbox 3295 1224 3454 1293; x_wconf 78' lang='grc' dir='ltr'><strong>ἅμα</strong></span> <span class='ocrx_word' id='word_1_142' title='bbox 3501 1224 3591 1291; x_wconf 83' lang='grc' dir='ltr'>τῇ</span> 
     </span>
    </p>
   </div>
   <div class='ocr_carea' id='block_1_20' title="bbox 299 1306 1831 1382">
    <p class='ocr_par' dir='ltr' id='par_1_20' title="bbox 299 1306 1827 1368">
     <span class='ocr_line' id='line_1_20' title="bbox 299 1306 1827 1368; baseline -0.007 -1"><span class='ocrx_word' id='word_1_143' title='bbox 299 1315 365 1367; x_wconf 87' lang='lat' dir='ltr'><strong>do</strong></span> <span class='ocrx_word' id='word_1_144' title='bbox 398 1322 513 1365; x_wconf 89' lang='lat' dir='ltr'><strong>erat</strong></span> <span class='ocrx_word' id='word_1_145' title='bbox 544 1309 791 1363; x_wconf 83' lang='lat' dir='ltr'><strong>Dominus</strong></span> <span class='ocrx_word' id='word_1_146' title='bbox 823 1310 980 1362; x_wconf 89' lang='lat' dir='ltr'><strong>simul</strong></span> <span class='ocrx_word' id='word_1_147' title='bbox 1014 1324 1134 1361; x_wconf 93' lang='lat' dir='ltr'><strong>cum</strong></span> <span class='ocrx_word' id='word_1_148' title='bbox 1162 1316 1351 1368; x_wconf 88' lang='lat' dir='ltr'><strong>matre,</strong></span> <span class='ocrx_word' id='word_1_149' title='bbox 1382 1318 1436 1359; x_wconf 91' lang='lat' dir='ltr'><strong>et</strong></span> <span class='ocrx_word' id='word_1_150' title='bbox 1460 1306 1735 1367; x_wconf 80' lang='lat' dir='ltr'><strong>fratribus,</strong></span> <span class='ocrx_word' id='word_1_151' title='bbox 1772 1311 1827 1357; x_wconf 83' lang='lat' dir='ltr'><strong>et</strong></span> 
     </span>
    </p>
   </div>
   <div class='ocr_carea' id='block_1_21' title="bbox 2056 1306 3588 1382">
    <p class='ocr_par' dir='ltr' id='par_1_21' title="bbox 2056 1312 3588 1381">
     <span class='ocr_line' id='line_1_21' title="bbox 2056 1312 3588 1381; baseline -0.001 -16"><span class='ocrx_word' id='word_1_152' title='bbox 2056 1315 2114 1375; x_wconf 63' lang='lat' dir='ltr'><strong>at,</strong></span> <span class='ocrx_word' id='word_1_153' title='bbox 2158 1313 2247 1365; x_wconf 76' lang='grc' dir='ltr'><strong>καὶ</strong></span> <span class='ocrx_word' id='word_1_154' title='bbox 2282 1315 2393 1374; x_wconf 85' lang='grc' dir='ltr'>τοῖς</span> <span class='ocrx_word' id='word_1_155' title='bbox 2429 1312 2691 1378; x_wconf 78' lang='grc' dir='ltr'>ἀδελφοῖς.</span> <span class='ocrx_word' id='word_1_156' title='bbox 2747 1312 2840 1363; x_wconf 73' lang='grc' dir='ltr'>καὶ</span> <span class='ocrx_word' id='word_1_157' title='bbox 2880 1314 2993 1372; x_wconf 85' lang='grc' dir='ltr'>τοῖς</span> <span class='ocrx_word' id='word_1_158' title='bbox 3027 1313 3337 1381; x_wconf 78' lang='grc' dir='ltr'><strong>μαθηταῖς</strong></span> <span class='ocrx_word' id='word_1_159' title='bbox 3381 1314 3457 1364; x_wconf 80' lang='grc' dir='ltr'>ὲν</span> <span class='ocrx_word' id='word_1_160' title='bbox 3502 1312 3588 1381; x_wconf 78' lang='grc' dir='ltr'>τῇ</span> 
     </span>
    </p>
   </div>
   <div class='ocr_carea' id='block_1_22' title="bbox 299 1392 1831 1470">
    <p class='ocr_par' dir='ltr' id='par_1_22' title="bbox 299 1392 1829 1469">
     <span class='ocr_line' id='line_1_22' title="bbox 299 1392 1829 1469; baseline -0.008 -13"><span class='ocrx_word' id='word_1_161' title='bbox 299 1400 568 1469; x_wconf 79' lang='lat' dir='ltr'><strong>discipulis</strong></span> <span class='ocrx_word' id='word_1_162' title='bbox 592 1401 642 1452; x_wconf 91' lang='lat' dir='ltr'><strong>in</strong></span> <span class='ocrx_word' id='word_1_163' title='bbox 681 1398 992 1467; x_wconf 83' lang='lat' dir='ltr'><strong>Capharuao</strong></span> <span class='ocrx_word' id='word_1_164' title='bbox 1019 1399 1085 1450; x_wconf 79' lang='lat'><strong>&quot;.</strong></span> <span class='ocrx_word' id='word_1_165' title='bbox 1122 1398 1296 1463; x_wconf 81' lang='lat' dir='ltr'><strong>Atque</strong></span> <span class='ocrx_word' id='word_1_166' title='bbox 1324 1398 1373 1448; x_wconf 92' lang='lat' dir='ltr'><strong>in</strong></span> <span class='ocrx_word' id='word_1_167' title='bbox 1406 1395 1686 1460; x_wconf 79' lang='lat' dir='ltr'><strong>Evangelia</strong></span> <span class='ocrx_word' id='word_1_168' title='bbox 1709 1392 1829 1461; x_wconf 87' lang='lat' dir='ltr'><strong>qui-</strong></span> 
     </span>
    </p>
   </div>
   <div class='ocr_carea' id='block_1_23' title="bbox 2061 1392 3593 1470">
    <p class='ocr_par' dir='ltr' id='par_1_23' title="bbox 2063 1395 3593 1469">
     <span class='ocr_line' id='line_1_23' title="bbox 2063 1395 3593 1469; baseline -0.003 -17"><span class='ocrx_word' id='word_1_169' title='bbox 2063 1399 2323 1468; x_wconf 88' lang='grc' dir='ltr'>αρναούμ.</span> <span class='ocrx_word' id='word_1_170' title='bbox 2354 1400 2441 1451; x_wconf 88' lang='grc' dir='ltr'><strong>Ἐν</strong></span> <span class='ocrx_word' id='word_1_171' title='bbox 2464 1399 2562 1469; x_wconf 84' lang='grc' dir='ltr'><strong>μὲν</strong></span> <span class='ocrx_word' id='word_1_172' title='bbox 2589 1395 2681 1453; x_wconf 79' lang='grc' dir='ltr'><strong>οὖν</strong></span> <span class='ocrx_word' id='word_1_173' title='bbox 2706 1400 2783 1469; x_wconf 80' lang='grc' dir='ltr'>τῷ</span> <span class='ocrx_word' id='word_1_174' title='bbox 2804 1401 2944 1452; x_wconf 84' lang='grc' dir='ltr'>κατὰ</span> <span class='ocrx_word' id='word_1_175' title='bbox 2970 1399 3269 1453; x_wconf 81' lang='grc' dir='ltr'>Ματθαῖον</span> <span class='ocrx_word' id='word_1_176' title='bbox 3300 1398 3593 1465; x_wconf 73' lang='grc' dir='ltr'>ἀφεθεὶς</span> 
     </span>
    </p>
   </div>
   <div class='ocr_carea' id='block_1_24' title="bbox 300 1483 1832 1556">
    <p class='ocr_par' dir='ltr' id='par_1_24' title="bbox 300 1483 1828 1548">
     <span class='ocr_line' id='line_1_24' title="bbox 300 1483 1828 1548; baseline -0.006 -3"><span class='ocrx_word' id='word_1_177' title='bbox 300 1495 417 1545; x_wconf 89' lang='lat' dir='ltr'><strong>dem</strong></span> <span class='ocrx_word' id='word_1_178' title='bbox 466 1490 752 1543; x_wconf 72' lang='lat' dir='ltr'><strong>secundum</strong></span> <span class='ocrx_word' id='word_1_179' title='bbox 816 1487 1117 1539; x_wconf 80' lang='lat' dir='ltr'><strong>Matthacum</strong></span> <span class='ocrx_word' id='word_1_180' title='bbox 1164 1485 1210 1515; x_wconf 81' lang='grc'><strong>⁸³</strong></span> <span class='ocrx_word' id='word_1_181' title='bbox 1240 1484 1492 1537; x_wconf 84' lang='lat' dir='ltr'><strong>dimissus</strong></span> <span class='ocrx_word' id='word_1_182' title='bbox 1527 1500 1554 1535; x_wconf 89' lang='lat' dir='ltr'><strong>a</strong></span> <span class='ocrx_word' id='word_1_183' title='bbox 1595 1483 1828 1548; x_wconf 87' lang='lat' dir='ltr'><strong>diabolo,</strong></span> 
     </span>
    </p>
   </div>
   <div class='ocr_carea' id='block_1_25' title="bbox 2062 1483 3594 1556">
    <p class='ocr_par' dir='ltr' id='par_1_25' title="bbox 2087 1485 3594 1556">
     <span class='ocr_line' id='line_1_25' title="bbox 2087 1485 3594 1556; baseline -0.004 -15"><span class='ocrx_word' id='word_1_184' title='bbox 2087 1489 2176 1541; x_wconf 82' lang='grc' dir='ltr'>τοῦ</span> <span class='ocrx_word' id='word_1_185' title='bbox 2218 1489 2479 1551; x_wconf 88' lang='grc' dir='ltr'>διαϐόλου,</span> <span class='ocrx_word' id='word_1_186' title='bbox 2515 1488 2622 1540; x_wconf 78' lang='grc' dir='ltr'><strong>τῶν</strong></span> <span class='ocrx_word' id='word_1_187' title='bbox 2664 1488 2912 1553; x_wconf 82' lang='grc' dir='ltr'>ἀγγέλων</span> <span class='ocrx_word' id='word_1_188' title='bbox 2950 1486 3413 1556; x_wconf 79' lang='grc' dir='ltr'>προσελθόντων</span> <span class='ocrx_word' id='word_1_189' title='bbox 3471 1485 3594 1536; x_wconf 74' lang='grc' dir='ltr'><strong>καὶ</strong></span> 
     </span>
    </p>
   </div>
   <div class='ocr_carea' id='block_1_26' title="bbox 300 1572 1832 1647">
    <p class='ocr_par' dir='ltr' id='par_1_26' title="bbox 300 1572 1832 1642">
     <span class='ocr_line' id='line_1_26' title="bbox 300 1572 1832 1642; baseline -0.005 -8"><span class='ocrx_word' id='word_1_190' title='bbox 300 1596 419 1634; x_wconf 87' lang='lat' dir='ltr'><strong>cum</strong></span> <span class='ocrx_word' id='word_1_191' title='bbox 449 1578 787 1631; x_wconf 84' lang='lat' dir='ltr'><strong>advenissent</strong></span> <span class='ocrx_word' id='word_1_192' title='bbox 820 1577 1287 1642; x_wconf 83' lang='lat' dir='ltr'><strong>ministrarentque</strong></span> <span class='ocrx_word' id='word_1_193' title='bbox 1319 1573 1393 1625; x_wconf 89' lang='lat' dir='ltr'><strong>illi</strong></span> <span class='ocrx_word' id='word_1_194' title='bbox 1425 1572 1620 1640; x_wconf 86' lang='lat' dir='ltr'><strong>angeli,</strong></span> <span class='ocrx_word' id='word_1_195' title='bbox 1654 1572 1832 1626; x_wconf 87' lang='lat' dir='ltr'><strong>audis-</strong></span> 
     </span>
    </p>
   </div>
   <div class='ocr_carea' id='block_1_27' title="bbox 2060 1572 3592 1647">
    <p class='ocr_par' dir='ltr' id='par_1_27' title="bbox 2060 1575 3592 1647">
     <span class='ocr_line' id='line_1_27' title="bbox 2060 1575 3592 1647; baseline -0.003 -17"><span class='ocrx_word' id='word_1_196' title='bbox 2060 1579 2313 1631; x_wconf 79' lang='grc' dir='ltr'>ονούντων</span> <span class='ocrx_word' id='word_1_197' title='bbox 2337 1578 2502 1646; x_wconf 80' lang='grc' dir='ltr'>αὐτῷ,</span> <span class='ocrx_word' id='word_1_198' title='bbox 2534 1578 2772 1640; x_wconf 83' lang='grc' dir='ltr'>ἀκούσας</span> <span class='ocrx_word' id='word_1_199' title='bbox 2800 1579 3055 1646; x_wconf 81' lang='grc' dir='ltr'>Ἰωάννην</span> <span class='ocrx_word' id='word_1_200' title='bbox 3082 1575 3592 1647; x_wconf 79' lang='grc' dir='ltr'>παραδεδόσθαι,</span> 
     </span>
    </p>
   </div>
   <div class='ocr_carea' id='block_1_28' title="bbox 302 1660 1834 1737">
    <p class='ocr_par' dir='ltr' id='par_1_28' title="bbox 302 1660 1828 1736">
     <span class='ocr_line' id='line_1_28' title="bbox 302 1660 1828 1736; baseline -0.005 -16"><span class='ocrx_word' id='word_1_201' title='bbox 302 1679 486 1736; x_wconf 88' lang='lat' dir='ltr'><strong>setque</strong></span> <span class='ocrx_word' id='word_1_202' title='bbox 517 1666 772 1721; x_wconf 81' lang='lat' dir='ltr'><strong>Joannem</strong></span> <span class='ocrx_word' id='word_1_203' title='bbox 824 1666 1070 1716; x_wconf 89' lang='lat' dir='ltr'><strong>traditum</strong></span> <span class='ocrx_word' id='word_1_204' title='bbox 1120 1662 1305 1726; x_wconf 78' lang='lat' dir='ltr'><strong>fuisse,</strong></span> <span class='ocrx_word' id='word_1_205' title='bbox 1343 1662 1566 1714; x_wconf 89' lang='lat' dir='ltr'><strong>secessit</strong></span> <span class='ocrx_word' id='word_1_206' title='bbox 1610 1661 1661 1712; x_wconf 92' lang='lat' dir='ltr'><strong>in</strong></span> <span class='ocrx_word' id='word_1_207' title='bbox 1688 1660 1828 1714; x_wconf 89' lang='lat' dir='ltr'><strong>Gali-</strong></span> 
     </span>
    </p>
   </div>
   <div class='ocr_carea' id='block_1_29' title="bbox 2063 1660 3595 1737">
    <p class='ocr_par' dir='ltr' id='par_1_29' title="bbox 2063 1665 3595 1737">
     <span class='ocr_line' id='line_1_29' title="bbox 2063 1665 3595 1737; baseline -0.001 -18"><span class='ocrx_word' id='word_1_208' title='bbox 2063 1668 2275 1737; x_wconf 65' lang='lat' dir='ltr'><strong>dtpqoav</strong></span> <span class='ocrx_word' id='word_1_209' title='bbox 2321 1670 2400 1729; x_wconf 89' lang='grc' dir='ltr'><strong>εἰς</strong></span> <span class='ocrx_word' id='word_1_210' title='bbox 2430 1669 2527 1735; x_wconf 82' lang='grc' dir='ltr'><strong>τὴν</strong></span> <span class='ocrx_word' id='word_1_211' title='bbox 2571 1667 2883 1730; x_wconf 83' lang='grc' dir='ltr'>Γαλιλαίαν,</span> <span class='ocrx_word' id='word_1_212' title='bbox 2917 1668 3011 1719; x_wconf 73' lang='grc' dir='ltr'>καὶ</span> <span class='ocrx_word' id='word_1_213' title='bbox 3057 1665 3427 1719; x_wconf 86' lang='grc' dir='ltr'>καταλιπὼν</span> <span class='ocrx_word' id='word_1_214' title='bbox 3464 1665 3595 1735; x_wconf 80' lang='grc' dir='ltr'><strong>τὴν</strong></span> 
     </span>
    </p>
   </div>
   <div class='ocr_carea' id='block_1_30' title="bbox 304 1749 1836 1825">
    <p class='ocr_par' dir='ltr' id='par_1_30' title="bbox 304 1749 1832 1820">
     <span class='ocr_line' id='line_1_30' title="bbox 304 1749 1832 1820; baseline -0.006 -10"><span class='ocrx_word' id='word_1_215' title='bbox 304 1759 473 1820; x_wconf 71' lang='lat' dir='ltr'><strong>lzeam,</strong></span> <span class='ocrx_word' id='word_1_216' title='bbox 506 1765 560 1810; x_wconf 89' lang='lat' dir='ltr'><strong>et</strong></span> <span class='ocrx_word' id='word_1_217' title='bbox 593 1756 774 1809; x_wconf 88' lang='lat' dir='ltr'><strong>relicta</strong></span> <span class='ocrx_word' id='word_1_218' title='bbox 807 1752 1008 1806; x_wconf 84' lang='lat' dir='ltr'><strong>Nazara</strong></span> <span class='ocrx_word' id='word_1_219' title='bbox 1041 1751 1312 1819; x_wconf 82' lang='lat' dir='ltr'><strong>profectus</strong></span> <span class='ocrx_word' id='word_1_220' title='bbox 1350 1752 1607 1805; x_wconf 86' lang='lat' dir='ltr'><strong>habitavit</strong></span> <span class='ocrx_word' id='word_1_221' title='bbox 1651 1751 1701 1804; x_wconf 89' lang='lat' dir='ltr'><strong>in</strong></span> <span class='ocrx_word' id='word_1_222' title='bbox 1729 1749 1832 1803; x_wconf 88' lang='lat' dir='ltr'><strong>Ca-</strong></span> 
     </span>
    </p>
   </div>
   <div class='ocr_carea' id='block_1_31' title="bbox 2059 1749 3591 1825">
    <p class='ocr_par' dir='ltr' id='par_1_31' title="bbox 2059 1752 3591 1825">
     <span class='ocr_line' id='line_1_31' title="bbox 2059 1752 3591 1825; baseline 0 -18"><span class='ocrx_word' id='word_1_223' title='bbox 2059 1756 2181 1825; x_wconf 79' lang='grc' dir='ltr'>αρὰ,</span> <span class='ocrx_word' id='word_1_224' title='bbox 2212 1754 2377 1807; x_wconf 86' lang='grc' dir='ltr'>ἐλθὼν</span> <span class='ocrx_word' id='word_1_225' title='bbox 2414 1752 2730 1823; x_wconf 79' lang='grc' dir='ltr'>κατῴκησεν</span> <span class='ocrx_word' id='word_1_226' title='bbox 2755 1756 2834 1817; x_wconf 89' lang='grc' dir='ltr'><strong>εἰς</strong></span> <span class='ocrx_word' id='word_1_227' title='bbox 2863 1754 3293 1824; x_wconf 79' lang='grc' dir='ltr'>Καφαρναούμ’</span> <span class='ocrx_word' id='word_1_228' title='bbox 3341 1756 3468 1808; x_wconf 75' lang='grc' dir='ltr'><strong>ἐπε</strong></span> <span class='ocrx_word' id='word_1_229' title='bbox 3481 1770 3591 1807; x_wconf 87' lang='grc' dir='ltr'><strong>ιτα</strong></span> 
     </span>
    </p>
   </div>
   <div class='ocr_carea' id='block_1_32' title="bbox 305 1837 1837 1915">
    <p class='ocr_par' dir='ltr' id='par_1_32' title="bbox 305 1837 1833 1912">
     <span class='ocr_line' id='line_1_32' title="bbox 305 1837 1833 1912; baseline -0.007 -13"><span class='ocrx_word' id='word_1_230' title='bbox 305 1847 562 1912; x_wconf 83' lang='lat' dir='ltr'><strong>pharnao.</strong></span> <span class='ocrx_word' id='word_1_231' title='bbox 615 1841 813 1897; x_wconf 86' lang='lat' dir='ltr'><strong>Deinde</strong></span> <span class='ocrx_word' id='word_1_232' title='bbox 859 1854 980 1894; x_wconf 87' lang='lat' dir='ltr'><strong>cum</strong></span> <span class='ocrx_word' id='word_1_233' title='bbox 1028 1839 1312 1906; x_wconf 73' lang='lat' dir='ltr'><strong>incepisset</strong></span> <span class='ocrx_word' id='word_1_234' title='bbox 1362 1837 1833 1906; x_wconf 67' lang='lat' dir='ltr'><strong>praedicationem,</strong></span> 
     </span>
    </p>
   </div>
   <div class='ocr_carea' id='block_1_33' title="bbox 2059 1837 3591 1915">
    <p class='ocr_par' dir='ltr' id='par_1_33' title="bbox 2059 1842 3591 1914">
     <span class='ocr_line' id='line_1_33' title="bbox 2059 1842 3591 1914; baseline 0 -18"><span class='ocrx_word' id='word_1_235' title='bbox 2059 1846 2236 1914; x_wconf 71' lang='grc' dir='ltr'>ἱμενος</span> <span class='ocrx_word' id='word_1_236' title='bbox 2257 1843 2566 1914; x_wconf 83' lang='grc' dir='ltr'>κηρύσσειν,</span> <span class='ocrx_word' id='word_1_237' title='bbox 2596 1844 2688 1895; x_wconf 77' lang='grc' dir='ltr'>καὶ</span> <span class='ocrx_word' id='word_1_238' title='bbox 2708 1842 3067 1910; x_wconf 73' lang='grc' dir='ltr'>ἐκλεξάμενος</span> <span class='ocrx_word' id='word_1_239' title='bbox 3086 1844 3221 1905; x_wconf 72' lang='grc' dir='ltr'>τοὺς</span> <span class='ocrx_word' id='word_1_240' title='bbox 3238 1843 3591 1912; x_wconf 79' lang='grc' dir='ltr'>τέσσαρας</span> 
     </span>
    </p>
   </div>
   <div class='ocr_carea' id='block_1_34' title="bbox 304 1923 1836 2003">
    <p class='ocr_par' dir='ltr' id='par_1_34' title="bbox 304 1923 1836 2003">
     <span class='ocr_line' id='line_1_34' title="bbox 304 1923 1836 2003; baseline -0.006 -19"><span class='ocrx_word' id='word_1_241' title='bbox 304 1933 651 2003; x_wconf 87' lang='lat' dir='ltr'><strong>elegissetque</strong></span> <span class='ocrx_word' id='word_1_242' title='bbox 694 1937 923 1998; x_wconf 89' lang='lat' dir='ltr'><strong>quatuor</strong></span> <span class='ocrx_word' id='word_1_243' title='bbox 969 1927 1258 1996; x_wconf 88' lang='lat' dir='ltr'><strong>piscatores</strong></span> <span class='ocrx_word' id='word_1_244' title='bbox 1290 1926 1582 1992; x_wconf 85' lang='lat' dir='ltr'><strong>apostolos,</strong></span> <span class='ocrx_word' id='word_1_245' title='bbox 1624 1923 1836 1977; x_wconf 86' lang='lat' dir='ltr'><strong>docuis-</strong></span> 
     </span>
    </p>
   </div>
   <div class='ocr_carea' id='block_1_35' title="bbox 2049 1923 3581 2003">
    <p class='ocr_par' dir='ltr' id='par_1_35' title="bbox 2049 1923 3581 1991">
     <span class='ocr_line' id='line_1_35' title="bbox 2049 1923 3581 1991; baseline -0.006 -9"><span class='ocrx_word' id='word_1_246' title='bbox 2049 1933 2098 1991; x_wconf 86' lang='grc' dir='ltr'><strong>ἰς</strong></span> <span class='ocrx_word' id='word_1_247' title='bbox 2129 1927 2469 1987; x_wconf 82' lang='grc' dir='ltr'>ἀποστόλους,</span> <span class='ocrx_word' id='word_1_248' title='bbox 2504 1923 2720 1988; x_wconf 78' lang='grc' dir='ltr'>διδάξας</span> <span class='ocrx_word' id='word_1_249' title='bbox 2767 1940 2827 1975; x_wconf 86' lang='grc' dir='ltr'><strong>τε</strong></span> <span class='ocrx_word' id='word_1_250' title='bbox 2882 1925 2940 1974; x_wconf 86' lang='grc' dir='ltr'><strong>ἐν</strong></span> <span class='ocrx_word' id='word_1_251' title='bbox 2990 1926 3113 1986; x_wconf 87' lang='grc' dir='ltr'>ταῖς</span> <span class='ocrx_word' id='word_1_252' title='bbox 3158 1925 3581 1990; x_wconf 79' lang='grc' dir='ltr'>συναγωγαῖς</span> 
     </span>
    </p>
   </div>
   <div class='ocr_carea' id='block_1_36' title="bbox 305 2011 1837 2088">
    <p class='ocr_par' dir='ltr' id='par_1_36' title="bbox 305 2013 1837 2088">
     <span class='ocr_line' id='line_1_36' title="bbox 305 2013 1837 2088; baseline -0.007 -13"><span class='ocrx_word' id='word_1_253' title='bbox 305 2030 491 2088; x_wconf 84' lang='lat' dir='ltr'><strong>setque</strong></span> <span class='ocrx_word' id='word_1_254' title='bbox 541 2019 595 2072; x_wconf 89' lang='lat' dir='ltr'><strong>in</strong></span> <span class='ocrx_word' id='word_1_255' title='bbox 646 2018 927 2087; x_wconf 84' lang='lat' dir='ltr'><strong>synagogis</strong></span> <span class='ocrx_word' id='word_1_256' title='bbox 978 2016 1137 2069; x_wconf 88' lang='lat' dir='ltr'><strong>totius</strong></span> <span class='ocrx_word' id='word_1_257' title='bbox 1172 2013 1442 2076; x_wconf 64' lang='lat' dir='ltr'><strong>Galilaaaa,</strong></span> <span class='ocrx_word' id='word_1_258' title='bbox 1489 2021 1837 2079; x_wconf 86' lang='lat' dir='ltr'><strong>sanassetqne</strong></span> 
     </span>
    </p>
   </div>
   <div class='ocr_carea' id='block_1_37' title="bbox 2047 2011 3579 2088">
    <p class='ocr_par' dir='ltr' id='par_1_37' title="bbox 2047 2011 3579 2085">
     <span class='ocr_line' id='line_1_37' title="bbox 2047 2011 3579 2085; baseline -0.004 -17"><span class='ocrx_word' id='word_1_259' title='bbox 2047 2036 2057 2079; x_wconf 73' lang='grc' dir='ltr'><strong>ς</strong></span> <span class='ocrx_word' id='word_1_260' title='bbox 2095 2017 2193 2085; x_wconf 84' lang='grc' dir='ltr'>τῆς</span> <span class='ocrx_word' id='word_1_261' title='bbox 2240 2013 2539 2075; x_wconf 80' lang='grc' dir='ltr'>Γαλιλαίας,</span> <span class='ocrx_word' id='word_1_262' title='bbox 2585 2013 2678 2064; x_wconf 72' lang='grc' dir='ltr'><strong>καὶ</strong></span> <span class='ocrx_word' id='word_1_263' title='bbox 2722 2011 3069 2081; x_wconf 85' lang='grc' dir='ltr'>θεραπεύσας</span> <span class='ocrx_word' id='word_1_264' title='bbox 3112 2012 3245 2074; x_wconf 77' lang='grc' dir='ltr'>τοὺς</span> <span class='ocrx_word' id='word_1_265' title='bbox 3318 2027 3579 2081; x_wconf 83' lang='grc' dir='ltr'>προσε-</span> 
     </span>
    </p>
   </div>
   <div class='ocr_carea' id='block_1_38' title="bbox 307 2101 1839 2175">
    <p class='ocr_par' dir='ltr' id='par_1_38' title="bbox 307 2102 1838 2173">
     <span class='ocr_line' id='line_1_38' title="bbox 307 2102 1838 2173; baseline -0.007 -10"><span class='ocrx_word' id='word_1_266' title='bbox 307 2108 408 2163; x_wconf 86' lang='lat' dir='ltr'><strong>sibi</strong></span> <span class='ocrx_word' id='word_1_267' title='bbox 446 2108 659 2173; x_wconf 89' lang='lat' dir='ltr'><strong>allatos,</strong></span> <span class='ocrx_word' id='word_1_268' title='bbox 699 2109 752 2160; x_wconf 93' lang='lat' dir='ltr'><strong>in</strong></span> <span class='ocrx_word' id='word_1_269' title='bbox 788 2117 1016 2160; x_wconf 88' lang='lat' dir='ltr'><strong>montem</strong></span> <span class='ocrx_word' id='word_1_270' title='bbox 1051 2104 1310 2166; x_wconf 87' lang='lat' dir='ltr'><strong>ascendit,</strong></span> <span class='ocrx_word' id='word_1_271' title='bbox 1344 2104 1577 2171; x_wconf 87' lang='lat' dir='ltr'><strong>dicitque</strong></span> <span class='ocrx_word' id='word_1_272' title='bbox 1609 2102 1838 2155; x_wconf 85' lang='lat' dir='ltr'><strong>beatitu-</strong></span> 
     </span>
    </p>
   </div>
   <div class='ocr_carea' id='block_1_39' title="bbox 2044 2101 3576 2175">
    <p class='ocr_par' dir='ltr' id='par_1_39' title="bbox 2044 2101 3576 2171">
     <span class='ocr_line' id='line_1_39' title="bbox 2044 2101 3576 2171; baseline -0.001 -15"><span class='ocrx_word' id='word_1_273' title='bbox 2044 2105 2212 2165; x_wconf 61' lang='grc' dir='ltr'>ἱέντας</span> <span class='ocrx_word' id='word_1_274' title='bbox 2252 2103 2418 2171; x_wconf 81' lang='grc' dir='ltr'>αὐτῷ,</span> <span class='ocrx_word' id='word_1_275' title='bbox 2464 2101 2753 2171; x_wconf 73' lang='grc' dir='ltr'>ἀνέρχεται</span> <span class='ocrx_word' id='word_1_276' title='bbox 2810 2103 2890 2163; x_wconf 88' lang='grc' dir='ltr'><strong>εἰς</strong></span> <span class='ocrx_word' id='word_1_277' title='bbox 2937 2102 2998 2153; x_wconf 77' lang='grc' dir='ltr'>τὸ</span> <span class='ocrx_word' id='word_1_278' title='bbox 3039 2102 3184 2171; x_wconf 80' lang='grc' dir='ltr'>ὅρος.</span> <span class='ocrx_word' id='word_1_279' title='bbox 3220 2103 3332 2155; x_wconf 75' lang='grc' dir='ltr'><strong>καὶ</strong></span> <span class='ocrx_word' id='word_1_280' title='bbox 3384 2101 3576 2169; x_wconf 81' lang='grc' dir='ltr'>λέγει</span> 
     </span>
    </p>
   </div>
   <div class='ocr_carea' id='block_1_40' title="bbox 307 2188 1839 2264">
    <p class='ocr_par' dir='ltr' id='par_1_40' title="bbox 307 2189 1838 2264">
     <span class='ocr_line' id='line_1_40' title="bbox 307 2189 1838 2264; baseline -0.005 -14"><span class='ocrx_word' id='word_1_281' title='bbox 307 2197 459 2250; x_wconf 86' lang='lat' dir='ltr'><strong>dines</strong></span> <span class='ocrx_word' id='word_1_282' title='bbox 491 2206 540 2250; x_wconf 91' lang='lat' dir='ltr'><strong>et</strong></span> <span class='ocrx_word' id='word_1_283' title='bbox 568 2210 684 2264; x_wconf 82' lang='lat' dir='ltr'><strong>quae</strong></span> <span class='ocrx_word' id='word_1_284' title='bbox 725 2196 810 2249; x_wconf 90' lang='lat' dir='ltr'><strong>his</strong></span> <span class='ocrx_word' id='word_1_285' title='bbox 842 2204 966 2248; x_wconf 90' lang='lat' dir='ltr'><strong>sunt</strong></span> <span class='ocrx_word' id='word_1_286' title='bbox 992 2193 1232 2262; x_wconf 79' lang='lat' dir='ltr'><strong>proxima</strong></span> <span class='ocrx_word' id='word_1_287' title='bbox 1264 2192 1330 2246; x_wconf 78' lang='lat'><strong>“.</strong></span> <span class='ocrx_word' id='word_1_288' title='bbox 1360 2190 1490 2244; x_wconf 90' lang='lat' dir='ltr'><strong>Cum</strong></span> <span class='ocrx_word' id='word_1_289' title='bbox 1527 2205 1652 2245; x_wconf 85' lang='lat' dir='ltr'><strong>vero</strong></span> <span class='ocrx_word' id='word_1_290' title='bbox 1687 2189 1838 2243; x_wconf 75' lang='lat' dir='ltr'><strong>linis~</strong></span> 
     </span>
    </p>
   </div>
   <div class='ocr_carea' id='block_1_41' title="bbox 2048 2188 3580 2264">
    <p class='ocr_par' dir='ltr' id='par_1_41' title="bbox 2048 2188 3580 2262">
     <span class='ocr_line' id='line_1_41' title="bbox 2048 2188 3580 2262; baseline -0.003 -17"><span class='ocrx_word' id='word_1_291' title='bbox 2048 2191 2472 2262; x_wconf 75' lang='grc' dir='ltr'>ῖμακαρισμοὺς,</span> <span class='ocrx_word' id='word_1_292' title='bbox 2514 2188 2608 2240; x_wconf 76' lang='grc' dir='ltr'><strong>καὶ</strong></span> <span class='ocrx_word' id='word_1_293' title='bbox 2648 2188 2718 2239; x_wconf 75' lang='grc' dir='ltr'>τὰ</span> <span class='ocrx_word' id='word_1_294' title='bbox 2756 2188 2991 2258; x_wconf 84' lang='grc' dir='ltr'>ἐχόμενα</span> <span class='ocrx_word' id='word_1_295' title='bbox 3029 2188 3247 2241; x_wconf 77' lang='grc' dir='ltr'>αὐτῶν·</span> <span class='ocrx_word' id='word_1_296' title='bbox 3289 2189 3580 2253; x_wconf 77' lang='grc' dir='ltr'>τελέσας</span> 
     </span>
    </p>
   </div>
   <div class='ocr_carea' id='block_1_42' title="bbox 308 2277 1840 2349">
    <p class='ocr_par' dir='ltr' id='par_1_42' title="bbox 308 2278 1839 2349">
     <span class='ocr_line' id='line_1_42' title="bbox 308 2278 1839 2349; baseline -0.005 -11"><span class='ocrx_word' id='word_1_297' title='bbox 308 2292 391 2339; x_wconf 84' lang='lat' dir='ltr'><strong>set</strong></span> <span class='ocrx_word' id='word_1_298' title='bbox 421 2284 562 2337; x_wconf 89' lang='lat' dir='ltr'><strong>illam</strong></span> <span class='ocrx_word' id='word_1_299' title='bbox 593 2284 888 2338; x_wconf 89' lang='lat' dir='ltr'><strong>doctrinam</strong></span> <span class='ocrx_word' id='word_1_300' title='bbox 923 2282 1388 2349; x_wconf 88' lang='lat' dir='ltr'><strong>descendissetque</strong></span> <span class='ocrx_word' id='word_1_301' title='bbox 1414 2279 1481 2334; x_wconf 91' lang='lat' dir='ltr'><strong>de</strong></span> <span class='ocrx_word' id='word_1_302' title='bbox 1520 2287 1718 2345; x_wconf 90' lang='lat' dir='ltr'><strong>monte,</strong></span> <span class='ocrx_word' id='word_1_303' title='bbox 1748 2278 1839 2331; x_wconf 88' lang='lat' dir='ltr'><strong>de—</strong></span> 
     </span>
    </p>
   </div>
   <div class='ocr_carea' id='block_1_43' title="bbox 2047 2277 3579 2349">
    <p class='ocr_par' dir='ltr' id='par_1_43' title="bbox 2047 2277 3579 2349">
     <span class='ocr_line' id='line_1_43' title="bbox 2047 2277 3579 2349; baseline 0.001 -18"><span class='ocrx_word' id='word_1_304' title='bbox 2047 2282 2234 2349; x_wconf 68' lang='grc' dir='ltr'>ικείνην</span> <span class='ocrx_word' id='word_1_305' title='bbox 2278 2280 2373 2349; x_wconf 84' lang='grc' dir='ltr'><strong>τὴν</strong></span> <span class='ocrx_word' id='word_1_306' title='bbox 2403 2280 2773 2343; x_wconf 72' lang='grc' dir='ltr'>διδασκαλίαν,</span> <span class='ocrx_word' id='word_1_307' title='bbox 2821 2279 3064 2340; x_wconf 86' lang='grc' dir='ltr'>καταϐὰς</span> <span class='ocrx_word' id='word_1_308' title='bbox 3100 2280 3168 2329; x_wconf 89' lang='grc' dir='ltr'><strong>ἐκ</strong></span> <span class='ocrx_word' id='word_1_309' title='bbox 3214 2277 3323 2329; x_wconf 78' lang='grc' dir='ltr'>τοῦ</span> <span class='ocrx_word' id='word_1_310' title='bbox 3374 2278 3579 2349; x_wconf 77' lang='grc' dir='ltr'>ὅρους</span> 
     </span>
    </p>
   </div>
   <div class='ocr_carea' id='block_1_44' title="bbox 308 2368 1840 2441">
    <p class='ocr_par' dir='ltr' id='par_1_44' title="bbox 308 2370 1839 2441">
     <span class='ocr_line' id='line_1_44' title="bbox 308 2370 1839 2441; baseline -0.006 -14"><span class='ocrx_word' id='word_1_311' title='bbox 308 2389 413 2429; x_wconf 91' lang='lat' dir='ltr'><strong>nuo</strong></span> <span class='ocrx_word' id='word_1_312' title='bbox 438 2373 808 2441; x_wconf 88' lang='lat' dir='ltr'><strong>Capharnaum</strong></span> <span class='ocrx_word' id='word_1_313' title='bbox 839 2372 1154 2440; x_wconf 78' lang='lat' dir='ltr'><strong>ingreditur,</strong></span> <span class='ocrx_word' id='word_1_314' title='bbox 1185 2371 1411 2438; x_wconf 86' lang='lat' dir='ltr'><strong>indeque</strong></span> <span class='ocrx_word' id='word_1_315' title='bbox 1441 2370 1714 2437; x_wconf 89' lang='lat' dir='ltr'><strong>ingressus</strong></span> <span class='ocrx_word' id='word_1_316' title='bbox 1745 2380 1839 2419; x_wconf 87' lang='lat' dir='ltr'><strong>na-</strong></span> 
     </span>
    </p>
   </div>
   <div class='ocr_carea' id='block_1_45' title="bbox 2048 2368 3580 2441">
    <p class='ocr_par' dir='ltr' id='par_1_45' title="bbox 2051 2368 3580 2440">
     <span class='ocr_line' id='line_1_45' title="bbox 2051 2368 3580 2440; baseline 0 -19"><span class='ocrx_word' id='word_1_317' title='bbox 2051 2386 2234 2440; x_wconf 88' lang='grc' dir='ltr'>ρχεται</span> <span class='ocrx_word' id='word_1_318' title='bbox 2282 2370 2361 2431; x_wconf 89' lang='grc' dir='ltr'><strong>εἰς</strong></span> <span class='ocrx_word' id='word_1_319' title='bbox 2396 2372 2775 2439; x_wconf 80' lang='grc' dir='ltr'>Καφαρναοὺμ</span> <span class='ocrx_word' id='word_1_320' title='bbox 2824 2370 3096 2438; x_wconf 84' lang='grc' dir='ltr'>δεύτερον,</span> <span class='ocrx_word' id='word_1_321' title='bbox 3150 2368 3445 2435; x_wconf 83' lang='grc' dir='ltr'>κάκεῖθεν</span> <span class='ocrx_word' id='word_1_322' title='bbox 3508 2368 3580 2421; x_wconf 74' lang='grc' dir='ltr'>δὲ</span> 
     </span>
    </p>
   </div>
   <div class='ocr_carea' id='block_1_46' title="bbox 308 2454 1840 2530">
    <p class='ocr_par' dir='ltr' id='par_1_46' title="bbox 308 2454 1839 2530">
     <span class='ocr_line' id='line_1_46' title="bbox 308 2454 1839 2530; baseline -0.006 -14"><span class='ocrx_word' id='word_1_323' title='bbox 308 2465 436 2524; x_wconf 87' lang='lat' dir='ltr'><strong>vim,</strong></span> <span class='ocrx_word' id='word_1_324' title='bbox 468 2465 661 2517; x_wconf 86' lang='lat' dir='ltr'><strong>transit</strong></span> <span class='ocrx_word' id='word_1_325' title='bbox 689 2463 754 2516; x_wconf 87' lang='lat' dir='ltr'><strong>ad</strong></span> <span class='ocrx_word' id='word_1_326' title='bbox 783 2462 956 2516; x_wconf 91' lang='lat' dir='ltr'><strong>locum</strong></span> <span class='ocrx_word' id='word_1_327' title='bbox 987 2460 1438 2530; x_wconf 85' lang='lat' dir='ltr'><strong>Gergesenorum,</strong></span> <span class='ocrx_word' id='word_1_328' title='bbox 1471 2468 1746 2525; x_wconf 83' lang='lat' dir='ltr'><strong>equorum</strong></span> <span class='ocrx_word' id='word_1_329' title='bbox 1778 2454 1839 2507; x_wconf 83' lang='lat' dir='ltr'><strong>tl-</strong></span> 
     </span>
    </p>
   </div>
   <div class='ocr_carea' id='block_1_47' title="bbox 2047 2454 3579 2530">
    <p class='ocr_par' dir='ltr' id='par_1_47' title="bbox 2047 2457 3579 2528">
     <span class='ocr_line' id='line_1_47' title="bbox 2047 2457 3579 2528; baseline 0 -19"><span class='ocrx_word' id='word_1_330' title='bbox 2047 2458 2104 2521; x_wconf 75' lang='grc' dir='ltr'><strong>ἀς</strong></span> <span class='ocrx_word' id='word_1_331' title='bbox 2137 2461 2216 2521; x_wconf 88' lang='grc' dir='ltr'><strong>εἰς</strong></span> <span class='ocrx_word' id='word_1_332' title='bbox 2253 2459 2427 2510; x_wconf 88' lang='grc' dir='ltr'>πλοῖον</span> <span class='ocrx_word' id='word_1_333' title='bbox 2454 2461 2597 2528; x_wconf 83' lang='grc' dir='ltr'>περᾷ</span> <span class='ocrx_word' id='word_1_334' title='bbox 2626 2461 2705 2520; x_wconf 82' lang='grc' dir='ltr'><strong>εἰς</strong></span> <span class='ocrx_word' id='word_1_335' title='bbox 2733 2459 2831 2527; x_wconf 85' lang='grc' dir='ltr'><strong>τὴν</strong></span> <span class='ocrx_word' id='word_1_336' title='bbox 2869 2457 3056 2528; x_wconf 86' lang='grc' dir='ltr'>χώραν</span> <span class='ocrx_word' id='word_1_337' title='bbox 3090 2457 3204 2509; x_wconf 85' lang='grc' dir='ltr'>τῶν</span> <span class='ocrx_word' id='word_1_338' title='bbox 3248 2458 3579 2526; x_wconf 84' lang='grc' dir='ltr'>Γεργεση-</span> 
     </span>
    </p>
   </div>
   <div class='ocr_carea' id='block_1_48' title="bbox 311 2546 1843 2620">
    <p class='ocr_par' dir='ltr' id='par_1_48' title="bbox 311 2546 1840 2620">
     <span class='ocr_line' id='line_1_48' title="bbox 311 2546 1840 2620; baseline -0.004 -15"><span class='ocrx_word' id='word_1_339' title='bbox 311 2553 468 2606; x_wconf 86' lang='lat' dir='ltr'><strong>nibus</strong></span> <span class='ocrx_word' id='word_1_340' title='bbox 494 2561 704 2620; x_wconf 83' lang='lat' dir='ltr'><strong>rogatus</strong></span> <span class='ocrx_word' id='word_1_341' title='bbox 740 2553 1011 2606; x_wconf 86' lang='lat' dir='ltr'><strong>discedere</strong></span> <span class='ocrx_word' id='word_1_342' title='bbox 1031 2553 1101 2617; x_wconf 80' lang='grc'>⁸⁸,</span> <span class='ocrx_word' id='word_1_343' title='bbox 1132 2566 1250 2604; x_wconf 92' lang='lat' dir='ltr'><strong>cum</strong></span> <span class='ocrx_word' id='word_1_344' title='bbox 1287 2549 1460 2603; x_wconf 87' lang='lat' dir='ltr'><strong>navim</strong></span> <span class='ocrx_word' id='word_1_345' title='bbox 1500 2546 1840 2602; x_wconf 87' lang='lat' dir='ltr'><strong>conscendis-</strong></span> 
     </span>
    </p>
   </div>
   <div class='ocr_carea' id='block_1_49' title="bbox 2044 2546 3576 2620">
    <p class='ocr_par' dir='ltr' id='par_1_49' title="bbox 2055 2549 3576 2620">
     <span class='ocr_line' id='line_1_49' title="bbox 2055 2549 3576 2620; baseline 0.001 -19"><span class='ocrx_word' id='word_1_346' title='bbox 2055 2566 2067 2578; x_wconf 90' lang='grc'><strong>·</strong></span> <span class='ocrx_word' id='word_1_347' title='bbox 2114 2549 2476 2619; x_wconf 83' lang='grc' dir='ltr'>παρακληθείς</span> <span class='ocrx_word' id='word_1_348' title='bbox 2504 2566 2560 2600; x_wconf 90' lang='grc' dir='ltr'><strong>τε</strong></span> <span class='ocrx_word' id='word_1_349' title='bbox 2599 2550 2896 2619; x_wconf 79' lang='grc' dir='ltr'>μεταϐῆναι</span> <span class='ocrx_word' id='word_1_350' title='bbox 2923 2550 3032 2602; x_wconf 80' lang='grc' dir='ltr'>ἀπὸ</span> <span class='ocrx_word' id='word_1_351' title='bbox 3064 2549 3176 2601; x_wconf 81' lang='grc' dir='ltr'>τῶν</span> <span class='ocrx_word' id='word_1_352' title='bbox 3218 2551 3408 2620; x_wconf 85' lang='grc' dir='ltr'>ὁρίων</span> <span class='ocrx_word' id='word_1_353' title='bbox 3455 2552 3576 2603; x_wconf 80' lang='grc' dir='ltr'>αὐ-</span> 
     </span>
    </p>
   </div>
   <div class='ocr_carea' id='block_1_50' title="bbox 309 2636 1841 2712">
    <p class='ocr_par' dir='ltr' id='par_1_50' title="bbox 309 2639 1841 2709">
     <span class='ocr_line' id='line_1_50' title="bbox 309 2639 1841 2709; baseline -0.003 -14"><span class='ocrx_word' id='word_1_354' title='bbox 309 2651 413 2706; x_wconf 83' lang='lat' dir='ltr'><strong>set,</strong></span> <span class='ocrx_word' id='word_1_355' title='bbox 449 2641 675 2709; x_wconf 79' lang='lat' dir='ltr'><strong>trajecit,</strong></span> <span class='ocrx_word' id='word_1_356' title='bbox 702 2653 758 2695; x_wconf 91' lang='lat' dir='ltr'><strong>et</strong></span> <span class='ocrx_word' id='word_1_357' title='bbox 784 2643 933 2694; x_wconf 89' lang='lat' dir='ltr'><strong>venit</strong></span> <span class='ocrx_word' id='word_1_358' title='bbox 972 2642 1024 2694; x_wconf 92' lang='lat' dir='ltr'><strong>in</strong></span> <span class='ocrx_word' id='word_1_359' title='bbox 1055 2643 1322 2694; x_wconf 77' lang='lat' dir='ltr'><strong>civitatem</strong></span> <span class='ocrx_word' id='word_1_360' title='bbox 1365 2655 1513 2693; x_wconf 86' lang='lat' dir='ltr'><strong>suam</strong></span> <span class='ocrx_word' id='word_1_361' title='bbox 1547 2678 1561 2703; x_wconf 89' lang='lat'><strong>,</strong></span> <span class='ocrx_word' id='word_1_362' title='bbox 1594 2639 1682 2695; x_wconf 88' lang='lat' dir='ltr'><strong>ubi</strong></span> <span class='ocrx_word' id='word_1_363' title='bbox 1727 2640 1841 2706; x_wconf 89' lang='lat' dir='ltr'><strong>qui-</strong></span> 
     </span>
    </p>
   </div>
   <div class='ocr_carea' id='block_1_51' title="bbox 2043 2636 3575 2712">
    <p class='ocr_par' dir='ltr' id='par_1_51' title="bbox 2043 2636 3575 2712">
     <span class='ocr_line' id='line_1_51' title="bbox 2043 2636 3575 2712; baseline 0.003 -22"><span class='ocrx_word' id='word_1_364' title='bbox 2043 2660 2064 2701; x_wconf 70' lang='lat'><strong>,</strong></span> <span class='ocrx_word' id='word_1_365' title='bbox 2096 2637 2266 2707; x_wconf 76' lang='grc' dir='ltr'>ἐμϐὰς</span> <span class='ocrx_word' id='word_1_366' title='bbox 2299 2640 2375 2699; x_wconf 84' lang='grc' dir='ltr'><strong>εἰς</strong></span> <span class='ocrx_word' id='word_1_367' title='bbox 2414 2637 2592 2690; x_wconf 85' lang='grc' dir='ltr'>πλοῖον</span> <span class='ocrx_word' id='word_1_368' title='bbox 2622 2638 2933 2706; x_wconf 87' lang='grc' dir='ltr'>διεπέρασε,</span> <span class='ocrx_word' id='word_1_369' title='bbox 2965 2638 3060 2690; x_wconf 72' lang='grc' dir='ltr'>καὶ</span> <span class='ocrx_word' id='word_1_370' title='bbox 3094 2636 3270 2708; x_wconf 79' lang='grc' dir='ltr'>ἦλθεν</span> <span class='ocrx_word' id='word_1_371' title='bbox 3311 2643 3410 2703; x_wconf 79' lang='grc' dir='ltr'><strong>εἰς</strong></span> <span class='ocrx_word' id='word_1_372' title='bbox 3454 2642 3575 2712; x_wconf 78' lang='grc' dir='ltr'><strong>τὴν</strong></span> 
     </span>
    </p>
   </div>
   <div class='ocr_carea' id='block_1_52' title="bbox 313 2726 1845 2800">
    <p class='ocr_par' dir='ltr' id='par_1_52' title="bbox 313 2728 1838 2794">
     <span class='ocr_line' id='line_1_52' title="bbox 313 2728 1838 2794; baseline -0.003 -10"><span class='ocrx_word' id='word_1_373' title='bbox 313 2729 535 2784; x_wconf 86' lang='lat' dir='ltr'><strong>busdam</strong></span> <span class='ocrx_word' id='word_1_374' title='bbox 555 2729 783 2782; x_wconf 88' lang='lat' dir='ltr'><strong>sanitate</strong></span> <span class='ocrx_word' id='word_1_375' title='bbox 811 2729 1008 2783; x_wconf 87' lang='lat' dir='ltr'><strong>reddita</strong></span> <span class='ocrx_word' id='word_1_376' title='bbox 1031 2730 1347 2783; x_wconf 89' lang='lat' dir='ltr'><strong>circumibat</strong></span> <span class='ocrx_word' id='word_1_377' title='bbox 1368 2728 1612 2781; x_wconf 88' lang='lat' dir='ltr'><strong>civitates</strong></span> <span class='ocrx_word' id='word_1_378' title='bbox 1635 2741 1838 2794; x_wconf 89' lang='lat' dir='ltr'><strong>omnes,</strong></span> 
     </span>
    </p>
   </div>
   <div class='ocr_carea' id='block_1_53' title="bbox 2045 2726 3577 2800">
    <p class='ocr_par' dir='ltr' id='par_1_53' title="bbox 2045 2726 3577 2800">
     <span class='ocr_line' id='line_1_53' title="bbox 2045 2726 3577 2800; baseline 0.002 -19"><span class='ocrx_word' id='word_1_379' title='bbox 2045 2728 2255 2792; x_wconf 91' lang='grc' dir='ltr'>νπόλιν,</span> <span class='ocrx_word' id='word_1_380' title='bbox 2282 2727 2407 2781; x_wconf 77' lang='grc' dir='ltr'>ἔνθα</span> <span class='ocrx_word' id='word_1_381' title='bbox 2436 2726 2728 2797; x_wconf 80' lang='grc' dir='ltr'>θεραπείας</span> <span class='ocrx_word' id='word_1_382' title='bbox 2757 2728 3079 2791; x_wconf 73' lang='grc' dir='ltr'>ἐπιτελέσας</span> <span class='ocrx_word' id='word_1_383' title='bbox 3105 2729 3272 2792; x_wconf 85' lang='grc' dir='ltr'>τινὰς</span> <span class='ocrx_word' id='word_1_384' title='bbox 3296 2731 3577 2800; x_wconf 72' lang='grc' dir='ltr'>περιῆγε</span> 
     </span>
    </p>
   </div>
   <div class='ocr_carea' id='block_1_54' title="bbox 311 2814 1843 2886">
    <p class='ocr_par' dir='ltr' id='par_1_54' title="bbox 311 2814 1843 2886">
     <span class='ocr_line' id='line_1_54' title="bbox 311 2814 1843 2886; baseline -0.002 -13"><span class='ocrx_word' id='word_1_385' title='bbox 311 2830 368 2877; x_wconf 69' lang='lat' dir='ltr'><strong>et</strong></span> <span class='ocrx_word' id='word_1_386' title='bbox 413 2819 599 2883; x_wconf 77' lang='lat' dir='ltr'><strong>vicos,</strong></span> <span class='ocrx_word' id='word_1_387' title='bbox 626 2817 821 2870; x_wconf 84' lang='lat' dir='ltr'><strong>docens</strong></span> <span class='ocrx_word' id='word_1_388' title='bbox 860 2818 913 2869; x_wconf 95' lang='lat' dir='ltr'><strong>in</strong></span> <span class='ocrx_word' id='word_1_389' title='bbox 964 2817 1244 2886; x_wconf 85' lang='lat' dir='ltr'><strong>synagogis</strong></span> <span class='ocrx_word' id='word_1_390' title='bbox 1289 2830 1476 2869; x_wconf 89' lang='lat' dir='ltr'><strong>eorum</strong></span> <span class='ocrx_word' id='word_1_391' title='bbox 1518 2814 1585 2868; x_wconf 82' lang='lat'><strong>“.</strong></span> <span class='ocrx_word' id='word_1_392' title='bbox 1622 2815 1843 2884; x_wconf 79' lang='lat' dir='ltr'><strong>Aliaqne</strong></span> 
     </span>
    </p>
   </div>
   <div class='ocr_carea' id='block_1_55' title="bbox 2045 2814 3577 2886">
    <p class='ocr_par' dir='ltr' id='par_1_55' title="bbox 2067 2814 3577 2885">
     <span class='ocr_line' id='line_1_55' title="bbox 2067 2814 3577 2885; baseline 0.002 -17"><span class='ocrx_word' id='word_1_393' title='bbox 2067 2817 2243 2879; x_wconf 88' lang='grc' dir='ltr'>πόλεις</span> <span class='ocrx_word' id='word_1_394' title='bbox 2274 2818 2468 2879; x_wconf 88' lang='grc' dir='ltr'>πάσας,</span> <span class='ocrx_word' id='word_1_395' title='bbox 2502 2816 2595 2870; x_wconf 71' lang='grc' dir='ltr'><strong>καὶ</strong></span> <span class='ocrx_word' id='word_1_396' title='bbox 2625 2816 2724 2878; x_wconf 88' lang='grc' dir='ltr'><strong>τάς</strong></span> <span class='ocrx_word' id='word_1_397' title='bbox 2747 2814 2963 2885; x_wconf 85' lang='grc' dir='ltr'>κώμας,</span> <span class='ocrx_word' id='word_1_398' title='bbox 2993 2816 3275 2871; x_wconf 84' lang='grc' dir='ltr'>διδάσκων</span> <span class='ocrx_word' id='word_1_399' title='bbox 3307 2820 3378 2871; x_wconf 84' lang='grc' dir='ltr'><strong>ἐν</strong></span> <span class='ocrx_word' id='word_1_400' title='bbox 3430 2822 3577 2882; x_wconf 82' lang='grc' dir='ltr'>ταῖς</span> 
     </span>
    </p>
   </div>
   <div class='ocr_carea' id='block_1_56' title="bbox 313 2904 1845 2978">
    <p class='ocr_par' dir='ltr' id='par_1_56' title="bbox 313 2906 1844 2978">
     <span class='ocr_line' id='line_1_56' title="bbox 313 2906 1844 2978; baseline -0.001 -17"><span class='ocrx_word' id='word_1_401' title='bbox 313 2908 700 2978; x_wconf 80' lang='lat' dir='ltr'><strong>quamplurima</strong></span> <span class='ocrx_word' id='word_1_402' title='bbox 752 2915 931 2975; x_wconf 89' lang='lat' dir='ltr'><strong>postea</strong></span> <span class='ocrx_word' id='word_1_403' title='bbox 964 2907 1113 2971; x_wconf 88' lang='lat' dir='ltr'><strong>tiunt,</strong></span> <span class='ocrx_word' id='word_1_404' title='bbox 1143 2917 1423 2974; x_wconf 87' lang='lat' dir='ltr'><strong>antequam</strong></span> <span class='ocrx_word' id='word_1_405' title='bbox 1467 2907 1678 2960; x_wconf 91' lang='lat' dir='ltr'><strong>adnotet</strong></span> <span class='ocrx_word' id='word_1_406' title='bbox 1712 2906 1844 2960; x_wconf 82' lang='lat' dir='ltr'><strong>Mat-</strong></span> 
     </span>
    </p>
   </div>
   <div class='ocr_carea' id='block_1_57' title="bbox 2043 2904 3575 2978">
    <p class='ocr_par' dir='ltr' id='par_1_57' title="bbox 2043 2904 3575 2976">
     <span class='ocr_line' id='line_1_57' title="bbox 2043 2904 3575 2976; baseline 0.002 -18"><span class='ocrx_word' id='word_1_407' title='bbox 2043 2909 2276 2974; x_wconf 86' lang='grc' dir='ltr'>αγωγαῖς</span> <span class='ocrx_word' id='word_1_408' title='bbox 2311 2905 2509 2959; x_wconf 82' lang='grc' dir='ltr'>αὐτῶν.</span> <span class='ocrx_word' id='word_1_409' title='bbox 2540 2906 2648 2958; x_wconf 80' lang='grc' dir='ltr'><strong>Καὶ</strong></span> <span class='ocrx_word' id='word_1_410' title='bbox 2672 2905 2806 2959; x_wconf 80' lang='grc' dir='ltr'>ἄλλα</span> <span class='ocrx_word' id='word_1_411' title='bbox 2836 2904 2894 2957; x_wconf 78' lang='grc' dir='ltr'>δὲ</span> <span class='ocrx_word' id='word_1_412' title='bbox 2921 2905 3157 2959; x_wconf 83' lang='grc' dir='ltr'>πλεῖστα</span> <span class='ocrx_word' id='word_1_413' title='bbox 3189 2907 3343 2976; x_wconf 87' lang='grc' dir='ltr'><strong>μετά</strong></span> <span class='ocrx_word' id='word_1_414' title='bbox 3367 2909 3575 2961; x_wconf 79' lang='grc' dir='ltr'>ταῦτα</span> 
     </span>
    </p>
   </div>
   <div class='ocr_carea' id='block_1_58' title="bbox 317 2976 1849 3066">
    <p class='ocr_par' dir='ltr' id='par_1_58' title="bbox 317 2976 1844 3066">
     <span class='ocr_line' id='line_1_58' title="bbox 317 2976 1844 3066; baseline 0 -16"><span class='ocrx_word' id='word_1_415' title='bbox 317 2976 484 3054; x_wconf 67' lang='lat' dir='ltr'><strong>timus</strong></span> <span class='ocrx_word' id='word_1_416' title='bbox 519 2997 795 3051; x_wconf 86' lang='lat' dir='ltr'><strong>Paschatis</strong></span> <span class='ocrx_word' id='word_1_417' title='bbox 834 3008 1043 3065; x_wconf 90' lang='lat' dir='ltr'><strong>tempus</strong></span> <span class='ocrx_word' id='word_1_418' title='bbox 1078 2996 1145 3049; x_wconf 88' lang='grc'><strong>⁸⁷.</strong></span> <span class='ocrx_word' id='word_1_419' title='bbox 1177 2995 1314 3060; x_wconf 86' lang='lat' dir='ltr'><strong>Quin</strong></span> <span class='ocrx_word' id='word_1_420' title='bbox 1343 2997 1504 3050; x_wconf 89' lang='lat' dir='ltr'><strong>etiam</strong></span> <span class='ocrx_word' id='word_1_421' title='bbox 1544 2998 1680 3066; x_wconf 89' lang='lat' dir='ltr'><strong>apud</strong></span> <span class='ocrx_word' id='word_1_422' title='bbox 1711 2998 1844 3051; x_wconf 83' lang='lat' dir='ltr'><strong>alios</strong></span> 
     </span>
    </p>
   </div>
   <div class='ocr_carea' id='block_1_59' title="bbox 2042 2976 3574 3066">
    <p class='ocr_par' dir='ltr' id='par_1_59' title="bbox 2042 2993 3574 3064">
     <span class='ocr_line' id='line_1_59' title="bbox 2042 2993 3574 3064; baseline 0.002 -18"><span class='ocrx_word' id='word_1_423' title='bbox 2042 3011 2168 3058; x_wconf 76' lang='grc' dir='ltr'>εται,</span> <span class='ocrx_word' id='word_1_424' title='bbox 2197 2996 2323 3063; x_wconf 73' lang='grc' dir='ltr'>πρὶν</span> <span class='ocrx_word' id='word_1_425' title='bbox 2344 2993 2845 3064; x_wconf 85' lang='grc' dir='ltr'>ἐπισημειὼσασθαι</span> <span class='ocrx_word' id='word_1_426' title='bbox 2871 2994 2964 3047; x_wconf 85' lang='grc' dir='ltr'><strong>τὸν</strong></span> <span class='ocrx_word' id='word_1_427' title='bbox 2994 2995 3291 3050; x_wconf 84' lang='grc' dir='ltr'>Ματθαῖον</span> <span class='ocrx_word' id='word_1_428' title='bbox 3312 2997 3423 3051; x_wconf 83' lang='grc' dir='ltr'>τὸν</span> <span class='ocrx_word' id='word_1_429' title='bbox 3461 2996 3574 3050; x_wconf 76' lang='grc' dir='ltr'>τοῦ</span> 
     </span>
    </p>
   </div>
   <div class='ocr_carea' id='block_1_60' title="bbox 314 3084 1846 3157">
    <p class='ocr_par' dir='ltr' id='par_1_60' title="bbox 314 3084 1846 3155">
     <span class='ocr_line' id='line_1_60' title="bbox 314 3084 1846 3155; baseline -0.003 -14"><span class='ocrx_word' id='word_1_430' title='bbox 314 3086 690 3155; x_wconf 70' lang='lat' dir='ltr'><strong>evangelistas.</strong></span> <span class='ocrx_word' id='word_1_431' title='bbox 712 3098 991 3155; x_wconf 84' lang='lat' dir='ltr'><strong>postquam</strong></span> <span class='ocrx_word' id='word_1_432' title='bbox 1013 3084 1311 3139; x_wconf 88' lang='lat' dir='ltr'><strong>diversatus</strong></span> <span class='ocrx_word' id='word_1_433' title='bbox 1333 3085 1519 3138; x_wconf 80' lang='lat' dir='ltr'><strong>fuisset</strong></span> <span class='ocrx_word' id='word_1_434' title='bbox 1535 3086 1588 3139; x_wconf 95' lang='lat' dir='ltr'><strong>in</strong></span> <span class='ocrx_word' id='word_1_435' title='bbox 1612 3085 1846 3153; x_wconf 86' lang='lat' dir='ltr'><strong>Caphar-</strong></span> 
     </span>
    </p>
   </div>
   <div class='ocr_carea' id='block_1_61' title="bbox 2044 3084 3576 3157">
    <p class='ocr_par' dir='ltr' id='par_1_61' title="bbox 2044 3084 3576 3157">
     <span class='ocr_line' id='line_1_61' title="bbox 2044 3084 3576 3157; baseline 0.003 -21"><span class='ocrx_word' id='word_1_436' title='bbox 2044 3101 2132 3153; x_wconf 79' lang='grc' dir='ltr'>ι’χα</span> <span class='ocrx_word' id='word_1_437' title='bbox 2173 3084 2379 3154; x_wconf 90' lang='grc' dir='ltr'>καιρόν.</span> <span class='ocrx_word' id='word_1_438' title='bbox 2417 3085 2525 3136; x_wconf 72' lang='grc' dir='ltr'><strong>Καὶ</strong></span> <span class='ocrx_word' id='word_1_439' title='bbox 2579 3084 2727 3153; x_wconf 81' lang='grc' dir='ltr'>παρὰ</span> <span class='ocrx_word' id='word_1_440' title='bbox 2772 3088 2886 3148; x_wconf 83' lang='grc' dir='ltr'>τοῖς</span> <span class='ocrx_word' id='word_1_441' title='bbox 2936 3085 3155 3143; x_wconf 78' lang='grc' dir='ltr'>λοιποῖς</span> <span class='ocrx_word' id='word_1_442' title='bbox 3202 3087 3268 3140; x_wconf 81' lang='grc' dir='ltr'>δὲ</span> <span class='ocrx_word' id='word_1_443' title='bbox 3312 3090 3576 3157; x_wconf 79' lang='grc' dir='ltr'>εὐαγγε·</span> 
     </span>
    </p>
   </div>
   <div class='ocr_carea' id='block_1_62' title="bbox 317 3171 1849 3248">
    <p class='ocr_par' dir='ltr' id='par_1_62' title="bbox 317 3174 1845 3243">
     <span class='ocr_line' id='line_1_62' title="bbox 317 3174 1845 3243; baseline 0 -15"><span class='ocrx_word' id='word_1_444' title='bbox 317 3191 422 3230; x_wconf 68' lang='grc' dir='ltr'>ηιμ)</span> <span class='ocrx_word' id='word_1_445' title='bbox 448 3174 702 3230; x_wconf 88' lang='lat' dir='ltr'><strong>Dominus</strong></span> <span class='ocrx_word' id='word_1_446' title='bbox 722 3215 738 3240; x_wconf 93' lang='lat'><strong>,</strong></span> <span class='ocrx_word' id='word_1_447' title='bbox 786 3190 892 3229; x_wconf 92' lang='lat' dir='ltr'><strong>non</strong></span> <span class='ocrx_word' id='word_1_448' title='bbox 928 3175 1197 3229; x_wconf 87' lang='lat' dir='ltr'><strong>invenitur</strong></span> <span class='ocrx_word' id='word_1_449' title='bbox 1224 3176 1363 3243; x_wconf 91' lang='lat' dir='ltr'><strong>quod</strong></span> <span class='ocrx_word' id='word_1_450' title='bbox 1392 3175 1601 3228; x_wconf 87' lang='lat' dir='ltr'><strong>dicatur</strong></span> <span class='ocrx_word' id='word_1_451' title='bbox 1645 3174 1845 3229; x_wconf 85' lang='lat' dir='ltr'><strong>Pascha</strong></span> 
     </span>
    </p>
   </div>
   <div class='ocr_carea' id='block_1_63' title="bbox 2042 3171 3574 3248">
    <p class='ocr_par' dir='ltr' id='par_1_63' title="bbox 2042 3171 3574 3248">
     <span class='ocr_line' id='line_1_63' title="bbox 2042 3171 3574 3248; baseline 0.003 -23"><span class='ocrx_word' id='word_1_452' title='bbox 2042 3176 2146 3235; x_wconf 77' lang='grc' dir='ltr'>ταῖς</span> <span class='ocrx_word' id='word_1_453' title='bbox 2177 3171 2311 3242; x_wconf 85' lang='grc' dir='ltr'><strong>μετά</strong></span> <span class='ocrx_word' id='word_1_454' title='bbox 2340 3172 2437 3241; x_wconf 84' lang='grc' dir='ltr'><strong>τὴν</strong></span> <span class='ocrx_word' id='word_1_455' title='bbox 2476 3172 2532 3224; x_wconf 81' lang='grc' dir='ltr'><strong>ἐν</strong></span> <span class='ocrx_word' id='word_1_456' title='bbox 2561 3175 2624 3242; x_wconf 79' lang='grc' dir='ltr'>τῇ</span> <span class='ocrx_word' id='word_1_457' title='bbox 2660 3174 3044 3243; x_wconf 79' lang='grc' dir='ltr'>Καφαρναοὺμ</span> <span class='ocrx_word' id='word_1_458' title='bbox 3085 3174 3405 3248; x_wconf 78' lang='grc' dir='ltr'>διατριϐὴν</span> <span class='ocrx_word' id='word_1_459' title='bbox 3458 3177 3574 3247; x_wconf 81' lang='grc' dir='ltr'><strong>οὐχ</strong></span> 
     </span>
    </p>
   </div>
   <div class='ocr_carea' id='block_1_64' title="bbox 316 3258 1848 3335">
    <p class='ocr_par' dir='ltr' id='par_1_64' title="bbox 316 3264 1848 3333">
     <span class='ocr_line' id='line_1_64' title="bbox 316 3264 1848 3333; baseline 0.002 -17"><span class='ocrx_word' id='word_1_460' title='bbox 316 3279 434 3318; x_wconf 86' lang='lat' dir='ltr'><strong>esse</strong></span> <span class='ocrx_word' id='word_1_461' title='bbox 468 3264 521 3317; x_wconf 93' lang='lat' dir='ltr'><strong>in</strong></span> <span class='ocrx_word' id='word_1_462' title='bbox 569 3265 900 3333; x_wconf 89' lang='lat' dir='ltr'><strong>propinquo:</strong></span> <span class='ocrx_word' id='word_1_463' title='bbox 932 3278 1156 3332; x_wconf 90' lang='lat' dir='ltr'><strong>quorum</strong></span> <span class='ocrx_word' id='word_1_464' title='bbox 1184 3264 1462 3318; x_wconf 89' lang='lat' dir='ltr'><strong>consilium</strong></span> <span class='ocrx_word' id='word_1_465' title='bbox 1492 3279 1709 3318; x_wconf 86' lang='lat' dir='ltr'><strong>servare</strong></span> <span class='ocrx_word' id='word_1_466' title='bbox 1754 3279 1848 3333; x_wconf 89' lang='lat' dir='ltr'><strong>po-</strong></span> 
     </span>
    </p>
   </div>
   <div class='ocr_carea' id='block_1_65' title="bbox 2039 3258 3571 3335">
    <p class='ocr_par' dir='ltr' id='par_1_65' title="bbox 2039 3258 3571 3335">
     <span class='ocr_line' id='line_1_65' title="bbox 2039 3258 3571 3335; baseline 0.005 -22"><span class='ocrx_word' id='word_1_467' title='bbox 2039 3263 2247 3313; x_wconf 88' lang='grc' dir='ltr'>ίσκεται</span> <span class='ocrx_word' id='word_1_468' title='bbox 2288 3261 2451 3328; x_wconf 82' lang='grc' dir='ltr'>ἐγγὺς</span> <span class='ocrx_word' id='word_1_469' title='bbox 2481 3261 2540 3313; x_wconf 82' lang='grc' dir='ltr'><strong>τὸ</strong></span> <span class='ocrx_word' id='word_1_470' title='bbox 2573 3262 2761 3330; x_wconf 84' lang='grc' dir='ltr'>Πάσχα</span> <span class='ocrx_word' id='word_1_471' title='bbox 2803 3258 2942 3317; x_wconf 78' lang='grc' dir='ltr'>εἶναι</span> <span class='ocrx_word' id='word_1_472' title='bbox 2985 3265 3331 3335; x_wconf 71' lang='grc' dir='ltr'>λεγόμενονο</span> <span class='ocrx_word' id='word_1_473' title='bbox 3373 3267 3571 3321; x_wconf 84' lang='grc' dir='ltr'>σῶσαι</span> 
     </span>
    </p>
   </div>
   <div class='ocr_carea' id='block_1_66' title="bbox 321 3348 1853 3428">
    <p class='ocr_par' dir='ltr' id='par_1_66' title="bbox 321 3353 1849 3422">
     <span class='ocr_line' id='line_1_66' title="bbox 321 3353 1849 3422; baseline -0.002 -14"><span class='ocrx_word' id='word_1_474' title='bbox 321 3355 446 3408; x_wconf 86' lang='lat' dir='ltr'><strong>terit</strong></span> <span class='ocrx_word' id='word_1_475' title='bbox 474 3353 565 3422; x_wconf 91' lang='lat' dir='ltr'><strong>qui</strong></span> <span class='ocrx_word' id='word_1_476' title='bbox 604 3354 852 3422; x_wconf 89' lang='lat' dir='ltr'><strong>cogitarit</strong></span> <span class='ocrx_word' id='word_1_477' title='bbox 884 3368 1001 3421; x_wconf 66' lang='lat' dir='ltr'><strong>quae</strong></span> <span class='ocrx_word' id='word_1_478' title='bbox 1030 3355 1082 3406; x_wconf 93' lang='lat' dir='ltr'><strong>in</strong></span> <span class='ocrx_word' id='word_1_479' title='bbox 1116 3354 1479 3422; x_wconf 86' lang='lat' dir='ltr'><strong>superioribus</strong></span> <span class='ocrx_word' id='word_1_480' title='bbox 1510 3355 1574 3407; x_wconf 90' lang='lat' dir='ltr'><strong>de</strong></span> <span class='ocrx_word' id='word_1_481' title='bbox 1605 3354 1849 3421; x_wconf 83' lang='lat' dir='ltr'><strong>Caphar-</strong></span> 
     </span>
    </p>
   </div>
   <div class='ocr_carea' id='block_1_67' title="bbox 2038 3348 3570 3428">
    <p class='ocr_par' dir='ltr' id='par_1_67' title="bbox 2038 3348 3570 3428">
     <span class='ocr_line' id='line_1_67' title="bbox 2038 3348 3570 3428; baseline 0.005 -27"><span class='ocrx_word' id='word_1_482' title='bbox 2038 3352 2078 3402; x_wconf 78' lang='lat' dir='ltr'><strong>:b</strong></span> <span class='ocrx_word' id='word_1_483' title='bbox 2101 3349 2341 3419; x_wconf 78' lang='grc' dir='ltr'>βούλημα</span> <span class='ocrx_word' id='word_1_484' title='bbox 2365 3348 2472 3402; x_wconf 80' lang='grc' dir='ltr'>τῶν</span> <span class='ocrx_word' id='word_1_485' title='bbox 2498 3350 2703 3419; x_wconf 86' lang='grc' dir='ltr'>ἀνδρῶν</span> <span class='ocrx_word' id='word_1_486' title='bbox 2736 3353 2885 3404; x_wconf 87' lang='grc' dir='ltr'>ἐστιν</span> <span class='ocrx_word' id='word_1_487' title='bbox 2928 3354 3285 3423; x_wconf 79' lang='grc' dir='ltr'>ἐννοήσαντα</span> <span class='ocrx_word' id='word_1_488' title='bbox 3317 3357 3395 3408; x_wconf 81' lang='grc' dir='ltr'>τὰ</span> <span class='ocrx_word' id='word_1_489' title='bbox 3420 3373 3498 3408; x_wconf 86' lang='grc' dir='ltr'><strong>πε</strong></span> <span class='ocrx_word' id='word_1_490' title='bbox 3508 3357 3570 3428; x_wconf 70' lang='grc' dir='ltr'><strong>ρὶ</strong></span> 
     </span>
    </p>
   </div>
   <div class='ocr_carea' id='block_1_68' title="bbox 322 3439 1854 3516">
    <p class='ocr_par' dir='ltr' id='par_1_68' title="bbox 322 3440 1848 3506">
     <span class='ocr_line' id='line_1_68' title="bbox 322 3440 1848 3506; baseline -0.001 -10"><span class='ocrx_word' id='word_1_491' title='bbox 322 3458 424 3497; x_wconf 88' lang='lat' dir='ltr'><strong>nao</strong></span> <span class='ocrx_word' id='word_1_492' title='bbox 468 3443 893 3497; x_wconf 84' lang='lat' dir='ltr'><strong>disseruerimus.</strong></span> <span class='ocrx_word' id='word_1_493' title='bbox 930 3443 1285 3496; x_wconf 84' lang='lat' dir='ltr'><strong>Commoratio</strong></span> <span class='ocrx_word' id='word_1_494' title='bbox 1317 3442 1423 3506; x_wconf 86' lang='lat' dir='ltr'><strong>illa,</strong></span> <span class='ocrx_word' id='word_1_495' title='bbox 1471 3456 1591 3495; x_wconf 93' lang='lat' dir='ltr'><strong>cum</strong></span> <span class='ocrx_word' id='word_1_496' title='bbox 1640 3440 1848 3495; x_wconf 65' lang='lat' dir='ltr'><strong>Iudaeo-</strong></span> 
     </span>
    </p>
   </div>
   <div class='ocr_carea' id='block_1_69' title="bbox 2032 3439 3564 3516">
    <p class='ocr_par' dir='ltr' id='par_1_69' title="bbox 2032 3439 3564 3516">
     <span class='ocr_line' id='line_1_69' title="bbox 2032 3439 3564 3516; baseline 0.008 -27"><span class='ocrx_word' id='word_1_497' title='bbox 2032 3440 2432 3508; x_wconf 74' lang='grc' dir='ltr'>ςΚαφαρναοὺμ</span> <span class='ocrx_word' id='word_1_498' title='bbox 2459 3439 2718 3508; x_wconf 78' lang='grc' dir='ltr'>εἰρημένα</span> <span class='ocrx_word' id='word_1_499' title='bbox 2748 3443 2879 3510; x_wconf 80' lang='grc' dir='ltr'>ἡμῖν</span> <span class='ocrx_word' id='word_1_500' title='bbox 2916 3444 2974 3494; x_wconf 89' lang='grc' dir='ltr'><strong>ἐν</strong></span> <span class='ocrx_word' id='word_1_501' title='bbox 3007 3446 3127 3505; x_wconf 88' lang='grc' dir='ltr'>τοῖς</span> <span class='ocrx_word' id='word_1_502' title='bbox 3151 3446 3269 3516; x_wconf 82' lang='grc' dir='ltr'><strong>πρὸ</strong></span> <span class='ocrx_word' id='word_1_503' title='bbox 3308 3447 3564 3500; x_wconf 82' lang='grc' dir='ltr'>τούτων.</span> 
     </span>
    </p>
   </div>
   <div class='ocr_carea' id='block_1_70' title="bbox 322 3527 1854 3599">
    <p class='ocr_par' dir='ltr' id='par_1_70' title="bbox 322 3529 1845 3599">
     <span class='ocr_line' id='line_1_70' title="bbox 322 3529 1845 3599; baseline -0.003 -13"><span class='ocrx_word' id='word_1_504' title='bbox 322 3548 438 3586; x_wconf 86' lang='lat' dir='ltr'><strong>runt</strong></span> <span class='ocrx_word' id='word_1_505' title='bbox 472 3531 669 3586; x_wconf 87' lang='lat' dir='ltr'><strong>Pascha</strong></span> <span class='ocrx_word' id='word_1_506' title='bbox 716 3533 962 3594; x_wconf 88' lang='lat' dir='ltr'><strong>instaret,</strong></span> <span class='ocrx_word' id='word_1_507' title='bbox 990 3530 1169 3599; x_wconf 83' lang='lat' dir='ltr'><strong>paulo&#39;</strong></span> <span class='ocrx_word' id='word_1_508' title='bbox 1215 3529 1401 3583; x_wconf 88' lang='lat' dir='ltr'><strong>melior</strong></span> <span class='ocrx_word' id='word_1_509' title='bbox 1444 3531 1542 3584; x_wconf 90' lang='lat' dir='ltr'><strong>hoc</strong></span> <span class='ocrx_word' id='word_1_510' title='bbox 1570 3531 1683 3598; x_wconf 92' lang='lat' dir='ltr'><strong>ipso</strong></span> <span class='ocrx_word' id='word_1_511' title='bbox 1712 3529 1845 3583; x_wconf 80' lang='lat' dir='ltr'><strong>tacta</strong></span> 
     </span>
    </p>
   </div>
   <div class='ocr_carea' id='block_1_71' title="bbox 2037 3527 3569 3599">
    <p class='ocr_par' dir='ltr' id='par_1_71' title="bbox 2037 3527 3569 3599">
     <span class='ocr_line' id='line_1_71' title="bbox 2037 3527 3569 3599; baseline 0.012 -27"><span class='ocrx_word' id='word_1_512' title='bbox 2037 3527 2286 3598; x_wconf 62' lang='grc' dir='ltr'>,διατριϐὴ</span> <span class='ocrx_word' id='word_1_513' title='bbox 2308 3528 2528 3598; x_wconf 84' lang='grc' dir='ltr'>πλησίον</span> <span class='ocrx_word' id='word_1_514' title='bbox 2549 3529 2803 3598; x_wconf 82' lang='grc' dir='ltr'>τυγχάνει</span> <span class='ocrx_word' id='word_1_515' title='bbox 2828 3531 2940 3599; x_wconf 76' lang='lat'><strong>(55)</strong></span> <span class='ocrx_word' id='word_1_516' title='bbox 2974 3532 3072 3584; x_wconf 80' lang='grc' dir='ltr'>τοῦ</span> <span class='ocrx_word' id='word_1_517' title='bbox 3107 3534 3227 3587; x_wconf 79' lang='grc' dir='ltr'>τῶν</span> <span class='ocrx_word' id='word_1_518' title='bbox 3269 3536 3569 3591; x_wconf 83' lang='grc' dir='ltr'>Ἰουδαίων</span> 
     </span>
    </p>
   </div>
   <div class='ocr_carea' id='block_1_72' title="bbox 322 3618 1854 3698">
    <p class='ocr_par' dir='ltr' id='par_1_72' title="bbox 322 3618 1849 3691">
     <span class='ocr_line' id='line_1_72' title="bbox 322 3618 1849 3691; baseline -0.002 -17"><span class='ocrx_word' id='word_1_519' title='bbox 322 3624 439 3686; x_wconf 91' lang='lat' dir='ltr'><strong>t&#39;uit,</strong></span> <span class='ocrx_word' id='word_1_520' title='bbox 477 3636 647 3691; x_wconf 88' lang='lat' dir='ltr'><strong>eoque</strong></span> <span class='ocrx_word' id='word_1_521' title='bbox 691 3622 1041 3690; x_wconf 65' lang='lat' dir='ltr'><strong>praestantior,</strong></span> <span class='ocrx_word' id='word_1_522' title='bbox 1090 3620 1317 3674; x_wconf 78' lang='lat' dir='ltr'><strong>maxime</strong></span> <span class='ocrx_word' id='word_1_523' title='bbox 1365 3619 1613 3688; x_wconf 88' lang='lat' dir='ltr'><strong>quoniam</strong></span> <span class='ocrx_word' id='word_1_524' title='bbox 1666 3621 1715 3671; x_wconf 91' lang='lat' dir='ltr'><strong>in</strong></span> <span class='ocrx_word' id='word_1_525' title='bbox 1751 3618 1849 3671; x_wconf 89' lang='lat' dir='ltr'><strong>Pa-</strong></span> 
     </span>
    </p>
   </div>
   <div class='ocr_carea' id='block_1_73' title="bbox 2098 3618 3630 3698">
    <p class='ocr_par' dir='ltr' id='par_1_73' title="bbox 2098 3618 3630 3698">
     <span class='ocr_line' id='line_1_73' title="bbox 2098 3618 3630 3698; baseline 0.01 -29"><span class='ocrx_word' id='word_1_526' title='bbox 2098 3636 2131 3670; x_wconf 84' lang='lat' dir='ltr'><strong>a</strong></span> <span class='ocrx_word' id='word_1_527' title='bbox 2163 3618 2324 3687; x_wconf 83' lang='grc' dir='ltr'>ὀλίγῳ</span> <span class='ocrx_word' id='word_1_528' title='bbox 2363 3618 2710 3690; x_wconf 84' lang='grc' dir='ltr'>βελτιουμένη</span> <span class='ocrx_word' id='word_1_529' title='bbox 2752 3622 2880 3690; x_wconf 88' lang='grc' dir='ltr'>παρ’</span> <span class='ocrx_word' id='word_1_530' title='bbox 2920 3623 3078 3687; x_wconf 77' lang='grc' dir='ltr'>αὐτὸ,</span> <span class='ocrx_word' id='word_1_531' title='bbox 3130 3625 3233 3677; x_wconf 74' lang='grc' dir='ltr'><strong>καὶ</strong></span> <span class='ocrx_word' id='word_1_532' title='bbox 3272 3629 3566 3698; x_wconf 84' lang='grc' dir='ltr'>κρείττων</span> <span class='ocrx_word' id='word_1_533' title='bbox 3625 3631 3630 3637; x_wconf 64' lang='grc'>⁷</span> 
     </span>
    </p>
   </div>
   <div class='ocr_carea' id='block_1_74' title="bbox 320 3707 1852 3789">
    <p class='ocr_par' dir='ltr' id='par_1_74' title="bbox 320 3707 1849 3775">
     <span class='ocr_line' id='line_1_74' title="bbox 320 3707 1849 3775; baseline -0.003 -12"><span class='ocrx_word' id='word_1_534' title='bbox 320 3711 501 3763; x_wconf 71' lang='lat' dir='ltr'><strong>achate</strong></span> <span class='ocrx_word' id='word_1_535' title='bbox 525 3707 823 3762; x_wconf 69' lang='lat' dir='ltr'><strong>Judteorum</strong></span> <span class='ocrx_word' id='word_1_536' title='bbox 873 3708 1212 3762; x_wconf 88' lang='lat' dir='ltr'><strong>inveniuntur</strong></span> <span class='ocrx_word' id='word_1_537' title='bbox 1240 3707 1291 3760; x_wconf 94' lang='lat' dir='ltr'><strong>in</strong></span> <span class='ocrx_word' id='word_1_538' title='bbox 1333 3707 1531 3775; x_wconf 84' lang='lat' dir='ltr'><strong>templo</strong></span> <span class='ocrx_word' id='word_1_539' title='bbox 1558 3709 1849 3760; x_wconf 81' lang='lat' dir='ltr'><strong>vendentes</strong></span> 
     </span>
    </p>
   </div>
   <div class='ocr_carea' id='block_1_75' title="bbox 2036 3707 3568 3789">
    <p class='ocr_par' dir='ltr' id='par_1_75' title="bbox 2036 3709 3568 3789">
     <span class='ocr_line' id='line_1_75' title="bbox 2036 3709 3568 3789; baseline 0.008 -29"><span class='ocrx_word' id='word_1_540' title='bbox 2036 3709 2106 3761; x_wconf 69' lang='grc' dir='ltr'><strong>ποῦ</strong></span> <span class='ocrx_word' id='word_1_541' title='bbox 2125 3710 2476 3778; x_wconf 87' lang='grc' dir='ltr'>τυγχάνουσα,</span> <span class='ocrx_word' id='word_1_542' title='bbox 2504 3710 2595 3761; x_wconf 73' lang='grc' dir='ltr'><strong>καὶ</strong></span> <span class='ocrx_word' id='word_1_543' title='bbox 2617 3709 2844 3779; x_wconf 83' lang='grc' dir='ltr'>μάλιστα</span> <span class='ocrx_word' id='word_1_544' title='bbox 2871 3713 3077 3783; x_wconf 36' lang='grc' dir='ltr'>ἐπεὶ-ἐν</span> <span class='ocrx_word' id='word_1_545' title='bbox 3102 3715 3187 3784; x_wconf 82' lang='grc' dir='ltr'>τῷ</span> <span class='ocrx_word' id='word_1_546' title='bbox 3220 3718 3429 3789; x_wconf 85' lang='grc' dir='ltr'>Πάσχα</span> <span class='ocrx_word' id='word_1_547' title='bbox 3448 3720 3568 3773; x_wconf 84' lang='grc' dir='ltr'>τῶν</span> 
     </span>
    </p>
   </div>
   <div class='ocr_carea' id='block_1_76' title="bbox 323 3792 1855 3869">
    <p class='ocr_par' dir='ltr' id='par_1_76' title="bbox 323 3793 1847 3863">
     <span class='ocr_line' id='line_1_76' title="bbox 323 3793 1847 3863; baseline -0.004 -12"><span class='ocrx_word' id='word_1_548' title='bbox 323 3797 503 3862; x_wconf 89' lang='lat' dir='ltr'><strong>boves,</strong></span> <span class='ocrx_word' id='word_1_549' title='bbox 553 3805 610 3852; x_wconf 84' lang='lat' dir='ltr'><strong>et</strong></span> <span class='ocrx_word' id='word_1_550' title='bbox 654 3810 799 3859; x_wconf 88' lang='lat' dir='ltr'><strong>oves,</strong></span> <span class='ocrx_word' id='word_1_551' title='bbox 834 3803 890 3849; x_wconf 88' lang='lat' dir='ltr'><strong>et</strong></span> <span class='ocrx_word' id='word_1_552' title='bbox 934 3795 1238 3859; x_wconf 82' lang='lat' dir='ltr'><strong>columbas;</strong></span> <span class='ocrx_word' id='word_1_553' title='bbox 1287 3803 1499 3863; x_wconf 87' lang='lat' dir='ltr'><strong>propter</strong></span> <span class='ocrx_word' id='word_1_554' title='bbox 1525 3809 1641 3861; x_wconf 69' lang='lat' dir='ltr'><strong>quae</strong></span> <span class='ocrx_word' id='word_1_555' title='bbox 1687 3793 1847 3845; x_wconf 85' lang='lat' dir='ltr'><strong>etiam</strong></span> 
     </span>
    </p>
   </div>
   <div class='ocr_carea' id='block_1_77' title="bbox 2036 3792 3568 3869">
    <p class='ocr_par' dir='ltr' id='par_1_77' title="bbox 2036 3792 3568 3869">
     <span class='ocr_line' id='line_1_77' title="bbox 2036 3792 3568 3869; baseline 0.012 -27"><span class='ocrx_word' id='word_1_556' title='bbox 2036 3792 2219 3844; x_wconf 80' lang='grc' dir='ltr'>υδαίων</span> <span class='ocrx_word' id='word_1_557' title='bbox 2243 3794 2581 3864; x_wconf 82' lang='grc' dir='ltr'>εὑρίσκονται</span> <span class='ocrx_word' id='word_1_558' title='bbox 2612 3798 2668 3847; x_wconf 92' lang='grc' dir='ltr'><strong>ἐν</strong></span> <span class='ocrx_word' id='word_1_559' title='bbox 2691 3796 2770 3865; x_wconf 80' lang='grc' dir='ltr'><strong>τῷ</strong></span> <span class='ocrx_word' id='word_1_560' title='bbox 2807 3797 2938 3868; x_wconf 85' lang='grc' dir='ltr'>ἱερῷ</span> <span class='ocrx_word' id='word_1_561' title='bbox 2963 3800 3013 3850; x_wconf 87' lang='grc' dir='ltr'>οἱ</span> <span class='ocrx_word' id='word_1_562' title='bbox 3049 3801 3385 3868; x_wconf 74' lang='grc' dir='ltr'>πωλοῦντες</span> <span class='ocrx_word' id='word_1_563' title='bbox 3428 3807 3568 3869; x_wconf 76' lang='grc' dir='ltr'>τοὺς</span> 
     </span>
    </p>
   </div>
   <div class='ocr_carea' id='block_1_78' title="bbox 323 3881 1855 3962">
    <p class='ocr_par' dir='ltr' id='par_1_78' title="bbox 323 3882 1845 3951">
     <span class='ocr_line' id='line_1_78' title="bbox 323 3882 1845 3951; baseline -0.001 -13"><span class='ocrx_word' id='word_1_564' title='bbox 323 3899 424 3939; x_wconf 90' lang='lat' dir='ltr'><strong>non</strong></span> <span class='ocrx_word' id='word_1_565' title='bbox 464 3886 695 3949; x_wconf 85' lang='lat' dir='ltr'><strong>additur,</strong></span> <span class='ocrx_word' id='word_1_566' title='bbox 743 3883 972 3951; x_wconf 83' lang='lat' dir='ltr'><strong>Domini,</strong></span> <span class='ocrx_word' id='word_1_567' title='bbox 1006 3885 1097 3938; x_wconf 88' lang='lat' dir='ltr'><strong>sed</strong></span> <span class='ocrx_word' id='word_1_568' title='bbox 1130 3883 1437 3937; x_wconf 76' lang='lat' dir='ltr'><strong>Judworum</strong></span> <span class='ocrx_word' id='word_1_569' title='bbox 1479 3896 1596 3935; x_wconf 89' lang='lat' dir='ltr'><strong>esse</strong></span> <span class='ocrx_word' id='word_1_570' title='bbox 1626 3882 1845 3936; x_wconf 82' lang='lat' dir='ltr'><strong>Pascha.</strong></span> 
     </span>
    </p>
   </div>
   <div class='ocr_carea' id='block_1_79' title="bbox 2038 3881 3570 3962">
    <p class='ocr_par' dir='ltr' id='par_1_79' title="bbox 2038 3884 3570 3962">
     <span class='ocr_line' id='line_1_79' title="bbox 2038 3884 3570 3962; baseline 0.009 -27"><span class='ocrx_word' id='word_1_571' title='bbox 2038 3900 2093 3946; x_wconf 72' lang='lat' dir='ltr'><strong>Lg,</strong></span> <span class='ocrx_word' id='word_1_572' title='bbox 2125 3885 2215 3935; x_wconf 80' lang='grc' dir='ltr'><strong>καὶ</strong></span> <span class='ocrx_word' id='word_1_573' title='bbox 2253 3884 2317 3937; x_wconf 79' lang='grc' dir='ltr'>τὰ</span> <span class='ocrx_word' id='word_1_574' title='bbox 2358 3884 2619 3954; x_wconf 84' lang='grc' dir='ltr'>πρόϐατα,</span> <span class='ocrx_word' id='word_1_575' title='bbox 2668 3886 2762 3938; x_wconf 68' lang='grc' dir='ltr'>καὶ</span> <span class='ocrx_word' id='word_1_576' title='bbox 2798 3888 2898 3948; x_wconf 81' lang='grc' dir='ltr'>τὰς</span> <span class='ocrx_word' id='word_1_577' title='bbox 2929 3894 3315 3962; x_wconf 65' lang='grc' dir='ltr'>περιστεράς*</span> <span class='ocrx_word' id='word_1_578' title='bbox 3355 3896 3430 3947; x_wconf 73' lang='grc' dir='ltr'>δι’</span> <span class='ocrx_word' id='word_1_579' title='bbox 3462 3896 3570 3959; x_wconf 84' lang='grc' dir='ltr'><strong>οὒς</strong></span> 
     </span>
    </p>
   </div>
   <div class='ocr_carea' id='block_1_80' title="bbox 327 3972 1859 4047">
    <p class='ocr_par' dir='ltr' id='par_1_80' title="bbox 327 3972 1850 4029">
     <span class='ocr_line' id='line_1_80' title="bbox 327 3972 1850 4029; baseline -0.002 0"><span class='ocrx_word' id='word_1_580' title='bbox 327 3973 394 4029; x_wconf 85' lang='lat' dir='ltr'><strong>Ut</strong></span> <span class='ocrx_word' id='word_1_581' title='bbox 436 3975 575 4029; x_wconf 89' lang='lat' dir='ltr'><strong>enim</strong></span> <span class='ocrx_word' id='word_1_582' title='bbox 610 3976 797 4028; x_wconf 88' lang='lat' dir='ltr'><strong>domus</strong></span> <span class='ocrx_word' id='word_1_583' title='bbox 827 3972 1000 4028; x_wconf 89' lang='lat' dir='ltr'><strong>Patris</strong></span> <span class='ocrx_word' id='word_1_584' title='bbox 1055 3974 1192 4026; x_wconf 74' lang='lat' dir='ltr'><strong>facta</strong></span> <span class='ocrx_word' id='word_1_585' title='bbox 1225 3981 1304 4026; x_wconf 88' lang='lat' dir='ltr'><strong>est</strong></span> <span class='ocrx_word' id='word_1_586' title='bbox 1354 3974 1540 4026; x_wconf 71' lang='lat' dir='ltr'><strong>donius</strong></span> <span class='ocrx_word' id='word_1_587' title='bbox 1584 3980 1850 4026; x_wconf 79' lang='lat' dir='ltr'><strong>mercatus</strong></span> 
     </span>
    </p>
   </div>
   <div class='ocr_carea' id='block_1_81' title="bbox 2037 3972 3569 4047">
    <p class='ocr_par' dir='ltr' id='par_1_81' title="bbox 2081 3973 3569 4047">
     <span class='ocr_line' id='line_1_81' title="bbox 2081 3973 3569 4047; baseline 0.011 -23"><span class='ocrx_word' id='word_1_588' title='bbox 2081 3973 2275 4041; x_wconf 80' lang='grc' dir='ltr'>μᾶλλον</span> <span class='ocrx_word' id='word_1_589' title='bbox 2324 3973 2603 4042; x_wconf 87' lang='grc' dir='ltr'>πρόκειται</span> <span class='ocrx_word' id='word_1_590' title='bbox 2648 3975 2721 4044; x_wconf 84' lang='grc' dir='ltr'>μὴ</span> <span class='ocrx_word' id='word_1_591' title='bbox 2777 3977 2883 4029; x_wconf 84' lang='grc' dir='ltr'>τοῦ</span> <span class='ocrx_word' id='word_1_592' title='bbox 2930 3981 3194 4047; x_wconf 84' lang='grc' dir='ltr'>Κυρίου,</span> <span class='ocrx_word' id='word_1_593' title='bbox 3244 3985 3392 4039; x_wconf 88' lang='grc' dir='ltr'><strong>ἀλλά</strong></span> <span class='ocrx_word' id='word_1_594' title='bbox 3436 3986 3569 4039; x_wconf 76' lang='grc' dir='ltr'><strong>τῶν</strong></span> 
     </span>
    </p>
   </div>
   <div class='ocr_carea' id='block_1_82' title="bbox 322 4056 1854 4136">
    <p class='ocr_par' dir='ltr' id='par_1_82' title="bbox 322 4059 1849 4132">
     <span class='ocr_line' id='line_1_82' title="bbox 322 4059 1849 4132; baseline -0.003 -16"><span class='ocrx_word' id='word_1_595' title='bbox 322 4064 459 4131; x_wconf 88' lang='lat' dir='ltr'><strong>apud</strong></span> <span class='ocrx_word' id='word_1_596' title='bbox 489 4079 603 4128; x_wconf 86' lang='lat' dir='ltr'><strong>eos,</strong></span> <span class='ocrx_word' id='word_1_597' title='bbox 642 4065 731 4132; x_wconf 88' lang='lat' dir='ltr'><strong>qui</strong></span> <span class='ocrx_word' id='word_1_598' title='bbox 763 4064 930 4130; x_wconf 91' lang='lat' dir='ltr'><strong>ipsam</strong></span> <span class='ocrx_word' id='word_1_599' title='bbox 966 4078 1067 4116; x_wconf 91' lang='lat' dir='ltr'><strong>non</strong></span> <span class='ocrx_word' id='word_1_600' title='bbox 1117 4059 1548 4123; x_wconf 84' lang='lat' dir='ltr'><strong>sanctitieabant;</strong></span> <span class='ocrx_word' id='word_1_601' title='bbox 1580 4060 1657 4112; x_wconf 89' lang='lat' dir='ltr'><strong>sic</strong></span> <span class='ocrx_word' id='word_1_602' title='bbox 1689 4061 1849 4113; x_wconf 88' lang='lat' dir='ltr'><strong>etiam</strong></span> 
     </span>
    </p>
   </div>
   <div class='ocr_carea' id='block_1_83' title="bbox 2036 4056 3568 4136">
    <p class='ocr_par' dir='ltr' id='par_1_83' title="bbox 2036 4056 3568 4136">
     <span class='ocr_line' id='line_1_83' title="bbox 2036 4056 3568 4136; baseline 0.01 -23"><span class='ocrx_word' id='word_1_603' title='bbox 2036 4059 2246 4113; x_wconf 82' lang='grc' dir='ltr'>υδαίων</span> <span class='ocrx_word' id='word_1_604' title='bbox 2270 4056 2405 4113; x_wconf 76' lang='grc' dir='ltr'>εἶναι</span> <span class='ocrx_word' id='word_1_605' title='bbox 2442 4062 2501 4113; x_wconf 81' lang='grc' dir='ltr'><strong>τὸ</strong></span> <span class='ocrx_word' id='word_1_606' title='bbox 2536 4062 2754 4131; x_wconf 80' lang='grc' dir='ltr'>Πάσχα’</span> <span class='ocrx_word' id='word_1_607' title='bbox 2790 4064 2866 4127; x_wconf 85' lang='grc' dir='ltr'>ὡς</span> <span class='ocrx_word' id='word_1_608' title='bbox 2896 4065 3007 4136; x_wconf 84' lang='grc' dir='ltr'>γὰρ</span> <span class='ocrx_word' id='word_1_609' title='bbox 3042 4069 3072 4119; x_wconf 85' lang='grc' dir='ltr'><strong>ὁ</strong></span> <span class='ocrx_word' id='word_1_610' title='bbox 3108 4067 3271 4134; x_wconf 71' lang='grc' dir='ltr'>οἶκος</span> <span class='ocrx_word' id='word_1_611' title='bbox 3299 4072 3403 4126; x_wconf 75' lang='grc' dir='ltr'>τοῦ</span> <span class='ocrx_word' id='word_1_612' title='bbox 3444 4075 3568 4128; x_wconf 88' lang='grc' dir='ltr'>Πα-</span> 
     </span>
    </p>
   </div>
   <div class='ocr_carea' id='block_1_84' title="bbox 325 4145 1857 4232">
    <p class='ocr_par' dir='ltr' id='par_1_84' title="bbox 325 4147 1850 4212">
     <span class='ocr_line' id='line_1_84' title="bbox 325 4147 1850 4212; baseline -0.002 -8"><span class='ocrx_word' id='word_1_613' title='bbox 325 4154 524 4207; x_wconf 89' lang='lat' dir='ltr'><strong>Pascha</strong></span> <span class='ocrx_word' id='word_1_614' title='bbox 552 4153 765 4206; x_wconf 88' lang='lat' dir='ltr'><strong>Domini</strong></span> <span class='ocrx_word' id='word_1_615' title='bbox 799 4153 994 4204; x_wconf 77' lang='lat' dir='ltr'><strong>factum</strong></span> <span class='ocrx_word' id='word_1_616' title='bbox 1024 4160 1106 4203; x_wconf 85' lang='lat' dir='ltr'><strong>est</strong></span> <span class='ocrx_word' id='word_1_617' title='bbox 1144 4150 1459 4212; x_wconf 90' lang='lat' dir='ltr'><strong>humanum,</strong></span> <span class='ocrx_word' id='word_1_618' title='bbox 1490 4158 1543 4202; x_wconf 91' lang='lat' dir='ltr'><strong>et</strong></span> <span class='ocrx_word' id='word_1_619' title='bbox 1570 4147 1850 4201; x_wconf 83' lang='lat' dir='ltr'><strong>Judaicutn</strong></span> 
     </span>
    </p>
   </div>
   <div class='ocr_carea' id='block_1_85' title="bbox 2035 4145 3567 4232">
    <p class='ocr_par' dir='ltr' id='par_1_85' title="bbox 2035 4145 3567 4232">
     <span class='ocr_line' id='line_1_85' title="bbox 2035 4145 3567 4232; baseline 0.004 -32"><span class='ocrx_word' id='word_1_620' title='bbox 2035 4166 2074 4211; x_wconf 78' lang='grc' dir='ltr'><strong>ις</strong></span> <span class='ocrx_word' id='word_1_621' title='bbox 2093 4150 2309 4216; x_wconf 82' lang='grc' dir='ltr'>γέγονεν</span> <span class='ocrx_word' id='word_1_622' title='bbox 2340 4145 2484 4212; x_wconf 77' lang='grc' dir='ltr'>οἶκος</span> <span class='ocrx_word' id='word_1_623' title='bbox 2514 4152 2777 4222; x_wconf 78' lang='grc' dir='ltr'>ἐμπορίου</span> <span class='ocrx_word' id='word_1_624' title='bbox 2819 4155 2970 4224; x_wconf 88' lang='grc' dir='ltr'><strong>παρά</strong></span> <span class='ocrx_word' id='word_1_625' title='bbox 2996 4160 3115 4219; x_wconf 85' lang='grc' dir='ltr'>τοῖς</span> <span class='ocrx_word' id='word_1_626' title='bbox 3162 4161 3247 4232; x_wconf 75' lang='grc' dir='ltr'>μὴ</span> <span class='ocrx_word' id='word_1_627' title='bbox 3285 4163 3567 4230; x_wconf 67' lang='grc' dir='ltr'>ἁγιάζον-</span> 
     </span>
    </p>
   </div>
   <div class='ocr_carea' id='block_1_86' title="bbox 322 4237 1854 4329">
    <p class='ocr_par' dir='ltr' id='par_1_86' title="bbox 322 4237 1850 4311">
     <span class='ocr_line' id='line_1_86' title="bbox 322 4237 1850 4311; baseline -0.002 -16"><span class='ocrx_word' id='word_1_628' title='bbox 322 4243 528 4296; x_wconf 86' lang='lat' dir='ltr'><strong>Pascha</strong></span> <span class='ocrx_word' id='word_1_629' title='bbox 578 4243 716 4311; x_wconf 83' lang='lat' dir='ltr'><strong>apud</strong></span> <span class='ocrx_word' id='word_1_630' title='bbox 752 4255 843 4295; x_wconf 91' lang='lat' dir='ltr'><strong>eos</strong></span> <span class='ocrx_word' id='word_1_631' title='bbox 872 4240 960 4308; x_wconf 86' lang='lat' dir='ltr'><strong>qui</strong></span> <span class='ocrx_word' id='word_1_632' title='bbox 997 4238 1121 4291; x_wconf 92' lang='lat' dir='ltr'><strong>illud</strong></span> <span class='ocrx_word' id='word_1_633' title='bbox 1156 4237 1412 4304; x_wconf 72' lang='lat' dir='ltr'><strong>abiectius</strong></span> <span class='ocrx_word' id='word_1_634' title='bbox 1447 4246 1500 4290; x_wconf 90' lang='lat' dir='ltr'><strong>et</strong></span> <span class='ocrx_word' id='word_1_635' title='bbox 1526 4238 1850 4307; x_wconf 89' lang='lat' dir='ltr'><strong>corporalius</strong></span> 
     </span>
    </p>
   </div>
   <div class='ocr_carea' id='block_1_87' title="bbox 2037 4237 3569 4329">
    <p class='ocr_par' dir='ltr' id='par_1_87' title="bbox 2037 4241 3569 4323">
     <span class='ocr_line' id='line_1_87' title="bbox 2037 4241 3569 4323; baseline 0.012 -32"><span class='ocrx_word' id='word_1_636' title='bbox 2037 4265 2038 4271; x_wconf 56' lang='grc' dir='ltr'><strong>η</strong></span> <span class='ocrx_word' id='word_1_637' title='bbox 2080 4241 2237 4294; x_wconf 84' lang='grc' dir='ltr'>αὐτόν</span> <span class='ocrx_word' id='word_1_638' title='bbox 2258 4257 2271 4269; x_wconf 73' lang='grc'>⁸</span> <span class='ocrx_word' id='word_1_639' title='bbox 2308 4241 2447 4293; x_wconf 74' lang='grc' dir='ltr'>οὕτω</span> <span class='ocrx_word' id='word_1_640' title='bbox 2478 4242 2568 4292; x_wconf 78' lang='grc' dir='ltr'><strong>καὶ</strong></span> <span class='ocrx_word' id='word_1_641' title='bbox 2611 4242 2670 4293; x_wconf 84' lang='grc' dir='ltr'><strong>τὸ</strong></span> <span class='ocrx_word' id='word_1_642' title='bbox 2701 4242 2893 4313; x_wconf 88' lang='grc' dir='ltr'>Πάσχα</span> <span class='ocrx_word' id='word_1_643' title='bbox 2927 4247 3140 4316; x_wconf 80' lang='grc' dir='ltr'>Κυρίου</span> <span class='ocrx_word' id='word_1_644' title='bbox 3171 4250 3569 4323; x_wconf 85' lang='grc' dir='ltr'>ἀνθρώπινον,</span> 
     </span>
    </p>
   </div>
   <div class='ocr_carea' id='block_1_88' title="bbox 323 4326 1855 4414">
    <p class='ocr_par' dir='ltr' id='par_1_88' title="bbox 323 4326 1848 4400">
     <span class='ocr_line' id='line_1_88' title="bbox 323 4326 1848 4400; baseline -0.003 -15"><span class='ocrx_word' id='word_1_645' title='bbox 323 4332 601 4400; x_wconf 76' lang='lat' dir='ltr'><strong>elegerint.</strong></span> <span class='ocrx_word' id='word_1_646' title='bbox 644 4331 904 4385; x_wconf 68' lang='lat' dir='ltr'><strong>Caeterum</strong></span> <span class='ocrx_word' id='word_1_647' title='bbox 936 4327 1066 4380; x_wconf 89' lang='lat' dir='ltr'><strong>alias</strong></span> <span class='ocrx_word' id='word_1_648' title='bbox 1100 4326 1427 4380; x_wconf 83' lang='lat' dir='ltr'><strong>commodius</strong></span> <span class='ocrx_word' id='word_1_649' title='bbox 1454 4327 1633 4380; x_wconf 86' lang='lat' dir='ltr'><strong>videre</strong></span> <span class='ocrx_word' id='word_1_650' title='bbox 1661 4329 1763 4381; x_wconf 90' lang='lat' dir='ltr'><strong>erit</strong></span> <span class='ocrx_word' id='word_1_651' title='bbox 1795 4337 1848 4381; x_wconf 87' lang='lat' dir='ltr'><strong>et</strong></span> 
     </span>
    </p>
   </div>
   <div class='ocr_carea' id='block_1_89' title="bbox 2039 4326 3571 4414">
    <p class='ocr_par' dir='ltr' id='par_1_89' title="bbox 2039 4330 3571 4414">
     <span class='ocr_line' id='line_1_89' title="bbox 2039 4330 3571 4414; baseline 0.014 -34"><span class='ocrx_word' id='word_1_652' title='bbox 2039 4368 2045 4380; x_wconf 92' lang='lat'><strong>.</strong></span> <span class='ocrx_word' id='word_1_653' title='bbox 2096 4330 2376 4383; x_wconf 78' lang='grc' dir='ltr'>Ἰουδαϊκὸν</span> <span class='ocrx_word' id='word_1_654' title='bbox 2427 4331 2612 4400; x_wconf 84' lang='grc' dir='ltr'>Πάσχα</span> <span class='ocrx_word' id='word_1_655' title='bbox 2667 4333 2817 4403; x_wconf 85' lang='grc' dir='ltr'><strong>παρά</strong></span> <span class='ocrx_word' id='word_1_656' title='bbox 2859 4337 2973 4397; x_wconf 87' lang='grc' dir='ltr'>τοῖς</span> <span class='ocrx_word' id='word_1_657' title='bbox 2999 4342 3416 4414; x_wconf 83' lang='grc' dir='ltr'>ταπεινότερον</span> <span class='ocrx_word' id='word_1_658' title='bbox 3468 4349 3571 4400; x_wconf 82' lang='grc' dir='ltr'><strong>καὶ</strong></span> 
     </span>
    </p>
   </div>
   <div class='ocr_carea' id='block_1_90' title="bbox 324 4415 1856 4505">
    <p class='ocr_par' dir='ltr' id='par_1_90' title="bbox 324 4415 1853 4489">
     <span class='ocr_line' id='line_1_90' title="bbox 324 4415 1853 4489; baseline -0.001 -16"><span class='ocrx_word' id='word_1_659' title='bbox 324 4436 442 4489; x_wconf 77' lang='grc' dir='ltr'>ιμιτε</span> <span class='ocrx_word' id='word_1_660' title='bbox 466 4422 532 4472; x_wconf 90' lang='lat' dir='ltr'><strong>ad</strong></span> <span class='ocrx_word' id='word_1_661' title='bbox 559 4418 834 4472; x_wconf 85' lang='lat' dir='ltr'><strong>Paschatis</strong></span> <span class='ocrx_word' id='word_1_662' title='bbox 861 4426 1064 4485; x_wconf 86' lang='lat' dir='ltr'><strong>tempus</strong></span> <span class='ocrx_word' id='word_1_663' title='bbox 1092 4415 1372 4484; x_wconf 89' lang='lat' dir='ltr'><strong>pertinent,</strong></span> <span class='ocrx_word' id='word_1_664' title='bbox 1402 4416 1540 4483; x_wconf 88' lang='lat' dir='ltr'><strong>quod</strong></span> <span class='ocrx_word' id='word_1_665' title='bbox 1565 4417 1707 4471; x_wconf 90' lang='lat' dir='ltr'><strong>circa</strong></span> <span class='ocrx_word' id='word_1_666' title='bbox 1736 4433 1853 4472; x_wconf 87' lang='lat' dir='ltr'><strong>ver-</strong></span> 
     </span>
    </p>
   </div>
   <div class='ocr_carea' id='block_1_91' title="bbox 2041 4415 3573 4505">
    <p class='ocr_par' dir='ltr' id='par_1_91' title="bbox 2041 4419 3573 4505">
     <span class='ocr_line' id='line_1_91' title="bbox 2041 4419 3573 4505; baseline 0.011 -33"><span class='ocrx_word' id='word_1_667' title='bbox 2041 4419 2398 4490; x_wconf 84' lang='grc' dir='ltr'>ματικώτερον</span> <span class='ocrx_word' id='word_1_668' title='bbox 2436 4421 2568 4473; x_wconf 78' lang='grc' dir='ltr'>αὐτὸ</span> <span class='ocrx_word' id='word_1_669' title='bbox 2602 4421 3004 4492; x_wconf 79' lang='grc' dir='ltr'>ἐκλεξαμένοις.</span> <span class='ocrx_word' id='word_1_670' title='bbox 3042 4427 3481 4505; x_wconf 79' lang='grc' dir='ltr'>Εὐκαιρότερον</span> <span class='ocrx_word' id='word_1_671' title='bbox 3509 4437 3573 4492; x_wconf 63' lang='grc' dir='ltr'>δὲ</span> 
     </span>
    </p>
   </div>
   <div class='ocr_carea' id='block_1_92' title="bbox 327 4506 1859 4590">
    <p class='ocr_par' dir='ltr' id='par_1_92' title="bbox 327 4506 1855 4579">
     <span class='ocr_line' id='line_1_92' title="bbox 327 4506 1855 4579; baseline -0.001 -16"><span class='ocrx_word' id='word_1_672' title='bbox 327 4526 450 4563; x_wconf 90' lang='lat' dir='ltr'><strong>num</strong></span> <span class='ocrx_word' id='word_1_673' title='bbox 480 4508 855 4579; x_wconf 63' lang='lat' dir='ltr'><strong>atquinoctium</strong></span> <span class='ocrx_word' id='word_1_674' title='bbox 883 4507 1161 4575; x_wconf 86' lang='lat' dir='ltr'><strong>contingit,</strong></span> <span class='ocrx_word' id='word_1_675' title='bbox 1192 4515 1243 4559; x_wconf 90' lang='lat' dir='ltr'><strong>et</strong></span> <span class='ocrx_word' id='word_1_676' title='bbox 1282 4507 1325 4559; x_wconf 96' lang='lat' dir='ltr'><strong>si</strong></span> <span class='ocrx_word' id='word_1_677' title='bbox 1356 4507 1481 4575; x_wconf 89' lang='lat' dir='ltr'><strong>quid</strong></span> <span class='ocrx_word' id='word_1_678' title='bbox 1515 4506 1655 4560; x_wconf 89' lang='lat' dir='ltr'><strong>aliud</strong></span> <span class='ocrx_word' id='word_1_679' title='bbox 1710 4523 1855 4576; x_wconf 59' lang='lat' dir='ltr'><strong>qutt-</strong></span> 
     </span>
    </p>
   </div>
   <div class='ocr_carea' id='block_1_93' title="bbox 2040 4506 3572 4590">
    <p class='ocr_par' dir='ltr' id='par_1_93' title="bbox 2048 4510 3572 4590">
     <span class='ocr_line' id='line_1_93' title="bbox 2048 4510 3572 4590; baseline 0.01 -27"><span class='ocrx_word' id='word_1_680' title='bbox 2048 4510 2222 4574; x_wconf 81' lang='grc' dir='ltr'>ἇλλοις</span> <span class='ocrx_word' id='word_1_681' title='bbox 2271 4511 2418 4564; x_wconf 80' lang='grc' dir='ltr'>ἐσται</span> <span class='ocrx_word' id='word_1_682' title='bbox 2456 4512 2581 4564; x_wconf 89' lang='grc' dir='ltr'><strong>ἰδεῖν</strong></span> <span class='ocrx_word' id='word_1_683' title='bbox 2624 4514 2718 4565; x_wconf 81' lang='grc' dir='ltr'><strong>καὶ</strong></span> <span class='ocrx_word' id='word_1_684' title='bbox 2759 4515 2827 4566; x_wconf 82' lang='grc' dir='ltr'>τὰ</span> <span class='ocrx_word' id='word_1_685' title='bbox 2873 4517 3001 4586; x_wconf 77' lang='grc' dir='ltr'>περὶ</span> <span class='ocrx_word' id='word_1_686' title='bbox 3039 4516 3139 4569; x_wconf 82' lang='grc' dir='ltr'>τοῦ</span> <span class='ocrx_word' id='word_1_687' title='bbox 3190 4524 3407 4590; x_wconf 90' lang='grc' dir='ltr'>χρόνου</span> <span class='ocrx_word' id='word_1_688' title='bbox 3468 4525 3572 4578; x_wconf 78' lang='grc' dir='ltr'>τοῦ</span> 
     </span>
    </p>
   </div>
   <div class='ocr_carea' id='block_1_94' title="bbox 325 4595 1857 4679">
    <p class='ocr_par' dir='ltr' id='par_1_94' title="bbox 325 4595 1857 4667">
     <span class='ocr_line' id='line_1_94' title="bbox 325 4595 1857 4667; baseline 0.001 -15"><span class='ocrx_word' id='word_1_689' title='bbox 325 4601 430 4653; x_wconf 80' lang='lat' dir='ltr'><strong>stio</strong></span> <span class='ocrx_word' id='word_1_690' title='bbox 455 4614 558 4667; x_wconf 89' lang='lat' dir='ltr'><strong>qua</strong></span> <span class='ocrx_word' id='word_1_691' title='bbox 586 4599 651 4652; x_wconf 89' lang='lat' dir='ltr'><strong>de</strong></span> <span class='ocrx_word' id='word_1_692' title='bbox 683 4598 858 4667; x_wconf 88' lang='lat' dir='ltr'><strong>agitur</strong></span> <span class='ocrx_word' id='word_1_693' title='bbox 894 4597 1122 4664; x_wconf 91' lang='lat' dir='ltr'><strong>postulat</strong></span> <span class='ocrx_word' id='word_1_694' title='bbox 1149 4596 1539 4664; x_wconf 81' lang='lat' dir='ltr'><strong>expoliendum.</strong></span> <span class='ocrx_word' id='word_1_695' title='bbox 1573 4595 1713 4652; x_wconf 87' lang='lat' dir='ltr'><strong>Sane</strong></span> <span class='ocrx_word' id='word_1_696' title='bbox 1759 4598 1857 4653; x_wconf 81' lang='lat' dir='ltr'><strong>He-</strong></span> 
     </span>
    </p>
   </div>
   <div class='ocr_carea' id='block_1_95' title="bbox 2042 4595 3574 4679">
    <p class='ocr_par' dir='ltr' id='par_1_95' title="bbox 2045 4602 3574 4679">
     <span class='ocr_line' id='line_1_95' title="bbox 2045 4602 3574 4679; baseline 0.012 -28"><span class='ocrx_word' id='word_1_697' title='bbox 2045 4617 2163 4670; x_wconf 82' lang='grc' dir='ltr'>σχα,</span> <span class='ocrx_word' id='word_1_698' title='bbox 2202 4603 2325 4672; x_wconf 71' lang='grc' dir='ltr'>περὶ</span> <span class='ocrx_word' id='word_1_699' title='bbox 2362 4602 2459 4671; x_wconf 80' lang='grc' dir='ltr'><strong>τὴν</strong></span> <span class='ocrx_word' id='word_1_700' title='bbox 2493 4603 2711 4673; x_wconf 84' lang='grc' dir='ltr'>ἐαρινὴν</span> <span class='ocrx_word' id='word_1_701' title='bbox 2756 4607 3047 4676; x_wconf 79' lang='grc' dir='ltr'>ἰσημερίαν</span> <span class='ocrx_word' id='word_1_702' title='bbox 3082 4612 3425 4679; x_wconf 81' lang='grc' dir='ltr'>γινομένου,</span> <span class='ocrx_word' id='word_1_703' title='bbox 3470 4619 3574 4670; x_wconf 74' lang='grc' dir='ltr'><strong>καὶ</strong></span> 
     </span>
    </p>
   </div>
   <div class='ocr_carea' id='block_1_96' title="bbox 326 4684 1858 4770">
    <p class='ocr_par' dir='ltr' id='par_1_96' title="bbox 326 4684 1852 4757">
     <span class='ocr_line' id='line_1_96' title="bbox 326 4684 1852 4757; baseline -0.001 -14"><span class='ocrx_word' id='word_1_704' title='bbox 326 4689 561 4752; x_wconf 82' lang='lat' dir='ltr'><strong>t-acleon,</strong></span> <span class='ocrx_word' id='word_1_705' title='bbox 598 4707 617 4739; x_wconf 82' lang='grc' dir='ltr'><strong>ι</strong></span> <span class='ocrx_word' id='word_1_706' title='bbox 649 4687 770 4741; x_wconf 70' lang='lat' dir='ltr'><strong>llaec</strong></span> <span class='ocrx_word' id='word_1_707' title='bbox 795 4702 1001 4757; x_wconf 81' lang='lat' dir='ltr'><strong>magna,</strong></span> <span class='ocrx_word' id='word_1_708' title='bbox 1033 4686 1224 4753; x_wconf 86' lang='lat' dir='ltr'><strong>inquit,</strong></span> <span class='ocrx_word' id='word_1_709' title='bbox 1247 4694 1327 4739; x_wconf 92' lang='lat' dir='ltr'><strong>est</strong></span> <span class='ocrx_word' id='word_1_710' title='bbox 1357 4684 1651 4739; x_wconf 79' lang='lat' dir='ltr'><strong>festivitas:</strong></span> <span class='ocrx_word' id='word_1_711' title='bbox 1687 4688 1852 4757; x_wconf 81' lang='lat' dir='ltr'><strong>ﬁgura</strong></span> 
     </span>
    </p>
   </div>
   <div class='ocr_carea' id='block_1_97' title="bbox 2038 4684 3570 4770">
    <p class='ocr_par' dir='ltr' id='par_1_97' title="bbox 2038 4690 3570 4770">
     <span class='ocr_line' id='line_1_97' title="bbox 2038 4690 3570 4770; baseline 0.013 -29"><span class='ocrx_word' id='word_1_712' title='bbox 2038 4707 2090 4741; x_wconf 91' lang='grc' dir='ltr'><strong>τι</strong></span> <span class='ocrx_word' id='word_1_713' title='bbox 2126 4690 2309 4760; x_wconf 74' lang='grc' dir='ltr'>ἕτερον</span> <span class='ocrx_word' id='word_1_714' title='bbox 2342 4693 2559 4744; x_wconf 87' lang='grc' dir='ltr'>ἀπαιτεῖ</span> <span class='ocrx_word' id='word_1_715' title='bbox 2595 4693 2656 4745; x_wconf 81' lang='grc' dir='ltr'>τὸ</span> <span class='ocrx_word' id='word_1_716' title='bbox 2701 4696 2991 4765; x_wconf 87' lang='grc' dir='ltr'>πρόϐλημα</span> <span class='ocrx_word' id='word_1_717' title='bbox 3028 4699 3570 4770; x_wconf 81' lang='grc' dir='ltr'>ἐπεξεργάσασθαι.</span> 
     </span>
    </p>
   </div>
   <div class='ocr_carea' id='block_1_98' title="bbox 325 4778 1857 4864">
    <p class='ocr_par' dir='ltr' id='par_1_98' title="bbox 325 4778 1852 4848">
     <span class='ocr_line' id='line_1_98' title="bbox 325 4778 1852 4848; baseline 0.003 -18"><span class='ocrx_word' id='word_1_718' title='bbox 325 4780 465 4831; x_wconf 78' lang='lat' dir='ltr'><strong>enim</strong></span> <span class='ocrx_word' id='word_1_719' title='bbox 496 4778 757 4848; x_wconf 91' lang='lat' dir='ltr'><strong>passionis</strong></span> <span class='ocrx_word' id='word_1_720' title='bbox 800 4778 1098 4831; x_wconf 87' lang='lat' dir='ltr'><strong>Servatoris</strong></span> <span class='ocrx_word' id='word_1_721' title='bbox 1133 4784 1280 4842; x_wconf 88' lang='lat' dir='ltr'><strong>erat,</strong></span> <span class='ocrx_word' id='word_1_722' title='bbox 1311 4778 1521 4843; x_wconf 87' lang='lat' dir='ltr'><strong>quando</strong></span> <span class='ocrx_word' id='word_1_723' title='bbox 1552 4792 1656 4831; x_wconf 88' lang='lat' dir='ltr'><strong>non</strong></span> <span class='ocrx_word' id='word_1_724' title='bbox 1686 4781 1852 4834; x_wconf 88' lang='lat' dir='ltr'><strong>solum</strong></span> 
     </span>
    </p>
   </div>
   <div class='ocr_carea' id='block_1_99' title="bbox 2043 4778 3575 4864">
    <p class='ocr_par' dir='ltr' id='par_1_99' title="bbox 2087 4779 3575 4864">
     <span class='ocr_line' id='line_1_99' title="bbox 2087 4779 3575 4864; baseline 0.011 -35"><span class='ocrx_word' id='word_1_725' title='bbox 2087 4779 2329 4848; x_wconf 79' lang='grc' dir='ltr'>μέντοιγε</span> <span class='ocrx_word' id='word_1_726' title='bbox 2395 4780 2732 4851; x_wconf 81' lang='grc' dir='ltr'>Ἡρακλέων,</span> <span class='ocrx_word' id='word_1_727' title='bbox 2784 4804 2802 4834; x_wconf 82' lang='grc' dir='ltr'><strong>ι</strong></span> <span class='ocrx_word' id='word_1_728' title='bbox 2848 4783 3017 4853; x_wconf 81' lang='grc' dir='ltr'>Αὓτη,</span> <span class='ocrx_word' id='word_1_729' title='bbox 3086 4790 3303 4857; x_wconf 80' lang='grc' dir='ltr'>φησὶν,</span> <span class='ocrx_word' id='word_1_730' title='bbox 3365 4795 3402 4863; x_wconf 79' lang='grc' dir='ltr'><strong>ἡ</strong></span> <span class='ocrx_word' id='word_1_731' title='bbox 3481 4811 3575 4864; x_wconf 88' lang='grc' dir='ltr'>με-</span> 
     </span>
    </p>
   </div>
   <div class='ocr_carea' id='block_1_100' title="bbox 329 4868 1861 4953">
    <p class='ocr_par' dir='ltr' id='par_1_100' title="bbox 329 4868 1859 4938">
     <span class='ocr_line' id='line_1_100' title="bbox 329 4868 1859 4938; baseline 0.001 -15"><span class='ocrx_word' id='word_1_732' title='bbox 329 4869 486 4938; x_wconf 77' lang='lat'><strong>180</strong></span> <span class='ocrx_word' id='word_1_733' title='bbox 510 4869 922 4923; x_wconf 83' lang='lat' dir='ltr'><strong>interﬁciebatnr</strong></span> <span class='ocrx_word' id='word_1_734' title='bbox 942 4869 1273 4929; x_wconf 87' lang='lat' dir='ltr'><strong>ovis,verum</strong></span> <span class='ocrx_word' id='word_1_735' title='bbox 1301 4868 1462 4920; x_wconf 88' lang='lat' dir='ltr'><strong>etiam</strong></span> <span class='ocrx_word' id='word_1_736' title='bbox 1490 4882 1698 4921; x_wconf 82' lang='lat' dir='ltr'><strong>comesa</strong></span> <span class='ocrx_word' id='word_1_737' title='bbox 1727 4885 1859 4937; x_wconf 70' lang='lat' dir='ltr'><strong>pra:-</strong></span> 
     </span>
    </p>
   </div>
   <div class='ocr_carea' id='block_1_101' title="bbox 2038 4868 3570 4953">
    <p class='ocr_par' dir='ltr' id='par_1_101' title="bbox 2038 4868 3570 4953">
     <span class='ocr_line' id='line_1_101' title="bbox 2038 4868 3570 4953; baseline 0.012 -35"><span class='ocrx_word' id='word_1_738' title='bbox 2038 4868 2097 4936; x_wconf 85' lang='grc' dir='ltr'><strong>λη</strong></span> <span class='ocrx_word' id='word_1_739' title='bbox 2128 4870 2283 4938; x_wconf 82' lang='grc' dir='ltr'>ἑορτή</span> <span class='ocrx_word' id='word_1_740' title='bbox 2306 4885 2317 4897; x_wconf 84' lang='grc'><em>’</em></span> <span class='ocrx_word' id='word_1_741' title='bbox 2354 4868 2445 4921; x_wconf 79' lang='grc' dir='ltr'>τοῦ</span> <span class='ocrx_word' id='word_1_742' title='bbox 2477 4871 2586 4941; x_wconf 84' lang='grc' dir='ltr'><strong>γὰρ</strong></span> <span class='ocrx_word' id='word_1_743' title='bbox 2604 4872 2808 4935; x_wconf 77' lang='grc' dir='ltr'>πάθους</span> <span class='ocrx_word' id='word_1_744' title='bbox 2832 4871 2926 4924; x_wconf 75' lang='grc' dir='ltr'>τοῦ</span> <span class='ocrx_word' id='word_1_745' title='bbox 2956 4874 3227 4945; x_wconf 82' lang='grc' dir='ltr'>Σωτῆρος</span> <span class='ocrx_word' id='word_1_746' title='bbox 3252 4881 3441 4946; x_wconf 80' lang='grc' dir='ltr'>τύπος</span> <span class='ocrx_word' id='word_1_747' title='bbox 3475 4879 3570 4953; x_wconf 80' lang='grc' dir='ltr'>ἦν,</span> 
     </span>
    </p>
   </div>
   <div class='ocr_carea' id='block_1_102' title="bbox 327 4953 1859 5034">
    <p class='ocr_par' dir='ltr' id='par_1_102' title="bbox 327 4953 1855 5025">
     <span class='ocr_line' id='line_1_102' title="bbox 327 4953 1855 5025; baseline -0.001 -16"><span class='ocrx_word' id='word_1_748' title='bbox 327 4959 479 5009; x_wconf 82' lang='lat' dir='ltr'><strong>heret</strong></span> <span class='ocrx_word' id='word_1_749' title='bbox 524 4957 759 5025; x_wconf 86' lang='lat' dir='ltr'><strong>requiem</strong></span> <span class='ocrx_word' id='word_1_750' title='bbox 805 4971 820 5021; x_wconf 89' lang='lat'><strong>;</strong></span> <span class='ocrx_word' id='word_1_751' title='bbox 870 4963 924 5009; x_wconf 88' lang='lat' dir='ltr'><strong>et</strong></span> <span class='ocrx_word' id='word_1_752' title='bbox 975 4953 1243 5007; x_wconf 86' lang='lat' dir='ltr'><strong>immolata</strong></span> <span class='ocrx_word' id='word_1_753' title='bbox 1294 4953 1508 5020; x_wconf 88' lang='lat' dir='ltr'><strong>quidem</strong></span> <span class='ocrx_word' id='word_1_754' title='bbox 1557 4956 1855 5022; x_wconf 87' lang='lat' dir='ltr'><strong>passionem</strong></span> 
     </span>
    </p>
   </div>
   <div class='ocr_carea' id='block_1_103' title="bbox 2041 4953 3573 5034">
    <p class='ocr_par' dir='ltr' id='par_1_103' title="bbox 2041 4959 3573 5034">
     <span class='ocr_line' id='line_1_103' title="bbox 2041 4959 3573 5034; baseline 0.014 -26"><span class='ocrx_word' id='word_1_755' title='bbox 2041 4976 2048 5008; x_wconf 76' lang='grc' dir='ltr'><strong>ε</strong></span> <span class='ocrx_word' id='word_1_756' title='bbox 2084 4959 2143 5009; x_wconf 84' lang='grc' dir='ltr'><strong>οὐ</strong></span> <span class='ocrx_word' id='word_1_757' title='bbox 2172 4959 2327 5024; x_wconf 85' lang='grc' dir='ltr'>μόνον</span> <span class='ocrx_word' id='word_1_758' title='bbox 2370 4962 2619 5034; x_wconf 71' lang='grc' dir='ltr'>ἀνῃρεῖτο</span> <span class='ocrx_word' id='word_1_759' title='bbox 2658 4963 2720 5015; x_wconf 84' lang='grc' dir='ltr'>τὸ</span> <span class='ocrx_word' id='word_1_760' title='bbox 2760 4964 3049 5034; x_wconf 87' lang='grc' dir='ltr'>πρόϐατον,</span> <span class='ocrx_word' id='word_1_761' title='bbox 3094 4966 3245 5021; x_wconf 75' lang='grc' dir='ltr'><strong>ἀλλά</strong></span> <span class='ocrx_word' id='word_1_762' title='bbox 3283 4975 3389 5026; x_wconf 74' lang='grc' dir='ltr'>καὶ</span> <span class='ocrx_word' id='word_1_763' title='bbox 3433 4974 3573 5027; x_wconf 83' lang='grc' dir='ltr'>ἀνά-</span> 
     </span>
    </p>
   </div>
   <div class='ocr_carea' id='block_1_104' title="bbox 329 5042 1861 5132">
    <p class='ocr_par' dir='ltr' id='par_1_104' title="bbox 329 5042 1857 5113">
     <span class='ocr_line' id='line_1_104' title="bbox 329 5042 1857 5113; baseline 0.002 -18"><span class='ocrx_word' id='word_1_764' title='bbox 329 5043 629 5099; x_wconf 81' lang='lat' dir='ltr'><strong>Scrvatoris</strong></span> <span class='ocrx_word' id='word_1_765' title='bbox 651 5046 705 5098; x_wconf 92' lang='lat' dir='ltr'><strong>in</strong></span> <span class='ocrx_word' id='word_1_766' title='bbox 748 5045 942 5098; x_wconf 88' lang='lat' dir='ltr'><strong>mundo</strong></span> <span class='ocrx_word' id='word_1_767' title='bbox 968 5042 1321 5113; x_wconf 79' lang='lat' dir='ltr'><strong>signiﬁcabat,</strong></span> <span class='ocrx_word' id='word_1_768' title='bbox 1355 5058 1568 5098; x_wconf 90' lang='lat' dir='ltr'><strong>comesa</strong></span> <span class='ocrx_word' id='word_1_769' title='bbox 1614 5058 1743 5098; x_wconf 86' lang='lat' dir='ltr'><strong>vero</strong></span> <span class='ocrx_word' id='word_1_770' title='bbox 1773 5060 1857 5098; x_wconf 61' lang='lat' dir='ltr'><strong>reo</strong></span> 
     </span>
    </p>
   </div>
   <div class='ocr_carea' id='block_1_105' title="bbox 2040 5042 3572 5132">
    <p class='ocr_par' dir='ltr' id='par_1_105' title="bbox 2043 5052 3572 5132">
     <span class='ocr_line' id='line_1_105' title="bbox 2043 5052 3572 5132; baseline 0.013 -35"><span class='ocrx_word' id='word_1_771' title='bbox 2043 5063 2157 5098; x_wconf 89' lang='grc' dir='ltr'>υσιν</span> <span class='ocrx_word' id='word_1_772' title='bbox 2191 5053 2447 5120; x_wconf 85' lang='grc' dir='ltr'>παρεῖχεν</span> <span class='ocrx_word' id='word_1_773' title='bbox 2481 5052 2809 5124; x_wconf 87' lang='grc' dir='ltr'>ἐσθιόμενον,</span> <span class='ocrx_word' id='word_1_774' title='bbox 2852 5055 2946 5107; x_wconf 77' lang='grc' dir='ltr'><strong>καὶ</strong></span> <span class='ocrx_word' id='word_1_775' title='bbox 2991 5054 3267 5125; x_wconf 90' lang='grc' dir='ltr'>θυόμενον</span> <span class='ocrx_word' id='word_1_776' title='bbox 3314 5063 3423 5132; x_wconf 86' lang='grc' dir='ltr'><strong>μέν</strong></span> <span class='ocrx_word' id='word_1_777' title='bbox 3470 5062 3572 5117; x_wconf 79' lang='grc' dir='ltr'>τοῦ</span> 
     </span>
    </p>
   </div>
   <div class='ocr_carea' id='block_1_106' title="bbox 326 5133 1858 5217">
    <p class='ocr_par' dir='ltr' id='par_1_106' title="bbox 326 5133 1858 5201">
     <span class='ocr_line' id='line_1_106' title="bbox 326 5133 1858 5201; baseline 0.001 -16"><span class='ocrx_word' id='word_1_778' title='bbox 326 5135 503 5201; x_wconf 88' lang='lat' dir='ltr'><strong>quiem</strong></span> <span class='ocrx_word' id='word_1_779' title='bbox 528 5133 756 5187; x_wconf 83' lang='lat' dir='ltr'><strong>futuram</strong></span> <span class='ocrx_word' id='word_1_780' title='bbox 784 5134 837 5186; x_wconf 89' lang='lat' dir='ltr'><strong>in</strong></span> <span class='ocrx_word' id='word_1_781' title='bbox 871 5134 1118 5199; x_wconf 63' lang='lat' dir='ltr'><strong>nuptiis.»</strong></span> <span class='ocrx_word' id='word_1_782' title='bbox 1153 5134 1514 5201; x_wconf 78' lang='lat' dir='ltr'><strong>Apposuimus</strong></span> <span class='ocrx_word' id='word_1_783' title='bbox 1540 5142 1714 5186; x_wconf 83' lang='lat' dir='ltr'><strong>autem</strong></span> <span class='ocrx_word' id='word_1_784' title='bbox 1746 5146 1858 5187; x_wconf 90' lang='lat' dir='ltr'><strong>ver-</strong></span> 
     </span>
    </p>
   </div>
   <div class='ocr_carea' id='block_1_107' title="bbox 2040 5133 3572 5217">
    <p class='ocr_par' dir='ltr' id='par_1_107' title="bbox 2040 5134 3572 5217">
     <span class='ocr_line' id='line_1_107' title="bbox 2040 5134 3572 5217; baseline 0.015 -33"><span class='ocrx_word' id='word_1_785' title='bbox 2040 5134 2167 5196; x_wconf 71' lang='lat' dir='ltr'><strong>00w;</strong></span> <span class='ocrx_word' id='word_1_786' title='bbox 2188 5135 2280 5187; x_wconf 79' lang='grc' dir='ltr'>τοῦ</span> <span class='ocrx_word' id='word_1_787' title='bbox 2316 5139 2564 5215; x_wconf 79' lang='grc' dir='ltr'>Σωτῆρος</span> <span class='ocrx_word' id='word_1_788' title='bbox 2600 5144 2751 5199; x_wconf 80' lang='grc' dir='ltr'>τὺοέν</span> <span class='ocrx_word' id='word_1_789' title='bbox 2783 5145 2968 5214; x_wconf 84' lang='grc' dir='ltr'>κόσμῳ</span> <span class='ocrx_word' id='word_1_790' title='bbox 3011 5145 3355 5217; x_wconf 77' lang='grc' dir='ltr'>ἐσήμαινεν,</span> <span class='ocrx_word' id='word_1_791' title='bbox 3389 5152 3572 5206; x_wconf 87' lang='grc' dir='ltr'>ἐσθιό-</span> 
     </span>
    </p>
   </div>
   <div class='ocr_carea' id='block_1_108' title="bbox 332 5221 1864 5313">
    <p class='ocr_par' dir='ltr' id='par_1_108' title="bbox 332 5221 1862 5290">
     <span class='ocr_line' id='line_1_108' title="bbox 332 5221 1862 5290; baseline 0.002 -17"><span class='ocrx_word' id='word_1_792' title='bbox 332 5224 395 5273; x_wconf 86' lang='lat' dir='ltr'><strong>ba</strong></span> <span class='ocrx_word' id='word_1_793' title='bbox 428 5222 592 5290; x_wconf 90' lang='lat' dir='ltr'><strong>ipsius</strong></span> <span class='ocrx_word' id='word_1_794' title='bbox 614 5259 630 5286; x_wconf 90' lang='lat'><strong>,</strong></span> <span class='ocrx_word' id='word_1_795' title='bbox 666 5230 722 5275; x_wconf 91' lang='lat' dir='ltr'><strong>ut</strong></span> <span class='ocrx_word' id='word_1_796' title='bbox 749 5237 867 5275; x_wconf 89' lang='lat' dir='ltr'><strong>cum</strong></span> <span class='ocrx_word' id='word_1_797' title='bbox 902 5221 1189 5276; x_wconf 88' lang='lat' dir='ltr'><strong>viderimus</strong></span> <span class='ocrx_word' id='word_1_798' title='bbox 1217 5222 1387 5275; x_wconf 87' lang='lat' dir='ltr'><strong>virum</strong></span> <span class='ocrx_word' id='word_1_799' title='bbox 1433 5223 1572 5276; x_wconf 83' lang='lat' dir='ltr'><strong>hunc</strong></span> <span class='ocrx_word' id='word_1_800' title='bbox 1613 5223 1773 5278; x_wconf 89' lang='lat' dir='ltr'><strong>tantis</strong></span> <span class='ocrx_word' id='word_1_801' title='bbox 1808 5224 1862 5277; x_wconf 91' lang='lat' dir='ltr'><strong>in</strong></span> 
     </span>
    </p>
   </div>
   <div class='ocr_carea' id='block_1_109' title="bbox 2040 5221 3572 5313">
    <p class='ocr_par' dir='ltr' id='par_1_109' title="bbox 2040 5224 3572 5313">
     <span class='ocr_line' id='line_1_109' title="bbox 2040 5224 3572 5313; baseline 0.014 -37"><span class='ocrx_word' id='word_1_802' title='bbox 2040 5240 2128 5276; x_wconf 88' lang='grc' dir='ltr'><strong>νον</strong></span> <span class='ocrx_word' id='word_1_803' title='bbox 2152 5224 2208 5277; x_wconf 83' lang='grc' dir='ltr'>δὲ</span> <span class='ocrx_word' id='word_1_804' title='bbox 2237 5228 2335 5296; x_wconf 85' lang='grc' dir='ltr'>τὴν</span> <span class='ocrx_word' id='word_1_805' title='bbox 2370 5232 2672 5292; x_wconf 84' lang='grc' dir='ltr'>ἀνάπαυσιν</span> <span class='ocrx_word' id='word_1_806' title='bbox 2693 5239 2792 5309; x_wconf 82' lang='grc' dir='ltr'>τὴν</span> <span class='ocrx_word' id='word_1_807' title='bbox 2813 5239 2869 5290; x_wconf 80' lang='grc' dir='ltr'><strong>ἐν</strong></span> <span class='ocrx_word' id='word_1_808' title='bbox 2899 5234 3081 5304; x_wconf 87' lang='grc' dir='ltr'>γάμῳ.</span> <span class='ocrx_word' id='word_1_809' title='bbox 3123 5254 3143 5286; x_wconf 71' lang='grc' dir='ltr'><strong>ι</strong></span> <span class='ocrx_word' id='word_1_810' title='bbox 3183 5236 3572 5313; x_wconf 83' lang='grc' dir='ltr'>Παρεθέμεθα</span> 
     </span>
    </p>
   </div>
   <div class='ocr_carea' id='block_1_110' title="bbox 403 5360 1935 5441">
    <p class='ocr_par' dir='ltr' id='par_1_110' title="bbox 403 5360 1935 5441">
     <span class='ocr_line' id='line_1_110' title="bbox 403 5360 1935 5441; baseline 0.002 -27"><span class='ocrx_word' id='word_1_811' title='bbox 477 5361 629 5441; x_wconf 73' lang='lat' dir='ltr'><strong>.loan.</strong></span> <span class='ocrx_word' id='word_1_812' title='bbox 676 5378 748 5441; x_wconf 60' lang='grc' dir='ltr'><strong>ιι,</strong></span> <span class='ocrx_word' id='word_1_813' title='bbox 773 5362 858 5441; x_wconf 41' lang='lat'><strong>1}“.</strong></span> <span class='ocrx_word' id='word_1_814' title='bbox 899 5360 991 5441; x_wconf 51' lang='lat'><strong>17::</strong></span> <span class='ocrx_word' id='word_1_815' title='bbox 1023 5360 1314 5441; x_wconf 71' lang='lat' dir='ltr'><strong>__“_L_iatth.</strong></span> <span class='ocrx_word' id='word_1_816' title='bbox 1346 5365 1512 5441; x_wconf 48' lang='lat' dir='ltr'><strong>IVL“</strong></span> <span class='ocrx_word' id='word_1_817' title='bbox 1551 5378 1664 5433; x_wconf 86' lang='lat' dir='ltr'><strong>seq.</strong></span> <span class='ocrx_word' id='word_1_818' title='bbox 1735 5364 1782 5396; x_wconf 78' lang='lat'><strong>“</strong></span> <span class='ocrx_word' id='word_1_819' title='bbox 1811 5363 1935 5418; x_wconf 78' lang='lat' dir='ltr'><strong>Matt</strong></span> 
     </span>
    </p>
   </div>
   <div class='ocr_carea' id='block_1_111' title="bbox 2036 5360 3568 5441">
    <p class='ocr_par' dir='ltr' id='par_1_111' title="bbox 2036 5372 3568 5441">
     <span class='ocr_line' id='line_1_111' title="bbox 2036 5372 3568 5441; baseline 0.015 -29"><span class='ocrx_word' id='word_1_820' title='bbox 2036 5378 2081 5427; x_wconf 72' lang='grc' dir='ltr'><strong>ν,</strong></span> <span class='ocrx_word' id='word_1_821' title='bbox 2130 5380 2200 5431; x_wconf 88' lang='lat' dir='ltr'><strong>vt,</strong></span> <span class='ocrx_word' id='word_1_822' title='bbox 2236 5383 2337 5424; x_wconf 77' lang='lat' dir='ltr'><strong>vn.</strong></span> <span class='ocrx_word' id='word_1_823' title='bbox 2446 5381 2493 5413; x_wconf 79' lang='grc'><strong>⁵⁸</strong></span> <span class='ocrx_word' id='word_1_824' title='bbox 2526 5380 2712 5437; x_wconf 78' lang='lat' dir='ltr'><strong>Matth.</strong></span> <span class='ocrx_word' id='word_1_825' title='bbox 2771 5395 2883 5441; x_wconf 78' lang='lat' dir='ltr'><strong>VIII,</strong></span> <span class='ocrx_word' id='word_1_826' title='bbox 2938 5378 2987 5441; x_wconf 84' lang='lat' dir='ltr'><strong>l,</strong></span> <span class='ocrx_word' id='word_1_827' title='bbox 3043 5372 3096 5439; x_wconf 80' lang='lat'><strong>5,</strong></span> <span class='ocrx_word' id='word_1_828' title='bbox 3156 5374 3258 5441; x_wconf 74' lang='lat'><strong>25,</strong></span> <span class='ocrx_word' id='word_1_829' title='bbox 3308 5377 3406 5441; x_wconf 79' lang='grc'><strong>28,</strong></span> <span class='ocrx_word' id='word_1_830' title='bbox 3473 5380 3568 5435; x_wconf 62' lang='grc'><strong>54.</strong></span> 
     </span>
    </p>
   </div>
   <div class='ocr_carea' id='block_1_112' title="bbox 331 5422 1863 5497">
    <p class='ocr_par' dir='ltr' id='par_1_112' title="bbox 331 5422 1641 5497">
     <span class='ocr_line' id='line_1_112' title="bbox 331 5422 1641 5497; baseline 0.003 -16"><span class='ocrx_word' id='word_1_831' title='bbox 331 5429 377 5460; x_wconf 72' lang='grc'><strong><em>⁸⁸³</em></strong></span> <span class='ocrx_word' id='word_1_832' title='bbox 404 5429 585 5482; x_wconf 77' lang='lat' dir='ltr'><strong>Matth.</strong></span> <span class='ocrx_word' id='word_1_833' title='bbox 618 5445 692 5492; x_wconf 75' lang='grc' dir='ltr'>ιι,</span> <span class='ocrx_word' id='word_1_834' title='bbox 714 5422 877 5497; x_wconf 49' lang='grc' dir='ltr'><strong>,Ᾰ-ὅθ.</strong></span> <span class='ocrx_word' id='word_1_835' title='bbox 947 5429 991 5460; x_wconf 85' lang='grc'><strong>⁸⁷</strong></span> <span class='ocrx_word' id='word_1_836' title='bbox 1020 5428 1202 5481; x_wconf 81' lang='lat' dir='ltr'><strong>Matth.</strong></span> <span class='ocrx_word' id='word_1_837' title='bbox 1233 5444 1377 5494; x_wconf 75' lang='lat' dir='ltr'><strong>xxvi,</strong></span> <span class='ocrx_word' id='word_1_838' title='bbox 1402 5430 1456 5485; x_wconf 74' lang='grc'><strong>2.</strong></span> <span class='ocrx_word' id='word_1_839' title='bbox 1624 5422 1641 5433; x_wconf 82' lang='grc'><em>’</em></span> 
     </span>
    </p>
   </div>
   <div class='ocr_carea' id='block_1_113' title="bbox 1873 5422 3405 5497">
    <p class='ocr_par' dir='ltr' id='par_1_113' title="bbox 2069 5422 3405 5446">
     <span class='ocr_line' id='line_1_113' title="bbox 2069 5422 3405 5446; baseline -0.01 -5"><span class='ocrx_word' id='word_1_840' title='bbox 2069 5422 2078 5427; x_wconf 72' lang='grc'><em>⁷</em></span> <span class='ocrx_word' id='word_1_841' title='bbox 2187 5422 2199 5431; x_wconf 89' lang='lat'><em>&#39;</em></span> <span class='ocrx_word' id='word_1_842' title='bbox 2326 5422 2335 5424; x_wconf 65' lang='lat'><strong><em>‘</em></strong></span> <span class='ocrx_word' id='word_1_843' title='bbox 2526 5422 2712 5437; x_wconf 62' lang='lat' dir='ltr'><strong>uni-IIII.</strong></span> <span class='ocrx_word' id='word_1_844' title='bbox 2780 5422 2883 5446; x_wconf 72' lang='lat' dir='ltr'><strong>VIII,</strong></span> <span class='ocrx_word' id='word_1_845' title='bbox 2946 5422 2987 5441; x_wconf 62' lang='grc' dir='ltr'><strong>-τ</strong></span> <span class='ocrx_word' id='word_1_846' title='bbox 3047 5422 3096 5439; x_wconf 71' lang='lat' dir='ltr'><strong>v,</strong></span> <span class='ocrx_word' id='word_1_847' title='bbox 3160 5422 3258 5441; x_wconf 64' lang='lat'><strong>—&#39;,</strong></span> <span class='ocrx_word' id='word_1_848' title='bbox 3312 5422 3405 5443; x_wconf 64' lang='grc' dir='ltr'><strong>-ν,</strong></span> 
     </span>
    </p>
   </div>
   <div class='ocr_carea' id='block_1_114' title="bbox 412 5558 1411 5628">
    <p class='ocr_par' dir='ltr' id='par_1_114' title="bbox 412 5558 1411 5628">
     <span class='ocr_line' id='line_1_114' title="bbox 412 5558 1411 5628; baseline 0 -16"><span class='ocrx_word' id='word_1_849' title='bbox 412 5560 523 5628; x_wconf 76' lang='lat'><strong>(33)</strong></span> <span class='ocrx_word' id='word_1_850' title='bbox 546 5558 719 5614; x_wconf 66' lang='lat' dir='ltr'><strong>Codex</strong></span> <span class='ocrx_word' id='word_1_851' title='bbox 748 5559 1061 5613; x_wconf 84' lang='lat' dir='ltr'><strong>Bodleianus</strong></span> <span class='ocrx_word' id='word_1_852' title='bbox 1112 5560 1411 5627; x_wconf 80' lang='grc' dir='ltr'>τυγχάνειν.</span> 
     </span>
    </p>
   </div>
  </div>
