3880 6230
367 318 452 373 5“
1486 330 1825 390 COMMENT.
1860 331 1925 387 IN
1961 333 2152 388 .lOAN.
2194 332 2425 388 TOMUS
2465 331 2535 385 ιιι
3472 332 3578 387 sta

360 428 587 487 δὲαὺτοῦ
625 426 718 498 τὴν
751 424 968 503 λέξιν,
1019 443 1115 497 ἵνα
1150 447 1224 509 ὡς
1252 446 1309 499 ἐν
1348 448 1673 517 τηλικούτοις
1703 446 1938 515 ἀναστρέη

2062 446 2216 501 rebus
2271 446 2410 499 nullo
2444 450 2700 512 apparatu
2730 448 3058 508 versantem,
3106 444 3197 499 sed
3243 449 3584 515 contemptim

363 534 478 588 φειν
508 519 597 572 τδν
628 517 793 588 ἄνδρα·
839 535 1364 604 παρερριμμένως,
1414 536 1502 588 καὶ
1547 535 1769 605 ὑδαρῶς,
1819 537 1938 604 μετέ

2056 545 2109 589 et
2132 534 2263 590 sine'
2283 533 2553 598 firmitate,
2581 532 2747 601 magis
2775 534 2943 600 ipsum
2976 534 3347 602 despiciemus.

367 607 583 678 μηδενὸς
612 622 1161 674 κατασκευαστικοῦ
1193 622 1578 692 θεωρήσαντες,
1624 620 1815 691 μᾶλλον
1854 622 1954 676 αὐ-

368 698 458 752 τοῦ
485 714 664 767 καταφ
673 699 1040 775 ρονήσωμεν,

443 809 531 864 15.
572 829 592 861 ι
631 812 748 864 Kal
782 813 970 887 ἀνέϐη
1018 822 1101 883 είς
1146 822 1485 892 Ἰεροσόλυμα
1521 824 1550 876 6
1600 819 1823 892 Ἰησοῦς,
1863 823 1955 875 καὶ

382 897 532 972 εὑρεν
584 902 641 954 ἐν
686 901 767 972 τῷ
800 903 948 976 ἱερῷ
1006 912 1135 972 τοὺς
1181 910 1486 974 πωλοῦντας
1535 912 1679 981 βόας,
1728 912 1818 965 καὶ
1859 928 1955 963 πε-

392 992 662 1065 ριστερὰς,
721 995 821 1046 καὶ
867 999 1003 1060 τοὺς
1054 1000 1415 1071 κερματιστὰς
1451 1001 1801 1070 καθημένους.
1842 1002 1953 1054 Kal

392 1083 621 1154 ποιήσας
662 1084 997 1152 φραγέλλιον
1026 1087 1102 1139 ιέκ
1151 1089 1394 1155 σχοινίων
1438 1088 1716 1151 ἐξέϐαλλεν
1751 1091 1814 1142 ἐκ
1860 1090 1950 1142 τοῦ

399 1172 545 1244 ἱεροῦ
567 1173 637 1226 τά
652 1190 713 1225 τε
745 1174 1017 1244 πρόϐατα,
1050 1177 1290 1238 καὶτοὺς
1320 1176 1462 1245 βόας,
1503 1179 1594 1230 καὶ
1629 1178 1734 1231 τῶν
1770 1179 1953 1231 κολλυι

396 1261 598 1313 ϐιστῶν
660 1262 843 1330 ἐξέχεε
900 1262 971 1315 τά
1039 1266 1319 1334 κέρματα,
1373 1266 1466 1318 καὶ
1523 1267 1619 1329 τάς
1683 1268 1952 1337 τραπέζας

395 1350 695 1420 ἀνέστρεψε
735 1350 869 1421 (54)·
907 1354 999 1405 καὶ
1037 1356 1150 1416 τοῖς
1198 1355 1296 1417 τὰς
1326 1356 1645 1427 περιστερὰς
1688 1358 1950 1412 πωλοῦσιν

393 1439 581 1494 εἶπενο
616 1441 818 1509 Ἄρατε
855 1440 1025 1494 ταῦτα
1055 1443 1318 1507 ἐντεῦθεν,
1362 1446 1432 1516 μὴ
1467 1448 1662 1497 ποιεῖτε
1693 1447 1781 1499 τὸν
1809 1444 1951 1499 οἶκον

390 1534 491 1585 τοῦ
535 1534 751 1605 Πατρός
790 1552 890 1603 μου
924 1532 1069 1588 οἷκον
1109 1536 1385 1605 ἐμπορίου.
1431 1537 1560 1587 Τότε
1608 1537 1949 1605 ἐμνήσθησαν

389 1623 440 1672 οξ
474 1620 718 1690 μαθηταὶ
744 1620 931 1685 αὐτοῦ,
964 1624 1044 1674 ὅτι
1085 1623 1463 1692 γεγραμμένον
1486 1623 1630 1676 ἐστίν
1649 1640 1662 1653 ·
1706 1624 1762 1676 '0
1788 1623 1949 1692 ζῆλος

388 1710 488 1763 τοῦ
526 1711 681 1764 οἴκου
727 1729 820 1764 σου
848 1711 1219 1779 καταφάγεταί
1255 1728 1338 1781 με.
1379 1730 1397 1762 ι
1431 1710 1783 1780 Σημειωτέον,
1814 1712 1895 1763 ὅτι
1920 1714 1948 1764 6

391 1801 497 1868 μὲν
524 1800 780 1871 Ἰωάννης
814 1801 1057 1871 δεύτερον
1077 1800 1232 1869 ἔργον
1247 1798 1337 1852 τοῦ
1381 1800 1550 1868 Ἰησοῦ
1571 1800 1869 1869 ἀναγράφει
1889 1801 1948 1853 τὸ

387 1887 658 1955 περὶτῶν
695 1889 755 1940 ἐν
792 1888 870 1957 τῷ
899 1887 1027 1957 ίερῷ
1058 1888 1381 1957 εὑρεθέντων
1409 1888 1499 1940 ὑπ’
1528 1888 1688 1941 αὐτοῦ
1717 1888 1950 1942 πωλούν-

383 1992 499 2028 των
525 1974 678 2044 βόας,
706 1976 802 2029 καὶ
835 1976 1096 2047 πρόϐατα,
1118 1977 1211 2029 καὶ
1235 1978 1554 2048 περιστεράς
1571 1994 1583 2007 ⁸
1617 1980 1664 2030 ol
1692 1977 1746 2029 δέ
1776 1978 1947 2031 λοιποὶ

386 2064 581 2132 σχεδὸν
620 2063 759 2133 πρὸς
801 2062 878 2132 τῷ
903 2063 1063 2125 τέλει,
1103 2065 1193 2116 ἐπὶ
1224 2064 1322 2132 τῆς
1354 2064 1491 2116 κατά
1521 2065 1582 2115 τὸ
1609 2063 1772 2127 πάθος
1805 2067 1945 2117 οἰκο-

381 2152 587 2220 νομίας
629 2153 694 2204 τὸ
743 2152 1115 2222 παραπλήσιον
1160 2142 1424 2203 ποιοῦσιν·
1474 2154 1563 2205 καὶ
1596 2153 1624 2203 6
1659 2153 1754 2220 μὲν
1795 2155 1945 2205 Ματ-

385 2241 542 2302 (aio;
586 2240 787 2303 οὕτως·
820 2260 838 2292 ι
879 2241 988 2293 Kal
1030 2240 1351 2302 εἰσελθόντος
1385 2241 1544 2293 αὑτοῦ
1592 2246 1668 2305 είς
1719 2242 1943 2313 Ἰεροσό-

380 2326 560 2394 λυμα,
617 2328 837 2398 ἐσείσθη
907 2330 1052 2380 πᾶσα
1089 2331 1122 2398 ή
1169 2328 1317 2391 πόλις
1360 2329 1621 2396 λέγουσα*
1667 2331 1760 2392 Τίς
1801 2333 1944 2383 ἐστιν

378 2408 579 2480 0510;;
612 2417 678 2468 Ol
704 2416 762 2468 δὲ
782 2416 924 2486 ὄχλοι
943 2417 1142 2485 ἔλεγον⁸
1162 2412 1327 2479 Οὗτός
1351 2419 1495 2470 ἐστιν
1537 2418 1737 2488 Ἰησοῦς
1762 2421 1789 2471 6
1816 2437 1945 2490 προ-

380 2502 592 2571 φήτης,
622 2504 652 2554 6
682 2503 791 2554 ἀπὸ
818 2503 1065 2573 Ναζαρὲτ
1096 2505 1194 2572 τῆς
1229 2505 1541 2567 Γαλιλαίαςο
1577 2507 1668 2559 καὶ
1703 2507 1943 2576 εἰσῆλθεν

391 2591 613 2659 Ἰησοῦς
646 2593 725 2654 είς
766 2592 827 2643 τὸ
868 2593 1025 2662 ἱερὸν,
1074 2596 1163 2646 καὶ
1192 2593 1406 2657 ἐξέϐαλε
1438 2594 1639 2658 πάντας
1678 2598 1800 2658 τοὺς
1829 2613 1942 2648 πω-

375 2680 617 2743 λοῦντας
643 2683 738 2733 καὶ
767 2683 1127 2751 ἀγοράζοντας
1157 2683 1213 2735 ἐν
1245 2683 1321 2753 τῷ
1352 2683 1499 2753 ἱερῷ,
1545 2684 1637 2737 καὶ
1682 2685 1779 2748 τάς
1809 2703 1942 2757 τρα-

376 2767 562 2831 πέζας
588 2768 699 2820 τῶν
749 2769 1105 2822 κολλυϐιστῶν
1154 2770 1481 2840 κατέστρεψε
1533 2771 1665 2841 (55),
1713 2774 1805 2826 καὶ
1845 2774 1941 2839 τὰς

374 2854 660 2924 καθέδρας
681 2855 789 2907 τῶν
822 2855 1140 2910 πωλούντων
1167 2857 1264 2919 τάς
1299 2859 1621 2929 περιστεράς
1639 2877 1653 2891 ο
1681 2860 1773 2912 καὶ
1796 2861 1940 2929 λέγει

374 2942 572 3005 αὐτοῖς
593 2959 608 2973 ο
640 2943 947 3014 Γέγραπται
966 2961 980 2974 ’
1040 2944 1101 2998 ’0
1143 2942 1285 3008 οἶκός
1334 2962 1430 3016 μου
1466 2944 1610 3010 οἶκος
1643 2951 1942 3020 προσευχῆς

376 3029 753 3126 κληθήσεται·
835 3033 990 3100 ὑμεῖς
1055 3032 1111 3083 δὲ
1186 3033 1343 3085 αὑτὸν
1416 3037 1612 3087 ποιεῖτε
1682 3037 1936 3104 σπήλαιον
1964 3069 2005 3126 C

375 3117 623 3188 λῃστῶν.
665 3136 680 3168 ι
730 3119 787 3171 '0
816 3119 873 3171 δέ
906 3121 1158 3189 Μάρκος·
1201 3138 1221 3171 ι
1260 3120 1367 3173 Kal
1392 3123 1631 3191 ἔρχονται
1662 3124 1740 3183 είς
1783 3125 1939 3195 Ἰερο-

378 3208 632 3277 σόλυμαο
664 3209 756 3261 καὶ
786 3209 1037 3261 εἰσελθὼν
1066 3212 1144 3273 ei;
1172 3211 1231 3262 τὸ
1258 3211 1394 3279 ἱερὸν
1429 3211 1626 3281 ἤρξατο
1667 3212 1936 3267 ἐκϐάλλειν

376 3299 513 3361 τοὺς
563 3299 874 3361 πωλοῦντας
924 3301 1019 3352 καὶ
1070 3299 1428 3369 ἀγοράζοντας
1464 3304 1522 3353 ἐν
1551 3301 1625 3370 τῷ
1654 3302 1796 3372 ἱερῷ,
1846 3304 1938 3356 καὶ

374 3387 484 3449 τὰς
520 3387 798 3456 τραπέζας
826 3387 933 3439 τῶν
972 3388 1328 3440 κολλυϐιστῶν
1365 3388 1673 3457 ἀνέστρεψε,
1710 3390 1802 3442 xal
1841 3391 1936 3454 τὰς

376 3475 656 3544 καθέδρας
692 3474 800 3527 τῶν
836 3475 1156 3528 πωλούντων
1191 3476 1287 3538 τάς
1329 3477 1667 3545 περιστερὰς,
1717 3478 1807 3529 καὶ
1839 3479 1937 3531 οὐκ

377 3562 546 3630 ἦφιεν
587 3563 673 3614 ἵνα
715 3579 798 3624 τις
845 3563 1091 3633 διενέγκῃ
1138 3560 1324 3625 σκεῦος
1368 3563 1455 3615 διὰ
1485 3563 1576 3615 τοῦ
1615 3564 1788 3633 ἱεροῦ·
1843 3567 1935 3617 καὶ

379 3650 654 3713 ἐδίδασκε,
704 3652 796 3703 καὶ
839 3650 1020 3718 ἔλεγεν
1059 3651 1264 3713 αὐτοῖς·
1309 3654 1380 3704 Οὑ
1425 3652 1746 3721 γέγραπται,
1788 3655 1867 3705 ὅτι
1906 3656 1936 3706 6

377 3732 534 3801 οἶκός
579 3757 681 3808 μου
725 3736 869 3801 οἶκος
919 3742 1223 3810 προσευχῆς
1276 3741 1598 3811 κληθήσεται
1646 3744 1778 3794 πᾶσι
1822 3745 1933 3804 τοῖς

377 3825 626 3891 (Gnatia;
712 3828 899 3897 Ὑμεῖς
952 3829 1007 3880 δέ
1078 3829 1405 3898 πεποιήκατε
1465 3829 1621 3879 αὑτὸν
1679 3830 1933 3899 σπήλαιον

378 3911 617 3981 λῃστῶν.
661 3931 681 3963 ι
734 3913 793 3965 '0
830 3914 886 3965 δὲ
937 3915 1172 3976 Λουκᾶς·
1211 3930 1230 3964 t
1276 3916 1385 3967 Kal
1416 3914 1489 3977 ὠς
1520 3916 1757 3984 ἤγγισεν,
1815 3916 1933 3970 tam

376 3999 479 4068 τὴν
513 4000 690 4062 πόλιν,
728 4000 983 4055 ἔκλαυσεν
1015 4004 1100 4055 ἐπ’
1135 4002 1298 4073 αὑτὴν
1333 4001 1461 4071 (36),
1506 4001 1705 4069 λέγων·
1742 4004 1858 4055 Ὅτι
1885 4006 1933 4056 εί

377 4087 555 4154 ἔγνως
588 4089 647 4139 ἐν
677 4090 743 4157 τῇ
772 4088 951 4158 ἡμέρᾳ
973 4089 1143 4161 ταύτῃ
1190 4090 1281 4141 καὶ
1308 4090 1370 4141 σὺ
1412 4089 1479 4141 τά
1511 4089 1643 4159 πρὸς
1680 4091 1894 4160 εἰρήνην
1913 4107 1926 4120 ’

374 4176 474 4227 νῦν
503 4175 561 4227 δέ
589 4175 796 4245 ἐκρύϐη
821 4177 926 4228 ἀπὸ
948 4177 1234 4246 ὀφθαλμῶν
1260 4194 1371 4238 σου,
1400 4178 1478 4229 ὅτι
1502 4178 1714 4246 ἥξουσιν
1732 4179 1930 4248 ήμέραι

373 4264 471 4315 ἐπὶ
512 4262 595 4325 σέ,
629 4264 725 4317 καὶ
758 4263 1237 4332 περικυκλώσουσι,
1267 4265 1354 4316 καὶ
1390 4263 1658 4326 συνέξουσί
1710 4280 1767 4315 σε
1795 4265 1929 4319 πάν-

2124 802 2210 856 15.
2246 820 2263 852 ι
2287 800 2350 855 Et
2378 798 2617 855 ascendit
2650 797 3062 865 Hierosolymam
3097 796 3273 862 Jesus,
3304 806 3358 852 et
3389 799 3585 867 reperit

2054 889 2106 943 in
2139 889 2329 956 templo
2356 901 2467 950 eos,
2500 886 2590 956 qui
2623 885 2918 940 vendebant
2942 885 3124 948 boves,
3154 894 3208 938 et
3236 899 3384 949 oves,
3410 894 3461 937 et
3485 900 3580 939 co-

2050 978 2277 1041 lumbas,
2311 984 2364 1030 et
2395 976 2689 1030 mensarios
2715 974 2983 1028 sedentes.
3009 974 3075 1028 Et
3101 989 3218 1027 cum
3248 974 3460 1028 fecisset
3486 973 3592 1026 lla-‘

2052 1065 2242 1135 gellum
2272 1079 2302 1119 e
2331 1062 2607 1127 funiculis,
2656 1061 2811 1130 ejecit
2858 1076 2888 1116 e
2922 1061 3118 1129 templo
3143 1076 3267 1116 oves
3296 1060 3473 1126 simul,
3517 1075 3581 1113 ac

2051 1154 2253 1217 boves;
2288 1159 2342 1206 et
2370 1150 2757 1207 mensariorum
2785 1164 2856 1204 aes
2883 1148 3091 1212 effudit,
3123 1158 3177 1203 et
3206 1164 3418 1202 mensas
3451 1148 3577 1202 sub-

2049 1242 2240 1295 vertit:
2274 1250 2327 1295 et
2359 1240 2464 1304 his,
2499 1240 2588 1308 qui
2620 1238 2893 1293 columbas
2920 1236 3235 1301 vendebant,
3270 1237 3431 1289 dixit:
3468 1236 3579 1288 Au-

2049 1328 2184 1383 ferte
2215 1327 2314 1382 ista
2342 1327 2491 1390 hinc,
2521 1339 2617 1379 nec
2648 1324 2805 1378 facite
2831 1325 3045 1378 domum
3090 1322 3267 1375 Patris
3318 1323 3441 1387 mei,
3480 1322 3578 1375 do-

2051 1432 2192 1470 mum
2225 1426 2514 1471 mercatus.
2557 1413 2707 1467 Tunc
2736 1412 2998 1467 recordati
3027 1420 3148 1465 sunt
3177 1410 3420 1478 discipuli
3464 1409 3580 1478 ejus

2050 1504 2301 1572 scriptum
2332 1516 2449 1557 esse
2475 1520 2488 1557 :
2543 1501 2698 1555 Zelus
2729 1502 2917 1555 domus
2950 1508 3053 1556 tua:
3084 1499 3311 1552 comedit
3342 1512 3426 1551 me
3452 1497 3521 1551 ⁸⁸.
3558 1516 3577 1549 ι

2049 1589 2344 1645 Notandum
2380 1590 2588 1657 quidem
2622 1597 2705 1641 est
2738 1586 2994 1643 Joannem
3030 1588 3265 1640 scribere
3295 1586 3580 1641 secundum

2047 1677 2172 1730 Jesu
2228 1691 2361 1745 opus
2410 1675 2576 1729 fuisse
2605 1676 2655 1729 id
2690 1675 2827 1743 quod
2865 1675 2989 1728 fecit
3020 1690 3143 1744 erga
3190 1684 3431 1743 repertos
3455 1689 3485 1727 a
3524 1691 3581 1728 se

1981 1756 2022 1812 Β
2049 1782 2111 1820 ve
2150 1768 2335 1821 dentes
2367 1780 2512 1828 oves,
2544 1773 2595 1818 et
2629 1765 2813 1829 boves,
2860 1774 2914 1818 et
2959 1764 3230 1818 columbas
3260 1766 3313 1818 in
3345 1765 3536 1833 templo
3563 1782 3577 1830 ;

2050 1871 2169 1910 cum
2198 1855 2372 1909 caeteri
2419 1853 2531 1909 fere
2558 1854 2611 1907 in
2655 1854 2780 1918 line,
2809 1853 3041 1907 vicinum
3087 1852 3213 1907 illud
3244 1854 3441 1907 faciant
3471 1855 3581 1906 dis-

2050 1945 2348 2015 pensationi
2375 1944 2449 1998 illi
2478 1958 2593 2012 quae
2642 1952 2759 1999 erat
2786 1953 3021 2013 tempore
3049 1944 3344 2011 passionis;
3375 1954 3429 1998 et
3455 1944 3582 1997 Mat-

2048 2036 2213 2089 thaeus
2237 2033 2445 2103 quidem
2476 2036 2555 2087 sic
2575 2033 2651 2087 "z
2687 2050 2706 2083 ι
2737 2033 2941 2086 Etcum
2975 2033 3225 2087 intrasset
3256 2035 3367 2101 ipse
3396 2033 3581 2087 lliero—

2045 2127 2321 2195 solymam,
2348 2132 2610 2179 commota
2632 2132 2713 2177 est
2737 2123 2981 2176 universa
3002 2124 3211 2188 civitas,
3235 2124 3413 2177 dicens
3429 2123 3578 2189 :Quis

2043 2224 2126 2270 est
2163 2214 2288 2268 hic?
2316 2212 2507 2267 Turbae
2537 2221 2714 2265 autem
2750 2212 3027 2265 dicebant:
3058 2210 3153 2265 llic
3192 2223 3273 2265 est
3308 2213 3462 2267 Jesns
3489 2212 3579 2266 ille

2043 2310 2300 2377 propheta
2339 2322 2367 2360 a
2400 2305 2663 2359 Nazareth
2700 2302 2949 2357 Galilazaa.
2985 2302 3050 2356 Et
3083 2301 3304 2354 intravit
3338 2302 3487 2357 lesus
3518 2304 3572 2357 in

2046 2397 2292 2465 templum
2319 2436 2334 2462 ,
2361 2405 2415 2450 et
2445 2395 2600 2463 ejecit
2624 2407 2809 2447 omnes
2844 2392 3132 2446 vendentes
3166 2399 3219 2446 et
3250 2401 3485 2447 ementes
3518 2394 3571 2448 in

2046 2484 2275 2551 templo;
2323 2496 2637 2549 mensasque
2700 2480 3086 2535 mensariorum
3119 2518 3135 2544 ,
3183 2489 3236 2534 et
3294 2481 3577 2537 cathedras

2043 2571 2379 2626 vendentium
2435 2569 2707 2625 columbas
2763 2568 3023 2623 subvertit
3077 2586 3090 2621 :
3150 2578 3203 2624 et
3253 2570 3383 2623 dicit
3417 2570 3495 2623 eis
3549 2587 3567 2625 :

2042 2659 2308 2726 Scriptum
2335 2668 2414 2714 est
2434 2675 2447 2711 :
2468 2659 2663 2711 Domus
2690 2671 2823 2726 mea,
2850 2657 3037 2709 domus
3068 2657 3389 2725 precationis
3415 2673 3575 2711 voca-

2041 2749 2216 2814 bitur;
2246 2756 2300 2802 at
2324 2763 2419 2802 vos
2439 2746 2615 2802 facitis
2645 2746 2789 2799 illam
2821 2745 3121 2812 speluncam
3150 2745 3433 2803 latronum.
3463 2764 3481 2798 ι
3507 2746 3577 2801 At

1981 2834 1994 2842 ’
2040 2836 2246 2891 Marcus
2270 2837 2348 2889 “2
2385 2853 2404 2887 ι
2430 2835 2490 2889 Ει
2516 2834 2734 2888 veniunt
2778 2832 3232 2902 Hierosolymam:
3276 2837 3576 2901 ingressus-

2039 2938 2141 2992 que
2186 2922 2337 2977 Jesus
2366 2923 2419 2977 in
2451 2920 2701 2990 templum
2754 2920 2913 2988 erepit
2942 2914 3135 2986 ejicere
3167 2936 3259 2974 eos
3297 2923 3386 2991 qui
3439 2938 3570 2976 vcn-

2039 3014 2230 3068 debant
2259 3021 2312 3066 et
2339 3012 2584 3066 emebant
2624 3012 2679 3064 in
2729 3010 2962 3078 templo:
2991 3019 3045 3062 et
3084 3023 3292 3064 mensas
3325 3022 3570 3078 argenta-

2039 3103 2238 3154 riorum
2274 3099 2534 3167 sellasque
2585 3099 2923 3153 vendentium
2952 3096 3225 3150 columbas
3269 3098 3568 3153 subvertit:

2037 3203 2137 3242 nec
2186 3186 2522 3254 permittebat
2581 3194 2637 3238 ut
2684 3186 2962 3253 quisquam
3003 3184 3306 3251 deportaret
3336 3199 3429 3240 vas
3474 3202 3568 3256 per

2039 3275 2288 3345 templum
2314 3291 2328 3340 ;
2360 3282 2414 3328 et
2442 3275 2684 3337 docebat,
2715 3275 2897 3329 dicens
2926 3275 3066 3329 illis:
3098 3274 3281 3327 Nonne
3308 3276 3563 3344 scriptum

2037 3376 2153 3419 est:
2186 3365 2380 3418 Domus
2413 3377 2548 3427 mea,
2589 3362 2776 3416 domus
2802 3363 3121 3431 precationis
3145 3363 3419 3417 vocabitur
3448 3379 3560 3419 om-

2035 3454 2190 3507 nibus
2212 3451 2498 3522 gentibus?
2535 3449 2639 3504 Vos
2668 3460 2842 3504 autem
2873 3450 3075 3505 fecistis
3103 3466 3217 3503 eam
3253 3452 3560 3518 speluncam

2035 3542 2315 3595 latronum.
2338 3559 2356 3592 ι
2390 3540 2559 3594 Lucas
2586 3553 2710 3593 vero
2737 3540 2815 3591 “z
2858 3558 2875 3590 ι
2910 3540 2973 3593 Ει
3009 3549 3066 3593 ut
3095 3543 3560 3610 appmpinquavit.

2033 3630 2219 3684 videns
2244 3630 2534 3694 civitatem,
2581 3628 2726 3682 flevit
2771 3642 2929 3695 super
2972 3628 3137 3694 illam,
3171 3631 3386 3684 dicens:
3424 3631 3560 3696 Quia

2033 3717 2076 3770 si
2097 3715 2433 3785 cognovisses
2455 3723 2508 3768 et
2535 3724 2589 3767 tu
2620 3716 2670 3768 in
2704 3714 2788 3768 die
2813 3713 2898 3766 illa
2930 3727 3045 3781 qua:
3068 3716 3132 3768 ad
3166 3731 3349 3783 pacem
3374 3718 3387 3770 l
3420 3733 3559 3771 nunc

2032 3815 2206 3858 autem
2235 3803 2498 3859 occultata
2535 3812 2655 3857 sunt
2682 3802 2750 3855 ab
2790 3802 2957 3856 oculis
2984 3805 3105 3868 tuis.
3154 3808 3277 3873 quia
3307 3821 3558 3873 superve-

2031 3894 2177 3946 nient
2211 3892 2302 3946 tibi
2334 3893 2444 3945 dies
2472 3929 2487 3954 ,
2516 3900 2570 3944 et
2602 3891 3007 3945 circumdabunt
3056 3902 3126 3957 te,
3153 3904 3206 3948 et
3248 3897 3459 3963 cingent
3508 3906 3558 3950 te

2031 3983 2280 4049 undique,
2310 3989 2363 4033 et
2396 3979 2507 4033 solo
2533 3980 2816 4047 aequabunt
2848 3988 2918 4044 te,
2953 3990 3005 4034 et
3034 3982 3169 4035 filios
3199 3991 3333 4048 tuos,
3363 3995 3416 4037 et
3449 4000 3553 4039 non

2031 4070 2329 4138 relinquent
2362 4069 2514 4137 181
2567 4069 2617 4121 in
2663 4077 2712 4122 te
2748 4068 2972 4135 lapidem
3008 4084 3169 4139 super
3212 4070 3459 4139 lapidem,
3493 4088 3557 4128 eo

2030 4160 2167 4226 quod
2196 4172 2303 4211 non
2344 4157 2656 4227 cognoveris
2704 4166 2910 4226 tempus
2957 4160 3276 4213 visitationis
3319 4170 3437 4215 tuae.
3493 4163 3559 4216 Et

2029 4249 2298 4318 ingressus
2331 4247 2385 4300 in
2419 4246 2690 4314 templum,
2720 4247 2882 4314 cmpit
2911 4248 3105 4316 ejicere
3126 4250 3434 4314 vendentcs,
3477 4255 3557 4303 di-

371 4346 555 4410 τοθεν,
594 4348 691 4399 καὶ
721 4347 991 4414 ἐδαφιοῦσί
1024 4366 1101 4413 σε,
1148 4350 1329 4402 καὶτὰ
1355 4350 1515 4402 τέκνα
1561 4367 1672 4413 σου,
1710 4352 1799 4404 xal
1835 4352 1933 4403 οὐκ

2038 4353 2158 4393 cens
2205 4338 2345 4392 illis:
2384 4336 2654 4404 Scriptum
2690 4346 2771 4390 est
2810 4352 2823 4389 :
2854 4336 2919 4390 Et
2945 4338 3046 4390 erit
3076 4338 3260 4392 domus
3293 4355 3430 4405 mea,
3456 4341 3550 4394 do-

370 4436 651 4504 ἀφήσουσι
677 4434 818 4487 λίθον
843 4436 932 4487 ἐπὶ
962 4436 1105 4489 λίθον
1138 4440 1194 4490 ἐν
1227 4438 1326 4501 σοὶ,
1361 4438 1473 4490 ἀνθ’
1508 4432 1580 4491 ὧν
1617 4438 1713 4490 οὑκ
1760 4438 1926 4505 ἔγνως

368 4525 468 4577 τὸν
500 4523 692 4591 καιρὸν
721 4524 817 4593 τῆς
841 4525 1138 4594 ἐπισκοπῆς
1180 4542 1288 4577 σου.
1324 4526 1430 4578 Kal
1471 4526 1719 4579 εἰσελθὼν
1751 4529 1828 4588 είς
1868 4528 1926 4579 τὸ

370 4614 526 4682 ἱερὸν
553 4612 758 4682 ήρξατο
786 4612 1059 4666 ἐκϐάλλειν
1100 4615 1222 4674 τοὺς
1261 4614 1585 4677 πωλοῦντας,
1618 4615 1784 4681 λέγων
1827 4615 1923 4667 αὒ-

365 4702 487 4761 τοῖς
507 4715 521 4728 ·
555 4698 869 4767 Γέγραπται
885 4716 899 4729 ο
934 4700 1040 4751 Kal
1063 4698 1211 4751 ἐσται
1238 4700 1265 4751 6
1289 4696 1430 4762 οἶκός
1472 4718 1568 4769 μου
1591 4698 1733 4763 οἶκος
1757 4718 1923 4770 προσ-

366 4785 564 4853 ευχῆς*
608 4785 766 4853 ὑμεῖς
800 4785 856 4836 δὲ
879 4787 1166 4856 ἐποιήσατε
1190 4788 1345 4841 αὑτὸν
1370 4788 1626 4857 σπήλαιον
1648 4789 1872 4860 λῃστῶν.
1898 4810 1918 4843 ι

371 4876 525 4926 Ἔτι·
548 4873 609 4925 δέ
642 4874 738 4924 καὶ
774 4872 930 4924 τοῦτο
974 4876 1400 4945 παρατηρητέον,
1454 4877 1534 4927 ὅτι
1566 4878 1676 4938 τοῖς
1705 4878 1923 4947 εἰρημέ-

365 4977 485 5022 νοις
523 4959 676 5027 παρά
702 4962 813 5021 τοῖς
852 4960 1026 5029 τρισὶν
1052 4961 1143 5012 ἐπὶ
1168 4965 1232 5031 τῇ
1262 4964 1339 5025 είς
1383 4962 1717 5031 Ἱεροσόλυμα
1757 4966 1923 5035 ἀνόδῳ

364 5051 465 5103 τοῦ
502 5048 733 5116 Κυρίου,
766 5048 887 5100 καθ’
919 5049 984 5117 ἢν
1020 5050 1187 5102 ταῦτα
1230 5051 1522 5119 πεποίηκεν
1571 5053 1628 5102 ἐν
1665 5051 1738 5121 τῷ
1778 5055 1921 5125 ἱερῷ,

364 5138 438 5189 τὰ
486 5133 841 5204 παραπλήσια
886 5134 1181 5203 ἀνέγραψεν
1216 5139 1243 5189 6
1298 5136 1545 5205 Ἰωάννης
1583 5137 1716 5205 μετά
1757 5140 1921 5193 πολλά

365 5225 681 5294 γεγονέναι,
720 5224 858 5293 μετά
904 5224 1089 5291 ἑτέραν
1118 5226 1274 5278 αὑτοῦ
1315 5226 1461 5297 παρά
1510 5226 1602 5294 τὴν
1638 5228 1919 5303 ἐπιδημίαν

365 5320 488 5378 τοῖς
547 5311 960 5382 Ἱεροσολύμοις.
1005 5310 1149 5364 Οὕτω
1200 5315 1255 5367 δὲ
1293 5311 1646 5381 κατανοητέον
1676 5314 1743 5365 τά
1773 5319 1920 5388 εἰρη-

445 5450 495 5482 ⁸⁸
512 5448 647 5501 Joan
686 5464 742 5511 ιι,
761 5447 828 5499 15
853 5457 973 5509 seq.
1068 5445 1109 5477 "
1137 5446 1444 5506 Matth.xxr,
1464 5441 1530 5494 l0
1557 5455 1667 5510 seq.

449 5558 564 5623 (3i)
595 5557 770 5626 Culex
806 5552 1141 5626 Bodlejnntts,
1172 5556 1447 5626 ἀνέτρεψε.

449 5618 566 5690 {335)
600 5625 735 5676 Idem
761 5620 940 5674 codex
975 5618 1275 5678 Bodleianus
1296 5618 1537 5686 'itérum,
1565 5621 1845 5694 ἀνέίοεψε.

2031 4445 2148 4484 mus
2189 4428 2540 4499 precationis;
2582 4442 2676 4482 vos
2723 4437 2901 4482 autem
2935 4426 3136 4482 fecistis
3164 4428 3305 4485 illam
3336 4430 3551 4499 spelun-

2028 4532 2143 4572 cam
2174 4517 2456 4571 latronum.
2489 4535 2509 4568 ι
2543 4515 2807 4571 Ριαιιοτεα
2845 4518 2944 4572 hoc
2966 4518 3124 4571 etiam
3158 4519 3545 4574 observandum

2028 4614 2131 4670 est,
2156 4606 2296 4673 quod
2316 4605 2413 4659 'his
2440 4620 2555 4673 quae
2574 4604 2713 4659 dicta
2738 4614 2861 4659 sunt
2882 4607 3019 4675 apud
3054 4615 3161 4660 tres
3194 4607 3547 4675 evangelistas

2026 4696 2079 4749 in
2104 4709 2323 4749 ascensu
2354 4694 2561 4748 Domini
2591 4695 2655 4749 ad
2680 4695 3117 4765 Hierosolymam,
3144 4698 3196 4750 in
3214 4712 3318 4766 quo
3344 4699 3455 4752 haec
3470 4699 3546 4752 fe-

2026 4786 2103 4839 cit
2126 4786 2179 4839 in
2210 4784 2426 4850 templo,
2456 4785 2650 4842 similia
2683 4786 2957 4853 scripserit
2976 4785 3207 4841 Joannes
3235 4797 3352 4853 post
3379 4788 3541 4841 multa

2026 4874 2189 4929 fuisse
2221 4873 2379 4937 facta,
2415 4887 2603 4942 nempe
2645 4882 2762 4942 post
2793 4874 3015 4929 alterum
3065 4875 3228 4942 ipsius
3260 4875 3540 4927 adventum

2026 4964 2092 5017 ad
2110 4963 2546 5032 Hierosolymam,
2568 4977 2595 5015 a
2625 4963 2866 5031 presenti
2895 4964 3179 5016 diversum.
3204 4961 3337 5014 Sunt
3365 4970 3540 5015 autem

2027 5055 2167 5111 hunc
2213 5053 2267 5105 in
2319 5052 2529 5105 modum
2579 5052 2993 5106 consideranda:
3045 5060 3203 5118 atque
3255 5052 3309 5105 in
3356 5052 3542 5118 primis

2025 5158 2141 5213 qua:
2174 5157 2205 5195 a
2237 5141 2485 5195 Matthato
2514 5143 2789 5197 traduntur
2822 5142 2898 5196 ⁶²ι
2951 5158 2970 5192 ι
2997 5140 3063 5194 Ει
3090 5154 3209 5194 cum
3251 5142 3538 5207 appropin-

2024 5238 2273 5299 quassent
2310 5226 2700 5296 Hierosolymis,
2730 5234 2782 5278 et
2828 5228 3095 5280 venissent
3137 5225 3437 5292 Bethphage
3476 5227 3542 5280 ad

2027 5327 2252 5373 montem
2274 5315 2562 5378 Olivarum,
2588 5323 2710 5367 tunc
2732 5312 2883 5367 Jcsus
2908 5314 3051 5371 misit
3075 5314 3204 5369 duos
3233 5311 3540 5382 discipulos,

1771 5448 1987 5504 “Marc.
2003 5465 2075 5514 ιι,
2105 5448 2170 5501 l5
2190 5461 2302 5516 seq.
2373 5447 2414 5479 ⁸³
2432 5447 2556 5502 Luc.
2575 5462 2686 5512 XIX,
2708 5446 2768 5498 M
2788 5460 2899 5513 seq.
2988 5447 3031 5479 “
3054 5445 3239 5501 Matth.
3257 5458 3367 5508 ut,
3384 5445 3541 5514 iseq.

2066 5559 2202 5697 ,ἔξω
2245 5560 2424 5616 Codex
2460 5562 2776 5617 Bodleianus
2807 5576 2901 5629 pro
2928 5563 3011 5614 ἐπ’
3046 5561 3232 5629 αὑτήν,
3263 5558 3426 5614 habet
3461 5564 3545 5615 ἐπ’

2066 5647 2087 5680 υ
2160 5665 2174 5681 ο

2023 5646 2174 5683 αντη.
