3880 6182
273 314 374 366 345

277 425 457 475 dicens
501 423 609 474 eis:
640 420 711 473 lte
742 421 792 472 in
820 419 1020 481 vicum,
1051 417 1136 484 qui
1174 432 1204 470 e
1239 418 1450 486 regione
1483 418 1644 471 vestri
1691 426 1793 478 est,
1823 420 1865 472 A

276 522 328 562 et
348 511 520 562 statim
542 508 819 560 invenietis
844 507 1044 559 asinam
1070 506 1355 573 alligatam,
1378 517 1427 560 et
1452 507 1646 574 pullum
1673 520 1790 558 cum

276 612 368 656 ea;
411 594 608 654 solvite,
646 601 696 645 et
730 594 975 646 adducite
1007 594 1163 646 mihi:
1213 604 1266 646 et
1307 595 1351 647 si
1380 595 1503 660 quis
1535 594 1684 646 vobis
1712 591 1793 644 di—

276 684 410 734 xerit
444 699 455 732 :
497 681 628 745 Quid
656 680 862 734 facitis?
888 684 1108 736 dicetis:
1152 684 1406 736 Dominus
1437 683 1516 735 his
1545 697 1675 749 opus
1702 682 1792 732 ha-

276 774 398 821 bet:
443 779 497 821 et
541 770 820 824 confestim
869 772 1098 824 dimittet
1128 787 1237 824 eos.
1283 771 1392 824 Hoc
1421 781 1596 824 autem
1629 780 1793 822 totum

277 857 468 908 factum
495 868 592 919 est,
625 867 679 909 ut
703 858 1010 926 impleretur
1033 860 1170 926 quod
1199 859 1392 912 dictutn
1435 869 1514 912 est
1550 875 1640 925 per
1673 871 1794 924 pro-

276 946 486 1010 phetam
517 948 808 999 dicentem:
843 949 1011 1002 Dicite
1036 949 1158 1002 lilia:
1185 949 1338 1003 Sion:
1375 947 1508 1002 Ecce
1538 947 1644 999 Rex
1680 955 1797 1000 tuus

274 1034 418 1084 venit
443 1045 777 1098 mansuetus,
809 1047 862 1088 et
883 1039 1073 1090 sedens
1103 1051 1260 1104 super
1285 1037 1504 1094 asinam,
1529 1045 1580 1088 et
1601 1035 1795 1101 pullum

276 1120 438 1172 lilium
473 1121 776 1190 subjugalis.
807 1121 1031 1176 Profecd
1065 1132 1241 1176 autem
1276 1125 1518 1192 discipuli
1559 1125 1797 1177 fecerunt

275 1210 413 1262 sicut
442 1222 761 1278 praeceperat
796 1213 898 1266 illis
921 1213 1094 1279 Jesus,
1122 1225 1175 1268 et
1205 1217 1536 1269 adduxerunt
1565 1217 1795 1278 asinam,

273 1308 324 1348 et
356 1299 550 1364 pullum
578 1339 592 1362 ,
632 1311 683 1353 et
733 1302 1097 1368 imposuerunt
1147 1321 1307 1370 super
1351 1321 1440 1359 eos
1485 1307 1794 1359 vestimenta

272 1403 398 1450 sna,
429 1397 483 1440 et
513 1388 706 1442 insedit
738 1391 860 1442 illis.
894 1391 1122 1444 Plurima
1161 1405 1336 1447 autem
1395 1395 1548 1447 turba
1591 1405 1796 1448 strave-

276 1482 394 1524 runt
434 1475 744 1529 vestimcnla
773 1492 864 1528 sua
894 1478 942 1529 in
968 1481 1071 1532 via.
1108 1480 1273 1534 Porro
1302 1481 1486 1544 turba},
1518 1497 1633 1548 quae
1668 1496 1796 1549 prae-

271 1562 529 1614 cedebant
552 1579 690 1626 eum,
720 1577 772 1617 et
801 1567 1172 1631 sequebantur,
1201 1570 1502 1622 clamabant
1531 1570 1793 1622 dicentes:

273 1649 518 1703 llosanna
543 1653 648 1704 lilio
676 1655 856 1718 David,
888 1657 1201 1710 benedictus
1224 1661 1309 1725 qui
1343 1661 1481 1710 venit
1509 1661 1558 1710 in
1585 1661 1797 1711 nomine

277 1738 513 1791 Domini:
549 1739 792 1793 HOSanna
833 1743 882 1793 in
912 1743 1209 1798 altissimis!
1247 1765 1264 1794 ι
1309 1747 1507 1798 Deinde
1542 1761 1668 1798 vero
1714 1760 1799 1798 se-
1828 1726 1869 1778 Β

274 1838 506 1893 qnnntur
545 1848 556 1880 :
595 1849 611 1880 ι
635 1831 699 1884 Ει
742 1847 858 1884 cum
913 1833 1166 1886 intrasset
1216 1835 1326 1901 ipse
1360 1835 1795 1901 Hierosolymam,

277 1927 536 1971 commota
569 1933 650 1972 est
676 1921 916 1974 universa
953 1923 1159 1984 civitas,
1192 1941 1209 1971 ι
1255 1937 1373 1990 qua:
1420 1923 1468 1972 in
1513 1922 1802 1989 superiori-

279 2008 375 2058 bns
405 2007 708 2063 citavimus.
758 2009 905 2063 Nunc
939 2027 1066 2064 vero
1097 2014 1254 2064 verba
1306 2011 1466 2063 Marci
1499 2013 1802 2064 considere-

279 2110 393 2148 mus
416 2096 495 2149 “z
533 2114 551 2146 ι
587 2097 650 2148 Ει
680 2113 796 2150 cum
826 2101 1247 2166 apprOpinquant
1301 2100 1702 2169 Hierosolymis,
1733 2102 1800 2153 ad

279 2179 576 2252 Bethphage
621 2194 675 2237 et
700 2185 1029 2251 Dethaniam,
1057 2187 1204 2253 juxta
1235 2199 1461 2240 montem
1505 2188 1798 2253 Olivarum,

277 2272 472 2324 emittit
519 2275 649 2326 duos
675 2289 705 2326 e
735 2275 1004 2342 discipulis
1034 2277 1143 2329 suis
1165 2313 1182 2340 ,
1220 2289 1272 2330 et
1317 2278 1443 2330 dicit
1472 2278 1609 2331 illis:
1640 2278 1800 2331 Abite

279 2361 331 2410 in
351 2360 543 2424 vicum,
565 2363 654 2430 qui
685 2377 716 2416 e
744 2364 959 2432 regione
985 2367 1142 2418 vestri
1195 2377 1275 2420 est
1299 2407 1315 2430 ,
1339 2377 1390 2420 et
1422 2368 1603 2420 statim
1628 2368 1801 2434 ingre-

281 2449 487 2504 dientes
514 2453 565 2504 in
602 2454 749 2505 illum
780 2455 1065 2508 invenietis
1098 2457 1291 2523 pullum
1325 2458 1614 2525 alligatum,
1645 2472 1802 2524 super

281 2554 436 2604 quem
467 2541 637 2593 nullus
670 2543 840 2594 adhuc
867 2544 1133 2596 hominum
1159 2545 1325 2597 sedit:
1360 2545 1545 2596 solvite
1572 2559 1712 2608 eum,
1748 2552 1801 2596 et

281 2628 543 2680 adducite.
577 2630 639 2681 Et
669 2630 711 2684 si
739 2632 859 2697 quis
888 2633 1040 2684 vobis
1067 2633 1289 2686 dixerit:
1320 2635 1426 2686 Cur
1454 2634 1624 2687 facitis
1662 2635 1802 2687 hoc?

282 2717 443 2770 dicite
476 2719 612 2784 quod
650 2719 904 2773 Dominus
932 2737 995 2774 eo
1044 2736 1176 2789 opus
1212 2723 1411 2786 habet,
1453 2733 1506 2776 et
1554 2725 1801 2777 continuo

287 2803 429 2854 illum
457 2804 626 2856 mittet
653 2805 772 2858 hnc.
804 2806 869 2859 Et
895 2809 1158 2874 abierunt,
1186 2820 1238 2864 et
1268 2813 1580 2864 invenerunt
1603 2813 1798 2879 pullum

282 2890 550 2956 alligatum
588 2891 737 2958 juxta
768 2893 982 2960 januam
1028 2895 1156 2949 foris
1193 2898 1242 2950 in
1279 2899 1456 2961 bivio,
1496 2907 1549 2952 et
1595 2899 1802 2953 solvunt

281 2980 449 3031 illum.
488 2980 551 3032 Et
589 2983 824 3035 nonnulli
857 2998 1061 3048 eorum,
1105 2987 1195 3052 qui
1239 2988 1341 3040 illic
1375 2989 1619 3052 stabant,
1667 2991 1803 3043 dice—
1827 3011 1870 3067 ο

281 3068 408 3119 bant
436 3068 572 3122 illis:
606 3069 740 3133 Quid
769 3071 940 3125 facitis
968 3073 1229 3127 solventes
1267 3077 1463 3144 pullum
1484 3078 1507 3129 ’ί
1531 3080 1600 3130 At
1624 3078 1698 3131 illi
1727 3080 1804 3132 di-

283 3166 476 3209 xerunt
506 3159 584 3211 eis
612 3161 1054 3225 quemadmodum
1088 3176 1407 3230 praeceperat
1436 3165 1619 3230 Jesus;
1651 3177 1702 3221 et
1727 3168 1804 3219 si-

283 3245 480 3295 nebant
527 3247 680 3298 illos:
715 3257 766 3300 et
796 3253 1122 3303 adduxerunt
1152 3253 1348 3319 pullum
1391 3256 1455 3306 ad
1499 3255 1675 3308 Jesum
1706 3295 1719 3318 ,
1753 3265 1806 3309 et

285 3329 579 3394 injecerunt
621 3334 773 3401 182
828 3337 902 3388 illi
956 3338 1269 3410 vestimenta
1315 3355 1428 3392 sua.
1479 3343 1581 3393 Alii
1628 3351 1804 3396 autem

285 3419 501 3471 l'rondes
524 3421 794 3475 caedebant
818 3425 881 3475 de
901 3425 1199 3488 arboribus,
1226 3440 1278 3480 et
1294 3431 1600 3482 sternebant
1621 3430 1672 3482 in
1701 3434 1801 3484 via.

286 3505 350 3555 Et
380 3506 469 3570 qui
499 3509 860 3572 praecedebant
887 3549 901 3571 ,
952 3513 1150 3579 quique
1185 3517 1542 3583 sequebantur
1563 3555 1578 3580 ,
1609 3520 1806 3574 clama-

286 3593 410 3645 bant
459 3594 728 3648 dicentes:
782 3596 1046 3666 Hosanna,
1101 3601 1403 3658 benedictus
1453 3607 1539 3672 qui
1581 3608 1720 3660 venit
1752 3609 1804 3660 in

287 3684 500 3736 nomine
548 3685 790 3743 Domini:
825 3688 1163 3742 Benedictum
1211 3695 1349 3760 quod
1398 3700 1538 3755 venit
1589 3710 1803 3763 regnum

286 3774 451 3835 patris
482 3776 646 3827 nostri
686 3776 874 3832 David:
907 3777 1154 3832 liosanna
1186 3783 1236 3832 in
1271 3783 1580 3836 altissimis!
1629 3783 1695 3837 Et
1727 3785 1810 3837 in-

285 3875 498 3926 gressus
534 3871 615 3915 est
645 3862 1054 3933 Hierosolymam
1089 3868 1138 3921 in
1175 3870 1447 3936 templum,
1476 3880 1526 3924 et
1560 3887 1676 3924 cum
1703 3873 1808 3925 cir-

287 3954 670 4020 cumspexisset
704 3957 898 4019 omnia,
930 3957 1147 4025 jamque
1184 3968 1388 4026 tempus
1421 3970 1558 4013 esset
1594 3976 1809 4028 vesper-

289 4043 476 4106 tinum,
527 4045 792 4111 ingressus
817 4053 896 4097 est
927 4046 1235 4098 Bethaniam
1264 4062 1381 4099 cum
1410 4049 1725 4115 duodecim;
1755 4061 1808 4104 et

287 4141 496 4194 postero
523 4133 607 4183 die
632 4171 646 4193 ,
683 4148 801 4184 cum
847 4137 1079 4186 exissent
1113 4136 1385 4198 Bethania,
1417 4139 1628 4189 esuriit.
1658 4157 1676 4188 ι
1716 4141 1808 4194 De-

289 4219 407 4270 inde
437 4229 553 4284 post
585 4220 714 4273 licus
747 4223 991 4274 arefacta:
1026 4223 1350 4290 mysterium,
1381 4241 1398 4273 ι
1439 4228 1654 4280 veniunt
1685 4229 1802 4283 Ilie-

1709 302 1954 358 ORIGEN
1961 302 2022 356 IS

3396 288 3538 344 54-5

1899 413 2028 480 μένα
2049 429 2061 441 ·
2091 411 2183 464 καὶ
2217 413 2422 480 πρῶτόν
2463 429 2524 479 γε
2575 411 2642 465 τά
2686 409 2949 480 Ματθαίῳ
2981 408 3095 479 (37)
3140 406 3484 474 λεγόμενα
3509 417 3532 434 ⁶

1898 520 1915 549 ι
1958 501 2063 551 Καὶ
2082 501 2167 552 ὅτε
2217 502 2435 569 ἤγγισεν
2473 502 2553 562 είς
2603 500 2964 568 Ἰεροσόλυμα,
3013 498 3109 550 καὶ
3153 493 3364 566 ἦλθεν
3433 492 3542 550 εἰς

1893 589 2177 659 Βηθφαγὴν
2207 591 2340 658 πρὸς
2365 590 2423 641 τὸ
2452 590 2574 658 ὅρος
2614 587 2721 640 τῶν
2777 587 3021 649 Ἐλαιῶν,
3070 585 3194 636 τότε
3263 577 3540 650 ἰησοῦς

1892 679 2170 732 ἀπέστειλε
2212 679 2302 731 δύο
2342 679 2602 747 μαθητὰς,
2653 678 2826 744 λέγων
2877 677 3100 737 αὐτοῖς·
3145 667 3538 740 Πορεύεσθε

1893 772 1970 832 εἰς
2000 769 2093 837 τὴν
2129 768 2314 837 κώμην
2343 768 2438 837 τὴν
2471 768 2726 820 ἀπέναντι
2761 766 2872 834 (58)
2907 764 3083 833 ὑμῶν,
3124 763 3231 815 καὶ
3273 757 3540 816 εὐθέως

1893 859 2143 927 εὑρήσετε
2173 859 2290 909 ὄνον
2308 856 2609 925 δεδεμένην,
2636 856 2726 907 καὶ
2760 855 2937 905 πῶλον
2974 854 3092 922 μετ’
3122 850 3326 916 αὐτῆς
3355 865 3372 878 ·
3414 845 3539 896 λύ-

1895 964 2077 1008 σαντες
2097 947 2324 1013 ἀγάγετέ
2352 963 2466 1014 μοι·
2499 946 2587 998 καὶ
2614 945 2706 996 ἐάν
2731 961 2811 1005 τις
2841 945 2968 1011 ὑμῖν
3008 943 3157 1010 εἴπῃ·
3185 940 3267 990 Τί
3317 935 3538 987 ποιεῖ-

1892 1053 1949 1087 τε
1979 1035 2162 1097 τοῦτο;
2191 1037 2382 1103 ἐρεῖτε,
2405 1035 2482 1086 ὅτι
2508 1036 2535 1084 ὁ
2557 1033 2754 1101 Κύριος
2784 1031 2962 1084 αὐτῶν
2985 1030 3174 1098 χρείαν
3206 1029 3376 1095 ἔχει·
3419 1026 3532 1076 εὑ·-

1894 1124 1986 1186 θὺς
2008 1124 2061 1176 δὲ
2093 1124 2371 1176 ἀποστελεῖ
2401 1124 2610 1184 αὐτούς.
2647 1122 2812 1174 Τοῦτο
2841 1121 2896 1172 δέ
2920 1121 3163 1186 γέγονεν,
3207 1119 3320 1169 ἵνα
3356 1115 3536 1183 πλη-

1898 1214 2036 1282 ρωθῇ
2063 1215 2120 1264 τὸ
2149 1214 2307 1283 ῥηθὲν
2343 1214 2428 1266 διὰ
2459 1213 2548 1264 τοῦ
2593 1213 2867 1281 προφήτου
2911 1210 3162 1276 λέγοντος
3184 1226 3198 1238 ·
3263 1207 3534 1259 Εἴπατε

1891 1306 1957 1372 τῇ
2010 1304 2230 1372 θυγατρὶ
2279 1303 2444 1354 Σιών·
2514 1302 2640 1354 Ἰδοὺ
2697 1303 2725 1352 ὁ
2777 1299 3030 1368 βασιλεύς
3079 1314 3174 1348 σου
3246 1296 3533 1365 ἔρχεται

1895 1392 2088 1460 πραῢς,
2125 1393 2215 1442 καὶ
2241 1389 2575 1461 ἐπιϐεϐηκὼς
2605 1391 2697 1442 ἐπ)⁵
2730 1390 2871 1450 δνον,
2913 1387 3008 1438 καὶ
3042 1385 3230 1437 πῶλον
3271 1384 3530 1446 ὑποζυ-

1892 1480 2028 1546 γίου.
2077 1481 2432 1549 Πορευθέντες
2482 1479 2538 1530 δὲ
2582 1481 2630 1530 οἱ
2677 1477 2936 1546 μαθηταὶ,
2985 1475 3079 1528 καὶ
3133 1476 3532 1544 ποιήσαντες

1893 1567 2069 1628 καθὼς
2100 1567 2419 1637 προσέταξεν
2443 1569 2622 1628 αὐτοῖς
2650 1569 2680 1618 ὁ
2717 1565 2944 1634 Ἰησοῦς,
2963 1567 3171 1634 ἤγαγον
3192 1564 3313 1633 τὴν
3344 1563 3525 1622 ὄνον,

1895 1657 2093 1709 καὶτὸν
2113 1655 2304 1720 πῶλον,
2338 1657 2429 1708 καὶ
2456 1655 2729 1723 ἐπέθηκαν
2760 1656 2845 1704 ἐπ’
2880 1654 3058 1706 αὐτῶν
3078 1653 3191 1722 (59)
3238 1652 3330 1703 τὰ
3361 1651 3526 1720 ἐμάν

1897 1763 1984 1797 τια
2037 1744 2232 1807 αὐτῶν,
2293 1743 2383 1795 καί⁵
2430 1742 2750 1794 ἐπεκάθισεν
2803 1741 2986 1792 ἐπάνω
3030 1741 3237 1793 αὐτῶν.
3324 1741 3396 1791 ὐ
3441 1739 3522 1791 δὲ

1899 1835 2140 1895 πλεῖστος
2180 1833 2330 1902 ὀχλος
2373 1833 2645 1900 ἔστρωσαν
2700 1829 2909 1882 ἑαυτῶν
2939 1830 3009 1881 τὰ
3050 1831 3250 1900 ἱμάτια.
3312 1831 3385 1882 ἐν
3431 1833 3520 1898 τῇ

1897 1922 2022 1990 ὁδῷ·
2053 1923 2100 1972 οἱ
2136 1921 2192 1972 δὲ
2231 1920 2372 1988 ὄχλοι
2416 1921 2464 1970 οἱ
2511 1920 2841 1986 προάγοντες
2889 1917 3052 1969 αὑτὸν
3097 1916 3233 1984 (40),
3300 1916 3417 1967 καὶ
3455 1917 3516 1968 οι

1897 2011 2299 2071 ἀκολουθοῦντες
2359 2010 2619 2078 ἔκραξαν·
2685 2008 2914 2060 Ὡσαννά
2970 2007 3045 2075 τῷ
3103 2006 3202 2075 υίῴ
3264 2003 3510 2066 Δαυῒδ,

1898 2098 2245 2166 εὐλογημένος
2271 2099 2298 2148 ὁ
2319 2097 2606 2166 ἐρχόμενος
2622 2099 2680 2148 ἐν
2703 2098 2926 2165 ὀνόματι
2953 2095 3152 2164 Κυρίου
3171 2111 3184 2123 ·
3227 2094 3510 2146 Ὡσαννὰ

1899 2188 1954 2238 ἐν
1999 2189 2108 2246 τοῖς
2153 2167 2474 2252 ὑψίστοις..)
2530 2185 2685 2253 Ἑξῆς
2733 2184 2791 2235 δὲ
2831 2184 3030 2236 τούτων
3076 2182 3223 2234 ἐστί·
3291 2201 3313 2232 ι
3371 2182 3514 2235 Καὶ

1898 2273 2220 2334 εἰσελθόντος
2253 2272 2412 2324 αὐτοῦ
2452 2275 2530 2334 εἰς
2575 2274 2940 2343 Ἱεροσόλυμα,
2983 2272 3202 2340 ἐσείσθη
3233 2273 3422 2323 πᾶσα.
3469 2271 3513 2342 ἡ

1898 2362 2067 2423 πόλις,
2097 2381 2116 2413 ι
2149 2362 2301 2414 ἅτινα
2330 2361 2675 2431 παρεθέμεθα
2706 2364 2763 2416 ἐν
2790 2366 2906 2424 τοῖς
2929 2363 3034 2431 πρὸ
3065 2362 3304 2412 τούτων.
3360 2362 3517 2413 Δεό-

1897 2469 2028 2521 τερα
2054 2451 2191 2502 δὲτὰ
2211 2452 2432 2518 Μάρκου
2453 2467 2465 2478 ·
2513 2469 2531 2500 ι
2575 2451 2683 2502 Καὶ
2707 2451 2794 2501 ὅτε
2829 2451 3144 2516 ἐγγίζουσιν
3177 2450 3262 2510 εἰς
3318 2449 3514 2519 Ἱερο-

1901 2541 2118 2608 σόλυμα,
2169 2543 2246 2602 είς
2284 2540 2572 2609 Βηθφαγὴν
2614 2541 2707 2592 καὶ
2747 2539 3040 2608 Βηθανίαν,
3072 2539 3210 2608 πρὸς
3239 2539 3311 2590 τὸ
3359 2540 3511 2610 ὅρος

1897 2630 2002 2682 τῶν
2056 2629 2290 2690 Ἐλαιῶν,
2346 2629 2656 2680 ἀποστέλλει
2696 2628 2788 2679 δύο
2824 2629 2930 2682 τῶν
2980 2627 3243 2696 μαθητῶν
3283 2627 3507 2691 αὑτοῦ,

1899 2722 1989 2770 καὶ
2008 2717 2149 2783 λέγει
2179 2719 2386 2780 αὐτοῖς·
2436 2718 2699 2784 Ὑπάγετε
2731 2720 2810 2778 είς
2843 2717 2940 2786 τὴν
2974 2716 3174 2785 κώμην
3197 2716 3304 2785 τὴν
3356 2734 3512 2769 κοιτ-

1899 2806 2071 2859 ἐναντι
2101 2805 2266 2872 ὑμῶν,
2295 2806 2387 2856 καὶ
2416 2805 2573 2868 εὐθὺς
2600 2807 2950 2875 πορευόμενοι
2978 2807 3061 2867 εἰς
3087 2806 3292 2873 αὐτὴν,
3320 2807 3513 2876 εὑρή-

1902 2911 2017 2946 σετε
2051 2894 2221 2946 πῶλον
2249 2894 2542 2963 δεδεμένον,
2567 2896 2649 2963 ἐφ’
2678 2895 2735 2946 ὃν
2769 2895 2943 2957 οὐδεὶς
2973 2895 3036 2946 οῦ
3049 2913 3132 2946 πω
3161 2895 3509 2964 ἀνθρώπων

1901 2981 2140 3036 ἐκάθισε·
2175 2982 2366 3034 λύσατε
2391 2983 2570 3044 αὐτὸν,
2594 2985 2688 3035 καὶ
2721 2985 2934 3053 φέρετε.
2970 2984 3083 3034 Καὶ
3107 2981 3207 3035 ἐάν
3234 3002 3329 3046 τις
3361 2986 3511 3054 ὑμῖν

1903 3070 2026 3140 εἴπῃ
2045 3088 2058 3100 ·
2100 3071 2162 3121 Τί
2187 3073 2384 3122 ποιεῖτε
2415 3070 2599 3134 τοῦτο;
2639 3071 2851 3134 εἴπατε,
2880 3076 2967 3127 ὅτι
2997 3073 3026 3122 ὁ
3058 3073 3272 3142 Κύριος
3313 3073 3508 3126 αὑτοῦ

1903 3161 2085 3230 χρείαν
2131 3160 2258 3228 ἔχει,
2316 3159 2406 3211 καὶ
2463 3160 2620 3222 εὐθὺς
2666 3160 2826 3212 αὐτὸν
2876 3162 3176 3212 ἀποστελεῖ
3205 3156 3344 3214 ὧδε.
3382 3163 3509 3217 Καὶ

1902 3248 2157 3316 ἀπῆλθον,
2205 3249 2299 3300 καὶ
2343 3242 2499 3317 εὗρον
2543 3247 2718 3300 πῶλον
2766 3249 3054 3316 δεδεμένον
3117 3251 3260 3320 πρὸς
3311 3251 3512 3322 θύραν

1901 3336 2002 3401 ἔξω
2029 3337 2117 3388 ἐπὶ
2147 3335 2239 3387 τοῦ
2266 3336 2523 3403 ἀμφόδου,
2554 3336 2647 3386 καὶ
2676 3336 2893 3387 λύουσιν
2944 3337 3140 3390 αὐτόν.
3185 3339 3304 3389 Καί
3343 3356 3511 3402 τινες

1900 3426 2006 3478 τῶν
2033 3429 2144 3478 ἐκεῖ
2164 3426 2404 3477 ἑστώτων
2433 3425 2614 3491 ἔλεγον
2643 3426 2823 3486 αὐτοῖς
2841 3441 2854 3453 ·
2902 3426 2968 3476 Τί
3013 3430 3226 3478 ποιεῖτε
3259 3427 3510 3491 λύοντες

1901 3517 1990 3568 τὸν
2027 3515 2234 3577 πῶλον;
2270 3515 2332 3566 Oi
2361 3514 2417 3565 δέ
2455 3511 2605 3566 εἷπον
2645 3515 2826 3575 αὐτοῖς
2865 3514 3050 3577 καθὼς
3091 3513 3252 3567 εἶπεν
3291 3521 3324 3570 ὁ
3383 3520 3504 3587 ἰη-

1905 3604 2057 3665 σοῦς·
2104 3605 2194 3656 καὶ
2221 3603 2432 3672 ἀφῆκαν
2473 3601 2696 3664 αὐτούς·
2735 3603 2830 3654 καὶ
2875 3603 3106 3673 φέρουσι
3152 3605 3246 3657 τὸν
3306 3605 3508 3659 πῶλον

1905 3693 2035 3761 πρὸς
2063 3691 2148 3745 τὸν
2189 3691 2405 3760 Ἰησοῦν,
2435 3692 2528 3743 καὶ
2559 3690 2937 3743 ἐπιϐάλλουσιν
2988 3694 3145 3763 αὐτῷ
3183 3695 3255 3748 τὰ
3288 3697 3506 3764 ἱμάτια

1904 3787 2096 3838 αὐτῶν.
2133 3785 2310 3837 Ι’Δλλοι
2344 3784 2399 3837 δέ
2421 3784 2699 3846 στοιϐάδας
2729 3785 2996 3852 κόψαντες
3033 3790 3100 3838 ὲκ
3136 3789 3249 3839 τῶν
3291 3791 3505 3860 ἀγρῶν

1905 3875 2174 3944 ἔστρωσαν
2195 3875 2272 3936 είς
2288 3873 2384 3942 τὴν
2403 3874 2535 3926 ὁδόν.
2556 3875 2663 3925 Καὶ
2681 3876 2728 3924 οξ
2758 3876 3123 3941 προάγοντες,
3158 3879 3254 3930 καὶ
3279 3882 3337 3931 οί
3369 3881 3509 3933 ἀκο-

1905 3960 2446 4031 λουθοῦντεςέκραζον
2459 3978 2470 3990 ·
2491 3961 2735 4024 Ὡσαννὰ,
2752 3963 3164 4032 εὐλογημένοςό
3184 3968 3507 4037 ἐρχόμενος

1907 4055 1961 4103 ἐν
1989 4051 2204 4120 ὀνόματι
2226 4051 2446 4120 Κυρίου·
2473 4051 2818 4121 Εὐλογημένη
2854 4055 2886 4121 ἠ
2921 4057 3203 4125 ἐρχομένη
3233 4057 3507 4124 βασιλεία.

1905 4141 1994 4191 τοῦ
2028 4141 2235 4209 Πατρὸς
2263 4140 2415 4208 ἡμῶν
2443 4140 2627 4192 Δαυῖδ·
2685 4142 2915 4195 Ὡσαννὰ
2949 4145 3009 4196 ἐν
3057 4149 3176 4207 τοῖς
3212 4147 3504 4214 ὑψίστοις.

1907 4228 2013 4280 Καὶ
2033 4228 2272 4297 εἰσῆλθεν
2297 4231 2372 4291 είς
2414 4230 2773 4298 Ἱεροσόλυμα,
2800 4233 2879 4292 εἰς
2899 4232 2961 4283 τὸ
2988 4234 3163 4300 ἱερὸν,
3197 4237 3297 4287 καὶ
3335 4254 3507 4308 περι-

289 4302 627 4369 rosolymam.
657 4305 722 4357 Et
747 4307 1012 4374 ingressus
1035 4309 1086 4360 in
1123 4309 1390 4376 templum,
1421 4314 1581 4379 tmpit
1612 4316 1804 4382 ejicere

1910 4317 2230 4385 ϐλεψάμενος
2261 4319 2453 4379 πάντα,
2488 4319 2582 4385 ὀψὲ
2615 4319 2713 4387 ῆδη
2762 4319 2928 4388 οῦσης
2959 4322 3060 4390 τῆς
3101 4323 3279 4393 ὧρας,
3334 4302 3509 4392 ἐξῆλ.
3563 4382 3568 4387 _

289 4391 591 4454 vendentes,
627 4413 645 4444 ι
683 4405 735 4445 et
762 4410 876 4460 qua:
919 4408 1212 4463 sequuntur
1251 4401 1390 4454 hunc
1433 4403 1484 4455 in
1520 4406 1730 4459 modum
1774 4425 1803 4462 a

285 4477 426 4530 Luca
457 4491 672 4534 narrata
693 4483 770 4535 “z
811 4501 829 4533 ι
863 4483 928 4537 Et
959 4488 1154 4552 evenit,
1185 4504 1304 4542 cum
1331 4496 1807 4564 appropinquasset

292 4570 355 4620 ad
383 4568 676 4640 Betltphage
697 4583 749 4626 et
780 4575 1109 4639 Bethaniam,
1142 4577 1293 4643 juxta
1319 4592 1565 4647 montem,
1593 4588 1682 4653 qui
1712 4604 1804 4641 vo-

289 4669 439 4710 ratur
463 4659 748 4724 Olivarum,
777 4664 916 4716 misit
933 4666 1065 4718 duos
1087 4667 1393 4734 discipulos,
1417 4674 1628 4728 dicens:
1655 4677 1808 4732 Abite

289 4749 342 4800 in
391 4751 661 4804 castellum
695 4754 834 4820 quod
879 4764 1053 4810 estex
1086 4758 1330 4825 adverso,
1382 4761 1433 4813 in
1467 4765 1606 4831 quod
1642 4768 1806 4821 intro-

287 4849 472 4893 euntes
523 4842 800 4896 invenietis
840 4845 1034 4912 pullum
1084 4846 1352 4914 alligatum
1379 4891 1393 4914 ,
1432 4853 1481 4906 in
1515 4870 1619 4921 quo
1653 4873 1806 4910 nemo

289 4942 516 4994 unquam
547 4931 816 4984 hominum
841 4934 978 4986 sedit
1001 4951 1016 4998 ;
1046 4936 1233 4990 solvite
1254 4939 1425 5003 illum,
1447 4952 1501 4994 et
1528 4944 1802 5009 adducite;

289 5029 337 5068 et
361 5019 403 5070 si
433 5021 551 5085 quis
576 5035 668 5074 vos
695 5021 1128 5091 interrogaveril:
1159 5027 1333 5092 Quare
1356 5031 1598 5084 solvitis?
1623 5033 1700 5086 sic
1721 5033 1805 5087 di-

289 5107 451 5159 cetis:
483 5109 616 5172 Quia
652 5109 904 5165 Dominus
940 5129 1003 5167 eo
1035 5129 1165 5181 opus
1199 5117 1376 5170 habet.
1412 5119 1672 5178 Abierunt
1712 5137 1806 5173 au-

311 5208 392 5244 em
424 5198 688 5266 discipuli,
719 5211 771 5252 et
811 5202 1122 5256 invenerunt
1149 5206 1286 5259 sicut
1319 5207 1527 5261 dixerat
1553 5211 1650 5265 eis.
1689 5210 1804 5264 Sol-

355 5285 400 5314 “
423 5290 582 5342 Marc.
658 5305 730 5348 xl,
764 5291 786 5341 l
821 5309 935 5361 seq.
1010 5295 1055 5326 “
1081 5293 1206 5348 Luc.
1241 5313 1347 5360 xu,
1376 5297 1445 5351 29
1479 5314 1594 5366 seq.

361 5377 467 5440 (37)
495 5380 666 5435 Codex
692 5383 1022 5446 Bodleianns,
1059 5387 1193 5438 κατὰ
1222 5390 1511 5442 Ματθαῖον.

362 5446 467 5510 ('58)
495 5448 631 5498 idem
659 5452 819 5501 codex
849 5450 1179 5513 Bodleianus,
1206 5457 1497 5506 κατέναντι.

363 5513 469 5580 (59)
504 5513 639 5565 Idem
679 5518 841 5568 codex
879 5518 1212 5584 Bodleianus,
1241 5523 1324 5571 ἐπ’
1357 5523 1530 5577 αὐτόν.

1908 4408 1994 4460 θεν
2015 4409 2090 4468 είς
2109 4407 2370 4476 Βηθανίαν
2400 4410 2538 4476 μετά
2560 4407 2667 4460 τῶν
2691 4408 2919 4472 δώδεκα,
2976 4414 3075 4466 καὶ
3113 4417 3183 4483 τῇ
3219 4418 3505 4488 ἐπαύριον

1909 4497 2220 4560 ἐξελθόντων
2260 4499 2432 4551 αὐτῶν
2472 4503 2579 4554 ἀπὸ
2611 4505 2897 4574 Βηθανίας,
2939 4510 3262 4565 ἐπείνασεν.
3301 4529 3318 4559 ι
3356 4509 3509 4564 Εἶτα

1913 4587 2044 4654 μετά
2077 4587 2173 4656 τὴν
2206 4589 2300 4656 τῆς
2333 4589 2719 4663 ξηραινομένης
2749 4598 2918 4664 συκῆς
2964 4598 3320 4666 οἰκονομίαν,
3363 4620 3381 4650 ι
3417 4601 3508 4670 ἕρ-

1912 4694 2088 4744 χονται
2124 4680 2200 4739 εἰς
2247 4680 2601 4750 Ἱεροσόλυμα.
2655 4686 2762 4736 Καὶ
2803 4685 3058 4737 εἰσελθὼν
3102 4691 3190 4750 εἰς
3230 4690 3297 4742 τὸ
3348 4693 3508 4761 ἱερὸν

1910 4770 2103 4839 ἧρξατο
2127 4769 2397 4821 ἐκϐάλλειν
2428 4771 2551 4831 τοὺς
2583 4773 2916 4837 πωλοῦντας,
2945 4795 2964 4825 ›
2991 4777 3084 4828 καὶ
3113 4779 3189 4831 τὰ
3227 4782 3363 4851 ἑξῆς
3405 4783 3506 4834 τοῦ

1908 4861 2086 4911 Λουκᾶ
2131 4861 2236 4928 (Μ)
2285 4861 2467 4916 τοῦτον
2511 4865 2602 4916 τὸν
2633 4866 2863 4934 τρόπον·
2902 4885 2920 4917 ι
2952 4869 3064 4919 Καὶ
3122 4872 3363 4935 ἐγένετο
3424 4875 3508 4936 ὡς

1908 4950 2124 5018 ἤγγισεν
2163 4952 2239 5011 είς
2270 4951 2556 5022 Βηθφαγὴν
2597 4955 2688 5006 καὶ
2728 4956 3018 5025 Βηθανίαν,
3064 4961 3218 5028 πρὸς
3264 4965 3329 5015 τὸ
3371 4965 3509 5034 ὅρος

1908 5037 1966 5088 τὸ
1995 5037 2312 5107 καλούμενον
2361 5041 2599 5104 Ἐλαιῶν,
2633 5044 2919 5097 ἀπέστειλε
2947 5046 3041 5098 δύο
3067 5050 3186 5102 τῶν
3228 5053 3506 5122 μαθητῶν

1908 5129 2102 5194 λέγων·
2155 5129 2419 5196 Ὑπάγετε
2455 5134 2533 5194 είς
2571 5133 2667 5202 τὴν
2714 5137 2998 5191 κατέναντι
3047 5141 3301 5213 κώμην,
3354 5147 3417 5196 ἐν

1908 5219 2332 5288 είσπορευόμενοι
2371 5222 2624 5293 εὑρήσετε
2687 5226 2867 5280 πῶλον
2919 5229 3211 5298 δεδεμένον
3237 5273 3254 5298 ,
3296 5235 3390 5304 ἐφ’
3440 5235 3504 5289 ὃν

1970 5400 2080 5463 (40)
2115 5401 2288 5452 Codex
2319 5401 2660 5466 Bodleianus,
2688 5407 2876 5458 αὑτοῦ.

1969 5467 2078 5535 (41)
2107 5467 2243 5520 idem
2267 5469 2430 5522 codex
2461 5470 2803 5542 Bodleianus,
2827 5476 2907 5547 τῷ
2928 5479 3131 5546 Λουκᾷ.
