3880 6162
402 260 504 314 347

1775 270 1932 327 ORIG
1939 273 2020 325 EN
2028 272 2087 326 IS

3494 269 3610 322 548

402 378 661 442 cordiam,
694 381 995 448 cumprimis
1029 383 1269 439 videntes
1297 384 1514 441 Joannis
1556 396 1753 442 textum
1797 391 1908 443 inci

2023 406 2116 458 νην
2148 391 2276 459 ἡμῖν
2305 388 2527 458 δύναμιν
2570 388 2906 459 ἐκθησόμεθα
2949 387 3166 456 τρόπον.
3219 382 3337 436 Καὶ
3376 379 3614 453 πρῶτόν

405 466 630 531 pientem
654 468 722 519 ab
745 467 847 521 illis
870 471 1045 524 verbis
1073 488 1128 539 ac
1156 473 1214 525 Et
1246 476 1484 529 ascendit
1506 476 1660 532 Jesus
1682 477 1925 532 Hieroso-

404 555 596 623 lymam
627 557 690 610 ⁶⁹.
715 577 733 607 ι
767 558 858 612 Est
882 560 1036 629 igitur
1063 562 1443 634 Hierosolyma,
1463 576 1519 620 ut
1539 568 1649 636 ipse
1674 569 1926 622 Dominus

403 642 556 695 docet
590 644 639 695 in
680 642 965 708 Evangelia
995 653 1283 704 secundum
1316 653 1619 707 Mattbaeum
1644 656 1710 718 ⁷⁸,
1749 674 1766 705 ι
1795 657 1926 711 civi-

405 734 483 779 tas
522 728 659 796 regis
710 734 905 797 magni,
933 751 951 782 ι
985 750 1087 787 ηοη
1115 736 1166 789 in
1197 739 1457 798 convalle,
1492 740 1571 793 vel
1605 740 1807 794 inferne
1831 742 1924 794 ali-

402 814 522 868 cubi
556 817 747 883 posita,
771 820 860 872 sed
888 821 938 873 in
966 822 1072 875 alto
1091 835 1268 878 monte
1289 828 1566 892 aediﬁcata,
1596 844 1658 883 ac
1690 841 1925 885 «montes

401 903 453 956 in
507 905 727 960 circuitu
775 910 917 974 ejus,
976 912 1126 978 cujus
1167 916 1502 983 participatio
1534 917 1646 983 ejus
1681 918 1733 970 in
1785 919 1922 985 idip-

400 1005 517 1045 sum
566 994 645 1042 ἰε
679 1013 697 1045 ι
728 1007 802 1059 et,
873 1015 894 1048 ι
921 998 1045 1051 illuc
1075 1002 1427 1055 ascenderunt
1484 1004 1656 1060 tribus
1693 1006 1920 1070 Domini,

401 1080 755 1136 testimonium
806 1085 987 1139 lsraeli
1040 1088 1105 1140 ".
1137 1106 1154 1138 ι
1214 1088 1443 1143 Vocatur
1490 1105 1663 1145 autem
1714 1094 1828 1147 haec
1870 1104 1926 1148 et

398 1167 609 1236 civitas,
644 1180 697 1223 et
727 1171 1021 1229 Jerusalem
1046 1217 1061 1241 ,
1098 1178 1163 1229 ad
1197 1192 1356 1245 quam
1405 1180 1581 1234 nullus
1614 1197 1796 1236 eorum
1834 1186 1920 1252 qui

399 1265 618 1309 manent
645 1258 695 1310 in
726 1261 915 1323 terris,
951 1265 1184 1317 ascendit
1215 1305 1229 1329 ,
1262 1281 1429 1334 neque
1464 1269 1795 1336 ingreditur;
1831 1273 1920 1325 sed

398 1346 643 1410 quaelibet
679 1350 875 1412 anima,
898 1366 1017 1419 qua:
1041 1356 1334 1408 naturalem
1371 1358 1528 1412 habet
1554 1361 1919 1415 celsitudinem

398 1435 609 1503 vimque
645 1447 797 1491 acute
835 1440 1160 1511 intelligendi
1193 1449 1647 1517 perspicieudique
1678 1452 1920 1522 intelligi-

401 1523 550 1588 bilia,
584 1526 741 1593 hujus
767 1530 1001 1585 civitatis
1023 1543 1103 1586 est
1135 1536 1287 1591 civis.
1314 1537 1452 1590 Fieri
1479 1541 1640 1592 etiam
1664 1552 1837 1609 potest
1867 1553 1922 1598 ut

2024 496 2086 546 γε
2112 479 2300 548 ἴδωμεν
2326 479 2418 548 τὴν
2445 478 2535 530 τοῦ
2568 480 2805 531 Ἰωάννου
2831 476 2972 541 λέξιν
2994 474 3311 544 ἀρχομένην
3336 472 3454 524 ἀπὸ
3472 472 3609 525 τοῦ’

2028 583 2046 615 ι
2071 567 2177 616 Καὶ
2207 565 2364 633 ἀνέϐη
2390 567 2467 627 είς
2507 565 2841 634 Ἰεροσόλυμα
2891 565 2917 614 6
2956 562 3180 631 Ἰησοῦς.
3213 580 3231 611 ι
3293 559 3615 629 Ἱεροσόλυ-

2026 669 2097 721 μα
2123 652 2298 703 τοίνυν
2338 652 2501 713 ἐστὶν,
2533 652 2606 713 ὡς
2630 652 2788 712 αὐτὸς
2818 653 2874 703 ὲν
2905 650 2983 719 τῷ
3023 650 3164 701 κατά
3191 648 3492 702 Ματθαῖον
3520 648 3611 700 δι-

2021 741 2202 793 δάσκει
2244 743 2272 792 6
2321 740 2536 810 Κύριος,
2581 760 2598 790 ι
2624 740 2715 791 τοῦ
2770 740 3000 809 μεγάλου
3050 738 3323 807 βασιλέως
3358 737 3546 798 πόλις,
3580 755 3602 788 ι

2021 830 2117 881 οὐκ
2142 833 2196 882 ὲν
2228 830 2447 891 κοιλάδι,
2499 829 2530 898 ἢ
2560 830 2705 881 κάτω
2738 845 2838 880 που
2883 828 3132 897 κειμένη,
3165 826 3283 878 ἀλλ’
3314 828 3378 877 ὲν
3403 826 3608 895 ὑψηλῷ

2020 916 2131 987 δρει
2150 916 2555 986 ᾠκοδομημένη,
2580 918 2670 968 καὶ
2699 936 2717 966 ι
2742 918 2841 986 ὅρη
2873 916 3056 983 κύκλῳ
3084 914 3279 982 αὐτῆς,
3302 910 3376 983 ἧς
3401 917 3436 983 ἡ
3473 930 3610 983 μετ-

2019 1007 2115 1076 οχὴ
2157 1006 2319 1073 αὐτῆς
2364 1005 2454 1056 ἐπὶ
2491 1005 2550 1055 τὸ
2601 1005 2761 1056 αὑτό·
2793 1023 2811 1054 ι
2863 1005 2976 1065 καὶ,
3012 1021 3030 1052 ι
3054 1004 3172 1054 ἐκεῖ
3215 1001 3510 1072 ἀνέϐησαν
3544 1004 3603 1054 αἱ

2021 1095 2181 1164 φυλαὶ
2211 1093 2433 1163 Κυρίου,
2464 1095 2752 1164 μαρτύριον
2784 1094 2840 1143 ὲν
2870 1093 2945 1161 τῷ
2991 1090 3226 1161 Ἰσραήλ.
3261 1110 3281 1142 ι
3326 1091 3607 1144 Καλεῖται

2018 1186 2074 1238 δὲ
2102 1187 2193 1238 καὶ
2223 1186 2255 1253 ἡ
2289 1184 2436 1245 πόλις
2469 1182 2623 1251 αὑτὴ,
2655 1183 2746 1233 καὶ
2788 1181 3159 1250 Ἰερουσαλὴμ,
3191 1181 3275 1242 εἱς
3311 1180 3382 1248 ἢν
3420 1180 3605 1242 οὐδεὶς

2018 1276 2123 1327 τῶν
2150 1274 2240 1326 ἐπὶ
2284 1273 2388 1341 γῆς
2436 1270 2726 1332 ἀναϐαίνει,
2774 1270 2893 1321 οὐδὲ
2921 1270 3260 1339 εἰσέρχεται·
3312 1269 3414 1320 καὶ
3445 1269 3605 1320 πᾶσά

2018 1381 2080 1433 γε
2109 1367 2141 1434 ή
2172 1361 2390 1429 φυσικὸν
2414 1361 2605 1428 ἔχουσα
2636 1359 2836 1427 δίαρμα
2873 1358 3038 1426 ψυχὴ,
3067 1360 3161 1410 καὶ
3193 1356 3443 1426 ὀξύτητα
3473 1374 3604 1426 νοηο

2017 1455 2122 1506 τῶν
2151 1452 2473 1523 διορατικὴν,
2519 1450 2717 1519 ταύτης
2764 1451 2863 1517 τῆς
2895 1448 3100 1508 πόλεως
3149 1447 3385 1516 πολίτης
3417 1447 3602 1514 ὑπάρ-

2018 1558 2116 1610 χει.
2166 1542 2273 1592 Καὶ
2303 1539 2517 1592 δυνατὸν
2546 1539 2603 1588 ἐν
2628 1535 2869 1606 ἁμαρτίᾳ
2898 1532 3037 1586 εἶναι
3089 1534 3183 1587 καὶ
3215 1535 3315 1586 τὸν
3357 1535 3598 1605 Ἱεροσο-

398 1614 451 1669 in
481 1626 699 1684 peccato
735 1621 803 1674 sit
844 1622 1003 1676 etiam
1052 1623 1459 1696 Ilierosolymita
1487 1648 1500 1682 :
1530 1633 1670 1699 quod
1717 1635 1908 1701 possiul

2020 1630 2241 1699 λυμίτην
2260 1646 2273 1658 ·
2307 1627 2521 1679 δυνατὸν
2561 1627 2667 1695 γὰρ
2696 1624 2790 1676 καὶ
2815 1625 2940 1685 τοὺς
2965 1623 3370 1691 εὐφυεστάτους
3402 1624 3597 1691 ἀμαρ-

396 1704 554 1757 etiam
575 1710 774 1775 optimo
810 1711 1018 1780 ingenio
1051 1717 1252 1783 ιιι-ω(ιὶιί
1300 1695 1519 1785 peccare
1544 1759 1560 1785 ,
1608 1722 1657 1773 ui
1694 1723 1908 1778 celerius

2020 1695 2214 1779 τάνειν,
2245 1719 2291 1768 εἰ
2337 1714 2410 1785 μὴ
2453 1712 2832 1781 ὲπιστρέψαιεν
2879 1709 3016 1778 μετά
3056 1709 3153 1778 τὴν
3178 1708 3468 1777 ἁμαρτίαν
3497 1707 3599 1759 τά-

394 1801 516 1860 post
567 1808 841 1863 peccatum
898 1803 1160 1866 redeant,
1224 1806 1504 1871 perdentes
1564 1810 1915 1878 aptitudinem

397 1879 561 1945 illam,
591 1893 645 1935 et
669 1884 827 1939 futuri
866 1889 916 1941 in
948 1905 1049 1942 una
1075 1905 1253 1945 earum
1288 1895 1559 1949 civitatum
1593 1913 1709 1965 quae
1735 1900 1918 1953 alienze

396 1977 520 2022 sunt
542 1985 569 2023 a
605 1969 806 2037 Iudaea,
847 1991 951 2029 non
980 1978 1146 2032 solum
1194 1982 1430 2047 advenas,
1466 1999 1648 2038 verum
1679 1987 1835 2040 etiam
1866 1990 1916 2041 in

393 2072 453 2110 ea
474 2072 662 2113 nomen
679 2078 830 2116 suum
845 2068 1038 2120 daturi.
1053 2069 1461 2126 Ascenditlesus
1480 2074 1912 2146 Hierosolymam,

392 2154 669 2214 postquam
714 2166 865 2218 opem
915 2154 1121 2209 tulisset
1176 2157 1258 2210 his
1304 2160 1393 2227 qui
1453 2172 1605 2215 erant
1668 2164 1719 2216 in
1774 2165 1915 2218 Caua

390 2230 648 2299 Galilaeaa;
680 2252 742 2290 ac
782 2241 972 2295 deinde
1012 2242 1385 2312 Capharnaum
1417 2248 1708 2314 descendit,
1745 2253 1915 2306 factu-

392 2333 483 2373 rus
527 2321 907 2396 Hierosolymis
946 2345 1063 2398 quae
1104 2341 1227 2385 sunt
1260 2335 1472 2403 scripta.
1514 2337 1729 2406 Reperit
1760 2342 1916 2413 184

387 2422 514 2478 ergo
561 2412 613 2464 in
649 2415 843 2482 templo
864 2459 875 2479 ,
908 2422 1048 2486 quod
1081 2430 1135 2475 et
1180 2423 1366 2479 domus
1414 2425 1585 2480 Patris
1619 2412 1914 2485 Servatoris

387 2513 507 2554 esse
529 2502 745 2566 dicitur,
780 2506 879 2560 hoc
916 2519 996 2563 est
1026 2511 1077 2563 in
1114 2511 1347 2568 Ecclesia
1370 2555 1386 2579 ,
1422 2517 1506 2572 vel
1550 2521 1601 2571 in
1633 2522 1916 2574 annuntia-

392 2587 538 2641 tione
569 2590 914 2647 ecclesiastici
956 2604 1009 2648 et
1062 2599 1177 2652 sani
1210 2602 1490 2661 sermonis.
1520 2604 1776 2670 quosdam
1822 2607 1912 2673 qui

386 2674 601 2728 domum
631 2675 824 2743 Patris,
855 2682 1068 2736 domum
1092 2697 1357 2741 mercatus
1380 2688 1632 2743 facerent.
1663 2693 1739 2746 Ac
1769 2707 1911 2747 sem-

386 2775 483 2828 per
507 2764 713 2831 aliquos
736 2770 936 2836 reperit
961 2770 1116 2828 Jesus
1152 2776 1201 2828 in
1240 2777 1454 2844 templo.
1504 2778 1725 2844 Quando
1768 2784 1909 2836 enim

387 2848 440 2900 in
468 2861 551 2913 ea,
600 2866 720 2920 quae
764 2856 957 2911 dicitur
993 2859 1247 2928 Ecclesia,
1293 2879 1412 2932 quae
1463 2877 1546 2920 est
1587 2868 1775 2924 domus
1820 2871 1910 2925 Dei

2019 1825 2150 1876 χιον,
2179 1805 2466 1864 ἀπολόντας
2487 1803 2584 1872 τὴν
2604 1801 2849 1868 εὐφυΐαν,
2881 1800 2972 1850 καὶ
3000 1799 3128 1867 μίαν
3150 1797 3260 1849 τῶν
3283 1796 3594 1866 ἀλλοτρίων

2016 1896 2111 1963 τῆς
2150 1892 2395 1954 Ἰουδαίας
2426 1890 2645 1949 πόλεων,
2675 1889 2735 1940 οὐ
2776 1888 2933 1956 μόνον
2959 1888 3416 1956 παροικήσοντας,
3450 1882 3593 1938 ἀλλά

2017 1985 2107 2035 καὶ
2148 1979 2664 2050 ὲγγραφησομένους.
2711 1976 3011 2028 Ἀναϐαίνει
3057 1977 3136 2037 εἱς
3172 1974 3527 2044 Ἰεροσόλυμα
3558 1974 3588 2025 6

2029 2067 2227 2136 Ἰησοῦς
2256 2066 2388 2134 μετά
2431 2067 2489 2117 τὸ
2533 2063 2794 2133 βοηθῆσαι
2841 2065 2953 2123 τοῖς
2985 2064 3043 2113 ὲν
3086 2064 3238 2130 Κανᾷ
3276 2061 3382 2129 τῆς
3421 2060 3589 2115 Γαλι-

2014 2158 2184 2219 λαίας,
2211 2159 2302 2209 καὶ
2332 2157 2456 2226 ὲξῆς
2489 2157 2565 2218 εἱς
2593 2155 2688 2225 τὴν
2714 2155 3088 2223 Καφαρναοὺμ
3114 2152 3583 2221 καταϐεϐηκέναι,

2016 2248 2100 2300 ῖνα
2143 2248 2338 2316 ποιήσῃ
2381 2248 2437 2297 ὲν
2490 2247 2598 2306 τοῖς
2651 2243 3040 2314 Ἰεροσολύμοις
3081 2242 3152 2294 τὰ
3189 2242 3583 2311 γεγραμμένα.

2014 2334 2149 2407 Εὗρε
2174 2337 2301 2405 γοῦν
2345 2338 2400 2388 ὲν
2444 2336 2520 2404 τῲ
2555 2334 2702 2405 ἱερῷ,
2736 2336 2872 2405 ὅπερ
2919 2336 3009 2387 καὶ
3051 2331 3199 2397 οἶκος
3232 2334 3328 2387 τοῦ
3362 2336 3579 2405 Πατρὸς

2014 2424 2148 2479 εἶναι
2178 2426 2387 2492 λέγεται
2422 2424 2515 2476 τοῦ
2549 2425 2814 2493 Σωτῆρος,
2849 2426 3123 2477 τουτέστιν
3153 2426 3212 2475 ὲν
3241 2426 3310 2493 τῇ
3350 2424 3583 2492 Ἐκκλη-

2015 2517 2122 2585 σία,
2153 2515 2185 2584 ἢ
2212 2518 2267 2568 ἐν
2296 2517 2360 2584 τῇ
2392 2514 2689 2584 ἐπαγγελία
2719 2514 2813 2567 τοῦ
2851 2513 3310 2584 ὲκκλησιαστικοῦ
3339 2515 3435 2566 καὶ
3461 2514 3581 2580 ὑγι-

2011 2606 2242 2668 αίνοντος
2271 2605 2449 2672 λόγου,
2474 2605 2624 2668 τινας
2650 2606 2740 2657 τὸν
2766 2602 2912 2658 οἷκον
2938 2604 3033 2657 τοῦ
3068 2604 3285 2674 Πατρὸς
3311 2603 3578 2672 ἐμπορίου

2012 2693 2286 2754 ποιοῦντας
2311 2689 2470 2744 οἷκον.
2505 2692 2612 2743 Καὶ
2637 2692 2721 2743 ἀεί
2757 2708 2907 2753 τινας
2931 2690 3178 2760 εὑρίσκει
3212 2693 3242 2742 6
3283 2688 3490 2757 Ἰησοῦς
3519 2691 3578 2741 ὲν

2009 2780 2085 2850 τῷ
2111 2779 2251 2850 ἱερῷ.
2310 2779 2444 2830 Πότε
2493 2777 2598 2850 γὰρ
2629 2780 2685 2830 ὲν
2727 2781 2793 2848 τῇ
2829 2777 3213 2847 ὀνομαζομένῃ
3255 2777 3574 2847 Ἐκκλησία,

2008 2870 2126 2938 ἥτις
2174 2868 2316 2920 ἐστὶν
2340 2864 2482 2928 οἶκος
2520 2866 2651 2918 Θεοῦ
2696 2866 2913 2929 ζῶντος,
2953 2867 3146 2938 στῦλος
3175 2868 3271 2920 καὶ
3299 2866 3575 2936 ἑδραίωμα

383 2935 632 3002 viventis,
665 2942 908 2997 columna
935 2954 987 2998 et
1010 2947 1395 3004 firmamentum
1416 2955 1658 3008 veritatis
1685 2956 1751 3020 ⁷³,
1804 2973 1904 3012 non

2009 2935 2102 3025 τῆς
2126 2956 2390 3026 ἀληθείας,
2414 2957 2512 3008 οὐκ
2541 2957 2644 3008 εἱσί
2684 2973 2825 3018 τινες
2851 2935 3223 3027 κερματισταὶ
3253 2935 3571 3026 καθήμενοι,

385 3031 508 3075 sunt
533 3024 696 3092 aliqui
730 3032 982 3084 mensarii
1006 3037 1270 3100 sedentes,
1286 3039 1477 3105 quibus
1497 3054 1629 3109 Opus
1654 3044 1903 3113 sitplagis

383 3122 450 3162 ex
479 3109 683 3179 ﬂagello
709 3129 739 3167 e
761 3115 1012 3174 funiculis
1035 3136 1063 3173 a
1089 3120 1211 3176 Jesu
1246 3123 1386 3179 facto
1409 3126 1433 3178 τ
1462 3127 1666 3182 Rursus
1693 3109 1905 3197 quando

386 3213 491 3253 non
523 3213 645 3255 sunt
689 3209 996 3273 argentarii,
1049 3212 1237 3277 quibus
1284 3214 1351 3267 sit
1397 3230 1532 3283 opus
1576 3218 1780 3272 illormn
1833 3236 1905 3276 ass

383 3287 599 3355 effundi,
631 3307 694 3346 ac
733 3311 940 3350 mensas
964 3298 1192 3366 ipsorum
1220 3301 1499 3357 subverti?
1525 3304 1748 3370 Quando
1778 3309 1901 3362 item

384 3390 488 3429 non
520 3388 643 3431 sunt
685 3383 772 3447 qui
824 3395 1180 3439 mercatorum
1239 3403 1386 3442 more
1420 3393 1656 3445 vendunt
1703 3395 1901 3462 boves,

384 3478 516 3529 quos
539 3469 775 3532 oportuit
823 3484 1043 3526 servare
1082 3474 1147 3527 ad
1194 3484 1450 3542 aratrum,
1496 3487 1553 3531 ut
1603 3481 1811 3548 injectis
1838 3487 1902 3539 ad

383 3551 556 3618 ipsum
594 3557 856 3623 manibus,
901 3575 997 3614 nec
1027 3562 1091 3613 ad
1122 3566 1413 3629 posteriora
1442 3573 1708 3636 conversi,
1741 3589 1902 3643 regno

382 3638 473 3693 Dei
522 3642 629 3695 sint
682 3647 829 3712 apti?
862 3648 964 3703 Sed
1010 3653 1220 3720 quando
1255 3669 1359 3707 non
1396 3666 1518 3710 sunt
1562 3638 1903 3727 pracfereutes

384 3743 734 3786 mammonam
764 3736 1056 3804 iniquitatis
1101 3741 1287 3796 ovibus
1321 3758 1438 3810 qua:
1472 3746 1600 3813 ipsis
1629 3750 1899 3803 materiam

379 3830 439 3870 se
482 3824 703 3874 ornandi
754 3826 1024 3891 praebent?
1070 3829 1205 3882 Sunt
1253 3833 1413 3885 etiam
1464 3837 1765 3903 complures
1814 3841 1900 3907 qui

379 3904 739 3963 sinceritatem
769 3920 821 3965 et
854 3916 1139 3981 puritatem
1175 3919 1436 3985 privatam
1481 3925 1621 3976 omni
1650 3929 1903 3980 amaritu-

379 3994 501 4047 dine
529 4007 583 4051 et
609 3999 698 4052 bili
739 4012 1011 4069 spernant,
1060 4007 1218 4059 etiam
1263 4008 1398 4061 lucri
1450 4010 1679 4065 infelicis
1735 4028 1895 4068 causa

379 4087 665 4151 prodentes
695 4090 1023 4159 diligentiam
1056 4108 1242 4149 eorum
1287 4099 1376 4164 qui
1412 4100 1613 4166 tropice
1641 4101 1901 4156 columbae

375 4170 642 4226 dicuntur.
670 4175 801 4229 Cum
839 4178 1001 4245 igitur
1039 4182 1238 4248 reperit
1280 4183 1532 4238 Servator
1580 4186 1633 4239 in
1681 4189 1896 4257 templo,

2006 3046 2240 3115 δεόμενοι
2289 3045 2509 3115 πληγῶν
2559 3047 2622 3097 ὲκ
2662 3045 2756 3097 τοῦ
2806 3047 2915 3099 ἀπὸ
2969 3047 3148 3116 Ἰησοῦ
3205 3046 3571 3116 πεποιημένου

2004 3135 2322 3203 φραγελλίου
2368 3138 2430 3187 ὲκ
2471 3136 2735 3205 σχοινίων,
2774 3137 2865 3188 καὶ
2894 3130 3195 3206 χρῄζοντες
3231 3134 3573 3190 κολλυϐισταὶ

2002 3224 2091 3276 τοῦ
2118 3224 2388 3292 ἐκκεῖσθαι
2418 3225 2594 3275 αὐτῶν
2626 3224 2695 3276 τά
2738 3225 3010 3294 κέρματα,
3061 3224 3470 3296 ἀνατρέπεσθαί
3512 3239 3570 3275 τε

2002 3313 2174 3366 αὐτῶν
2218 3313 2312 3375 τὰς
2342 3312 2646 3383 τραπέζαςς
2682 3314 2817 3365 Πότε
2863 3315 2908 3366 δ’
2937 3316 3037 3368 οὐκ
3069 3317 3212 3369 είσὶν
3256 3318 3304 3368 οἱ
3331 3312 3571 3368 ἀποδιδό-

2004 3415 2149 3467 μενοι
2174 3400 2503 3469 ἐμπορικῶς,
2532 3400 2621 3463 οὓς
2645 3402 2808 3470 ὲχρῆν
2825 3405 3012 3471 τηρεῖν
3036 3403 3123 3454 ἐπ’
3145 3404 3400 3473 ἄροτρον,
3424 3399 3566 3470 βοῦς,

2001 3487 2103 3549 ἵνα,
2137 3487 2379 3556 βαλόντες
2413 3489 2518 3559 (47)
2549 3490 2632 3541 ἐπ’
2657 3490 2785 3541 αὐτὸ
2809 3490 2907 3552 τάς
2938 3494 3150 3559 χεῖρας,
3185 3494 3282 3543 καὶ
3312 3492 3385 3559 μὴ
3416 3504 3565 3557 στρεο

2000 3577 2216 3645 φόμενοι
2243 3578 2320 3638 εἱς
2350 3576 2416 3629 τά
2448 3578 2635 3640 ὀπίσω,
2684 3580 2945 3644 γένωνται
2992 3584 3060 3649 τῇ
3106 3581 3206 3633 τοῦ
3242 3581 3374 3632 Θεοῦ
3421 3578 3565 3646 βασμ

1999 3663 2115 3732 λείᾳ
2143 3664 2375 3729 εῦθετοι;
2408 3666 2541 3717 Πότε
2584 3667 2639 3719 δὲ
2686 3668 2785 3719 οὐκ
2813 3669 2952 3719 είσὶν
2985 3671 3035 3720 οἱ
3061 3670 3439 3739 προτιμῶντες
3474 3666 3561 3717 τὸν

1999 3754 2095 3821 τῆς
2120 3754 2328 3816 ἀδικίας
2362 3757 2660 3823 μαμμωνᾶν
2692 3755 2799 3807 τῶν
2825 3756 2924 3824 τὴν
2954 3757 3088 3827 ὓλην
3118 3758 3216 3810 τοῦ
3249 3755 3562 3826 κοσμεῖσθαι

2000 3840 2177 3902 αὐτοῖς
2219 3838 2556 3911 παρεχόντων
2600 3844 2914 3914 προϐάτων;
2963 3847 3073 3899 Ἀεὶ
3126 3848 3184 3900 δὲ
3236 3847 3416 3901 πολλοί
3458 3847 3562 3898 εἱσι

1999 3929 2091 3978 καὶ
2115 3929 2162 3978 οἱ
2190 3928 2280 3979 τοῦ
2314 3929 2518 3991 ἀδόλου,
2553 3933 2644 3983 καὶ
2667 3934 2947 4003 ἀκεραίου,
2978 3937 3107 4006 ὲστη
3119 3954 3184 4005 ρη
3194 3938 3354 4006 μένου
3382 3951 3441 4002 γε
3464 3933 3563 3987 πά-

2002 4031 2097 4083 σης
2124 4016 2439 4085 πικρότητος
2467 4018 2558 4069 καὶ
2586 4020 2777 4089 σχολῆς
2823 4024 3317 4094 καταφρονοῦντες,
3345 4024 3437 4076 καὶ
3460 4038 3556 4073 ταο

1999 4101 2264 4171 λαιπώρου
2296 4103 2515 4173 κέρδους
2543 4105 2723 4159 ἕνεκεν
2750 4108 3087 4177 προδιδόντες
3113 4112 3215 4182 τὴν
3243 4111 3351 4164 τῶν
3378 4126 3560 4180 τροπι-

1998 4191 2246 4260 κωτέρων
2272 4192 2570 4262 λεγομένων
2614 4198 2947 4266 περιστερῶν
2993 4201 3335 4270 ἐπιμέλειαν.
3397 4199 3558 4252 Ἐπάν

378 4260 518 4323 quod
546 4272 627 4315 est
655 4263 842 4320 domus
875 4266 1071 4335 Patris,
1118 4272 1409 4327 vendentcs
1437 4274 1614 4339 boves,
1651 4285 1704 4329 et
1734 4292 1860 4333 oves
1879 4321 1893 4345 ,

2009 4274 2086 4330 >ὗν
2116 4278 2248 4350 εὕρῃ
2272 4282 2299 4331 6
2330 4260 2515 4351 Σωτὴρ
2537 4285 2591 4334 ὲν
2619 4260 2700 4353 τῶ
2721 4260 2869 4355 ἱερῶ,
2900 4289 3034 4358 οἴκῳ
3048 4260 3153 4353 ίτοῦ
3176 4292 3410 4363 Πατρδς,
3442 4286 3561 4341 τού-

379 4354 432 4398 et
454 4348 744 4415 columbas,
773 4362 828 4407 et
859 4359 1153 4411 mensarios
1183 4360 1425 4414 sedentes
1445 4399 1460 4425 ,
1513 4363 1725 4433 expellit
1760 4366 1896 4434 illos,

377 4448 503 4488 usus
524 4435 729 4503 ﬂagello
752 4457 783 4495 e
807 4442 1056 4499 funiculis
1080 4461 1110 4498 a
1141 4460 1198 4500 se
1223 4447 1383 4513 facto,
1424 4465 1526 4503 una
1561 4466 1679 4506 cum
1708 4456 1898 4510 ovibus

379 4522 648 4594 bobusque
677 4531 971 4599 venalibus,
1003 4535 1233 4604 ipsorum
1276 4540 1434 4593 etiam
1483 4544 1734 4608 pecunias
1771 4558 1898 4599 (βου-ε

373 4624 617 4683 gregatas
656 4618 930 4676 elfundens
956 4661 971 4686 ,
1009 4632 1254 4692 tanquam
1297 4628 1540 4699 indignas
1584 4648 1700 4700 qua:
1737 4635 1895 4689 simul

374 4714 677 4760 tenerentur
696 4718 749 4762 et
775 4711 1006 4778 ipsarum
1042 4713 1376 4770 inutilitatem
1409 4720 1715 4773 ostendens.
1758 4721 1894 4777 Sub-

372 4795 531 4847 vertit
556 4797 737 4862 etiam,
762 4815 878 4868 qua:
912 4801 962 4853 in
992 4817 1280 4857 avarorum
1304 4817 1456 4860 erant
1493 4810 1706 4872 animis,
1732 4814 1894 4864 men-

373 4896 482 4945 sas,
512 4885 692 4941 dicens
714 4889 798 4943 bis
819 4890 908 4958 qui
939 4891 1215 4947 columbas
1253 4896 1549 4951 vendebant
1584 4915 1598 4950 :
1635 4917 1652 4949 ι
1676 4900 1895 4954 Auferte

372 4967 473 5019 ista
515 4970 656 5037 hinc,
682 4993 701 5026 ι
752 4991 818 5030 ne
850 4980 1070 5045 posthac
1118 4984 1169 5034 in
1216 4986 1409 5052 templo
1442 4987 1534 5040 Dei
1573 4988 1893 5042 vendantur.

372 5057 616 5114 Arbitror
642 5077 768 5120 vero
793 5081 890 5137 ego
931 5069 1111 5124 Jesum
1143 5071 1313 5141 ipsum
1341 5075 1572 5131 edidisse
1605 5077 1776 5146 signa,
1799 5093 1895 5147 pcr

477 5192 521 5225 "
553 5196 706 5252 Joan.
731 5216 789 5266 ιι,
815 5202 898 5258 15.

378 5305 755 5434 “iam”
791 5316 1007 5387 Regius:
1040 5319 1319 5388 βάλλοντες
1340 5337 1355 5351 ‘
1405 5322 1743 5389 Bodleianus,
1793 5323 1889 5392 βα-

445 5438 552 5510 (48)
582 5441 659 5499 Τὰ
691 5458 1093 5529 συνερχόμενα
1138 5453 1409 5522 κέρματα.
1436 5457 1525 5513 Sic
1550 5459 1714 5515 codex
1750 5457 1883 5513 Bod-

974 5207 1018 5238 ⁷⁰
1046 5204 1232 5261 Mattb.
1263 5224 1312 5274 v,
1336 5209 1424 5267 35.
1498 5211 1540 5244 "
1562 5211 1699 5266 Psal.
1728 5226 1906 5276 cvxlv,
1930 5213 1982 5266 2.

1999 4384 2120 4429 τους
2146 4367 2446 4432 πωλοῦντας
2481 4371 2623 4439 βόας,
2651 4375 2744 4426 καὶ
2784 4376 3050 4444 πρόϐατα,
3081 4380 3177 4431 καὶ
3211 4377 3556 4450 περιστερὰς,

2000 4458 2091 4509 καὶ
2118 4458 2239 4520 τοὺς
2263 4461 2621 4528 κερματιστὰς
2643 4463 3001 4535 καθημένους,
3033 4468 3311 4533 ἐξελαύνει
3341 4469 3556 4530 αὐτοὺς,

1999 4549 2330 4618 χρησάμενος
2378 4549 2455 4619 τῷ
2487 4551 2549 4603 ὲκ
2595 4555 2837 4622 σχοινίων
2874 4557 2964 4608 ὑπ’
3008 4558 3170 4610 αὑτοῦ
3207 4557 3558 4627 πεποιημένῳ

2001 4637 2315 4707 φραγελλίῳ,
2345 4639 2456 4708 ἅμα
2483 4642 2593 4702 τοῖς
2623 4645 2940 4715 ὲμπορικοῖς
2965 4649 3282 4717 προϐάτοις,
3313 4650 3406 4703 καὶ
3446 4648 3560 4717 βου-

1998 4729 2079 4781 σὶν
2112 4727 2306 4792 αὐτῶν,
2352 4729 2445 4780 καὶ
2490 4731 2638 4800 ἐκχεῖ
2662 4733 2735 4797 ὡς
2784 4736 2857 4806 μὴ
2890 4738 3014 4803 ἄξια
3069 4739 3139 4792 τά
3189 4739 3554 4810 συνερχόμενα

1997 4817 2241 4887 κέρματα
2267 4818 2398 4886 (48),
2426 4819 2635 4885 δεικνὺς
2666 4825 2842 4879 αὐτῶν
2876 4827 2935 4880 τὸ
2962 4828 3259 4899 ἄχρηστον.
3305 4828 3554 4898 Ἀνατρέ-

1998 4925 2085 4962 πει
2108 4925 2166 4959 τε
2212 4908 2309 4969 τὰς
2354 4911 2410 4960 ὲν
2436 4913 2550 4972 ταῖς
2587 4912 2784 4982 ψυχαῖς
2828 4916 2936 4969 τῶν
2969 4918 3324 4990 φιλαργύρων
3356 4917 3553 4990 τραπέ-

1997 4995 2110 5059 ζας,
2131 4997 2300 5063 λέγων
2320 4998 2535 5061 καὶτοῖς
2557 5000 2654 5065 τὰς
2676 5007 3000 5077 περιστερὰς
3014 5008 3289 5063 πωλοῦσιν
3308 5027 3322 5042 ν
3353 5029 3371 5060 ι
3396 5011 3553 5079 Ἄρα·

1994 5100 2052 5137 τε
2079 5085 2248 5137 ταῦτα
2271 5084 2532 5151 ἐντεῦθεν,
2556 5106 2575 5139 ι
2610 5090 2696 5143 ἵνα
2728 5095 2922 5164 μηκέτι
2946 5097 3002 5147 ὲν
3027 5094 3106 5164 τῷ
3134 5097 3270 5169 ἱερῷ
3294 5095 3387 5150 τοῦ
3417 5094 3549 5149 Θεοῦ

2078 5216 2122 5247 τ’
2148 5215 2284 5270 Psal'.
2321 5232 2468 5283 cm,
2495 5222 2611 5285 5,4.
2709 5226 2757 5258 ⁷³
2787 5225 2805 5279 ι
2835 5226 2974 5282 Tim.
3000 5244 3083 5291 ιιι,
3108 5230 3198 5286 15.

1996 5326 2228 5394 leianus;
2291 5330 2456 5387 editio
2510 5333 2717 5408 lluetii,
2771 5341 2865 5396 τοῦ
2928 5343 3248 5413 συνέχεσθαι
3297 5345 3364 5399 τὰ
3422 5346 3546 5416 κέρ-

1993 5411 2150 5464 ματα.
