3880 6164
317 285 432 340 δόθ

1425 290 1766 346 COMMENT.
1803 293 1870 346 ΙΝ
1910 294 2092 351 JOAN.
2138 295 2368 350 TOMUS
2404 295 2468 350 X.

3417 301 3520 355 350

331 395 755 470 ἐμπορεύωνται.
803 393 978 468 Οἶμαι
1005 403 1086 467 δὲ,
1116 407 1198 458 ὅτι
1241 407 1330 458 καὶ
1367 410 1578 477 σημεῖον
1609 406 1888 475 πεποιηκέο

2001 423 2050 460 ea
2103 424 2219 475 quze
2260 409 2418 472 dixit,
2463 408 2799 474 profundius,
2851 415 2907 459 ut
2963 423 3060 461 nos
3108 408 3521 477 intelligeremus

356 508 436 543 ναι
468 487 641 551 αὑτὸν,
670 485 754 537 διὰ
779 487 888 538 τῶν
916 491 1221 561 εἰρημένων
1256 495 1558 563 βαθύτερον,
1597 494 1731 548 ὥστε
1759 495 1893 562 σύμ-

362 580 500 632 ϐολον
542 578 684 646 ἡμᾶς
714 579 852 628 νοεῖν
890 582 1170 645 γεγονέναι
1198 583 1364 634 ταῦτα
1406 583 1496 634 τοῦ
1538 583 1726 652 μηκέτι
1771 567 1897 651 μέλδ

362 669 465 721 λειν
490 667 584 736 τὴν
615 667 742 735 περὶ
786 666 845 717 τὸ
880 668 1026 735 ἱερὸν
1069 671 1237 721 ἐκεῖνο
1262 670 1504 739 λατρείαν
1531 673 1630 722 ὑπὸ
1671 673 1776 723 τῶν
1826 674 1894 723 ἱε-

367 757 493 828 ρέων
540 755 678 807 κατὰ
706 753 803 817 τὰς
833 756 1096 824 αἰσθητὰς
1145 759 1328 821 θυσίας
1372 760 1476 828 (49)
1525 761 1903 827 ἐπιτελεῖσθαι,

364 846 491 915 μηδὲ
521 845 613 896 τὸν
641 844 800 913 νόμον
842 846 1144 913 τηρεῖσθαι,
1187 847 1288 899 κᾶν
1311 848 1382 909 ὡς
1413 849 1682 900 ἐϐούλοντο
1718 852 1764 900 οἱ
1799 867 1898 900 σω-

364 935 572 1004 ματικοὶ
606 934 869 998 Ἰουδαῖοι,
896 934 1146 987 δύνασθαι
1173 936 1250 987 ἔτι
1271 937 1413 999 ἅπαξ
1431 953 1443 966 ο
1486 937 1652 1006 Ἰησοῦ
1679 938 1784 1006 γὰρ
1813 941 1899 990 ὲκ-

361 1023 643 1083 ϐἀλλοντος
669 1023 794 1083 τοὺς
828 1022 972 1090 βόας,
1008 1026 1099 1075 καὶ
1141 1025 1208 1075 τὰ
1240 1025 1498 1093 πρόϐατα,
1533 1027 1624 1077 καὶ
1664 1026 1899 1078 κελεύον⁴

357 1128 446 1171 τος
474 1109 683 1162 ἐκεῖθεν
715 1109 959 1178 αἴρεσθαι
983 1110 1081 1172 τὰς
1107 1112 1442 1180 περιστερὰς,
1471 1113 1646 1164 οὐκέτι
1671 1113 1724 1164 δὲ
1760 1114 1896 1181 βόες,

359 1201 450 1250 καὶ
479 1199 749 1266 πρόϐατα,
783 1199 875 1250 καὶ
903 1201 1216 1268 περιστεραὶ
1245 1200 1335 1251 ἐπὶ
1371 1201 1499 1252 πολὺ
1525 1201 1736 1253 θύεσθαι
1767 1204 1900 1254 κατὰ

371 1287 632 1339 Ἰουδαίων
661 1287 758 1356 ἔθη
783 1288 1016 1356 ἔμελλον.
1059 1289 1165 1340 Καὶ
1195 1284 1302 1340 οἶόν
1331 1289 1388 1340 τέ
1417 1292 1530 1342 ἐστι
1557 1291 1621 1342 τὰ
1646 1294 1901 1361 νομίσμα-

359 1393 424 1428 τα
454 1375 560 1426 τῶν
614 1375 936 1443 σωματικῶν
989 1377 1328 1445 νομισμάτων
1359 1377 1488 1447 (50),
1539 1380 1634 1430 καὶ
1682 1380 1753 1448 μὴ
1805 1381 1899 1433 τοῦ

358 1464 487 1516 Θεοῦ
516 1465 753 1531 ἐχόντων
793 1465 916 1525 τοὺς
957 1465 1322 1534 χαρακτῆρας,
1362 1465 1558 1527 τύπους
1579 1469 1902 1535 τυγχάνοντα

360 1554 709 1632 ἐκκεχύσθαι,
764 1555 882 1606 ἐπεὶ
930 1557 962 1623 ἡ
1009 1556 1176 1625 σεμνὴ
1227 1553 1361 1608 εἷναι
1407 1557 1628 1609 δοκοῦσα
1667 1559 1803 1611 κατά
1843 1558 1904 1609 τὸ

360 1645 676 1696 ἀποκτεῖνον
707 1643 819 1709 (51)
845 1643 1070 1711 γράμμα
1103 1644 1400 1713 νομοθεσία,
1459 1645 1626 1714 Ἰησοῦ
1660 1645 1904 1714 ἐληλυθό-

1991 498 2276 564 signiticari
2304 511 2398 564 per
2428 499 2556 562 hmc,
2592 499 2732 559 quod
2763 512 2866 549 non
2906 498 3132 565 amplius
3156 498 3206 550 in
3253 509 3518 565 posterqu

1992 585 2340 652 perﬁciendus
2375 595 2515 638 esset
2538 585 2712 638 cultus
2748 600 2774 636 a
2823 586 3188 639 sacerdotibus
3232 587 3283 638 in
3328 589 3520 655 templo

1995 674 2100 734 illo.
2137 674 2287 740 juxta
2347 674 2525 726 cultus
2571 675 2669 726 sub
2726 688 2936 726 sensum
3002 675 3296 740 cadentes,
3354 691 3523 744 neque

1994 762 2158 826 legem
2198 762 2395 814 servari
2423 775 2574 828 posse
2599 761 2826 826 amplius
2862 771 3192 823 constanter,
3237 763 3423 815 saltem
3465 776 3520 816 ut

1998 848 2245 900 volebant
2269 847 2574 914 corporales
2624 845 2810 899 Judaei.
2858 846 3036 913 Neque
3059 850 3198 900 enim
3225 850 3524 915 expellente

1995 933 2116 987 Jesu
2143 935 2304 989 boves
2331 947 2382 988 et
2406 951 2558 1001 oves,
2591 936 2918 1003 jubenteque
2951 937 3074 988 inde
3102 936 3296 991 auferri
3325 939 3521 991 colum-

1997 1025 2107 1083 bas,
2135 1024 2368 1076 futurum
2394 1034 2509 1076 erat
2551 1033 2605 1075 ut
2649 1027 2700 1075 in
2747 1023 2964 1074 multum
3010 1025 3258 1090 temporis
3283 1025 3524 1079 immola-

1998 1121 2182 1164 rentur
2209 1114 2393 1172 boves,
2416 1121 2468 1164 et
2487 1127 2627 1176 oves,
2655 1121 2707 1165 et
2741 1113 3018 1176 columbae,
3047 1115 3190 1177 juxta
3220 1113 3521 1168 Iudaeorum

1999 1213 2217 1250 morem.
2251 1197 2388 1248 Fieri
2415 1199 2552 1249 enim
2575 1205 2744 1264 potest
2774 1207 2829 1248 ut
2859 1197 3174 1248 numismata
3196 1211 3311 1262 quze
3348 1197 3526 1265 figura:

2001 1294 2122 1338 sunt
2157 1286 2528 1337 numismatum
2559 1285 2914 1352 corporalium
2940 1323 2955 1346 ,
2997 1295 3049 1338 et
3082 1300 3184 1336 non
3218 1285 3522 1338 habentium

2001 1376 2090 1428 Dei
2117 1373 2310 1426 formas
2342 1383 2396 1424 et
2442 1373 2846 1440 impressiones,
2881 1371 3235 1435 effundantur,
3273 1373 3523 1439 quoniam

2002 1460 2131 1529 legis
2163 1462 2493 1526 constitutio,
2528 1477 2645 1528 quze
2697 1461 2998 1514 veneranda
3054 1476 3172 1514 esse
3224 1461 3524 1527 videbatur,

2002 1561 2214 1617 propter
2245 1551 2570 1603 occidentem
2605 1551 2839 1603 litteram
2875 1550 3210 1603 dissolvenda
3256 1549 3528 1604 effunden-

2002 1640 2172 1705 daque
2192 1647 2326 1700 erat,
2353 1647 2405 1692 et
2431 1639 2742 1691 adveniente
2779 1637 2933 1706 185
2979 1636 3125 1699 Jesu,
3156 1646 3311 1704 atque
3350 1646 3528 1690 utente

361 1748 466 1792 τος,
509 1732 604 1782 καὶ
650 1733 772 1791 ταῖς
800 1730 937 1782 κατά
969 1729 1060 1780 τοῦ
1109 1730 1235 1782 λαοῦ
1287 1731 1498 1800 μάστιξι
1540 1733 1897 1802 χρησαμένου,

2001 1727 2250 1776 adversus
2299 1722 2548 1794 populum
2604 1723 2866 1790 ﬂagellis,
2931 1723 3355 1777 transferendum
3413 1734 3528 1777 erat

363 1817 690 1878 διαλύεσθαι,
717 1817 811 1868 καὶ
835 1818 1104 1885 ὲκχεῖσθαι
1133 1819 1240 1886 (52)
1276 1819 1481 1886 ἔμελλε,
1517 1820 1902 1890 μεθισταμένης

363 1908 456 1976 τῆς
480 1906 789 1974 ἐπισκοπῆς
819 1907 908 1957 ἐπὶ
942 1907 1067 1968 τοὺς
1091 1908 1196 1958 ἀπὸ
1217 1907 1322 1958 τῶν
1352 1908 1514 1959 ἐθνῶν
1541 1909 1900 1972 πιστεύοντας,

368 1998 442 2056 εἱς
470 1996 599 2047 Θεὸν
632 1996 722 2048 διὰ
763 1995 996 2062 Χριστοῦ
1043 1994 1404 2056 πιστεύοντας,
1454 1996 1544 2048 καὶ
1587 1997 1904 2065 αἱρουμένης

369 2087 458 2137 ἀπ’
488 2087 710 2138 ἐκείνων
756 2085 856 2152 τῆς
903 2084 1170 2152 βασιλείας
1217 2082 1308 2134 τοῦ
1341 2084 1491 2145 Θεοῦ,
1540 2085 1809 2154 διδομένης
1846 2101 1904 2135 τε

372 2175 426 2226 ὲν
450 2174 585 2225 ἔθνει
637 2173 878 2224 ποιοῦντι
912 2173 1033 2232 τοὺς
1084 2172 1320 2239 καρποὺς
1360 2172 1543 2238 αὐτῆς.
1585 2171 1808 2223 Δύναται
1850 2171 1906 2222 δὲ

372 2263 459 2314 καὶ
503 2261 659 2328 φύσει
695 2261 838 2330 ἱερὸν
875 2257 1010 2312 εἶναι
1056 2263 1088 2328 ἠ
1133 2260 1330 2328 εὐφυὴς
1384 2263 1439 2311 ὲν
1466 2260 1603 2327 λόγῳ
1628 2260 1788 2330 ψυχὴ,
1821 2260 1905 2312 διά

370 2350 454 2400 τὸν
500 2348 894 2417 συμπεφυκότα
943 2347 1095 2412 λόγον
1143 2347 1389 2415 ἀνωτέρω
1440 2347 1770 2414 τυγχάνουσα
1814 2346 1904 2398 τοῦ

373 2439 631 2508 σώματος,
685 2440 767 2498 είς
812 2439 876 2505 ἢν
923 2437 1029 2488 ἀπὸ
1075 2436 1170 2503 τῆς
1201 2437 1584 2503 Καφαρναοὺμ,
1631 2435 1774 2487 κάτω
1808 2451 1904 2487 που

371 2528 620 2596 κειμένης
651 2525 1025 2594 ταπεινότερα,
1055 2523 1324 2576 ἀναϐαίνει
1348 2524 1376 2573 ό
1416 2522 1632 2592 Ἰησοῦς,
1659 2525 1713 2574 ὲν
1823 2525 1909 2574 εὑ-

371 2617 609 2685 ρίσκεται
650 2613 719 2665 τά
767 2612 871 2681 πρὸ
909 2612 1004 2677 τῆς
1035 2611 1141 2662 ἀπὸ
1174 2609 1343 2678 Ἰησοῦ
1385 2609 1703 2670 παιδεύσεως
1729 2611 1904 2678 γήϊνα,

371 2702 460 2753 καὶ
487 2701 707 2768 ἀνόητα,
744 2699 838 2750 καὶ
867 2697 1074 2765 χαλεπά
1100 2699 1386 2766 κινήματα,
1420 2698 1510 2749 καὶ
1540 2697 1606 2749 τά
1631 2697 1908 2766 νομιζόμε-

371 2807 452 2849 να,
482 2789 579 2840 oux
607 2788 739 2839 ὄντα
767 2787 822 2838 δὲ
849 2784 1006 2847 καλὰ,
1044 2785 1180 2854 ἂπερ
1214 2784 1288 2852 τῷ
1318 2785 1662 2854 πεπλεγμένῳ
1686 2785 1744 2848 ἐξ
1774 2787 1906 2836 ἀπο-

371 2877 644 2931 δεικτικῶν
686 2873 1013 2942 ἐλεγκτικῶν
1045 2874 1153 2942 (55)
1196 2874 1472 2942 δογμάτων
1499 2873 1636 2942 λόγῳ
1667 2873 1906 2926 ἀπελαύ-

373 2985 512 3020 νεται
544 2966 648 3018 ὑπὸ
689 2965 782 3016 τοῦ
825 2963 1014 3032 Ἰησοῦ,
1047 2963 1129 3016 ἵνα
1164 2964 1353 3032 μηκέτι
1406 2967 1432 3016 ὁ
1455 2964 1546 3015 τοῦ
1579 2965 1781 3034 Πατρὸς
1811 2967 1904 3018 αὑ-

374 3011 806 3116 νὲζῖᾆιῼᾼξηοέέᾷς
839 3011 1352 3123 ζέιῖἑμέτᾉρῖέέζξ
1389 3011 1780 3123 assae;
1810 3011 1906 3123 τήν
1931 3011 1972 3066 (³

375 3142 506 3194 κατά
537 3144 658 3202 τοὺς
682 3141 958 3209 οὐρανοὺς,
986 3141 1078 3191 καὶ
1103 3141 1488 3206 πνευματικοὺς
1513 3140 1700 3208 νόμους
1727 3142 1905 3193 ἐπιτε-

373 3229 627 3298 λουμένην
657 3229 762 3280 ύπὸ
791 3230 1055 3297 σωτηρίας
1079 3229 1242 3296 αὐτῆς
1269 3244 1327 3278 τε
1354 3227 1444 3278 καὶ
1477 3228 1727 3280 πλειόνων
1753 3228 1908 3298 θερα-

375 3321 523 3372 πείαν
548 3319 641 3371 τοῦ
673 3317 828 3370 Θεοῦ.
869 3317 1134 3385 Σύμϐολον
1157 3317 1212 3368 δὲ
1239 3316 1343 3368 τῶν
1374 3318 1466 3385 μὲν
1497 3319 1691 3386 γηΐνων
1712 3319 1738 3368 ό
1762 3316 1906 3385 βοῦς,

377 3407 634 3473 γεωπόνος
680 3407 822 3474 γάρ’
872 3404 981 3455 τῶν
1029 3404 1085 3454 δὲ
1129 3404 1361 3472 ἀνοήτων
1403 3405 1495 3454 καὶ
1534 3405 1812 3472 κτηνωδῶν
1850 3407 1908 3458 τὸ

379 3495 652 3563 πρόϐατον,
691 3492 876 3560 ἐπειδὴ
907 3492 964 3542 τὸ
991 3490 1124 3551 ζῶον
1146 3490 1536 3558 ἀνδραποδῶδες
1567 3491 1713 3559 παρά
1743 3492 1907 3543 πολλά

379 3582 478 3634 τῶν
499 3583 703 3648 ἀλόγων
729 3579 870 3630 ἐστί’
900 3578 1004 3629 τῶν
1028 3578 1083 3628 δὲ
1111 3577 1318 3645 κούφων
1357 3579 1447 3629 καὶ
1479 3579 1793 3646 εύριπίστων
1820 3579 1906 3630 λο-

377 3672 580 3740 γισμῶν
605 3673 637 3739 ή
667 3668 963 3738 περιστερά
982 3683 995 3696 ⁸
1039 3666 1144 3718 τῶν
1173 3667 1229 3718 δὲ
1256 3667 1611 3735 νομιζομένων
1644 3667 1815 3718 καλῶν
1841 3667 1906 3718 τά

380 3760 636 3829 κέρματα.
699 3758 823 3809 Ἐὰν
849 3757 904 3807 δέ
939 3772 1018 3817 τις
1060 3757 1368 3826 προσκόπτῃ
1396 3758 1458 3824 τῇ
1488 3755 1696 3824 τοιαύτῃ
1724 3756 1908 3807 ἀποδό-

379 3866 476 3912 σει,
506 3849 593 3901 διά
621 3847 682 3899 τὸ
734 3845 948 3914 καθαρὰ
974 3841 1110 3897 εἶναι
1153 3844 1218 3894 τὰ
1246 3843 1656 3911 παραληφθέντα
1702 3845 1779 3904 είς
1808 3844 1905 3912 τὴν

377 3937 586 4007 Γραφὴν
630 3934 766 3997 ζῶα,
798 3934 1032 3996 λεκτέον,
1063 3935 1141 3985 ὅτι
1172 3933 1426 3994 ἀπίθανος
1460 3932 1522 3983 ἂν
1565 3928 1631 4001 ἦν
1659 3933 1690 4001 ἡ
1725 3933 1906 4001 Γραῳη

378 4025 510 4076 κατά
549 4022 645 4091 τὴν
687 4021 1034 4090 ἐνδεχομένην
1065 4018 1295 4087 ἱστορίαν
1341 4017 1614 4084 γεγονέναι
1644 4019 1908 4085 ἀπαγγελ-

375 4110 583 4178 λομένη.
637 4109 726 4159 Ἐν
753 4107 830 4175 τῷ
875 4105 983 4173 ναῷ
1013 4105 1120 4172 (55)
1145 4103 1249 4172 γὰρ
1293 4103 1381 4160 τοῦ
1411 4103 1542 4154 Θεοῦ
1583 4103 1676 4170 οὐχ
1713 4099 1819 4156 οἶόν
1850 4122 1907 4156 τε

374 4192 438 4266 ἦν
467 4193 896 4261 ἀπαγγέλλεσθαι
934 4190 1203 4257 γεγονέναι
1233 4189 1425 4258 ἑτέρων
1451 4189 1597 4258 παρά
1614 4189 1681 4242 τὰ
1701 4190 1908 4260 καθαρὰ

377 4283 522 4347 ζώων
570 4271 906 4350 ἀγέλην’(56)
955 4277 1170 4338 εἴσοδον,
1219 4277 1309 4328 καὶ
1337 4280 1414 4338 εἰς
1443 4276 1700 4345 ἐμπορίαν
1739 4275 1906 4327 ἄλλων

376 4372 519 4440 παρά
551 4371 619 4422 τὰ
657 4370 908 4436 θυόμενα.
947 4367 1139 4435 Διόπερ
1161 4365 1236 4433 τῷ
1269 4365 1369 4416 ὑπὸ
1406 4365 1508 4415 τῶν
1541 4365 1788 4434 ἐμπόρων
1816 4381 1910 4416 κα-

377 4462 441 4514 τὰ
485 4462 606 4521 τοὺς
634 4458 742 4510 τῶν
788 4454 1082 4507 Ἰουδαϊκῶν
1125 4452 1318 4522 ἑορτῶν
1365 4453 1580 4521 χρόνους
1622 4453 1907 4522 γενομένῳ,

377 4547 766 4612 ἐπεισαγόντων
798 4543 872 4610 τῷ
899 4541 1141 4609 ἐξωτέρω
1184 4541 1443 4608 περιϐόλῳ
1473 4540 1562 4591 τοῦ
1595 4541 1718 4594 ναοῦ
1747 4542 1912 4594 ταῦτα

375 4640 440 4690 τά
467 4639 598 4700 ζῶα,
634 4636 900 4704 ἐχρήσατο
924 4632 952 4682 ὁ
983 4632 1377 4702 εύαγγελιστὴς,
1404 4631 1477 4693 ὡς
1515 4629 1682 4700 οἶμαι,
1713 4635 1803 4685 καὶ
1824 4651 1913 4701 γε-

375 4726 652 4794 γενημένῳ
688 4722 1120 4790 συγχρησάμενος
1143 4721 1437 4790 πράγματι.
1468 4721 1717 4787 Καίτοιγε
1748 4716 1790 4787 ᾧ
1821 4723 1913 4790 μέ-

376 4813 451 4863 λει
476 4814 573 4878 τῆς
601 4809 987 4880 ἀκριϐεστέρας
1015 4808 1298 4870 ἐξετάσεως
1332 4808 1679 4874 ὲπισκοπήσει
1703 4810 1749 4858 εἰ
1774 4809 1908 4861 κατὰ

378 4900 435 4950 τὸ
465 4902 520 4952 ὲν
549 4899 626 4968 τῷ
660 4897 757 4966 βίῳ
785 4896 952 4964 τούτῳ
1003 4894 1210 4963 ἀξίωμα
1235 4894 1324 4946 τοῦ
1372 4893 1539 4962 Ἰησοῦ
1585 4889 1670 4962 ἦν,
1704 4898 1911 4964 νομιζο-

385 4988 537 5054 μένου
567 4987 681 5040 υἱοῦ
711 4983 844 5038 εἷναι
876 4985 1138 5045 τέκτονος,
1166 4983 1223 5033 τὸ
1243 4979 1522 5050 τηλικοῦτο
1551 4984 1764 5051 ποιῆσαι
1785 4986 1912 5056 θαρ-

436 5078 481 5108 “
517 5077 702 5131 Matth.
751 5091 865 5142 xxI,
889 5075 978 5128 45.
1052 5074 1098 5104 ⁷⁸
1125 5073 1309 5128 Matth.
1337 5087 1455 5135 xm,
1505 5073 1615 5139 55;
1647 5074 1805 5132 Marc.
1849 5095 1921 5146 vt,
1948 5081 2002 5136 3.

452 5165 559 5235 (i9)
592 5167 768 5218 Codex
800 5162 1141 5235 Bodleianus,
1173 5159 1445 5235 λατρείας.

584 5231 1001 5312 Νρμισμάτων.
1034 5229 1106 5280 Ita
1139 5227 1304 5281 codex
1357 5227 1710 5295 Bodleianus;
1745 5234 1909 5288 editio

389 5298 786 5371 Huctii,v6p.wv.

455 5368 558 5435 (51)
604 5370 778 5423 Codex
825 5363 1054 5432 Regius,
1113 5365 1340 5414 κτεῖνον·
1391 5360 1726 5429 Bodleianus,
1772 5368 1910 5422 ἀπο-

389 5439 747 5576 κτῗέἒθνίὶοάει
777 5499 1124 5562 Bodleianus,
1148 5495 1416 5565 uxr-“9°”
1440 5512 1452 5525 ’
1508 5496 1716 5568 ⁸⁸⁸⁵⁸³⁸³
1753 5504 1914 5556 ἔκη’

1998 1812 2350 1865 sacerdotium
2386 1813 2451 1866 ad
2473 1827 2566 1866 eos
2591 1813 2679 1879 qui
2719 1827 2783 1865 ex
2813 1814 3060 1881 gentibus
3099 1814 3446 1868 credidissent
3474 1815 3526 1868 in

2001 1899 2160 1951 Deum
2185 1915 2278 1968 per
2302 1900 2572 1954 Christum
2599 1915 2625 1952 a
2659 1900 2886 1964 Iudaeis;
2917 1916 2944 1952 a
2971 1901 3162 1968 quibus
3186 1903 3344 1954 etiam
3375 1901 3526 1955 aufe-

2001 1990 2222 2041 rendum
2271 2004 2488 2055 regnum
2541 1990 2630 2041 Dei
2681 1990 2914 2042 dandum
2968 2000 3082 2043 erat
3132 1992 3276 2058 genti
3315 1990 3527 2044 facienti

2000 2076 2203 2129 fructus
2234 2077 2347 2145 ejus
2378 2078 2442 2130 ".
2475 2077 2616 2130 Fieri
2645 2091 2770 2129 vero
2804 2078 2964 2130 etiam
3009 2087 3180 2144 potest
3219 2089 3274 2131 ut
3308 2087 3529 2130 natura-

2001 2162 2120 2216 liter
2156 2164 2246 2217 Dei
2279 2163 2528 2230 templnm
2574 2164 2642 2216 sit
2681 2165 2854 2216 anima
2887 2165 3075 2217 rationi
3120 2166 3527 2232 obtemperans;

2002 2265 2223 2317 corpore
2250 2253 2497 2318 superior
2534 2261 2749 2319 propter
2789 2253 3080 2320 ingenitam
3121 2253 3220 2305 sibi
3268 2254 3529 2306 rationem

2003 2337 2290 2398 exsistens,
2335 2340 2399 2390 ad
2433 2352 2589 2404 quam
2639 2354 2668 2391 e
2722 2337 3038 2405 Capharnao
3085 2340 3292 2392 inferne
3337 2341 3527 2407 posita,

2004 2425 2250 2477 nimirum
2297 2428 2346 2479 in
2396 2427 2782 2490 humilioribus,
2839 2430 3076 2480 ascendit
3111 2429 3263 2483 Jesus
3295 2448 3307 2482 :
3341 2431 3392 2483 in
3425 2446 3530 2499 qua

2004 2512 2338 2578 reperiuntur
2390 2514 2608 2576 terreni,
2669 2523 2951 2581 antequam
2993 2531 3021 2566 a
3067 2515 3189 2568 Jesu
3253 2519 3530 2572 erudiatur

2004 2603 2420 2670 castigeturque,
2446 2612 2498 2655 ct
2524 2602 2650 2654 fatui
2683 2611 2734 2655 et
2757 2603 3004 2655 besriales
3038 2613 3229 2670 motus,
3263 2615 3420 2673 atque
3445 2621 3526 2670 ea,

2004 2704 2122 2756 qua:
2153 2704 2268 2753 nos,
2317 2705 2436 2742 cum
2487 2705 2589 2742 non
2639 2690 2764 2760 sint,
2819 2691 2871 2742 in
2911 2691 3066 2744 bonis
3104 2693 3363 2758 ducimus,
3417 2711 3533 2760 quae

2005 2778 2344 2844 expelluntur
2365 2794 2392 2830 a
2413 2777 2562 2840 Jesu,
2591 2780 2797 2831 ratione
2822 2788 3071 2832 contexta
3105 2794 3170 2834 ex
3203 2782 3532 2850 dogmatibus

2006 2867 2438 2921 demonstrativis
2471 2878 2525 2920 et
2576 2867 2971 2934 objurgatoriis,
3023 2883 3088 2921 ne
3132 2869 3303 2921 anima
3349 2872 3533 2924 domus

2008 2955 2179 3008 Patris
2203 2955 2284 3008 sui
2307 2957 2374 3008 sit
2399 2956 2622 3022 amplius
2661 2955 2848 3008 domus
2878 2964 3160 3017 mercatus,
3195 2956 3285 3007 sed
3313 2955 3533 3023 recipiat

2007 3046 2097 3098 Dei
2125 3045 2321 3098 cultum
2351 3083 2365 3108 ,
2391 3044 2478 3110 qui
2508 3043 2776 3110 peragitur
2813 3041 2964 3108 juxta
2990 3043 3229 3097 caelestes
3277 3044 3530 3111 spirituao

2005 3134 2182 3200 lesque
2213 3132 2375 3200 leges,
2403 3141 2507 3183 tum
2540 3147 2635 3197 pro
2667 3146 2785 3192 sua,
2819 3139 2924 3182 tum
2960 3147 3056 3196 pro
3081 3131 3305 3198 plurium
3339 3133 3506 3186 salute

2004 3223 2240 3274 Motuum
2283 3235 2412 3272 sane
2457 3230 2780 3286 terrenorum
2818 3226 2938 3271 nota
2983 3228 3064 3273 est
3123 3220 3239 3284 bos,
3290 3235 3409 3274 cum
3466 3219 3534 3272 sit

2005 3309 2322 3376 agricultor;
2375 3308 2641 3360 fatuorum
2691 3316 2867 3359 autem
2901 3315 2956 3360 et
2998 3307 3329 3373 bestialium,
3392 3307 3529 3374 ovis,

2005 3400 2253 3465 quoniam
2294 3412 2404 3465 ιιι-ω
2451 3396 2697 3449 omnibus
2746 3396 2918 3449 brutis
2951 3397 3142 3450 servile
3183 3406 3263 3450 est
3299 3398 3530 3463 animal;

2005 3486 2196 3539 levium
2225 3501 2350 3539 vero
2381 3495 2433 3538 et
2464 3484 2789 3537 instabilium
2813 3483 3210 3552 cogitationum,
3247 3487 3528 3549 columba;

2005 3593 2184 3632 eorum
2221 3591 2346 3630 vero
2389 3590 2504 3642 qua:
2557 3575 2608 3626 in
2663 3573 2817 3627 bonis
2863 3575 3141 3635 ducimus,
3191 3577 3528 3629 numismata.

2005 3667 2152 3731 Quod
2190 3666 2233 3718 si
2265 3666 2383 3732 quis
2412 3664 2744 3732 cxpOsitione
2782 3662 2880 3714 hac
2908 3661 3213 3725 offenditur,
3245 3665 3365 3730 quia
3395 3678 3530 3730 pura

2005 3754 2112 3806 sint
2143 3751 2384 3804 animalia
2414 3766 2530 3818 qua:
2576 3752 2628 3802 in
2659 3749 2988 3816 Scripturam
3040 3748 3190 3802 fuere
3231 3761 3528 3815 assumpta,

2005 3840 2283 3893 dicendum
2338 3847 2420 3892 est
2487 3837 2657 3891 dubia:
2726 3837 2848 3889 fidei
2908 3836 3143 3890 futuram
3204 3837 3531 3905 Scripturam

2005 3928 2294 3980 secundum
2327 3928 2718 3995 contingentem
2749 3927 3024 3980 historiam
3047 3965 3061 3990 ,
3094 3927 3139 3980 si
3170 3935 3411 3979 narraret
3447 3927 3530 3978 in-

2005 4029 2181 4083 gressa
2211 4015 2378 4068 fuisse
2421 4015 2521 4066 alia
2563 4015 2812 4066 animalia
2845 4015 3004 4069 etiam
3056 4014 3120 4066 ad
3176 4022 3529 4066 mercaturam

2007 4113 2197 4171 praeter
2227 4118 2286 4155 ea
2321 4119 2437 4169 qua:
2470 4103 2902 4163 immolabantur,
2937 4103 3074 4170 quod
3098 4103 3196 4154 dici
3227 4116 3327 4153 non
3355 4111 3532 4168 posset

2006 4192 2229 4244 aliorum
2261 4191 2566 4242 animalium
2597 4205 2832 4259 gregem,
2870 4201 3221 4258 praeterquam
3254 4204 3527 4256 purorum,

1940 4304 1979 4356 ι)
2009 4281 2170 4334 fuisse
2194 4283 2244 4333 in
2275 4281 2465 4346 templo
2498 4281 2608 4336 Dei.
2635 4282 2963 4348 Quapropter
3000 4279 3355 4348 evangelista,
3387 4278 3530 4346 judi-

2005 4373 2087 4422 cio
2110 4383 2246 4435 meo,
2277 4384 2402 4423 usus
2435 4380 2514 4423 est
2544 4385 2601 4422 re
2632 4371 2738 4431 illa,
2783 4385 2940 4437 quam
2969 4377 3294 4421 mercatores
3334 4368 3529 4427 fecere.

2004 4461 2094 4525 qui
2111 4459 2435 4512 advenerant
2458 4461 2784 4527 temporibus
2803 4456 3144 4512 Judaicarum
3164 4459 3530 4523 festivitatum,

2008 4548 2431 4615 induxerantque
2475 4549 2723 4601 animalia
2758 4550 2870 4601 haec
2916 4547 2967 4598 in
3013 4546 3190 4612 templi
3217 4547 3531 4599 vestibulum

2005 4638 2261 4692 exterius.
2299 4635 2462 4689 Porro
2487 4637 2568 4688 cui
2608 4651 2748 4689 curze
2789 4643 2872 4688 est
2909 4635 3208 4687 accuratior
3236 4635 3529 4701 inquisitio,

2008 4725 2363 4780 considerabit
2383 4739 2448 4776 an
2477 4725 2624 4790 juxta
2643 4725 2950 4791 dignitatem
2975 4723 3248 4790 praesentis
3268 4723 3388 4774 vitae
3413 4731 3532 4775 erat

2011 4822 2066 4866 ut
2089 4812 2264 4876 Iesus,
2319 4813 2405 4879 qui
2443 4813 2579 4865 fabri
2607 4813 2745 4866 [ilius
2787 4813 3067 4879 putabatur
3097 4811 3162 4874 ⁷⁵,
3214 4824 3324 4863 rem
3375 4811 3528 4862 talem

2010 4903 2229 4956 auderet
2282 4901 2495 4966 facere;
2542 4903 2826 4955 extrudere
2881 4899 3128 4953 videlicet
3177 4908 3528 4952 mercatorum

2011 4991 2424 5054 multitudinem,
2472 4991 2560 5058 qui
2609 4990 2676 5043 ad
2730 4989 2866 5042 diem
2919 4989 3109 5043 festutn
3155 4985 3528 5051 ascenderant,

2007 5167 2530 5304 xuffii’iit‘:Legendun‘t
2572 5233 2800 5304 videtur,
2825 5230 2917 5281 καὶ
2952 5230 3291 5304 ὲλεγκτικῷν.

2080 5295 2188 5370 (54)
2219 5295 2466 5370 Ιιιῲιίὶοε
2497 5300 2838 5370 Βγεείομιιμεεεξ
2860 5295 3334 5370 εεειιιιιίιιιιιρῙκος.

2081 5363 2190 5438 (list
2223 5368 2396 5422 Codex
2421 5363 2634 5428 Regius,
2657 5366 2758 5435 ῆὲν
2774 5363 2848 5432 τῷ
2873 5365 3004 5434 ναῷ,
3032 5369 3124 5420 sed
3147 5366 3182 5437 ἡ
3210 5367 3530 5437 superﬂuum

2013 5449 2192 5573 θεῖτο)
2234 5503 2497 5572 Ἀγέλην.
2528 5501 2828 5572 Legendutn
2861 5501 3073 5571 ἀγέλης,
