3880 6168
411 283 509 338 551

1808 281 2135 353 pntcENts

3543 265 3673 324 $59..

413 400 746 454 distributuri
774 399 936 452 boves
960 396 1275 460 ditioribus,
1306 406 1360 453 et
1390 407 1538 455 tanto
1578 400 1768 469 populo
1811 414 1914 455 ove:

2038 401 2216 468 ρἦαι,
2250 399 2385 450 ὥστε
2415 398 2656 462 ἐξελάσαι
2710 396 2911 465 πλῆθος
2939 386 3359 489 amp-mitra}
3393 384 3664 489 T‘hYnéop-

416 488 720 541 mactandas
759 499 853 553 per
899 487 1085 540 domos
1117 486 1436 540 familiarum
1490 504 1607 556 qua:
1652 490 1914 544 multorun

2033 485 2130 555 τὴν
2162 484 2550 556 ἁνεληλυθότων
2577 484 2814 553 τοσούτῳ
2842 481 3191 536 ἀποδίδοσθαι
3220 476 3358 547 λαῷ
3385 472 3663 544 πρόϐατα

412 574 627 626 millium
682 573 1006 642 complerent
1057 590 1368 640 numerum;
1430 586 1590 644 alque
1625 590 1716 631 eos
1760 578 1849 646 qui
1882 578 1936 632 in

411 661 567 714 rebus
621 660 813 715 talibus
867 660 1157 731 gloriantes
1216 663 1525 732 producturi
1593 665 1644 717 in
1706 666 1936 720 medium

408 756 561 800 erant
589 746 881 811 columbas,
914 764 1045 817 quas
1075 750 1222 804 multi
1252 753 1477 819 empturi
1521 761 1714 818 erant,
1746 768 1842 807 ceu
1882 754 1937 808 in

407 845 666 888 conventu
721 836 1075 894 celeberrimo
1130 841 1484 894 convivatori.
1559 841 1938 898 Considerabit

406 926 564 976 etiam
592 939 658 977 an
690 927 1162 981 nummulariorum
1202 938 1320 982 erat
1340 943 1443 982 non
1483 945 1733 985 accusare
1758 932 1934 987 Jesum

408 1011 610 1077 injuria:
643 1023 860 1081 propter
891 1030 1016 1069 suas
1056 1017 1298 1084 ipsorum
1348 1016 1540 1072 eliusas
1587 1022 1836 1087 pecunias
1884 1031 1937 1076 et

404 1114 614 1156 mensas
641 1104 948 1159 subversas.
982 1106 1138 1177 186
1166 1106 1294 1172 Quis
1331 1118 1504 1161 autem
1525 1107 1777 1178 ﬂagelloe
1802 1110 1935 1165 luni-

405 1188 541 1243 cnlis
570 1192 900 1259 verberatus,
935 1195 1290 1263 expuisusque
1330 1196 1396 1249 ab
1433 1212 1495 1251 eo
1527 1199 1617 1266 qui
1648 1214 1809 1279 penes
1838 1215 1933 1255 eos

407 1277 701 1333 habebatur
719 1281 854 1347 vilis,
884 1284 1026 1337 hunc
1056 1285 1271 1339 adortus
1295 1303 1397 1340 non
1421 1278 1784 1354 inclamasset,
1813 1290 1934 1344 totis

404 1366 605 1421 viribus
629 1382 747 1423 sese
781 1370 1063 1437 ulciscens,
1111 1389 1231 1427 cum
1272 1378 1566 1444 praesertim
1603 1387 1804 1432 tantam
1834 1380 1932 1432 ba-

406 1452 555 1506 lteret
579 1453 966 1512 multitudinem
995 1474 1178 1514 eorum
1206 1464 1295 1530 qui
1333 1465 1433 1518 sibi
1476 1481 1626 1534 aeque
1660 1476 1933 1521 contume-

405 1539 528 1592 liam
552 1540 663 1596 ileri
687 1545 992 1612 credebant,
1017 1547 1281 1603 faventem
1305 1551 1403 1605 sibi
1427 1555 1707 1608 adversum
1729 1553 1933 1610 Jesum?

404 1627 623 1695 Insuper
651 1631 1051 1687 consideremus
1082 1635 1168 1687 Dei
1193 1634 1381 1688 Filium
1416 1636 1681 1692 l’nniculos
1712 1654 1928 1692 sumen-

2032 577 2364 646 τυθησόμενα
2385 578 2501 629 κατ’
2532 575 2707 636 οἴκους
2732 571 2977 641 πατριῶν
3009 569 3217 630 αὐτῶν,
3264 569 3335 619 ὲν
3369 562 3661 616 πλειόνων

2036 667 2305 737 μυριάδων
2341 664 2555 735 ἀριθμῷ
2592 663 2943 732 τυγχάνοντα,
2978 661 3073 712 καὶ
3122 658 3262 728 βοῦς
3314 657 3446 715 τοῖς
3479 652 3661 704 πλου-

2035 756 2323 825 σιωτέροις,
2358 756 2451 807 καὶ
2496 753 2788 824 τηλικαῦτα
2827 749 3147 848 εὐξαμένοις
3164 741 3660 848 ’παραστησομέ-

2032 860 2172 907 νους,
2202 842 2518 914 περιστεράς
2538 858 2617 904 τε,
2661 841 2726 903 ἃς
2764 856 2907 902 τινες
2936 838 3120 930 πολλοὶ
3147 837 3229 899 ὡς
3275 839 3349 888 ἐν
3381 837 3658 930 statin??-

2038 948 2114 1001 ρει
2153 929 2613 999 εὐωχηθησόμενοι
2641 927 2872 981 ὠνοῦντο
2890 926 2954 979 ἄν
2977 941 2991 955 ⁸
3029 923 3137 977 τῶν
3163 940 3227 975 τε
3266 918 3656 992 τραπεζιτῶν

2036 1016 2108 1085 μὴ
2157 1015 2362 1085 ὕϐρεως
2407 1015 2774 1084 κατηγορῆσαι
2816 1012 2911 1064 τοῦ
2958 1010 3132 1080 Ἰησοῦ
3186 1008 3532 1078 ὲκχεόμενα
3581 1006 3655 1057 τὰ

2033 1100 2135 1152 ἴδια
2186 1100 2360 1152 αὐτῶν
2412 1103 2659 1170 χρήματα
2684 1100 2818 1168 (57),
2865 1100 2959 1150 καὶ
3010 1097 3500 1191 ἀνατρεπομένας
3542 1092 3652 1191 τάξ

2030 1187 2317 1259 τραπέζας,
2359 1190 2452 1251 Τίς
2481 1190 2536 1242 δὲ
2560 1188 2636 1257 τῷ
2657 1190 2721 1239 ἐκ
2744 1187 2990 1255 σχοινίων
3020 1184 3357 1254 φραγελλίῳ
3394 1182 3512 1236 ὑπὸ
3545 1182 3648 1234 τοῦ

2031 1277 2375 1348 νομιζομένου
2409 1281 2535 1349 παρ’
2574 1279 2752 1339 αὐτοῖς
2801 1275 3050 1337 εὐτελοῦς
3100 1276 3501 1345 τυπτόμενος,
3546 1274 3651 1326 καὶ

2030 1368 2472 1438 ἀπελαυνόμενος,
2541 1370 2639 1420 οὐκ
2691 1366 2756 1419 ἂν
2814 1365 3206 1435 ἐπιλαϐόμενος
3278 1364 3647 1433 κατεϐόησε,

2029 1457 2120 1509 καὶ
2164 1459 2226 1510 ἐκ
2272 1458 2449 1528 χειρὸς
2480 1458 2576 1526 τὴν
2604 1457 2757 1525 δίκην
2782 1456 3095 1524 ἐποιήσατο,
3128 1455 3226 1507 καὶ
3268 1453 3469 1506 ταῦτα
3514 1469 3650 1505 τοσ-

2027 1546 2148 1600 οῦτο
2178 1547 2375 1617 πλῆθος
2409 1549 2512 1601 τῶν
2550 1545 2964 1616 συνυϐρίζεσθαι
2996 1544 3270 1610 δοξάντων
3312 1544 3646 1615 συνεργῶν

2029 1639 2137 1709 (58)
2182 1640 2317 1691 κατᾶ
2362 1637 2453 1690 τοῦ
2511 1636 2682 1707 Ἰησοῦ
2740 1637 2910 1705 ἔχωνς
2953 1636 3385 1704 Ἐπινοήσωμεν
3432 1636 3496 1687 δὲ
3541 1634 3642 1687 τὸν

404 1725 528 1777 tem,
558 1715 762 1785 sibique
784 1717 1047 1787 ﬂagellum
1091 1728 1372 1787 texentem,
1397 1725 1461 1777 ad
1490 1726 1914 1782 extrudendurm

2028 1729 2150 1781 Υἱὺν
2194 1728 2284 1780 τοῦ
2321 1727 2454 1780 Θεοῦ
2496 1727 2838 1797 λαμϐάνοντα
2889 1726 2958 1779 τὰ
3001 1726 3233 1797 σχοινία,
3291 1726 3401 1777 καὶ
3446 1724 3642 1795 ἐαυααῖῥ

403 1802 619 1869 templo,
668 1819 734 1856 an
762 1820 867 1858 non
898 1817 1264 1874 repraesentet,
1317 1821 1506 1876 przeter
1539 1813 1817 1867 audaciam
1871 1825 1924 1869 et

400 1890 777 1952 temeritatem,
810 1892 1167 1948 inordinatum
1202 1897 1361 1949 etiam
1391 1899 1659 1966 quiddam.
1701 1903 1773 1955 At
1800 1918 1924 1957 vero

398 1992 557 2032 unum
581 1979 905 2049 relinquitur
927 1983 1250 2039 defensionis
1283 1986 1561 2057 sull‘uginm
1596 2000 1780 2045 contra
1812 1992 1924 2048 [nec

396 2066 595 2122 volenti
634 2071 795 2122 etiam
834 2072 1106 2125 historiam
1134 2088 1368 2139 servare,
1406 2078 1485 2133 vis
1531 2082 1768 2145 qumdam
1798 2082 1921 2139 Jesu

395 2153 641 2219 divinior,
693 2157 783 2225 qui
838 2168 1070 2226 poterat,
1126 2177 1244 2216 cum
1305 2164 1499 2233 vellet,
1538 2168 1919 2227 inﬂammatum

393 2240 732 2298 inimicorum
778 2247 1014 2301 animum
1058 2254 1400 2322 exstinguere
1426 2296 1439 2320 ,
1469 2265 1522 2311 et
1557 2260 1721 2315 multa
1748 2262 1920 2317 ltomi-

395 2338 518 2379 num
553 2329 717 2382 millia
741 2345 996 2400 superare
1038 2335 1211 2403 gratia
1251 2339 1458 2405 divina,
1495 2352 1547 2397 et
1575 2346 1920 2413 cogitationes

393 2416 820 2473 tumultuantium
882 2424 1185 2494 dissipare:
1223 2430 1519 2485 «Dominus
1573 2438 1712 2489 enim
1767 2439 1920 2494 dissi-

390 2512 483 2569 pat
505 2507 724 2560 consilia
757 2514 1011 2577 gentium,
1053 2526 1105 2570 et
1130 2519 1335 2586 spernit
1376 2521 1724 2589 cogitationes
1749 2542 1917 2595 popu-

390 2588 602 2657 lorum;
645 2597 926 2651 consilium
976 2610 1153 2655 autent
1197 2603 1402 2659 Domini
1438 2607 1491 2660 in
1540 2612 1916 2679 sempiternum

387 2689 592 2744 perstat
647 2682 783 2750 ⁷⁶;ι
834 2687 965 2741 adeo
1017 2697 1073 2743 ut
1120 2691 1338 2746 historia
1381 2699 1657 2763 przesentis
1702 2699 1827 2767 loci,
1872 2705 1916 2757 si

390 2774 568 2821 tamen
613 2770 725 2825 bare
753 2774 887 2828 facta
915 2777 1045 2844 fuit,
1083 2783 1327 2836 ostendat
1352 2784 1507 2839 nullis
1533 2790 1917 2855 quantumlibet

389 2854 773 2943 admirabiliter
794 2863 861 2917 ab
896 2866 1006 2932 ipso
1033 2867 1193 2924 factis
1216 2910 1231 2934 ,
1274 2880 1434 2940 atque
1465 2854 1560 2943 per
1581 2877 1912 2934 divinitatem

390 2942 734 3000 invitantibus
787 2953 853 3004 ad
908 2952 1066 3008 iidem
1095 2970 1187 3010 eos
1216 2960 1308 3027 qui
1336 2942 1615 3027 viderunt,
1660 2966 1909 3021 virtutem

386 3048 525 3087 nunc
547 3036 739 3089 editam
772 3041 1026 3095 minorem
1055 3044 1216 3101 fuisse
1242 3063 1259 3101 :
1296 3063 1452 3117 quam
1474 3055 1633 3107 etiam
1658 3057 1909 3127 majorem

386 3126 730 3186 pronuntiare
757 3143 1056 3198 possumus,
1084 3150 1242 3204 quam
1267 3141 1405 3207 quod
1428 3142 1481 3195 in
1519 3143 1660 3199 Cana
1681 3126 1910 3203 Galilaeae

383 3213 453 3264 sit
484 3228 617 3281 aqua
649 3216 698 3268 in
733 3219 910 3273 vinttm
948 3231 1183 3291 mutata;
1212 3229 1457 3283 nimirum
1486 3235 1624 3301 quod
1661 3235 1766 3289 illic
1797 3238 1908 3290 ina-

383 3299 581 3353 nimem
610 3305 881 3358 materiam
918 3316 1240 3377 mutaverit,
1290 3315 1390 3369 ltoe
1420 3299 1542 3372 vero
1588 3321 1638 3373 in
1682 3322 1796 3377 loco
1832 3334 1909 3378 tot

386 3387 679 3455 myriadum
702 3390 906 3458 ingenia
925 3401 1495 3473 praestantissimasque
1519 3408 1709 3462 animae
1730 3423 1908 3479 partes

385 3473 702 3540 enbjngarit.
732 3477 991 3535 Cteterum
1009 3483 1396 3543 observandum
1422 3500 1503 3545 est
1532 3473 1753 3551 matrem
1782 3498 1903 3555 Jesu

386 3559 489 3610 dici
517 3561 705 3615 adesse
742 3565 966 3634 nuptiis,
1006 3577 1354 3639 vocatumque
1392 3575 1556 3631 fuisse
1579 3576 1758 3635 .iesum
1786 3599 1903 3637 cum

382 3646 660 3716 discipulis
692 3653 823 3716 suis,
852 3656 1112 3710 neminem
1137 3675 1264 3715 vero
1290 3675 1484 3730 praeter
1504 3663 1683 3721 desum
1716 3687 1905 3727 nume-

382 3737 493 3791 rari
548 3738 919 3809 Capharnaum
973 3745 1329 3809 descendisse.
1405 3754 1662 3810 Videntur
1729 3769 1900 3815 tamen

377 3836 558 3895 postea
585 3829 825 3900 discipuli
859 3835 1124 3900 adfuisse,
1169 3842 1593 3910 quandoquidem
1638 3850 1900 3903 recordati

374 3924 499 3970 sunt
543 3919 797 3986 scriptum
834 3936 989 3977 esse:
1031 3942 1048 3975 ι
1074 3924 1231 3981 Zelus
1284 3930 1471 3985 domus
1522 3942 1622 3987 tua:
1673 3937 1902 3990 comedit

377 4020 462 4058 me
490 4006 557 4062 '7.
586 4024 605 4058 ι
640 4009 714 4062 Ac
740 4010 964 4066 fortasse
993 4013 1044 4066 in
1070 4016 1290 4082 singulis
1308 4017 1582 4086 discipulis
1606 4032 1721 4075 erat
1748 4023 1901 4081 Jesus

375 4091 793 4165 Hierosolymam
827 4102 1137 4165 ascendens,
1163 4106 1415 4170 quocirca
1435 4121 1536 4159 non
1562 4108 1762 4163 dictum
1784 4122 1895 4166 est:

373 4184 624 4239 Ascendit
670 4184 825 4241 Jesus
879 4187 1320 4259 Hierosolymam,
1373 4202 1426 4249 et
1467 4195 1707 4267 discipuli
1758 4202 1896 4270 ejus,

371 4272 809 4337 quemadmodum
828 4314 842 4339 ,
897 4292 915 4325 ι
945 4277 1227 4331 Descendit
1255 4281 1628 4350 Capharnaum
1667 4288 1779 4357 ipse
1799 4331 1814 4357 ,
1844 4301 1897 4344 et
1926 4313 1969 4366 ι)

371 4368 543 4414 mater
565 4360 700 4428 ejus,
725 4375 778 4415 et
808 4361 1000 4419 fratres
1050 4377 1104 4422 et
1133 4370 1373 4438 discipuli
1409 4371 1523 4440 ejus
1549 4373 1614 4429 ".
1640 4391 1659 4426 ι

1935 3003 1979 3062 C

439 4533 522 4587 l7.
565 4534 669 4588 Sed
707 4535 818 4604 jam
868 4549 1090 4610 cognata
1137 4540 1259 4598 huic
1291 4545 1408 4600 loco
1443 4546 1731 4617 (nimirum
1752 4552 1890 4619 quod

364 4620 522 4689 eiecti
570 4624 771 4680 fuerint
800 4644 830 4682 e
865 4631 1062 4699 templo
1088 4634 1182 4701 qui
1228 4634 1359 4690 illud
1403 4636 1641 4693 facerent
1674 4641 1886 4697 domum

361 4713 658 4785 mercatus)
684 4719 820 4786 apud
847 4729 1062 4776 caeteros
1108 4725 1275 4790 posita
1325 4724 1706 4783 consideranda
1738 4741 1879 4787 sunt.

359 4803 437 4856 Ae
464 4817 592 4859 sane
621 4804 893 4861 videamus
942 4810 994 4864 in
1047 4815 1233 4880 primis
1258 4831 1375 4885 quae
1404 4828 1534 4871 sunt
1581 4822 1716 4887 apud
1744 4821 1880 4877 Mat-

362 4890 554 4944 tlneum
575 4893 833 4949 dicentem
846 4896 912 4962 ",
937 4897 1179 4967 ingresso
1195 4902 1417 4959 Domino
1442 4905 1879 4980 Hierosolymam,

2023 1817 2334 1887 φραγέλλιον
2364 1816 2455 1868 ἐπὶ
2487 1816 2562 1885 τῷ
2611 1814 2858 1878 ἐξελάσαι
2908 1814 3001 1868 τοῦ
3030 1804 3158 1868 ναοῦ
3206 1815 3527 1877 πλέκοντα,
3584 1816 3640 1866 εί

2026 1905 2097 1976 μὴ
2125 1906 2370 1975 ἐμφαίνει
2398 1905 2529 1974 πρὸς
2551 1904 2630 1973 τῷ
2661 1904 2881 1958 αὐθάδει
2914 1906 3008 1958 καὶ
3040 1904 3377 1975 θρασυτὲρῳ
3414 1905 3520 1957 καὶ
3568 1903 3639 1956 τὸ

2021 1995 2262 2049 ἄτακτον.
2290 1996 2401 2048 Μία
2427 1995 2481 2047 δὲ
2506 1994 2791 2064 καταφυγὴ
2815 1994 2914 2062 τῆς
2935 1996 3069 2064 πρὸς
3099 1993 3267 2047 ταῦτα
3297 1994 3634 2062 ἀπολογίας

2021 2083 2397 2136 καταλείπεται
2442 2083 2518 2153 τῷ
2549 2083 2643 2135 καὶ
2675 2081 2773 2152 τὴν
2812 2083 3047 2152 ἱστορίαν
3082 2083 3252 2135 σῶσαι
3289 2083 3549 2148 θέλοντι,
3587 2085 3628 2154 ή

2019 2168 2258 2240 θειοτέρα
2281 2169 2372 2223 τοῦ
2409 2168 2581 2239 Ἰησοῦ
2614 2169 2843 2238 δύναμις
2874 2170 2982 2222 οἴου
3017 2186 3074 2222 τε
3099 2169 3275 2233 ὄντος,
3313 2171 3416 2223 ὅτε
3452 2170 3629 2223 ἐϐού·

2017 2256 2155 2321 λετο,
2208 2257 2299 2309 καὶ
2345 2256 2510 2326 θυμὸν
2562 2255 2768 2326 ἐχθρῶν
2810 2256 3179 2325 ἀναπτόμενον
3229 2257 3463 2321 σϐέσαι,
3523 2259 3628 2313 καὶ

2022 2346 2286 2414 μυριάδων
2334 2345 2452 2415 θείᾳ
2479 2346 2662 2415 χάριτι
2696 2346 3097 2415 περιγενέσθαι,
3149 2347 3246 2399 καὶ
3295 2347 3627 2418 λογισμοὺς

2018 2430 2378 2501 θορυϐούντων
2438 2432 2548 2503 (59)
2578 2433 2954 2486 6ta<rx58dtcrat°
3000 2453 3019 2484 ι
3065 2434 3272 2504 Κύριος
3318 2436 3440 2506 γὰρ
3488 2436 3618 2490 δια-

2018 2519 2258 2581 σκεδάζει
2313 2519 2506 2588 βουλὰς
2561 2520 2749 2584 ἐθνῶν,
2818 2522 2910 2574 καὶ
2957 2521 3141 2574 ἀθετεῖ
3184 2522 3241 2574 δὲ
3295 2520 3623 2594 λογισμοὺς

2016 2607 2156 2660 λαῶν
2176 2625 2189 2638 ⁶
2215 2610 2246 2677 ἡ
2279 2609 2334 2661 δὲ
2370 2609 2528 2679 βουλὴ
2554 2609 2650 2662 τοῦ
2682 2611 2888 2682 Κυρίου
2920 2612 3001 2674 είς
3028 2613 3120 2664 τὸν
3155 2612 3335 2665 αἰῶνα
3363 2614 3527 2683 μένει
3546 2631 3563 2646 °
3590 2633 3613 2668 ι

2013 2695 2150 2750 ὥστε
2177 2698 2397 2768 μηδενὸς
2441 2700 2547 2752 τῶν
2578 2701 2782 2771 σφόδρα
2813 2702 3135 2772 παραδόξως
3179 2703 3274 2755 ὑπ’
3309 2704 3493 2757 αὐτοῦ
3518 2722 3619 2773 γε-

2014 2787 2343 2856 γενημένων,
2391 2789 2484 2841 καὶ
2517 2791 3010 2861 προκαλεσαμένων
3060 2792 3152 2844 διὰ
3183 2792 3285 2862 τῆς
3317 2792 3617 2864 θειότητος

2014 2877 2093 2938 εἰς
2140 2877 2316 2928 πίστιν
2347 2879 2470 2939 τοὺς
2514 2879 2938 2951 τεθεωρηκότας,
2987 2881 3253 2935 ἐλάττονα
3306 2885 3614 2954 ἐμφαίνειν

2013 2965 2383 3035 ἐνεργηθεῖσαν
2410 2966 2633 3036 δύναμιν
2677 2969 2775 3040 τὴν
2808 2972 2950 3024 κατά
2992 2971 3086 3025 τὸν
3125 2973 3296 3026 τόπον
3328 2975 3609 3046 ἱστορίαν,

2014 3054 2068 3107 εἴ
2090 3071 2151 3123 γε
2174 3056 2265 3107 καὶ
2286 3056 2419 3124 αὐτὴ
2447 3057 2751 3128 γεγένηται.
2787 3060 2898 3112 Καὶ
2923 3061 3153 3130 μείζονα
3174 3061 3221 3114 δ’
3246 3063 3429 3134 αὐτὴν
3456 3064 3610 3120 ἐστιν

2014 3144 2380 3214 ἀποφήνασθαι
2406 3147 2503 3215 τῆς
2528 3149 2898 3218 γεγενημένης
2929 3153 3059 3221 περὶ
3088 3151 3185 3204 τοῦ
3215 3155 3276 3207 ἐν
3304 3154 3473 3224 Κανᾷ
3500 3155 3607 3224 τῆς

2010 3232 2291 3296 Γαλιλαίας
2322 3236 2778 3306 μεταϐεϐληκότος
2819 3238 3009 3302 ὓδατος
3052 3241 3136 3303 είς
3167 3236 3334 3304 οἶνον,
3371 3243 3457 3313 τῷ
3484 3245 3608 3298 ἐκεῖ

2014 3321 2112 3389 μὲν
2139 3322 2336 3390 ἄψυχον
2361 3323 2489 3393 ὓλην
2517 3322 2651 3378 εἶναι
2679 3327 2777 3396 τὴν
2807 3328 3306 3402 μεταϐεϐλημένην
3339 3332 3482 3403 (60),
3518 3336 3607 3386 ἐν.

2011 3408 2132 3461 θάδε
2161 3410 2216 3462 δέ
2242 3413 2345 3464 τῶν
2377 3413 2638 3465 τοσούτων
2663 3416 2933 3485 μυριάδων
2961 3418 3331 3475 δεδουλῶσθαι
3358 3424 3431 3477 τὰ
3468 3427 3603 3497 ἠγε-

2012 3497 2220 3565 μονιιιά.
2266 3498 2677 3570 Παρατηρητέον
2712 3502 2979 3571 μέντοιγε,
3015 3506 3100 3559 ὅτι
3135 3511 3196 3561 ἐν
3244 3511 3344 3580 μὲν
3380 3512 3464 3582 τῷ
3493 3513 3598 3581 γά-

2011 3603 2095 3656 μῳ
2120 3587 2151 3655 ή
2185 3588 2362 3657 μήτηρ
2392 3588 2483 3641 τοῦ
2520 3589 2693 3658 Ἰησοῦ
2723 3586 2857 3645 εἶναι
2903 3593 3149 3661 λέγεται,
3199 3600 3506 3670 κεκλῆσθαι
3535 3603 3595 3656 δὲ

2005 3673 2034 3724 ὁ
2074 3671 2276 3741 Ἰησοῦς
2305 3676 2399 3726 καὶ
2425 3675 2472 3726 οἱ
2519 3674 2755 3746 μαθηταὶ
2784 3680 2971 3734 αὐτοῦ.
3014 3684 3113 3748 Εἰς
3143 3684 3202 3737 δέ
3232 3687 3333 3757 τὴν
3353 3690 3597 3759 Καφαρ-

2006 3761 2181 3829 ναοὺμ
2212 3758 2635 3830 καταϐεϐηκέναι
2672 3761 2780 3834 (6i)
2814 3767 2993 3830 οὐδεὶς
3021 3769 3165 3842 πλὴν
3202 3773 3378 3842 Ἰησοῦ
3404 3758 3597 3828 κατέι-

2004 3843 2204 3899 λεκται.
2243 3848 2518 3901 Φαίνονται
2545 3849 2589 3902 δ’
2618 3849 2839 3924 ὕστερον
2879 3857 2976 3908 καὶ
3023 3861 3075 3912 οἱ
3107 3863 3348 3934 μαθηταὶ
3377 3866 3595 3935 παρόν-

2002 3950 2109 3998 τες,
2141 3935 2194 3986 ετ
2217 3951 2278 4003 γε
2324 3937 2688 4008 ἐμνήσθησαν,
2732 3942 2811 3995 ὅτι
2846 3963 2863 3994 ι
2887 3944 2946 3997 '0
2992 3947 3159 4017 ζῆλος
3186 3953 3281 4004 τοῦ
3305 3952 3459 4007 οίκου
3491 3972 3592 4009 σου

2003 4024 2365 4093 καταφάγεταί
2402 4042 2487 4094 με.
2516 4046 2536 4077 ι
2595 4029 2703 4081 Καὶ
2749 4032 2888 4101 τάχα
2921 4036 2980 4086 ἐν
3008 4038 3229 4107 ἑκάστῳ
3255 4040 3361 4093 τῶν
3399 4042 3589 4114 μαθη-

2002 4113 2106 4164 τῶν
2135 4114 2162 4165 ό
2200 4115 2401 4184 Ἰησοῦς
2430 4117 2730 4172 ἀναϐαίνων
2760 4123 2838 4184 είς
2883 4118 3239 4199 Ἱεροσόλυμα
3266 4126 3354 4201 ἦν,
3386 4113 3590 4205 διόπερ

2001 4200 2095 4251 οὐκ
2128 4200 2336 4270 εἴρηται
2361 4203 2421 4254 τό
2442 4220 2456 4233 ο
2500 4204 2688 4275 Ἀνέϐη
2723 4208 2930 4278 Ἰησοῦς
2952 4215 3034 4276 είς
3075 4200 3452 4289 Ἱεροσόλυμα,
3490 4200 3591 4276 καὶ

2000 4287 2045 4337 οἱ
2079 4286 2311 4357 μαθηταὶ⁷
2337 4290 2519 4353 αὑτοῦ,
2547 4292 2753 4365 ὥσπερ,
2796 4317 2814 4349 ι
2840 4300 3062 4373 Κατέϐη
3088 4286 3168 4367 εἰς
3191 4286 3591 4382 Καφαρναοὺμ

1998 4372 2172 4436 αὐτὸς,
2226 4376 2378 4445 καὶὴ
2431 4380 2609 4453 μήτηρ
2638 4385 2822 4450 αὐτοῦ,
2855 4389 2947 4441 καὶ
2980 4392 3031 4442 oi
3081 4372 3320 4462 ἀδελφοί,
3365 4372 3479 4451 *καὶ
3532 4372 3588 4455 ἐι

1999 4462 2230 4532 μαθηταὶ
2257 4464 2434 4516 αὐτοῦ.
2462 4485 2481 4516 ι

2062 4551 2147 4605 17.
2191 4553 2326 4622 Ἤδη
2357 4554 2423 4648 δὲ
2460 4556 2525 4609 τά
2570 4564 2806 4634 συγγενῆ
2857 4567 2937 4637 τῷ
2980 4569 3130 4640 τόπῳ
3174 4572 3585 4648 (ἐκϐεϐλῆσθαι

1989 4641 2097 4694 ἀπὸ
2119 4641 2209 4693 τοῦ
2244 4641 2385 4712 ἱεροῦ
2412 4646 2534 4709 τοὺς
2569 4651 2853 4717 ποιοῦντας
2892 4657 3056 4711 αὐτὸν
3087 4641 3237 4714 οἶκον
3270 4641 3580 4743 ἐμπορίου)

1987 4731 2134 4800 παρά
2176 4734 2284 4794 τοῖς
2325 4733 2524 4798 λοιποῖς
2548 4740 2771 4809 κείμενα
2805 4748 3189 4817 κατανοητέον.
3252 4731 3366 4806 Ka‘t

1985 4822 2072 4873 τόν
2094 4838 2154 4890 γε
2203 4822 2270 4875 τὰ
2300 4824 2447 4894 παρά
2492 4825 2569 4896 τῷ
2619 4831 2898 4903 Ματθαίῳ,
2940 4837 3011 4899 ,ὃς
3059 4856 3245 4910 φησιν,
3291 4822 3581 4904 εξσελόόν-

1986 4929 2073 4975 τος
2116 4912 2207 4964 τοῦ
2253 4914 2455 4983 Κυρίου
2505 4919 2584 4981 είς
2628 4918 2993 4996 Ἱεροσόλυμα,
3048 4933 3324 4988 σεσεῖσθαι
3386 4940 3576 4997 πᾶσαν

427 5007 471 5038 ⁷⁸
492 5008 635 5064 Psal.
664 5027 836 5080 χχιιι,
886 5014 972 5081 lo,
1017 5018 1104 5072 Η.
1177 5020 1223 5052 ’⁷
1255 5020 1410 5078 Jnan.
1461 5041 1520 5092 ιι,
1564 5028 1647 5095 17;
1683 5028 1819 5083 Psal.
1852 5045 1914 5085 ιι

2009 5048 2036 5095 ι,
2074 5029 2155 5083 l0.
2226 5030 2272 5062 "‘
2303 5029 2456 5089 Joan.
2479 5049 2537 5099 It,
2566 5035 2654 5094 12.
2727 5037 2773 5075 ’⁸
2796 5039 2990 5099 Matth.
3018 5062 3134 5113 ut,
3164 5049 3250 5103 l0.

428 5141 539 5213 (57)
561 5140 640 5213 re
675 5142 803 5213 Δἴδια
834 5147 1030 5202 αὐτῶν
1072 5154 1357 5213 χρήματα.
1393 5156 1480 5210 Sic
1530 5167 1674 5211 recte
1720 5158 1883 5213 habet

361 5206 529 5295 rod—eg
545 5206 900 5295 quleianus,
941 5230 1037 5295 pro
1058 5206 1257 5286 quibus
1278 5206 1880 5295 p'é'rpEr'am'tIiitEFi};

362 5272 534 5353 Ite‘gj‘o‘
545 5274 678 5353 ίῇον-
698 5272 1012 5353 τῶνῇτάζχρή
1020 5272 1180 5353 μάταζ

432 5340 541 5430 ίξὲξὶ
569 5343 756 5430 Είέξίβξ
778 5340 1348 5430 θεείδέίζρθτρετειη»
1375 5362 1675 5430 ,ξυνεργῶν-

1023 5406 1114 5476 Sic
1146 5406 1348 5479 'cb'd'éi'
1773 5432 1877 5486 Be-

360 5474 494 5540 gius,
528 5474 892 5544 θορυϐοῦντας.

2057 5164 2175 5264 {539.1
2217 5168 2765 5264 ἐίῗὶῗέῗὲίέξξένην·
2823 5176 2900 5232 ¹ί³
2949 5183 3119 5237 codex
3184 5184 3564 5264 Bodleianus;

1984 5229 2197 5305 Regius,
2218 5251 2412 5305 γεγενη
2422 5229 2607 5305 μένην.

2051 5256 2197 5299 :gtus,
2218 5256 2607 5376 γεγενὲμενᾞ.
3008 5318 3021 5336 ι
3550 5256 3561 5264 ’

2051 5299 2322 5394 φ’)..Ξέε
2362 5306 2546 5394 ἲ.
2578 5325 2639 5394 tt.
2665 5315 3080 5394 ,Καφαρναουμ
3151 5325 3566 5394 κατασεσηκῶ

1984 5369 2579 5463 minatum-legisse;
2592 5369 2800 5463 videtur
2834 5369 3122 5463 Ferragrﬁis
3132 5369 3183 5463 ’
3195 5369 3299 5463 ita“
3543 5439 3562 5463 ,

1979 5436 2071 5523 ili
2079 5435 2250 5523 3:15
2539 5435 2964 5523 _&va6s6'qxévat.
2974 5435 3170 5513 i’t

1986 5503 2304 5570 rosolymain
2334 5503 2666 5584 ascendisse,
2704 5539 2724 5571 ι
2766 5503 3353 5585 ἑθᾶἱὲῦιιέιῖἑὲῐισῖιίὶἱὲὶ
