3880 6170
318 270 418 328 353

1407 280 1754 339 COMMENT.
1794 281 1861 337 IN
1899 279 2087 338 JOAN.
2130 280 2361 336 TOMUS
2394 279 2461 333 Χ.

3396 282 3502 336 554

325 390 424 460 τὴν
472 385 622 440 πόλιν
664 385 979 456 λέγουσαν·
1037 415 1056 447 ι
1083 398 1177 460 Τίς
1225 397 1370 451 ἐστιν
1410 391 1590 463 οὗτοςς
1619 416 1638 448 ο
1690 398 1796 467 πρὸ
1836 397 1888 450 δὲ

1988 406 2309 450 commotam
2342 394 2506 450 fuisse
2522 393 2835 447 universam
2867 391 3136 446 civitatem
3161 431 3174 454 ,
3199 391 3461 447 dicentem
3489 414 3502 447 ;

332 479 526 533 τούτων
559 477 824 546 διηγεῖται
868 483 941 535 τὰ
986 488 1114 556 περὶ
1144 486 1239 557 τὴν
1285 488 1401 540 ὄνον
1441 488 1529 540 καὶ
1567 487 1655 539 τὸν
1684 487 1876 548 πῶλον,

336 569 596 641 ’ληφθέντα
625 570 920 639 προστάξει
959 574 1054 626 τοῦ
1098 577 1316 646 Κυρίου,
1354 577 1456 630 ὑπὸ
1495 577 1587 629 δύο
1631 575 1880 646 μαθητῶν

343 657 739 712 ἀποσταλέντων
800 658 893 710 ὑπ’
947 661 1112 713 αὐτοῦ
1162 663 1266 714 ἀπὸ
1321 662 1607 733 Βηθφαγῆς
1657 664 1735 724 εἰς
1785 661 1880 730 τὴν

344 747 617 800 κατέναντι
651 746 822 814 αὐτῆς
866 747 1059 817 κώμην
1086 750 1372 820 εὑρημένα,
1416 752 1545 803 ὅπου
1575 750 1666 803 καὶ
1699 748 1879 803 λύεται

344 836 441 888 ὑπὸ
478 837 587 888 τῶν
616 837 709 887 δύο
759 836 1014 907 μαθητῶν
1064 840 1096 909 ὴ
1141 841 1397 910 πρότερον
1445 840 1692 910 δεδεμένη
1743 840 1877 903 ὄνος,

341 923 750 987 κελευσθέντων,
777 924 872 978 ὲάν
902 943 984 987 τις
1016 927 1198 989 αὐτοῖς
1234 927 1360 1001 εἴπῃ
1391 945 1463 990 τι,
1498 927 1881 999 ἀποκρίνασθαι

338 1010 408 1071 ὡς
440 1012 548 1080 ἄρα
581 1030 601 1061 ι
663 1013 721 1064 Ὀ
766 1012 965 1083 Κύριος
1011 1014 1185 1066 αὐτῶν
1217 1017 1400 1085 χρείαν
1432 1016 1561 1086 ἔχει,
1605 1018 1697 1068 καὶ
1728 1015 1883 1077 εὐθὺς

339 1099 529 1161 αὐτοὺς
553 1101 862 1153 ἀποστελεῖ.
900 1121 918 1152 a
961 1102 1309 1171 ’Ᾱπαγγέλλει
1331 1105 1385 1157 δὲ
1408 1105 1733 1176 πληροῦσθαι
1754 1121 1882 1173 προ-

339 1189 562 1257 φητείαν
605 1190 695 1243 διὰ
731 1190 931 1243 τούτων
969 1194 1334 1262 γεγενημένην
1368 1193 1475 1263 (62)
1518 1195 1614 1264 τὴν
1655 1196 1882 1262 φάσκου-

340 1293 436 1329 σαν
459 1293 475 1307 ’
513 1296 533 1327 ι
588 1279 721 1330 Ἰδοὺ
753 1279 782 1329 6
812 1279 1059 1348 βασιλεὺς
1104 1280 1316 1351 ἔρχεται
1346 1282 1539 1351 πραῢς,
1582 1284 1670 1336 καὶ
1698 1282 1881 1334 ἐπιϐε-

339 1363 519 1433 ϐηκὼς
547 1364 642 1416 ἐπὶ
664 1365 807 1427 ὄνον,
838 1366 930 1418 καὶ
955 1366 1127 1418 πῶλον
1162 1366 1272 1418 υἱὸν
1306 1366 1609 1435 ὑποζυγίου,
1652 1388 1670 1419 ι
1701 1370 1881 1438 ἥντινα

340 1453 487 1523 παρά
509 1453 590 1522 τῷ
616 1454 865 1524 Ζαχαρία
891 1453 1117 1525 εὕρομεν
1135 1473 1148 1485 ο
1173 1457 1246 1519 ὡς
1271 1457 1326 1509 δὲ
1348 1451 1689 1526 πορευθέντες
1712 1459 1760 1509 ol
1783 1475 1883 1526 μα-

339 1542 517 1611 θηταὶ,
561 1542 660 1594 καὶ
693 1545 1011 1612 ποιήσαντες
1043 1545 1118 1606 ὡς
1150 1545 1473 1614 προσέταξεν
1503 1546 1681 1608 αὐτοῖς
1709 1550 1736 1598 6
1780 1549 1881 1616 ’1η-

341 1628 485 1691 σοῦς,
528 1631 738 1699 ἢγαγον
780 1632 869 1682 τὸν
914 1631 1030 1683 ὄνον
1081 1632 1171 1684 καὶ
1218 1633 1307 1684 τὸν
1339 1633 1531 1697 πῶλον,
1569 1634 1659 1686 καὶ
1691 1634 1880 1703 ἐπέθη-

342 1733 440 1768 καν
471 1716 602 1784 (65),
646 1718 831 1785 φησὶν,
861 1717 944 1768 ἐπ’
978 1718 1155 1770 αὐτῶν
1196 1719 1264 1771 τὰ
1308 1720 1494 1788 ἱμάτια
1532 1720 1763 1784 ἑαυτῶν,
1790 1721 1882 1772 καὶ

341 1804 664 1861 ἐπεκάθισεν
694 1806 879 1859 ἐπάνω
912 1808 1087 1860 αὐτῶν
1119 1809 1146 1859 6
1170 1808 1399 1879 Κύριος,
1432 1809 1582 1878 δῆλον
1615 1810 1657 1861 δ’
1687 1810 1765 1862 ὅτι
1792 1810 1885 1862 καὶ

342 1896 437 1963 τῆς
476 1896 597 1946 ὄνου
640 1895 738 1947 καὶ
776 1895 869 1947 τοῦ
899 1895 1097 1959 πώλου,
1129 1897 1215 1948 ὅτε
1257 1899 1347 1949 καὶ
1377 1900 1405 1949 6
1451 1898 1690 1960 πλεῖστος
1736 1897 1885 1967 ὄχλος

346 1983 618 2052 ἔστρωσαν
666 1984 736 2037 τὰ
784 1986 972 2053 ἱμάτια
1024 1988 1081 2036 ὲν
1120 1988 1185 2054 τῇ
1219 1986 1337 2055 ὁδῷ,
1372 1987 1516 2039 ἄλλοι
1559 1987 1613 2039 δὲ
1666 1987 1885 2039 ἔκοπτον

348 2071 565 2134 κλάδους
597 2072 708 2124 ἀπὸ
741 2073 849 2124 τῶν
880 2073 1127 2142 δένδρων,
1166 2076 1257 2126 καὶ
1288 2074 1558 2144 ἔστρωσαν
1592 2078 1648 2127 ὲν
1678 2078 1741 2145 τῇ
1784 2075 1886 2144 ὁδῷ

348 2159 451 2211 τῶν
488 2163 859 2229 προαγόντων,
900 2163 990 2213 καὶ
1025 2162 1445 2216 ἀκολουθούντων
1477 2165 1645 2233 ὄχλων
1686 2178 1885 2236 κεκρα-

349 2250 545 2316 γότων·
587 2270 606 2299 ι
659 2251 885 2303 Ὡσαννά
910 2250 987 2320 τῷ
1012 2252 1110 2320 υἱῷ
1141 2252 1297 2303 Δαυῖδ
1314 2269 1327 2282 ο
1363 2253 1715 2323 εὐλογημένος
1741 2256 1769 2305 6
1799 2256 1888 2322 ἐρ·-

349 2338 566 2405 χόμενος
600 2339 657 2388 ὲν
702 2339 923 2406 ὀνόματι
965 2338 1198 2408 Κυρίουο
1241 2339 1463 2391 Ὡσαννά
1513 2341 1570 2391 ὲν
1602 2344 1710 2402 τοῖς
1764 2340 1886 2407 ὑψί-

352 2443 508 2489 στοις.
552 2446 572 2477 ι
618 2427 767 2496 Πλὴν
801 2428 874 2489 ὡς
916 2427 1003 2479 διὰ
1048 2427 1216 2481 ταῦτα
1251 2427 1571 2491 εἰσελθόντος
1611 2429 1770 2481 αὐτοῦ
1808 2431 1887 2493 sic;

365 2515 725 2584 Ἱεροσόλυμα,
767 2532 786 2563 ι
829 2513 1043 2583 ἐσείσθη
1074 2516 1219 2566 πᾶσα
1244 2516 1277 2584 ἡ
1309 2515 1476 2579 πόλις,
1504 2515 1748 2581 λέγουσιν.⁸
1797 2516 1889 2579 Τίς

351 2603 492 2656 ἐστιν
531 2597 720 2665 οὗτος
759 2603 824 2654 (li
868 2601 1031 2670 ὄχλοι,
1075 2622 1092 2652 ι
1143 2603 1294 2672 δῆλον
1326 2604 1405 2656 ὅτι
1446 2604 1767 2673 προάγοντες
1797 2605 1889 2657 καὶ

350 2690 783 2751 ἀκολουθοῦντες.
834 2690 1191 2758 ἀπεκρίναντο
1235 2693 1345 2752 τοῖς
1389 2690 1627 2760 ἐρωτῶσι
1667 2691 1749 2754 τίς
1780 2692 1887 2761 ειη,

350 2780 438 2831 τόσ
479 2798 496 2829 ι
533 2772 703 2841 Οὗτός
741 2781 886 2830 ἐστιν
925 2781 953 2831 6
994 2780 1273 2848 προφήτης
1330 2778 1552 2847 Ἰησοῦς,
1583 2779 1612 2830 ὁ
1643 2780 1749 2832 ἀπὸ
1778 2780 1889 2834 Να-

352 2868 510 2938 ζαρὲτ
536 2870 632 2939 τῆς
659 2869 963 2929 Γαλιλαίας.
998 2868 1101 2919 Καὶ
1131 2867 1368 2936 εἰσῆλθεν
1405 2867 1604 2936 Ἰησοῦς
1630 2870 1706 2931 εἰς
1731 2869 1790 2921 τὸ
1813 2871 1887 2922 ἱε-

356 2957 461 3026 ρὸν,
491 2958 584 3009 καὶ
614 2956 836 3022 ἐξέϐαλε
863 2955 1067 3017 πάντας
1093 2957 1215 3017 τοὺς
1250 2954 1549 3019 πωλοῦντας
1577 2956 1667 3009 καὶ
1694 2956 1890 3026 ἀγορά-

355 3044 538 3109 ζοντας
572 3047 629 3097 ὲν
670 3044 747 3114 τῷ
786 3041 933 3115 ἱερῷ,
962 3044 1056 3096 καὶ
1100 3043 1195 3102 τὰς
1230 3043 1499 3114 τραπέζας
1547 3044 1652 3096 τῶν
1700 3042 1886 3096 κολλυ-
1913 3029 1954 3085 C

354 3135 546 3188 ϐιστῶν
578 3134 930 3204 κατέστρεψε,
973 3133 1066 3185 καὶ
1098 3131 1192 3193 τὰς
1232 3132 1493 3202 καθέδρας
1520 3132 1624 3184 τῶν
1655 3131 1889 3185 πωλούν-

352 3243 453 3279 των
485 3226 582 3289 τὰς
609 3224 968 3295 περιστεράς·
1008 3223 1099 3274 καὶ
1130 3220 1275 3289 λέγει
1303 3221 1479 3282 αὐτοῖς
1498 3237 1510 3249 ·
1546 3220 1850 3289 Γέγραπται
1872 3235 1888 3249 ·

367 3316 421 3367 '0
451 3309 594 3376 οἶκός
626 3330 729 3383 μου
762 3308 908 3371 οἶκος
942 3309 1240 3379 προσευχῆς
1271 3307 1623 3377 κληθήσεται·
1653 3309 1806 3376 ὑμεῖς
1834 3308 1891 3359 δὲ

354 3404 504 3455 αὐτὸν
526 3406 725 3456 ποιεῖτε
752 3400 1009 3469 σπήλαιον
1035 3397 1258 3466 λῃστῶν.
1296 3415 1313 3445 ι
1344 3395 1671 3465 Πευσώμεθα
1696 3396 1758 3464 δὴ
1784 3395 1890 3448 τῶν

358 3494 490 3564 πέρα
516 3493 613 3561 τῆς
645 3490 884 3560 ἱστορίας
921 3487 1081 3556 μηδὲν
1110 3485 1361 3553 οἰομένων
1385 3484 1730 3553 προσκεῖσθαι
1762 3484 1892 3552 γρά-

358 3598 500 3649 φοντι
535 3580 611 3649 τῷ
655 3575 918 3644 Ματθαίῳ
962 3574 1022 3626 τὸ
1068 3572 1423 3640 Εὑαγγέλιον,
1456 3570 1507 3620 τί
1537 3566 1603 3640 ἦν
1634 3571 1693 3623 τὸ
1730 3588 1889 3623 κατε-

355 3675 531 3738 πεῖγον
553 3670 662 3738 (64)
694 3665 1005 3735 πεμφθῆναι
1026 3663 1131 3714 τῶν
1157 3660 1404 3730 μαθητῶν
1428 3660 1519 3712 δύο
1547 3661 1624 3722 εἰς
1644 3660 1739 3728 τὴν
1763 3677 1892 3712 κατ-

357 3761 521 3814 έναντι
571 3760 671 3827 τῆς
708 3755 999 3823 Βηθφαγῆς
1050 3753 1256 3822 κώμην,
1317 3753 1453 3819 ὑπὲρ
1498 3752 1590 3804 τοῦ
1641 3753 1891 3821 εὑρόντας

357 3848 542 3910 αὐτοὺς
578 3846 865 3913 δεδεμένην
906 3842 1023 3894 ὄνον
1055 3842 1146 3893 καὶ
1179 3840 1352 3893 πῶλον
1386 3842 1500 3910 μετ’
1519 3840 1682 3907 αὐτῆς
1715 3840 1888 3905 λῦσαι,

363 3940 444 3993 καὶ
482 3940 713 4006 ἀγαγεῖν
745 3934 911 4002 αὐτῷ.
960 3932 1023 3985 Τί
1055 3933 1111 3983 δὲ
1141 3932 1284 3996 ἀξιον
1316 3931 1630 4000 ἀναγραφῆς
1654 3927 1719 3999 ἦν
1743 3932 1891 3998 γενό-

362 4044 509 4095 μενον
531 4024 607 4094 τῷ
639 4020 1047 4075 ὲπικαθεσθέντι
1093 4018 1196 4087 ὄνῳ
1222 4019 1313 4070 καὶ
1345 4018 1525 4087 πώλῳ,
1559 4018 1650 4070 καὶ
1688 4019 1892 4088 εἰσελη-

358 4114 527 4166 λυθότι
555 4114 636 4174 εἰς
680 4112 777 4179 τὴν
805 4109 987 4171 πόλιν;
1030 4107 1093 4159 Τί
1124 4107 1179 4159 δὲ
1214 4106 1350 4176 μετὰ
1381 4107 1505 4177 περὶ
1534 4106 1626 4158 τοῦ
1659 4106 1888 4176 Χριστοῦ

360 4200 708 4271 προφητεύων
735 4200 764 4249 ὁ
790 4196 1058 4266 Ζαχαρίας
1092 4197 1219 4265 φησι
1239 4214 1251 4226 ·
1299 4215 1317 4246 ι
1356 4198 1523 4266 Χαῖρε
1550 4197 1767 4267 σφόδρα,
1796 4198 1889 4250 ea-

358 4307 520 4360 γατερ
548 4288 717 4340 Σιών⁶
769 4288 1032 4355 κήρυσσε,
1074 4284 1304 4353 θύγατερ
1344 4283 1713 4354 Ἰερουσαλήμο
1762 4285 1887 4338 Ἰδοὺ

1987 503 2005 535 ι
2028 484 2155 550 Quis
2173 492 2255 538 est
2276 483 2359 536 hic
2379 484 2402 535 ‘l
2423 500 2443 533 ι
2464 490 2876 548 narrantemque
2893 489 3014 533 ante
3033 480 3143 534 haec
3170 479 3215 511 ⁸ο
3246 481 3308 533 de
3334 483 3503 543 asina,

1980 582 2032 627 ct
2080 573 2241 642 pullo,
2300 571 2523 638 sumptis
2566 569 2712 635 jussu
2772 569 2974 623 Domini
3018 585 3046 622 a
3096 570 3299 622 duobus
3348 572 3504 624 disci-

1980 663 2114 732 pulis
2139 666 2205 715 ab
2231 661 2348 729 ipso
2391 661 2566 714 missis
2613 675 2642 711 a
2686 658 3022 725 Bcthphage,
3072 667 3126 711 et
3179 656 3407 710 inventis
3453 656 3503 708 in

1984 754 2137 822 187
2164 754 2279 804 vico
2308 765 2338 804 e
2365 749 2576 817 regione
2598 748 2762 815 ipsius
2789 747 3094 809 exsistente,
3118 746 3205 798 ubi
3241 757 3294 799 et
3320 761 3346 797 a
3375 746 3506 797 duo-

1982 843 2078 896 bus
2102 839 2376 908 discipulis
2412 838 2636 890 solvilur
2674 837 2819 889 asina
2848 845 2998 888 antea
3039 835 3247 905 alligata
3277 853 3291 902 ;
3320 834 3500 903 jussis,

1980 931 2022 983 si
2063 930 2180 996 quis
2197 928 2326 996 quid
2357 928 2459 980 illis
2497 927 2739 989 dixisset,
2786 928 3104 991 respondere
3138 942 3153 977 :
3191 945 3209 976 ι
3258 925 3505 978 Dominus

1981 1019 2064 1071 his
2087 1032 2218 1083 opus
2252 1017 2431 1075 habet.
2462 1023 2515 1068 et
2539 1013 2815 1067 confestim
2840 1014 3067 1065 dimittet
3086 1011 3290 1065 808⁸³.)
3319 1012 3506 1064 Narrat

1979 1107 2141 1159 etiam
2165 1104 2442 1157 Maltltmus
2460 1118 2553 1170 per
2574 1104 2685 1155 hazc
2709 1102 2911 1169 impleri
2934 1100 3260 1171 prophetiam
3289 1100 3504 1166 factam,

1980 1193 2248 1246 dicentem
2285 1210 2298 1245 :
2339 1211 2356 1242 ι
2386 1192 2521 1244 Ecce
2551 1189 2659 1243 Rex
2699 1189 2841 1243 venit
2880 1197 3203 1250 mansuetus,
3230 1197 3284 1242 et
3317 1189 3506 1242 sedens

1980 1294 2139 1346 super
2181 1281 2411 1342 asinam,
2451 1288 2505 1331 et
2548 1279 2742 1345 pullum
2792 1277 2955 1329 lilium
3002 1276 3255 1343 subjugis,
3296 1293 3315 1327 ι
3346 1291 3502 1344 quam

1980 1370 2113 1436 apud
2153 1367 2461 1421 Zachariam
2499 1368 2790 1420 invenimus
2805 1366 2880 1429 ⁸²;
2901 1373 2952 1418 et
2983 1366 3215 1433 inquit"
3240 1364 3505 1432 profectos

1979 1456 2287 1524 discipulos,
2324 1470 2443 1508 cum
2491 1454 2738 1508 fecissent
2767 1468 2883 1519 qua:
2909 1453 3011 1506 illis
3045 1453 3299 1518 jussisset
3329 1450 3503 1513 Jesus,

1979 1545 2182 1598 asinam
2223 1544 2522 1606 adduxisse,
2554 1551 2604 1596 et
2634 1542 2853 1609 pulhun,
2888 1550 3047 1610 atque
3073 1540 3388 1607 imposuisse
3412 1553 3507 1592 su-

1977 1647 2073 1700 per
2100 1647 2190 1685 eos
2215 1631 2525 1685 vestimenta
2548 1645 2676 1692 sua;
2704 1630 3089 1697 Dominamque
3110 1629 3231 1691 illis,
3259 1629 3504 1681 nimirum

1911 1734 1952 1789 Β
1981 1720 2156 1781 σείσω,
2180 1729 2237 1773 et
2281 1719 2445 1788 pullo,
2476 1719 2752 1780 insedisse,
2806 1727 2917 1770 tum
2947 1718 3150 1771 scilicet
3198 1731 3319 1769 cum
3355 1716 3505 1769 turba

1983 1808 2171 1862 stravit
2201 1808 2517 1861 vestimenta
2552 1807 2603 1859 iu
2637 1807 2742 1868 via,
2773 1815 2824 1859 et
2851 1806 2939 1859 alii
2963 1806 3028 1859 ab
3049 1804 3325 1858 arboribus
3360 1818 3506 1857 rese-

1983 1907 2097 1950 ctos
2122 1910 2300 1949 ramos
2329 1897 2378 1949 in
2418 1898 2498 1948 via
2525 1904 2844 1959 sternerent,
2891 1879 3310 1962 pnecedentibus
3338 1908 3398 1946 ac
3423 1908 3513 1946 sc-

1983 1985 2269 2053 quentibus
2299 1984 2500 2047 turbis,
2525 1998 2642 2051 qua:
2686 1983 3007 2037 clamarent:
3041 2001 3059 2034 ι
3099 1982 3345 2036 Hosanna
3399 1982 3509 2034 lilio

1984 2073 2189 2135 David;
2218 2073 2523 2127 benedictus
2573 2073 2660 2138 qui
2706 2072 2853 2124 venit
2896 2073 2945 2123 in
2989 2072 3200 2124 nomine
3246 2070 3504 2125 Domini:

1984 2161 2228 2216 Hosanna
2278 2163 2328 2214 in
2363 2162 2633 2215 altissimis
2659 2160 2734 2212 “l
2767 2177 2785 2210 ι
2823 2159 3194 2213 Verumtamen
3233 2168 3505 2226 postquam

1983 2252 2248 2320 ingressus
2261 2260 2343 2306 est
2363 2252 2549 2305 borum
2571 2254 2736 2319 gratia
2756 2250 3186 2319 Hierosolymam,
3210 2268 3228 2301 ι
3247 2259 3504 2304 commota

1982 2350 2063 2395 est
2109 2342 2350 2393 universa
2405 2340 2616 2402 civitas,
2672 2341 2852 2393 dicens
2881 2356 2896 2391 :
2929 2340 3057 2404 Quis
3098 2350 3180 2393 est
3212 2339 3362 2392 hic“
3393 2340 3416 2391 ?
3444 2340 3509 2392 Et

1987 2429 2169 2491 turbae,
2208 2447 2225 2479 ι
2253 2427 2493 2482 videlicet
2522 2444 2637 2496 quae
2666 2429 3024 2495 praecedebant
3052 2437 3103 2482 et
3130 2429 3506 2496 sequebantur,

1984 2519 2367 2587 responderunt
2397 2519 2846 2585 interrogantibus
2875 2521 2993 2584 quis
3019 2527 3159 2572 esset
3190 2534 3202 2569 :
3243 2536 3262 2568 ι
3303 2517 3400 2572 Hic
3427 2527 3507 2572 est

1985 2607 2071 2660 ille
2096 2605 2251 2661 Jesus
2274 2608 2552 2676 propheta,
2584 2606 2671 2660 ille
2698 2622 2727 2660 a
2758 2606 3017 2661 Nazareth
3045 2604 3297 2661 Galilasze.
3337 2606 3404 2659 Et
3429 2608 3513 2660 in-

1986 2695 2146 2748 travit
2169 2692 2321 2748 Jesus
2350 2695 2400 2748 in
2424 2694 2695 2762 templum,
2717 2704 2772 2747 et
2801 2695 2956 2762 ejecit
2985 2710 3170 2750 omnes
3198 2698 3508 2759 vendentes,

1985 2794 2037 2836 et
2064 2792 2305 2837 ementes
2336 2784 2387 2836 in
2427 2783 2639 2851 templo,
2674 2798 2989 2853 mensasque
3029 2784 3435 2846 mensariorum,
3458 2792 3513 2836 et

1985 2873 2266 2927 cathedras
2300 2874 2638 2926 vendentium
2671 2872 2942 2928 columbas
2965 2874 3221 2928 subvertit
3257 2890 3272 2925 :
3304 2884 3360 2928 et
3383 2875 3514 2928 dicit

1987 2964 2103 3017 eis:
2140 2963 2405 3030 Scriptum
2441 2973 2561 3017 est:
2594 2964 2789 3017 Domus
2817 2980 2953 3026 mea,
2980 2963 3168 3017 domus
3196 2964 3515 3030 precationis
3604 2960 3611 2966 “

1988 3053 2309 3116 vocabitur;
2365 3063 2420 3104 at
2458 3066 2552 3105 vos
2594 3052 2767 3106 facitis
2812 3053 2952 3104 illam
3007 3052 3308 3118 speluncam
3353 3051 3513 3103 latru-

1988 3154 2110 3190 num
2125 3139 2619 3207 ".alnterrogemns
2640 3139 2798 3206 igitur
2822 3152 2913 3191 eos
2937 3139 3024 3204 qui
3048 3138 3329 3206 nihil-ultra
3350 3137 3514 3191 hieto.

1987 3228 2119 3282 riam
2146 3229 2471 3294 propositum
2500 3226 2662 3279 fuisse
2688 3234 2868 3278 rentur
2898 3225 3143 3278 Mattheo
3170 3224 3509 3293 Evangelium

1987 3315 2260 3375 scribenti,
2298 3315 2423 3381 quid
2449 3313 2580 3366 illud
2606 3322 2719 3367 erat
2743 3327 3031 3381 perurgens
3066 3313 3145 3366 uti
3175 3313 3514 3367 mitterentur

1988 3404 2090 3458 duo
2120 3402 2359 3470 discipuli
2383 3402 2434 3455 in
2463 3403 2631 3456 vicum
2659 3403 2749 3470 qui
2769 3410 2884 3455 erat
2903 3403 3161 3470 eregione
3187 3400 3509 3471 Bethphage,

1986 3492 2186 3547 asinam
2208 3493 2471 3561 alligatam
2498 3500 2759 3561 repertam
2786 3501 2843 3546 et
2856 3491 3050 3558 pullum
3072 3507 3189 3546 cum
3207 3507 3266 3546 ea
3289 3492 3512 3546 soluturi

1987 3591 2039 3634 et
2074 3581 2349 3634 adducturi
2367 3583 2431 3634 ad
2459 3595 2601 3636 enm.
2627 3579 2762 3644 Quid
2787 3589 2960 3634 autem
2989 3581 3276 3649 scriptione
3295 3581 3510 3649 dignum

1989 3668 2280 3723 fecitJesus
2309 3669 2467 3722 asinae
2512 3668 2751 3721 insidens
2789 3677 2842 3722 et
2869 3669 3031 3736 pullo,
3056 3678 3110 3722 et
3147 3671 3413 3738 ingressus
3458 3673 3511 3722 in

1987 3757 2295 3811 civitatem?
2317 3758 2423 3811 Cur
2449 3766 2626 3809 autem
2655 3758 2976 3825 propbetans
3003 3758 3287 3811 Zacharias
3314 3776 3430 3825 quae
3451 3763 3516 3812 de

1987 3844 2400 3912 Cbristo’postea
2428 3846 2847 3908 evenerunt,‘ait
2878 3863 2894 3899 :
2934 3864 2953 3896 ι
2988 3847 3169 3900 Gaude
3196 3846 3367 3911 valde,
3409 3848 3462 3899 lit
3483 3864 3512 3899 ει

1990 3933 2116 3988 Sion
2145 3936 2454 3998 ;annuntia,
2489 3934 2593 3987 illis
2621 3934 2908 3988 Jerusalem
2935 3950 2949 3986 :
2983 3949 3106 3989 ecce
3137 3935 3246 3989 Rex
3275 3944 3395 3989 tuus
3420 3949 3513 3989 ve-

1988 4024 2065 4078 nit
2098 4024 2189 4077 tibi
2207 4024 2404 4091 justus,
2422 4033 2475 4078 et
2497 4039 2714 4078 servans
2743 4026 2872 4090 ipse,
2895 4033 3217 4087 mansuetus,
3248 4034 3303 4078 et
3330 4039 3520 4077 ascen-

1988 4112 2120 4166 dens
2152 4127 2310 4179 super
2339 4113 2640 4180 subiugum,
2670 4122 2722 4166 et
2751 4113 2950 4180 pullum
2988 4127 3179 4167 novum
3199 4115 3242 4146 ⁸⁷
3267 4115 3292 4167 ‘l
3332 4131 3351 4165 ι
3382 4114 3514 4167 Nam

1988 4200 2032 4254 si
2062 4201 2337 4268 prophetia
2380 4201 2491 4254 lucc
2523 4210 2724 4254 tantum
2761 4202 2998 4268 prscdicit
3032 4202 3081 4254 id
3102 4203 3243 4269 quod
3282 4214 3515 4270 evange-

1987 4288 2120 4343 lista:
2141 4288 2490 4356 corporaliter
2518 4291 3360 4357 reprmsentant,consequentiam
3391 4307 3516 4359 pro-

360 4348 388 4429 6
418 4348 663 4445 βασιλεύς
698 4390 789 4425 σου
823 4348 1033 4442 ἔρχεται
1079 4348 1161 4423 σοι
1199 4348 1428 4433 δίκαιος,
1466 4371 1553 4423 καὶ
1587 4348 1767 4435 sibth
1799 4373 1888 4424 αὐ-

1993 4378 2185 4445 ριιθιίιε
2209 4388 2423 4432 servent
2454 4378 2605 4432 nobis
2638 4378 2825 4434 littera:
2859 4380 3166 4434 insistentes
3194 4381 3272 4435 sic
3316 4348 3521 4436 baben-

361 4467 463 4530 τὸς,
495 4464 692 4536 πραῢς,
727 4463 820 4515 καὶ
853 4459 1190 4530 ἐπιϐεϐηκὼς
1217 4461 1306 4512 ἐπὶ
1340 4458 1623 4526 ὑποζύγιον
1658 4462 1748 4512 καὶ
1779 4460 1893 4513 πῶ-

361 4556 445 4610 λιν
465 4557 618 4619 νέον;
661 4573 680 4605 ι
710 4554 774 4604 Εἰ
810 4552 915 4622 γὰρ
948 4554 981 4621 ἡ
1022 4550 1321 4619 προφητεία
1352 4548 1487 4617 α’ύτη
1517 4549 1575 4600 τὺ
1605 4550 1751 4619 παρά
1785 4554 1893 4613 τοῖς

361 4646 764 4716 εὐαγγελισταῖς
809 4642 1125 4712 δηλούμενον
1167 4639 1470 4708 σωματικὸν
1513 4639 1667 4707 μόνον
1708 4641 1894 4711 προλέ-

360 4752 463 4802 γει,
483 4737 581 4806 τὴν
604 4732 922 4788 ἀκολουθίαν
949 4730 1048 4799 τῆς
1077 4729 1407 4800 προφητείας
1440 4727 1749 4790 σωζέτωσαν
1769 4731 1894 4798 ἡμῖν

361 4826 408 4876 οἱ
454 4825 543 4877 ἐπὶ
593 4822 688 4875 τοῦ
740 4821 1057 4891 γράμματος
1109 4818 1379 4887 ἱστάμενοι
1426 4815 1595 4877 οὕτως
1644 4817 1891 4887 ἔχουσαν·

375 4932 393 4964 ι
428 4914 535 4967 Καὶ
576 4911 939 4982 ὲξολοθρεύσει
973 4911 1189 4978 ἅρματα
1225 4907 1283 4972 ἐξ
1327 4904 1580 4975 Ἐφραῒμ,
1614 4910 1705 4959 καὶ
1738 4908 1896 4961 ἵππον

373 5002 430 5065 ἐξ
474 5000 842 5072 Ἰερουσαλὴμ,
886 4999 979 5051 καὶ
1019 4994 1516 5065 ὲξολοθρευθησεται
1565 4993 1711 5057 τόξον
1745 4996 1898 5049 πολε-

1998 4473 2101 4519 tem
2135 4482 2150 4517 :
2185 4484 2204 4517 ι
2233 4465 2299 4519 Et
2324 4467 2597 4521 exscindet
2647 4483 2838 4522 currus
2886 4467 3045 4536 188
3072 4482 3139 4523 ex
3167 4470 3437 4537 Ephraim,
3465 4478 3520 4523 et

1995 4567 2187 4619 equum
2217 4568 2283 4607 ex
2308 4553 2619 4622 Jerusalem,
2646 4566 2698 4609 et
2723 4559 3061 4612 exscindetur
3090 4573 3245 4614 arcus
3273 4560 3518 4622 bellicus.

1998 4652 2052 4696 et
2081 4642 2379 4707 multitudo,
2410 4652 2463 4697 et
2479 4661 2578 4714 pax
2600 4660 2666 4699 ex
2692 4647 2957 4715 gentibus,
2979 4656 3033 4701 et
3059 4648 3336 4717 imperabit
3365 4649 3519 4715 aquis

1998 4744 2162 4800 usque
2191 4733 2255 4785 ad
2288 4748 2452 4798 mare,
2471 4746 2527 4788 et
2550 4733 2724 4787 ﬂuviis
2754 4749 2924 4802 usque
2946 4735 3011 4788 ad
3037 4735 3213 4790 exitus
3244 4745 3396 4790 terra:
3415 4735 3513 4799 ⁸⁸,ρ

1998 4830 2054 4875 et
2099 4836 2215 4890 qua:
2242 4833 2552 4892 sequuntur.
2588 4824 2868 4878 Sciendum
2906 4835 2987 4880 est
3027 4826 3186 4877 etiam
3217 4823 3518 4877 Matthmum

2001 4925 2103 4963 non
2125 4912 2408 4979 protulisse
2437 4923 2634 4966 textum
2659 4923 2812 4981 prout
2830 4913 2973 4980 jacet
3002 4914 3139 4979 apud
3170 4913 3518 4980 prophetam;

1999 5013 2097 5067 pro
2129 5015 2192 5053 eo
2220 5014 2445 5066 namque
2476 5001 2613 5067 quod
2645 5012 2793 5054 erat:
2830 5018 2849 5050 ι
2896 5001 3111 5054 Exsulta
3156 5001 3520 5065 vehementer,

374 5090 542 5158 μικδν,
571 5091 664 5143 καὶ
688 5088 907 5157 πλῆθος,
949 5086 1042 5138 καὶ⁵
1072 5086 1253 5154 εἰρήνη
1281 5083 1342 5145 ἐξ
1366 5081 1553 5145 ἐθνῶν,
1584 5083 1673 5133 καὶ
1702 5086 1888 5155 κατάρ-

2004 5088 2107 5140 [illa
2152 5088 2312 5153 Sion;
2344 5089 2634 5153 annuntia,
2678 5089 2783 5143 lilia
2835 5088 3156 5152 Jerusalem,
3196 5106 3215 5140 ι
3261 5089 3520 5155 scripsit:

470 5225 725 5278 l"Matth.
782 5239 894 5284 χχι,
950 5222 976 5273 1
1031 5233 1178 5287 seqq.
1275 5218 1319 5287 ff
1346 5214 1478 5287 i_bid_.
1506 5216 1557 5268 5.

374 5295 413 5330 ⁸³
438 5294 560 5347 ibid.
592 5296 675 5346 10.
748 5294 794 5333 ⁸³
826 5290 955 5343 ibid.
996 5288 1054 5339 11
1088 5303 1196 5354 scq.

1656 5217 1701 5249 ⁸¹
1730 5217 1863 5287 ibid.
1910 5220 1980 5282 5;
2017 5217 2176 5271 Zacb.
2228 5233 2303 5281 ix,
2356 5217 2410 5272 9.
2484 5217 2528 5248 ”
2554 5216 2737 5270 Matth.
2798 5232 2909 5282 xxi,
2952 5217 2985 5270 6
3031 5232 3145 5287 seq.

1273 5280 1319 5312 ⁸⁷
1346 5283 1571 5334 Zachar.
1613 5299 1684 5347 ιι,
1717 5286 1770 5338 9.
1846 5286 1892 5317 ⁸⁸
1921 5280 2045 5343 ibid.
2093 5288 2170 5338 l0.

3218 5218 3264 5250 οι
3289 5218 3418 5272 ibid.
3470 5219 3539 5290 9.4

438 5406 540 5474 (6-2)
571 5402 1003 5475 Γεγενημένην.
1063 5397 1135 5449 Ita
1185 5395 1354 5449 codex
1401 5393 1741 5460 Bodleianus;
1799 5397 1888 5454 Re

2009 5402 2129 5475 gius
2145 5400 2344 5475 omittit
2369 5400 2478 5475 καί.

377 5474 913 5546 εῖιιειγεγενημέγφν·

442 5525 1030 5613 ίάάιᾏξπέθηκαν.
1066 5529 1152 5582 Sic
1180 5529 1348 5582 codex
1391 5525 1734 5595 Boalleianus;
1793 5531 1904 5587 Re-

2006 5466 2034 5588 ;
2079 5467 2186 5587 (es)
2217 5468 2585 5536 Κατεπεῖτον.
2616 5466 2692 5524 lla
2723 5466 2889 5524 codex
2926 5467 3271 5534 Bodleianus;
3311 5468 3524 5538 Regius,

2036 5553 2099 5588 πε
2123 5552 2232 5588 γον.

2036 5552 2232 5603 πειγον.
