3880 6166
333 224 432 281 355

339 361 358 394 ι
388 342 557 397 Dicite
590 343 710 396 tiliae
758 339 925 405 Sion;
975 360 996 394 ι
1032 345 1356 402 abbrevians
1394 346 1543 413 illud,
1565 346 1705 417 quod
1744 361 1867 414 pro-
1893 353 1938 408 Α

337 433 493 499 pheta
532 431 753 495 dixerat,
792 430 954 483 tacui‘t
1005 449 1024 481 ι
1051 430 1260 499 justus,
1294 444 1348 489 et
1396 450 1613 489 servans
1658 436 1802 502 ipse,
1845 453 1863 485 ι

335 528 390 583 et
424 520 597 583 dixit,
652 526 709 571 ut
753 519 980 585 positum
1031 530 1141 587 est,
1173 540 1191 572 ι
1233 534 1557 586 mansuetus,
1598 533 1650 578 et
1680 538 1869 576 ascen-

337 608 497 666 dens;
524 625 544 657 ι
581 616 635 659 et
663 621 758 673 pro
794 622 859 661 eo
890 611 1031 677 quod
1056 622 1190 674 erat,
1228 630 1245 662 ι
1284 627 1442 679 super
1480 614 1790 681 sulijugum,
1819 623 1874 666 et

338 688 536 766 pullum
583 710 799 760 novum,
835 714 854 747 ι
886 698 1103 766 scripsit
1131 714 1146 751 :
1176 718 1195 751 ι
1228 716 1388 767 super
1410 703 1611 755 asinam
1634 742 1649 765 ,
1676 712 1730 756 et
1757 703 1873 770 pul-

337 785 444 837 lum
479 783 645 837 lilium
677 784 934 854 subjugis.
959 806 978 838 ι
1013 786 1149 852 Quin
1165 787 1331 842 Judtei
1357 805 1564 859 quoque
1585 793 1872 861 prophetia:

335 873 526 926 seriem
551 888 671 925 cum
695 873 779 926 his
802 890 920 941 qua:
942 878 1007 929 de
1035 875 1158 930 Jesu
1189 878 1386 945 scripta
1418 889 1560 944 sunt,
1591 881 1871 935 conferen—

339 969 439 1023 tes,
471 975 577 1014 non
623 961 914 1029 vulgariter
960 977 1056 1017 nos
1100 975 1309 1033 urgent,
1338 976 1580 1034 petentes
1608 970 1873 1035 quomodo

336 1049 489 1101 Jcsus
530 1049 816 1103 exscidcrit
858 1066 1053 1107 currus
1091 1068 1156 1107 ex
1207 1054 1455 1121 Ephraim
1496 1066 1550 1109 et
1578 1071 1772 1124 equum
1808 1072 1874 1110 ex

335 1136 655 1203 Jerusalem,
688 1140 1079 1209 exscideritque
1114 1158 1295 1196 arcum
1331 1144 1663 1208 bellicosum,
1704 1160 1767 1199 ac
1797 1145 1875 1198 l'e-

338 1228 469 1280 cerit
492 1242 610 1295 quae
640 1238 956 1296 sequuntur.
993 1230 1095 1283 Sed
1126 1232 1388 1286 hactenus
1414 1234 1623 1300 quidem
1664 1235 1728 1288 de
1756 1250 1875 1303 pro-

339 1317 540 1385 phetia.
580 1319 729 1383 Quod
759 1320 802 1372 si
831 1320 1210 1388 longitudinem
1244 1321 1342 1374 vite
1367 1324 1714 1390 pretendeut,
1745 1325 1874 1378 nihil

341 1407 555 1472 dignum
576 1408 904 1462 invenientes
926 1410 1217 1463 (economia
1236 1410 1357 1463 Filii
1379 1410 1468 1464 Dei
1489 1412 1800 1467 in‘sermoue
1812 1419 1877 1467 de

339 1496 489 1549 asina
509 1506 563 1549 et
585 1497 723 1564 pullo
741 1514 754 1561 ;
771 1500 997 1567 primum
1020 1501 1253 1567 quidem.
1271 1502 1358 1569 qui
1374 1503 1673 1570 quindecim
1690 1503 1877 1556 stadiis

341 1594 560 1639 utuntur
574 1587 953 1641 exsistentibus
971 1603 1131 1655 parva
1156 1590 1437 1656 distantia,
1462 1607 1563 1644 non
1593 1592 1872 1645 admodum

342 1686 755 1730 consentaneam
817 1677 1177 1732 defensionem
1231 1682 1329 1734 vias
1383 1680 1605 1735 all‘erent
1639 1698 1654 1745 ;
1688 1682 1878 1736 deinde
1908 1658 1948 1710 Β

338 1778 467 1818 vero
517 1779 732 1819 causam
779 1765 930 1817 nobis
976 1766 1152 1818 dicant
1200 1769 1462 1834 quomodo
1497 1769 1562 1821 ad
1589 1769 1729 1820 viam
1773 1777 1875 1820 tant

341 1854 553 1907 brevem
581 1854 788 1908 duobus
816 1853 1070 1921 jumentis
1110 1870 1242 1924 opus
1281 1856 1479 1910 habeat
1508 1873 1523 1911 :
1561 1873 1581 1907 ι
1622 1856 1820 1909 Insedit
1854 1876 1872 1907 ι

304 1970 311 1973 -
341 1944 505 2008 enim,
540 1944 730 2009 inquit,
774 1962 792 1994 ι
829 1944 951 1997 illis.
991 1962 1009 1995 ι
1043 1944 1304 1999 Prtcterea
1352 1945 1476 1997 illud
1520 1947 1684 1999 etiam
1719 1962 1733 1998 :
1764 1966 1782 1997 ι
1821 1947 1877 1999 Si

342 2032 462 2099 quis
494 2032 642 2086 vobis
668 2014 862 2100 aliquid
885 2033 1099 2098 dixerit,
1129 2033 1290 2087 dicite
1318 2036 1457 2102 quod
1507 2035 1761 2090 Dominus
1797 2037 1881 2090 his

341 2134 477 2188 opus
501 2120 677 2183 habet,
717 2122 1005 2189 statimque
1043 2122 1270 2175 dimittet
1301 2137 1424 2185 eos,
1465 2140 1483 2173 ι
1512 2138 1614 2176 non
1651 2126 1883 2178 arbitror

341 2209 557 2277 dignum
588 2222 706 2263 esse
744 2209 1118 2277 magnitudinis
1140 2210 1351 2264 deitatis
1374 2210 1515 2276 Filii,
1549 2219 1605 2264 ut
1644 2212 1883 2266 dicamus

344 2299 435 2352 tali
463 2308 667 2352 natura:
700 2298 970 2352 fatendum
999 2312 1117 2353 esse
1151 2299 1252 2355 sibi
1296 2315 1429 2369 opus
1455 2315 1575 2354 esse
1601 2303 1750 2354 asina
1792 2315 1881 2355 so-

343 2386 452 2442 luta
477 2403 508 2441 a
537 2388 763 2442 vinculis
789 2396 845 2441 et
880 2388 1024 2456 pullo
1064 2403 1184 2442 cum
1208 2403 1268 2441 ea
1322 2391 1587 2444 veniente.
1641 2391 1882 2458 Magnum

343 2479 486 2532 enim
509 2493 669 2531 omne
698 2479 768 2531 sit
796 2488 1006 2544 oportet
1027 2478 1350 2546 dignumque
1372 2480 1605 2533 bonitate
1633 2478 1766 2546 ejus,
1781 2493 1885 2547 quo

346 2568 511 2621 Filius
536 2556 623 2622 Dei
648 2583 780 2635 opus
810 2569 1021 2624 habeat.
1067 2570 1145 2621 Ad
1185 2570 1297 2621 haec
1321 2584 1447 2623 vero
1478 2571 1700 2637 plurima
1730 2571 1883 2624 turba

347 2659 662 2713 vestimenta
685 2671 778 2709 sua
813 2665 1057 2711 sternens
1085 2660 1138 2712 in
1170 2658 1250 2711 via
1283 2658 1568 2729 (tolerante
1594 2661 1707 2714 haec
1738 2660 1884 2725 Jesu,

1782 226 2098 282 ORIGENIS

3485 220 3612 272 556

1970 346 2048 410 ξει
2084 345 2288 398 ὑδάτων
2326 343 2427 408 ἕως
2454 346 2749 415 θαλάσσης,
2775 345 2869 398 καὶ
2896 343 3165 413 ποταμῶν
3203 339 3288 392 δι’
3339 334 3616 398 ἐκϐολάς

1968 437 2091 505 γῆς,
2144 455 2163 487 ι
2210 436 2395 488 καὶτὰ
2435 437 2579 506 ἑξῆς.
2631 436 2824 487 Ἰστέον
2872 435 3147 504 μέντοιγε,
3215 432 3317 483 ὅτι
3361 428 3480 495 οὐχ
3523 425 3616 487 ὡς

1969 527 2141 577 κεῖται
2177 525 2324 595 παρὰ
2366 523 2444 593 τῷ
2485 525 2795 596 προφήτηή
2839 524 3001 588 λέξις,
3045 520 3291 587 ἐξέθετο
3325 516 3533 585 αὑτὴν
3579 516 3613 566 6

1968 612 2237 675 Ματθαίος
2257 630 2269 642 ·
2300 614 2418 665 ἀντὶ
2453 614 2559 683 γάρ
2592 613 2687 664 τοῦ
2708 630 2722 642 ·
2769 631 2788 662 ι
2824 614 2995 681 Χαῖρε
3029 610 3286 679 σφόδρα,
3330 605 3614 673 θύγατερ

1970 700 2134 751 Σιών⁸
2202 704 2477 771 κήρυσσε,
2548 702 2782 770 θύγατερ
2870 700 3290 771 Ἰερουσαλὴμ,
3380 713 3405 747 ι
3498 711 3616 747 πε-

1971 789 2190 857 ποίηκεν
2209 807 2222 819 ο
2266 810 2283 840 ι
2320 792 2521 843 Εἴπατε
2545 794 2610 859 τῇ
2636 790 2862 859 θυγατρὶ
2889 790 3057 841 Σιών
3090 808 3109 838 ι
3141 786 3615 855 ἐπιτεμόμενος

1969 877 2029 929 τὸ
2056 879 2382 947 προφητικὸν
2427 879 2835 948 παρεσιὼπησε,
2873 896 2889 927 t
2939 879 3192 940 δίκαιος,
3233 876 3348 928 καὶ
3393 873 3615 938 σώζων

1973 966 2149 1028 αὐτός·
2182 985 2201 1017 ι
2240 968 2332 1018 καὶ
2350 967 2538 1031 εἰπὼν,
2565 968 2638 1029 ὡς
2655 970 2852 1027 κεῖται,
2884 966 2945 1017 τό
2968 982 2981 997 ·
3018 984 3036 1015 ι
3070 965 3301 1035 πραῢς,
3331 964 3444 1015 καὶ
3468 963 3612 1012 ἐπι-

1972 1054 2247 1123 ϐεϐηκώςο
2298 1073 2317 1106 ι
2351 1056 2468 1107 ἀντὶ
2517 1055 2631 1116 τοῦ.
2675 1073 2693 1105 t
2745 1055 2837 1106 ἐπὶ
2869 1054 3196 1120 ὑποζύγιον,
3237 1053 3351 1105 καὶ
3403 1049 3615 1103 πῶλον

1972 1145 2107 1207 νέον,
2134 1164 2152 1195 ι
2173 1145 2469 1215 ἀνέγραψεν
2488 1161 2501 1174 ·
2543 1162 2561 1193 ι
2602 1145 2693 1195 ἐπὶ
2722 1144 2839 1196 ὄνον
2866 1145 2961 1195 καὶ
2988 1144 3174 1195 πῶλον
3207 1143 3345 1195 υἱὸν
3381 1140 3614 1203 ὑποζυ-

1973 1237 2109 1303 γίου.
2163 1255 2181 1287 ι
2232 1237 2337 1289 Kal
2381 1235 2619 1287 Ἰουδαῖοι
2670 1235 2757 1297 δὲ,
2800 1234 3272 1298 συνεξετάζοντες
3337 1232 3446 1284 τὸν
3498 1231 3614 1300 τῆς

1978 1325 2303 1396 προφητείας
2335 1324 2522 1395 εἱρμὸν
2554 1326 2667 1385 τοῖς
2710 1324 2836 1392 περὶ
2888 1323 3063 1393 Ἰησοῦ
3108 1323 3613 1391 ἀναγεγραμμέ-

1976 1429 2083 1475 νοις
2154 1414 2293 1483 (65),
2350 1414 2448 1464 οὑκ
2514 1412 3000 1481 εὐκαταφρονήτως
3061 1413 3227 1479 ἡμᾶς
3296 1409 3613 1461 θλίϐουσιν

1975 1501 2324 1563 ἀπαιτοῦντες
2358 1502 2471 1564 πῶς
2502 1504 2530 1553 6
2569 1501 2774 1569 Ἰησοῦς
2803 1499 3209 1568 ὲξωλόθρευσεν
3250 1500 3511 1568 ἅρματα
3544 1497 3616 1559 ἐξ

1990 1590 2241 1659 Ἐφραῒμ,
2263 1590 2354 1641 καὶ
2374 1590 2536 1641 ἵππον
2565 1588 2623 1652 ἐξ
2660 1587 3032 1657 Ἰερουσαλὴμ,
3056 1589 3156 1640 καὶ
3182 1587 3611 1656 ἐξωλόθρευσε

1976 1678 2122 1741 τόξον
2152 1679 2456 1748 πολεμικὸν,
2494 1680 2586 1730 καὶ
2624 1678 2691 1729 τὰ
2728 1676 2855 1744 ἑξῆς
2893 1676 3189 1745 πεποίηκε.
3242 1676 3371 1727 Καὶ
3410 1673 3606 1727 ταῦτα

1978 1768 2073 1836 μὲν
2103 1769 2226 1837 περὶ
2254 1768 2350 1835 τῆς
2374 1766 2705 1837 προφητείας
2724 1783 2737 1795 ·
2781 1766 2876 1817 ἐὰν
2910 1765 2966 1816 δὲ
2995 1766 3055 1816 τὸ
3087 1766 3280 1834 μῆκος
3307 1764 3427 1831 τῆς
3467 1761 3606 1814 ὁδοῦ

1974 1856 2337 1916 αἰτιάσωνται,
2381 1855 2541 1924 μηδὲν
2569 1855 2717 1919 ἄξιον
2739 1856 2838 1924 τῆς
2874 1852 2966 1905 τοῦ
3004 1852 3136 1904 Υἱοῦ
3176 1852 3284 1904 τοῦ
3324 1851 3482 1903 Θεοῦ
3517 1852 3608 1902 ol—

1975 1946 2226 2014 κονομίας
2280 1945 2620 2014 εὑρίσκοντες
2676 1945 2757 2005 είς
2796 1944 2886 1995 τὸν
2944 1943 3069 2012 περὶ
3119 1944 3230 2011 τῆς
3287 1942 3430 1993 ὄνου
3495 1942 3606 1992 καὶ

1977 2035 2153 2088 πώλου
2190 2034 2361 2101 λόγον,
2402 2033 2614 2103 πρῶτον
2646 2035 2742 2103 μὲν
2772 2036 2819 2085 οἱ
2853 2034 2914 2085 ιε’
2936 2033 3168 2089 σταδίοις
3209 2032 3433 2101 βραχεῖ
3470 2030 3605 2082 δια-

1979 2129 2212 2196 στήματι
2250 2121 2364 2177 οὖσι
2410 2122 2821 2193 προσχρώμενοι
2868 2122 2928 2174 οὑ
2971 2122 3111 2175 πάνυ
3155 2139 3214 2173 τι
3261 2119 3605 2185 ἀπολογίαν

1980 2216 2194 2283 εὔλογον
2237 2214 2483 2284 κομιοῦσι
2529 2214 2628 2282 τῆς
2678 2212 2837 2265 ὀδοῦ·
2883 2212 3136 2281 δεύτερον
3181 2210 3247 2261 δὲ
3314 2209 3448 2270 πῶς
3500 2206 3608 2260 δύο

1980 2301 2185 2372 κτηνῶν
2215 2304 2292 2363 εἰς
2316 2301 2411 2369 τὴν
2434 2298 2574 2350 οὑτω
2599 2299 2858 2369 βραχεῖαν
2881 2298 3048 2350 δεῖται
3074 2297 3222 2357 ὁδὸν,
3252 2297 3609 2363 λεγέτωσαν

1979 2393 2128 2460 ἡμῖν’
2170 2409 2189 2441 ι
2238 2389 2555 2442 Ἐπεκάθισε
2595 2410 2612 2438 ο
2640 2390 2770 2457 γὰρ,
2795 2388 2979 2457 φησὶν,
3016 2405 3035 2437 t
3073 2387 3280 2438 ἐπάνω
3312 2385 3538 2439 αὐτῶν.
3577 2404 3600 2438 ι

1984 2478 2101 2531 Ἔτι
2128 2479 2183 2531 δὲ
2210 2479 2301 2531 καὶ
2323 2478 2409 2530 τό·
2459 2497 2476 2528 ι
2518 2478 2643 2530 Ἐάν
2668 2495 2751 2539 τις
2782 2479 2910 2545 ὑμῖν
2937 2476 3069 2546 εἴπῃ
3092 2476 3213 2543 (66)
3248 2492 3331 2538 τι,
3382 2477 3602 2545 ἐρεῖτε,

1982 2569 2065 2620 ὃτι
2099 2569 2127 2618 6
2154 2570 2351 2639 Κύριος
2382 2567 2558 2619 αὑτῶν
2597 2567 2785 2637 χρείαν
2810 2566 2941 2635 ἔχει,
2967 2565 3133 2627 εὐθὺς
3170 2562 3234 2617 δὲ
3283 2564 3608 2617 ἀποστελεῖ

1984 2660 2195 2723 αὑτοὺς,
2221 2677 2239 2709 ι
2266 2660 2364 2711 οὑκ
2383 2655 2533 2728 οἶμαι
2561 2657 2708 2722 ἄξιον
2724 2654 2864 2710 εἶναι
2891 2657 2983 2709 τοῦ
3021 2656 3306 2725 μεγέθους
3340 2656 3462 2725 (67)
3495 2657 3605 2726 τῆς

349 2758 407 2802 et
440 2762 542 2802 non
592 2749 923 2815 increpante,
961 2757 1020 2801 ut
1063 2750 1400 2817 perspicuum
1430 2759 1510 2803 est
1542 2766 1606 2804 ex
1656 2752 1738 2805 liis
1773 2766 1887 2818 quae

2007 2749 2075 2801 ποῦ
2104 2746 2230 2800 Υἱοῦ
2258 2748 2546 2816 θειότητος,
2575 2746 2715 2798 ὥστε
2753 2748 2926 2798 εἰπεῖν
2961 2745 3059 2814 τὴν
3091 2744 3464 2815 τηλικαύτην
3494 2743 3608 2811 φύ-

349 2834 438 2888 alii
482 2844 723 2896 narrant,
769 2835 1062 2887 nimirum:
1101 2854 1120 2884 ι
1150 2834 1205 2888 Si
1246 2836 1297 2889 lii
1346 2838 1629 2903 tacuerint,
1686 2838 1887 2905 lapides

2007 2857 2069 2893 τιν
2100 2840 2281 2911 χρείαν
2311 2838 2587 2908 ὁμολογεῖν
2617 2838 2760 2906 ἔχειν
2792 2838 2915 2889 δνου
2962 2836 3073 2889 ἀπὸ
3114 2835 3354 2905 δεσμῶν
3388 2833 3603 2903 λυομέ-

349 2923 794 2992 οιοηηιηιηιθη),
820 2924 960 2977 haud
994 2925 1105 2977 scio
1122 2940 1187 2976 an
1214 2938 1316 2977 non
1341 2925 1619 2978 ostendant
1643 2926 1885 2978 stolidam

2007 2945 2105 2997 mg,
2145 2928 2234 2980 καὶ
2262 2926 2438 2979 πώλου
2471 2926 2566 2978 σὺν
2601 2925 2737 2994 αὑτῇ
2779 2924 3113 2995 ἐρχομένου·
3165 2923 3256 2975 δεῖ
3291 2922 3414 2993 γὰρ
3454 2922 3609 2991 μέγα

350 3026 566 3067 causam
599 3012 786 3078 ipsius,
812 3012 855 3064 si
905 3011 1034 3064 nihil
1066 3011 1206 3064 aliud
1232 3026 1296 3064 ex
1333 3012 1417 3065 his
1444 3012 1768 3078 declaratur,
1796 3016 1884 3081 qui

2007 3015 2123 3070 ιῖναι
2158 3020 2281 3080 πᾶν,
2315 3011 2374 3069 οὗ
2399 3016 2586 3085 χρείαν
2610 3014 2723 3085 ἔχει
2754 3017 2783 3066 ὀ
2811 3015 2939 3076 Υίὸς
2971 3012 3070 3066 τοῦ
3104 3013 3281 3077 Θεοῦ,
3310 3014 3415 3066 καὶ
3446 3010 3604 3075 ἄξιον

350 3102 423 3157 ob
447 3102 562 3155 haec
613 3100 837 3154 lattatur.
871 3098 986 3153 Jam
1026 3114 1202 3154 ramos
1246 3101 1313 3155 ab
1368 3101 1647 3154 arboribus
1680 3102 1887 3156 excisos

2007 3109 2082 3178 τῆς
2106 3106 2465 3176 χρηστότητος
2486 3104 2668 3156 αὑτοῦ.
2694 3105 2838 3174 Πρὸς
2869 3104 2927 3156 δὲ
2955 3102 3174 3158 τούτοις
3197 3105 3229 3154 6
3258 3100 3606 3173 στρωννύων

354 3190 408 3246 in
465 3189 546 3240 via
600 3188 768 3241 sterni
799 3187 966 3241 asinis
1015 3188 1533 3255 pertranseuntihus,
1576 3197 1628 3243 et
1668 3190 1885 3258 impedi-

354 3290 534 3332 menta
566 3279 837 3346 anteponi,
874 3277 1064 3345 injuria
1099 3279 1274 3345 potius
1300 3278 1578 3333 aﬂicientis
1607 3294 1764 3348 quam
1794 3295 1893 3334 ex-

355 3368 587 3434 cogitata
636 3365 750 3419 laus
794 3365 960 3419 videri
1011 3376 1204 3429 potest.
1244 3366 1507 3419 Ceterum
1551 3368 1634 3420 bis
1677 3368 1890 3431 similia,

358 3455 424 3508 de
469 3454 662 3521 quibus
691 3452 1048 3506 dubitavimus
1070 3467 1255 3506 eorum
1280 3466 1461 3515 causa,
1492 3454 1582 3521 qui
1625 3468 1656 3507 e
1701 3455 1894 3524 templo

357 3542 512 3608 ejecti
549 3542 696 3594 luere
722 3542 790 3595 ab
815 3542 949 3609 ipso,
973 3552 1132 3609 atque
1157 3542 1317 3595 etiam
1346 3542 1544 3607 majora
1573 3543 1747 3597 hocin
1778 3546 1895 3599 loco

360 3632 579 3685 dicenda
632 3640 772 3684 sunt.
810 3630 864 3682 In
913 3628 1198 3697 Evangelia
1234 3629 1374 3681 enim
1408 3630 1566 3698 189
1600 3630 1818 3687 Joannis
1848 3635 1893 3668 "

359 3730 598 3773 ementes
628 3719 790 3787 ejicit,
821 3719 1030 3773 dicente
1050 3717 1299 3771 Matthteo
1320 3718 1387 3782 “,
1418 3734 1604 3774 omnes
1634 3734 1755 3774 eum
1790 3722 1898 3791 eje-

361 3810 498 3865 cisse
525 3820 635 3864 tum
666 3809 975 3874 vendentes,
999 3817 1105 3861 tum
1133 3816 1370 3862 ementes
1392 3808 1446 3862 in
1481 3809 1697 3877 templo.
1718 3809 1898 3877 Longe

364 3907 541 3951 autem
596 3897 789 3966 major,
834 3904 893 3949 ut
936 3896 1210 3964 probabile
1265 3905 1367 3960 est,
1414 3899 1702 3950 ementium
1734 3913 1895 3965 quam

362 3987 701 4042 vendentium
744 3995 863 4040 erat
897 3999 1171 4037 numerus.
1208 3983 1462 4039 Notemus
1485 3986 1671 4048 etiam,
1697 4001 1763 4038 an
1793 4003 1895 4041 non

362 4091 523 4144 supra
550 4074 858 4143 dignitatem
881 4072 1006 4126 Jesu
1036 4073 1275 4139 erat,qui
1305 4072 1587 4140 putabatur
1619 4073 1756 4129 illius
1783 4090 1899 4131 esse

365 4165 504 4219 labri
554 4166 629 4228 ",
667 4177 851 4216 omnes
892 4162 1089 4227 ejicere
1125 4162 1413 4214 vendentes
1462 4171 1515 4214 et
1561 4172 1798 4217 ementes
1846 4166 1897 4218 in

1988 3194 2149 3246 αὑτοῦ
2185 3193 2253 3244 τά
2309 3192 2496 3262 ἱμάτια
2534 3190 2778 3251 πλεῖστος
2806 3190 2964 3260 ὄχλος
3004 3191 3062 3241 ἐν
3116 3192 3190 3259 τῇ
3232 3188 3353 3258 ὁδῷ
3382 3188 3606 3256 (ἀνεχο-

1992 3282 2147 3352 μένου
2181 3279 2380 3333 τούτων
2417 3279 2511 3332 τοῦ
2558 3279 2753 3348 Ἰησοῦ,
2788 3281 2883 3331 καὶ
2932 3280 3009 3348 μὴ
3054 3277 3475 3347 ἐπιτιμῶντος,
3523 3276 3603 3338 ὡς

1989 3370 2144 3438 δῆλον
2190 3372 2253 3421 ἐκ
2281 3367 2388 3419 τῶν
2424 3370 2551 3437 παρ’
2595 3367 2772 3429 ἄλλοις
2804 3366 3078 3435 κειμένων
3098 3382 3113 3396 ·
3169 3385 3191 3416 ι
3265 3367 3405 3419 Ἐάν
3448 3357 3602 3418 οῦτοι

1993 3457 2351 3525 σιωπήσωσιν,
2385 3458 2434 3507 οί
2465 3454 2597 3506 λίθοι
2624 3455 2916 3525 κράξουσιν
2949 3473 2968 3503 ι
3012 3451 3139 3519 [68]
3159 3454 3206 3523 ),
3240 3455 3352 3506 οὑκ
3391 3451 3517 3505 οῖδα
3551 3452 3603 3502 εἰ

1996 3544 2069 3615 μὴ
2101 3542 2351 3612 βλακείαν
2389 3542 2509 3594 τινά
2533 3542 2851 3610 ἐμφαίνουσι
2883 3540 2979 3592 τοῦ
3009 3541 3107 3591 ἐπὶ
3137 3544 3262 3604 τοῖς
3285 3541 3600 3603 τοιούτοις,

1993 3636 2041 3685 εἰ
2081 3634 2242 3703 μηδὲν
2274 3632 2399 3685 ἄλλο
2436 3633 2530 3684 ἀπ’
2569 3632 2747 3684 αὑτῶν
2788 3630 3071 3698 δηλοῦται,
3113 3630 3600 3702 εὑφραινομένου.

1993 3724 2102 3774 Καὶ
2134 3721 2499 3791 κοπτομένους
2540 3721 2763 3782 κλάδους
2804 3720 2914 3771 ἀπὸ
2940 3718 3051 3771 τῶν
3081 3720 3338 3791 δένδρων
3381 3717 3603 3790 στρών-

1994 3812 2181 3865 νυσθαι
2213 3815 2268 3863 ἐν
2298 3815 2362 3882 τῇ
2394 3811 2497 3881 ὁδῷ
2527 3811 2660 3863 ὄνων
2685 3810 3055 3879 διερχομένων
3086 3811 3347 3880 ἐμπόδια
3392 3809 3604 3879 μᾶλλον

1995 3899 2137 3962 δόξαι
2168 3899 2232 3951 ἂν
2278 3895 2415 3951 εἶναι
2468 3897 2562 3950 τοῦ
2619 3896 2948 3965 ὀχλουμένου
3000 3899 3154 3967 ἥπερ
3217 3898 3602 3968 λελογισμένη

1996 3988 2248 4055 ἀποδοχή.
2283 3988 2419 4037 ὐσα
2463 3986 2519 4038 δέ
2564 3987 3002 4055 ἐπηπορήσαμεν
3041 3990 3109 4038 ἐκ
3146 3987 3267 4040 τῶν
3301 3988 3403 4039 τοῦ
3446 3986 3603 4056 ἱεροῦ

1997 4079 2085 4130 ὑπ’
2135 4076 2295 4128 αὑτοῦ
2340 4076 2771 4145 ἐκϐαλλομένων,
2816 4076 2993 4129 ταῦτα
3036 4080 3137 4130 καὶ
3182 4079 3275 4131 ἐτι
3312 4079 3429 4148 (69)
3477 4077 3606 4148 μεί-

1998 4167 2122 4229 ζονα
2148 4166 2330 4217 ἐνθάδε
2355 4165 2589 4217 λεκτέον.
2634 4166 2721 4216 Ἐν
2751 4166 2850 4233 μὲν
2877 4166 2987 4234 γὰρ
3017 4166 3098 4234 τῷ
3127 4169 3288 4221 κατὰ
3335 4169 3604 4236 Ἰωάννην

368 4254 583 4320 templo,
616 4253 716 4306 nisi
760 4251 914 4313 forte,
949 4259 1007 4304 ut
1033 4250 1193 4304 etiam
1237 4249 1343 4302 illic
1379 4250 1629 4312 diximus,
1666 4254 1887 4319 potentia

2007 4255 2244 4306 ἐκϐάλλει
2281 4256 2406 4316 τοὺς
2456 4253 2857 4323 ἀγοράζονταςο
2917 4255 2947 4305 6
2983 4254 3041 4306 δὲ
3080 4257 3389 4318 Ματθαῖός
3437 4271 3612 4326 φησιν

368 4343 627 4396 diviniore
655 4340 860 4407 subegit
907 4353 1092 4393 omnes
1120 4339 1211 4406 qui
1258 4339 1539 4393 acerbiora
1585 4342 1722 4409 apud
1766 4342 1897 4397 alios

368 4429 720 4497 evangelistas
766 4441 923 4495 quam
976 4428 1114 4494 apud
1156 4424 1413 4481 Joannem
1470 4428 1708 4482 audiunt.
1765 4428 1895 4482 Nam

370 4527 621 4573 narrante
648 4517 851 4572 Joanne
880 4519 925 4549 “
948 4517 1051 4571 illis
1087 4517 1282 4571 dictum
1318 4518 1479 4574 fuisse
1506 4535 1534 4571 a
1562 4518 1686 4573 Jesu
1716 4538 1772 4573 τι
1798 4520 1898 4574 No-

370 4608 465 4664 lite
489 4608 661 4663 facere
694 4610 903 4661 domum
947 4606 1122 4660 Patris
1156 4607 1277 4670 mei,
1305 4608 1519 4662 domum
1553 4617 1835 4674 mercatus,
1875 4627 1893 4658 ι

369 4701 508 4768 apud
537 4699 669 4752 alios
695 4698 742 4731 ”
775 4698 1158 4766 redarguuntur
1185 4696 1372 4752 fecisse
1403 4700 1612 4752 domum
1636 4701 1898 4766 precatio-

372 4790 458 4843 nis
509 4789 811 4859 speluncam
855 4788 1118 4841 latronum
1148 4827 1164 4853 ,
1195 4797 1494 4855 nequeunte
1531 4789 1685 4841 domo
1727 4789 1899 4845 Patris

374 4877 486 4931 ﬁeri
512 4877 758 4945 spelunca
782 4876 1065 4940 latronum,
1093 4876 1187 4930 sed
1215 4891 1448 4943 eousque
1475 4891 1504 4927 a
1531 4878 1897 4944 peccatoribus

376 4966 620 5030 adducta,
656 4973 714 5018 ut
744 4966 855 5033 ipsa
903 4965 993 5019 ﬁat
1023 4974 1286 5018 mercatus
1308 4965 1515 5016 domus.
1543 4963 1653 5016 Non
1693 4975 1893 5020 tantum

1995 4348 2074 4398 ὅτι
2103 4344 2317 4408 ἐξέϐαλε
2363 4344 2568 4406 πάντας
2605 4345 2728 4405 τοὺς
2758 4343 3097 4408 πωλοῦντας,
3136 4348 3244 4397 καὶ
3288 4346 3611 4416 ἀγοράζον-

1996 4452 2091 4496 τας
2111 4436 2168 4486 ἐν
2202 4433 2278 4503 τῷ
2304 4434 2451 4505 ἱερῷ.
2480 4432 2664 4502 Πολλῷ
2700 4432 2777 4495 δὲ,
2816 4433 2893 4495 ὡς
2919 4432 3083 4494 εἰκὸς,
3124 4434 3156 4484 6
3186 4435 3447 4504 ἀριθμὸς
3491 4435 3611 4486 τῶν

1998 4523 2369 4593 ὰγοραζόντων
2409 4524 2607 4578 πλείων
2636 4518 2703 4592 ἦν
2735 4522 2889 4592 παρὰ
2925 4523 3048 4583 τοὺς
3084 4521 3454 4586 πωλοῦντας.
3493 4525 3612 4576 Καὶ

1998 4617 2378 4686 ἐπιστήσωμεν
2406 4622 2454 4672 εἰ
2486 4619 2558 4689 μὴ
2584 4617 2643 4669 τὸ
2671 4615 2880 4677 πάντας
2914 4614 3295 4669 ἐκϐάλλεσθαι
3325 4618 3464 4679 τοὺς
3494 4633 3615 4668 πω-

2000 4707 2219 4769 λοῦντας
2247 4712 2343 4764 καὶ
2372 4712 2731 4785 ἀγοράζοντας
2752 4708 2809 4758 ἐν
2833 4705 2911 4775 τῷ
2940 4705 3070 4775 ἱερῷ
3094 4708 3268 4776 παρὰ
3290 4711 3357 4760 τὸ
3382 4709 3611 4777 ἀξίωμα

1997 4794 2090 4847 τοῦ
2127 4796 2492 4871 νομιζομένου
2528 4798 2640 4854 υἱοῦ
2679 4794 2927 4855 τέκτονος
2976 4788 3115 4843 εἶναι
3164 4795 3515 4864 ἐτύγχανεν,
3558 4797 3610 4847 si

2003 4884 2074 4952 μὴ
2112 4883 2243 4955 ἄρα,
2285 4890 2366 4957 ὡς
2400 4897 2556 4952 κάκεῖ
2589 4887 2833 4953 ἐλέγομεν
2853 4921 2868 4944 ,
2902 4881 3153 4950 θειοτέρα
3196 4883 3444 4953 δυνάμει
3477 4885 3609 4946 τοὺς

2005 4970 2209 5036 πάντας
2256 4979 2575 5046 ὑπέτασσεν
2597 5024 2611 5049 ν
2639 4974 2810 5050 χαλεπ
2824 4969 2989 5041 ὺτερα
3015 4971 3140 5022 ὅσον
3186 4973 3295 5025 ἐπὶ
3328 4976 3446 5036 τοῖς
3493 4973 3613 5023 λοι-

446 5125 651 5221 natiue.
944 5124 1499 5221 “ff-im-ntt.‘t-tl..l'5.m
1520 5124 1779 5221 'Lb’lnt‘t‘lg.
1813 5143 1920 5194 ut,
1947 5130 2030 5183 ιε.
2104 5129 2151 5162 ’ί
2185 5131 2404 5206 Matth.
2434 5170 2553 5221 xm,
2580 5143 2647 5206 55
2669 5156 2686 5203 ς
2712 5128 2878 5194 Nare.
2913 5141 2986 5191 vt,
3009 5125 3063 5178 '5.
3139 5128 3190 5159 "
3221 5127 3394 5183 Joan.
3428 5145 3492 5196 tt,
3520 5131 3609 5186 16.

376 5193 423 5226 ⁸⁸
446 5192 628 5247 Matth.
680 5209 790 5257 χχι,
821 5196 917 5259 l3;
942 5194 1103 5248 Marc.
1139 5209 1212 5257 xt,
1253 5193 1315 5245 17
1345 5209 1361 5258 ;
1392 5190 1520 5246 Luc.
1546 5209 1655 5258 xtx,
1688 5194 1775 5249 46.

450 5344 560 5416 (ϐξ)
581 5345 754 5416 Codex
790 5346 1123 5405 Bodleianus.
1137 5346 1558 5416 γεγραμμένοις.

448 5411 554 5482 (ἓξ)
582 5414 754 5482 Codex
783 5415 976 5482 Regius
1005 5411 1396 5468 tattttttn’babet
1428 5414 1573 5482 είπῃ.

447 5477 558 5545 (67)
583 5479 688 5532 Τοῦ
710 5477 1011 5549 μεγέθους.
1066 5483 1222 5536 Deest
1274 5482 1325 5533 in
1364 5477 1551 5535 codice
1596 5478 1903 5543 Bodleiano,

2006 5344 2061 5395 in
2085 5360 2200 5429 qtto
2235 5373 2380 5427 "(Ox
2417 5380 2473 5438 ιε
2509 5385 2544 5439 .u
2586 5397 2609 5436 τ
2634 5370 2728 5439 τῆς
2748 5347 2838 5407 τοῦ
2867 5344 3119 5431 Υἱοῦντοῦ
3143 5347 3288 5403 θεοῦ
3308 5352 3610 5422 θειότητος.

2081 5415 2199 5483 (δε)
2234 5429 2438 5483 Cod.“
2476 5400 2806 5483 ᾗηῦῖὶηῖιιιιηῧο
2830 5432 3191 5483 κεκραςονται.

2122 5420 2134 5429 .
2316 5420 2325 5422 ~
2350 5420 2380 5427 ν-
2423 5420 2599 5453 ιυῇιιιιι
2645 5420 2726 5439 ’νιν
2972 5420 3020 5447 ’ς
3083 5432 3110 5443 .-
3482 5420 3493 5422 ⁷

2234 5429 2814 5594 ξιιὲξξιαξᾘξῗίῗὲέἶὲ
3220 5488 3390 5553 male,
3418 5490 3511 5541 ἐπί
3536 5508 3610 5543 τι.

2015 6125 2207 6147 Ἢ
2280 6142 2323 6151 Ἠ
2802 6146 2835 6151 ί
2908 6126 3144 6135 κλμ-
3312 6126 3587 6140 ,Ἥκ-

3852 5208 3880 5651 ξ

3851 5686 3875 5983 ζ

3778 6084 3880 6135 Δ
