3880 6210
373 271 476 335 65⁵1

1466 290 1812 349 COMMENT.
1848 294 1918 350 lN
1956 295 2143 351 JOAN.
2177 290 2413 349 TOMUS
2451 289 2517 348 Χ.

3447 299 3552 354 588

396 402 507 467 ποῖς
531 398 925 470 εὐαγγελισταῖς
956 406 1117 476 παρὰ
1152 406 1243 460 τὸν
1292 406 1532 475 Ἰωάννην
1568 403 1915 469 ἀκούσαντας.

2021 423 2146 462 vero
2177 408 2364 461 domus
2390 406 2729 471 precationis,
2757 406 2973 461 omnino
3002 406 3178 460 Patris
3217 406 3403 462 domus
3427 423 3547 463 eum

398 494 457 546 '0
487 493 577 563 μὲν
604 491 704 560 γὰρ
739 488 995 561 Ἰωάννης
1030 495 1194 563 φησὶν
1222 495 1396 556 αὐτοῖς
1423 493 1660 563 εἰρῆσθαι
1697 493 1801 545 ὑπὸ
1832 494 1920 547 τοῦ

2021 497 2109 560 sit,
2135 495 2367 562 neglecta
2400 492 2628 549 latrones
2645 496 2802 548 etiam
2828 497 3100 563 suscipiet,
3126 496 3313 550 domus
3344 496 3547 550 illorum

400 582 593 651 Ἰησοῦ·
633 601 651 632 ι
679 578 766 649 Μὴ
801 584 1009 633 ποιεῖτε
1036 583 1128 635 τὸν
1166 580 1308 635 οἶκον
1334 582 1425 634 τοῦ
1462 581 1668 651 Πατρός
1708 599 1805 651 μου
1845 579 1923 635 οί-

387 686 480 723 κον
506 670 759 739 ἐμπορίου
778 684 792 698 ο
840 688 859 719 ι
889 672 940 720 οί
963 671 1021 722 δὲ
1048 670 1222 723 λοιποὶ
1256 670 1508 740 σπήλαιον
1540 670 1746 740 λῃστῶν
1770 671 1921 738 ἐλέγ-

385 776 565 827 χονται
599 758 949 827 πεποιηκότες
980 759 1071 811 τὸν
1095 756 1238 811 οἷκον
1261 759 1358 828 τῆς
1385 760 1700 829 προσευχῆς,
1726 760 1785 811 ού
1815 778 1921 829 χω-

2024 599 2131 638 ηοη
2182 583 2464 646 exsistens,
2496 584 2587 636 sed
2644 586 2804 637 etiam
2859 584 3107 648 spelunca
3153 583 3430 648 efﬁcietur,
3465 601 3549 639 res

2025 672 2243 724 minime
2277 670 2414 724 facta
2441 684 2470 722 a
2506 672 2771 740 diligentia
2807 673 3215 728 architectonica
3248 681 3302 726 et
3331 675 3547 727 rationis

2025 770 2285 828 compote.

386 852 599 923 ροῦντος
642 850 734 904 τοῦ
766 852 912 904 οἴκου
953 850 1047 903 τοῦ
1079 852 1308 922 Πατρὸς,
1349 851 1484 902 ὥστε
1523 852 1766 917 γενέσθαι
1805 853 2058 922 σπήλαιον
2109 853 2333 924 λῃστῶν,
2374 851 2505 905 ἀλλά
2545 852 2701 922 μέχρι
2754 850 3000 903 τοσούτου
3057 852 3160 904 ὑπό
3210 851 3315 903 τῶν
3369 853 3545 922 ἁμαρ-ι

380 944 647 995 τανόντων
706 939 1032 1009 φερομένου,
1082 939 1157 1001 ῶς
1204 936 1347 993 οἶκον
1398 940 1651 1009 ἐμπορίου
1694 941 1849 993 αὑτὸν
1906 940 2172 1007 γενέσθαι.
2236 943 2308 993 Ού
2356 942 2510 1010 μόνον
2558 942 2613 993 δὲ
2672 941 2768 1008 τῆς
2815 939 3115 1008 προσευχῆς
3156 942 3184 990 ὀ
3228 935 3370 1002 οἶκος
3415 942 3549 993 πάν·-

377 1052 484 1097 τως
532 1033 646 1103 (70)
693 1029 838 1095 οἵκος
872 1032 968 1083 τοῦ
1008 1032 1215 1101 Πατρδς
1246 1030 1318 1083 ὢν
1365 1032 1650 1102 ἀμεληθεὶς
1678 1033 1768 1084 καὶ
1818 1033 2015 1104 λῃστὰς
2046 1034 2402 1103 παραδέξηται
2435 1033 2562 1103 (71),
2602 1033 2661 1084 ού
2691 1031 2966 1100 γινόμενος
3004 1018 3176 1082 αὐτῶν
3216 1026 3376 1095 οἶκος,
3416 1028 3550 1084 ἀλλὰ

378 1126 669 1195 σπήλαιον,
705 1120 945 1194 πρᾶγμα
971 1124 1068 1192 οὐχ
1101 1124 1204 1175 ὑπὸ
1236 1125 1663 1194 ἀρχιτεκτονικῆς
1702 1126 1793 1177 καὶ
1834 1126 2049 1196 λογικῆς
2073 1128 2371 1196 ὲντρεχείας
2399 1126 2768 1194 γεγενημένον.

450 1219 535 1272 18.
574 1218 652 1270 Τὸ
695 1219 792 1286 μὲν
820 1213 910 1271 οὖν
945 1216 1069 1267 ἰδεῖν
1099 1216 1172 1277 ὠς
1207 1216 1314 1284 ἔχει
1339 1217 1507 1270 ταῦτα
1530 1218 1661 1287 (72),
1686 1221 1774 1271 νοῦ
1806 1219 1925 1288 άλη-

374 1307 501 1369 θοῦς
528 1305 627 1358 τοῦ
668 1305 909 1367 δοθέντος
941 1307 1052 1364 τοῖς
1094 1304 1366 1370 λέγουσιν·
1422 1323 1440 1355 ι
1493 1306 1679 1375 Ἡμεῖς
1714 1307 1768 1359 δὲ
1802 1307 1923 1360 νοῦν

372 1395 615 1464 Χριστοῦ
650 1395 863 1463 ἔχομεν,
897 1396 981 1447 ἴνα
1012 1398 1203 1467 ἴδωμεν
1238 1396 1304 1447 τὰ
1337 1395 1437 1447 ὑπὸ
1466 1394 1556 1445 τοῦ
1600 1394 1730 1447 Θεοῦ
1773 1414 1923 1465 χαρι-

374 1483 573 1534 σθέντα
619 1485 773 1551 ἠμῖν,
807 1501 826 1532 ι
863 1484 1041 1552 μεῖζον
1074 1486 1106 1554 ἢ
1138 1485 1255 1537 καθ’
1278 1486 1420 1553 ἡμᾶς
1444 1480 1578 1535 εἷναι
1609 1483 1917 1554 πειθόμεθα.

372 1570 508 1622 Ούδὲ
549 1570 661 1639 γὰρ
692 1570 956 1624 ἀθόλωτον
987 1573 1141 1641 ἡμῶν
1182 1575 1293 1624 ἐστι
1330 1573 1388 1623 τὸ
1422 1573 1764 1640 ἡγεμονικὸν,
1800 1575 1920 1626 ούδὲ

2096 1221 2179 1274 18.
2229 1221 2400 1288 Atque
2425 1220 2536 1273 haec
2573 1220 2783 1286 quidem
2817 1217 3013 1280 videre,
3053 1218 3316 1285 quomodo
3364 1232 3420 1272 se
3452 1218 3546 1271 ha-

2024 1310 2204 1372 beant,
2243 1319 2417 1362 mente
2462 1318 2619 1376 atque
2648 1307 2990 1376 intelligentia
3033 1321 3157 1360 vera
3188 1310 3304 1359 data
3340 1308 3422 1361 his
3454 1307 3543 1374 qui

2023 1400 2202 1453 dicunt
2238 1417 2250 1451 :
2282 1417 2300 1448 ι
2337 1396 2443 1450 Nos
2472 1406 2647 1449 autem
2672 1406 2897 1449 mentem
2928 1394 3126 1449 Christi
3175 1397 3457 1458 habemus,
3489 1407 3547 1449 ut

2022 1485 2292 1538 videamus
2327 1499 2443 1552 quae
2487 1499 2514 1537 a
2544 1482 2649 1536 Deo
2695 1485 2884 1536 donata
2932 1492 3053 1536 sunt
3093 1482 3242 1535 nobis
3267 1483 3333 1547 ",
3375 1502 3393 1532 ρ
3427 1498 3546 1536 esse

2022 1574 2285 1628 credimus
2312 1588 2464 1640 supra
2518 1583 2725 1640 captum
2777 1582 3031 1625 nostrum.
3070 1569 3249 1638 Neque
3293 1572 3434 1624 enim
3480 1585 3542 1625 ea

369 1660 421 1708 οἱ
452 1658 747 1726 ὀφθαλμοὶ,
785 1661 997 1722 ὁποίους
1025 1662 1104 1713 δεῖ
1136 1658 1269 1715 εἶναι
1307 1665 1429 1726 τοὺς
1459 1665 1554 1733 τῆς
1583 1662 1748 1731 καλῆς
1785 1663 1918 1731 νύμ-

2020 1665 2206 1717 animae
2233 1678 2357 1731 pars
2382 1663 2837 1730 praestantissima,
2869 1662 3216 1728 principatum
3256 1677 3411 1729 quam
3442 1676 3542 1715 νο-

372 1758 481 1810 φης
512 1742 750 1809 Χριστοῦ
782 1742 1104 1813 ὀφθαλμοὺς,
1140 1746 1263 1815 περὶ
1290 1740 1363 1799 ὧν
1403 1764 1560 1815 φησιν
1593 1749 1621 1798 ό
1662 1747 1916 1815 νυμφίος·

378 1848 398 1878 ι
451 1830 755 1898 ὐφθαλμοί
809 1848 900 1883 σου
944 1836 1273 1904 περιστεραὶ,
1318 1854 1335 1884 ι
1370 1836 1505 1904 τάχα
1561 1837 1921 1903 αἰνισσόμενος

369 1917 470 1985 τὴν
501 1918 612 1968 τῶν
642 1920 1021 1987 πνευματικῶν
1049 1922 1431 1991 κατανοητικὴν
1472 1923 1713 1992 δύναμιν,
1742 1924 1827 1975 διὰ
1861 1923 1922 1975 τὸ

372 2004 469 2055 καὶ
498 2003 560 2054 τὸ
592 2003 815 2071 Πνεῦμα
856 2004 918 2055 τὺ
945 2006 1096 2071 ἅγιον
1142 2006 1215 2067 ὡς
1262 2008 1580 2076 περιστεράν
1617 2008 1920 2076 ἐληλυθέναι

373 2097 466 2148 ἐπὶ
488 2097 580 2147 τὸν
605 2097 829 2168 Κύριον,
849 2097 942 2149 καὶ
968 2096 1055 2149 τὸν
1078 2100 1134 2150 ὲν
1162 2098 1369 2167 ἑκάστῳ
1393 2098 1615 2168 Κύριον*
1645 2100 1755 2152 ἁλλ’
1777 2102 1922 2169 ὅμως

371 2187 469 2238 καὶ
521 2187 694 2249 οὓτως
740 2186 953 2254 ἔχοντες
993 2188 1092 2239 οὐκ
1133 2189 1523 2258 ἀποκνήσομεν,
1576 2190 1922 2259 ψηλαφῶντες

369 2276 501 2337 τοὺς
552 2274 875 2344 εἰρημένους
918 2277 1015 2343 τῆς
1056 2273 1196 2343 ζωῆς
1232 2275 1437 2343 λόγους,
1478 2277 1794 2347 πειραθῆναι
1825 2278 1922 2330 λα-

369 2362 565 2415 ϐέσθαι
595 2362 775 2415 αὐτῶν
801 2363 902 2431 τῆς
929 2363 1295 2434 ἀπορρεούσης
1317 2367 1395 2428 είς
1417 2366 1505 2417 τὸν
1536 2366 1668 2435 μετὰ
1692 2367 1923 2430 πίστεως

367 2449 655 2518 ἁψάμενον
685 2449 982 2519 δυνάμεως.
1024 2451 1223 2522 Ἰησοῦς
1251 2452 1425 2505 τοίνυν
1456 2454 1597 2505 ἐστὶν
1620 2456 1648 2506 ὀ
1671 2455 1762 2507 τοῦ
1787 2455 1919 2508 Θεοῦ

367 2537 554 2605 λόγος,
582 2539 731 2602 ὅστις
750 2539 1053 2609 εἰσέρχεται
1078 2541 1155 2602 είς
1176 2541 1273 2610 τὴν
1308 2542 1637 2612 Ἰεροσόλυμα
1666 2544 1923 2612 καλουμέ-

366 2644 470 2697 νην
489 2627 693 2697 ψυχὴν,
717 2627 1005 2697 ὀχούμενος
1030 2631 1096 2698 τῇ
1120 2628 1221 2681 ὑπὸ
1247 2629 1352 2681 τῶν
1382 2630 1629 2699 μαθητῶν
1660 2632 1918 2702 λελυμένῃ

366 2716 482 2768 ἀπὸ
518 2716 628 2768 τῶν
659 2715 873 2784 δεσμῶν
906 2716 1029 2785 ὄνῳ.
1059 2716 1213 2784 Λέγω
1234 2718 1290 2770 δὲ
1313 2721 1423 2780 τοῖς
1450 2718 1664 2786 ἀφελέσι
1690 2720 1788 2788 τῆς
1815 2736 1918 2773 πα-

363 2803 538 2866 λαιᾶς
570 2803 843 2872 Διαθήκης
874 2804 1177 2872 γράμμασι,
1216 2807 1647 2875 σαφηνιζομένοις
1678 2809 1784 2877 (ἴδ)
1819 2810 1920 2862 ὑπὸ

2020 1768 2219 1816 camus,
2248 1752 2299 1805 in
2332 1753 2479 1806 nobis
2504 1762 2583 1806 cst
2608 1768 2734 1819 pura
2764 1771 2778 1817 ;
2819 1754 2909 1807 sed
2945 1768 3009 1807 ne
3043 1752 3179 1807 oculi
3210 1751 3416 1817 quidem
3445 1766 3541 1820 pu-

2021 1841 2064 1895 ri
2086 1850 2226 1905 sunt,
2258 1841 2441 1908 quales
2461 1849 2669 1908 oportet
2704 1855 2821 1895 esse
2868 1840 3049 1894 oculos
3075 1840 3304 1908 pulchrae
3336 1852 3543 1905 sponsae

2018 1928 2236 1991 Christi,
2264 1928 2329 1981 de
2375 1929 2571 1996 quibus
2598 1929 2767 1997 inquit
2809 1942 3034 1996 sponsus
3066 1944 3079 1979 :
3114 1944 3133 1976 ι
3172 1925 3318 1980 Oculi
3347 1925 3419 1977 tui
3451 1939 3544 1977 co—

2018 2017 2206 2071 lumbae
2230 2019 2298 2079 “,
2343 2035 2362 2067 ι
2402 2016 2627 2071 fortasse
2650 2018 2873 2070 innueus
2894 2016 2998 2069 vim
3042 2024 3210 2068 acutae
3244 2013 3544 2082 intelligen-

2021 2107 2107 2158 tiae
2137 2120 2292 2174 quam
2327 2105 2521 2158 habent
2553 2104 2872 2172 spirituales,
2902 2111 3179 2171 propterea
3204 2102 3341 2168 quod
3379 2101 3538 2154 etiam

2019 2207 2179 2260 super
2206 2193 2481 2245 Dominum
2508 2202 2664 2259 atque
2688 2206 2848 2259 super
2879 2191 3114 2257 singulos
3137 2190 3306 2257 ipsum
3338 2189 3542 2242 haben-

2019 2291 2118 2347 tes,
2143 2281 2369 2348 Spiritus
2386 2287 2598 2334 sanctus
2622 2279 2759 2333 sicut
2784 2277 3023 2331 columba
3047 2276 3289 2331 advenit:
3308 2284 3541 2329 attamen

2018 2369 2096 2424 sic
2124 2371 2284 2423 etiam
2316 2367 2490 2422 aﬂ'eeti
2528 2382 2631 2420 non
2668 2365 2994 2420 tardabimus
3024 2372 3418 2419 contractautes
3461 2361 3545 2416 di-

2020 2467 2137 2513 ctos
2166 2458 2289 2511 vitae
2337 2469 2642 2520 sermones,
2671 2454 2961 2524 perieulum
3009 2452 3182 2506 facere
3216 2450 3540 2519 percipiendi

2016 2547 2123 2601 vim
2156 2545 2386 2613 ipsorum
2425 2543 2745 2597 dillluentem
2777 2542 2827 2594 in
2865 2553 2984 2593 eum
3013 2540 3102 2607 qui
3141 2553 3258 2592 cum
3297 2538 3399 2591 ﬁde
3429 2536 3546 2590 teti-

2017 2634 2171 2702 gerit.
2204 2634 2297 2686 Est
2339 2632 2499 2700 igitur
2522 2631 2677 2684 Jesus
2713 2630 2800 2683 Dei
2830 2643 3026 2690 sermo,
3050 2628 3137 2695 qui
3163 2626 3456 2693 ingreditur
3485 2625 3542 2680 in

2017 2723 2247 2775 animam
2285 2737 2403 2789 qu:e
2428 2729 2647 2775 vocatur
2688 2717 3049 2787 Hierosolyma
3095 2737 3106 2771 :
3139 2726 3322 2768 vectus
3368 2713 3540 2778 asina,

2017 2826 2174 2880 quam
2204 2810 2441 2878 discipuli
2466 2825 2495 2863 a
2514 2808 2736 2863 vinculis
2762 2808 3062 2870 solverunt;
3082 2814 3284 2869 vectus,
3304 2805 3543 2872 inquam,

363 2891 483 2943 τῶν
516 2890 752 2943 λυόντων
784 2890 923 2942 αὐτὰ
948 2891 1199 2962 μαθητῶν
1223 2893 1344 2944 δύου
1378 2893 1470 2945 τοῦ
1495 2911 1551 2945 τε
1580 2896 1670 2947 ἐπὶ
1705 2896 1799 2966 τὴν
1830 2897 1918 2949 θε-

2019 2901 2186 2965 asina,
2220 2901 2322 2953 hoc
2356 2908 2440 2953 est
2467 2899 2660 2952 litteris
2690 2897 2894 2951 Veteris
2920 2895 3260 2949 lnstrumenti
3288 2891 3543 2959 simplici-

365 2978 615 3047 ραπεξαν
651 2979 748 3045 τῆς
776 2978 951 3047 ψυχῆς
992 2980 1275 3047 ἀνάγοντος
1314 2980 1380 3033 τὰ
1419 2984 1788 3051 γεγραμμένα,
1832 2986 1920 3037 καὶ

2022 2987 2140 3053 bus,
2152 2999 2282 3052 quas
2302 2985 2667 3052 explanarunt,
2697 2984 2810 3036 illas
2832 2982 3100 3036 solventes
3128 2979 3370 3047 discipuli
3400 2979 3536 3038 duo;

2020 3073 2189 3126 altero
2221 3072 2285 3124 ad
2312 3072 2500 3123 anima:
2530 3071 2788 3123 medelam
2823 3070 3104 3122 reducente
3145 3082 3229 3128 ea,
3259 3081 3376 3133 qua:
3409 3065 3543 3118 scri-

2019 3170 2105 3228 pta
2129 3159 2500 3225 sunt,ejusque
2528 3159 2699 3225 gratia
2724 3172 2815 3224 per
2837 3155 3116 3222 allegoria;
3142 3154 3228 3207 illa
3251 3161 3538 3217 tractante;

2018 3250 2186 3302 altero
2218 3246 2390 3300 futura
2435 3259 2603 3313 eaque
2649 3260 2771 3298 vera
2822 3244 2955 3296 bona
2985 3257 3079 3311 per
3107 3257 3167 3296 ea
3191 3256 3308 3307 qua:
3338 3241 3388 3293 in
3420 3255 3540 3293 utn-

2019 3338 2109 3389 bra
2140 3335 2307 3403 posita
2341 3343 2511 3395 erant,
2548 3334 2816 3388 edocente.
2847 3330 2950 3385 Sed
2980 3332 3189 3384 vehitur
3218 3331 3375 3383 etiam
3404 3342 3539 3385 novo

2017 3423 2179 3492 pullo,
2214 3425 2313 3477 hoc
2338 3432 2418 3476 est
2445 3422 2587 3475 Novo
2622 3422 3010 3474 lustrumeuto;
3044 3421 3094 3472 iu
3137 3421 3369 3485 utrisque
3399 3421 3538 3472 enim

2019 3514 2257 3566 invenire
2280 3512 2404 3565 licet
2428 3510 2664 3564 veritatis
2694 3525 2990 3564 sermonem
3031 3524 3125 3561 nos
3149 3509 3537 3576 purilicautem,

2022 3600 2175 3668 190
2219 3600 2669 3667 expellentemque
2701 3598 3052 3666 cogitationes
3091 3610 3276 3649 omnes
3305 3596 3355 3648 in
3388 3595 3538 3649 nobis

2016 3690 2297 3741 vendentes
2312 3695 2365 3741 et
2386 3694 2640 3740 ementes.
2654 3685 2808 3739 Solus
2828 3694 3002 3738 autem
3017 3684 3081 3737 ad
3100 3684 3536 3752 Hierosolymam.

2016 3778 2377 3842 animam,non
2393 3777 2553 3840 venit;
2572 3776 2663 3828 sed
2681 3789 2848 3841 neque
2863 3789 2982 3827 cum
2995 3788 3058 3841 pa
3067 3773 3179 3826 ucis
3188 3772 3502 3840 quibusdam
3513 3788 3533 3827 :

2015 3862 2179 3915 multa
2211 3865 2350 3916 enim
2387 3863 2495 3914 sint
2522 3862 2572 3914 in
2617 3862 2770 3914 nobis
2792 3868 3002 3927 oportet
3028 3861 3375 3925 prmcedeutia
3419 3874 3536 3912 ser-

2017 3963 2220 4003 monem
2240 3964 2333 4003 nos
2349 3949 2726 4018 perﬁcientem,
2745 3948 2952 4014 aliaque
2965 3946 3342 4015 quamplurima
3365 3946 3534 4014 ipsqu

2014 4038 2308 4105 sequentia,
2341 4038 2588 4090 nimirum
2636 4036 2815 4089 omnia
2851 4036 3022 4103 ipsum
3057 4034 3320 4088 laudantia
3350 4045 3403 4085 et
3424 4034 3537 4101 glo-

364 3069 459 3119 ἐπ’
494 3067 669 3135 αὐτὴν
694 3066 834 3119 αὐτὰ
864 3066 1278 3137 ἀλληγοροῦντος
1297 3085 1309 3097 ·
1338 3070 1429 3119 καὶ
1455 3069 1546 3121 τοῦ
1574 3070 1641 3122 τὰ
1671 3070 1923 3139 μέλλοντα

363 3152 562 3219 ἀγαθά
589 3154 683 3206 καὶ
707 3153 931 3223 ἀληθινὰ
948 3155 1033 3207 διά
1056 3155 1160 3207 τῶν
1185 3158 1241 3207 ὲν
1265 3158 1329 3226 τῇ
1358 3159 1483 3224 σκιᾷ
1501 3158 1759 3225 κειμένων
1789 3175 1924 3229 παρ-

368 3245 647 3305 ιστάντος.
691 3248 919 3313 Ὀχεῖται
966 3246 1021 3297 δὲ
1071 3246 1163 3297 καὶ
1198 3245 1273 3314 τῷ
1308 3247 1409 3316 νέῳ
1449 3247 1627 3316 πώλῳ,
1658 3250 1721 3316 τῇ
1765 3251 1919 3318 καινῇ

366 3332 655 3401 Διαθήκῃ·
704 3335 761 3384 ὲν
790 3333 1121 3402 ἀμφοτέραις
1166 3334 1272 3403 γὰρ
1325 3334 1465 3386 ἐστιν
1498 3336 1673 3404 εὑρεῖν
1708 3336 1796 3387 τὸν
1824 3353 1921 3387 κα-

366 3422 634 3492 θαίροντα
666 3424 813 3490 ἡμᾶς
842 3422 937 3490 τῆς
962 3422 1214 3491 ἀληθείας
1239 3422 1408 3490 λόγον,
1442 3424 1533 3476 καὶ
1562 3424 1921 3476 ἀπελαύνοντα

364 3513 501 3572 τοῦς
526 3510 837 3572 πωλοῦντας
877 3514 969 3564 καὶ
996 3512 1355 3580 ἀγοράζοντας
1388 3514 1442 3564 ἐν
1462 3515 1587 3581 ἡμῖν
1612 3513 1812 3576 πάντας
1838 3513 1923 3565 λο-
1938 3562 1953 3569 ε

366 3598 631 3668 γισμούς.
677 3600 851 3662 Μόνος
896 3600 951 3652 δὲ
982 3602 1062 3661 είς
1096 3601 1194 3669 τὴν
1237 3601 1573 3671 Ἰεροσόλυμα
1609 3600 1780 3670 ψυχὴν
1823 3602 1921 3654 οὐκ

368 3686 617 3754 ἔρχεται,
643 3686 756 3738 ἀλλ’
790 3688 907 3739 οὐδὲ
937 3687 1071 3756 μετά
1103 3687 1290 3754 ὀλίγων
1318 3688 1491 3740 τινῶνο
1524 3687 1687 3739 πολλά
1723 3689 1825 3757 γὰρ
1856 3688 1920 3740 τά

368 3775 690 3844 προάγοντα
733 3776 822 3827 τὸν
863 3776 1167 3829 τελειοῦντα
1210 3778 1350 3845 ἡμᾶς
1380 3774 1532 3844 λόγον
1572 3775 1703 3828 Θεοῦ
1749 3778 1827 3829 δεῖ
1862 3779 1920 3830 ὲν

369 3866 506 3933 ἡμῖν
540 3864 812 3931 γενέσθαι,
863 3866 954 3917 καὶ
991 3866 1153 3936 ἕτερα
1184 3866 1403 3918 πλεῖστα
1441 3867 1537 3918 ὅσα
1576 3865 1646 3918 τὰ
1689 3867 1920 3936 ἑπόμενα

366 3953 550 4023 αὐτῷ’
593 3954 771 4006 πάντα
818 3955 1067 4023 μέντοιγε
1117 3956 1274 4007 αὐτὸν
1324 3956 1586 4026 ὑμνοῦντα
1630 3955 1720 4007 καὶ
1766 3954 1918 4018 δοξά-

365 4041 553 4104 ζοντα,
587 4040 685 4092 καὶ
715 4041 802 4091 τὸν
835 4042 963 4093 ἴδιον
986 4042 1185 4110 κόσμον
1210 4043 1301 4095 καὶ
1328 4042 1610 4112 περιϐολὴν
1631 4042 1773 4111 αὐτῷ
1798 4043 1919 4094 ὑπο-

361 4129 614 4190 τιθέντα,
670 4129 755 4179 ῐνα
801 4128 964 4180 αύτοῦ
1011 4130 1079 4180 τά
1125 4130 1369 4199 ὀχήματα
1415 4131 1486 4199 μὴ
1540 4130 1771 4199 ἅπτηται
1819 4130 1919 4198 γῆς

2019 4125 2292 4185 rilicantia,
2330 4126 2700 4192 propriumque
2732 4132 3097 4177 ornamentum
3124 4137 3188 4176 ac
3212 4130 3407 4176 vestem
3436 4122 3535 4190 ipsi

363 4218 566 4286 ἔχοντα
594 4217 687 4268 τὸν
714 4218 1002 4287 οὐρανόθεν
1029 4217 1140 4284 (74)
1172 4218 1573 4287 καταϐεϐηκότα
1611 4219 1917 4271 ἐπαναπαυ-

2019 4215 2384 4280 snpponentia,
2418 4228 2525 4281 quo
2556 4213 2790 4267 vehicula
2828 4214 2991 4280 ipsius
3034 4224 3231 4268 terram
3271 4229 3373 4267 non
3421 4224 3538 4267 tan-

363 4273 567 4375 ὁμενον
599 4273 801 4367 αὐτοῖςί
836 4307 950 4357 ’Ἰνα
978 4273 1040 4357 δὲ.
1079 4273 1158 4357 ἔτι
1195 4306 1387 4375 μᾶλλον
1419 4273 1667 4376 ἀνωτέρω
1694 4306 1789 4374 τῆς
1817 4305 1917 4373 γῆς

2019 4312 2163 4369 gant,
2192 4301 2443 4355 habentia
2481 4318 2600 4356 eum
2629 4303 2718 4369 qui
2755 4317 2785 4356 e
2813 4303 2948 4356 casio
2994 4303 3263 4356 descendit
3292 4303 3341 4355 in
3369 4315 3426 4355 se
3451 4316 3535 4354 re-

361 4393 715 4462 τυγχάνωσιν
741 4394 790 4444 οἱ
818 4392 1070 4461 ὀχοῦντες
1103 4393 1257 4445 αὐτὸν
1285 4393 1494 4446 παλαιοὶ
1519 4394 1607 4443 καὶ
1637 4393 1806 4444 καινοὶ
1833 4391 1917 4442 λό-

2019 4391 2392 4458 quiescentem.
2452 4392 2516 4446 Ut
2555 4401 2728 4446 autem
2766 4392 2932 4460 magis
2984 4395 3089 4447 sint
3132 4408 3288 4460 supra
3341 4401 3537 4444 terram

359 4498 452 4548 γοι
492 4479 603 4531 τῶν
628 4479 856 4548 Γραφῶν
875 4518 890 4540 ,
922 4478 1279 4531 ὲκκόπτεσθαι
1327 4481 1545 4541 κλάδους
1582 4479 1660 4530 δεῖ
1684 4479 1789 4530 ἀπὸ
1813 4479 1915 4532 τῶν

2021 4481 2186 4549 ipsum
2233 4482 2507 4544 vehentes,
2539 4484 2784 4537 nimirum
2829 4483 3218 4549 Scripturarum
3264 4493 3540 4535 sermones

356 4569 620 4639 δένδρων,
655 4568 740 4619 ἵνα
778 4567 1038 4636 βαίνωσιν
1072 4568 1285 4621 ἐπὶτῶν
1315 4569 1542 4635 εὐλόγως
1569 4568 1912 4637 ἐκκειμένων.

2020 4570 2139 4621 novi
2190 4581 2239 4623 et
2283 4581 2507 4633 veteres,
2544 4572 2922 4626 exseindantur
2970 4576 3102 4623 rami
3155 4572 3220 4622 de
3257 4570 3540 4623 arboribus

357 4655 630 4706 Δύνανται
659 4652 715 4705 δὲ
746 4654 793 4703 oi
827 4651 1184 4722 προάγοντες,
1218 4653 1308 4705 καὶ
1338 4652 1741 4715 ἀκολουθοῦντες
1772 4652 1917 4722 αὐτῷ

2019 4664 2246 4723 0p0rlet,
2278 4666 2336 4709 ut
2357 4659 2644 4712 ascendant
2676 4673 2834 4727 super
2867 4674 2928 4713 ea
2959 4673 3075 4727 qua:
3115 4656 3307 4711 rati0ui
3347 4670 3539 4711 conve-

356 4743 508 4810 δχλοι
530 4740 721 4809 δηλοῦν
744 4739 958 4798 καὶτὰς
979 4738 1273 4803 άγγελικάς
1295 4741 1622 4811 συνεργείας,
1645 4739 1792 4803 τινάς
1818 4741 1912 4810 μὲν

2019 4748 2219 4801 nienler
2246 4758 2366 4802 sunt
2408 4751 2664 4817 exposita.
2690 4749 2949 4805 Caeterum
2982 4749 3337 4816 praecedentes
3363 4747 3537 4812 ipsum

356 4830 518 4900 εὔτρε
528 4828 785 4890 πιζούσας
804 4827 959 4895 αύτῷ
978 4826 1084 4892 τὴν
1108 4826 1220 4877 όδδν
1239 4830 1294 4879 ὲν
1314 4833 1429 4891 ταῖς
1450 4829 1643 4897 ψυχαῖς
1658 4828 1828 4897 ἡμῶν,
1849 4829 1913 4881 δι’

2020 4851 2082 4891 ac
2105 4845 2381 4905 sequentes
2414 4839 2580 4892 turbas
2603 4839 2870 4892 declarare
2899 4844 3122 4904 possunt
3154 4831 3421 4898 angelicas
3449 4846 3539 4884 co.

352 4912 432 4969 ὧν
490 4915 651 4966 αύταὶ
704 4914 814 4984 (75)
870 4911 1278 4980 κεκόσμηνται·
1318 4915 1473 4968 τινῶν
1528 4914 1584 4966 δὲ
1624 4916 1917 4969 ἐπακολου-

2021 4922 2353 4985 operutiones
2390 4937 2404 4972 :
2436 4923 2699 4989 aliquibus
2732 4922 2943 4990 quidem
2994 4914 3420 4985 praeparantihus
3461 4914 3539 4969 illi

351 5000 592 5054 θοῦντων
616 5002 681 5068 τῇ
708 4998 877 5052 αὐτοῦ
903 5000 967 5049 ὲν
1004 4997 1139 5064 ἡμῖν
1171 5002 1454 5071 παρουσία,
1485 5001 1611 5070 περὶ
1636 4996 1703 5070 ἧς
1729 5004 1921 5057 πολλά.

2021 5007 2157 5060 viam
2193 5008 2246 5060 in
2273 5010 2547 5063 animabus
2573 5010 2789 5070 nostris,
2814 5007 3004 5075 quibus
3033 5004 3128 5070 ipsi
3159 5003 3539 5061 houesteutur;

349 5107 439 5151 κις
459 5088 741 5157 είρηκὸτες
764 5087 863 5139 νῦν
906 5085 998 5143 είς
1023 5083 1177 5135 τοῦτο
1207 5088 1517 5159 μαρτυριῶν
1545 5089 1605 5140 οῦ
1630 5089 1915 5161 χρῄζομεν.

2022 5095 2280 5163 aliquibus
2309 5111 2432 5150 vero
2460 5100 2738 5151 adventum
2767 5097 2933 5164 ipsius
2974 5083 3112 5144 intra
3139 5103 3235 5141 nos
3272 5092 3551 5157 sequeutf.

415 5178 464 5209 ”
494 5177 510 5228 Ι
538 5175 660 5229 Cor.
693 5190 749 5236 ιι,
786 5172 878 5234 16,
924 5170 1022 5221 12.
1097 5170 1142 5201 ’⁸
1164 5170 1319 5226 Cant.
1348 5192 1383 5237 ι,
1414 5177 1498 5230 15.

413 5264 647 5344 (⁷0)..οὐ
666 5255 1478 5344 μφνρζιδξξῆςὲροξζευχῆς
1507 5268 1541 5318 δ
1557 5265 1753 5344 ,οτκοε
1774 5268 1950 5344 πάϊ--
2025 5269 2577 5344 ιιθειιιενληξδινιέδεῖγ
2607 5266 2715 5334 ἔχει
2745 5266 2776 5335 ἢ
2811 5264 2920 5344 έκεξ
2947 5258 3128 5344 ss“??-

339 5322 470 5394 τωξν.
508 5322 598 5382 Sic
628 5322 795 5380 codex
827 5322 1188 5377 Burneianus}
1240 5322 1468 5400 Regius,
1503 5332 1662 5401 μόνον
1710 5322 1765 5385 δὲ
1823 5336 1921 5406 τῆς

339 5397 642 5444 ποοσευνῆς
661 5391 808 5444 οἶκος
836 5391 909 5441 οὐ
939 5388 1180 5444 πάντως.

2025 5322 2199 5409 melii)
2224 5322 2667 5405 'Codex'oRegius:
2692 5322 3138 5399 σαξρηνιζομένης,
3169 5322 3325 5376 male.

2089 5408 2198 5444 HM
2224 5407 2398 5444 Iinalm:
2443 5404 2651 5444 Rnnius-
2679 5400 2900 5444 οὐρανὸν
2932 5393 3075 5444 ὅθεν.
3113 5391 3272 5443 male.

338 5391 642 5480 πρόσευκῇς
661 5391 808 5452 οἶκος
836 5391 909 5441 οὐ
930 5391 1180 5465 ,πάντως-
1326 5391 1354 5400 ⁷
1448 5391 1458 5397 ⁷
1503 5391 1516 5401 ’
1883 5391 1922 5406 ”
2099 5391 2198 5473 ἼᾹ)
2224 5407 2399 5458 Codex
2441 5391 2653 5472 Regius;
2679 5403 2739 5453 ού
2772 5391 2782 5399 ’
2812 5391 2900 5451 νὺν
2932 5391 3084 5457 ὅθεν,
3113 5391 3272 5443 malo.

403 5465 515 5543 i212
547 5462 717 5543 ἐρύξει
738 5456 1372 5543 Ψδὲῗῗῖηέῗεὲξὶἶαιο
1442 5533 1453 5543 ,
1554 5532 1594 5543 _
1652 5536 1680 5543 __
1717 5537 1729 5543 _
2089 5412 2200 5543 (γε)
2231 5474 2371 5528 ldetn
2415 5474 2600 5537 codex,
2631 5418 2810 5534 att-cx,
2840 5464 3005 5520 male.

428 5466 515 5530 71)
548 5465 717 5516 Codex
738 5465 1114 5514 Bodleranus,
1141 5465 1372 5521 δέξεται.

396 5465 513 5603 (72)
547 5526 818 5587 7632:2624-
839 5522 987 5586 ἔχει
1013 5521 1213 5580 ταῦτα.
1233 5529 1331 5585 Sic
1359 5533 1525 5588 codex
1553 5532 1922 5604 Bodleianus;
