3880 6308
316 236 417 290 559

1701 224 2015 280 ORIGENIS

3427 232 3535 284 360

316 348 443 401 bus.
467 345 581 411 Qua
620 344 684 396 de
706 354 763 394 re
793 339 985 406 smpins
1010 352 1129 392 cum
1166 337 1591 401 disseruerimus,
1617 353 1758 392 nunc
1775 340 1839 391 ad

1947 338 2048 392 Καὶ
2075 336 2212 408 τάχα
2235 338 2331 391 οὐκ
2361 337 2564 404 ἀλόγως
2593 333 2696 406 ινφ
2730 336 2926 389 εῐκασα
2960 334 3074 404 (76)
3100 333 3206 396 τάς
3235 340 3523 408 περιστάο

319 438 418 490 hoc
445 434 660 487 testibus
682 445 781 481 non
800 442 1034 496 egemus.
1049 428 1125 481 Ac
1142 427 1365 481 fortasse
1380 441 1482 481 non
1509 428 1601 482 abs
1624 442 1680 480 re
1707 429 1841 482 assi-

319 521 493 573 milari
518 518 676 570 asiute
697 530 852 568 voces
873 530 988 581 qua:
1010 516 1470 568 circumsteterunt
1509 514 1840 575 Sermonem,

316 611 568 662 ducentes
601 604 768 671 ipsum
815 604 880 655 ad
930 603 1159 654 animam
1193 619 1206 654 :
1239 616 1359 654 nam
1405 611 1459 656 et
1491 602 1690 655 animal
1726 614 1843 654 esse

316 696 460 748 asina
491 707 650 748 onera
678 703 915 760 gestans,
945 700 996 743 et
1046 690 1263 743 multum
1308 692 1556 758 ponderis
1602 705 1843 757 onusque

316 795 493 849 grave,
537 779 837 832 declaratur
873 792 937 831 ex
990 775 1288 844 Scriptura,
1318 778 1608 845 praesertim
1639 776 1843 830 Veteris

315 868 675 930 lustrumcuti,
697 877 754 919 ut
779 865 1111 934 perspicuum
1141 875 1221 918 est
1246 865 1542 932 inspicienti
1567 880 1681 933 qua:
1705 863 1841 933 apud

315 954 523 1010 Iudaeos
562 956 712 1008 ﬁunt.
740 955 841 1008 Sed
887 970 991 1008 nou
1026 954 1103 1007 sic
1148 954 1336 1021 pullus.
1372 966 1427 1006 ut
1471 956 1637 1014 asina.
1675 961 1845 1020 gestat

315 1056 478 1095 onera
509 1056 523 1092 :
551 1042 790 1109 quamvis
820 1041 960 1094 enim
999 1054 1158 1108 grave
1186 1042 1255 1093 sit
1282 1056 1439 1094 omne
1487 1056 1620 1094 Onus
1651 1042 1842 1095 littera:

318 1146 420 1184 non
442 1131 736 1184 valentibus
767 1130 838 1191 id,
877 1129 1015 1196 quod
1044 1130 1261 1196 spiritus
1288 1132 1463 1196 hahet,
1488 1146 1698 1184 sursum
1728 1140 1843 1185 ten-

317 1221 469 1283 dens,
507 1234 573 1271 ac
617 1219 938 1271 levissimum
984 1231 1195 1284 capere,
1228 1219 1404 1271 minus
1445 1229 1621 1273 tamen
1668 1218 1845 1272 oneris

318 1310 487 1371 habet.
520 1307 936 1361 lustrumentum
982 1306 1179 1360 Novum
1212 1324 1369 1376 quam
1406 1308 1585 1362 Vetus.
1621 1308 1846 1362 Proinde

316 1398 571 1466 quosdam
610 1396 751 1461 novi,
788 1395 876 1465 qui
920 1398 1123 1451 asinam
1172 1398 1382 1464 quidem
1415 1397 1679 1465 alligatam
1726 1413 1846 1452 esse

318 1488 794 1554 interpretarentur
842 1500 909 1540 ex
942 1487 1349 1543 circumcisione
1391 1488 1686 1551 credentes,
1716 1501 1846 1555 quos

317 1592 346 1629 a
379 1576 556 1630 multis
599 1576 825 1630 vinculis
875 1576 1160 1630 solvissent
1192 1576 1242 1629 hi
1277 1576 1367 1644 qui
1400 1576 1606 1630 sincere
1640 1592 1732 1644 per
1760 1576 1845 1630 Fi-

1942 444 2037 487 σας
2068 427 2245 494 φωνάς
2273 426 2362 477 τὸν
2390 427 2584 492 ἄγοντα
2623 425 2782 476 αὐτὸν
2810 423 2923 492 (77)
2953 425 3033 486 είς
3066 423 3168 491 τὴν
3210 421 3411 493 ψυχὴν
3439 424 3527 477 λό-

1939 529 2063 579 γον·
2096 512 2388 582 ἀχθοφόρον
2415 513 2521 581 γάρ
2557 512 2616 563 τὸ
2645 511 2801 574 ζῶον,
2842 510 2977 562 πολὺ
3019 508 3079 560 δὲ
3110 508 3171 560 τὸ
3209 508 3394 577 ἄχθος
3427 511 3525 563 καὶ

1939 603 2151 672 φορτίον
2184 602 2317 671 βαρὺ
2348 602 2591 671 δηλοῦται
2618 601 2723 654 ἀπὸ
2748 601 2845 669 τῆς
2878 598 3102 661 λέξεως,
3141 598 3238 650 καὶ
3267 600 3529 666 μάλιστα

1939 691 2036 759 τῆς
2076 690 2451 761 παλαιοτέρας,
2494 691 2569 753 ὡς
2600 691 2757 759 δῆλον
2800 690 2880 758 τῷ
2927 690 3211 758 ἐφιστάντι
3241 692 3373 751 τοῖς
3417 688 3531 740 ὑπὸ

1952 780 2213 833 Ἰουδαίων
2254 780 2569 849 γινομένοις.
2614 780 2724 848 Οὐχ
2759 778 2932 841 οὕτως
2969 778 3026 830 δὲ
3065 779 3094 829 ὁ
3128 776 3321 839 πῶλος
3353 776 3533 845 ἀχθο-

1940 870 2123 939 φόρος,
2152 868 2226 931 ὡς
2254 871 2287 938 ἡ
2319 869 2463 930 δνος·
2494 870 2541 920 εί
2572 868 2676 938 γάρ
2701 869 2795 921 καὶ
2825 867 2963 937 βαρὺ
2987 868 3095 919 πᾶν
3121 865 3183 918 τὸ
3205 865 3314 918 τοῦ
3339 867 3535 935 γράμ-

1944 972 2107 1025 ματος
2134 957 2345 1026 φορτίον
2375 957 2507 1019 ἐστὶ,
2537 956 2598 1008 τὸ
2621 955 2897 1026 ἀνὼφορον
2920 955 3016 1007 καὶ
3043 953 3398 1021 κουφότατον
3430 954 3534 1007 τοῦ

1941 1046 2240 1113 πνεύματος
2281 1046 2471 1113 χωρεῖν
2508 1043 2582 1113 μὴ
2618 1044 2967 1113 δυναμένοις,
3007 1042 3145 1094 ἀλλά
3182 1058 3247 1109 γε
3288 1042 3536 1096 ἔλαττον

1941 1131 2052 1200 ἔχει
2094 1131 2253 1200 βάρος
2294 1131 2355 1182 τὸ
2398 1131 2577 1183 καινὸν
2623 1131 2856 1200 γράμμα
2900 1130 3053 1200 παρά
3083 1130 3144 1182 τὸ
3194 1129 3537 1199 πρεσὸύτι-

1943 1238 2053 1292 ρον.
2100 1220 2226 1274 Οίδα
2266 1220 2320 1271 δέ
2368 1236 2516 1283 τινας
2568 1221 2666 1291 τὴν
2715 1222 2811 1290 μὲν
2858 1220 3145 1290 δεδεμένην
3192 1219 3333 1273 ὄνον
3395 1223 3547 1288 ἐξει-

1942 1311 2175 1380 ληφότας
2227 1312 2348 1373 τοὺς
2392 1312 2456 1362 ἐκ
2508 1310 2811 1380 περιτομῆς
2857 1309 3247 1372 πιστεύοντας,
3315 1312 3546 1365 πολλῶν

1940 1399 2149 1469 δεσμῶν
2202 1398 2303 1451 ὑπὸ
2346 1398 2454 1450 τῶν
2504 1398 2740 1467 γνησίως
2791 1397 2870 1467 τῷ
2919 1397 3063 1467 λόγῳ
3118 1401 3541 1465 πνευματικῶς

1947 1486 2432 1557 μεμαθητευμένων
2474 1485 2906 1554 ἀπολυομένους,
2943 1484 3035 1537 τὸν
3064 1485 3123 1538 δὲ
3169 1485 3354 1537 πῶλον
3390 1488 3529 1548 τοὺς

1944 1574 2050 1627 ἀπὸ
2098 1574 2205 1625 τῶν
2255 1573 2451 1635 ἐθνῶν,
2506 1572 2726 1634 άνέτους
2778 1572 2906 1641 πρὶν
2956 1572 3371 1642 παραδέξωνται
3422 1571 3525 1625 τδν

319 1665 445 1718 lium
498 1665 587 1719 Dei
637 1665 984 1731 spiritualiter
1015 1666 1188 1719 edocti
1218 1666 1402 1729 fuere;
1446 1666 1645 1732 pullum
1697 1680 1840 1730 vero,

1958 1662 2127 1733 Ἰησοῦ
2164 1663 2335 1729 λόγον,
2388 1662 2479 1715 καὶ
2521 1660 2624 1723 ἔξω
2673 1661 2874 1723 παντὸς
2925 1661 3264 1730 ἐπικειμένου
3313 1661 3522 1729 ζυγοῦ,

318 1753 561 1821 gentiles,
589 1753 676 1817 qui
704 1761 987 1820 antequam
1014 1752 1136 1807 Jesu
1163 1766 1459 1806 sermonem
1489 1752 1839 1820 susciperent,

318 1853 467 1896 extra
515 1856 669 1896 omne
717 1842 1023 1909 impositum
1059 1843 1244 1912 jugum
1302 1842 1655 1904 exsistentes,
1705 1842 1844 1896 nullo

319 1930 700 1983 coercebantur
744 1928 917 1992 freno,
949 1930 1038 1982 sed
1084 1928 1242 1982 soluti
1280 1936 1432 1980 erant
1469 1942 1532 1981 ac
1564 1927 1844 1995 voluptatis

319 2027 579 2070 amantes.
598 2017 845 2083 Quamvis
865 2023 1038 2069 autem
1061 2016 1110 2068 hi
1137 2030 1239 2070 non
1263 2014 1605 2069 disseruerint
1625 2013 1687 2068 de
1711 2027 1845 2080 pra:-

320 2105 626 2159 cedentibus
664 2114 716 2155 et
741 2103 1084 2172 sequentibus
1118 2103 1312 2166 turbis,
1354 2119 1459 2158 non
1496 2100 1843 2169 improbabile

320 2202 497 2248 tamen
555 2193 710 2248 fuerit
752 2193 929 2247 dicere
966 2193 1321 2257 praecedentes
1374 2206 1491 2247 esse
1549 2190 1762 2261 Moysen
1792 2198 1845 2243 et

318 2283 605 2352 prophetas
631 2298 646 2347 ;
676 2289 956 2350 sequentes
1006 2296 1152 2346 vero,
1182 2291 1399 2336 sanctos
1448 2280 1749 2348 apostolos:
1780 2279 1843 2332 de

317 2374 509 2441 quibus
536 2372 801 2433 omnibus,
831 2384 991 2437 quam
1019 2370 1377 2439 ingrediantur
1399 2369 1840 2438 Hierosolymam,

319 2468 374 2513 et
407 2460 459 2512 in
491 2474 648 2526 quant
680 2458 891 2513 domum
940 2457 1216 2511 habentem
1248 2457 1437 2511 multos
1482 2457 1765 2510 vendentes
1790 2463 1845 2509 et

320 2558 563 2604 ementes
591 2549 836 2616 expulsos
865 2564 892 2601 a
915 2548 1049 2601 Filio
1072 2546 1185 2611 Dei,
1203 2556 1456 2613 quantum
1483 2546 1547 2598 ad
1572 2547 1711 2599 hunc
1726 2559 1843 2598 ser-

324 2650 532 2689 monem
560 2644 786 2702 spectat,
804 2636 1147 2704 qutcrendum
1165 2645 1265 2688 est.
1287 2634 1350 2688 Et
1378 2635 1602 2689 fortasse
1616 2648 1840 2702 superna

322 2723 616 2780 Jerusalem
636 2725 785 2794 191
806 2726 870 2778 ad
891 2741 1050 2793 quam
1075 2725 1326 2781 ascendet
1350 2725 1624 2788 Dominus,
1652 2723 1845 2792 aurigae

324 2817 493 2870 instar
515 2816 710 2870 ducens
742 2828 833 2868 eos
853 2815 942 2882 qui
970 2829 1035 2869 ex
1062 2813 1465 2868 circumcisione
1493 2822 1545 2867 et
1578 2827 1640 2866 ex
1672 2811 1844 2880 genti-

321 2904 421 2960 bus
447 2905 704 2969 credunt;
736 2902 1155 2968 precedentibus
1181 2917 1300 2956 eum
1330 2910 1382 2955 et
1398 2900 1735 2969 sequentibus
1764 2900 1842 2952 vel

323 2992 593 3060 prophetis
620 3000 674 3045 et
719 2990 1000 3059 apostolis,
1035 2988 1115 3043 vel
1152 2989 1579 3042 ministrantibus
1607 2987 1706 3054 ipsi
1752 3001 1842 3040 an-

324 3080 456 3148 gelis
491 3080 737 3146 (possunt
779 3080 972 3146 quippe
1026 3077 1097 3129 ita
1146 3076 1336 3144 exponi
1366 3090 1428 3128 ex
1460 3075 1526 3128 iis
1552 3074 1641 3142 qui
1673 3074 1846 3141 ipsum

268 3158 275 3164 ’
324 3168 625 3236 praecedunt
668 3176 724 3220 et
763 3165 1114 3235 sequuntur);
1144 3178 1393 3232 superna,
1434 3164 1669 3230 inquam,
1695 3159 1849 3214 Jeru-

326 3259 489 3311 salem
524 3269 662 3310 nuuc
693 3258 798 3312 dici
826 3266 997 3325 potest
1021 3269 1137 3324 qum
1184 3264 1308 3307 ante
1357 3254 1525 3322 ipsius
1558 3265 1839 3305 ascensum

327 3361 390 3401 ea
421 3346 728 3399 continebat
759 3360 878 3413 qua:
923 3345 1173 3397 dicuntur
1220 3361 1237 3392 ι
1278 3341 1573 3409 spiritualia
1606 3339 1851 3405 nequitia:

328 3436 383 3489 in
429 3432 736 3487 ctelestibus
790 3432 859 3495 ’⁷,
919 3449 937 3482 ι
971 3431 1219 3483 nimirum
1268 3430 1346 3480 vel
1400 3429 1747 3488 Chananzeos,
1797 3436 1850 3479 et

328 3523 615 3586 Chettmos,
646 3528 702 3573 et
729 3519 1090 3581 Amorrhatos,
1121 3525 1175 3569 et
1222 3518 1401 3569 hostes
1428 3514 1630 3584 populi,
1655 3524 1709 3568 et
1737 3529 1852 3565 om-

332 3610 462 3664 nino
485 3608 687 3662 alienos
711 3648 728 3673 ,
756 3622 879 3661 cum
911 3606 1017 3660 illic
1042 3607 1203 3660 etiam
1251 3605 1425 3669 aliquo
1458 3602 1613 3656 modo
1644 3600 1850 3666 impleri

333 3711 509 3770 posset
558 3698 831 3768 pr0phetia
868 3699 1093 3751 dicens:
1132 3714 1149 3746 ι
1184 3695 1349 3748 Terra
1386 3702 1557 3748 vestra
1605 3694 1808 3746 deserta
1835 3728 1852 3750 ,

329 3791 575 3845 civitates
631 3796 821 3841 vestra-
886 3787 990 3853 igni
1060 3797 1325 3839 succensae
1379 3799 1394 3834 :
1450 3782 1619 3850 ipsam
1670 3779 1853 3848 regio-

330 3894 450 3935 nem
492 3888 718 3932 vestram
781 3890 957 3930 coram
1011 3876 1155 3928 vobis
1208 3871 1367 3925 alieni
1406 3873 1666 3924 devorant
1710 3868 1777 3919 ⁸³.
1827 3884 1846 3917 ι

330 3970 395 4024 lli
434 3969 574 4023 enim
626 3977 748 4021 sunt
800 3965 890 4033 qui
931 3962 1199 4018 etelestem
1252 3960 1427 4013 Patris
1477 3959 1713 4021 domum,
1767 3954 1855 4010 Je-

336 4058 569 4113 rusalem
637 4063 877 4110 sanctam
922 4090 938 4116 ,
993 4052 1205 4104 domum
1272 4046 1593 4114 precationis
1666 4045 1856 4113 inqui-

331 4156 515 4200 nantes
552 4182 569 4207 ,
618 4143 924 4212 speluncam
998 4139 1159 4191 etiam
1229 4137 1471 4189 iecerunt
1532 4135 1794 4187 latronum
1835 4173 1850 4199 ,

1947 1750 2082 1804 κατά
2119 1751 2179 1802 τὸ
2212 1750 2593 1819 ἀφηνιαστικὸν
2627 1750 2721 1800 καὶ
2767 1749 3044 1818 φιλήδονον
3082 1749 3520 1818 γεγενημένους.

1946 1840 2009 1891 Et
2047 1840 2139 1891 καὶ⁵
2174 1838 2246 1908 μὴ
2288 1840 2534 1908 εἰρήκασι
2570 1836 2625 1889 δὲ
2663 1830 2807 1889 οῦτοι
2851 1839 2977 1899 τοὺς
3025 1836 3369 1906 προάγοντας
3398 1837 3523 1906 (78)

1947 1928 2038 1980 καὶ
2104 1925 2519 1988 ἀκολουθοῦντας
2587 1925 2808 1993 ὄχλους,
2868 1926 2967 1977 οὐκ
3026 1924 3283 1977 ἀπίθανόν
3356 1926 3522 1976 ἐστιν

1947 2018 2243 2087 ἐφαρμόσαι
2295 2017 2418 2078 τοὺς
2470 2016 2567 2085 μὲν
2600 2014 2940 2085 προάγοντας
2976 2014 3198 2066 Μωῦσεῖ
3240 2011 3342 2063 καὶ
3394 2015 3522 2073 τοῖς

1948 2106 2279 2175 προφήταις,
2333 2105 2455 2166 τοὺς
2505 2103 2560 2155 δὲ
2608 2100 3101 2162 ἐπακολουθοῦντας
3163 2102 3274 2161 τοῖς
3339 2100 3522 2169 ἱεροῖς

1948 2195 2289 2256 ἀποστόλοις’
2324 2194 2515 2255 οἵτινες
2560 2192 2795 2253 ἅπαντες
2852 2191 3183 2260 εἰσέρχονται
3226 2190 3309 2251 εἰς
3354 2188 3526 2240 ποίαν

1959 2283 2312 2353 Ἰεροσόλυμα,
2373 2284 2493 2335 ὅσον
2544 2281 2684 2335 κατὰ
2742 2278 2927 2333 τοῦτον
2982 2279 3075 2332 τὸν
3132 2279 3292 2346 λόγον
3350 2275 3530 2346 ζητη-

1947 2373 2083 2437 τέον,
2140 2374 2232 2425 καὶ
2287 2368 2429 2425 οἶκον
2480 2372 2571 2424 τὸν
2624 2370 2732 2441 (79)
2792 2369 2983 2440 ἔχοντα
3042 2367 3373 2429 πωλοῦντας
3430 2368 3533 2418 καὶ

1948 2460 2307 2533 ἀγοράζοντας
2371 2460 2596 2524 πολλοὺς
2683 2459 3139 2529 ἐξελαυνομένους
3231 2455 3349 2509 ὑπὸ
3436 2454 3535 2506 τοῦ

1949 2550 2076 2603 Υίοῦ
2130 2548 2221 2601 τοῦ
2281 2542 2435 2601 θεοῦ.
2493 2548 2603 2600 Kal.
2656 2548 2796 2617 τάχα
2867 2550 2901 2618 ἡ
2952 2547 3067 2601 ἀνω
3133 2544 3538 2616 Ἰερουσαλὴμ,

1949 2641 2026 2703 είς
2076 2638 2141 2709 ἢν
2189 2636 2568 2690 ἀναϐιὸἀσεται
2621 2639 2650 2689 ὁ
2702 2637 2926 2706 Κύριος,
2985 2635 3225 2705 ἡνιοχῶν
3294 2634 3425 2696 τοὺς
3480 2634 3548 2684 ἐκ

1949 2721 2260 2791 περιτομῆς,
2276 2723 2369 2775 καὶ
2386 2722 2552 2774 ἐθνῶν
2576 2722 2945 2784 πιστεύοντας,
2959 2722 3344 2791 προαγόντων
3360 2720 3549 2784 αὑτὸν,

1948 2810 2040 2861 καὶ
2069 2807 2512 2875 ἀκολουθούντων,
2546 2809 2663 2879 ῆτοι
2691 2808 3008 2879 προφητῶν,
3045 2811 3143 2863 καὶ
3184 2810 3553 2872 ἀποστόλων,

1948 2895 1981 2965 ἢ
2030 2896 2135 2946 τῶν
2183 2894 2564 2950 διακονούντων
2606 2897 2755 2969 αὐτῷ
2811 2898 3065 2965 ἀγγέλων
3091 2899 3213 2969 (80)
3265 2900 3548 2968 (δύνανται

1947 2983 2053 3053 γὰρ
2078 2986 2169 3038 καὶ
2199 2985 2337 3038 οῦτω
2380 2985 2666 3055 δηλοῦσθαι
2710 2987 2818 3039 ἀπὸ
2866 2988 2978 3041 τῶν
3013 2990 3404 3059 προαγόντων,
3440 2993 3534 3043 καὶ

1947 3072 2368 3129 ἀκολουθούντων
2402 3074 2602 3145 αὐτῷ)’
2650 3075 2865 3142 λέγεται
2909 3077 3007 3130 νῦν
3041 3078 3076 3147 ἢ
3113 3074 3227 3150 εἶχε
3273 3080 3389 3150 πρὸ
3430 3080 3531 3149 τῆς

1948 3162 2130 3215 ἀνόδου
2158 3161 2318 3215 αὐτοῦ
2363 3162 2430 3216 τά
2465 3163 2729 3232 λεγόμενα
2765 3183 2783 3215 ι
2812 3168 3172 3236 πνευματικά
3210 3167 3316 3237 τῆς
3360 3185 3532 3236 πονη-

1952 3251 2067 3319 ρίας
2103 3252 2158 3303 ἐν
2191 3252 2299 3312 τοῖς
2344 3252 2700 3321 ἐπουρανίοις,
2727 3272 2747 3305 ι
2770 3254 2807 3323 ἡ
2833 3255 2963 3317 τοὺς
3008 3257 3389 3322 Χαναναίους,
3440 3257 3537 3309 καὶ

1948 3339 2252 3401 Χετταίους,
2282 3342 2374 3393 καὶ
2411 3341 2787 3411 Ἀμορραίους,
2824 3343 2921 3395 καὶ
2957 3346 3090 3409 τοὺς
3116 3346 3348 3410 λοιποὺς
3376 3348 3539 3400 πολε-

1953 3428 2103 3497 μίους
2145 3427 2235 3480 τοῦ
2282 3426 2429 3490 λαοῦ,
2473 3430 2567 3481 καὶ
2610 3428 2946 3504 ἁπαξαπλῶς
3000 3434 3135 3496 τοὺς
3185 3433 3541 3504 ἀλλοτρίους,

1950 3518 2109 3568 κάκεῖ
2144 3532 2256 3577 πως
2289 3516 2588 3586 δυναμένης
2617 3500 2714 3585 τῆς
2748 3520 3096 3588 προφητείας
3132 3500 3542 3592 πεπληρῶσθαι

1949 3602 2235 3673 λεγούσης·
2274 3622 2293 3654 t
2327 3604 2389 3656 Ἡ
2423 3605 2493 3673 γῆ
2540 3606 2690 3674 ὑμῶν
2737 3605 2968 3676 ἕρημος,
3022 3608 3083 3661 αἱ
3135 3610 3331 3672 πόλεις
3384 3608 3547 3679 ὑμῶν

1952 3692 2316 3761 πυρίκαυστοι,
2365 3692 2462 3760 τὴν
2515 3693 2693 3763 χώραν
2724 3693 2878 3763 ὑμῶν
2923 3695 3164 3750 ἐνώπιον
3191 3698 3359 3768 ὑμῶν
3391 3697 3552 3750 ἀλλό-

1949 3797 2087 3848 τριοι
2128 3779 2495 3832 κατεσθίουσιν
2532 3783 2715 3849 αὐτήν.
2746 3800 2765 3832 ι
2806 3775 2970 3836 Οὗτοι
3001 3785 3116 3856 γάρ
3161 3789 3312 3840 εἰσιν
3359 3788 3420 3838 oi.
3458 3786 3555 3837 τὸν

1951 3868 2193 3937 οὐράνιον
2224 3866 2314 3920 τοῦ
2362 3868 2571 3937 Πατρὸς
2601 3866 2767 3933 οἷκον,
2802 3870 2903 3941 τὴν
2942 3873 3110 3939 ἀγίαν
3152 3872 3558 3945 Ἰερουσαλὴμ,

1950 3957 2039 4008 τὸν
2065 3952 2208 4009 οἷκον
2240 3957 2334 4026 τῆς
2378 3959 2681 4028 προσευχῆς
2731 3959 3076 4028 μολύνοντες,
3120 3966 3225 4018 καὶ
3272 3963 3564 4033 σπήλαιον

1953 4044 2159 4116 λῃστῶν
2205 4047 2542 4115 ποιήσαντες,
2585 4049 2682 4100 οὐκ
2726 4049 2899 4103 ἄλλων
2927 4050 2961 4120 ἢ
2992 4053 3243 4116 ἑαυτῶν,
3280 4052 3571 4122 ἀργύριον

1953 4133 2159 4201 ἔχοντες
2186 4132 2457 4202 ἀδόκιμον,
2493 4136 2585 4187 καὶ
2619 4136 2849 4200 διδόντες
2879 4138 3129 4203 ὀϐολοὺς.
3163 4144 3277 4196 καὶ
3316 4140 3576 4193 κόλλυϐα

334 4250 438 4288 non
470 4234 697 4285 aliorum
723 4243 880 4298 quam
908 4227 988 4281 sui
1035 4226 1287 4294 ipsorum,
1317 4224 1407 4291 qui
1452 4230 1729 4291 argentum
1756 4221 1847 4274 ba-

1954 4225 2064 4283 τοῖς
2092 4220 2420 4290 προσιοῦσιν,
2468 4223 2657 4293 εὐτελῆ
2707 4226 2801 4277 καὶ
2839 4226 3333 4299 εὐκαταφρόνητα
3370 4229 3579 4300 νομίσ-

332 4323 460 4374 bent
485 4318 858 4379 adulteratum,
889 4314 1076 4367 dantes
1121 4310 1494 4364 accedentibus
1538 4309 1722 4363 obolos
1750 4348 1767 4374 ,
1801 4316 1853 4363 et

333 4408 562 4477 collyba,
592 4405 713 4459 vilia
740 4414 794 4458 et
824 4399 1238 4469 contemptibilia
1266 4398 1603 4451 numistnata.
1641 4396 1703 4451 lli
1731 4404 1855 4449 sunt

332 4497 426 4565 qui
451 4497 574 4550 dum
602 4508 721 4547 cum
765 4491 1045 4545 animabus
1094 4491 1377 4550 luctantur,
1426 4484 1736 4555 pretiosiora
1788 4486 1855 4539 ab

333 4586 440 4642 illis
497 4582 741 4638 auferunt
803 4579 1278 4649 depratdanturque
1331 4574 1736 4643 praestantiora,
1796 4580 1856 4625 ut

333 4679 463 4734 dent
489 4690 554 4730 ea
580 4687 698 4741 qua:
730 4670 929 4726 nullius
958 4677 1084 4723 sunt
1123 4667 1300 4735 pretii.
1333 4665 1580 4719 Attamen
1631 4663 1852 4730 profecti

333 4763 580 4833 discipuli
614 4761 888 4815 inveniunt
915 4759 1119 4812 asinam
1155 4757 1422 4825 alligatam
1451 4792 1467 4817 ,
1517 4762 1572 4807 et
1601 4766 1705 4805 non
1752 4752 1850 4806 ha-

336 4857 548 4911 bentem
577 4850 783 4913 Iesum,
816 4856 1031 4917 propter
1057 4846 1363 4911 impositum
1389 4841 1487 4910 legi
1514 4839 1774 4903 velamen,
1803 4846 1857 4893 et

335 4947 563 5003 solvunt.
591 4941 729 5006 Quin
754 4938 1021 4992 invenitur
1045 4944 1100 4989 et
1125 4934 1300 5002 pullus
1323 4946 1442 4985 cum
1475 4942 1535 4982 ea
1560 4944 1575 4982 ;
1604 4928 1852 4995 quoniam

337 5045 566 5101 utraque
593 5038 716 5084 ante
743 5028 923 5083 Jesnm
945 5025 1216 5094 perierant
1241 5038 1258 5076 :
1284 5020 1405 5075 dico
1430 5027 1606 5071 autem
1635 5024 1740 5069 tam
1762 5030 1856 5069 eos

405 5146 450 5178 υτ
485 5144 676 5212 Ephcs.
710 5157 784 5203 τι,
814 5140 898 5194 ιε.
991 5139 1035 5169 οι
1069 5136 1188 5190 Isai.
1218 5149 1257 5197 ι,
1286 5133 1339 5186 7.

428 5230 516 5299 7(5)
541 5229 717 5299 podex
739 5228 954 5299 Regius,
984 5226 1189 5299 είκασε,
1216 5221 1371 5276 male.

431 5295 519 5363 77')
541 5296 703 5362 Idem,
731 5295 916 5363 αὑτάς,
941 5296 1093 5363 male.

411 5355 519 5432 ('78)
543 5355 719 5432 Codex
747 5355 939 5432 Regius
955 5401 972 5425 ,
1000 5361 1123 5420 τοὺς
1151 5357 1479 5432 προάγοντας
1502 5355 1703 5432 Minuci,
1729 5360 1856 5432 et_c_..

343 5420 524 5496 sicque
549 5429 710 5482 multa
734 5420 909 5483 omisit
939 5420 1058 5497 qua:
1106 5440 1170 5479 ex
1195 5420 1507 5478 'Dodleiano
1545 5423 1727 5476 codice
1774 5420 1861 5471 hic

347 5499 705 5551 restituuntur.

1961 4327 2119 4380 ματα.
2160 4305 2313 4363 Οὗτοί
2365 4311 2501 4363 εἰσιν
2538 4313 2587 4365 οἱ
2626 4312 2991 4383 λαμϐάνοντες
3030 4317 3141 4369 ἀπὸ
3192 4320 3324 4373 τῶν
3352 4318 3586 4387 ψυχῶν.

1957 4401 2013 4452 ὲν
2042 4398 2114 4468 τῷ
2139 4399 2381 4451 παλαίειν
2408 4400 2617 4465 αὑταῖς,
2650 4402 2719 4455 τά
2747 4402 3074 4474 τιμιώτερα,
3107 4407 3225 4460 καὶ
3263 4406 3489 4459 συλῶσι
3518 4405 3594 4457 τὰ

1958 4485 2252 4557 κρείττονα,
2264 4488 2348 4540 ἵνα
2363 4487 2491 4540 δῶσι
2506 4489 2574 4542 τὰ
2592 4491 2819 4562 μηδενὸς
2836 4492 2979 4556 ἀξια.
2999 4493 3146 4563 Πλὴν
3166 4495 3598 4568 πορευθέντες

1956 4576 2004 4627 οἱ
2029 4574 2261 4645 μαθηταὶ
2288 4576 2599 4645 εὑρίσκουσι
2618 4580 2716 4652 τὴν
2737 4581 3025 4653 δεδεμένην
3048 4582 3224 4647 ὄνον,
3257 4585 3366 4639 καὶ
3388 4583 3598 4638 λύουσι

1957 4663 2043 4715 διά
2085 4663 2146 4715 τὸ
2185 4665 2536 4735 ἐπικείμενον,
2567 4671 2835 4743 κάλυμμα
2870 4670 2947 4740 τῷ
2984 4671 3135 4741 νόμῳ
3221 4673 3459 4744 Ἰησοῦν
3493 4672 3606 4724 οὐκ

1956 4750 2207 4822 ἔχουσαν
2238 4754 2330 4806 καὶ
2380 4756 2408 4807 ὁ
2452 4757 2636 4825 πῶλος
2680 4761 2737 4815 δέ
2780 4759 2896 4829 μετ’
2946 4759 3114 4828 αὐτῆς
3171 4762 3550 4834 εὑρίσκεται
3576 4771 3591 4785 ⁸

1958 4840 2078 4892 ἐπεὶ
2105 4841 2386 4912 ἀμφότερα
2410 4847 2521 4918 πρὸ
2563 4852 2744 4925 Ἰησοῦ
2777 4849 2885 4919 (81)
2908 4842 2977 4917 ῆν
3015 4847 3407 4907 ἀπολωλότα⁸
3437 4847 3591 4916 λέγω

1958 4928 2014 4980 δὲ
2043 4931 2092 4981 oi
2129 4931 2192 4982 ἐκ
2223 4937 2551 5010 περιτομῆς.
2593 4946 2692 5001 καὶ
2721 4944 2770 4998 οἱ
2816 4936 2920 4992 ἀπὸ
2951 4936 3060 4990 τῶν
3093 4938 3286 4997 ἐθνῶν
3336 4940 3579 5007 ὕστερον

1961 5018 2360 5086 πιστεύσαντες.
2395 5026 2529 5096 Πῶς
2559 5034 2623 5091 δὲ
2652 5034 2795 5097 οὗτοι
2819 5026 2975 5089 εὐθὺς
2999 5026 3169 5083 πάλιν
3202 5028 3581 5088 ἀποστέλλονο

1966 5216 2145 5355 Reg'ig).
2170 5219 2281 5272 Καὶ
2312 5220 2495 5283 οἷκον
2527 5242 2672 5301 τόν,
2722 5241 2840 5303 “me
2867 5224 3245 5281 desiderantur
3277 5227 3334 5280 in
3369 5220 3571 5278 codice

2171 5354 2358 5449 9.919"
2394 5365 2647 5449 “fitting.
2685 5386 2784 5449 ἀπ’
2811 5360 3258 5449 ἒἺῪὲῖΫΫνζΪἮ1⁰⁶

2035 5421 2144 5491 (8t)
2175 5422 2325 5482 Idem
2359 5421 2772 5534 coda-":5;
2813 5421 3027 5504 ἦῆὶιοῦν,
3048 5421 3218 5484 male.
