3880 6168
406 278 525 336 ﬁlii

1535 286 1878 343 COMMENT.
1925 285 1989 338 ΙΝ
2029 282 2214 339 ΙΟΑΝ.
2259 288 2490 345 TUMUS
2526 288 2595 343 Χ.

3531 290 3634 343 362

438 416 529 456 ται
556 399 689 467 μετά
716 397 777 451 τὸ
811 399 1249 457 ὲπικαθεσθέντα
1276 404 1367 458 τδν
1408 406 1610 476 Ἰησοῦν
1630 407 1709 468 είς
1735 404 1800 457 τὰ
1841 406 1995 474 Ἰερο⁴

2103 404 2191 472 qui
2227 420 2291 459 ex
2342 406 2757 460 circumcisione
2804 419 2961 476 quam
3009 419 3101 460 eos
3132 412 3222 474 qui
3272 420 3334 460 ex
3390 407 3634 476 gentibus

447 490 645 559 σόλυμα
685 488 1104 560 ἀναϐεϐηκέναι,
1137 494 1237 547 οὐκ
1267 495 1541 548 ἀκίνδυνον
1581 497 1768 559 εἰπεῖν,
1809 512 1994 564 μυστι-

452 580 542 633 κὸν
569 579 675 648 γάρ
708 578 964 648 ἐχόμενον
993 581 1094 650 τῆς
1127 582 1254 651 περὶ
1285 582 1391 635 τῶν
1426 584 1591 651 ἀγίων
1622 585 1701 647 είς
1736 583 1993 651 ἀγγέλους

454 668 766 741 μεταϐολῆς,
793 668 1336 740 ἀποσταλησομένους
1370 671 1509 725 κατὰ
1531 673 1618 726 τὸν
1649 673 1781 743 μετά
1812 671 1992 725 τοῦτον

449 758 636 818 αἰῶνα,
667 756 1065 827 παραπλησίως
1097 760 1210 820 τοῖς
1238 760 1319 822 είς
1346 758 1611 812 διακονίαν
1635 759 1994 831 ἀποσταλησο-

450 846 626 917 μένοις
644 845 825 898 λειτου
835 849 1040 916 ργικοίς
1063 846 1330 916 πνεύμασι
1349 848 1434 900 διὰ
1454 849 1576 912 τοὺς
1596 849 1731 902 κατά
1746 866 1807 917 γε
1825 849 1994 902 ταῦτα

448 936 736 1006 μέλλοντας
752 936 1103 1007 κληρονομεῖν
1128 935 1270 1005 ζωὴν
1290 936 1519 991 αἰώνιον.
1538 939 1598 991 Ei
1620 939 1675 992 δὲ
1700 941 1731 1008 ὴ
1762 939 1879 1001 δνος
1903 940 1995 992 καὶ

444 1027 473 1078 6
504 1024 680 1087 πῶλος
709 1024 783 1078 τά
814 1024 1019 1078 παλαιά
1048 1026 1141 1078 καὶ
1170 1026 1237 1079 τά
1272 1026 1427 1079 καινά
1462 1027 1544 1097 εἴη
1571 1028 1885 1097 γράμματα,
1915 1021 1994 1089 οἷς

442 1116 473 1169 6
491 1114 663 1182 Λόγος
701 1115 910 1185 ὀχεῖται
938 1115 1030 1167 τοῦ
1060 1114 1215 1180 Θεοῦ,
1256 1117 1317 1168 οὐ
1359 1117 1494 1170 πάνυ
1522 1135 1572 1169 τι
1596 1117 1820 1187 χαλεπὸν
1847 1116 1993 1169 ἔσται

442 1202 794 1273 παραστῆσαι
830 1203 947 1265 πῶς
976 1203 1388 1258 ἀποστέλλονται
1415 1204 1507 1258 τοῦ
1531 1206 1700 1272 Λόγου
1733 1207 1790 1259 ἐν
1818 1209 1994 1269 αὐτοῖς

442 1292 721 1362 φανέντος,
756 1293 819 1345 ού
853 1292 922 1364 [Ῑ.
952 1293 1094 1365 οὐδὲ]
1138 1295 1350 1364 μένουσι
1379 1295 1514 1365 μετά
1547 1296 1607 1349 τὸ
1638 1297 1890 1350 εἰσελθεῖν
1916 1301 1994 1361 είς

452 1382 803 1452 Ἰεροσόλυμα
837 1383 927 1436 τὸν
958 1384 1126 1451 Λόγον
1155 1386 1211 1437 ὲν
1236 1389 1344 1449 τοῖς
1371 1386 1763 1459 ἀποϐεϐληκόσι
1792 1389 1994 1453 πάντας

442 1473 565 1535 τοὺς
597 1472 944 1536 πωλοῦντας,
981 1475 1074 1526 καὶ
1120 1474 1480 1542 ἀγοράζοντας
1516 1477 1816 1547 λογισμούς.
1857 1479 1995 1547 Ἐγὼ

437 1561 496 1615 δὲ
514 1556 669 1631 οἶμαι
700 1562 776 1631 μὴ
812 1563 986 1633 μάτην
1015 1562 1203 1634 κώμην
1227 1582 1285 1616 τε
1315 1560 1448 1617 εἶναι
1477 1566 1564 1618 τὸν
1593 1567 1752 1620 τόπον
1783 1567 1994 1634 τοῦτον,

439 1651 570 1704 ὅπου
608 1647 679 1721 ἦν
718 1653 753 1721 ἠ
797 1651 1053 1721 δεδεμένη
1097 1654 1234 1716 δνος,
1268 1656 1360 1707 καὶ
1392 1654 1420 1706 6
1467 1656 1660 1720 πῶλος,
1703 1658 1795 1711 καὶ
1840 1658 1995 1710 τοῦτο

440 1739 721 1809 ἀνώνυμον
741 1756 755 1770 ο
792 1739 953 1810 κώμη
976 1740 1084 1812 γὰρ
1109 1741 1181 1804 ὡς
1214 1742 1349 1812 πρὸς
1389 1743 1477 1795 τὸν
1506 1745 1562 1797 ὲν
1585 1746 1794 1816 οὐρανῷ
1826 1748 1996 1800 πάντα

442 1829 642 1901 κόσμον
684 1831 720 1901 ἡ
755 1830 909 1883 πᾶσά
951 1832 1064 1883 ἐστι
1104 1832 1197 1900 γῆ,
1243 1834 1372 1885 ὅπου
1422 1835 1585 1898 ἐστὶν,
1620 1837 1650 1904 ἠ
1685 1836 1933 1907 δεδεμένη
1961 1840 1994 1908 ἡ

442 1919 558 1981 ὄνος
599 1919 695 1971 καὶ
738 1921 768 1971 ό
821 1918 1028 1980 πῶλος·
1070 1918 1162 1970 καὶ
1210 1920 1243 1989 ἡ
1295 1919 1452 1989 κώμη
1505 1920 1786 1990 αὐτάρκως
1834 1925 1995 1991 χωρὶς

445 2010 758 2080 προσθήκης
780 2009 966 2080 ἐτέρου
989 2010 1245 2079 ὀνόματος
1270 2010 1592 2081 καλουμένη.
1627 2012 1757 2064 Ἀπὸ
1785 2012 1997 2082 Βηθφα-

446 2101 546 2170 γῆς
569 2100 626 2154 δὲ
672 2102 702 2153 6
742 2099 1020 2161 Ματθαῖός
1050 2116 1210 2169 φησιν
1243 2100 1651 2154 ἀποστέλλεσθαι
1676 2102 1800 2165 τοὺς
1824 2119 1996 2173 παρα-

447 2190 781 2263 ληψομένους
824 2190 926 2260 τὴν
954 2190 1076 2244 δνον
1107 2191 1201 2243 καὶ
1246 2190 1338 2243 τὸν
1378 2189 1570 2254 πῶλον,
1599 2192 1719 2261 ἥτις
1746 2192 1906 2255 τόπος
1929 2188 1995 2262 ἦν

448 2280 733 2352 ίερατικὸς,
818 2272 993 2342 Οἶκος
1026 2278 1324 2345 σιαγόνων
1400 2280 1838 2351 ἑρμηνευόμενος.
1890 2282 1996 2335 Καὶ

446 2369 612 2421 ταῦτα
656 2368 756 2438 μὲν
785 2365 930 2420 κατά
970 2367 1194 2437 δύναμιν
1236 2368 1313 2430 είς
1357 2365 1425 2419 τά
1463 2366 1610 2436 παρά
1633 2365 1710 2435 τῷ
1739 2365 1997 2436 Ματθαίῳ

449 2459 677 2522 λεκτέον,
702 2457 799 2510 τοῦ
825 2457 1115 2528 ὁλοκλήρου
1140 2458 1232 2510 καὶ
1258 2454 1405 2525 παρά
1427 2455 1595 2509 ταῦτα
1615 2454 1994 2526 ἀκριϐεστέρου

448 2548 599 2616 λόγου
651 2546 1065 2617 εὐκαιρότερον,
1116 2546 1243 2599 ὅταν
1291 2546 1370 2608 είς
1421 2544 1481 2597 τὸ
1528 2543 1667 2597 κατά
1723 2543 1995 2597 Ματθαῖον

448 2639 573 2708 ἡμῖν
601 2637 781 2705 λέγειν
818 2634 965 2705 δοθῇ,
987 2635 1391 2705 λεχθησομένου.
1431 2634 1490 2687 '0
1519 2632 1575 2687 δὲ
1605 2634 1824 2706 Μάρκος
1849 2633 1942 2686 καὶ
1966 2635 1994 2685 6

447 2727 652 2789 Λουκᾶς
678 2725 855 2778 πῶλον
881 2723 1177 2794 δεδεμένον,
1202 2724 1284 2791 ἐφ’
1304 2724 1362 2777 6v
1387 2723 1557 2785 οὐδείς
1588 2737 1674 2775 πω
1702 2721 1994 2792 ἀνθρώπων

449 2812 713 2875 ἐκάθισεν,
757 2810 1026 2881 εὑρῆσθαί
1068 2827 1196 2880 φησι
1242 2809 1380 2863 κατά
1421 2811 1518 2881 τὴν
1566 2808 1851 2882 πρόσταξιν
1901 2808 1992 2861 τοῦ

447 2902 643 2971 Κυρίου
674 2902 780 2954 ὑπὸ
805 2900 915 2953 τῶν
957 2899 1049 2952 δύο
1081 2899 1351 2970 μαθητῶν,
1384 2898 1560 2952 ὅντινα
1589 2898 1840 2961 λύσαντες
1864 2900 1995 2967 ἠγα-

2095 502 2273 560 postea
2341 495 2707 549 crediderunt.
2770 493 2965 549 Verum
3026 496 3301 550 enimvero
3367 499 3635 565 quomodo

2098 597 2216 636 mox
2250 598 2432 637 rursus
2464 584 2516 637 bi
2556 585 2858 649 mittuntur,
2885 595 3158 654 postquam
3191 586 3421 641 insidens
3471 583 3638 639 asinae

2099 669 2358 724 Dominus
2402 669 2791 741 Jerosolymam
2840 676 3119 739 ascendit,
3155 674 3256 729 dici
3310 690 3413 730 non
3462 691 3636 750 potesx

2096 763 2210 817 sine
2267 763 2528 830 periculo,
2577 777 2666 817 res
2702 764 2897 834 alioqui
2935 765 3155 836 mystica
3183 806 3198 832 ,
3250 775 3303 818 ct
3346 765 3629 834 conjuncta

2097 852 2377 908 mutationi
2415 862 2723 907 sanctorum
2757 853 2810 906 in
2845 855 3064 922 angelos
3111 854 3396 908 mittendos
3445 855 3495 907 in
3546 853 3629 906 fu-

2099 954 2217 998 turo
2245 943 2456 1006 saeculo,
2491 943 2712 1012 perinde
2738 952 2897 1013 atque
2927 942 3002 997 illi
3048 943 3492 999 administratorii
3524 945 3634 1012 spi-

2098 1032 2234 1086 ritus
2259 1032 2325 1097 ⁸⁶,
2357 1032 2447 1101 qui
2497 1032 2778 1086 mittuntur
2823 1031 2877 1085 in
2912 1031 3262 1086 ministerium
3310 1046 3492 1086 eorum
3539 1033 3629 1098 qui

2097 1121 2460 1176 hmretlitatem
2513 1121 2806 1175 sortientur
2832 1122 2954 1175 vita:
2987 1130 3199 1175 aeterna:
3230 1132 3447 1190 propter
3494 1124 3627 1176 lucc.

2098 1206 2244 1272 Quod
2294 1209 2338 1261 si
2395 1208 2540 1260 asina
2596 1216 2649 1261 ct
2707 1206 2878 1273 pullus
2929 1205 3120 1258 litterae
3150 1214 3362 1259 veteres
3395 1216 3447 1259 et
3478 1217 3631 1258 nova:

2097 1306 2217 1352 sunt
2246 1335 2260 1361 ,
2306 1297 2496 1364 quibus
2527 1294 2714 1349 Sermo
2743 1295 2829 1350 ille
2878 1295 2966 1349 Dei
3001 1280 3232 1356 vellitur,
3273 1294 3410 1361 baud
3443 1295 3629 1348 admoo

2099 1386 2220 1441 dum
2253 1385 2466 1441 dillicilc
2503 1384 2660 1438 fuerit
2687 1385 2967 1439 ostendere
2991 1424 3004 1449 ,
3056 1393 3334 1453 postquam
3380 1384 3633 1438 insederit

2099 1489 2256 1542 super
2284 1475 2390 1528 illis
2429 1473 2639 1539 Sermo,
2665 1483 2717 1528 et
2745 1482 3023 1542 postquam
3057 1474 3328 1541 ingressus
3353 1472 3513 1526 fuerit
3539 1472 3633 1526 Je-

2100 1564 2442 1634 rosolymam,
2500 1563 2766 1631 quomodo
2818 1562 3156 1616 remittantur
3201 1577 3305 1615 non
3360 1573 3633 1614 manentes

2101 1656 2243 1709 inter
2276 1668 2369 1709 eos
2418 1653 2506 1723 qui
2552 1654 2823 1723 eiecerunt
2868 1668 2897 1706 a
2949 1666 3006 1706 se
3051 1652 3400 1720 cogitationes
3446 1666 3634 1706 omnes

2097 1745 2385 1797 vendentes
2431 1752 2484 1796 et
2515 1751 2774 1797 ementes.
2808 1740 3058 1796 Arbitror
3093 1755 3220 1796 vero
3248 1754 3346 1809 ego
3372 1756 3478 1794 non
3515 1740 3629 1794 fru-

2095 1844 2203 1886 stra
2241 1834 2401 1887 etiam
2434 1833 2631 1899 vicum,
2658 1846 2884 1901 eumque
2908 1832 3025 1885 sine
3054 1833 3285 1893 nomine,
3317 1846 3432 1884 esse
3452 1831 3629 1886 locum

2095 1923 2260 1987 hunc,
2290 1922 2377 1976 ubi
2405 1922 2613 1991 alligata
2645 1923 2792 1976 asina
2834 1931 2950 1975 erat
2979 1930 3033 1974 et
3061 1922 3255 1989 pullus.
3292 1919 3453 1973 Vicus
3486 1920 3628 1974 enim

2096 2012 2495 2080 comparatione
2550 2012 2714 2065 totius
2743 2022 2986 2071 ornatus.
3016 2012 3106 2078 qui
3137 2018 3217 2064 est
3243 2011 3293 2063 in
3326 2009 3482 2072 etelo,
3514 2010 3633 2063 uni-

2095 2114 2249 2154 versa
2277 2113 2360 2154 est
2392 2109 2554 2165 terra,
2588 2100 2674 2153 ubi
2703 2109 2780 2154 est
2822 2099 3036 2168 alligata
3067 2099 3215 2154 asina
3244 2107 3296 2152 ct
3327 2098 3498 2168 pullus
3533 2113 3548 2150 :
3579 2106 3634 2150 et

2097 2193 2246 2245 vicus
2278 2200 2564 2245 contentus
2596 2191 2775 2246 vocari
2824 2191 3022 2258 absque
3071 2190 3364 2257 adiectione
3408 2188 3631 2244 alterius

2096 2281 2348 2335 nominis.
2382 2281 2421 2333 Α
2454 2279 2760 2349 Bethphage
2782 2295 2908 2333 vero
2937 2278 3215 2332 Mattbmus
3237 2279 3408 2347 inquit
3432 2277 3475 2309 ⁸⁷
3503 2277 3633 2331 mis-

2095 2383 2180 2422 sos
2210 2367 2364 2437 192
2396 2366 2577 2431 fuisse,
2607 2368 2696 2435 qui
2726 2373 3058 2420 assumerent
3088 2364 3291 2418 asinam
3322 2373 3371 2417 et
3407 2350 3648 2431 pullunt.‘

2100 2457 2241 2511 Sane
2271 2458 2384 2511 haec
2413 2457 2717 2526 Betbpbage
2768 2456 2914 2509 locus
2961 2464 3045 2509 est
3072 2452 3438 2519 sacerdotalis,
3469 2465 3627 2523 quem

2094 2545 2139 2600 si
2209 2545 2576 2614 interpreteris
2605 2584 2620 2608 ,
2671 2558 2865 2598 vocare
2907 2544 3081 2613 possis
3129 2543 3336 2596 domum
3384 2542 3629 2595 maxilla-

2095 2648 2229 2686 rum.
2265 2632 2330 2685 Et
2360 2632 2469 2686 haze
2491 2631 2703 2700 quidem
2735 2630 3038 2693 habuimus,
3086 2641 3205 2697 qua:
3248 2627 3631 2681 dissereremus

2095 2738 2190 2792 pro
2219 2721 2359 2776 virili
2392 2722 2458 2776 de
2488 2721 2574 2776 bis
2616 2735 2734 2790 qua:
2763 2729 2886 2774 sunt
2935 2718 3075 2788 apud
3122 2715 3428 2770 Matthaeum
3458 2730 3475 2781 ;
3511 2716 3630 2783 ple-

2094 2814 2295 2868 niorem
2347 2820 2507 2880 atque
2562 2810 2948 2864 accuratiorem
3002 2820 3306 2862 sermonem
3366 2802 3627 2865 habituri,

2095 2905 2235 2959 nacti
2254 2900 2668 2957 commodiorem
2686 2898 3025 2952 occasionem
3046 2894 3430 2963 interpretandi
3456 2894 3628 2947 Evan-

447 3008 538 3059 γον
572 2991 708 3062 πρὸς
737 2990 831 3043 τὸν
880 2989 1101 3060 Κύριον.
1155 2987 1480 3058 Προστίθησι
1506 2989 1561 3040 δὲ
1588 2990 1617 3040 6
1642 2990 1881 3059 Μάρκος,
1911 2990 1991 3041 ὅτι

2096 2992 2285 3062 gelium
2309 3005 2339 3043 a
2370 2988 2616 3042 Mattha‘o
2649 2988 2921 3042 traditum.
2952 2986 3024 3039 At
3053 2984 3262 3038 Marcus
3289 2992 3342 3037 et
3372 2982 3546 3037 Lucas
3578 2981 3624 3014 ⁸³

450 3077 599 3152 εὗρον
636 3081 729 3133 τὸν
768 3080 946 3132 πῶλον
973 3078 1250 3147 δεδεμένον
1278 3078 1412 3150 πρὸς
1440 3077 1604 3147 θύραν
1632 3077 1734 3142 ἔξω
1781 3080 1871 3132 ἐπὶ
1901 3079 1993 3133 τοῦ

2096 3080 2292 3149 pullum
2320 3077 2589 3146 alligatum
2614 3114 2632 3142 ,
2661 3088 2820 3142 super
2861 3087 3017 3142 quem
3057 3071 3231 3125 nullus
3258 3084 3489 3138 unquam
3525 3070 3624 3122 bo-

450 3171 703 3239 ἀμφόδου.
749 3171 846 3230 Τίς
895 3169 952 3221 δὲ
1001 3168 1133 3234 ἔξως
1163 3169 1212 3219 οί
1245 3167 1351 3220 ἀπὸ
1394 3166 1500 3219 τῶν
1540 3166 1725 3229 ἐθνῶν,
1765 3168 1813 3220 οἳ
1857 3163 1995 3237 ἦσαν

2093 3170 2294 3222 minum
2343 3165 2611 3228 sedisset,
2673 3171 2943 3231 repertum
2996 3160 3180 3214 dicunt
3218 3158 3368 3226 juxta
3416 3156 3622 3211 Domini

455 3254 586 3317 ξένοι
617 3254 726 3306 τῶν
768 3253 1074 3324 Διαθηκῶν,
1105 3254 1197 3306 καὶ
1229 3254 1489 3322 ἀλλότριοι
1546 3254 1639 3322 τῆς
1673 3254 1993 3321 ἐπαγγελίας

2096 3257 2381 3326 iussionem
2409 3270 2438 3308 a
2468 3254 2674 3308 duobus
2716 3249 3027 3316 discipulis,
3058 3260 3214 3315 quem
3266 3246 3497 3301 solutum
3552 3246 3619 3297 ad

447 3343 536 3395 τοῦ
559 3343 714 3408 Θεοῦ,
759 3342 853 3394 ἐπὶ
880 3342 974 3395 τοῦ
1016 3344 1276 3411 ἀμφόδου,
1308 3344 1400 3395 καὶ
1430 3343 1549 3411 οὐχὶ
1592 3342 1694 3394 ὑπὸ
1736 3342 1928 3411 στέγην
1959 3342 1992 3411 ἢ

334 3437 361 3457 ⁶
450 3431 618 3484 οἰκίαν
640 3432 1060 3501 ἀναπαυόμενοι,
1081 3431 1345 3505 δεδεμένοι
1371 3432 1488 3492 ταῖς
1514 3429 1665 3492 ἰδίαις
1688 3430 1992 3500 ἁμαρτίαις,

453 3522 541 3574 καὶ
568 3522 814 3591 λυόμενοι
842 3522 945 3574 ὑπὸ
984 3521 1081 3590 τῆς
1123 3521 1517 3592 προειρημένης
1559 3521 1748 3589 διπλῆς
1781 3520 1996 3587 ὲπιστή-

457 3629 555 3681 μης
574 3611 681 3664 τῶν
724 3610 899 3676 Ἰησοῦ
926 3611 1233 3681 γνωρίμων.
1265 3612 1328 3663 Οί
1359 3609 1412 3661 δὲ
1442 3610 1629 3678 δεσμοὶ
1661 3608 1751 3661 τοῦ
1780 3608 1995 3678 δεδεμέ-

452 3719 537 3754 νου
567 3702 767 3769 πώλου,
798 3703 892 3755 καὶ
925 3703 981 3754 αί
1027 3701 1287 3773 ἁμαρτίαι
1330 3701 1455 3770 περὶ
1493 3700 1600 3768 (82)
1627 3700 1716 3751 τὸν
1747 3699 1872 3767 ὑγιῆ
1905 3715 1994 3766 γε·

452 3793 736 3862 γενημέναι
762 3792 923 3860 λόγον
953 3791 1297 3860 ὲλεγχόμεναι
1327 3791 1416 3842 ὑπ’
1444 3786 1629 3851 αὑτοῦ,
1661 3788 1827 3857 θύρας
1868 3806 1995 3856 τυγ-

453 3881 693 3949 χάνοντος
719 3878 885 3951 ζωῆς,
917 3880 1051 3949 πρὸς
1075 3880 1287 3949 ἐκείνην
1316 3878 1455 3946 λέγω
1484 3878 1547 3948 δὴ
1577 3877 1673 3947 τῆς
1704 3876 1869 3946 θύρας
1887 3872 1991 3946 (85)

452 3965 581 4038 ἦσαν
610 3972 708 4023 οὐκ
735 3969 904 4032 ἔνδον,
935 3967 1047 4020 ἀλλ’
1075 3967 1178 4030 ἔξω
1196 3984 1208 3997 ·
1241 3967 1380 4036 τάχα
1403 3966 1509 4036 γὰρ
1541 3964 1682 4018 ἔνδον
1713 3965 1808 4033 τῆς
1830 3964 1995 4035 θύρας

452 4060 639 4129 δεσμὸς
662 4057 916 4127 γενέσθαι
956 4058 1055 4126 τῆς
1098 4058 1292 4119 κακίας
1340 4058 1400 4108 ού
1435 4055 1671 4107 δύναται.
1708 4055 1993 4124 Ἐστήκασι

452 4149 505 4202 δέ
542 4167 683 4212 τινες
728 4149 882 4219 παρὰ
930 4147 1009 4217 τῷ
1061 4147 1322 4216 δεδεμένῳ
1369 4145 1550 4214 πώλῳ,
1589 4144 1663 4207 ὡς
1714 4146 1742 4196 6
1774 4143 1995 4214 Μάρκος

455 4241 640 4310 φησὶν,
688 4236 865 4309 οἴμαι,
896 4240 978 4291 ὅτι
1020 4240 1068 4290 οί
1115 4238 1371 4307 δήσαντες
1414 4237 1609 4297 αὐτὸν,
1665 4236 1738 4297 ὼς
1787 4237 1995 4299 Λουκᾶς

2094 3346 2372 3400 Dominum
2408 3341 2672 3395 duxerint.
2709 3337 2869 3392 Addit
2900 3345 3076 3391 autem
3108 3335 3319 3389 Marcus
3357 3342 3624 3402 repertum

2094 3435 2294 3504 pullum
2330 3432 2605 3502 alligatum
2656 3430 2721 3483 ad
2767 3429 2989 3497 januam
3045 3414 3176 3481 foris
3212 3425 3264 3479 in
3321 3426 3485 3481 bivio.
3520 3422 3625 3477 Sed

2092 3526 2210 3594 quis
2242 3524 2371 3578 foris
2398 3530 2537 3590 erat,
2573 3520 2673 3575 nisi
2697 3519 2941 3590 gentiles,
2971 3516 3213 3571 extranei
3243 3530 3272 3568 a
3313 3514 3628 3569 Testamen-

2094 3618 2181 3678 tis,
2213 3623 2267 3665 et
2303 3610 2461 3666 alieni
2516 3626 2543 3664 a
2588 3610 2947 3680 promissione
2982 3607 3072 3661 Dei
3101 3608 3178 3670 υς
3222 3606 3274 3658 in
3305 3605 3473 3669 bivio,
3520 3620 3623 3657 non

2090 3707 2187 3761 sub
2223 3715 2362 3759 tecto
2389 3706 2613 3756 domore
2644 3701 3053 3769 acquiescentes
3078 3737 3094 3761 ,
3134 3695 3365 3765 prepriis
3393 3697 3626 3761 peccatis

2089 3794 2271 3852 vincti,
2303 3803 2355 3844 et
2386 3788 2543 3844 soluti
2572 3803 2601 3840 a
2628 3787 2881 3856 prmdicta
2915 3784 3114 3851 duplici
3139 3782 3361 3837 scientia
3390 3782 3625 3833 familia-

2092 3882 2228 3934 rium
2278 3877 2450 3931 Iesu?
2501 3873 2722 3930 Vincula
2754 3888 2884 3928 vero
2930 3871 3163 3941 alligatas
3206 3870 3391 3948 asinis,
3418 3877 3475 3923 et
3509 3884 3626 3938 pec-

2092 3976 2207 4022 cata
2245 3967 2379 4020 facta
2437 3965 2579 4018 circa
2633 3978 2816 4017 sanam
2871 3961 3166 4016 doctrinam
3215 3959 3498 4027 redarguta
3558 3960 3626 4011 ab

2093 4057 2228 4124 ipso,
2262 4055 2351 4123 qui
2385 4064 2503 4107 erat
2544 4050 2709 4120 janua
2741 4050 2862 4104 vita:
2892 4049 2961 4110 '°,
2994 4056 3234 4117 respectu
3285 4046 3426 4100 illius
3449 4045 3626 4113 janu:e

2095 4146 2236 4208 vitae,
2267 4159 2369 4197 non
2413 4151 2566 4196 erant
2597 4142 2736 4193 intra
2766 4136 3006 4206 januam,
3045 4137 3137 4191 sed
3170 4135 3317 4188 foris.
3349 4132 3480 4186 Nam
3518 4132 3626 4186 for-

2095 4234 2256 4288 tassis
2284 4233 2420 4285 intra
2450 4229 2667 4298 januam
2713 4227 2826 4282 fieri
2868 4226 3056 4294 nequit
3094 4223 3362 4277 vinculum
3408 4221 3625 4277 vitiosi-

454 4306 772 4401 ἀναγράφει,
818 4326 980 4382 εἶπαν
1025 4328 1073 4381 οί
1115 4326 1290 4397 κύριοι
1330 4326 1421 4378 τοῦ
1470 4325 1645 4378 πώλου
1688 4324 1820 4395 πρὸς
1869 4327 1991 4388 τοὺς

2096 4325 2239 4376 tatis.
2274 4320 2554 4374 Steterunt
2583 4324 2779 4379 autem,
2829 4322 2885 4367 ut
2930 4312 3139 4367 Marcus
3169 4310 3377 4373 scribit,
3411 4310 3625 4378 quidam

457 4418 712 4488 μαθητάς
764 4418 870 4470 «Τί
914 4416 1069 4469 λύετε
1112 4416 1203 4468 τὸν
1254 4414 1497 4479 πῶλονμ
1544 4413 1733 4484 Κύριοι
1781 4415 1887 4484 γὰρ
1941 4415 1990 4467 οί

454 4508 828 4571 ύποτάξαντες,
860 4507 955 4559 καὶ
980 4506 1238 4574 δήσαντες
1264 4504 1352 4556 τὸν
1378 4504 1744 4574 ἡμαρτηκότα,
1770 4505 1994 4573 παράνο-

456 4613 558 4665 μοι.
575 4597 768 4660 οἵτινες
794 4597 856 4649 οὐ
888 4594 1136 4648 δύνανται
1156 4592 1463 4661 ἀντιϐλέψαι
1486 4591 1562 4662 τῷ
1584 4592 1792 4662 ἀληθῶς
1806 4593 1992 4663 Κυρίῳ

449 4682 730 4749 ἀφέλκοντι
778 4680 875 4734 τοῦ
926 4677 1124 4749 δεσμοῦ
1174 4678 1349 4731 αὐτῶν
1384 4678 1474 4731 τὸν
1514 4677 1706 4731 πῶλον.
1742 4680 1861 4732 Ὅτι
1903 4675 1994 4734 οὖν

453 4788 607 4839 φασιν
632 4775 681 4825 οί
716 4769 988 4841 μαθηταί*
1027 4787 1046 4820 ι
1084 4768 1140 4820 '0
1178 4769 1377 4838 Κύριος
1406 4765 1568 4820 αὐτοῦ
1611 4765 1793 4836 χρείαν
1818 4766 1946 4835 ἔχει,
1970 4786 1988 4817 ι

456 4860 611 4929 μηδὲν
629 4860 967 4930 δυνηθέντων
986 4857 1090 4909 τῶν
1108 4855 1353 4925 πονηρῶν
1373 4855 1573 4925 κυρίων
1591 4854 1991 4925 ἀποκρίνεσθαι,

450 4949 632 5015 ἄγουσι
676 4948 817 5018 πρὸς
858 4946 950 4998 τὸν
1002 4943 1203 5013 Ἰησοῦν
1230 4944 1319 4996 τὸν
1366 4942 1537 4995 πῶλον
1575 4943 1796 5012 γυμνὸν,
1841 4945 1995 5014 ἐπιρ-

450 5038 692 5105 ρίπτουσι
728 5036 825 5089 τὸν
852 5035 980 5087 ίδιον
1010 5033 1226 5101 κόσμον,
1254 5033 1338 5085 ἵνα
1373 5035 1485 5093 τοῖς
1526 5031 1858 5101 ἐπιϐληθεῖσι
1889 5033 1993 5084 τῶν

449 5125 701 5195 μαθητῶν
742 5124 980 5193 ἱματίοις
1010 5122 1378 5183 ὲπικαθεσθεὶς
1406 5123 1433 5173 6
1459 5120 1656 5188 Κύριος
1683 5120 1992 5189 ἀναπαύοη-

444 5228 548 5265 ται.
570 5213 653 5266 Τά
669 5214 727 5266 δὲ
747 5211 915 5265 λοιπὰ
939 5212 1001 5263 ὲκ
1023 5211 1128 5264 τῶν
1151 5211 1445 5281 εἰρημένων
1472 5208 1618 5279 παρά
1644 5207 1721 5276 τῷ
1734 5206 1989 5280 Ματθαίῳ

548 5307 595 5338 ιο
628 5306 797 5362 Hebr,
852 5320 892 5365 ι,
930 5303 1014 5354 Η.
1096 5304 1142 5340 ’⁷
1171 5303 1353 5357 Matth.
1388 5317 1509 5367 χχι,
1544 5303 1597 5365 1,
1623 5300 1682 5351 2.
1766 5299 1811 5329 ⁸⁸
1833 5298 1995 5361 Mare.

2096 5347 2109 5373 ,
2144 5305 2201 5368 2,
2235 5301 2289 5365 4,
2324 5299 2392 5365 7;
2428 5295 2553 5349 an.
2586 5307 2697 5356 XIX,
2722 5289 2812 5355 50,
2850 5287 2941 5352 52,
2968 5286 3058 5341 55.

449 5374 492 5405 ⁸⁸
516 5372 673 5428 Joan.
708 5391 763 5438 ι,
794 5377 853 5427 9.

516 5467 627 5536 (8ἓ)
651 5466 851 5536 (ἔτιςιιειιΔ
872 5460 1209 5536 βυιίίρίαριιε,
1238 5461 1362 5536 περί
1385 5478 1399 5490 ·
1431 5458 1629 5536 Regius
1649 5496 1664 5518 ,
1692 5453 1861 5536 παρά.

519 5518 631 5603 ξεῖν)
664 5518 787 5599 Τῆς
817 5530 1023 5593 θύρας.
1081 5518 1422 5583 Scribendum
1481 5518 1708 5586 videtur,
1755 5518 1850 5589 τὴν
1900 5518 2083 5588 θύραν.

634 5638 639 5645 ·
686 5622 973 5679 Pas-nos.
1013 5616 1123 5678 Gn.
1158 5616 1323 5677 XIV.

2099 4410 2236 4478 apud
2288 4407 2560 4474 alligatum
2609 4403 2847 4472 pullum,
2896 4402 3150 4455 nimirum
3188 4399 3278 4468 qui
3328 4400 3629 4469 ligaverunt

2097 4502 2291 4570 ipsum,
2329 4495 2454 4564 pulli
2491 4493 2711 4559 domini,
2743 4501 2801 4545 ut
2835 4491 3006 4545 Lucas
3034 4489 3243 4554 scribit,
3278 4488 3630 4556 dixeruntque

2098 4591 2165 4645 ad
2180 4585 2469 4654 discipulos
2497 4602 2510 4636 :
2545 4602 2563 4633 ι
2589 4582 2696 4636 Cur
2721 4579 2915 4649 pullum
2944 4577 3185 4632 solvitis?
3207 4596 3224 4627 ι
3250 4575 3460 4629 Domini
3485 4575 3626 4628 enim

2099 4681 2188 4751 qui
2219 4678 2555 4747 subiecerant
2583 4681 2638 4727 et
2657 4672 2954 4741 ligaverant
2981 4676 3338 4735 peccatorem,
3382 4663 3554 4731 iniqui
3576 4671 3629 4713 et

2097 4748 2311 4838 exleges
2343 4773 2487 4827 sunt,
2518 4761 2609 4830 qui
2633 4758 2903 4826 respicere
2933 4761 3203 4821 nequeunt
3232 4752 3285 4803 in
3307 4748 3628 4838 verum‘Do-

2098 4830 2299 4911 minium
2327 4851 2640 4905 Iiberantem
2670 4842 2866 4914 pullum
2902 4856 2930 4894 a
2956 4837 3459 4904 vinculisipsorum.
3492 4830 3629 4896 Quo-

2099 4946 2242 5000 niam
2274 4955 2402 5011 ergo
2435 4937 2680 5005 inquiunt
2711 4928 2956 4999 discipuli
2989 4945 3007 4980 :
3047 4944 3066 4977 ι
3096 4924 3352 5011 Dominus
3379 4919 3471 4972 illo
3496 4931 3629 5011 opus

2100 5032 2285 5096 habet,
2322 5005 2362 5081 »⁷
2378 5025 2507 5079 nihil
2540 5018 2842 5076 valentibus
2882 5014 3060 5083 pravis
3082 5009 3319 5066 dominis’
3341 5005 3628 5073 responde-

2095 5138 2176 5183 re,
2208 5122 2413 5174 ducunt
2461 5114 2525 5167 ad
2574 5111 2749 5165 Jesum
2780 5107 2977 5175 pullum
3017 5104 3238 5161 nudum,
3286 5105 3344 5152 et
3384 5096 3629 5149 subster-

2094 5221 2225 5266 nunt
2250 5206 2514 5278 proprium
2541 5207 2932 5259 ornamentum,
2954 5204 3012 5249 ttt
3042 5194 3253 5264 injectis
3302 5187 3632 5242 vestimentis

3159 5284 3206 5317 ”
3237 5281 3433 5351 Eplies.
3456 5294 3513 5338 tt.
3543 5282 3629 5337 12.
