3880 6180
402 247 499 298 sos
1828 253 2146 308 ORIGENIS
3518 244 3631 297 3M

399 361 770 428 discipulorum
795 362 1029 416 insidens
1050 362 1202 417 Jesus
1230 364 1488 431 quiescat.
1520 365 1722 420 Caetera
1754 382 1814 420 ex
1840 369 1921 422 his

2117 369 2254 420 πάνυ
2287 385 2336 420 τι
2369 369 2517 421 ἔσται
2547 369 2751 435 ἀσαφῆ,
2783 368 2903 419 τίνα
2942 366 3152 436 τρόπον
3196 381 3215 411 ι
3244 361 3521 432 ἔρχονται
3549 362 3634 420 εἰς

396 464 512 516 quae
546 451 684 504 dicta
719 459 841 504 sunt
895 452 1031 519 apud
1069 453 1375 522 Mattlireum
1408 494 1423 520 ,
1480 470 1581 509 non
1634 458 1918 511 admodum

2104 458 2390 529 ροσόλυμα,
2424 460 2516 511 καὶ
2558 456 2809 509 εἰσελθὼν
2851 458 2930 517 είς
2968 454 3033 506 τὸ
3073 452 3222 521 ἱερὸν
3269 450 3495 520 ἧρξατο
3536 450 3632 500 ὲκ-

393 538 613 591 obscura
670 551 873 591 erunt:
912 555 1103 607 nempe
1153 556 1386 609 quonam
1436 554 1591 613 pacto
1647 564 1665 596 ι
1705 547 1921 599 veniunt

2097 550 2229 601 λλειν
2278 552 2402 610 τοὺς
2455 548 2762 609 πωλοῦντας
2834 545 2931 598 xai.
2992 539 3390 613 ἀγοράζοντας
3436 539 3499 590 ὲν
3546 537 3629 607 τῷ

390 626 768 694 Jerosolymam
796 626 862 688 “,
888 636 942 680 et
970 628 1240 697 ingressus
1277 634 1325 683 iu
1354 632 1603 698 templum
1637 635 1798 702 rmpit
1828 633 1922 700 eji-

2098 640 2166 708 ›ᾠ,
2196 661 2214 688 ι
2237 639 2269 708 ἢ
2293 658 2310 689 ι
2340 640 2412 699 ὡς
2443 639 2683 705 ἤγγισεν,
2719 634 2839 688 ίδὼν
2876 635 2975 704 τὴν
3006 632 3185 693 πόλιν,
3219 628 3506 682 ἔκλαυσεν
3535 627 3630 681 ἔπ’

392 728 513 768 cere
565 715 857 769 vendentes
930 725 985 770 et
1037 729 1274 787 ementes
1318 721 1369 772 in
1407 720 1641 788 templo:
1686 740 1704 772 ι
1744 722 1820 775 vel
1854 721 1917 784 ",

2096 729 2204 798 τὴν,
2233 728 2325 780 καὶ
2363 724 2610 778 εἰσελθὼν
2645 726 2723 786 είς
2754 723 2815 775 τὸ
2854 721 3021 790 ἱερὸν,
3060 720 3278 789 ἧρξατο
3319 714 3628 770 ἐκϐάλλειν

393 822 413 852 ‹
455 812 513 855 ιιι
544 804 1012 872 appropinquavit,
1052 806 1277 860 intuitus
1323 809 1618 875 civitatem,
1656 812 1801 865 tlevit
1828 826 1918 865 sn-

2094 834 2139 878 ις
2170 813 2493 874 πωλοῦντας.
2518 832 2534 861 ι
2584 812 2669 863 Ἐν
2696 804 2777 871 οἷς
2807 809 2904 878 μὲν
2938 806 3050 876 γάρ
3081 805 3195 857 τῶν
3235 801 3489 871 ἐχόντων
3508 799 3626 869 (ει)

387 903 482 957 per
528 890 702 957 illam;
738 907 965 960 cumque
1020 895 1294 964 ingressus
1326 908 1470 975 esset
1519 900 1571 951 in
1620 899 1869 967 templum
1900 939 1917 964 ,

2105 905 2243 975 ἱερὸν
2267 906 2324 956 ὲν
2353 904 2551 963 αὐτοῖς,
2594 898 2841 952 ἐκϐάλλει
2871 898 3083 956 πάντας
3111 894 3247 955 τοὺς
3282 889 3628 952 πωλοῦντας

386 982 551 1050 cmpit
578 982 776 1050 ejicere
797 983 1106 1039 vendentes.
1151 1004 1168 1035 ι
1207 986 1260 1038 lu
1293 967 1559 1055 aliquibus
1602 989 1796 1041 etenim
1823 990 1915 1041 ha-

2092 995 2110 1045 δ.
2136 967 2494 1062 άγοράζοντας
2520 992 2575 1041 ὲν
2603 988 2678 1056 τῷ
2710 985 2840 1056 ἱερῷ
2859 1001 2873 1015 ⁸
2911 986 2969 1036 ὲν
3014 982 3235 1053 ἑτέροις
3271 981 3334 1033 δὲ
3375 979 3456 1050 μὴ
3484 978 3624 1047 σφό-

384 1072 631 1125 bentibus
672 1071 726 1125 in
769 1087 826 1125 se
853 1072 1129 1141 templum,
1165 1075 1309 1141 ejit-it
1339 1091 1525 1131 omnes
1552 1079 1836 1132 vendentes
1864 1087 1916 1132 et

2093 1095 2115 1129 ι
2140 1076 2471 1144 πειθομένοις
2503 1073 2577 1142 τῷ
2615 1073 2756 1142 λόγῳ
2785 1070 2876 1123 τοῦ
2920 1069 3056 1122 Θεοῦ
3096 1069 3267 1138 μόνον
3300 1068 3408 1137 τὴν
3440 1066 3625 1136 ἀρχὴν

383 1174 622 1218 ementes
655 1164 710 1217 in
760 1164 990 1232 templo;
1028 1166 1079 1218 in
1123 1166 1242 1219 aliis
1293 1182 1422 1221 vero
1473 1183 1576 1221 non
1633 1169 1914 1222 admodum

2094 1167 2243 1216 ιεῖται
2278 1163 2371 1215 τοῦ
2416 1161 2690 1215 ἐκϐάλλειν
2730 1158 2855 1221 τοὺς
2898 1156 3225 1219 πωλοῦντας
3260 1155 3364 1207 καὶ
3410 1155 3626 1226 άγορά-

377 1252 694 1320 parentibus
740 1253 973 1305 sermoni
1025 1253 1136 1315 Dei,
1173 1264 1376 1308 tantum
1408 1256 1534 1309 facit
1570 1256 1775 1310 initium
1816 1256 1907 1323 ejio

2093 1269 2221 1313 ιτας.
2255 1252 2433 1322 Τρίτοι
2470 1251 2525 1303 δέ
2568 1252 2670 1302 είσι
2707 1247 2857 1317 παρὰ
2882 1246 3134 1309 τούτους,
3182 1248 3246 1297 ὲν
3286 1240 3376 1308 οἷς
3410 1246 3625 1315 ἠρξατο

381 1340 555 1393 ciendi
612 1339 903 1393 vendentes
950 1349 1002 1394 et
1060 1352 1324 1396 eruentes.
1375 1342 1575 1397 Praeter
1635 1345 1732 1399 hos
1788 1359 1913 1398 vero

2091 1340 2289 1392 ϐάλλειν
2318 1339 2508 1408 μόνους
2533 1339 2656 1400 τοὺς
2704 1335 3041 1398 πωλοῦντας,
3077 1334 3206 1403 οὐχὶ
3256 1334 3319 1387 δὲ
3358 1336 3460 1387 καὶ
3489 1336 3623 1399 τοὺς

380 1438 508 1482 sunt
543 1430 700 1482 etiam
744 1432 907 1492 tertii,
958 1434 1007 1483 in
1053 1433 1245 1499 quibus
1293 1436 1453 1500 cmpit
1480 1433 1671 1502 ejicere
1707 1444 1910 1486 tantum

2087 1429 2391 1499 οράζοντας.
2443 1430 2504 1481 Οἱ
2543 1427 2778 1497 δὲπαρά
2821 1426 2901 1495 τῷ
2947 1425 3177 1496 Ἰωάννῃ
3220 1424 3441 1487 πάντες
3495 1424 3619 1495 ἅμα

384 1520 695 1580 vendentes,
734 1519 885 1589 193
920 1535 1022 1573 non
1053 1523 1208 1575 etiam
1246 1531 1505 1576 ementes.
1549 1523 1742 1577 Verum
1772 1525 1911 1591 apud

2088 1523 2123 1583 ἴς
2150 1519 2434 1590 προϐάτοις
2469 1519 2562 1570 καὶ
2592 1521 2700 1580 τοῖς
2734 1516 2887 1586 βουσὶ
2929 1514 3008 1584 τῷ
3042 1515 3320 1567 πλακέντι
3366 1517 3435 1567 ὲκ
3467 1531 3620 1585 σχοι-

378 1607 636 1664 Joannem
687 1610 732 1641 ⁸³
780 1626 964 1665 omnes
1007 1610 1287 1676 ejiciuntur
1323 1611 1529 1679 ﬂagello
1554 1617 1618 1665 ex
1663 1611 1910 1667 funiculis

2083 1627 2137 1663 ov
2161 1610 2461 1680 φραγελλίῳ
2478 1607 2841 1660 ὲκδάλλονται.
2869 1606 3200 1673 Ἐπίστησον
3222 1606 3282 1658 δὲ
3305 1606 3615 1676 ἐπιμελῶς,

378 1696 607 1763 plieato,
666 1712 768 1750 una
817 1712 937 1751 cum
984 1697 1171 1752 o‘vibus
1208 1707 1260 1751 et
1308 1698 1494 1753 bobus.
1535 1699 1740 1766 Inspice
1785 1715 1909 1754 vero

2086 1700 2303 1753 δυνατὸν
2342 1699 2416 1761 ὡς
2457 1698 2551 1760 τάς
2579 1714 2641 1763 γε
2662 1696 2955 1763 ὲναλλαγᾶς
2997 1696 3110 1748 τῶν
3157 1696 3615 1767 γεγραμμένων,

376 1784 661 1852 diligenter
690 1802 756 1838 an
782 1785 1128 1840 alterationes
1175 1802 1349 1839 rerum
1389 1788 1707 1854 scriptarum
1741 1788 1908 1843 disso—

2084 1789 2100 1839 ι
2130 1787 2226 1850 τάς
2257 1786 2547 1855 διαφωνίας
2579 1784 2887 1837 διαλύεσθαι
2933 1784 3086 1854 παρὰ
3116 1784 3215 1837 τὸν
3251 1785 3358 1854 τῆς
3392 1786 3616 1852 ἀναγω-

377 1873 677 1939 ιιειιιιὶίεῳιο
707 1872 920 1926 dissolvi
966 1873 1170 1940 possint
1214 1881 1365 1940 tropo
1398 1874 1687 1942 auagogico
1719 1887 1733 1925 :
1760 1874 1909 1926 nimi-

2081 1893 2107 1938 ς
2133 1876 2347 1945 τρόπον,
2378 1874 2603 1926 ἑκάστου
2633 1872 2737 1925 τῶν
2766 1872 3174 1939 εὐαγγελιστῶν
3198 1872 3326 1940 διαγ
3340 1873 3612 1941 ράῳοντος

375 1976 488 2011 rum
539 1975 857 2029 unoquoque
900 1960 1343 2030 evangelistarum
1395 1962 1634 2015 diversas
1667 1962 1906 2015 actiones

2076 1964 2286 2033 ιφόρους
2321 1963 2410 2015 τοῦ
2447 1962 2616 2029 Λόγου
2663 1961 2943 2032 ἐνεργείας
2991 1961 3051 2013 ὲν
3100 1960 3397 2032 διαφόροις
3448 1961 3608 2032 ἤθεσι

374 2044 648 2103 Sermonis
675 2048 1009 2104 describente
1058 2049 1107 2101 in
1139 2048 1366 2103 diversis
1405 2050 1707 2103 animarum
1737 2050 1901 2104 mori-

2078 2053 2204 2122 χῶν,
2243 2054 2303 2105 οὐ
2342 2054 2407 2105 τὰ
2443 2051 2600 2111 αὑτά,
2644 2050 2785 2103 ἀλλά
2816 2067 2941 2103 τινα
2986 2051 3371 2122 παραπλήσια
3421 2053 3608 2105 ἐπιτε-

371 2136 498 2201 bus,
540 2152 641 2190 non
672 2139 877 2201 eadem,
910 2137 1001 2191 sed
1046 2137 1242 2190 similia
1273 2140 1513 2205 quasdam
1544 2139 1902 2208 perlicieutes.

2073 2141 2215 2203 ύσας.
2252 2142 2359 2193 Καὶ
2396 2142 2428 2209 ἡ
2461 2139 2687 2192 δοκοῦσα
2724 2140 2783 2192 δὲ
2808 2139 3047 2209 διακοπὴ
3094 2139 3211 2191 τῶν
3239 2141 3326 2203 είς
3372 2130 3605 2211 Ἰεροσό-

369 2224 507 2292 Quin
566 2224 867 2279 diﬂ‘erentia
922 2228 1084 2279 etiam
1140 2225 1227 2280 illa
1282 2241 1402 2295 quae
1450 2227 1658 2281 videtur
1690 2242 1809 2282 esse
1840 2229 1901 2281 de

2070 2248 2143 2299 μα
2171 2230 2366 2283 ἀνόδων
2388 2228 2479 2281 τοῦ
2520 2227 2690 2299 Ἰησοῦ
2726 2228 2875 2298 παρὰ
2907 2227 2987 2298 τῷ
3018 2228 3082 2281 τὸ
3109 2230 3170 2281 ὲν
3198 2230 3398 2299 χερσὶν
3422 2231 3602 2297 Εὐαγ-

369 2315 773 2370 ascensionibus
825 2316 1034 2370 Domini
1068 2317 1133 2370 ad
1157 2314 1545 2386 Jerosolymam
1577 2318 1713 2386 apud
1743 2315 1901 2371 Janu-

2068 2318 2175 2369 λιον
2218 2316 2586 2385 ἀναγράψαντι
2635 2315 2840 2385 ἑτέρως
2887 2315 3044 2385 παρὰ
3096 2317 3233 2379 τοὺς
3286 2320 3465 2387 τρεῖς,
3524 2317 3600 2381 ὡς

369 2419 511 2465 nem,
541 2405 628 2472 qui
665 2404 1028 2472 Erangclium,
1063 2406 1207 2473 quod
1243 2406 1293 2459 in
1337 2407 1581 2459 manibus
1621 2407 1901 2470 habemus,

2068 2403 2291 2473 εθέμεθα
2332 2403 2429 2465 τὰς
2469 2403 2637 2467 λέξεις
2672 2403 2872 2465 αὐτῶν,
2899 2403 3046 2456 οὕτω
3100 2404 3288 2473 μόνως
3322 2404 3600 2469 σώζεσθαι

371 2491 526 2546 aliter
557 2508 714 2560 quam
750 2502 879 2556 tres,
907 2494 1135 2561 scripsit,
1169 2504 1226 2547 ut
1263 2495 1607 2560 exposuimus
1638 2495 1690 2546 in
1728 2496 1903 2548 verbis

2069 2509 2212 2545 ναται
2254 2494 2365 2553 τοῖς
2407 2492 2809 2562 παραπλησίοις
2848 2492 3179 2562 πράγμασιν
3230 2494 3601 2560 ἐπιπεσόντος

368 2585 625 2650 ipsorum,
641 2581 719 2635 sic
742 2582 909 2634 solum
932 2582 1129 2633 servari
1155 2592 1347 2648 potest,
1369 2580 1576 2636 Joanne
1600 2583 1792 2636 similia
1817 2601 1899 2637 as-

2067 2580 2089 2631 ῦ
2135 2579 2396 2642 Ἰωάννου,
2424 2580 2542 2631 ἀντὶ
2561 2578 2669 2631 τῶν
2692 2581 3047 2649 κοπτομένων
3078 2581 3190 2633 άπὸ
3216 2582 3329 2635 τῶν
3357 2583 3599 2654 δένδρων

365 2682 597 2731 serente.
628 2680 679 2724 et
712 2672 943 2733 dicente,
974 2683 1069 2737 pro
1090 2668 1285 2722 excisis
1309 2669 1374 2722 ab
1413 2671 1696 2725 arboribus
1715 2672 1897 2733 ramis,

2065 2667 2222 2729 άδων,
2251 2668 2283 2737 ἢ
2314 2666 2570 2719 στιὸάδων
2605 2670 2668 2719 εκ
2700 2666 2808 2719 τῶν
2848 2668 3057 2739 ἀγρῶν,
3094 2672 3193 2723 καὶ
3234 2673 3597 2742 στρωννυμέ-

366 2760 449 2812 vel
484 2758 757 2812 frondibus
780 2773 843 2810 ex
881 2758 1022 2826 agris
1049 2766 1100 2811 et
1127 2758 1307 2810 stratis
1354 2757 1406 2809 iu
1444 2758 1551 2824 via,
1585 2774 1763 2814 ramos
1788 2761 1898 2827 pal-

2064 2775 2100 2809 ιν
2128 2758 2185 2809 ὲν
2212 2760 2278 2827 τῇ
2307 2756 2429 2825 ὁδῷ,
2462 2756 2587 2825 βάῖα
2620 2757 2728 2809 τῶν
2763 2761 3024 2827 φοινίκων
3059 2762 3377 2831 εἰληφέναι,
3406 2764 3596 2831 λέγον-

364 2863 571 2902 marum
602 2848 820 2901 multam
864 2847 1094 2910 turbam,
1150 2860 1267 2912 qua:
1300 2855 1519 2899 venerat
1550 2849 1615 2901 ad
1649 2848 1785 2901 diem
1823 2850 1895 2903 fe-

2059 2864 2083 2910 ς
2133 2847 2222 2899 τὸν
2266 2847 2428 2899 πολὺν
2477 2846 2851 2917 ἐξεληλυθέναι
2900 2851 2982 2910 είς
3027 2849 3130 2921 τὴν
3167 2851 3369 2922 ἑορτὴν
3413 2851 3591 2922 ὄχλον,

362 2947 501 2993 stum
532 2937 597 3002 “,
658 2937 924 3003 accepisse
974 2944 1027 2989 et
1085 2934 1411 3003 processisse
1458 2938 1664 2989 obviam
1712 2938 1760 2990 ei
1795 2937 1894 2991 cla-

2023 2935 2088 2988 :al.
2139 2934 2509 3006 ἐξεληλυθέναι
2564 2936 2644 2997 είς
2685 2936 2991 3006 ἀπάντησιν
3043 2938 3200 3008 αὐτῷ
3233 2941 3555 3010 κεκραγότα

361 3037 593 3082 mantem
623 3040 637 3078 :
674 3045 693 3077 ι
732 3026 1047 3079 Benedictus
1074 3025 1162 3091 qui
1208 3023 1350 3076 venit
1383 3024 1432 3076 in
1468 3025 1682 3079 nomine
1714 3027 1887 3079 Domi-

2050 3027 2407 3096 Εὐλογημένος
2431 3028 2459 3079 ὁ
2487 3027 2776 3097 ἐρχόμενος
2792 3030 2849 3079 ὲν
2883 3028 3113 3099 ὀνόματι
3139 3031 3375 3101 Κυρίου,
3420 3051 3437 3079 ι
3468 3031 3582 3097 καὶ,

361 3118 437 3181 ni,
461 3135 482 3169 ι
502 3126 589 3170 et:
615 3134 633 3165 ι
653 3113 763 3168 Rex
788 3114 873 3167 ille
899 3113 1108 3167 lsraelis
1124 3112 1189 3165 “.
1221 3134 1240 3161 ι
1261 3111 1518 3166 Caeterum
1541 3114 1606 3165 ab
1637 3114 1748 3182 ipso
1765 3111 1890 3170 Iesu

2062 3115 2120 3167 ’0
2147 3114 2404 3176 Βασιλεὺς
2426 3114 2518 3167 τοῦ
2564 3115 2796 3186 Ἰσραήλ.
2824 3135 2841 3165 ι
2876 3116 3023 3186 Πλὴν
3054 3112 3216 3182 οὗτος
3269 3120 3366 3175 ὑπ’
3421 3120 3587 3172 αὐτοῦ

357 3206 532 3274 inquit
574 3204 809 3259 Joannes
867 3203 911 3233 “
953 3212 1219 3270 repertum
1267 3200 1509 3266 asellum,
1541 3216 1699 3269 super
1735 3218 1889 3271 quem

2054 3221 2121 3274 ισι
2149 3204 2241 3257 τοῦ
2278 3203 2447 3275 Ἰησοῦ
2479 3205 2826 3275 εὑρίσκεσθαι
2859 3207 2921 3259 τὸ
2954 3208 3201 3279 ὀνάριον,
3261 3212 3352 3279 ἐφ’
3397 3211 3426 3263 ὃ
3452 3212 3586 3264 κλο-

360 3296 495 3349 sedit
518 3294 792 3353 Cbristus;
826 3291 995 3356 majus
1027 3292 1276 3359 quiddam
1312 3289 1462 3341 nobis
1494 3293 1562 3345 ob
1598 3292 1780 3345 oculos
1802 3308 1892 3361 p0—

2053 3310 2167 3346 εται
2213 3295 2240 3345 ὁ
2271 3294 2520 3364 Χριστὸς,
2565 3294 2723 3349 πλέον
2758 3313 2809 3347 τι
2839 3298 2969 3365 περὶ
3016 3298 3217 3351 τούτου
3251 3300 3371 3369 (85)
3395 3317 3585 3371 τροπι-

359 3397 493 3436 nens
522 3396 613 3450 per
670 3380 810 3434 hunc
840 3379 1063 3433 asellum
1092 3379 1169 3433 sic
1218 3379 1419 3446 tropice
1447 3380 1646 3435 dictum
1677 3382 1766 3449 qui
1798 3383 1891 3436 bc-

2050 3382 2221 3452 5τερον
2249 3383 2573 3451 δηλουμένου
2600 3383 2815 3453 ὀναρίου
2843 3386 3145 3456 παριστὰς,
3175 3388 3404 3458 μείζονα
3426 3390 3582 3459 εὐερ-

361 3472 606 3527 neiicium
641 3470 807 3537 majus
833 3470 1039 3538 accepit
1074 3485 1092 3517 ι
1132 3460 1235 3523 non
1268 3467 1334 3520 ab
1365 3468 1680 3535 hominibus,
1718 3485 1890 3539 neque

2046 3473 2171 3524 ,σίαν
2198 3472 2538 3541 χωρήσαντος
2561 3473 2659 3542 τὴν
2682 3492 2699 3521 ι
2728 3474 2828 3525 οὐκ
2851 3475 2962 3527 ἀπὸ
2993 3476 3333 3548 ἀνθρώπων,
3358 3479 3481 3531 οὐδὲ
3509 3479 3578 3530 δι’

357 3576 452 3631 per
494 3561 733 3614 homines
761 3600 776 3625 ,
809 3560 900 3613 sed
931 3573 1025 3627 per
1069 3558 1250 3615 Jesum
1296 3562 1564 3617 Christum
1594 3560 1659 3612 ⁸⁷.
1698 3578 1716 3611 ι
1747 3559 1885 3627 Quin

2044 3559 2301 3629 νθρὼπων,
2339 3558 2471 3611 ἀλλά
2508 3559 2597 3611 διὰ
2649 3561 2824 3630 Ἰησοῦ
2854 3563 3122 3634 Χριστοῦ.
3149 3586 3169 3617 ι
3214 3568 3354 3621 Ούδὲ
3395 3568 3576 3620 Ἰωάν-

357 3666 426 3705 ne
450 3650 683 3706 Joannes
707 3650 918 3718 quidem
950 3651 1062 3718 ipse
1087 3651 1308 3720 protulit
1332 3652 1667 3721 prophetiam
1699 3652 1885 3706 iisdem

2042 3665 2082 3716 ;;
2117 3647 2171 3699 δὲ
2216 3648 2485 3712 αύτολεξεὶ
2526 3649 2588 3701 τὸ
2636 3636 2974 3720 προφητικδν
3006 3654 3251 3722 ἐξέθετο,
3298 3658 3416 3709 ἀλλ’
3461 3659 3574 3711 ἀντ’

354 3739 552 3804 verbis,
581 3739 672 3793 sed
704 3754 797 3807 pro
825 3753 884 3790 ea
914 3738 1049 3793 dixit
1080 3757 1095 3793 :
1134 3759 1151 3791 ι
1185 3740 1299 3795 Noli
1332 3742 1540 3805 timere,
1576 3739 1682 3793 tilia
1713 3738 1841 3794 Sion
1867 3758 1882 3798 :

2040 3736 2144 3788 i106
2182 3737 2267 3787 τό·
2306 3758 2323 3786 ι
2347 3739 2436 3807 Μὴ
2468 3739 2652 3806 φοϐοῦ.
2690 3741 2929 3814 θύγατερ
2964 3745 3130 3807 Σιὼν,
3181 3749 3295 3801 ἰδοῦ
3344 3751 3374 3801 ὁ
3419 3748 3572 3817 βασι-

349 3844 477 3886 ecce
506 3845 601 3885 rex
628 3838 748 3883 tuus
775 3830 918 3884 venit
945 3831 1137 3885 sedens
1157 3846 1316 3899 super
1343 3829 1542 3898 pullum
1576 3830 1739 3884 asinae
1765 3830 1831 3896 “,
1860 3849 1879 3881 ι

2047 3824 2106 3887 ύς
2139 3842 2228 3877 σου
2258 3826 2493 3895 ἔρχεται,
2526 3829 2853 3899 καθήμενος,
2883 3852 2901 3883 ι
2938 3835 3065 3887 ἀντὶ
3106 3836 3204 3889 τοῦ
3229 3853 3243 3867 ο
3289 3857 3308 3888 ι
3355 3838 3572 3890 Ἐπιὸε-

352 3929 449 3984 pro
488 3930 572 3979 eo,
600 3916 741 3981 quod
764 3925 846 3968 est
874 3932 888 3968 :
917 3932 935 3966 ι
984 3916 1291 3970 Ascendens
1325 3932 1486 3985 super
1531 3917 1882 3986 subjugalem,

2037 3913 2162 3984 pub;
2184 3915 2315 3983 (85’)
2352 3917 2443 3967 ἐπὶ
2472 3917 2646 3970 πῶλον
2683 3920 2828 3986 δνου,
2876 3924 2973 3975 καὶ
3012 3925 3108 3977 ἐπὶ
3147 3926 3446 3994 ὑποζύγιον
3477 3930 3569 3983 καὶ

347 4013 403 4057 et
448 4004 647 4073 pullum
678 4019 874 4058 novum
904 4004 993 4057 ⁸³⁸.
1030 4023 1048 4055 ι
1084 4004 1215 4058 Illud
1243 4019 1403 4058 vero:
1444 4024 1463 4055 ι
1500 4005 1615 4058 Noli
1652 4009 1840 4059 timere
1865 4045 1879 4070 ,

2144 4022 2155 4054 ι
2186 4005 2320 4057 νέον.
2348 4025 2366 4055 ι
2410 4006 2481 4058 Τὸ
2513 4007 2599 4059 δέ·
2653 4030 2671 4059 ι
2697 4010 2788 4079 Μὴ
2822 4011 3016 4078 φοϐοῦ,
3066 4014 3311 4084 θύγατερ
3346 4018 3505 4081 Σιὼν,
3542 4038 3561 4067 ι
3668 4019 3676 4029 ’

344 4092 456 4146 ﬁlia
504 4093 658 4158 Sion,
697 4111 716 4143 ι
753 4092 1158 4161 haudquaquam
1206 4093 1409 4146 dictum
1457 4103 1559 4148 est.
1603 4093 1876 4148 Verumta-

2034 4093 2081 4145 ιδ’
2114 4094 2248 4153 ὅλως
2298 4096 2526 4165 εἴρηται.
2571 4098 2714 4168 Πλὴν
2756 4094 2963 4171 ἴδωμεν
3002 4104 3115 4157 ὑπὸ
3154 4109 3375 4161 πάντων
3412 4109 3566 4161 ἐκτε-

346 4193 470 4232 tnen
501 4194 621 4233 cum
650 4178 997 4247 exposuerint
1040 4192 1228 4232 omnes
1275 4179 1645 4247 propheticum
1677 4194 1878 4236 sermo-

2033 4186 2158 4245 ἐντος
2188 4182 2282 4235 τοῦ
2316 4187 2650 4255 προφητικοῦ
2696 4188 2879 4256 λόγου,
2916 4194 2966 4245 εί
2998 4193 3075 4264 μὴ
3105 4197 3324 4267 χαίρειν
3358 4198 3565 4270 σφόδρα

343 4282 505 4330 nem.
549 4268 825 4323 videamus
852 4283 919 4321 an
945 4283 1050 4321 non
1084 4269 1388 4324 necessario
1438 4271 1774 4339 gaudendum
1806 4274 1875 4326 sit

2363 4251 2373 4255 _
2438 4251 2445 4253 ο
2487 4251 2495 4254 .
2771 4251 2781 4256 -
2869 4251 2873 4252 κ
2998 4251 3011 4262 .
3064 4251 3075 4264 .
3106 4251 3139 4265 η
3206 4251 3219 4267 .
3406 4251 3417 4265 .
3498 4251 3511 4270 .

2032 4273 2243 4343 ογατέρα
2264 4273 2399 4327 Σιὼν
2431 4276 2755 4343 ἀναγκαῖον·
2785 4279 2883 4350 τὴν
2924 4281 2982 4333 δὲ
3020 4286 3314 4354 κρείττονα
3362 4288 3564 4358 ταύτης

343 4355 468 4409 tilias
500 4355 650 4421 Sion,
686 4366 845 4424 atque
889 4356 988 4409 hac
1032 4358 1388 4425 praestantiori
1428 4358 1547 4412 tiliae
1581 4357 1872 4415 Jerusalem

2032 4363 2247 4433 ιγατέρα
2283 4364 2633 4435 Ἰερουσαλὴμ
2654 4367 2714 4418 ού
2741 4368 2903 4437 μόνον
2932 4373 3143 4442 χαίρειν
3175 4376 3406 4444 σφόδρα,
3428 4355 3564 4431 ἀλλὰ

345 4457 451 4496 non
499 4442 668 4496 solum
695 4442 849 4496 valde
874 4443 1111 4512 gaudere
1132 4482 1148 4505 ,
1179 4458 1363 4498 verum
1390 4446 1551 4501 etiam
1584 4449 1875 4515 prtedicare

2028 4452 2069 4502 ιὶ
2098 4431 2386 4521 κηρύσσειν
2415 4452 2493 4505 δεῖ
2514 4431 2606 4506 τοῦ
2643 4431 2906 4522 βασιλέως
2932 4431 3111 4532 αὐτῆς
3134 4431 3439 4535 ἐρέομένόυ
3466 4468 3560 4520 τοῦ

340 4545 561 4586 necesse
586 4532 658 4585 sit
682 4544 861 4599 regem
907 4544 1059 4584 suum
1105 4532 1500 4598 advenientem,
1545 4534 1767 4605 justum,
1818 4548 1872 4592 et

2030 4539 2201 4605 καίου,
2223 4540 2315 4592 καὶ
2342 4539 2620 4604 σώζοντος,
2645 4547 2738 4598 καὶ
2760 4548 2961 4617 πράου,
2987 4551 3073 4604 διὰ
3101 4554 3198 4605 τοῦ
3226 4557 3562 4627 ἐπιδεδηκέ-

338 4629 660 4686 servantem,
688 4630 742 4675 et
776 4629 1131 4684 mansuetum,
1163 4636 1227 4675 eo
1265 4624 1403 4691 quod
1432 4639 1592 4691 super
1624 4626 1870 4696 subjuga-

2028 4646 2060 4681 ιι
2085 4629 2161 4698 τῷ
2185 4630 2457 4701 ὑποζυγίῳ
2485 4633 2576 4684 καὶ
2601 4634 2678 4699 τῷ
2705 4636 2808 4706 νέῳ
2834 4638 3019 4710 πώλῳ.
3049 4642 3165 4706 Πᾶς
3194 4645 3329 4711 γοῦν
3356 4648 3386 4698 ὁ
3409 4624 3560 4713 δεξά-

333 4707 439 4762 lem
481 4719 534 4763 et
572 4709 781 4777 pullum
830 4724 1025 4764 novum
1073 4711 1397 4768 ascenderit.
1428 4712 1681 4782 Quisquis
1710 4716 1865 4784 igitur

2025 4735 2130 4780 ενος
2153 4720 2309 4771 αὑτὸν
2333 4720 2512 4772 οὐκέτι
2539 4724 2904 4795 φοϐηθήσεται
2931 4707 3057 4794 τοὺς
3089 4707 3557 4804 τῶν-ἑτεροδόξων

333 4796 505 4864 ipsum
556 4798 835 4865 receperit,
891 4813 993 4852 non
1041 4798 1093 4851 in
1141 4810 1411 4865 posterum
1451 4803 1756 4858 formidabit
1787 4806 1865 4858 di-

2024 4807 2338 4877 πλισμένους
2376 4814 2486 4873 τοῖς
2520 4814 2762 4879 πιθανοῖς
2801 4817 3001 4886 λόγοις,
3038 4822 3272 4893 ἅρματα
3310 4796 3556 4899 Ἰζφράῒμ.

332 4900 512 4941 versae
530 4895 692 4940 sectae
718 4886 961 4940 homines
1004 4886 1322 4955 eloquentia:
1373 4889 1577 4944 viribus
1603 4903 1863 4957 armatos,

2020 4898 2250 4965 ιγόμενα,
2291 4899 2394 4950 ὑπὸ
2422 4900 2514 4951 τοῦ
2553 4904 2755 4973 Κυρίου
2802 4882 3286 4982 ἐξολοορευόὶιενα,
3311 4882 3436 4969 οὐδὲ
3463 4882 3552 4970 τδν

331 4971 422 5039 qui
444 4985 636 5027 currus
667 4969 915 5041 Ephraim
948 4973 1219 5037 dicuntur,
1243 4985 1300 5029 et
1324 4991 1352 5029 a
1383 4976 1491 5031 Deo
1529 4980 1769 5034 exscindi
1794 4982 1861 5045 ",

2017 4986 2133 5076 ευδῆ
2158 4988 2319 5040 ἵππον
2347 4991 2424 5052 είς
2461 4969 2751 5062 σωτηρίαν,
2788 4969 3071 5072 θηλυμανῆ
3108 4969 3413 5076 ἐπιθυμίαν
3437 5012 3549 5073 τοῖς

330 5059 530 5127 quique
574 5060 771 5114 multos
802 5061 995 5116 lardum
1020 5101 1036 5126 ,
1075 5063 1369 5121 Jerusalem
1414 5067 1658 5123 habitare
1686 5079 1740 5123 et
1775 5072 1860 5124 in-

2122 5051 2131 5055 ~
2409 5051 2415 5052 ν
2590 5051 2624 5062 υ·
2738 5051 2749 5058 ν
2845 5051 2856 5066 ι
2930 5051 2944 5069 ι
3046 5051 3071 5072 Ἰ
3110 5051 3407 5076 """r""'
3448 5051 3546 5073 ’π’-ι

2014 5074 2235 5143 ἱσθητοίς
2258 5079 2629 5150 οἱκειωμένην,
2658 5084 2753 5136 καὶ
2784 5086 3015 5152 πολλοὺς
3039 5090 3151 5145 τῶν
3175 5096 3237 5146 ὲν
3272 5095 3546 5164 Ἰερουσα-

333 5147 546 5202 tendere
591 5148 827 5204 volentes
870 5166 1013 5206 sana:
1058 5154 1313 5209 doctrina:
1359 5173 1372 5209 :
1408 5169 1513 5210 non
1553 5156 1861 5213 formidabit

2010 5166 2073 5230 ξμ
2100 5164 2264 5215 οἰκεῖν
2294 5147 2575 5229 θελόντων,
2618 5171 2711 5224 καί
2739 5172 2818 5243 τῷ
2852 5147 3009 5244 ὑγιεῖ*
3030 5178 3175 5250 λόγῳ
3223 5147 3542 5253 προσέχειν.

402 5435 511 5503 (ιιι)
567 5439 870 5515 Ἑχέιτων.
919 5443 1005 5495 Sic
1058 5445 1221 5497 codex
1278 5445 1628 5514 Bodleiauus,
1677 5459 1852 5513 recte;
2035 5453 2344 5531 (85)Codex
2378 5460 2721 5531 Bndleianus,
2761 5472 2986 5526 τούτου.
3023 5476 3220 5545 Hosius
3279 5481 3446 5535 τοῦτο

329 5503 543 5556 Remus.
571 5520 726 5556 litate.
753 5510 1032 5556 ἁονόντων.
2034 5524 2164 5556 mem
2192 5525 2365 5556 rma..-
2400 5529 2597 5556 n..-:___
2804 5542 2834 5556 ,ι
2872 5544 2899 5556 -
2996 5542 3006 5556 .
3187 5545 3203 5556 .
3227 5519 3248 5539 ο
3446 5522 3464 5538 ⁸

375 5520 543 5569 estus,
571 5512 726 5570 male,
753 5510 1032 5576 ἀρχόντων.
1612 5510 1623 5514 ⁷
1650 5576 1659 5581 _
1840 5510 1848 5513 ’

2030 5510 2164 5591 (35‘)
2190 5525 2368 5581 Codex
2380 5510 2631 5604 nega}:
2639 5510 3538 5613 "QE:&32'6§~3¢§.‘51%;???"-
