3880 6220
186 266 366 374 94⁷⁵
1464 300 1800 362 lLOMMEN'l‘.
1843 301 1911 356 IN
1948 302 2138 359 JOAN.
2181 297 2418 355 TOMUS
2459 300 2521 354 x.
3454 296 3559 350 su

234 379 526 490 ’ξ’ξραὴλ,
589 402 635 473 ἢ
667 408 768 477 τῷ
831 416 1096 488 Χριστοῦ
1141 422 1382 489 σώματι,
1431 421 1555 490 περὶ
1600 411 1658 472 οῦ
1686 417 1867 486 ἐλεγεν
1895 420 1921 471 ὁ

2025 428 2224 482 nostra,
2258 416 2476 468 abscissi
2504 429 2707 469 smnus.
2744 432 2761 464 ›
2796 411 2999 478 Quibus
3024 410 3164 465 enim
3191 409 3400 464 ossibus
3426 411 3559 464 dici-
3587 430 3593 437 τ

224 479 481 560 ίιὺριος
508 504 523 518 ⁸
563 511 588 582 ξ
632 479 1096 582 Διεσκορπίσθη
1135 479 1303 565 πάντα
1335 479 1400 563 τὰ
1428 479 1558 563 ὀστᾶ
1587 528 1684 579 μου
1704 549 1719 573 ,
1755 479 1797 559 ι’
1818 509 1921 563 τῶν

2027 518 2112 562 tur
2151 525 2163 559 :
2254 503 2446 557 Audite
2496 505 2714 556 verbum
2777 502 3002 566 Domini,
3061 519 3079 551 ι
3136 509 3386 567 tanquam
3440 516 3559 568 qua:

249 581 640 670 διοιξξιτικῶν
678 588 922 650 ἀστέων
954 581 1122 653 αὑτοῦ
1159 600 1232 670 μὴ
1262 600 1760 662 διασκεδασθέντων,
1792 599 1921 653 ἀλλὰ

2025 595 2257 648 sentiant
2302 591 2519 643 verbum
2568 590 2793 650 Domini,
2829 599 3183 655 tanquamque
3220 602 3339 654 qua:
3366 587 3470 640 sint
3505 589 3555 640 itt

277 659 433 757 μηδὲ
469 678 905 749 συντριϐέντος
946 689 1095 750 τινος
1129 659 1189 752 ἐξ
1220 659 1408 742 ἀὐτῶν
1434 706 1448 754 ;
1475 689 1602 743 Ὅτε
1629 689 1685 741 δὲ
1711 659 1917 757 γίνεται

2026 686 2180 739 domo
2212 682 2393 745 Israel,
2439 682 2538 743 nisi
2579 681 2774 735 Christi
2826 681 3055 748 corpori,
3099 680 3166 732 de
3214 693 3320 747 quo
3349 679 3559 733 dicebat

292 755 449 860 αδτῂ
475 760 515 832 ἢ
536 763 876 871 ξονάστασις
901 776 1002 830 τοῦ
1030 777 1282 848 ἀληθινοῦ
1313 780 1403 832 καὶ
1433 755 1762 857 τελειοτέρου
1793 779 1927 849 Χρι-

316 865 452 909 στου
488 864 767 926 σώματος
789 899 806 924 ,
856 864 989 916 τότε
1038 866 1107 918 τὰ
1154 866 1290 936 μέλη
1329 866 1420 918 τοῦ
1446 865 1676 936 Χριστοῦ
1708 865 1776 919 τὰ
1809 865 1923 929 νῦν,

339 940 414 1007 ὣς
443 944 583 1015 προς
607 948 675 1001 τδ
708 950 940 1019 μέλλον,
972 953 1113 1023 ξηρά
1139 954 1271 1007 ὀστᾶ
1302 954 1710 1024 συναχθήσεται,
1739 954 1924 1007 ὀστοῦν

357 1035 490 1107 πρὸς
520 1036 754 1103 ὀστοῦν,
797 1041 899 1094 καὶ
929 1042 1166 1111 ἀρμονία
1211 1045 1343 1111 πρὸς
1385 1043 1677 1112 ἁρμονίαν,
1718 1042 1951 1104 οὐδενὸς

370 1127 470 1182 τῶν
519 1129 912 1201 ἐστερημένων
953 1131 1215 1201 ἁρμονίας
1262 1133 1680 1202 καταντήσοντος
1723 1132 1803 1192 είς
1841 1129 1925 1181 τέ-

382 1230 508 1274 λειον
538 1219 725 1289 ἀνδρα,
759 1237 777 1268 ι
807 1220 889 1280 εἰς
915 1219 978 1271 τὸ
1007 1220 1200 1289 μέτρον
1228 1219 1326 1287 τῆς
1355 1219 1564 1288 ἡλικίας
1595 1218 1687 1270 τοῦ
1721 1215 1927 1286 πληρώ-

381 1324 536 1378 ματος
560 1307 653 1360 τοῦ
701 1306 953 1377 σώματος
992 1307 1084 1361 τοῦ
1122 1308 1354 1378 Χριστοῦ
1377 1325 1390 1338 ·
1430 1327 1447 1359 ι
1476 1308 1569 1361 καὶ
1611 1308 1729 1360 τότε
1760 1306 1925 1359 πολλά

379 1397 508 1467 μέλη
533 1397 591 1448 τὸ
621 1396 680 1447 ἓν
713 1396 869 1448 ἔσται
903 1396 1095 1465 σῶμα,
1149 1398 1362 1450 πάντων
1400 1396 1493 1449 τοῦ
1543 1395 1787 1466 σώματος
1835 1413 1926 1467 με-

372 1485 475 1538 λῶν
507 1485 715 1537 πολλῶν
747 1486 919 1538 ὄντων
952 1485 1244 1554 γινομένων
1277 1485 1392 1546 ἐνὸς
1422 1484 1696 1554 σώματος·
1737 1489 1838 1556 τὴν
1869 1485 1925 1537 δὲ

370 1574 549 1644 κρίσιν
579 1575 743 1638 ποδὸς
764 1614 780 1638 ,
811 1576 905 1627 καὶ
934 1576 1113 1645 χειρὸς
1134 1614 1148 1637 ,
1185 1576 1276 1627 καὶ
1299 1575 1591 1644 ὀφθαλμοῦ,
1621 1576 1713 1627 καὶ
1734 1576 1922 1643 ἀκοῆς,

368 1666 462 1716 καὶ
497 1665 819 1734 ὀσφρήσεως
848 1663 955 1717 τῶν
982 1662 1435 1733 συμπληρούντων
1468 1663 1570 1733 ίδίᾳ
1600 1663 1695 1731 μὲν
1716 1662 1812 1733 τὴν
1837 1680 1925 1715 κε-

368 1753 563 1822 φαλὴν,
603 1753 710 1822 ἰδίᾳ
737 1753 794 1806 δὲ
822 1755 947 1815 τοὺς
974 1754 1159 1815 πόδας,
1189 1755 1280 1806 καὶ
1311 1753 1378 1807 τά
1405 1753 1561 1805 λοιπά
1588 1753 1693 1805 τῶν
1726 1754 1920 1823 μελῶν,
1955 1736 1995 1793 Β

363 1844 437 1895 τά
466 1860 523 1896 τε
549 1843 938 1913 ἀσθενέστερα,
974 1846 1065 1896 καὶ
1093 1844 1442 1913 ταπεινότερα
1462 1884 1475 1905 ,
1509 1845 1599 1896 καὶ
1623 1845 1918 1913 ἀσχήμονα,

364 1932 461 1983 καὶ
512 1931 858 1999 εὐσχήμονα,
917 1931 1077 1999 μόνου
1129 1930 1258 1983 Θεοῦ
1305 1933 1417 1983 ἐστι
1464 1932 1818 1999 ποιήσασθαι,
1864 1932 1921 1994 ὃς

367 2020 697 2090 συγκεράσει
731 2019 793 2071 τὸ
843 2020 1000 2089 σῶμα
1021 2035 1036 2049 ·
1077 2021 1168 2072 καὶ
1204 2020 1323 2072 τότε
1364 2020 1560 2089 μᾶλλον
1588 2021 1679 2072 τοῦ
1713 2009 1806 2072 νῦν
1845 2020 1920 2089 τῷ

369 2106 684 2177 ὑστεροῦντι
718 2107 1109 2178 περισσοτέραν
1127 2108 1301 2170 διδοὺς
1334 2109 1517 2177 τιμὴν,
1552 2109 1637 2160 ἵνα
1670 2109 1925 2178 μηδαμῶς

367 2192 403 2269 ᾗ
431 2198 632 2267 σχίσμα
660 2198 719 2249 ἐν
751 2196 831 2266 τῷ
857 2196 1096 2266 σώματι,
1126 2196 1258 2251 ἀλλὰ
1284 2198 1344 2251 τὺ
1371 2198 1500 2250 αὐτὸ
1530 2198 1668 2268 ὑπὲρ
1698 2198 1807 2267 (12)
1834 2198 1926 2251 ἀλ-

368 2284 541 2354 λήλων
586 2285 895 2354 μεριμνῶσι
941 2284 1012 2337 τά
1051 2282 1219 2353 μέλη,
1254 2284 1345 2337 καὶ
1378 2283 1432 2335 εί
1472 2300 1593 2335 τινα
1635 2283 1924 2337 εὐπάθειαν

368 2372 482 2442 ἔχει
526 2373 719 2443 μέλος,
763 2373 1147 2444 συνευπαθὴσῃ
1180 2374 1353 2427 πάντα
1391 2375 1458 2426 τὰ
1492 2373 1623 2443 μέλη
1645 2412 1660 2435 ,
1706 2372 1814 2426 εἴτε
1841 2373 1923 2427 δο-

372 2461 587 2525 ξάζεται
607 2501 621 2524 ,
668 2462 941 2532 συγχαίρῃ
973 2461 1041 2513 τὰ
1066 2463 1259 2515 πάντα.

2024 773 2279 826 Dominus
2321 772 2367 803 "
2413 789 2426 824 :
2481 789 2500 821 ι
2539 770 2794 837 Dissipata
2827 780 2952 823 sunt
2981 768 3158 822 omnia
3191 782 3311 821 ossa
3350 783 3489 829 mea,
3533 785 3553 818 ι

2023 879 2142 919 cum
2193 863 2388 930 alioqui
2442 876 2561 915 ossa
2611 861 2774 927 ipsius
2826 859 3123 928 corporalia
3169 859 3420 925 dissipata
3451 871 3555 909 non

2024 955 2242 1016 fuerint,
2270 953 2362 1008 sed
2413 962 2505 1005 ne'
2532 966 2690 1004 tutum
2717 950 2929 1018 quidem
2968 964 3032 1001 ex
3068 949 3195 1017 ipsis
3222 947 3509 1000 contritum
3534 943 3558 996 Ἰ

2023 1042 2251 1097 Proinde
2276 1057 2396 1095 cum
2427 1040 2657 1094 edicitur
2688 1038 3008 1093 resurrectio
3043 1038 3155 1091 haec
3190 1036 3301 1090 veri
3339 1044 3392 1088 et
3436 1048 3558 1102 per-

2026 1131 2260 1185 fectioris
2302 1130 2546 1197 corporis
2592 1128 2815 1190 Christi,
2868 1138 2991 1178 tunc
3045 1125 3280 1177 membra
3334 1122 3552 1184 Christi,

2025 1220 2272 1273 nimirum
2304 1232 2424 1270 ossa
2455 1232 2517 1270 ea
2551 1232 2667 1284 quat
2715 1220 2767 1269 in
2805 1212 3303 1283 praesentiaﬂutnri
3342 1226 3559 1278 compa-

2027 1309 2253 1370 ratione,
2283 1316 2405 1360 sunt
2439 1308 2611 1369 arida,
2642 1305 3049 1373 conjungentur,
3080 1317 3141 1355 os
3168 1301 3370 1355 scilicet
3402 1301 3468 1353 ad
3497 1313 3558 1354 os

2023 1413 2198 1462 suum,
2231 1406 2285 1451 et
2317 1397 2562 1464 junctura
2591 1398 2655 1449 ad
2678 1395 2981 1460 juncturam
3007 1393 3123 1425 ’Μ’
3155 1409 3169 1446 :
3202 1393 3435 1454 nemine,
3466 1391 3557 1459 qui

2026 1488 2257 1555 privatus
2291 1487 2360 1539 sit
2401 1485 2676 1551 jnnctura,
2722 1497 3013 1538 occursuro
3053 1482 3105 1535 in
3164 1482 3335 1535 virum
3384 1479 3558 1548 perfe—

2024 1585 2187 1638 ctum,
2225 1592 2243 1624 ι
2285 1575 2337 1626 ἰη
2385 1588 2683 1628 mensuram
2717 1573 2888 1626 aetatis
2921 1570 3264 1639 plenitudinis
3315 1568 3558 1637 corporis

2024 1661 2218 1715 Christi
2238 1661 2357 1719 ¹·³⁷;
2382 1679 2399 1711 ι
2421 1670 2472 1713 et
2499 1670 2618 1713 tunc
2642 1660 2874 1713 membra
2896 1658 3058 1712 multa
3082 1674 3241 1711 unum
3263 1666 3419 1712 erunt
3439 1671 3559 1711 cor-

2024 1764 2140 1817 pus,
2200 1765 2319 1802 cum
2373 1750 2547 1801 omnia
2607 1748 2847 1815 corporis
2894 1747 3168 1812 membra,
3224 1761 3343 1815 qua:
3392 1750 3557 1799 multa

2026 1848 2168 1901 sunt,
2204 1840 2329 1893 lient
2374 1824 2532 1893 unius
2562 1839 2799 1905 corporis
2845 1839 2911 1890 ³⁸.
2960 1840 3027 1891 At
3075 1838 3361 1892 discrimen
3409 1837 3558 1905 pedis

2024 1941 2335 1994 manusque,
2366 1935 2524 1995 atque
2574 1927 2735 1991 oculi,
2769 1942 2831 1980 ac
2855 1927 3080 1995 denique
3104 1927 3315 1981 auditus
3335 1935 3390 1981 et
3416 1925 3555 1980 olfa-

2024 2024 2165 2079 ctus,
2191 2015 2382 2082 quibus
2407 2016 2740 2083 complentur
2786 2015 3087 2082 singulatim
3116 2017 3329 2083 quidem
3371 2024 3556 2084 caput,

2024 2101 2326 2168 singulatim
2386 2116 2513 2155 vero
2560 2102 2722 2168 pedes
2766 2112 2821 2156 et
2874 2113 3067 2155 caetera
3118 2102 3391 2165 membra,
3445 2110 3556 2155 tum

2025 2189 2392 2251 imbecilliora.
2443 2199 2549 2244 tum
2584 2191 2891 2259 abjectiura,
2950 2205 3010 2244 ac
3047 2206 3106 2244 ea
3138 2207 3255 2259 quae
3302 2201 3557 2259 putantur

2021 2280 2293 2343 indecora,
2323 2289 2377 2335 et
2399 2280 2616 2343 decora,
2641 2281 2806 2335 solius
2834 2282 2923 2335 Dei
2951 2291 3030 2334 est
3056 2282 3256 2344 facere,
3282 2281 3371 2348 qui
3396 2283 3557 2334 simul

2024 2368 2339 2437 temperabit
2366 2383 2583 2438 corpus,
2614 2370 2772 2423 etiam
2815 2370 2983 2437 magis
3013 2384 3174 2437 quam
3205 2384 3346 2422 nunc
3373 2370 3556 2437 capio-

2025 2464 2221 2518 siorem
2257 2465 2516 2518 honorem
2552 2464 2752 2518 addens
2780 2465 2826 2518 ei
2853 2464 2919 2528 ",
2952 2462 3034 2516 cui
3070 2461 3263 2526 deerit,
3305 2476 3371 2515 ne
3401 2462 3560 2517 dissi-

371 2553 514 2606 dimn
543 2554 611 2607 sit
640 2555 692 2606 in
725 2568 974 2621 corpore,
1005 2554 1098 2607 sed
1150 2553 1373 2606 invicem
1423 2554 1524 2605 alia
1572 2568 1669 2621 pro
1711 2554 1830 2608 aliis
1876 2553 2284 2611 sollicitudinem
2339 2557 2578 2612 eamdem
2626 2565 2811 2625 gerant
2841 2557 3074 2611 membra
3102 2572 3119 2620 ;
3151 2563 3204 2609 et
3232 2557 3275 2610 si
3305 2554 3429 2625 quid
3463 2571 3559 2623 pa-

375 2647 504 2698 titur
551 2662 714 2699 nnum
772 2647 1120 2708 membrum,
1176 2646 1334 2699 simul
1397 2646 1664 2714 patientur
1728 2648 1905 2701 omnia
1945 2650 2199 2714 membra,
2267 2651 2377 2704 sive
2414 2649 2739 2720 gloriﬁcatur
2794 2664 2955 2701 unum
2996 2649 3336 2712 membrum,
3401 2646 3560 2699 simul

375 2741 595 2806 gaudelr.
621 2748 680 2793 nt
713 2739 894 2792 omnia
938 2739 1198 2793 membra.

442 2831 527 2883 2|.
561 2832 746 2885 Ταῦτά
778 2849 871 2901 μοι
896 2832 996 2883 οὐκ
1023 2831 1314 2900 ἀλλοτρίως
1349 2831 1441 2883 τοῦ
1474 2831 1617 2902 ίεροῦ
1636 2872 1650 2897 ,
1697 2831 1920 2885 καὶτῶν

2086 2832 2177 2886 21.
2216 2829 2338 2884 llaec
2368 2837 2490 2882 sunt
2514 2843 2542 2880 a
2571 2843 2653 2881 me
2681 2827 2842 2891 dicta,
2874 2840 2970 2880 nec
3013 2834 3206 2894 prmter
3229 2825 3554 2888 institutum,

371 2918 464 2970 ἀπ’
502 2917 663 2971 αὐτοῦ
711 2917 1177 2987 ἐξελαυνομένων,
1212 2917 1337 2986 περὶ
1382 2910 1442 2969 οῦ
1474 2917 1615 2984 λέγει
1647 2918 1675 2968 ὁ
1703 2917 1915 2987 Σωτήρ·

380 3027 397 3057 ο
440 3008 495 3059 '0
525 3006 680 3075 ζῆλος
702 3006 802 3058 τοῦ
839 3005 992 3057 οἴκου
1025 3021 1118 3057 σου
1150 3004 1516 3072 καταφάγεταί
1564 3020 1630 3073 με
1651 3042 1666 3068 ,
1706 3023 1724 3055 ι
1772 3004 1919 3077 εἴρη-

371 3107 490 3153 ται,
538 3090 644 3142 τῶν
693 3107 753 3142 τε
785 3088 1079 3143 αἰτούντων
1125 3092 1347 3160 σημεῖον
1427 3089 1692 3142 Ἰουδαίων
1738 3091 1918 3154 αὐτοῖς

278 3250 289 3253 4
370 3179 669 3249 δειχθῆναι,
699 3180 792 3231 καὶ
817 3179 916 3247 τῆς
948 3176 1043 3230 τοῦ
1074 3178 1277 3247 Κυρίου
1308 3179 1441 3248 πρὸς
1471 3178 1664 3240 αὐτοὺς
1695 3179 1922 3250 ἀποκρί-

372 3287 540 3335 σεως,
572 3272 931 3333 συνάπτοντος
959 3262 1050 3323 τὸν
1090 3268 1184 3321 τοῦ
1223 3268 1349 3322 ναοῦ
1389 3269 1542 3336 λόγον
1575 3268 1652 3339 τῷ
1686 3270 1777 3322 τοῦ
1809 3269 1916 3340 (15)

378 3358 500 3411 ἰδίου
540 3358 809 3430 σώματος,
864 3358 958 3410 καὶ
991 3358 1287 3426 φάσκοντος
1309 3373 1322 3387 ⁶
1349 3377 1368 3408 ι
1408 3358 1616 3410 Λύσατε
1661 3357 1750 3409 τὸν
1793 3358 1920 3414 ναὸν

373 3447 582 3509 τοῦτον,
644 3448 740 3500 καὶ
803 3447 979 3516 τρισὶν
1046 3446 1276 3516 ἡμέραις
1341 3444 1513 3515 ἐγερῶ
1575 3444 1751 3497 αὐτόν.
1791 3444 1920 3496 Ἀπὸ

376 3538 478 3605 γὰρ
530 3537 716 3589 τούτου
769 3535 865 3588 τοῦ
928 3535 1056 3587 ναοῦ
1079 3573 1093 3597 ,
1165 3534 1314 3598 ὄντος
1360 3533 1605 3603 σώματος
1662 3533 1917 3603 Χριστοῦ,

380 3626 455 3679 δεῖ
495 3626 889 3680 ἀπελαύνεσθαι
920 3626 1089 3680 ταῦτα
1117 3623 1242 3676 ὄντα
1292 3624 1399 3693 (14)
1446 3623 1644 3691 ἄλογα,
1677 3626 1767 3676 καὶ
1821 3627 1918 3692 ἐμ-

381 3716 601 3785 πορικὰ,
640 3717 726 3769 ἵνα
761 3715 958 3786 μηκέτι
995 3708 1141 3776 οἶκος
1184 3712 1443 3782 ἐμπορίου
1583 3713 1691 3764 Kal
1739 3712 1926 3765 τοῦτον

375 3807 461 3857 τὸν
498 3806 620 3859 ναὸν
669 3806 899 3875 λυθῆναι
948 3805 1029 3857 δεῖ
1074 3802 1178 3855 ὑπὸ
1229 3802 1333 3854 τῶν
1367 3801 1812 3854 ἐπιϐουλευόντων
1843 3800 1919 3870 τῷ

377 3893 510 3964 λόγῳ
548 3895 640 3948 τοῦ
686 3895 822 3947 Θεοῦ
846 3934 861 3959 ,
912 3894 1005 3947 καὶ
1063 3892 1200 3962 μετά
1244 3892 1305 3944 τὸ
1357 3891 1581 3959 λυθῆναι
1613 3892 1679 3959 τῇ
1734 3906 1917 3960 προει-

381 3981 583 4054 ρημένῃ
635 3985 767 4052 ἡμῖν
821 3983 976 4052 τρίτῃ
1031 3980 1212 4051 ἡμέρᾳ
1277 3979 1387 4050 (15)
1443 3978 1764 4047 ἐγερθῆναι⁸
1831 3979 1919 4031 ὅτε

379 4072 465 4122 καί
486 4072 533 4123 oi
564 4072 823 4141 μαθηταὶ,
865 4071 945 4123 ὅτι
983 4069 1132 4136 ἔλεγε
1162 4070 1286 4138 πρὶν
1313 4067 1532 4137 λυθῆναι
1553 4067 1640 4119 τὸν
1674 4067 1795 4120 ναὸν
1825 4066 1918 4119 τοῦ

2020 2922 2086 2973 de
2116 2920 2332 2986 templo,
2358 2918 2527 2985 deque
2558 2931 2619 2971 ex
2653 2917 2767 2982 ipso
2788 2915 3044 2984 expulsis,
3074 2914 3139 2968 de
3167 2929 3271 2981 quo
3300 2914 3556 2967 Servator

2019 3009 2145 3061 dicit
2176 3026 2188 3060 :
2223 3026 2240 3059 ι
2275 3006 2432 3060 Zelus
2467 3006 2655 3058 domus
2685 3013 2788 3057 tute
2820 3004 3046 3056 comedit
3091 3017 3177 3056 me
3221 3001 3266 3032 “
3294 3017 3311 3062 ς
3344 3020 3364 3053 ι
3394 3009 3556 3068 atquc

2017 3097 2177 3148 etiam
2211 3096 2274 3147 de
2294 3093 2491 3147 Judaeis
2523 3091 2826 3160 petentibus
2859 3090 3068 3158 signum
3097 3088 3200 3143 sibi
3229 3088 3465 3153 ostendi,
3493 3103 3557 3142 ac

2017 3186 2246 3251 denique
2277 3185 2341 3237 de
2370 3183 2573 3236 Domini
2606 3182 2671 3234 ad
2719 3182 2864 3248 ipsos
2912 3178 3280 3247 responsione,
3331 3178 3556 3245 conjun-

2019 3273 2192 3340 gentis
2230 3286 2531 3326 sermonem
2568 3270 2747 3338 templi
2798 3269 3027 3327 sermoni
3057 3268 3257 3337 proprii
3287 3269 3553 3337 corporis,

2018 3369 2070 3415 et
2106 3360 2332 3414 dicentis
2360 3378 2374 3413 :
2416 3376 2435 3408 ι
2481 3359 2748 3411 Destruite
2776 3358 3024 3427 templum
3069 3358 3194 3421 boc,
3228 3366 3279 3411 et
3302 3357 3353 3410 in
3387 3357 3555 3410 tribus

2019 3450 2204 3503 diebus
2248 3451 2451 3518 erigam
2500 3449 2628 3501 illud
2681 3447 2748 3500 “.
2803 3467 2822 3499 ι
2873 3448 2953 3501 Ab
2994 3449 3091 3502 boc
3140 3448 3282 3501 enim
3336 3447 3552 3514 templo,

2018 3536 2156 3606 quod
2191 3547 2275 3592 est
2318 3552 2511 3605 corpus
2553 3534 2774 3600 Christi,
2804 3535 3135 3603 expellantur
3184 3535 3297 3588 haec
3345 3542 3557 3602 oportet

2018 3643 2134 3696 qua:
2174 3628 2397 3681 rationis
2421 3626 2636 3694 capacia
2667 3642 2769 3680 non
2807 3634 2931 3682 sunt
2967 3639 3020 3680 et
3051 3642 3168 3695 quae
3197 3634 3551 3679 mercaturam

2018 3726 2288 3783 exercent,
2310 3728 2367 3771 ut
2392 3732 2493 3770 non
2520 3718 2571 3769 in
2600 3729 2867 3785 posterum
2895 3717 2966 3771 sit
2985 3720 3172 3770 domus
3198 3725 3551 3769 mercaturam

2017 3807 2404 3861 exercentium.
2430 3806 2638 3860 Destrui
2668 3806 2828 3859 etiam
2856 3807 2958 3861 hoc
2984 3804 3233 3873 templum
3259 3805 3325 3858 ab
3349 3804 3433 3857 bis
3457 3804 3549 3871 qui

2019 3896 2335 3949 insidiantur
2352 3896 2584 3950 sermoni
2610 3894 2698 3948 Dei
2717 3908 2933 3949 necesse
2949 3903 3049 3960 est,
3069 3907 3296 3960 cumque
3318 3892 3551 3944 dirutum

2017 3984 2200 4047 fuerit,
2222 3985 2402 4050 tertia,
2425 3999 2581 4053 quam
2601 3984 2960 4052 praediximus,
2978 3983 3061 4037 die
3075 3982 3318 4048 excitari;
3336 3980 3551 4049 quando

2021 4071 2178 4141 199
2206 4071 2365 4125 etiam
2413 4071 2657 4139 discipuli
2696 4071 2813 4139 ejus
2843 4069 3267 4124 recordabuntur
3298 4069 3437 4134 quod
3469 4068 3550 4121 di-

380 4158 503 4210 Θεοῦ
529 4162 556 4212 ὁ
587 4160 778 4227 Λόγος,
800 4158 964 4211 αὑτοῦ
996 4157 1384 4228 μνησθήσονται
1417 4150 1478 4208 οὗ
1510 4155 1678 4222 ἔλεγε,
1706 4154 1801 4208 καὶ
1832 4172 1919 4206 πι-

2023 4161 2157 4212 xerit
2180 4159 2344 4214 Filius
2374 4159 2504 4224 Dei,
2538 4167 2822 4226 antequam
2856 4158 3227 4211 destrueretur
3270 4155 3548 4224 templum,

382 4248 649 4301 στεύσουσι
676 4247 812 4318 (16),
851 4245 1225 4316 τελειουμένης
1267 4244 1439 4297 αὐτῶν
1481 4244 1600 4296 τότε
1645 4243 1780 4312 μετά
1819 4243 1918 4312 τῆς

381 4338 617 4404 γνώσεως
649 4340 744 4392 καὶ
766 4341 865 4409 τῆς
887 4340 1136 4402 πίστεως,
1170 4337 1300 4390 ἀλλά
1323 4338 1412 4390 καὶ
1434 4336 1510 4406 τῷ
1526 4336 1665 4405 λόγῳ
1685 4337 1743 4388 ὃν
1770 4332 1918 4388 εἶπεν

381 4428 406 4478 ὁ
442 4427 659 4496 Ἰησοῦς.
693 4429 806 4484 Kal.
829 4428 1052 4490 ἕκαστος
1076 4427 1132 4479 δὲ
1165 4426 1269 4479 τῶν
1289 4425 1524 4487 τοιῶνδε,
1567 4423 1738 4492 Ἰησοῦ
1760 4425 1917 4477 αὐτὸν

383 4515 736 4585 καθαίροντος,
770 4515 1099 4584 ἀποθέμενος
1124 4514 1191 4567 τά
1214 4514 1376 4581 ἄλογα
1405 4514 1495 4566 καὶ
1525 4513 1592 4564 τὰ
1624 4512 1917 4576 πωλοῦντα,

380 4604 459 4656 διὰ
485 4606 572 4658 τὸν
593 4606 686 4658 τοῦ
713 4608 774 4658 ἐν
786 4606 965 4668 αὐτοῖς
983 4605 1155 4672 Λόγου
1181 4604 1333 4673 ζῆλον
1359 4601 1800 4671 καταλυθήσεται,
1830 4604 1921 4655 ἐπὶ

380 4690 450 4759 τῷ
477 4692 578 4744 ὑπὸ
629 4693 806 4764 Ἰησοῦ
853 4693 1158 4763 ἐγερθῆναι,
1188 4694 1248 4746 ού
1279 4696 1341 4764 τῇ
1380 4693 1536 4765 τρίτῃ
1566 4693 1766 4763 ἡμέρᾳ,
1799 4696 1921 4748 ὅσον

381 4780 464 4831 ἐπὶ
497 4784 560 4850 τῇ
603 4782 935 4853 προκειμένῃ
973 4781 1134 4846 λέξει·
1174 4783 1233 4834 οὐ
1271 4784 1376 4850 γὰρ
1403 4782 1726 4851 γέγραπται·
1768 4801 1787 4832 ι
1823 4783 1923 4836 Λύ-

384 4882 500 4919 σατε
542 4871 633 4921 τὸν
668 4870 797 4922 ναὸν
843 4869 1060 4932 τοῦτον,
1098 4871 1197 4924 καὶ
1225 4869 1298 4937 τῇ
1318 4872 1478 4937 τρίτῃ
1509 4871 1691 4938 ἡμέρᾳ
1747 4872 1921 4941 ἐγερῶ

384 4954 554 5022 αὑτὸν,
594 4976 611 5008 ι
638 4957 749 5010 ἀλλ’
794 4958 865 5010 ἐν
903 4958 1101 5024 τρισὶν
1130 4957 1388 5026 ἡμέραις·
1436 4957 1730 5027 Ἐγείρεται
1759 4958 1865 5030 γὰρ
1888 4962 1921 5030 ἢ

449 5134 494 5208 'j
542 5135 677 5208 Psal.
730 5152 843 5202 χχι,
866 5137 956 5208 l5.
986 5137 1145 5208 ﬂ?”
1191 5137 1367 5208 Ezerhr
1407 5150 1613 5200 xxxvu,
1641 5136 1690 5189 7.
1769 5138 1857 5172 ¹⁶³⁷
1892 5139 1921 5192 Ε

2023 5153 2083 5193 ιδ.
2120 5152 2194 5199 ιν,
2224 5135 2309 5189 l3.
2384 5135 2431 5167 ³⁸
2472 5136 2491 5187 ι
2525 5135 2650 5188 Cor.
2682 5151 2777 5198 ιιι,
2819 5134 2900 5196 l2,
2928 5146 3040 5200 seq.

387 5198 431 5235 “
456 5202 592 5259 Psal.
612 5221 798 5265 vam,
823 5198 908 5259 l0.
982 5205 1024 5238 “
1046 5205 1196 5258 Joan.
1230 5221 1283 5268 ιι,
1318 5207 1398 5261 l9.

402 5295 559 5414 M92)
607 5297 789 5366 Ὺπέρ.
827 5297 901 5351 Ita
934 5298 1071 5352 idem
1109 5300 1272 5352 codex
1313 5296 1669 5360 Bodleianus;
1699 5297 1921 5366 Regius,

395 5377 683 5526 fici-3LT};
728 5432 854 5487 τοῦ.
913 5432 1003 5486 Sic
1056 5435 1222 5487 codex
1272 5432 1637 5496 Bodleianus;
1688 5432 1923 5499 Regius,

401 5512 495 5547 των
524 5515 628 5552 TOU.

465 5564 566 5631 ll’é)
609 5570 790 5625 Ὄντα.
822 5572 909 5625 δὴ·
943 5569 1104 5624 codex
1136 5567 1473 5632 Bodleianns;
1511 5564 1730 5636 Regius,
1755 5568 1849 5622 τά.
1915 5628 1919 5633 ,

2020 4247 2250 4313 perfecta
2276 4255 2400 4300 tunc
2426 4260 2544 4299 cum
2588 4246 2891 4312 cognitione
2920 4244 3020 4299 ﬁde
3072 4245 3232 4298 etiam
3269 4245 3507 4314 ipsorum
3533 4284 3550 4310 ,

2020 4348 2071 4389 et
2098 4336 2316 4389 credent
2351 4337 2605 4398 sermoni,
2631 4350 2787 4402 quem
2815 4335 3007 4388 dixerit
3028 4332 3199 4388 Iesus.
3233 4332 3369 4400 Quin
3399 4349 3554 4389 unus—

2022 4424 2251 4493 quisque
2273 4425 2362 4491 qui
2397 4425 2503 4477 erit
2538 4422 2867 4493 bujusntodi,
2892 4423 3018 4477 Jesu
3043 4422 3189 4476 illum
3217 4424 3551 4492 puriﬁcante,

2023 4527 2142 4565 cum
2171 4512 2467 4579 deposuerit
2496 4527 2612 4580 quae
2643 4512 2818 4565 aliena
2851 4520 2978 4566 sunt
3006 4526 3035 4565 a
3061 4514 3287 4578 ratione,
3326 4527 3389 4567 ac
3420 4526 3551 4566 ven-

2023 4601 2221 4664 dentia,
2245 4610 2461 4670 propter
2494 4601 2847 4656 inltabitantis
2880 4602 2933 4655 in
2963 4616 3023 4657 se
3046 4602 3166 4657 Filii
3216 4604 3307 4657 Dei
3353 4605 3550 4670 zelum,

2022 4692 2340 4755 destruetur,
2371 4699 2427 4744 ut
2458 4707 2487 4744 a
2522 4691 2647 4746 Jesn
2670 4692 2904 4762 erigatur
2933 4709 2948 4747 :
2976 4707 3080 4747 non
3107 4694 3258 4747 tertia
3282 4694 3387 4758 die,
3412 4694 3553 4761 quod

2021 4782 2088 4832 ad
2119 4781 2439 4848 propositam
2486 4780 2766 4835 lectionem
2813 4780 3043 4844 attinet;
3087 4794 3185 4834 nec
3229 4781 3370 4833 enim
3428 4780 3587 4848 scri-l
3639 4834 3644 4839 ,

2023 4877 2166 4936 ptum
2190 4878 2312 4923 est:
2348 4888 2366 4920 ι
2399 4870 2660 4923 Destruite
2704 4869 2952 4936 templum
2989 4869 3112 4928 hoc,
3164 4875 3220 4919 et
3272 4865 3425 4919 tertia
3465 4866 3550 4919 die

2019 4954 2148 5013 illud
2190 4956 2471 5027 erigam,r
2509 4961 2601 5017 sed
2625 4994 2639 5020 ,
2705 4979 2723 5013 ι
2750 4962 2799 5013 in
2828 4961 2995 5014 tribus
3030 4957 3239 5013 diebus.
3269 4975 3288 5008 ι
3321 4958 3552 5025 Erigitur

3115 5130 3160 5162 ³⁹
3185 5130 3313 5184 ibid.
3340 5128 3409 5183 Ἡ
3436 5143 3548 5198 seq.

2094 5299 2205 5362 (l5)
2244 5296 2463 5363 Ἡμέρᾳ.
2491 5294 2563 5347 Ita
2596 5296 2732 5348 idem
2759 5295 2922 5347 codex
2949 5292 3291 5358 Bodleianus;
3328 5290 3548 5358 Regius,

2026 5380 2242 5436 pet-pera
2251 5382 2297 5436 με
2318 5405 2331 5425 ,
2368 5364 2519 5436 μετά.

2095 5423 2205 5504 (l6)
2244 5423 2654 5504 Πισξεύσουσι.
2700 5430 2790 5483 Sic
2838 5432 3007 5483 codex
3053 5428 3402 5488 Bodleianns;
3444 5423 3551 5480 Re-

2035 5497 2168 5572 gius,
2189 5497 2523 5551 πιστεύουσι.
