3880 6164
407 245 512 295 375

1761 273 1764 276 -
1843 240 2156 296 OIKIGENIS

3528 234 3636 285 576

407 357 548 408 enim
582 353 754 420 templi
783 352 998 414 erectio,
1059 361 1346 420 postquam
1376 353 1702 406 destructum
1743 353 1922 417 fuerit,

2036 355 2118 409 τοῦ
2149 355 2272 408 ναοῦ
2319 359 2382 425 τῇ
2419 354 2602 426 πρώτῃ
2655 354 2791 422 μετά
2835 353 2894 403 τὸ
2924 351 3153 420 λυθῆναι
3191 347 3390 417 ἡμέρᾳ
3422 346 3524 397 καὶ
3565 345 3634 414 τῇ

408 443 578 511 prima
633 450 687 492 et
738 439 965 492 secunda
1023 439 1143 501 die;
1197 441 1472 506 perficitur
1505 451 1679 495 autem
1729 442 1934 496 intotis

411 530 580 581 tribus
615 527 819 579 diebus.
848 525 1226 590 Quamobrem,
1249 540 1302 581 et
1331 529 1469 582 facta
1493 541 1575 583 est
1597 532 1932 593 resurrectio,

407 623 460 664 et
491 613 596 664 erit
624 613 962 673 resurrectio,
1001 613 1260 680 siquidem
1295 633 1314 664 ι
1339 631 1458 668 cum
1497 616 1709 671 Christo
1747 632 1932 670 conse-

406 699 532 764 pulti
565 713 765 760 sumus,
801 707 854 752 et
898 713 1018 751 eum
1064 701 1178 767 ipso
1225 704 1660 757 consurreximus
1711 705 1774 758 δ’.
1802 723 1820 755 ι
1873 705 1935 757 Et

403 786 650 856 quoniam
678 801 777 839 non
813 787 946 839 satis
972 797 1051 839 est
1076 788 1139 838 ad
1183 789 1445 856 integram
1495 793 1932 846 resurrectionem

404 855 528 926 illud
577 876 814 939 verbum,
871 893 889 925 ι
931 877 1383 940 consurreximus,
1430 900 1448 930 ι
1511 881 1726 933 additur
1763 899 1775 932 :
1816 900 1833 932 ι
1879 882 1932 934 1η

401 964 616 1017 (ΣΙιι-ίειο
646 979 832 1018 omnes
868 966 1295 1030 vivificabuntur,
1345 973 1708 1037 unusquisque
1758 980 1931 1024 autem

403 1052 453 1103 in
486 1068 584 1105 suo
612 1055 796 1106 ordine
835 1071 848 1106 :
879 1056 1124 1121 primitiae
1157 1056 1435 1119 Christus,
1474 1058 1664 1111 deinde
1691 1060 1776 1126 qui
1814 1069 1936 1112 sunt

406 1143 636 1206 Christi,
667 1143 716 1194 in
763 1142 990 1196 adventu
1039 1143 1154 1208 ejus
1196 1162 1208 1196 :
1245 1153 1512 1212 postremo
1546 1147 1666 1200 linis
1688 1147 1749 1199 “.
1783 1164 1800 1197 ι
1837 1148 1926 1200 ΙῖιτεΔ

407 1229 757 1282 snt-rectionis
791 1231 930 1282 enim
967 1229 1091 1282 illud
1115 1240 1214 1292 est,
1255 1231 1420 1297 prima
1467 1233 1551 1286 die
1597 1234 1647 1286 in
1692 1235 1934 1302 paradiso

403 1329 522 1367 esse
561 1315 686 1379 Dei;
725 1316 1128 1370 resurrectionis
1173 1317 1318 1378 item,
1371 1321 1584 1385 quando
1644 1335 1925 1387 apparens,

409 1403 582 1470 inquit
617 1419 632 1455 :
679 1422 695 1453 ι
726 1403 801 1456 Ne
832 1418 914 1457 me
953 1414 1159 1471 tangas,
1188 1406 1415 1458 nondum
1451 1409 1592 1461 enim
1613 1411 1824 1463 ascendi
1867 1411 1932 1461 ad

406 1490 615 1544 Patrem
639 1491 720 1557 “;
748 1510 764 1542 ι
800 1500 854 1544 at
883 1493 1116 1559 perfecta
1162 1505 1244 1545 est
1273 1497 1591 1550 resurrectio
1630 1512 1748 1550 eum
1792 1499 1935 1552 vadit

406 1585 469 1632 nil
502 1581 736 1634 Patrem.
778 1579 1037 1646 Quoniam
1086 1598 1212 1635 vero
1249 1585 1462 1648 quidam
1511 1587 1928 1650 confunduntur,

405 1684 526 1721 cum
549 1670 792 1722 venerint
818 1670 882 1722 ad
931 1670 1101 1725 locum
1131 1673 1195 1725 de
1226 1672 1382 1727 Patre
1411 1685 1463 1726 et
1487 1675 1642 1735 Filio,
1676 1678 1936 1731 addueeu-
1968 1658 2006 1710 Β

407 1767 486 1810 trs
522 1758 646 1811 illud
682 1773 694 1808 :
734 1775 752 1808 ι
782 1758 1088 1812 lnvenimur
1134 1769 1311 1814 autem
1353 1771 1405 1815 et
1463 1763 1575 1816 falsi
1615 1774 1775 1819 testes
1822 1766 1933 1828 Dei,

405 1846 546 1910 quod
579 1848 754 1900 testati
789 1847 1045 1900 fuerimus
1065 1848 1320 1902 adversus
1346 1851 1508 1904 Deum
1533 1891 1546 1914 ,
1573 1854 1710 1918 quod
1739 1854 1936 1906 ext-ita-

407 1937 544 1988 verit
597 1937 866 1989 Christum
914 1951 1072 2004 quem
1121 1953 1222 1990 non
1269 1940 1518 1993 excitavit
1572 1942 1701 2003 ης»
1751 1954 1804 1996 et
1854 1945 1936 1997 his

405 2028 599 2080 similia
630 2027 956 2081 declarantia
981 2029 1140 2080 alium
1165 2043 1282 2082 esse
1320 2044 1441 2083 eum
1478 2033 1566 2098 qui
1599 2033 1848 2087 excitavit
1870 2036 1936 2089 .tb

406 2133 469 2163 ιιι»
494 2116 581 2182 qui
608 2117 876 2172 excitatus
906 2117 1005 2169 fuit
1032 2135 1045 2180 ;
1077 2128 1130 2171 et
1157 2119 1281 2171 illud
1310 2137 1324 2172 :
1355 2121 1651 2178 «Destruite
1685 2127 1933 2192 templum

405 2205 528 2266 hoc,
552 2213 604 2258 et
635 2205 686 2257 iu
721 2207 889 2260 tribus
931 2208 1114 2262 diebus
1147 2211 1348 2278 erigam
1384 2211 1532 2274 illud,
1559 2231 1576 2263 ι
1631 2215 1938 2268 existiman-

409 2304 487 2346 tes
510 2309 573 2346 ex
603 2293 688 2348 his
705 2295 912 2348 ostendi
938 2312 1162 2350 numero
1187 2315 1290 2352 non
1325 2299 1534 2354 diﬂ‘erre
1562 2303 1754 2357 Filium
1778 2320 1806 2358 a
1835 2306 1936 2359 Pa-

403 2392 506 2445 tre,
530 2383 625 2436 sed
652 2394 932 2453 utrumque
958 2402 1059 2440 non
1095 2389 1267 2441 solum
1301 2392 1616 2456 substantia,
1663 2395 1754 2448 sed
1776 2396 1933 2448 etiam

403 2473 643 2539 subjecto
685 2488 845 2525 unum
874 2514 888 2538 ,
917 2477 1208 2529 secundum
1254 2479 1507 2544 quasdam
1541 2483 1933 2550 iutelligcntias.

406 2574 509 2609 non
537 2563 828 2613 secundum
862 2563 1183 2630 Iiypostasim
1215 2565 1458 2620 diversos
1509 2569 1608 2622 dici
1647 2569 1852 2625 Patrem
1886 2579 1938 2625 et

407 2647 597 2699 Filium
637 2666 648 2700 :
687 2649 790 2702 illis
841 2651 1167 2716 respondere
1202 2654 1476 2719 debemus,
1517 2659 1565 2710 in
1603 2659 1788 2724 primis
1815 2663 1935 2727 qui-

406 2737 525 2788 dum
554 2751 614 2789 ea
647 2740 808 2792 verba
854 2757 971 2809 qua:
1003 2746 1272 2812 praecipue
1320 2757 1558 2801 astruant
1610 2750 1766 2802 alium
1817 2766 1934 2806 esse

405 2827 594 2878 l'ilinm
621 2842 649 2878 a
685 2827 862 2892 Patre,
887 2839 940 2883 et
973 2834 1112 2898 quod
1140 2836 1444 2889 necessario
1473 2836 1636 2890 Filius
1666 2841 1736 2892 sit
1761 2839 1932 2896 Patris

2031 443 2276 513 δευτέρᾳ,
2310 443 2600 496 τελειοῦται
2629 443 2684 494 δὲ
2713 439 2878 493 αὑτοῦ
2907 441 2941 505 ἡ
2972 438 3198 508 ἔγερσις
3235 437 3299 488 ἐν
3335 435 3492 494 ὅλαις
3515 435 3638 492 ταῖς

2030 531 2203 599 τρισὶν
2229 530 2475 600 ἡμέραις.
2500 531 2596 581 Διά
2625 529 2780 580 τοῦτο
2803 528 2896 579 καὶ
2920 526 3146 593 γέγονεν
3175 522 3518 585 ἀνάστασις,
3539 519 3636 572 καὶ

2032 618 2178 669 ἔσται
2203 619 2513 679 ἀνάστασις,
2539 617 2668 684 εἴγε
2689 635 2706 666 ι
2745 615 3126 682 συνετάφημεν
3144 612 3230 681 τῷ
3257 610 3518 681 Χριστῷ,
3538 611 3637 662 καὶ

2035 705 2426 774 συνανέστημεν
2463 704 2626 772 αὐτῷ.
2673 723 2690 755 ι
2728 705 2836 757 Καὶ
2884 703 3006 755 ἐπεὶ
3045 704 3148 754 οὐκ
3179 701 3354 771 ἀρκεῖ
3389 699 3508 766 (17)
3554 699 3635 760 είς

2031 795 2126 862 τὴν
2157 792 2282 862 ὅλην
2299 793 2582 844 ἀνάστασιν
2613 792 2691 853 τὸ,
2716 789 3207 856 συνανέστημεν,
3233 807 3254 838 ι
3296 789 3360 840 ἐν
3393 786 3478 855 τῷ
3500 787 3637 855 Χρι-

2036 883 2148 952 στῷ
2179 884 2373 944 πάντες
2398 882 2904 950 ζωοποιηθήσονται,
2952 880 3188 942 ἕκαστος
3223 878 3286 929 δέ
3317 879 3380 929 ἐν
3407 876 3488 944 τῷ
3523 875 3640 943 ἰδίῳ

2029 972 2287 1040 τάγματι·
2313 970 2532 1038 ἀπαρχὴ
2564 969 2814 1038 Χριστὸς,
2848 969 3039 1020 ἔπειτα
3073 968 3126 1019 oi.
3156 965 3259 1017 τοῦ
3292 963 3548 1036 Χριστοῦ
3579 965 3638 1016 ἐν

2031 1064 2096 1130 τῇ
2119 1060 2379 1130 παρουσίᾳ⁴
2413 1059 2594 1120 αὑτοῦ,
2627 1055 2743 1110 εἶτα
2765 1058 2824 1108 τὸ
2840 1057 3011 1118 τέλος.
3045 1074 3064 1106 ι
3107 1055 3510 1115 Ἀναστάσεως
3525 1053 3638 1123 γάρ

2030 1145 2095 1217 ἦν
2113 1149 2200 1200 καὶ
2225 1149 2282 1200 τὸ
2326 1151 2382 1200 ἐν
2412 1149 2476 1216 τῇ
2507 1146 2691 1216 πρώτῃ
2723 1145 2903 1215 ἡμέρᾳ
2930 1144 3196 1211 γενέσθαι
3236 1144 3299 1194 ἐν
3337 1142 3420 1212 τῷ
3453 1159 3638 1212 παρα-

2031 1237 2186 1304 δείσῳ
2209 1235 2298 1287 τοῦ
2323 1233 2476 1287 Θεοῦ·
2511 1234 2850 1294 ἀναστάσεως
2871 1232 2950 1296 δὲ,
2971 1231 3067 1284 καὶ
3086 1231 3182 1283 ὅτε
3217 1229 3340 1300 (18)
3376 1230 3641 1298 φαινόμε-

2033 1325 2117 1385 νός
2149 1340 2296 1392 φησι·
2337 1340 2355 1371 ι
2395 1323 2482 1391 Μή
2527 1339 2626 1390 μου
2684 1322 2874 1381 ἅπτου,
2925 1319 3081 1372 οὔπω
3129 1319 3247 1389 γὰρ
3303 1317 3640 1388 ἀναϐέϐηκα

2033 1413 2164 1482 πρὸς
2194 1413 2280 1463 τὸν
2309 1411 2538 1480 Πατέρα’
2578 1429 2595 1458 ι
2629 1412 2688 1461 τὸ
2719 1411 2772 1461 δὲ
2794 1409 2996 1461 τέλειον
3024 1410 3126 1477 τῆς
3143 1409 3516 1470 ἀναστάσεως
3544 1405 3635 1478 ἦν,

2033 1503 2118 1553 ὅτε
2139 1501 2341 1567 γίνεται
2368 1500 2498 1569 πρὸς
2517 1500 2604 1552 τὸν
2635 1498 2872 1568 Πατέρα.
2910 1499 3066 1550 Ἐπεὶ
3081 1498 3144 1550 δὲ
3179 1500 3232 1550 οἱ
3263 1498 3636 1568 συγχεόμενοι

2035 1591 2091 1639 ἐν
2140 1587 2214 1656 τῷ
2255 1571 2379 1657 περὶ
2415 1587 2622 1657 Πατρὸς
2663 1588 2757 1639 καὶ
2799 1585 2927 1638 Υίοῦ
2960 1585 3138 1655 τόπῳ,
3175 1586 3519 1654 συνάγοντες
3551 1588 3631 1639 τό·

2042 1695 2058 1725 ι
2100 1676 2471 1745 Εὐρισκόμεοα
2511 1675 2565 1727 δέ
2595 1677 2685 1728 καὶ
2712 1675 3169 1746 ψευδομάρτυρες
3213 1675 3317 1727 τοῦ
3358 1675 3521 1738 Θεοῦ,
3553 1677 3634 1728 ὅτι

2038 1767 2487 1834 ἐμαρτυρήσαμεν
2520 1765 2659 1816 κατά
2685 1763 2775 1815 τοῦ
2808 1763 2964 1826 Θεοῦ,
3002 1764 3087 1815 ὃτι
3123 1764 3327 1834 ἤγειρε
3363 1765 3456 1817 τὸν
3498 1766 3635 1834 Χρι-

2038 1855 2176 1915 στὸν,
2204 1853 2260 1905 ὃν
2287 1854 2384 1905 οὑκ
2411 1854 2614 1922 ἡγειρε·
2650 1871 2666 1902 ι
2699 1851 2790 1903 καὶ
2821 1851 2888 1902 τὰ
2927 1851 3145 1913 τούτοις
3173 1854 3344 1921 ὅμοια
3366 1852 3634 1922 δηλοῦντα

2033 1944 2213 2014 ἕτερον
2229 1939 2363 1995 εἶναι
2386 1943 2473 1995 τὸν
2496 1943 2781 2012 ἐγείραντα
2802 1940 2952 2011 παρά
2978 1941 3070 1992 τὸν
3093 1942 3508 2012 ἐγηγερμένοψ
3540 1943 3631 1994 καὶ

2032 2037 2110 2088 τόο
2141 2053 2160 2086 ι
2194 2033 2399 2086 Λύσατε
2448 2032 2538 2083 τὸν
2573 2032 2696 2082 ναὸν
2725 2030 2934 2091 τοῦτον,
2960 2031 3056 2082 καὶ
3087 2032 3148 2082 ἐν
3186 2032 3372 2098 τρισὶν
3395 2032 3632 2101 ἡμέραις

2034 2121 2205 2189 ἐγερῶ
2224 2120 2399 2173 αὐτόν’
2437 2137 2454 2169 ι
2476 2113 2583 2171 οἷον
2599 2119 2658 2169 τὸ
2674 2118 2782 2186 (19)
2813 2120 2876 2169 ἐκ
2896 2116 3105 2170 τούτων
3136 2119 3514 2187 παρίστασθαι
3554 2119 3628 2189 μὴ

2032 2210 2302 2279 διαφέρειν
2333 2207 2407 2276 τῷ
2437 2206 2652 2276 ἀριθμῷ
2679 2207 2767 2258 τὸν
2802 2205 2930 2258 Υἱὸν
2962 2205 3061 2258 τοῦ
3097 2208 3347 2278 Πατρός,
3397 2207 3514 2259 ἀλλ’
3549 2208 3626 2270 ἐν,

2034 2300 2092 2352 οὐ
2125 2299 2278 2368 μόνον
2308 2297 2482 2365 οὐσίᾳ,
2529 2294 2663 2347 ἀλλά
2714 2294 2807 2346 καὶ
2844 2295 3206 2367 ὑποκειμένῳ
3254 2297 3626 2366 τυγχάνοντας

2033 2381 2386 2450 ἀμφοτέρους,
2410 2379 2548 2431 κατά
2570 2395 2718 2439 τινας
2759 2380 3001 2442 ἐπινοίας
3031 2380 3361 2450 διαφόρους.
3386 2385 3449 2436 ού
3489 2382 3626 2436 κατά

2035 2470 2322 2523 ὑπόστασιν
2361 2467 2609 2535 λέγεσθαι
2643 2467 2860 2536 Πατέρα
2901 2469 2998 2520 καὶ
3032 2469 3189 2520 Υἰόν·
3228 2470 3455 2524 λεκτέον
3490 2472 3624 2542 πρὸς

2033 2561 2224 2620 αὐτοῦς
2242 2558 2449 2628 πρῶτον
2486 2558 2580 2626 μὲν
2606 2557 2671 2609 τὰ
2709 2558 3144 2626 προηγουμένως
3177 2577 3622 2614 κατασκευαστι-

2035 2648 2104 2702 κὰ
2139 2647 2273 2716 ῥητὰ
2296 2647 2387 2698 τοῦ
2420 2647 2600 2715 ἕτερον
2624 2643 2758 2697 εἶναι
2792 2644 2882 2696 τὸν
2913 2645 3042 2698 Υἱὸν
3075 2648 3355 2717 παρὼτδν
3382 2650 3618 2720 Πατέρα,

2034 2739 2124 2790 καὶ
2159 2738 2238 2790 ὅτι
2273 2736 2478 2804 ἀνάγκη
2504 2735 2594 2786 τὸν
2622 2734 2748 2785 Υίὸν
2785 2733 3000 2804 Πατρός
3023 2728 3171 2788 εἶναι
3211 2737 3366 2800 Υίὺν,
3413 2739 3509 2791 καὶ
3533 2739 3622 2790 τὸν

2033 2825 2246 2894 Πατέρα
2275 2823 2401 2876 Υἱοῦ
2426 2824 2656 2893 Πατέρα.
2686 2822 2840 2877 Μετά
2867 2823 2923 2876 δὲ
2947 2823 3110 2877 τοῦτο
3138 2827 3246 2879 οὐκ
3274 2826 3476 2880 ἄτοπόν
3508 2828 3620 2880 ἐστι

403 2913 586 2976 Filius,
633 2927 686 2968 et
741 2914 898 2972 Pater
949 2919 1066 2973 Filii
1114 2923 1183 2974 sit
1227 2923 1420 2986 Pater;
1478 2935 1586 2979 tum
1641 2943 1768 2980 vero
1823 2944 1926 2981 non

2037 2915 2125 2970 τδν
2165 2914 2517 2986 ὁμολογοῦντα
2562 2913 2726 2982 μηδὲν
2757 2910 3018 2966 δύνασθαι
3066 2918 3274 2979 ποιεῖν,
3313 2917 3409 2968 ἐὰν
3445 2917 3519 2986 μή
3569 2932 3618 2967 τι

402 3005 688 3056 absurdum
709 3020 842 3070 esse,
862 3021 980 3060 eum
1003 3010 1090 3076 qui
1118 3011 1344 3066 fateatur
1362 3029 1420 3068 se
1442 3016 1569 3068 nihil
1589 3032 1743 3084 posse
1768 3017 1933 3073 facere

2048 3005 2212 3075 βλέπῃ
2234 3001 2320 3054 τὸν
2343 3000 2554 3070 Πατέρα
2587 3000 2861 3063 ποιοῦντα,
2896 3001 2992 3053 καὶ
3019 3002 3280 3069 λέγοντα,
3311 3005 3394 3056 ὅτι
3421 3021 3440 3054 ι
3481 3007 3546 3056 Ὃ
3574 3002 3617 3055 δ’

400 3093 500 3144 nisi
531 3097 668 3158 quod
689 3095 881 3147 viderit
911 3096 1118 3149 Patrem
1143 3098 1425 3154 facientem
1449 3103 1513 3165 “,
1537 3119 1734 3172 qmque
1758 3105 1897 3159 dicat
1922 3125 1936 3160 :

2042 3092 2107 3146 ἂν
2129 3095 2155 3145 6
2186 3089 2368 3159 Πατὴρ
2396 3091 2552 3152 ποιεῖ,
2601 3088 2771 3142 ταῦτα
2798 3089 3000 3158 ὁμοίως
3027 3093 3126 3143 καὶ
3168 3095 3200 3144 ό
3233 3094 3366 3155 Υἱὸς
3395 3095 3557 3155 ποιεῖ,
3595 3111 3612 3142 ι

408 3198 424 3227 ι
447 3179 715 3246 Quidquid
747 3193 924 3236 autem
950 3183 1109 3237 Pater
1139 3188 1284 3247 facit,
1322 3190 1566 3243 similiter
1588 3193 1746 3244 etiam
1777 3193 1933 3248 Filius

2043 3179 2130 3233 τὸν
2165 3179 2369 3250 νεκρὸν,
2392 3179 2525 3248 ὅπερ
2549 3177 2608 3229 τὸ
2639 3176 2795 3245 σῶμα
2824 3172 2912 3247 ἦν,
2949 3181 3349 3251 ἐγηγερκέναι,
3386 3181 3479 3234 τοῦ
3513 3182 3618 3234 Πα-

404 3267 535 3321 facit
576 3269 642 3330 ⁸⁷.
675 3287 693 3320 ι
746 3287 938 3338 corpus
993 3278 1131 3341 quod
1182 3285 1446 3330 mortuum
1489 3289 1604 3333 erat
1648 3284 1935 3347 excitasse,

401 3355 560 3409 Patre
595 3357 694 3409 hoc
723 3357 796 3410 illi
830 3360 1100 3414 donante:
1137 3364 1225 3431 qui
1267 3363 1422 3419 Pater
1459 3370 1719 3436 prmcipue
1759 3372 1938 3424 dicen-

403 3444 503 3495 dus
538 3453 621 3496 est
645 3444 918 3497 Christum
952 3448 1214 3503 excitasse
1243 3466 1272 3503 e
1313 3455 1554 3506 mortuis.
1592 3455 1731 3509 Sane
1775 3456 1938 3510 Hera-

402 3533 557 3583 cleon
593 3532 778 3600 inquit,
813 3551 831 3583 ι
865 3533 912 3586 in
938 3535 1124 3601 tribus,
1157 3555 1176 3588 ι
1224 3540 1383 3608 2m
1413 3557 1505 3609 pro
1539 3559 1601 3596 eo
1652 3547 1792 3612 quod
1831 3557 1934 3612 est,

400 3625 450 3675 in
484 3621 662 3683 tertia,
701 3638 801 3675 non
830 3637 1196 3691 perscrutatus
1235 3630 1508 3697 (quamvis
1536 3635 1733 3686 notarit
1773 3651 1932 3688 vocu-

406 3710 503 3770 las,
530 3709 580 3760 iu
609 3711 794 3778 tribus)
824 3715 1090 3780 quomodo
1138 3714 1190 3768 in
1241 3717 1412 3770 tribus
1442 3719 1626 3771 diebus
1652 3731 1935 3789 peragatur

403 3803 742 3854 resurrectio.
772 3804 958 3856 Adhuc
992 3814 1165 3858 autem
1203 3817 1256 3860 et
1279 3809 1487 3860 tertiam
1530 3808 1666 3861 diem
1703 3810 1935 3876 appellat.

402 3888 750 3955 spiritualem,
781 3892 947 3959 inqua
981 3893 1248 3947 declarari
1275 3904 1458 3962 putant
1487 3896 1733 3950 Ecclesiae
1759 3913 1933 3951 resur-

403 3977 714 4030 rectionem.
777 3979 869 4032 llis
915 3994 1039 4033 vero
1067 3997 1398 4048 consequens
1417 3992 1501 4036 est
1531 3995 1586 4036 ut
1621 3985 1791 4052 prima
1821 3986 1931 4041 dies

405 4067 692 4126 terrestris,
724 4069 954 4120 secunda
991 4069 1234 4122 animalis
1259 4069 1487 4132 dicatur,
1518 4085 1621 4123 non
1659 4070 1792 4123 facta
1829 4072 1930 4126 Ec-

403 4152 576 4205 clesia:
606 4155 996 4206 resurrectione
1027 4155 1076 4206 in
1103 4155 1250 4221 ipsis.
1274 4155 1527 4209 Videntur
1551 4159 1794 4224 equidem
1815 4176 1932 4228 qum

2042 3269 2164 3338 τρδς
2190 3267 2336 3336 αὐτῷ
2355 3267 2460 3336 (20)
2500 3266 2656 3319 τοῦτο
2689 3266 3072 3336 χαριζομένου,
3099 3271 3162 3322 ὃν
3191 3271 3619 3342 προηγουμένως

2041 3355 2251 3408 λεκτέον
2281 3353 2732 3422 ἐγηγερκέναιτὸν
2766 3353 3001 3424 Χριστὸν
3033 3357 3100 3408 ὲκ
3132 3359 3368 3428 νεκρῶν.
3412 3361 3470 3410 Ὁ
3493 3358 3618 3428 μέν·

2039 3460 2182 3510 τοιγε
2209 3443 2511 3512 Ἡρακλέων
2543 3440 2622 3503 τὸ,
2661 3441 2730 3494 ἐν
2779 3443 2958 3510 τρισὶ,
2997 3447 3190 3515 φησὶν,
3239 3449 3363 3502 ἀντὶ
3401 3449 3516 3513 τοῦ,
3559 3449 3616 3498 ἐν

2039 3531 2213 3600 τρίτῃ,
2248 3529 2320 3599 μὴ
2351 3530 2664 3599 ἐρευνήσας,
2695 3530 2936 3599 καίτοιγε
2969 3535 3282 3604 ἐπιστήσας
3312 3535 3390 3606 τῷ
3413 3537 3522 3605 (21)
3547 3536 3609 3588 ἐν

2040 3617 2212 3684 τρισὶ,
2230 3615 2344 3677 πῶς
2369 3617 2424 3666 ἐν
2443 3615 2615 3684 τρισὶν
2643 3616 2986 3684 ἡάνάστασις
3016 3622 3332 3691 ἐνεργεῖται
3358 3623 3610 3692 ἡμέραις.

2043 3710 2158 3760 Ἔτι
2193 3707 2248 3759 δὲ
2287 3707 2377 3758 καὶ
2415 3707 2510 3775 τὴν
2550 3705 2735 3774 τρίτην
2764 3707 2895 3776 φησὶ
2924 3709 3027 3778 τὴν
3072 3714 3456 3782 πνευματικὴν
3481 3711 3614 3780 ἡμέ-

2039 3812 2158 3864 ραν,
2192 3795 2247 3846 ἐν
2341 3792 2534 3844 οἴονται
2560 3790 2958 3862 δηλοῦσθαιτὴν
2988 3795 3094 3864 τῆς
3130 3799 3461 3869 Ἑκκλησίας
3489 3798 3614 3852 ἀνά-

2039 3899 2241 3935 στασιν.
2276 3879 2486 3932 Τούτων
2518 3880 2574 3932 δέ
2608 3880 2892 3932 ἀκόλουθόν
2920 3884 3038 3936 ἐστι
3067 3886 3301 3958 πρώτην
3338 3888 3515 3955 λέγειν
3538 3884 3613 3939 εἷ-

2037 3991 2120 4026 ναι
2137 3972 2231 4041 τὴν
2246 3970 2428 4039 χοῖκὴν
2455 3971 2683 4040 ἡμέραν,
2710 3971 2802 4021 καὶ
2816 3970 2914 4039 τὴν
2929 3971 3202 4044 δευτέραν
3226 3977 3323 4046 τὴν
3355 3976 3609 4046 ψυχικὴν,

2035 4063 2094 4114 ού
2132 4059 2492 4128 γεγενημένης
2521 4059 2618 4126 τῆς
2659 4060 3007 4123 ἀναστάσεως
3038 4062 3146 4130 τῆς
3184 4066 3511 4136 Ἐκκλησίας
3555 4067 3612 4116 ἐν

2034 4153 2237 4213 αὑταῖς.
2277 4151 2456 4201 Ἐοικε
2490 4149 2584 4217 μὲν
2623 4150 2800 4202 τοίνυν
2849 4150 2917 4203 τὰ
2955 4153 3063 4205 ὑπὸ
3095 4157 3208 4208 τῶν
3239 4158 3298 4209 ἐν
3336 4157 3416 4227 τῷ
3471 4155 3612 4208 κατά

402 4242 599 4308 scripta
629 4244 826 4296 suntin
861 4243 1142 4310 Evangelia
1189 4246 1481 4298 secundum
1529 4246 1827 4302 Mattlizeum
1877 4260 1930 4304 et

2036 4239 2304 4294 Ματοαῖον
2319 4239 2411 4290 καὶ
2431 4238 2652 4308 Μάρκον
2669 4240 3140 4311 ἀναγεγραμμένα
3158 4246 3479 4315 Εὑαγγελίῳ
3499 4245 3611 4314 (22)

403 4327 638 4382 Marcum
664 4332 728 4383 de
767 4331 916 4384 falsis
945 4326 1189 4396 testibus,
1234 4333 1285 4384 in
1316 4333 1419 4387 fine
1464 4333 1732 4402 Evangelii
1765 4352 1925 4391 accu-

401 4419 648 4471 santibus
678 4419 956 4472 Dominum
994 4431 1233 4474 nostrum
1254 4419 1431 4475 Jesum
1468 4421 1758 4489 Christum,
1789 4428 1927 4479 rela-

405 4505 598 4558 tionem
626 4506 822 4559 habere
855 4506 918 4558 ad
951 4507 1076 4559 illud
1107 4522 1118 4553 :
1160 4526 1178 4558 ι
1201 4505 1465 4564 Destruite
1515 4511 1763 4578 templum
1802 4513 1925 4575 huc,

398 4601 452 4645 et
475 4607 572 4658 ego
599 4593 650 4646 in
686 4594 856 4648 tribus
883 4595 1068 4648 diebus
1097 4595 1294 4664 crigam
1326 4596 1476 4651 illud.
1509 4617 1527 4649 ι
1566 4597 1656 4651 Ille
1691 4599 1831 4652 enim
1859 4601 1924 4653 de

400 4684 594 4752 templo
640 4686 878 4752 corporis
927 4685 1006 4738 sui
1041 4685 1247 4740 dicebat
1273 4725 1288 4749 ,
1345 4703 1462 4755 quae
1493 4687 1562 4740 illi
1595 4689 1928 4756 suspicantes

398 4775 462 4826 de
483 4789 547 4826 eo
577 4773 769 4841 templo
795 4774 898 4829 dici
922 4778 1061 4844 quod
1083 4793 1145 4831 ex
1172 4777 1433 4846 lapidibus
1458 4777 1774 4831 adificatqu
1814 4776 1928 4832 fue-

2031 4328 2476 4400 ψευδομαρτύρων
2511 4327 2644 4398 πρὸς
2669 4328 2747 4397 τῷ
2766 4329 2909 4381 τέλει
2935 4331 3032 4383 τοῦ
3066 4333 3407 4404 Εὑαγγελίου
3445 4351 3611 4404 κατη-

2031 4418 2327 4489 γορούντων
2351 4415 2441 4468 τοῦ
2465 4417 2667 4485 Κυρίου
2694 4418 2848 4486 ἡμῶν
2880 4420 3058 4490 Ἰησοῦ
3086 4424 3332 4491 Χριστοῦ
3365 4425 3463 4496 τὴν
3484 4427 3611 4477 ἀνα-

2031 4506 2199 4576 φορὰν
2224 4505 2362 4574 ἔχειν
2387 4504 2476 4555 ἐπὶ⁸
2509 4505 2586 4556 τόο
2629 4522 2646 4554 ι
2687 4505 2898 4558 Λύσατε
2931 4509 3025 4560 τὸν
3049 4512 3178 4563 ναὸν
3209 4514 3424 4577 τοῦτον,
3455 4512 3610 4581 κάγώ

2030 4599 2085 4648 ἐν
2119 4595 2290 4664 τρισὶν
2332 4593 2560 4664 ἡμέραις
2607 4595 2782 4666 ἐγερῶ
2817 4595 2997 4650 αὐτόν’
3050 4618 3069 4650 ι
3106 4602 3136 4652 6
3173 4604 3278 4671 μὲν
3311 4603 3422 4674 γὰρ
3456 4605 3608 4670 έλεγε

2030 4685 2154 4754 περὶ
2182 4683 2270 4735 τοῦ
2294 4683 2418 4734 ναοῦ
2457 4684 2549 4736 τοῦ
2585 4683 2834 4753 σώματος
2857 4687 3044 4751 αὑτοῦ,
3082 4692 3133 4741 οἱ
3168 4692 3214 4743 δ’
3253 4694 3606 4754 ὑπονοοῦντες

2032 4776 2156 4843 περὶ
2183 4771 2274 4824 τοῦ
2313 4774 2376 4824 ἐκ
2402 4772 2562 4826 λίθων
2605 4774 3044 4846 οἰκοδομηθέντος
3074 4781 3208 4833 ναοῦ
3258 4783 3512 4852 λέγεσθαι
3540 4781 3608 4834 τά

463 4933 509 4964 δ’
547 4934 701 4990 Rom.
735 4953 806 5002 vi,
833 4938 884 4992 4.
960 4939 1004 4970 ⁵³
1037 4937 1054 4992 Ι
1084 4939 1187 4993 Cor
1231 4955 1316 5002 xv,
1358 4937 1427 4991 22
1477 4949 1627 5007 seqq.
1700 4938 1746 4971 “
1771 4939 1933 4994 ἔθου.)

2050 4941 2133 4994 l'l.
2207 4937 2293 4989 “l
2325 4938 2451 4994 Cur.
2487 4956 2576 5006 xv,
2607 4937 2690 4993 15.
2767 4938 2814 4971 ⁸⁸
2841 4939 2998 4996 Joan.
3034 4959 3088 5007 v,
3113 4942 3204 4997 l9.
3289 4944 3334 4976 ⁵⁷
3369 4943 3499 4998 ibid.

464 5068 574 5135 (Π)
608 5071 726 5120 Οὐκ
758 5067 937 5133 ἀρκεῖ.
973 5067 1048 5121 Ita
1078 5068 1214 5121 idem
1246 5070 1411 5123 codex
1444 5069 1792 5134 Bodleianus;
1826 5068 1919 5124 Re-

396 5135 530 5198 gius,
558 5137 617 5186 ού
649 5137 824 5186 κάκεῖ.

464 5205 574 5280 (l8)
614 5203 721 5280 Καὶ
786 5203 899 5256 ὅτε.
953 5203 1042 5257 Sic
1093 5203 1258 5257 codex
1315 5203 1669 5270 Bodleianus;
1732 5205 1929 5274 Regius

399 5270 576 5321 omisit
607 5269 718 5321 καί.

470 5335 578 5402 (19)
621 5334 753 5388 Οἶογ
790 5341 874 5390 τό.
912 5337 1265 5392 Scribentlum
1298 5340 1512 5394 οἴονται.

405 5399 580 5514 φεῦ)
631 5405 810 5468 Αὐτῷ.
875 5406 962 5460 Sic
1037 5407 1198 5458 codex
1279 5407 1632 5474 Bodleianus;
1693 5409 1924 5480 Regius,

2102 5073 2214 5208 γεη
2259 5072 2362 5135 Τῷ.
2399 5075 2496 5133 Sic
2521 5080 2686 5135 codex
2727 5079 3085 5145 Bodleianus;
3124 5081 3347 5150 Regius,
3377 5081 3456 5133 τό.

2123 5141 2190 5192 22
2253 5143 2620 5208 Εὐαγγελίω.
2663 5149 2737 5202 lta
2770 5151 2940 5204 codex
2980 5150 3343 5208 Bodleianus;
3374 5150 3453 5201 Re

2123 5141 2620 5219 ?3)“Et307fredlq;.
2663 5149 2737 5202 lta
2770 5151 2940 5219 codex
2980 5141 3343 5212 Bodleianusi
3374 5147 3598 5214 Regius,

2033 5209 2842 5287 ῐιοιιιΙθ,Εὑᾳγγέλια,Ὀιιξιθιίιηὶ
2870 5218 3100 5274 distorta
3141 5222 3256 5276 hazc
3307 5209 3610 5287 Sl\“‘_g:‘\“3

2030 5278 2126 5359 sic,
2159 5286 2212 5327 nt
2240 5278 2553 5359 'adnotavit’
2588 5289 2824 5351 Huetius,
2855 5291 3133 5359 dirigenda
3179 5293 3350 5359 emo}
3385 5278 3612 5359 ξξᾚόικε

2034 5343 2346 5431 ξ’,ξξ-’ῗῗίνυν
2387 5353 2463 5431 τρι
2731 5343 2873 5431 κατὰ
2918 5343 3369 5431 Μ’ἆτοαζονηξιαὶ-
3388 5349 3608 5431 Μάρκον

2031 5412 2534 5543 ῗῒὲξυῗείξίσῑίλίμιένα⁷
2554 5412 2868 5502 Eoi-{701:9
2904 5412 3028 5499 περὶ
3071 5428 3176 5480 τῶν
3228 5412 3602 5495 ψευδομαῇτΰ·
