3880 6218
170 331 257 414 ᾗ

282 285 372 344 47

1471 324 1816 388 cunnum.
1859 300 1926 383 in
1965 294 2155 386 ιοιιιι.
2193 325 2430 386 τοιιυε
2475 328 2544 388 x.

3472 325 3575 379 37$

188 404 513 520 £4.13???
571 421 721 498 εῑρη
733 433 904 499 μένα
952 441 1200 509 ἔφασκον
1240 443 1674 514 κατηγοροῦντες·
1717 456 1737 489 t
1773 434 1938 506 Οὗτος

2045 453 2146 508 rat,
2177 460 2293 514 qua:
2319 441 2405 496 hic
2433 443 2571 497 dicta
2612 449 2765 501 sunt,
2816 439 3066 493 dixerunt
3110 438 3426 492 accusantes
3475 437 3570 492 κε

214 499 273 595 ᾖ
294 510 405 598 9ης
424 499 709 598 Δύναμαι
757 499 1103 584 καταλῦσαι
1136 532 1239 585 τὸν
1263 499 1496 586 vultu-tofi
1522 499 1675 595 Θεοῦ,
1702 529 1795 583 καὶ
1849 499 1938 584 διά

2044 552 2062 584 ι
2094 499 2355 589 ll'ic'dixit
2392 548 2407 585 :
2434 530 2655 585 Possum
2686 499 2964 583 destruere
2991 524 3239 592 templum
3265 524 3376 589 Dei,
3406 534 3459 578 et
3480 541 3574 593 per

241 596 456 691 ιρξξξθν
494 596 754 691 iul-595W
790 615 984 670 αὐτὸν
1030 621 1397 690 οἰκοδομῆσαι·
1437 638 1455 672 ι
1483 619 1612 691 ἢὼς
1642 621 1671 671 6
1695 619 1935 689 Μάρκος·

346 677 562 754 Ἡμεῖς
592 692 964 772 ἠκούσαμεν
993 708 1158 761 αὐτοῦ
1177 708 1444 776 λέγοντος,
1476 709 1578 770 ὅτι,
1611 705 1750 773 Ἐγὼ
1771 722 1938 759 κατα-

294 777 377 847 ),ὑ
386 790 467 829 ϐω
496 776 595 834 τδν
617 785 764 841 ναὸν
801 792 1011 848 τοῦτον
1037 796 1128 850 τὸν
1150 797 1536 866 χειροποίητον,
1558 796 1650 848 καὶ
1667 793 1754 847 διὰ
1773 793 1938 864 τριῶν

325 869 563 942 ἡμερῶν
592 873 763 931 ἄλλον
786 879 1212 955 ἀχειροποίητον
1234 885 1631 954 ἀνοικοδομήσω
1654 883 1783 953 (25)·
1812 900 1831 934 ι
1851 882 1939 935 ὅτε

351 956 447 1010 καλ⁵
468 960 498 1012 6
529 960 836 1037 ἆρχιερεῦς
881 970 1127 1033 ἀναστὰς
1168 966 1319 1023 εἶπεν
1352 970 1516 1040 αὐτῷ’
1553 988 1572 1022 ι
1619 970 1781 1022 Οὐδὲν
1811 970 1942 1022 ἀπο-

369 1048 562 1122 κρίνη;
595 1050 650 1102 τί
681 1047 834 1107 οὗτοί
877 1073 974 1108 σου
1007 1057 1538 1129 καταμαρτυροῦσινς
1566 1058 1625 1109 Ὁ
1661 1056 1716 1109 δὲ
1741 1055 1942 1125 Ἰησοῦς

382 1142 598 1197 ὲσιιὶιπω
637 1163 656 1195 ι
689 1145 724 1216 ἢ
752 1145 831 1209 ὡς
861 1148 890 1199 6
919 1147 1130 1208 Λουκᾶς
1154 1146 1261 1216 (24)
1289 1147 1438 1217 φησί·
1466 1165 1484 1197 ι
1529 1147 1635 1199 Καὶ
1656 1145 1887 1208 ἀναστὰς
1913 1147 1942 1198 6

391 1236 664 1305 ἀρχιερεὺς
703 1235 784 1295 είς
823 1233 1013 1303 μέσον,
1049 1233 1368 1304 ἐπηρώτησε
1390 1236 1480 1289 τὸν
1511 1236 1714 1305 Ἰησοῦν
1744 1236 1936 1303 λέγων·

330 1354 339 1365 ο
391 1324 494 1374 Οὐκ
516 1322 781 1391 ἀποκρίνῃ
815 1320 968 1374 οὐδέν
988 1337 1002 1386 ;
1024 1321 1078 1373 τί
1108 1317 1250 1374 οὗτοί
1284 1338 1375 1375 σου
1403 1323 1936 1395 καταμαρτυροῦσιν;

400 1414 455 1462 'U
489 1411 543 1463 δὲ
574 1411 806 1472 ἐσιώπα,
831 1411 925 1463 καὶ
964 1410 1062 1462 οὐκ
1095 1411 1421 1482 ἀπεκρίνατο
1446 1413 1616 1465 οὐδέν.
1658 1430 1677 1465 ι
1724 1411 1941 1481 Νομίζω

387 1500 431 1551 δ’
461 1500 773 1568 ἀναγκαίως
787 1500 882 1553 καὶ
913 1499 1085 1554 ταῦτα
1113 1501 1527 1570 παρατεθεῖσθαι
1554 1501 1648 1572 τὴν
1669 1500 1939 1572 ἀναφορὰν

387 1586 570 1656 ἔχοντα
597 1588 711 1658 (‘25)
738 1589 831 1641 ἐπὶ
861 1588 923 1640 τὸ
943 1589 999 1641 ὲν
1023 1589 1176 1660 χερσὶ
1212 1588 1390 1658 ῥητόν.

448 1762 536 1814 22.
560 1740 585 1812 ἰ
625 1759 802 1814 Εἶπαν
828 1756 920 1814 οὖν
951 1762 1001 1813 οἱ
1037 1761 1295 1814 Ἰουδαῖοι·
1326 1761 1738 1831 Τεσσαράκοντα
1763 1761 1855 1813 καὶ
1881 1760 1940 1824 ἓξ
1969 1741 2011 1793 Β

385 1851 551 1902 ἔτεσιν
571 1850 896 1921 ᾠκοδομήθη
916 1852 943 1902 6
968 1850 1092 1912 ναὸς
1133 1843 1301 1912 οὗτος.
1325 1851 1417 1902 καὶ⁵
1451 1851 1514 1901 σὺ
1542 1853 1599 1903 ἐν
1617 1851 1789 1920 τρισὶν
1811 1848 1943 1918 ήμέ-

387 1954 502 2006 ραις
529 1939 745 2006 ἐγερεῖς
762 1936 959 2000 αὐτόν;
1000 1955 1018 1986 ι
1057 1935 1179 1997 Πῶς
1196 1936 1595 2004 τεσσαράκοντα
1623 1935 1715 1986 καὶ
1742 1934 1799 1999 ἒξ
1824 1934 1940 1985 ἐτε-

385 2042 465 2077 σιν
495 2025 874 2095 ᾡκοδομῆσθαί
898 2041 1029 2092 φασι
1059 2025 1148 2076 τὸν
1167 2024 1290 2076 ναὸν
1310 2027 1358 2076 οἱ
1388 2024 1622 2076 Ἰουδαῖοι
1649 2023 1823 2090 λέγειν
1843 2023 1941 2075 οῦκ

384 2115 593 2186 ἔχομεν,
638 2118 689 2169 εί
732 2119 799 2187 τῇ
849 2116 1057 2186 ἱστορίᾳ
1100 2116 1662 2186 κατακολουθήσαιμεν
1688 2116 1816 2183 (26).
1848 2116 1942 2168 Γέ-

384 2220 619 2273 γραπται
642 2203 752 2273 γάρ
782 2207 840 2256 ὲν
868 2207 934 2274 τῇ
962 2204 1123 2276 τρίτῃ
1135 2203 1646 2266 τῶνΒασιλειῶν,ὼς
1668 2220 1688 2254 t
1715 2205 1940 2273 ήτοίμα·

392 2307 487 2343 σαν
539 2292 666 2353 τοὺς
716 2290 918 2354 λίθους,
967 2295 1063 2345 καὶ
1105 2292 1173 2344 τὰ
1207 2291 1334 2355 ξύλα
1387 2293 1560 2360 τρισὶν
1597 2290 1786 2344 ἐτεσιν.
1853 2292 1939 2343 Ἐν

383 2379 439 2432 δὲ
458 2379 534 2449 τῷ
560 2380 804 2449 τετάρτῳ
836 2379 968 2441 ἔτει,
1007 2380 1136 2450 μηνὶ
1169 2380 1418 2449 δευτέρῳ.
1459 2378 1825 2448 βασιλεύοντος
1848 2378 1938 2433 τοῦ

388 2466 639 2535 βασιλέως
664 2468 1008 2538 Σολομῶντος
1038 2468 1131 2520 ἐπὶ
1157 2468 1386 2539 Ἰσραὴλ,
1417 2468 1710 2523 ἐνετείλατο
1736 2470 1764 2521 6
1791 2469 1937 2538 βασι-

386 2554 524 2619 λεὺς,
545 2554 636 2606 καὶ
662 2554 879 2625 αἴρουσι
919 2555 1098 2617 λίθους
1130 2554 1391 2624 μεγάλους
1421 2553 1634 2623 τιμίους
1663 2556 1742 2617 είς
1768 2555 1827 2608 τὸ
1851 2555 1939 2608 θε-

391 2626 561 2712 μέλιον
591 2644 684 2696 τοῦ
704 2640 875 2706 οἴκου,
902 2646 994 2697 καὶ
1017 2643 1192 2706 λίθους
1224 2644 1602 2714 ἀπελεκήτουςσ
1634 2645 1727 2697 καὶ
1754 2644 1910 2699 ἐπελὲ

388 2744 553 2797 κησαν
599 2731 648 2781 oi
688 2730 796 2781 υἱοὶ
851 2729 1208 2798 Σολομῶντος,
1245 2729 1338 2781 καὶ
1364 2731 1412 2782 ul
1450 2730 1561 2783 υἱοὶ
1584 2731 1813 2801 Χειράμ’
1846 2732 1940 2785 καὶ

386 2816 569 2871 ἔϐαλον
597 2819 794 2881 αὐτοὺς
819 2820 879 2872 ἐν
904 2817 978 2887 τῷ
1005 2819 1246 2887 τετάρτῳ
1275 2817 1403 2879 ἔτει,
1447 2818 1540 2871 καὶ
1580 2819 1940 2889 ὲθεμελίωσαν

385 2908 471 2959 τὸν
499 2903 642 2959 οἶκον
673 2908 880 2978 Κυρίου
907 2910 966 2959 ὲν
1004 2909 1132 2977 μηνὶ
1150 2906 1347 2959 Νεισὰν
1374 2906 1506 2976 ('27),
1528 2908 1620 2961 καὶ
1648 2908 1724 2977 τῷ
1762 2909 1939 2964 δευτέ-

389 3011 463 3065 ρῳ
509 2996 654 3065 μηνί*
683 2995 957 3065 ἑνδεκάτῳ
987 2994 1233 3063 ἐνιαυτῷ,
1262 2995 1389 3063 μηνὶ
1435 2995 1600 3058 Βαὰλ,
1645 2996 1704 3059 ὃς
1728 2992 1794 3067 ἦν
1832 2997 1937 3068 μὴν

384 3082 581 3150 ὄγδοος,
616 3084 966 3152 συνετελέσθη
1008 3085 1036 3136 6
1068 3079 1211 3147 οἶκος
1238 3087 1316 3149 είς
1353 3085 1526 3139 πάντα
1565 3087 1720 3155 λόγον
1755 3088 1934 3153 αὑτοῦ,

386 3177 477 3228 καὶ
525 3177 605 3238 είς
656 3178 839 3230 πᾶσαν
872 3176 1111 3241 διάταξιν
1157 3178 1338 3232 αὑτοῦ.
1379 3198 1398 3231 ι
1440 3181 1554 3232 Ἵνα
1595 3176 1687 3233 οῦν
1716 3183 1809 3234 καὶ
1839 3183 1937 3253 τὴν

385 3265 695 3335 ἐτοιμασίαν
714 3266 880 3318 αὐτοῦ
906 3266 1393 3337 συγκατατάξωμεν
1422 3268 1531 3338 (‘28)
1550 3269 1628 3339 τῷ
1642 3269 1815 3340 χρόνῳ
1841 3271 1938 3340 τῆς

383 3353 685 3424 οἰκοδομῆς,
712 3355 903 3407 ἕνδεκα
930 3354 1023 3424 ἔτη
1049 3353 1117 3406 τὰ
1146 3355 1318 3408 πάντα
1343 3357 1404 3408 οὐ
1428 3357 1829 3429 συμπληροῦται
1862 3360 1939 3422 είς

386 3443 481 3514 τὴν
505 3444 792 3515 οἰκοδομὴν
805 3443 899 3496 τοῦ
924 3443 1071 3496 ναοῦ.
1093 3442 1214 3506 Πῶς
1240 3440 1333 3497 οὖν
1363 3447 1410 3497 οἱ
1450 3445 1683 3499 Ἰουδαῖοι
1701 3446 1934 3514 λέγουσι’

396 3552 413 3582 ι
423 3532 837 3601 Τεσσαράκοντα
848 3533 942 3585 καὶ
951 3531 1007 3598 ἓξ
1023 3532 1195 3586 ἐτεσιν
1214 3533 1529 3606 ᾠκοδομήθη
1543 3535 1572 3586 6
1586 3535 1710 3598 ναὸς
1723 3532 1871 3599 οὗτος
1886 3553 1899 3602 ;
1913 3556 1930 3588 ι

392 3625 437 3674 εί
468 3623 541 3692 μὴ
570 3623 675 3693 ἄρα
707 3639 794 3685 τις
822 3622 1147 3691 βιασάμενος
1188 3622 1598 3692 φιλοτιμήσηται
1626 3624 1734 3693 (29)
1765 3641 1939 3695 παρα·-

392 3712 578 3782 στῆσαι
618 3712 729 3764 τῶν
772 3697 1177 3781 τεσσαράκοντα
1222 3712 1315 3763 καὶ
1357 3710 1417 3775 ἒξ
1453 3712 1589 3765 ὲτῶν
1634 3712 1939 3783 πληρούμε-

391 3817 473 3851 νον
505 3800 612 3868 (30)
637 3802 846 3871 χρόνον,
875 3801 966 3868 ἀφ’
998 3795 1060 3854 οὗ
1081 3802 1110 3853 6
1131 3800 1290 3852 Δαυῖδ
1322 3817 1451 3869 φησι
1480 3800 1614 3870 πρὸς
1642 3801 1826 3857 Νάθαν
1848 3802 1939 3854 τὸν

392 3891 685 3960 προφήτην,
746 3889 1167 3959 βουλευσάμενος
1214 3891 1341 3960 περὶ
1376 3891 1474 3959 τῆς
1519 3890 1802 3960 οἰκοδομῆς
1843 3891 1936 3944 τοῦ

390 3978 530 4032 ναοῦ·
580 3997 599 4030 ι
654 3980 788 4031 Ἰδοὺ
832 3978 943 4046 ἐγὼ
973 3978 1206 4031 κατοικῶ
1249 3981 1305 4031 ὲν
1346 3979 1478 4049 οἴκῳ
1508 3979 1750 4049 κεδρίνῳ,
1777 3979 1871 4032 καὶ
1901 3981 1935 4049 ή

391 4066 609 4130 κιϐωτὸς
635 4066 732 4119 τοῦ
753 4065 888 4119 Θεοῦ
917 4066 1149 4136 κάθηται
1182 4066 1242 4118 ὲν
1270 4066 1413 4135 μέσῳ
1440 4067 1538 4135 τῆς
1572 4067 1791 4137 σκηνῆς·
1832 4085 1851 4118 ι
1887 4068 1937 4119 εί

388 4155 488 4224 γὰρ
516 4155 839 4215 κεκώλυται,
858 4154 934 4217 ὡς
957 4155 1095 4224 ἀνὴρ
1122 4154 1364 4223 αἱμάτων
1394 4155 1735 4225 οἰκοδομῆσαι
1756 4156 1934 4221 αὐτὸν,

388 4242 521 4296 ἔοικέ
552 4261 617 4311 γε
664 4244 775 4314 (3|)
825 4242 1153 4312 ήσχολῆσθαι
1185 4242 1312 4311 περὶ
1353 4241 1453 4311 τὴν
1476 4242 1793 4309 συναγωγὴν
1835 4242 1936 4312 τῆς

2040 631 2147 675 tres
2173 621 2289 675 dies
2315 618 2444 673 illud
2470 617 2734 672 adiacere
2768 632 2783 669 :
2828 633 2850 666 ι
2880 613 2963 669 vel
2986 626 3044 668 ut
3072 613 3280 668 Marcus
3301 613 3346 646 ⁸⁸
3377 630 3393 667 :
3421 631 3440 665 ι
3464 613 3573 667 Nos

2038 711 2335 765 audivimus
2392 709 2533 762 hunc
2591 706 3018 773 dicenteszgo
3059 705 3265 759 dirusm
3319 702 3569 772 templum

2041 803 2139 854 hoc
2171 815 2328 854 manu
2363 798 2587 860 factum,
2619 805 2673 851 et
2700 810 2796 864 per
2820 805 2929 850 tres
2954 795 3067 849 dies
3088 794 3230 847 aliud
3272 808 3377 847 non
3412 807 3574 846 manu

2041 889 2237 944 factum
2269 886 2633 949 remdillcabo,
2661 904 2680 937 ι
2720 885 2935 952 quando
2955 893 3011 937 ει
3044 895 3283 937 summus
3319 880 3568 936 sacerdos

2038 993 2267 1046 surgens
2320 977 2458 1031 dixit
2512 975 2635 1031 illi:
2673 974 2862 1028 «Nihil
2918 973 3247 1041 respondes?
3317 986 3413 1026 cur
3478 971 3566 1025 isti

2038 1063 2316 1117 adversum
2358 1072 2409 1117 te
2464 1059 2860 1117 testiﬁcantur?
2888 1060 2956 1112 At
2999 1056 3155 1113 Jesus
3182 1058 3391 1113 tacebat
3437 1057 3517 1121 “;
3542 1075 3565 1109 ι

2038 1151 2119 1205 vel
2172 1159 2230 1203 ut
2286 1149 2497 1204 Marcus
2557 1149 2730 1218 inquit
2776 1148 2821 1180 ”
2856 1161 2873 1199 :
2910 1147 3020 1199 «Et
3067 1161 3288 1217 surgens
3335 1161 3573 1201 summus

2038 1239 2286 1293 sacerdos
2325 1239 2375 1291 in
2407 1238 2638 1292 medium
2665 1277 2682 1302 ,
2740 1236 3100 1303 interrogabat
3135 1233 3313 1289 Jesunt
3344 1235 3527 1290 dicens
3551 1251 3569 1288 :

2040 1326 2152 1381 Non
2196 1325 2481 1395 respondes
2538 1326 2875 1395 quidquam?
2931 1341 3027 1377 cur
3067 1323 3152 1376 isti
3186 1323 3468 1376 adversum
3520 1330 3573 1374 te

2039 1416 2218 1469 dicunt
2241 1414 2569 1469 testimonia?
2598 1415 2665 1468 At
2687 1414 2774 1467 ille
2809 1415 3037 1477 tacebat,
3071 1425 3243 1481 neque
3279 1410 3570 1479 quidquam
3634 1430 3638 1434 Α

2040 1504 2414 1572 respondebat.
2438 1520 2457 1553 ι
2487 1502 2732 1556 Arbitror
2758 1514 2885 1554 vero
2913 1501 3219 1554 necessario
3255 1500 3416 1551 etiam
3460 1500 3575 1550 haec

2040 1591 2198 1644 citata
2234 1591 2394 1645 fuisse
2427 1590 2735 1645 relationem
2780 1588 3032 1643 habentia
3082 1588 3153 1642 ad
3203 1602 3324 1642 eum
3368 1595 3570 1640 textum

2040 1679 2129 1745 qui
2155 1685 2240 1730 est
2267 1693 2376 1746 pne
2400 1678 2663 1731 manibus.
3467 1736 3480 1744 ,

2107 1766 2197 1820 22.
2239 1784 2258 1818 ι
2303 1767 2562 1821 Dixerunt
2590 1780 2719 1835 ergo
2760 1763 2926 1820 Judmi
2960 1782 2975 1821 :
3008 1765 3370 1834 Quadraginta
3393 1774 3448 1817 et
3476 1779 3569 1818 sex

2040 1856 2194 1909 annis
2222 1856 2538 1910 aediﬁcatum
2561 1869 2641 1910 est
2680 1857 2931 1925 templum
2959 1857 3080 1920 hoc,
3123 1867 3179 1911 et
3221 1866 3274 1910 tu
3312 1856 3363 1908 in
3396 1856 3572 1909 tribus

2039 1942 2229 1997 diebus
2254 1943 2428 2011 eriges
2456 1941 2583 1994 illud
2612 1943 2698 1995 ιιι
2730 1961 2748 1993 ι
2790 1943 3066 2009 Quomodo
3119 1942 3470 2010 quadraginta
3514 1949 3573 1994 et

2039 2045 2130 2084 sex
2156 2031 2312 2084 annis
2338 2038 2668 2083 exstructum
2691 2029 2856 2084 fuisse
2889 2029 3053 2084 Judaei
3096 2031 3281 2082 dicant
3321 2028 3570 2096 templum

2041 2122 2161 2185 hoc,
2189 2119 2231 2172 si
2262 2118 2541 2171 historiam
2572 2132 2881 2186 sequamur,
2912 2118 3091 2171 dicere
3120 2134 3224 2172 non
3266 2130 3567 2185 possumus.

2039 2208 2166 2260 Nam
2198 2207 2249 2260 in
2281 2207 2436 2259 tertio
2452 2205 2647 2275 Regum
2667 2207 2918 2273 scriptum
2937 2216 3018 2259 est
3043 2206 3113 2269 ⁵³,
3138 2206 3279 2273 quod
3309 2221 3328 2255 ι
3364 2218 3568 2272 praepa-

2052 2296 2288 2350 raverint
2334 2296 2532 2363 lapides
2569 2303 2624 2349 et
2667 2295 2805 2362 ligna
2836 2295 3006 2348 tribus
3038 2295 3220 2349 annis.
3275 2294 3330 2347 ln
3375 2301 3571 2359 quarto

2037 2395 2211 2438 autem
2243 2399 2404 2447 anno,
2435 2398 2616 2438 mense
2643 2385 2898 2449 secundo,
2944 2393 3197 2453 regnante
3242 2395 3365 2450 rege
3416 2380 3570 2434 Salo.

2038 2489 2192 2528 mone
2212 2487 2371 2541 super
2396 2472 2582 2536 Israel,
2605 2473 2878 2526 mandavit
2908 2487 3000 2526 rex
3023 2511 3040 2533 ,
3066 2480 3120 2525 et
3158 2472 3346 2525 tollunt
3368 2470 3571 2539 lapides

2036 2563 2284 2631 grandes,
2310 2560 2513 2628 lapides
2541 2562 2805 2628 pretiosus
2851 2577 2946 2630 pro
2982 2561 3325 2614 fundamento
3357 2560 3567 2620 domus,

2034 2658 2194 2718 atque
2253 2649 2455 2716 lapides
2500 2649 2815 2716 impolitus;
2847 2659 2900 2703 et
2949 2650 3285 2713 sculpserunt
3329 2661 3425 2702 eos
3475 2646 3569 2700 lilii

2038 2737 2362 2800 Salomonis,
2420 2746 2475 2790 et
2516 2737 2607 2791 lilii
2663 2737 2880 2792 Cbiram
2908 2737 3289 2805 ,jeceruntqne
3337 2750 3429 2790 eos
3473 2749 3571 2802 pro

2035 2825 2344 2880 l‘undatione
2377 2824 2429 2879 in
2465 2834 2658 2893 quarto
2686 2840 2852 2889 anno,
2888 2836 2942 2879 et
2974 2826 3331 2878 l'undareruut
3357 2826 3568 2878 domum

2034 2913 2241 2968 Domini
2270 2915 2323 2966 in
2353 2928 2535 2968 mense
2566 2913 2728 2967 Nisan
2769 2915 2839 2984 (is
2878 2924 2961 2969 est
3000 2914 3270 2968 secundus
3311 2914 3565 2979 mensis);

2037 3002 2315 3056 undecimo
2359 3011 2536 3055 autem
2583 3016 2759 3064 anno,
2811 3002 2863 3054 in
2913 3015 3096 3055 mense
3142 3000 3286 3064 Baal,
3338 2999 3428 3067 qui
3481 3007 3566 3051 est

2040 3089 2234 3142 mensis
2295 3088 2450 3156 20],
2517 3097 2759 3149 octavus,
2818 3088 3052 3156 perfecta
3102 3097 3185 3141 est
3234 3089 3422 3139 domus
3474 3100 3569 3152 per

2035 3187 2221 3227 omnes
2243 3184 2422 3241 partes
2451 3188 2597 3235 suas,
2634 3173 2855 3240 etjuxta
2885 3180 3138 3225 cunctam
3162 3169 3567 3237 dispositionem

2037 3277 2190 3315 suam
2220 3263 2286 3317 ⁸⁸.
2316 3280 2336 3314 ι
2376 3259 2444 3315 Ut
2471 3274 2601 3328 ergo
2627 3261 2790 3314 etiam
2827 3258 3268 3329 prmparatiunem
3296 3258 3416 3326 ejus
3441 3272 3565 3311 cum

2040 3359 2274 3415 tempore
2303 3358 2583 3403 structurae
2612 3361 3046 3408 annumeremus,
3104 3346 3346 3398 undecim
3395 3357 3567 3397 anno-

2039 3451 2154 3489 rum
2189 3451 2440 3489 numerus
2469 3451 2571 3489 non
2605 3434 2900 3500 completur
2927 3433 2992 3485 ad
3020 3442 3340 3487 structuram
3366 3430 3566 3498 templi.

2036 3525 2387 3589 Quamobrem
2401 3524 2661 3593 quomodo
2675 3522 3058 3584 Judwidicunt,
3089 3538 3107 3571 ι
3139 3520 3488 3589 quadraginta
3516 3526 3570 3572 et

2035 3626 2132 3665 sex
2170 3613 2325 3664 annis
2349 3611 2668 3665 aediﬁcatum
2705 3609 2870 3662 fuisse
2924 3609 3174 3675 templum
3228 3607 3366 3660 hoc?
3410 3625 3428 3658 ι
3456 3605 3567 3659 Nisi

2036 3699 2172 3754 forte
2211 3699 2353 3767 quis,
2401 3699 2494 3766 qui
2532 3706 2835 3767 urgeretur,
2883 3698 3233 3749 contenderet
3285 3696 3569 3749 ostendere

2036 3798 2242 3857 tempus
2268 3790 2614 3858 quadraginta
2643 3798 2695 3841 et
2719 3802 2808 3842 sex
2844 3799 3104 3840 annorum
3129 3784 3381 3852 compleri
3408 3787 3476 3838 ab
3505 3799 3573 3841 ω

2038 3887 2270 3946 tempore
2297 3893 2404 3946 quo
2435 3878 2595 3930 David
2637 3876 2808 3943 inquit
2863 3876 2932 3929 ad
2973 3874 3183 3927 Natbau
3234 3874 3569 3941 prophetam,

2035 3967 2317 4022 consulens
2347 3969 2413 4021 de
2433 3966 2799 4025 aediﬁcatione
2827 3964 3008 4033 templi
3049 3984 3061 4018 :
3097 3982 3116 4013 ι
3143 3964 3221 4017 En
3253 3977 3354 4032 ego
3391 3965 3574 4023 habito

2034 4060 2088 4115 in
2117 4061 2278 4115 domu
2311 4058 2554 4123 cedrina,
2588 4069 2642 4113 et
2662 4072 2789 4122 arca
2826 4057 2916 4111 Dei
2960 4067 3139 4109 manet
3169 4057 3218 4119 in
3250 4058 3422 4112 medio
3454 4066 3574 4112 ten-

2038 4150 2249 4206 torii".
2278 4168 2297 4200 ι
2342 4148 2475 4203 Nam
2506 4149 2670 4203 etiam
2720 4147 2766 4202 si
2818 4146 3122 4215 prohibitus
3155 4147 3273 4212 fuit,
3337 4163 3435 4201 ceu
3489 4148 3572 4200 vir

2033 4239 2369 4309 sanguinum,
2396 4239 2568 4308 ipsum
2597 4236 2901 4300 aediﬁcare,
2936 4245 2994 4289 at
3031 4238 3219 4292 saltem
3257 4236 3463 4291 videtur
3512 4250 3573 4290 se

389 4331 512 4402 ὕλης
540 4333 634 4387 τοῦ
660 4333 812 4388 ναοῦ.
842 4333 978 4403 Φησὶ
1013 4332 1143 4399 γοῦν
1185 4333 1244 4384 ὲν
1272 4335 1334 4402 τῇ
1377 4332 1565 4404 πρώτῃ
1596 4332 1712 4385 »τῶν
1757 4334 1936 4402 Παρα-

2040 4330 2335 4384 exercuisse
2391 4329 2535 4383 circa
2598 4327 2952 4397 colligendam
3022 4328 3300 4380 materiam
3368 4326 3574 4394 templi.

387 4421 713 4494 λειπομένων
768 4422 927 4475 Δαυτδ
970 4422 1000 4474 6
1057 4421 1303 4492 βασιλεὺς
1347 4422 1494 4493 πάσῃ
1533 4424 1598 4491 τῇ
1635 4422 1926 4493 ἐκκλησίᾳ·

394 4530 411 4561 ι
437 4514 678 4584 Σολομὼν
700 4516 730 4566 6
772 4514 883 4576 υἱός
912 4529 1032 4583 μου,
1063 4514 1142 4574 είς
1170 4511 1228 4564 ὃν
1260 4512 1509 4581 ᾑρέτικεν
1529 4511 1688 4564 αὐτὸν
1712 4511 1931 4581 Κύριος,

388 4601 497 4664 νέος
531 4604 626 4656 καὶ⁵
649 4603 876 4665 ἁπαλὸς,
900 4602 991 4654 καὶ
1020 4601 1081 4653 τὸ
1108 4601 1264 4671 ἔργον
1288 4601 1446 4670 μέγα,
1479 4600 1561 4652 ὅτι
1588 4600 1687 4652 οῦκ
1723 4600 1933 4671 ἀνθρώ-

390 4704 470 4763 πῳ
491 4692 760 4761 οίκοδομεῖ
782 4690 914 4759 (52),
949 4690 1083 4744 ἀλλὰ
1109 4689 1293 4759 Κυρίῳ
1315 4688 1447 4758 Θεῷ·
1483 4688 1620 4741 κατὰ
1647 4690 1821 4741 πᾶσαν
1835 4690 1933 4760 τήν

455 4801 498 4832 ⁸⁸
529 4802 719 4856 Matth.
756 4818 903 4859 xxvr.
932 4803 1020 4856 6i.
1113 4801 1159 4834 “
1190 4801 1349 4855 Marc.
1378 4817 1492 4861 xiv,
1529 4801 1617 4855 58.

1725 4803 1771 4834 ⁸⁹
1801 4801 1985 4856 Matth.
2014 4816 2159 4866 xxvi,
2188 4802 2278 4857 62.

2034 4416 2211 4488 lnquit
2246 4433 2373 4488 ergo
2403 4418 2457 4470 iu
2485 4419 2659 4485 primo
2699 4415 3146 4484 Paralipomenon
3204 4416 3436 4471 libro“
3479 4431 3575 4471 rex

2036 4509 2200 4563 David
2230 4518 2435 4563 cuncta:
2452 4508 2851 4577 congregationi
2879 4523 2896 4562 :
2924 4508 3208 4562 «Salomon
3233 4508 3373 4563 [ilius
3400 4522 3573 4571 meus,

2036 4601 2088 4653 in
2120 4613 2278 4668 quem
2322 4599 2645 4668 complacuit
2688 4601 2788 4655 sibi
2823 4600 3103 4662 Dominus,
3144 4600 3359 4666 juvenis
3390 4606 3472 4652 est
3519 4604 3576 4651 et

2034 4688 2330 4754 delicatus;
2365 4703 2609 4757 opusque
2659 4706 2906 4761 magnum
2955 4701 3081 4755 est,
3162 4691 3415 4759 quoniam
3466 4702 3573 4741 non

2381 4803 2425 4835 "
2461 4802 2622 4856 Marc.
2658 4818 2766 4864 xlv,
2793 4804 2880 4866 60,
2910 4806 2995 4857 6|.
3092 4803 3139 4833 “
3179 4800 3332 4854 Joan.
3374 4814 3432 4862 ιι,
3479 4797 3568 4850 20.

386 4870 433 4904 "’
468 4870 527 4924 ιιι
575 4873 707 4940 Reg.
761 4887 814 4933 ν,
847 4871 1058 4937 17,18;
1094 4886 1165 4934 VI,
1203 4872 1255 4924 1.
1324 4870 1371 4903 ⁵⁴
1403 4872 1466 4924 ιιι
1496 4870 1625 4938 Reg.
1654 4884 1728 4934 Vl,
1756 4871 1847 4927 38.
1920 4870 1938 4902 '

2070 4870 2206 4940 Reg.
2264 4885 2359 4938 vn,
2419 4872 2473 4925 2.
2545 4872 2593 4904 ⁸⁸
2637 4872 2660 4928 ι
2705 4872 2937 4940 Paralip.
2971 4886 3119 4932 xxix.
3166 4870 3191 4921 1
3244 4884 3397 4936 seqq.

423 4982 565 5074 =95)
588 4982 1103 5074 ,Ἇζοιξοὸομήσω
1132 4982 1223 5037 Sic
1248 4982 1413 5037 codex
1445 4982 1798 5050 Bodleiauus;
1830 4982 1934 5038 ne.

2040 4985 2308 5074 ιντιξὶεεπν
2350 4987 2548 5074 veteris
2567 4985 2787 5074 ,επιειβξε
2817 4981 3063 5074 iam”
3095 4979 3571 5074 ι’ξξξξι.θη;ς.ειυ¹..ῐὶτξν

403 5052 540 5128 ιῑιιξη
553 5052 808 5128 οἰκοδομή
816 5068 912 5128 σωἒ

459 5119 568 5188 (26)
604 5117 864 5183 Λουκᾶς.
895 5119 1243 5174 Scribendum
1275 5117 1521 5188 Μάρκος.

398 5252 423 5304 ε
460 5185 569 5304 (ἓτεὶἐ
606 5188 890 5256 Ἕχοντα.
959 5188 1053 5241 Sic
1099 5188 1259 5242 codex
1310 5185 1671 5249 Bodleiauus;
1710 5185 1931 5256 Regius,

424 5272 482 5304 ῚΟ
571 5271 617 5304 ς.

456 5270 617 5308 οντος.

424 5271 784 5393 Ξῗῧῗῖἶοιίεκ
831 5321 1047 5391 Regius,
1073 5321 1427 5393 ’ξοίκοδομῆσαί
1484 5335 1620 5393 φασι
1668 5319 1759 5393 τον
1806 5322 1934 5376 ναδν

403 5390 447 5441 ul
475 5390 703 5460 Ἰουδαῖοι
732 5388 1005 5458 λέγονταιο
1039 5391 1136 5443 οὐκ
1166 5388 1352 5460 ἔχομεν
1378 5390 1427 5442 εί
1456 5391 1525 5457 τῇ
1565 5388 1771 5460 ἱστορίᾳ
1805 5405 1939 5443 κατ-

405 5457 842 5574 ακολουθήσομεψ
875 5464 967 5513 scd
1010 5462 1171 5513 codex
1195 5457 1539 5512 'Botﬂeianus
1569 5466 1625 5509 ut
1652 5457 1701 5511 itt
1742 5457 1938 5515 nostro

428 5538 489 5574 Bx
516 5543 564 5574 ΙΙ.

428 5536 564 5576 Exi“.

474 5593 574 5663 (9-7)
620 5595 713 5649 Ἐν
739 5595 884 5666 μηνί
920 5594 1154 5651 Νεισάν.
1208 5591 1337 5663 Lege
1368 5588 1527 5654 Ζιοῦ,
1566 5592 1660 5650 hoc
1690 5601 1774 5648 est
1823 5591 1938 5647 He-

2028 5049 2275 5121 Judaico'
2303 5056 2606 5121 respondet.
2659 5052 2790 5105 Vide
2819 5049 3016 5117 Jnsepl.
3076 5050 3252 5116 Amic.
3289 5049 3384 5104 lib.
3438 5063 3566 5115 \‘Ill,

2042 5136 2160 5184 cap.
2188 5120 2243 5186 Ξ,
2275 5137 2330 5175 n.
2355 5121 2408 5173 3.

2464 5183 3007 5258 συγκατᾳτᾴξωμεν.
3032 5184 3105 5238 lta
3132 5185 3298 5239 codex
3327 5182 3570 5238 Bodleia-

2032 5253 2425 5341 nuégglissllez
2451 5253 2955 5341 exussissent;

2130 5322 2219 5389 29)
2255 5321 2431 5378 Codex
2462 5322 2794 5389 Bodleianus,
2830 5321 3258 5389 φιλοτιμήσαιτο.

2131 5388 2219 5459 50)
2256 5392 2428 5444 Codex
2470 5389 2685 5459 Regius,
2711 5388 3114 5459 πληρουμένων.

2132 5453 2218 5526 3|)
2256 5460 2431 5513 Codex
2471 5453 3023 5526 Bodleianusﬂat’arbv,
3051 5456 3164 5509 ἀλλ’
3190 5453 3280 5510 οὖν
3312 5453 3454 5509 ἔοικε
3480 5469 3564 5526 γε.

2110 5523 2221 5598 (ὅτι)
2257 5528 2430 5583 Codex
2467 5525 2682 5595 Regius,
2709 5523 2980 5597 οἰκοδομή.
