3880 6176
357 247 464 301 379

1784 236 2094 295 ORIGENIS

3468 221 3586 276 580

356 360 582 425 homini,
620 359 712 415 sed
752 358 971 413 Domino
1027 356 1133 411 Deo
1173 355 1417 411 aediﬁcat.
1462 354 1764 423 Prteparavi
1808 352 1874 406 illi

1982 350 2204 419 δύναμιν
2230 348 2498 420 ἡτοίμακα
2526 349 2603 412 είς
2634 342 2779 400 οἶκον
2808 343 2945 398 Θεοῦ
2975 358 3079 413 μου
3106 338 3367 410 χρυσίον,
3399 335 3591 425 ἀργός

357 464 454 519 pro
490 450 688 504 viribus
713 448 842 502 meis
875 447 939 500 ad
959 445 1176 499 domum
1206 445 1297 499 Dei
1326 445 1426 498 mei
1447 444 1880 503 construendam,

356 554 569 603 aurum,
598 548 900 606 argentum,
951 550 1024 589 tes
1053 543 1107 588 et
1138 533 1361 598 ferrum,
1396 534 1596 603 lignum
1618 573 1634 599 ,
1685 532 1885 600 lapides

356 628 539 693 300m,
569 636 625 681 et
645 624 1009 694 plenitudinis,
1054 623 1360 692 lapidesque
1408 631 1783 689 sumptuosos,
1830 628 1885 673 et

352 719 552 781 varios,
588 725 643 770 et
673 728 885 770 omnem
907 714 1137 782 lapidem
1166 713 1460 782 pretiosum
1494 750 1511 776 ,
1570 718 1624 763 et
1665 710 1880 762 Parium

355 805 596 860 multum.
641 804 828 858 Adhuc
874 804 1063 866 etiam,
1119 811 1179 858 ut
1229 801 1617 870 complacerem
1645 800 1696 852 iu
1728 800 1884 853 domo

356 894 447 947 Dei
494 893 619 953 mei,
680 901 765 946 est
814 893 966 956 mihi,
1019 892 1159 960 quod
1222 890 1525 959 acquisivi,
1571 904 1759 942 aurum
1831 897 1885 941 et

352 990 626 1051 argentum
656 999 673 1036 :
700 989 756 1036 et
782 995 909 1035 ecce
942 981 1059 1035 dedi
1092 981 1143 1032 in
1167 978 1382 1033 domum
1415 978 1505 1031 Dei
1543 977 1643 1030 mei
1680 977 1731 1027 in
1761 974 1885 1029 alti-

352 1070 592 1123 tudinem
624 1086 639 1122 :
669 1084 735 1122 ex
776 1076 852 1121 tot
877 1067 1170 1136 prteparavi
1221 1065 1273 1119 in
1319 1067 1531 1120 domum
1577 1072 1882 1117 sanctorum

352 1160 451 1213 tria
485 1158 652 1212 millia
682 1158 1001 1212 talentorum
1031 1157 1147 1211 auri
1194 1170 1260 1210 ex
1313 1155 1535 1223 Suphir,
1581 1163 1635 1206 et
1680 1162 1882 1221 septem

351 1252 514 1306 millia
560 1250 879 1304 talentorum
919 1249 1126 1319 argenti
1160 1247 1408 1317 probati,
1457 1254 1512 1299 ut
1559 1246 1883 1299 incrustetur

348 1355 412 1393 ex
446 1340 575 1408 ipsis
605 1339 791 1393 domus
821 1338 912 1391 Dei
947 1351 1043 1406 per
1072 1351 1265 1390 manus
1292 1336 1581 1388 artilicuin.
1615 1354 1634 1387 ι
1671 1334 1881 1404 Regna-

347 1430 425 1481 vit
474 1428 615 1482 enim
657 1427 821 1481 David
859 1426 1015 1480 annis
1050 1435 1251 1493 septem
1298 1425 1352 1478 in
1406 1424 1639 1488 Hebron,
1677 1435 1732 1478 et
1782 1425 1880 1478 tria

349 1531 507 1585 supra
534 1516 749 1584 triginta
775 1516 826 1568 in
857 1514 1152 1569 Jerusalem
1175 1513 1239 1564 "'.
1265 1510 1442 1578 Quare
1470 1513 1513 1565 si
1543 1512 1735 1580 poterit
1760 1512 1880 1579 quis

346 1601 630 1657 ostendere
675 1601 993 1671 principium
1028 1600 1426 1669 prmparationis
1470 1599 1647 1666 templi
1681 1599 1876 1663 fuisse,

1985 454 2117 507 ριον,
2156 435 2367 506 χαλκὸν,
2411 438 2500 489 καὶ
2543 435 2780 504 σίδηρον.
2824 432 3004 497 ξύλον,
3042 428 3232 489 λίθους
3266 425 3449 495 Σοδμ,
3483 423 3611 478 καὶ,

1984 525 2329 595 πληρώσεως,
2367 525 2460 577 καὶ
2490 524 2668 585 λίθους
2698 520 3013 580 πολυτελεῖς
3066 516 3205 584 (55),
3255 512 3356 565 καὶ
3391 510 3589 563 ποικί-

1981 614 2120 677 λους,
2152 615 2245 666 καὶ
2271 614 2443 667 πάντα
2467 612 2609 665 λίθον
2638 612 2836 680 τίμιον,
2872 608 2968 661 καὶ
2995 604 3206 675 Πάριον
3238 600 3405 656 πολύ.
3453 600 3588 653 Ἔτι

1981 704 2036 755 ὲν
2060 702 2136 772 τῷ
2164 703 2443 772 εὺῶκῆσαί
2469 719 2535 771 με
2565 704 2622 754 ὲν
2650 701 2783 769 οἴκῳ
2811 695 2949 750 Θεοῦ
2986 712 3114 766 μου,
3145 693 3261 745 ἐστι
3291 708 3387 762 μοι
3418 690 3451 742 ὃ
3482 704 3584 740 πει

1983 792 2336 862 ριπεποίημαι
2368 791 2604 861 χρυσίον,
2636 790 2730 843 καὶ⁵
2760 787 3045 859 ἀργύριον·
3084 783 3182 836 καὶ
3207 782 3321 835 ίδοὺ
3360 778 3589 832 δέδωκα

1979 882 2057 943 είς
2074 877 2125 933 οἳ
2135 898 2224 934 κον
2246 881 2446 949 Κυρίου
2467 896 2566 949 μου
2587 881 2665 942 είς
2689 879 2837 947 ὕψος*
2868 879 2934 929 ὲκ
2950 874 3127 927 τόσων
3154 871 3447 942 ήτοίμασα
3464 866 3586 937 (54)

1980 971 2058 1031 εἰς
2077 971 2163 1022 τὸν
2184 986 2210 1021 ο
2236 986 2327 1022 κον
2347 970 2454 1022 τῶν
2475 969 2640 1036 ἁγίων
2658 965 2926 1037 τρισχίλια
2939 964 3183 1016 τάλαντα
3212 958 3459 1031 χρυσίου
3480 954 3584 1010 τοῦ

1979 1061 2042 1111 ἐκ
2077 1060 2321 1129 Σουφεὶρ,
2356 1059 2448 1112 καὶ
2484 1057 2863 1125 ἑπτακισχίλια
2895 1054 3138 1106 τάλαντα
3176 1049 3463 1121 ἀργυρίου
3494 1047 3587 1100 δο-

1979 1149 2158 1218 κίμου,
2181 1149 2529 1218 ἐπαλειφῆναι
2557 1149 2613 1200 ὲν
2634 1145 2952 1207 αὐτοῖςτοὺς
2975 1143 3163 1202 οἴκους
3185 1140 3282 1191 τοῦ
3308 1135 3462 1191 Θεοῦ
3490 1135 3586 1190 διὰ

1978 1233 2151 1302 χειρὸς
2168 1234 2436 1301 τεχνιτῶν.
2467 1253 2484 1283 ι
2536 1232 2876 1285 Ἐϐασίλευσε
2903 1230 3012 1300 γὰρ
3035 1231 3065 1281 ὁ
3096 1226 3264 1280 Δαυῒδ
3296 1225 3452 1277 ἑπτὰ
3480 1224 3585 1295 ἐτη

1977 1322 2033 1372 ὲν
2066 1321 2305 1391 Χεϐρὼν,
2334 1321 2426 1373 καὶ
2447 1321 2525 1389 λγ¹
2548 1322 2604 1374 ὲν
2638 1318 3012 1389 Ἰερουσαλήμ.
3068 1316 3197 1368 Ἐὰν
3223 1310 3317 1367 οὖν
3359 1312 3580 1383 δυνηθῇ
3668 1306 3679 1316 ’

1978 1409 2249 1473 ἀποδεῖξαι
2277 1408 2372 1479 τὴν
2416 1408 2585 1481 ἀρχὴν
2627 1409 2726 1477 τῆς
2764 1408 2892 1477 περὶ
2916 1405 3013 1459 τοῦ
3050 1403 3186 1458 ναοῦ
3212 1402 3583 1472 κατασκευῆς

1976 1499 2247 1566 γεγονέναι
2278 1499 2592 1566 συνάγοντος
2620 1498 2782 1552 αὐτοῦ
2812 1496 2910 1567 τὴν
2937 1495 3255 1566 ἐπιτήδειον
3288 1492 3440 1562 ὕλην
3470 1493 3586 1546 ἀπὸ

1975 1588 2066 1640 τοῦ
2090 1594 2128 1639 ε’
2158 1588 2342 1656 χρόνου
2365 1589 2460 1656 τῆς
2492 1588 2765 1656 βασιλείας
2794 1585 2981 1650 αὐτοῦ,
3023 1586 3322 1656 δυνήσεται
3380 1584 3584 1653 βιασά-

346 1692 625 1761 colligente
655 1706 719 1747 eo
767 1692 1045 1745 materiam
1095 1690 1498 1743 convenientem
1555 1704 1584 1742 a
1642 1698 1874 1757 tempore

1982 1662 2137 1746 μενος
2188 1678 2312 1746 περὶ
2352 1677 2460 1745 (55)
2489 1675 2595 1727 τῶν
2627 1681 2721 1744 pg’
2746 1674 2881 1727 ἐτῶν
2910 1670 3113 1737 εἰπεῖν.
3164 1672 3369 1735 Ἀλλος
3402 1672 3466 1725 δέ
3491 1690 3581 1734 τις

344 1780 515 1848 quinti
569 1779 693 1832 anni
738 1779 889 1847 regni
931 1779 1038 1841 sui,
1069 1776 1284 1844 poterit,
1326 1778 1369 1831 si
1401 1787 1667 1845 urgeatur,
1703 1778 1881 1831 dicere

344 1870 413 1923 de
454 1868 806 1937 quadraginta
862 1881 953 1921 sex
1005 1867 1181 1920 annis.
1241 1866 1391 1919 Alius
1436 1880 1561 1920 vero
1616 1866 1877 1934 quispiam

352 1958 497 2012 dicet
521 1956 774 2025 templum
829 1956 968 2022 quod
1023 1956 1337 2019 ostenditur,
1378 1970 1481 2010 non
1534 1969 1651 2010 esse
1688 1955 1814 2009 illud
1847 1971 1878 2008 a

346 2046 632 2101 Salomone
668 2055 1019 2110 exstructum,
1061 2060 1181 2098 nam
1221 2060 1464 2100 eversmn
1506 2045 1602 2098 fuit
1638 2060 1669 2099 e
1708 2045 1880 2113 capti-

341 2136 520 2189 vitatis
572 2134 901 2204 temporibus
951 2134 1031 2198 ⁸⁸..
1071 2135 1164 2188 sed
1224 2135 1363 2202 quod
1415 2135 1608 2188 Esdras
1643 2134 1876 2188 aediﬁca—

342 2225 481 2278 verit
507 2224 551 2262 "
585 2241 601 2288 ;
638 2226 704 2279 de
744 2238 851 2293 quo
884 2237 988 2278 non
1044 2238 1323 2293 possumus
1372 2234 1552 2293 aperte
1598 2225 1893 2281 ostendere.

1978 1767 2092 1832 ὲρεῖ
2115 1765 2204 1816 τὸν
2231 1764 2572 1833 δεικνύμενον
2608 1763 2680 1833 μὴ
2710 1763 2802 1815 τὸν
2836 1762 2942 1815 ὑπὸ
2977 1760 3335 1830 Σολομῶντος
3370 1760 3583 1830 ᾠκοδο-

1981 1855 2217 1923 μημένον
2250 1848 2405 1913 εἶναι,
2446 1855 2651 1904 ἐκεῖνον
2684 1851 2791 1922 γὰρ
2822 1850 3240 1921 κατεστράφθαι
3282 1850 3403 1920 (56)
3430 1849 3579 1903 κατά

1974 1943 2098 2003 τοὺς
2120 1942 2219 2010 τῆς
2246 1941 2615 2009 αἰχμαλωσίας
2641 1942 2886 2011 χρόνους,
2920 1939 3058 1992 ἀλλά
3100 1938 3196 1991 τὸν
3231 1940 3332 1990 ἐπὶ
3360 1937 3580 2009 Ἔσδρᾳ

1974 2030 2401 2100 οἰκοδομηθέντα·
2448 2031 2573 2100 περὶ
2602 2022 2661 2082 οὗ
2691 2030 2791 2081 οὐκ
2842 2029 3042 2098 ἔχομεν
3074 2027 3296 2099 τρανῶς
3325 2028 3423 2079 τὸν
3464 2026 3579 2079 τῶν

1974 2120 2370 2190 τεσσαράκοντα
2408 2121 2500 2172 καὶ
2532 2119 2590 2183 ἓξ
2635 2119 2771 2171 ἐτῶν
2817 2119 3105 2185 ἀποδεῖξαι
3158 2118 3579 2189 ἀληθευόμενον

1974 2207 2143 2275 λόγον.
2175 2209 2353 2260 Ἔοικε
2374 2207 2429 2259 δὲ
2458 2209 2549 2260 καὶ
2582 2208 2722 2260 κατὰ
2759 2207 2827 2260 τὰ
2858 2206 3245 2260 Μακκαϐαῖκά
3273 2207 3455 2275 πολλή
3491 2224 3578 2269 τις

338 2314 629 2369 orationem
669 2328 796 2369 vera
845 2325 1152 2369 narrantem
1185 2314 1252 2368 de
1292 2314 1641 2381 quadraginta
1693 2322 1745 2366 et
1783 2328 1874 2367 sex

1974 2296 2340 2349 ἀκαταστασία
2384 2296 2656 2363 γεγονέναι
2703 2296 2830 2365 περὶ
2868 2295 2962 2348 τὸν
2983 2296 3116 2349 λαὸν
3159 2298 3255 2348 καὶ
3288 2296 3388 2348 τὸν
3421 2296 3574 2350 ναόνο

339 2404 514 2459 annis.
545 2404 781 2472 Apparet
806 2404 970 2459 etiam
1001 2404 1140 2472 apud
1170 2402 1508 2456 Machabaica
1559 2402 1604 2434 ⁸ο
1654 2402 1872 2455 multam

340 2491 779 2558 inconstantiam,
841 2502 899 2547 et
954 2491 1321 2547 confusionem
1365 2490 1529 2545 fuisse
1563 2491 1709 2555 circa
1743 2503 1876 2546 tem-

337 2578 503 2648 plum,
554 2589 610 2634 et
660 2580 802 2635 circa
852 2581 1135 2648 populum;
1186 2590 1236 2634 et
1285 2580 1424 2632 haud
1454 2580 1584 2642 scio,
1632 2595 1697 2633 an
1751 2591 1875 2635 tunc

338 2668 717 2723 readillcatum
763 2670 925 2724 fuerit
982 2679 1060 2725 tot
1116 2669 1291 2724 anuis.
1358 2669 1500 2723 Sane
1556 2668 1871 2737 lleracleon,

337 2754 497 2824 202
550 2768 619 2810 ne
663 2756 905 2824 inspecta
960 2754 1170 2823 quidem
1214 2755 1479 2819 historia,
1534 2754 1872 2809 Salomonem

338 2844 512 2912 inquit
531 2844 882 2913 quadraginta
910 2852 964 2898 et
983 2858 1077 2898 sex
1104 2844 1258 2896 annis
1276 2842 1569 2898 aediﬁcasse
1593 2843 1870 2911 templum,

228 2950 239 2958 ο
336 2935 478 3002 quod
509 2942 632 2988 erat
658 2933 832 3003 imago
856 2930 1156 2988 Servatoris
1184 2951 1198 2986 :
1228 2948 1291 2988 ac
1338 2947 1430 2988 sex
1483 2948 1760 2987 numerum
1803 2933 1870 2986 ad
1898 2969 1943 3029 ο

336 3023 661 3087 materiam,
692 3023 741 3075 id
775 3033 861 3078 est
904 3024 970 3076 ad
1019 3022 1352 3079 en‘ectiouem
1404 3022 1601 3088 refert;
1635 3022 1871 3090 quadra—

334 3114 476 3180 ginta
511 3120 688 3167 autem
721 3126 1024 3178 numerum,
1070 3114 1161 3181 qui
1193 3122 1296 3176 est,
1342 3113 1543 3181 inquit,
1591 3114 1872 3181 quaternio

333 3201 569 3271 copulari
602 3202 832 3265 nescius,
859 3201 924 3255 ad
953 3201 1362 3255 insuﬂlationetn
1395 3215 1683 3269 semenque
1706 3200 1872 3254 insui-

333 3290 588 3347 llatiouis.
621 3290 700 3344 Tu
755 3303 882 3344 vero
929 3291 1046 3345 vide
1094 3307 1218 3345 num
1265 3291 1436 3360 possis
1490 3292 1736 3360 accipere
1778 3305 1872 3359 per

334 3378 813 3447 quadragenarium
837 3393 1111 3432 numerum
1130 3392 1358 3447 quatuor
1376 3380 1635 3434 elementa
1665 3381 1867 3447 mundi,

335 3481 454 3535 qua
516 3474 788 3535 ponuntur
838 3467 891 3519 in
949 3469 1156 3536 angulis
1183 3469 1391 3536 templi;
1443 3484 1540 3537 per
1597 3471 1869 3525 senarium

335 3568 482 3618 vero,
513 3556 783 3609 hominem
805 3567 956 3611 sexta
990 3558 1075 3612 die
1099 3556 1321 3612 factum.

403 3642 496 3696 23.
531 3661 550 3694 ι
581 3644 649 3697 At
676 3643 764 3697 ille
791 3642 1004 3698 dicebat
1029 3645 1096 3699 de
1128 3645 1323 3714 templo
1345 3647 1582 3714 corporis
1610 3647 1712 3701 sui.
1737 3642 1867 3701 Cum

331 3743 462 3802 ergo
490 3734 725 3788 surrexit
768 3747 800 3788 e
834 3734 1112 3799 mortuis,‘
1141 3736 1402 3790 recordati
1449 3746 1576 3791 sunt
1620 3737 1866 3806 discipuli

329 3819 449 3890 ejus
477 3821 619 3889 quod
663 3821 767 3876 hoc
810 3822 1049 3886 dixisset,
1090 3832 1144 3877 et
1185 3822 1526 3878 crediderunt
1552 3823 1864 3893 Scriptura,

331 3917 387 3963 et
412 3910 642 3964 sermoni
668 3924 823 3978 quem
858 3911 1067 3965 dixerat
1095 3910 1249 3965 Jesus
1275 3911 1343 3977 “,
1371 3930 1390 3963 ι
1439 3926 1627 3982 nempe
1674 3927 1866 3982 corpus

333 3997 454 4053 Filii
484 4000 664 4054 vocari
702 4001 956 4070 templum
984 4001 1120 4070 ejus.
1165 4002 1397 4066 Quaesitu
1430 4010 1610 4056 autem
1643 4003 1864 4071 dignum

330 4095 414 4141 est
439 4086 822 4156 simpliciterne
861 4088 957 4142 hoc
990 4089 1359 4158 accipiendum
1406 4090 1496 4151 sit,
1531 4102 1597 4141 an
1641 4097 1865 4143 conten-

331 4173 557 4228 dendum
609 4177 682 4230 sit
732 4176 941 4246 singula
1001 4192 1119 4246 qua
1169 4177 1235 4232 de
1286 4176 1485 4244 templo
1540 4178 1863 4243 scribuntur,

334 4259 533 4316 referre
571 4264 637 4316 ad
682 4278 980 4319 sermonem
1036 4267 1100 4319 de
1150 4278 1376 4333 corpore
1403 4264 1563 4331 Jesu,
1615 4267 1938 4328 videlicet!)

331 4351 470 4417 quod
498 4351 613 4419 ipse
635 4367 701 4406 ex
738 4352 953 4422 Virgine
996 4356 1243 4424 sumpsit,
1295 4354 1380 4408 vel
1428 4357 1495 4409 ad
1544 4355 1857 4422 Ecclesiatn,

330 4450 451 4505 qua:
472 4436 587 4505 ipsa
611 4439 770 4494 etiam
803 4455 997 4511 corpus
1023 4441 1221 4497 Christi
1261 4443 1478 4511 dicitur,
1511 4453 1566 4499 et
1594 4445 1661 4499 ob
1701 4459 1862 4513 quam

332 4544 429 4582 nos
446 4528 607 4583 etiam
631 4530 868 4586 membra
894 4532 1061 4601 ipsius
1088 4532 1290 4587 Christi
1321 4534 1460 4604 apud
1483 4536 1798 4604 Apostolum
1817 4542 1863 4573 “

333 4616 687 4673 nominamur.
725 4618 902 4688 Atque
927 4621 1186 4675 molestiis
1213 4623 1431 4689 quidem
1461 4625 1694 4694 seipsum
1716 4629 1862 4685 libe-

333 4720 458 4761 rans
486 4706 700 4777 aliquis,
729 4718 784 4763 et
810 4710 1140 4778 desperando
1168 4710 1375 4780 singula
1408 4711 1609 4767 referre
1630 4730 1689 4770 se
1708 4732 1863 4785 posse

329 4812 447 4864 qua:
473 4798 540 4854 de
569 4802 765 4867 templo
802 4800 1053 4855 dicuntur
1081 4800 1150 4854 ad
1183 4816 1398 4870 corpus,
1429 4804 1680 4860 utrolibet
1705 4814 1862 4869 modo

398 4908 444 4982 ξ’
496 4906 564 4963 Ill
617 4908 751 4982 Reg.
788 4927 870 4982 Διι,
917 4913 1030 4982 Η.-
1075 4913 1123 4982 f"
1172 4910 1218 4964 ll
1266 4913 1496 4982 Paralip.

328 4977 372 5011 "
398 4975 551 5033 Joan.
575 4992 635 5045 tt,
664 4975 754 5045 21,
780 4975 870 5035 22.
946 4979 1031 5035 "l
1059 4980 1182 5037 Cor.
1222 4996 1316 5045 xu,
1359 4975 1448 5038 27.

421 5160 511 5248 Ξὲὶ
544 5161 723 5248 99‘!“
755 5165 888 5248 licet

419 5229 510 5364 ζιόζ
547 5229 726 5286 Codex
760 5229 979 5315 Regius,
1011 5253 1093 5322 τις
1127 5229 1220 5303 pro
1253 5229 1414 5309 περί]

419 5296 487 5349 a6
543 5298 719 5376 Codex
756 5302 978 5376 ﬁegtus,
998 5305 1408 5376 ῳκοδομημένον
1439 5304 1574 5360 εἶναι
1604 5306 1695 5361 τὸν
1722 5309 1861 5360 ἐκεί-

332 5368 860 5438 Ψιὲβτίπρέφθαιὲ

368 5430 511 5508 ,(³⁷)
532 5430 1019 5508 ⁸Ὴγὶιηίιιῃιιένοιςλ,
1052 5439 1142 5494 Sic
1172 5442 1335 5496 codex
1365 5441 1682 5498 Bodleiauus
1701 5482 1718 5508 ,
1754 5444 1855 5495 Rc-

331 5502 479 5567 gius,
522 5502 920 5573 ἀγωνισμένοις.
969 5502 1248 5565 Ferrarius
1296 5512 1502 5565 videtur
1560 5502 1749 5580 legisse
1796 5511 1851 5563 ἐν

542 5091 684 5168 [dem
710 5095 881 5168 co_dex
901 5096 1121 5167 Regius.
1148 5099 1508 5168 πολυτελείας.

544 5161 723 5240 godex
755 5161 1151 5240 ῐ-ξοεξιιείὲκτὺς
1176 5162 1250 5223 ὧν
1277 5161 1565 5240 ἡτοίμασα.

1551 4931 1734 4987 xxxvi,
1765 4926 1852 4981 19.
1928 4928 1975 4960 "
2016 4929 2079 4983 Ill
2129 4931 2284 4987 Esdr.
2321 4949 2393 4998 vt,
2427 4935 2449 4990 t
2479 4950 2634 5006 seqq.

1972 2386 2065 2438 καὶ
2096 2386 2194 2438 οὐκ
2219 2380 2334 2437 οἶδα
2358 2384 2408 2437 sl
2432 2402 2560 2437 ποτε
2587 2384 2981 2455 ἀνῳκοδομήθη
3012 2386 3300 2450 τοσούτοις
3335 2387 3521 2441 ἐτεσιν
3548 2389 3579 2440 ό

1973 2475 2114 2537 ναός.
2166 2475 2223 2527 Ὀ
2271 2475 2517 2544 μέντοιγε
2575 2475 2904 2544 Ἡρακλέων,
2955 2476 3094 2545 μηδὲ
3148 2478 3467 2548 ἐπιστήσας
3504 2480 3573 2548 τῇ

1973 2561 2199 2632 ἱστορίᾳ,
2235 2562 2365 2631 φησι
2407 2561 2496 2613 τὸν
2545 2561 2865 2631 Σολομῶν-ια
2891 2564 3323 2634 τεσσαράκοντα
3370 2568 3472 2621 καὶ
3514 2568 3579 2632 ἓξ

1970 2649 2111 2701 ἔτεσι
2134 2648 2586 2702 κατεσκευακέναι
2601 2649 2690 2701 τὸν
2715 2650 2862 2713 ναὸν,
2883 2650 3070 2702 είκόνα
3098 2653 3455 2722 τυγχάνοντα
3477 2655 3575 2707 τοῦ

1970 2736 2237 2806 Σωτῆρος·
2273 2738 2368 2807 καὶ
2396 2736 2484 2789 τὸν
2519 2736 2572 2801 ς’
2615 2737 2845 2807 ἀριθμὸν
2872 2738 2953 2801 είς
2986 2739 3089 2809 τὴν
3128 2740 3292 2811 ὕλην,
3316 2744 3576 2796 τουτέστι

1968 2825 2028 2878 τὺ
2056 2825 2274 2895 πλάσμα
2319 2826 2592 2897 ἀναφέρει·
2625 2827 2772 2880 τόνδε
2799 2828 2909 2881 τῶν
2940 2831 3393 2900 τεσσαράκοντα,
3424 2833 3455 2884 ὃ
3485 2849 3575 2886 τε·

1969 2916 2103 2986 τράς
2127 2917 2260 2978 ἐστι,
2294 2917 2475 2986 φησὶν,
2506 2919 2538 2987 ὴ
2588 2916 2988 2988 ἀπρόσπλοκος,
3019 2921 3104 2982 είς
3138 2920 3203 2972 τὺ
3232 2921 3569 2992 ἐμφύσημα,

1973 3002 2142 3054 καὶτὸ
2172 3005 2229 3056 ὲν
2259 3002 2334 3071 τῷ
2360 3004 2708 3072 ὲμφυσήματι
2730 3004 2979 3074 σπέρμα.
3002 3006 3151 3077 Ὅρα
3173 3008 3233 3060 δὲ
3258 3010 3307 3061 εἰ
3336 3009 3569 3062 δυνατὸν

1970 3091 2059 3144 τὸν
2091 3092 2186 3160 μὲν
2222 3097 2271 3160 μ’
2310 3092 2396 3143 διὰ
2443 3091 2511 3144 τὰ
2540 3092 2785 3163 τέσσαρα
2823 3093 2917 3146 τοῦ
2965 3095 3185 3165 κόσμου
3218 3102 3467 3168 στοιχεῖα
3511 3100 3571 3152 ὲν

1970 3182 2077 3241 τοῖς
2098 3180 2482 3249 ἠγωνισμένοις
2508 3179 2617 3248 (57)
2639 3182 2719 3242 είς
2751 3181 2843 3233 τὸν
2869 3181 2997 3233 ναὸν
3022 3185 3570 3257 ὲγκατατασσόμενα

1969 3268 2279 3339 λαμὸάνεινσ
2300 3269 2389 3322 τὸν
2422 3269 2477 3322 δὲ
2508 3276 2559 3332 ς’
2586 3270 2673 3324 διὰ
2699 3270 2759 3321 τὸ
2784 3273 2849 3342 τῇ
2881 3270 3022 3343 ἕκτῃ
3046 3272 3241 3345 ἡμέρᾳ
3277 3274 3568 3344 γεγονέναι

1968 3359 2059 3412 τὸν
2091 3358 2392 3429 ἄνθρωπον.

2032 3656 2120 3710 25.
2157 3674 2176 3706 t
2221 3657 2451 3719 Ἐκεῖνος
2474 3656 2531 3710 δὲ
2559 3657 2709 3726 ἔλεγε
2744 3661 2873 3730 περὶ
2893 3662 2989 3715 τοῦ
3019 3664 3155 3718 ναοῦ
3182 3666 3278 3719 τοῦ
3300 3666 3563 3736 σώματος

1965 3743 2146 3797 αὐτοῦ.
2172 3746 2297 3797 Ὅτε
2333 3740 2425 3798 οὖν
2464 3747 2667 3817 ἠγέρθη
2714 3750 2779 3802 ὲκ
2819 3751 3056 3817 νεκοῶν,
3095 3754 3459 3826 ἐμνήσθησαν
3507 3759 3559 3811 οἱ

1968 3832 2203 3901 μαθηταὶ
2236 3833 2420 3897 αὐτοῦ,
2457 3835 2538 3886 ὅτι
2561 3834 2716 3889 τοῦτο
2761 3833 2937 3906 ἔλεγε,
2974 3851 3073 3892 και.
3113 3844 3456 3899 ἐπίστευσαν
3489 3849 3560 3918 τῇ

1961 3922 2170 3993 Γραφῇ,
2198 3925 2290 3976 καὶ
2310 3922 2388 3993 τῷ
2426 3924 2588 3994 λόγῳ,
2618 3926 2676 3979 ὃν
2700 3922 2852 3982 εἶπεν
2883 3933 2913 3984 ὁ
2955 3933 3173 4002 Ἰησοῦς
3212 3955 3232 3987 ι
3269 3938 3357 3999 είς
3392 3937 3457 3989 τὸ
3479 3938 3563 3991 ὃτι

1961 4011 2021 4063 τὸ
2051 4012 2205 4081 σῶμα
2244 4013 2354 4082 (38)
2381 4012 2474 4065 τοῦ
2521 4015 2648 4068 Υἱοῦ
2676 4017 2805 4080 ναὸς
2837 4020 3007 4073 αὑτοῦ
3033 4022 3278 4094 εῐρηται.
3311 4026 3563 4098 Ζητῆσαι

1961 4100 2016 4154 δὲ
2041 4100 2186 4165 ἄξιον
2214 4104 2436 4173 πότερον
2457 4104 2818 4175 ἁπλούστερον
2845 4109 3008 4164 τοῦτο
3025 4113 3339 4184 ὲκληπτέον
3358 4116 3496 4186 (59),
3521 4116 3559 4188 ἢ

1962 4189 2184 4244 ἕκαστον
2204 4191 2310 4245 τῶν
2332 4194 2828 4265 ἀναγεγραμμένων
2854 4201 2985 4268 περὶ
3001 4201 3099 4254 τοῦ
3123 4204 3256 4257 ναοῦ
3274 4206 3566 4278 φιλοτιμη-

1964 4281 2083 4334 τέον
2105 4282 2322 4349 ἀνάγειν
2345 4285 2423 4346 είς
2443 4283 2532 4337 τὸν
2558 4288 2685 4357 περὶ
2713 4287 2807 4339 τοῦ
2840 4288 3102 4360 σώματος
3145 4294 3329 4365 Ἰησυῦ
3376 4297 3562 4367 λόγον,

1964 4373 2083 4441 ητοι
2109 4367 2168 4425 οὗ
2195 4372 2411 4441 εἴληφεν
2445 4375 2509 4426 ἐκ
2539 4375 2639 4444 τῆς
2675 4377 2977 4447 Παρθένου,
3011 4382 3046 4452 ἢ
3074 4383 3178 4454 τῆς
3218 4384 3561 4457 Ἐκκλησίας

1959 4457 2203 4527 σώματος
2246 4459 2406 4512 αὑτοῦ
2450 4460 2744 4532 λεγομένης
2784 4460 2949 4528 εἶναι,
2981 4468 3059 4531 ὡς
3094 4470 3191 4522 καὶ
3227 4472 3384 4541 ἡμᾶς
3417 4472 3560 4543 μέλη

1954 4549 2048 4602 τοῦ
2078 4549 2322 4617 σώματος
2341 4551 2504 4604 αὐτοῦ
2522 4552 2673 4622 παρά
2698 4554 2778 4623 τῷ
2819 4555 3136 4629 ’ᾼποστόλῳ
3155 4561 3558 4631 ὀνομάζεσθαι.

1976 4638 2035 4691 '0
2072 4639 2167 4708 μὲν
2189 4635 2281 4692 οὖν
2319 4657 2424 4704 τις,
2460 4644 2798 4713 πραγμάτων
2846 4648 3014 4701 αὑτὸν
3051 4651 3426 4709 ἀπαλλάττων
3481 4656 3564 4727 τῷ

1966 4728 2354 4797 ἀπογινώσκειν
2408 4730 2635 4784 ἕκαστον
2671 4734 2929 4789 δύνασθαι
2962 4739 3075 4791 τῶν
3106 4741 3258 4795 κατὰ
3290 4744 3387 4797 τὸν
3430 4746 3562 4800 ναὸν

1964 4818 2249 4889 ἀναφέρειν
2287 4821 2379 4872 ἐπὶ
2426 4821 2487 4874 τὸ
2535 4823 2720 4893 σῶμα,
2748 4827 3029 4899 ὁποτέρως
3072 4829 3141 4883 ἂν
3185 4831 3314 4905 ἔχῃ,
3362 4836 3462 4889 ἐπὶ
3498 4837 3562 4890 τὸ

2735 4938 2782 4970 ⁸⁵
2825 4937 2845 4992 I
2884 4940 3138 4999 Machab.
3177 4959 3217 5011 ι,
3268 4946 3345 5000 2‘2
3394 4964 3557 5021 seqq.

1956 5112 2347 5191 rutilio}!!th
2370 5113 2468 5191 _\'el_
2490 5121 2950 5191 γεγωνιωμένοις.

2031 5179 2282 5261 (βω-μεὶς
2319 5181 2388 5261 ,τὸ
2435 5179 2523 5236 ὅτι
2565 5179 2637 5261 τὸ.
2662 5179 2853 5258 σῶμα,
2897 5179 3005 5261 etc.
3039 5193 3132 5249 Sic
3168 5210 3327 5255 recte
3384 5204 3561 5261 habet

1958 5246 2504 5345 sogeé‘llpdleiauus;
2532 5255 2676 5345 unde
2703 5246 2885 5345 autem
2915 5246 3351 5345 Βςᾲίιιεξηείξῖὸ

1958 5309 2211 5401 tofi-1‘50?!
2222 5318 2368 5401 ’ναός
2396 5309 2560 5401 αὐτοῦ
2583 5309 2823 5401 εἴρηται,

1965 5450 1988 5501 ὲ
2028 5381 2147 5499 )(39)
2197 5384 2580 5455 Ἑκληπτέον.
2609 5381 2704 5450 Sic'
2724 5381 3551 5479 codei'Bodleiaii‘usE'Begius,

1994 5466 2027 5501 κ
2048 5451 2264 5501 εκτέον.

1994 5451 2274 5514 κλεκτέον,
2364 5451 2375 5455 '
2923 5451 3273 5472 "mm"
3313 5451 3588 5495 "'°"'".
