3880 6198
1455 331 1801 399 COMMENT.
1843 333 1911 387 1N
1946 328 2136 387 JOAN.
2171 319 2408 382 TOMUS
2437 319 2507 377 Χ.
3456 296 3562 354 38%

247 438 682 532 ὅπλοῦστερον
723 461 1192 532 καταφεύξεται,
1246 457 1412 524 λέγων
1451 452 1536 505 διὰ
1578 446 1728 500 τοῦτο
1771 441 1929 513 σῶμα

2049 455 2086 494 ιε
2129 439 2345 498 habeat,
2406 433 2472 487 ad
2525 422 2927 496 intelligentiam
2957 416 3329 487 sitnpliciorem
3375 415 3565 468 conin-

2207 526 2237 532 --
2411 521 2424 532 .
2449 521 2462 532 .
2500 521 2512 532 .
2692 531 2699 532 ,
2894 521 3118 532 --...,.....,.
3150 505 3304 532 ...Μελ
3351 504 3559 532 inmune

263 504 589 603 εκατιρωέ
610 542 758 595 νοού
770 504 955 614 μενῶ
1091 504 1586 611 ’ναῦν-ωνόμάσθαι,
1608 533 1727 587 ἐπεὶ
1745 504 1930 600 ὥσπερ

2049 532 2158 600 ςίει,
2189 526 2370 582 dicens
2411 521 2610 575 idcirco
2647 529 2845 584 corpus
2894 521 3120 576 utroque
3150 505 3306 560 modo
3351 504 3561 558 intelle-

274 634 320 685 ὸ
345 621 480 686 ναὸς
514 625 694 695 δόξαν
735 630 873 704 εἶχε
910 635 1052 688 Θεοῦ
1091 630 1528 700 κατασκηνοῦσαν
1561 627 1617 677 ὲν
1645 619 1807 690 αὐτῷ,
1841 618 1932 671 οῦ-

301 729 419 778 τως
442 715 646 772 εἰκόνα
671 723 784 775 καὶ
813 725 986 790 δόξαν
1001 722 1136 776 Θεοῦ
1162 722 1465 790 ὑπάρχοντα
1486 717 1574 769 τὸν
1596 711 1932 783 Πρωτότοκον

320 805 516 879 πάσης
562 811 847 876 κτίσεως,
891 815 958 866 τὸ
991 813 1168 882 σῶμα,
1204 811 1237 881 ἢ
1275 810 1370 879 τὴν
1418 803 1730 874 Ἐκκλησίαν
1773 797 1936 865 ἀγαλ-

351 901 776 972 ματονροροῦντα
807 904 946 957 ναὸν
969 902 1200 968 εὐλόγως
1224 897 1467 969 εἰρῆσθαι
1497 891 1647 945 Θεοῦ·
1673 889 1829 958 ἡμεῖς
1855 883 1932 945 δὲ,

359 990 420 1045 τί)
447 992 541 1064 μὲν
564 994 699 1063 περὶ
727 993 972 1046 ἑκάστου
999 991 1105 1044 τῶν
1132 992 1187 1041 ὲν
1213 991 1278 1057 τῇ
1303 987 1458 1057 τρίτῃ
1497 981 1602 1034 τῶν
1648 973 1934 1030 Βασιλειῶν

378 1063 502 1158 περὶ
533 1083 629 1137 τοῦ
659 1083 790 1136 ναοῦ
825 1085 1002 1135 εἰπεῖν
1034 1079 1382 1146 δυσδιήγητον
1413 1071 1660 1142 ὁρῶντες,
1695 1065 1787 1118 καὶ
1813 1063 1937 1114 πολ-

2029 595 2195 679 ctum,
2237 608 2490 678 templum
2543 609 2903 670 nuncupatum
2958 597 3139 658 fuisse,
3191 595 3331 660 quod
3379 605 3562 658 quem-

2030 703 2312 760 admodum
2372 695 2628 764 templum
2676 690 2803 745 illud
2840 687 3063 757 gloriam
3101 684 3192 739 Dei
3234 680 3459 735 habebat
3507 680 3559 731 in

2030 793 2204 859 seipso
2227 787 2579 846 habitantem,
2604 781 2676 834 ita
2707 779 2902 846 imago,
2933 783 2986 829 et
3011 772 3174 842 gloria
3192 769 3285 822 Dei
3303 767 3562 822 exsistens

2032 874 2420 940 Primogenitus
2443 867 2621 922 omnis
2659 874 2914 919 creatura:
2940 861 2986 893 “
3013 865 3400 926 repraesentans
3442 866 3564 905 cor-

2032 980 2129 1034 pus
2155 975 2308 1017 suum
2341 958 2419 1013 vel
2444 955 2756 1016 Ecclesiam,
2789 950 3038 1019 templum
3063 947 3154 1000 Dei
3182 941 3565 998 rationabiliter

2035 1028 2442 1106 iueritdictum.
2493 1045 2600 1098 Nos
2633 1057 2781 1106 vero,
2813 1040 3050 1092 videntes
3096 1034 3308 1104 quidem
3354 1028 3564 1084 diliieile

386 1151 464 1250 λῳ
484 1179 578 1246 τῆς
605 1174 805 1240 λέξεως
832 1171 990 1241 ἡμῶν
1024 1167 1222 1239 μεῖζον,
1250 1164 1420 1222 άλλως
1467 1177 1524 1210 τε
1561 1159 1653 1209 καί.
1697 1155 1756 1206 ού
1798 1151 1936 1204 κατά

393 1241 486 1339 την
518 1241 793 1334 παροῦσαν
824 1258 1063 1328 γραφὴν,
1101 1249 1517 1325 ὑπερτιθέμεθα.
1562 1245 1703 1314 Πλὴν
1736 1244 1793 1295 ἐν
1828 1241 1938 1300 τοῖς

393 1324 662 1415 τοιιούτοίς,
711 1324 1050 1419 μάλισταγδιά
1075 1345 1132 1396 τὸ
1162 1324 1297 1412 ὑπὲρ
1320 1340 1416 1409 τὴν
1449 1334 1783 1405 ἀνθρωπίνην
1804 1324 1939 1380 εἶναι

394 1445 568 1515 φύσιν,
618 1441 713 1493 καὶ
767 1438 910 1491 κατὰ
955 1435 1050 1504 τὴν
1096 1431 1190 1485 τοῦ
1243 1428 1374 1482 Θεοῦ
1423 1425 1636 1492 σοφίαν,
1693 1419 1751 1472 τὸ
1805 1418 1938 1472 ιδιον

392 1509 485 1600 τῆς
531 1529 888 1584 θεοπνεύστου
944 1522 1163 1592 Γραφῆς
1205 1514 1552 1588 ἐμφαίνεσθαι
1614 1509 1937 1576 πειθόμενοι,

393 1621 580 1688 σοφίαν
641 1620 698 1668 ὲν
748 1611 1028 1684 μυστηρίῳ
1067 1609 1160 1677 τὴν
1210 1599 1723 1670 ἀποκεκρυμμένην,
1758 1595 1822 1663 ἣν
1854 1593 1941 1644 οὐ·

389 1715 496 1772 δεὶς
528 1710 635 1762 τῶν
661 1706 936 1776 ἀρχόντων
966 1701 1056 1753 τοῦ
1090 1698 1279 1758 αἰῶνος
1312 1694 1494 1747 τούτου
1522 1691 1740 1756 ἔγνωκε,
1776 1699 1938 1752 παρι-

395 1771 595 1865 στάσης
621 1835 635 1857 ,
868 1786 1366 1856 καταλαμϐάνοντες
1442 1777 1713 1845 ὲξαιρέτου
1774 1771 1936 1823 Ιῐνεύ-

371 1859 563 1958 ,ματος
607 1883 802 1950 σοφίας
849 1878 1070 1938 ἑαυτοὺς
1104 1873 1403 1942 δεομένους,
1439 1867 1572 1935 πρὸς
1607 1865 1666 1914 τὸ
1686 1862 1750 1914 τὰ
1793 1859 1940 1926 τηλι-

392 1949 564 2030 καῦτα
591 1949 931 2044 ἱεροπρεπῶς
962 1966 1166 2034 νοῆσαι,
1199 1963 1270 2024 ὡς
1292 1961 1366 2012 ἔνι
1399 1958 1625 2028 μάλιστα
1662 1954 1726 2005 δι’
1751 1949 1940 2015 ὀλίγων

392 2067 490 2135 τὴν
521 2063 798 2132 περίνοιαν
830 2057 934 2108 τῶν
960 2053 1099 2106 κατά
1142 2052 1230 2102 τὸν
1260 2049 1418 2100 τόπον
1441 2041 1726 2112 διαγράψαι
1748 2052 1939 2106 πειρα-

398 2121 619 2221 σόμεθα,
670 2147 830 2214 σῶμα
869 2142 977 2213 (40)
1007 2139 1104 2208 τὴν
1147 2134 1480 2202 Ἐκκλησίαν,
1517 2130 1606 2182 καὶ
1634 2124 1777 2178 οἷκον
1808 2121 1939 2174 Θεοῦ

399 2243 464 2293 ὲκ
487 2239 645 2290 λίθων
681 2234 897 2298 ζώντων
919 2225 1376 2295 οἰκοδομούμενον,
1407 2217 1547 2272 οἷκον
1586 2211 1942 2282 πνευματικὸν

401 2333 475 2392 εἰς
517 2327 812 2396 ἱεράτευμα
863 2322 1013 2386 ἀγιον
1053 2313 1402 2384 μανθάνοντες
1449 2307 1555 2360 ἀπὸ
1600 2304 1690 2356 τοῦ
1744 2302 1941 2370 Πέτρου

403 2388 680 2486 τυγχάνον,
715 2388 790 2474 ὧς
823 2410 912 2462 τὸν
950 2400 1325 2470 οἰκοδομοῦντα
1368 2397 1456 2448 τὸν
1487 2394 1608 2447 ναὸν
1649 2391 1756 2443 υἱὸν
1788 2388 1944 2440 Δαυῒδ

405 2507 540 2560 κατά
570 2504 726 2556 τοῦτο
774 2495 1009 2567 Χριστοῦ
1053 2489 1187 2544 εἶναι
1227 2488 1408 2548 τύπον,
1453 2483 1586 2552 μετά
1629 2481 1750 2541 τοὺς
1793 2477 1946 2529 πολέ-

411 2612 557 2666 μους,
583 2593 803 2661 εἰρήνης
832 2585 1129 2656 βαθυτάτης
1164 2576 1542 2646 γεγενημένης,
1573 2568 1945 2638 οἰκοδομοῦντα

409 2660 486 2746 είς
506 2660 656 2747 δόξαν
682 2679 776 2730 τοῦ
817 2675 950 2728 Θεοῦ
987 2673 1077 2724 τὸν
1109 2669 1228 2722 ναὸν
1268 2667 1324 2716 ὲν
1350 2667 1413 2732 τῇ
1443 2660 1658 2729 ὲπιγείῳ
1690 2660 1947 2727 Ἰερουσα-

410 2773 472 2842 λὴ
482 2790 535 2840 μ,
552 2772 635 2822 ἵνα
656 2767 849 2838 μηκέτι
871 2761 1018 2830 παρὰ
1044 2753 1376 2830 μετακινητῷ
1398 2751 1672 2820 πράγματι
1693 2751 1756 2816 τῇ
1779 2747 1944 2815 σκηνῇ

411 2857 626 2928 λατρεία
653 2853 983 2920 ὲπιτελῆται,
1003 2849 1228 2900 ἕκαστον
1242 2842 1345 2894 τῶν
1370 2836 1736 2891 κατὰτὸνναὸν
1753 2837 1830 2896 εἰς
1853 2834 1948 2902 τὴν

424 2922 738 3015 Ἐκκλησίαν
770 2942 882 3010 (Η)
918 2938 1134 3004 ἀνάγειν
1151 2927 1526 3002 πειρασόμεθα.
1546 2926 1692 2993 Τάχα
1717 2922 1821 2993 γὰρ
1856 2922 1947 2974 ἐὰν

413 3012 669 3096 πάντεςοί
690 3031 876 3102 ἐχθροὶ
908 3025 1190 3082 ὑποπόδιον
1208 3021 1462 3089 γένωνται
1477 3014 1581 3067 τῶν
1613 3012 1839 3082 Χριστοῦ
1856 3029 1950 3065 πο-
1976 3037 2017 3093 c

412 3123 533 3184 δῶν,
555 3122 646 3174 καὶ
679 3099 964 3186 όνέσχατος
993 3112 1180 3182 ἐχθρὸς
1211 3107 1430 3164 θάνατος
1457 3099 1796 3170 καταργηθῇ,
1820 3101 1852 3168 ἠ
1877 3115 1953 3150 τεο

415 3210 652 3278 λειοτάτη
700 3207 890 3276 εἰρήνη
945 3204 1094 3255 ἔσται
1126 3204 1211 3254 ὅτε
1243 3198 1472 3265 Χριστὸς
1505 3195 1654 3246 ἔσται
1687 3189 1951 3257 Σολομὼν,

415 3301 545 3370 ὅπερ
578 3295 955 3368 ἑρμηνεύεται,
978 3290 1285 3359 εὶρηνικὸς,
1316 3283 1683 3356 πληρουμένης
1712 3280 1806 3346 τῆς
1833 3293 1956 3347 προ-

417 3368 635 3457 φητείας
659 3389 738 3447 εἰς
774 3383 935 3436 αὐτὸν
965 3381 1255 3448 λεγούσης·
1289 3398 1308 3429 ι
1349 3376 1499 3430 Μετά
1527 3373 1630 3425 τῶν
1667 3368 1956 3439 μισούντων

539 3476 757 3544 εἰρήνην
785 3473 930 3541 ἥμην
960 3468 1244 3538 είρηνικός.
1277 3486 1294 3516 ι
1315 3465 1423 3517 Καὶ
1454 3463 1568 3514 τότε
1601 3460 1822 3518 ἕκαστος
1853 3456 1956 3508 τῶν

421 3565 626 3628 ζώντων
678 3563 860 3626 λίθων,
903 3562 1039 3613 κατά
1077 3559 1171 3628 τὴν
1215 3556 1366 3619 ἀξίαν
1407 3549 1500 3605 τοῦ
1552 3548 1776 3602 ἐνταῦθα
1821 3545 1955 3614 βίου,

420 3655 565 3708 ἔσται
594 3653 688 3705 τοῦ
721 3651 852 3706 ναοῦ
881 3651 1022 3711 λίθος
1041 3666 1054 3678 ο
1085 3651 1112 3700 ὁ
1141 3647 1236 3716 μέν
1266 3662 1348 3706 τις
1377 3645 1433 3695 ὲν
1459 3642 1532 3712 τῷ
1567 3638 1793 3709 θεμελίῳ
1825 3634 1958 3688 ἀπό-

425 3744 619 3804 στολος.
661 3741 694 3810 ἢ
738 3740 1017 3810 προφήτης
1067 3734 1342 3804 βαστάζων
1391 3732 1513 3791 τοὺς
1560 3725 1954 3794 ἐπικειμένουςο

424 3832 452 3882 ό
478 3831 532 3883 δέ
558 3847 640 3890 τις
681 3827 819 3897 μετά
841 3827 964 3886 τοὺς
1003 3824 1059 3875 ὲν
1082 3821 1155 3892 τῷ
1177 3819 1402 3888 θεμελίῳ
1435 3817 1536 3869 ὑπὸ
1569 3815 1663 3884 μὲν
1698 3812 1802 3863 τῶν
1827 3811 1959 3862 ἀπο-

427 3921 618 3974 στόλων
653 3915 1066 3987 βασταζόμενος,
1101 3913 1192 3964 καὶ
1221 3911 1376 3973 αὐτὸς
1407 3909 1500 3960 σὺν
1527 3908 1633 3966 τοῖς
1656 3900 1963 3961 ἀποστόλοις

425 4005 815 4078 συμϐαστάζων
862 4004 986 4062 τοὺς
1034 3999 1473 4067 ὑποδεεστέρους·
1527 3994 1620 4044 καὶ
1671 3992 1698 4042 ὁ
1742 3989 1836 4058 μέν
1883 4002 1964 4047 τις

424 4073 568 4148 ἔσται
601 4094 745 4155 λίθος
785 4090 892 4143 τῶν
934 4085 1245 4149 ὲνδπάτων,
1273 4084 1406 4137 ἔνθα
1443 4084 1476 4152 ἡ
1505 4079 1746 4140 κιϐωτὸς,
1774 4076 1866 4128 καὶ
1897 4073 1964 4125 τά

424 4185 702 4256 χερουὸὶμ,
745 4179 922 4234 καὶτὸ
955 4178 1279 4244 ἱλαστήριονο
1314 4173 1492 4239 ἕτερος
1527 4169 1582 4220 δὲ
1621 4165 1710 4218 τοῦ
1755 4161 1967 4232 περιϐό-

425 4251 534 4336 λου,
572 4251 666 4325 καί.
697 4272 854 4332 ἄλλος
895 4269 972 4320 ἔτι
1020 4266 1123 4328 ἔξω
1154 4263 1242 4316 τοῦ
1276 4259 1552 4330 περιϐόλου
1589 4255 1692 4308 τῶν
1733 4251 1966 4306 Λευιτῶν

2035 1157 2152 1197 esse
2197 1141 2261 1193 de
2306 1135 2527 1205 singulis
2573 1133 2735 1186 rebus
2780 1127 2959 1195 templi
3019 1126 3281 1177 disserere
3335 1133 3451 1186 quae
3512 1118 3563 1169 in

2035 1233 2236 1300 Regum
2267 1235 2424 1284 tertio
2453 1227 2498 1258 “
2521 1214 2793 1282 dicuntur,
2835 1220 3092 1286 longeque
3131 1213 3297 1280 majus
3322 1209 3566 1265 oratione

2037 1298 2242 1384 nostra,
2291 1316 2487 1385 alioqui
2533 1315 2692 1366 etiam
2747 1309 2812 1361 ad
2845 1313 3160 1374 praesentem
3219 1298 3562 1366 scriptionem

2037 1427 2140 1465 non
2171 1409 2462 1477 pertinens,
2498 1399 2809 1455 dilferimus.
2852 1394 3117 1448 Cancrum
3166 1391 3216 1442 in
3264 1383 3565 1455 hujusmodi

2039 1475 2194 1554 rebus
2228 1509 2538 1564 persuasum
2563 1491 2821 1545 habentes
2844 1487 2906 1538 ad
2931 1483 3020 1536 Dei
3055 1479 3372 1548 sapientiam
3403 1475 3567 1542 ρει·ιί-

2039 1600 2165 1640 nere
2231 1583 2584 1652 proprietates
2639 1575 2904 1643 explicare
2965 1568 3224 1624 divinitus
3296 1563 3567 1631 inspirata;

2041 1675 2369 1741 Scripturaa,
2438 1682 2555 1737 qum
2607 1663 2916 1732 sapientiam
2974 1661 3128 1712 docet
3198 1657 3247 1708 in
3317 1652 3570 1721 mysterio

1968 1750 2009 1802 Β
2039 1761 2363 1815 reconditam
2390 1800 2404 1824 ,
2449 1771 2604 1825 quam
2639 1753 2812 1806 nullus
2860 1748 3156 1818 principum
3205 1741 3383 1797 saeculi
3415 1739 3570 1806 hujus

2036 1849 2280 1916 cognovit
2323 1847 2406 1910 ‘5;
2460 1859 2580 1897 cum
2628 1842 2678 1895 id
2732 1838 3026 1908 praesertim
3079 1842 3284 1886 natura:
3328 1830 3570 1881 humanae

2037 1949 2246 2009 captum
2323 1942 2574 2001 superet;
2649 1928 3102 1996 deprehendentcs
3190 1922 3405 1987 insuper
3475 1931 3572 1969 nos

2039 2005 2182 2098 ipsos
2227 2026 2402 2081 eximii
2441 2022 2668 2090 Spiritus
2715 2016 2973 2085 sapientia
3029 2026 3205 2081 egere,
3253 2010 3318 2062 ad
3371 2005 3568 2060 intelli-

2039 2116 2263 2186 gendum
2324 2111 2491 2171 talia,
2577 2114 2633 2159 ut
2712 2103 3044 2156 sacerdotem
3135 2100 3323 2156 decet;
3413 2107 3572 2160 quam

2039 2201 2367 2273 paucissimis
2389 2197 2694 2266 poterimus,
2719 2191 3023 2244 describere
3053 2187 3209 2251 hujus
3243 2183 3341 2236 loci
3378 2180 3574 2234 intelli-

2041 2294 2272 2364 gentiam
2339 2286 2656 2341 tentabimus
2687 2320 2701 2346 ,
2763 2279 2934 2334 edocti
3004 2291 3032 2328 a
3086 2274 3242 2326 Petro
3293 2271 3337 2302 “
3391 2267 3574 2322 Eccle-

2041 2386 2170 2440 siam
2233 2392 2424 2446 corpus
2477 2389 2594 2429 esse
2640 2380 2693 2426 et
2755 2372 2966 2424 domum
3036 2365 3129 2418 Dei
3178 2379 3241 2416 ex
3313 2359 3576 2428 lapidibus

2041 2469 2335 2526 viventibus
2373 2465 2706 2522 atdilicatam,
2759 2461 2968 2512 domum
3028 2451 3353 2522 spiritualem
3418 2447 3575 2517 203

2043 2561 2096 2614 in
2149 2553 2499 2612 sacerdotium
2553 2559 2825 2610 sanetum,
2875 2546 2946 2598 ita
2980 2553 3036 2596 ut
3074 2541 3287 2593 Davidis
3318 2538 3454 2591 lilins
3507 2538 3578 2590 sit

2044 2647 2178 2700 hanc
2205 2644 2272 2697 ob
2294 2653 2505 2694 causam
2537 2634 2732 2690 Christi
2758 2633 2946 2701 ﬁgura,
2976 2628 3241 2682 aediﬁcatus
3288 2625 3534 2691 tetnplum
3558 2640 3576 2689 ;

2044 2735 2132 2803 qui
2189 2741 2307 2801 post
2347 2727 2517 2789 bella,
2572 2739 2700 2792 pace
2757 2722 3012 2775 altissima
3049 2718 3216 2779 facta,
3256 2714 3479 2768 aediﬁcat
3511 2714 3576 2764 ad

2045 2823 2266 2893 gloriam
2294 2819 2382 2873 Dei
2413 2814 2659 2882 templum
2685 2814 2736 2865 in
2760 2810 2998 2864 terrestri
3023 2806 3314 2862 Jerusalem
3332 2805 3397 2867 ⁸⁷,
3427 2816 3492 2855 nc
3525 2802 3576 2854 in

2046 2889 2312 2979 posterum
2359 2905 2530 2960 cultus
2563 2903 2653 2955 Dei
2686 2899 2989 2968 perﬁciatur
3016 2897 3066 2949 in
3097 2894 3326 2948 tentorio
3356 2889 3580 2944 subinde

2049 2978 2308 3060 mutabili,
2342 2995 2574 3062 singulas
2622 3007 2704 3044 res
2747 2989 2926 3058 templi
2956 2988 3022 3040 ad
3063 2984 3350 3038 Eeclesiam
3381 2978 3582 3033 referre
3687 2990 3692 2994 '

2054 3087 2386 3142 tentabimus.
2430 3080 2690 3134 Fortassis
2725 3077 2864 3129 enim
2905 3076 2949 3128 si
2983 3073 3180 3126 inimici
3237 3082 3422 3123 omnes
3454 3066 3582 3119 sub-

2052 3171 2428 3242 sellitturﬁant
2462 3169 2652 3237 pedum
2692 3165 2912 3228 Christi,
2963 3171 3018 3214 et
3067 3160 3280 3213 ultimus
3318 3157 3580 3219 inimicus,

2052 3277 2238 3330 nempe
2277 3275 2440 3321 mors,
2473 3257 2740 3311 aboleatur
2769 3255 2845 3318 ⁶⁸;
2888 3250 3277 3321 perfectissima
3318 3261 3421 3313 pax
3457 3244 3580 3310 erit,

2052 3353 2260 3420 quando
2290 3348 2530 3401 Christus
2565 3344 2668 3398 erit
2710 3341 2980 3401 Salomon,
3008 3351 3162 3406 quem
3189 3336 3231 3388 si
3267 3335 3582 3401 interprete-

2053 3441 2148 3502 ris,
2167 3446 2249 3492 est
2278 3435 2524 3503 paciﬁcus
2547 3434 2624 3494 °°;
2657 3429 2870 3497 impleta
2893 3428 2942 3480 in
2965 3427 3133 3494 ipsum
3167 3422 3438 3493 prophetia
3468 3434 3586 3488 qua:

2056 3529 2181 3582 dicit
2201 3528 2280 3579 1°:
2317 3544 2336 3576 ι
2372 3525 2500 3579 Cum
2530 3522 2613 3575 his
2643 3518 2731 3588 qui
2763 3518 2888 3572 odio
2915 3517 3174 3569 habebant
3203 3527 3410 3582 pacem,
3439 3525 3584 3564 erant

2055 3617 2328 3686 paciﬁcus.
2373 3632 2392 3666 ι
2433 3614 2510 3665 Ae
2541 3620 2665 3664 tunc
2704 3607 3064 3675 unusquisque
3107 3605 3289 3656 vivens
3325 3601 3456 3668 lapis
3494 3613 3589 3667 pro

2057 3705 2312 3773 dignitate
2359 3699 2632 3769 praesentis
2669 3697 2792 3749 vita:
2844 3695 2949 3748 erit
2997 3691 3175 3760 templi
3227 3690 3361 3757 lapis
3406 3687 3589 3741 :alter

2057 3793 2268 3860 quidem
2309 3790 2362 3842 in
2404 3788 2742 3842 fundamento
2773 3782 3039 3850 apostolus
3070 3781 3150 3832 vel
3188 3779 3439 3847 prOpheta
3467 3792 3590 3845 por-

2059 3891 2178 3935 tans
2220 3879 2694 3948 superimpositos;
2723 3875 2856 3926 alter
2889 3885 3014 3925 vero
3055 3879 3171 3936 post
3214 3883 3306 3921 eos
3337 3867 3429 3934 qui
3467 3875 3590 3920 sunt

2061 3973 2111 4026 in
2154 3971 2511 4030 fundamento,
2540 3973 2776 4034 portatus
2809 3961 3018 4029 quidem
3047 3969 3098 4010 et
3129 3958 3239 4024 ipse
3267 3957 3332 4008 ab
3377 3964 3589 4022 aposto-

2061 4059 2145 4124 lis,
2163 4058 2295 4111 alios
2311 4056 2402 4111 sed
2429 4056 2540 4123 ipse
2560 4053 2718 4108 etiam
2742 4058 2957 4118 portans
2977 4045 3297 4100 inﬁrmiores
3321 4057 3440 4096 cum
3461 4056 3591 4108 apo-

2061 4149 2210 4228 stolis
2237 4163 2252 4211 ;
2284 4153 2443 4212 atque
2475 4143 2634 4196 etiam
2672 4139 2804 4192 alter
2834 4137 3044 4206 quidem
3077 4135 3207 4201 lapis
3231 4133 3335 4186 erit
3377 4131 3594 4198 penitis-

2063 4219 2247 4299 simus,
2273 4235 2361 4287 ubi
2393 4246 2516 4285 arca
2540 4239 2592 4284 et
2615 4227 2889 4282 cherubim
2928 4233 3028 4285 est,
3059 4234 3113 4276 et
3135 4218 3589 4288 propitiatorium;

428 4309 534 4336 ηυυ,
574 4309 666 4325 μυ..
697 4309 852 4332 ...ηυντ
895 4309 972 4320 ....
1020 4309 1121 4328 ,τν-
1165 4309 1239 4316 ---
1284 4309 1456 4330 ης---
1506 4309 1515 4310 ,

428 4363 515 4414 καὶ
542 4361 752 4431 ἱερέων,
783 4357 928 4419 λίθος
959 4353 1052 4407 τοῦ
1098 4348 1469 4419 θυσιαστηρίου
1512 4346 1615 4398 τῶν
1657 4343 1953 4415 ὁλοκαρπω-

2063 4324 2195 4376 alter
2227 4335 2351 4374 vero
2384 4321 2521 4388 lapis
2568 4315 2832 4377 vestibuli,
2855 4322 2908 4369 et
2954 4311 3090 4364 alius
3129 4309 3296 4361 adhuc
3326 4315 3476 4359 extra
3501 4319 3593 4357 ve-

2067 4410 2306 4431 -.ει.-,ι-.---
2340 4407 2358 4431 1
2385 4408 2642 4431 ....:..........
2675 4412 2720 4431 nl
2749 4401 3080 4431 mum-Ant...“
3143 4397 3275 4431 lania
3307 4395 3487 4431 altari:
3543 4393 3593 4431 in

430 4427 629 4512 μάτων.
659 4443 771 4513 Τὴν
813 4442 870 4494 δὲ
907 4440 1030 4509 περὶ
1058 4436 1255 4490 τούτων
1281 4432 1581 4500 οἰκονομίαν
1617 4429 1704 4481 καὶ
1734 4427 1969 4495 λειτουρ-

428 4511 546 4598 γίαν
575 4511 1071 4599 ὲγχειήρισθήσονται
1095 4523 1242 4590 ἅγιαι
1271 4521 1537 4588 δυνάμεις,
1572 4515 1784 4582 ἄγγελοι
1814 4511 1966 4573 Θεοῦ,

428 4623 482 4673 αἱ
511 4621 606 4690 μέν
637 4634 780 4679 τινες
811 4612 962 4668 οὖσαι
999 4612 1326 4682 κυριότητες,
1362 4608 1611 4690 ἢθρόνοι,
1646 4605 1678 4673 ἢ
1711 4603 1890 4672 ἀρχαὶ,
1933 4601 1966 4669 ἢ

428 4710 674 4774 ἐξουσίαι·
694 4705 814 4759 αἰδὲ
831 4704 1034 4764 τούτοις
1051 4697 1492 4768 ὑποτεταγμέναι⁴
1509 4689 1582 4747 ὦν
1597 4693 1813 4745 τύποιοί
1831 4705 1970 4758 τρισ-

429 4797 577 4866 χίλιοι
596 4797 688 4848 καὶ
713 4792 976 4856 ἑξακόσιοι
1001 4789 1251 4858 ἄρχοντες
1270 4783 1568 4844 ἐπιστάται,
1593 4776 1968 4845 καθεσταμένοι

432 4864 516 4936 ἐπὶ
529 4885 634 4937 τῶν
649 4884 827 4954 ἔργων
846 4879 952 4932 τῶν
979 4874 1240 4944 Σολομὼν,
1262 4874 1352 4925 καὶ
1371 4871 1728 4938 ἐϐδομήκοντα
1746 4864 1970 4934 χιλιάδες

432 4994 534 5026 των
558 4974 818 5042 αἰρόντων
841 4971 1015 5038 ἄρσιν,
1053 4967 1143 5018 καὶ
1170 4966 1224 5016 αἱ
1249 4963 1354 5015 τῶν
1389 4959 1634 5026 λατόμων
1655 4955 1973 5023 ὀγδοήκοντα

435 5041 660 5130 χιλιάδες
692 5062 750 5112 ὲν
781 5057 858 5127 τῷ
885 5057 1019 5125 ὄρει,
1043 5057 1089 5106 οἱ
1119 5051 1387 5111 ποιοῦντες
1415 5047 1484 5100 τά
1523 5045 1680 5113 ἔργα,
1709 5041 1804 5093 καὶ
1834 5041 1970 5092 ἑτοι-

438 5149 691 5211 μάζοντες
713 5148 822 5218 (ιε)
851 5147 976 5207 τοὺς
1008 5143 1183 5204 λίθους
1218 5141 1312 5194 καὶ
1349 5138 1416 5191 τὰ
1457 5135 1609 5199 ξύλα-
1651 5133 1971 5200 Παρατηρη-

542 5283 588 5315 ⁸⁸
606 5283 807 5338 Coloss.
841 5296 880 5338 ι.
915 5277 996 5331 i5.
1107 5276 1152 5307 “
1190 5272 1251 5324 Ill
1283 5271 1410 5332 Reg.
1439 5282 1512 5329 v1,
1547 5277 1808 5338 γιιηνιιιἶ

1919 5259 1964 5291 ⁸⁵
2005 5257 2023 5309 l
2060 5257 2178 5310 Cor.
2208 5268 2263 5314 ll,
2293 5252 2346 5315 7,
2385 5249 2439 5302 8.

2064 4410 2309 4466 stibulum
2339 4407 2644 4462 chitarutn
2673 4412 2727 4458 et
2748 4401 3103 4462 sacerdotum,
3143 4397 3278 4464 lapis
3305 4395 3507 4456 altaris,
3542 4393 3594 4446 in

2067 4515 2169 4568 quo
2211 4497 2506 4552 oll'eruntur
2553 4495 2820 4548 fructuum
2869 4489 3184 4543 oblationes.
3213 4486 3380 4539 Porro
3405 4484 3595 4538 barum

2068 4602 2241 4640 rerum
2280 4584 2570 4639 meonomia
2618 4591 2668 4634 et
2714 4577 3066 4634 ministerium
3099 4575 3444 4630 concredclur
3470 4586 3595 4624 san.

2067 4677 2168 4731 etis
2195 4674 2473 4728 virtutibus
2495 4710 2510 4736 ,
2540 4686 2731 4738 nempe
2779 4669 2979 4738 angelis
3020 4667 3133 4728 Dei,
3161 4678 3382 4732 quarum
3413 4661 3598 4727 aliqua:

2067 4765 2276 4834 quidem
2315 4772 2435 4818 sunt
2471 4760 2857 4814 dominationes
2879 4797 2894 4821 ,
2924 4757 3003 4809 vel
3045 4754 3240 4817 throni,
3269 4751 3350 4804 vel
3399 4748 3597 4816 princi-

2067 4862 2240 4920 patus,
2290 4849 2372 4902 vel
2406 4856 2726 4916 potestates;
2770 4846 2958 4912 aliqua:
3012 4857 3136 4897 vero
3175 4841 3258 4894 his
3303 4837 3594 4904 subjectae;

2069 4956 2288 5010 quarum
2319 4939 2536 5006 ﬁguram
2574 4944 2763 5005 gerunt
2792 4933 3022 4989 sexcenti
3059 4931 3133 4984 illi
3166 4941 3321 4996 supra
3347 4926 3446 4978 tria
3485 4923 3600 4976 t‘nil-

2073 5032 2141 5085 lia
2187 5027 2457 5097 prtefecti,
2511 5024 2741 5093 praefecti
2807 5022 3070 5090 principes
3124 5015 3395 5072 constituti
3443 5025 3603 5079 super

2075 5135 2230 5192 opera
2259 5115 2600 5178 Salomonis;
2646 5122 2698 5166 et
2740 5111 3067 5179 septuaginta
3097 5105 3351 5160 chiliades
3389 5111 3600 5170 gestan-

2543 5245 2587 5276 σο
2613 5242 2635 5295 ι
2660 5219 2803 5297 Petr.
2833 5255 2894 5306 ιι,
2926 5239 2981 5292 5.
3087 5237 3131 5268 ιτ
3157 5235 3222 5290 lll
3244 5237 3373 5305 Reg.
3399 5249 3454 5304 ν,
3484 5235 3604 5291 5-5.

454 5346 531 5404 ⁸⁸1
561 5322 1041 5414 7:iii.
1115 5343 1158 5377 θ’
1183 5322 1450 5406 li’aralip.
1483 5322 1624 5393 ixtt,
1653 5332 1702 5384 9.
1776 5329 1824 5361 ⁷⁸
1857 5329 1953 5380 l‘s-.t

2049 5340 2163 5387 tux,
2192 5322 2274 5373 7⁸5.

516 5463 622 5534 (ιο)
658 5467 844 5532 Σῶμα.
876 5460 1222 5534 Desideratur
1256 5455 1305 5508 in
1337 5450 1528 5506 codice
1561 5447 1740 5516 Regio,
1769 5445 1869 5500 sed
1903 5460 1981 5498 re-

455 5531 672 5587 stituitur
697 5550 725 5586 e
744 5531 1067 5586 Bodleiano.

518 5581 887 5668 (ᾖ)ηεῖςῖνῖῙῦ
929 5581 1288 5658 Ἐκκλησίαν.
1310 5588 1380 5645 lia
1408 5582 1589 5639 codex
1622 5581 1982 5642 Bodleiauus;

2082 5440 2296 5506 Regius,
2308 5505 2313 5506 ν
2327 5433 2418 5486 καὶ
2450 5433 2571 5506 τὴν.-
2581 5430 2918 5506 Ἐκκλησίαν.

2149 5490 2256 5569 (Ὦ)
2284 5490 2877 5569 ”Ετοιμᾶζοντες.’8ὶε
2910 5492 3076 5550 codex
3111 5492 3456 5555 Bodleianus;
3505 5490 3611 5544 ite-

2085 5579 2218 5644 gitts,
2256 5570 2648 5640 ἑτοιμάσαντες.
