3880 6178
258 302 362 360 385
1343 305 1686 362 COMMENT.
1725 307 1791 361 1N
1822 308 2008 364 JOAN.
2049 289 2299 364 TOMUS
2329 298 2396 361 Χ.
3353 321 3455 376 335

252 410 567 486 θεμελίωσιν
596 406 690 462 τοῦ
720 406 868 460 οἴκου
901 404 993 460 τοῦ
1019 403 1260 492 Κυρίου.
1310 415 1544 484 Ὀγδοάδι
1569 417 1810 486 μέντοιγε

1918 427 2042 485 pant
2081 407 2316 488 grandes
2350 426 2400 472 et
2453 423 2710 491 pretiosos
2762 423 2961 492 lapides
3012 435 3208 480 sanctae
3243 430 3454 483 domus--

249 503 392 556 ἐτῶν
416 499 520 571 (46)
563 496 889 550 συντελεῖται
934 497 964 548 ό
1005 490 1156 560 οἶκος
1196 501 1276 570 τῷ
1326 503 1496 575 ὀγδόῳ
1549 503 1679 572 μηνὶ
1727 501 1810 558 τοῦ

1918 508 2080 562 etiam
2111 507 2162 560 in
2193 511 2388 572 quarto
2419 490 2577 575 anno,
2603 490 2850 566 sedentes
2888 513 2952 566 ad
2977 511 3335 569 lundationem
3365 519 3459 570 do-

247 591 442 660 ὀγδόου
479 589 632 650 ἔτους
655 586 763 640 ἀπὸ
794 587 896 657 τῆς
934 585 1332 659 θεμελιώσεως.

322 861 412 916 ﬂ.
454 860 621 914 Οὐδὲν
660 860 718 913 δὲ
750 859 948 914 ἄτοπον
992 861 1146 915 ἔσται
1189 863 1278 916 διὰ
1318 863 1481 933 μέσου
1513 865 1624 927 τοῖς
1654 865 1818 935 μηδὲν

245 951 398 1020 πέρα
435 951 536 1019 τῆς
583 950 822 1020 ἱστορίας
862 951 1125 1020 οἰομένοις
1163 952 1250 1004 διὰ
1296 953 1495 1006 τούτων
1539 952 1820 1023 δηλοῦσθαι

245 1041 664 1108 δυσωπητικοὺς
696 1040 885 1107 λόγους
912 1045 1276 1111 προσαγαγεῖν
1307 1043 1437 1112 πρὸς
1468 1043 1527 1094 τὸ
1555 1044 1630 1106 ὼς
1654 1043 1819 1095 Πνεύ-

247 1145 424 1198 ματος
457 1129 801 1198 γραμμάτων
847 1129 1078 1198 ζητῆσαι
1125 1130 1216 1184 τοῦ
1260 1130 1569 1200 Πνεύματος
1608 1130 1729 1183 νοῦν
1761 1132 1820 1184 ὲν

241 1218 460 1279 τούτοις
501 1217 672 1280 ἀξιον.
709 1213 854 1286 τΑρα
885 1219 993 1288 γὰρ
1042 1221 1092 1270 οἱ
1130 1220 1236 1272 τῶν
1279 1220 1536 1288 βασιλέων
1575 1221 1679 1273 υἱοὶ
1707 1220 1818 1289 (47)

241 1307 540 1377 ἐσχόλαζον
573 1311 640 1376 τῇ
669 1308 958 1376 πελεκήσει
987 1309 1092 1363 τῶν
1127 1312 1370 1378 μεγάλων
1404 1312 1494 1362 καὶ
1518 1312 1711 1380 τιμίων
1739 1311 1818 1362 λί-

240 1396 378 1458 θων,
428 1397 906 1465 ἀναλαμϐάνοντες
967 1399 1160 1469 τέχνην
1225 1399 1499 1468 βασιλικῆς
1546 1401 1818 1466 εὐγενείας

241 1485 566 1555 ἀλλοτρίως
601 1486 713 1538 Καὶ
735 1489 764 1538 ὁ
789 1487 1017 1556 ἀριθμὸς
1053 1488 1156 1539 τῶν
1181 1490 1510 1558 νωτοφὸρων,
1541 1491 1633 1541 καὶ
1660 1489 1816 1541 λατό-

243 1592 388 1644 μων,
415 1572 512 1629 ita).
550 1577 882 1652 ὲπιστατῷν,
915 1576 1006 1628 τοῦ
1055 1594 1116 1644 γε
1159 1579 1346 1646 χρόνου
1377 1580 1470 1647 τῆς
1510 1580 1817 1648 έτοιμασίας

240 1663 354 1716 τῶν
386 1664 573 1727 λίθων,
611 1666 705 1717 καὶ
737 1666 834 1734 τῆς
874 1665 1312 1735 ὲπισημειὼσεως
1339 1667 1446 1736 (48)
1470 1668 1576 1719 τῶν
1618 1670 1814 1737 ὁμοίων

239 1751 317 1814 ὡς
352 1726 986 1824 έτυχενάναγέγραπται
1005 1726 1248 1825 ;“Ἐχρῆν
1278 1726 1444 1808 sese;
1476 1757 1626 1824 ἅγιον
1651 1726 1709 1810 έν
1739 1761 1814 1811 εί-
1846 1726 1886 1780 Β

245 1841 387 1910 ρήνῃ
415 1843 966 1912 κατασκευαζόμενον
999 1839 1143 1897 οἷκον
1180 1844 1254 1914 τῷ
1286 1845 1402 1914 Θεῷ
1441 1846 1812 1918 ᾠκοδομῆσθαι

242 1932 415 2002 χωρὶς
447 1933 685 2002 σφύρας,
735 1934 829 1986 καὶ
879 1933 1170 1997 πελέκεως,
1210 1936 1302 1987 καὶ
1355 1937 1550 1998 παντὸς
1595 1937 1810 2006 σιδηροῦ

246 2021 497 2084 σκεύους,
529 2023 618 2075 ἴνα
655 2022 821 2090 μηδὲν
861 2022 1122 2092 ἀκολουθῇ
1171 2022 1464 2093 θορυϐῶδες
1503 2027 1559 2077 ὲν
1596 2025 1674 2094 τῷ
1701 2025 1812 2095 ναῷ

242 2105 336 2157 τοῦ
368 2107 525 2159 Θεοῦ.
558 2107 732 2160 Πάλιν
775 2107 832 2158 δὲ
879 2108 1068 2176 ἀπορῶ
1107 2109 1241 2178 πρὸς
1274 2111 1398 2172 τοὺς
1427 2113 1492 2180 τῇ
1533 2111 1669 2175 λέξει
1691 2113 1811 2164 δου-

243 2194 518 2259 λεύοντας,
552 2195 672 2258 πῶς
720 2195 961 2260 δυνατὸν,
1005 2197 1324 2267 ὀγδοήκοντα
1371 2199 1615 2268 χιλιάδων
1662 2201 1814 2254 λατό-

248 2299 362 2349 μων
389 2283 775 2352 τυγχανουσῶν
800 2285 907 2353 (49)
933 2283 1098 2347 λίθοις
1123 2286 1441 2355 ἀκροτόμοις
1473 2290 1656 2357 ἀργοῖς
1679 2289 1813 2358 ᾠκο-

245 2368 510 2438 δομῆσθαι
538 2371 631 2423 τὸν
663 2367 813 2423 οἷκον
848 2373 941 2424 τοῦ
980 2372 1132 2435 Θεοῦ,
1169 2375 1374 2443 σφύρας
1402 2377 1494 2426 καὶ
1525 2376 1808 2439 πελέκεως,

245 2461 339 2510 καὶ
379 2459 579 2523 παντὸς
631 2461 858 2522 σκεύους
899 2461 1114 2531 σιδηροῦ
1142 2464 1239 2515 ούκ
1273 2463 1620 2526 ἀκουσθέντος
1651 2466 1708 2518 ἐν
1736 2465 1811 2534 τῷ

243 2548 376 2618 οἴκῳ
403 2550 591 2610 αὑτοῦ,
640 2553 698 2602 ἐν
738 2549 814 2618 τῷ
853 2551 1240 2619 οἰκοδομεῖσθαι
1281 2553 1468 2616 αὖτόνς
1513 2554 1665 2605 Ἀλλά
1705 2559 1809 2624 μή-

246 2654 371 2689 ποτε
404 2639 454 2689 οί
483 2638 882 2707 λατομούμενοι
909 2639 1042 2690 λίθοι
1069 2638 1265 2701 ζῶντες
1296 2642 1531 2711 ἀψοφητὶ
1558 2644 1646 2694 καὶ
1681 2645 1811 2694 ἀτα-

251 2728 427 2796 ράχως
455 2727 815 2796 λατομοῦνται
842 2727 946 2791 ἔξω
989 2743 1088 2778 που
1118 2729 1256 2780 κατά
1429 2731 1517 2782 τὸν
1550 2731 1692 2795 ναὸν,
1725 2733 1809 2784 ἵνα

246 2816 450 2885 ἕτοιμοι
493 2816 723 2868 ἔλθωσιν
765 2817 856 2868 ἐπὶ
895 2815 956 2867 τὸ
991 2817 1224 2886 ἁρμόζον
1257 2819 1434 2881 αὐτοῖς
1473 2820 1572 2888 τῆς
1611 2822 1809 2874 οἰκοδο-

249 2906 353 2974 μῆς
383 2906 604 2974 χωρίον.
643 2907 752 2957 Καὶ
779 2905 1038 2967 ἀνάϐασις
1069 2905 1125 2956 δέ
1147 2925 1226 2969 τις
1247 2907 1372 2976 περὶ
1401 2909 1487 2962 τὸν
1534 2905 1678 2963 οἷκον
1715 2911 1807 2963 τοῦ

245 2994 373 3046 Θεοῦ
412 2997 486 3065 μὴ
531 2996 940 3065 γεγωνιωμένη,
976 2996 1294 3059 ἀνακλάσεις
1334 2997 1552 3049 εὐθειῶν
1594 2999 1806 3067 ἔχουσα.

246 3082 563 3153 Γέγραπται
602 3085 740 3154 γάρ’
779 3105 796 3134 ι
841 3085 948 3136 Καὶ
992 3085 1170 3154 ἑλικτὴ
1221 3085 1477 3148 ἀνάϐασις
1507 3087 1586 3148 είς
1624 3087 1684 3138 τὸ
1717 3086 1810 3155 μέ-

245 3189 356 3234 σον,
395 3174 492 3226 καὶ
520 3175 590 3225 ὲιι
625 3173 722 3243 τῆς
753 3175 928 3243 μέσης
956 3175 1046 3225 ἐπὶ
1080 3174 1144 3226 τά
1175 3175 1457 3245 ’τεριόροφα⁹
1499 3193 1516 3225 ι
1551 3175 1808 3244 ἑλικοειδῆ

244 3261 349 3330 γὰρ
394 3262 574 3331 ἐχρῆν
604 3258 742 3314 εἶναι
794 3261 891 3333 τὴν
932 3264 988 3313 ὲν
1037 3261 1113 3330 τῷ
1159 3261 1268 3330 ναῷ
1310 3262 1402 3314 τοῦ
1447 3263 1577 3314 Θεοῦ
1629 3263 1810 3316 ἄνοδον

241 3353 338 3421 τῆς
392 3354 579 3415 ἕλικος
620 3353 880 3406 ἀναϐάσει
912 3353 1002 3405 τὸν
1038 3355 1304 3406 ίσαίτατον
1329 3355 1520 3407 κύκλον
1553 3355 1812 3424 μιμουμέ-

241 3459 356 3511 νης.
390 3445 507 3495 Ἵνα
541 3443 601 3494 δὲ
643 3439 794 3504 οὗτος
839 3445 866 3495 ὁ
904 3440 1047 3506 οἶκος
1077 3444 1286 3512 βέϐαιος
1315 3439 1369 3514 ᾖ,
1402 3443 1476 3504 ὡς
1516 3443 1595 3495 ἔνι
1629 3444 1809 3496 κάλλι-

243 3547 342 3582 στα
375 3530 510 3598 (51),
549 3529 954 3598 οίκοδομοῦνται
997 3530 1183 3600 δεσμοὶ
1231 3529 1342 3599 (52)
1388 3530 1534 3600 αὐτῷ
1579 3531 1645 3585 δι’
1690 3532 1808 3584 ὅλου

242 3622 388 3672 οἴκου
417 3620 584 3672 πέντε
615 3622 675 3671 ὲν
707 3622 870 3688 πήχει
898 3620 956 3672 τὸ
985 3619 1134 3687 ὕψος,
1171 3620 1259 3672 ἵνα
1283 3621 1314 3687 ἡ
1340 3619 1444 3670 ἀπὸ
1477 3619 1584 3672 τῶν
1621 3621 1808 3690 αἰσθη-

241 3710 346 3760 τῶν
375 3711 469 3762 ἐπὶ
491 3709 596 3770 τὰς
627 3709 965 3776 καλουμένας
1006 3709 1151 3770 θείας
1193 3708 1470 3778 αἰσθήσεις
1509 3709 1687 3772 ἄνοδος
1720 3710 1810 3778 δη-

242 3798 383 3867 λωθῇ
412 3800 472 3849 ὲν
497 3797 629 3865 ὕψει
656 3797 1012 3864 τυγχάνουσα,
1047 3797 1178 3866 πρὸς
1215 3797 1532 3866 κατανόησιν
1558 3799 1662 3851 τῶν
1697 3817 1812 3868 νοη-

239 3885 363 3937 τῶν.
389 3884 844 3953 Μακαριωτέρων
879 3883 934 3935 δὲ
964 3883 1124 3936 λίθων
1173 3885 1368 3952 χωρίον
1391 3885 1562 3938 ἔοικεν
1593 3882 1727 3939 εἶναι
1749 3889 1810 3940 τὸ

242 3977 577 4046 καλούμενον
639 3976 870 4044 Δαδεὶρ,
911 3975 1035 4027 ἔνθα
1071 3978 1103 4046 ἡ
1144 3975 1369 4038 κιϐωτὸς
1407 3978 1502 4046 τῆς
1542 3977 1810 4049 Διαθήκης

240 4065 326 4117 τοῦ
350 4067 560 4136 Κυρίου
583 4061 677 4133 ἦν,
710 4064 774 4114 ἶν’
794 4063 965 4125 οὕτως
998 4064 1153 4125 εἴπω,
1186 4067 1244 4116 τὸ
1275 4065 1626 4136 χειρόγραφον
1655 4067 1810 4133 ἐτύγ-

241 4172 364 4222 χανε
410 4156 509 4208 τοῦ
553 4155 720 4216 Θεοῦ,
755 4157 810 4207 αἱ
853 4155 1056 4217 πλάκες
1079 4155 1450 4225 γεγραμμέναι
1471 4155 1547 4224 τῷ
1571 4156 1809 4225 δακτύλῳ

240 4243 424 4297 αὐτοῦ.
463 4245 524 4297 Ὀ
568 4245 631 4297 δὲ
692 4241 835 4307 οἶκος
875 4245 991 4306 ὅλος
1041 4245 1362 4314 χρυσοῦταν
1409 4265 1426 4296 ι
1480 4245 1634 4298 ’Ὀλον
1680 4246 1805 4316 γὰρ,

1918 608 2037 648 mus
2089 592 2204 648 θεῖ.
2258 587 2522 649 Caeterum
2577 599 2852 653 οσιοηιιτίο
2906 615 3129 654 numero
3197 615 3458 656 annorum

1917 681 2213 751 completur
2235 679 2444 750 domus,
2474 693 2666 740 octavo
2703 700 2882 742 mense
2918 688 3092 742 octavi
3122 689 3245 743 anni
3276 703 3306 743 a
3339 689 3458 744 fun-

1919 769 2134 824 datione
2161 771 2228 823 ⁷⁸.

1983 859 2072 913 24.
2103 859 2244 914 Nihil
2281 867 2454 914 autem
2486 858 2699 916 absurdi
2734 864 2835 917 erit
2859 865 3287 921 existimantibus
3320 881 3457 936 prae-

1915 939 2000 1001 ter
2021 947 2294 1002 historiam
2342 947 2600 1002 declarari
2635 965 2729 1016 per
2758 951 2866 1004 base
2895 953 3038 1006 aliud
3078 954 3230 1018 nihil,
3259 954 3310 1005 in
3343 969 3456 1006 me-

1915 1037 2004 1091 dio
2030 1052 2273 1092 sermone
2303 1039 2460 1092 verba
2493 1037 2765 1101 adhibere,
2788 1043 2980 1107 quibus
3010 1046 3208 1109 pudore
3243 1043 3458 1112 perfun-

1915 1126 2123 1187 dantur,
2147 1136 2198 1180 et
2226 1126 2506 1180 ﬂectantur
2542 1129 2606 1180 ad
2635 1131 2974 1196 qumrendum
3019 1133 3068 1184 in
3103 1133 3204 1194 his,
3239 1147 3336 1186 ceu
3369 1134 3456 1185 lit-

1916 1217 2042 1268 teris
2082 1214 2346 1283 Spiritus,
2391 1231 2604 1270 sensum
2661 1211 2860 1284 Spiritu
2903 1220 3138 1287 dignum.
3166 1224 3242 1273 An
3273 1236 3454 1289 regum

1916 1303 2005 1356 lilii
2041 1305 2300 1358 vacabant
2351 1306 2630 1373 scalptioui
2681 1308 2962 1375 grandium
3001 1317 3057 1360 et
3105 1310 3454 1375 pretiosorum

1916 1392 2172 1461 lapidum,
2205 1403 2412 1461 sumpta
2437 1405 2552 1450 arte
2583 1411 2613 1449 a
2645 1398 2786 1462 regia
2816 1399 3172 1464 generositate
3193 1409 3245 1450 et
3268 1399 3454 1452 nobili-

1915 1487 2024 1532 tate
2073 1479 2298 1532 aliena?
2349 1483 2428 1534 An
2485 1484 2642 1536 etiam
2700 1500 2952 1538 numerus
3005 1484 3163 1552 205
3222 1486 3457 1540 humeris

1912 1582 2072 1623 onera
2100 1573 2441 1639 gestantium,
2469 1585 2522 1628 et
2554 1574 2920 1642 Iapieidarum,
2962 1586 3017 1628 et
3061 1575 3453 1642 praefectorum,

1914 1672 1976 1712 ac
1998 1670 2266 1726 postremo
2290 1663 2542 1729 temporis
2571 1664 2975 1731 prmparatiouis
2997 1663 3224 1731 lapidum
3251 1679 3457 1718 rerum-

1911 1766 2013 1819 que
2045 1752 2296 1806 similium
2335 1755 2621 1822 vulgariter
2649 1754 2940 1823 inscriptus
2961 1766 3041 1811 est
3063 1757 3086 1809 ’ί
3112 1755 3324 1811 Scilicet
3349 1756 3456 1809 Deo

1911 1843 2160 1896 aediﬁcari
2189 1858 2412 1897 necesse
2435 1856 2550 1898 erat
2573 1847 2782 1898 domum
2811 1855 3070 1908 sanctam,
3096 1861 3212 1914 quae
3241 1847 3290 1899 in
3327 1861 3455 1914 pace

1911 1926 2335 1988 construebatur,
2366 1927 2478 1982 sine
2505 1931 2692 1984 malleo
2719 1940 2772 1984 et
2807 1933 2978 1986 securi
3007 1943 3061 1988 et
3100 1935 3286 2002 quovis
3317 1938 3440 1991 ferri

1912 2013 2300 2081 instrumento,
2351 2027 2410 2071 ut
2457 2021 2812 2074 turbulentum
2859 2023 2992 2077 nihil
3039 2035 3350 2093 sequeretur
3387 2031 3438 2082 in

1911 2106 2108 2172 templo
2134 2106 2246 2160 Dei.
2281 2108 2507 2162 Proinde
2547 2125 2730 2165 rursus
2767 2122 2946 2166 contra
2978 2115 3073 2167 hos
3116 2117 3204 2182 qui
3253 2118 3440 2172 littene

1911 2193 2168 2257 serviunt,
2209 2195 2550 2261 quaestionem
2584 2209 2770 2249 moveo
2799 2211 2813 2246 :
2845 2196 2944 2261 Qui
2991 2199 3106 2251 ﬁeri
3155 2209 3364 2265 poterat
3397 2209 3451 2249 nt

1911 2283 2170 2336 chiliades
2199 2285 2470 2349 octoginta
2517 2282 2860 2350 lapicidarum
2892 2300 3009 2338 cum
3037 2294 3242 2347 essent,
3283 2287 3451 2339 aedili-

1911 2379 2127 2423 earetur
2153 2371 2342 2422 domus
2369 2368 2461 2423 Dei
2502 2371 2762 2439 lapidibus
2790 2373 2957 2435 duris,
2999 2373 3258 2440 candidis,
3285 2389 3453 2444 neque
3533 2413 3541 2419 .

1912 2460 2120 2524 malleo,
2159 2474 2330 2528 neque
2361 2461 2556 2524 securi,
2587 2475 2680 2515 seu
2712 2461 2891 2530 aliquo
2935 2463 3062 2516 ferri
3094 2465 3452 2519 instrumento

1911 2549 2096 2602 audito
2130 2548 2181 2602 in
2210 2549 2366 2602 domo
2404 2549 2592 2615 ipsius,
2619 2550 2744 2603 dum
2776 2551 2886 2616 ipsa
2911 2551 3302 2606 aediﬁcaretur?
3322 2553 3451 2607 Vide

1911 2653 2062 2702 vero,
2094 2654 2162 2692 ne
2183 2637 2325 2692 forte
2358 2639 2599 2693 viventes
2631 2640 2875 2706 lapicidis
2913 2641 3136 2708 lapides,
3165 2641 3280 2696 sine
3307 2652 3449 2698 stre-

1911 2731 2019 2796 pitu
2069 2731 2200 2785 secti
2253 2738 2306 2784 et
2351 2730 2600 2792 tumultu,
2641 2730 3026 2784 exscindantur
3057 2732 3252 2786 alicubi
3297 2742 3448 2788 extra

1912 2818 2191 2886 templum,
2223 2828 2282 2871 ut
2333 2819 2503 2887 parati
2560 2819 2773 2871 veniant
2821 2819 2887 2870 ad
2941 2829 3226 2875 structurae
3278 2822 3448 2876 locum

1909 2909 2330 2962 convenientem.
2372 2910 2506 2975 Quin
2537 2922 2790 2961 ascensus
2818 2908 3030 2975 quidam
3071 2919 3152 2962 est
3191 2910 3333 2962 circa
3357 2912 3449 2964 do—

1913 3009 2054 3046 mum
2091 2995 2183 3049 Dei
2213 3010 2314 3048 non
2345 2998 2548 3048 habens
2581 2994 2821 3064 angulos,
2853 2996 2946 3048 sed
2987 2995 3241 3050 ﬂexiones
3279 3007 3450 3051 recta-

1913 3101 2025 3136 rum
2059 3085 2336 3137 linearum.
2389 3081 2657 3149 Scriptum
2699 3091 2782 3136 est
2821 3083 2962 3136 enim
2995 3098 3008 3134 :
3044 3100 3064 3133 ι
3093 3083 3157 3135 Ει
3199 3098 3449 3138 ascensus

1907 3173 2172 3224 ﬂexiiosus
2203 3180 2318 3222 erat
2363 3172 2432 3221 ad
2479 3169 2709 3221 medium
2757 3167 3048 3222 thalamum
3085 3184 3099 3232 ;
3130 3178 3184 3222 et
3212 3183 3240 3222 a
3276 3171 3450 3225 medio

1909 3273 2075 3327 usque
2123 3259 2187 3310 ad
2245 3258 2458 3310 tertium
2491 3257 2743 3323 Iaqueare
2769 3257 2835 3310 ".
2877 3275 2896 3306 ι
2930 3255 3250 3310 Flexuosum
3307 3259 3447 3311 enim

1908 3363 2024 3401 esse
2053 3362 2268 3402 necesse
2297 3356 2414 3400 erat
2439 3348 2489 3398 in
2538 3346 2630 3399 Dei
2679 3345 2874 3414 templo
2917 3360 3195 3400 ascensum
3229 3347 3399 3416 ipsum
3428 3364 3444 3412 ;

1909 3436 2045 3489 linea
2067 3437 2279 3504 obliqua
2306 3451 2534 3489 ascensu
2563 3436 2677 3502 ipso
2709 3435 2949 3488 imitante
2972 3435 3228 3489 circulum
3254 3436 3450 3502 :cquis-

1908 3525 2253 3578 sitnuthatn
2282 3539 2406 3577 Vero
2425 3535 2484 3577 ut
2521 3526 2710 3578 domus
2741 3525 2848 3578 haec
2877 3525 2946 3578 sit
2980 3527 3154 3590 ﬁrma,
3182 3527 3452 3581 aediﬁcan-

1911 3624 1996 3668 tur
2019 3615 2090 3669 illi
2118 3629 2274 3682 quam
2328 3613 2682 3682 pulcherrime
2731 3613 2938 3665 vincula
2969 3615 3205 3684 quinque
3228 3630 3324 3684 per
3364 3626 3449 3670 ιο-

1911 3715 2014 3758 tam
2049 3706 2258 3758 domum
2298 3703 2453 3756 unius
2481 3705 2643 3756 cubiti
2667 3704 2946 3758 altitudine
2971 3705 3057 3770 7";
3106 3717 3163 3760 ut
3203 3708 3452 3761 innuatur

1907 3794 2098 3848 debere
2125 3806 2220 3846 nos
2247 3792 2534 3846 ascendere
2563 3793 2616 3845 in
2653 3793 2880 3846 sublime
2915 3808 2944 3844 a
2978 3795 3136 3847 rebus
3177 3796 3447 3850 sensibili-

1907 3883 2006 3935 bus
2037 3882 2102 3935 ad
2129 3895 2218 3934 eos
2245 3894 2434 3935 sensus
2457 3894 2592 3948 quos
2627 3881 2836 3936 divinos
2877 3892 3089 3944 vocant,
3140 3885 3447 3948 contuendi,

1907 3987 1970 4026 ac
2001 3970 2386 4038 contemplandi
2422 3985 2580 4024 causa
2623 3985 2706 4024 res
2742 3986 2833 4025 eas
2863 3986 2981 4039 qua:
3018 3972 3195 4025 animo
3223 3987 3450 4028 cernun-

1911 4072 2014 4116 tur.
2042 4061 2207 4114 Porro
2239 4061 2534 4113 beatiorum
2578 4059 2809 4128 lapidum
2843 4061 2994 4114 locus
3029 4061 3116 4114 ille
3147 4075 3265 4116 esse
3298 4063 3441 4117 vide-

1909 4161 1994 4204 tur
2021 4150 2108 4218 qui
2134 4157 2355 4201 vocatur
2387 4147 2546 4202 Dabir
2571 4149 2652 4213 7°;
2684 4151 2772 4204 ubi
2817 4165 2940 4204 arca
2974 4149 3301 4204 Testamenti
3345 4151 3449 4206 Do-

1908 4236 2034 4289 mini
2086 4243 2321 4299 erat,et
2374 4237 2812 4306 chirographum,
2865 4251 2924 4293 ut
2977 4241 3048 4293 ita
3108 4241 3307 4304 dicam,
3337 4241 3449 4303 Dei,

241 4336 392 4402 φησὶ,
442 4336 540 4387 τὸν
585 4332 740 4387 οἷκον
778 4336 1085 4405 περιέχρισε
1115 4335 1338 4404 χρυσίῳ,
1370 4336 1472 4397 ἕως
1512 4335 1810 4398 συντελείας

1915 4337 2100 4391 nempe
2147 4324 2338 4377 tabulae
2362 4325 2572 4392 scriptae
2606 4327 2768 4393 digito
2804 4329 2969 4396 ipsius
2998 4329 3065 4382 ⁸⁸.
3108 4330 3179 4384 At
3214 4339 3325 4384 tota
3356 4333 3451 4386 do-

240 4425 438 4486 παντὸς
467 4424 566 4477 τοῦ
596 4424 770 4477 οἴκου.
797 4443 815 4475 ι
837 4427 915 4478 Τά
941 4426 1118 4495 μέντοι
1144 4426 1235 4478 δύο
1255 4424 1510 4494 χερουϐὶμ
1533 4427 1588 4477 ὲν
1609 4425 1684 4494 τῷ
1701 4427 1806 4478 Δα-

238 4511 358 4581 6εὶρ
395 4510 489 4583 ἦν,
522 4515 672 4582 ὅπερ
715 4513 775 4565 ού
820 4514 1127 4584 δεδύνηνται
1167 4515 1491 4584 ἑρμηνεῦσαι
1534 4517 1732 4586 κυρίως
1757 4519 1806 4568 oi

243 4603 761 4673 μεταλαμϐάνοντες
795 4605 874 4665 είς
905 4603 1248 4673 Ἐλληνισμδν
1285 4603 1352 4656 τὰ
1392 4605 1666 4673 Ἐϐραίων.
1697 4608 1808 4658 Κα-

239 4692 764 4768 ταχρηστικώτερον
793 4693 850 4744 δέ
879 4709 1020 4754 τινες
1064 4691 1188 4744 ναὸν
1229 4691 1386 4746 αὐτὸν
1423 4693 1672 4762 εἰρήκασι
1714 4693 1806 4745 τοῦ

245 4839 261 4874 -_
309 4807 356 4838 ⁷⁸
385 4807 448 4860 111
475 4807 623 4874 Reg.
649 4822 724 4869 vr,
757 4810 806 4872 1,
835 4807 922 4871 37,
945 4807 1034 4864 58.
1131 4805 1177 4838 "
1205 4806 1332 4861 ibid.
1360 4806 1413 4861 2.
1509 4807 1555 4840 "
1573 4807 1696 4863 ibid.
1721 4807 1806 4864 10.

245 4872 286 4904 ⁸³
315 4876 376 4927 111
403 4875 540 4942 Reg.
571 4872 650 4938 vi,
684 4877 772 4930 21.
845 4877 889 4908 ⁸⁸
923 4877 1050 4930 ibid.
1078 4875 1169 4929 ‘23.

253 4987 474 5041 lluetius
520 4987 876 5041 scribendum
921 4987 1171 5047 censuit,
1209 4985 1286 5054 τῷ
1318 4986 1454 5056 ἁγίῳ
1483 4985 1592 5056 ναῷ
1633 4987 1690 5040 ὲν
1727 4985 1804 5056 τῷ

252 5056 508 5114 τετάρτῳ,
539 5066 655 5108 etc.

321 5073 758 5192 iitpsiw'bgém
805 5121 1304 5192 per-torpescit»,
1353 5131 1457 5175 etc.
1517 5121 1806 5176 Undecimo

263 5203 396 5244 anno
415 5189 1144 5260 abaitspicato’Salomonis
1172 5203 1344 5260 regno,
1377 5199 1564 5244 octavo
1591 5207 1620 5243 a
1648 5192 1808 5260 jactis

265 5261 436 5324 templi
490 5256 907 5326 fundamentis:
940 5256 1219 5326 septennia
1257 5257 1448 5326 quippe
1493 5256 1677 5326 ingens
1721 5259 1806 5310 illa

261 5321 463 5379 militic'ti
497 5328 675 5380 moles
708 5325 957 5394 absoluta
988 5321 1091 5374 est.
1123 5321 1326 5390 Joseph.
1348 5321 1454 5376 lib.
1480 5321 1576 5380 νιιῖ
1607 5327 1806 5394 Aulim,

270 5410 376 5456 cap.
405 5394 458 5457 2,
486 5411 538 5448 η.
568 5399 602 5448 4
630 5404 687 5447 et
716 5394 764 5446 5.
808 5392 1070 5445 Ηυετιυς.

331 5455 451 5526 (47)
475 5458 619 5529 Ἆρα
652 5461 760 5528 γὰρ
791 5463 848 5512 οἱ
892 5457 1013 5529 scin"
1041 5455 1328 5529 βασιελέῳφξ
1359 5460 1510 5529 ιζὶοί,
1538 5469 1641 5529 etc.
1670 5459 1810 5513 LXX

269 5525 618 5599 scripserunt,
653 5525 1124 5599 icaiuérgelte'mcav
1164 5525 1206 5572 ol
1237 5526 1328 5599 ,υἱοὶ
1372 5527 1672 5599 Σαλομὼν,
1717 5529 1810 5579 καὶ

278 5595 321 5643 οι
353 5597 450 5647 υἱοὶ
482 5598 712 5666 Χειράμ.
745 5593 969 5649 Fcfcllit
1003 5605 1091 5640 cos
1124 5603 1208 5640 vos
1235 5598 1329 5657 ω,
1384 5593 1546 5662 (ιιιω’
1590 5596 1814 5652 habetur

1913 4435 2030 4473 mus
2067 4420 2392 4472 inauratur:
2432 4436 2451 4470 ι
2493 4418 2681 4474 Totam
2740 4423 2917 4489 enim,
2978 4423 3186 4494 inquit,
3235 4424 3448 4481 domum

1912 4523 2044 4561 auro
2082 4510 2501 4576 circumquaque
2531 4510 2742 4582 auravit
2783 4526 2953 4580 usque
2976 4514 3042 4567 ad
3068 4514 3448 4583 perfectionem

1913 4601 2170 4651 universa:
2201 4599 2387 4651 domus
2409 4598 2470 4652 “.
2497 4617 2516 4651 ι
2547 4599 2806 4655 Praeterea
2837 4603 2938 4676 duo
2967 4606 3239 4660 cherubim
3263 4607 3314 4660 in
3350 4607 3447 4660 Da-

1915 4692 1998 4744 bir
2018 4698 2170 4742 erant
2195 4689 2261 4754 “,
2309 4689 2450 4757 quod
2480 4690 2694 4759 proprie
2741 4691 3077 4761 interpretari
3119 4710 3222 4749 non
3258 4705 3447 4763 potue-

1906 4809 1951 4839 "’
1978 4807 2106 4864 ibid.
2139 4805 2221 4873 16,
2261 4805 2346 4861 19.
2446 4805 2491 4836 ⁸ο
2534 4805 2699 4863 Exod.
2738 4823 2886 4873 xxxi,
2923 4807 3020 4873 18;
3070 4807 3221 4861 Deut.
3250 4825 3326 4874 tx,
3358 4807 3444 4863 10.

1907 4985 1967 5038 111
2015 4983 2146 5052 Reg.
2175 5001 2228 5048 v,
2260 4985 2343 5049 18,
2377 4987 2516 5037 umle
2549 4985 2708 5052 locus
2740 4982 2828 5034 ille
2870 4982 2975 5034 τῶν
3009 4983 3063 5034 0'
3099 4983 3444 5050 depromptus

1909 5062 2022 5116 est;
2061 5049 2375 5106 vocabulum
2414 5056 2608 5119 quippe
2651 5049 2782 5119 illud
2831 5063 2932 5119 pro
2991 5049 3449 5119 punctonum’va-

1913 5122 2103 5174 rit-tate
2127 5121 2209 5172 vel
2242 5122 2378 5186 ﬁ't'os
2411 5116 2490 5186 vel
2512 5116 3182 5186 'iirdiﬁcatot-es_signiticat.
3217 5117 3292 5170 In.

1981 5188 2101 5259 (48)
2151 5182 2664 5254 Ἐσέισημειώσεως.
2730 5182 3080 5235 Desiderantur
3139 5184 3194 5236 in
3267 5186 3454 5241 codice

1915 5256 2215 5310 Bodleiano.

2012 5323 2092 5396 19)
2133 5325 2304 5396 Culex
2337 5321 2673 5396 Dodleiantts,
2704 5315 3110 5396 τυγχανόντων.

2007 5387 2094 5455 511)
2133 5391 2303 5444 Codex
2337 5390 2549 5455 lii-gius,
2585 5387 2687 5450 ἔξω
2719 5387 2817 5435 τοῦ
2847 5387 3008 5434 κατά.

2132 5460 2302 5511 Codex
2330 5457 2554 5530 ΔΙιρέζ-ἰιιε,
2591 5455 2850 5530 μάλιστα..

2132 5525 2357 5592 Aecum.
2403 5517 2492 5578 Sic
2523 5517 2684 5578 codex
2726 5519 3100 5582 Bodleianns;
3133 5517 3352 5588 Regius,
3388 5521 3473 5576 ἐν.

1915 5597 2118 5667 δεσμοι.
