3880 6190
357 291 454 344 387

1777 254 2095 313 OlllGENIS

3527 232 3660 287 588

355 415 498 465 runt.
532 401 621 471 qiti
667 411 752 454 res
791 392 1080 464 Hebraicas
1127 388 1181 440 in
1205 384 1453 470 _Gra3cum
1487 374 1887 434 transtulerunt.
1921 416 1926 430 ι

2107 368 2140 431 5,
2173 365 2489 435 τιμιώτερον
2538 360 2870 430 τυγχάνοντα
2919 355 3056 424 (53).
3094 351 3296 406 Πάντα.
3352 344 3667 417 μέντοιγε

2145 456 2158 471 .
2281 455 2292 471 ς
2435 452 2480 471 ηι
2539 451 2621 471 ,ιη
2670 445 2810 471 -τ---..
2855 445 3144 471 -.-..ι....-...
3207 441 3293 471 ριρ
3332 433 3666 471 adv-ﬁnias:

355 495 583 547 Almsive
614 498 787 541 autem
821 484 1035 548 quidam
1076 462 1216 532 hunc
1247 475 1421 528 locum
1466 470 1714 523 dixerunt
1761 472 1899 516 tem.
1928 455 1930 457 ’

356 585 495 649 plum
523 579 659 647 quod
699 571 1064 630 honorabilius
1087 567 1282 634 templo
1314 562 1614 618 exsisteret.
1640 554 1901 608 Caeterum

355 637 470 736 quae
494 637 552 719 in
571 666 724 719 domo
741 661 941 723 sunt",
969 657 1102 710 fiunt
1125 663 1235 708 tota
1258 665 1438 713 aurea,
1463 648 1514 700 in
1537 646 1742 713 signum
1765 637 1905 707 quod

359 775 508 814 mens
535 756 752 813 omnino
782 751 1020 822 perfecta
1048 752 1355 800 accuratam
1391 735 1770 794 discretionem
1805 731 1904 782 ha-

357 851 480 904 beat
525 860 701 900 rerum
757 857 877 912 quae
931 846 1108 892 mente
1166 830 1568 902 percipiuntur;
1613 835 1732 891 quae
1787 833 1911 885 quo-

357 941 498 992 niam
527 935 746 992 omnino
787 930 969 1000 pervia
999 935 1056 982 et
1096 917 1480 992 cognoscibilia
1509 928 1613 968 non
1654 917 1798 972 sunt,
1833 905 1912 958 fa-

357 1029 596 1084 bricatur
644 1022 881 1076 velamen
932 1015 1096 1080 aulae,

355 1156 360 1168 ο
426 1119 588 1189 206
624 1117 714 1171 25.
757 1115 996 1182 Ωιιιεεῑιιι
1026 1121 1202 1164 autem
1251 1107 1466 1174 dignum
1514 1107 1596 1155 est
1648 1093 1910 1165 quomodo

363 1185 612 1279 tan—quain
658 1221 752 1260 rex
795 1205 1005 1258 dicatur
1039 1199 1288 1255 Salomon
1321 1193 1586 1248 aedificare
1628 1185 1907 1254 templum,

361 1309 416 1355 et
445 1273 662 1353 (ihiram
709 1302 963 1359 tanquam
1007 1287 1332 1341 architectus
1357 1281 1402 1312 ⁸⁵
1436 1295 1450 1330 :
1493 1290 1650 1346 quem
1681 1273 1910 1326 accitum

363 1386 563 1454 recepit
586 1382 836 1438 Salomon
870 1379 1037 1433 filium
1079 1373 1317 1442 conjugis
1359 1370 1531 1423 viduae
1561 1381 1625 1419 ex
1655 1364 1796 1432 Tyro
1818 1400 1832 1424 ,
1860 1368 1914 1413 et

365 1450 517 1543 patre
555 1471 736 1541 Tyrio,
776 1478 829 1521 et
856 1479 886 1520 e
916 1465 1057 1518 tribu
1098 1455 1645 1529 Nephthalimﬂaber
1671 1450 1912 1510 amarius,

366 1542 420 1617 et
449 1561 630 1631 plenus
665 1555 923 1625 sapientia
959 1563 1012 1607 et
1037 1550 1306 1620 agnitione
1329 1549 1395 1598 ad
1430 1542 1724 1597 faciendum
1756 1551 1915 1591 omne

367 1627 500 1717 opus
536 1662 601 1700 ex
635 1659 769 1709 atro;
799 1642 888 1710 qui
937 1654 1059 1694 cum
1092 1636 1352 1690 adductus
1386 1629 1572 1684 fuisset
1621 1627 1686 1679 ad
1740 1637 1914 1692 regem

2007 456 2200 527 χρυσὸς
2235 433 2305 506 τὰ
2361 433 2494 505 κατὰ
2533 451 2622 504 τὸν
2664 445 2810 502 οἶκον
2855 445 3170 513 γεγένηται,
3205 441 3293 500 είς
3332 433 3666 504 σύμϐολον

2007 545 2099 599 τοῦ
2140 542 2506 611 τελειουμένου
2547 540 2760 602 πάντως
2797 536 2889 590 νοῦ
2925 535 3064 605 πρὸς
3103 533 3208 601 τὴν
3243 529 3371 582 τῶν
3411 522 3667 592 νοητῶν

2010 635 2209 705 ἀκριϐῆ
2238 632 2492 697 ἀπόταξιν
2531 630 2637 699 (54)
2659 646 2672 660 ·
2709 629 2830 680 ἐπεὶ
2873 626 2931 678 δὲ
2965 622 3332 677 παντάπασιν
3365 616 3494 668 οὐκ
3527 612 3667 665 ἔστι

2013 701 2145 796 βατὰ
2168 701 2260 776 καὶ
2293 719 2522 790 γνωστὰ,
2551 719 2906 787 οἰκοδομεῖται
2939 712 3366 780 καταπέτασμα
3391 705 3517 776 τῆς
3555 701 3670 755 αὺ-

2011 792 2125 885 λῆς,
2159 815 2269 875 τοῖς
2311 810 2520 870 πολλοῖς
2547 807 2651 860 τῶν
2683 806 2873 877 ἱερέων
2903 804 2999 858 καὶ
3043 799 3302 855 Λευιτῶν
3338 795 3466 850 οὐκ.
3510 792 3670 847 ἀπο-

2017 901 2430 972 καλυπτομένων
2451 899 2557 951 τῶν
2590 897 2873 950 ἐνδοτάτω.

1144 982 1488 1082 μοηὶιῑεεὶιιιίε
1537 1017 1640 1057 non
1693 995 1907 1052 retectis
1937 995 2239 1049 Levitarum
2268 999 2322 1043 et
2352 987 2692 1042 sacerdotum
2725 982 3128 1051 compluribus.

2079 1089 2170 1142 25.
2209 1085 2386 1148 Ἀξιον
2413 1082 2468 1134 δὲ
2501 1081 2728 1150 ζητῆσαι
2764 1078 2880 1139 πῶς
2911 1076 2987 1138 ὡς
3021 1075 3122 1145 μὲν
3156 1074 3449 1144 βασιλεὺς
3481 1069 3670 1124 Σολο-

2016 1177 2130 1250 μὼν
2175 1178 2267 1230 καὶ
2307 1173 2598 1240 οἰκοδομεῖν
2631 1170 2718 1222 τὸν
2750 1168 2876 1221 ναὸν
2919 1167 3160 1233 λέγεται,
3195 1165 3277 1226 ὼς
3311 1164 3367 1216 δ’
3408 1161 3671 1234 ἀρχιτέ-

2013 1285 2153 1321 κτων
2198 1267 2254 1318 ὃν
2300 1263 2484 1316 ἐλαϐεν
2531 1258 2852 1320 ἀποστείλας
2898 1259 2928 1308 ὁ
2967 1253 3228 1324 Σολομὼν
3275 1253 3546 1324 Χειρὰμ
3593 1254 3672 1304 ὲκ

2015 1359 2209 1428 Τύρου,
2246 1355 2355 1407 υἱὸν
2383 1351 2633 1420 γυναικὸς
2666 1351 2858 1418 χήρας,
2889 1347 2985 1399 καλ¹
3015 1341 3174 1407 οὗτος
3205 1344 3329 1396 ἀπὸ
3381 1344 3503 1413 τῆς
3556 1358 3670 1411 φυ-

2016 1451 2110 1519 λῆς
2143 1444 2472 1514 Νεφθαλεὶμ,
2519 1441 2610 1493 καὶ
2649 1442 2677 1491 ὁ
2722 1439 2900 1508 πατὴρ
2930 1435 3097 1488 αὐτοῦ
3133 1435 3380 1505 Τύριος,
3427 1433 3669 1486 τέκτων

2018 1536 2238 1608 χαλκοῦ,
2267 1536 2358 1586 καὶ
2390 1529 2810 1600 πεπληρωμένος
2836 1527 2934 1596 τῆς
2959 1525 3234 1586 συνέσεως
3259 1525 3374 1576 καὶ
3401 1520 3673 1590 ἐπιγνώ-

2022 1642 2173 1687 σεως,
2212 1621 2304 1674 τοῦ
2353 1621 2523 1672 ποιεῖν
2571 1619 2678 1669 πᾶν
2726 1619 2883 1685 ἔργον
2927 1616 2986 1666 ὲν
3039 1611 3257 1683 χαλκῷ,
3288 1612 3358 1675 ὃς
3402 1611 3666 1682 εἰσήχθη

371 1735 726 1794 Salomonem,
771 1731 898 1786 fecit
944 1727 1124 1782 omnia
1157 1736 1338 1792 opera.
1384 1717 1616 1772 Proinde
1657 1713 1908 1782 inspicito

2107 1729 2146 1774 »ς
2172 1712 2260 1763 τὸν
2298 1708 2514 1778 βασιλέα
2548 1706 2819 1775 Σολομὼν,
2875 1703 2970 1756 καὶ
3024 1703 3262 1772 ἐποίησε
3315 1702 3536 1754 πάντα.
3589 1700 3670 1755 τὰ

370 1843 438 1881 an
467 1826 602 1879 forte
624 1824 873 1876 Salomon
899 1818 1063 1886 accipi
1090 1815 1256 1884 possit
1281 1813 1332 1864 in
1360 1807 1776 1873 Primogenitum
1799 1818 1914 1855 om-

373 1920 456 1973 nis
485 1926 742 1972 creaturae
766 1913 833 1978 ⁸⁵,
853 1912 1067 1966 Chiram
1098 1921 1225 1960 vero
1257 1905 1309 1957 in
1345 1902 1614 1956 hominem
1643 1909 1798 1965 quem
1829 1893 1918 1946 hic

373 2007 764 2075 Primogcnitus
793 1998 1077 2067 assumpsit
1110 1997 1176 2050 ab
1207 1993 1480 2047 hominum
1510 1985 1916 2056 congregatione

374 2101 552 2166 (sonat
571 2096 709 2149 enim
740 2092 908 2160 Tyrii,
933 2089 976 2142 si
1007 2101 1100 2141 eos
1119 2085 1553 2152 interpretemur,
1576 2073 1913 2131 continentes)

375 2187 640 2240 hominem
690 2190 877 2234 natura
919 2191 1088 2246 genus
1129 2175 1514 2232 continentem,
1543 2166 1632 2232 qui
1671 2163 1920 2233 impletus

377 2272 519 2326 omni
564 2279 700 2331 arte,
738 2276 790 2321 et
825 2265 1067 2326 scicntia,
1099 2271 1153 2316 et
1189 2260 1479 2329 agnitione,
1516 2256 1772 2310 adductus
1818 2260 1920 2316 est,

377 2375 671 2430 cooperans
701 2354 1060 2424 Primogcnito
1097 2352 1272 2406 omnis
1300 2355 1578 2410 creaturae,
1611 2353 1668 2398 ut
1697 2342 1923 2395 aedificet

382 2428 638 2520 templum
673 2449 724 2500 in
757 2461 862 2514 quo
898 2451 1178 2498 struuntur
1219 2440 1378 2494 etiam
1400 2437 1662 2503 “,fcnestraa
1705 2428 1925 2484 occultat:

386 2517 598 2608 oblique
621 2553 685 2591 ex
714 2537 820 2588 alto
851 2531 1278 2600 introspicientes
1303 2528 1368 2589 ⁸⁸,
1394 2533 1451 2577 ιιι
1469 2522 1776 2592 splendores
1795 2517 1926 2570 lucis

384 2629 478 2683 Dei
509 2627 622 2695 capi
659 2625 883 2692 possint,
909 2632 962 2675 et
989 2629 1048 2675 ut
1081 2617 1318 2673 Ecclesia
1356 2613 1504 2682 (quid
1545 2611 1684 2663 enim
1719 2613 1928 2676 Oportet

386 2731 471 2770 me
502 2713 702 2782 singula
732 2725 1010 2766 recensere
1029 2710 1094 2776 ?),
1125 2707 1380 2759 rationem
1415 2699 1614 2754 habens
1639 2693 1928 2765 spiritualis

388 2780 652 2860 domnset
677 2799 853 2867 templi
889 2799 999 2862 Dei,
1041 2795 1341 2848 inveniatur
1376 2802 1568 2856 corpus
1607 2784 1823 2839 Christi.
1859 2780 1929 2836 Ut

388 2894 527 2948 extim
559 2891 798 2960 praedixi,
825 2885 1085 2955 sapientia
1109 2894 1328 2951 egemus
1357 2893 1416 2932 ea
1448 2891 1564 2944 quae
1589 2875 1639 2928 in
1676 2871 1930 2940 mysterio

390 2993 473 3036 est
503 2957 773 3035 recondita
799 2976 865 3038 ⁸⁷,
887 2985 939 3027 et
963 2987 1080 3041 quae
1105 2970 1200 3024 soli
1229 2967 1303 3020 illi
1334 2975 1412 3020 est
1448 2961 1810 3032 perceptibilis
1839 2957 1929 3027 qui

2012 1804 2165 1873 ἔργα.
2214 1799 2498 1866 Ἐφίστημι
2541 1796 2598 1847 δὲ
2634 1795 2708 1865 μή
2730 1810 2841 1846 τοτε
2875 1794 2904 1844 ὁ
2940 1793 3040 1862 μὲν
3085 1790 3363 1861 Σολομὼν
3425 1793 3518 1855 είς
3564 1791 3668 1844 τὸν

2014 1892 2354 1962 Πρωτότοκον
2393 1888 2568 1956 πάσης
2601 1887 2828 1946 κτίσεως
2867 1883 3252 1952 λαμϐάνεσθαι
3304 1883 3592 1948 δύναται,
3634 1884 3669 1936 6

2013 1983 2067 2035 δὲ
2101 1981 2334 2052 Χειρὰμ,
2369 1980 2446 2040 είς
2491 1977 2548 2028 ὃν
2593 1975 2884 2044 ἀνείληφεν
2931 1967 3111 2037 οὗτος,
3161 1972 3489 2043 ἄνθρωπον
3543 1973 3667 2027 ἀπὺ

2015 2070 2114 2138 τῆς
2144 2069 2250 2122 τῶν
2291 2067 2587 2137 ἀνθρώπων
2629 2063 2857 2131 συνοχῆς
2887 2060 3104 2131 (Τύριοι
3137 2060 3255 2132 γὰρ
3293 2062 3669 2131 ἑρμηνεύον-

2017 2176 2103 2212 ται
2119 2159 2477 2225 συνέχοντες
2500 2153 2658 2224 [55]),
2685 2155 2751 2222 τῇ
2776 2151 2934 2219 φύσει
2962 2151 3025 2202 τὸ
3045 2151 3210 2218 γένος
3228 2150 3470 2218 έχοντα,
3500 2152 3666 2215 ὅστις

2019 2248 2437 2318 πεπληρωμένος
2489 2244 2667 2313 πάσης
2717 2241 2936 2310 τέχνης,
2996 2240 3096 2292 καὶ
3153 2240 3500 2304 συνέσεως,
3559 2241 3668 2295 καὶ

2020 2334 2378 2402 ἐπιγνώσεως,
2415 2333 2658 2401 εἰσήχθη,
2704 2328 2981 2400 συνεργῶν
3015 2328 3095 2398 τῷ
3137 2329 3518 2400 Πρωτοτὸκῳ
3551 2330 3666 2386 πά-

2025 2444 2121 2496 σης
2151 2427 2394 2486 κτίσεως,
2423 2424 2507 2476 ἵνα
2535 2422 2861 2491 οίκοδομήσῃ
2889 2420 2984 2472 τὸν
3015 2420 3170 2486 ναὸν,
3207 2423 3272 2472 ὲν
3319 2415 3372 2488 ᾧ
3403 2423 3512 2474 καὶ⁵
3561 2421 3665 2474 θυ-

2029 2517 2164 2586 ρίδες
2219 2513 2698 2583 παρακύπτόμεναι
2762 2512 3005 2580 κρυπταὶ
3065 2511 3656 2575 κατασκευάζονται,

2027 2605 2158 2676 πρὸς
2192 2595 2285 2666 τάξ
2310 2602 2599 2671 ὲλλάμψεις
2643 2601 2736 2654 τοῦ
2783 2600 2962 2669 φωτὸς
3005 2595 3106 2652 τοῦ
3155 2600 3306 2653 Θεοῦ
3350 2602 3666 2672 σωτηρίως

2025 2694 2311 2763 δυνηθῆναι
2335 2691 2720 2762 χωρῆσαι,(καὶ
2739 2690 2792 2742 τί
2820 2708 2886 2760 με
2911 2691 2994 2743 δεῖ
3014 2690 3205 2757 λέγειν
3228 2692 3344 2744 καθ
3355 2691 3600 2748 ἑκαστον
3621 2692 3666 2764 ς)

2029 2785 2113 2837 ἵνα
2141 2783 2331 2853 εὑρεθῇ
2361 2784 2420 2833 τὸ
2456 2781 2612 2850 σῶμα
2657 2781 2894 2850 Χριστοῦ
2925 2782 2958 2849 ἡ
3007 2781 3329 2850 Ἐκκλησία
3363 2782 3464 2836 τὸν
3496 2783 3666 2850 λόγον

2028 2875 2222 2944 ἔχουσα
2252 2873 2342 2924 τοῦ
2375 2869 2736 2941 πνευματικοῦ
2790 2873 2945 2923 οῐκου
2995 2872 3094 2924 καὶ
3138 2871 3282 2925 ναοῦ
3333 2872 3440 2925 τοῦ
3492 2871 3664 2927 Θεοῦ.

2041 2965 2128 3027 Ὠς
2155 2963 2260 3032 γὰρ
2294 2965 2568 3033 προεῖπον,
2600 2961 2698 3030 τῆς
2744 2963 2802 3012 ὲν
2847 2961 3143 3031 μυστηρίῳ
3193 2963 3669 3033 ἀποκεκρυμμέ-

390 3075 569 3128 dicere
598 3078 813 3139 potest:
851 3083 869 3116 ι
911 3064 1016 3118 Nos
1047 3073 1221 3115 autem
1259 3066 1486 3112 mentem
1531 3052 1726 3108 Christi
1773 3050 1926 3103 habe-

2107 3074 2128 3118 ;
2158 3032 2384 3124 δεόμεθα
2403 3053 2533 3122 (56),
2554 3052 2744 3118 σοφίας
2776 3051 3034 3121 χωρητῆς
3063 3032 3478 3124 τυγχανούσης
3508 3054 3666 3124 μόνῳ

391 3178 510 3217 mus
533 3138 612 3225 ³⁸,
637 3177 655 3210 ι
682 3169 737 3212 ιιι
769 3153 971 3223 singula
1000 3167 1115 3220 qua:
1145 3151 1286 3203 dicta
1318 3156 1439 3201 sunt
1475 3141 1822 3212 spiritualiter
1853 3138 1935 3190 in-

391 3258 744 3319 terpretemur
766 3244 914 3314 juxta
947 3242 1087 3294 illius
1123 3238 1444 3292 voluntatem
1467 3232 1557 3300 qui
1587 3227 1848 3298 disposuit
1881 3233 1936 3277 ut

393 3341 508 3394 haec
532 3337 912 3391 scriberentun.
945 3328 1157 3396 Alioqui
1187 3328 1345 3381 etiam
1391 3322 1594 3389 singula
1633 3320 1747 3372 haec
1772 3329 1936 3382 expo-

396 3443 523 3483 nere
542 3441 646 3479 non
675 3432 754 3478 est
793 3419 1069 3490 prtnsentis
1113 3416 1371 3471 lectionis.
1407 3409 1761 3478 Quamobrem
1795 3401 1938 3457 sulli-

398 3518 544 3570 ciant
579 3517 692 3567 hate
717 3512 782 3564 ad
829 3509 1108 3562 videndum
1141 3503 1407 3573 quomodo
1445 3519 1464 3551 ι
1505 3499 1592 3552 ille
1634 3497 1844 3552 dicebat
1875 3494 1939 3549 de

399 3603 594 3672 templo
620 3599 858 3669 corporis
887 3599 966 3650 sui
992 3595 1060 3650 ‘9.
1101 3614 1120 3644 ο

468 3784 555 3839 20.
584 3783 842 3838 Caeterum
874 3779 1088 3846 dignum
1115 3783 1197 3829 εει
1229 3781 1286 3826 ιιι
1315 3780 1434 3842 post
1453 3772 1567 3824 hmc
1596 3768 1940 3836 inspiciamus

401 3887 468 3924 an
507 3869 663 3922 facile
709 3868 849 3920 factu
891 3866 981 3928 sit,
1030 3873 1084 3916 ut
1125 3863 1236 3915 haec
1263 3876 1379 3929 quae
1405 3859 1626 3913 historia
1663 3855 1825 3909 refert
1859 3853 1939 3906 fa-

401 3969 484 4013 cta
511 3957 670 4010 fuisse
708 3956 759 4008 in
793 3952 1006 4021 templo,
1045 3949 1317 4004 evenerint
1345 3946 1632 4015 aliquando
1658 3958 1748 3997 seu
1784 3955 1944 3996 even-

403 4059 521 4101 tura
567 4046 675 4100 sint
729 4043 875 4096 circa
923 4041 1136 4092 domum
1188 4033 1537 4104 spiritualem.
1566 4030 1785 4083 Videtur
1814 4044 1942 4082 vero

403 4152 505 4193 nos
550 4136 795 4201 utrinque
832 4143 1020 4197 urgere
1057 4127 1224 4186 ratio;
1257 4139 1376 4176 nam
1417 4122 1530 4175 sive
1563 4121 1800 4173 dicamus
1830 4118 1942 4172 fieri

405 4239 562 4294 posse
590 4232 648 4275 ut
683 4223 798 4274 haec
828 4219 978 4278 fiant,
1004 4216 1087 4268 vel
1117 4216 1343 4282 quadam
1370 4213 1577 4264 ratione
1620 4209 1755 4263 facta
1781 4208 1943 4264 fuisse

2033 3145 2110 3214 τῷ
2134 3145 2404 3213 δυναμένῳ
2428 3145 2628 3194 εἰπεῖν’
2671 3161 2689 3191 ι
2739 3141 2931 3209 Ἡμεῖς
2971 3141 3030 3194 δὲ
3071 3141 3204 3194 νοῦν
3232 3145 3496 3214 Χριστοῦ
3535 3145 3666 3216 lxa-

2039 3253 2156 3305 μεν,
2183 3255 2200 3285 ›
2226 3237 2309 3287 ἵνα
2333 3233 2472 3285 κατὰ
2492 3232 2552 3283 τὸ
2575 3231 2818 3301 βούλημα
2840 3219 2934 3285 τοῦ
2965 3236 3460 3304 οίκονομήσαντος
3482 3236 3669 3291 ταῦτα

2036 3325 2305 3396 γραφῆναι
2333 3322 2710 3392 πνευματικῶς
2732 3323 3055 3392 ὲκλάϐωμεν
3083 3324 3336 3378 ἕκαστον
3367 3327 3488 3380 τῶν
3515 3329 3671 3397 εἰρη-

2041 3415 2232 3483 μένων.
2264 3411 2468 3472 Ἃλλως
2495 3411 2550 3461 δὲ
2583 3409 2677 3461 καὶ
2706 3411 2767 3461 ού
2799 3411 2940 3462 κατὰ
2987 3412 3050 3464 τὸ
3089 3416 3281 3484 παρόν
3326 3417 3494 3468 ὲστιν
3525 3417 3668 3470 ἀνά-

2038 3513 2262 3564 γνωσμα
2286 3495 2509 3546 ’ἑκαστον
2545 3495 2746 3547 τούτων
2776 3497 3123 3551 ἀναπλῶσαι.
3176 3503 3298 3556 Καὶ
3340 3504 3533 3557 ταῦτα
3569 3502 3668 3558 οῦν

2038 3585 2280 3654 αὐτάρκη
2330 3585 2462 3652 πρὸς
2514 3585 2572 3636 τὸ
2627 3585 2752 3636 ἰδεῖν
2800 3586 2918 3648 πῶς
2979 3605 2998 3637 ι
3053 3590 3278 3654 ἐκεῖνος
3345 3593 3410 3645 δὲ
3470 3594 3669 3663 ἔλεγεν

2041 3676 2165 3745 περὶ
2194 3674 2286 3727 τοῦ
2315 3673 2443 3727 ναοῦ
2473 3673 2565 3726 τοῦ
2599 3673 2850 3744 σώματος
2877 3675 3070 3731 αὐτοῦ.
3117 3697 3137 3728 ι

2107 3764 2194 3818 26.
2228 3764 2403 3828 Ἀξιον
2429 3764 2484 3814 δὲ
2514 3763 2649 3833 μετὰ
2672 3764 2844 3816 ταῦτα
2876 3765 3004 3838 ἰδεῖν
3037 3770 3088 3820 εί
3134 3770 3380 3825 δυνατὸν
3413 3773 3483 3825 τὰ
3517 3774 3671 3826 ἱστο-

2043 3853 2273 3924 ρούμενα
2291 3853 2565 3920 γεγονέναι
2590 3854 2728 3906 κατὰ
2757 3854 2848 3905 τὸν
2877 3855 3004 3906 ναὸν
3033 3860 3474 3930 συμϐεϐηκέναι
3504 3863 3666 3927 ποτὲ,

2039 3943 2073 4012 ἢ
2109 3941 2474 4012 συμϐήσεσθαι
2504 3942 2630 4009 περὶ
2661 3942 2751 3994 τὸν
2784 3947 3166 4016 πνευματικὸν
3201 3945 3386 4002 οἷκον.
3421 3951 3585 4017 Δὸξει
3609 3952 3670 4006 δὲ

2040 4034 2068 4084 ὁ
2104 4031 2256 4098 λόγος
2284 4031 2480 4084 θλίϐειν
2519 4030 2890 4100 ἑκατέρωθενο
2928 4033 2984 4084 εἴ
3011 4051 3073 4086 τε
3113 4035 3232 4106 γὰρ
3266 4039 3521 4110 ἐροῦμεν
3552 4037 3671 4095 οἷόν

2040 4141 2098 4176 τε
2121 4122 2387 4191 γενέσθαι,
2411 4122 2445 4191 ἢ
2471 4120 2747 4188 γεγονέναι
2775 4121 2896 4174 τινὰ
2909 4122 3070 4190 λόγον
3086 4130 3210 4190 τοῖς
3232 4130 3386 4183 κατὰ
3413 4130 3520 4202 τὴν
3549 4132 3670 4202 (57)

2044 4213 2278 4282 ἱστορίαν
2306 4212 2433 4280 περὶ
2475 4211 2564 4261 τὸν
2610 4210 2759 4272 ναὸν,
2824 4211 3102 4276 δυσόκνως
3139 4219 3523 4286 μετάπτωσιν
3553 4221 3674 4276 τῶν

409 4315 461 4367 in
487 4314 646 4366 domo
675 4307 957 4378 spirituali,
1002 4316 1217 4374 gravate
1249 4303 1548 4364 admittent,
1586 4301 1674 4368 qui
1700 4301 1926 4363 audiunt

2107 4299 2368 4368 Atxoé‘row
2435 4297 2654 4364 ἀγαθῶν
2722 4300 3121 4369 παραδέξονται
3183 4309 3236 4359 οἱ
3312 4310 3668 4376 ἀκούοντες·

409 4400 591 4453 talium
613 4399 871 4451 bonorum
900 4391 1425 4455 transmutationem;
1450 4390 1676 4458 primum
1707 4390 1939 4458 quidem,

407 4492 530 4558 quia
561 4489 665 4542 illis
693 4488 769 4541 sic
796 4501 896 4538 non
925 4485 1135 4547 lubeat,
1163 4483 1352 4537 deinde
1380 4482 1519 4550 quod
1545 4481 1940 4544 dissentaneum

2047 4391 2253 4462 πρῶτον
2289 4390 2384 4459 μὲν
2415 4389 2502 4442 διὰ
2529 4389 2588 4440 τὸ
2619 4387 2692 4457 μὴ
2724 4387 3029 4456 βούλεσθαι,
3059 4392 3330 4465 δεύτερον
3370 4399 3434 4451 δὲ
3473 4401 3572 4455 διὰ
3608 4402 3676 4454 τὸ

2044 4480 2402 4550 άπεμφαίνειν
2425 4479 2629 4550 τροπὴν
2655 4478 2762 4532 τῶν
2787 4479 3008 4546 ἀγαθῶν
3037 4482 3286 4539 ἔσεσθαι.
3329 4489 3400 4541 Et
3431 4491 3518 4554 δὲ,
3553 4491 3679 4560 βου·

407 4580 478 4634 sit
503 4580 761 4632 bonorum
787 4579 1278 4630 transmutationetn
1307 4572 1536 4626 futuram
1561 4585 1698 4625 esse.
1735 4568 1826 4621 Sin
1862 4583 1926 4620 ve

559 4670 570 4680 .
752 4670 764 4680 ο
923 4678 930 4680 Α
977 4669 987 4680 ι
1013 4668 1063 4680 οι.
1169 4679 1174 4680 ,
1243 4677 1340 4680 ,_,,_
1405 4675 1511 4680 ---μ
1554 4657 1712 4680 -.Α---1
1749 4656 1914 4680 .-ηκιιιζ

2107 4587 2251 4680 μενοι
2281 4570 2521 4680 ἄτρεπτα
2552 4573 2739 4680 τηιρεῖν
2771 4570 2839 4623 τὰ
2873 4570 3023 4635 ἅπαξ
3049 4572 3282 4629 δοθέντα
3323 4582 3452 4643 τοῖς
3486 4582 3678 4649 ἁγίοις

410 4684 471 4722 ro
489 4670 724 4722 volentes
752 4668 1101 4722 immntabilia
1129 4677 1365 4725 servare,
1398 4675 1514 4730 qua:
1551 4657 1713 4713 semel
1748 4656 1926 4710 sancti:

2107 4659 2236 4722 αοὰ,
2279 4659 2378 4710 οὐκ
2423 4657 2805 4728 ἐφαρμόσομεν
2851 4659 2920 4713 τὰ
2955 4661 3060 4730 τῆς
3111 4665 3398 4736 ἱστορίας,
3431 4671 3678 4741 δόξομεν

409 4759 532 4814 data
553 4759 765 4814 fuerunt
792 4759 950 4823 bona,
977 4771 1079 4811 non
1103 4751 1622 4808 accommodabimus
1639 4763 1755 4816 quae
1781 4747 1946 4799 histo-

412 4852 491 4906 tia
544 4860 761 4914 narrat;
807 4849 1054 4916 quiddam
1107 4843 1369 4899 haereticis
1423 4839 1596 4895 simile
1645 4837 1941 4890 videbimur

482 4962 526 4992 ιη
545 4961 606 5014 ιιι
639 4960 871 5028 Roga“,
901 4958 992 5012 se.
1061 4955 1109 4987 ει
1139 4955 1200 5008 ιιι
1223 4953 1354 5022 Reg.
1379 4967 1472 5016 vn,
1505 4949 1592 5012 ιδ,
1619 4947 1704 5002 tt.
1779 4947 1824 4978 ιι
1843 4946 1926 5000 Col

2136 4951 2219 5005 15.
2296 4949 2424 5004 "Ill
2444 4951 2670 5022 Reg.vr,
2695 4957 2751 5012 4.
2823 4959 2866 4990 ⁸⁷
2894 4955 3059 5011 lCor.
3097 4972 3157 5022 tt,
3181 4959 3237 5014 7.

414 5030 460 5062 "
488 5029 638 5083 Joan.
685 5027 745 5088 tt,
773 5027 862 5080 21.

485 5146 596 5215 (55)
637 5145 847 5210 Regius,
872 5142 1149 5215 τυγχάνον.
1171 5138 1370 5193 Ibidem
1401 5135 1735 5196 Bodleianus,
1761 5131 1945 5184 Πάντα

419 5213 659 5286 μέντοιγε
690 5213 985 5286 χρυσᾶμτά,
1005 5222 1114 5286 εις.

647 5271 1160 5360 Ἀ’ξᾴταξινζξοιις
1193 5274 1529 5360 scribendum
1555 5271 1838 5360 διάκρὶσιν.

525 5339 622 5415 55')
700 5339 886 5415 Τύριοι
947 5347 1054 5415 γὰρ
1126 5344 1543 5415 έρμηινεύοιςται
1619 5339 1944 5415 συνέχοντες.

422 5406 552 5470 Ῡίἶιιι
606 5406 718 5468 not.
768 5406 1060 5484 supra'ad
1114 5406 1358 5480 O'rigcnis
1408 5409 1846 5461 Commentartum
1893 5406 1948 5454 in

431 5485 613 5537 llutth.
639 5501 724 5548 xv,
753 5484 839 5534 2L

493 5552 600 5618 (56)
641 5539 813 5605 Codex
841 5549 1052 5617 Regius,
1074 5544 1566 5614 ἀποκεκρυμμένης
1597 5539 1660 5612 ἧς
1692 5539 1946 5610 δεόμεθα,

2037 4749 2214 4856 ὅμοιόν
2241 4765 2292 4800 τι
2318 4749 2430 4854 τοῖς
2457 4747 2700 4856 ἁπὸητῶν
2721 4747 2831 4819 (58)
2853 4750 3124 4820 αίρέσεων
3149 4753 3209 4806 ὲν
3235 4756 3434 4829 τούτῳ
3461 4764 3675 4827 ποιεῖν,
3727 4809 3734 4814 .

2035 4838 2132 4908 τὴν
2183 4837 2494 4908 συμφωνίαν
2528 4837 2628 4908 τῆς
2669 4839 2978 4910 διηγήσεως
3020 4841 3149 4912 τῶν,
3176 4845 3439 4916 Γραφῶν
3487 4851 3676 4921 ἀρχῆ-

3325 4961 3379 4993 ⁸⁸
3409 4962 3552 5017 ibid.
3580 4963 3675 5018 16.

2051 5125 2240 5218 sutili;
2271 5144 2372 5218 non
2399 5143 2682 5213 comparet
2709 5136 2764 5192 in
2793 5135 3111 5218 Bodleiano.

2121 5201 2230 5278 (57)
2269 5201 2616 5280 Λόχονιτοξς
2649 5209 2817 5280 acati;
2857 5204 3122 5280 tﬁr,_elc.
3183 5204 3511 5280 $ic_cndex
3565 5207 3678 5261 Bo-

2053 5268 2318 5350 dleianns;
2345 5267 2543 5350 Regius
2573 5272 2742 5350 habet
2765 5267 3219 5350 Myovlttoigargtptl
3240 5275 3374 5343 τήν,
3397 5285 3544 5340 ctc.,
3570 5278 3673 5330 scd

2057 5341 2105 5387 in
2132 5347 2360 5411 utroque
2391 5341 2580 5411 codice
2613 5341 2845 5403 videtur
2868 5343 3065 5411 aliquid
3100 5341 3311 5396 tleesse.

2124 5404 2258 5488 (5:8).
2284 5404 2439 5488 ᾉπὸ,
2465 5406 2604 5464 τῶν.
2646 5412 2749 5475 Sic
2784 5404 2971 5476 codcx'
2997 5410 3361 5475 Bodlrianus;
3422 5411 3646 5482 Rt‘gius

2057 5453 2341 5534 ηιςιίο,’ὑπὸ
2373 5453 2562 5532 τῶνῗ,
2592 5453 2604 5464 .
2648 5453 2749 5475 ww
2784 5453 2949 5476 ww“
3346 5453 3361 5475 ’
3425 5453 3486 5463 ὐ
3512 5453 3667 5482 om."
