3880 6214
309 308 407 364 389

1390 321 1738 381 (IOMMENT.
1773 327 1837 381 IN
1875 325 2063 385 JOAN.
2100 306 2344 379 TOMUS
2381 316 2443 374 X.

3400 333 3506 394 590

307 428 399 476 υεν
421 422 572 494 μέχρι
591 420 771 485 τέλους
801 422 876 494 μὴ
894 422 1274 494 φυλάττοντες.
1305 435 1366 487 Ei
1391 437 1629 505 μέντοιγε
1654 437 1726 506 μὴ
1752 436 1841 506 μέλ

1969 437 2065 488 hac
2118 436 2166 487 in
2226 440 2285 482 re
2331 424 2524 497 facere.
2552 430 2906 490 enarrationis
2953 435 3350 503 Scripturarum
3373 457 3506 497 cou-

303 513 464 583 λομεν
486 512 739 583 γραωδῶς
759 512 854 565 καὶ
885 515 1189 584 Ἰουδαϊκῶς
1216 521 1317 586 τὰς
1350 525 1495 595 παρὰ
1527 528 1636 587 τοῖς
1657 528 1867 596 προφή-

299 619 440 666 ταις,
468 603 693 674 μάλιστα
710 603 767 656 δέ
796 602 876 673 τῷ
902 605 1100 676 Ἡσαΐᾳ
1127 607 1618 684 ἀναγεγραμμένας
1641 615 1867 682 ἐπαγγε-

1972 523 2267 578 sonantiam
2346 536 2448 576 non
2523 525 2855 580 servantibus
2920 540 2951 578 a
3012 528 3272 597 principlo
3339 546 3506 600 usque

1971 613 2036 665 ad
2105 612 2283 664 ﬁnem.
2345 607 2459 665 Nisi
2524 613 2736 667 aniliter
2799 622 3015 681 tamen,
3074 625 3232 684 atque
3299 615 3483 671 Judaao

301 693 428 755 λίας
454 696 612 751 νοεῖν.
643 693 718 755 ὡς
739 694 1000 764 ἐσομένας
1017 697 1127 767 (59)
1157 704 1284 771 περὶ
1312 702 1406 773 τὴν
1436 704 1526 756 ἐπὶ
1552 704 1654 772 γῆς
1675 704 1841 775 Ἰερου

1968 715 2085 754 rum
2161 713 2352 765 more,
2411 701 2791 768 promissioncs
2852 715 2945 756 eas
3002 717 3119 771 qua
3179 705 3317 774 apud
3382 721 3479 773 pro

297 782 501 852 σαλήμ,
533 783 747 853 ἀνάγκη
769 784 871 852 ἔτι,
898 788 945 838 εἰ
978 786 1114 855 μετά
1133 789 1231 858 τὴν
1259 793 1625 863 αἰχμαλωσίαν
1649 794 1740 847 καὶ

1968 790 2154 860 phetas
2203 799 2253 844 et
2314 791 2610 858 praasertitn
2679 790 2870 846 Isaiam
2903 793 3116 862 scriptae
3165 805 3309 861 sunt,
3343 795 3496 864 207

295 872 680 954 καταστροφὴν
728 871 822 926 τοῦ
848 875 974 928 ναοῦ
1006 876 1221 945 λέγεταί
1269 899 1384 935 τινα
1427 882 1608 947 ἔνδοξα
1665 886 1861 955 συμϐε-

293 960 491 1030 ϐῆσθαι
523 964 606 1025 εἰς
631 964 916 1034 οἰκοδομὴν
943 966 1038 1019 τοῦ
1064 969 1213 1032 ναοῦ,
1243 970 1336 1023 καὶ
1368 971 1461 1042 τὴν
1489 973 1861 1027 ἀποκατάστα-

295 1066 382 1103 σιν
415 1050 509 1103 τοῦ
543 1051 678 1105 λαοῦ
713 1054 820 1106 ἀπὸ
848 1056 946 1125 τῆς
978 1057 1371 1126 αἰχμαλωσίας,
1403 1060 1575 1128 λέγειν
1598 1064 1741 1132 ἡμᾶς
1769 1080 1859 1132 γε-

290 1140 507 1206 γονέναι
562 1141 658 1197 τὸν
703 1143 831 1195 ναὸν
858 1184 873 1206 ,
927 1146 1022 1197 καὶ
1078 1147 1519 1216 ῂχμαλωτεῦσθαι
1560 1150 1651 1203 τὸν
1686 1151 1808 1205 λαὸν
1837 1192 1852 1216 ,

288 1229 752 1284 ἐπανελεύσεσθαι
784 1232 840 1284 δὲ
875 1233 967 1285 ἐπὶ
989 1234 1089 1304 τὴν
1111 1237 1389 1303 Ἰουδαίαν,
1413 1241 1506 1291 καὶ
1533 1239 1631 1309 τὴν
1655 1241 1853 1312 Ἰερου-

291 1321 471 1391 σαλὴμ
502 1361 518 1384 ,
579 1324 678 1375 καὶ
727 1325 1237 1397 οἰκοδομηθήσεσθαι
1288 1332 1397 1392 τοῖς
1427 1330 1660 1399 ἐντίμοις
1689 1331 1853 1395 λίθοις

289 1408 386 1478 τὴν
426 1410 807 1482 Ἰερουσαλήμ.
865 1415 978 1467 Οὐκ
1035 1413 1150 1469 οἰδα
1201 1418 1255 1470 δὲ
1302 1421 1349 1471 εἰ
1385 1424 1618 1490 μακραῖς
1649 1423 1850 1493 χρόνων

288 1498 558 1567 περιόδοις
604 1501 1100 1572 ἀνακυκλουμέναις
1167 1506 1233 1558 τὰ
1290 1509 1638 1579 παραπλήσια
1693 1511 1848 1564 πάλιν

282 1585 508 1640 δυνατὸν
552 1590 832 1656 γενέσθαι,
876 1592 951 1655 ὡς
988 1593 1078 1646 ἐπί
1123 1594 1182 1647 τὸ
1238 1599 1433 1665 χεῖρον.
1472 1599 1619 1668 Ἔχει
1669 1601 1725 1653 δὲ
1778 1602 1848 1654 τά

1967 888 2217 946 tanquam
2275 888 2558 933 eventuras
2611 886 2837 933 terrena;
2905 880 3238 947 Jerusalem,
3295 884 3501 938 intelle-

1961 968 2099 1022 cturi
2126 982 2331 1033 sumus,
2359 966 2494 1038 [(60)
2528 967 2573 1022 si
2605 976 2724 1035 post
2749 970 3113 1037 captivitatem
3138 972 3499 1027 eversionem-

1961 1071 2064 1124 que
2117 1056 2298 1125 tt-mpli
2348 1056 2599 1111 nonnulla
2648 1057 2899 1125 praclara
2955 1061 3197 1114 evenisse
3249 1060 3315 1115 ad
3363 1070 3499 1116 tem-

1958 1144 2029 1211 pli
2080 1144 2490 1199 aediﬁcationem
2542 1145 2827 1213 pepulique
2853 1155 3047 1200 statum
3076 1157 3130 1201 et
3162 1150 3498 1203 constitutio-

1959 1248 2076 1286 nem
2134 1247 2163 1286 a
2213 1234 2526 1301 captivitate
2574 1233 2867 1297 dicantur,
2922 1234 3122 1307 dicere]
3175 1251 3271 1290 nos
3330 1237 3494 1294 fuisse

1955 1321 2206 1390 templum
2260 1336 2481 1377 necesse
2528 1331 2634 1385 est,
2684 1331 2738 1375 et
2768 1324 3091 1391 captivatum
3141 1323 3306 1380 fuisse
3327 1340 3492 1394 popae
3541 1376 3549 1385 ,

1954 1410 2081 1474 lum,
2109 1411 2201 1465 sed
2234 1412 2528 1465 rediturum
2557 1412 2623 1465 ad
2643 1411 2875 1466 Judaeum
2905 1420 2960 1466 et
2985 1410 3304 1479 Jerusalem,
3332 1424 3493 1484 atque

1955 1498 2213 1567 lapidibus
2239 1501 2484 1569 pretiosis
2533 1500 2830 1557 Jerusalem
2880 1504 3049 1573 ipsam
3101 1505 3489 1561 aedificandam.

1950 1588 2100 1643 Hand
2131 1591 2241 1644 scio
2272 1599 2448 1645 autem
2480 1608 2549 1645 an
2586 1602 2884 1662 temporum
2911 1593 3144 1661 periodis
3173 1595 3344 1663 longis
3398 1610 3486 1650 re-

285 1672 392 1725 τῶν
425 1676 774 1742 ἐπαγγελιῶν
832 1678 889 1729 ἐν
939 1677 1017 1747 τῷ
1070 1680 1264 1752 Ἡσαΐᾳ
1301 1681 1499 1745 οὕτως·
1542 1703 1560 1734 ι
1584 1685 1710 1739 Ἰδοὺ
1738 1686 1841 1754 ἐγὼ

1949 1679 2140 1734 volutis
2184 1680 2384 1735 similia
2416 1681 2530 1736 ﬁeri
2559 1683 2785 1751 possint,
2816 1683 2984 1738 veluti
3033 1685 3085 1738 in
3138 1685 3314 1755 pejus.
3374 1685 3483 1741 Ha-

284 1766 556 1834 ἐτοιμάζω
588 1783 672 1818 σοι
698 1765 945 1837 ἄνθρακα
977 1768 1068 1821 τὸν
1093 1768 1235 1822 λίθον
1268 1788 1379 1834 σου,
1429 1774 1520 1826 καὶ
1567 1773 1635 1826 τὰ
1688 1774 1841 1845 θεμέ-

1948 1766 2072 1821 bent
2107 1777 2281 1823 autem
2315 1771 2698 1838 promissiones
2727 1772 2865 1840 apud
2891 1770 3080 1827 Isaiam
3111 1773 3252 1829 hunc
3280 1775 3331 1828 in
3365 1790 3482 1829 mo-

284 1854 373 1906 λιά
416 1870 510 1906 σου
578 1855 881 1925 σάπφειρον
902 1872 916 1886 ⁸
957 1856 1049 1909 καὶ
1104 1857 1249 1927 θήσω
1303 1859 1401 1922 τὰς
1454 1861 1700 1925 ἐπάλξεις
1754 1879 1845 1916 σου

286 1943 498 2007 ἴασπιν,
543 1946 642 1996 καὶ
674 1944 773 2006 τὰς
808 1944 982 2007 πύλας
1016 1962 1109 1998 σου
1149 1946 1325 2011 λίθους
1365 1950 1709 2016 κρυστάλλου,
1754 1953 1846 2005 καὶ

283 2033 372 2085 τὸν
403 2034 691 2104 περίὼλόν
727 2051 821 2086 σου
846 2035 1024 2097 λίθους
1052 2035 1352 2102 ἐκλεκτοὺς,
1380 2042 1473 2092 καὶ
1497 2041 1698 2103 πάντας
1723 2043 1846 2103 τοὺς

285 2121 427 2182 υἰούς
456 2138 547 2173 σου
580 2121 866 2184 διδακτοὺς
898 2122 1032 2174 Θεοῦ
1054 2139 1068 2154 ’
1101 2124 1192 2177 καὶ
1241 2126 1298 2176 ἐν
1352 2125 1514 2195 πολλῇ
1563 2127 1749 2196 εἰρήνῃ
1778 2127 1846 2179 τά

283 2210 452 2264 τέκνα
490 2227 623 2274 σου,
664 2212 760 2264 καὶ
791 2213 850 2263 ἐν
890 2211 1199 2284 δικαιοσύνῃ
1232 2214 1639 2285 οἰκοδομηθήσῃ.
1680 2235 1697 2265 ι
1735 2215 1845 2267 Καὶ

286 2301 400 2369 μετ’
427 2301 585 2367 ὀλίγα
633 2301 772 2371 πρὸς
817 2300 914 2369 τὴν
959 2301 1125 2369 αὐτὴν
1171 2302 1537 2372 Ἰερουσαλήμο
1603 2321 1621 2353 ι
1654 2304 1759 2356 Καὶ
1809 2305 1842 2373 ἠ

280 2388 402 2451 δόξα
429 2389 521 2441 τοῦ
552 2389 788 2441 Λιϐάνου
841 2389 975 2458 πρὸς
1010 2390 1069 2441 σὲ
1109 2389 1224 2459 ἥξει
1275 2391 1331 2441 ἐν
1377 2392 1713 2462 κυπαρίσσῳ,
1745 2396 1838 2446 καὶ

283 2478 477 2547 πεύκῃ,
516 2477 613 2529 καὶ
674 2477 856 2548 κέδρῳ
906 2478 1018 2548 ἅμα
1065 2477 1342 2542 δοξάσουσι
1379 2480 1469 2532 τὸν
1502 2480 1660 2532 τόπον
1690 2481 1842 2548 ἅγιόν

283 2582 405 2635 μου.
438 2566 549 2618 Kal.
581 2566 939 2636 πορεύσονται
967 2567 1102 2635 πρὸς
1127 2567 1186 2618 σὲ
1211 2567 1499 2629 δεδοικότες
1527 2569 1629 2619 υἰοὶ
1656 2585 1841 2621 ταπειο

277 2655 564 2709 νωσάντων
592 2657 688 2708 καὶ
731 2655 1145 2724 παροξυνάντων
1169 2672 1226 2706 σε
1252 2672 1263 2686 ·
1296 2656 1386 2708 καί⁵
1423 2655 1660 2728 κληθήσῃ
1693 2657 1840 2720 πόλις

278 2743 479 2813 Κυρίου
536 2743 677 2797 Σιὼν
716 2745 872 2811 ἁγίου
919 2744 1132 2814 Ἰσραὴλ
1155 2783 1169 2807 ,
1201 2743 1286 2795 διὰ
1319 2743 1378 2796 τὸ
1411 2744 1728 2814 γεγενῆσθαί
1772 2762 1830 2797 σε

277 2830 869 2899 ἑγκαταλελειμμένην,
905 2831 998 2881 καὶ
1030 2831 1422 2900 μεμισημένην,
1456 2832 1548 2883 καὶ
1574 2833 1671 2883 οὐκ
1700 2828 1766 2902 ἦν
1807 2833 1837 2886 6

276 2917 503 2989 βοηθῶν.
556 2920 668 2973 Καὶ
705 2919 855 2988 θήσω
896 2937 956 2971 σε
1013 2919 1318 2988 ἀγαλλίαμα
1364 2919 1606 2984 αἰώνιον,
1643 2921 1835 2992 εὐφρο-

274 3009 436 3078 σύνην
488 3008 696 3077 γενεῶν
745 3010 990 3075 γενεαῖς·
1023 3008 1117 3059 καὶ
1149 3007 1399 3077 θηλάσεις
1442 3009 1580 3076 γάλα
1624 3009 1788 3064 ἐθνῶν
1818 3049 1833 3072 ,
1859 3047 1905 3106 c

272 3098 362 3151 καὶ
391 3095 629 3150 πλοῦτον
658 3097 920 3166 βασιλέων
949 3096 1200 3165 φάγεσαι,
1236 3098 1327 3149 καὶ
1369 3098 1547 3169 γνώσῃ
1569 3139 1582 3162 ,
1615 3100 1695 3151 ὅτι
1726 3098 1834 3166 ἐγὼ

269 3187 472 3257 Κύριος
521 3188 553 3239 6
609 3185 797 3249 σώζων
852 3203 911 3237 σε
936 3224 952 3249 ,
1022 3186 1113 3237 καὶ
1176 3183 1548 3255 ἐξαιρούμενός
1599 3202 1657 3237 σε
1706 3186 1833 3250 Θεὸς

280 3277 513 3348 Ἰσραήλ.
554 3276 667 3329 Καὶ
699 3277 819 3327 ἀντὶ
863 3273 1062 3343 χαλκοῦ
1089 3272 1218 3326 οἴσω
1247 3290 1327 3326 σοι
1359 3274 1596 3343 χρυσίον,
1626 3274 1746 3326 ἀντὶ
1777 3275 1833 3326 δὲ

268 3366 486 3436 σιδήρου
536 3365 674 3417 οίσω
701 3380 781 3415 σοι
810 3363 1096 3434 ἀργύριον·
1138 3363 1261 3414 ἀντὶ
1302 3361 1359 3413 δὲ
1400 3361 1567 3424 ξύλων
1595 3363 1721 3414 οἴσω
1751 3379 1831 3415 σοι

265 3455 487 3525 χαλκὸν,
523 3455 650 3507 ἀντὶ
695 3454 752 3505 δὲ
789 3452 950 3505 λίθων
991 3451 1235 3521 σίδηρον⁶
1270 3451 1364 3502 καὶ
1395 3448 1547 3501 δώσω
1583 3451 1707 3512 τοὺς
1737 3451 1831 3520 ἄρ·-

261 3545 451 3613 χοντάς
481 3561 580 3598 σου
602 3544 661 3595 ἐν
695 3542 905 3611 εἰρήνῃ,
960 3540 1051 3593 καὶ
1106 3539 1231 3601 τοὺς
1278 3539 1601 3601 ἐπισκόπους
1651 3556 1740 3591 σου
1772 3540 1829 3592 ἐν

261 3632 580 3701 δικαιοσύνῃ
603 3647 619 3661 ο
655 3630 749 3683 καὶ
787 3631 888 3682 οὐκ
917 3627 1308 3697 ἀκουσθήσεται
1345 3627 1421 3679 ἔτι
1459 3627 1635 3680 ἀδικία
1668 3629 1724 3679 ἐν
1760 3630 1824 3697 τῇ

260 3723 328 3789 γῇ
352 3736 475 3781 σου,
492 3719 616 3771 οὐδὲ
649 3717 959 3786 σύντριμμα
980 3716 1074 3768 καὶ
1097 3714 1433 3783 ταλαιπωρία
1461 3716 1638 3777 ἐντοῖς
1663 3714 1826 3782 ὁρίοις

263 3825 359 3861 σου
387 3826 400 3838 ·
455 3807 600 3860 άλλά
649 3806 977 3875 κληθήσεται
1029 3805 1287 3874 σωτήριον
1352 3802 1419 3854 τὰ
1478 3802 1624 3871 τείχη
1697 3819 1821 3863 σου,

256 3899 351 3951 καὶ
389 3901 449 3951 αἱ
486 3898 663 3951 πύλαι
711 3913 803 3948 σου
835 3896 1081 3964 γλύμμα.
1120 3894 1225 3946 Καὶ
1269 3893 1366 3944 οὐκ
1397 3891 1543 3943 ἔσται
1576 3907 1654 3943 σοι
1686 3891 1764 3943 ἔτι
1796 3893 1825 3944 6

1945 1856 2067 1908 dum
2102 1856 2187 1909 "z
2225 1875 2243 1907 ι
2280 1857 2355 1912 Εη
2388 1872 2489 1927 ego
2535 1874 2773 1928 praepara
2799 1859 2895 1915 tibi
2926 1862 3302 1918 carbunculum
3349 1865 3482 1933 lapi-

1945 1944 2060 1997 dem
2091 1955 2259 2011 tuum,
2281 1956 2333 2000 et
2357 1947 2695 2003 fundamenta
2729 1961 2815 2003 tua
2846 1950 3190 2019 sapphirum:
3212 1965 3265 2007 et
3288 1968 3478 2021 ponam

1943 2037 2335 2103 propugnacula
2383 2048 2470 2090 tua
2514 2038 2734 2106 jaspin,
2783 2046 2837 2092 et
2878 2050 3061 2107 portas
3116 2049 3235 2095 tuas
3277 2040 3480 2109 lapides

1942 2119 2204 2191 crystalli,
2236 2130 2290 2174 et
2318 2120 2542 2176 loricam
2572 2137 2846 2176 murorum
2893 2134 3103 2178 tuorum
3145 2126 3348 2192 lapides
3370 2128 3478 2182 ele-

1942 2217 2075 2273 ctos,
2106 2219 2158 2264 et
2183 2224 2371 2265 omnes
2418 2212 2553 2266 lilios
2581 2222 2697 2266 tttos
2724 2229 2751 2266 a
2795 2213 2899 2267 Deo
2931 2214 3117 2269 doctos
3145 2233 3159 2268 :
3187 2224 3241 2268 et
3267 2215 3318 2269 in
3343 2231 3477 2280 pace

1944 2297 2108 2350 multa
2137 2298 2228 2351 lilii
2257 2299 2352 2363 tui,
2382 2308 2437 2352 et
2468 2301 2519 2352 in
2547 2300 2749 2367 justitia
2780 2301 3150 2356 :ediiicaberis.
3182 2320 3201 2353 ι
3230 2302 3295 2355 Et
3318 2303 3477 2372 paulo

1940 2393 2059 2451 po.~t
2089 2385 2153 2437 ad
2205 2385 2370 2454 ipsam
2393 2386 2684 2441 Jerusalem
2711 2388 2754 2420 "
2794 2404 2810 2443 :
2845 2406 2864 2438 σ
2896 2389 2963 2442 Et
2989 2389 3159 2459 gloria
3185 2389 3373 2445 Libani
3408 2392 3475 2446 ad

1940 2482 1992 2529 te
2036 2476 2210 2529 veniet
2252 2477 2305 2531 in
2355 2478 2650 2547 eyparisso,
2681 2487 2735 2533 et
2766 2480 2908 2547 pino,
2943 2489 2997 2535 et
3028 2482 3191 2537 cedro
3216 2496 3318 2535 una
3348 2498 3471 2538 cum

1938 2563 2362 2632 gloriﬁcantibus
2388 2565 2562 2619 locum
2606 2577 2852 2623 sanctum
2902 2584 3098 2624 meum.
3136 2570 3199 2624 Et
3224 2571 3378 2625 ibunt
3403 2572 3472 2627 ad

1940 2663 1993 2707 te
2039 2652 2396 2710 timenteslilii
2418 2669 2627 2720 eorum,
2657 2656 2746 2724 qui
2781 2667 2830 2711 te
2863 2657 3295 2723 lmmiliaverunt,
3322 2668 3377 2715 et
3396 2662 3471 2716 ἰτε-

1938 2742 2232 2796 ritavernnt
2281 2753 2457 2797 te:et
2511 2746 2791 2800 vocaberis
2841 2747 3031 2801 civitas
3076 2747 3287 2803 Domini
3337 2748 3469 2806 Sion

1936 2834 2107 2885 sancti
2144 2831 2394 2897 Israelis,
2441 2848 2537 2902 pro
2586 2847 2650 2887 eo
2682 2835 2826 2902 quod
2872 2834 3043 2889 fueris
3089 2836 3367 2901 derelicta,
3416 2846 3471 2892 ct

1937 2920 2057 2973 odio
2112 2921 2314 2985 habita,
2365 2936 2462 2974 nec
2496 2929 2677 2986 esset,
2730 2922 2819 2990 qui
2875 2923 2966 2977 tibi
3002 2938 3154 2992 opem
3188 2922 3374 2979 ferret.
3402 2926 3470 2980 Et

1936 3022 2125 3075 ponam
2155 3017 2206 3061 te
2231 3010 2636 3063 exsultationem
2657 3012 3061 3078 sempiternam,
3077 3012 3463 3078 iucunditatem

1933 3097 2330 3165 generationum
2378 3097 2943 3165 generationibuszet
2992 3114 3152 3166 sugcs
3200 3099 3281 3154 lac
3331 3115 3464 3170 gen-

1932 3181 2084 3242 tium,
2114 3190 2167 3233 et
2199 3197 2379 3251 regum
2404 3182 2616 3236 divitias
2641 3182 2908 3245 comedes,
2932 3193 2985 3238 et
3014 3199 3304 3254 cognosces
3324 3189 3465 3255 quod

1930 3280 2029 3335 ego
2059 3266 2316 3322 Dominus
2357 3283 2581 3323 servans
2611 3279 2687 3334 te,
2719 3280 2772 3324 et
2800 3285 2994 3326 eruens
3036 3282 3086 3327 te
3111 3275 3248 3328 Deus
3277 3273 3460 3333 Israel.

1934 3356 1998 3408 Et
2026 3372 2122 3424 pro
2149 3373 2255 3411 mre
2279 3357 2499 3411 aderam
2530 3360 2623 3413 tibi
2660 3374 2869 3426 aurum,
2909 3371 2962 3414 et
2992 3376 3088 3431 pro
3123 3363 3266 3418 ferro
3297 3366 3464 3419 addu-

1929 3459 2043 3497 cam
2074 3446 2165 3497 tibi
2198 3456 2476 3515 argentum
2509 3466 2524 3505 :
2554 3464 2651 3517 pro
2689 3449 2845 3518 lignis
2889 3461 3065 3504 autem
3113 3451 3332 3506 aﬂ‘eram
3364 3455 3460 3510 tibi

1927 3548 2017 3596 ars,
2051 3544 2104 3587 et
2150 3549 2248 3602 pro
2300 3536 2562 3604 lapidibus
2612 3538 2811 3593 ferrum
2844 3558 2856 3594 :
2890 3549 2946 3593 et
2997 3539 3136 3595 dabo
3189 3543 3456 3611 principes

1929 3629 2044 3675 tuos
2070 3621 2123 3674 in
2154 3637 2305 3689 pace,
2351 3634 2404 3676 et
2432 3626 2710 3694 episcopos
2740 3635 2861 3682 tuos
2906 3628 2956 3681 in
2988 3628 3235 3696 iustitia:
3267 3639 3322 3685 et
3347 3632 3452 3685 ini-

1925 3712 2098 3778 quitas
2128 3726 2229 3763 non
2259 3712 2503 3766 audietur
2533 3714 2669 3768 ttltra
2701 3716 2752 3768 in
2783 3725 2924 3770 terra
2958 3726 3043 3770 tua
3064 3756 3081 3782 ,
3113 3733 3284 3786 neque
3321 3733 3456 3774 con-

1926 3798 2088 3862 tritio,
2117 3810 2170 3853 et
2205 3801 2420 3853 miseria
2456 3800 2506 3855 in
2539 3803 2784 3856 terminis
2812 3804 2914 3858 tuis
2943 3820 2958 3859 :
2991 3805 3085 3859 sed
3120 3808 3457 3860 vocabuntur

1920 3888 2153 3943 salutare
2201 3889 2342 3943 muri
2381 3890 2494 3953 tui,
2528 3898 2581 3945 et
2612 3901 2781 3960 porta:
2831 3904 2933 3948 tua
2962 3893 3254 3962 sculptura.
3281 3894 3346 3949 Et
3374 3894 3456 3951 sol

1920 3990 2023 4030 non
2051 3978 2155 4031 erit
2190 3977 2279 4031 tibi
2324 3978 2459 4032 ultra
2487 3979 2539 4032 in
2569 3980 2736 4033 lucem
2766 3981 2894 4045 diei,
2940 3996 3113 4051 neque
3139 3991 3285 4036 ortus
3317 3976 3455 4036 lunia

253 3987 403 4055 ἣλιος
437 3989 521 4049 εἰς
553 3985 677 4055 φῶς
702 3985 934 4055 ἡμέρας,
963 3983 1082 4035 οὐδὲ
1114 3981 1341 4052 ἀνατολὴ
1372 3981 1593 4050 σελήνης
1639 3982 1825 4048 φωτιεῖ

252 4091 331 4127 σοι
364 4076 466 4146 τὴν
512 4075 692 4127 νύκτα
711 4090 725 4103 ⁸
757 4072 869 4124 ἀλλ’
908 4072 1057 4123 ἔσται
1088 4087 1169 4123 σοι
1194 4069 1422 4139 Χριστὸς
1448 4068 1558 4136 φῶς
1588 4067 1817 4129 αἰώνιον,

1942 4083 2096 4121 nmen
2143 4067 2397 4135 praebebit
2442 4068 2537 4122 tibi
2572 4078 2732 4123 noctu
2763 4072 2894 4125 :sed
2925 4072 3029 4126 erit
3062 4072 3156 4126 tibi
3205 4071 3450 4126 Christus

251 4165 344 4216 καὶ
375 4167 405 4217 6
441 4164 591 4225 Θεὸς
615 4161 745 4228 δόξα
780 4177 860 4213 σοι
878 4177 892 4190 ”
917 4161 978 4213 οὐ
1003 4160 1109 4229 γὰρ
1132 4158 1343 4210 δύσεταί
1373 4174 1453 4210 σοι
1478 4159 1507 4209 6
1532 4157 1698 4226 ἣλιος,
1726 4158 1820 4209 καὶ

1942 4171 2005 4209 nx
2039 4156 2383 4224 sempiterna,
2419 4165 2473 4210 et
2518 4156 2655 4211 Deus
2679 4157 2848 4228 gloria
2887 4167 2975 4213 tua
3009 4173 3157 4215 :non
3180 4158 3322 4211 enim
3353 4171 3437 4210 oc-

245 4257 277 4323 ή
314 4255 521 4325 σελήνη
563 4271 654 4305 σοι
694 4252 795 4305 οὐκ
825 4250 1091 4318 ἐκλείψειο
1143 4248 1290 4301 ἔσται
1344 4247 1451 4317 γὰρ
1490 4246 1688 4317 Κύριός
1737 4262 1817 4298 σοι

1942 4242 2058 4297 :idet
2086 4243 2182 4296 tibi
2231 4241 2310 4296 sol
2335 4281 2351 4307 ,
2379 4252 2433 4297 et
2479 4243 2601 4298 luna
2639 4253 2729 4300 tua
2759 4261 2864 4300 non
2898 4246 3114 4301 deﬁciet
3141 4263 3155 4299 :
3181 4245 3284 4300 erit
3307 4246 3447 4299 enim

245 4341 364 4408 φῶς
414 4341 657 4395 αἰώνιον
684 4377 700 4403 ,
748 4340 841 4392 καλ⁵
901 4337 1341 4407 πληρωθήσονται
1382 4336 1437 4388 αἱ
1486 4335 1687 4405 ἡμέραι
1726 4335 1817 4388 τοῦ

1942 4330 2174 4384 )ontinus
2205 4330 2298 4384 tibi
2333 4330 2420 4383 lux
2444 4333 2790 4398 sempiterna,
2830 4341 2883 4387 et
2906 4332 3312 4400 complebantur
3335 4331 3450 4385 dies

243 4430 481 4493 πένθους
512 4447 676 4483 σου.»
704 4426 884 4481 Ταῦτα
910 4426 1019 4497 γὰρ
1052 4424 1231 4492 σαφῶς
1264 4424 1391 4494 περὶ
1419 4422 1512 4476 τοῦ
1547 4423 1821 4493 μέλλοντος

1942 4428 2090 4473 uetus
2119 4420 2214 4472 tui.
2270 4437 2291 4470 ι
2324 4418 2450 4474 Haec
2493 4421 2633 4475 enim
2684 4430 2869 4492 aperte
2910 4422 2975 4475 de
3017 4420 3195 4476 futuro
3252 4420 3451 4476 saeculo

239 4517 444 4581 αἰῶνος
474 4516 890 4588 προφητεύεται
920 4517 1032 4577 τοῖς
1058 4516 1115 4566 ἐν
1155 4512 1489 4582 αἰχμαλωσίᾳ
1518 4507 1662 4564 οὖσιν
1690 4512 1821 4573 υίοίς

1942 4506 2199 4572 trophetat
2226 4504 2352 4560 ﬁliis
2389 4506 2551 4560 Israel
2586 4507 2637 4560 in
2673 4507 2983 4577 captivitate
3011 4508 3354 4578 degentibus,
3378 4508 3447 4561 ad

251 4605 506 4676 Ἰσραὴλ,
547 4607 643 4672 ἐφ’
674 4602 769 4667 οὓς
810 4600 970 4673 ἦλθεν
1012 4599 1123 4671 (61)
1171 4599 1488 4660 ἀποσταλεὶς
1529 4599 1557 4649 6
1610 4597 1776 4666 λέγων
1800 4615 1814 4629 ·

1942 4605 2048 4659 [nos
2076 4592 2272 4645 missus
2300 4593 2451 4646 venit
2493 4592 2583 4646 ille
2635 4595 2726 4662 qui
2776 4595 2984 4649 dicebat
3011 4596 3102 4649 “:
3145 4612 3164 4646 ι
3202 4595 3311 4664 Ego
3342 4608 3447 4650 non

244 4711 266 4744 ι
302 4694 421 4747 οὐκ
450 4692 782 4761 ἀπεστάλην
813 4693 861 4743 εἰ
897 4690 971 4760 μὴ
1021 4690 1102 4750 είς
1142 4686 1213 4740 τὰ
1259 4685 1501 4756 πρόϐατα
1524 4686 1591 4738 τὰ
1614 4686 1818 4738 ἀπολω-

1945 4696 2031 4733 um
2066 4680 2281 4744 missus,
2326 4681 2428 4735 nisi
2459 4682 2524 4735 ad
2558 4696 2688 4737 oves
2718 4683 2957 4752 perditas
2986 4684 3175 4737 domus
3204 4682 3385 4737 lsrael.
3419 4699 3440 4735 ι

236 4781 369 4836 λύτα
393 4781 559 4835 οἴκου
606 4775 847 4848 Ἰσραήλ.
881 4795 900 4827 ι
931 4774 1077 4828 Εἰδέ
1113 4770 1439 4841 αἰχμάλωτοι
1471 4771 1618 4833 ὄντες
1649 4770 1819 4823 ταῦτα

1942 4769 2068 4834 Quod
2097 4769 2140 4824 si
2174 4770 2369 4837 captivi
2398 4772 2720 4825 exsistentes
2761 4772 2874 4825 haec
2906 4771 2957 4825 in
2981 4770 3155 4840 patria
3181 4785 3273 4824 sua
3310 4770 3446 4823 reci-

238 4870 298 4920 ἐν
347 4871 416 4938 τῇ
464 4862 699 4935 πατρίδι
744 4861 921 4915 αὐτῶν
953 4857 1338 4926 ἀπολήψονται,
1385 4856 1470 4908 ὅτε
1499 4857 1591 4908 καὶ
1621 4857 1823 4926 προσή-

1942 4857 2084 4921 tient,
2111 4858 2324 4926 quando
2357 4859 2517 4912 etiam
2543 4858 2798 4927 proselyti
2826 4858 2891 4909 ad
2926 4857 3068 4924 ipsos
3093 4854 3312 4909 venient
3345 4867 3446 4920 per

239 4920 900 5026 lutatuacpoaeledaowat
945 4949 1133 5007 αὐτοῖς
1185 4945 1273 4997 διὰ
1315 4944 1405 4996 τοῦ
1436 4944 1696 5014 Χριστοῦ,
1727 4947 1819 4998 καὶ

1942 4920 2209 5008 Ξιιιιίειιιιῐι,
2261 4954 2315 4998 et
2340 4945 2405 4998 ad
2438 4920 2583 5013 ipsos
2613 4920 2776 5012 20b
2817 4920 3110 5008 dimi-sient,
3154 4938 3444 4994 secundum

246 5044 327 5096 ἐπ’
370 5045 581 5105 αὐτοὺς
606 5038 1036 5108 καταφεύξονται
1068 5031 1211 5087 κατὰ
1238 5031 1296 5083 τὸ
1325 5032 1622 5102 λεγόμενον
1651 5052 1669 5084 ι
1692 5032 1815 5085 Ἰδοὺ

1942 5032 2056 5099 ιυοᾶ
2086 5033 2280 5086 dicitur
2306 5032 2353 5064 ”
2380 5050 2395 5086 ε
2428 5051 2447 5082 ι
2483 5032 2619 5085 Ecce
2645 5028 2897 5101 proselyti
2925 5028 2993 5081 ad
3026 5037 3079 5082 te
3103 5026 3320 5081 venient
3348 5039 3445 5093 per

247 5132 581 5203 προσήλυτοι
611 5121 1071 5199 προσελεύσονταί
1101 5136 1183 5172 σοι
1208 5118 1271 5171 δι’
1307 5118 1465 5188 ἐμοῦ,
1510 5120 1602 5173 καὶ⁴
1638 5120 1729 5172 ἐπὶ
1756 5120 1815 5172 σὲ

1942 5132 2041 5182 ne,
2072 5126 2127 5171 et
2172 5118 2238 5171 ad
2289 5126 2339 5171 te
2389 5117 2660 5187 diﬂ‘ngient
2685 5154 2701 5179 ,
2741 5133 2760 5165 ι
2812 5113 3153 5203 perspicuum
3187 5113 3442 5203 estquod

256 5200 709 5288 satacpedgowat,
729 5234 747 5266 ι
773 5214 933 5282 δῆλον
950 5249 965 5272 ,
1001 5210 1086 5261 ὅτι
1120 5207 1243 5275 περὶ
1267 5206 1355 5258 τὸν
1380 5207 1504 5260 ναὸν
1525 5209 1813 5277 τυγχάνον-

1942 5208 2106 5276 aptivi
2140 5208 2232 5275 qui
2281 5206 2335 5260 in
2388 5205 2584 5274 templo
2621 5204 2770 5256 fuere
2816 5200 3129 5266 aliquando,
3170 5201 3332 5255 etiam
3377 5201 3444 5288 ad

253 5305 334 5368 τές
390 5286 524 5360 ποτε
584 5307 638 5358 οἰ
695 5295 1257 5373 αἰχμαλωτευθέντες,
1303 5296 1396 5348 καὶ
1433 5297 1593 5352 πάλιν
1639 5298 1812 5348 ἐκεῖσε

1942 5297 2046 5352 llud
2080 5310 2266 5351 rursus
2315 5295 2560 5348 redibunt
2616 5288 3015 5350 reredilicandi,
3069 5286 3446 5357 pretiosissimi

325 5399 488 5451 "lsa.
525 5411 643 5454 uv.
679 5396 735 5447 il
769 5404 892 5457 seq.
986 5387 1029 5419 ⁹¹
1056 5385 1152 5439 isa.
1186 5398 1265 5447 ωε,
1295 5386 1364 5438 15
1402 5402 1521 5456 seq.
1613 5386 1659 5418 ⁹¹
1689 5385 1878 5442 Matth.
1908 5386 2112 5452 “.24.
2185 5385 2230 5417 ”
2252 5382 2356 5439 Isa.
2389 5398 2494 5445 Liv,
2531 5383 2616 5436 15.

262 5476 962 5621 ρεὲῗῬτηξῗέἕέαμὲξραῗίῩ
990 5471 1150 5527 ⁶⁰¹¹⁰⁸
1183 5470 1542 5541 ⁸⁰¹¹¹⁰ίί¹η¹¹⁵³
1583 5472 1801 5543 mm”
1978 5474 2090 5614 ξιξῗῖ
2127 5471 2747 5601 θῗνῗοὲἱῑίνὸέἒέἱὶὲὶῗιᾷῖτ
3103 5529 3413 5587 Bodleiano.
