3828 6226
441 294 535 351 591

3563 246 3668 298 5.02

1885 280 1972 334 OB
1983 281 2040 332 lC
2049 280 2200 336 ENIS

441 409 643 476 lapides
671 402 814 456 facti.
849 400 976 454 Nam
1016 399 1232 452 vincens
1275 397 1536 465 quispiam
1579 397 1945 464 iuApncalyps

2073 393 2509 448 ἐπανελεύσονται
2534 395 3176 466 ἀνοικοδομηθησόμενοι,
3207 393 3546 463 τιμιώτατοι
3565 400 3629 460 γε

439 497 576 566 apud
599 493 854 549 Joannem
878 493 945 554 ’⁵,
979 489 1384 556 promissionem
1437 489 1596 541 habet
1639 497 1695 540 ut
1737 488 1804 540 sit
1833 487 1969 540 colu-

438 599 561 638 mna
602 583 651 635 in
687 581 778 632 Dei
829 578 1044 646 templo,
1079 586 1231 631 extra
1264 592 1367 630 non
1420 578 1676 630 exiturus.
1708 576 1966 630 Caaterum

435 673 548 725 haec
573 670 748 722 omnia
771 684 798 720 a
833 682 916 720 me
943 668 1081 720 dicta
1120 673 1264 730 sunt,
1294 677 1371 731 ut.
1405 667 1619 720 brevem
1670 665 1853 720 saltem
1883 665 1967 718 in-

435 760 783 826 telligentiam
835 758 1125 810 habeamus
1177 772 1352 811 rerum
1406 757 1623 824 templi,
1677 766 1734 810 et
1778 757 1968 808 domus

433 850 546 911 Dei,
579 859 634 900 et
669 845 956 908 Ecclesize,
987 855 1041 898 et
1068 843 1390 907 Jerusalem,
1415 845 1478 898 de
1508 845 1701 911 quibus
1729 844 1967 913 singula-

433 938 524 991 tim
561 937 738 990 dicere
769 949 873 988 non
908 943 992 988 est
1031 934 1307 1002 praesentis
1339 933 1608 999 temporis.
1640 932 1708 984 At
1742 947 1962 986 accura-

433 1029 689 1080 tissimam
726 1025 1140 1092 diligentemque
1182 1021 1261 1075 vel
1290 1023 1354 1075 ad
1382 1021 1654 1090 vulgarem
1686 1036 1852 1089 usque
1885 1022 1965 1073 iu-

427 1110 768 1179 quisitionem
800 1110 943 1162 circa
974 1108 1087 1161 haec
1139 1107 1336 1160 faciant
1371 1108 1425 1160 hi
1483 1122 1701 1162 necesse
1744 1118 1826 1161 est
1876 1108 1963 1174 qui

427 1216 532 1254 nou
567 1199 930 1266 deiatigautur
952 1195 1171 1264 legendo
1197 1197 1501 1264 prophetias
1532 1209 1769 1264 quaerere
1802 1197 1852 1249 in
1885 1196 1964 1249 eis

425 1289 758 1358 spiritualem
814 1302 1048 1342 sensum.
1098 1286 1204 1340 Sed
1266 1286 1522 1341 hactenus
1574 1303 1594 1337 ι
1651 1287 1716 1341 de
1767 1286 1962 1355 templo

429 1381 674 1448 corporis
706 1378 788 1432 sui
816 1379 883 1432 ⁸⁵.
910 1396 930 1430 ι

503 1551 590 1602 2'7.
614 1548 806 1600 Verum
831 1545 1099 1598 enimvero
1119 1545 1364 1612 quoniam
1391 1563 1408 1594 ι
1436 1543 1589 1597 s’mul
1609 1554 1764 1613 atque
1784 1560 1952 1600 surre-

438 1636 513 1692 xit
536 1651 564 1688 c
591 1635 826 1696 mortuis,
855 1632 1110 1685 recordati
1135 1641 1258 1684 sunt
1282 1632 1520 1700 discipuli
1547 1633 1659 1700 ejus
1683 1634 1822 1700 quod
1854 1635 1953 1686 hoc

438 1723 647 1784 dixerit,
683 1731 736 1774 ct
766 1695 1101 1775 crediderunt
1124 1695 1430 1788 Scriptura},
1454 1730 1507 1774 et
1536 1695 1766 1776 sermoni
1798 1737 1950 1790 quem
1987 1695 2028 1752 Β

438 1812 570 1865 dixit
597 1811 747 1864 Jesus
779 1811 844 1870 ",
887 1828 902 1858 ι
937 1809 1328 1878 intelligendum
1363 1817 1469 1870 est,
1496 1810 1632 1876 quod
1661 1810 1726 1864 ad
1758 1819 1952 1863 textum

439 1899 644 1960 attinet,
675 1897 976 1963 discipulos,
1005 1906 1278 1964 postquam
1310 1897 1562 1949 Dominus
1583 1911 1612 1949 e
1641 1899 1860 1951 mortuis
1881 1913 1956 1949 re-

437 1984 828 2046 resurrexisset,
849 1983 1166 2036 intellexisse
1182 1997 1297 2049 quae
1307 1982 1371 2035 de
1385 1982 1578 2050 templo
1593 1983 1729 2036 dicta
1749 1983 1956 2037 fuerant

428 2087 622 2142 'rel‘erri
666 2087 730 2139 ad
759 2086 1052 2154 passionem
1083 2086 1197 2152 ejus
1224 2095 1278 2139 et
1307 2086 1767 2149 resurrectionem,
1798 2101 1952 2154 repe-

435 2183 606 2227 tentes
632 2176 770 2242 quod
816 2175 974 2228 verba
1016 2174 1098 2226 illa
1133 2192 1145 2226 :
1180 2193 1197 2224 ι
1230 2175 1287 2226 1η
1334 2175 1500 2227 tribus
1534 2174 1719 2227 diebus
1758 2175 1952 2242 erigam

433 2261 560 2314 illud
579 2261 643 2323 ",
677 2279 695 2311 ι
717 2263 1148 2320 resurrectionem
1171 2263 1503 2316 declarabant
1531 2280 1542 2314 :
1568 2264 1775 2331 quando
1795 2263 1953 2316 etiam

432 2351 772 2405 crediderunt
796 2350 1080 2418 Scriptura:
1105 2359 1157 2403 et
1191 2349 1418 2404 sermoni
1457 2365 1611 2418 quem
1636 2350 1839 2403 dixerat
1864 2349 1954 2401 Je-

433 2453 542 2501 sus,
563 2454 682 2492 cum
707 2447 857 2492 antea
879 2439 1003 2492 dicti
1027 2454 1132 2491 non
1155 2438 1350 2491 fuerint
1370 2437 1654 2491 credidisse
1675 2435 1955 2505 Scriptum

432 2545 487 2587 et
514 2536 765 2596 sermoni,
795 2552 951 2603 quem
978 2538 1106 2592 dixit
1125 2539 1296 2592 Iesus.
1327 2539 1456 2592 Nam
1490 2540 1621 2594 ﬁdes
1651 2541 1862 2609 proprie
1894 2541 1954 2594 il—

434 2621 536 2673 lius
561 2631 642 2674 est
669 2623 760 2690 qui
788 2632 892 2676 tota
921 2623 1093 2677 anima
1126 2625 1352 2679 admittit
1391 2627 1516 2680 illud
1543 2628 1682 2694 quod
1721 2629 1953 2682 creditur

435 2709 489 2763 iu
518 2709 798 2778 baptismo.
827 2710 978 2776 Quod
1016 2721 1191 2766 autem
1218 2715 1281 2766 ad
1307 2713 1630 2780 superiorem
1662 2714 1954 2783 intelligen-

435 2797 559 2850 tiam
581 2799 785 2861 attinet,
809 2800 1053 2866 quoniam
1081 2800 1324 2867 praedicta
1348 2800 1446 2854 fuit
1469 2802 1618 2855 nobis
1641 2803 1954 2857 resurrectio

436 2887 594 2940 totius
627 2888 860 2954 corporis
905 2888 1107 2940 Domini
1153 2904 1180 2940 e
1211 2889 1453 2946 mortuis.
1491 2891 1718 2942 sciamus
1747 2900 1954 2957 oportet

2071 484 2354 552 γενημένοι
2369 485 2545 537 λίθων·
2564 487 2726 539 νικῶν
2758 487 2866 556 γάρ
2897 503 2982 546 τις
3010 486 3107 537 καὶ
3129 483 3287 554 παρὰ
3307 482 3391 551 τῷ
3435 483 3660 554 Ἰωάννῃ

2068 572 2125 623 ἐν
2159 575 2224 641 τῇ
2263 574 2616 643 ’Λποκαλύψει
2647 574 2978 641 ἐπαγγελίαν
3025 573 3140 640 ἔχει
3188 570 3390 630 στῦλος
3437 569 3659 624 ἔσεσθαι

2067 663 2123 713 ἐν
2154 661 2233 730 τῷ
2263 661 2376 731 ναῷ
2406 663 2497 715 τοῦ
2540 663 2695 725 Θεοῦ,
2733 663 2806 732 μὴ
2839 661 3262 729 ἐξελευσόμενος
3303 659 3434 724 ἔξω.
3473 661 3660 715 Ταῦτα

2065 749 2120 801 δέ
2156 767 2243 818 μοι
2275 751 2447 803 πάντα
2475 751 2683 822 εἴρηται
2717 752 2857 821 ὑπὲρ
2891 750 2986 802 τοῦ
3020 749 3127 801 κᾶν
3162 750 3220 801 ἐν
3268 749 3512 820 βραχείᾳ
3563 767 3658 801 πε-

2067 838 2237 908 ρινοίᾳ
2264 839 2508 906 γενέσθαι
2536 841 2681 909 ἡμᾶς
2713 839 2822 891 τῶν
2861 839 3006 892 κατά
3050 837 3146 889 τὸν
3201 838 3362 900 ναὸν,
3420 839 3518 891 καὶ
3566 839 3659 892 τὸν

2063 923 2204 979 οἷκον
2232 927 2324 981 τοῦ
2349 929 2500 990 Θεοῦ,
2530 929 2622 980 κοιλ⁹
2651 929 2747 998 τὴν
2788 928 3117 996 Ἐκκλησίαν
3139 968 3154 991 ,
3189 929 3288 981 καί
3316 928 3423 998 τὴν
3461 930 3658 1001 Ἰερου-

2065 1015 2242 1086 σαλὴμ
2269 1018 2623 1087 πραγμάτων,
2656 1019 2783 1086 περὶ
2811 1011 2884 1069 ὧν
2910 1018 3010 1068 οὐκ
3037 1017 3157 1068 ἐστι
3179 1016 3277 1068 νῦν
3301 1017 3492 1085 λέγειν
3516 1023 3658 1074 κατά

2066 1105 2244 1174 μέρος.
2281 1107 2388 1176 Τὴν
2422 1107 2477 1158 δὲ
2514 1107 2908 1176 ἀκριϐεστάτην
2939 1107 3036 1159 καί.
3066 1107 3235 1176 μέχρι
3266 1106 3366 1158 τοῦ
3397 1108 3656 1176 τυχόντος

2062 1195 2188 1263 περὶ
2209 1195 2373 1247 ταῦτα
2397 1196 2627 1266 ἐπιμελῆ
2656 1196 2896 1262 ἐξέτασιν
2926 1199 3186 1267 ποιητέον
3216 1202 3335 1261 τοῖς
3370 1199 3447 1270 μὴ
3472 1202 3654 1256 ἀπαυ-

2061 1282 2191 1335 δῶσι
2219 1285 2354 1354 πρὸς
2375 1287 2499 1346 τοὺς
2527 1287 2583 1336 ἐν
2614 1285 2691 1353 τῷ
2731 1286 3081 1354 ἐντυγχάνειν
3122 1290 3247 1349 ταῖς
3283 1290 3654 1358 προφητείαις

2059 1372 2237 1441 ζητεῖν
2276 1373 2364 1425 τὸν
2402 1375 2458 1426 ἐν
2495 1376 2683 1435 αὑταῖς
2741 1374 3112 1442 πνευματικὸν
3158 1374 3289 1426 νοῦν
3343 1377 3650 1445 καμάτους.

2057 1460 2165 1512 Καὶ
2187 1460 2355 1512 ταῦτα
2381 1460 2478 1528 μὲν
2500 1480 2516 1510 ι
2548 1461 2674 1531 περὶ
2705 1461 2799 1514 τοῦ
2828 1460 2959 1514 ναοῦ
2989 1461 3087 1512 τοῦ
3127 1462 3392 1532 σώματος
3423 1465 3611 1517 αὐτοῦ.
3629 1487 3646 1514 ι

2125 1547 2215 1600 27.
2257 1549 2408 1600 Ἐπεὶ
2439 1548 2493 1599 δὲ
2527 1565 2544 1598 ι
2573 1550 2660 1600 ὅτε
2685 1548 2892 1617 ἠγέρθη
2923 1550 2988 1600 ἐκ
3019 1551 3262 1619 νεκρῶν,
3295 1553 3652 1624 ἐμνήσθησαν

2055 1635 2102 1686 οἰ
2134 1633 2367 1703 μαθηταὶ
2398 1634 2559 1686 αὑτοῦ
2581 1673 2594 1694 ,
2629 1634 2709 1686 ὃτι
2757 1633 2914 1685 τοῦτο
2948 1633 3104 1700 ἔλεγε
3130 1675 3145 1696 ,
3184 1636 3286 1687 καὶ
3319 1637 3653 1690 ἐπίστευσαν

2055 1725 2120 1791 τῇ
2171 1724 2354 1793 Γραφῇ
2381 1761 2396 1779 .
2437 1723 2528 1775 καὶ
2573 1722 2648 1791 τῷ
2689 1723 2849 1791 λόγῳ,
2880 1723 2938 1774 ὃν
2965 1719 3124 1776 εἶπεν
3156 1726 3186 1776 ὁ
3229 1725 3469 1794 Ἰησοῦς,
3503 1746 3520 1776 ι
3558 1729 3650 1779 ἐκ-

2057 1814 2268 1866 δεκτέον
2291 1852 2304 1876 ,
2334 1814 2408 1876 ὡς
2442 1812 2580 1866 κατά
2608 1812 2705 1880 τὴν
2732 1813 2897 1876 λέξιν,
2929 1814 3015 1865 ὃτι
3050 1815 3100 1865 οἱ
3136 1814 3392 1884 μαθηταὶ
3427 1817 3566 1884 μετᾶ
3591 1818 3650 1869 τὸ

2056 1902 2348 1972 ἐγηγέρθαι
2385 1905 2446 1954 ἐκ
2482 1903 2687 1972 νεκρῶν
2720 1902 2811 1953 τὸν
2847 1901 3075 1971 Κύριον,
3111 1904 3366 1973 συνῆκαν
3414 1905 3483 1957 τά
3524 1908 3648 1976 περὶ

2056 1990 2146 2042 τοῦ
2176 1990 2300 2042 ναοῦ
2327 1991 2586 2060 εἰρημένα
2616 1990 2983 2057 ἀναφέρεσθαι
3013 1993 3096 2054 είς
3122 1991 3184 2044 τὸ
3222 1993 3401 2056 πάθος
3437 1995 3601 2047 αὐτοῦ
3631 2035 3645 2056 ,

2056 2081 2149 2134 καί
2174 2080 2268 2150 τὴν
2300 2080 2607 2137 ἀνάστασιν,
2644 2079 3090 2148 ὑπομνησθέντες
3122 2081 3267 2149 (62),
3295 2083 3381 2135 ὃτι
3404 2083 3484 2134 τό·
3517 2103 3534 2133 ι
3561 2085 3646 2136 Ἐν

2055 2166 2226 2234 τρισὶν
2259 2166 2491 2236 ἡμέραις
2525 2166 2697 2236 ἐγερῶ
2736 2167 2932 2230 αὐτὸν,
2971 2186 2988 2217 ι
3038 2169 3143 2238 τὴν
3179 2170 3490 2224 ἀνάστασιν
3522 2172 3642 2242 ἐδή-

2054 2257 2144 2309 λου
2167 2274 2180 2286 ·
2211 2257 2300 2308 ὅτε
2329 2258 2418 2307 καὶ
2447 2256 2767 2308 ἐπίστευσαν
2806 2259 2872 2326 τῇ
2907 2257 3130 2326 Γραφῇ,
3167 2260 3267 2313 καὶ
3311 2260 3390 2330 τῷ
3418 2261 3559 2331 λόγῳ
3587 2263 3644 2314 ὃν

2054 2341 2202 2398 εἶπεν
2242 2347 2270 2397 ό
2313 2345 2543 2414 Ἰησοῦς,
2576 2339 2840 2416 πρότερον
2886 2347 2948 2398 οὐ
2998 2351 3505 2420 μεμαρτυρημένοι
3550 2369 3645 2404 πε-

2053 2434 2396 2487 πιστευκέναι
2430 2438 2494 2504 τῇ
2528 2435 2712 2505 Γραφῇ
2739 2475 2754 2498 ,
2803 2435 2924 2488 ούδέ
2955 2437 3035 2506 τῷ
3065 2437 3220 2508 λόγῳ
3253 2439 3436 2510 τούτῳ
3469 2441 3528 2493 ὃν
3571 2438 3644 2494 εἶ-

2053 2541 2153 2576 πεν
2197 2525 2225 2576 ό
2291 2524 2525 2593 Ἰησοῦς·
2562 2525 2765 2595 κυρίως
2812 2524 2922 2596 γὰρ
2968 2527 3160 2590 πίστις
3213 2529 3339 2582 ἐστί
3386 2531 3531 2583 κατά
3585 2533 3644 2584 τὸ

2053 2611 2329 2680 βάπτισμα
2355 2612 2447 2664 τοῦ
2479 2612 2574 2683 ὅλῃ
2600 2611 2742 2682 ψυχῇ
2777 2614 3240 2685 παραδεχομένου
3284 2618 3349 2670 τὸ
3399 2620 3644 2672 πιστευό-

2055 2718 2208 2770 μενον
2229 2717 2241 2730 ’
2274 2700 2347 2762 ὼς
2378 2701 2434 2753 δέ
2480 2701 2613 2770 πρὸς
2645 2703 2742 2770 τὴν
2773 2703 3104 2774 ἀναγωγὴν,
3149 2707 3280 2759 ἐπεὶ
3318 2707 3642 2779 προείρηται

2050 2793 2179 2861 ἡμῖν
2206 2792 2238 2862 ἡ
2266 2793 2329 2843 ἐκ
2354 2791 2558 2860 νεκρῶν
2599 2791 2892 2853 ἀνάστασις
2933 2793 3029 2845 τοῦ
3061 2797 3278 2860 παντὸς
3306 2798 3404 2850 τοῦ
3437 2799 3642 2870 Κυρίου

2051 2879 2318 2950 σώματος,
2348 2880 2540 2933 εἰδέναι
2574 2881 2700 2950 χρὴ,
2728 2881 2811 2932 ὅτι
2834 2884 2882 2934 οἱ
2916 2882 3169 2952 μαθηταὶ
3198 2886 3643 2959 ὑπομνησθέντες

433 2974 573 3040 quod
613 2975 866 3028 admoniti
909 2977 1150 3044 discipuli
1207 2993 1302 3044 per
1349 2978 1570 3032 ellectus
1628 2978 1948 3047 Scriptura.

2073 2969 2137 3022 ἰιά
2185 2968 2290 3020 τῶν
2341 2968 2790 3036 ἀποτελεσμάτων
2833 2969 2968 3038 τῆς,
2998 2971 3090 3024 ὅτε
3121 2967 3272 3042 ἦσαν
3321 2977 3381 3027 ἐν
3410 2975 3487 3044 τῷ
3519 2976 3639 3044 βίῳ,

433 3077 588 3128 quam
624 3071 798 3126 antea,
831 3065 1042 3130 quando
1090 3073 1241 3117 erant
1289 3064 1341 3116 in
1389 3065 1512 3128 vita,
1555 3076 1798 3120 accurate
1845 3082 1949 3121 non

2073 3057 2126 3126 ιὴ
2158 3055 2536 3126 ἠκριϐωμένης
2574 3056 2758 3118 αὐτοῖς
2792 3055 2901 3126 (65)
2933 3058 3190 3128 Γραφῆς,
3228 3061 3337 3114 ὑπὸ
3389 3062 3512 3132 ὄψιν
3555 3080 3638 3131 γι..

435 3147 821 3214 intelligebant,
853 3149 951 3202 sub
991 3159 1259 3216 aSpectum
1301 3150 1450 3204 factze
1488 3161 1541 3205 et
1585 3153 1948 3218 manifestata},

2073 3144 2272 3214 ιομένης
2298 3181 2313 3205 ,
2369 3144 2459 3195 καί
2492 3145 2932 3215 φανερουμένης,
2985 3147 3157 3199 τίνων
3199 3167 3264 3201 τε
3301 3153 3642 3222 ἐπουρανίων

433 3236 789 3303 admonitique
835 3252 1056 3304 quorum
1105 3240 1394 3292 cmlestium
1436 3242 1671 3308 exempla
1716 3253 1864 3295 erant
1895 3253 1949 3298 et

2073 3232 2346 3301 ›πόδειγμα
2372 3234 2463 3285 καὶ
2493 3233 2618 3286 σκιά
2649 3235 2934 3305 ἐτύγχανε,
2963 3239 3334 3294 πιστεύουσιν
3365 3243 3415 3294 οἳ
3451 3243 3642 3314 πρότε-

435 3322 618 3374 umbra
647 3323 711 3386 ³⁸,
735 3324 893 3376 rebus
932 3325 1034 3376 illis
1075 3327 1413 3380 crediderunt
1441 3329 1631 3394 quibus
1653 3340 1804 3383 antea
1841 3346 1946 3385 non

2073 3337 2137 3372 >ov
2162 3320 2260 3372 οὐκ
2289 3321 2600 3383 ἐπίστευον,
2632 3322 2725 3374 καὶ
2756 3322 2833 3391 τῷ
2859 3321 3006 3393 λόγῳ
3035 3327 3132 3378 τοῦ
3174 3327 3386 3398 Ἰησοῦ,
3433 3329 3493 3383 ὃν
3541 3331 3642 3401 πρὸ

429 3412 780 3475 crediderant,
811 3424 967 3482 atque
1005 3420 1231 3471 sermoni
1258 3420 1407 3483 Jesu,
1437 3436 1593 3488 quem
1625 3431 1746 3477 ante
1773 3439 1949 3479 resur-

433 3501 740 3563 rectionem,
765 3503 840 3556 sic
867 3504 1074 3558 volente
1100 3506 1188 3558 illo
1209 3508 1296 3574 qui
1322 3509 1648 3576 loquebatur,
1672 3526 1778 3564 non
1799 3513 1948 3566 intel-

431 3586 688 3642 lexerunt.
721 3589 820 3653 Qui
856 3591 995 3644 enim
1025 3592 1139 3646 ﬁeri
1164 3594 1346 3662 [potest
1370 3605 1426 3648 ut
1454 3599 1662 3666 proprie
1692 3601 1808 3667 quis
1830 3617 1948 3655 cre-

428 3676 553 3727 dere
574 3674 856 3744 Scriptura:
877 3680 1081 3735 dicatur
1101 3698 1206 3736 non
1225 3687 1584 3753 contemplans
1603 3703 1816 3742 sensum
1835 3689 1946 3758 Spi-

429 3761 558 3814 ritus
582 3764 750 3817 sancti
777 3765 865 3832 qui
888 3765 940 3818 in
969 3767 1078 3834 ipsa
1103 3778 1201 3832 est,
1227 3786 1382 3838 quem
1413 3773 1553 3826 credi
1579 3776 1777 3828 mavult
1804 3777 1944 3829 Deus

426 3857 582 3912 quam
613 3848 798 3903 littera:
821 3852 1176 3906 voluntatem?
1200 3854 1354 3908 Juxta
1384 3857 1520 3910 hanc
1547 3859 1941 3928 intelligentiam

426 3934 602 3988 nullus
622 3951 686 3990 ex
713 3937 794 3990 bis
819 3939 908 4006 qui
937 3941 1226 3994 secundum
1255 3957 1466 3996 carnem
1507 3946 1794 4009 ambulant,
1826 3963 1943 4002 cre.

423 4023 549 4076 dere
575 4024 828 4080 dicendus
856 4036 936 4080 est
959 4028 1118 4080 rebus
1139 4029 1500 4096 spiritualibus
1539 4033 1689 4100 legis,
1715 4021 1938 4101 quarum

426 4109 736 4178 principium
794 4127 862 4164 ne
915 4113 1226 4180 imaginatur
1274 4116 1505 4182 quidem.
1551 4117 1737 4172 Verum
1787 4123 1945 4191 209

425 4196 685 4251 beatiores
711 4198 798 4265 qui
831 4213 938 4250 non
972 4198 1218 4252 viderunt
1245 4210 1299 4254 et
1329 4203 1699 4264 crediderunt,
1732 4207 1814 4259 his
1853 4211 1940 4277 qui

425 4282 669 4337 viderunt
729 4294 783 4336 et
833 4284 1207 4346 crediderunt,
1251 4286 1528 4354 inquiunt;
1570 4291 1623 4343 bi
1665 4307 1936 4360 perperam
1967 4307 2018 4366 ι)

415 4386 732 4442 acceperunt
758 4380 898 4445 quod
922 4379 974 4431 in
1001 4380 1104 4434 ﬁne
1139 4384 1402 4455 Evangelii
1438 4388 1655 4444 Joannis
1677 4393 1803 4448 dicit
1831 4396 1933 4450 Do-

414 4459 589 4513 minus
629 4463 695 4514 ad
737 4462 991 4518 Thomam
1031 4483 1044 4519 :
1081 4488 1099 4519 ι
1141 4469 1288 4526 Beati
1331 4475 1420 4541 qui
1467 4492 1571 4531 non
1599 4479 1845 4536 viderunt
1877 4495 1932 4539 et

413 4547 748 4603 crediderunt
775 4553 838 4604 ”.
887 4571 906 4601 ›
934 4553 1036 4606 Sed
1073 4570 1179 4608 non
1225 4558 1483 4615 beatiores
1523 4565 1691 4633 inquit
1718 4583 1810 4623 eos
1839 4571 1929 4639 qui

412 4649 519 4688 non
552 4637 796 4692 viderunt
838 4649 893 4694 et
935 4643 1289 4708 crediderunt,
1334 4650 1416 4702 his
1459 4653 1547 4720 qui
1592 4654 1835 4711 viderunt
1859 4637 1930 4714 ﬁet

409 4725 775 4795 crediderunt;
801 4730 1013 4799 alioqui,
1035 4732 1184 4801 juxta
1204 4735 1339 4789 banc
1365 4738 1781 4811 intelligentiam,
1807 4761 1929 4814 apo-

400 4833 551 4887 stolis
595 4834 916 4902 posteriores
965 4834 1231 4887 beatiores
1277 4845 1402 4890 sunt
1452 4839 1706 4903 apostolis
1759 4841 1888 4910 ipsis
1919 4884 1935 4908 ,

401 4924 542 4988 quod
589 4937 668 4978 est
703 4924 1062 4979 fatuissimum
1094 4926 1350 4980 oumium.
1385 4927 1616 4982 Proinde
1647 4941 1826 4985 mente
1854 4935 1932 4986 vi-

397 5013 522 5065 deat
545 5021 756 5080 oportet
783 5027 906 5082 quze
937 5017 1230 5069 creduntur
1250 5016 1340 5082 qui
1375 5015 1565 5069 beatus
1589 5015 1798 5074 l'uturus
1825 5031 1928 5085 est,

465 5149 514 5181 ”
534 5148 699 5216 Apoc.
731 5164 810 5217 Ill,
841 5151 928 5207 12.
1015 5153 1058 5186 ’⁸
1088 5151 1241 5206 Joan.
1286 5167 1338 5216 ιι,
1367 5151 1454 5205 2|.
1554 5152 1600 5182 "
1660 5152 1784 5207 ibid.
1829 5156 1898 5211 22

431 5328 442 5338 .
467 5257 575 5330 (62)
625 5261 1142 5332 Ὑπομνησοέντες.
1169 5261 1509 5316 Desideratur
1544 5262 1592 5316 in
1615 5265 1800 5319 codice
1829 5265 1932 5321 Rc-

397 5340 572 5460 ΒΙἾθὸ)
609 5395 830 5460 Αὑτοῖς.
869 5395 1022 5459 Dem
1053 5408 1109 5462 in
1138 5399 1322 5453 codice
1352 5397 1652 5454 Bodleiano.

464 5461 572 5543 (lit)
616 5464 722 5543 Ter
855 5468 1024 5542 αὐτῇ,
1055 5461 1122 5534 ιιι
1165 5467 1347 5543 codice
1377 5464 1553 5543 .Begio
1585 5469 1732 5524 deest
1771 5469 1926 5538 αὐτῇ,

395 5529 533 5594 quod
556 5533 855 5586 restituitur
878 5549 906 5589 e
935 5529 1129 5608 came
1167 5529 1482 5590 Barberiuo.

1554 5152 1600 5182 ⁸⁸
1660 5152 1784 5202 ibid.
1829 5156 1898 5202 9‘2
1968 5161 2012 5202 οἳ

2042 3409 2140 3477 τῆς
2168 3409 2533 3471 ἀναστάσεως,
2567 3409 2642 3471 ὡς
2676 3410 2928 3464 ἐϐούλετο
2959 3415 2988 3464 ό
3023 3412 3232 3481 λέγων,
3261 3417 3323 3468 ού
3367 3420 3636 3472 συνίεσαν.

2045 3497 2167 3560 Πῶς
2193 3498 2300 3567 γὰρ
2330 3498 2547 3551 δύναταί
2570 3516 2653 3561 τις
2686 3502 2963 3555 πιστεύειν
3014 3506 3232 3575 κυρίως
3274 3507 3535 3577 λέγεσθαι
3575 3513 3637 3580 τῇ

2046 3585 2230 3653 Γραφῇ
2252 3625 2266 3648 ,
2299 3585 2388 3636 τὸν
2417 3587 2473 3636 ὲν
2506 3586 2642 3656 αὐτῇ
2677 3587 2784 3656 (64)
2815 3589 2909 3641 τοῦ
2953 3590 3117 3658 ἁγίου
3155 3596 3487 3666 Πνεύματος
3517 3598 3638 3650 νοῦν

2049 3675 2122 3744 μὴ
2155 3674 2388 3744 θεωρῶν,
2423 3674 2479 3726 ὃν
2506 3675 2854 3730 πιστεύεσθαι
2896 3680 3104 3747 μᾶλλον
3138 3685 3168 3736 ὁ
3194 3688 3338 3750 Θεὸς
3369 3688 3637 3756 βούλεται,

2044 3767 2076 3836 ἢ
2111 3766 2169 3819 τὸ
2197 3767 2288 3818 τοῦ
2303 3767 2623 3836 γράμματος
2647 3767 2878 3836 θέλημα;
2905 3770 3068 3824 Κατά
3089 3773 3262 3828 τοῦτο
3282 3777 3509 3830 λεκτέον
3539 3796 3641 3848 μη-

2043 3855 2167 3908 δένα
2198 3855 2304 3916 τῶν
2335 3855 2474 3908 κατά
2499 3855 2676 3926 σάρκα
2705 3859 3163 3928 περιπατούντων
3199 3865 3496 3920 πιστεύειν
3531 3869 3640 3928 τοῖς

2043 3946 2423 4013 πνευματικοῖς
2451 3945 2546 3997 τοῦ
2575 3945 2763 4014 νόμου,
2803 3942 2884 4028 οζς
2919 3952 3058 4020 μηδὲ
3091 3955 3196 4026 τὴν
3231 3959 3412 4029 ἀρχὴν
3440 3961 3642 4028 φαντά-

2043 4031 2219 4095 ζεται.
2279 4033 2447 4103 Πλὴν,
2485 4036 2616 4102 φασὶ
2673 4041 3128 4110 μακαριωτέρους
3186 4043 3339 4102 εἶναι
3395 4050 3523 4113 τοὺς
3568 4051 3641 4120 μὴ

2046 4121 2250 4185 ἰδόντας
2293 4123 2386 4174 καὶ
2436 4124 2831 4189 πιστεύσαντας
2857 4129 2970 4180 τῶν
3003 4131 3352 4203 ἑωρακότων
3398 4141 3494 4192 καὶ
3540 4157 3638 4192 πε-

2045 4211 2407 4263 πιστευκότων
2433 4249 2448 4272 ,
2499 4213 2957 4284 παρεκδεξάμενοι
2981 4221 3044 4273 τὸ
3067 4224 3130 4275 ἐν
3155 4226 3245 4295 τῷ
3275 4231 3425 4284 κατά
3467 4232 3644 4284 Ἰωάν-

2041 4317 2137 4370 νην
2166 4302 2256 4354 ἐπὶ
2298 4302 2440 4353 τέλει
2490 4303 2776 4372 εἰρημένον
2818 4305 2955 4374 προς
2988 4307 3084 4361 τὸν
3127 4311 3351 4383 Θωμᾶν
3387 4318 3495 4370 ὑπὸ
3547 4317 3642 4370 τοῦ

2045 4392 2272 4462 Κυρίου·
2303 4411 2321 4442 ι
2359 4393 2629 4460 Μακάριοι
2654 4395 2702 4444 οἱ
2734 4393 2808 4464 μὴ
2829 4395 3025 4460 ἰδόντες
3049 4401 3148 4453 καὶ
3169 4407 3639 4471 πιστεύσαντεςί

2042 4483 2102 4536 οὐ
2133 4482 2239 4553 γὰρ
2293 4484 2732 4553 μακαριωτέρους
2787 4485 2904 4554 (65)
2935 4483 3078 4542 εῖναι
3129 4495 3270 4558 τοὺς
3321 4497 3401 4568 μὴ
3433 4499 3644 4562 ἰδόντας

2042 4574 2133 4626 καὶ
2182 4573 2568 4635 πιστεύσαντας
2613 4572 2720 4626 τῶν
2759 4575 3086 4646 ἑωρακότων
3127 4585 3232 4636 καὶ
3269 4589 3645 4642 πεπιστευκόυ

2041 4681 2147 4718 των
2166 4681 2179 4694 ’
2209 4662 2350 4716 κατά
2375 4662 2501 4729 γοῦν
2529 4661 2626 4732 τὴν
2653 4664 2877 4735 ἐκδοχὴν
2911 4667 3097 4721 αὐτῶν
3147 4675 3268 4728 τῶν
3318 4678 3646 4734 ἀποστόλων

2043 4755 2437 4824 μακαριώτεροι
2476 4755 2525 4804 οί
2560 4753 2696 4822 μετά
2724 4754 2851 4818 τοὺς
2893 4757 3243 4828 ἀποστόλους
3287 4768 3460 4836 εἰσὶν,
3507 4771 3648 4841 ὅπερ

2039 4844 2154 4896 ἐστὶ
2205 4843 2415 4895 πάντων
2471 4842 2839 4911 ὴλιθιώτατον.
2886 4846 3036 4900 Ἰδεῖν
3066 4851 3125 4903 δέ
3157 4855 3242 4925 τῷ
3281 4857 3403 4928 (66)
3446 4859 3526 4929 νῷ
3577 4861 3648 4912 τὰ

2039 4932 2393 5000 πιστευόμενα
2419 4931 2509 4982 τὸν
2547 4933 2801 5002 ἐσόμενον
2833 4939 3130 5006 μακάριον,
3187 4946 3272 5009 ὡς
3308 4949 3361 5000 οἱ
3401 4948 3645 5000 ἀπόστο-

2033 5021 2148 5084 λοι,
2178 5019 2466 5089 δυνηθέντα
2503 5021 2721 5076 ἀκούειν
2743 5025 2834 5077 τό·
2867 5045 2886 5076 ι
2925 5028 3219 5101 Μακάριοι
3264 5037 3318 5088 οἰ
3363 5037 3646 5106 ὀφθαλμοί

2050 5153 2180 5210 ibid.
2230 5150 2316 5205 l9.
2416 5152 2460 5183 ’⁸
2487 5151 2649 5208 llebr.
2682 5172 2796 5217 vut,
2829 5157 2882 5210 5.
2978 5159 3024 5190 ”
3047 5159 3216 5215 Joan.
3257 5179 3360 5228 xx,
3392 5165 3493 5221 29.

2107 5263 2218 5344 (θὸ)
2261 5265 2504 5344 Οὐχὰργ
2543 5267 3040 5344 μακαριωτέρους,
3083 5282 3196 5344 etc.
3245 5275 3642 5344 Supplendum

2036 5335 2189 5452 φησι,
2224 5334 2364 5411 quod
2404 5337 2638 5389 lortasse
2665 5334 3040 5404 supplendum'
3059 5341 3288 5411 reliquit
3330 5334 3642 5416 Urigeucs,

2036 5416 2096 5454 ve
2148 5401 2396 5468 librarius
2425 5405 2790 5468 praetermisit.

2032 5416 2114 5454 vet
2148 5416 2396 5452 librarius
2425 5416 2790 5468 przetermisu.

2037 5535 2077 5549 Μ
2105 5467 2214 5549 (εἴθ)
2265 5467 2425 5546 Ἰδεζν
2452 5469 2640 5549 δέ.τῷ
2663 5473 2778 5549 Δνῷ.
2828 5474 3145 5549 Legendum
3180 5477 3461 5547 fortasse,
3506 5483 3644 5538 ἰδεῖν

2033 5535 2088 5588 δὲ
2121 5537 2200 5588 δεῖ
2230 5536 2306 5604 τῷ
2338 5535 2439 5604 νῷ·
2472 5535 2676 5608 alioqui
2713 5535 2818 5600 non
2851 5535 3125 5601 co'ustabit
3153 5562 3390 5604 sensus.
