3828 6210
331 306 445 369 593

1425 303 1766 362 COMMENT.
1800 302 1865 357 IN
1896 301 2084 357 JOAN.
2131 300 2362 355 TOMUS
2400 299 2462 350 Χ.

3415 294 3517 348 394

339 402 518 474 ὐμῶν,
546 400 628 454 ὅτι
666 400 946 470 βλέπουσι,
967 398 1141 452 καὶτὰ
1165 392 1277 451 ὦτα
1307 399 1456 468 ὑμῶν
1486 401 1565 451 ὅτι
1587 399 1852 451 ἀκούουσι·
1870 417 1887 445 ι

1999 395 2211 463 perinde
2234 404 2395 460 atque
2421 391 2646 458 apostoli
2682 389 2806 442 illud
2832 386 3013 440 audire
3051 385 3230 439 valens
3260 405 3272 438 :
3307 402 3325 435 ι
3368 387 3516 441 Beati

344 493 442 545 καὶ
481 491 567 543 τό’
598 508 615 539 ι
639 488 834 541 Πολλοὶ
865 488 1130 558 προφῆται
1159 487 1255 540 καὶ
1303 486 1494 539 δίκαιοι
1549 486 1890 555 ἐπεθύμησαν

345 581 478 635 ἰδεῖν
504 580 539 632 ἃ.
575 577 818 648 βλέπετε,
850 577 943 630 καὶ
976 578 1073 628 ούκ
1102 571 1256 637 εἶδον,
1288 577 1380 628 καὶ
1411 576 1635 628 ἀκοῦσαι
1658 574 1691 628 ἃ
1715 573 1894 626 ἀκούε-

339 687 427 732 τε,
465 668 556 721 καὶ⁸
585 667 685 718 οὐκ
714 666 968 734 ἤκουσαν.
1002 683 1020 714 ι
1069 663 1363 734 Ἀγαπητὸν
1407 663 1462 715 δέ
1505 663 1596 716 καὶ
1628 661 1717 715 τὸν
1766 662 1894 713 {mo-

337 758 623 826 δεέστερον
655 753 840 808 λαϐεῖν
889 753 1227 824 μακαρισμὸν
1276 754 1519 821 λέγοντα·
1579 771 1596 802 ι
1628 751 1892 820 Μακάριοι

335 847 393 899 οἱ
419 845 494 916 μὴ
531 844 730 906 ίδόντες
752 844 845 896 καὶ
878 841 1273 904 πιστεύσαντες.
1307 862 1324 893 ι
1363 842 1482 903 Πῶς
1525 840 1579 893 δὲ
1623 840 1894 909 μακαριώο

335 950 491 1004 τεροι
518 934 567 985 οἱ
603 931 870 1002 ὀφθαλμοὶ
899 932 948 984 οἱ
986 932 1089 983 ὑπὸ
1120 932 1211 983 τοῦ
1257 930 1429 1001 Ἰησοῦ
1459 931 1564 1001 (67)
1603 927 1895 1000 μακαριζὸε

340 1041 498 1093 μενοι
539 1022 633 1075 ἐπὶ
667 1024 780 1084 τοίς
807 1021 1227 1091 τεθεωρημένοις
1253 1060 1268 1082 ,
1317 1020 1423 1072 τῶν
1459 1020 1531 1090 μὴ
1580 1019 1893 1087 φθασάντων

336 1112 434 1164 ἐπὶ
459 1113 559 1182 τὴν
584 1109 695 1163 τῶν
718 1109 972 1162 τοιούτων
1005 1110 1129 1162 θέαν
1150 1127 1162 1139 ·
1207 1110 1264 1161 ’0
1287 1108 1342 1163 δὲ
1362 1108 1579 1177 Συμεὼν
1601 1108 1784 1176 ἀγαπᾷ
1815 1109 1893 1168 είς

333 1200 440 1261 τὰς
468 1198 717 1266 ἀγκάλας
752 1196 930 1250 λαϐὼν
952 1198 1013 1249 τὸ
1045 1198 1305 1266 σωτήριον
1325 1196 1417 1248 τοῦ
1449 1196 1602 1258 Θεοῦ,
1646 1196 1736 1248 καὶ
1770 1194 1893 1247 θεα-

335 1289 576 1356 σάμενος
609 1289 742 1340 αὐτὸ
779 1283 898 1339 εἷπε
917 1303 929 1316 ⁸
971 1305 989 1336 ι
1018 1285 1130 1337 Νῦν
1159 1285 1405 1347 ἀπολύεις
1440 1286 1527 1337 τὸν
1556 1283 1735 1338 δοῦλόν
1778 1300 1889 1346 σου,

332 1380 608 1439 Δέσποτα,
640 1377 781 1429 κατὰ
818 1377 878 1428 τὸ
903 1376 1054 1446 ῥῆμά
1098 1392 1211 1438 σου,
1251 1375 1309 1426 ἐν
1340 1375 1545 1447 εἰρήνῃ·
1570 1375 1649 1425 ὄτι
1677 1372 1810 1425 εἶδον
1843 1374 1890 1424 οἱ

328 1463 604 1533 ὀφθαλμοί
644 1481 745 1534 μου
761 1464 821 1516 τὸ
845 1463 1104 1534 σωτήριόν
1129 1481 1238 1515 σου.
1265 1482 1282 1514 ι
1309 1463 1499 1531 Διόπερ
1528 1462 1893 1531 φιλοτιμητέον

332 1552 576 1619 ἀνοίγειν
618 1552 746 1615 τοὺς
783 1551 1109 1621 ὀφθαλμοὺς,
1140 1551 1275 1604 κατὰ
1305 1552 1392 1603 τὸν
1421 1550 1731 1620 Σολομῶντα
1753 1590 1767 1613 ,
1809 1549 1894 1601 ἴνα

333 1641 518 1711 ἄρτων
553 1640 977 1711 ἐμπλησθῶμεν.
1034 1641 1169 1710 Φησὶ
1214 1641 1351 1711 γάρ·
1416 1658 1434 1689 ι
1462 1638 1725 1704 Διάνοιξον
1772 1640 1893 1698 τοὺς

1993 483 2128 534 oenii
2162 482 2318 533 vestri
2346 480 2470 547 quia
2497 481 2695 541 vident,
2724 487 2777 531 et
2812 490 2969 529 aures
3020 484 3206 528 vestra:
3251 476 3376 542 quia
3429 491 3518 528 au-

1994 568 2144 619 diunt
2180 567 2232 628 ';
2272 583 2289 614 ι
2325 576 2377 617 et
2408 564 2577 616 illud:
2617 581 2635 612 ι
2678 562 2824 615 Multi
2857 561 3125 631 propheta:
3159 571 3214 615 et
3249 559 3378 628 justi
3424 577 3517 617 eu-

1994 655 2202 723 pierunt
2231 653 2408 705 videre
2435 667 2553 718 quae
2584 651 2791 713 videtis,
2815 661 2993 705 etnon
3030 651 3305 715 viderunt;
3336 660 3390 705 et
3420 665 3517 706 att-
3612 644 3625 663 ’

1995 742 2109 795 dire
2137 755 2255 809 qua:
2299 741 2514 802 auditis,
2546 752 2597 792 et
2633 756 2736 792 non
2793 740 3074 793 audierunt
3108 742 3148 796 '.
3211 759 3228 789 ι
3278 739 3518 794 Amahiie

1996 840 2172 882 tamen
2226 829 2385 882 etiam
2420 838 2501 883 est
2554 828 2809 882 minorem
2845 832 3086 896 accipere
3139 820 3517 882 beatitudinem

1993 919 2259 972 dicentem
2290 934 2305 973 :
2342 935 2359 966 ι
2401 917 2543 970 Beati
2587 918 2676 984 qui
2726 932 2829 970 non
2875 919 3119 970 viderunt
3176 928 3228 970 et
3281 918 3518 971 credide—

1994 1018 2118 1060 runt
2152 1007 2191 1057 ³.
2238 1023 2255 1057 ι
2289 1004 2565 1072 Quomodo
2608 1006 2749 1060 enim
2789 1022 2890 1059 non
2923 1007 3187 1062 beatiores
3236 1008 3374 1061 oculi
3431 1009 3518 1073 qui

1993 1110 2021 1148 a
2053 1094 2177 1149 Jesu
2213 1095 2582 1149 beatiﬁcautur
2605 1094 2672 1148 ob
2702 1108 2786 1147 res
2820 1095 2983 1161 visas,
3019 1095 3101 1148 his
3129 1096 3219 1163 qui
3264 1111 3365 1149 non
3400 1111 3521 1164 pcr-

1994 1193 2254 1236 venerunt
2281 1182 2345 1235 ad
2380 1181 2561 1235 talium
2615 1196 2793 1235 rerum
2824 1182 3124 1236 visionem?
3158 1183 3369 1240 Simeon
3417 1185 3519 1246 igi-

1994 1282 2099 1333 tur,
2143 1279 2425 1324 contentus
2454 1270 2747 1336 sumpsisse
2774 1271 2827 1323 in
2857 1270 3012 1325 ulnas
3042 1274 3273 1327 salutare
3315 1274 3430 1337 Dei,
3458 1274 3522 1328 il-

1994 1358 2194 1429 ludque
2226 1357 2617 1426 contemplatus
2645 1396 2661 1423 ,
2713 1358 2849 1412 dixit
2882 1379 2895 1412 :
2939 1379 2957 1410 ι
2989 1359 3134 1414 Nunc
3166 1362 3386 1415 dimittis
3412 1378 3524 1417 ser-

1993 1465 2115 1503 vum
2164 1458 2311 1502 tuum
2335 1489 2351 1513 ,
2392 1451 2652 1512 Domine,
2701 1451 2987 1503 secundum
3021 1454 3237 1503 verbum
3291 1461 3437 1505 tuum
3470 1455 3523 1506 in

1995 1553 2151 1607 pace;
2179 1538 2427 1607 quoniam
2460 1539 2859 1592 videruntoculi
2886 1538 2987 1592 mei
3012 1540 3241 1592 salutare
3266 1538 3467 1593 tuum".
3498 1560 3518 1592 ι

1996 1626 2257 1692 Quocirca
2292 1628 2672 1680 contendamus
2712 1642 2925 1681 necesse
2970 1639 3050 1682 est
3080 1631 3289 1696 aperire
3321 1629 3523 1692 oculos,

335 1729 650 1798 ὀφθαλμούς
679 1745 795 1789 σου,
827 1729 919 1780 καὶ
952 1727 1288 1797 ἐμπλήσθητι
1323 1726 1548 1798 ἄρτων.»
1583 1726 1689 1779 Καὶ
1720 1725 1888 1778 ταῦτά

1999 1715 2129 1773 iuxta
2179 1715 2539 1781 Saiomonem,
2574 1727 2632 1769 ut
2677 1717 2995 1784 impleamur
3058 1719 3301 1787 panibus.
3350 1717 3525 1788 lnquit.

345 1835 432 1886 μοι
465 1816 552 1869 διὰ
582 1817 665 1869 τό·
690 1836 709 1868 ι
733 1816 1085 1873 Ἐπίστευσαν
1108 1819 1172 1886 τῇ
1204 1817 1409 1886 Γραφῇ,
1446 1816 1537 1868 καὶ
1552 1814 1628 1891 τῷ
1650 1813 1808 1883 λόγῳ,
1831 1813 1888 1865 ὃν

342 1901 493 1957 εἶπεν
515 1905 544 1955 6
578 1903 787 1974 Ἰησοῦς
812 1943 827 1966 ,
860 1922 878 1953 ι
904 1903 1136 1975 εἰρήσθω
1157 1919 1169 1933 ·
1200 1904 1283 1955 ἵνα
1328 1904 1387 1956 τὸ
1426 1902 1623 1956 τέλειον
1664 1903 1760 1972 τῆς
1798 1903 1858 1954 πί
1870 1931 1887 1940 -

343 2009 508 2055 στεως
555 1995 621 2046 ἐκ
655 1991 766 2044 τῶν
794 1991 923 2061 περὶ
962 1992 1194 2054 πίστεως
1239 1992 1612 2061 ἐξητασμένων
1660 1991 1890 2043 καταλά-

344 2082 520 2152 ϐωμεν
574 2084 709 2151 ἡμῖν
759 2080 1074 2150 δοθήσεσθαι
1128 2084 1184 2134 ἐν
1231 2084 1295 2151 τῇ
1333 2081 1539 2152 μεγάλῃ
1587 2084 1649 2133 ὲκ
1684 2080 1889 2150 νεκρῶν

348 2170 632 2225 ἀναστάσει
677 2170 771 2222 τοῦ
811 2171 1010 2234 παντὸς
1064 2170 1233 2238 Ἰησοῦ
1292 2169 1566 2239 σώματος,
1603 2169 1702 2239 τῆς
1733 2170 1890 2236 ἁγίας

358 2261 675 2331 Ἐκκλησίας
706 2259 894 2312 αὐτοῦ.
928 2260 1102 2329 Ὅπερ
1128 2260 1234 2328 γὰρ
1264 2258 1354 2311 ἐπὶ
1388 2258 1634 2325 γνώσεως
1657 2258 1884 2328 εἴρηται·

350 2367 367 2396 ι
391 2351 545 2419 Ἀρτι
595 2348 855 2415 γινώσκω
897 2350 962 2401 ἐκ
1007 2348 1220 2419 μέρους,
1250 2367 1269 2398 ι
1305 2348 1422 2400 τόδε
1463 2349 1554 2400 καὶ
1581 2347 1670 2400 ἐπὶ
1696 2347 1891 2409 παντὸς

344 2436 503 2489 καλοῦ
547 2437 839 2490 ἀκόλουθον
880 2432 1029 2506 οἶμαι
1062 2437 1268 2504 λέγειν·
1316 2436 1371 2488 ἓν
1416 2437 1472 2488 δὲ
1513 2435 1620 2489 τῶν
1659 2436 1888 2505 ἄλλωνή

347 2528 538 2589 πίστις.
567 2526 790 2597 Διόπερ,
829 2545 846 2575 ι
883 2527 1038 2596 Ἀρτι
1074 2545 1093 2576 ι
1123 2525 1393 2578 πιστεύω(
1430 2527 1493 2576 ἐκ
1522 2527 1733 2594 μέρους·
1765 2525 1889 2576 ὅταν

342 2612 398 2666 δὲ
421 2613 544 2685 ἔλθῃ
576 2615 638 2666 τὸ
679 2614 888 2666 τέλειον
928 2634 945 2665 ι
998 2615 1094 2683 τῆς
1145 2614 1404 2675 πίστεως,
1432 2630 1450 2663 ι
1498 2613 1557 2664 τὸ
1598 2614 1662 2665 ἐκ
1698 2612 1890 2682 μέρους

342 2703 876 2773 καταργηθήσεται,ι
929 2703 1028 2771 τῆς
1073 2701 1160 2754 διά
1215 2701 1383 2763 εἴδους
1435 2701 1665 2763 πίστεως
1714 2701 1890 2771 πολλῷ

341 2791 696 2864 διαφερούσης
727 2793 849 2861 τῆς,
878 2792 944 2843 ἶν’
966 2790 1134 2853 οὕτως
1159 2789 1315 2854 εἴπω,
1340 2790 1405 2843 δι’
1437 2791 1691 2861 ἐσόπτρου
1714 2792 1809 2844 καὶ
1834 2793 1889 2844 ἐν

341 2881 640 2952 αἰνίγματι,
663 2882 869 2951 ὁμοίως
894 2884 960 2951 τῇ
995 2879 1088 2933 νῦν
1127 2878 1341 2947 γνώσει,
1364 2880 1613 2942 πίστεως.

1993 1806 2132 1857 eiiim
2163 1820 2177 1857 :
2216 1822 2233 1855 ι
2264 1806 2422 1873 Aperi
2447 1805 2647 1869 oculos,
2678 1816 2730 1860 et
2765 1810 2997 1875 repleare
3023 1810 3245 1877 panibus
3275 1811 3317 1863 ’⁵.
3358 1829 3376 1859 ι
3420 1810 3522 1864 Sed

1992 1894 2245 1948 hactenus
2281 1894 2347 1948 de
2374 1906 2437 1948 eo
2458 1933 2474 1959 ,
2505 1896 2644 1963 quod
2674 1896 2866 1949 dicitur
2894 1915 2908 1953 :
2947 1918 2964 1948 ι
2999 1898 3350 1953 Crediderunt
3376 1899 3525 1955 Scri-

1966 1990 2157 2047 .pturae
2181 2020 2197 2041 .
2228 1992 2279 2034 et
2326 1983 2561 2036 sermoni
2592 1999 2748 2051 quem
2780 1986 2912 2038 dixit
2949 1983 3102 2039 Jesus
3132 1986 3173 2050 ⁸,
3208 2004 3227 2036 ι
3266 1995 3323 2040 ιιι
3347 2001 3413 2040 ex
3445 1989 3527 2042 his

1994 2085 2109 2137 qua:
2139 2072 2201 2124 de
2244 2057 2346 2125 ii'de
2375 2074 2763 2140 exquisivimus
2789 2116 2802 2139 ,
2836 2075 3215 2142 perfectionem
3248 2077 3369 2131 ﬁdei
3412 2080 3526 2133 dari

1995 2160 2148 2213 nobis
2205 2161 2725 2227 comprehendamus
2778 2166 2828 2217 in
2889 2180 3080 2233 magna
3140 2169 3528 2221 resurrectione

1998 2251 2160 2302 totius
2199 2252 2437 2319 corporis
2471 2251 2690 2317 Christi,
2744 2271 2933 2325 nempe
2981 2267 3179 2310 saneta:
3225 2259 3390 2324 ipsius
3428 2258 3527 2310 Ec-

1995 2335 2190 2390 clesiae.
2247 2336 2378 2389 Nam
2443 2340 2580 2404 quod
2635 2341 2702 2393 de
2758 2343 3058 2410 cognitione
3112 2353 3196 2397 est
3263 2344 3463 2397 dictum
3510 2361 3526 2399 :

1999 2441 2018 2473 ι
2052 2425 2202 2478 Nunc
2231 2441 2493 2493 cognosco
2521 2442 2587 2480 ex
2616 2438 2766 2495 parte
2792 2430 2835 2494 ⁷,
2868 2450 2886 2481 ι
2920 2431 2970 2484 id
3010 2433 3172 2484 etiam
3200 2448 3532 2503 consequen-

1997 2518 2075 2567 ter
2105 2517 2172 2570 de
2199 2516 2387 2584 quovis
2421 2518 2560 2570 bono
2577 2518 2679 2571 dici
2713 2518 2968 2584 arbitror,
2998 2537 3224 2590 quorum
3252 2539 3414 2577 unum
3446 2534 3531 2579 est.

1993 2607 2152 2659 etiam
2184 2608 2334 2660 fides.
2385 2607 2764 2673 Quamobrem,
2808 2612 2968 2663 credo
3004 2629 3021 2660 ι
3057 2626 3196 2664 ιιυιιο
3233 2628 3296 2665 ex
3331 2622 3480 2681 parte
3512 2630 3526 2666 :

1995 2711 2115 2749 cum
2170 2710 2300 2750 vero
2347 2699 2551 2750 venerit
2602 2698 2856 2767 perfectio
2892 2717 2911 2749 ι
2948 2700 3067 2755 fidei
3097 2739 3110 2764 ,
3160 2719 3178 2752 ι
3222 2704 3529 2757 destruetur

1994 2783 2135 2853 quod
2180 2801 2242 2840 ex
2281 2795 2434 2854 parte
2471 2796 2553 2842 est
2579 2789 2634 2853 ⁸;
2674 2807 2693 2839 ι
2730 2790 2830 2844 [ide
2887 2805 2947 2842 ea
3003 2804 3120 2857 qure
3171 2808 3268 2860 per
3304 2793 3530 2848 formam

1993 2873 2258 2936 subsistit,
2288 2873 2445 2942 longe
2489 2876 2824 2943 praecellentia
2856 2872 2944 2930 illa
2984 2877 3088 2932 fide
3116 2894 3234 2947 quae
3284 2897 3379 2949 per
3405 2898 3531 2951 spc-

1994 2962 2195 3029 culum,
2227 2972 2286 3016 ut
2316 2963 2389 3016 ita
2415 2964 2625 3032 loquar,
2649 2976 2752 3028 est,
2791 2968 2909 3021 etin
2946 2970 3226 3035 aenigmate
3242 2971 3282 3031 °,
3313 2971 3533 3037 perinde

1892 3032 1959 3098 VC
1993 3059 2153 3119 atque
2183 3065 2420 3119 praasens
2447 3056 2702 3123 cognitio.

411 3147 499 3202 28.
534 3166 553 3199 ι
579 3147 664 3209 Ὡς
682 3146 738 3198 δὲ
769 3142 837 3215 ἦν
873 3147 929 3197 ἐν
962 3148 1072 3207 τοῖς
1099 3146 1162 3197 Ἰε
1174 3145 1480 3217 ροσολύμοις
1508 3147 1563 3197 ἐν
1588 3145 1663 3214 τῷ
1687 3144 1894 3215 Πάσχα,

345 3239 483 3308 ἐντῇ
512 3239 697 3308 ἐορτῇ,
748 3235 929 3288 πολλοὶ
970 3236 1289 3286 ἐπίστευσαν
1316 3237 1394 3296 εἰς
1422 3232 1481 3285 τὸ
1513 3233 1678 3302 ὄνομα
1710 3233 1894 3297 αὐτοῦ,

347 3326 671 3399 θεωροῦντες
714 3325 878 3380 αὑτοῦ
914 3325 982 3379 τὰ
1021 3328 1255 3395 σημεῖα,
1288 3323 1322 3376 δι
1354 3324 1540 3376 ἐποίει.
1580 3322 1750 3384 Ᾱύτὸς
1781 3322 1839 3376 δὲ
1870 3326 1898 3376 6

359 3415 558 3487 Ἰησοῦς
586 3416 687 3468 οὐκ
723 3414 1038 3467 ἐπίστευσεν
1080 3414 1238 3466 αὑτὸν
1290 3413 1469 3475 αὐτοῖς
1521 3408 1607 3463 διὰ
1649 3411 1709 3463 τὸ
1738 3410 1897 3465 αὐτὸν

349 3504 629 3573 γινώσκειν
659 3504 868 3566 πάντας
888 3541 903 3565 ,
955 3502 1047 3555 καὶ
1084 3502 1167 3554 ὃτι
1196 3503 1256 3553 ού
1294 3501 1477 3570 χρείαν
1505 3499 1665 3569 εἶχεν,
1700 3501 1785 3553 ἵνα
1816 3518 1897 3563 τις

352 3594 671 3663 μαρτυρήσῃ
701 3594 829 3661 περὶ
860 3589 1163 3660 ἀνθρώπου.
1197 3589 1362 3651 Αὐτὸς
1411 3588 1516 3659 γὰρ
1562 3590 1816 3656 ἐγίνωσκε
1845 3589 1896 3640 τί

353 3679 418 3754 ἦν
446 3685 502 3735 ἐν
529 3683 605 3751 τῷ
637 3680 907 3751 ἀνθρώπῳ
940 3679 1070 3747 (68).
1110 3697 1128 3728 ι
1177 3678 1411 3746 Ζητήσαι
1437 3693 1518 3739 τις
1548 3675 1612 3728 ἂν
1645 3674 1759 3737 πῶς
1789 3677 1899 3737 τοῖς

359 3770 858 3842 μεμαρτυρημένοις
905 3768 1212 3829 πιστεύειν,
1258 3765 1442 3816 ἑαυτὸν
1489 3763 1588 3815 οὐκ
1622 3762 1899 3813 ἐπίστευεν

357 3860 457 3930 (69)
482 3862 510 3913 6
545 3858 775 3929 Ἰησοῦς.
804 3856 1033 3909 Λεκτέον
1058 3855 1114 3907 δὲ
1144 3854 1276 3923 πρὸς
1306 3853 1477 3917 τοῦτο,
1525 3853 1604 3905 ὅτι
1647 3852 1766 3920 ούχὶ
1791 3853 1900 3914 τοῖς

355 3950 694 4001 πιστεύουσιν
724 3947 802 4007 εἰς
831 3944 991 3999 αὐτὸν
1020 3943 1080 3995 ού
1114 3941 1353 3994 πιστεύει
1388 3943 1572 3993 ἐαυτὸν
1611 3943 1637 3989 6
1676 3939 1897 4009 Ἰησοῦς,

355 4038 482 4090 ἀλλὰ
526 4040 641 4099 τοῖς
695 4033 1038 4087 πιστεύουσιν
1062 4034 1140 4092 είς
1177 4030 1237 4081 τὸ
1261 4031 1425 4099 ὄνομα
1448 4028 1628 4083 αὐτοῦ·
1660 4028 1900 4098 διαφέρει

351 4128 456 4196 γὰρ
483 4126 575 4179 τοῦ
624 4124 896 4178 πιστεύειν
942 4125 1021 4184 είς
1053 4121 1212 4174 αὐτὸν
1238 4121 1299 4171 τὸ
1332 4119 1596 4172 πιστεύειν
1627 4120 1704 4181 είς
1734 4119 1900 4187 ὄνομα

354 4217 531 4270 αὐτοῦ.
576 4216 637 4270 '0
662 4214 792 4282 γοῦν
824 4214 912 4266 διὰ
945 4212 1125 4263 πίστιν
1169 4210 1241 4280 μὴ
1270 4211 1652 4280 κριθησόμενος
1701 4210 1776 4278 τῷ
1824 4211 1902 4272 είς

356 4304 506 4357 αὑτὸν
559 4301 835 4356 πιστεύειν
874 4301 934 4352 ού
981 4299 1241 4370 κρίνεται,
1273 4300 1390 4367 οὐχὶ
1430 4299 1484 4351 δὲ
1521 4300 1601 4360 είς
1639 4298 1698 4349 τὸ
1736 4297 1903 4367 ὄνομα

353 4393 528 4448 αὐτοῦ⁸
563 4393 697 4462 φησι
724 4391 831 4460 γὰρ
852 4391 880 4441 ό
912 4389 1141 4458 Κύριος·
1174 4408 1191 4436 ι
1229 4390 1286 4439 '0
1320 4388 1579 4440 πιστεύων
1610 4389 1688 4450 εἰς
1714 4388 1811 4457 ἐμὲ
1837 4387 1896 4439 ού

355 4480 621 4550 κρίνεται’
663 4498 681 4529 ι
715 4478 833 4546 οὐχ).
861 4477 937 4539 δὲ,
977 4476 1036 4528 Ὀ
1065 4476 1328 4529 πιστεύων
1371 4478 1446 4538 είς
1482 4476 1540 4527 τὸ
1586 4475 1752 4545 ὄνομα
1797 4492 1895 4544 μου

354 4568 412 4619 ού
441 4570 714 4638 κρίνεται·
761 4569 939 4621 οὐκέτι
987 4568 1043 4620 δέ
1075 4582 1255 4635 φησιν,
1302 4566 1357 4617 Ὀ
1397 4563 1658 4617 πιστεύων
1692 4566 1771 4626 είς
1802 4565 1897 4633 ἐμὲ

354 4656 448 4728 ήδη
482 4659 762 4729 κέκριται’
806 4659 945 4727 τάχα
992 4656 1100 4726 γὰρ
1126 4658 1154 4707 6
1187 4655 1449 4707 πιστεύων
1496 4657 1575 4716 είς
1618 4655 1678 4707 τὸ
1732 4655 1897 4724 ὄνομα

356 4747 511 4799 αὐτοῦ
544 4746 792 4799 πιστεύει
824 4748 941 4816 μὲν,
974 4747 1162 4814 διόπερ
1194 4746 1291 4795 οὐκ
1326 4743 1469 4795 ἔστιν
1507 4742 1652 4807 ἄξιος
1677 4742 1777 4812 ήδη
1811 4759 1899 4795 κε-

357 4836 588 4905 κρίσθαι,
619 4834 857 4886 ἐλάττων
884 4833 993 4903 (70)
1040 4834 1100 4885 δέ
1136 4834 1249 4882 ἐστι
1296 4831 1386 4883 τοῦ
1443 4830 1778 4893 πιστεύοντος
1823 4834 1900 4896 είς

358 4924 530 4977 αὐτόν.
575 4926 676 4978 Διὰ
708 4922 864 4974 τοῦτο
900 4924 978 4993 τῷ
1012 4916 1313 4973 πιστεύοντι
1345 4920 1424 4983 είς
1451 4918 1511 4971 τὸ
1541 4919 1707 4987 ὄνομα
1738 4920 1897 4972 αὐτοῦ

357 5011 538 5065 ἑαυτὸν
568 5015 630 5067 ού
681 5013 924 5067 πιστεύει
956 5014 985 5064 6
1027 5006 1250 5078 Ἰησοῦς.
1283 5007 1450 5060 Αὐτοῦ
1502 5006 1675 5059 τοίνυν
1705 5008 1898 5076 μᾶλλον

426 5152 441 5177 ³
470 5149 652 5204 Matth.
684 5163 804 5208 xm,
836 5147 922 5200 16.
1042 5145 1064 5173 ³
1085 5142 1212 5194 ibid.
1238 5140 1325 5196 24.

358 5213 377 5242 ⁷
411 5214 575 5271 lCOI'.
609 5233 731 5280 xm,
762 5218 848 5270 12.
944 5214 965 5245 ⁸
1001 5210 1132 5263 ibid.
1169 5210 1252 5263 10.
1326 5211 1348 5243 ⁹
1375 5211 1508 5265 ibid.
1537 5210 1624 5262 12.

425 5326 531 5406 (Ψ)
582 5325 796 5393 Ἰησοῦ.
861 5322 954 5376 Sic
1024 5317 1191 5371 codex
1247 5317 1609 5381 Budleianus;
1668 5318 1897 5388 Regius,

358 5393 531 5530 éefgé)
581 5462 676 5514 Ἐν
731 5458 812 5530 τῷ
857 5450 1566 5530 ᾀνθρώπῳαηῡθεξιίεινιιιιιι*
1611 5452 1662 5504 in
1715 5455 1897 5510 codice

361 5517 537 5598 ne‘gio',
563 5532 655 5584 sed
689 5517 991 5580 resiituitur
1016 5531 1047 5568 e
1074 5517 1251 5570 codice
1283 5519 1599 5574 Bodleiano.

613 5608 1031 5689 Pancratium
1069 5602 1220 5670 XIV.

1422 5143 1443 5174 ³
1476 5141 1627 5197 Juan.
1662 5156 1752 5204 xx.
1779 5143 1865 5196 29.
1906 5164 1929 5187 ς
1961 5147 1983 5176 δ
2012 5144 2139 5198 Luc.
2172 5160 2233 5208 ιι,
2263 5144 2354 5209 29,
2386 5144 2472 5198 '50.

1720 5212 1761 5242 ¹⁰
1788 5211 1944 5266 Joan.
1979 5229 2035 5276 ιι,
2060 5214 2129 5265 25
2163 5228 2276 5281 seq.

2060 3140 2152 3195 28.
2188 3158 2206 3189 ι
2246 3140 2378 3194 Cum
2409 3152 2584 3195 autem
2614 3153 2755 3195 esset
2801 3143 3150 3211 Jerosoiymis
3197 3146 3249 3196 in
3302 3145 3526 3210 Pascha,

1996 3228 2049 3281 in
2096 3228 2185 3283 die
2216 3230 2372 3293 festo,
2404 3231 2553 3284 multi
2586 3232 2928 3285 crediderunt
2961 3234 3011 3285 in
3040 3235 3251 3289 nomine
3278 3236 3418 3304 ejus,
3450 3251 3530 3289 v.-

1996 3319 2183 3373 dentes
2230 3319 2398 3387 ipsius
2448 3319 2594 3387 signa
2625 3335 2743 3389 quae
2772 3321 3023 3375 faciebat.
3072 3323 3187 3390 Ipse
3224 3339 3347 3379 vero
3373 3323 3533 3380 Jesus

1996 3423 2102 3461 non
2133 3409 2382 3463 credebat
2405 3410 2637 3477 seipsuin
2676 3411 2800 3472 illis,
2829 3425 2893 3465 eo
2927 3412 3066 3479 quod
3103 3413 3214 3480 ipse
3245 3429 3530 3485 cognosce-

1997 3509 2078 3551 ret
2117 3512 2326 3564 omnes,
2371 3514 2467 3553 nec
2494 3513 2628 3568 opus
2666 3503 2889 3556 haberet
2922 3512 2979 3555 ut
3007 3504 3384 3559 testificaretur
3410 3507 3532 3574 quis

1996 3587 2065 3643 de
2095 3589 2330 3644 homine.
2376 3590 2493 3658 lpse
2525 3592 2669 3643 enim
2695 3593 2897 3645 sciebat
2926 3594 3053 3660 quid
3097 3602 3240 3649 esset
3269 3595 3321 3647 in
3353 3596 3498 3649 hami
3520 3623 3537 3640 ς

1998 3695 2063 3732 ne
2088 3679 2150 3732 ¹⁰.
2190 3699 2210 3729 ι
2269 3680 2482 3744 Quaerat
2538 3680 2730 3748 aliquis
2776 3681 2936 3749 210
2983 3685 3249 3750 quomodo
3295 3687 3531 3752 seipsqu

2000 3784 2104 3821 non
2151 3768 2397 3822 crederet
2421 3766 2578 3821 Jesus
2624 3767 2712 3820 his
2736 3768 2800 3822 de
2828 3769 3021 3834 quibus
3055 3776 3306 3851 testatum
3362 3769 3536 3822 fuerat

1998 3860 2137 3927 quod
2172 3859 2454 3912 crederent
2488 3873 2501 3911 :
2537 3859 2600 3910 ad
2652 3858 2793 3924 quod
2837 3858 3121 3912 dicendum
3149 3867 3250 3922 est,
3295 3873 3400 3913 non
3447 3860 3534 3913 his

1999 3950 2088 4017 qui
2117 3949 2347 4003 credunt
2401 3949 2452 3999 in
2510 3947 2682 4014 ipsum
2719 3963 2823 4001 non
2851 3962 2910 4001 se
2938 3949 3158 4017 credere
3200 3946 3402 4012 Jesum.
3437 3949 3535 4002 sed

2002 4039 2084 4095 his
2112 4039 2200 4107 qui
2227 4041 2452 4107 credunt
2481 4039 2533 4089 in
2566 4038 2783 4092 nomine
2828 4037 2962 4105 ejus.
3000 4037 3188 4092 Differt
3215 4039 3362 4093 enim
3405 4052 3530 4093 cre-

2000 4128 2127 4181 dere
2157 4127 2208 4180 in
2244 4127 2439 4195 ipsum,
2465 4125 2532 4179 ab
2566 4139 2631 4180 eo
2660 4127 2801 4195 quod
2835 4137 2918 4180 est
2955 4129 3174 4181 credere
3209 4128 3261 4181 in
3319 4130 3537 4184 nomine

2004 4216 2194 4282 ipsius.
2244 4211 2431 4280 Itaque
2482 4213 2573 4281 qui
2621 4228 2716 4282 per
2745 4214 2901 4267 fidem
2950 4226 3057 4271 non
3088 4226 3171 4269 est
3197 4216 3533 4283 iudicandus.

2005 4318 2109 4356 non
2134 4302 2402 4369 iudicatur
2429 4316 2492 4357 eo
2517 4306 2658 4371 quod
2686 4305 2869 4359 credat
2896 4304 2947 4357 in
2984 4304 3179 4375 ipsum,
3215 4322 3322 4361 non
3358 4318 3534 4362 autem
3560 4360 3571 4368 ,

2003 4407 2066 4445 eo
2092 4393 2233 4459 quod
2266 4393 2449 4447 credat
2478 4392 2531 4445 in
2567 4394 2783 4446 nomine
2824 4393 3012 4460 ipsius.
3052 4394 3225 4462 lnquit
3250 4398 3395 4449 enim
3432 4398 3539 4452 Do-

2006 4482 2178 4535 minus
2211 4500 2224 4535 :
2269 4504 2285 4532 ι
2320 4482 2420 4547 Qui
2457 4484 2628 4537 credit
2664 4485 2717 4536 in
2746 4498 2851 4548 me,
2886 4501 2990 4537 non
3016 4484 3286 4551 judicatur
3315 4489 3391 4551 “;
3433 4507 3452 4539 ι
3484 4498 3539 4541 at

2006 4586 2110 4623 non
2139 4571 2265 4625 item
2287 4609 2302 4634 ,
2327 4573 2416 4640 qui
2448 4575 2617 4627 credit
2647 4575 2699 4627 in
2728 4575 2943 4628 nomine
2972 4590 3092 4629 meo
3124 4592 3226 4629 nou
3246 4576 3534 4642 iudicatur.

2004 4659 2114 4715 Nec
2143 4669 2319 4719 tamen
2353 4662 2543 4733 inquit,
2572 4664 2675 4731 Qui
2703 4665 2873 4719 credit
2905 4665 2957 4718 in
2989 4680 3092 4729 tne,
3123 4667 3234 4734 jam
3266 4666 3538 4734 judicatus

2006 4757 2106 4803 est.
2150 4749 2417 4804 Fortassis
2464 4752 2607 4804 enim
2642 4752 2731 4818 qui
2780 4752 2954 4806 credit
3002 4753 3055 4806 in
3106 4753 3322 4806 nomine
3348 4752 3533 4820 ipsius,

2002 4838 2171 4892 credit
2200 4839 2435 4906 quidem,
2479 4854 2648 4907 quare
2692 4841 2938 4909 indignus
2967 4850 3050 4895 est
3073 4841 3164 4908 qui
3192 4841 3301 4908 jam
3319 4839 3533 4907 judica-

2005 4937 2087 4982 tus
2112 4927 2313 4990 sit,sed
2343 4929 2516 4983 minor
2542 4944 2606 4982 eo
2638 4937 2720 4983 est
2741 4930 2831 4996 qui
2860 4930 3030 4982 credit
3059 4928 3110 4983 in
3146 4928 3336 4994 ipsum.
3365 4929 3532 4994 Quam

2001 5017 2069 5071 ob
2094 5031 2310 5071 causam
2344 5018 2586 5071 credenti
2611 5017 2665 5070 in
2693 5018 2908 5070 nomine
2942 5018 3112 5084 ipsius
3135 5017 3372 5083 seipsum
3424 5032 3531 5070 non

2568 5144 2590 5177 ⁸
2614 5143 2763 5199 Prov.
2793 5159 2883 5206 xx,
2915 5144 3001 5197 15.
3096 5143 3117 5174 ⁸
3148 5142 3305 5197 Joan.
3338 5158 3401 5208 ιι,
3437 5144 3528 5199 2‘3.

2354 5214 2403 5243 “'
2431 5214 2583 5267 Joan.
2621 5228 2701 5274 ιιι,
2732 5212 2817 5264 18.

2071 5322 2181 5389 (69)
2218 5321 2395 5376 Codex
2429 5321 2642 5391 Regius,
2675 5321 2942 5374 πιστεύειν
2974 5322 3059 5372 ἐπ’
3083 5321 3262 5385 αὐτὸν,
3288 5322 3388 5377 οὐκ
3415 5323 3533 5380 ἐπι-

2004 5406 2356 5527 στῖέίδῗνίόεηι
2381 5457 2545 5512 codex
2581 5457 2794 5525 Regius,
2832 5471 3134 5526 perperam,
3161 5453 3405 5516 ἔλαττον.

3224 5608 3299 5667 13
