3828 6204
384 319 489 373 395

1784 314 2101 371 ORICENlS
2172 310 2183 319 ’

3491 298 3596 372 sos

388 430 752 487 credithsus.
786 428 957 497 lpSum
993 429 1172 497 igitur,
1215 431 1392 499 potius
1414 444 1573 501 quam
1601 447 1755 487 suum
1815 449 1909 489 no;

2017 433 2049 502 ἢ
2084 431 2173 484 τοῦ
2205 432 2462 502 ὀνόματος
2487 407 2895 503 αὐτοῦ’ἔχεσθαι
2923 434 3027 498 δεῖ,
3057 432 3150 485 ἴνα
3205 430 3306 500 μὴ,
3355 432 3439 503 τῷ
3484 429 3596 483 ὀνό-

388 537 508 577 men
552 522 838 576 habeamus
866 534 1084 575 necesse
1110 530 1213 585 est,
1249 536 1316 576 ne
1346 523 1397 576 in
1426 524 1639 579 nomine
1664 524 1780 593 ejus
1804 525 1913 578 vir-

387 619 528 665 totes
561 609 819 664 facientes
847 610 1129 664 audiamus
1158 624 1275 678 quae
1308 612 1373 665 ab
1417 612 1536 681 ipso
1564 615 1704 669 dicta
1737 615 1916 671 audie-

388 710 509 753 runt
539 700 629 767 qui
674 699 1037 767 gloriabantur
1064 700 1118 753 in
1152 700 1366 753 nomine
1395 701 1580 769 ipsius,
1628 705 1719 757 sed
1745 705 1914 757 couti-

387 790 575 841 damus
606 788 903 841 imitatores
936 786 1061 841 iacti
1085 786 1232 841 Pauli
1258 790 1439 844 dicere
1466 807 1480 846 :
1522 808 1541 842 ι
1579 791 1766 847 Omnia
1795 808 1916 860 pos-
1948 845 1958 853 ,

387 893 501 930 sum
548 878 601 930 in
653 873 776 932 Jesu
824 876 1035 932 Christo
1066 890 1150 930 me
1181 880 1568 936 corroboranle
1604 885 1667 937 ι’.
1707 901 1727 935 ι
1782 883 1912 937 Illud

382 976 554 1019 autem
585 967 974 1022 observandum
1003 978 1084 1022 est
1108 1009 1123 1034 ,
1152 971 1291 1037 quod
1330 972 1574 1039 superius
1599 973 1809 1041 quidem
1841 975 1917 1028 di-

380 1067 470 1111 cat
505 1057 548 1089 ¹³
579 1072 739 1126 prope
763 1071 883 1112 esse
924 1057 1125 1113 Pascha
1155 1057 1486 1124 Judmorum,
1520 1062 1608 1115 hic
1642 1076 1766 1117 vero
1806 1078 1911 1116 non

381 1151 433 1202 iu
461 1147 722 1204 Paschate
745 1147 1070 1213 Judmorum,
1092 1148 1183 1204 sed
1201 1149 1254 1204 in
1286 1148 1548 1207 Paschate
1572 1150 1914 1222 Jerosolymis

381 1247 497 1294 erat
544 1243 698 1293 Jesus
735 1237 813 1301 ἰς
860 1248 913 1291 et
944 1238 1051 1291 illic
1077 1240 1291 1307 quidem
1348 1241 1564 1309 quando
1613 1240 1910 1296 Iudaeorum

384 1332 580 1386 dicitur
601 1328 832 1393 Pascha,
861 1342 963 1382 non
992 1331 1190 1383 dictum
1218 1339 1295 1384 est
1329 1331 1443 1385 dies
1469 1331 1653 1396 festus,
1677 1333 1762 1386 hic
1787 1347 1912 1386 vero

381 1421 638 1489 scriptum
673 1418 835 1471 fuisse
861 1415 1040 1471 Jesum
1071 1432 1189 1473 esse
1223 1419 1277 1472 in
1309 1419 1393 1473 die
1430 1419 1566 1476 festo
1597 1438 1613 1477 :
1643 1419 1912 1491 Jerosoly-

382 1508 486 1563 mis
510 1508 648 1563 enim
678 1509 939 1562 exsistens
967 1506 1210 1563 Christus
1246 1507 1297 1561 in
1335 1508 1595 1563 Paschate
1627 1517 1742 1564 erat
1771 1517 1825 1563 et
1857 1510 1908 1562 in

380 1600 466 1653 die
520 1599 696 1665 festo,
738 1597 916 1652 multis
972 1598 1319 1653 credentibus
1378 1598 1539 1651 etiam
1594 1598 1645 1651 in
1699 1599 1910 1653 nomine

377 1688 565 1757 ipsius.
597 1688 673 1741 Ac
704 1688 946 1756 profecto
980 1687 1109 1741 illud
1160 1686 1323 1741 etiam
1370 1688 1764 1742 observandum
1806 1695 1906 1752 est,

2023 538 2149 589 ματι
2191 521 2352 574 αὐτοῦ
2400 523 2649 593 δυνάμεις
2680 521 2979 588 ποιοῦντες,
3014 520 3349 589 ἀκούσωμεν
3392 520 3465 572 τά
3507 522 3600 573 ἐπὶ

2016 608 2094 678 τῷ
2151 610 2368 679 ὀνόματι
2425 610 2568 679 μόνῳ
2610 613 3041 682 καυχησαμένων
3078 607 3249 662 αὑτοῦ
3284 609 3556 678 εἰρημένα
3581 626 3597 640 ⁶

2018 696 2150 751 ἀλλὰ
2194 697 2547 768 θαρρήσωμεν
2602 700 2830 769 μιμηταὶ
2888 699 2984 751 τοῦ
3056 697 3282 749 Παύλου
3325 698 3599 767 γινόμενοι

2018 789 2219 840 εἰπεῖν’
2258 806 2275 837 ι
2316 789 2497 841 Πάντα
2529 790 2692 856 ἰσχύω
2724 790 2780 841 ὲν
2808 787 2887 857 τῷ
2925 786 3323 856 ἐνδυναμοῦντί
3361 804 3430 856 με
3462 789 3599 858 Χρι-

2019 877 2126 947 στῷ
2170 879 2359 948 Ἰησοῦ.
2386 899 2404 930 ι
2442 879 2857 948 Παρατηρητέον
2891 879 2948 931 δὲ
2976 878 3072 930 καὶ
3114 877 3300 941 τοῦτο,
3336 879 3422 930 ὅτι
3459 879 3600 931 ἀνω-

2015 968 2156 1038 τέρω
2191 970 2285 1038 μὲν
2313 970 2477 1037 ἐγγύς
2503 986 2663 1038 φησιν
2688 964 2825 1020 εἶναι
2858 968 2918 1019 τὸ
2945 968 3142 1035 Πάσχα
3174 966 3291 1035 (71)
3315 965 3426 1018 τῶν
3464 967 3597 1019 Ἰου-

2014 1059 2195 1120 δαίων,
2225 1058 2407 1111 ὲνθάδε
2437 1059 2493 1111 δὲ
2525 1059 2624 1110 οὐκ
2665 1059 2720 1111 ὲν
2757 1058 2833 1126 τῷ
2872 1058 3066 1126 Πάσχα
3111 1057 3223 1109 τῶν
3280 1056 3555 1111 Ἰουδαίων
3579 1095 3597 1121 ,

2016 1148 2127 1202 ἀλλ’
2154 1149 2210 1199 ὲν
2239 1147 2315 1217 τῷ
2344 1148 2533 1217 Πάσχα
2569 1146 2955 1217 Ἰεροσολύμοις
2984 1142 3054 1214 ἦν
3087 1148 3116 1197 ὁ
3163 1145 3400 1215 Ἰησοῦς·
3440 1147 3600 1198 κὰκεῖ

2019 1231 2135 1301 μὲν,
2166 1232 2252 1283 ὅτε
2294 1233 2558 1284 Ἰουδαίων
2605 1232 2821 1299 λέγεται
2860 1232 2922 1283 τὸ
2961 1231 3160 1300 Πάσχα
3184 1271 3199 1293 ,
3235 1233 3343 1284 οὐκ
3380 1233 3598 1303 εἴρηται

2016 1322 2206 1391 ἑορτή·
2238 1321 2420 1373 ἐνθάδε
2449 1322 2505 1373 δὲ
2537 1324 2564 1373 ὁ
2600 1320 2804 1391 Ἰησοῦς
2851 1320 3274 1390 ἀναγέγραπται
3342 1316 3483 1374 εἶναι
3538 1323 3597 1374 ὲν

2013 1413 2076 1479 τῇ
2116 1412 2308 1480 ἑορτῇ*
2362 1412 2421 1463 ὲν
2451 1412 2562 1473 τοῖς
2625 1409 3016 1479 Ἰεροσολύμοις
3054 1409 3166 1479 γὰρ
3199 1410 3493 1478 τυγχάνων
3537 1412 3596 1463 ὲν

2014 1503 2202 1572 Πάσχα
2228 1504 2319 1555 καὶ
2342 1504 2497 1574 ἑορτῇ
2521 1500 2609 1574 ἦν,
2641 1503 2850 1556 πολλῶν
2880 1503 3252 1557 πιστευόντων
3291 1503 3397 1556 κᾶν
3423 1506 3504 1566 είς
3535 1504 3596 1556 τὸ

2012 1591 2177 1662 ὄνομα
2210 1593 2390 1647 αὐτοῦ.
2423 1594 2531 1646 Καὶ
2560 1594 2977 1663 παρατηρητέον
3005 1610 3071 1661 γε
3092 1632 3108 1658 ,
3155 1594 3240 1646 ὅτι
3274 1592 3467 1645 πολλοὶ
3494 1593 3595 1645 οὐκ

2012 1684 2090 1743 είς
2117 1681 2294 1744 αὑτὸν,
2314 1681 2423 1733 ἀλλ’
2448 1681 2526 1743 είς
2548 1681 2607 1733 τὸ
2626 1681 2793 1751 ὄνομα
2819 1680 2983 1733 αὐτοῦ
3012 1680 3300 1733 πιστεύειν
3321 1679 3594 1747 λέγονται.

379 1778 575 1832 multos
603 1778 705 1832 dici
739 1778 956 1832 credere
986 1792 1091 1831 non
1124 1776 1177 1830 in
1227 1777 1398 1846 ipsum
1431 1818 1447 1844 ,
1483 1778 1576 1832 sed
1608 1778 1662 1831 in
1697 1778 1909 1832 nomine

2013 1772 2071 1822 0i
2099 1770 2155 1821 δὲ
2192 1771 2269 1833 είς
2296 1770 2454 1822 αὑτὸν
2482 1770 2829 1833 πιστεύοντες
2875 1773 2959 1833 είς
2986 1770 3087 1841 τὴν
3145 1771 3346 1841 στενήν
3380 1770 3474 1823 καὶ
3507 1786 3595 1823 τε-

378 1867 565 1935 ipsius.
620 1866 716 1932 Qui
752 1880 877 1920 vero
919 1866 970 1919 in
1010 1865 1158 1919 illum
1215 1867 1477 1930 credunt,
1529 1866 1582 1919 hi
1640 1875 1765 1920 sunt
1818 1868 1906 1935 qui

377 1954 652 2009 ambulant
686 1969 779 2023 per
803 1956 939 2007 viam
971 1963 1172 2008 arctam
1217 1962 1377 2023 atque
1405 1961 1681 2022 angustam
1712 1955 1909 2008 ducen-

377 2055 482 2098 tem
514 2044 578 2098 ad
607 2046 789 2109 vitam,
827 2058 945 2111 qua:
970 2058 997 2096 a
1025 2042 1532 2111 quampaucissimis
1559 2042 1904 2097 invenitur".

378 2132 521 2187 Fieri
551 2142 781 2186 attamen
808 2140 980 2201 potest
1012 2140 1071 2185 ut
1104 2130 1255 2184 multi
1287 2146 1352 2184 ex
1381 2131 1462 2184 his
1495 2131 1587 2199 qui
1611 2133 1663 2185 in
1694 2131 1909 2186 nomine

376 2219 545 2287 ipsius
578 2220 822 2284 credunt,
866 2220 1179 2274 recumbaut
1199 2232 1319 2273 cum
1340 2216 1634 2284 Abraham,
1654 2227 1708 2274 et
1734 2219 1906 2286 lsaac,

376 2308 614 2363 etJacob
655 2309 707 2362 iu
738 2322 902 2377 regno
932 2307 1223 2374 ccelorum;
1258 2307 1511 2375 quoniam
1564 2326 1584 2360 ι
1637 2308 1786 2362 multi
1840 2311 1909 2365 ab

377 2399 595 2453 Oriente
619 2406 674 2450 et
703 2395 991 2450 Occidente
1035 2396 1268 2459 venient,
1324 2406 1377 2450 et
1425 2396 1737 2451 recumbent
1786 2413 1906 2453 cum

377 2489 668 2552 Abraham,
694 2495 744 2540 et
772 2485 941 2547 Isaac,
966 2494 1019 2538 et
1039 2482 1203 2539 Jacob
1224 2484 1277 2538 in
1310 2499 1474 2553 regno
1502 2486 1754 2540 calorum
1782 2487 1845 2551 “,
1882 2506 1901 2540 ι

376 2590 495 2644 qum
523 2577 711 2630 domus
737 2583 821 2628 est
859 2572 1060 2635 Patris,
1113 2574 1165 2627 in
1219 2589 1323 2642 qua
1370 2575 1678 2628 mansiones
1730 2575 1909 2629 multa:

376 2671 499 2716 sunt
536 2663 597 2716 ".
633 2661 806 2729 Atque
835 2662 994 2714 etiam
1031 2661 1130 2713 boc
1159 2660 1549 2714 observandum
1580 2669 1684 2723 est,
1714 2661 1908 2716 multos

376 2753 662 2805 credentes
709 2752 760 2801 iu
801 2748 1017 2802 nomine
1066 2748 1271 2816 ipsius,
1325 2763 1427 2802 non
1463 2749 1906 2817 quemadmodum

375 2843 638 2901 Andreas,
686 2848 738 2893 et
786 2836 998 2900 Petrus,
1055 2845 1108 2890 et
1158 2837 1476 2911 Nathanael,
1512 2847 1568 2892 et
1607 2838 1905 2909 Philippus,

376 2932 596 2986 credere
647 2929 710 2993 "',
739 2928 832 2981 sed
884 2927 1188 2981 testimonio
1238 2925 1461 2982 Joannis
1508 2943 1696 2996 parere
1727 2929 1908 2984 dicen-

379 3021 446 3074 tis
469 3019 513 3051 "
543 3034 558 3072 :
593 3036 611 3069 ι
636 3016 773 3070 Ecce
798 3017 981 3084 Agnus
1014 3015 1102 3069 ille
1133 3014 1225 3068 Dei
1255 3031 1270 3080 ;
1305 3034 1324 3066 ι
1363 3015 1445 3069 vel
1478 3016 1693 3071 Christo
1714 3019 1780 3072 ab
1807 3018 1907 3071 An-

375 3112 503 3164 drea
531 3115 763 3177 reperto,
787 3105 870 3158 vel
899 3104 997 3173 ipsi
1024 3103 1147 3158 Jesu
1170 3104 1366 3159 dicenti
1393 3106 1460 3159 ad
1482 3105 1781 3176 Philippum
1810 3110 1854 3140 ¹⁰
1887 3123 1902 3161 :

381 3216 399 3247 ι
433 3196 674 3264 Sequere
721 3206 840 3257 me;
881 3209 901 3244 ι
933 3190 1015 3246 vel
1050 3190 1289 3260 Philippo
1319 3191 1516 3246 dicenti
1548 3193 1590 3224 ¹¹
1623 3209 1638 3250 :
1681 3212 1700 3244 ι
1735 3194 1903 3259 Quem

375 3283 593 3351 scripsit
637 3280 883 3349 Moyses,
922 3288 977 3333 et
1022 3279 1332 3348 prophetae,
1383 3278 1680 3336 invenimus
1721 3282 1903 3337 Jesum

377 3371 542 3424 ﬁlium
570 3367 762 3435 Joseph
790 3382 819 3420 a
850 3368 1010 3435 211
1035 3366 1320 3422 Nazareth.
1346 3386 1366 3419 ι
1395 3367 1457 3422 Hi
1488 3378 1663 3424 autem
1693 3388 1711 3421 ι
1742 3372 1909 3425 credi-

376 3461 574 3511 derunt
615 3457 668 3509 iu
697 3456 912 3509 nomine
944 3456 1081 3522 ejus,
1111 3455 1355 3510 videntes
1403 3457 1574 3525 ipsius
1602 3458 1753 3528 signa
1778 3475 1898 3528 qua:

378 3543 700 3608 faciebat";
730 3560 749 3594 ι
786 3550 943 3608 atque
970 3541 1121 3609 signa
1170 3542 1511 3597 credentibus
1562 3559 1667 3599 non
1722 3547 1773 3599 in
1823 3545 1905 3615 ip-

377 3649 520 3698 sum,
554 3632 645 3688 sed
682 3633 735 3687 in
776 3632 990 3687 nomine
1019 3631 1153 3699 ejus,
1183 3645 1288 3685 non
1330 3634 1581 3688 credebat
1631 3632 1784 3690 Jesus
1822 3650 1908 3690 se-

378 3727 550 3794 ipsum
577 3724 675 3787 eis,
732 3736 916 3777 omnes
951 3734 1268 3790 agnoscens,
1295 3730 1485 3783 etnon
1537 3738 1671 3792 opus
1698 3725 1907 3780 habens

376 3825 436 3869 ut
462 3815 582 3882 quis
639 3812 1010 3868 testificaretur
1065 3812 1131 3866 de
1178 3812 1413 3878 homine,
1450 3826 1513 3866 eo
1543 3814 1682 3881 quod
1740 3829 1906 3884 agno-

373 3911 550 3959 sceret
581 3900 881 3971 singulatim
940 3899 1065 3968 quid
1110 3908 1251 3955 esset
1320 3900 1374 3954 in
1428 3915 1746 3971 unoquoque
1806 3905 1907 3959 ho.

376 3997 538 4049 utine.

439 4085 528 4140 29.
578 4081 701 4136 llzec
736 4082 893 4135 verba
915 4121 929 4145 ,
960 4096 980 4129 ‹
1005 4095 1109 4133 non
1151 4094 1286 4148 Opus
1321 4080 1553 4135 habebat
1586 4089 1645 4134 ut
1680 4083 1800 4152 quis
1823 4091 1905 4138 te-

377 4174 703 4227 stiﬂcaretur
722 4171 788 4225 de
817 4169 1053 4231 homine,
1080 4184 1099 4216 ι
1120 4156 1416 4236 Opportune
1456 4169 1651 4222 utenda
1683 4179 1812 4223 sunt
1839 4171 1905 4225 ad

377 4260 853 4316 demonstrandum
895 4255 1036 4323 quod
1083 4251 1253 4311 Filius
1301 4256 1394 4310 Dei
1431 4270 1462 4309 a
1504 4258 1679 4326 seipse
1721 4259 1907 4316 videre

1933 3062 1975 3118 Ο

2008 1859 2301 1930 θλιμμένην
2332 1860 2468 1912 εἰσὶν
2496 1859 2790 1924 ὁδεύοντες,
2820 1862 3149 1929 ἀπάγουσαν
3180 1863 3262 1922 είς
3292 1862 3394 1933 τὴν
3423 1860 3589 1932 ζωὴν,

2006 1950 2126 2002 ὅσον
2149 1951 2251 2001 ὑπὸ
2264 1950 2370 2002 τῶν
2398 1951 2592 2019 ὀλίγων
2619 1952 3037 2023 εὑρισκομένην.
3069 1953 3313 2007 Δυνατὸν
3343 1952 3590 2023 μέντοιγε

2007 2040 2229 2103 πολλοὺς
2271 2040 2378 2093 τῶν
2426 2041 2504 2103 είς
2531 2041 2590 2092 τὸ
2617 2041 2787 2111 ὄνομα
2828 2043 2996 2094 αὑτοῦ
3046 2042 3421 2096 πιστευόντων
3461 2044 3591 2096 ἀνα-

2007 2131 2262 2202 κληθῆναι
2295 2129 2430 2199 μετά
2468 2130 2734 2200 Ἀϐραὰμ,
2768 2131 2863 2184 καὶ
2916 2130 3128 2194 Ἰσαὰκ,
3170 2132 3267 2185 καὶ
3306 2131 3503 2186 Ἰακὼό
3532 2134 3590 2185 ἑν

2005 2222 2069 2290 τῇ
2103 2219 2344 2289 βασιλείᾳ
2381 2219 2488 2271 τῶν
2533 2219 2804 2288 οὐρανῶνο
2848 2220 2972 2273 ἐπεὶ
3011 2239 3031 2271 ‹
3069 2221 3260 2274 πολλοὶ
3290 2221 3385 2274 ἀπ’
3433 2221 3590 2273 Ἀνα-

2006 2308 2164 2376 τολῆς
2224 2307 2318 2360 καὶ
2367 2307 2595 2377 Δυσμῶν
2662 2307 2851 2377 ἥξουσι
2874 2346 2889 2372 ,
2954 2309 3053 2362 καὶ
3128 2310 3588 2381 ἀνακλιθήσονται

2010 2397 2141 2467 μετὰ
2202 2396 2447 2468 Ἀϐραὰμ
2474 2436 2488 2459 ,
2538 2398 2631 2450 καὶ
2713 2399 2919 2463 Ἰσαὰκ,
2987 2400 3087 2453 καὶ
3155 2401 3356 2453 Ἰακὼὸ
3411 2403 3469 2454 ὲν
3519 2404 3586 2471 τῇ

2007 2486 2248 2556 βασιλείᾳ
2294 2487 2399 2539 τῶν
2427 2486 2690 2557 οὐρανῶν,
2721 2507 2739 2537 ι
2777 2489 3129 2562 τυγχανούσῃ
3161 2491 3314 2563 οἰκίᾳ
3337 2490 3434 2544 τοῦ
3476 2492 3587 2543 Πα-

2004 2575 2149 2644 τρὺς,
2189 2577 2246 2628 ἐν
2366 2576 2556 2629 πολλαὶ
2598 2577 2752 2646 μοναί
2799 2578 2925 2629 εἰσι.
2988 2579 3104 2633 Καὶ
3138 2579 3301 2633 τοῦτο
3331 2580 3389 2633 δὲ
3417 2597 3583 2651 τηρη-

2004 2662 2121 2715 τέον
2140 2702 2153 2725 ,
2191 2663 2271 2715 ὅτι
2326 2663 2526 2727 πολλοὶ,
2581 2664 2930 2729 πιστεύοντες
2963 2669 3047 2730 είς
3079 2669 3143 2721 τὸ
3175 2669 3350 2739 δνομα
3382 2668 3546 2723 αὑτοῦ
3566 2704 3587 2733 ,

2005 2749 2101 2818 οὐχ
2130 2750 2205 2812 ὡς
2243 2750 2510 2820 Ἀνδρέας,
2558 2751 2652 2803 καὶ
2697 2752 2939 2822 Πέτρος,
2993 2756 3092 2808 καὶ
3142 2756 3461 2828 Ναθαναήλ,
3496 2758 3589 2812 καὶ

2004 2838 2262 2899 Φίλιππος
2294 2841 2663 2894 πιστεύουσιν·
2709 2842 2846 2894 ἀλλὰ
2895 2846 2962 2914 τῇ
3012 2847 3299 2918 μαρτυρίᾳ
3339 2849 3587 2901 Ἰωάννου

2007 2926 2274 2979 πείθονται
2316 2927 2563 2995 λέγοντος
2583 2944 2599 2960 θ
2631 2948 2650 2979 ι
2694 2930 2822 2983 Ἰδοὺ
2854 2932 2883 2983 ό
2924 2932 3126 3002 Ἀμνὸς
3160 2936 3258 2989 τοῦ
3307 2936 3465 2989 Θεοῦ·
3502 2956 3521 2987 ι
3552 2937 3587 3008 ἢ

2006 3015 2081 3084 τῷ
2102 3016 2193 3067 ὑπ’
2232 3016 2476 3086 Ἀνδρέου
2520 3017 2794 3087 εὑρεθέντι
2842 3021 3071 3091 Χριστῷ
3098 3061 3113 3086 ,
3171 3025 3207 3094 ἢ
3252 3024 3333 3094 τῷ
3378 3026 3588 3078 εἰπόντι

2019 3104 2189 3175 Ἰησοῦ
2230 3094 2306 3174 τῷ
2343 3105 2608 3176 Φιλίππῳ·
2659 3126 2677 3158 ι
2729 3109 3043 3163 Ἀκολούθει
3091 3130 3209 3182 μοι,
3246 3134 3265 3165 ι
3314 3114 3349 3185 ἢ
3377 3113 3456 3183 τῷ
3488 3114 3592 3183 φά-

2007 3208 2186 3245 σκοντι
2261 3194 2531 3265 Φιλίππῳ·
2591 3215 2608 3246 ι
2651 3198 2746 3250 Ὃν
2804 3197 3014 3269 ἔγραψε
3063 3203 3351 3273 Μωῦσῆς,
3407 3205 3501 3257 καὶ
3542 3206 3589 3257 οἱ

2005 3283 2311 3353 προφῆται,
2345 3285 2652 3354 εὑρήκαμεν
2692 3285 2896 3356 Ἰησοῦν
2935 3290 3054 3343 υίδν
3094 3291 3194 3344 τοῦ
3239 3294 3442 3364 Ἰωσὴφ
3485 3292 3592 3346 ἀπὸ

2004 3374 2271 3443 Ναζαρέτ.
2299 3392 2317 3424 ι
2353 3369 2506 3427 Οὗτοι
2530 3375 2587 3427 δὲ
2608 3395 2626 3426 ι
2647 3377 2972 3432 ἐπίστευσαν
3004 3383 3089 3444 εἰς
3112 3382 3178 3435 τὺ
3200 3383 3376 3455 ὄνομα
3401 3383 3589 3448 αὑτοῦ,

2007 3461 2328 3533 θεωροῦντες
2344 3463 2504 3515 αὑτοῦ
2541 3463 2609 3516 τὰ
2649 3468 2871 3535 σημεῖα,
2903 3461 2940 3520 ἃ
2976 3470 3160 3523 ὲποίει
3181 3488 3232 3519 ἰ
3267 3472 3363 3524 καὶ
3390 3475 3591 3543 σημεῖα

2006 3550 2341 3603 πιστεύουσιν
2365 3552 2462 3604 οὐκ
2490 3553 2569 3613 εἰς
2593 3553 2751 3606 αὑτὸν
2775 3592 2790 3617 ,
2823 3555 2936 3608 ἀλλ’
2983 3559 3067 3621 είς
3108 3559 3174 3612 τὸ
3204 3561 3377 3631 ὄνομα
3403 3561 3587 3624 αὐτοῦ,

2006 3641 2035 3691 ὁ
2061 3639 2261 3709 Ἰησοῦς
2282 3642 2379 3693 οὐκ
2395 3641 2707 3695 ἐπίστευσεν
2739 3644 2929 3698 ἑαυτὸν
2955 3647 3170 3713 αὐτοῖς,
3195 3651 3405 3715 πάντας
3428 3651 3589 3719 γινώ-

2010 3743 2168 3791 σκων,
2202 3731 2293 3781 καὶ
2322 3728 2393 3799 μὴ
2425 3731 2608 3802 χρείαν
2635 3731 2801 3801 ἔχων,
2836 3734 2923 3787 ἵνα
2959 3753 3044 3799 τις
3078 3742 3416 3813 μαρτυρήσῃ
3463 3745 3586 3813 περὶ

2007 3818 2309 3958 ἓνθρώπου,
2341 3820 2418 3890 τῷ
2443 3821 2727 3888 γινώσκειν
2759 3823 2815 3875 τί
2846 3828 2993 3879 ἐστιν
3018 3829 3079 3882 ὲν
3114 3831 3336 3901 ἑκάστῳ
3363 3831 3473 3885 τῶν
3498 3833 3612 3885 ἀνι

2044 3906 2255 3958 ρώπων.

2042 3923 2255 3976 ρωπων.

2074 4084 2162 4140 29.
2196 4085 2285 4155 Τῷ
2320 4086 2406 4139 δέ·
2444 4106 2462 4137 ι
2499 4088 2572 4140 Οὐ
2606 4090 2793 4158 χρείαν
2835 4086 2979 4159 εἶχεν
3013 4093 3103 4146 ἵνα
3133 4113 3222 4159 τις
3262 4100 3592 4170 μαρτυρήσῃ

2007 4177 2133 4247 περὶ
2157 4176 2458 4247 ἀνθρώπου,
2499 4198 2518 4229 ι
2551 4179 2819 4250 εὐκαίρως
2850 4184 3122 4253 χρηστέον
3142 4227 3158 4252 ,
3198 4190 3280 4251 είς
3316 4190 3593 4260 παράστα-

2009 4282 2092 4318 σιν
2118 4266 2208 4318 τοῦ
2240 4266 2368 4318 Υἱοῦ
2396 4266 2487 4318 τοῦ
2516 4267 2649 4320 Θεοῦ
2678 4270 2768 4337 ἀφ’
2795 4271 2990 4323 ἑαυτοῦ
3023 4272 3331 4346 δυναμένου
3365 4278 3592 4348 θεωρεῖν

378 4348 612 4415 singulas
648 4360 733 4401 res
777 4344 1049 4398 hominum
1073 4344 1265 4407 valeat,
1290 4344 1547 4413 nulloque
1569 4345 1790 4402 omnino
1820 4356 1896 4403 te-

2013 4355 2128 4423 περὶ
2155 4354 2379 4406 ἑκάστου
2414 4355 2520 4407 τῶν
2566 4355 2865 4428 ἀνθρώπων
2885 4398 2900 4422 ,
2929 4361 3024 4413 καὶ
3061 4344 3343 4435 μηδαμῶς
3381 4344 3591 4439 μαρτυ-

377 4435 625 4490 stimonio
665 4432 981 4500 cujusquam
1026 4447 1147 4486 eum
1193 4447 1370 4502 egere.
1423 4433 1686 4489 Caeterum
1741 4438 1905 4491 verba

2013 4442 2118 4511 ρίου
2140 4441 2341 4494 δεῖσθαι
2367 4441 2460 4495 τοῦ
2490 4444 2596 4495 ἀπό
2625 4461 2787 4508 τινος.
2814 4445 2888 4498 Τὸ
2913 4447 2970 4500 δέ
2994 4464 3008 4479 ’
3047 4468 3067 4501 ι
3099 4453 3176 4503 Οὐ
3220 4432 3417 4522 χρείαν
3447 4432 3593 4525 εἶχεν

378 4524 495 4587 illa,
536 4541 557 4575 ι
586 4538 688 4576 non
725 4537 858 4590 opus
897 4522 1125 4576 habebat
1168 4530 1226 4576 ut
1264 4525 1387 4593 quis
1420 4524 1799 4580 testiﬁcaretur
1838 4528 1906 4582 de

2013 4531 2086 4582 ἵνα
2111 4547 2191 4593 τις
2219 4533 2534 4602 μαρτυρήσῃ
2560 4534 2686 4603 περὶ
2712 4534 2809 4588 ἀνθ
2819 4535 3024 4604 ρώπου,
3052 4558 3072 4590 ι
3105 4522 3589 4598 άντιδιασταλτέον

375 4613 587 4666 homine
610 4630 628 4665 ι
667 4611 1038 4679 distinguenda
1063 4618 1189 4666 sunt
1219 4614 1286 4667 ab
1317 4613 1424 4667 illis
1453 4630 1467 4666 :
1492 4612 1608 4668 Non
1643 4628 1777 4684 Opus
1810 4616 1906 4670 ha-

2013 4619 2134 4688 ιτρὸς
2155 4620 2348 4683 τὸμοὐ
2372 4622 2556 4690 χρείαν
2586 4622 2698 4691 ἔχει
2722 4623 2809 4675 ἵνα
2844 4629 3181 4701 μαρτυρήσῃ
3204 4632 3338 4702 περί
3367 4649 3519 4696 τινος
3538 4648 3589 4686 ἰ

372 4702 463 4757 bet
492 4709 550 4756 ut
582 4701 702 4770 quis
730 4709 955 4753 tcstetur
995 4701 1060 4755 de
1097 4701 1293 4770 aliquo.
1321 4701 1451 4755 Nam
1481 4702 1525 4756 si
1553 4702 1692 4757 hanc
1716 4717 1902 4759 vocem

2013 4706 2046 4757 εί
2081 4707 2176 4774 μὲν
2214 4709 2321 4778 γὰρ
2361 4708 2423 4760 τὸ
2466 4711 2814 4777 ἀνθρώπου,
2862 4701 3291 4786 λαμϐανόμενον
3333 4721 3452 4792 ('72)
3500 4724 3597 4779 ἐπὶ

371 4790 596 4854 homine,
641 4803 913 4844 sumamus
941 4788 1004 4842 de
1029 4790 1219 4857 quovis
1263 4789 1351 4858 qui
1403 4793 1472 4843 sit
1519 4789 1585 4842 ad
1617 4790 1899 4859 imaginem

2013 4794 2204 4858 παντὸς
2233 4796 2325 4848 τοῦ
2368 4799 2485 4849 κατ’
2526 4800 2706 4852 εἰκόνα
2734 4799 2899 4865 Θεοῦ,
2935 4803 2969 4873 ἢ
3006 4806 3211 4869 παντὸς
3248 4788 3503 4876 λογικοῦ,
3532 4810 3596 4864 οὐ

372 4878 489 4944 Dei,
516 4878 599 4932 vel
630 4878 697 4932 de
716 4878 860 4932 omni
887 4877 1109 4931 rationis
1135 4885 1402 4945 compote,
1434 4891 1537 4930 non
1576 4892 1710 4944 opus
1734 4878 1901 4931 habe-

2013 4882 2188 4971 χρείαν
2217 4884 2326 4948 ἕξει
2365 4885 2449 4937 ἵνα
2477 4904 2559 4949 τις
2599 4890 2923 4960 μαρτυρήσῃ
2957 4894 3089 4963 περὶ
3121 4895 3291 4950 αὐτοῦ
3316 4935 3334 4961 ,
3367 4902 3503 4971 περὶ
3530 4895 3594 4953 οὗ

372 4967 452 5021 bit
476 4966 717 5021 Christus
749 4974 806 5020 ut
827 4967 944 5035 quis
974 4967 1037 5022 de
1066 4966 1180 5035 ipso
1216 4975 1441 5020 tcstetur
1475 4966 1562 5037 (de
1583 4980 1905 5035 quocunque

2013 4969 2201 5040 δήποτε
2235 4973 2343 5043 (73)
2368 4975 2474 5027 τῶν
2500 4975 2763 5044 λογικῶν,
2795 4980 2887 5048 ἀφ’
2918 4982 3116 5035 ἑαυτοῦ
3141 4966 3600 5053 γινώσκων-τοὺς

443 5152 487 5230 ῗ
513 5141 853 5230 ΡδίηνῑὲλὟι
874 5150 961 5207 ⁸⁵·
1036 5149 1258 5230 ".."9.“.":
1283 5148 1505 5230 ¹1νη¹⁵’..
1534 5149 1604 5230 ῘΪ.
1622 5147 1761 5230 ib“);
1779 5146 1898 5230 25:.

2013 5149 2196 5230 statth.
2229 5164 2326 5230 νει,
2358 5152 2446 5230 μ.
2525 5152 2915 5230 "Matthgm,
2946 5158 3036 5214 11.
3113 5161 3157 5193 ’⁷
3186 5159 3353 5220 Joan.
3394 5178 3519 5230 xxv,
3540 5165 3600 5222 Ξ.

372 5216 414 5247 ⁸⁸
446 5215 601 5272 Joan.
626 5215 856 5283 1,1042
881 5232 997 5287 seq.
1069 5219 1110 5251 "
1142 5217 1273 5272 ibid.
1301 5216 1391 5271 56.
1462 5217 1506 5247 ³ο
1534 5216 1663 5273 ibid.
1694 5216 1782 5270 45.
1859 5218 1902 5249 ¹¹

2013 5221 2062 5273 d.
2086 5217 2177 5271 45.
2282 5220 2326 5251 ”
2356 5218 2512 5275 Joau.
2548 5237 2609 5287 ιι,
2634 5223 2826 5280 23-25.

393 5363 771 5493 "ageam
815 5367 1028 5438 Regius,
1065 5369 1259 5431 habet,
1308 5368 1490 5435 ἐγγὺς,
1538 5369 1720 5437 φησὶν,
1754 5363 1820 5438 ἦν
1848 5369 1908 5421 τὸ

448 5497 560 5563 (72)
600 5499 1061 5573 Δαμόᾳνζόμενον.
1129 5503 1414 5559 Ferrarius
1460 5503 1586 5573 legit

386 5580 501 5626 υεν,
537 5567 674 5627 quod
714 5570 837 5620 mihi
866 5567 1142 5637 probatur,

2082 5371 2192 5452 (_7_5)_
2228 5373 2363 5439 Περὶ
2390 5376 2599 5452 αὑτοῦ,
2629 5382 2760 5449 περὶ
2787 5378 2859 5439 οὗ
2883 5383 3129 5452 δήποτε,
3153 5394 3260 5440 etc.
3283 5388 3389 5442 Sic
3420 5391 3602 5452 codex

2013 5437 2629 5529 EPi'.‘el:‘.'3“ii_‘.‘f’ﬁi“S»
2679 5437 2808 5529 ῖὶερὶ
2834 5437 3024 5529 sitio?
3054 5437 3600 5529 ἑὸῖίῖέεὸϊὶῖἓῆῖ

1643 5516 1706 5557 Λα
1713 5503 1909 5574 μόάνο-

2013 5522 2160 5595 geri-:1
2172 5518 2291 5595 etc.
2312 5503 2814 5595 Forte'iege'ndutit,
2842 5503 3315 5595 τῐέριὰνόρὠπόᾷῖ
3329 5503 3442 5581 καί
3460 5503 3598 5586 «siit

2012 5570 2073 5622 οῦ
2102 5574 2320 5645 δήποτε,
2342 5584 2446 5633 etc.
