  <div class='ocr_page' id='page_1' title='image "/cluster/home/n/w/nwhite01/storage/ocr_20150623/14 (Origen; pt. 4)/nyp.33433081862280/208.png"; bbox 0 0 3828 6216; ppageno 0'>
   <div class='ocr_carea' id='block_1_1' title="bbox 289 295 3480 380">
    <p class='ocr_par' dir='ltr' id='par_1_1' title="bbox 289 295 3480 380">
     <span class='ocr_line' id='line_1_1' title="bbox 289 295 3480 380; baseline 0.008 -25"><span class='ocrx_word' id='word_1_1' title='bbox 289 295 385 358; x_wconf 62' lang='lat'><strong>391</strong></span> <span class='ocrx_word' id='word_1_2' title='bbox 1412 321 1748 379; x_wconf 79' lang='lat' dir='ltr'><strong>COMMENT.</strong></span> <span class='ocrx_word' id='word_1_3' title='bbox 1787 321 1852 374; x_wconf 84' lang='lat' dir='ltr'><strong>IN</strong></span> <span class='ocrx_word' id='word_1_4' title='bbox 1889 321 2072 378; x_wconf 77' lang='lat' dir='ltr'><strong>JOAN.</strong></span> <span class='ocrx_word' id='word_1_5' title='bbox 2113 317 2344 375; x_wconf 80' lang='lat' dir='ltr'><strong>TOMUS</strong></span> <span class='ocrx_word' id='word_1_6' title='bbox 2381 320 2445 372; x_wconf 82' lang='grc' dir='ltr'><strong>Χ.</strong></span> <span class='ocrx_word' id='word_1_7' title='bbox 3377 323 3480 380; x_wconf 76' lang='lat'><strong>398</strong></span> 
     </span>
    </p>
   </div>
   <div class='ocr_carea' id='block_1_2' title="bbox 313 424 1884 506">
    <p class='ocr_par' dir='ltr' id='par_1_2' title="bbox 313 424 1876 506">
     <span class='ocr_line' id='line_1_2' title="bbox 313 424 1876 506; baseline -0.001 -18"><span class='ocrx_word' id='word_1_8' title='bbox 313 424 513 489; x_wconf 73' lang='grc' dir='ltr'>πάντας</span> <span class='ocrx_word' id='word_1_9' title='bbox 559 427 706 481; x_wconf 81' lang='grc' dir='ltr'><strong>κατά</strong></span> <span class='ocrx_word' id='word_1_10' title='bbox 753 432 860 502; x_wconf 76' lang='grc' dir='ltr'>τὴν</span> <span class='ocrx_word' id='word_1_11' title='bbox 907 436 1196 506; x_wconf 77' lang='grc' dir='ltr'>δεδομένην</span> <span class='ocrx_word' id='word_1_12' title='bbox 1235 437 1376 506; x_wconf 79' lang='grc' dir='ltr'>αὐτῷ</span> <span class='ocrx_word' id='word_1_13' title='bbox 1408 438 1624 505; x_wconf 86' lang='grc' dir='ltr'>δύναμιν</span> <span class='ocrx_word' id='word_1_14' title='bbox 1656 434 1760 488; x_wconf 81' lang='grc' dir='ltr'><strong>ἀπὸ</strong></span> <span class='ocrx_word' id='word_1_15' title='bbox 1784 434 1876 486; x_wconf 89' lang='grc' dir='ltr'><strong>τοῦ</strong></span> 
     </span>
    </p>
   </div>
   <div class='ocr_carea' id='block_1_3' title="bbox 1988 424 3498 506">
    <p class='ocr_par' dir='ltr' id='par_1_3' title="bbox 1988 430 3498 502">
     <span class='ocr_line' id='line_1_3' title="bbox 1988 430 3498 502; baseline 0.002 -17"><span class='ocrx_word' id='word_1_16' title='bbox 1988 435 2186 487; x_wconf 78' lang='lat' dir='ltr'><strong>tandem</strong></span> <span class='ocrx_word' id='word_1_17' title='bbox 2234 431 2433 485; x_wconf 81' lang='lat' dir='ltr'><strong>dixeris</strong></span> <span class='ocrx_word' id='word_1_18' title='bbox 2475 431 2692 484; x_wconf 91' lang='lat' dir='ltr'><strong>rationis</strong></span> <span class='ocrx_word' id='word_1_19' title='bbox 2727 430 3012 497; x_wconf 80' lang='lat' dir='ltr'><strong>compote),</strong></span> <span class='ocrx_word' id='word_1_20' title='bbox 3048 447 3076 482; x_wconf 89' lang='lat' dir='ltr'><strong>a</strong></span> <span class='ocrx_word' id='word_1_21' title='bbox 3102 432 3272 498; x_wconf 84' lang='lat' dir='ltr'><strong>scipso</strong></span> <span class='ocrx_word' id='word_1_22' title='bbox 3301 449 3498 502; x_wconf 83' lang='lat' dir='ltr'><strong>cogno-</strong></span> 
     </span>
    </p>
   </div>
   <div class='ocr_carea' id='block_1_4' title="bbox 320 516 1884 594">
    <p class='ocr_par' dir='ltr' id='par_1_4' title="bbox 320 516 1873 594">
     <span class='ocr_line' id='line_1_4' title="bbox 320 516 1873 594; baseline 0.001 -24"><span class='ocrx_word' id='word_1_23' title='bbox 320 516 553 586; x_wconf 74' lang='grc' dir='ltr'>Πατρός.</span> <span class='ocrx_word' id='word_1_24' title='bbox 585 516 652 568; x_wconf 80' lang='grc' dir='ltr'><strong>Εἰ</strong></span> <span class='ocrx_word' id='word_1_25' title='bbox 701 518 760 571; x_wconf 81' lang='grc' dir='ltr'><strong>δέ</strong></span> <span class='ocrx_word' id='word_1_26' title='bbox 803 521 871 572; x_wconf 79' lang='grc' dir='ltr'>τὸ</span> <span class='ocrx_word' id='word_1_27' title='bbox 910 525 1222 591; x_wconf 82' lang='grc' dir='ltr'>ἀνθρώπου</span> <span class='ocrx_word' id='word_1_28' title='bbox 1271 527 1612 594; x_wconf 50' lang='grc' dir='ltr'>τηρήσαιμενδ</span> <span class='ocrx_word' id='word_1_29' title='bbox 1641 523 1744 574; x_wconf 82' lang='grc' dir='ltr'><strong>ὑπὸ</strong></span> <span class='ocrx_word' id='word_1_30' title='bbox 1781 522 1873 573; x_wconf 87' lang='grc' dir='ltr'><strong>τοῦ</strong></span> 
     </span>
    </p>
   </div>
   <div class='ocr_carea' id='block_1_5' title="bbox 1988 516 3498 594">
    <p class='ocr_par' dir='ltr' id='par_1_5' title="bbox 1988 518 3498 586">
     <span class='ocr_line' id='line_1_5' title="bbox 1988 518 3498 586; baseline 0.001 -10"><span class='ocrx_word' id='word_1_31' title='bbox 1988 537 2133 576; x_wconf 81' lang='lat' dir='ltr'><strong>scens</strong></span> <span class='ocrx_word' id='word_1_32' title='bbox 2171 534 2354 574; x_wconf 82' lang='lat' dir='ltr'><strong>omnes</strong></span> <span class='ocrx_word' id='word_1_33' title='bbox 2399 518 2552 586; x_wconf 76' lang='lat' dir='ltr'><strong>juxta</strong></span> <span class='ocrx_word' id='word_1_34' title='bbox 2592 519 2904 572; x_wconf 85' lang='lat' dir='ltr'><strong>facultatem-</strong></span> <span class='ocrx_word' id='word_1_35' title='bbox 2932 534 2960 571; x_wconf 92' lang='lat' dir='ltr'><strong>a</strong></span> <span class='ocrx_word' id='word_1_36' title='bbox 3008 519 3164 572; x_wconf 85' lang='lat' dir='ltr'><strong>Patre</strong></span> <span class='ocrx_word' id='word_1_37' title='bbox 3199 521 3299 574; x_wconf 86' lang='lat' dir='ltr'><strong>sibi</strong></span> <span class='ocrx_word' id='word_1_38' title='bbox 3333 525 3498 578; x_wconf 86' lang='lat' dir='ltr'><strong>tradi-</strong></span> 
     </span>
    </p>
   </div>
   <div class='ocr_carea' id='block_1_6' title="bbox 336 607 1878 683">
    <p class='ocr_par' dir='ltr' id='par_1_6' title="bbox 336 607 1878 683">
     <span class='ocr_line' id='line_1_6' title="bbox 336 607 1878 683; baseline -0.002 -20"><span class='ocrx_word' id='word_1_39' title='bbox 336 607 520 680; x_wconf 84' lang='grc' dir='ltr'>θνητοῦ</span> <span class='ocrx_word' id='word_1_40' title='bbox 577 607 800 675; x_wconf 76' lang='grc' dir='ltr'>λογικοῦ</span> <span class='ocrx_word' id='word_1_41' title='bbox 875 610 1184 682; x_wconf 77' lang='grc' dir='ltr'>ζῖοουμένου</span> <span class='ocrx_word' id='word_1_42' title='bbox 1229 613 1406 683; x_wconf 74' lang='grc'>(74),</span> <span class='ocrx_word' id='word_1_43' title='bbox 1437 616 1466 664; x_wconf 92' lang='lat'><strong>6</strong></span> <span class='ocrx_word' id='word_1_44' title='bbox 1515 612 1608 680; x_wconf 83' lang='grc' dir='ltr'>μέν</span> <span class='ocrx_word' id='word_1_45' title='bbox 1638 627 1719 673; x_wconf 92' lang='grc' dir='ltr'><strong>τις</strong></span> <span class='ocrx_word' id='word_1_46' title='bbox 1764 612 1878 679; x_wconf 81' lang='grc' dir='ltr'>ἐρεῖ</span> 
     </span>
    </p>
   </div>
   <div class='ocr_carea' id='block_1_7' title="bbox 343 696 1876 773">
    <p class='ocr_par' dir='ltr' id='par_1_7' title="bbox 343 696 1876 773">
     <span class='ocr_line' id='line_1_7' title="bbox 343 696 1876 773; baseline 0 -23"><span class='ocrx_word' id='word_1_47' title='bbox 343 697 518 770; x_wconf 79' lang='grc' dir='ltr'>χρείαν</span> <span class='ocrx_word' id='word_1_48' title='bbox 547 696 684 765; x_wconf 78' lang='grc' dir='ltr'>ἐχειν</span> <span class='ocrx_word' id='word_1_49' title='bbox 716 697 903 758; x_wconf 79' lang='grc' dir='ltr'>αὑτὸν,</span> <span class='ocrx_word' id='word_1_50' title='bbox 919 701 1005 752; x_wconf 78' lang='grc' dir='ltr'>ἵνα</span> <span class='ocrx_word' id='word_1_51' title='bbox 1023 719 1103 762; x_wconf 90' lang='grc' dir='ltr'><strong>τις</strong></span> <span class='ocrx_word' id='word_1_52' title='bbox 1135 703 1443 770; x_wconf 79' lang='grc' dir='ltr'><strong>μαρτυρήσῃ</strong></span> <span class='ocrx_word' id='word_1_53' title='bbox 1468 702 1590 773; x_wconf 77' lang='grc' dir='ltr'>περὶ</span> <span class='ocrx_word' id='word_1_54' title='bbox 1615 701 1719 752; x_wconf 84' lang='grc' dir='ltr'><strong>τῶν</strong></span> <span class='ocrx_word' id='word_1_55' title='bbox 1741 700 1876 767; x_wconf 80' lang='grc' dir='ltr'>ὑπὲρ</span> 
     </span>
    </p>
   </div>
   <div class='ocr_carea' id='block_1_8' title="bbox 349 787 1876 860">
    <p class='ocr_par' dir='ltr' id='par_1_8' title="bbox 349 787 1876 860">
     <span class='ocr_line' id='line_1_8' title="bbox 349 787 1876 860; baseline -0.001 -18"><span class='ocrx_word' id='word_1_56' title='bbox 349 790 432 842; x_wconf 70' lang='grc' dir='ltr'><strong>τὸν</strong></span> <span class='ocrx_word' id='word_1_57' title='bbox 454 787 728 858; x_wconf 71' lang='grc' dir='ltr'>ἄνθρωπον</span> <span class='ocrx_word' id='word_1_58' title='bbox 751 827 765 848; x_wconf 91' lang='grc'><strong>,</strong></span> <span class='ocrx_word' id='word_1_59' title='bbox 799 789 922 841; x_wconf 77' lang='grc' dir='ltr'>οὐδὲ</span> <span class='ocrx_word' id='word_1_60' title='bbox 953 791 1219 860; x_wconf 88' lang='grc' dir='ltr'>ἀρκοῦντα</span> <span class='ocrx_word' id='word_1_61' title='bbox 1249 793 1440 860; x_wconf 80' lang='grc' dir='ltr'>ὁμοίως</span> <span class='ocrx_word' id='word_1_62' title='bbox 1475 795 1582 852; x_wconf 86' lang='grc' dir='ltr'>τοῖς</span> <span class='ocrx_word' id='word_1_63' title='bbox 1610 789 1876 859; x_wconf 85' lang='grc' dir='ltr'>ἀνθρωπί-</span> 
     </span>
    </p>
   </div>
   <div class='ocr_carea' id='block_1_9' title="bbox 352 875 1879 947">
    <p class='ocr_par' dir='ltr' id='par_1_9' title="bbox 352 875 1879 947">
     <span class='ocr_line' id='line_1_9' title="bbox 352 875 1879 947; baseline -0.003 -16"><span class='ocrx_word' id='word_1_64' title='bbox 352 895 454 939; x_wconf 85' lang='grc' dir='ltr'><strong>νοις</strong></span> <span class='ocrx_word' id='word_1_65' title='bbox 493 875 774 944; x_wconf 82' lang='grc' dir='ltr'>γινώσκειν</span> <span class='ocrx_word' id='word_1_66' title='bbox 812 880 908 929; x_wconf 78' lang='grc' dir='ltr'><strong>καὶ</strong></span> <span class='ocrx_word' id='word_1_67' title='bbox 954 878 1021 930; x_wconf 81' lang='grc' dir='ltr'>τὰ</span> <span class='ocrx_word' id='word_1_68' title='bbox 1073 879 1196 947; x_wconf 77' lang='grc' dir='ltr'>περὶ</span> <span class='ocrx_word' id='word_1_69' title='bbox 1224 880 1457 932; x_wconf 85' lang='grc' dir='ltr'>ἐκείνων.</span> <span class='ocrx_word' id='word_1_70' title='bbox 1495 877 1681 939; x_wconf 75' lang='grc' dir='ltr'>Ἄλλος</span> <span class='ocrx_word' id='word_1_71' title='bbox 1719 876 1774 927; x_wconf 82' lang='grc' dir='ltr'>δέ</span> <span class='ocrx_word' id='word_1_72' title='bbox 1801 875 1879 937; x_wconf 87' lang='grc' dir='ltr'><strong>τίς</strong></span> 
     </span>
    </p>
   </div>
   <div class='ocr_carea' id='block_1_10' title="bbox 353 964 1879 1036">
    <p class='ocr_par' dir='ltr' id='par_1_10' title="bbox 353 964 1879 1036">
     <span class='ocr_line' id='line_1_10' title="bbox 353 964 1879 1036; baseline -0.001 -20"><span class='ocrx_word' id='word_1_73' title='bbox 353 983 476 1035; x_wconf 77' lang='grc' dir='ltr'>φησι</span> <span class='ocrx_word' id='word_1_74' title='bbox 500 965 586 1016; x_wconf 83' lang='grc' dir='ltr'><strong>τὸν</strong></span> <span class='ocrx_word' id='word_1_75' title='bbox 615 965 924 1019; x_wconf 86' lang='grc' dir='ltr'>κενώσαντα</span> <span class='ocrx_word' id='word_1_76' title='bbox 961 967 1147 1018; x_wconf 78' lang='grc' dir='ltr'>ἑαυτὸν</span> <span class='ocrx_word' id='word_1_77' title='bbox 1179 965 1250 1035; x_wconf 84' lang='grc' dir='ltr'>μὴ</span> <span class='ocrx_word' id='word_1_78' title='bbox 1277 967 1456 1036; x_wconf 80' lang='grc' dir='ltr'>χρείαν</span> <span class='ocrx_word' id='word_1_79' title='bbox 1485 964 1622 1034; x_wconf 77' lang='grc' dir='ltr'>ἔχειν</span> <span class='ocrx_word' id='word_1_80' title='bbox 1641 1003 1654 1026; x_wconf 95' lang='grc'><strong>,</strong></span> <span class='ocrx_word' id='word_1_81' title='bbox 1687 965 1770 1016; x_wconf 79' lang='grc' dir='ltr'><strong>ἵνα</strong></span> <span class='ocrx_word' id='word_1_82' title='bbox 1800 981 1879 1025; x_wconf 87' lang='grc' dir='ltr'><strong>τις</strong></span> 
     </span>
    </p>
   </div>
   <div class='ocr_carea' id='block_1_11' title="bbox 354 1054 1878 1126">
    <p class='ocr_par' dir='ltr' id='par_1_11' title="bbox 354 1054 1878 1126">
     <span class='ocr_line' id='line_1_11' title="bbox 354 1054 1878 1126; baseline -0.001 -20"><span class='ocrx_word' id='word_1_83' title='bbox 354 1058 663 1125; x_wconf 79' lang='grc' dir='ltr'>μαρτυρήσῃ</span> <span class='ocrx_word' id='word_1_84' title='bbox 695 1055 821 1125; x_wconf 75' lang='grc' dir='ltr'>περὶ</span> <span class='ocrx_word' id='word_1_85' title='bbox 848 1055 1149 1126; x_wconf 87' lang='grc' dir='ltr'>ἀνθρώπου,</span> <span class='ocrx_word' id='word_1_86' title='bbox 1178 1056 1360 1126; x_wconf 79' lang='grc' dir='ltr'>χρείαν</span> <span class='ocrx_word' id='word_1_87' title='bbox 1381 1054 1436 1107; x_wconf 84' lang='grc' dir='ltr'>δὲ</span> <span class='ocrx_word' id='word_1_88' title='bbox 1467 1054 1604 1122; x_wconf 77' lang='grc' dir='ltr'>ἔχειν</span> <span class='ocrx_word' id='word_1_89' title='bbox 1629 1054 1751 1122; x_wconf 64' lang='grc' dir='ltr'>περ).</span> <span class='ocrx_word' id='word_1_90' title='bbox 1777 1055 1878 1104; x_wconf 82' lang='grc' dir='ltr'><strong>τῶν</strong></span> 
     </span>
    </p>
   </div>
   <div class='ocr_carea' id='block_1_12' title="bbox 350 1142 1220 1211">
    <p class='ocr_par' dir='ltr' id='par_1_12' title="bbox 350 1142 1220 1211">
     <span class='ocr_line' id='line_1_12' title="bbox 350 1142 1220 1211; baseline 0.001 -18"><span class='ocrx_word' id='word_1_91' title='bbox 350 1142 661 1211; x_wconf 84' lang='grc' dir='ltr'>κρειττόνων</span> <span class='ocrx_word' id='word_1_92' title='bbox 691 1143 724 1210; x_wconf 79' lang='grc' dir='ltr'><strong>ἢ</strong></span> <span class='ocrx_word' id='word_1_93' title='bbox 756 1142 894 1194; x_wconf 83' lang='grc' dir='ltr'><strong>κατά</strong></span> <span class='ocrx_word' id='word_1_94' title='bbox 927 1142 1220 1211; x_wconf 83' lang='grc' dir='ltr'>ἄνθρωπον.</span> 
     </span>
    </p>
   </div>
   <div class='ocr_carea' id='block_1_13' title="bbox 413 1401 1880 1473">
    <p class='ocr_par' dir='ltr' id='par_1_13' title="bbox 413 1401 1880 1473">
     <span class='ocr_line' id='line_1_13' title="bbox 413 1401 1880 1473; baseline 0 -17"><span class='ocrx_word' id='word_1_95' title='bbox 413 1403 496 1456; x_wconf 75' lang='grc'><strong>50.</strong></span> <span class='ocrx_word' id='word_1_96' title='bbox 515 1403 624 1454; x_wconf 71' lang='grc' dir='ltr'><strong>Καὶ</strong></span> <span class='ocrx_word' id='word_1_97' title='bbox 640 1401 798 1454; x_wconf 90' lang='grc' dir='ltr'>τοῦτο</span> <span class='ocrx_word' id='word_1_98' title='bbox 817 1403 871 1454; x_wconf 85' lang='grc' dir='ltr'>δὲ</span> <span class='ocrx_word' id='word_1_99' title='bbox 893 1403 1167 1472; x_wconf 76' lang='grc' dir='ltr'><strong>ζητητέον,</strong></span> <span class='ocrx_word' id='word_1_100' title='bbox 1185 1405 1320 1456; x_wconf 90' lang='grc' dir='ltr'>πόσα</span> <span class='ocrx_word' id='word_1_101' title='bbox 1345 1408 1537 1473; x_wconf 86' lang='grc' dir='ltr'>σημεῖα</span> <span class='ocrx_word' id='word_1_102' title='bbox 1564 1403 1720 1457; x_wconf 82' lang='grc' dir='ltr'>αὑτοῦ</span> <span class='ocrx_word' id='word_1_103' title='bbox 1751 1405 1880 1456; x_wconf 85' lang='grc' dir='ltr'>θεω-</span> 
     </span>
    </p>
   </div>
   <div class='ocr_carea' id='block_1_14' title="bbox 348 1491 1882 1562">
    <p class='ocr_par' dir='ltr' id='par_1_14' title="bbox 348 1491 1882 1562">
     <span class='ocr_line' id='line_1_14' title="bbox 348 1491 1882 1562; baseline 0.001 -20"><span class='ocrx_word' id='word_1_104' title='bbox 348 1491 559 1559; x_wconf 87' lang='grc' dir='ltr'>ροῦντες</span> <span class='ocrx_word' id='word_1_105' title='bbox 584 1493 633 1542; x_wconf 79' lang='grc' dir='ltr'><strong>οἱ</strong></span> <span class='ocrx_word' id='word_1_106' title='bbox 680 1491 860 1544; x_wconf 80' lang='grc' dir='ltr'>πολλοὶ</span> <span class='ocrx_word' id='word_1_107' title='bbox 895 1492 1170 1544; x_wconf 87' lang='grc' dir='ltr'>ἐπίστευον</span> <span class='ocrx_word' id='word_1_108' title='bbox 1211 1495 1288 1554; x_wconf 85' lang='grc' dir='ltr'><strong>είς</strong></span> <span class='ocrx_word' id='word_1_109' title='bbox 1326 1495 1482 1546; x_wconf 80' lang='grc' dir='ltr'>αὐτόν</span> <span class='ocrx_word' id='word_1_110' title='bbox 1504 1511 1515 1523; x_wconf 82' lang='grc'><em>’</em></span> <span class='ocrx_word' id='word_1_111' title='bbox 1543 1495 1600 1545; x_wconf 82' lang='grc' dir='ltr'>οὺ</span> <span class='ocrx_word' id='word_1_112' title='bbox 1630 1495 1734 1562; x_wconf 82' lang='grc' dir='ltr'>γὰρ</span> <span class='ocrx_word' id='word_1_113' title='bbox 1759 1495 1882 1546; x_wconf 87' lang='grc' dir='ltr'>ἀνα-</span> 
     </span>
    </p>
   </div>
   <div class='ocr_carea' id='block_1_15' title="bbox 346 1581 1880 1654">
    <p class='ocr_par' dir='ltr' id='par_1_15' title="bbox 346 1581 1880 1654">
     <span class='ocr_line' id='line_1_15' title="bbox 346 1581 1880 1654; baseline 0.001 -22"><span class='ocrx_word' id='word_1_114' title='bbox 346 1581 643 1650; x_wconf 81' lang='grc' dir='ltr'>γέγραπται</span> <span class='ocrx_word' id='word_1_115' title='bbox 689 1585 889 1650; x_wconf 84' lang='grc' dir='ltr'>σημεῖα</span> <span class='ocrx_word' id='word_1_116' title='bbox 925 1583 1272 1650; x_wconf 82' lang='grc' dir='ltr'>πεποιηκέναι</span> <span class='ocrx_word' id='word_1_117' title='bbox 1307 1587 1362 1636; x_wconf 87' lang='grc' dir='ltr'><strong>ἐν</strong></span> <span class='ocrx_word' id='word_1_118' title='bbox 1401 1584 1806 1654; x_wconf 85' lang='grc' dir='ltr'>Ἰεροσολύμοις·</span> <span class='ocrx_word' id='word_1_119' title='bbox 1836 1585 1880 1634; x_wconf 89' lang='grc' dir='ltr'><strong>εί</strong></span> 
     </span>
    </p>
   </div>
   <div class='ocr_carea' id='block_1_16' title="bbox 349 1669 1876 1741">
    <p class='ocr_par' dir='ltr' id='par_1_16' title="bbox 349 1669 1876 1741">
     <span class='ocr_line' id='line_1_16' title="bbox 349 1669 1876 1741; baseline 0.001 -20"><span class='ocrx_word' id='word_1_120' title='bbox 349 1669 421 1737; x_wconf 82' lang='grc' dir='ltr'><strong>μὴ</strong></span> <span class='ocrx_word' id='word_1_121' title='bbox 449 1669 554 1736; x_wconf 78' lang='grc' dir='ltr'>ἄρα</span> <span class='ocrx_word' id='word_1_122' title='bbox 584 1670 870 1737; x_wconf 79' lang='grc' dir='ltr'>γεγένηται</span> <span class='ocrx_word' id='word_1_123' title='bbox 903 1669 1000 1737; x_wconf 79' lang='grc' dir='ltr'><strong>μὲν</strong></span> <span class='ocrx_word' id='word_1_124' title='bbox 1031 1673 1244 1738; x_wconf 87' lang='grc' dir='ltr'>σημεῖα,</span> <span class='ocrx_word' id='word_1_125' title='bbox 1269 1673 1364 1723; x_wconf 81' lang='grc' dir='ltr'><strong>οὐκ</strong></span> <span class='ocrx_word' id='word_1_126' title='bbox 1391 1672 1785 1741; x_wconf 84' lang='grc' dir='ltr'>ἀναγέγραπται</span> <span class='ocrx_word' id='word_1_127' title='bbox 1804 1671 1876 1722; x_wconf 83' lang='grc' dir='ltr'><strong>δέ.</strong></span> 
     </span>
    </p>
   </div>
   <div class='ocr_carea' id='block_1_17' title="bbox 1981 608 3499 679">
    <p class='ocr_par' dir='ltr' id='par_1_17' title="bbox 1981 608 3499 679">
     <span class='ocr_line' id='line_1_17' title="bbox 1981 608 3499 679; baseline 0.001 -15"><span class='ocrx_word' id='word_1_128' title='bbox 1981 621 2107 664; x_wconf 89' lang='lat' dir='ltr'><strong>tam.</strong></span> <span class='ocrx_word' id='word_1_129' title='bbox 2142 609 2235 663; x_wconf 89' lang='lat' dir='ltr'><strong>Sin</strong></span> <span class='ocrx_word' id='word_1_130' title='bbox 2279 622 2406 660; x_wconf 83' lang='lat' dir='ltr'><strong>vero</strong></span> <span class='ocrx_word' id='word_1_131' title='bbox 2444 608 2580 660; x_wconf 86' lang='lat' dir='ltr'><strong>hanc</strong></span> <span class='ocrx_word' id='word_1_132' title='bbox 2627 621 2834 679; x_wconf 80' lang='lat' dir='ltr'><strong>vocem,</strong></span> <span class='ocrx_word' id='word_1_133' title='bbox 2879 608 3100 672; x_wconf 77' lang='lat' dir='ltr'><strong>homine,</strong></span> <span class='ocrx_word' id='word_1_134' title='bbox 3135 610 3499 665; x_wconf 85' lang='lat' dir='ltr'><strong>observaveri-</strong></span> 
     </span>
    </p>
   </div>
   <div class='ocr_carea' id='block_1_18' title="bbox 1980 697 3498 766">
    <p class='ocr_par' dir='ltr' id='par_1_18' title="bbox 1980 697 3498 766">
     <span class='ocr_line' id='line_1_18' title="bbox 1980 697 3498 766; baseline 0.001 -13"><span class='ocrx_word' id='word_1_135' title='bbox 1980 714 2096 753; x_wconf 90' lang='lat' dir='ltr'><strong>mns</strong></span> <span class='ocrx_word' id='word_1_136' title='bbox 2144 700 2207 751; x_wconf 90' lang='lat' dir='ltr'><strong>de</strong></span> <span class='ocrx_word' id='word_1_137' title='bbox 2254 697 2461 750; x_wconf 78' lang='lat' dir='ltr'><strong>mortali</strong></span> <span class='ocrx_word' id='word_1_138' title='bbox 2501 698 2768 748; x_wconf 90' lang='lat' dir='ltr'><strong>animante</strong></span> <span class='ocrx_word' id='word_1_139' title='bbox 2817 697 3035 750; x_wconf 76' lang='lat' dir='ltr'><strong>rationis</strong></span> <span class='ocrx_word' id='word_1_140' title='bbox 3077 708 3337 766; x_wconf 83' lang='lat' dir='ltr'><strong>compote,</strong></span> <span class='ocrx_word' id='word_1_141' title='bbox 3365 701 3498 755; x_wconf 87' lang='lat' dir='ltr'><strong>alius</strong></span> 
     </span>
    </p>
   </div>
   <div class='ocr_carea' id='block_1_19' title="bbox 1980 783 3495 853">
    <p class='ocr_par' dir='ltr' id='par_1_19' title="bbox 1980 783 3495 853">
     <span class='ocr_line' id='line_1_19' title="bbox 1980 783 3495 853; baseline 0.003 -15"><span class='ocrx_word' id='word_1_142' title='bbox 1980 786 2190 852; x_wconf 86' lang='lat' dir='ltr'><strong>quidem</strong></span> <span class='ocrx_word' id='word_1_143' title='bbox 2229 786 2470 837; x_wconf 91' lang='lat' dir='ltr'><strong>dicturus</strong></span> <span class='ocrx_word' id='word_1_144' title='bbox 2517 793 2598 837; x_wconf 89' lang='lat' dir='ltr'><strong>est</strong></span> <span class='ocrx_word' id='word_1_145' title='bbox 2625 783 2892 836; x_wconf 83' lang='lat' dir='ltr'><strong>Christum</strong></span> <span class='ocrx_word' id='word_1_146' title='bbox 2925 784 3091 851; x_wconf 89' lang='lat' dir='ltr'><strong>ipsum</strong></span> <span class='ocrx_word' id='word_1_147' title='bbox 3118 801 3250 853; x_wconf 87' lang='lat' dir='ltr'><strong>opus</strong></span> <span class='ocrx_word' id='word_1_148' title='bbox 3280 788 3495 853; x_wconf 87' lang='lat' dir='ltr'><strong>habere,</strong></span> 
     </span>
    </p>
   </div>
   <div class='ocr_carea' id='block_1_20' title="bbox 1983 872 3497 941">
    <p class='ocr_par' dir='ltr' id='par_1_20' title="bbox 1983 872 3497 941">
     <span class='ocr_line' id='line_1_20' title="bbox 1983 872 3497 941; baseline 0.003 -14"><span class='ocrx_word' id='word_1_149' title='bbox 1983 883 2039 927; x_wconf 92' lang='lat' dir='ltr'><strong>ut</strong></span> <span class='ocrx_word' id='word_1_150' title='bbox 2066 876 2182 941; x_wconf 89' lang='lat' dir='ltr'><strong>quis</strong></span> <span class='ocrx_word' id='word_1_151' title='bbox 2209 881 2431 926; x_wconf 88' lang='lat' dir='ltr'><strong>testetur</strong></span> <span class='ocrx_word' id='word_1_152' title='bbox 2465 873 2530 924; x_wconf 92' lang='lat' dir='ltr'><strong>de</strong></span> <span class='ocrx_word' id='word_1_153' title='bbox 2577 872 2663 924; x_wconf 89' lang='lat' dir='ltr'><strong>his</strong></span> <span class='ocrx_word' id='word_1_154' title='bbox 2704 886 2819 938; x_wconf 64' lang='lat' dir='ltr'><strong>quae</strong></span> <span class='ocrx_word' id='word_1_155' title='bbox 2859 882 2982 925; x_wconf 90' lang='lat' dir='ltr'><strong>sunt</strong></span> <span class='ocrx_word' id='word_1_156' title='bbox 3013 888 3173 939; x_wconf 85' lang='lat' dir='ltr'><strong>supra</strong></span> <span class='ocrx_word' id='word_1_157' title='bbox 3211 876 3497 941; x_wconf 90' lang='lat' dir='ltr'><strong>hominem,</strong></span> 
     </span>
    </p>
   </div>
   <div class='ocr_carea' id='block_1_21' title="bbox 1983 960 3500 1032">
    <p class='ocr_par' dir='ltr' id='par_1_21' title="bbox 1983 960 3500 1032">
     <span class='ocr_line' id='line_1_21' title="bbox 1983 960 3500 1032; baseline 0.006 -19"><span class='ocrx_word' id='word_1_158' title='bbox 1983 973 2041 1014; x_wconf 94' lang='lat' dir='ltr'><strong>nt</strong></span> <span class='ocrx_word' id='word_1_159' title='bbox 2086 963 2193 1030; x_wconf 19' lang='lat' dir='ltr'><strong>qui,</strong></span> <span class='ocrx_word' id='word_1_160' title='bbox 2223 962 2359 1022; x_wconf 66' lang='lat' dir='ltr'><strong>haac,</strong></span> <span class='ocrx_word' id='word_1_161' title='bbox 2407 960 2622 1026; x_wconf 82' lang='lat' dir='ltr'><strong>perinde</strong></span> <span class='ocrx_word' id='word_1_162' title='bbox 2672 967 2827 1026; x_wconf 89' lang='lat' dir='ltr'><strong>atque</strong></span> <span class='ocrx_word' id='word_1_163' title='bbox 2879 964 3131 1026; x_wconf 87' lang='lat' dir='ltr'><strong>humana,</strong></span> <span class='ocrx_word' id='word_1_164' title='bbox 3179 978 3500 1032; x_wconf 83' lang='lat' dir='ltr'><strong>cognoscere</strong></span> 
     </span>
    </p>
   </div>
   <div class='ocr_carea' id='block_1_22' title="bbox 1983 1047 3498 1120">
    <p class='ocr_par' dir='ltr' id='par_1_22' title="bbox 1983 1047 3498 1120">
     <span class='ocr_line' id='line_1_22' title="bbox 1983 1047 3498 1120; baseline 0.003 -16"><span class='ocrx_word' id='word_1_165' title='bbox 1983 1066 2086 1105; x_wconf 89' lang='lat' dir='ltr'><strong>non</strong></span> <span class='ocrx_word' id='word_1_166' title='bbox 2131 1050 2382 1104; x_wconf 73' lang='lat' dir='ltr'><strong>sufficiat.</strong></span> <span class='ocrx_word' id='word_1_167' title='bbox 2435 1047 2584 1100; x_wconf 87' lang='lat' dir='ltr'><strong>Alius</strong></span> <span class='ocrx_word' id='word_1_168' title='bbox 2625 1055 2798 1100; x_wconf 89' lang='lat' dir='ltr'><strong>autem</strong></span> <span class='ocrx_word' id='word_1_169' title='bbox 2847 1051 3108 1116; x_wconf 82' lang='lat' dir='ltr'><strong>quispiam</strong></span> <span class='ocrx_word' id='word_1_170' title='bbox 3161 1053 3332 1120; x_wconf 86' lang='lat' dir='ltr'><strong>inquit</strong></span> <span class='ocrx_word' id='word_1_171' title='bbox 3379 1069 3498 1110; x_wconf 87' lang='lat' dir='ltr'><strong>eum</strong></span> 
     </span>
    </p>
   </div>
   <div class='ocr_carea' id='block_1_23' title="bbox 1983 1135 3501 1207">
    <p class='ocr_par' dir='ltr' id='par_1_23' title="bbox 1983 1135 3501 1207">
     <span class='ocr_line' id='line_1_23' title="bbox 1983 1135 3501 1207; baseline 0.003 -16"><span class='ocrx_word' id='word_1_172' title='bbox 1983 1140 2071 1205; x_wconf 91' lang='lat' dir='ltr'><strong>qui</strong></span> <span class='ocrx_word' id='word_1_173' title='bbox 2119 1138 2349 1204; x_wconf 87' lang='lat' dir='ltr'><strong>seipsum</strong></span> <span class='ocrx_word' id='word_1_174' title='bbox 2385 1135 2625 1195; x_wconf 85' lang='lat' dir='ltr'><strong>inanivit,</strong></span> <span class='ocrx_word' id='word_1_175' title='bbox 2655 1149 2758 1187; x_wconf 91' lang='lat' dir='ltr'><strong>non</strong></span> <span class='ocrx_word' id='word_1_176' title='bbox 2799 1151 2930 1201; x_wconf 91' lang='lat' dir='ltr'><strong>opus</strong></span> <span class='ocrx_word' id='word_1_177' title='bbox 2973 1137 3167 1190; x_wconf 87' lang='lat' dir='ltr'><strong>habere</strong></span> <span class='ocrx_word' id='word_1_178' title='bbox 3193 1149 3252 1192; x_wconf 89' lang='lat' dir='ltr'><strong>ut</strong></span> <span class='ocrx_word' id='word_1_179' title='bbox 3279 1141 3398 1207; x_wconf 88' lang='lat' dir='ltr'><strong>quis</strong></span> <span class='ocrx_word' id='word_1_180' title='bbox 3424 1150 3501 1195; x_wconf 88' lang='lat' dir='ltr'><strong>te-</strong></span> 
     </span>
    </p>
   </div>
   <div class='ocr_carea' id='block_1_24' title="bbox 1984 1222 3500 1292">
    <p class='ocr_par' dir='ltr' id='par_1_24' title="bbox 1984 1222 3500 1292">
     <span class='ocr_line' id='line_1_24' title="bbox 1984 1222 3500 1292; baseline 0.003 -15"><span class='ocrx_word' id='word_1_181' title='bbox 1984 1234 2153 1278; x_wconf 90' lang='lat' dir='ltr'><strong>stetur</strong></span> <span class='ocrx_word' id='word_1_182' title='bbox 2181 1226 2246 1278; x_wconf 90' lang='lat' dir='ltr'><strong>de</strong></span> <span class='ocrx_word' id='word_1_183' title='bbox 2276 1224 2511 1284; x_wconf 85' lang='lat' dir='ltr'><strong>homine,</strong></span> <span class='ocrx_word' id='word_1_184' title='bbox 2541 1222 2631 1275; x_wconf 91' lang='lat' dir='ltr'><strong>sed</strong></span> <span class='ocrx_word' id='word_1_185' title='bbox 2669 1236 2798 1290; x_wconf 88' lang='lat' dir='ltr'><strong>opus</strong></span> <span class='ocrx_word' id='word_1_186' title='bbox 2839 1223 3033 1277; x_wconf 88' lang='lat' dir='ltr'><strong>habere</strong></span> <span class='ocrx_word' id='word_1_187' title='bbox 3059 1227 3254 1292; x_wconf 89' lang='lat' dir='ltr'><strong>utquis</strong></span> <span class='ocrx_word' id='word_1_188' title='bbox 3279 1235 3500 1282; x_wconf 85' lang='lat' dir='ltr'><strong>testetur</strong></span> 
     </span>
    </p>
   </div>
   <div class='ocr_carea' id='block_1_25' title="bbox 1985 1302 3218 1379">
    <p class='ocr_par' dir='ltr' id='par_1_25' title="bbox 1985 1302 3218 1379">
     <span class='ocr_line' id='line_1_25' title="bbox 1985 1302 3218 1379; baseline -0.001 -13"><span class='ocrx_word' id='word_1_189' title='bbox 1985 1314 2048 1366; x_wconf 88' lang='lat' dir='ltr'><strong>de</strong></span> <span class='ocrx_word' id='word_1_190' title='bbox 2077 1313 2157 1365; x_wconf 88' lang='lat' dir='ltr'><strong>his</strong></span> <span class='ocrx_word' id='word_1_191' title='bbox 2188 1312 2275 1379; x_wconf 91' lang='lat' dir='ltr'><strong>qui</strong></span> <span class='ocrx_word' id='word_1_192' title='bbox 2310 1310 2702 1378; x_wconf 63' lang='lat' dir='ltr'><strong>praastantiores</strong></span> <span class='ocrx_word' id='word_1_193' title='bbox 2743 1319 2867 1362; x_wconf 91' lang='lat' dir='ltr'><strong>sunt</strong></span> <span class='ocrx_word' id='word_1_194' title='bbox 2896 1302 3218 1365; x_wconf 86' lang='lat' dir='ltr'><strong>hominibus.</strong></span> 
     </span>
    </p>
   </div>
   <div class='ocr_carea' id='block_1_26' title="bbox 2052 1399 3498 1471">
    <p class='ocr_par' dir='ltr' id='par_1_26' title="bbox 2052 1399 3498 1471">
     <span class='ocr_line' id='line_1_26' title="bbox 2052 1399 3498 1471; baseline 0.002 -19"><span class='ocrx_word' id='word_1_195' title='bbox 2052 1399 2140 1453; x_wconf 80' lang='lat'><strong>30.</strong></span> <span class='ocrx_word' id='word_1_196' title='bbox 2181 1400 2319 1463; x_wconf 84' lang='lat' dir='ltr'><strong>Quin</strong></span> <span class='ocrx_word' id='word_1_197' title='bbox 2353 1400 2454 1451; x_wconf 90' lang='lat' dir='ltr'><strong>hoc</strong></span> <span class='ocrx_word' id='word_1_198' title='bbox 2497 1399 2662 1452; x_wconf 88' lang='lat' dir='ltr'><strong>etiam</strong></span> <span class='ocrx_word' id='word_1_199' title='bbox 2701 1399 3040 1466; x_wconf 67' lang='lat' dir='ltr'><strong>quaerendum</strong></span> <span class='ocrx_word' id='word_1_200' title='bbox 3067 1410 3167 1462; x_wconf 91' lang='lat' dir='ltr'><strong>est,</strong></span> <span class='ocrx_word' id='word_1_201' title='bbox 3199 1410 3327 1468; x_wconf 90' lang='lat' dir='ltr'><strong>quot</strong></span> <span class='ocrx_word' id='word_1_202' title='bbox 3351 1403 3498 1471; x_wconf 87' lang='lat' dir='ltr'><strong>signa</strong></span> 
     </span>
    </p>
   </div>
   <div class='ocr_carea' id='block_1_27' title="bbox 1985 1484 3498 1553">
    <p class='ocr_par' dir='ltr' id='par_1_27' title="bbox 1985 1484 3498 1553">
     <span class='ocr_line' id='line_1_27' title="bbox 1985 1484 3498 1553; baseline 0.004 -16"><span class='ocrx_word' id='word_1_203' title='bbox 1985 1484 2150 1553; x_wconf 89' lang='lat' dir='ltr'><strong>ipsius</strong></span> <span class='ocrx_word' id='word_1_204' title='bbox 2207 1485 2356 1538; x_wconf 90' lang='lat' dir='ltr'><strong>multi</strong></span> <span class='ocrx_word' id='word_1_205' title='bbox 2419 1486 2680 1551; x_wconf 71' lang='lat' dir='ltr'><strong>videntes,</strong></span> <span class='ocrx_word' id='word_1_206' title='bbox 2720 1486 3058 1540; x_wconf 88' lang='lat' dir='ltr'><strong>crediderunt</strong></span> <span class='ocrx_word' id='word_1_207' title='bbox 3105 1488 3158 1541; x_wconf 91' lang='lat' dir='ltr'><strong>in</strong></span> <span class='ocrx_word' id='word_1_208' title='bbox 3205 1503 3344 1542; x_wconf 89' lang='lat' dir='ltr'><strong>eum.</strong></span> <span class='ocrx_word' id='word_1_209' title='bbox 3388 1491 3498 1543; x_wconf 82' lang='lat' dir='ltr'><strong>Non</strong></span> 
     </span>
    </p>
   </div>
   <div class='ocr_carea' id='block_1_28' title="bbox 1986 1571 3542 1646">
    <p class='ocr_par' dir='ltr' id='par_1_28' title="bbox 1986 1571 3542 1646">
     <span class='ocr_line' id='line_1_28' title="bbox 1986 1571 3542 1646; baseline 0.004 -22"><span class='ocrx_word' id='word_1_210' title='bbox 1986 1574 2124 1625; x_wconf 88' lang='lat' dir='ltr'><strong>enim</strong></span> <span class='ocrx_word' id='word_1_211' title='bbox 2151 1575 2404 1640; x_wconf 86' lang='lat' dir='ltr'><strong>scriptum</strong></span> <span class='ocrx_word' id='word_1_212' title='bbox 2452 1583 2532 1626; x_wconf 90' lang='lat' dir='ltr'><strong>est</strong></span> <span class='ocrx_word' id='word_1_213' title='bbox 2576 1574 2724 1640; x_wconf 87' lang='lat' dir='ltr'><strong>signa</strong></span> <span class='ocrx_word' id='word_1_214' title='bbox 2776 1573 2965 1628; x_wconf 83' lang='lat' dir='ltr'><strong>fecisse</strong></span> <span class='ocrx_word' id='word_1_215' title='bbox 3011 1575 3372 1646; x_wconf 86' lang='lat' dir='ltr'><strong>Jerosolymis,</strong></span> <span class='ocrx_word' id='word_1_216' title='bbox 3401 1579 3498 1632; x_wconf 86' lang='lat' dir='ltr'><strong>nisi</strong></span> <span class='ocrx_word' id='word_1_217' title='bbox 3539 1571 3542 1576; x_wconf 78' lang='grc'><em>’</em></span> 
     </span>
    </p>
   </div>
   <div class='ocr_carea' id='block_1_29' title="bbox 1988 1660 3501 1730">
    <p class='ocr_par' dir='ltr' id='par_1_29' title="bbox 1988 1660 3501 1730">
     <span class='ocr_line' id='line_1_29' title="bbox 1988 1660 3501 1730; baseline 0.006 -18"><span class='ocrx_word' id='word_1_218' title='bbox 1988 1660 2216 1714; x_wconf 88' lang='lat' dir='ltr'><strong>fortasse</strong></span> <span class='ocrx_word' id='word_1_219' title='bbox 2253 1662 2391 1714; x_wconf 88' lang='lat' dir='ltr'><strong>facta</strong></span> <span class='ocrx_word' id='word_1_220' title='bbox 2436 1663 2584 1730; x_wconf 84' lang='lat' dir='ltr'><strong>signa</strong></span> <span class='ocrx_word' id='word_1_221' title='bbox 2635 1663 2830 1728; x_wconf 87' lang='lat' dir='ltr'><strong>scripta</strong></span> <span class='ocrx_word' id='word_1_222' title='bbox 2868 1680 2969 1716; x_wconf 94' lang='lat' dir='ltr'><strong>non</strong></span> <span class='ocrx_word' id='word_1_223' title='bbox 3000 1664 3234 1724; x_wconf 90' lang='lat' dir='ltr'><strong>fuerunt.</strong></span> <span class='ocrx_word' id='word_1_224' title='bbox 3275 1666 3501 1721; x_wconf 84' lang='lat' dir='ltr'><strong>Proinde</strong></span> 
     </span>
    </p>
   </div>
   <div class='ocr_carea' id='block_1_30' title="bbox 347 1752 1884 1829">
    <p class='ocr_par' dir='ltr' id='par_1_30' title="bbox 347 1757 1884 1829">
     <span class='ocr_line' id='line_1_30' title="bbox 347 1757 1884 1829; baseline 0.003 -22"><span class='ocrx_word' id='word_1_225' title='bbox 347 1757 534 1808; x_wconf 52' lang='grc' dir='ltr'>Σκόπει</span> <span class='ocrx_word' id='word_1_226' title='bbox 583 1757 640 1824; x_wconf 72' lang='grc' dir='ltr'><strong>δέ</strong></span> <span class='ocrx_word' id='word_1_227' title='bbox 676 1760 724 1808; x_wconf 86' lang='grc' dir='ltr'><strong>εί</strong></span> <span class='ocrx_word' id='word_1_228' title='bbox 756 1758 976 1810; x_wconf 86' lang='grc' dir='ltr'>δυνατὸν</span> <span class='ocrx_word' id='word_1_229' title='bbox 1015 1761 1093 1820; x_wconf 89' lang='grc' dir='ltr'><strong>είς</strong></span> <span class='ocrx_word' id='word_1_230' title='bbox 1126 1762 1321 1828; x_wconf 86' lang='grc' dir='ltr'>σημεῖα</span> <span class='ocrx_word' id='word_1_231' title='bbox 1355 1759 1658 1829; x_wconf 83' lang='grc' dir='ltr'>λογισθῆναι</span> <span class='ocrx_word' id='word_1_232' title='bbox 1699 1761 1758 1812; x_wconf 85' lang='grc' dir='ltr'><strong>τὸ</strong></span> <span class='ocrx_word' id='word_1_233' title='bbox 1789 1777 1884 1811; x_wconf 86' lang='grc' dir='ltr'>πε-</span> 
     </span>
    </p>
   </div>
   <div class='ocr_carea' id='block_1_31' title="bbox 1988 1752 3503 1829">
    <p class='ocr_par' dir='ltr' id='par_1_31' title="bbox 1988 1752 3503 1823">
     <span class='ocr_line' id='line_1_31' title="bbox 1988 1752 3503 1823; baseline 0.005 -19"><span class='ocrx_word' id='word_1_234' title='bbox 1988 1752 2262 1805; x_wconf 87' lang='lat' dir='ltr'><strong>considera</strong></span> <span class='ocrx_word' id='word_1_235' title='bbox 2295 1767 2362 1805; x_wconf 91' lang='lat' dir='ltr'><strong>an</strong></span> <span class='ocrx_word' id='word_1_236' title='bbox 2399 1752 2534 1804; x_wconf 92' lang='lat' dir='ltr'><strong>inter</strong></span> <span class='ocrx_word' id='word_1_237' title='bbox 2559 1755 2706 1820; x_wconf 86' lang='lat' dir='ltr'><strong>signa</strong></span> <span class='ocrx_word' id='word_1_238' title='bbox 2739 1755 2970 1821; x_wconf 88' lang='lat' dir='ltr'><strong>reputari</strong></span> <span class='ocrx_word' id='word_1_239' title='bbox 3002 1756 3166 1822; x_wconf 85' lang='lat' dir='ltr'><strong>possit</strong></span> <span class='ocrx_word' id='word_1_240' title='bbox 3197 1758 3332 1823; x_wconf 92' lang='lat' dir='ltr'><strong>quod</strong></span> <span class='ocrx_word' id='word_1_241' title='bbox 3365 1757 3503 1811; x_wconf 86' lang='lat' dir='ltr'><strong>fece-</strong></span> 
     </span>
    </p>
   </div>
   <div class='ocr_carea' id='block_1_32' title="bbox 347 1847 1885 1916">
    <p class='ocr_par' dir='ltr' id='par_1_32' title="bbox 347 1847 1885 1916">
     <span class='ocr_line' id='line_1_32' title="bbox 347 1847 1885 1916; baseline 0.004 -19"><span class='ocrx_word' id='word_1_242' title='bbox 347 1847 620 1915; x_wconf 83' lang='grc' dir='ltr'>ποιηκέναι</span> <span class='ocrx_word' id='word_1_243' title='bbox 648 1847 964 1916; x_wconf 75' lang='grc' dir='ltr'>φραγέλλιον</span> <span class='ocrx_word' id='word_1_244' title='bbox 994 1850 1056 1900; x_wconf 86' lang='grc' dir='ltr'><strong>ἐκ</strong></span> <span class='ocrx_word' id='word_1_245' title='bbox 1078 1849 1316 1916; x_wconf 85' lang='grc' dir='ltr'>σχοινίων</span> <span class='ocrx_word' id='word_1_246' title='bbox 1337 1889 1352 1912; x_wconf 94' lang='grc'><strong>,</strong></span> <span class='ocrx_word' id='word_1_247' title='bbox 1388 1851 1480 1901; x_wconf 67' lang='grc' dir='ltr'><strong>κα)⁵</strong></span> <span class='ocrx_word' id='word_1_248' title='bbox 1511 1850 1712 1912; x_wconf 85' lang='grc' dir='ltr'>πάντας</span> <span class='ocrx_word' id='word_1_249' title='bbox 1737 1851 1885 1903; x_wconf 86' lang='grc' dir='ltr'>ἐκϐε-</span> 
     </span>
    </p>
   </div>
   <div class='ocr_carea' id='block_1_33' title="bbox 347 1933 1882 2005">
    <p class='ocr_par' dir='ltr' id='par_1_33' title="bbox 347 1933 1882 2005">
     <span class='ocr_line' id='line_1_33' title="bbox 347 1933 1882 2005; baseline 0.005 -22"><span class='ocrx_word' id='word_1_250' title='bbox 347 1934 594 2003; x_wconf 82' lang='grc' dir='ltr'>ϐληκέναι</span> <span class='ocrx_word' id='word_1_251' title='bbox 623 1934 716 1985; x_wconf 85' lang='grc' dir='ltr'><strong>τοῦ</strong></span> <span class='ocrx_word' id='word_1_252' title='bbox 754 1933 919 2004; x_wconf 77' lang='grc' dir='ltr'>ἱεροῦ,</span> <span class='ocrx_word' id='word_1_253' title='bbox 946 1935 1015 1987; x_wconf 91' lang='grc' dir='ltr'><strong>τά</strong></span> <span class='ocrx_word' id='word_1_254' title='bbox 1040 1953 1098 1987; x_wconf 89' lang='grc' dir='ltr'><strong>τε</strong></span> <span class='ocrx_word' id='word_1_255' title='bbox 1133 1937 1399 2004; x_wconf 86' lang='grc' dir='ltr'>πρόϐατα,</span> <span class='ocrx_word' id='word_1_256' title='bbox 1433 1937 1524 1989; x_wconf 78' lang='grc' dir='ltr'><strong>καὶ</strong></span> <span class='ocrx_word' id='word_1_257' title='bbox 1565 1939 1688 1999; x_wconf 79' lang='grc' dir='ltr'>τοὺς</span> <span class='ocrx_word' id='word_1_258' title='bbox 1739 1938 1882 2005; x_wconf 86' lang='grc' dir='ltr'>βόας,</span> 
     </span>
    </p>
   </div>
   <div class='ocr_carea' id='block_1_34' title="bbox 346 2022 1885 2094">
    <p class='ocr_par' dir='ltr' id='par_1_34' title="bbox 346 2022 1885 2094">
     <span class='ocr_line' id='line_1_34' title="bbox 346 2022 1885 2094; baseline 0.003 -21"><span class='ocrx_word' id='word_1_259' title='bbox 346 2025 436 2074; x_wconf 75' lang='grc' dir='ltr'><strong>καὶ</strong></span> <span class='ocrx_word' id='word_1_260' title='bbox 472 2022 577 2073; x_wconf 80' lang='grc' dir='ltr'>τῶν</span> <span class='ocrx_word' id='word_1_261' title='bbox 608 2023 970 2075; x_wconf 82' lang='grc' dir='ltr'>κολλυϐιστῶν</span> <span class='ocrx_word' id='word_1_262' title='bbox 995 2024 1062 2076; x_wconf 84' lang='grc' dir='ltr'>τὰ</span> <span class='ocrx_word' id='word_1_263' title='bbox 1104 2025 1346 2093; x_wconf 81' lang='grc' dir='ltr'>κέρματα</span> <span class='ocrx_word' id='word_1_264' title='bbox 1375 2027 1716 2094; x_wconf 82' lang='grc' dir='ltr'>ἐκκεχυκέναι</span> <span class='ocrx_word' id='word_1_265' title='bbox 1738 2065 1752 2090; x_wconf 84' lang='grc'><strong>,</strong></span> <span class='ocrx_word' id='word_1_266' title='bbox 1793 2029 1885 2078; x_wconf 73' lang='grc' dir='ltr'><strong>καὶ</strong></span> 
     </span>
    </p>
   </div>
   <div class='ocr_carea' id='block_1_35' title="bbox 345 2111 1885 2182">
    <p class='ocr_par' dir='ltr' id='par_1_35' title="bbox 345 2111 1885 2182">
     <span class='ocr_line' id='line_1_35' title="bbox 345 2111 1885 2182; baseline 0.003 -21"><span class='ocrx_word' id='word_1_267' title='bbox 345 2111 437 2172; x_wconf 76' lang='grc' dir='ltr'><strong>τὰς</strong></span> <span class='ocrx_word' id='word_1_268' title='bbox 481 2111 758 2179; x_wconf 79' lang='grc' dir='ltr'>τραπέζας</span> <span class='ocrx_word' id='word_1_269' title='bbox 801 2113 1244 2182; x_wconf 85' lang='grc' dir='ltr'>ἀνατετραφέναι.</span> <span class='ocrx_word' id='word_1_270' title='bbox 1289 2115 1428 2181; x_wconf 90' lang='grc' dir='ltr'>Πρὸς</span> <span class='ocrx_word' id='word_1_271' title='bbox 1480 2115 1722 2182; x_wconf 84' lang='grc' dir='ltr'>μέντοιγε</span> <span class='ocrx_word' id='word_1_272' title='bbox 1764 2116 1885 2176; x_wconf 79' lang='grc' dir='ltr'>τοὺς</span> 
     </span>
    </p>
   </div>
   <div class='ocr_carea' id='block_1_36' title="bbox 349 2199 1884 2271">
    <p class='ocr_par' dir='ltr' id='par_1_36' title="bbox 349 2199 1884 2271">
     <span class='ocr_line' id='line_1_36' title="bbox 349 2199 1884 2271; baseline 0.004 -23"><span class='ocrx_word' id='word_1_273' title='bbox 349 2199 742 2266; x_wconf 81' lang='grc' dir='ltr'>ὑπονοήσαντας</span> <span class='ocrx_word' id='word_1_274' title='bbox 779 2199 846 2251; x_wconf 80' lang='grc' dir='ltr'>ἂν</span> <span class='ocrx_word' id='word_1_275' title='bbox 890 2199 1014 2268; x_wconf 79' lang='grc' dir='ltr'>περὶ</span> <span class='ocrx_word' id='word_1_276' title='bbox 1054 2200 1223 2268; x_wconf 87' lang='grc' dir='ltr'>μόνων</span> <span class='ocrx_word' id='word_1_277' title='bbox 1260 2200 1552 2270; x_wconf 88' lang='grc' dir='ltr'>ἀνθρώπων</span> <span class='ocrx_word' id='word_1_278' title='bbox 1587 2203 1658 2270; x_wconf 83' lang='grc' dir='ltr'>μὴ</span> <span class='ocrx_word' id='word_1_279' title='bbox 1700 2203 1884 2271; x_wconf 82' lang='grc' dir='ltr'>χρείαν</span> 
     </span>
    </p>
   </div>
   <div class='ocr_carea' id='block_1_37' title="bbox 350 2286 1886 2358">
    <p class='ocr_par' dir='ltr' id='par_1_37' title="bbox 350 2286 1886 2358">
     <span class='ocr_line' id='line_1_37' title="bbox 350 2286 1886 2358; baseline 0.003 -20"><span class='ocrx_word' id='word_1_280' title='bbox 350 2286 485 2355; x_wconf 75' lang='grc' dir='ltr'>ἔχειν</span> <span class='ocrx_word' id='word_1_281' title='bbox 514 2289 672 2340; x_wconf 77' lang='grc' dir='ltr'>αὑτὸν</span> <span class='ocrx_word' id='word_1_282' title='bbox 703 2288 1014 2358; x_wconf 89' lang='grc' dir='ltr'>μαρτύρων,</span> <span class='ocrx_word' id='word_1_283' title='bbox 1043 2289 1222 2355; x_wconf 85' lang='grc' dir='ltr'>λέγει,</span> <span class='ocrx_word' id='word_1_284' title='bbox 1252 2291 1332 2342; x_wconf 84' lang='grc' dir='ltr'>ὅτι</span> <span class='ocrx_word' id='word_1_285' title='bbox 1360 2291 1451 2341; x_wconf 92' lang='grc' dir='ltr'><strong>δύο</strong></span> <span class='ocrx_word' id='word_1_286' title='bbox 1481 2291 1624 2358; x_wconf 85' lang='grc' dir='ltr'><strong>αὺτῷ</strong></span> <span class='ocrx_word' id='word_1_287' title='bbox 1655 2293 1682 2343; x_wconf 95' lang='lat'><strong>6</strong></span> <span class='ocrx_word' id='word_1_288' title='bbox 1713 2292 1886 2357; x_wconf 79' lang='grc' dir='ltr'>Εὐαγ-</span> 
     </span>
    </p>
   </div>
   <div class='ocr_carea' id='block_1_38' title="bbox 349 2375 1886 2446">
    <p class='ocr_par' dir='ltr' id='par_1_38' title="bbox 349 2375 1886 2446">
     <span class='ocr_line' id='line_1_38' title="bbox 349 2375 1886 2446; baseline 0.003 -21"><span class='ocrx_word' id='word_1_289' title='bbox 349 2375 594 2445; x_wconf 81' lang='grc' dir='ltr'>γελιστής</span> <span class='ocrx_word' id='word_1_290' title='bbox 628 2376 1037 2446; x_wconf 81' lang='grc' dir='ltr'>μεμαρτύρηκε,</span> <span class='ocrx_word' id='word_1_291' title='bbox 1067 2378 1126 2429; x_wconf 91' lang='grc' dir='ltr'><strong>τό</strong></span> <span class='ocrx_word' id='word_1_292' title='bbox 1156 2395 1212 2429; x_wconf 89' lang='grc' dir='ltr'><strong>τε</strong></span> <span class='ocrx_word' id='word_1_293' title='bbox 1236 2377 1516 2444; x_wconf 88' lang='grc' dir='ltr'>γινώσκειν</span> <span class='ocrx_word' id='word_1_294' title='bbox 1545 2379 1765 2440; x_wconf 88' lang='grc' dir='ltr'>πάντας,</span> <span class='ocrx_word' id='word_1_295' title='bbox 1795 2381 1886 2430; x_wconf 73' lang='grc' dir='ltr'><strong>καὶ</strong></span> 
     </span>
    </p>
   </div>
   <div class='ocr_carea' id='block_1_39' title="bbox 350 2461 1883 2533">
    <p class='ocr_par' dir='ltr' id='par_1_39' title="bbox 350 2461 1883 2533">
     <span class='ocr_line' id='line_1_39' title="bbox 350 2461 1883 2533; baseline 0.003 -24"><span class='ocrx_word' id='word_1_296' title='bbox 350 2461 408 2510; x_wconf 76' lang='grc' dir='ltr'><strong>τὸ</strong></span> <span class='ocrx_word' id='word_1_297' title='bbox 441 2461 511 2530; x_wconf 80' lang='grc' dir='ltr'><strong>μή</strong></span> <span class='ocrx_word' id='word_1_298' title='bbox 542 2462 729 2530; x_wconf 85' lang='grc' dir='ltr'>χρείαν</span> <span class='ocrx_word' id='word_1_299' title='bbox 760 2463 902 2530; x_wconf 78' lang='grc' dir='ltr'>ἔχειν</span> <span class='ocrx_word' id='word_1_300' title='bbox 935 2464 1019 2513; x_wconf 83' lang='grc' dir='ltr'>ἵνα</span> <span class='ocrx_word' id='word_1_301' title='bbox 1044 2479 1127 2524; x_wconf 92' lang='grc' dir='ltr'><strong>τις</strong></span> <span class='ocrx_word' id='word_1_302' title='bbox 1161 2464 1473 2533; x_wconf 84' lang='grc' dir='ltr'>μαρτυρήσῃ</span> <span class='ocrx_word' id='word_1_303' title='bbox 1513 2464 1638 2532; x_wconf 78' lang='grc' dir='ltr'>περὶ</span> <span class='ocrx_word' id='word_1_304' title='bbox 1678 2462 1883 2533; x_wconf 89' lang='grc' dir='ltr'>ἀνθρώ-</span> 
     </span>
    </p>
   </div>
   <div class='ocr_carea' id='block_1_40' title="bbox 353 2549 1882 2620">
    <p class='ocr_par' dir='ltr' id='par_1_40' title="bbox 353 2549 1882 2620">
     <span class='ocr_line' id='line_1_40' title="bbox 353 2549 1882 2620; baseline 0.003 -22"><span class='ocrx_word' id='word_1_305' title='bbox 353 2564 449 2598; x_wconf 81' lang='grc' dir='ltr'><strong>που</strong></span> <span class='ocrx_word' id='word_1_306' title='bbox 468 2565 479 2577; x_wconf 71' lang='grc' dir='ltr'><strong>ο</strong></span> <span class='ocrx_word' id='word_1_307' title='bbox 516 2551 563 2601; x_wconf 86' lang='grc' dir='ltr'><strong>εί</strong></span> <span class='ocrx_word' id='word_1_308' title='bbox 591 2549 696 2620; x_wconf 74' lang='grc' dir='ltr'>γὰρ</span> <span class='ocrx_word' id='word_1_309' title='bbox 726 2551 933 2612; x_wconf 85' lang='grc' dir='ltr'>πάντας</span> <span class='ocrx_word' id='word_1_310' title='bbox 961 2551 1267 2619; x_wconf 86' lang='grc' dir='ltr'>ἐγίνωσκεν,</span> <span class='ocrx_word' id='word_1_311' title='bbox 1287 2552 1346 2602; x_wconf 84' lang='grc' dir='ltr'><strong>οὐ</strong></span> <span class='ocrx_word' id='word_1_312' title='bbox 1375 2551 1527 2618; x_wconf 83' lang='grc' dir='ltr'>μόνον</span> <span class='ocrx_word' id='word_1_313' title='bbox 1553 2551 1882 2620; x_wconf 86' lang='grc' dir='ltr'>ἀνθρώπους,</span> 
     </span>
    </p>
   </div>
   <div class='ocr_carea' id='block_1_41' title="bbox 356 2637 1887 2708">
    <p class='ocr_par' dir='ltr' id='par_1_41' title="bbox 356 2637 1887 2708">
     <span class='ocr_line' id='line_1_41' title="bbox 356 2637 1887 2708; baseline 0.002 -19"><span class='ocrx_word' id='word_1_314' title='bbox 356 2637 484 2689; x_wconf 85' lang='grc' dir='ltr'><strong>ἀλλά</strong></span> <span class='ocrx_word' id='word_1_315' title='bbox 509 2639 600 2689; x_wconf 75' lang='grc' dir='ltr'><strong>καὶ</strong></span> <span class='ocrx_word' id='word_1_316' title='bbox 624 2639 694 2690; x_wconf 81' lang='grc' dir='ltr'>τὰ</span> <span class='ocrx_word' id='word_1_317' title='bbox 733 2639 871 2708; x_wconf 82' lang='grc' dir='ltr'>ὑπὲρ</span> <span class='ocrx_word' id='word_1_318' title='bbox 894 2640 984 2691; x_wconf 82' lang='grc' dir='ltr'><strong>τὸν</strong></span> <span class='ocrx_word' id='word_1_319' title='bbox 1013 2640 1288 2708; x_wconf 78' lang='grc' dir='ltr'>ἄνθρωπον</span> <span class='ocrx_word' id='word_1_320' title='bbox 1318 2640 1572 2706; x_wconf 76' lang='grc' dir='ltr'>ἐγίνωσκε</span> <span class='ocrx_word' id='word_1_321' title='bbox 1592 2681 1606 2704; x_wconf 91' lang='grc'><strong>,</strong></span> <span class='ocrx_word' id='word_1_322' title='bbox 1639 2641 1728 2692; x_wconf 75' lang='grc' dir='ltr'><strong>καὶ</strong></span> <span class='ocrx_word' id='word_1_323' title='bbox 1755 2641 1887 2692; x_wconf 82' lang='grc' dir='ltr'>πάν-</span> 
     </span>
    </p>
   </div>
   <div class='ocr_carea' id='block_1_42' title="bbox 356 2724 1887 2796">
    <p class='ocr_par' dir='ltr' id='par_1_42' title="bbox 356 2724 1887 2796">
     <span class='ocr_line' id='line_1_42' title="bbox 356 2724 1887 2796; baseline 0.003 -20"><span class='ocrx_word' id='word_1_324' title='bbox 356 2739 445 2786; x_wconf 84' lang='grc' dir='ltr'><strong>τας</strong></span> <span class='ocrx_word' id='word_1_325' title='bbox 472 2726 592 2788; x_wconf 71' lang='grc' dir='ltr'>τοὺς</span> <span class='ocrx_word' id='word_1_326' title='bbox 625 2726 729 2789; x_wconf 79' lang='grc' dir='ltr'><strong>ἐξω</strong></span> <span class='ocrx_word' id='word_1_327' title='bbox 759 2727 1011 2779; x_wconf 81' lang='grc' dir='ltr'>τοιούτων</span> <span class='ocrx_word' id='word_1_328' title='bbox 1049 2728 1306 2796; x_wconf 87' lang='grc' dir='ltr'>σωμάτων</span> <span class='ocrx_word' id='word_1_329' title='bbox 1324 2745 1336 2758; x_wconf 75' lang='grc'><strong><em>⁸</em></strong></span> <span class='ocrx_word' id='word_1_330' title='bbox 1373 2729 1624 2795; x_wconf 82' lang='grc' dir='ltr'>ἐγίνωσκέ</span> <span class='ocrx_word' id='word_1_331' title='bbox 1651 2745 1708 2779; x_wconf 90' lang='grc' dir='ltr'><strong>τε</strong></span> <span class='ocrx_word' id='word_1_332' title='bbox 1735 2729 1785 2779; x_wconf 86' lang='grc' dir='ltr'><strong>τί</strong></span> <span class='ocrx_word' id='word_1_333' title='bbox 1821 2724 1887 2796; x_wconf 85' lang='grc' dir='ltr'>ἦν</span> 
     </span>
    </p>
   </div>
   <div class='ocr_carea' id='block_1_43' title="bbox 356 2815 1888 2887">
    <p class='ocr_par' dir='ltr' id='par_1_43' title="bbox 356 2815 1888 2887">
     <span class='ocr_line' id='line_1_43' title="bbox 356 2815 1888 2887; baseline 0.002 -22"><span class='ocrx_word' id='word_1_334' title='bbox 356 2816 409 2866; x_wconf 72' lang='grc' dir='ltr'><strong>ἐν</strong></span> <span class='ocrx_word' id='word_1_335' title='bbox 451 2815 525 2883; x_wconf 79' lang='grc' dir='ltr'>τῷ</span> <span class='ocrx_word' id='word_1_336' title='bbox 565 2815 863 2885; x_wconf 84' lang='grc' dir='ltr'>ἀνθρώπῳ,</span> <span class='ocrx_word' id='word_1_337' title='bbox 906 2817 1000 2868; x_wconf 83' lang='grc' dir='ltr'>ἆτε</span> <span class='ocrx_word' id='word_1_338' title='bbox 1047 2816 1240 2884; x_wconf 83' lang='grc' dir='ltr'>μείζων</span> <span class='ocrx_word' id='word_1_339' title='bbox 1290 2819 1561 2886; x_wconf 84' lang='grc' dir='ltr'>τυγχάνων</span> <span class='ocrx_word' id='word_1_340' title='bbox 1594 2817 1698 2869; x_wconf 80' lang='grc' dir='ltr'>τῶν</span> <span class='ocrx_word' id='word_1_341' title='bbox 1732 2819 1788 2870; x_wconf 86' lang='grc' dir='ltr'><strong>ἐν</strong></span> <span class='ocrx_word' id='word_1_342' title='bbox 1810 2817 1888 2887; x_wconf 78' lang='grc' dir='ltr'>τῷ</span> 
     </span>
    </p>
   </div>
   <div class='ocr_carea' id='block_1_44' title="bbox 357 2903 1887 2974">
    <p class='ocr_par' dir='ltr' id='par_1_44' title="bbox 357 2903 1887 2974">
     <span class='ocr_line' id='line_1_44' title="bbox 357 2903 1887 2974; baseline 0.002 -21"><span class='ocrx_word' id='word_1_343' title='bbox 357 2903 706 2972; x_wconf 74' lang='grc' dir='ltr'>προφητεύειν</span> <span class='ocrx_word' id='word_1_344' title='bbox 753 2905 1076 2973; x_wconf 81' lang='grc' dir='ltr'>ἐλεγχόντων</span> <span class='ocrx_word' id='word_1_345' title='bbox 1105 2905 1242 2973; x_wconf 88' lang='grc'><strong>(75),</strong></span> <span class='ocrx_word' id='word_1_346' title='bbox 1269 2946 1282 2959; x_wconf 95' lang='grc'><strong>.</strong></span> <span class='ocrx_word' id='word_1_347' title='bbox 1302 2943 1347 2957; x_wconf 93' lang='grc'><strong>..</strong></span> <span class='ocrx_word' id='word_1_348' title='bbox 1375 2907 1464 2956; x_wconf 75' lang='grc' dir='ltr'><strong>καὶ</strong></span> <span class='ocrx_word' id='word_1_349' title='bbox 1491 2907 1770 2974; x_wconf 87' lang='grc' dir='ltr'>κρινόντων</span> <span class='ocrx_word' id='word_1_350' title='bbox 1797 2906 1887 2957; x_wconf 74' lang='grc' dir='ltr'><strong>καὶ</strong></span> 
     </span>
    </p>
   </div>
   <div class='ocr_carea' id='block_1_45' title="bbox 355 2989 1884 3062">
    <p class='ocr_par' dir='ltr' id='par_1_45' title="bbox 355 2989 1884 3062">
     <span class='ocr_line' id='line_1_45' title="bbox 355 2989 1884 3062; baseline 0.004 -23"><span class='ocrx_word' id='word_1_351' title='bbox 355 2989 419 3040; x_wconf 84' lang='grc' dir='ltr'><strong>τά</strong></span> <span class='ocrx_word' id='word_1_352' title='bbox 447 2992 657 3059; x_wconf 82' lang='grc' dir='ltr'>κρυπτά</span> <span class='ocrx_word' id='word_1_353' title='bbox 683 2992 782 3060; x_wconf 82' lang='grc' dir='ltr'>τῆς</span> <span class='ocrx_word' id='word_1_354' title='bbox 808 2993 1031 3062; x_wconf 82' lang='grc' dir='ltr'>καρδίας</span> <span class='ocrx_word' id='word_1_355' title='bbox 1060 2995 1136 3054; x_wconf 85' lang='grc' dir='ltr'><strong>είς</strong></span> <span class='ocrx_word' id='word_1_356' title='bbox 1164 2994 1386 3062; x_wconf 82' lang='grc' dir='ltr'>φανερὸν</span> <span class='ocrx_word' id='word_1_357' title='bbox 1417 2995 1647 3059; x_wconf 84' lang='grc' dir='ltr'>ἀγόντων</span> <span class='ocrx_word' id='word_1_358' title='bbox 1675 2994 1884 3045; x_wconf 87' lang='grc' dir='ltr'>πάντων</span> 
     </span>
    </p>
   </div>
   <div class='ocr_carea' id='block_1_46' title="bbox 354 3061 1953 3149">
    <p class='ocr_par' dir='ltr' id='par_1_46' title="bbox 354 3061 1953 3149">
     <span class='ocr_line' id='line_1_46' title="bbox 354 3061 1953 3149; baseline 0.001 -19"><span class='ocrx_word' id='word_1_359' title='bbox 354 3071 422 3130; x_wconf 81' lang='grc' dir='ltr'>ὧν</span> <span class='ocrx_word' id='word_1_360' title='bbox 444 3079 550 3146; x_wconf 86' lang='grc'>(76)</span> <span class='ocrx_word' id='word_1_361' title='bbox 575 3080 636 3130; x_wconf 85' lang='grc' dir='ltr'><strong>τὸ</strong></span> <span class='ocrx_word' id='word_1_362' title='bbox 660 3061 1185 3149; x_wconf 79' lang='grc' dir='ltr'>Πνεῦμαύποϐάλλει</span> <span class='ocrx_word' id='word_1_363' title='bbox 1223 3061 1416 3143; x_wconf 79' lang='grc' dir='ltr'>αὐτοῖς.</span> <span class='ocrx_word' id='word_1_364' title='bbox 1450 3081 1672 3133; x_wconf 88' lang='grc' dir='ltr'>Δύναται</span> <span class='ocrx_word' id='word_1_365' title='bbox 1702 3081 1757 3133; x_wconf 80' lang='grc' dir='ltr'>δὲ</span> <span class='ocrx_word' id='word_1_366' title='bbox 1786 3081 1846 3132; x_wconf 90' lang='grc' dir='ltr'><strong>τό</strong></span> <span class='ocrx_word' id='word_1_367' title='bbox 1869 3097 1882 3111; x_wconf 76' lang='grc' dir='ltr'><strong>ο</strong></span> <span class='ocrx_word' id='word_1_368' title='bbox 1911 3061 1953 3118; x_wconf 76' lang='lat' dir='ltr'><strong>C</strong></span> 
     </span>
    </p>
   </div>
   <div class='ocr_carea' id='block_1_47' title="bbox 360 3165 1884 3239">
    <p class='ocr_par' dir='ltr' id='par_1_47' title="bbox 360 3165 1884 3239">
     <span class='ocr_line' id='line_1_47' title="bbox 360 3165 1884 3239; baseline 0.004 -22"><span class='ocrx_word' id='word_1_369' title='bbox 360 3185 378 3217; x_wconf 81' lang='grc' dir='ltr'><strong>ι</strong></span> <span class='ocrx_word' id='word_1_370' title='bbox 420 3168 704 3234; x_wconf 85' lang='grc' dir='ltr'>Ἐγίνωσκε</span> <span class='ocrx_word' id='word_1_371' title='bbox 733 3169 783 3221; x_wconf 90' lang='grc' dir='ltr'><strong>τί</strong></span> <span class='ocrx_word' id='word_1_372' title='bbox 825 3165 894 3239; x_wconf 77' lang='grc' dir='ltr'>ἦν</span> <span class='ocrx_word' id='word_1_373' title='bbox 936 3171 993 3220; x_wconf 93' lang='grc' dir='ltr'><strong>ἐν</strong></span> <span class='ocrx_word' id='word_1_374' title='bbox 1033 3169 1110 3238; x_wconf 85' lang='grc' dir='ltr'><strong>τῷ</strong></span> <span class='ocrx_word' id='word_1_375' title='bbox 1143 3170 1404 3238; x_wconf 77' lang='grc' dir='ltr'>ἀνθρώπῳ</span> <span class='ocrx_word' id='word_1_376' title='bbox 1427 3210 1440 3231; x_wconf 88' lang='grc'><strong>,</strong></span> <span class='ocrx_word' id='word_1_377' title='bbox 1476 3189 1493 3219; x_wconf 83' lang='grc' dir='ltr'><strong>ι</strong></span> <span class='ocrx_word' id='word_1_378' title='bbox 1530 3171 1884 3238; x_wconf 86' lang='grc' dir='ltr'>λαμϐάνεσθαι</span> 
     </span>
    </p>
   </div>
   <div class='ocr_carea' id='block_1_48' title="bbox 356 3257 1888 3328">
    <p class='ocr_par' dir='ltr' id='par_1_48' title="bbox 356 3257 1888 3328">
     <span class='ocr_line' id='line_1_48' title="bbox 356 3257 1888 3328; baseline 0.002 -21"><span class='ocrx_word' id='word_1_379' title='bbox 356 3257 442 3307; x_wconf 75' lang='grc' dir='ltr'><strong>καὶ</strong></span> <span class='ocrx_word' id='word_1_380' title='bbox 464 3259 553 3308; x_wconf 77' lang='grc' dir='ltr'><strong>ἐπὶ</strong></span> <span class='ocrx_word' id='word_1_381' title='bbox 577 3257 683 3308; x_wconf 84' lang='grc' dir='ltr'>τῶν</span> <span class='ocrx_word' id='word_1_382' title='bbox 715 3257 1046 3326; x_wconf 82' lang='grc' dir='ltr'>ἐνεργουσῶν</span> <span class='ocrx_word' id='word_1_383' title='bbox 1070 3258 1340 3326; x_wconf 82' lang='grc' dir='ltr'>δυνάμεων</span> <span class='ocrx_word' id='word_1_384' title='bbox 1372 3260 1619 3328; x_wconf 86' lang='grc' dir='ltr'>χειρόνων</span> <span class='ocrx_word' id='word_1_385' title='bbox 1648 3259 1680 3326; x_wconf 88' lang='grc' dir='ltr'>ἢ</span> <span class='ocrx_word' id='word_1_386' title='bbox 1713 3276 1888 3326; x_wconf 87' lang='grc' dir='ltr'>κρειτ-</span> 
     </span>
    </p>
   </div>
   <div class='ocr_carea' id='block_1_49' title="bbox 354 3346 1885 3417">
    <p class='ocr_par' dir='ltr' id='par_1_49' title="bbox 354 3346 1885 3417">
     <span class='ocr_line' id='line_1_49' title="bbox 354 3346 1885 3417; baseline 0 -19"><span class='ocrx_word' id='word_1_387' title='bbox 354 3347 512 3398; x_wconf 86' lang='grc' dir='ltr'>τόνων</span> <span class='ocrx_word' id='word_1_388' title='bbox 536 3349 592 3398; x_wconf 87' lang='grc' dir='ltr'><strong>ἐν</strong></span> <span class='ocrx_word' id='word_1_389' title='bbox 629 3346 961 3416; x_wconf 85' lang='grc' dir='ltr'>ἀνθρώποις·</span> <span class='ocrx_word' id='word_1_390' title='bbox 994 3350 1041 3398; x_wconf 90' lang='grc' dir='ltr'><strong>εί</strong></span> <span class='ocrx_word' id='word_1_391' title='bbox 1071 3347 1166 3415; x_wconf 84' lang='grc' dir='ltr'>μὲν</span> <span class='ocrx_word' id='word_1_392' title='bbox 1198 3347 1303 3417; x_wconf 87' lang='grc' dir='ltr'>γὰρ</span> <span class='ocrx_word' id='word_1_393' title='bbox 1324 3348 1500 3399; x_wconf 86' lang='grc' dir='ltr'>δίδωσί</span> <span class='ocrx_word' id='word_1_394' title='bbox 1523 3364 1604 3408; x_wconf 89' lang='grc' dir='ltr'><strong>τις</strong></span> <span class='ocrx_word' id='word_1_395' title='bbox 1627 3349 1782 3400; x_wconf 87' lang='grc' dir='ltr'>τόπον</span> <span class='ocrx_word' id='word_1_396' title='bbox 1810 3349 1885 3416; x_wconf 85' lang='grc' dir='ltr'>τῷ</span> 
     </span>
    </p>
   </div>
   <div class='ocr_carea' id='block_1_50' title="bbox 353 3433 1885 3504">
    <p class='ocr_par' dir='ltr' id='par_1_50' title="bbox 353 3433 1885 3504">
     <span class='ocr_line' id='line_1_50' title="bbox 353 3433 1885 3504; baseline -0.001 -18"><span class='ocrx_word' id='word_1_397' title='bbox 353 3435 608 3504; x_wconf 85' lang='grc' dir='ltr'>διαϐόλῳ,</span> <span class='ocrx_word' id='word_1_398' title='bbox 655 3436 955 3504; x_wconf 83' lang='grc' dir='ltr'>εἰσέρχεται</span> <span class='ocrx_word' id='word_1_399' title='bbox 998 3437 1076 3496; x_wconf 86' lang='grc' dir='ltr'><strong>είς</strong></span> <span class='ocrx_word' id='word_1_400' title='bbox 1123 3436 1279 3486; x_wconf 82' lang='grc' dir='ltr'>αὑτὸν</span> <span class='ocrx_word' id='word_1_401' title='bbox 1323 3438 1350 3487; x_wconf 97' lang='lat'><strong>6</strong></span> <span class='ocrx_word' id='word_1_402' title='bbox 1399 3436 1661 3495; x_wconf 83' lang='grc' dir='ltr'>Σατανᾶς·</span> <span class='ocrx_word' id='word_1_403' title='bbox 1704 3433 1885 3504; x_wconf 83' lang='grc' dir='ltr'>ὥσπερ</span> 
     </span>
    </p>
   </div>
   <div class='ocr_carea' id='block_1_51' title="bbox 353 3521 1888 3593">
    <p class='ocr_par' dir='ltr' id='par_1_51' title="bbox 353 3521 1888 3593">
     <span class='ocr_line' id='line_1_51' title="bbox 353 3521 1888 3593; baseline 0.001 -19"><span class='ocrx_word' id='word_1_404' title='bbox 353 3521 541 3574; x_wconf 73' lang='grc' dir='ltr'>εδωκεν</span> <span class='ocrx_word' id='word_1_405' title='bbox 587 3523 816 3584; x_wconf 85' lang='grc' dir='ltr'>Ἰούδας,</span> <span class='ocrx_word' id='word_1_406' title='bbox 867 3541 885 3572; x_wconf 80' lang='grc' dir='ltr'><strong>ι</strong></span> <span class='ocrx_word' id='word_1_407' title='bbox 921 3522 1012 3574; x_wconf 87' lang='grc' dir='ltr'><strong>τοῦ</strong></span> <span class='ocrx_word' id='word_1_408' title='bbox 1055 3522 1293 3574; x_wconf 87' lang='grc' dir='ltr'>διαϐόλου</span> <span class='ocrx_word' id='word_1_409' title='bbox 1328 3523 1638 3591; x_wconf 86' lang='grc' dir='ltr'>βεϐληκότος</span> <span class='ocrx_word' id='word_1_410' title='bbox 1683 3525 1762 3585; x_wconf 85' lang='grc' dir='ltr'>εἰς</span> <span class='ocrx_word' id='word_1_411' title='bbox 1791 3526 1888 3593; x_wconf 83' lang='grc' dir='ltr'><strong>τήν</strong></span> 
     </span>
    </p>
   </div>
   <div class='ocr_carea' id='block_1_52' title="bbox 355 3611 1888 3681">
    <p class='ocr_par' dir='ltr' id='par_1_52' title="bbox 355 3611 1888 3681">
     <span class='ocr_line' id='line_1_52' title="bbox 355 3611 1888 3681; baseline 0.003 -19"><span class='ocrx_word' id='word_1_412' title='bbox 355 3611 571 3678; x_wconf 83' lang='grc' dir='ltr'>καρδίαν</span> <span class='ocrx_word' id='word_1_413' title='bbox 610 3613 807 3674; x_wconf 77' lang='grc' dir='ltr'>αὐτοῦ,</span> <span class='ocrx_word' id='word_1_414' title='bbox 841 3613 926 3663; x_wconf 78' lang='grc' dir='ltr'>ἵνα</span> <span class='ocrx_word' id='word_1_415' title='bbox 972 3611 1193 3680; x_wconf 83' lang='grc' dir='ltr'>παραδῷ</span> <span class='ocrx_word' id='word_1_416' title='bbox 1230 3613 1318 3665; x_wconf 88' lang='grc' dir='ltr'><strong>τὸν</strong></span> <span class='ocrx_word' id='word_1_417' title='bbox 1352 3613 1582 3681; x_wconf 83' lang='grc' dir='ltr'>Ἰησοῦν·</span> <span class='ocrx_word' id='word_1_418' title='bbox 1624 3632 1642 3662; x_wconf 88' lang='grc' dir='ltr'><strong>ι</strong></span> <span class='ocrx_word' id='word_1_419' title='bbox 1683 3613 1761 3664; x_wconf 75' lang='grc' dir='ltr'>διὸ</span> <span class='ocrx_word' id='word_1_420' title='bbox 1795 3616 1888 3666; x_wconf 75' lang='grc' dir='ltr'>καὶ</span> 
     </span>
    </p>
   </div>
   <div class='ocr_carea' id='block_1_53' title="bbox 363 3701 1882 3770">
    <p class='ocr_par' dir='ltr' id='par_1_53' title="bbox 363 3701 1882 3770">
     <span class='ocr_line' id='line_1_53' title="bbox 363 3701 1882 3770; baseline 0.002 -22"><span class='ocrx_word' id='word_1_421' title='bbox 363 3719 379 3748; x_wconf 82' lang='grc' dir='ltr'><strong>ι</strong></span> <span class='ocrx_word' id='word_1_422' title='bbox 414 3701 545 3768; x_wconf 85' lang='grc' dir='ltr'><strong>μετά</strong></span> <span class='ocrx_word' id='word_1_423' title='bbox 571 3702 632 3753; x_wconf 77' lang='grc' dir='ltr'>τὸ</span> <span class='ocrx_word' id='word_1_424' title='bbox 677 3701 888 3769; x_wconf 82' lang='grc' dir='ltr'>ψωμίον</span> <span class='ocrx_word' id='word_1_425' title='bbox 927 3701 1164 3770; x_wconf 76' lang='grc' dir='ltr'>εἰσῆλθεν</span> <span class='ocrx_word' id='word_1_426' title='bbox 1196 3704 1273 3763; x_wconf 85' lang='grc' dir='ltr'>εἰς</span> <span class='ocrx_word' id='word_1_427' title='bbox 1296 3702 1451 3753; x_wconf 78' lang='grc' dir='ltr'>αὐτὸν</span> <span class='ocrx_word' id='word_1_428' title='bbox 1490 3703 1518 3752; x_wconf 89' lang='lat'><strong>6</strong></span> <span class='ocrx_word' id='word_1_429' title='bbox 1549 3703 1783 3762; x_wconf 81' lang='grc' dir='ltr'>Σατανᾶς</span> <span class='ocrx_word' id='word_1_430' title='bbox 1807 3718 1819 3731; x_wconf 77' lang='grc' dir='ltr'><strong>ο</strong></span> <span class='ocrx_word' id='word_1_431' title='bbox 1865 3721 1882 3751; x_wconf 83' lang='grc' dir='ltr'><strong>ι</strong></span> 
     </span>
    </p>
   </div>
   <div class='ocr_carea' id='block_1_54' title="bbox 357 3789 1888 3858">
    <p class='ocr_par' dir='ltr' id='par_1_54' title="bbox 357 3789 1888 3858">
     <span class='ocr_line' id='line_1_54' title="bbox 357 3789 1888 3858; baseline 0.001 -17"><span class='ocrx_word' id='word_1_432' title='bbox 357 3794 402 3842; x_wconf 87' lang='grc' dir='ltr'><strong>εί</strong></span> <span class='ocrx_word' id='word_1_433' title='bbox 429 3793 485 3843; x_wconf 89' lang='grc' dir='ltr'><strong>δέ</strong></span> <span class='ocrx_word' id='word_1_434' title='bbox 513 3791 692 3842; x_wconf 84' lang='grc' dir='ltr'>δίδωσι</span> <span class='ocrx_word' id='word_1_435' title='bbox 720 3792 879 3842; x_wconf 85' lang='grc' dir='ltr'>τόπον</span> <span class='ocrx_word' id='word_1_436' title='bbox 904 3789 981 3858; x_wconf 84' lang='grc' dir='ltr'><strong>τῷ</strong></span> <span class='ocrx_word' id='word_1_437' title='bbox 1001 3789 1136 3858; x_wconf 81' lang='grc' dir='ltr'>Θεῷ,</span> <span class='ocrx_word' id='word_1_438' title='bbox 1166 3792 1423 3858; x_wconf 85' lang='grc' dir='ltr'>μακάριος</span> <span class='ocrx_word' id='word_1_439' title='bbox 1445 3791 1646 3856; x_wconf 86' lang='grc' dir='ltr'>γίνεται</span> <span class='ocrx_word' id='word_1_440' title='bbox 1665 3807 1678 3822; x_wconf 90' lang='grc'><strong>·</strong></span> <span class='ocrx_word' id='word_1_441' title='bbox 1717 3809 1734 3840; x_wconf 85' lang='grc' dir='ltr'><strong>ι</strong></span> <span class='ocrx_word' id='word_1_442' title='bbox 1770 3793 1888 3843; x_wconf 86' lang='grc' dir='ltr'><strong>Μα-</strong></span> 
     </span>
    </p>
   </div>
   <div class='ocr_carea' id='block_1_55' title="bbox 358 3873 1887 3949">
    <p class='ocr_par' dir='ltr' id='par_1_55' title="bbox 358 3873 1887 3949">
     <span class='ocr_line' id='line_1_55' title="bbox 358 3873 1887 3949; baseline -0.001 -17"><span class='ocrx_word' id='word_1_443' title='bbox 358 3881 536 3949; x_wconf 84' lang='grc' dir='ltr'>κάριος</span> <span class='ocrx_word' id='word_1_444' title='bbox 565 3881 671 3948; x_wconf 84' lang='grc' dir='ltr'>γὰρ</span> <span class='ocrx_word' id='word_1_445' title='bbox 704 3873 764 3931; x_wconf 74' lang='grc' dir='ltr'>οὗ</span> <span class='ocrx_word' id='word_1_446' title='bbox 792 3883 934 3932; x_wconf 85' lang='grc' dir='ltr'>ἐστιν</span> <span class='ocrx_word' id='word_1_447' title='bbox 956 3879 1229 3946; x_wconf 73' lang='grc' dir='ltr'>ἀντίληψις</span> <span class='ocrx_word' id='word_1_448' title='bbox 1257 3878 1416 3930; x_wconf 81' lang='grc' dir='ltr'>αὑτοῦ</span> <span class='ocrx_word' id='word_1_449' title='bbox 1447 3879 1592 3948; x_wconf 87' lang='grc' dir='ltr'><strong>παρά</strong></span> <span class='ocrx_word' id='word_1_450' title='bbox 1618 3878 1708 3930; x_wconf 90' lang='grc' dir='ltr'><strong>τοῦ</strong></span> <span class='ocrx_word' id='word_1_451' title='bbox 1735 3878 1887 3940; x_wconf 85' lang='grc' dir='ltr'>Θεοῦ,</span> 
     </span>
    </p>
   </div>
   <div class='ocr_carea' id='block_1_56' title="bbox 357 3967 1887 4039">
    <p class='ocr_par' dir='ltr' id='par_1_56' title="bbox 357 3967 1887 4039">
     <span class='ocr_line' id='line_1_56' title="bbox 357 3967 1887 4039; baseline -0.001 -17"><span class='ocrx_word' id='word_1_452' title='bbox 357 3972 446 4022; x_wconf 71' lang='grc' dir='ltr'>καὶ</span> <span class='ocrx_word' id='word_1_453' title='bbox 474 3971 733 4031; x_wconf 86' lang='grc' dir='ltr'>ἀνάϐασις</span> <span class='ocrx_word' id='word_1_454' title='bbox 775 3971 833 4021; x_wconf 89' lang='grc' dir='ltr'><strong>ἐν</strong></span> <span class='ocrx_word' id='word_1_455' title='bbox 878 3973 942 4038; x_wconf 83' lang='grc' dir='ltr'>τῇ</span> <span class='ocrx_word' id='word_1_456' title='bbox 993 3969 1185 4039; x_wconf 69' lang='grc' dir='ltr'>καρδίᾳ.</span> <span class='ocrx_word' id='word_1_457' title='bbox 1229 3969 1388 4020; x_wconf 83' lang='grc' dir='ltr'>αὑτοῦ</span> <span class='ocrx_word' id='word_1_458' title='bbox 1421 3987 1438 4018; x_wconf 88' lang='grc' dir='ltr'><strong>ι</strong></span> <span class='ocrx_word' id='word_1_459' title='bbox 1479 3969 1583 4019; x_wconf 84' lang='grc' dir='ltr'><strong>ἀπὸ</strong></span> <span class='ocrx_word' id='word_1_460' title='bbox 1613 3967 1703 4019; x_wconf 91' lang='grc' dir='ltr'><strong>τοῦ</strong></span> <span class='ocrx_word' id='word_1_461' title='bbox 1737 3967 1887 4020; x_wconf 84' lang='grc' dir='ltr'>Θεοῦ.</span> 
     </span>
    </p>
   </div>
   <div class='ocr_carea' id='block_1_57' title="bbox 357 4055 1889 4127">
    <p class='ocr_par' dir='ltr' id='par_1_57' title="bbox 357 4055 1889 4127">
     <span class='ocr_line' id='line_1_57' title="bbox 357 4055 1889 4127; baseline -0.001 -18"><span class='ocrx_word' id='word_1_462' title='bbox 357 4057 639 4121; x_wconf 81' lang='grc' dir='ltr'>Γινώσκεις</span> <span class='ocrx_word' id='word_1_463' title='bbox 669 4059 723 4109; x_wconf 91' lang='grc' dir='ltr'><strong>τί</strong></span> <span class='ocrx_word' id='word_1_464' title='bbox 754 4055 822 4127; x_wconf 79' lang='grc' dir='ltr'>ἦν</span> <span class='ocrx_word' id='word_1_465' title='bbox 853 4059 910 4110; x_wconf 79' lang='grc' dir='ltr'><strong>ἐν</strong></span> <span class='ocrx_word' id='word_1_466' title='bbox 937 4057 1012 4126; x_wconf 82' lang='grc' dir='ltr'>τῷ</span> <span class='ocrx_word' id='word_1_467' title='bbox 1044 4056 1306 4125; x_wconf 84' lang='grc' dir='ltr'>ἀνθρώπῳ</span> <span class='ocrx_word' id='word_1_468' title='bbox 1333 4059 1361 4109; x_wconf 96' lang='lat'><strong>6</strong></span> <span class='ocrx_word' id='word_1_469' title='bbox 1393 4056 1665 4123; x_wconf 87' lang='grc' dir='ltr'>γινώσκων</span> <span class='ocrx_word' id='word_1_470' title='bbox 1698 4055 1889 4120; x_wconf 91' lang='grc' dir='ltr'>πάντα,</span> 
     </span>
    </p>
   </div>
   <div class='ocr_carea' id='block_1_58' title="bbox 359 4145 1894 4215">
    <p class='ocr_par' dir='ltr' id='par_1_58' title="bbox 359 4145 1894 4215">
     <span class='ocr_line' id='line_1_58' title="bbox 359 4145 1894 4215; baseline -0.001 -17"><span class='ocrx_word' id='word_1_471' title='bbox 359 4148 449 4200; x_wconf 81' lang='grc' dir='ltr'><strong>Υἱὲ</strong></span> <span class='ocrx_word' id='word_1_472' title='bbox 470 4149 562 4201; x_wconf 89' lang='grc' dir='ltr'><strong>τοῦ</strong></span> <span class='ocrx_word' id='word_1_473' title='bbox 582 4148 738 4200; x_wconf 88' lang='grc' dir='ltr'>Θεοῦ.</span> <span class='ocrx_word' id='word_1_474' title='bbox 766 4147 899 4215; x_wconf 85' lang='grc' dir='ltr'><strong>Ἤδη</strong></span> <span class='ocrx_word' id='word_1_475' title='bbox 928 4147 986 4198; x_wconf 86' lang='grc' dir='ltr'><strong>δέ</strong></span> <span class='ocrx_word' id='word_1_476' title='bbox 1005 4146 1100 4215; x_wconf 83' lang='grc' dir='ltr'><strong>τήν</strong></span> <span class='ocrx_word' id='word_1_477' title='bbox 1124 4147 1365 4215; x_wconf 82' lang='grc' dir='ltr'>αὐτάρκη</span> <span class='ocrx_word' id='word_1_478' title='bbox 1396 4145 1728 4215; x_wconf 76' lang='grc' dir='ltr'>περιγραφὴν</span> <span class='ocrx_word' id='word_1_479' title='bbox 1754 4145 1894 4214; x_wconf 86' lang='grc' dir='ltr'>είλη-</span> 
     </span>
    </p>
   </div>
   <div class='ocr_carea' id='block_1_59' title="bbox 359 4231 1896 4303">
    <p class='ocr_par' dir='ltr' id='par_1_59' title="bbox 359 4231 1896 4303">
     <span class='ocr_line' id='line_1_59' title="bbox 359 4231 1896 4303; baseline -0.003 -16"><span class='ocrx_word' id='word_1_480' title='bbox 359 4237 508 4303; x_wconf 79' lang='grc' dir='ltr'>φότος</span> <span class='ocrx_word' id='word_1_481' title='bbox 539 4235 751 4289; x_wconf 75' lang='grc' dir='ltr'>καὶτοῦ</span> <span class='ocrx_word' id='word_1_482' title='bbox 784 4235 1003 4287; x_wconf 89' lang='grc' dir='ltr'>δεκάτου</span> <span class='ocrx_word' id='word_1_483' title='bbox 1037 4234 1146 4301; x_wconf 86' lang='lat'><strong>(77)</strong></span> <span class='ocrx_word' id='word_1_484' title='bbox 1178 4235 1372 4302; x_wconf 85' lang='grc' dir='ltr'>τόμου,</span> <span class='ocrx_word' id='word_1_485' title='bbox 1405 4231 1632 4285; x_wconf 85' lang='grc' dir='ltr'>ἐνταῦθά</span> <span class='ocrx_word' id='word_1_486' title='bbox 1667 4248 1767 4283; x_wconf 89' lang='grc' dir='ltr'><strong>που</strong></span> <span class='ocrx_word' id='word_1_487' title='bbox 1800 4249 1896 4284; x_wconf 83' lang='grc' dir='ltr'>κα-</span> 
     </span>
    </p>
   </div>
   <div class='ocr_carea' id='block_1_60' title="bbox 358 4322 1160 4393">
    <p class='ocr_par' dir='ltr' id='par_1_60' title="bbox 358 4322 1160 4393">
     <span class='ocr_line' id='line_1_60' title="bbox 358 4322 1160 4393; baseline -0.005 -17"><span class='ocrx_word' id='word_1_488' title='bbox 358 4325 716 4393; x_wconf 81' lang='grc' dir='ltr'>ταπαύσωμεν</span> <span class='ocrx_word' id='word_1_489' title='bbox 743 4323 832 4376; x_wconf 88' lang='grc' dir='ltr'><strong>τὸν</strong></span> <span class='ocrx_word' id='word_1_490' title='bbox 857 4323 1010 4388; x_wconf 81' lang='grc' dir='ltr'>λόγον</span> <span class='ocrx_word' id='word_1_491' title='bbox 1035 4322 1160 4389; x_wconf 90' lang='grc'><strong>(78).</strong></span> 
     </span>
    </p>
   </div>
   <div class='ocr_carea' id='block_1_61' title="bbox 433 4477 873 4540">
    <p class='ocr_par' dir='ltr' id='par_1_61' title="bbox 433 4477 873 4540">
     <span class='ocr_line' id='line_1_61' title="bbox 433 4477 873 4540; baseline -0.009 -8"><span class='ocrx_word' id='word_1_492' title='bbox 433 4480 476 4509; x_wconf 81' lang='grc'>³³</span> <span class='ocrx_word' id='word_1_493' title='bbox 496 4477 656 4532; x_wconf 84' lang='lat' dir='ltr'><strong>Joan.</strong></span> <span class='ocrx_word' id='word_1_494' title='bbox 693 4493 755 4540; x_wconf 87' lang='lat' dir='ltr'><strong>tt,</strong></span> <span class='ocrx_word' id='word_1_495' title='bbox 787 4477 873 4530; x_wconf 83' lang='grc'><strong>15.</strong></span> 
     </span>
    </p>
   </div>
   <div class='ocr_carea' id='block_1_62' title="bbox 365 4545 671 4611">
    <p class='ocr_par' dir='ltr' id='par_1_62' title="bbox 365 4545 671 4611">
     <span class='ocr_line' id='line_1_62' title="bbox 365 4545 671 4611; baseline 0.007 -14"><span class='ocrx_word' id='word_1_496' title='bbox 365 4559 584 4611; x_wconf 75' lang='lat' dir='ltr'><strong>unm,</strong></span> <span class='ocrx_word' id='word_1_497' title='bbox 613 4545 671 4599; x_wconf 82' lang='lat'><em>6.</em></span> 
     </span>
    </p>
   </div>
   <div class='ocr_carea' id='block_1_63' title="bbox 414 4687 1893 4785">
    <p class='ocr_par' dir='ltr' id='par_1_63' title="bbox 414 4687 1893 4785">
     <span class='ocr_line' id='line_1_63' title="bbox 414 4687 1893 4785; baseline -0.009 -32"><span class='ocrx_word' id='word_1_498' title='bbox 414 4702 536 4785; x_wconf 43' lang='lat'><strong>&#39;(74)</strong></span> <span class='ocrx_word' id='word_1_499' title='bbox 576 4696 944 4785; x_wconf 61' lang='grc' dir='ltr'>ζωουμένου.</span> <span class='ocrx_word' id='word_1_500' title='bbox 975 4693 1066 4748; x_wconf 89' lang='lat' dir='ltr'><strong>Sic</strong></span> <span class='ocrx_word' id='word_1_501' title='bbox 1104 4693 1264 4746; x_wconf 78' lang='lat' dir='ltr'><strong>codex</strong></span> <span class='ocrx_word' id='word_1_502' title='bbox 1299 4689 1648 4752; x_wconf 86' lang='lat' dir='ltr'><strong>Bodleianus;</strong></span> <span class='ocrx_word' id='word_1_503' title='bbox 1679 4687 1893 4756; x_wconf 81' lang='lat' dir='ltr'><strong>Regius,</strong></span> 
     </span>
    </p>
   </div>
   <div class='ocr_carea' id='block_1_64' title="bbox 365 4771 1895 4904">
    <p class='ocr_par' dir='ltr' id='par_1_64' title="bbox 365 4771 1895 4904">
     <span class='ocr_line' id='line_1_64' title="bbox 365 4771 1862 4838; baseline -0.011 -16"><span class='ocrx_word' id='word_1_504' title='bbox 365 4771 494 4833; x_wconf 80' lang='grc' dir='ltr'>ζώου</span> <span class='ocrx_word' id='word_1_505' title='bbox 533 4771 708 4838; x_wconf 87' lang='grc' dir='ltr'>μόνον.</span> <span class='ocrx_word' id='word_1_506' title='bbox 1171 4826 1183 4838; x_wconf 40' lang='grc' dir='ltr'><strong>θ</strong></span> <span class='ocrx_word' id='word_1_507' title='bbox 1297 4826 1309 4837; x_wconf 46' lang='grc'><strong>.</strong></span> <span class='ocrx_word' id='word_1_508' title='bbox 1432 4826 1444 4838; x_wconf 40' lang='grc'><strong><em>⁸</em></strong></span> <span class='ocrx_word' id='word_1_509' title='bbox 1772 4823 1783 4834; x_wconf 40' lang='grc'>⁶</span> <span class='ocrx_word' id='word_1_510' title='bbox 1850 4823 1862 4834; x_wconf 28' lang='grc' dir='ltr'><strong>ν</strong></span> 
     </span>
     <span class='ocr_line' id='line_1_65' title="bbox 432 4826 1895 4904; baseline -0.01 -13"><span class='ocrx_word' id='word_1_511' title='bbox 432 4838 537 4903; x_wconf 85' lang='lat'><strong>(75)</strong></span> <span class='ocrx_word' id='word_1_512' title='bbox 568 4838 690 4890; x_wconf 89' lang='lat' dir='ltr'><strong>Post</strong></span> <span class='ocrx_word' id='word_1_513' title='bbox 716 4834 1054 4904; x_wconf 77' lang='grc' dir='ltr'>ἐλεγχόντων</span> <span class='ocrx_word' id='word_1_514' title='bbox 1086 4826 1402 4894; x_wconf 80' lang='lat' dir='ltr'><strong>relinquitur</strong></span> <span class='ocrx_word' id='word_1_515' title='bbox 1432 4841 1485 4878; x_wconf 93' lang='grc' dir='ltr'><strong>ιιι</strong></span> <span class='ocrx_word' id='word_1_516' title='bbox 1517 4831 1895 4891; x_wconf 82' lang='lat' dir='ltr'><strong>manuscriptts</strong></span> 
     </span>
    </p>
   </div>
   <div class='ocr_carea' id='block_1_65' title="bbox 369 4905 1730 4972">
    <p class='ocr_par' dir='ltr' id='par_1_65' title="bbox 369 4905 1730 4972">
     <span class='ocr_line' id='line_1_66' title="bbox 369 4905 1730 4972; baseline -0.015 -14"><span class='ocrx_word' id='word_1_517' title='bbox 369 4906 628 4959; x_wconf 80' lang='lat' dir='ltr'><strong>codicibus</strong></span> <span class='ocrx_word' id='word_1_518' title='bbox 656 4905 888 4972; x_wconf 78' lang='lat' dir='ltr'><strong>Spatium</strong></span> <span class='ocrx_word' id='word_1_519' title='bbox 912 4910 1181 4972; x_wconf 62' lang='lat' dir='ltr'><strong>yacuum.</strong></span> <span class='ocrx_word' id='word_1_520' title='bbox 1262 4960 1294 4972; x_wconf 76' lang='lat'><em>_</em></span> <span class='ocrx_word' id='word_1_521' title='bbox 1361 4960 1392 4972; x_wconf 55' lang='grc' dir='ltr'>η</span> <span class='ocrx_word' id='word_1_522' title='bbox 1503 4959 1516 4972; x_wconf 74' lang='lat'>_</span> <span class='ocrx_word' id='word_1_523' title='bbox 1718 4959 1730 4972; x_wconf 45' lang='lat'><strong>.</strong></span> 
     </span>
    </p>
   </div>
   <div class='ocr_carea' id='block_1_66' title="bbox 431 4957 1893 5040">
    <p class='ocr_par' dir='ltr' id='par_1_66' title="bbox 431 4957 1893 5040">
     <span class='ocr_line' id='line_1_67' title="bbox 431 4957 1893 5040; baseline -0.007 -18"><span class='ocrx_word' id='word_1_524' title='bbox 431 4957 553 5040; x_wconf 10' lang='lat'><strong>(&#39;76)?</strong></span> <span class='ocrx_word' id='word_1_525' title='bbox 590 4957 830 5026; x_wconf 61' lang='grc' dir='ltr'>[Ιώ-των</span> <span class='ocrx_word' id='word_1_526' title='bbox 899 4961 1026 5028; x_wconf 83' lang='grc' dir='ltr'><strong>ὧν,</strong></span> <span class='ocrx_word' id='word_1_527' title='bbox 1091 4970 1193 5015; x_wconf 91' lang='lat' dir='ltr'><strong>etc.</strong></span> <span class='ocrx_word' id='word_1_528' title='bbox 1262 4959 1609 5015; x_wconf 88' lang='lat' dir='ltr'><strong>Scribendum</strong></span> <span class='ocrx_word' id='word_1_529' title='bbox 1645 4957 1893 5026; x_wconf 49' lang='lat' dir='ltr'><strong>,videtnr</strong></span> 
     </span>
    </p>
   </div>
   <div class='ocr_carea' id='block_1_67' title="bbox 372 5040 732 5108">
    <p class='ocr_par' dir='ltr' id='par_1_67' title="bbox 372 5040 732 5108">
     <span class='ocr_line' id='line_1_68' title="bbox 372 5040 732 5108; baseline 0.014 -17"><span class='ocrx_word' id='word_1_530' title='bbox 372 5040 526 5094; x_wconf 74' lang='grc' dir='ltr'>πάντα</span> <span class='ocrx_word' id='word_1_531' title='bbox 550 5045 609 5108; x_wconf 81' lang='grc' dir='ltr'>ἃ,</span> <span class='ocrx_word' id='word_1_532' title='bbox 634 5051 732 5097; x_wconf 89' lang='lat' dir='ltr'><strong>etc.</strong></span> 
     </span>
    </p>
   </div>
   <div class='ocr_carea' id='block_1_68' title="bbox 948 4469 2128 4539">
    <p class='ocr_par' dir='ltr' id='par_1_68' title="bbox 948 4469 2128 4539">
     <span class='ocr_line' id='line_1_69' title="bbox 948 4469 2128 4539; baseline -0.003 -14"><span class='ocrx_word' id='word_1_533' title='bbox 948 4471 1430 4539; x_wconf 63' lang='lat' dir='ltr'><strong>“lCor.xrv,24,</strong></span> <span class='ocrx_word' id='word_1_534' title='bbox 1465 4471 1554 4524; x_wconf 77' lang='lat'><strong>25.</strong></span> <span class='ocrx_word' id='word_1_535' title='bbox 1629 4472 1675 4503; x_wconf 82' lang='lat'><strong>&quot;</strong></span> <span class='ocrx_word' id='word_1_536' title='bbox 1726 4470 1881 4525; x_wconf 84' lang='lat' dir='ltr'><strong>Joan.</strong></span> <span class='ocrx_word' id='word_1_537' title='bbox 1927 4486 1984 4537; x_wconf 83' lang='lat' dir='ltr'><strong>tt,</strong></span> <span class='ocrx_word' id='word_1_538' title='bbox 2040 4469 2128 4522; x_wconf 74' lang='lat'><strong>25.</strong></span> 
     </span>
    </p>
   </div>
   <div class='ocr_carea' id='block_1_69' title="bbox 1984 1839 3501 1911">
    <p class='ocr_par' dir='ltr' id='par_1_69' title="bbox 1984 1839 3501 1911">
     <span class='ocr_line' id='line_1_70' title="bbox 1984 1839 3501 1911; baseline 0.003 -18"><span class='ocrx_word' id='word_1_539' title='bbox 1984 1841 2053 1894; x_wconf 86' lang='lat' dir='ltr'><strong>rit</strong></span> <span class='ocrx_word' id='word_1_540' title='bbox 2089 1856 2118 1894; x_wconf 81' lang='grc' dir='ltr'><strong>ο</strong></span> <span class='ocrx_word' id='word_1_541' title='bbox 2164 1841 2413 1895; x_wconf 81' lang='lat' dir='ltr'><strong>funiculis</strong></span> <span class='ocrx_word' id='word_1_542' title='bbox 2465 1839 2751 1909; x_wconf 83' lang='lat' dir='ltr'><strong>flagellum,</strong></span> <span class='ocrx_word' id='word_1_543' title='bbox 2777 1857 2960 1896; x_wconf 91' lang='lat' dir='ltr'><strong>omnes</strong></span> <span class='ocrx_word' id='word_1_544' title='bbox 2998 1858 3027 1898; x_wconf 93' lang='lat' dir='ltr'><strong>e</strong></span> <span class='ocrx_word' id='word_1_545' title='bbox 3063 1845 3256 1911; x_wconf 89' lang='lat' dir='ltr'><strong>templo</strong></span> <span class='ocrx_word' id='word_1_546' title='bbox 3283 1845 3501 1910; x_wconf 80' lang='lat' dir='ltr'><strong>eiicien-</strong></span> 
     </span>
    </p>
   </div>
   <div class='ocr_carea' id='block_1_70' title="bbox 1982 1929 3503 1999">
    <p class='ocr_par' dir='ltr' id='par_1_70' title="bbox 1982 1929 3503 1999">
     <span class='ocr_line' id='line_1_71' title="bbox 1982 1929 3503 1999; baseline 0.003 -18"><span class='ocrx_word' id='word_1_547' title='bbox 1982 1929 2066 1991; x_wconf 90' lang='lat' dir='ltr'><strong>do,</strong></span> <span class='ocrx_word' id='word_1_548' title='bbox 2093 1937 2200 1982; x_wconf 90' lang='lat' dir='ltr'><strong>tum</strong></span> <span class='ocrx_word' id='word_1_549' title='bbox 2235 1943 2380 1994; x_wconf 79' lang='lat' dir='ltr'><strong>oves,</strong></span> <span class='ocrx_word' id='word_1_550' title='bbox 2426 1936 2536 1981; x_wconf 88' lang='lat' dir='ltr'><strong>tttm</strong></span> <span class='ocrx_word' id='word_1_551' title='bbox 2579 1930 2764 1996; x_wconf 85' lang='lat' dir='ltr'><strong>boves,</strong></span> <span class='ocrx_word' id='word_1_552' title='bbox 2789 1941 2947 1999; x_wconf 88' lang='lat' dir='ltr'><strong>atque</strong></span> <span class='ocrx_word' id='word_1_553' title='bbox 2989 1933 3405 1998; x_wconf 81' lang='lat' dir='ltr'><strong>argentariorum</strong></span> <span class='ocrx_word' id='word_1_554' title='bbox 3431 1948 3503 1986; x_wconf 73' lang='lat' dir='ltr'><strong>aes</strong></span> 
     </span>
    </p>
   </div>
   <div class='ocr_carea' id='block_1_71' title="bbox 1980 2018 3503 2088">
    <p class='ocr_par' dir='ltr' id='par_1_71' title="bbox 1980 2018 3503 2088">
     <span class='ocr_line' id='line_1_72' title="bbox 1980 2018 3503 2088; baseline 0.001 -18"><span class='ocrx_word' id='word_1_555' title='bbox 1980 2018 2311 2082; x_wconf 77' lang='lat' dir='ltr'><strong>effundenda,</strong></span> <span class='ocrx_word' id='word_1_556' title='bbox 2342 2025 2395 2070; x_wconf 89' lang='lat' dir='ltr'><strong>et</strong></span> <span class='ocrx_word' id='word_1_557' title='bbox 2433 2031 2642 2072; x_wconf 86' lang='lat' dir='ltr'><strong>mensas</strong></span> <span class='ocrx_word' id='word_1_558' title='bbox 2685 2019 3121 2073; x_wconf 78' lang='lat' dir='ltr'><strong>subvertendo”.</strong></span> <span class='ocrx_word' id='word_1_559' title='bbox 3159 2020 3238 2073; x_wconf 80' lang='lat' dir='ltr'><strong>Ad</strong></span> <span class='ocrx_word' id='word_1_560' title='bbox 3266 2036 3356 2074; x_wconf 92' lang='lat' dir='ltr'><strong>eos</strong></span> <span class='ocrx_word' id='word_1_561' title='bbox 3384 2036 3503 2088; x_wconf 62' lang='lat' dir='ltr'><strong>pro.</strong></span> 
     </span>
    </p>
   </div>
   <div class='ocr_carea' id='block_1_72' title="bbox 1982 2107 3503 2178">
    <p class='ocr_par' dir='ltr' id='par_1_72' title="bbox 1982 2107 3503 2178">
     <span class='ocr_line' id='line_1_73' title="bbox 1982 2107 3503 2178; baseline 0.003 -18"><span class='ocrx_word' id='word_1_562' title='bbox 1982 2107 2120 2162; x_wconf 87' lang='lat' dir='ltr'><strong>fecto</strong></span> <span class='ocrx_word' id='word_1_563' title='bbox 2155 2108 2243 2173; x_wconf 92' lang='lat' dir='ltr'><strong>qui</strong></span> <span class='ocrx_word' id='word_1_564' title='bbox 2272 2108 2611 2174; x_wconf 81' lang='lat' dir='ltr'><strong>suspicantur</strong></span> <span class='ocrx_word' id='word_1_565' title='bbox 2639 2111 2704 2162; x_wconf 90' lang='lat' dir='ltr'><strong>de</strong></span> <span class='ocrx_word' id='word_1_566' title='bbox 2725 2109 2852 2163; x_wconf 87' lang='lat' dir='ltr'><strong>solis</strong></span> <span class='ocrx_word' id='word_1_567' title='bbox 2884 2110 3208 2172; x_wconf 90' lang='lat' dir='ltr'><strong>hominibus,</strong></span> <span class='ocrx_word' id='word_1_568' title='bbox 3238 2126 3340 2164; x_wconf 91' lang='lat' dir='ltr'><strong>non</strong></span> <span class='ocrx_word' id='word_1_569' title='bbox 3370 2127 3503 2178; x_wconf 88' lang='lat' dir='ltr'><strong>opus</strong></span> 
     </span>
    </p>
   </div>
   <div class='ocr_carea' id='block_1_73' title="bbox 1983 2197 3504 2268">
    <p class='ocr_par' dir='ltr' id='par_1_73' title="bbox 1983 2197 3504 2268">
     <span class='ocr_line' id='line_1_74' title="bbox 1983 2197 3504 2268; baseline 0.003 -19"><span class='ocrx_word' id='word_1_570' title='bbox 1983 2197 2178 2250; x_wconf 85' lang='lat' dir='ltr'><strong>habere</strong></span> <span class='ocrx_word' id='word_1_571' title='bbox 2203 2197 2371 2265; x_wconf 90' lang='lat' dir='ltr'><strong>ipsum</strong></span> <span class='ocrx_word' id='word_1_572' title='bbox 2405 2197 2646 2264; x_wconf 87' lang='lat' dir='ltr'><strong>testibus,</strong></span> <span class='ocrx_word' id='word_1_573' title='bbox 2680 2198 2858 2252; x_wconf 88' lang='lat' dir='ltr'><strong>dicere</strong></span> <span class='ocrx_word' id='word_1_574' title='bbox 2901 2208 3111 2267; x_wconf 82' lang='lat' dir='ltr'><strong>oportet</strong></span> <span class='ocrx_word' id='word_1_575' title='bbox 3138 2201 3240 2254; x_wconf 92' lang='lat' dir='ltr'><strong>duo</strong></span> <span class='ocrx_word' id='word_1_576' title='bbox 3277 2215 3504 2268; x_wconf 87' lang='lat' dir='ltr'><strong>evange-</strong></span> 
     </span>
    </p>
   </div>
   <div class='ocr_carea' id='block_1_74' title="bbox 1982 2287 3499 2358">
    <p class='ocr_par' dir='ltr' id='par_1_74' title="bbox 1982 2287 3499 2358">
     <span class='ocr_line' id='line_1_75' title="bbox 1982 2287 3499 2358; baseline 0.002 -18"><span class='ocrx_word' id='word_1_577' title='bbox 1982 2287 2156 2340; x_wconf 90' lang='lat' dir='ltr'><strong>listam</strong></span> <span class='ocrx_word' id='word_1_578' title='bbox 2187 2287 2258 2339; x_wconf 85' lang='lat' dir='ltr'><strong>illi</strong></span> <span class='ocrx_word' id='word_1_579' title='bbox 2283 2287 2588 2341; x_wconf 89' lang='lat' dir='ltr'><strong>attribuisse</strong></span> <span class='ocrx_word' id='word_1_580' title='bbox 2612 2305 2627 2340; x_wconf 89' lang='lat'><strong>:</strong></span> <span class='ocrx_word' id='word_1_581' title='bbox 2650 2289 2896 2352; x_wconf 88' lang='lat' dir='ltr'><strong>alterum,</strong></span> <span class='ocrx_word' id='word_1_582' title='bbox 2930 2291 3067 2356; x_wconf 88' lang='lat' dir='ltr'><strong>quod</strong></span> <span class='ocrx_word' id='word_1_583' title='bbox 3095 2299 3345 2358; x_wconf 77' lang='lat' dir='ltr'><strong>agnoscat</strong></span> <span class='ocrx_word' id='word_1_584' title='bbox 3383 2305 3499 2343; x_wconf 85' lang='lat' dir='ltr'><strong>om-</strong></span> 
     </span>
    </p>
   </div>
   <div class='ocr_carea' id='block_1_75' title="bbox 1985 2374 3503 2445">
    <p class='ocr_par' dir='ltr' id='par_1_75' title="bbox 1985 2374 3503 2445">
     <span class='ocr_line' id='line_1_76' title="bbox 1985 2374 3503 2445; baseline 0.003 -18"><span class='ocrx_word' id='word_1_585' title='bbox 1985 2387 2117 2439; x_wconf 88' lang='lat' dir='ltr'><strong>nes;</strong></span> <span class='ocrx_word' id='word_1_586' title='bbox 2150 2374 2391 2436; x_wconf 91' lang='lat' dir='ltr'><strong>alterum,</strong></span> <span class='ocrx_word' id='word_1_587' title='bbox 2426 2375 2563 2442; x_wconf 91' lang='lat' dir='ltr'><strong>quod</strong></span> <span class='ocrx_word' id='word_1_588' title='bbox 2601 2391 2730 2443; x_wconf 92' lang='lat' dir='ltr'><strong>opus</strong></span> <span class='ocrx_word' id='word_1_589' title='bbox 2769 2391 2870 2430; x_wconf 90' lang='lat' dir='ltr'><strong>non</strong></span> <span class='ocrx_word' id='word_1_590' title='bbox 2897 2377 3090 2430; x_wconf 87' lang='lat' dir='ltr'><strong>habeat</strong></span> <span class='ocrx_word' id='word_1_591' title='bbox 3117 2387 3172 2430; x_wconf 91' lang='lat' dir='ltr'><strong>ut</strong></span> <span class='ocrx_word' id='word_1_592' title='bbox 3196 2379 3314 2445; x_wconf 85' lang='lat' dir='ltr'><strong>quis</strong></span> <span class='ocrx_word' id='word_1_593' title='bbox 3343 2387 3503 2433; x_wconf 85' lang='lat' dir='ltr'><strong>teste-</strong></span> 
     </span>
    </p>
   </div>
   <div class='ocr_carea' id='block_1_76' title="bbox 1986 2461 3504 2532">
    <p class='ocr_par' dir='ltr' id='par_1_76' title="bbox 1986 2461 3504 2532">
     <span class='ocr_line' id='line_1_77' title="bbox 1986 2461 3504 2532; baseline 0.004 -18"><span class='ocrx_word' id='word_1_594' title='bbox 1986 2471 2070 2514; x_wconf 87' lang='lat' dir='ltr'><strong>tur</strong></span> <span class='ocrx_word' id='word_1_595' title='bbox 2093 2463 2156 2514; x_wconf 85' lang='lat' dir='ltr'><strong>de</strong></span> <span class='ocrx_word' id='word_1_596' title='bbox 2186 2461 2418 2514; x_wconf 89' lang='lat' dir='ltr'><strong>homine.</strong></span> <span class='ocrx_word' id='word_1_597' title='bbox 2461 2461 2589 2514; x_wconf 88' lang='lat' dir='ltr'><strong>Nam</strong></span> <span class='ocrx_word' id='word_1_598' title='bbox 2623 2464 2667 2516; x_wconf 87' lang='lat' dir='ltr'><strong>si</strong></span> <span class='ocrx_word' id='word_1_599' title='bbox 2712 2480 2896 2520; x_wconf 88' lang='lat' dir='ltr'><strong>omnes</strong></span> <span class='ocrx_word' id='word_1_600' title='bbox 2921 2467 3259 2532; x_wconf 83' lang='lat' dir='ltr'><strong>agnoscebat,</strong></span> <span class='ocrx_word' id='word_1_601' title='bbox 3290 2481 3394 2519; x_wconf 90' lang='lat' dir='ltr'><strong>non</strong></span> <span class='ocrx_word' id='word_1_602' title='bbox 3417 2481 3504 2521; x_wconf 89' lang='lat' dir='ltr'><strong>so-</strong></span> 
     </span>
    </p>
   </div>
   <div class='ocr_carea' id='block_1_77' title="bbox 1985 2549 3500 2619">
    <p class='ocr_par' dir='ltr' id='par_1_77' title="bbox 1985 2549 3500 2619">
     <span class='ocr_line' id='line_1_78' title="bbox 1985 2549 3500 2619; baseline 0.005 -19"><span class='ocrx_word' id='word_1_603' title='bbox 1985 2549 2090 2600; x_wconf 91' lang='lat' dir='ltr'><strong>lum</strong></span> <span class='ocrx_word' id='word_1_604' title='bbox 2120 2550 2378 2611; x_wconf 75' lang='lat' dir='ltr'><strong>homines,</strong></span> <span class='ocrx_word' id='word_1_605' title='bbox 2413 2549 2506 2601; x_wconf 90' lang='lat' dir='ltr'><strong>sed</strong></span> <span class='ocrx_word' id='word_1_606' title='bbox 2536 2550 2700 2603; x_wconf 90' lang='lat' dir='ltr'><strong>etiam</strong></span> <span class='ocrx_word' id='word_1_607' title='bbox 2731 2567 2848 2619; x_wconf 82' lang='lat' dir='ltr'><strong>quae</strong></span> <span class='ocrx_word' id='word_1_608' title='bbox 2878 2568 3037 2619; x_wconf 91' lang='lat' dir='ltr'><strong>supra</strong></span> <span class='ocrx_word' id='word_1_609' title='bbox 3065 2555 3329 2608; x_wconf 88' lang='lat' dir='ltr'><strong>hominem</strong></span> <span class='ocrx_word' id='word_1_610' title='bbox 3359 2565 3500 2617; x_wconf 85' lang='lat' dir='ltr'><strong>sunt,</strong></span> 
     </span>
    </p>
   </div>
   <div class='ocr_carea' id='block_1_78' title="bbox 1985 2637 3505 2710">
    <p class='ocr_par' dir='ltr' id='par_1_78' title="bbox 1985 2637 3505 2710">
     <span class='ocr_line' id='line_1_79' title="bbox 1985 2637 3505 2710; baseline 0.002 -18"><span class='ocrx_word' id='word_1_611' title='bbox 1985 2640 2143 2692; x_wconf 89' lang='lat' dir='ltr'><strong>etiam</strong></span> <span class='ocrx_word' id='word_1_612' title='bbox 2177 2653 2360 2692; x_wconf 89' lang='lat' dir='ltr'><strong>omnes</strong></span> <span class='ocrx_word' id='word_1_613' title='bbox 2387 2637 2474 2703; x_wconf 92' lang='lat' dir='ltr'><strong>qui</strong></span> <span class='ocrx_word' id='word_1_614' title='bbox 2508 2648 2684 2692; x_wconf 88' lang='lat' dir='ltr'><strong>essent</strong></span> <span class='ocrx_word' id='word_1_615' title='bbox 2726 2649 2876 2694; x_wconf 80' lang='lat' dir='ltr'><strong>extra</strong></span> <span class='ocrx_word' id='word_1_616' title='bbox 2918 2642 3030 2694; x_wconf 66' lang='lat' dir='ltr'><strong>haec</strong></span> <span class='ocrx_word' id='word_1_617' title='bbox 3069 2655 3309 2709; x_wconf 90' lang='lat' dir='ltr'><strong>corpora,</strong></span> <span class='ocrx_word' id='word_1_618' title='bbox 3343 2655 3505 2710; x_wconf 85' lang='lat' dir='ltr'><strong>agno-</strong></span> 
     </span>
    </p>
   </div>
   <div class='ocr_carea' id='block_1_79' title="bbox 1985 2728 3505 2799">
    <p class='ocr_par' dir='ltr' id='par_1_79' title="bbox 1985 2728 3505 2799">
     <span class='ocr_line' id='line_1_80' title="bbox 1985 2728 3505 2799; baseline 0.003 -19"><span class='ocrx_word' id='word_1_619' title='bbox 1985 2728 2186 2794; x_wconf 76' lang='lat' dir='ltr'><strong>scebat,</strong></span> <span class='ocrx_word' id='word_1_620' title='bbox 2228 2737 2384 2796; x_wconf 89' lang='lat' dir='ltr'><strong>atque</strong></span> <span class='ocrx_word' id='word_1_621' title='bbox 2431 2730 2555 2797; x_wconf 89' lang='lat' dir='ltr'><strong>qttid</strong></span> <span class='ocrx_word' id='word_1_622' title='bbox 2591 2737 2732 2783; x_wconf 87' lang='lat' dir='ltr'><strong>esset</strong></span> <span class='ocrx_word' id='word_1_623' title='bbox 2773 2730 2822 2782; x_wconf 92' lang='lat' dir='ltr'><strong>in</strong></span> <span class='ocrx_word' id='word_1_624' title='bbox 2875 2730 3088 2784; x_wconf 86' lang='lat' dir='ltr'><strong>homine</strong></span> <span class='ocrx_word' id='word_1_625' title='bbox 3126 2745 3142 2781; x_wconf 86' lang='lat'><strong>:</strong></span> <span class='ocrx_word' id='word_1_626' title='bbox 3182 2731 3371 2798; x_wconf 89' lang='lat' dir='ltr'><strong>quippe</strong></span> <span class='ocrx_word' id='word_1_627' title='bbox 3413 2731 3505 2799; x_wconf 88' lang='lat' dir='ltr'><strong>qui</strong></span> 
     </span>
    </p>
   </div>
   <div class='ocr_carea' id='block_1_80' title="bbox 1987 2817 3506 2887">
    <p class='ocr_par' dir='ltr' id='par_1_80' title="bbox 1987 2817 3506 2887">
     <span class='ocr_line' id='line_1_81' title="bbox 1987 2817 3506 2887; baseline 0.001 -17"><span class='ocrx_word' id='word_1_628' title='bbox 1987 2817 2155 2884; x_wconf 82' lang='lat' dir='ltr'><strong>major</strong></span> <span class='ocrx_word' id='word_1_629' title='bbox 2185 2820 2467 2872; x_wconf 81' lang='lat' dir='ltr'><strong>exsisteret</strong></span> <span class='ocrx_word' id='word_1_630' title='bbox 2494 2821 2600 2882; x_wconf 87' lang='lat' dir='ltr'><strong>his,</strong></span> <span class='ocrx_word' id='word_1_631' title='bbox 2643 2820 2736 2887; x_wconf 92' lang='lat' dir='ltr'><strong>qui</strong></span> <span class='ocrx_word' id='word_1_632' title='bbox 2780 2820 2830 2872; x_wconf 91' lang='lat' dir='ltr'><strong>in</strong></span> <span class='ocrx_word' id='word_1_633' title='bbox 2869 2821 3233 2887; x_wconf 81' lang='lat' dir='ltr'><strong>prOphetando</strong></span> <span class='ocrx_word' id='word_1_634' title='bbox 3282 2821 3506 2872; x_wconf 87' lang='lat' dir='ltr'><strong>manife-</strong></span> 
     </span>
    </p>
   </div>
   <div class='ocr_carea' id='block_1_81' title="bbox 1987 2905 3505 2974">
    <p class='ocr_par' dir='ltr' id='par_1_81' title="bbox 1987 2905 3505 2974">
     <span class='ocr_line' id='line_1_82' title="bbox 1987 2905 3505 2974; baseline 0.001 -17"><span class='ocrx_word' id='word_1_635' title='bbox 1987 2915 2150 2970; x_wconf 90' lang='lat' dir='ltr'><strong>stant,</strong></span> <span class='ocrx_word' id='word_1_636' title='bbox 2169 2914 2221 2958; x_wconf 92' lang='lat' dir='ltr'><strong>et</strong></span> <span class='ocrx_word' id='word_1_637' title='bbox 2243 2907 2502 2974; x_wconf 88' lang='lat' dir='ltr'><strong>judicant,</strong></span> <span class='ocrx_word' id='word_1_638' title='bbox 2530 2905 2732 2960; x_wconf 88' lang='lat' dir='ltr'><strong>occulta</strong></span> <span class='ocrx_word' id='word_1_639' title='bbox 2751 2907 2930 2959; x_wconf 85' lang='lat' dir='ltr'><strong>cordis</strong></span> <span class='ocrx_word' id='word_1_640' title='bbox 2957 2907 3118 2958; x_wconf 88' lang='lat' dir='ltr'><strong>etiam</strong></span> <span class='ocrx_word' id='word_1_641' title='bbox 3144 2905 3320 2959; x_wconf 87' lang='lat' dir='ltr'><strong>omnia</strong></span> <span class='ocrx_word' id='word_1_642' title='bbox 3347 2906 3505 2972; x_wconf 78' lang='lat'><strong>212</strong></span> 
     </span>
    </p>
   </div>
   <div class='ocr_carea' id='block_1_82' title="bbox 1989 2992 3505 3061">
    <p class='ocr_par' dir='ltr' id='par_1_82' title="bbox 1989 2992 3505 3061">
     <span class='ocr_line' id='line_1_83' title="bbox 1989 2992 3505 3061; baseline 0 -17"><span class='ocrx_word' id='word_1_643' title='bbox 1989 3006 2106 3059; x_wconf 75' lang='lat' dir='ltr'><strong>qua:</strong></span> <span class='ocrx_word' id='word_1_644' title='bbox 2129 2992 2360 3060; x_wconf 86' lang='lat' dir='ltr'><strong>Spiritus</strong></span> <span class='ocrx_word' id='word_1_645' title='bbox 2390 2992 2496 3046; x_wconf 87' lang='lat' dir='ltr'><strong>illis</strong></span> <span class='ocrx_word' id='word_1_646' title='bbox 2519 2993 2776 3061; x_wconf 77' lang='lat' dir='ltr'><strong>suggerit,</strong></span> <span class='ocrx_word' id='word_1_647' title='bbox 2812 2993 2863 3044; x_wconf 87' lang='lat' dir='ltr'><strong>in</strong></span> <span class='ocrx_word' id='word_1_648' title='bbox 2895 3002 3136 3059; x_wconf 87' lang='lat' dir='ltr'><strong>apertum</strong></span> <span class='ocrx_word' id='word_1_649' title='bbox 3167 2993 3418 3044; x_wconf 89' lang='lat' dir='ltr'><strong>ducentes</strong></span> <span class='ocrx_word' id='word_1_650' title='bbox 3439 2994 3505 3044; x_wconf 74' lang='lat'><strong>&quot;.</strong></span> 
     </span>
    </p>
   </div>
   <div class='ocr_carea' id='block_1_83' title="bbox 1987 3079 3508 3147">
    <p class='ocr_par' dir='ltr' id='par_1_83' title="bbox 1987 3079 3508 3147">
     <span class='ocr_line' id='line_1_84' title="bbox 1987 3079 3508 3147; baseline 0 -15"><span class='ocrx_word' id='word_1_651' title='bbox 1987 3079 2249 3132; x_wconf 69' lang='lat' dir='ltr'><strong>Caeterum</strong></span> <span class='ocrx_word' id='word_1_652' title='bbox 2295 3079 2452 3145; x_wconf 90' lang='lat' dir='ltr'><strong>illud,</strong></span> <span class='ocrx_word' id='word_1_653' title='bbox 2489 3097 2508 3129; x_wconf 79' lang='grc' dir='ltr'><strong>ι</strong></span> <span class='ocrx_word' id='word_1_654' title='bbox 2545 3079 2862 3147; x_wconf 79' lang='lat' dir='ltr'><strong>agnoscebat</strong></span> <span class='ocrx_word' id='word_1_655' title='bbox 2903 3079 3028 3145; x_wconf 86' lang='lat' dir='ltr'><strong>quid</strong></span> <span class='ocrx_word' id='word_1_656' title='bbox 3077 3089 3216 3133; x_wconf 87' lang='lat' dir='ltr'><strong>esset</strong></span> <span class='ocrx_word' id='word_1_657' title='bbox 3259 3079 3310 3131; x_wconf 94' lang='lat' dir='ltr'><strong>in</strong></span> <span class='ocrx_word' id='word_1_658' title='bbox 3337 3081 3508 3132; x_wconf 81' lang='lat' dir='ltr'><strong>homi-</strong></span> 
     </span>
    </p>
   </div>
   <div class='ocr_carea' id='block_1_84' title="bbox 1986 3168 3505 3236">
    <p class='ocr_par' dir='ltr' id='par_1_84' title="bbox 1986 3168 3505 3236">
     <span class='ocr_line' id='line_1_85' title="bbox 1986 3168 3505 3236; baseline 0.003 -18"><span class='ocrx_word' id='word_1_659' title='bbox 1986 3169 2134 3230; x_wconf 77' lang='lat' dir='ltr'><strong>ne&quot;,</strong></span> <span class='ocrx_word' id='word_1_660' title='bbox 2163 3186 2182 3218; x_wconf 81' lang='grc' dir='ltr'><strong>ι</strong></span> <span class='ocrx_word' id='word_1_661' title='bbox 2211 3168 2347 3220; x_wconf 85' lang='lat' dir='ltr'><strong>sumi</strong></span> <span class='ocrx_word' id='word_1_662' title='bbox 2397 3169 2553 3220; x_wconf 85' lang='lat' dir='ltr'><strong>etiam</strong></span> <span class='ocrx_word' id='word_1_663' title='bbox 2587 3177 2764 3236; x_wconf 84' lang='lat' dir='ltr'><strong>potest</strong></span> <span class='ocrx_word' id='word_1_664' title='bbox 2797 3170 2861 3220; x_wconf 90' lang='lat' dir='ltr'><strong>de</strong></span> <span class='ocrx_word' id='word_1_665' title='bbox 2913 3168 3192 3223; x_wconf 86' lang='lat' dir='ltr'><strong>virtutibus</strong></span> <span class='ocrx_word' id='word_1_666' title='bbox 3235 3171 3387 3224; x_wconf 89' lang='lat' dir='ltr'><strong>malis</strong></span> <span class='ocrx_word' id='word_1_667' title='bbox 3424 3173 3505 3223; x_wconf 85' lang='lat' dir='ltr'><strong>vel</strong></span> 
     </span>
    </p>
   </div>
   <div class='ocr_carea' id='block_1_85' title="bbox 1987 3256 3510 3326">
    <p class='ocr_par' dir='ltr' id='par_1_85' title="bbox 1987 3256 3510 3326">
     <span class='ocr_line' id='line_1_86' title="bbox 1987 3256 3510 3326; baseline 0.002 -17"><span class='ocrx_word' id='word_1_668' title='bbox 1987 3256 2156 3321; x_wconf 90' lang='lat' dir='ltr'><strong>bonis,</strong></span> <span class='ocrx_word' id='word_1_669' title='bbox 2201 3258 2539 3326; x_wconf 86' lang='lat' dir='ltr'><strong>operantibus</strong></span> <span class='ocrx_word' id='word_1_670' title='bbox 2593 3259 2649 3311; x_wconf 87' lang='lat' dir='ltr'><strong>in</strong></span> <span class='ocrx_word' id='word_1_671' title='bbox 2695 3258 3013 3312; x_wconf 90' lang='lat' dir='ltr'><strong>hominibus.</strong></span> <span class='ocrx_word' id='word_1_672' title='bbox 3049 3258 3178 3310; x_wconf 86' lang='lat' dir='ltr'><strong>Nam</strong></span> <span class='ocrx_word' id='word_1_673' title='bbox 3212 3259 3254 3312; x_wconf 89' lang='lat' dir='ltr'><strong>si</strong></span> <span class='ocrx_word' id='word_1_674' title='bbox 3303 3260 3510 3313; x_wconf 90' lang='lat' dir='ltr'><strong>dederit</strong></span> 
     </span>
    </p>
   </div>
   <div class='ocr_carea' id='block_1_86' title="bbox 1987 3346 3506 3415">
    <p class='ocr_par' dir='ltr' id='par_1_86' title="bbox 1987 3346 3506 3415">
     <span class='ocr_line' id='line_1_87' title="bbox 1987 3346 3506 3415; baseline 0.003 -18"><span class='ocrx_word' id='word_1_675' title='bbox 1987 3348 2105 3414; x_wconf 86' lang='lat' dir='ltr'><strong>quis</strong></span> <span class='ocrx_word' id='word_1_676' title='bbox 2146 3348 2317 3400; x_wconf 88' lang='lat' dir='ltr'><strong>locum</strong></span> <span class='ocrx_word' id='word_1_677' title='bbox 2365 3346 2592 3412; x_wconf 89' lang='lat' dir='ltr'><strong>diabolo,</strong></span> <span class='ocrx_word' id='word_1_678' title='bbox 2625 3349 2919 3415; x_wconf 79' lang='lat' dir='ltr'><strong>ingreditur</strong></span> <span class='ocrx_word' id='word_1_679' title='bbox 2973 3349 3029 3402; x_wconf 72' lang='lat' dir='ltr'><strong>in</strong></span> <span class='ocrx_word' id='word_1_680' title='bbox 3072 3347 3218 3401; x_wconf 86' lang='lat' dir='ltr'><strong>illum</strong></span> <span class='ocrx_word' id='word_1_681' title='bbox 3260 3347 3506 3413; x_wconf 89' lang='lat' dir='ltr'><strong>Satanas,</strong></span> 
     </span>
    </p>
   </div>
   <div class='ocr_carea' id='block_1_87' title="bbox 1989 3435 3509 3504">
    <p class='ocr_par' dir='ltr' id='par_1_87' title="bbox 1989 3435 3509 3504">
     <span class='ocr_line' id='line_1_88' title="bbox 1989 3435 3509 3504; baseline 0.004 -18"><span class='ocrx_word' id='word_1_682' title='bbox 1989 3435 2425 3504; x_wconf 90' lang='lat' dir='ltr'><strong>quemadmodum</strong></span> <span class='ocrx_word' id='word_1_683' title='bbox 2479 3435 2622 3487; x_wconf 88' lang='lat' dir='ltr'><strong>dedit</strong></span> <span class='ocrx_word' id='word_1_684' title='bbox 2665 3435 2850 3495; x_wconf 83' lang='lat' dir='ltr'><strong>Judas,</strong></span> <span class='ocrx_word' id='word_1_685' title='bbox 2908 3455 2926 3487; x_wconf 80' lang='grc' dir='ltr'><strong>ι</strong></span> <span class='ocrx_word' id='word_1_686' title='bbox 2955 3452 3074 3490; x_wconf 88' lang='lat' dir='ltr'><strong>cum</strong></span> <span class='ocrx_word' id='word_1_687' title='bbox 3115 3439 3225 3502; x_wconf 84' lang='lat' dir='ltr'><strong>jam</strong></span> <span class='ocrx_word' id='word_1_688' title='bbox 3272 3437 3509 3492; x_wconf 88' lang='lat' dir='ltr'><strong>diabolus</strong></span> 
     </span>
    </p>
   </div>
   <div class='ocr_carea' id='block_1_88' title="bbox 1990 3519 3507 3591">
    <p class='ocr_par' dir='ltr' id='par_1_88' title="bbox 1990 3519 3507 3591">
     <span class='ocr_line' id='line_1_89' title="bbox 1990 3519 3507 3591; baseline 0.003 -19"><span class='ocrx_word' id='word_1_689' title='bbox 1990 3521 2219 3574; x_wconf 88' lang='lat' dir='ltr'><strong>misisset</strong></span> <span class='ocrx_word' id='word_1_690' title='bbox 2255 3521 2305 3574; x_wconf 90' lang='lat' dir='ltr'><strong>in</strong></span> <span class='ocrx_word' id='word_1_691' title='bbox 2339 3536 2430 3574; x_wconf 91' lang='lat' dir='ltr'><strong>cor</strong></span> <span class='ocrx_word' id='word_1_692' title='bbox 2456 3519 2588 3587; x_wconf 90' lang='lat' dir='ltr'><strong>ejus,</strong></span> <span class='ocrx_word' id='word_1_693' title='bbox 2638 3531 2694 3574; x_wconf 92' lang='lat' dir='ltr'><strong>ut</strong></span> <span class='ocrx_word' id='word_1_694' title='bbox 2744 3525 2973 3577; x_wconf 88' lang='lat' dir='ltr'><strong>traderet</strong></span> <span class='ocrx_word' id='word_1_695' title='bbox 3007 3523 3184 3578; x_wconf 85' lang='lat' dir='ltr'><strong>Jesum</strong></span> <span class='ocrx_word' id='word_1_696' title='bbox 3208 3525 3281 3588; x_wconf 80' lang='grc'><strong>²⁶;</strong></span> <span class='ocrx_word' id='word_1_697' title='bbox 3305 3542 3323 3574; x_wconf 89' lang='grc' dir='ltr'><strong>ι</strong></span> <span class='ocrx_word' id='word_1_698' title='bbox 3351 3539 3507 3591; x_wconf 84' lang='lat' dir='ltr'><strong>quam</strong></span> 
     </span>
    </p>
   </div>
   <div class='ocr_carea' id='block_1_89' title="bbox 1988 3611 3511 3677">
    <p class='ocr_par' dir='ltr' id='par_1_89' title="bbox 1988 3611 3511 3677">
     <span class='ocr_line' id='line_1_90' title="bbox 1988 3611 3511 3677; baseline 0.001 -13"><span class='ocrx_word' id='word_1_699' title='bbox 1988 3611 2056 3665; x_wconf 90' lang='lat' dir='ltr'><strong>ob</strong></span> <span class='ocrx_word' id='word_1_700' title='bbox 2079 3626 2292 3664; x_wconf 89' lang='lat' dir='ltr'><strong>causam</strong></span> <span class='ocrx_word' id='word_1_701' title='bbox 2337 3629 2355 3660; x_wconf 83' lang='grc' dir='ltr'><strong>ι</strong></span> <span class='ocrx_word' id='word_1_702' title='bbox 2381 3621 2494 3677; x_wconf 89' lang='lat' dir='ltr'><strong>post</strong></span> <span class='ocrx_word' id='word_1_703' title='bbox 2520 3612 2812 3666; x_wconf 89' lang='lat' dir='ltr'><strong>buecellam</strong></span> <span class='ocrx_word' id='word_1_704' title='bbox 2848 3615 3065 3667; x_wconf 86' lang='lat' dir='ltr'><strong>intravit</strong></span> <span class='ocrx_word' id='word_1_705' title='bbox 3096 3615 3146 3665; x_wconf 92' lang='lat' dir='ltr'><strong>in</strong></span> <span class='ocrx_word' id='word_1_706' title='bbox 3183 3614 3325 3666; x_wconf 90' lang='lat' dir='ltr'><strong>illum</strong></span> <span class='ocrx_word' id='word_1_707' title='bbox 3359 3615 3511 3666; x_wconf 62' lang='lat' dir='ltr'><strong>Satao</strong></span> 
     </span>
    </p>
   </div>
   <div class='ocr_carea' id='block_1_90' title="bbox 1989 3697 3505 3763">
    <p class='ocr_par' dir='ltr' id='par_1_90' title="bbox 1989 3697 3505 3763">
     <span class='ocr_line' id='line_1_91' title="bbox 1989 3697 3505 3763; baseline 0.001 -14"><span class='ocrx_word' id='word_1_708' title='bbox 1989 3698 2170 3749; x_wconf 84' lang='lat' dir='ltr'><strong>nas&quot;.</strong></span> <span class='ocrx_word' id='word_1_709' title='bbox 2199 3716 2218 3750; x_wconf 85' lang='grc' dir='ltr'><strong>ι</strong></span> <span class='ocrx_word' id='word_1_710' title='bbox 2252 3697 2344 3749; x_wconf 91' lang='lat' dir='ltr'><strong>Sin</strong></span> <span class='ocrx_word' id='word_1_711' title='bbox 2378 3709 2556 3750; x_wconf 89' lang='lat' dir='ltr'><strong>autem</strong></span> <span class='ocrx_word' id='word_1_712' title='bbox 2585 3699 2692 3751; x_wconf 92' lang='lat' dir='ltr'><strong>Deo</strong></span> <span class='ocrx_word' id='word_1_713' title='bbox 2723 3700 2894 3752; x_wconf 91' lang='lat' dir='ltr'><strong>locum</strong></span> <span class='ocrx_word' id='word_1_714' title='bbox 2926 3701 3148 3763; x_wconf 87' lang='lat' dir='ltr'><strong>dederit,</strong></span> <span class='ocrx_word' id='word_1_715' title='bbox 3184 3702 3370 3754; x_wconf 88' lang='lat' dir='ltr'><strong>beatus</strong></span> <span class='ocrx_word' id='word_1_716' title='bbox 3407 3700 3462 3752; x_wconf 87' lang='lat' dir='ltr'><strong>fit</strong></span> <span class='ocrx_word' id='word_1_717' title='bbox 3494 3718 3505 3750; x_wconf 91' lang='lat'><strong>:</strong></span> 
     </span>
    </p>
   </div>
   <div class='ocr_carea' id='block_1_91' title="bbox 1995 3785 3508 3852">
    <p class='ocr_par' dir='ltr' id='par_1_91' title="bbox 1995 3785 3508 3852">
     <span class='ocr_line' id='line_1_92' title="bbox 1995 3785 3508 3852; baseline 0.002 -17"><span class='ocrx_word' id='word_1_718' title='bbox 1995 3803 2012 3835; x_wconf 86' lang='grc' dir='ltr'><strong>ι</strong></span> <span class='ocrx_word' id='word_1_719' title='bbox 2046 3785 2234 3838; x_wconf 85' lang='lat' dir='ltr'><strong>Beatus</strong></span> <span class='ocrx_word' id='word_1_720' title='bbox 2262 3803 2279 3835; x_wconf 83' lang='grc' dir='ltr'><strong>ι</strong></span> <span class='ocrx_word' id='word_1_721' title='bbox 2308 3787 2473 3850; x_wconf 91' lang='lat' dir='ltr'><strong>enim,</strong></span> <span class='ocrx_word' id='word_1_722' title='bbox 2507 3803 2526 3836; x_wconf 82' lang='grc' dir='ltr'><strong>ι</strong></span> <span class='ocrx_word' id='word_1_723' title='bbox 2551 3787 2700 3852; x_wconf 86' lang='lat' dir='ltr'><strong>cujus</strong></span> <span class='ocrx_word' id='word_1_724' title='bbox 2739 3798 2819 3840; x_wconf 91' lang='lat' dir='ltr'><strong>est</strong></span> <span class='ocrx_word' id='word_1_725' title='bbox 2847 3788 2917 3838; x_wconf 89' lang='lat' dir='ltr'><strong>illi</strong></span> <span class='ocrx_word' id='word_1_726' title='bbox 2964 3789 3239 3841; x_wconf 90' lang='lat' dir='ltr'><strong>retributio</strong></span> <span class='ocrx_word' id='word_1_727' title='bbox 3267 3808 3286 3838; x_wconf 81' lang='grc' dir='ltr'><strong>ι</strong></span> <span class='ocrx_word' id='word_1_728' title='bbox 3319 3804 3347 3841; x_wconf 90' lang='lat' dir='ltr'><strong>a</strong></span> <span class='ocrx_word' id='word_1_729' title='bbox 3381 3789 3508 3848; x_wconf 87' lang='lat' dir='ltr'><strong>Deo,</strong></span> 
     </span>
    </p>
   </div>
   <div class='ocr_carea' id='block_1_92' title="bbox 1995 3873 3507 3941">
    <p class='ocr_par' dir='ltr' id='par_1_92' title="bbox 1995 3873 3507 3941">
     <span class='ocr_line' id='line_1_93' title="bbox 1995 3873 3507 3941; baseline 0.003 -18"><span class='ocrx_word' id='word_1_730' title='bbox 1995 3890 2013 3922; x_wconf 85' lang='grc' dir='ltr'><strong>ι</strong></span> <span class='ocrx_word' id='word_1_731' title='bbox 2035 3881 2086 3925; x_wconf 93' lang='lat' dir='ltr'><strong>et</strong></span> <span class='ocrx_word' id='word_1_732' title='bbox 2119 3874 2356 3925; x_wconf 90' lang='lat' dir='ltr'><strong>ascensio</strong></span> <span class='ocrx_word' id='word_1_733' title='bbox 2400 3873 2450 3925; x_wconf 90' lang='lat' dir='ltr'><strong>in</strong></span> <span class='ocrx_word' id='word_1_734' title='bbox 2495 3875 2656 3926; x_wconf 86' lang='lat' dir='ltr'><strong>corde</strong></span> <span class='ocrx_word' id='word_1_735' title='bbox 2692 3874 2804 3941; x_wconf 86' lang='lat' dir='ltr'><strong>ejus</strong></span> <span class='ocrx_word' id='word_1_736' title='bbox 2832 3892 2850 3922; x_wconf 87' lang='grc' dir='ltr'><strong>ι</strong></span> <span class='ocrx_word' id='word_1_737' title='bbox 2880 3887 2909 3925; x_wconf 93' lang='lat' dir='ltr'><strong>a</strong></span> <span class='ocrx_word' id='word_1_738' title='bbox 2934 3875 3040 3928; x_wconf 89' lang='lat' dir='ltr'><strong>Deo</strong></span> <span class='ocrx_word' id='word_1_739' title='bbox 3056 3874 3120 3926; x_wconf 78' lang='grc'><strong>³⁸.</strong></span> <span class='ocrx_word' id='word_1_740' title='bbox 3147 3874 3320 3938; x_wconf 88' lang='lat' dir='ltr'><strong>Quare</strong></span> <span class='ocrx_word' id='word_1_741' title='bbox 3341 3888 3507 3941; x_wconf 81' lang='lat' dir='ltr'><strong>agno-</strong></span> 
     </span>
    </p>
   </div>
   <div class='ocr_carea' id='block_1_93' title="bbox 1993 3959 3507 4030">
    <p class='ocr_par' dir='ltr' id='par_1_93' title="bbox 1993 3959 3507 4030">
     <span class='ocr_line' id='line_1_94' title="bbox 1993 3959 3507 4030; baseline -0.002 -16"><span class='ocrx_word' id='word_1_742' title='bbox 1993 3963 2117 4024; x_wconf 86' lang='lat' dir='ltr'><strong>scis,</strong></span> <span class='ocrx_word' id='word_1_743' title='bbox 2145 3976 2177 4014; x_wconf 96' lang='lat' dir='ltr'><strong>o</strong></span> <span class='ocrx_word' id='word_1_744' title='bbox 2206 3961 2305 4013; x_wconf 87' lang='lat' dir='ltr'><strong>Fili</strong></span> <span class='ocrx_word' id='word_1_745' title='bbox 2342 3959 2430 4014; x_wconf 89' lang='lat' dir='ltr'><strong>Dei</strong></span> <span class='ocrx_word' id='word_1_746' title='bbox 2457 3963 2632 4013; x_wconf 90' lang='lat' dir='ltr'><strong>omnia</strong></span> <span class='ocrx_word' id='word_1_747' title='bbox 2671 3975 2979 4030; x_wconf 84' lang='lat' dir='ltr'><strong>agnoscens,</strong></span> <span class='ocrx_word' id='word_1_748' title='bbox 3009 3960 3133 4027; x_wconf 88' lang='lat' dir='ltr'><strong>quid</strong></span> <span class='ocrx_word' id='word_1_749' title='bbox 3159 3961 3227 4012; x_wconf 89' lang='lat' dir='ltr'><strong>sit</strong></span> <span class='ocrx_word' id='word_1_750' title='bbox 3251 3960 3300 4012; x_wconf 88' lang='lat' dir='ltr'><strong>in</strong></span> <span class='ocrx_word' id='word_1_751' title='bbox 3336 3960 3507 4011; x_wconf 87' lang='lat' dir='ltr'><strong>homi-</strong></span> 
     </span>
    </p>
   </div>
   <div class='ocr_carea' id='block_1_94' title="bbox 1992 4048 3510 4118">
    <p class='ocr_par' dir='ltr' id='par_1_94' title="bbox 1992 4048 3510 4118">
     <span class='ocr_line' id='line_1_95' title="bbox 1992 4048 3510 4118; baseline -0.002 -15"><span class='ocrx_word' id='word_1_752' title='bbox 1992 4067 2078 4106; x_wconf 89' lang='lat' dir='ltr'><strong>ne.</strong></span> <span class='ocrx_word' id='word_1_753' title='bbox 2115 4051 2217 4104; x_wconf 87' lang='lat' dir='ltr'><strong>Sed</strong></span> <span class='ocrx_word' id='word_1_754' title='bbox 2246 4067 2364 4104; x_wconf 90' lang='lat' dir='ltr'><strong>cum</strong></span> <span class='ocrx_word' id='word_1_755' title='bbox 2409 4051 2516 4117; x_wconf 89' lang='lat' dir='ltr'><strong>jam</strong></span> <span class='ocrx_word' id='word_1_756' title='bbox 2561 4053 2690 4104; x_wconf 89' lang='lat' dir='ltr'><strong>satis</strong></span> <span class='ocrx_word' id='word_1_757' title='bbox 2719 4051 3020 4118; x_wconf 89' lang='lat' dir='ltr'><strong>scriptionis</strong></span> <span class='ocrx_word' id='word_1_758' title='bbox 3045 4049 3330 4117; x_wconf 84' lang='lat' dir='ltr'><strong>sumpserit</strong></span> <span class='ocrx_word' id='word_1_759' title='bbox 3366 4048 3510 4102; x_wconf 56' lang='lat' dir='ltr'><strong>deci.</strong></span> 
     </span>
    </p>
   </div>
   <div class='ocr_carea' id='block_1_95' title="bbox 1995 4139 3060 4202">
    <p class='ocr_par' dir='ltr' id='par_1_95' title="bbox 1995 4139 3060 4202">
     <span class='ocr_line' id='line_1_96' title="bbox 1995 4139 3060 4202; baseline 0.002 -10"><span class='ocrx_word' id='word_1_760' title='bbox 1995 4156 2109 4193; x_wconf 82' lang='lat' dir='ltr'><strong>ntus</strong></span> <span class='ocrx_word' id='word_1_761' title='bbox 2138 4151 2326 4202; x_wconf 88' lang='lat' dir='ltr'><strong>tomus,</strong></span> <span class='ocrx_word' id='word_1_762' title='bbox 2358 4139 2441 4192; x_wconf 93' lang='lat' dir='ltr'><strong>hic</strong></span> <span class='ocrx_word' id='word_1_763' title='bbox 2469 4139 2711 4194; x_wconf 80' lang='lat' dir='ltr'><strong>finiemus</strong></span> <span class='ocrx_word' id='word_1_764' title='bbox 2738 4155 3060 4194; x_wconf 87' lang='lat' dir='ltr'><strong>sermonem.</strong></span> 
     </span>
    </p>
   </div>
   <div class='ocr_carea' id='block_1_96' title="bbox 2223 4463 3510 4532">
    <p class='ocr_par' dir='ltr' id='par_1_96' title="bbox 2223 4463 3510 4532">
     <span class='ocr_line' id='line_1_97' title="bbox 2223 4463 3510 4532; baseline -0.003 -13"><span class='ocrx_word' id='word_1_765' title='bbox 2223 4469 2270 4500; x_wconf 77' lang='lat'>“</span> <span class='ocrx_word' id='word_1_766' title='bbox 2323 4465 2475 4522; x_wconf 79' lang='lat' dir='ltr'><strong>Joan.</strong></span> <span class='ocrx_word' id='word_1_767' title='bbox 2510 4481 2626 4532; x_wconf 82' lang='lat' dir='ltr'><strong>xui,</strong></span> <span class='ocrx_word' id='word_1_768' title='bbox 2682 4470 2736 4519; x_wconf 73' lang='lat'><strong>2.</strong></span> <span class='ocrx_word' id='word_1_769' title='bbox 2840 4467 2881 4498; x_wconf 77' lang='grc'><strong>³⁷</strong></span> <span class='ocrx_word' id='word_1_770' title='bbox 2940 4465 3068 4518; x_wconf 88' lang='lat' dir='ltr'><strong>ibid.</strong></span> <span class='ocrx_word' id='word_1_771' title='bbox 3119 4464 3208 4516; x_wconf 75' lang='lat'><strong>27.</strong></span> <span class='ocrx_word' id='word_1_772' title='bbox 3283 4465 3326 4496; x_wconf 79' lang='grc'>³⁸</span> <span class='ocrx_word' id='word_1_773' title='bbox 3371 4463 3510 4517; x_wconf 85' lang='lat' dir='ltr'><strong>Psal.</strong></span> 
     </span>
    </p>
   </div>
   <div class='ocr_carea' id='block_1_97' title="bbox 1997 4683 3514 4761">
    <p class='ocr_par' dir='ltr' id='par_1_97' title="bbox 1997 4683 3514 4761">
     <span class='ocr_line' id='line_1_98' title="bbox 1997 4683 3514 4761; baseline -0.007 -18"><span class='ocrx_word' id='word_1_774' title='bbox 1997 4688 2014 4706; x_wconf 81' lang='lat'><em>&#39;</em></span> <span class='ocrx_word' id='word_1_775' title='bbox 2065 4690 2172 4760; x_wconf 84' lang='lat'><strong>(77)</strong></span> <span class='ocrx_word' id='word_1_776' title='bbox 2211 4690 2386 4761; x_wconf 66' lang='lat' dir='ltr'><strong>Codex</strong></span> <span class='ocrx_word' id='word_1_777' title='bbox 2431 4689 2745 4761; x_wconf 72' lang='lat' dir='ltr'><strong>Bodleianus</strong></span> <span class='ocrx_word' id='word_1_778' title='bbox 2795 4687 2966 4761; x_wconf 65' lang='lat' dir='ltr'><strong>habet</strong></span> <span class='ocrx_word' id='word_1_779' title='bbox 2994 4687 3053 4761; x_wconf 80' lang='lat' dir='ltr'><strong>in_</strong></span> <span class='ocrx_word' id='word_1_780' title='bbox 3091 4691 3235 4761; x_wconf 74' lang='lat' dir='ltr'><strong>textu</strong></span> <span class='ocrx_word' id='word_1_781' title='bbox 3276 4683 3514 4761; x_wconf 65' lang='grc' dir='ltr'>ξωδςκά-</span> 
     </span>
    </p>
   </div>
   <div class='ocr_carea' id='block_1_98' title="bbox 1994 4749 3518 4825">
    <p class='ocr_par' dir='ltr' id='par_1_98' title="bbox 1994 4749 3518 4825">
     <span class='ocr_line' id='line_1_99' title="bbox 1994 4749 3518 4825; baseline -0.007 -16"><span class='ocrx_word' id='word_1_782' title='bbox 1994 4749 2108 4821; x_wconf 73' lang='grc' dir='ltr'>τοῦ,</span> <span class='ocrx_word' id='word_1_783' title='bbox 2137 4749 2189 4810; x_wconf 75' lang='lat' dir='ltr'><strong>et</strong></span> <span class='ocrx_word' id='word_1_784' title='bbox 2215 4758 2267 4810; x_wconf 90' lang='lat' dir='ltr'><strong>in</strong></span> <span class='ocrx_word' id='word_1_785' title='bbox 2303 4759 2539 4825; x_wconf 81' lang='lat' dir='ltr'><strong>margine</strong></span> <span class='ocrx_word' id='word_1_786' title='bbox 2577 4755 2817 4817; x_wconf 84' lang='grc' dir='ltr'>δεκάτου,</span> <span class='ocrx_word' id='word_1_787' title='bbox 2846 4754 2923 4805; x_wconf 91' lang='lat' dir='ltr'><strong>uti</strong></span> <span class='ocrx_word' id='word_1_788' title='bbox 2955 4754 3146 4820; x_wconf 90' lang='lat' dir='ltr'><strong>legitur</strong></span> <span class='ocrx_word' id='word_1_789' title='bbox 3187 4753 3236 4802; x_wconf 93' lang='lat' dir='ltr'><strong>in</strong></span> <span class='ocrx_word' id='word_1_790' title='bbox 3274 4749 3438 4815; x_wconf 83' lang='lat' dir='ltr'><strong>Regio</strong></span> <span class='ocrx_word' id='word_1_791' title='bbox 3465 4761 3518 4799; x_wconf 88' lang='lat' dir='ltr'><strong>et</strong></span> 
     </span>
    </p>
   </div>
   <div class='ocr_carea' id='block_1_99' title="bbox 1995 4825 3471 4886">
    <p class='ocr_par' dir='ltr' id='par_1_99' title="bbox 1995 4825 3471 4886">
     <span class='ocr_line' id='line_1_100' title="bbox 1995 4825 3471 4886; baseline 0.006 -9"><span class='ocrx_word' id='word_1_792' title='bbox 1995 4825 2308 4878; x_wconf 88' lang='lat' dir='ltr'><strong>Barherino.</strong></span> <span class='ocrx_word' id='word_1_793' title='bbox 3044 4884 3055 4886; x_wconf 95' lang='lat'><em>_</em></span> <span class='ocrx_word' id='word_1_794' title='bbox 3104 4884 3130 4886; x_wconf 54' lang='lat'><strong>_,</strong></span> <span class='ocrx_word' id='word_1_795' title='bbox 3164 4885 3169 4886; x_wconf 24' lang='grc' dir='ltr'><em>γ</em></span> <span class='ocrx_word' id='word_1_796' title='bbox 3461 4877 3471 4886; x_wconf 88' lang='grc'><strong>.</strong></span> 
     </span>
    </p>
   </div>
   <div class='ocr_carea' id='block_1_100' title="bbox 1994 4884 3519 5027">
    <p class='ocr_par' dir='ltr' id='par_1_100' title="bbox 1994 4884 3519 5027">
     <span class='ocr_line' id='line_1_101' title="bbox 1994 4884 3519 5012; baseline -0.013 -60"><span class='ocrx_word' id='word_1_797' title='bbox 1994 4891 2171 5012; x_wconf 74' lang='grc' dir='ltr'><strong>λό(78)</strong></span> <span class='ocrx_word' id='word_1_798' title='bbox 2209 4891 2386 4948; x_wconf 78' lang='lat' dir='ltr'><strong>Codex</strong></span> <span class='ocrx_word' id='word_1_799' title='bbox 2425 4889 2618 4959; x_wconf 80' lang='lat' dir='ltr'><strong>Regius</strong></span> <span class='ocrx_word' id='word_1_800' title='bbox 2680 4887 2865 4950; x_wconf 89' lang='lat' dir='ltr'><strong>habet,</strong></span> <span class='ocrx_word' id='word_1_801' title='bbox 2913 4887 2972 4939; x_wconf 82' lang='grc' dir='ltr'><strong>τὸ</strong></span> <span class='ocrx_word' id='word_1_802' title='bbox 3035 4884 3229 4951; x_wconf 81' lang='grc' dir='ltr'>βιϐλίον</span> <span class='ocrx_word' id='word_1_803' title='bbox 3279 4895 3377 4948; x_wconf 86' lang='lat' dir='ltr'><strong>pro</strong></span> <span class='ocrx_word' id='word_1_804' title='bbox 3406 4884 3519 4953; x_wconf 40' lang='grc' dir='ltr'>,τὸν</span> 
     </span>
     <span class='ocr_line' id='line_1_102' title="bbox 2055 4961 2186 5027; baseline 0 -15"><span class='ocrx_word' id='word_1_805' title='bbox 2055 4961 2186 5027; x_wconf 89' lang='grc' dir='ltr'>γον.⁸</span> 
     </span>
    </p>
   </div>
  </div>
