3828 6220
341 279 433 337 ml

1427 303 1770 359 COMMENT.
1810 304 1877 359 IN
1913 306 2100 362 10AM.
2141 302 2372 359 TOMUS
2407 304 2513 358 Xlll
2558 372 2563 378 ί

3454 302 3558 358 ἆθῖ

353 403 686 478 προείπομεν
707 448 723 472 ,
772 418 1133 486 τυγχάνουσα
1190 419 1414 490 ,γνώμης
1471 418 1925 488 έτεροδοξούντων,

2032 421 2393 489 praediximus,
2421 432 2603 473 eorum
2633 420 2721 485 qui
2758 418 2827 471 ab
2848 416 3102 472 Ecclesia:
3135 417 3363 473 decretis
3398 422 3556 475 dissi-

365 499 488 570 περὶ
530 500 628 562 τὰς
672 499 830 565 θείας
883 508 1294 578 ἀσχολουμένων
1337 509 1577 577 Γραφάς,
1615 509 1701 559 ὅτε
1744 509 1927 563 ἀκούει

376 591 499 662 περ).
531 592 627 660 τῆς
671 594 1024 664 συγκρίσεως
1069 598 1388 666 ἀμφοτέρων
1419 597 1524 649 τῶν
1567 596 1789 653 ὑδάτων.
1821 599 1929 651 Καὶ

382 680 479 748 ὅρα
502 679 560 744 ἐξ
587 672 662 732 ὧν
685 681 1000 744 ἐπεπόνθει,
1028 684 1141 746 πῶς
1175 684 1398 737 πίνουσα
1434 686 1497 737 ἐκ
1521 683 1611 736 τοῦ
1643 685 1928 754 νομιζομέι-
1951 729 1958 736 .

389 786 474 825 νου
506 770 638 838 αὐτῇ
674 768 885 837 βαθέως
911 768 1048 824 εἶναι
1075 774 1321 843 φρέατος,
1348 776 1445 826 οὐκ
1475 773 1766 828 ἀνεπαύετο
1798 776 1927 845 (84),

393 859 503 911 οὐδὲ
534 859 631 927 τῆς
656 858 815 927 δίψης
843 860 1241 930 ἀπηλλάττετο..
1891 849 1897 854 ’

457 946 508 999 2.
538 946 761 1016 Ἴδωμεν
790 943 884 1000 οῦν
909 950 963 1001 τί
991 951 1305 1018 σημαίνεται
1333 952 1394 1003 ὲκ
1422 950 1514 1004 τοῦ
1538 968 1551 982 ·
1589 970 1607 1003 ι
1634 953 1746 1016 Πᾶς
1786 956 1815 1007 6
1839 955 1929 1007 πί-

391 1053 492 1089 νων
528 1036 592 1087 ὲκ
631 1035 724 1087 τοῦ
765 1034 954 1099 ὕδατος
985 1038 1170 1090 τούτου
1199 1039 1405 1108 διψήσει
1444 1041 1620 1094 πάλιν.
1652 1060 1670 1093 ι
1702 1044 1852 1096 Ἐστι
1876 1043 1931 1097 δὲ

389 1129 452 1181 ἐκ
485 1129 583 1197 τῆς
610 1126 799 1195 διψῆν
848 1132 1029 1200 φωνῆς
1053 1170 1068 1194 ,
1104 1132 1193 1184 καὶ
1222 1135 1292 1185 ὲκ
1310 1134 1406 1202 τῆς
1454 1133 1686 1200 πεινῆν,
1712 1134 1848 1186 κατά
1872 1134 1931 1185 τὸ

389 1219 694 1287 σωματικὸν
715 1256 732 1281 ,
760 1217 854 1271 δύο
879 1221 1263 1290 σημαινόμενα,
1295 1222 1351 1275 ἒν
1383 1223 1478 1291 μὲν
1515 1223 1632 1275 καθ’
1660 1222 1688 1276 ὃ
1709 1222 1930 1292 δεόμεθα

386 1308 604 1376 τροφῆς.
635 1308 979 1372 κενωθέντες,
1011 1311 1103 1362 καὶ
1131 1312 1437 1380 ὀρεγόμενοι
1478 1313 1642 1382 αὐτῆς
1662 1353 1677 1375 ,
1711 1312 1813 1364 ὑπὸ
1838 1312 1928 1366 τοῦ

386 1395 550 1467 ὑγροῦ
585 1398 717 1466 ἡμῖν
763 1397 1102 1459 ἐπιλιπόντος
1123 1397 1231 1467 (85)
1255 1414 1268 1427 ·
1301 1398 1480 1466 ἕτερον
1513 1400 1567 1451 δὲ
1593 1399 1712 1453 καθ’
1754 1399 1929 1453 δ’πολη

384 1483 535 1545 λάκις
579 1487 627 1537 ot
662 1485 911 1553 πένητες,
953 1486 1046 1539 καὶ
1091 1490 1147 1539 έν
1173 1488 1370 1557 ἀπορίᾳ
1408 1487 1554 1550 ὅντες
1574 1525 1586 1549 ,
1611 1488 1715 1541 τῶν
1743 1489 1928 1555 ἐπιτη-

384 1573 533 1625 δείων
578 1575 715 1640 φασὶ
761 1574 1137 1643 κεκορεσμένοι
1177 1575 1236 1627 τὸ
1275 1578 1493 1644 πεινῇν,
1536 1576 1568 1643 ἢ
1609 1574 1782 1643 διψῆν.
1826 1575 1932 1627 Καὶ

388 1662 680 1730 μαρτύριόν
715 1680 780 1730 γε
818 1662 917 1715 τοῦ
960 1665 1055 1732 μὲν
1099 1665 1308 1733 πρώτου
1344 1665 1412 1715 ηὲν
1448 1667 1512 1734 τῇ
1560 1663 1750 1732 Ἐξόδῳ
1772 1705 1787 1728 ,
1822 1665 1928 1728 ὅτε,

2029 512 2232 581 dentes,
2261 518 2384 561 sunt
2408 506 2460 560 in
2495 507 2686 559 divinis
2710 506 3003 573 Scripturis
3019 508 3317 573 exercitati,
3346 514 3559 579 quando

2028 600 2172 652 audit
2218 598 2283 651 de
2330 598 2728 663 comparatione
2780 604 3125 663 utrarumque
3180 610 3455 665 aquarum.
3496 600 3560 652 Et

2028 690 2147 742 vide
2187 702 2252 742 ex
2300 686 2382 739 bis
2411 699 2528 755 quae
2568 699 2721 752 passa
2763 685 2955 750 fuerat,
2983 687 3247 753 quomodo
3281 685 3466 741 bibens
3492 703 3557 740 ex

2018 787 2203 847 puteo.
2254 790 2411 843 quem
2484 776 2598 842 ipsa
2645 774 2983 827 existimabat
3049 774 3402 843 profundum,
3442 788 3539 829 nec

2030 864 2412 921 refocillaretur
2447 876 2546 916 nec
2569 877 2600 917 ιι
2623 862 2714 917 siti
2744 862 3080 917 liberaretur.
3112 934 3115 937 Ἴ

2093 954 2145 1007 2.
2186 952 2416 1007 Proinde
2450 951 2730 1005 videamus
2767 952 2892 1018 quid
2927 966 2996 1004 ex
3035 952 3142 1005 illis
3185 950 3364 1006 verbis
3391 951 3558 1019 signi-

2030 1042 2237 1104 ﬁcetur,
2276 1057 2295 1090 ι
2343 1039 2517 1092 omnis
2569 1037 2658 1104 qui
2702 1035 2896 1089 biberit
2940 1052 3005 1089 ex
3056 1037 3156 1093 bac
3213 1051 3368 1104 aqua,
3416 1038 3560 1090 sitiet

2029 1129 2220 1182 iterum
2237 1127 2304 1182 ³⁵.
2338 1146 2357 1177 ι
2389 1125 2554 1179 Porro
2598 1125 2741 1179 vocis
2782 1125 2999 1199 sitiendi
3023 1133 3077 1178 et
3119 1126 3265 1178 vocis
3292 1126 3556 1178 esurieudi

2028 1219 2201 1287 quoad
2224 1231 2442 1273 sensum
2477 1215 2727 1269 humilem
2756 1223 2811 1267 et
2839 1214 3171 1281 corporalem
3212 1216 3418 1279 attinet,
3442 1216 3559 1268 dua:

2029 1315 2150 1359 sunt
2178 1304 2599 1373 signiﬁcationes
2628 1324 2640 1356 ;
2677 1302 2846 1357 altera
2864 1316 2981 1357 cum
2998 1301 3150 1355 vacui
3199 1303 3317 1355 cibo
3343 1317 3555 1369 egemus

2028 1395 2140 1457 illo,
2173 1391 2655 1460 quodappetimus,
2688 1389 2905 1449 humido
2944 1389 3212 1459 destituti:
3243 1390 3407 1445 altera
3437 1405 3556 1444 eum

2029 1495 2167 1549 saepe
2222 1493 2507 1548 pauperes,
2546 1486 2601 1531 et
2640 1477 2732 1544 qui
2760 1487 2885 1533 sunt
2913 1477 2964 1533 in
2995 1486 3229 1544 egestate
3254 1492 3429 1532 rerum
3464 1495 3560 1532 ne-

2029 1567 2381 1622 cessariarum
2415 1564 2621 1627 dicunt,
2656 1561 2864 1616 etiamsi
2900 1561 3079 1619 satiati
3112 1560 3328 1626 fuerint.
3359 1576 3417 1617 se
3438 1578 3558 1616 esu-

2032 1660 2139 1711 rire
2164 1657 2247 1710 vel
2300 1656 2470 1710 sitire.
2505 1654 2696 1707 Primae
2726 1652 2942 1719 quidem
2994 1652 3351 1706 testimonium
3393 1653 3556 1711 babes

385 1724 709 1817 ἀποροῦντες
726 1724 1005 1818 τροφῶν-ι
1038 1752 1102 1819 τῇ
1129 1724 1568 1821 ἐννεακαιδεκάτῃ
1593 1724 1782 1820 ἡμέραν
1798 1724 1925 1820 (86),

2034 1746 2084 1799 in
2128 1745 2308 1799 Exodo
2329 1745 2395 1810 ³⁸,
2422 1744 2635 1811 quando
2683 1750 2901 1808 egentes
2938 1740 3073 1794 cibis
3126 1740 3372 1795 «decima
3418 1754 3556 1795 nona

385 1834 458 1902 τῷ
487 1835 615 1903 μηνὶ
644 1835 723 1904 τῷ
749 1836 981 1905 δευτέρῳ
1012 1836 1398 1906 ἐξεληλυθότων
1425 1838 1598 1891 αὐτῶν
1624 1841 1686 1890 ὲκ
1717 1838 1816 1908 γῆς
1842 1840 1932 1891 Αί-

383 1922 614 1990 γύπτου,
668 1923 955 1991 διεγόγγυζ
963 1941 988 1976 ε
1028 1927 1173 1977 πᾶσα
1213 1927 1494 1997 συναγωγὴ
1544 1926 1675 1978 υἱῶν
1726 1926 1931 1996 Ἰσραὴλ

384 2013 472 2062 ἐπὶ
503 2011 743 2079 Μωῦσῆν
768 2011 862 2063 καὶ
908 2012 1115 2081 Ἀαρὼν
1137 2053 1151 2076 ,
1182 2014 1274 2066 καὶ
1302 2008 1456 2067 εῐπαν
1488 2016 1622 2085 πρὸς
1661 2017 1853 2078 αὐτοὺς
1881 2018 1928 2073 οί

383 2101 485 2151 υἱοὶ
533 2101 751 2171 Ἰσραήλ
774 2119 787 2131 ·
846 2103 1072 2169 Ὄφελον
1115 2104 1451 2174 ἀπεθάνομεν
1497 2106 1786 2175 πληγέντες
1829 2107 1930 2158 ὑπὸ

382 2190 582 2257 Κυρίου
612 2192 669 2241 ὲν
700 2193 764 2259 γῇ
792 2191 1068 2260 Αἰγύπτῳ,
1099 2194 1222 2245 ὅταν
1251 2194 1574 2263 ἐκαθίσαμεν
1599 2196 1688 2246 ἐπὶ
1713 2196 1816 2247 τῶν
1847 2194 1930 2247 λε-

384 2278 556 2347 ϐήτων
577 2280 687 2331 τῶν
719 2282 895 2350 κρεῶν
913 2319 929 2343 ,
960 2282 1052 2335 κα)⁸
1082 2282 1336 2352 ῆσθίομεν
1367 2284 1559 2353 ἄρτους
1583 2287 1661 2347 εἰς
1692 2285 1930 2355 πλησμο-

383 2369 474 2435 νήν
491 2384 503 2396 ·
531 2369 610 2420 ὅτι
633 2368 928 2438 ὲξηγάγετε
954 2372 1202 2439 ήμᾶςείς.
1218 2372 1314 2440 τὴν
1342 2371 1539 2441 ἔρημον
1556 2374 1776 2443 ταύτην,
1805 2377 1930 2429 ἀπο-

384 2457 578 2510 κτεῖναι
605 2457 719 2524 (87)
751 2460 934 2511 πᾶσαν
970 2460 1068 2528 τὴν
1103 2463 1416 2532 συναγωγὴν
1448 2463 1645 2532 ταύτην
1674 2465 1735 2515 ἐν
1765 2464 1925 2533 λιμῷ.

385 2539 513 2595 Εἷπε
555 2544 615 2599 δὲ.
636 2544 838 2614 Κύριος
870 2546 1005 2616 πρὸς
1053 2548 1318 2617 Μωῦσῆν·
1355 2548 1479 2601 Ἰδοὺ
1527 2549 1633 2617 ἐγὼ
1686 2549 1763 2603 lito
1795 2552 1919 2620 ὑμῖν

385 2632 573 2700 ἄρτους
597 2634 661 2685 ἐκ
698 2628 792 2685 τοῦ
824 2634 1052 2703 ούρανοῦ
1073 2675 1087 2699 ,
1112 2637 1205 2688 καὶ
1234 2636 1561 2702 ἐξελεύσεται
1591 2640 1619 2691 6
1646 2638 1802 2702 λαδς,
1836 2642 1927 2695 καὶ

387 2720 685 2784 συλλέξουσι
712 2723 891 2793 τὸτῆς
915 2725 1126 2794 ἡμέρας
1152 2727 1229 2786 είς
1260 2726 1488 2797 ἡμέραν,
1522 2728 1666 2789 ὅπως
1690 2730 1926 2798 πειράσω

385 2809 573 2870 αὐτοὺς
598 2812 646 2862 εί
679 2810 1039 2880 πορεύσονται
1062 2813 1138 2881 τῷ
1165 2813 1310 2882 νόμῳ
1335 2831 1454 2882 μου,
1478 2814 1510 2884 ἢ
1535 2814 1615 2868 οὔ.
1647 2835 1666 2867 ι
1696 2816 1924 2870 Πεινών-

383 2916 485 2951 των
510 2899 616 2968 γὰρ
643 2901 739 2952 καὶ
761 2901 1105 2970 ἀπορούντων
1137 2902 1231 2970 τῆς
1262 2901 1553 2969 ἀναγκαίας
1580 2905 1780 2973 τροφῆς
1806 2905 1924 2957 ὅσον

384 2990 684 3057 γογγυσμὸν
722 2991 937 3043 ἐποίουν
974 2993 1023 3042 οί
1056 2990 1200 3057 λόγοι
1235 2990 1341 3060 (88)
1365 3006 1376 3021 ⁸
1427 2991 1559 3044 ἀλλὰ
1608 2992 1700 3044 καὶ
1742 2992 1925 3055 ὓδατος
1951 3017 1992 3070 ρ

383 3075 704 3144 ἀποροῦντες
729 3078 820 3129 καὶ
838 3076 1096 3144 διψῶντες
1115 3077 1448 3144 διεγόγγυζον
1476 3078 1612 3130 κατὰ
1633 3079 1921 3141 Μωῦσέωςο

391 3183 408 3213 ι
442 3166 503 3216 Τί
536 3165 769 3234 πιόμεθα
801 3182 815 3230 ;
859 3186 879 3217 ι
910 3168 998 3219 ὅτε
1029 3187 1047 3217 ι
1079 3167 1267 3236 ἐϐόησε
1289 3168 1522 3236 Μωῢσῆς
1557 3167 1691 3237 πρὸς
1712 3166 1927 3237 Κύριον,

386 3254 475 3305 καὶ
504 3253 697 3317 ἔδειξεν
742 3254 892 3324 αὐτῷ
920 3255 1120 3325 Κύριος
1137 3255 1306 3317 ξύλον,
1322 3256 1413 3308 καὶ
1431 3255 1674 3307 ἐνέϐαλεν
1696 3256 1823 3309 αὐτὸ
1855 3258 1930 3317 είς

383 3341 442 3392 τδ
466 3340 603 3412 ὔδωρ
624 3381 638 3402 ,
688 3344 783 3395 καὶ
840 3342 1137 3412 ὲγλυκάνθη
1175 3343 1235 3395 τὸ
1259 3342 1420 3413 ὕδωρ.
1463 3361 1481 3393 ›
1506 3344 1613 3395 Καὶ
1645 3344 1755 3411 μετ’
1779 3343 1928 3409 ὀλίγα

385 3429 536 3497 ἡνίκα
563 3426 726 3500 ἦλθεν
756 3434 834 3493 είς
877 3432 1143 3498 Ῥαφιδεὶν
1163 3470 1178 3494 ,
1204 3432 1536 3503 γέγραπται,
1570 3433 1650 3483 ὅτι
1682 3431 1927 3501 ἐδίψησεν

385 3519 412 3568 6
453 3517 573 3580 λαὸς
616 3522 733 3570 ἐκεῖ
770 3519 961 3584 ὕδατι,
995 3521 1086 3573 καὶ
1127 3519 1419 3587 ὲγόγγυζεν
1462 3521 1489 3570 6
1530 3520 1654 3581 λαὸς
1687 3522 1800 3571 ἐκεῖ
1833 3517 1922 3571 ὲπὶ

387 3606 631 3674 Μωῡσῆν.
662 3606 815 3669 Δόξει
857 3607 912 3658 δὲ
941 3606 1036 3658 τοῦ
1070 3607 1317 3676 δευτέρου
1366 3607 1473 3660 τῶν
1519 3607 1921 3676 σημαινομένων

386 3690 516 3745 εἶναι
547 3696 694 3764 παρά
723 3695 800 3763 τῷ
825 3695 1018 3764 Παύλῳ
1053 3695 1392 3764 παράδειγμα
1435 3696 1668 3761 λέγοντι·
1707 3714 1723 3743 ι
1765 3695 1924 3762 ’Δχρι

385 3782 478 3851 τῆς
506 3783 629 3853 ἄρτι
649 3782 801 3852 ὧρας
838 3784 935 3836 καὶ
971 3781 1245 3851 πεινῶμεν
1264 3821 1277 3841 ,
1312 3784 1403 3836 καὶ
1433 3782 1690 3851 διψῶμεν,
1713 3780 1804 3831 καὶ
1832 3797 1925 3845 γυ-

389 3870 734 3939 μνητεύομεν.
769 3888 788 3919 ι
821 3871 892 3922 Τὸ
920 3871 1015 3939 μὲν
1051 3866 1142 3922 οὖν
1184 3870 1396 3940 πρῶτον
1428 3872 1613 3938 πεινῆν
1652 3869 1743 3920 καὶ
1769 3866 1923 3935 διψῆν

290 3994 293 3997 -
386 3959 689 4024 ἀναγκαίως
708 3957 1043 4024 γίνεταιντοίς
1062 3959 1352 4026 ὑγιαίνουσι
1378 3957 1614 4027 σώμασι·
1639 3958 1697 4009 τὸ
1721 3956 1777 4009 δὲ
1802 3955 1918 4008 δεύ-

384 4062 530 4115 τερον
566 4050 678 4110 τοῖς
720 4048 1036 4116 πενομένοις
1083 4047 1383 4115 συμϐαίνει.
1418 4046 1679 4116 Ζητητέω
1703 4041 1793 4096 οὖν
1830 4044 1922 4097 καὶ

386 4135 446 4185 ἐκ
470 4134 586 4186 τοῦ·
622 4153 640 4185 ι
680 4137 795 4197 Πᾶς
813 4138 841 4188 6
878 4136 1043 4187 πίνων
1067 4137 1130 4187 ὲκ
1169 4135 1353 4187 τούτου
1380 4134 1477 4188 τοῦ
1508 4135 1692 4196 ὓδατος
1716 4133 1923 4203 διψήσει

387 4223 557 4287 πάλιν,
595 4243 615 4275 ι
651 4227 800 4277 ποῖον
820 4223 1062 4291 διψήσει
1098 4224 1326 4291 λέγεται.

451 4486 504 4538 5.
531 4487 750 4556 Πρῶτον
787 4488 863 4550 ὡς
902 4489 995 4540 ἐπὶ
1028 4489 1332 4557 σωματικοῦ
1364 4490 1395 4559 ἢ
1446 4490 1537 4542 καὶ
1565 4489 1672 4558 (89)
1698 4491 1833 4559 τάχα
1856 4491 1915 4543 τὸ

386 4574 693 4645 δηλούμενόν
726 4580 904 4639 ἐστιν,
935 4578 1016 4628 ὅτι
1058 4576 1160 4629 κᾶν
1188 4579 1320 4647 πρὸς
1348 4578 1409 4630 τὸ
1454 4580 1622 4647 παρὸν
1664 4580 1913 4650 κορεσθῇ,

386 4658 490 4709 ἀλλ’
512 4661 707 4724 εὐθέως
733 4662 1182 4725 ύποϐιὸασθέντος
1204 4664 1293 4715 τοῦ
1317 4664 1501 4728 ποτοῦ,
1521 4666 1579 4716 τὺ
1596 4666 1723 4717 αὐτὸ
1751 4667 1920 4729 πάθος

388 4746 616 4800 πείσεται
673 4751 702 4801 6
763 4747 934 4814 πιὼν,
994 4749 1235 4801 τουτέστι
1304 4752 1515 4819 διψήσει
1593 4750 1748 4803 πάλιν
1773 4791 1787 4815 ,
1843 4754 1920 4815 είς

389 4833 562 4901 ὁμοίαν
616 4837 752 4907 (90)
804 4837 884 4908 τῷ
931 4837 1172 4907 ἀρχῆθεν
1222 4839 1595 4902 (irreuerenter;
1619 4856 1633 4869 '
1677 4842 1922 4913 ἐπιφέρει

2031 1836 2134 1901 die,
2165 1849 2349 1889 mense
2403 1832 2655 1894 secundo,
2681 1846 2800 1887 cum
2847 1835 3045 1899 egressi
3081 1830 3314 1888 fuissent
3335 1849 3358 1884 ι
3386 1830 3554 1885 Judaei

2035 1940 2105 1979 te
2139 1935 2281 1977 terra
2325 1922 2563 1991 Egypti,
2588 1924 2953 1979 murmurnvit.
2988 1922 3236 1977 universa
3268 1935 3555 1991 congrega—

2031 2015 2103 2068 tio
2150 2013 2373 2067 ﬁliorunt
2424 2011 2587 2068 Israel
2619 2012 2872 2067 adversus
2917 2011 3129 2082 Moysen
3180 2021 3235 2067 et
3280 2012 3475 2075 Aaron,
3504 2022 3555 2063 et

2026 2100 2275 2153 dixerunt
2329 2099 2397 2152 ad
2443 2099 2583 2165 ipsos
2645 2100 2740 2153 ﬁlii
2789 2099 2946 2152 Israel
3001 2118 3015 2154 :
3065 2099 3276 2153 Utinam
3306 2100 3557 2167 periisse-

2031 2204 2148 2241 mus
2182 2188 2416 2254 percussi
2459 2203 2489 2239 a
2516 2187 2739 2243 Domino
2786 2188 2837 2241 in
2888 2199 3032 2243 terra
3081 2188 3554 2259 IEgypti,quandu

2029 2275 2346 2329 sedebamtts
2374 2290 2534 2343 super
2560 2276 2760 2333 lebetes
2807 2277 3071 2342 carnium,
3101 2286 3155 2330 et
3204 2278 3416 2345 quando
3464 2291 3557 2330 co-

2030 2363 2367 2418 medebamus
2421 2378 2581 2431 panes
2624 2365 2689 2416 ad
2735 2365 3094 2430 saturitatem;
3123 2366 3370 2433 quoniam
3426 2366 3556 2419 edu-

2027 2456 2182 2507 xistis
2220 2469 2316 2510 nos
2347 2455 2412 2508 ad
2447 2454 2581 2507 hanc
2611 2455 2975 2519 solitudinem,
3015 2455 3085 2508 ad
3128 2455 3549 2510 interﬁciendum

2027 2542 2167 2595 l‘ame
2212 2551 2457 2597 cunctam
2506 2543 2965 2612 congregationem
3013 2544 3171 2598 hanc.
3201 2545 3344 2599 Dixit
3375 2554 3550 2600 autem

2028 2630 2282 2685 Dominus
2308 2632 2372 2684 ad
2401 2630 2614 2701 Moysen
2647 2632 2817 2686 :Ecce
2855 2646 2954 2700 ego
2993 2632 3114 2700 pluo
3141 2634 3291 2687 vobis
3334 2626 3496 2701 partes
3523 2649 3554 2686 ο

2027 2719 2181 2782 coelo,
2226 2728 2280 2774 et
2314 2720 2617 2787 egredietur
2654 2720 2903 2787 populus,
2942 2732 2998 2773 et
3042 2723 3292 2790 colligent
3333 2723 3555 2792 singulis

2026 2808 2231 2871 diebus.
2261 2818 2319 2863 ut
2348 2818 2543 2867 tentem
2579 2824 2645 2862 an
2671 2809 2989 2864 ambulaturi
3032 2811 3139 2865 sint
3173 2813 3224 2865 in
3256 2812 3371 2880 lege
3412 2828 3552 2881 mea,

2027 2910 2124 2950 nec
2162 2910 2246 2950 ne.
2275 2914 2294 2946 ι
2340 2895 2711 2951 Esurieutibus
2742 2896 2889 2950 enim
2911 2907 2965 2949 et
2992 2900 3272 2966 egentibus
3302 2915 3547 2955 necessa-

2025 2985 2107 3037 rio
2135 2985 2274 3046 cibo,
2306 2997 2550 3051 magnam
2592 2986 3064 3040 murmurationem
3105 2987 3368 3041 faciebant
3404 2989 3547 3056 ipso-

2028 3088 2144 3124 rum
2179 3086 2485 3137 sermones;
2515 3075 2644 3140 quin
2673 3076 2835 3131 etiam
2875 3089 3007 3142 aqua
3046 3075 3213 3145 315,
3228 3086 3464 3142 egentes,
3498 3086 3553 3130 et

2026 3159 2270 3213 sitientes
2328 3160 2733 3217 murmurabaut
2773 3163 3032 3216 adversus
3084 3162 3319 3233 Moysen,
3370 3166 3552 3220 dicen-

2027 3254 2104 3301 tes
2135 3248 2216 3299 ":
2251 3267 2268 3299 ι
2289 3248 2425 3314 Quid
2464 3249 2751 3305 bibemus?
2784 3269 2801 3302 ι
2836 3252 3052 3318 quando
3086 3272 3104 3303 ι
3130 3253 3382 3307 clamavit
3400 3254 3550 3323 Moy-

2023 3348 2108 3387 ses
2142 3335 2205 3386 ad
2240 3335 2540 3400 Dominum,
2568 3345 2624 3393 et
2653 3338 2904 3397 Dominus
2944 3340 3179 3397 ostendit
3219 3341 3292 3394 illi
3328 3342 3549 3411 lignum.

2023 3429 2076 3473 et
2093 3420 2315 3487 proiecit
2337 3422 2465 3476 illud
2497 3422 2548 3474 in
2576 3437 2790 3490 aquam,
2814 3432 2867 3477 et
2884 3423 3057 3478 dulcis
3081 3424 3219 3478 facta
3247 3436 3328 3479 est
3354 3440 3542 3495 aqua.»

2026 3507 2093 3560 Et
2131 3508 2286 3576 paulo
2319 3516 2457 3578 post,
2492 3524 2615 3564 cum
2665 3512 2939 3569 venissent
2974 3512 3031 3565 in
3075 3513 3383 3583 Raphidim,
3411 3517 3547 3571 scri~

2025 3607 2169 3665 ptum
2197 3608 2275 3652 est
2306 3599 2565 3667 populum
2584 3601 2764 3654 sitisse
2795 3602 2905 3655 illic
2937 3613 3154 3672 propter
3175 3620 3385 3671 aquam,
3415 3606 3550 3658 illir-

2025 3699 2129 3751 que
2182 3699 2540 3739 murmurasse
2594 3688 2843 3753 populum
2914 3690 3172 3744 adversus
3241 3689 3454 3758 Moysen
3478 3691 3553 3742 ’κα

2026 3772 2192 3825 Porro
2220 3774 2469 3829 secundae
2488 3774 2896 3843 signiﬁcationis
2921 3776 3221 3843 exemplum
3243 3778 3381 3845 apud
3417 3777 3549 3831 Pau-

2027 3857 2133 3911 lum
2155 3859 2390 3926 reperias
2408 3859 2668 3913 dicentem
2704 3878 2716 3913 :
2750 3878 2767 3911 ι
2793 3860 2968 3928 Usque
2997 3861 3064 3914 ad
3098 3862 3283 3914 horam
3314 3876 3550 3930 praesen-

2022 3957 2147 4012 tem,
2176 3956 2230 4001 et
2266 3948 2551 4014 esurimus,
2587 3959 2641 4003 et
2680 3949 2911 4014 sitimus,
2957 3959 3012 4002 et
3057 3950 3183 4004 nudi
3224 3964 3407 4004 sumus
3429 3950 3495 4001 ³⁹.
3519 3969 3542 4001 ι

2022 4037 2199 4091 Primo
2240 4037 2399 4091 modo
2425 4037 2575 4091 sitire
2609 4046 2663 4092 et
2694 4038 2898 4093 esurire
2947 4038 3245 4092 necessario
3289 4040 3547 4110 contingit

2019 4127 2167 4180 sanis
2205 4125 2548 4191 corporibus;
2579 4125 2747 4179 altero
2770 4124 2925 4179 modo
2964 4125 3053 4178 bis
3080 4125 3170 4192 qui
3198 4134 3323 4183 sunt
3351 4140 3546 4194 paupe-

1951 4203 1995 4257 Ῑ)
2026 4229 2129 4269 res.
2169 4212 2334 4283 Igitur
2384 4214 2726 4280 quaerendum
2772 4214 2930 4271 etiam
2964 4223 3048 4267 est
3091 4229 3153 4266 ex
3202 4213 3286 4267 bis
3330 4213 3542 4268 verbis:

2028 4303 2247 4359 «Omnis
2278 4303 2368 4371 qui
2400 4303 2595 4357 biberit
2647 4317 2714 4363 ex
2759 4317 2895 4371 aqua
2938 4303 3057 4369 hac,
3089 4303 3232 4358 sitiet
3279 4303 3488 4367 iter-um,
3519 4321 3541 4357 ι

2014 4397 2157 4466 quali
2191 4397 2494 4465 signiﬁcatu
2515 4397 2826 4452 vocabulum
2850 4397 2987 4450 sitiet
3012 4398 3242 4452 dicatur.

2083 4491 2135 4543 5.
2175 4488 2349 4559 Atque
2372 4490 2424 4542 in
2447 4489 2631 4556 primis
2666 4490 2875 4557 quidem
2902 4490 3112 4547 etiamsi
3153 4490 3293 4558 quod
3325 4492 3392 4544 ad
3419 4505 3557 4544 seu»

2018 4594 2131 4633 sum
2157 4578 2406 4631 humilem
2440 4586 2494 4630 et
2533 4577 2861 4645 corporalem
2892 4579 3099 4642 attinet,
3146 4587 3327 4647 aperte
3366 4578 3538 4632 decla-

2019 4676 2183 4728 retur,
2217 4665 2355 4733 quod
2380 4667 2622 4730 quamvis
2651 4665 2873 4718 satietur
2895 4667 2963 4718 ad
2998 4680 3235 4733 praesens
3268 4666 3313 4719 is
3341 4666 3429 4732 qui
3456 4665 3539 4717 bl-

2020 4753 2183 4813 berit.
2204 4765 2324 4804 mox
2363 4760 2561 4815 tamen,
2600 4753 2871 4805 subtracto
2895 4760 3048 4819 potu,
3077 4754 3313 4806 eamdem
3337 4754 3543 4819 passiop

2023 4857 2140 4896 nem
2168 4839 2238 4894 sit
2265 4853 2635 4908 perpessurus,
2665 4839 2763 4893 hoc
2788 4847 2869 4891 est
2914 4853 3123 4893 rursum
3164 4840 3425 4902 sititurus,
3455 4840 3540 4892 siti

436 4967 476 4998 ⁸⁸
503 4966 648 5027 leae.
686 4986 753 5036 tv,
786 4972 873 5024 1-5.
955 4970 1001 5001 ³⁸
1022 4967 1191 5020 Exod.
1215 4983 1319 5030 xvi,
1346 4971 1366 5020 l
1399 4984 1514 5035 seq.
1588 4969 1629 4999 ⁸⁷
1653 4970 1816 5024 Exod.
1837 4989 1924 5040 xv,

2033 4951 2159 5037 ,25.
2232 4969 2274 5001 ³⁸
2296 4968 2462 5021 Exod.
2489 4982 2616 5028 xvu,
2653 4965 2763 5018 1-3.
2827 4962 3039 5017 "lCor.
3066 4978 3136 5028 tv,
3160 4964 3242 5015 ll.

452 5104 550 5190 (84)
580 5108 966 5190 ’Ἆνεπαύετα
998 5102 1078 5156 Ita
1106 5102 1265 5181 codex
1306 5101 1652 5167 Bodleianus;
1688 5103 1915 5175 Regius,

388 5169 697 5314 ῗνὲἓῗυὶῗὲ
729 5240 922 5314 ὑγροῦ
976 5233 1128 5303 ἡμῖν
1150 5232 1565 5314 ,ἐπιλιπόνςοςε
1612 5235 1917 5314 _Sic_co_(le;

386 5303 712 5376 Bodleiauus;
763 5303 1019 5377 Regius,
1074 5303 1256 5351 τούτου
1315 5303 1480 5370 ὑγροῦ
1536 5303 1659 5369 ἡμῖν
1710 5306 1918 5359 ἐπιλεί-

381 5389 568 5500 ⁸
590 5432 1127 5499 Ἑννεακαιὸεκάτῃ
1201 5433 1399 5500 ἡμέρᾳ.
1457 5433 1619 5485 Exod.
1660 5451 1751 5489 xvr
1775 5478 1791 5500 ,
1847 5441 1915 5500 ις

442 5442 540 5560 (86)
590 5438 1127 5499 Ἐννεακαιὸεκάτῃ
1187 5438 1399 5513 ᾑμέρᾳ.
1457 5438 1619 5511 Εξοιί.
1660 5451 1751 5489 xvr
1775 5478 1791 5501 ,
1847 5441 1917 5504 l;

383 5507 672 5565 lleiraicum
723 5505 1042 5573 exetnplztr.
1082 5509 1648 5573 et__tuterpretattones
1718 5520 1922 5563 omnes

381 5578 572 5647 habent,
599 5565 1091 5637 πεντεκαιδεκάτῃ.
1129 5565 1377 5620 llusrius.

2090 5107 2204 5176 (87)_
2245 5104 2614 5159 Ἀποκτεῖναι.
2655 5100 2831 5155 Codex
2882 5096 3229 5162 Bodleiauus,
3269 5100 3362 5153 καὶ
3405 5102 3541 5155 ἀπέ.

2021 5191 2247 5228 κτειναν.

2088 5226 2213 5310 (88)
2238 5242 2436 5310 ὍσονΔ
2467 5232 2803 5310 membr
2851 5226 3093 5310 ἐζποίοιξγ
3136 5235 3189 5287 οι
3229 5235 3432 5310 λόγοι..
3468 5237 3540 5310 Ita

2023 5299 2374 5367 hunc'locum
2424 5299 2486 5357 in'
2526 5299 2707 5356 codice
2760 5299 2922 5362 Regio
2975 5299 3255 5361 vitiatum,
3309 5299 3545 5357 restituit

2024 5378 2185 5428 codex
2215 5373 2545 5427 Bodleianus.
2586 5367 2747 5420 Paulo
2772 5374 2891 5433 post
2928 5377 3025 5433 pro
3061 5368 3199 5419 κατὰ
3242 5369 3540 5433 Μωῦσέως,

2024 5444 2225 5507 Regius
2256 5436 2575 5507 ltabetxa'rdt
2603 5431 2828 5507 ῌωῇσῆ,
2847 5432 3026 5507 _male_.

2093 5497 2200 5575 ('89)
2238 5509 2305 5559 Ἢ
2330 5506 2444 5575 καί,
2469 5515 2568 5575 etc.
2605 5497 2950 5575 Scribeitdum
2982 5499 3048 5552 El
3082 5500 3195 5565 καί,
3215 5511 3338 5567 etc,

2097 5568 2203 5645 (90)
2254 5574 2503 5641 Ὀμιιίαν.
2534 5571 2696 5645 Lego,
2737 5568 2934 5633 ὁμοῖον.
