3828 6196
325 273 433 328 ιοδ

326 403 486 456 quam
518 402 547 440 a
573 386 832 455 principio
856 386 1131 455 habuerat,
1184 384 1482 450 restitutus,
1508 384 1851 454 quamobrem
1880 389 1924 443 Α

330 476 457 529 illud
488 477 643 530 etiam
682 473 951 541 subjungit
981 488 992 523 :
1028 490 1047 523 ι
1072 462 1172 537 Qui
1203 482 1377 525 autem
1413 473 1608 527 biberit
1625 488 1689 526 ex
1718 487 1853 539 aqua

323 577 481 632 quam
517 578 614 632 ego
640 563 717 616 illi
756 563 915 621 dabo,
956 563 1047 614 fiet
1092 562 1143 614 in
1191 576 1256 615 eo
1281 561 1398 615 fons
1442 578 1591 629 aquae
1620 561 1856 616 salientis

326 654 391 705 ad
408 654 569 706 vitam
586 662 837 705 aeternam
860 652 1011 717 “4";
1042 670 1062 702 ι
1092 665 1249 720 quem
1277 651 1473 706 fontem
1501 652 1553 705 in
1578 653 1750 719 seipso
1765 652 1854 720 qui

326 742 512 806 habet,
537 743 805 808 quomodo
840 742 990 796 sitire
1017 742 1254 811 poterit?
1279 740 1551 810 Praecipue
1583 751 1754 794 tamen
1791 754 1855 794 ac

324 830 689 896 principaliter
742 832 932 897 horum
996 831 1278 884 verborum
1331 830 1680 899 intelligentia
1734 830 1855 884 talis

321 918 424 972 erit
450 939 461 972 :
486 919 585 984 Qui
611 921 916 988 participat,
945 920 1137 987 inquit,
1169 920 1586 988 profunditatem
1610 921 1856 973 humana:

321 1007 618 1075 sapientiae,
648 1009 1043 1076 prudentesque
1069 1007 1325 1069 rationes,
1361 1007 1610 1075 receptis,
1657 1007 1855 1061 intelli-

322 1096 621 1162 gentiisque
670 1095 1085 1164 profundissime
1137 1093 1339 1147 haustis
1365 1133 1380 1157 ,
1421 1103 1476 1147 et
1514 1092 1713 1162 judicio
1759 1109 1856 1149 suo

322 1184 587 1245 inventis,
632 1168 808 1236 tamen
868 1197 1077 1235 rursum
1126 1184 1360 1235 secundo
1407 1184 1643 1251 cogitans
1682 1181 1855 1235 denuo

322 1273 583 1329 dubitabit
617 1273 682 1327 de
711 1273 793 1326 his
821 1274 872 1325 in
909 1272 1103 1339 quibus
1126 1271 1483 1339 requieverat,
1513 1282 1671 1339 atque
1698 1272 1856 1326 etiam

324 1377 527 1424 rerum,
563 1374 681 1427 quae
727 1367 1057 1427 quaeruntur,
1085 1358 1553 1425 apprehensionent
1599 1359 1856 1423 formans,

321 1460 627 1521 perceptam
675 1465 703 1503 a
744 1463 802 1503 se
840 1448 1257 1517 profunditatem
1298 1449 1471 1517 eloqui
1501 1462 1602 1501 non
1640 1449 1855 1517 poterit.

323 1543 502 1608 Quare
547 1540 755 1594 etiamsi
803 1547 1078 1606 correptus
1154 1538 1347 1606 aliquis
1401 1538 1857 1592 verisimilitudine

321 1645 508 1684 eorum
524 1643 641 1697 quae
665 1628 883 1682 dienntu
895 1642 941 1692 r,
953 1627 1407 1691 condescenderit,
1419 1628 1656 1681 eamdem
1683 1638 1856 1682 tamen

323 1691 706 1771 dubitationem
745 1714 801 1767 in
855 1691 1299 1768 seexsistentcm
1361 1722 1548 1781 postea
1598 1715 1852 1779 inveniet,
1886 1691 1928 1745 Β

324 1824 482 1876 quam
506 1808 666 1861 etiam
692 1805 917 1858 habebat
940 1812 1227 1870 antequam
1253 1803 1341 1857 illa
1364 1804 1611 1861 disceret.
1640 1807 1710 1857 At
1734 1819 1857 1859 vero

322 1912 464 1961 mea,
499 1898 668 1965 inquit
703 1894 968 1958 Christus,
1015 1893 1155 1946 ratio
1190 1899 1273 1947 est
1310 1904 1366 1947 ut
1409 1893 1529 1948 fons
1566 1894 1741 1948 vitalis
1769 1909 1858 1961 po-

324 1986 492 2042 tionis
521 1986 614 2039 fiat
639 1985 692 2039 in
720 1998 783 2038 eo
811 1983 899 2051 qui
939 1984 1207 2051 receperit
1229 1999 1346 2051 quae
1376 1998 1405 2036 a
1433 1998 1519 2037 me
1543 1985 1861 2051 promittun-

321 2086 445 2143 tur;
476 2086 731 2144 tantaque
775 2072 1033 2129 beneficia
1077 2073 1130 2125 in
1179 2087 1243 2127 eo
1277 2074 1568 2128 collaturus
1607 2090 1745 2138 sum,
1768 2075 1856 2142 qui

323 2168 614 2236 sumpserit
642 2182 832 2235 aquam
872 2182 1064 2230 meam,
1095 2174 1151 2219 ut
1187 2164 1305 2219 fons
1356 2164 1657 2219 salientium
1696 2179 1861 2231 aqua-

323 2270 465 2319 rum,
492 2255 740 2310 inventor
785 2258 1048 2318 omnium,
1078 2269 1196 2322 quae
1232 2262 1569 2322 quaeruntur,
1598 2252 1862 2307 scaturiat

319 2345 375 2399 in
424 2346 558 2413 ipso,
604 2346 954 2414 intelligentia
999 2346 1252 2409 saliente,
1297 2353 1352 2398 et
1386 2343 1633 2397 fortassis
1677 2352 1861 2396 trans-

320 2434 537 2490 volante
591 2444 978 2503 consequenter
1017 2434 1141 2488 huic
1195 2447 1379 2501 aqum,
1431 2431 1585 2487 facile
1631 2433 1859 2486 mobili:

322 2525 440 2592 ipso
483 2532 603 2577 actu
656 2523 875 2578 saliendi
917 2534 972 2579 et
1018 2521 1387 2585 transiliendi,
1447 2520 1652 2575 ferente
1688 2522 1861 2588 ipsum

325 2614 377 2664 in
429 2611 689 2676 sublime,
745 2613 994 2666 nimirum
1026 2614 1091 2667 ad
1122 2612 1285 2666 vitam
1340 2621 1619 2664 aeternam.
1670 2609 1737 2663 Ut
1770 2624 1865 2664 au-

325 2713 430 2754 tem
481 2699 533 2753 in
568 2698 789 2753 Cantico
842 2698 1167 2752 canticorum
1210 2696 1277 2750 de
1334 2693 1539 2763 Sponso
1577 2693 1733 2762 215
1759 2695 1867 2749 dis-

314 2801 509 2841 serens
563 2784 814 2840 Salomon
850 2801 865 2838 :
901 2785 1123 2853 c_Ecce,
1176 2784 1365 2852 inquit,
1428 2783 1525 2837 iste
1583 2784 1726 2837 venit
1776 2799 1866 2837 sa-

324 2878 457 2931 liens
482 2889 644 2945 super
686 2884 910 2941 montes,
946 2864 1241 2929 transiliens
1292 2873 1453 2927 colles
1473 2874 1567 2937 “,t
1609 2886 1727 2925 nam
1766 2873 1867 2928 hoc

324 2972 477 3032 pacto
536 2977 696 3031 super
747 2963 1117 3031 generosiores
1168 2961 1561 3029 divinioresqne
1630 2961 1860 3024 animas,
1890 2991 1931 3047 ο

326 3060 533 3107 montes
556 3053 747 3116 dictas,
773 3052 896 3105 salit
923 3051 1182 3119 Sponsus,
1217 3049 1447 3104 transilit
1477 3062 1605 3103 vero
1634 3050 1865 3105 deterio-

326 3156 416 3196 res
446 3141 619 3196 dictas
655 3140 852 3206 colles;
885 3141 964 3195 sic
993 3140 1093 3194 hoc
1132 3138 1185 3192 in
1228 3137 1347 3192 loco
1377 3136 1496 3193 fons
1526 3138 1698 3193 factus
1721 3138 1774 3192 in
1802 3152 1867 3193 eo

333 3231 426 3298 qui
458 3230 653 3283 biberit
680 3244 747 3284 ex
775 3244 932 3298 aqua,
957 3242 1113 3297 quam
1138 3227 1226 3282 dat
1245 3226 1422 3290 Iesus,
1445 3227 1570 3281 salit
1599 3228 1664 3281 ad
1699 3228 1864 3280 vitam

330 3326 618 3382 aeternam,
680 3317 924 3373 fortassis
968 3318 1129 3370 etiam
1188 3315 1443 3369 saliturus
1498 3315 1636 3368 ultra
1701 3316 1863 3368 vitam

331 3414 610 3469 aeternam,
652 3419 839 3474 nempe
874 3406 939 3458 ad
969 3404 1180 3459 Patrem
1221 3403 1562 3458 exsistentem
1599 3418 1756 3472 supra
1788 3403 1868 3456 vi-

336 3504 444 3547 tam
473 3501 747 3549 aeternam.
797 3492 891 3545 Est
917 3493 1057 3546 enim
1087 3491 1328 3546 Christus
1354 3484 1460 3544 vita
1487 3509 1500 3544 :
1525 3491 1749 3558 proinde
1776 3493 1864 3559 qui

337 3582 507 3650 major
525 3589 606 3635 est
638 3579 876 3642 Christo,
904 3580 1010 3633 vita
1042 3579 1204 3633 etiam
1231 3586 1313 3633 est
1338 3577 1505 3647 major
1524 3578 1589 3632 “.
1716 3578 1719 3583 ’

404 3761 460 3816 Ι.
498 3759 759 3815 Caeterum
800 3767 924 3813 tunc
970 3757 1168 3814 fontem
1206 3757 1258 3811 in
1307 3756 1481 3826 seipse
1519 3756 1863 3813 exsistentem

340 3865 491 3919 aqua:
513 3849 754 3905 salientis
782 3848 848 3902 ad
876 3848 1033 3902 vitam
1055 3857 1305 3902 αξιοι-ηοω
1335 3847 1576 3915 habebit,
1601 3848 1691 3914 qui
1715 3846 1864 3902 hibe-

340 3940 413 3992 rit
432 3955 497 3993 ex
519 3953 653 4008 aqua
672 3953 829 4008 quam
855 3939 943 3992 dat
965 3936 1154 4002 Iesus;
1178 3936 1389 4004 quando
1411 3939 1690 4005 promissio
1718 3952 1867 3991 com-

348 4031 522 4099 pletur
559 4028 810 4090 hominis,
840 4028 923 4081 cui
962 4026 1295 4094 promlttitur
1334 4026 1604 4079 beatitudo
1632 4040 1697 4080 eo
1726 4026 1865 4093 quod

343 4121 596 4175 esurierit
635 4128 690 4172 et
730 4117 923 4171 sitierlt
960 4115 1260 4185 justitiam;
1307 4113 1479 4180 inquit
1520 4114 1662 4168 enim
1704 4114 1869 4168 Filius

339 4211 430 4262 Dei
449 4210 535 4263 διε
564 4207 748 4261 «Beati
801 4206 890 4274 qui
958 4205 1199 4258 esuriunt
1250 4211 1306 4257 et
1354 4202 1541 4255 sitiunt
1585 4200 1865 4270 justitiam,

1730 266 2046 323 ORIGEMS

3526 276 3620 328 ‘4"4

1950 380 2070 437 οὖν’
2125 403 2142 433 ι
2172 385 2264 445 Ὃς
2312 382 2355 433 δ’
2394 382 2458 434 ἂν
2497 379 2591 451 πίῃ
2629 380 2692 432 ὲκ
2723 379 2817 431 τοῦ
2857 378 3056 436 ῦδατος
3095 366 3159 426 οῦ
3201 369 3317 439 ἐγὼ
3474 385 3612 437 δώσω

1953 474 2127 543 αὐτῷ,
2176 475 2454 540 γενήσεται
2507 469 2652 539 πηγὴ
2701 470 2758 520 ἐν
2806 465 2960 534 αὑτῷ
2994 464 3194 523 ὓδατος
3228 460 3616 544 an:ij

1952 565 2030 623 εἰς
2062 559 2203 630 ζωὴν
2240 558 2450 612 αἰώνιον
2475 575 2487 586 ·
2533 577 2551 608 ι
2589 557 2673 619 τίς
2703 556 2788 617 δὲ,
2826 557 2884 607 ὲν
2918 552 3101 620 ἑαυτῷ
3137 550 3280 618 ἔχων
3320 563 3613 634 ’.ειη-γὴν,

1905 687 1914 696 ι
1952 652 2167 721 διψῆσαι
2199 645 2308 710 οἷός
2345 665 2401 700 τε
2439 648 2583 699 ἐσται
2621 664 2635 711 ;
2669 647 2728 698 τὸ
2778 645 3031 714 μέντοιγε
3088 656 3401 711 προηγοιδι
3444 655 3616 724 μένως

1951 741 2269 809 δηλούμενον
2317 736 2551 789 τοιοῦτον
2618 736 2682 788 ἂν
2735 735 2818 803 εἴη
2845 750 2857 762 ·
2924 734 2986 785 '0
3046 728 3407 799 μεταλαμέ
3431 744 3598 802 ἀνων,

1954 830 2103 899 φησὶ,
2139 827 2329 897 βάθους
2356 826 2464 895 (9f)
2499 825 2698 891 λόγων,
2738 823 2839 877 κᾶν
2877 820 3017 892 πρὸς
3050 820 3234 886 ὀλίγον
3272 819 3592 881 (iw-ama.

1956 934 2146 985 σηται,
2180 916 2612 987 παραδεξάμενος
2651 914 2725 976 ὼς
2773 910 3053 981 βαθύτατα
3094 908 3165 961 τά
3203 908 3566 979 άνιμώμενα

1955 1007 2047 1060 καὶ
2069 1005 2408 1076 εὑρίσκεσθαι
2432 1004 2688 1057 δοκοῦντα
2712 1003 2780 1055 τά
2803 1004 3076 1072 νοήματα,
3102 998 3242 1051 ἀλλά
3273 1014 3357 1066 γε
3389 998 3558 1052 πάλιν

1953 1096 2194 1168 δεύτερον
2237 1096 2528 1165 ἐπιστήσας
2574 1094 2907 1162 ὲπαπορήσει
2949 1089 3082 1159 περὶ
3126 1088 3359 1142 τούτων
3409 1090 3561 1150 ὅσοις

1955 1185 2362 1239 ὲπανεπαὺσατο
2389 1185 2497 1255 (92)
2529 1224 2543 1237 .
2572 1223 2587 1237 .
2614 1223 2629 1237 .
2659 1222 2672 1235 .
2707 1181 2945 1253 ταρανὴν
2970 1181 3068 1232 καὶ⁹
3115 1180 3401 1231 ἐκτυπῶν
3428 1179 3566 1248 περὶ

1955 1278 2060 1330 τῶν
2086 1277 2420 1347 ζητουμένων
2445 1273 2764 1343 κατάληψιν,
2797 1273 2858 1324 οὑ
2892 1270 3122 1322 δύναται
3148 1266 3212 1321 τδ
3236 1268 3567 1337 νομιζόμε-

1956 1384 2041 1421 νον
2066 1369 2151 1420 ὑπ’
2180 1365 2340 1420 αὑτοῦ
2369 1364 2527 1434 βάθος
2563 1363 2879 1433 παρασχεῖν.
2911 1360 3135 1427 Διόπερ,
3176 1356 3285 1410 κᾶν
3355 1372 3568 1427 συναρ-

1957 1456 2179 1518 πασθεὶς
2229 1453 2555 1523 συγκάθηταί
2581 1469 2664 1514 τις
2700 1454 2764 1521 τῇ
2797 1448 3118 1517 πιθανότητι
3163 1446 3277 1501 τῶν
3309 1445 3570 1514 λεγομέ-

1957 1565 2080 1612 νων,
2107 1545 2240 1599 άλλά
2258 1563 2320 1614 γε
2341 1545 2560 1614 ὕστερον
2581 1540 2799 1612 εὑρήσει
2825 1541 2924 1607 τὴν
2947 1538 3118 1607 αὐτὴν
3143 1537 3415 1608 ἀπορίαν
3435 1552 3574 1604 τυγ-
3618 1564 3623 1569 -

1960 1637 2218 1706 χάνουσαν
2252 1638 2308 1687 ὲν
2334 1633 2509 1703 αὑτῷ,
2536 1633 2601 1701 ἢν
2631 1633 2909 1700 περιεῖχεν
2952 1630 3085 1699 πρὶν
3118 1628 3246 1681 τάδε
3270 1627 3431 1680 τινὰ
3465 1643 3577 1694 μα-

1956 1728 2084 1780 θεῖν.
2124 1726 2260 1795 Ἐγὼ
2288 1726 2344 1778 δὲ
2374 1724 2608 1776 τοιοῦτον
2655 1721 2761 1791 ἔχω
2804 1721 2996 1787 λόγον,
3034 1718 3179 1771 ὥστε
3218 1719 3341 1788 τὴν
3380 1716 3575 1787 πηγὴν

1954 1817 2199 1886 γενέσθαι
2229 1816 2321 1868 τοῦ
2362 1812 2586 1879 ζωτικοῦ
2618 1812 2858 1880 πόματος
2893 1811 2952 1863 ὲν
2985 1810 3065 1880 τῷ
3099 1805 3577 1880 παραδεξαμένη.»

1954 1906 2021 1957 τά
2058 1907 2145 1958 ὑπ’
2178 1903 2309 1973 ἐμοῦ
2340 1900 2783 1969 ἀπαγγελλόμενα
2802 1915 2815 1928 ·
2849 1899 2946 1951 καὶ
2985 1900 3078 1951 ἐπὶ
3108 1895 3399 1950 τοσοῦτόν
3430 1909 3499 1960 γε
3546 1893 3580 1945 ὁ

1955 1987 2130 2040 λαϐὼν
2153 1987 2242 2041 τοῦ
2260 1986 2393 2057 ἐμοῦ
2421 1986 2607 2046 ὓδατος
2635 1985 3152 2054 εὑεργετηθήσεται,
3181 1984 3361 2037 ὥστε
3384 1980 3581 2049 πηγὴν

1958 2077 2233 2145 εὑρετικὴν
2291 2076 2501 2128 πάντων
2561 2074 2669 2126 τῶν
2745 2072 3099 2141 ζητουμένων
3168 2066 3584 2124 άναελυσθαε-

1957 2183 2066 2218 νειν
2100 2164 2243 2235 (95)
2293 2167 2348 2217 ὲν
2406 2164 2551 2233 αὑτῷ
2614 2164 2725 2216 ἄνω
2780 2162 3080 2231 πηδώντων
3122 2162 3413 2221 ὑδάτων,
3479 2157 3584 2226 τῆς

1957 2257 2187 2319 διανοίας
2263 2255 2558 2324 ἁλλομένης
2584 2292 2599 2317 ,
2658 2253 2751 2305 καὶ
2824 2252 3062 2321 τάχιστα
3133 2247 3585 2317 διιπταμένης,

1959 2344 2258 2406 ἀκολούθως
2283 2344 2358 2413 τῷ
2373 2344 2635 2411 εὐκινήτῳ
2661 2383 2675 2397 .
2704 2379 2720 2393 .
2755 2380 2768 2393 .
2806 2379 2820 2394 .
2852 2341 3033 2411 τούτῳ
3073 2339 3185 2411 (94)
3223 2339 3447 2397 ὕδατι,
3487 2336 3585 2404 φέ-

1963 2452 2141 2507 ροντος
2180 2433 2337 2486 αὑτοῦ
2366 2432 2457 2484 τοῦ
2502 2430 2753 2484 ἅλλεσθαι
2789 2430 2884 2485 καὶ
2936 2430 3117 2500 πηδᾷν
3158 2431 3253 2484 ἐπὶ
3311 2426 3412 2478 ’τὸ
3441 2424 3587 2478 ἀνώ-

1960 2541 2132 2595 τερον,
2162 2522 2252 2574 ὲπὶ
2271 2521 2368 2590 τὴν
2409 2518 2620 2574 αἰώνιον
2648 2518 2810 2589 ζωήν.
2840 2512 2965 2571 Οἷον
2992 2517 3108 2589 (95)
3135 2558 3150 2571 .
3172 2556 3189 2572 .
3218 2556 3232 2571 .
3263 2557 3278 2571 .
3344 2513 3462 2582 ’τὴν
3489 2510 3586 2566 τοῦ

1960 2612 2267 2682 ἁλλομένου,
2292 2612 2364 2673 ῶς
2393 2626 2573 2680 φησιν,
2596 2605 2729 2662 εῖναι
2758 2607 2857 2678 τὴν
2878 2606 3102 2661 αἰώνιον
3127 2608 3298 2679 ζωήν.
3380 2603 3592 2670 ’Ὠσπερ

1961 2704 2017 2756 δὲ
2045 2704 2169 2773 περὶ
2217 2701 2308 2754 τοῦ
2343 2700 2590 2770 Νυμφίου
2633 2700 2690 2752 ὲν
2730 2698 2808 2769 τῷ
2836 2702 3080 2770 ᾏσματι
3118 2698 3230 2751 τῶν
3269 2700 3339 2768 μ
3360 2691 3589 2761 σμάτων

1961 2791 2325 2859 διαλεγόμενος
2363 2790 2391 2841 6
2434 2787 2679 2856 Σολομὼν
2715 2804 2905 2857 φησιν⁸
2964 2807 2983 2840 ι
3014 2788 3148 2841 Ἰδοὺ
3202 2784 3296 2841 οῦτ
3308 2796 3424 2842 ος
3472 2781 3598 2849 ἣκει

1964 2879 2146 2949 πηδῶν
2172 2879 2262 2931 ἐπὶ
2286 2878 2355 2931 τά
2375 2877 2495 2948 ὅρη,
2536 2875 2882 2945 διαλλόμενος
2917 2878 3014 2930 ἐπὶ
3050 2878 3184 2940 τοὺς
3216 2867 3544 2946 βοωνοῦς⁶
3577 2885 3597 2920 ι

1963 2970 2037 3033 ὡς
2059 2968 2165 3039 γάρ
2196 2970 2308 3020 ὲκεί
2325 2970 2352 3020 ὁ
2371 2967 2616 3036 Νυμφίος
2642 2968 2733 3019 ἐπὶ
2756 2966 2855 3028 τὰς
2887 2966 3311 3036 μεγαλοφυεστέ
3382 2978 3485 3036 ρας
3510 2961 3606 3018 καὶ

1964 3058 2230 3127 θειοτέρας
2268 3056 2409 3126 πηδᾷ
2440 3055 2646 3125 ψυχάς,
2702 3057 2797 3126 ὅρη
2842 3056 3172 3125 λεγομένας,
3207 3058 3304 3109 ἐπὶ
3410 3057 3472 3113 δὲ
3508 3057 3605 3123 τὰς

1962 3146 2347 3217 ὑποδεεστέρας
2382 3144 2670 3207 διάλλεται,
2713 3143 2931 3212 βουνοὺς
2958 3145 3430 3216 ὀνομαζομέν-ας
3449 3166 3464 3181 ο
3495 3149 3583 3201 οὗ-

1962 3256 2065 3300 τως
2091 3237 2316 3291 ἐνταῦθα
2341 3238 2374 3305 ἠ
2397 3237 2658 3305 γενομένη
2687 3237 2744 3289 ὲν
2773 3236 2852 3305 τῷ
2879 3237 3059 3291 πιόντι
3097 3239 3164 3289 ὲκ
3190 3236 3295 3290 τοῦ
3346 3240 3552 3301 ὕδατος,

1963 3314 2022 3379 οῦ
2049 3326 2256 3377 δίδωσιν
2285 3325 2314 3375 6
2355 3322 2576 3392 Ἰησοῦς,
2602 3322 2753 3391 πηγὴ
2788 3322 3008 3375 ἆλλεται
3048 3325 3131 3387 εἰς
3166 3322 3275 3394 τὴν
3334 3324 3555 3375 αἰώνιον

1965 3413 2124 3484 ζωὴν,
2156 3414 2290 3481 τάχα
2309 3412 2362 3463 δὲ
2394 3412 2486 3463 καὶ
2513 3410 2743 3480 πηδήσει
2780 3411 2920 3479 μετὰ
2954 3412 3054 3482 τὴν
3092 3411 3333 3465 αἰώνιον
3383 3410 3551 3478 ζωὴν,

1964 3505 2041 3564 εἰς
2078 3503 2165 3554 τὸν
2208 3501 2343 3570 ὑπὲρ
2386 3500 2483 3569 τὴν
2522 3499 2738 3553 αἰώνιον
2782 3500 2928 3571 ζωὴν
2977 3502 3240 3572 Πατέρα·
3319 3499 3559 3567 Χριστὸς

1964 3592 2069 3661 γὰρ
2100 3593 2133 3661 ἡ
2165 3590 2303 3660 ζωή·
2339 3589 2367 3639 6
2408 3588 2464 3640 δὲ
2506 3588 2703 3657 μείζων
2749 3589 2844 3641 τοῦ
2890 3591 3136 3659 Χριστοῦ
3185 3587 3405 3661 μείζων
3461 3586 3561 3653 τῆς

1966 3679 2130 3748 ζωῆς.

2032 3766 2086 3818 4.
2117 3766 2247 3817 Τότε
2275 3765 2331 3818 δὲ
2351 3766 2380 3816 6
2407 3765 2542 3819 πιὼν
2570 3768 2632 3819 ὲκ
2662 3765 2756 3818 τοῦ
2786 3765 2998 3829 ὓδατος,
3047 3761 3113 3821 οὗ
3159 3767 3348 3821 δώσει
3384 3762 3415 3813 6
3458 3762 3565 3830 Ἰη-

1967 3851 2109 3915 σοῦς,
2144 3852 2251 3916 ἕξει
2280 3851 2375 3921 τὴν
2404 3852 2696 3922 γενομένην
2734 3854 2791 3906 ὲν
2815 3853 2967 3921 αὑτῷ
3000 3855 3193 3925 πηγὴν
3224 3853 3444 3911 ὓδατος
3474 3848 3570 3901 άλ-

1965 3938 2184 4008 λομένου
2213 3941 2290 4001 εἰς
2321 3939 2464 4009 ζωὴν
2490 3938 2729 3992 αἰώνιον·
2771 3941 2860 3991 ὅτε
2889 3942 3201 4011 πληροῦται
3229 3936 3348 3995 τοῦ
3384 3953 3568 4006 μακα-

1968 4028 2242 4098 ριζομένου
2264 4029 2354 4080 ἐπὶ
2385 4027 2475 4080 τοῦ
2512 4031 2700 4099 πεινῆν
2751 4028 2845 4081 καὶ⁵
2874 4028 3035 4099 διψῆν
3062 4032 3165 4101 τὴν
3192 4025 3571 4094 δικαιοσύνην

1966 4119 1999 4185 ή
2027 4115 2319 4183 ἐπαγγελία
2337 4133 2349 4146 ’
2380 4116 2512 4184 φησὶ
2536 4116 2643 4187 γάρ
2669 4120 2698 4170 6
2726 4118 2931 4185 Λόγο;’
2972 4137 2993 4170 ‹
3034 4121 3345 4192 Μακάριοι
3372 4116 3423 4166 οἱ
3454 4130 3575 4165 πει-

1966 4205 2158 4268 νῶντες
2211 4205 2300 4256 καί
2346 4204 2600 4273 διψῶντες
2644 4206 2743 4275 τὴν
2800 4205 3185 4280 δικαιοσύνην,
3238 4210 3349 4261 ὅτι
3413 4200 3577 4256 αὐτοὶ

338 4300 587 4366 quoniam
619 4298 717 4367 ipsi
752 4296 1153 4349 saturabuntnr.
1182 4312 1200 4344 ι
1236 4293 1301 4346 Et
1346 4292 1590 4347 fortassis
1619 4295 1863 4360 quoniam

1998 4294 2438 4364 pptaaoqo’ov'cat.
2479 4314 2496 4344 ι
2535 4296 2642 4349 Καὶ
2669 4298 2809 4368 τάχα
2839 4299 2963 4351 ἐπεὶ
2991 4302 3255 4369 πεινῆσαι
3301 4292 3423 4363 (96)
3480 4291 3577 4345 καὶ

337 4387 543 4440 esurire
567 4394 621 4439 et
652 4386 804 4439 sitire
824 4386 1108 4453 justitiam,
1142 4384 1326 4439 satiari
1356 4391 1456 4447 est,
1484 4382 1527 4435 si
1561 4383 1680 4451 quis
1709 4381 1865 4449 justi-

340 4476 467 4528 tiam
500 4482 784 4543 antequam
815 4475 1034 4529 satietur
1063 4475 1265 4537 fecerit,
1315 4474 1358 4527 is
1403 4473 1595 4528 famem
1630 4481 1683 4526 et
1725 4471 1866 4526 sitim

1969 4383 2298 4453 διψῆσαιτὴν
2328 4382 2668 4455 δικαιοσύνην
2695 4388 3061 4458 χορτασθῆναε
3104 4391 3243 4454 ἐστι,
3298 4385 3444 4443 εῐτις
3472 4382 3576 4451 τὴν

1971 4471 2304 4541 δικαιοσύνην
2340 4472 2441 4543 πρὸ
2486 4473 2580 4525 τοῦ
2630 4478 2988 4548 χορτασθῆναι
3040 4481 3369 4550 ποιήσειεν,
3428 4472 3576 4542 ὑπὲρ

405 4610 528 4642 «at
559 4608 802 4674 loanJv,
833 4610 917 4662 t4.
993 4608 1037 4640 δ’
1068 4609 1273 4664 Cantic.
1308 4624 1367 4674 ιι,
1395 4608 1448 4666 8.
1523 4609 1567 4639 "
1595 4607 1751 4664 Joan.
1793 4622 1863 4667 ιι.

1998 4653 2000 4663 ,
2033 4623 2138 4670 xw,
2165 4606 2217 4660 6.
2289 4607 2334 4637 δ”
2366 4607 2552 4661 Matth.
2582 4626 2634 4675 ν,
2661 4612 2715 4665 6.

429 4722 518 4793 91)
555 4722 732 4793 Codex
758 4722 1092 4793 __Regius,_'0
1143 4722 1562 4793 μεταλαμϐάνων
1604 4721 1685 4783 οὒ,
1720 4721 1870 4789 φησὶ,

441 4789 518 4855 ος,
544 4790 634 4844 sed
666 4789 978 4843 Bodleianus
1006 4789 1163 4844 habet
1192 4802 1249 4844 ιιι
1278 4792 1329 4843 iu
1352 4789 1541 4843 nostro
1568 4800 1733 4843 textu.

410 4858 519 4923 (9‘2)
558 4858 614 4911 ln
652 4858 899 4911 omnibus
942 4872 1069 4912 mss.
1116 4868 1235 4926 post
1279 4857 1687 4910 ἑπανεπαὺσατο
1709 4856 1874 4926 [elin—

341 4927 528 5006 quitur_
552 4927 780 5006 spatium
816 4940 1061 5006 vacuum,
1088 4923 1142 5006 et
1170 4936 1355 5006 postea
1395 4926 1588 4992 legitur
1617 4927 1665 4977 in
1687 4923 1873 5006 'llcgi?

339 4994 701 5114 ταρανὴνκεεὶ
734 4993 981 5055 ἔκτυπον,
1016 4994 1067 5046 in
1100 4992 1385 5073 Bodleiano
1425 5002 1615 5071 autem.
1646 4992 1804 5061 τέραν
1841 4992 1875 5059 ἢ

343 5078 415 5113 κα
482 5063 748 5116 ὲκτυπων.
805 5060 912 5114 Nos
962 5061 1100 5115 hunc
1148 5063 1321 5114 locum
1373 5072 1446 5113 tta
1492 5060 1875 5113 restituendum

344 5142 622 5209 pensemus
649 5147 662 5181 :
698 5130 824 5209 περὶ
872 5128 1072 5209 τούτων
1109 5132 1283 5209 ρσοις..
1315 5126 1740 5209 ἐπανεπαύσατο,
1760 5125 1878 5209 ’καὶ

343 5194 532 5329 item:
590 5194 833 5249 ἐκτυπῶν
888 5197 1011 5266 περὶ
1070 5198 1175 5251 τῶν
1252 5196 1587 5269 ζητουμένων
1643 5194 1877 5262 κατάλη-

389 5279 458 5322 ιν,
484 5278 512 5314 e
538 5278 586 5317 c.

389 5279 458 5322 ιν,
484 5273 586 5317 CIC.

418 5329 1063 5397 (95)Ἀνιιϐλυσ6ἀίνειῡν.
1080 5334 1255 5388 Codex
1282 5331 1621 5392 Bodleianus,
1645 5327 1873 5385 ἀναϐλύ-

349 5393 717 5468 ξειξκειμιιιοι
754 5399 1140 5468 ἀναπηδώντων
1169 5415 1263 5465 pro
1279 5399 1398 5468 ,ἄνω
1424 5398 1730 5468 πηδώντων.

388 5461 526 5538 ,(94)
564 5464 901 5538 ﬁttest)th
922 5461 1247 5538 relinquitur
1277 5466 1327 5517 iu
1375 5461 1747 5538 litatittscriptis
1783 5480 1873 5518 co-

352 5526 557 5582 dicibus
607 5526 887 5587 Bodleiano
921 5546 975 5592 et
1027 5526 1320 5593 Barbet'ino
1360 5535 1584 5600 spatium
1642 5526 1867 5587 vacuum

1978 4720 2484 4796 tittius_fcre_litie:e.
2521 4722 2726 4796 ibidem
2757 4736 2883 4796 post
2910 4725 3084 4796 τούτῳ
3114 4725 3308 4787 ὕδατι,
3361 4721 3569 4796 legitur

1978 4790 2029 4841 in
2063 4789 2246 4842 codice
2286 4787 2452 4858 Regio
2492 4787 2842 4862 φέροντι,’ἰιι
2874 4787 3161 4850 Bodleiano
3203 4787 3563 4859 autetu'tpt—

1980 4873 2177 4926 ροντος-

2049 4923 2160 4994 (95)
2198 4924 2320 4977 Post
2350 4920 2459 4978 οἷον
2495 4928 2694 4986 lacuna
2728 4944 2810 4989 est
2839 4934 2891 4988 in
2928 4946 3058 4987 mss.

2051 4992 2170 5072 (.96).
2197 4994 2349 5072 Ἐπεὶ
2373 4995 2683 5072 σῖεινζῆσαι,
2711 5013 2816 5058 etc.
2845 5003 2939 5057 Sic
2959 5002 3105 5057 locus
3126 4993 3557 5072 istelegiturin

1983 5062 2256 5134 codicibus
2288 5061 2585 5134 Barlierino
2617 5061 2681 5125 et
2701 5073 3011 5134 Bodleiano,
3041 5084 3140 5125 nec
3174 5062 3569 5134 aliter_\ectns_

1983 5139 2065 5212 εει
2088 5145 2132 5209 ,ει
2161 5128 2436 5212 Famis
2487 5134 2575 5212 en
2607 5127 2955 5212 vero’iucpm
2979 5127 3051 5197 sit
3079 5143 3190 5195 tunc
3224 5127 3453 5212 ιειξξῖσῖι,
3478 5127 3571 5212 ,ε’ξὲ

1984 5197 2211 5281 geniis“.
2231 5192 2956 5281 ιιᾳριίυεεροςιῖόιῖιιὶιῖεἷείό
2975 5192 3247 5281 {ai-tam.
3313 5192 3588 5281 ﬁt???

1984 5257 2176 5354 _
2198 5265 2415 5354 lsgitttr,
2431 5336 2442 5350 ι
2469 5257 2637 5330 Ἐπεί
2648 5257 2659 5262 “

1978 5333 2177 5438 ητὴν
2207 5334 2577 5438 δικμιοσὺνην,
2605 5356 2751 5416 etc.,
2782 5320 3092 5425 péowrit’nﬁﬁé
3366 5320 3619 5438 ’ἐξιὶυξξὲξ

2128 5418 2285 5438 parma
2308 5413 2373 5438 ml
2432 5408 2552 5438 ἔδει-..Χ
2599 5432 2666 5438 _A
2735 5423 2759 5435 υ
2975 5429 2988 5438 .
3044 5428 3067 5438 -
3104 5427 3155 5438 ...

1980 5385 2405 5502 amarum;
2426 5385 2577 5488 gas:
2597 5385 2878 5496 ξξῖᾲξιξάϊ
2905 5385 3286 5502 zamia-43;:
3377 5386 3452 5439 δεῖ
3489 5385 3628 5457 ἡμᾶς

1978 5470 2070 5523 καὶ
2091 5469 2185 5522 sitv
2215 5470 2597 5550 δικαιοσύνην,
2626 5469 2865 5551 etc...“-
2910 5469 3045 5553 mu;
