3828 6182
329 275 444 333 465

1389 273 1742 333 COMMENT.
1784 279 1849 334 IN
1879 279 2064 337 JOAN.
2101 280 2337 337 TOMUS
2372 283 2507 339 XIII.

3422 292 3523 346 ιῡσ

324 394 424 448 τοῦ
459 385 776 459 κορεσθῆναι
810 379 1162 466 ἒ-μττιοιητέον
1186 395 1245 449 τδ
1271 397 1457 466 πεινῇν
1488 400 1580 452 καὶ
1606 399 1784 469 διψῇν,
1818 401 1883 453 ἴνι

2001 399 2273 469 ingeneret
2310 402 2358 455 in
2408 414 2468 455 se
2501 407 2728 470 Oportet,
2762 406 2820 453 ιιι
2863 407 3151 464 saturetur,
3191 400 3313 455 illud
3358 403 3525 457 dictu-

329 484 606 553 εἴπωμεν·
649 494 667 526 ι
716 475 809 527 Ὃν
856 481 1073 549 τρόπον
1112 484 1349 537 ἐπιποθεῖ
1385 487 1419 554 ἡ
1452 486 1643 555 ἔλαφος
1672 489 1760 540 ἐπὶ
1801 489 1899 551 τὰς

334 569 531 636 πηγὰς
557 562 662 616 τῶν
694 561 929 629 ὑδάτων,
957 568 1130 633 οὕτως
1161 570 1449 641 ἐπιποθεῖή
1472 573 1612 643 ψυχή
1639 590 1738 643 μου
1768 575 1900 643 πρὸς

339 656 425 717 σὲ,
462 659 493 708 ὁ
521 651 671 714 Θεός.
718 652 1006 724 Ἐδίψησεν
1031 659 1064 727 ἡ
1095 658 1234 729 ψυχή
1261 676 1357 729 μου
1381 660 1514 730 πρὸς
1542 661 1630 713 τὸν
1657 661 1784 713 Θεὸν
1811 663 1899 714 τὸν

344 742 594 813 ἰσχυρὸν,
626 741 717 796 τὸν
760 742 967 806 ζῶντα·
1021 748 1147 800 πότε
1195 749 1334 818 ἥξω,
1375 749 1466 801 καὶ
1503 749 1800 819 ὀφθήσομαι
1841 750 1900 802 τὸ

344 832 643 902 πρόσωπον
683 832 777 885 τοῦ
820 833 989 901 Θεοῦ;
1028 856 1046 887 ι
1089 838 1182 890 'Iv’
1227 834 1316 890 οὖν
1366 838 1699 908 διψήσωμεν,
1742 838 1899 892 καλόν

341 916 464 973 ἐστι
500 923 644 975 πιεῖν
673 922 888 991 πρῶτον
911 926 975 977 ἐκ
999 927 1097 995 τῆς
1136 927 1314 996 πηγῆς
1345 927 1437 979 τοῦ
1490 927 1696 995 Ἰακὼϐ,
1728 929 1787 981 οὐ
1818 929 1901 981 λέ-

339 1026 517 1076 γοντα
559 1011 729 1080 αὐτὴν
762 1013 958 1081 ὁμοίως
996 1016 1061 1083 τῇ
1106 1015 1441 1084 Σαμαρείτιδι
1469 1018 1670 1088 φρέαρ·
1704 1020 1732 1069 ό
1772 1017 1899 1087 γοῦν

339 1094 543 1165 Σωτὴρ
570 1095 693 1147 οὐδὲ
719 1096 833 1160 νῦν,
857 1097 989 1166 πρὸς
1014 1097 1101 1149 τὸν
1133 1099 1344 1169 ἐκείνης
1375 1100 1619 1153 ἀπαντῶν
1643 1100 1813 1168 λόγον,
1836 1103 1899 1153 ἐκ

339 1180 588 1249 φράατός
626 1200 792 1251 φησιν
840 1182 977 1237 εἶναι
1013 1186 1073 1237 τὸ
1118 1186 1287 1256 ὕδωρ,
1329 1186 1458 1238 ἀλλὰ
1502 1187 1683 1250 ἁπλῶς
1733 1205 1893 1258 φησιο

345 1288 364 1320 ι
401 1271 527 1332 Πᾶς
553 1272 583 1323 ὁ
615 1271 788 1324 πίνων
811 1273 876 1324 ἐκ
898 1271 988 1325 τοῦ
1010 1272 1194 1336 ὓδατος
1219 1274 1402 1326 τούτου
1434 1275 1638 1345 διψήσει
1663 1277 1839 1330 πάλιν.
1874 1297 1892 1329 ι

339 1358 520 1428 Εἴπερ
563 1360 622 1412 δὲ
655 1360 731 1430 μὴ
765 1361 972 1428 ἐγίνετό
1002 1379 1053 1413 τι
1092 1364 1353 1433 χρήσιμον
1385 1366 1446 1416 ἐκ
1480 1365 1570 1416 τοῦ
1609 1370 1747 1418 πιεῖν
1792 1366 1899 1419 ἀπὸ

336 1448 440 1516 τῆς
475 1449 686 1518 πηγῆς,
731 1448 843 1500 οὔτ’
888 1449 952 1502 ἂν
997 1451 1279 1515 ἐκαθέζετο
1324 1453 1416 1505 ἐπὶ
1453 1457 1517 1523 τῇ
1563 1459 1706 1525 πηγῇ
1735 1458 1763 1509 ὀ
1798 1457 1898 1524 Ἰη-

338 1534 489 1596 σοῦς,
533 1534 649 1587 οὔτ’
680 1535 747 1588 ἂν
781 1537 928 1604 ἔλεγε
966 1538 1075 1608 (97)
1108 1542 1172 1610 τῇ
1209 1541 1571 1612 Σαμαρείτιδι·
1612 1561 1629 1593 l
1673 1544 1770 1607 Δός
1808 1562 1895 1614 μοι

2001 488 2148 541 rus”
2178 503 2190 536 :
2227 506 2245 538 ι
2274 488 2723 552 Quemadmodum
2770 488 3037 543 desiderat
3073 502 3262 543 cervus
3294 491 3359 543 ad
3399 492 3519 544 fon-

2001 588 2078 631 tes
2101 591 2381 645 aquarum,
2415 577 2484 629 ita
2517 577 2786 631 desiderat
2810 577 2983 630 anima
3017 591 3131 630 mea
3154 578 3223 631 ad
3263 588 3336 642 te,
3361 579 3518 633 Deus.

1998 666 2174 720 Sitivit
2209 663 2384 719 anima
2406 680 2519 719 mea
2547 667 2609 720 ad
2636 665 2802 720 Deum
2832 666 3042 731 l'ortem,
3071 669 3246 719 vivum
3275 670 3521 736 :quando

1999 756 2226 818 veniam,
2261 764 2315 808 et
2340 754 2563 808 videbor
2590 770 2768 808 coram
2814 755 2947 809 facie
2980 757 3112 810 Dei?
3138 775 3159 809 ι
3194 756 3260 811 Ut
3287 771 3413 825 ergo
3448 759 3520 811 si-

1999 847 2209 907 tiamus,
2236 846 2427 898 bonum
2461 855 2541 899 est
2568 859 2597 899 e
2619 844 2765 900 fonte
2789 845 2954 900 Jacob
2987 855 3045 900 ut
3075 848 3125 900 in
3157 848 3341 916 primis
3365 847 3517 901 biba-

1998 950 2145 994 mus.
2170 934 2335 1001 illum‘,
2365 950 2469 988 non
2496 935 2713 1001 perinde
2745 943 2902 1003 atque
2951 935 3252 1003 Samaritis,
3282 939 3517 992 dicentes

1996 1031 2230 1091 puteum.
2274 1022 2404 1077 Nam
2457 1023 2707 1078 Servator
2746 1026 2809 1077 ad
2851 1026 2992 1080 illius
3039 1030 3367 1095 respondens
3408 1044 3522 1081 scr-

2001 1127 2237 1177 monem,
2285 1128 2352 1167 ne
2401 1127 2543 1166 nunc
2591 1113 2800 1182 quidem
2837 1131 2901 1170 ex
2938 1124 3094 1184 puteo
3133 1118 3300 1186 inquit
3326 1133 3517 1187 aquam

1995 1214 2136 1266 esse,
2180 1203 2271 1256 sed
2324 1203 2640 1270 simpliciter
2677 1204 2893 1271 inquit:
2935 1222 2953 1257 l
2980 1205 3164 1260 Omnis
3200 1207 3287 1273 qui
3326 1207 3522 1260 biberit

1994 1304 2059 1343 ex
2093 1305 2224 1359 aqua
2253 1291 2373 1356 hac,
2402 1292 2548 1345 sitiet
2576 1292 2768 1346 iterum
2785 1293 2851 1351 “.
2886 1313 2905 1346 ι
2938 1294 3087 1359 Quod
3131 1296 3175 1349 si
3213 1294 3413 1349 bibenti
3453 1310 3519 1348 ex

1995 1379 2082 1433 illo
2108 1379 2253 1434 fonte
2301 1379 2443 1434 nulla
2482 1382 2816 1448 provenisset
2862 1384 3083 1450 utilitas,
3109 1384 3515 1452 haudquaquam

1993 1481 2236 1522 sessurus
2261 1467 2435 1523 fuerat
2464 1471 2599 1539 apud
2630 1471 2831 1526 fontem
2865 1471 3035 1538 Jesus,
3068 1487 3240 1540 neque
3282 1472 3520 1527 dicturus

2000 1556 2306 1611 Samaritidi
2350 1573 2415 1613 ιι
2449 1560 2520 1613 Da
2572 1561 2698 1614 milli
2738 1563 2874 1630 quod
2934 1562 3107 1616 bibam
3125 1562 3189 1616 ⁸⁷.
3218 1580 3236 1613 ι
3290 1562 3519 1617 Proinde

336 1626 509 1676 πιεῖν.
555 1641 575 1674 ι
606 1625 1027 1696 Παρατηρητέον
1060 1624 1170 1690 οὖν,
1195 1629 1273 1680 ὅτι
1302 1630 1393 1682 καὶ
1429 1631 1646 1704 αἰτούσῃ
1672 1633 1731 1685 τὸ
1757 1633 1883 1703 ὕδωρ

1992 1645 2375 1699 observandum
2433 1657 2553 1711 est,
2617 1624 3058 1717 quemadmodum
3105 1653 3302 1721 petenti
3367 1668 3396 1706 a
3460 1668 3519 1708 se

334 1714 404 1782 τῇ
453 1713 816 1783 Σαμαρείτιδι
876 1716 966 1769 τδν
1040 1716 1239 1786 Ἰησοῦν
1263 1755 1278 1780 ,
1331 1720 1489 1771 οίονεὶ
1541 1722 1883 1790 ἐπηγγέλλετι

1994 1751 2182 1806 aquam
2213 1736 2518 1791 Samaritidi
2537 1709 2544 1711 ’
2566 1709 2670 1792 non
2704 1740 2827 1794 alibi
2861 1709 3164 1809 promiserit
3192 1741 3345 1797 Jesus
3373 1744 3513 1799 illam

339 1800 602 1870 παρέξειν
635 1803 768 1855 αὐτὸ
793 1804 892 1856 οὐκ
919 1807 976 1858 ἐν
1006 1804 1146 1874 ἄλλῳ
1177 1806 1283 1875 (98)
1311 1807 1475 1876 τόπῳ,
1523 1808 1632 1860 ἀλλ’
1677 1810 1709 1879 ἦ
1746 1812 1893 1881 παρὰ

335 1890 401 1957 τῇ
436 1894 619 1960 πηγῇ,
644 1891 819 1958 λέγων
848 1894 980 1962 αὐτῇ
997 1909 1010 1923 ο
1042 1912 1061 1944 ι
1094 1893 1326 1961 Ὕπαγε,
1354 1895 1594 1965 φώνησον
1613 1898 1700 1953 τὸν
1729 1899 1895 1970 ἄνδρα

341 1994 457 2043 σου,
496 1980 596 2031 καὶ
635 1979 757 2032 ἐλθὲ
786 1981 990 2034 ἐνθάδε.
1035 1984 1072 2033 »⁷

311 2084 327 2089 ’·
408 2067 462 2120 5.
503 2068 629 2119 Ἔτι
653 2068 713 2120 δὲ
752 2072 1129 2140 ἐπιστήσωμεν
1178 2071 1224 2121 εί
1274 2071 1487 2124 δύναται
1522 2073 1803 2143 δηλοῦσθαι
1835 2077 1892 2128 τὸ

340 2154 658 2223 ἐτερογενὲς
694 2158 796 2226 τῆς
834 2157 941 2209 τῶν
981 2159 1113 2228 αὐτῇ
1148 2162 1211 2228 τῇ
1242 2159 1462 2230 ἀληθείᾳ
1503 2163 1890 2231 ὁμιλησάντων,

339 2243 433 2293 καὶ
476 2243 857 2312 συνεσομένων
902 2244 1181 2313 ὠφελείας,
1226 2246 1370 2315 παρὰ
1405 2248 1501 2317 τὴν
1543 2250 1891 2322 νομιζομένην

338 2328 604 2396 ὠφέλειαν
636 2331 883 2397 γίνεσθαι
916 2335 1045 2401 ἡμῖν
1076 2333 1181 2385 ἀπὸ
1219 2334 1324 2385 τῶν
1364 2335 1610 2404 Γραφῶν,
1647 2339 1747 2391 κᾶν
1773 2356 1891 2411 νοη-

339 2415 503 2469 θῶσιν
523 2418 776 2486 ἀκριϐῶς
796 2422 860 2473 ἐκ
884 2419 978 2471 τοῦ
1013 2420 1100 2472 τὸν
1126 2420 1222 2489 μὲν
1251 2420 1435 2473 πιόντα
1456 2422 1561 2474 ἀπὸ
1587 2425 1687 2493 τῆς
1712 2428 1890 2496 πηγῆς

341 2507 432 2559 τοῦ
465 2506 665 2559 Ἰακὼϐ
689 2509 850 2579 διψῆν
884 2510 1063 2575 πάλιν,
1090 2511 1178 2564 τὸν
1204 2511 1260 2563 δὲ
1284 2513 1470 2565 πιόντα
1498 2516 1560 2566 ἐκ
1587 2514 1676 2566 τοῦ
1706 2515 1889 2580 ὓδατος

341 2591 400 2648 οὗ
429 2596 645 2652 δίδωσιν
676 2601 706 2650 ὁ
748 2598 973 2667 Ἰησοῦς,
1006 2600 1182 2670 πηγὴν
1209 2599 1391 2663 ὕδατος
1427 2603 1484 2653 ἐν
1516 2601 1689 2671 ἐαυτῷ
1724 2604 1888 2673 ἴσχειν

1992 1839 2051 1879 se
2078 1824 2318 1878 daturum
2347 1839 2503 1892 quam
2533 1827 2667 1893 apud
2699 1824 2926 1891 fontem,
2942 1829 3122 1883 dicens
3152 1829 3225 1882 illi
3253 1843 3269 1883 :
3305 1846 3324 1880 ι
3350 1830 3514 1897 Vade,

1991 1927 2120 1969 voca
2149 1913 2318 1969 virum
2347 1924 2512 1981 tuum,
2536 1926 2590 1970 et
2622 1917 2738 1970 veni
2768 1917 2951 1972 huc“.
2979 1935 2997 1968 ι

2057 2093 2110 2146 5.
2150 2093 2336 2148 Adhuc
2364 2103 2539 2149 autem
2575 2093 2920 2162 inspiciamus
2946 2111 3070 2149 num
3092 2098 3214 2164 quia
3239 2099 3326 2166 qui
3357 2100 3511 2152 bibe-

1990 2179 2059 2233 rit
2080 2195 2144 2234 ex
2171 2181 2318 2235 fonte
2353 2181 2537 2246 Jacob,
2569 2183 2714 2236 sitiat
2758 2183 2979 2248 iterum;
3030 2184 3121 2252 qui
3156 2200 3281 2239 vero
3321 2186 3515 2241 biberit

1988 2283 2051 2322 ex
2098 2283 2229 2336 aqua
2273 2285 2431 2338 q-uam
2468 2270 2747 2335 datJesus,
2781 2271 2979 2326 fontem
3016 2274 3068 2326 ill
3115 2273 3287 2341 seipso
3321 2275 3514 2329 habeat

1989 2371 2138 2424 aqua:
2163 2357 2398 2411 salientis
2431 2358 2495 2411 ad
2536 2359 2697 2411 vitam
2737 2368 3013 2422 aeternam,
3044 2362 3189 2414 innui
3233 2363 3397 2428 possit
3439 2364 3516 2416 di-

1986 2453 2190 2497 versam
2213 2457 2330 2497 esse
2356 2444 2636 2498 utilitatem
2667 2458 2850 2499 eorum
2878 2446 2967 2513 qui
3001 2461 3119 2500 cum
3151 2447 3262 2514 ipsa
3286 2449 3512 2503 veritate

1986 2531 2416 2586 consuetudinem
2474 2531 2708 2587 habuere
2756 2533 3096 2601 habiturique
3138 2544 3294 2600 sunt,
3339 2537 3406 2590 ab
3440 2551 3502 2593 ea

1987 2617 2209 2671 utilitate
2252 2632 2410 2686 quam
2445 2618 2598 2672 nobis
2651 2618 2779 2672 oriri
2830 2619 3194 2673 existimamus
3237 2636 3302 2675 ex
3362 2621 3454 2674 Scr
3481 2649 3511 2662 -

343 2685 630 2756 ἁλλομένου
664 2689 746 2750 είς
780 2686 923 2758 ζωὴν
950 2687 1162 2741 αἰώνιον
1186 2705 1200 2719 ’
1234 2690 1325 2741 καὶ
1358 2690 1463 2760 γὰρ
1492 2690 1559 2743 τὰ
1588 2692 1883 2764 κυριώτερα

1988 2703 2178 2772 pturis,
2212 2685 2422 2759 etiamsi
2458 2714 2705 2759 accurate
2755 2705 3035 2760 intellectae
3081 2706 3314 2772 fuerint;
3351 2709 3511 2778 213

343 2773 432 2825 καὶ⁵
456 2774 705 2845 θειότερα
735 2775 842 2827 τῶν
877 2775 1183 2846 μυστηρίων
1215 2777 1305 2829 τοῦ
1345 2777 1497 2844 Θεοῦ,
1529 2779 1645 2833 ἔνια
1683 2781 1778 2849 μὲν
1825 2782 1883 2834 οὐ

1988 2793 2282 2860 prlesertim
2313 2808 2432 2847 cum
2469 2794 2709 2864 quaedam
2762 2808 2827 2848 ex
2874 2795 3335 2864 principalioribus
3352 2773 3509 2851 ili—vi"—

341 2861 620 2932 κεχώρηκε
643 2863 856 2932 Γραφὴ,
889 2863 1003 2916 ἔνια
1027 2864 1084 2916 δὲ
1114 2864 1230 2916 οὐδὲ
1262 2864 1566 2936 ἀνθρωπίνη
1594 2870 1768 2938 φωνή·
1795 2871 1883 2923 καὶ

1988 2880 2324 2949 nioribusque
2343 2881 2433 2936 Dei
2458 2861 2725 2950 mysteriis
2747 2896 2844 2936 nec
2869 2861 3062 2949 capere
3100 2885 3333 2953 potuerit
3358 2884 3507 2938 Scri-

340 2952 405 3003 τὰ
435 2948 526 3005 οὖν
554 2953 660 3023 ἤθη
698 2952 808 3023 (99)
853 2953 959 3005 τῶν
1010 2955 1431 3023 σημαινομένων,
1468 2959 1500 3025 ὴ
1540 2957 1753 3025 γλῶσσα
1794 2961 1883 3013 ἀν-

1988 2980 2157 3039 ptura,
2181 2974 2419 3040 quaedam
2450 2974 2611 3026 etiam
2656 2989 2753 3027 nec
2781 2987 2876 3026 vox
2912 2973 3142 3027 humana
3169 2990 3182 3024 :
3215 2988 3334 3026 nam
3364 2988 3510 3041 qua:-

341 3015 588 3111 θρωπικη
606 3059 620 3072 ’
648 3015 715 3091 τι.
746 3015 900 3094 ’ἐστι
948 3015 1456 3111 γὰρ’-ἄλλανπολλα,
1488 3015 1819 3115 ”ἃ’ἐποίησεν
1856 3051 1883 3101 ό

1988 3015 2157 3039 r._...,
2183 3015 2418 3040 γυνη...
2451 3015 2611 3026 -.......
2656 3015 2753 3027 ..νυ
2790 3015 2876 3026 η..
2912 3015 3142 3027 .............
3169 3015 3182 3024 .
3365 3015 3480 3041 ν...

1988 3059 2104 3111 dant
2133 3059 2547 3127 signiﬁcationes
2579 3061 2771 3114 divina:
2795 3075 2915 3114 cum
2949 3062 3076 3125 sint,
3099 3062 3272 3129 lingua
3298 3070 3378 3114 est
3407 3063 3507 3113 llu-

354 3125 572 3216 Ἰησοῦς,
620 3129 782 3182 ἅτινα
857 3129 954 3181 ἐὰν
1008 3131 1279 3200 γράφηται
1331 3133 1511 3196 καθὲν,
1565 3134 1682 3185 οὐδὲ
1727 3135 1883 3187 αὐτὸν

1988 3125 2225 3200 ηιιιηοίι
2270 3146 2406 3201 δυιῑι
2445 3162 2675 3216 namque
2724 3157 2780 3202 et
2826 3148 2929 3200 alia
3002 3125 3331 3215 multa'qule
3378 3147 3508 3202 fecit

340 3208 484 3282 οἶμαι
531 3216 623 3268 τὸν
662 3217 865 3286 κόσμον
909 3216 984 3285 (1)
1028 3220 1291 3289 χωρήσειν
1334 3221 1403 3274 τὰ
1446 3222 1757 3291 γραφόμενα
1805 3223 1884 3292 βι-

342 3301 477 3355 ϐλία.
516 3322 535 3354 ι
578 3304 695 3357 Καὶ
719 3306 818 3356 ὅσα
848 3304 904 3356 δὲ
923 3304 1182 3374 ἐλάλησαν
1201 3309 1256 3360 αί
1280 3309 1416 3362 ἑπτὰ
1438 3310 1646 3378 βρονταὶ
1681 3310 1883 3379 μέλλων

1988 3323 2150 3377 bitror
2195 3301 2448 3379 mundum
2501 3334 2815 3395 capturum,
2866 3326 2956 3395 qui
3006 3301 3387 3391 scriberentur,
3439 3327 3506 3379 li-

1980 3234 2158 3299 Jesus,
2188 3251 2306 3304 quae
2331 3236 2634 3306 singulatim
2656 3237 2701 3291 si
2732 3238 3052 3304 scribantur,
3081 3252 3178 3292 nec
3209 3239 3381 3307 ipsum
3415 3254 3505 3292 ar-
3612 3288 3626 3300 ,

341 3390 564 3459 γράφειν
609 3392 886 3462 Ἰωάννης,
932 3393 1222 3446 κωλύεται·
1252 3397 1280 3448 ό
1310 3396 1365 3448 δὲ
1414 3397 1619 3460 Παῦλος
1657 3399 1882 3466 ἀκηκοέ-

345 3493 424 3529 ναι
454 3478 616 3547 φησὶν
670 3478 883 3549 ἄρρητα
915 3480 1149 3549 ῥήματα,
1182 3481 1300 3549 οὐχὶ
1323 3481 1358 3534 ἃ
1385 3482 1482 3534 οὐκ
1514 3482 1630 3544 ἐξόν
1659 3481 1761 3537 τινι
1790 3484 1882 3536 λα-

341 3564 494 3633 λῆσαι
528 3560 624 3635 ἢν·
660 3565 784 3630 ἐξὸν
802 3566 910 3636 γὰρ
944 3561 1013 3635 ἦν
1049 3566 1185 3619 αὐτὰ
1220 3567 1445 3637 λαλῆσαι
1482 3569 1746 3635 ἀγγέλοις,
1790 3572 1882 3624 ἀν-

342 3651 573 3723 θρώποις
635 3654 695 3706 δὲ
733 3655 834 3706 οὐκ
895 3655 1058 3723 ἐξῆνσ
1102 3674 1120 3705 l
1159 3656 1332 3708 πάντα
1374 3657 1469 3726 μὲν
1499 3657 1605 3727 γὰρ
1655 3658 1875 3724 ἔξεστιν,

340 3740 449 3793 ἀλλ’
476 3743 535 3794 οὐ
568 3742 753 3795 πάντα
795 3742 1086 3812 συμφέρειο
1121 3761 1139 3794 ι
1174 3743 1209 3794 ἂ
1233 3742 1288 3794 δὲ
1320 3743 1545 3812 ἤκουσεν
1574 3745 1648 3814 (2)
1671 3746 1878 3815 ἄρρητα

295 3862 303 3869 ρ
342 3831 570 3901 ῥήματα,
605 3832 643 3886 ἃ
676 3832 781 3884 οὐκ
810 3830 947 3896 ἐξὸν,
997 3831 1155 3902 φησὶν
1183 3833 1279 3897 (5),
1314 3832 1579 3903 ἀνθρώπῳ
1626 3835 1874 3904 λαλῆσαι,

338 3915 481 3989 οἶμαι
494 3922 550 3974 δὲ
565 3922 666 3991 τῆς
679 3921 810 3990 ὅλης
825 3920 1072 3988 γνώσεως
1086 3921 1318 3990 στοιχεῖά
1334 3939 1450 3974 τινα
1471 3921 1767 3992 ἐλαχίστας,
1785 3925 1877 3978 καὶ

339 4007 674 4079 βραχυτάτας
710 4005 849 4062 εἶναι
881 4008 1182 4077 εἰσαγωγὰς
1199 4010 1325 4073 ὅλας
1357 4011 1594 4080 Γραφὰς,
1613 4011 1712 4065 κᾶν
1735 4012 1873 4065 πάνυ

339 4095 597 4165 νοηθῶσιν
640 4095 886 4166 ἀκριϐῶς
906 4135 919 4147 .
960 4096 1097 4165 Ὅρα
1117 4096 1398 4165 τοιγαροῦν
1413 4099 1459 4148 εί
1476 4096 1691 4151 δύναται
1717 4103 1749 4169 ἡ
1778 4100 1875 4168 μὲν

336 4183 480 4253 πηγὴ
535 4185 632 4237 τοῦ
679 4183 893 4247 Ἰακὼϐ,
922 4184 1014 4252 ἀφ’
1044 4181 1112 4255 ἦς
1140 4185 1259 4237 ἔπιέ
1290 4201 1417 4238 ποτε
1445 4187 1473 4237 ὁ
1511 4184 1717 4251 Ἰακὼϐ,
1762 4188 1873 4261 αλλ’

1979 3413 2105 3467 bros
2126 3411 2190 3466 δ’.
2222 3431 2241 3464 ι
2282 3413 2418 3479 Quin
2460 3422 2514 3467 et
2554 3429 2670 3482 quae
2715 3415 2888 3470 locuta
2923 3425 3046 3470 sunt
3072 3424 3271 3485 septem
3310 3416 3393 3470 illa
3434 3426 3509 3470 to-

1976 3500 2151 3554 nitrua
2195 3504 2492 3569 scripturus
2517 3502 2751 3558 Joannes
2776 3505 3180 3571 prohibetur“;
3215 3514 3269 3559 et
3302 3504 3500 3559 Paulus

1978 3601 2034 3642 se
2085 3588 2297 3643 audisse
2346 3590 2517 3657 inquit
2562 3590 2850 3647 indicibilia
2881 3594 3037 3648 verba
3075 3608 3191 3663 quae
3242 3608 3345 3648 non
3377 3594 3502 3648 lice-

1978 3684 2059 3729 ret
2081 3676 2234 3731 alicui
2258 3677 2398 3746 loqui
2430 3678 2471 3709 "
2500 3693 2516 3730 :
2541 3679 2732 3734 licebat
2758 3682 2898 3735 enim
2919 3681 2981 3735 ad
3012 3684 3224 3751 angelos
3248 3695 3308 3735 ea
3335 3683 3499 3750 loqui,

1977 3762 2042 3815 ad
2070 3762 2314 3817 homines
2352 3774 2525 3818 autem
2571 3780 2673 3818 non
2704 3767 2936 3821 licebat:
2962 3783 3081 3820 nam
3110 3786 3128 3818 ι
3172 3770 3349 3821 omnia
3384 3769 3505 3835 qni-

1976 3850 2092 3903 dem
2134 3849 2308 3915 licent,
2338 3860 2395 3905 at
2446 3866 2549 3906 non
2588 3855 2761 3907 omnia
2803 3857 3171 3924 expediunt“.
3197 3873 3215 3905 ι
3245 3853 3336 3909 Sin
3378 3871 3511 3909 vero.

1975 3938 2174 3992 audivit
2212 3939 2495 3994 ineli'abilia
2546 3945 2706 3997 verba
2764 3958 2881 4011 quae
2938 3945 3017 3998 las
3055 3959 3158 3997 non
3199 3954 3359 4009 esset,
3414 3945 3500 3996 ill-

1973 4025 2112 4092 quit,
2159 4027 2224 4080 ad
2274 4028 2541 4083 hominem
2584 4030 2751 4100 loqui,
2808 4030 3040 4084 arbitror
3090 4045 3188 4100 ego
3239 4031 3498 4085 universa:

1973 4113 2289 4180 cognitionis
2320 4115 2579 4170 elementa
2622 4117 2862 4184 quaedam
2889 4118 3106 4171 minima
3134 4117 3502 4173 brevissimae-

1973 4213 2075 4266 que
2158 4201 2575 4259 introductiones
2633 4218 2749 4259 esse
2806 4205 3082 4261 universas
3168 4206 3493 4275 Scripturas,

335 4271 505 4324 οὐκέτι
521 4274 666 4327 πίνει
696 4272 814 4336 νῦν,
848 4272 996 4325 ἔπιον
1027 4273 1081 4324 δέ
1103 4273 1196 4326 καὶ
1222 4276 1270 4326 οί
1290 4274 1391 4326 υἱοὶ
1418 4274 1597 4338 αὐτοῦ,
1618 4275 1750 4329 ἀλλὰ
1776 4276 1871 4329 νῦν

1988 4287 2182 4341 etiamsi
2231 4284 2481 4345 accurate
2534 4290 2821 4346 intellectae
2869 4291 3084 4347 fuerint.
3138 4271 3494 4358 Quamobrem

332 4355 506 4425 ἔχουσι
542 4360 603 4412 τὸ
650 4362 895 4431 κρεῖττον
950 4360 1153 4413 ἐκείνου
1177 4362 1357 4426 ποτὸν,
1383 4361 1663 4413 πεπώκασι
1691 4362 1746 4415 δὲ
1779 4364 1872 4416 καὶ

331 4443 397 4496 τὰ
427 4444 719 4516 θρέμματα
760 4447 962 4514 αὐτῶν,
986 4451 1018 4519 ἡ
1045 4451 1192 4502 πᾶσα
1224 4447 1355 4502 εῖναι
1379 4450 1589 4520 Γραφήο
1612 4450 1671 4502 τὸ
1694 4450 1749 4502 δὲ
1778 4451 1867 4503 τοῦ

344 4530 507 4598 Ἰησοῦ
529 4533 673 4604 ὕδωρ
701 4534 762 4586 τὸ
786 4535 923 4604 ὑπὲρ
945 4536 979 4588 ἃ
999 4535 1300 4605 γέγραπται
1319 4552 1332 4566 ⁸
1355 4537 1415 4587 οὐ
1437 4537 1565 4587 πᾶσι
1588 4537 1643 4588 δὲ
1669 4536 1870 4600 ἔξεστιν

330 4618 551 4690 ἐρευνᾷν
576 4622 646 4675 τὰ
691 4622 829 4692 ὑπὲρ
870 4624 906 4676 ἃ
941 4624 1281 4694 γέγραπται·
1329 4623 1421 4674 ἐὰν
1462 4625 1533 4693 μή
1582 4641 1664 4687 τις
1692 4628 1871 4690 αὐτοῖς

330 4706 645 4779 ἐξομοιωθῇ,
680 4710 767 4762 ἵνα
811 4710 884 4781 μὴ
915 4713 1308 4783 ἐπιπλήσσηται
1339 4713 1545 4764 ἁκούων
1575 4715 1664 4765 τό·
1703 4735 1720 4766 l
1756 4719 1867 4770 Χα-

330 4796 603 4872 λεπώτερά
651 4799 747 4853 diu
796 4802 869 4871 μὴ
918 4802 1095 4871 ζήτειο
1148 4802 1243 4853 καὶ
1295 4801 1610 4873 ἰσχυρότερα
1656 4821 1749 4858 σου
1795 4808 1868 4879 μὴ

330 4885 530 4954 ἐρεύνα.
573 4906 594 4939 ι

1976 4373 2105 4428 vide
2123 4390 2248 4428 num
2279 4376 2398 4430 fons
2420 4376 2603 4442 Jacob,
2634 4393 2697 4433 ex
2726 4393 2828 4447 quo
2857 4380 3072 4434 bibebat
3093 4382 3376 4450 aliquando
3400 4379 3495 4434 Ja-

1976 4460 2095 4525 cob,
2123 4463 2212 4515 sed
2244 4478 2382 4518 nunc
2409 4480 2511 4519 non
2535 4467 2697 4532 bibit;
2729 4475 2888 4537 atque
2917 4469 3079 4522 etiam
3124 4469 3378 4524 bibebant
3405 4466 3499 4523 [illi

1974 4549 2076 4612 sui,
2117 4550 2209 4602 sed
2252 4565 2392 4604 nunc
2432 4560 2610 4619 potum
2642 4553 2844 4608 habent
2881 4554 2970 4608 illo
2996 4555 3162 4624 priori
3199 4568 3324 4623 potu
3357 4570 3496 4625 prae-

1973 4637 2302 4704 stantiorem,
2343 4641 2471 4707 quin
2524 4640 2772 4696 biberunt
2819 4645 2980 4697 etiam
3041 4658 3234 4713 pecora
3262 4656 3492 4709 reorum,

1972 4724 2143 4790 possit
2187 4740 2304 4781 esse
2366 4729 2612 4784 universa
2665 4730 2969 4803 Scriptura;
3008 4747 3140 4800 aqua
3193 4747 3320 4787 vero
3367 4731 3494 4787 J‘esu

1974 4813 2099 4869 illud
2147 4830 2268 4871 esse
2303 4817 2471 4886 possit
2518 4820 2656 4887 quod
2693 4830 2775 4875 est
2807 4837 2965 4889 supra
3018 4835 3080 4874 ea
3128 4835 3246 4890 quae
3292 4822 3493 4888 scripta

1972 4909 2095 4954 sunt
2128 4919 2272 4959 :non
2313 4907 2559 4960 omnibus
2599 4920 2777 4962 autem
2828 4909 3057 4965 scrutari
3090 4908 3216 4962 licet
3244 4924 3363 4977 qua:
3389 4910 3495 4963 sint

380 5047 424 5078 ιι
449 5046 737 5131 ξδθ¹;.ξιῑξ
765 5048 819 5103 2,
893 5047 1111 5131 “itan.
1151 5060 1224 5109 nt,
1273 5044 1362 5097 15.
1438 5048 1479 5079 ⁸⁷
1507 5048 1633 5104 ibid.
1665 5053 1720 5105 7.
1797 5056 1882 5109 δεῖ

1988 5094 1992 5108 .
2025 5058 2110 5112 16.
2182 5058 2398 5113 “Joan.
2429 5076 2538 5126 ut,
2579 5062 2669 5114 25.
2743 5065 2785 5094 ⁵ο
2811 5066 2974 5131 Apoc.
3013 5079 3065 5128 ι,
3091 5065 3143 5119 3.
3219 5067 3260 5097 '"
3299 5064 3336 5118 ll
3370 5067 3492 5125 Cur.

333 5125 427 5178 ιιι,
449 5116 499 5167 4.
571 5116 618 5146 ⁸¹
644 5116 666 5168 I
696 5114 817 5168 Cor.
843 5130 917 5178 Vl,
949 5114 1028 5166 12.

394 5248 501 5331 (97)
541 5253 684 5331 Οὔτζ
708 5253 790 5331 ἄη
800 5253 986 5331 ἔλεγε.
1011 5249 1093 5303 Sic
1110 5246 1284 5302 codex
1310 5249 1647 5323 Bodleianns,
1677 5274 1871 5331 recte;

340 5313 545 5379 Regius,
580 5321 737 5380 male,
765 5322 890 5372 ὅταν
912 5313 1087 5382 ἔλεγε.

527 5385 702 5459 Codex
730 5387 941 5459 Regius,
968 5395 1262 5459 perperam.
1282 5383 1368 5459 fil
1397 5389 1495 5458 γὰρ
1511 5391 1679 5459 ἄλλῳ.

397 5445 599 5530 ς99ἱᾼι1
634 5445 1597 5530 marginem.codicisPgotileiaililpro
1796 5466 1876 5520 le-

346 5516 470 5581 gitur
489 5516 619 5584 θεῖα,
646 5516 1087 5587 quahrleclionem
1118 5524 1346 5568 secutus
1373 5533 1448 5577 est
1476 5516 1803 5584 Ferrarius.

2068 5268 2116 5337 Ι)
2137 5267 2192 5321 In
2220 5268 2403 5337 codice
2422 5267 2589 5337 Regio
2624 5269 2772 5322 deest
2804 5270 2907 5337 τὸν
2926 5268 3145 5337 κόσμον.

2068 5270 2086 5321 l
2137 5268 2192 5321 In
2220 5268 2403 5322 codice
2422 5268 2589 5337 Regio
2624 5269 2772 5322 deest
2804 5270 2892 5322 τὸν
2926 5268 3145 5335 κόσμον.

2042 5268 2116 5406 ξεί
2176 5337 2333 5390 Forte
2370 5336 2645 5405 legendum
2692 5350 2811 5390 cum
2874 5336 3138 5399 Ferrario,
3175 5337 3224 5388 εί
3250 5336 3500 5409 δὲῆκουτ-

1977 5422 2084 5459 σεν.

1958 5540 1971 5553 ,
2047 5472 2121 5541 (,5)
2156 5472 2223 5527 1η-
2238 5473 2416 5529 codice
2449 5470 2733 5528 Bodleiano
2760 5473 2907 5527 deest
2928 5465 3106 5537 φησιν.
