3828 6182
333 262 429 314 Ml
1769 255 1845 311 011

2053 255 2076 308 5
3447 239 3565 294 ΗΞ

331 382 388 426 et
431 369 706 427 Samaritis
741 366 900 419 habet
955 365 1128 419 virum
1174 364 1423 432 aliquem,
1456 366 1578 432 quia
1622 367 1843 436 seipsam

2054 383 2168 427 στος
2195 366 2297 419 τῶν
2320 367 2628 435 ἑτεροδόξων
2657 367 2804 418 θέλει
2826 383 2839 396 ο
2876 365 2974 416 καὶ
3000 360 3264 432 βούλεται
3305 350 3566 408 ἐνταῦθα

333 459 481 526 juxta
510 467 805 524 perversam
847 451 1243 518 intelligentiam
1277 465 1525 506 sanormn
1566 455 1844 506 verborum

2063 454 2356 524 ἑτερόδοξοι]
2383 454 2554 524 ψυχὴν
2580 457 2606 506 ὁ
2628 455 2770 515 θεῖος
2802 452 2964 518 λόγος
2996 446 3437 519 παρατεθεῖσαν
3469 439 3567 490 τὸν

333 543 614 612 subjecerit
648 541 746 607 legi
771 540 947 604 alicui,
968 541 1118 607 juxta
1158 555 1314 607 quam
1344 541 1455 592 vult
1483 542 1659 595 vivere
1683 558 1845 596 unus-

2058 560 2174 594 οντα
2205 545 2396 612 ἑαυτῆς
2439 545 2597 612 νόμον
2635 543 3019 611 διελεγχθῆναι
3060 540 3201 608 (12),
3234 538 3326 597 εἰς
3361 531 3431 584 τὸ
3463 547 3570 583 κα-

331 635 554 703 quisque
583 629 648 683 ab
679 629 924 681 Ecclesiae
963 629 1194 682 decretis
1250 629 1547 694 dissidens;
1585 640 1639 684 et
1674 631 1715 684 si
1742 632 1843 682 vult

2061 632 2351 700 ρονήσασαν
2393 632 2578 700 αὐτὴν,
2622 633 2697 692 ὡς
2732 632 2791 682 οὐ
2831 630 3068 698 νομίμου
3108 624 3350 694 ἀνδρὸς,
3390 619 3573 688 ζητῆ-

329 721 492 773 etiam
530 719 629 770 hoc
673 717 722 768 in
771 717 884 770 loco
922 716 1131 768 divinus
1168 729 1345 769 sermo
1373 718 1599 769 animam
1631 719 1841 770 manife-

2060 721 2219 789 ἄνδρα
2239 721 2435 789 ἓτερον,
2463 723 2539 782 εἰς
2567 721 2624 773 τὸ
2646 720 2900 787 γενέσθαι
2936 719 3114 786 αὐτὴν
3160 715 3360 784 ἑτέρῳ
3389 709 3476 778 τῷ
3502 708 3572 758 ἐκ

330 809 456 862 stari
492 806 737 859 Ecclesiae
769 804 996 857 decretis
1031 805 1452 868 dissentientem,
1479 821 1594 873 quae
1627 807 1726 859 sibi
1754 807 1842 874 ipsi

2062 809 2150 860 >ὦν
2171 810 2578 878 ἀναστησομένῳ
2598 809 2772 877 Λόγῳ,
2807 807 2881 876 μὴ
2911 803 3399 873 ἀνατρεπομὲνῳ,
3427 796 3574 866 μηδὲ

331 895 623 962 ριέοΐεοοτίι
672 892 836 956 legem
887 892 1203 959 principem,
1255 902 1312 944 ut
1352 902 1528 960 spreto
1587 895 1719 959 viro,
1755 909 1843 946 ceu

2063 898 2329 966 ἠξομένῳ,
2380 898 2489 949 ἀλλ’
2525 899 2676 966 ἀϊδίῳ
2719 898 2853 966 (l5),
2905 893 3192 964 μενοῦντι,
3249 890 3360 942 καὶ
3407 886 3575 956 βασι-

333 997 436 1036 non
509 981 777 1048 legitimo,
817 988 1023 1046 quaarat
1080 979 1325 1042 alterum,
1393 988 1620 1049 nuptura
1701 982 1845 1034 alteri

2061 1002 2182 1046 nm,
2242 985 2444 1046 πάντας
2503 986 2742 1045 τευτοῦς
2816 983 3051 1051 ἐχθροὺς
3129 979 3573 1033 ὐποτάσσοντι·

333 1072 467 1135 viro,
516 1072 765 1124 nimirum
819 1069 1062 1123 Sermoni
1110 1067 1245 1120 Filio
1303 1070 1416 1134 Dei,
1478 1071 1567 1138 qui
1625 1073 1845 1124 resusci-

2068 1073 2237 1141 ριστὸς
2301 1073 2406 1141 γὰρ
2451 1072 2691 1141 ἐγερθεὶς
2751 1073 2813 1123 ὲκ
2859 1069 3072 1139 νεκρῶν
3143 1067 3355 1120 οὐκέτι
3430 1065 3580 1116 ἀπο-

334 1169 478 1213 tatus
507 1169 590 1213 est
621 1173 684 1212 ex
721 1158 965 1221 mortuis,
1001 1171 1104 1210 non
1155 1158 1462 1222 mutandus,
1516 1174 1689 1227 neque
1743 1175 1846 1211 mo-

2069 1179 2187 1224 rxat,
2217 1162 2436 1223 θάνατος
2474 1161 2634 1215 αὑτοῦ
2662 1161 2844 1212 οὐκέτι
2875 1160 3130 1229 κυριεύει
3151 1176 3166 1190 ·
3211 1159 3245 1210 ὃ
3274 1157 3400 1226 γὰρ
3428 1153 3581 1207 ἀπέ-

331 1251 551 1314 riturus,
589 1250 681 1303 sed
728 1250 1100 1316 sempiternus,
1148 1260 1365 1300 manens
1388 1255 1440 1300 et
1471 1262 1716 1316 regnans,
1739 1263 1843 1300 om-

2067 1254 2178 1319 ιτῇ
2237 1250 2786 1319 ἀμαρτίᾳ,ἀπέθανεν
2842 1247 3101 1317 ἐφάπαξ·
3153 1249 3186 1299 ὃ
3231 1247 3295 1298 δὲ
3344 1245 3446 1313 ζῇ,
3508 1242 3579 1309 ξῇ

333 1352 534 1408 nesque
585 1336 826 1389 inimicos
870 1331 1156 1402 subjiciens
1185 1353 1196 1387 :
1228 1355 1246 1386 ι
1274 1335 1516 1391 Christus
1572 1339 1712 1391 enim
1758 1352 1845 1391 ex-

2073 1339 2186 1407 9εῷ,
2215 1359 2231 1390 ι
2254 1342 2308 1390 ὲν
2331 1339 2473 1407 δεξιᾷ
2505 1339 2577 1389 ὢν
2606 1339 2790 1400 αὑτοῦ,
2827 1338 2932 1398 ἓως
2956 1337 3022 1389 ἂν
3049 1337 3268 1397 πάντες
3299 1335 3356 1386 οἱ
3377 1331 3585 1400 ἐχθροὶ

335 1427 534 1478 citatus
583 1438 611 1476 a
669 1425 888 1478 mortuis
949 1437 1050 1476 non
1111 1423 1338 1490 amplius
1400 1424 1660 1488 moritur,
1714 1438 1847 1477 mors

2075 1427 2110 1478 »ὖ
2142 1427 2418 1478 ὑποπόδιον
2445 1426 2670 1478 τεθῶσιν
2700 1425 2867 1495 αὐτῷ.
2895 1425 3008 1477 Ποῦ
3043 1425 3103 1476 δὲ
3139 1425 3257 1476 ἔδει
3296 1420 3587 1489 ἐλεγχθῆ-

337 1515 411 1568 illi
439 1514 575 1566 ultra
606 1527 708 1565 non
737 1512 1090 1565 dominabitur
1117 1531 1129 1564 :
1156 1514 1296 1579 quod
1321 1513 1459 1564 enim
1491 1521 1728 1565 mortuus
1750 1521 1849 1572 est,

2072 1517 2148 1567 τὸν
2180 1515 2522 1584 νομιζόμενον
2551 1517 2716 1585 ἄνδρα
2749 1517 2847 1584 τῆς
2884 1515 3329 1584 Σαμαρείτιδος,
3359 1512 3448 1572 ὡς
3473 1511 3584 1562 οὐκ

336 1608 555 1666 peccato
584 1607 820 1650 mortuus
868 1606 950 1649 est
983 1597 1177 1660 semel;
1215 1598 1352 1664 quod
1385 1611 1507 1650 vero
1543 1598 1690 1660 vivit,
1729 1598 1848 1649 vivit

2073 1622 2136 1666 ›α,
2165 1605 2196 1674 ἢ
2221 1604 2365 1673 παρὰ
2396 1607 2460 1673 τῇ
2491 1607 2638 1673 πηγῇ
2683 1603 2775 1655 τοῦ
2821 1602 3020 1655 Ἰακὼὸ
3063 1603 3172 1654 ὑπὸ
3195 1602 3302 1654 τοῦ
3360 1596 3585 1668 Ἰησοῦ,

336 1688 496 1756 219
513 1688 728 1750 ῡοο⁷¹,›
765 1687 814 1738 in
841 1687 1052 1738 dextera
1086 1686 1200 1753 ejus
1226 1688 1438 1751 sedens,
1477 1686 1642 1738 donec
1671 1700 1848 1739 omnes

2078 1693 2107 1760 ἢ
2135 1672 2224 1758 ἀφ’
2252 1672 2448 1760 έάυτῆς
2470 1695 2503 1760 ἡ
2537 1672 2672 1760 γυνὴ
2705 1691 2902 1760 ἧρνητο
2927 1691 3020 1742 τὸν
3051 1690 3228 1760 ἄνδρα
3253 1709 3268 1753 ;
3311 1689 3425 1741 Διά
3453 1685 3590 1739 τοῦ-

337 1777 541 1829 inimici
565 1775 676 1842 ejus
699 1775 853 1842 positi
883 1773 1078 1827 fuerint
1106 1774 1406 1827 subsellium
1434 1774 1622 1840 pedum
1666 1774 1763 1842 ipsi
1789 1777 1849 1826 ⁷⁸.

2075 1780 2184 1846 έγει
2209 1781 2341 1848 αὐτῇ
2375 1781 2403 1830 ὁ
2447 1779 2667 1847 Ἰησοῦς⁵
2703 1798 2721 1829 1
2763 1780 3005 1846 ”Υπαγε,
3037 1779 3311 1849 φώνησόν
3341 1794 3448 1829 σου
3488 1775 3587 1826 τὸν

310 1905 314 1909 .
339 1865 394 1917 Si
424 1866 553 1927 haec,
584 1866 815 1932 inquam,
848 1864 918 1916 ita
947 1877 1003 1917 se
1026 1862 1243 1923 habent,
1277 1863 1490 1914 ubinam
1517 1861 1742 1915 debebat
1771 1861 1822 1916 Je

2073 1886 2142 1930 2a,
2176 1870 2266 1920 καὶ
2297 1869 2414 1920 ἐλθὲ
2440 1869 2642 1920 ἐνθάδε.
2693 1887 2712 1918 1
2744 1863 2866 1920 Οἶον
2895 1868 2953 1920 δὲ
2981 1869 3190 1938 ἔχουσά
3222 1885 3283 1920 τι
3334 1867 3451 1935 ἤδη
3482 1863 3585 1916 τοῦ

338 1968 430 2006 sus
464 1952 802 2006 manifestare
830 1966 971 2012 eum,
1000 1951 1088 2017 qui
1118 1949 1400 2017 putabatur
1428 1963 1546 2002 esse
1574 1947 1850 2002 Samariti-

2069 1956 2247 2024 ομένηυ
2268 1957 2345 2017 εἰς
2376 1955 2514 2024 ζωὴν
2539 1954 2749 2007 αἰώνιον
2781 1955 2994 2018 ὓδατος,
3028 1957 3120 2008 διὰ
3147 1957 3208 2007 τὸ
3242 1953 3581 2024 εἰρηκέναι·

337 2045 440 2106 dis,
469 2044 635 2095 virum
667 2057 766 2094 non
801 2054 920 2093 esse
947 2041 1112 2102 illius,
1139 2039 1240 2092 nisi
1272 2039 1404 2107 apud
1431 2038 1628 2092 fontem
1674 2037 1849 2100 Jacob,

2075 2045 2117 2106 ὂς
2135 2062 2221 2112 μοι
2237 2044 2390 2096 τοῦτο
2416 2045 2474 2096 τὸ
2501 2045 2664 2113 ὕδωρ,
2694 2063 2711 2094 ι
2741 2046 2835 2097 καὶ
2859 2045 3119 2113 ἀψευδεῖν
3142 2046 3237 2098 τὸν
3271 2058 3587 2113 προεπαγ-

341 2131 385 2184 si
426 2145 456 2182 a
487 2131 660 2197 seipsa
695 2128 881 2181 mulier
909 2143 1015 2180 non
1047 2134 1290 2194 negasset
1327 2125 1498 2178 virum
1527 2126 1549 2178 ?
1597 2125 1742 2180 Hanc
1787 2127 1853 2178 ob

2074 2135 2286 2202 ἁμενον,
2313 2135 2414 2196 ὅτι,
2451 2153 2467 2182 ι
2501 2135 2570 2186 Σὺ
2593 2135 2657 2186 ἂν
2684 2136 2893 2204 ᾔτησας
2916 2136 3108 2197 αὐτὸν,
3139 2136 3235 2188 καὶ
3265 2132 3461 2185 ἔδωκέ
3497 2148 3586 2182 σοι

338 2232 552 2271 causam
577 2218 706 2269 dicit
740 2217 811 2268 illi
841 2215 1029 2270 Jesus:
1068 2231 1086 2265 ‹
1119 2214 1280 2278 Vade,
1309 2229 1438 2268 voca
1470 2215 1641 2268 virum
1691 2225 1850 2280 tuum,

2076 2239 2094 2271 ο
2141 2220 2264 2284 ζῶνο
2310 2220 2576 2291 ἀπεκρίθη
2623 2223 2656 2289 ἡ
2702 2222 2860 2291 γυνὴ,
2899 2242 2917 2272 1
2951 2222 3323 2290 καταγνοῦσα
3368 2218 3588 2287 ἑαυτῆς

338 2316 394 2362 et
426 2309 548 2361 veni
569 2307 670 2360 huc
697 2307 760 2356 ⁷³.
798 2324 815 2355 ι
848 2303 962 2357 Jam
994 2318 1120 2356 vero
1163 2303 1322 2356 veluti
1373 2304 1612 2359 nonnihil
1659 2305 1850 2357 habens

2079 2311 2139 2377 τῇ
2175 2309 2420 2378 κοινωνίᾳ
2441 2312 2504 2377 τῇ
2532 2310 2666 2378 πρὸς
2690 2310 2781 2362 τὸν
2809 2311 3057 2364 τοιοῦτον
3078 2313 3281 2381 ἄνδρα,
3319 2329 3341 2361 ‹
3376 2310 3483 2363 καὶ
3510 2304 3591 2359 εἷ-

343 2409 491 2460 aquzn
521 2393 759 2448 salientis
780 2393 843 2444 ad
867 2393 1024 2444 vitam
1056 2400 1326 2453 aeternam,
1356 2405 1418 2444 eo
1444 2392 1582 2458 quod
1606 2391 1855 2444 dixisset:

1113 2400 1326 2453 lernam,
1356 2405 1418 2444 eo
1444 2392 1582 2458 quod
1606 2391 1856 2444 dixisset:
1957 2412 2072 2446 πεν·
2105 2396 2214 2447 Οὐκ
2244 2395 2348 2464 ἔχω
2385 2396 2570 2465 ἄνδρα.
2608 2415 2625 2446 ι

345 2499 364 2531 ‹
399 2483 471 2533 Da
496 2480 623 2533 mihi
661 2481 797 2532 hanc
829 2491 1017 2543 aquam
1043 2478 1109 2540 ⁷⁸,
1141 2494 1159 2526 ι
1197 2490 1294 2528 nec
1319 2477 1499 2530 fallere
1538 2477 1712 2543 quiret
1740 2476 1828 2542 qui
1854 2481 2172 2544 prredixerat
2196 2483 2278 2535 ’δε
2320 2500 2338 2531 1
2371 2482 2448 2534 Τυ
2484 2483 2707 2536 forsitan
2764 2483 3025 2551 petiisses
3085 2488 3157 2540 ab
3218 2501 3320 2549 eo,
3361 2495 3423 2540 et
3481 2487 3590 2538 ile-

341 2571 510 2623 disset
550 2569 644 2621 tibi
676 2581 866 2634 aquam
909 2568 1127 2630 vivam;
1181 2566 1448 2633 respondit
1485 2564 1694 2628 mulier,
1729 2583 1748 2615 1
1788 2567 2146 2622 condemnans
2205 2571 2453 2639 seipsam,
2512 2573 2652 2640 quod
2693 2587 2816 2626 cum
2867 2576 3190 2645 hujusmodi
3258 2579 3392 2631 viro
3449 2591 3592 2629 con-

340 2663 671 2715 suetudinem
706 2660 1000 2722 habuisset,
1047 2676 1065 2708 ι
1098 2666 1151 2711 et
1186 2657 1360 2711 dixit:
1413 2656 1526 2711 Non
1571 2658 1740 2710 habeo
1786 2658 1956 2711 virum
1991 2661 2055 2716 ⁷⁸.
2091 2679 2108 2711 ι

407 2752 460 2806 9.
495 2769 513 2802 ι
545 2751 682 2804 Dicit
719 2750 794 2802 illi
827 2748 981 2802 Jesus
1031 2761 1046 2799 :
1092 2747 1230 2800 Bene
1284 2745 1486 2809 dixisti,
1543 2759 1646 2797 non
1704 2745 1919 2808 habeo(

2086 2792 2088 2799 ,
2117 2768 2137 2800 ι
2177 2751 2334 2818 Λέγει
2363 2753 2494 2821 αὐτῇ
2518 2755 2546 2804 ὁ
2589 2754 2813 2823 Ἰησοῦς·
2857 2734 3067 2822 Καλῶς
3100 2758 3300 2824 εἴπας,
3335 2761 3430 2814 ὅτι
3460 2762 3598 2812 Ἂν-

340 2845 558 2898 virum:
595 2855 714 2892 nam
740 2839 971 2906 quinque
996 2835 1137 2888 viros
1167 2833 1428 2898 habuisti;
1463 2842 1515 2886 et
1537 2846 1676 2885 nunc
1703 2846 1852 2900 quem

2108 2839 2205 2891 οὐκ
2250 2839 2372 2908 ἔχω’
2414 2841 2568 2892 πέντε
2603 2843 2710 2914 γὰρ
2750 2845 2953 2914 ἄνδρας
2987 2848 3175 2918 ἔσχες·
3216 2850 3328 2902 καὶ
3373 2849 3480 2902 νῦν
3531 2848 3595 2902 δν

338 2937 524 2996 habes,
554 2946 658 2984 non
707 2939 788 2982 est
826 2938 945 2981 tuus
989 2926 1109 2978 vir:
1146 2925 1246 2978 hoc
1277 2937 1400 2976 vere
1427 2923 1600 2976 dixisti
1630 2922 1725 2974 ⁷⁷.»
1759 2922 1850 2973 Δι’·

2079 2945 2118 2989 ς,
2170 2929 2268 2980 οὐκ
2318 2928 2428 2979 ἔστι
2476 2946 2566 2981 σου
2603 2933 2760 3002 ἀνήρ·
2797 2933 2960 2987 τοῦτο
2994 2937 3202 3006 ἀληθὲς
3241 2937 3526 3006 εἴρηκας.
3571 2954 3591 2986 ι

340 3027 512 3078 bitror
538 3020 676 3090 quod
703 3019 877 3073 omnis
914 3017 1091 3069 anima
1122 3028 1239 3081 quae
1262 3013 1612 3065 introducitur
1639 3011 1703 3064 ad
1724 3026 1852 3073 eam1

2085 3031 2122 3064 ιι
2147 3013 2254 3081 (Νι)
2286 3017 2462 3068 πᾶσαν
2487 3016 2583 3086 τὴν
2614 3019 2980 3089 εἰσαγομένην
3013 3023 3203 3093 ψυχὴν
3248 3026 3338 3086 εἰς
3369 3023 3480 3092 τὴν
3503 3021 3597 3074 διὰ

340 3121 459 3181 qua:
487 3120 568 3164 est
601 3123 693 3176 per
726 3107 1050 3173 Scripturas,
1074 3103 1323 3172 pietatem
1367 3102 1420 3155 iu
1452 3100 1685 3165 Christo,
1731 3101 1852 3156 inci-

2093 3103 2318 3172 Γραφῶν
2349 3107 2404 3156 ὲν
2447 3106 2663 3176 Χριστῷ
2698 3106 3036 3173 θεοσέϐειαν,
3073 3113 3189 3166 ἀπὺ
3222 3111 3349 3164 τῶν
3387 3110 3598 3178 αἰσθη-

339 3201 492 3268 piens
525 3198 590 3250 ab
622 3197 704 3248 his
738 3195 898 3248 rebus
934 3207 1052 3259 quae
1081 3191 1328 3244 sensibus
1375 3197 1499 3242 sunt
1540 3188 1780 3242 obnoxiae
1812 3200 1851 3243 et

2095 3192 2186 3242 καὶ
2217 3192 2533 3260 σωματικῶν
2561 3193 2868 3262 λεγομένων
2899 3199 3257 3270 ἀρχομένην,
3291 3201 3436 3261 τοὺς
3461 3199 3600 3249 πέν-

341 3305 460 3358 qua:
497 3301 763 3355 corporeae
813 3292 1092 3346 vocantur,
1142 3283 1334 3334 habeat
1377 3281 1586 3348 priores
1633 3282 1853 3349 quinque

2085 3279 2238 3348 νδρας
2266 3280 2382 3332 καθ’
2417 3281 2649 3350 ἑκάστην
2675 3283 2784 3335 τῶν
2831 3285 3150 3357 αἰσθήσεων
3181 3290 3405 3356 ἀνδρός
3436 3304 3597 3349 τινος

343 3379 490 3430 viros
537 3387 853 3440 unoquoque
881 3385 1066 3429 ,sensu
1100 3369 1272 3422 virum
1313 3369 1540 3436 aliquem
1597 3368 1855 3422 faciente:

2085 3367 2239 3434 μένου
2283 3367 2442 3435 ἔχειν’
2485 3369 2622 3421 ὲπάν
2653 3370 2709 3421 δὲ
2744 3373 2883 3439 μετά
2929 3375 2992 3427 τὸ
3032 3377 3410 3446 ὡμιληκέναι
3475 3379 3593 3438 τοῖς

342 3473 524 3532 postea
577 3476 701 3514 vero
757 3475 912 3527 quam
964 3458 1141 3510 habita
1191 3456 1569 3510 consuetudine
1620 3471 1738 3510 cum
1787 3457 1854 3509 his

2091 3455 2252 3521 ητοίς,
2287 3453 2558 3521 ἀνακῦψαι
2593 3473 2676 3518 τις
2702 3456 2894 3524 θέλων,
2928 3464 3027 3515 καὶ
3068 3464 3450 3534 προτραπεὶς
3497 3464 3597 3514 ἐπὶ

347 3567 466 3622 qua:
498 3567 656 3606 sensu
685 3550 1072 3619 percipiuntur,
1115 3562 1389 3614 emergere
1416 3549 1534 3614 quis
1568 3547 1768 3609 volens,
1816 3555 1859 3600 el

2086 3541 2240 3609 ιοητά,
2286 3543 2546 3614 περιτύχῃ
2574 3544 2716 3614 λόγῳ
2744 3551 3022 3617 προφάσει
3066 3554 3438 3623 ἀλληγορίας
3496 3551 3598 3602 καὶ

349 3657 641 3697 conversus
674 3641 738 3693 ad
770 3655 828 3693 ea
861 3653 976 3707 qua:
1007 3639 1183 3693 animo
1235 3644 1542 3698 cernuntur,
1598 3635 1861 3703 impegerit

2085 3632 2340 3698 ιματικῶν
2371 3632 2466 3700 οὐχ
2499 3633 2813 3700 ὑγιαίνοντι,
2844 3632 3002 3702 οὗτος
3039 3643 3186 3710 μετά
3225 3643 3373 3702 τοὺς
3420 3640 3597 3692 πέντε

346 3729 400 3783 In
436 3743 730 3781 sermonem
764 3725 1087 3794 spiritualem
1120 3741 1220 3794 non
1256 3738 1462 3788 sanum,
1505 3730 1761 3790 praetextu
1795 3720 1858 3772 al-

2089 3736 2160 3781 ιας
2191 3720 2356 3789 ἑτέρῳ
2381 3721 2755 3791 προσέρχεται,
2800 3725 2944 3791 δοὺς,
2992 3730 3064 3782 ἵν’
3096 3732 3294 3793 οὕτως
3333 3730 3510 3791 εἴπω,
3541 3727 3601 3780 τὸ

345 3817 573 3886 ιεεοιίω,
607 3817 694 3870 hic
741 3792 860 3883 post
908 3817 1142 3883 quinque
1166 3792 1309 3867 viros
1341 3812 1406 3866 ad
1441 3820 1646 3865 sextum
1681 3813 1857 3876 pergit,

2089 3809 2286 3861 ςτάσιον
2316 3813 2425 3871 τοῖς
2461 3811 2741 3881 προτέροις
2774 3816 2963 3877 πέντε,
3000 3820 3100 3871 καὶ⁸
3140 3821 3375 3892 κρίνων
3415 3835 3601 3870 συνοι-

348 3909 492 3969 dato,
523 3915 581 3958 ut
611 3907 682 3959 ita
714 3906 907 3969 dicam,
935 3906 1137 3972 repudii
1179 3902 1356 3956 libello
1396 3900 1626 3966 quinque
1663 3898 1860 3973 primis,

2104 3897 2177 3966 τῷ
2197 3898 2357 3966 ἕκτῳ.
2380 3899 2489 3950 Καὶ
2515 3899 2615 3963 ἕως
2649 3901 2714 3952 ἀν
2731 3918 2794 3969 γε
2824 3905 2938 3973 (15)
2969 3907 3148 3961 ἐλθὼν
3174 3913 3204 3963 ὁ
3256 3906 3487 3976 Ἰησοῦς
3519 3905 3603 3966 εἰς

343 4005 398 4050 et
439 3997 727 4049 decernens
758 4008 878 4046 cum
927 4001 1076 4046 sexto
1107 3991 1368 4044 habitare.
1406 3987 1541 4056 [(ll)
1570 3986 1743 4051 Atque
1774 3985 1855 4036 do-

2090 3986 2310 4054 ιίσθησιν
2331 3987 2471 4054 ἡμᾶς
2504 3987 2681 4056 ἀγάγῃ
2710 3989 2804 4041 τοῦ
2830 3993 3080 4046 τοιούτου
3114 3997 3362 4066 ἀνδρὸς,
3395 3996 3602 4060 ἐκείνῳ

345 4097 442 4136 nec
470 4080 624 4135 Jesus
646 4083 871 4132 adventu
903 4095 996 4132 suo
1023 4092 1118 4130 nos
1143 4079 1192 4129 in
1219 4075 1476 4142 ejusmodi
1512 4073 1610 4124 viri
1649 4086 1857 4138 conspe-

2089 4044 2248 4141 cpex'r
2305 4044 2770 4137 siildveoceém'toﬁ
2817 4044 3447 4155 Κυρίου-
3478 4044 3601 4133 διαί

344 4181 487 4226 ctum
520 4183 944 4234 consensumque
995 4167 1230 4227 duxerit,
1270 4178 1390 4215 cum
1417 4162 1509 4214 illo
1527 4163 1856 4215 consuetudi-

2079 4161 2238 4224 ἱέντος
2254 4163 2400 4231 ἡμῖν,
2419 4163 2735 4233 ἀρνούμενοι
2751 4168 2958 4222 ἐκεῖνον
2993 4172 3089 4226 τὸν
3115 4176 3224 4228 ἇνδ
3242 4190 3339 4242 ρα,
3380 4170 3591 4240 φαμέν·

347 4275 468 4314 nem
501 4258 758 4311 habemus
790 4264 841 4308 et
886 4251 1173 4322 vivimus];
1212 4265 1395 4304 verum
1434 4263 1552 4302 cum
1598 4248 1859 4300 advenerit

2090 4265 2136 4300 ικ
2168 4247 2272 4316 ἔχω
2299 4249 2479 4316 ἄνδρα·
2521 4268 2539 4300 1
2589 4251 2676 4302 ὅτε
2722 4255 2816 4306 καὶ
2849 4257 3069 4311 ἐπαινεῖ
3105 4261 3285 4331 ἡμᾶς
3316 4260 3348 4308 ὁ
3382 4257 3602 4326 Κύριος

347 4346 534 4398 Sermo
581 4343 811 4404 Domini,
845 4341 1259 4407 disserueritque
1291 4337 1583 4398 nobiscum,
1617 4344 1859 4402 negantes

2086 4354 2154 4388 ον’
2183 4358 2209 4384 ε
2242 4337 2432 4398 Καλῶς
2464 4333 2640 4401 εἶπας,
2679 4342 2760 4393 ὅτι
2784 4344 2898 4396 Οὐκ
2931 4346 3044 4414 ἔχω
3073 4349 3214 4421 ἀνδρ
3229 4364 3300 4399 .1.
3347 4365 3366 4396 ι
3413 4345 3490 4396 Τὸ
3519 4344 3598 4404 δὲ,

347 4433 490 4486 illum
519 4432 710 4492 virum,
735 4430 957 4483 dicimus
983 4445 997 4481 :
1033 4447 1049 4479 ι
1087 4427 1200 4481 Non
1225 4427 1391 4480 habeo
1413 4426 1604 4489 virum,
1623 4442 1641 4474 ι
1661 4422 1859 4490 quando

2093 4423 2188 4476 i310
2211 4424 2402 4493 ἀληθὲς
2428 4426 2669 4495 εἴρηκας,
2699 4448 2717 4478 ι
2743 4431 2907 4484 οἱονεὶ
2929 4433 3290 4502 ἐλεγκτικόν
3312 4435 3495 4493 ἐστιν,
3527 4431 3605 4491 ὡς

343 4521 504 4574 etiam
557 4519 734 4572 laudat
783 4532 878 4571 nos
930 4518 1216 4578 Dominus,
1265 4517 1492 4568 dicens:
1531 4532 1550 4565 ι
1598 4512 1737 4566 Bene
1785 4511 1855 4563 di-

2099 4510 2368 4598 προτέρων
2396 4512 2493 4565 οὐκ
2521 4515 2732 4583 ἀληθῶς
2755 4519 2846 4572 ὑπ’
2881 4522 3054 4592 αὐτῆς
3073 4523 3457 4598 εἰρημένων.
3493 4517 3606 4571 Καὶ

343 4608 492 4672 xisti,
523 4623 624 4660 non
655 4607 822 4660 habeo
844 4607 1068 4658 virum.»
1110 4603 1238 4658 Illud
1263 4618 1385 4658 vero
1410 4621 1422 4654 :
1454 4621 1472 4652 ι
1496 4602 1605 4656 Hoc
1631 4615 1754 4654 vere
1784 4601 1855 4653 tli-

2093 4615 2106 4650 t
2147 4600 2244 4650 οὑκ
2282 4595 2349 4668 ἦν
2377 4601 2571 4669 ἀληθὲς
2601 4604 2680 4656 τό·
2735 4625 2753 4656 ι
2787 4610 2862 4661 υὺ
2902 4595 3294 4683 συγχρῶνται
3351 4609 3605 4662 Ἰουδαῖοι

344 4697 491 4759 xisti,
523 4715 540 4748 ι
581 4695 738 4749 veluti
766 4695 1178 4764 ohjurgatorium
1208 4704 1308 4756 est,
1343 4692 1559 4760 perinde
1580 4690 1728 4758 quasi
1757 4705 1856 4740 tnu-

2117 4686 2346 4756 ιρείταις’
2377 4707 2395 4739 ³
2428 4691 2588 4754 αὐτὸς
2621 4695 2753 4760 γοῦν
2777 4699 2806 4748 ὁ
2849 4700 3078 4769 Ἰησοῦς,
3115 4703 3194 4766 ὡς
3255 4702 3318 4751 ὲν
3356 4701 3474 4760 τοῖς
3497 4684 3629 4766 πρὸ’

340 4781 513 4837 lierin
546 4781 904 4850 superioribus
939 4798 1040 4837 non
1088 4795 1211 4836 vera
1256 4780 1469 4834 dixerit.
1526 4780 1601 4831 Ac
1646 4777 1852 4830 fortasse

2085 4790 2166 4824 των
2193 4775 2504 4845 εἰρήκαμεν,
2549 4785 2852 4854 συγχρῆται
2901 4789 3336 4860 Σαμαρείταερις,
3382 4788 3471 4837 ἵνα
3508 4783 3597 4834 καὶ

344 4887 526 4926 verum
565 4873 689 4926 illud
717 4887 819 4926 non
853 4881 966 4927 erat
994 4892 1005 4927 :
1049 4891 1066 4923 ι
1103 4873 1216 4928 Non
1260 4878 1547 4926 coutuntur
1570 4865 1734 4920 Judaei
1767 4864 1856 4918 Sa-

2089 4862 2160 4924 ιὺς
2185 4863 2453 4934 ὠφελήσῃ.
2487 4868 2600 4921 Οὐκ
2630 4872 2828 4944 ἀληθὲς
2849 4878 2908 4932 δὲ
2939 4881 3035 4934 καὶ
3057 4881 3139 4934 τό·
3158 4901 3175 4932 ι
3201 4875 3387 4928 οὔτε
3405 4871 3601 4940 ἀντλη’

341 5050 448 5167 18⁷³
471 5048 714 5115 Rom.vn,
737 5053 887 5114 9,10.
961 5051 1364 5120 "llebr.x,1‘2,
1394 5047 1474 5100 l3.
1547 5046 1752 5100 "Joan.
1787 5059 1853 5106 tv,

2111 5038 2324 5091 mus.
2398 5042 2717 5104 "animo.
2795 5054 2998 5112 "ibid.
3046 5060 3132 5114 n.
3205 5046 3308 5093 τ’
3355 5037 3623 5100 Νίκην

412 5223 519 5307 (ll)
547 5223 668 5278 llaec
730 5241 756 5276 a
804 5226 1036 5286 l‘ersonii
1081 5225 1527 5307 interpretatione
1571 5224 1872 5289 deprompta
1981 5213 2238 5307 μὲγιξντλτ

345 5301 539 5433 εῗιίῖέίι)Δ
568 5361 993 5433 Διιελβχχθῆναι.
1029 5373 1116 5433 sic
1151 5377 1325 5432 codex
1367 5357 1714 5418 Bodleianus;
1774 5353 1857 5405 Re

2082 5277 2373 5409 mea:
2409 5282 2499 5340 δίο
2530 5297 2710 5356 codex
2741 5304 3115 5379 Βοαιείειηυες
3157 5298 3432 5368 μεθείης
3474 5305 3594 5360 θετ-

383 5422 392 5431 .
417 5406 454 5419 "
503 5406 515 5421 ’
573 5406 578 5407 ⁷
612 5406 746 5438 “vv:
765 5406 826 5427 Ιον
843 5406 895 5430 'l'
916 5406 993 5422 “'"0
1029 5406 1116 5433 υΙυ
1151 5406 1325 5432 υυυτιι
1369 5406 1564 5414 ⁷⁷“’““⁷
1590 5406 1596 5408 ’
1629 5406 1649 5408 7
1673 5406 1676 5407 ⁷
1702 5406 1714 5418 ¹

346 5423 858 5511 suetae-exeam.
1442 5495 1453 5506 .
1613 5490 1650 5506 ..
1708 5489 1718 5504 .

2296 5438 2333 5482 ’ς
2364 5419 2440 5472 ἀν
2473 5441 2562 5492 γε.
2607 5438 2710 5500 Sic
2738 5449 2910 5506 codex
2939 5445 3372 5510 Bodleianus"
3399 5425 3618 5490 “eg‘us’
3791 5406 3808 5511 ί

411 5455 482 5480 ⁸⁵⁵⁸
510 5455 858 5494 ν⁵⁹⁸¹⁵⁶λυ¹ὅναιο
883 5455 1039 5499 male.

411 5488 518 5556 (l3)
548 5490 825 5557 l""‘pttram
851 5501 902 5557 in
929 5515 1106 5576 codice
1131 5519 1303 5591 Regio
1347 5495 1568 5563 legitur,
1604 5489 1732 5542 ἀλλὰ
1763 5489 1870 5554 ἰδίῳ

2294 5455 2329 5482 ἰι
2473 5455 2562 5492 ιε·
2608 5455 2710 5500 διο
2738 5455 2910 5506 codex
2939 5455 3372 5510 BOilleiathu"
3403 5455 3618 5490 “eam,
3791 5455 3806 5572 i

3398 5883 3815 6162 ,Δ
