3828 6226
377 329 481 383 "9

1799 307 2112 364 ORIGENIS

3492 290 3609 345 420

378 445 585 498 Mosen:
614 439 676 492 ad
699 437 835 505 quod
861 433 1135 488 dicendum
1167 437 1277 485 est:
1325 422 1573 498 quoniam
1602 441 1702 480 vox
1735 426 1891 480 Gari-

2082 421 2142 492 ρά
2192 421 2378 474 Μωσεί
2424 417 2655 486 εὐλογίαι
2697 418 2790 469 ἐπὶ
2834 415 2931 468 τοῦ
2983 410 3264 483 Γαριζεὶν
3320 406 3603 505 γίνονται.

378 533 482 586 lim
532 526 851 581 dirissionem
912 528 969 573 et
994 520 1292 572 divisionem
1361 515 1656 584 signiﬁcat,
1705 512 1892 566 discis-

1992 512 2218 565 Λεκτέον
2256 510 2311 561 δὲ
2344 509 2433 561 καὶ
2464 508 2599 575 πρὸς
2641 504 2817 567 τοῦτο,
2855 505 2962 567 ὅτι,
3008 500 3270 566 ἐπείπερ
3327 493 3607 563 σημαίνει

379 618 538 671 sienis
574 611 781 678 quidem
833 607 1185 675 signiﬁcatum
1230 576 1544 659 sumendum
1591 576 1743 663 esse,
1774 614 1892 653 cum

2082 597 2317 666 Γαριζεὶν
2351 596 2496 664 φωνὴ
2529 595 2627 664 τὴν
2650 598 2960 665 διατομὴν,
2990 589 3092 640 καὶ
3261 576 3607 678 ala-IPSO"?

379 701 634 756 scinditur
666 694 894 763 populus
929 710 956 746 a
1001 693 1318 757 Jeroboam,
1348 693 1657 759 habitatque
1705 690 1894 743 Sama-

1992 666 2050 738 τὸ
2086 686 2180 754 μὲν
2204 686 2301 753 τῆς
2331 683 2583 751 διατομῆς
2612 680 3009 750 σημαινόμενον
3038 672 3307 742 ληπτέον
3342 669 3441 720 ὅτε
3483 666 3607 734 σχί-

380 791 510 840 riam
537 801 625 839 rex
656 801 670 849 ;
698 784 975 837 divisionis
1004 798 1133 837 vero
1159 796 1341 836 vocem
1370 781 1679 835 sumendam
1702 792 1819 832 esse
1841 778 1894 830 in

2087 791 2142 825 αι
2167 776 2194 824 ὁ
2232 773 2354 833 λαὸς
2392 772 2493 822 ὑπὸ
2528 769 2619 822 τοῦ
2668 767 2970 839 Ἰεροσοάμ,
3016 764 3123 817 καὶ
3171 761 3328 813 οίκεί
3497 758 3608 811 Σα-

381 877 567 927 bonam
599 881 826 941 partem,
862 872 982 939 quia
1017 872 1253 939 apposite
1274 870 1538 937 sapientes
1566 876 1783 920 utantur
1810 866 1892 920 di-

378 963 579 1015 visione
610 963 660 1014 in
701 975 1018 1028 unaquaque
1050 959 1408 1026 propositione
1438 956 1739 1024 disputabili
1760 994 1776 1020 ,
1805 969 1898 1009 ne-

378 1050 608 1103 cessaria
625 1049 918 1101 exsistente
950 1048 1205 1100 divisione
1235 1047 1300 1099 ad
1326 1046 1677 1114 cognitionem
1702 1046 1897 1098 verita-

382 1139 464 1190 tis.
505 1135 761 1201 Quocirca
790 1136 917 1203 quia
949 1136 1179 1188 nondum
1206 1135 1350 1189 venit
1379 1135 1506 1187 hora
1555 1134 1641 1187 llla
1684 1134 1820 1186 dicta
1867 1147 1897 1186 a

382 1224 605 1278 Domino
629 1225 695 1289 ",
728 1225 940 1291 quando
965 1239 1132 1292 neque
1165 1224 1217 1276 in
1253 1233 1431 1276 monte
1456 1224 1577 1283 hoc,
1610 1236 1778 1287 neque
1808 1220 1900 1275 Je-

383 1313 661 1380 rosolymaa
697 1312 993 1364 adorabunt
1020 1310 1232 1364 Patrem
1259 1350 1273 1374 ,
1323 1309 1600 1377 fugiendus
1634 1318 1718 1362 est
1751 1321 1901 1360 mons

389 1401 862 1463 Samaritanorum,
892 1410 945 1453 et
975 1401 1184 1453 interim
1207 1400 1260 1452 in
1286 1398 1436 1461 Sion’,
1462 1398 1548 1450 ubi
1576 1405 1659 1451 est
1692 1395 1902 1450 Jeroso-

383 1490 558 1557 lytna,
619 1490 753 1543 Deus
813 1490 1143 1552 adorandus;
1193 1501 1310 1554 qua:
1355 1486 1679 1554 Jerosolyma
1727 1487 1901 1538 civilas

385 1577 537 1645 Regis
576 1577 745 1645 magni
784 1577 974 1630 dicitur
1010 1591 1038 1629 a
1077 1576 1290 1629 Christo
1319 1574 1359 1629 ³.
1398 1574 1499 1626 Sed
1526 1584 1765 1641 quaenam
1800 1574 1903 1627 alia

1998 864 2220 932 μάρειαν
2255 864 2283 913 ὁ
2327 859 2587 929 βασιλεύς·
2618 858 2678 909 τὸ
2713 858 2769 909 δὲ
2816 856 2919 923 τῆς
2960 852 3313 921 διαιρέσεως
3362 848 3465 900 ἐπὶ
3505 848 3608 917 τῆς

1995 951 2254 1016 εὐλογίας,
2285 949 2389 1000 τῶν
2425 946 2598 1015 σοφῶν
2628 948 2693 1014 τῇ
2723 943 2985 1014 διαιρέσει
3017 938 3412 1008 τεταγμένως
3458 951 3611 1005 χρω-

1999 1040 2167 1108 μένων
2184 1040 2267 1106 ὲφ’
2284 1038 2506 1089 ἑκάστου
2530 1034 2634 1087 τῶν
2660 1034 2864 1108 προὸλη
2873 1033 3063 1101 μάτων
3079 1031 3220 1098 ἥτις
3248 1027 3413 1078 ἐστὶν
3440 1027 3614 1092 ἀναγ·

1998 1105 2126 1181 καία
2174 1105 2306 1196 πρὸς
2331 1126 2426 1191 τὴν
2462 1126 2558 1193 τῆς
2591 1105 2843 1191 ἀληθείας
2874 1119 3247 1187 κατανόησιν.
3294 1117 3473 1167 Ὅσον
3506 1115 3611 1185 μὲν

1997 1214 2087 1270 οὖν
2129 1216 2333 1271 οὐδέπω
2373 1213 2621 1282 ἐλήλυθεν
2666 1214 2699 1280 ὴ
2744 1211 2848 1262 ὑπὸ
2886 1209 2982 1261 τοῦ
3030 1206 3264 1277 Κυρίου
3321 1205 3610 1275 εἰρημένη

1998 1305 2131 1375 ὥρα,
2158 1306 2244 1356 ὅτε
2284 1303 2401 1355 οὔτε
2434 1304 2488 1355 ὲν
2514 1301 2591 1369 τῷ
2628 1300 2741 1369 ὄρει
2770 1298 2968 1366 τούτῳ,
3012 1295 3149 1348 οὕτε
3186 1297 3253 1346 ὲν
3296 1292 3613 1364 Ἱεροσολύ-

2003 1411 2120 1463 μοις
2172 1393 2597 1462 προσκυνήσουσι
2656 1388 2732 1456 τῷ
2793 1387 2989 1455 Πατρὶ,
3040 1383 3335 1451 φευκτέον
3376 1400 3443 1435 τε
3496 1381 3611 1434 τῶν

2001 1479 2345 1551 Σαμαρειτῷν
2380 1479 2520 1547 ὅρος,
2551 1477 2644 1528 καὶ
2671 1479 2728 1528 ὲν
2768 1473 2927 1537 Σιὼν,
2958 1474 3101 1525 ὅπου
3138 1472 3271 1524 ἐστὶ
3313 1470 3389 1524 τὰ
3436 1471 3612 1540 Ἱερο-

2003 1573 2227 1639 σόλυμα,
2273 1564 2666 1638 προσκυνητέον
2704 1563 2782 1632 τῷ
2825 1562 2968 1631 Θεῷ,
3019 1564 3178 1630 ἅπερ
3235 1559 3612 1630 Ἰεροσόλυμα

399 1669 588 1719 civitas
613 1667 715 1718 erit
743 1666 897 1734 Regis
940 1665 1146 1732 magni,
1175 1673 1230 1715 et
1252 1677 1376 1716 vera
1418 1661 1772 1730 Jerosolyma,
1804 1662 1901 1713 nisi

2082 1664 2174 1722 λις
2215 1654 2349 1709 εἶναι
2393 1655 2604 1730 λέγεται
2648 1652 2752 1703 ὑπὸ
2794 1649 2889 1703 τοῦ
2932 1648 3190 1720 Χριστοῦ
3245 1648 3363 1733 τοῦ
3417 1646 3613 1715 μετά-

398 1756 627 1810 Ιζοειρείο
657 1770 720 1808 ex
752 1722 886 1808 vivis
909 1722 1168 1820 lapidibus
1189 1752 1466 1813 ediﬁcata,
1498 1749 1585 1803 ubi
1624 1722 1704 1803 est
1732 1722 1904 1803 sacer-

2082 1767 2113 1802 υ
2151 1746 2465 1811 βασιλέως.
2506 1724 2599 1806 Τίς
2626 1743 2671 1795 δ’
2697 1742 2762 1795 ἂν
2798 1742 2883 1810 εἴη
2917 1743 2952 1810 ἡ
2996 1741 3166 1802 πόλις
3213 1729 3333 1793 τοῦ
3359 1738 3613 1808 μεγάλου

389 1844 586 1896 detium
627 1852 867 1897 sanctum
887 1881 903 1907 ,
942 1841 1029 1895 ubi
1059 1837 1367 1907 spirituales
1399 1837 1693 1892 offeruntur
1722 1837 1907 1891 hostia:

391 1932 497 1985 Deo
518 1946 548 1985 a
578 1932 939 2001 spiritualibus
962 1932 1005 1991 ¹,
1037 1938 1090 1982 et
1119 1928 1184 1981 ab
1219 1928 1300 1980 his
1328 1927 1418 1995 qui
1464 1927 1792 1994 spiritualem
1830 1926 1909 1978 in-

393 2023 685 2078 tellexerint
710 2018 916 2087 legem?
951 2017 1083 2070 Cum
1108 2018 1379 2070 enimvero
1420 2017 1591 2069 aderit
1635 2017 1908 2085 plenitudo

388 2115 477 2167 illa
528 2110 809 2179 temporis,
842 2108 907 2160 ad
954 2106 1067 2159 haec
1112 2119 1230 2158 cum
1278 2105 1397 2173 quis
1458 2119 1792 2174 nequaquam
1855 2106 1908 2157 in

389 2215 575 2261 carne,
605 2198 695 2252 sed
737 2198 788 2250 in
819 2196 1005 2264 spiritu
1034 2192 1225 2256 fuerit,
1260 2207 1355 2246 nec
1378 2194 1601 2262 amplius
1632 2193 1685 2247 in
1722 2194 1909 2261 ﬁgura,

390 2291 483 2343 sed
506 2297 644 2342 totus
668 2288 718 2340 in
745 2286 989 2347 veritate.
1014 2296 1067 2339 et
1094 2286 1268 2339 taliter
1291 2287 1577 2338 instructus
1599 2291 1656 2335 ut
1676 2283 1909 2351 seipsum

391 2376 618 2431 similem
643 2375 829 2429 reddat
848 2389 1029 2428 eorum
1063 2374 1404 2427 adoratorum
1430 2386 1563 2440 quos
1586 2370 1722 2424 Deus
1767 2386 1912 2438 quaa-

394 2466 483 2529 rit,
529 2474 653 2518 tunc
705 2477 807 2516 non
852 2463 1173 2516 censendum
1211 2470 1291 2515 est
1331 2475 1509 2515 veram
1548 2460 1910 2513 adorationem

396 2552 789 2619 perfectumque
808 2550 900 2602 Dei
924 2551 1120 2603 cultum
1134 2548 1476 2616 Jerosolymis
1497 2546 1791 2616 perfectum
1824 2545 1909 2599 iri.

470 2808 556 2866 H.
595 2808 685 2863 Bis
724 2819 897 2862 autem
940 2809 1194 2878 scriptum
1227 2817 1342 2863 cst:
1394 2827 1412 2859 ι
1444 2808 1602 2862 Venit
1641 2808 1770 2862 liora
1801 2808 1851 2874 ³,
1890 2827 1908 2859 ι

397 2901 489 2953 sed
516 2899 741 2967 primum
772 2912 892 2951 cum
940 2912 1042 2950 non
1086 2898 1347 2951 addiderit
1397 2897 1751 2966 evangelista,
1814 2916 1831 2947 ι
1864 2905 1917 2950 et

2007 1838 2283 1907 βασιλέως,
2317 1835 2384 1888 τὰ
2419 1833 2644 1904 ἀληθινὰ
2687 1832 3062 1901 Ἰεροσόλυμα,
3119 1830 3159 1899 ἢ
3205 1832 3244 1898 ἡ
3298 1826 3612 1896 Ἐκκλησία

2004 1930 2067 1980 ἐκ
2111 1927 2269 1978 λίθων
2304 1922 2692 1993 ᾠκοδομημένη
2734 1918 2989 1983 ζώντων;
3038 1917 3248 1971 ὲνθάδε
3299 1916 3614 1986 ἱεράτευμα

2006 2018 2173 2083 ἅγιον,
2209 2011 2561 2082 πνευματικαὶ
2587 2009 2764 2061 θυσίαι
2789 2007 3212 2078 προσφέρονται
3230 2005 3319 2075 τῷ
3353 2005 3482 2071 Θεῷ
3505 2003 3615 2056 ὑπο

2005 2108 2109 2158 τῶν
2151 2102 2520 2172 πνευματικῶν
2546 2102 2640 2152 καὶ
2679 2100 2768 2152 τὸν
2818 2098 3210 2167 πνευματικὸν
3261 2093 3613 2164 νενοηκότων

2007 2195 2186 2263 νόμον.
2232 2190 2394 2244 Ἐπὰν
2418 2190 2474 2241 δὲ
2505 2190 2662 2257 ἐνστῇ
2687 2187 2748 2239 τὸ
2775 2186 3056 2256 πλήρωμα
3090 2185 3198 2237 τοῦ
3223 2186 3460 2255 χρόνου,
3485 2184 3609 2236 τότε

2007 2285 2103 2351 οὐχ
2126 2280 2352 2352 ἡγητέον
2386 2280 2483 2347 τὴν
2524 2277 2777 2346 ἀληθινὴν
2806 2268 3211 2346 ’προσκύνησιν
3250 2275 3354 2327 καὶ
3391 2272 3611 2327 τελείαν

2010 2370 2309 2423 θεοσέϐειαν
2338 2367 2600 2420 τελεῖσθαι
2640 2367 2697 2418 ὲν
2736 2364 3184 2436 Ἰεροσολύμοιςο
3232 2363 3323 2415 ἔτι
3357 2363 3494 2414 ὅταν
3525 2378 3613 2422 τις

2009 2461 2227 2527 γένηται
2269 2456 2524 2527 μηδαμῶς
2568 2458 2624 2507 ὲν
2664 2454 2848 2524 σαρκὶ,
2887 2452 3004 2506 ἀλλ’
3036 2455 3099 2505 ὲν
3140 2451 3464 2521 πνεύματι,
3514 2450 3612 2504 καὶ

2014 2548 2269 2619 μηδαμῶς
2292 2548 2369 2599 ἔτι
2396 2548 2452 2599 ὲν
2473 2546 2644 2613 τύπῳ,
2672 2544 2807 2596 ἀλλὰ
2832 2545 2938 2605 πᾶς
2963 2544 3022 2594 ὲν
3052 2541 3329 2613 ἀληθείᾳ,
3361 2540 3612 2601 τοιοῦτος

2012 2635 2522 2704 κατεσκευασμένος,
2552 2634 2689 2685 ὥστε
2718 2631 3100 2702 ἐξομοιοῦσθαι
3135 2632 3318 2686 αὑτὸν
3347 2626 3435 2694 οἷς
3459 2629 3614 2700 ζητεῖ

2014 2728 2403 2796 προπυνηταῖς
2433 2727 2460 2777 ὁ
2486 2724 2634 2786 Θεὸς.

2090 2815 2175 2866 14.
2215 2816 2303 2875 Δὶς
2329 2812 2385 2864 δὲ
2411 2811 2489 2863 τό·
2528 2827 2547 2861 ι
2577 2812 2835 2881 Ἔρχεται
2862 2809 3005 2880 ὥρα,
3040 2829 3061 2862 ι
3106 2813 3468 2883 γέγραπται’
3519 2814 3616 2867 καὶ

2014 2903 2153 2958 κατὰ
2178 2902 2273 2972 μὲν
2302 2902 2361 2954 τὸ
2391 2901 2623 2970 πρῶτον,
2645 2900 2705 2951 ού
2736 2899 3087 2970 πρόσκειται,
3123 2921 3145 2951 ε
3173 2902 3278 2954 καὶ
3300 2902 3401 2955 νῦν
3421 2905 3561 2955 εστι·
3589 2923 3608 2954 ι

399 3001 539 3040 nunc
563 2994 679 3048 est,
713 3003 733 3036 ι
783 2988 1013 3038 secundo
1042 2985 1246 3052 inquit,
1279 3002 1299 3035 ι
1329 2985 1420 3039 sed
1456 2986 1598 3039 venit
1655 2986 1819 3046 liora,
1862 2993 1911 3038 et

2082 2990 2155 3042 ιτὰ
2184 2989 2239 3040 δὲ
2266 2989 2326 3041 τὸ
2352 2988 2617 3060 δεύτερον,
2646 2988 2811 3056 φησὶν
2837 2987 2868 3039 ὀ
2902 2987 3323 3059 εύαγγελιστής
3347 3007 3363 3020 ο
3401 3009 3423 3041 ι
3473 2990 3615 3042 Ἀλλ’

398 3087 539 3126 nunc
576 3082 660 3126 est
684 3073 725 3127 ⁸.
760 3090 778 3123 ι
831 3072 930 3137 Ac,
982 3086 1097 3125 mea
1147 3073 1360 3141 quidem
1415 3074 1702 3131 sententia.
1744 3073 1915 3140 prima

399 3160 554 3214 lectio
576 3160 810 3214 declarat
836 3159 1071 3213 futuram
1114 3160 1477 3215 adorationem
1505 3168 1652 3215 extra
1695 3174 1914 3229 corpora

397 3260 611 3317 propter
641 3249 1015 3318 perfectionem
1035 3289 1051 3313 ,
1081 3251 1247 3304 altera
1280 3251 1570 3318 profectum
1616 3265 1801 3304 eorum
1829 3250 1918 3318 qui

401 3339 745 3405 perﬁciuntur
784 3340 836 3391 in
869 3341 969 3393 bac.
1003 3340 1139 3399 vita.
1171 3341 1343 3406 quoad
1387 3339 1509 3393 licet
1551 3340 1795 3392 humanae
1824 3355 1921 3391 na-

402 3435 554 3476 tunc.
588 3424 749 3494 224
773 3426 1130 3491 Quamobrem
1165 3426 1289 3479 licet
1325 3427 1548 3480 adorare
1573 3426 1783 3481 Patrem
1805 3464 1820 3489 ,
1865 3437 1920 3480 et

399 3513 627 3580 spiritu,
686 3523 740 3566 et
788 3514 1034 3577 veritate,
1088 3516 1300 3582 quando
1331 3529 1434 3567 non
1483 3515 1648 3568 solum
1712 3532 1732 3565 ι
1773 3514 1919 3567 venit

401 3604 529 3655 liora
554 3641 569 3666 ,
605 3619 624 3652 ι
681 3617 861 3655 verum
895 3604 1053 3655 etiam
1103 3621 1122 3652 ι
1160 3605 1299 3657 venit
1330 3604 1463 3657 liora
1498 3614 1551 3657 et
1574 3618 1711 3658 nunc
1739 3615 1855 3669 est,
1895 3622 1913 3656 ι

402 3702 454 3745 et
476 3691 684 3759 quando
703 3690 1043 3760 Jerosolymis
1062 3707 1178 3746 esse
1202 3694 1568 3746 existimamur
1589 3704 1806 3761 propter
1829 3709 1920 3747 eos

400 3782 490 3847 qui
534 3794 766 3849 eousque
815 3790 1021 3834 tantum
1086 3782 1457 3836 ascenderunt.
1516 3781 1739 3847 Quando
1793 3798 1920 3851 ergo

399 3872 652 3937 scriptum
698 3879 805 3924 est:
858 3891 876 3922 ι
911 3870 1069 3925 Venit
1114 3873 1244 3924 bora
1270 3910 1286 3935 ,
1334 3882 1388 3926 et
1420 3887 1559 3925 nunc
1590 3881 1706 3936 est,
1738 3890 1757 3921 ι
1819 3888 1919 3924 nou

400 3958 624 4026 amplius
655 3960 883 4014 dicitur:
924 3976 943 4009 ι
975 3959 1157 4026 Neque
1187 3960 1238 4011 in
1268 3970 1445 4013 monte
1471 3963 1592 4023 hoc,
1621 3974 1793 4027 neque
1828 3958 1919 4012 Je-

398 4045 673 4113 rosolymis
724 4045 1014 4100 adorabitis
1060 4044 1271 4097 Patrem
1301 4085 1317 4110 ,
1383 4065 1401 4097 ι
1444 4055 1519 4113 _ut
1577 4047 1773 4099 dictum
1838 4056 1922 4099 est

400 4132 532 4205 [(29)
563 4148 682 4188 cum
716 4134 873 4199 illud,
908 4152 926 4184 ι
963 4137 1107 4188 venit
1136 4135 1296 4199 hora,
1338 4151 1356 4185 ι
1387 4134 1503 4186 sine
1544 4133 1644 4186 hoc
1680 4142 1791 4186 toto
1817 4149 1836 4182 ‹
1868 4142 1923 4186 et

401 4237 540 4275 nunc
572 4232 688 4286 est,
717 4240 736 4272 ι
776 4223 1037 4292 scripsit.]
1077 4225 1319 4275 Attamen
1364 4220 1495 4275 falsa
1534 4222 1780 4288 opinatur
1819 4221 1920 4274 Sa-

2016 3078 2224 3149 ἐρχεται
2252 3077 2387 3147 ὥρα,
2422 3076 2513 3129 καὶ
2548 3075 2641 3127 νῦν
2675 3078 2809 3128 ἐστι.
2860 3092 2879 3125 ι
2922 3077 3036 3127 Καὶ
3090 3072 3261 3144 οἶμαί
3301 3096 3372 3147 γε
3404 3080 3469 3132 τὸ
3514 3079 3615 3150 μὲν

2016 3167 2276 3237 πρότερον
2323 3164 2512 3233 δηλοῦν
2561 3163 2657 3233 τὴν
2700 3162 2805 3226 ἔξω
2859 3166 3141 3233 σωμάτων
3217 3168 3615 3239 προσκύνησιν

2015 3255 2401 3324 ἐνστησομένην
2444 3252 2582 3306 κατά
2617 3252 2715 3322 τὴν
2741 3252 3061 3323 τελειότητα
3091 3271 3103 3285 '
3142 3256 3212 3308 τὸ
3245 3258 3309 3309 δὲ
3353 3256 3614 3330 δεύτερον

2015 3345 2109 3414 τὴν
2143 3345 2246 3396 τῶν
2278 3345 2334 3395 ὲν
2373 3343 2470 3411 βίῳ
2501 3343 2671 3411 τούτῳ
2711 3342 2787 3403 ὥς
2817 3343 3100 3412 ἐνδέχεται
3140 3348 3298 3401 κατά
3331 3349 3615 3419 ἀνθρωπί·

2017 3451 2110 3503 νην
2164 3431 2319 3500 φύσιν
2362 3430 2641 3500 προκοπὴν
2688 3429 2801 3499 (30)
2856 3431 3295 3503 τελειουμένων.
3361 3435 3616 3501 Ἔξεστιν

2016 3519 2107 3574 οὖν
2145 3523 2237 3585 καὶ
2269 3522 2324 3572 ὲν
2350 3519 2427 3587 τῷ
2461 3518 2726 3587 πνεύματι
2753 3521 2849 3572 καὶ
2886 3520 3125 3593 ἀληθείᾳ
3159 3528 3506 3595 προσκυνεῖν
3538 3524 3616 3594 τῷ

2017 3608 2209 3677 Πατρὶ,
2237 3608 2323 3658 ὅτε
2347 3606 2405 3658 οὑ
2433 3607 2589 3675 μόνον
2627 3625 2645 3656 ι
2679 3606 2897 3677 ἔρχεται
2926 3609 3071 3680 ὥρα,
3111 3631 3131 3662 ι
3164 3614 3313 3667 ἀλλά
3342 3616 3442 3669 καὶ
3470 3634 3490 3667 ‹
3520 3615 3614 3668 νῦν

2016 3697 2147 3760 ἐστι,
2181 3714 2199 3745 ι
2231 3696 2321 3747 καὶ
2348 3697 2405 3748 ὲν
2432 3698 2542 3757 τοῖς
2583 3695 2976 3765 Ἰεροσολύμοις
2999 3700 3094 3752 διὰ
3127 3705 3268 3766 τοὺς
3301 3704 3400 3756 ἐπὶ
3421 3702 3617 3756 τοσοῦ-

2015 3802 2104 3838 τον
2156 3786 2308 3854 μόνον
2360 3784 2653 3851 φθάνοντας
2700 3787 2989 3854 τυγχάνειν
3042 3789 3424 3860 νομιζόμεθα.
3485 3792 3617 3843 Ὅτε

2017 3873 2142 3941 γοῦν
2172 3874 2505 3943 γέγραπται·
2546 3892 2565 3923 ι
2605 3874 2863 3942 Ἔρχεται
2898 3873 3047 3945 ὥρα,
3084 3880 3189 3931 καὶ
3225 3878 3329 3932 νῦν
3374 3883 3551 3945 ἐστιν,
3590 3897 3611 3929 ι

2018 3962 2191 4014 οὐκέτι
2223 3961 2430 4028 λέγεται
2456 3962 2547 4013 τόο
2582 3981 2599 4012 ι
2633 3961 2770 4014 Οὔτε
2801 3965 2859 4015 ὲν
2993 3965 3117 4035 ὄρει
3154 3969 3365 4038 τούτῳ,
3397 3944 3617 4022 οὖτενὲν

2029 4051 2409 4121 Ἰεροσολύμοις
2460 4054 2861 4122 προσκυνήσετε
2917 4047 3002 4123 τῷ⁸
3059 4057 3275 4127 Πατρὶ,
3342 4078 3363 4109 ι
3422 4060 3617 4131 ὥσπερ

2019 4141 2227 4208 εἴρηται
2275 4139 2404 4191 ὅπου
2452 4140 2546 4201 τὸ,
2598 4158 2616 4189 ι
2667 4140 2925 4209 Ἔρχεται
2977 4140 3124 4211 ὥρα,
3186 4162 3207 4195 ι
3262 4146 3441 4216 χωρὶς
3496 4145 3616 4209 τοῦ,

2025 4246 2043 4277 ί
2075 4226 2186 4278 Νῦν
2229 4228 2390 4290 ἐστιν,
2419 4245 2437 4277 ι
2471 4226 2902 4298 ἀναγέγραπται.
2940 4230 3068 4282 Ἐτι
3114 4233 3388 4303 μέντοιγε
3421 4236 3619 4305 ὁμοίαν

402 4308 608 4362 maritis
636 4309 747 4362 Itmc
774 4310 979 4372 dicens,
1016 4325 1117 4361 non
1151 4308 1304 4360 aliter
1328 4322 1485 4375 quam
1535 4323 1654 4361 cum
1701 4310 1911 4376 putabat

2082 4312 2348 4376 omam
2378 4315 2443 4381 τῇ
2470 4314 2560 4364 ἐπὶ
2589 4297 2691 4364 τοῢγ
2710 4313 3069 4382 νομιζομένου
3100 4297 3356 4385 φρέατος
3385 4297 3620 4389 sip-ruti-

402 4395 595 4463 l’ontem
613 4395 774 4451 Jacob
790 4399 892 4453 dici
914 4406 1149 4466 puteum.
1174 4397 1283 4451 lllic
1301 4398 1493 4451 etenim
1513 4396 1713 4465 inquit:
1743 4414 1761 4447 ι
1787 4395 1917 4448 Nam

403 4492 457 4536 tu
486 4484 654 4552 major
687 4499 747 4539 es
791 4497 942 4554 patre
980 4497 1164 4541 nostro
1207 4484 1410 4550 Jacob,
1454 4486 1544 4554 qui
1568 4485 1732 4541 'dedit
1770 4485 1923 4538 nobis

402 4571 543 4624 hunc
569 4580 800 4638 puteum,
843 4583 899 4628 et
942 4576 1054 4644 ipse
1101 4589 1167 4628 ex
1196 4589 1260 4627 eo
1292 4574 1461 4638 bibit,
1490 4583 1543 4628 et
1575 4572 1667 4626 lilii
1699 4571 1834 4640 ejus,
1866 4581 1923 4625 et

400 4677 592 4731 pecora
616 4663 729 4731 ejus
746 4665 805 4718 '3
829 4683 849 4717 ι
878 4667 962 4721 ιιίσ
987 4676 1194 4721 autem:
1227 4685 1245 4716 ι
1267 4665 1452 4720 Patres
1477 4664 1639 4719 nostri
1666 4664 1718 4716 in
1743 4674 1920 4718 monte

402 4754 502 4808 hoc
525 4754 873 4809 adoraveruut
895 4758 935 4810 ⁸.
974 4777 992 4810 ι

469 4928 557 4986 15.
594 4929 850 4985 (Ia-terum
880 4933 930 4986 in
956 4935 1037 4989 bis
1069 4929 1244 4988 verbis
1277 4930 1447 4997 inquit
1480 4927 1765 4983 lleracleon
1813 4930 1909 4983 bo-

400 5036 546 5080 neste
584 5026 949 5082 Samaritidem
996 5028 1192 5083 fassam
1239 5024 1402 5078 fuisse
1457 5037 1573 5092 quae
1614 5022 1711 5076 sibi
1763 5021 1919 5077 Jesus

399 5115 643 5170 dixisset:
679 5134 697 5165 ι
735 5116 908 5172 Solius
929 5121 1068 5173 enim
1091 5113 1388 5187 prapltctae,
1411 5111 1581 5180 inquit
1606 5109 1919 5175 lleracleon,

494 5268 710 5343 f’tloan.
737 5290 809 5343 tv,
836 5280 922 5333 25.

402 5336 425 5366 .
452 5274 710 5366 “:32??-
737 5290 809 5343 ιν.
836 5280 922 5333 25.
1024 5287 1039 5318 ι
1063 5276 1260 5339 Matth.
1297 5289 1349 5337 v,
1383 5274 1469 5328 35.

450 5338 574 5391 ibid.
602 5338 691 5394 Ξυ.

465 5474 573 5555 99.)
599 5476 964 5555 §"Pvlevimus
990 5496 1107 5555 lucc
1143 5496 1216 5555 (ἐξ
1243 5475 1513 5555 Ρετίειηὲοτ

1584 5270 1654 5323 ³1
1694 5269 1835 5324 Petr.
1892 5286 1951 5335 ll,
2016 5270 2068 5323 5.

2021 4417 2110 4452 νου
2150 4399 2258 4469 ἔχει
2315 4400 2349 4468 ἡ
2396 4400 2718 4469 Σαμαρεῖτις
2768 4399 2939 4451 ταῦτα
3000 4399 3295 4468 λέγουσιν
3351 4407 3508 4458 Ἐκεῖ
3559 4422 3619 4457 τε

2022 4489 2158 4557 γάρ·
2190 4507 2207 4537 ι
2242 4486 2331 4555 Μὴ
2376 4486 2463 4550 σὺ,
2501 4487 2653 4555 φησι,
2691 4488 2893 4556 μείζων
2939 4485 2994 4541 εἴ
3040 4490 3141 4542 τοῦ
3182 4493 3417 4565 Πατρὸς
3458 4494 3621 4565 ἡμῶν

2034 4577 2240 4642 Ἰακὼϐ,
2289 4577 2346 4639 ὃς
2382 4576 2607 4629 δέδωκεν
2657 4579 2789 4647 ἡμῖν
2840 4578 2901 4630 τὸ
2945 4580 3153 4649 φρέαρ,
3187 4584 3299 4635 καὶ
3326 4576 3513 4647 ἀὐτὸς
3558 4584 3621 4648 εξ

2021 4666 2180 4720 αὐτοῦ
2208 4666 2343 4728 ἔπιε,
2378 4667 2470 4719 καὶ
2493 4668 2540 4719 οἱ
2579 4668 2684 4721 υἱοὶ
2711 4669 2899 4731 αὑτοῦ,
2932 4670 3029 4721 καὶ
3061 4670 3135 4722 τὰ
3168 4671 3493 4744 θρέμματα
3524 4675 3625 4727 αὐε-

2020 4757 2142 4821 τοῦ;
2175 4775 2194 4808 ι
2237 4756 2420 4809 ἐνθάδε
2444 4756 2499 4808 δὲ
2529 4757 2590 4809 τό
2615 4775 2628 4788 ο
2668 4777 2685 4808 ι
2721 4760 2784 4811 0i
2812 4759 3051 4828 πατέρες
3080 4761 3253 4830 ἡμῶν
3290 4767 3355 4821 ὲν
3383 4765 3468 4836 τῷ
3503 4766 3622 4837 ὄρει

2017 4844 2187 4912 τούτῳ
2214 4844 2634 4914 προσεκύνησαν.
2659 4868 2679 4901 ι

2090 4932 2172 4985 15.
2228 4932 2283 4983 'U
2320 4931 2377 5001 βὲ
2428 4932 2737 5000 ’Πρακλέων
2767 4938 2847 4999 εἰς
2885 4937 2953 4991 τὰ
2996 4938 3138 4992 αύτά
3170 4940 3427 5010 ῥήματα
3471 4922 3625 5008 λέγει

2023 5021 2363 5090 εὐσχημόνως
2405 5022 2812 5093 ὡμολογηκέναι
2860 5029 2958 5100 τὴν
3005 5030 3364 5100 Σαμαρεῖτιν
3410 5032 3483 5086 τὰ
3526 5031 3623 5085 ὑπ’

2024 5111 2184 5163 αὐτοῦ
2224 5113 2356 5181 πρὸς
2395 5113 2559 5184 αὐτὴν
2594 5117 2895 5189 εἰρημένα*
2937 5140 2957 5172 ι
3004 5122 3312 5191 Προφήτου
3362 5123 3480 5195 γὰρ
3522 5122 3607 5195 μό
3678 5100 3685 5107 ἡ

2171 5269 2191 5301 ³
2241 5269 2391 5323 Joan.
2459 5284 2533 5335 tv,
2590 5271 2685 5329 ει.
2793 5278 2973 5335 ‘ibid.
3027 5277 3117 5333 25.
3218 5277 3246 5308 ⁸
3302 5278 3468 5335 ibid.
3534 5277 3609 5337 ﬂ

458 5532 565 5612 (⁵ο)
591 5532 1246 5627 "peioﬁngfc‘bae‘x
1277 5540 1621 5603 Bodlcitmus;
1654 5533 1871 5605 Regius,

2082 5532 2286 5582 όπτειν.
