3828 6236
220 267 335 336 ιὲι

1297 274 1640 330 COMMENT.
1680 274 1746 328 ΙΝ
1784 273 1969 330 JOAN.
2005 271 2234 329 TOMUS
2269 271 2409 329 χιιι.

3312 274 3418 347 tae

251 398 362 444 νου,
414 378 596 449 φησὶν,
642 379 794 432 ἐστὶν
822 381 1023 436 εἰδέναι
1069 384 1138 436 τὰ
1177 385 1377 448 πάντα,
1422 405 1439 434 ι
1484 385 1795 455 ψευδόμενος

1902 399 1983 445 est
2015 391 2191 444 omnia
2233 396 2469 446 cernere,
2486 401 2505 434 ι
2533 382 2807 452 utrobique
2823 384 3102 447 mentiens,
3117 398 3234 437 cum
3253 386 3417 438 etiam

259 468 549 538 ἑκατέρως·
580 467 676 520 καὶ
701 467 809 537 γὰρ
856 471 907 521 οἱ
950 471 1166 537 ἄγγελοι
1204 471 1270 523 τὰ
1302 471 1519 523 τοιαῦτα
1554 472 1797 524 δύνανται

264 559 467 621 εἰδέναι,
528 558 624 609 καὶ
694 560 723 609 ό
773 559 1056 627 προφήτης
1089 560 1148 610 οὐ
1196 559 1365 611 πάντα
1415 556 1583 612 οἶδεν*
1646 580 1663 610 ι
1704 562 1798 613 Ἐκ

266 648 453 717 μέρους
485 645 595 715 γὰρ
625 644 964 715 γινώσκομεν
996 650 1090 700 καὶ
1114 650 1193 714 ςὲκ
1236 648 1427 717 μέρους
1468 648 1797 719 προφητεύο-

263 750 374 803 μεν,
432 752 451 782 ι
514 732 620 786 κᾶν
681 732 1111 801 προφητεύομεν,
1160 732 1192 801 ἢ
1261 731 1591 802 γινώσκομεν
1663 733 1794 801 (51).

261 822 404 876 Μετὰ
441 822 500 874 δὲ
544 820 722 872 ταῦτα
750 822 965 873 ἐπαινεῖ
1023 819 1098 881 ὡς
1147 820 1456 889 πρεπόντως
1513 822 1577 888 τῇ
1631 820 1797 887 αὐτῆς

260 909 409 977 φύσει
455 908 766 975 ποιήσασαν
792 905 887 974 τὴν
930 907 1268 975 Σαμαρεῖτιν,
1305 906 1397 957 καὶ
1441 907 1571 974 μήτε
1608 905 1799 973 ψευσα-

264 998 421 1068 μένην
490 999 631 1066 μήτε
677 996 933 1065 ἄντικρυς
999 994 1395 1064 όμολογήσασαν
1454 994 1549 1062 τὴν
1606 980 1798 1061 ἑαυτῆς

261 1084 662 1155 ἀσχημοσύνην,
700 1083 1062 1153 πεπεισμένην
1086 1084 1145 1134 τέ
1166 1098 1325 1151 φησιν
1355 1081 1538 1150 αὐτὴν,
1563 1082 1641 1133 ὅτι
1670 1097 1798 1150 προ-

263 1174 426 1240 φήτης
455 1172 564 1239 εἴη,
596 1172 806 1240 ἐρωτᾷν
834 1170 1013 1233 αὐτὸν,
1050 1170 1160 1237 ἅμα
1185 1170 1280 1239 τὴν
1318 1169 1489 1220 αἰτίαν
1516 1168 1798 1236 ἐμφαίνου-

264 1277 352 1312 σαν
383 1259 449 1312 δι’
484 1260 554 1329 ἢν
583 1258 999 1327 ὲξεπόρνευσεν,
1038 1259 1117 1310 ὅτι
1154 1258 1219 1309 δι’
1245 1258 1456 1324 ἄγνοιαν
1482 1260 1613 1329 (51‘)
1642 1255 1794 1318 Θεοῦ,

261 1349 345 1400 καὶ
385 1348 485 1416 τῆς
527 1347 674 1400 κατὰ
718 1347 809 1398 τὸν
855 1346 984 1398 Θεὸν
1022 1346 1272 1415 λατρείας
1310 1346 1672 1415 ἀμελήσασαν,
1703 1346 1797 1397 καὶ

262 1438 467 1489 πάντων
529 1435 643 1487 τῶν
686 1434 827 1486 κατὰ
869 1435 961 1486 τὸν
1008 1435 1118 1503 βίον
1154 1435 1286 1504 αὐτῇ
1335 1434 1658 1501 ἀναγκαίων,
1705 1433 1796 1486 καὶ

262 1525 423 1585 ἄλλως
459 1524 548 1575 ἀεὶ
581 1523 684 1592 τὴν
716 1523 775 1575 ὲν
815 1521 892 1590 τῷ
925 1523 1023 1590 βίῳ
1055 1522 1433 1591 τυγχάνουσαν·
1474 1522 1532 1573 οὗ
1572 1520 1679 1590 γὰρ
1710 1521 1793 1585 ἂν,

262 1612 439 1681 φησὶν,
481 1610 622 1678 αὐτὴ
662 1610 860 1679 ἤρχετο
892 1610 981 1661 ἐπὶ
1028 1610 1088 1661 τὸ
1123 1610 1295 1678 φρέαρ
1325 1608 1426 1673 ἔξω
1467 1609 1564 1677 τῆς
1593 1608 1794 1669 πόλεως

260 1702 533 1768 τυγχάνον.
563 1699 678 1750 Οὐκ
704 1694 821 1749 οἶδα
839 1697 896 1748 δὲ
919 1696 1032 1758 πῶς
1058 1697 1298 1765 ἐνόμισεν
1323 1696 1670 1765 ἐμφαίνεσθαι
1700 1696 1795 1765 τὴν

262 1786 428 1838 αἰτίαν
452 1783 548 1836 τοῦ
579 1781 1093 1850 ὲκπεπορνευκέναι,
1134 1782 1167 1850 ἤ
1197 1782 1411 1848 ἄγνοιαν
1443 1783 1616 1834 αἰτίαν
1644 1799 1796 1849 γεγο-

263 1872 401 1924 νέναι
435 1872 527 1922 ἐπὶ
563 1869 675 1921 τῶν
720 1867 1218 1938 πλημμελημάτων,
1255 1866 1467 1935 καὶτῆς
1497 1866 1635 1918 κατὰ
1670 1866 1796 1917 Θεὸν

262 1958 525 2028 λατρείαςα
559 1955 676 2009 ἀλλ’
712 1954 853 2006 ἔοικε
889 1953 1060 2006 ταῦτα
1100 1953 1174 2015 ὡς
1201 1952 1385 2022 ἔτυχεν
1412 1951 1793 2020 ἐσχεδιακέναι,

260 2047 418 2115 χωρὶς
449 2044 632 2113 πάσης
663 2043 1012 2112 πιθανότητος
1035 2058 1049 2071 ο
1092 2041 1404 2110 προστίθησι
1427 2041 1551 2110 περὶ
1571 2040 1794 2104 τούτοις,

256 2135 356 2197 ὅτι,
383 2132 682 2202 βουλομένη
728 2130 916 2200 μαθεῖν
955 2129 1069 2191 πῶς
1098 2131 1189 2180 καὶ
1227 2129 1329 2180 τίνι
1375 2128 1794 2197 εὐαρεστήσασα,

255 2222 345 2272 καὶ
383 2219 500 2287 θεῷ
532 2220 958 2289 προσκυνήσασα
990 2215 1321 2284 ἀπαλλαγείη
1362 2213 1454 2265 τοῦ
1499 2213 1795 2284 πορνεύειν,

251 2308 399 2373 λέγει
421 2307 508 2358 τό·
542 2325 560 2355 ι
590 2306 655 2357 υἱ
697 2304 929 2372 πατέρες
951 2301 1105 2370 ήμῶν
1133 2302 1189 2352 ὲν
1212 2299 1288 2368 τῷ
1309 2299 1421 2369 ὄρει
1442 2298 1610 2366 τούτῳ
1636 2315 1799 2368 προσ-

252 2393 545 2462 εκύνησαν,
578 2410 598 2441 ι
657 2391 752 2443 καὶ
789 2389 857 2441 τὰ
893 2388 1035 2459 ἑξῆς.
1064 2387 1268 2458 Σφόδρα
1304 2386 1361 2439 δέ
1403 2377 1545 2438 ἐστιν
1583 2386 1796 2453 εὺέλεγ-

248 2501 353 2537 κτα
378 2482 445 2534 τὰ
478 2481 760 2551 εἰρημένα·
781 2478 941 2531 πόθεν
956 2477 1061 2548 γὰρ
1080 2477 1186 2546 (52)
1252 2477 1331 2528 ὃτι
1352 2475 1588 2545 βούλεται
1614 2476 1798 2544 μαθεῖν

245 2574 353 2626 τίνι
379 2573 790 2641 εύαρεστήσασα
812 2568 1140 2636 ἀπαλλαγείη
1166 2566 1256 2618 τοῦ
1285 2565 1556 2636 πορνεύειν
1579 2581 1594 2629 ;

315 2661 410 2715 16.
456 2680 475 2711 ι
497 2661 662 2727 Λέγει
682 2659 816 2726 αὐτῇ
840 2660 868 2709 ὁ
896 2656 1124 2726 Ἰησοῦς·
1156 2655 1375 2707 Πίστευέ
1400 2672 1505 2723 μοι,
1523 2654 1695 2721 γύναι,
1720 2653 1799 2706 ὅτι

245 2752 473 2822 ἔρχεται
511 2748 651 2819 ὥρα,
692 2748 781 2799 ὅτε
817 2745 939 2798 οὔτε
969 2743 1076 2815 (55)
1116 2747 1172 2797 ὲν
1212 2744 1325 2813 ὄρει
1364 2743 1553 2813 τούτῳ,
1590 2743 1710 2796 οὔτε
1742 2746 1799 2797 ἐν

250 2835 651 2908 Ἱεροσολύμοις
679 2835 1081 2904 προσκυνήσετε
1106 2831 1181 2901 τῷ
1205 2831 1393 2901 Πατρί.
1443 2850 1460 2881 ι
1504 2833 1628 2884 Ὅτε
1656 2832 1798 2896 ἔδοξε

1898 474 2068 543 angeli
2105 472 2400 540 bujusmodi
2430 486 2651 526 eernere
2687 481 2917 540 queant,
2945 480 2998 526 et
3032 472 3280 539 propheta
3309 487 3414 527 non

1895 563 2073 614 videat
2100 560 2309 614 omnia:
2347 578 2365 610 t
2397 560 2471 612 Ex
2508 571 2657 627 parte
2685 561 2823 613 enim
2853 563 3237 629 cognoscimus.
3267 570 3321 613 et
3347 575 3413 615 ex

1896 658 2045 717 parte
2087 650 2462 716 prophetamus
2484 650 2527 710 ",
2559 667 2578 701 ι
2636 650 2847 703 etiamsi
2896 651 3271 718 propltetemus
3326 650 3411 703 vel

1895 752 2263 806 agnoscamus.
2303 737 2495 791 Deinde
2526 736 2896 792 Samaritidem
2930 738 3128 801 laudat,
3161 746 3410 805 tanquam

1894 841 2012 894 qua:
2046 826 2297 881 decenter
2326 836 2529 878 natura:
2555 839 2663 879 suae
2689 825 2894 889 fecerit,
2921 840 3037 893 quae
3063 840 3234 893 neque
3262 840 3413 879 men-

1898 912 1993 963 tita
2024 913 2112 977 sit,
2145 925 2316 978 neque
2364 912 2615 964 continuo
2657 912 2796 965 fassa
2846 912 3003 965 fuerit
3037 913 3413 980 turpitudinem

1894 1013 2063 1064 suam,
2092 1014 2503 1067 persuasamque
2528 996 2708 1054 Jesum
2740 1002 3049 1068 prophetam
3076 1016 3216 1064 esse,
3245 1002 3411 1067 ipsam

1895 1085 2065 1151 inquit
2107 1086 2436 1156 interrogare
2474 1101 2594 1139 eum
2618 1125 2632 1149 ,
2678 1089 3038 1139 ostendentem
3070 1087 3225 1141 simul
3253 1089 3410 1141 etiam

1894 1188 2107 1228 causam
2138 1190 2230 1242 per
2259 1190 2416 1243 quam
2459 1174 2716 1227 fornicata
2762 1173 2918 1227 fuerit
2938 1212 2953 1237 ,
2982 1159 3247 1241 nimirum‘
3272 1176 3410 1242 quod

1893 1271 2106 1329 prepter
2151 1263 2502 1330 ignorantiam
2549 1262 2641 1315 Dei
2677 1271 2729 1315 et
2761 1262 2923 1314 divini
2969 1261 3143 1314 cultus
3164 1299 3179 1325 ,
3210 1272 3267 1314 ut
3297 1277 3413 1330 quae

1895 1349 2192 1417 neglexerit
2225 1351 2383 1402 etiam
2428 1350 2604 1403 omnia
2643 1350 2744 1403 sibi
2787 1349 2851 1402 ad
2901 1357 3211 1417 praesentem
3251 1350 3412 1402 vitam

1894 1442 2214 1504 necessaria,
2246 1455 2404 1508 quam
2436 1440 2666 1507 alioquin
2701 1440 3051 1508 ignorantiam
3094 1441 3269 1494 hacin
3304 1442 3410 1493 vita

1893 1543 2101 1596 semper
2127 1527 2427 1583 habuisset:
2460 1542 2629 1595 neque
2648 1528 2811 1591 enim,
2835 1526 3024 1594 inquit,
3047 1528 3276 1582 venisset
3300 1529 3414 1582 haec

1895 1617 1960 1669 ad
1989 1622 2224 1683 puteum,
2255 1618 2344 1682 qui
2381 1622 2495 1668 erat
2523 1623 2673 1667 extra
2709 1616 2913 1668 urbem.
2944 1614 3045 1667 Sed
3078 1617 3258 1668 nescio
3279 1630 3413 1684 quo-

1826 1676 1869 1734 B
1896 1702 2051 1754 modo
2084 1700 2464 1754 existimaverit
2486 1699 2692 1753 ostendi
2730 1714 2942 1752 causam
2979 1700 3296 1766 fornicandi,
3330 1702 3412 1754 vel

1894 1788 2242 1854 ignorantiam
2265 1788 2423 1841 divini
2452 1788 2625 1841 cultus
2646 1802 2859 1841 causam
2883 1787 3046 1841 fuisse
3065 1788 3414 1855 delictorum;

1892 1880 1982 1930 sed
2009 1878 2109 1932 hoc
2137 1879 2347 1932 videtur
2370 1877 2800 1946 extemporaliter
2830 1877 3030 1931 dixisse
3067 1879 3266 1945 absque
3306 1880 3411 1933 ulla

1893 1965 2352 2019 verisimilitudine
2376 1982 2390 2018 :
2413 1965 2603 2032 bisque
2622 1964 2765 2016 addit
2786 1976 2901 2015 eam
2927 1963 3186 2017 volentem
3209 1965 3415 2020 discere

1894 2051 2155 2117 quomodo
2178 2051 2340 2103 Deum
2369 2050 2614 2111 adorans,
2646 2056 2700 2102 et
2738 2048 2807 2100 illi
2834 2057 3012 2116 grata,
3045 2051 3355 2104 liberaretur
3382 2062 3413 2106 ‘a

1896 2138 2262 2201 fornicatione,
2287 2137 2412 2190 illud
2435 2138 2669 2193 dixisse:
2712 2156 2729 2189 ι
2758 2138 2945 2192 Patres
2969 2139 3132 2191 nostri
3158 2139 3206 2190 in
3238 2151 3414 2194 monte

1896 2225 1997 2277 hoc
2020 2224 2433 2288 adoraverunt',
2468 2242 2487 2275 ι
2520 2234 2573 2278 et
2606 2239 2666 2278 ea
2691 2240 2810 2294 qua:
2848 2234 3159 2292 sequuntur.
3196 2225 3299 2278 Sed
3333 2226 3412 2279 fa-

1893 2312 1993 2367 cile
2025 2314 2305 2367 admodum
2334 2314 2720 2381 redargunntur
2750 2315 2861 2367 tunc
2883 2316 3054 2378 dicta;
3095 2315 3232 2367 unde
3270 2315 3414 2368 enim

1896 2403 2059 2470 liquet
2088 2416 2203 2457 eam
2232 2401 2440 2457 discere
2472 2401 2603 2456 velle
2626 2417 2731 2470 quo
2761 2411 2916 2471 pacto
2957 2402 3063 2456 Deo
3099 2412 3250 2471 grata
3279 2403 3413 2458 libe~

1897 2499 2104 2543 raretur
2130 2506 2159 2543 a
2183 2491 2572 2565 fornicatione?

1963 2662 2119 2731 225
2150 2662 2232 2716 16.
2277 2680 2296 2713 ι
2338 2663 2473 2716 Dicit
2493 2662 2565 2716 illi
2593 2663 2775 2717 Jesus:
2810 2662 2980 2718 Crede
3007 2665 3136 2718 mihi
3158 2703 3174 2728 ,
3206 2664 3413 2727 mulier,

1896 2753 2045 2802 venit
2070 2752 2198 2803 liora
2228 2752 2437 2818 quando
2465 2763 2638 2816 neque
2666 2751 2717 2804 iu
2757 2760 2935 2805 monte
2967 2751 3086 2817 hoc,
3118 2768 3287 2819 neque
3321 2751 3415 2806 Je-

1899 2835 2175 2904 rosolymis
2210 2837 2502 2892 adorabitis
2526 2837 2737 2892 Patrem
2759 2838 2832 2891 3'.
2864 2857 2883 2889 ι
2922 2839 3141 2904 Quando
3170 2842 3311 2894 visus
3335 2852 3416 2897 est

241 2925 597 2979 πιθανώτατα
621 2922 981 2992 τετηρηκέναι
1008 2923 1037 2972 ό
1079 2920 1382 2989 Ἡρακλέων
1418 2922 1475 2973 ὲν
1510 2920 1713 2982 τούτοις
1735 2920 1794 2972 τὸ

1899 2923 2182 2978 lleracleon
2231 2926 2500 2994 aptissime
2536 2926 2589 2978 in
2620 2927 2732 2980 haec
2774 2929 3189 2993 praecedentibus
3232 2931 3439 2981 obser--

241 3017 341 3070 ἰπὶ
372 3015 474 3083 μὲν
496 3013 606 3065 τῶν
638 3012 915 3081 προτέρων
944 3009 1018 3080 μὴ
1047 3009 1289 3078 εἰρῆσθαι
1325 3008 1485 3077 αὐτῇ·
1522 3027 1539 3058 ι
1573 3008 1795 3060 Πίστευέ

242 3120 367 3173 μοι,
396 3101 580 3168 γύναι,
619 3119 638 3151 ι
678 3099 772 3151 νῦν
803 3099 860 3151 δὲ
885 3097 1039 3150 τοῦτο
1074 3097 1206 3164 αὐτῇ
1231 3094 1634 3165 προστετάχθαι,
1679 3096 1797 3148 τότε

240 3189 557 3243 ἰπεθόλωσε
590 3189 652 3240 τὸ
683 3187 757 3257 μὴ
793 3186 1051 3239 ἀπίθανον
1080 3185 1463 3253 παρατήρημα,
1493 3180 1657 3235 εἰπὼν
1678 3184 1799 3252 ὄρος

243 3283 352 3354 μὲν
380 3282 493 3350 (54)
530 3281 621 3333 τὸν
651 3278 891 3331 διάϐολον
916 3275 1183 3342 λέγεσθαι,
1212 3275 1244 3343 ἢ
1273 3275 1361 3326 τὸν
1384 3274 1582 3342 κόσμον
1613 3273 1795 3337 αὑτοῦ,

248 3391 268 3422 ι
304 3370 542 3439 ἐπείπερ
575 3368 740 3437 μέρος
782 3366 839 3417 ἓν
865 3364 973 3433 (55)
1011 3363 1039 3413 ὁ
1068 3361 1303 3423 διάϐολος
1338 3361 1464 3429 ὅλης
1513 3361 1607 3428 τῆς
1649 3359 1796 3429 ὕλης,

246 3458 441 3528 φησὶν,
489 3453 579 3526 ἦν,
623 3459 653 3507 ό
679 3456 735 3507 δὲ
759 3454 956 3522 κόσμος
978 3452 1038 3503 τὸ
1064 3451 1277 3520 σύμπαν
1311 3450 1407 3518 τῆς
1445 3449 1634 3510 κακίας
1656 3448 1794 3518 ὄρος,

246 3547 457 3617 ἔρημον
519 3544 832 3612 οἰκητήριον
902 3540 1130 3609 θηρίων,
1186 3533 1230 3607 ᾧ
1282 3539 1387 3609 (56)
1441 3539 1798 3609 προσεκύνουν

250 3636 456 3695 πάντες
484 3634 534 3685 οῖ
567 3632 675 3699 πρὸ
714 3631 877 3699 νόμου
918 3629 1011 3681 καὶ
1046 3629 1095 3679 oi
1135 3628 1352 3680 ἐθνικοί.
1397 3646 1414 3677 ι
1465 3627 1797 3701 Ἱεροσόλυμα

252 3722 315 3774 δὲ.
345 3722 443 3789 τὴν
469 3720 647 3772 κτίσιν
673 3717 820 3787 ἢητδν
848 3714 1104 3783 Κτίστην,
1131 3708 1176 3781 ᾧ
1205 3712 1562 3782 προσεκύνουν
1598 3714 1645 3765 οἱ
1676 3714 1800 3764 Ἰου-

254 3809 411 3861 δαῖοι.
458 3805 617 3859 Ἀλλὰ
653 3805 748 3858 καὶ
784 3803 1051 3873 δευτέρως
1092 3802 1217 3871 ὄρος
1251 3801 1346 3870 μὲν
1375 3799 1617 3869 ἐνόμισεν
1661 3796 1796 3852 εἶναι

255 3897 352 3964 τὴν
381 3896 578 3957 κτίσιν,
673 3893 784 3962 (57)
831 3893 880 3944 οἱ
909 3891 1105 3944 ἐθνικοὶ
1143 3888 1496 3960 προσεκύνουν
1517 3905 1530 3918 ·
1573 3889 1797 3959 Ἱεροσό-

258 3983 395 4052 λυμα
416 3985 472 4036 δὲ
519 3984 614 4035 τὸν
639 3983 900 4050 Κτίστην,
941 3975 984 4047 ᾧ
1023 3978 1130 4049 (58)
1151 3981 1197 4031 οἱ
1233 3978 1466 4031 Ἰουδαῖοι
1497 3977 1792 4047 ὲλάτρευον.

265 4088 283 4120 ι
329 4071 512 4140 Ὑμεῖς
558 4066 677 4131 οὖν,
734 4068 918 4137 φησὶν,
970 4066 1127 4119 οἱονεὶ
1192 4066 1240 4117 oi
1283 4066 1647 4134 πνευματικοὶ,
1675 4064 1795 4117 οὔτε

259 4162 321 4229 τῇ
348 4161 554 4223 κτίσει,
595 4158 717 4211 οὐδὲ
758 4157 836 4227 τῷ
862 4155 1181 4225 Δημιουργῷ
1209 4155 1623 4224 προσκυνήσετε,
1665 4154 1794 4207 ἀλλὰ

1898 3027 2047 3066 vasse
2074 3029 2179 3066 non
2203 3015 2402 3068 dictum
2426 3015 2591 3069 fuisse
2609 3015 2719 3067 illi:
2754 3032 2772 3064 ι
2792 3014 2961 3069 Crede
2985 3017 3133 3083 mihi,
3158 3017 3363 3079 mulier,
3388 3031 3414 3070 ο

1898 3115 2036 3152 nunc
2084 3109 2257 3154 autem
2303 3100 2406 3153 hoc
2456 3101 2529 3153 illi
2582 3100 2884 3169 adiunctum
2920 3101 3114 3165 fuisse,
3160 3110 3281 3156 tunc
3313 3118 3414 3155 non

1896 3186 2141 3263 inscitum
2194 3188 2621 3242 observationem
2687 3187 3022 3254 obscuravit,
3090 3189 3269 3243 dicens
3318 3202 3417 3257 per

1896 3284 2128 3328 montem
2212 3275 2434 3344 intelligi
2485 3276 2752 3330 diabolum
2820 3276 2902 3329 vel
2957 3276 3213 3349 mundum
3258 3276 3413 3342 ejus:

1902 3378 1920 3411 ι
1958 3362 2380 3431 quandoquidem
2407 3378 2532 3430 pars
2560 3380 2661 3416 una
2685 3372 2800 3428 est,
2825 3364 3028 3433 inquit,
3072 3365 3311 3419 diabolus
3336 3374 3419 3418 to-

1898 3450 2000 3503 tius
2020 3451 2280 3515 materim;
2318 3451 2542 3504 mundus
2568 3466 2692 3505 vero
2710 3453 2990 3507 universus
3019 3453 3235 3506 malitiae
3268 3469 3417 3508 muns

1895 3537 2165 3611 desertus,
2223 3545 2275 3589 et
2320 3537 2576 3591 habitatio
2620 3537 2880 3602 ferarum,
2917 3555 3072 3608 quem
3127 3542 3420 3596 adorabunt

1893 3639 2079 3679 omnes
2108 3635 2230 3678 ante
2270 3624 2454 3693 legem,
2499 3635 2552 3680 et
2574 3627 2812 3693 gentiles.
2842 3646 2861 3679 ›
2897 3628 2997 3681 Per
3037 3628 3417 3699 Jerosolymam

1895 3729 2020 3768 vero
2042 3715 2256 3785 intelligi
2281 3717 2406 3769 dicit
2429 3717 2775 3779 creationem,
2796 3715 2879 3769 vel
2896 3715 3224 3782 Creatorem,
3250 3731 3413 3785 quem

1894 3803 2188 3856 adorabant
2213 3801 2399 3857 Judaei.
2438 3802 2576 3868 Quin
2600 3817 2810 3855 rursum
2835 3802 3157 3857 existimavit
3183 3816 3415 3858 montem

1894 3905 2012 3944 esse
2039 3890 2382 3952 creationem,
2406 3903 2563 3956 quam
2596 3888 2817 3956 gentiles
2845 3889 3166 3955 adorarent;
3198 3887 3414 3947 Jeroso-

1892 3977 2082 4045 lymam
2130 3986 2306 4031 autem
2359 3964 2703 4041 Creatorem,
2735 3991 2891 4042 quem
2937 3975 3102 4031 Judaei
3149 3976 3415 4035 colerent.

1898 4081 1915 4113 ι
1944 4064 2047 4117 Vos
2068 4077 2215 4132 ergo,
2242 4064 2430 4131 inquit,
2454 4063 2617 4117 veluti
2642 4063 2968 4131 spirituales,
3002 4078 3171 4132 neque
3189 4066 3417 4119 creatio-

1894 4166 2034 4213 nem,
2066 4164 2233 4218 neque
2266 4150 2445 4203 mundi
2470 4149 2723 4217 Opificem
2758 4150 3068 4215 adorat-itis,
3092 4152 3183 4205 sed
3205 4150 3412 4205 Patrem

256 4248 331 4318 τῷ
356 4249 529 4316 Πατρὶ
563 4248 665 4317 τῆς
696 4230 990 4316 άληθείας·
1035 4246 1126 4297 καὶ
1163 4242 1675 4315 συμπαραλαμϐάνει
1708 4258 1791 4309 γε,

1894 4240 2163 4318 veritatis;
2213 4253 2276 4292 ac
2312 4238 2456 4290 illam
2495 4252 2623 4292 sane
2656 4237 2903 4306 adjuvat,
2933 4238 3137 4305 inquit,
3166 4248 3413 4307 tanquam

260 4339 445 4408 φησὶν,
486 4338 681 4407 αὐτὴν,
725 4337 803 4398 ὡς
833 4335 930 4404 ἤδη
982 4334 1202 4404 πιστὴν,
1250 4333 1342 4385 καὶ
1378 4331 1797 4403 συναριθμουμέ-

257 4443 349 4496 νην
373 4431 483 4490 τοῖς
518 4426 665 4479 κατὰ
688 4424 940 4495 ἀλήθειαν
984 4422 1393 4492 προσκυνηταῖς.
1430 4439 1448 4469 r
1469 4420 1603 4471 Ἀλλ’
1639 4422 1796 4488 ἡμεῖς

256 4516 350 4585 τὴν
377 4519 472 4586 μὲν
509 4519 571 4570 ὲν
605 4513 877 4584 φαντασίᾳ
908 4510 1216 4580 γνωστικῶν
1256 4510 1422 4576 λόγων
1462 4510 1554 4561 καὶ
1586 4508 1792 4577 νομιζο-

259 4604 424 4671 μένων
451 4602 676 4672 ύψηλῶν
721 4599 1124 4670 ὀνομαζομένην
1159 4598 1462 4650 θεοσέϐειαν
1503 4595 1649 4666 παρὰ
1685 4598 1795 4657 τοῖς

256 4691 570 4761 έτεροδόξοις
609 4689 1058 4758 ὑπλαρὸάνομεν
1092 4686 1200 4755 (59)
1230 4684 1511 4754 δηλοῦσθαι
1541 4683 1626 4735 διὰ
1664 4683 1756 4735 τοῦ
1775 4699 1789 4714 ’

259 4800 278 4831 ι
305 4781 436 4834 Οὔτε
461 4783 520 4834 ὲν
550 4779 632 4848 τῷ
665 4778 780 4849 ὄρει
809 4776 1003 4846 τούτῳο
1040 4793 1058 4824 ι
1088 4774 1175 4825 τὸν
1202 4772 1258 4824 δὲ
1295 4772 1489 4823 κανόνα
1511 4768 1646 4821 κατά
1671 4770 1793 4830 τοὺς

255 4871 472 4934 πολλοὺς
506 4869 609 4938 τῆς
650 4850 991 4935 Ἐκκλησίας,
1029 4864 1088 4915 ὃν
1115 4862 1206 4914 καὶ
1232 4860 1388 4912 αὐτὸν
1415 4860 1443 4910 ὁ
1482 4857 1677 4919 τέλειος
1700 4858 1791 4910 καὶ

319 4958 530 5014 ’lCor.
558 4970 680 5020 xm,
709 4955 764 5010 9.
837 4954 860 4986 ⁸
888 4953 1043 5008 Joan.
1080 4966 1154 5013 tv,
1178 4949 1267 5001 ΞΟ.
1338 4948 1391 4977 ⁸⁸
1428 4946 1557 5026 ibid.
1583 4946 1672 4998 2t.

321 5045 432 5118 (3|)
455 5049 526 5118 ᾘ
543 5043 936 5118 τινῴσκομεν.
965 5039 1055 5095 Sic
1082 5038 1251 5093 codex
1294 5033 1645 5096 Bodleianus;
1688 5033 1791 5086 Re—

258 5111 389 5184 gius,
410 5111 513 5170 ’καὶ
539 5111 902 5184 γινώσκομεν.

394 5166 650 5255 difﬁcile:
682 5166 902 5255 Regius.
933 5182 1235 5255 P‘Z'fpff?m’
1265 5166 1552 5255 ξῖίὶῖἶιξξῖἶη
1581 5226 1628 5255 ..ς

394 5188 437 5255 ⁹)
466 5186 650 5238 Codex
683 5186 902 5247 Regius.
933 5186 1235 5251 perperam,
1265 5186 1517 5252 oravotatv.
1618 5226 1628 5237 _

250 5316 263 5330 ,
308 5186 415 5331 (9);)
446 5250 651 5371 δυρὲιθ
681 5254 777 5301 aut
803 5241 1030 5298 subaudi
1062 5236 1250 5304 δηλον,
1280 5240 1337 5284 ut
1368 5232 1552 5283 fecisse
1581 5226 1789 5279 videtur

250 5329 518 5371 interm-es.
597 5332 704 5371 ινιτ.
742 5315 970 5365 ΡΑτιιοι.
1174 5364 1196 5371 _

248 5315 704 5375 intértirestotr.
742 5315 970 5365 ΡΑτιιοι.

322 5364 364 5373 "
442 5364 518 5438 ΐἱί
548 5364 757 5437 Esaias
776 5375 941 5443 πιθεῖο
970 5372 1125 5422 dce“
1144 5364 1284 5442 οὖῖε·

456 5450 661 5524 ειπφ
692 5445 832 5524 ᾆρος
865 5431 1284 5524 μέζζξιῗζΪηΫ

456 5430 676 5506 ME
692 5430 832 5514 δρας
854 5430 1004 5508 ita»
1029 5431 1295 5514 etc-Fies
1322 5430 1575 5514 errr-25:5!

264 5495 917 5577 αἱῶἲῗὲἶῖᾶηἶιῗῖνίι,
940 5495 1074 5559 tom.
1098 5511 1214 5559 χιιι,
1234 5511 1293 5563 p.
1321 5495 1437 5549 579.
1464 5495 1597 5556 Mox,
1625 5498 1663 5562 ἢ
1691 5498 1794 5550 τὸν

1888 4329 2000 4396 jam
2032 4309 2258 4390 fidelem,
2289 4335 2342 4379 et
2368 4341 2484 4394 quae
2513 4335 2894 4381 annumeretur
2922 4327 3266 4382 adorantibus
3293 4341 3412 4380 eum

1894 4416 1945 4467 in
1972 4415 2212 4466 veritate.
2244 4431 2262 4464 ι
2296 4415 2364 4466 At
2394 4428 2519 4467 vero
2549 4428 2645 4467 nos
2672 4428 2765 4481 per
2806 4415 2905 4467 hoc
2933 4413 3155 4477 dictum,
3189 4431 3209 4464 ι
3244 4428 3416 4480 neque

1893 4502 1947 4555 in
1979 4511 2153 4554 monte
2184 4502 2302 4564 hoc,
2343 4519 2363 4553 ι
2402 4501 2662 4554 declarari
2686 4502 3057 4556 existimamus
3089 4502 3217 4555 illud
3238 4540 3254 4565 ,
3275 4503 3415 4570 quod

1892 4584 1983 4643 Dei
2008 4590 2208 4642 cultum
2251 4588 2519 4657 appellant
2556 4589 2610 4642 bi
2659 4591 2751 4657 qui
2799 4589 2869 4642 ab
2906 4589 3158 4644 Ecclesiae.
3190 4589 3416 4643 decretis

1894 4679 2171 4742 dissident,
2191 4678 2453 4732 exsistens
2484 4678 2535 4731 in
2561 4678 2938 4746 imaginatione
2985 4693 3289 4733 sermonum
3321 4679 3413 4744 qui

1894 4777 2016 4820 sunt
2042 4763 2423 4833 cognoscibiles
2455 4772 2510 4817 et
2546 4765 2635 4830 qui
2680 4764 3048 4817 existimantur
3070 4762 3199 4823 alti;
3228 4777 3321 4827 per
3346 4762 3412 4813 il-

1894 4853 1982 4908 lud
2011 4868 2157 4919 vero,
2188 4870 2207 4903 ι
2245 4867 2413 4921 neque
2435 4851 2783 4921 Jerosolymis
2812 4851 3103 4905 adorabitis
3132 4848 3357 4910 Patrem,
3387 4864 3409 4898 ι

1891 5032 2133 5099 κόσμον.
2171 5029 2438 5099 Diabolum
2466 5029 2658 5096 quippe
2683 5024 3085 5099 δεσμοκράτορα
3132 5029 3187 5099 et
3212 5025 3416 5076 consti-

1895 5091 2047 5151 ttttttit
2076 5097 2425 5151 Valentiniani
2462 5091 2515 5149 et
2555 5091 3116 5162 appellatithireutbus
3147 5091 3180 5141 Ι.
3216 5103 3251 5149 ι,
3288 5107 3411 5157 cap.

1892 5165 1960 5230 2;
1993 5166 2248 5232 Epiphan.
2277 5165 2464 5232 Ira'res.
2491 5158 2641 5232 xxxi,
2668 5176 2785 5232 cap_.
2821 5158 2907 5212 19.
2936 5158 3195 5212 ιιυιιτιυε.

1985 5225 2071 5299 55)
2091 5225 2269 5302 Qodex
2292 5230 2506 5302 fiegius,
2527 5225 2593 5297 ἦν
2624 5225 2833 5294 μνοὲν.
2890 5291 2903 5302 .
3117 5281 3145 5302 τ

1987 5291 2073 5364 56)
2102 5299 2277 5352 Codex
2303 5291 2516 5363 Regius,
2544 5291 2840 5364 perperam,
2875 5291 2950 5352 ὡς
2979 5305 3073 5364 pro
3109 5291 3173 5352 fi),

1968 5356 2079 5433 (37)
2103 5366 2157 5418 In
2196 5356 2581 5433 eodem'eod’ice
2597 5356 2778 5433 Regio
2808 5360 2969 5433 deest
2981 5356 3036 5430 ᾗ.

1965 5420 2075 5501 (58)
2115 5433 2168 5485 lu
2194 5432 2372 5501 codice
2403 5431 2564 5501 Hegio
2578 5420 2906 5501 desideratur

1965 5492 2076 5568 (59)
2108 5500 2247 5553 Idem
2274 5500 2436 5552 codex
2473 5492 2686 5567 Regius,
2711 5492 3251 5559 ὑπολαμϐανόμενον.
