3828 6208
177 273 340 370 [‘29
1342 307 1690 366 COMMENT.
1733 310 1795 365 IN
1834 306 2020 364 aeaut.
2065 304 2297 360 rosus
2337 304 2468 359 χιιι.
3400 306 3502 358 εει

315 397 406 498 i8:
451 404 668 498 tr‘Ak'A‘
713 420 966 490 ερχεται
1018 428 1169 498 ὥρα,
1217 431 1307 482 καὶ
1353 427 1446 480 νῦν
1483 432 1663 491 ἐστιν,
1694 431 1780 481 ὅτε
1821 431 1868 480 οῖ

2047 423 2135 477 18.
2162 439 2182 472 ι
2219 421 2323 476 Sed
2358 421 2503 474 venit
2543 419 2695 482 hora,
2733 427 2786 472 et
2826 432 2966 473 nunc
2995 425 3095 479 est,
3147 419 3356 485 quando
3389 421 3501 471 veri

228 491 514 568 βληθινοὶ
562 516 988 583 προσκυνηταὶ
1029 491 1449 588 προσκυνήσουσι
1485 519 1560 588 τῷ
1607 519 1781 588 Ila.th
1815 521 1868 571 ὲν

1971 513 2280 566 adoratores
2312 510 2611 564 adorabunt
2656 509 2866 562 Patrem
2916 509 2966 560 in
3001 507 3195 574 spiritu
3223 518 3274 560 et
3308 509 3502 561 verita-

255 587 552 662 πνεύματι
605 601 711 653 καὶ
747 603 1013 677 ἀληθείᾳ..
1041 629 1059 660 ι
1095 611 1228 672 Τοὺς
1271 587 1388 679 μηδ’
1427 587 1560 672 ὅλως
1606 587 1868 677 ἐπαγγελ-

1973 608 2023 652 ιο
2056 598 2116 651 ⁸⁷.
2165 617 2184 649 ι
2219 598 2318 664 Qui
2345 597 2562 650 minime
2585 612 2641 650 se
2667 596 2979 664 proﬁtentur
3005 595 3229 650 adorare
3267 596 3501 660 Patrem,

268 681 542 753 ’λθμὲνους
603 696 957 758 προσκυνεῖν
1007 696 1086 765 τῷ
1142 697 1311 767 Πατρὶ
1359 697 1478 750 οὐδὲ
1524 697 1868 766 ὀνομάζεσθαι

297 775 368 829 δεῖ
425 780 828 846 προσκυνητὰς
887 783 984 834 τοῦ
1039 783 1172 836 Θεοῦ
1191 802 1204 814 ’
1259 785 1412 837 ἀλλὰ.
1439 785 1650 838 πάντων
1703 787 1870 852 ἐπαγ-

295 865 643 937 γελλομένων
695 876 1030 940 προσκυνεῖν
1060 873 1136 942 τῷ
1169 875 1444 938 κτίσαντι,
1471 878 1519 928 εί
1547 879 1594 928 οῖ
1631 876 1725 944 μὲν
1761 876 1869 944 (52)
1925 930 1930 934 .

295 955 512 1025 μηκέτι
541 950 675 1010 ὦσιν
699 960 759 1011 ὲν
793 962 982 1030 σαρκὶ,
1017 962 1132 1016 ἀλλ’
1155 965 1212 1014 ὲν
1243 964 1541 1032 πνεύματι,
1587 961 1664 1032 τῷ
1715 964 1870 1015 πνεύ-

297 1060 445 1112 ματι
489 1049 817 1114 περιπατεῖν
867 1051 963 1102 καὶ
1003 1050 1292 1119 ἐπιθυμίαν
1337 1051 1534 1120 σαρκὸς
1576 1051 1648 1121 μὴ
1693 1053 1870 1104 ἐπιτε-

293 1134 417 1186 λεῖν
438 1152 459 1167 ο
484 1137 538 1188 οῖ
570 1136 630 1188 δὲ
665 1137 741 1208 μὴ
773 1133 909 1191 ὦσιν
937 1141 995 1191 ὲν
1027 1141 1314 1210 πνεύματι,
1342 1140 1452 1193 ἀλλ’
1493 1142 1550 1193 ὲν
1575 1142 1754 1213 σαρκὶ,
1779 1142 1871 1194 καὶ

297 1226 456 1278 κατὰ
496 1227 678 1298 σάρκα
721 1229 1134 1298 στρατεύονται·
1188 1229 1306 1282 τότε
1349 1229 1562 1283 λεκτέον
1597 1231 1871 1300 ἀληθινοὺς

301 1314 406 1382 μὲν
445 1316 835 1385 προσκυνητὰς
873 1320 996 1381 τοὺς
1025 1317 1449 1389 προσκυνοῦντας
1489 1318 1565 1387 τῷ
1615 1320 1784 1389 Πατρὶ
1815 1322 1872 1372 ὲν

298 1403 620 1472 Πνεύματι,
651 1405 746 1456 καὶ
780 1406 856 1474 μὴ
892 1408 1089 1475 σαρκὶ,
1124 1408 1215 1459 καὶ
1239 1409 1295 1459 ὲν
1320 1407 1561 1476 ἀληθείᾳ,
1591 1408 1681 1461 καὶ
1710 1408 1782 1478 μὴ
1813 1408 1871 1461 ἐν

300 1490 534 1554 τύποιςο
583 1491 688 1543 οὐκ
736 1492 1017 1560 ἀληθινοὺς
1047 1493 1102 1546 δὲ
1135 1496 1258 1556 τοὺς
1307 1495 1379 1565 μὴ
1425 1492 1592 1557 οὕτως
1635 1495 1867 1566 ἔχοντας.

306 1580 423 1632 Καὶ
451 1583 482 1632 6
522 1581 816 1651 γράμματι
857 1582 918 1633 δὲ’
945 1581 1020 1650 τῷ
1049 1583 1417 1636 ἀποκτιννύντι
1449 1584 1829 1654 δεδουλωμένος
1852 1624 1867 1649 ,

308 1666 628 1735 πνεύματος
675 1667 734 1719 δὲ
787 1669 880 1720 τοῦ
935 1667 1313 1732 ζωοποιοῦντος
1369 1671 1440 1740 μὴ
1499 1671 1826 1741 μετειληφὼς
1852 1711 1866 1735 ,

1973 690 2069 743 bos
2093 702 2158 744 ne
2182 686 2461 740 nominare
2489 686 2704 754 quidem
2753 696 2965 753 oportet
3014 686 3326 739 adoratores
3360 687 3449 739 Dei
3485 704 3498 738 :

1969 777 2059 830 sed
2086 791 2150 830 cx
2173 775 2418 829 omnibus
2439 773 2808 843 proﬁtentibus
2835 789 2892 828 se
2922 775 3146 829 adorare
3170 775 3349 828 mundi
3374 773 3502 842 Opi—

1971 866 2145 926 licem.
2178 865 2222 917 si
2252 863 2463 931 quidam
2495 877 2601 916 non
2635 863 2863 931 amplius
2891 863 3001 916 sint
3044 863 3094 916 in
3115 878 3302 927 carne,
3332 865 3422 918 sed
3451 866 3504 918 in

1971 953 2180 1022 spiritu,
2214 952 2402 1022 spiritu
2432 952 2557 1020 quia
2591 952 2887 1016 ambulent,
2908 953 3164 1007 desideria
3195 956 3376 1007 carnis
3401 969 3504 1008 non

1971 1041 2306 1110 perﬁcientes
2332 1040 2411 1106 ¹⁸;
2438 1050 2494 1096 et
2532 1041 2693 1111 aliqui
2728 1057 2834 1096 non
2864 1043 2916 1095 in
2957 1041 3146 1110 spiritu
3177 1044 3304 1110 sint,
3329 1049 3423 1099 sed
3450 1046 3504 1099 in

1971 1143 2154 1195 carne;
2196 1137 2252 1184 et
2279 1130 2568 1185 secundum
2603 1143 2820 1184 carnem
2862 1129 3090 1184 militent
3125 1149 3136 1184 :
3171 1141 3294 1187 tunc
3325 1135 3504 1188 diceu-

1973 1218 2096 1270 dum
2129 1226 2212 1272 est
2243 1232 2404 1272 veros
2430 1218 2740 1273 adoratores
2764 1233 2880 1273 esse
2902 1233 2992 1272 eos
3013 1221 3101 1287 qui
3129 1218 3344 1275 Putrem
3376 1225 3504 1276 ado-

1971 1314 2094 1359 rant
2133 1306 2187 1360 iu
2232 1307 2448 1374 spiritu,
2489 1321 2593 1362 non
2624 1308 2676 1362 in
2717 1321 2910 1373 carne;
2954 1309 3006 1362 in
3041 1310 3287 1375 veritate,
3318 1327 3420 1364 non
3450 1314 3503 1365 in

1969 1395 2158 1464 ﬁguris
2190 1413 2205 1450 :
2234 1411 2338 1450 non
2363 1410 2518 1451 veros
2552 1411 2679 1452 vere
2704 1411 2796 1452 eos
2818 1399 2907 1465 qui
2947 1399 3022 1451 sic
3051 1413 3107 1452 se
3134 1413 3237 1452 non
3282 1399 3502 1453 habent.

1968 1484 2059 1540 llle
2091 1486 2254 1540 etiam
2295 1486 2384 1553 qui
2425 1501 2530 1540 non
2575 1486 2840 1556 particeps
2878 1486 3040 1541 fuerit
3073 1488 3299 1556 Spiritus
3328 1489 3503 1542 viviti-

1970 1575 2164 1641 cantis,
2193 1575 2390 1644 quique
2415 1575 2708 1643 spiritualia
2733 1575 2863 1646 legis
2890 1590 2992 1629 non
3020 1590 3250 1644 sequens
3277 1592 3305 1629 a
3329 1576 3504 1630 littera

1971 1663 2252 1718 occidente
2296 1665 2348 1717 in
2384 1663 2692 1718 servitutem
2741 1664 2984 1719 redactus
3015 1664 3203 1731 fuerit,
3233 1665 3319 1719 bic
3346 1681 3504 1720 verus

317 1728 1019 1826 pqa‘s'toi'cmsupartxoi'q
1043 1728 1344 1809 ἀκολουθίῦν
1369 1728 1466 1809 ἶτοῦ
1497 1728 1867 1826 Νόμουξοῦτος

1976 1767 2080 1806 non
2138 1752 2244 1806 erit
2292 1755 2562 1818 adorator,
2604 1767 2701 1806 nec
2730 1753 2919 1820 spiritu
2968 1728 3214 1808 adorabit
3247 1753 3500 1819 Patrem;

315 1843 379 1897 ἂν
405 1844 490 1912 εἴη
521 1847 550 1897 ό
586 1845 663 1914 μὴ
690 1845 940 1913 ἀληθινὸς
969 1845 1358 1916 προσκυνητὴς,
1385 1846 1475 1898 καὶ
1506 1847 1768 1916 πνεύματι
1794 1851 1867 1918 μὴ

314 1935 634 2004 προσκυνῶν
684 1933 763 2004 τῷ
807 1935 1012 2004 Πατρί·
1059 1936 1088 1986 6
1137 1934 1180 1986 δ’
1217 1935 1374 1996 αὐτὸς
1422 1929 1573 1998 οὗτος
1619 1936 1734 1998 ὅλος
1763 1937 1870 1989 τῶν

314 2025 518 2088 ⁶τύπων,
555 2024 655 2076 καὶ
683 2023 791 2076 τῶν
823 2023 1147 2092 σωματικῶν
1175 2024 1301 2076 ὅταν
1328 2026 1697 2093 ἐπιτυγχάνειν
1730 2025 1867 2078 πάνυ

311 2114 492 2176 δοκεῖ,
550 2115 676 2166 τότε
709 2116 770 2166 ὲν
806 2112 990 2183 τύπῳ,
1024 2113 1116 2166 καὶ
1144 2115 1244 2166 οὐκ
1279 2116 1336 2166 ὲν
1367 2114 1590 2184 ἀληθείᾳ
1637 2131 1870 2184 προσκυ-

315 2207 392 2256 νεῖ
421 2203 498 2273 τῷ
528 2203 672 2272 Θεῷ,
704 2203 792 2256 διὰ
824 2202 981 2255 τοῦτο
1003 2202 1121 2254 οὐδὲ
1145 2203 1392 2272 ἀληθινὸς
1421 2203 1709 2272 δυνάμενος
1739 2219 1868 2272 χρη-

321 2295 562 2363 ματίζειν
613 2292 1012 2362 προσκυνητής.
1050 2291 1201 2361 Τάχα
1244 2291 1447 2344 δέδοταί
1479 2308 1606 2343 ποτε
1639 2290 1869 2359 εὐλόγως

317 2384 408 2436 καὶ
436 2384 524 2435 τὸν
556 2381 810 2449 ἀληθινὸν
839 2380 1216 2451 προσκυνητὴν
1250 2381 1306 2431 ὲν
1337 2379 1415 2448 τῷ
1466 2378 1728 2449 πνεύματι
1779 2381 1868 2431 καὶ

317 2471 540 2541 ἀληθείᾳ
561 2469 971 2540 προσκυνοῦντα
993 2469 1196 2522 τυπικά
1211 2485 1332 2522 τινα
1351 2471 1538 2531 ποιεῖν,
1556 2470 1640 2522 ἵνα
1659 2471 1781 2532 τοὺς
1793 2469 1868 2538 τῷ

319 2560 470 2630 τύπῳ
478 2559 908 2629 δεδουλωμένους
918 2557 1373 2628 οἱκονομικώτατα
1393 2557 1753 2628 ἐλευθερώσας
1761 2557 1867 2610 τῶν

319 2651 380 2702 τύ
390 2668 500 2703 πων
520 2648 848 2722 προσαγάγῃ
863 2651 930 2719 τῇ
947 2647 1187 2716 ἀληθείᾳο
1205 2647 1388 2716 ὥσπερ
1413 2648 1653 2713 φαίνεται
1664 2646 1868 2710 Παῦλος

319 2740 407 2790 ἐπὶ
420 2738 686 2809 Τιμοθέου
706 2736 1040 2806 πεποιηκὼς,
1051 2738 1188 2805 τάχα
1200 2737 1255 2788 δὲ
1273 2737 1364 2790 καὶ⁸
1378 2739 1434 2790 ὲν
1446 2739 1760 2806 Κεγχρεαῖς,
1776 2737 1868 2788 καὶ

319 2831 375 2884 ιν
410 2831 471 2882 Ίε
481 2829 666 2901 ροσολύ
674 2847 796 2898 μοις
815 2869 828 2892 ,
853 2828 928 2892 ὡς
957 2831 1014 2881 ἐν
1046 2831 1161 2889 ταῖς
1181 2827 1412 2897 Πράξεσι
1435 2827 1541 2880 τῶν
1566 2826 1868 2881 ἀποστόλων

321 2919 640 2992 γέγραπται.
671 2919 948 2990 Τηρητέον
989 2917 1067 2980 δὲ,
1103 2918 1182 2969 ὅτι
1219 2918 1266 2968 οἱ
1298 2913 1534 2984 ἀληθινοὶ
1569 2929 1869 2984 προσκυνη-

319 3014 404 3064 τα)¹
427 3013 485 3064 οὐ
519 3011 680 3081 μόνον
712 3012 769 3062 ὲν
801 3007 1068 3079 μελλούσῃ
1100 3006 1235 3076 ὥρᾳ,
1259 3005 1392 3058 ἀλλά
1417 3005 1508 3057 κα)⁸
1528 3005 1585 3055 ὲν
1612 3001 1868 3072 έστηκυίᾳ
1893 3019 1934 3075 c

321 3101 673 3170 προσκυνοῦσι
730 3097 810 3168 τῷ
855 3099 1030 3168 Πατρὶ
1072 3099 1130 3148 έν
1179 3094 1442 3163 πνεύματι
1487 3092 1580 3145 καὶ
1623 3090 1866 3160 ἀληθείᾳ.

333 3191 465 3243 Ἀλλ’
517 3193 575 3243 ἐν
619 3189 887 3258 πνεύματι
931 3190 980 3241 οἱ
1021 3184 1461 3257 προσκυνοῦντες,
1511 3181 1585 3243 ὡς
1623 3180 1869 3249 εἰλήφασι

319 3279 760 3349 προσκυνοῦντες,
793 3280 850 3331 ὲν
872 3275 1146 3346 ἀρῤαὸὦνι
1175 3271 1473 3340 πνεύματος
1497 3270 1587 3321 ἐπὶ
1608 3268 1697 3324 τοῦ
1731 3285 1869 3337 παρ-

319 3369 464 3430 όντος
519 3365 914 3438 προσκυνοῦσιν
937 3379 952 3393 ο
987 3365 1046 3414 ὲν
1078 3360 1344 3429 πνεύματι
1375 3359 1430 3411 δὲ
1480 3358 1592 3427 (55)
1623 3358 1710 3410 ὅτε
1758 3358 1868 3408 πᾶν

320 3458 618 3526 χωρήσουσι
648 3455 710 3507 τὸ
745 3452 961 3524 πνεῦμα
1014 3450 1443 3520 προσκυνήσουσι
1475 3445 1553 3517 τῷ
1584 3446 1770 3516 Πατρί.
1806 3447 1868 3498 Ei

315 3545 372 3598 es
406 3547 434 3597 6
471 3545 684 3614 βλέπων
718 3543 808 3595 διὰ
833 3541 1160 3608 κατόπτρου,
1197 3539 1257 3590 τὸ
1301 3537 1495 3609 ἀληθὲς
1523 3537 1630 3608 (54)
1656 3537 1715 3588 οὐ
1750 3535 1868 3604 βλέ-

317 3652 448 3697 πει,
497 3635 573 3696 ὡς
616 3632 892 3684 δείκνυται
939 3628 1145 3689 τούτοις
1185 3630 1296 3688 τοῖς
1344 3627 1721 3696 κατοπτρικοῖς
1767 3625 1870 3676 ὑπὸ

316 3726 420 3778 τῶν
449 3725 578 3794 περὶ
615 3721 793 3774 ταῦτα
835 3719 1045 3781 δεινῶν,
1081 3717 1265 3786 βλέπει
1318 3716 1373 3768 δὲ
1423 3715 1657 3782 Παῦλος.
1681 3714 1772 3770 καὶ
1821 3715 1868 3764 oi

316 3813 686 3882 παραπλήσιοι
750 3807 882 3862 αὐτὸ
943 3805 1081 3875 (55)
1131 3805 1218 3857 διὰ
1260 3803 1559 3872 κατόπτρου
1610 3800 1703 3854 νῦν
1735 3841 1749 3865 ,
1807 3799 1868 3869 δὴ

315 3903 394 3955 δτι
421 3901 556 3971 (56),
589 3903 666 3962 ὡς
701 3899 906 3968 βλέπει,
929 3895 1070 3948 οὕτω
1092 3895 1185 3947 καὶ
1213 3894 1502 3964 προσκυνεί
1520 3890 1597 3960 τῷ
1613 3890 1748 3958 Θεῷ,
1778 3889 1869 3942 καὶ

314 3991 397 4044 διὰ
425 3991 732 4059 κατόπτρου
766 3986 1082 4056 προσκυνείο
1111 3985 1235 4035 ὃταν
1254 3983 1311 4035 δὲ
1331 3980 1456 4050 ἔλθῃ
1481 3983 1514 4049 ή
1536 3979 1652 4049 ὥρα
1671 3981 1704 4047 ἡ
1736 3978 1870 4047 μετὰ

315 4081 410 4151 τὴν
446 4080 802 4148 ἐνεστηκυῖαν
841 4073 1226 4142 ὲνστησομένη,
1245 4072 1359 4124 τότε
1395 4071 1543 4122 ἔσται
1572 4071 1606 4137 ή
1632 4067 1868 4137 προσκύ-

315 4187 464 4240 νησις
509 4173 568 4223 ὲν
600 4166 832 4237 ἀληθείᾳ
882 4162 1169 4232 πρόσωπον
1215 4159 1326 4228 (57)
1356 4157 1490 4226 πρὸς
1547 4155 1866 4227 πρόσωπον,

314 4262 406 4315 καὶ
441 4259 629 4315 οὐκέτι
653 4256 743 4309 διὰ
775 4253 1082 4323 κατόπτρου
1116 4247 1477 4318 θεωρουμένη.

1971 1838 2078 1892 imo
2103 1838 2192 1894 hic
2227 1839 2362 1908 ipse,
2404 1849 2544 1895 totus
2575 1840 2758 1909 ﬁguris
2787 1850 2842 1894 et
2877 1840 3036 1896 rebus
3062 1843 3333 1910 corporeis
3357 1845 3506 1897 addi-

1967 1934 2106 1988 ctus,
2142 1942 2261 1982 cum
2287 1943 2343 1983 se
2373 1931 2606 1985 maxime
2633 1929 2843 1998 assequi
2871 1929 3279 1997 existimaverit,
3308 1934 3501 1986 tunciu

1969 2015 2161 2084 ﬁgura,
2194 2027 2251 2072 et
2299 2032 2404 2072 nou
2456 2018 2511 2072 in
2571 2018 2794 2071 veritate
2829 2017 2994 2071 Deum
3031 2020 3240 2084 adorat,
3300 2021 3503 2076 idcirco

1966 2119 2125 2159 verus
2153 2106 2403 2161 adorator
2426 2121 2544 2161 esse
2568 2121 2672 2160 non
2689 2105 2892 2161 valens.
2916 2105 3167 2162 Fortasse
3188 2124 3499 2164 concessum

1965 2201 2047 2245 est
2067 2193 2348 2260 aliquando
2373 2195 2750 2249 convenienter
2781 2194 2994 2258 rationi,
3047 2203 3105 2248 ut
3130 2210 3286 2250 verus
3313 2198 3501 2252 adora-

1970 2288 2074 2342 tor,
2109 2278 2160 2332 in
2190 2281 2378 2348 spiritu
2420 2289 2473 2334 et
2517 2281 2742 2335 veritate
2779 2280 3030 2347 adorans,
3069 2285 3312 2348 quaedam
3342 2285 3504 2338 faciat

1967 2382 2085 2434 quae
2114 2369 2163 2420 in
2192 2369 2360 2437 ﬁgura
2391 2371 2518 2434 sint,
2561 2380 2618 2423 ut
2648 2384 2781 2437 quos
2809 2372 2974 2439 ﬁgura
3013 2371 3268 2426 irretierit
3293 2387 3500 2427 summa

1968 2458 2362 2526 dispensatione
2410 2460 2478 2514 ab
2510 2476 2570 2514 ea
2606 2461 2855 2516 liberatos
2899 2461 2966 2514 ad
3003 2462 3283 2517 veritatem
3335 2465 3503 2518 addu-

1968 2556 2094 2598 cat:
2131 2546 2181 2599 id
2229 2547 2368 2614 quod
2416 2548 2698 2602 Timotheo
2747 2548 2966 2603 Paulum
3003 2548 3197 2604 fecisse
3252 2561 3499 2619 apparet,

1967 2632 2214 2689 fortassis
2239 2644 2415 2689 autem
2443 2636 2494 2689 in
2523 2636 2870 2701 Cench'ris,et
2903 2636 3308 2707 Hierosolymis,
3339 2640 3501 2692 veluti

1968 2721 2019 2774 in
2059 2723 2412 2790 apostolorum
2441 2725 2588 2779 Actis
2612 2726 2862 2794 scriptum
2893 2737 2976 2780 est
3007 2726 3071 2781 ".
3102 2727 3500 2782 Observandum

1966 2824 2092 2866 vero
2119 2820 2201 2865 est
2224 2826 2374 2866 veros
2401 2813 2705 2868 adoratores
2733 2828 2836 2867 non
2866 2813 3037 2867 solum
3066 2814 3118 2867 in
3145 2813 3322 2866 futura
3347 2815 3498 2879 bora,

1966 2912 2150 2953 verum
2183 2901 2342 2955 etiam
2365 2901 2418 2953 in
2449 2904 2716 2969 prazsenti,
2739 2905 2966 2958 adorare
2984 2901 3196 2955 Patrem
3227 2902 3279 2953 in
3310 2903 3501 2970 Spiritu

1967 2995 2022 3039 et
2053 2988 2298 3041 veritate.
2332 2987 2435 3042 Sed
2461 2990 2552 3057 qui
2583 2990 2633 3044 in
2661 2991 2852 3059 spiritu
2883 2991 3128 3052 adorant,
3160 2991 3502 3056 quemadmo-

1969 3076 2091 3129 dum
2125 3085 2443 3145 acceperuut
2474 3080 2781 3143 adorantes,
2833 3081 2888 3133 in
2938 3079 3238 3132 arrhabone
3281 3079 3504 3148 spiritus

1970 3179 2112 3218 nunc
2145 3165 2373 3219 adorant
2407 3183 2421 3219 :
2452 3167 2613 3237 229
2643 3179 2768 3223 tunc
2795 3178 2972 3222 autem
3000 3169 3050 3222 in
3076 3168 3262 3235 spiritu
3287 3169 3497 3222 Patrem

1970 3253 2266 3317 adoraturi,
2297 3268 2417 3308 cum
2453 3263 2616 3309 totum
2673 3255 3010 3324 perceperint
3041 3255 3312 3325 spiritum.
3343 3256 3500 3322 Quod

1968 3345 2012 3395 si
2063 3343 2107 3394 is
2135 3343 2225 3411 qui
2249 3344 2390 3397 videt
2429 3359 2525 3413 per
2553 3345 2849 3414 speculum,
2883 3361 2988 3400 non
3019 3347 3162 3400 videt
3197 3360 3400 3411 verum,
3426 3349 3505 3402 uti

1969 3433 2082 3485 haec
2103 3433 2300 3500 optime
2331 3432 2586 3488 callentes
2609 3436 2898 3489 ostendunt
2944 3434 3031 3489 bis
3083 3434 3392 3504 imaginarie
3417 3437 3501 3488 vi-

1969 3519 2234 3583 dentibus,
2260 3529 2314 3574 et
2362 3535 2456 3589 per
2482 3522 2756 3589 speculum
2798 3524 2990 3578 adorat
3031 3523 3219 3589 Deum,
3253 3523 3504 3592 videtque

1968 3608 2167 3662 Paulus
2195 3624 2334 3664 nunc
2363 3624 2457 3678 per
2490 3611 2762 3678 speculum
2787 3613 2854 3674 ³ο,
2881 3612 3070 3680 suique
3107 3611 3330 3676 similes,
3384 3629 3504 3680 per-

1968 3697 2210 3765 spicuum
2245 3705 2331 3751 est
2359 3698 2580 3752 Paulum
2612 3701 2688 3754 sic
2713 3702 2940 3755 adorare
2961 3701 3127 3753 Deum
3159 3703 3502 3768 quemadmo-

1969 3785 2092 3838 dum
2151 3785 2313 3849 videt,
2367 3795 2526 3856 atque
2576 3790 2738 3842 etiam
2794 3804 2891 3857 per
2941 3789 3212 3858 speculum
3279 3792 3504 3845 adorare

1968 3876 2168 3942 Deum;
2199 3893 2322 3932 cum
2358 3894 2484 3934 vero
2518 3879 2729 3933 venerit
2757 3879 2887 3932 hora
2935 3887 3055 3945 post
3099 3879 3386 3932 instantem
3417 3879 3502 3930 fu-

1971 3977 2112 4034 tura,
2140 3977 2267 4023 tunc
2295 3970 2396 4023 erit
2419 3969 2660 4023 adoratio
2710 3968 2762 4021 in
2811 3969 3060 4028 veritate,
3105 3983 3223 4033 quae
3261 3967 3399 4022 facie
3433 3969 3504 4022 ad

1969 4058 2186 4124 faciem,
2210 4061 2313 4113 non
2348 4059 2573 4128 amplius
2605 4074 2700 4127 per
2725 4057 2998 4128 speculum
3030 4057 3262 4111 videtur.

503 4349 580 4400 Τὸ
607 4346 880 4418 μέντοιγε,
917 4362 934 4394 ι
966 4312 1127 4410 ήμεῖς
1159 4312 1582 4408 προσκυνοῦμεν,
1605 4352 1623 4384 ι
1649 4335 1676 4385 6
1712 4333 1868 4402 Ἦρα·

2041 4331 2124 4385 l9.
2159 4330 2300 4385 Sane
2342 4345 2404 4386 ea
2453 4332 2648 4394 verba,
2678 4348 2697 4380 ι
2734 4344 2828 4384 nos
2874 4330 3158 4384 adoramus
3179 4329 3244 4390 ἰ,
3283 4345 3300 4376 ι
3336 4327 3504 4379 nm-

309 4443 480 4498 κλέων
512 4442 689 4494 οἷεται
721 4434 895 4498 εῖναι,
936 4436 964 4486 6
1011 4434 1067 4485 ὲν
1110 4429 1308 4489 Αίῶνι,
1360 4425 1452 4477 καὶ
1501 4425 1550 4476 οι
1599 4424 1693 4476 σὺν
1723 4422 1867 4491 αὑτῴ

306 4533 552 4595 ἐλθόντες
572 4546 587 4562 ο
613 4523 763 4582 οὗτοι
785 4526 914 4595 γὰρ,
951 4523 1133 4592 φησιν,
1163 4520 1358 4590 ᾔδεσαν
1392 4514 1494 4566 τίνι
1537 4512 1866 4583 προσκυνοῦ-

307 4639 391 4686 σι,
431 4619 576 4674 κατά
629 4615 888 4687 ἀλήθειαν
931 4608 1376 4681 προσκυνοῦντες.
1432 4602 1588 4654 Ἀλλά
1630 4603 1720 4654 καὶ
1762 4601 1821 4652 τό
1851 4605 1866 4630 -’

303 4715 386 4768 ὅτι
415 4731 434 4763 ι
465 4715 502 4782 ή
537 4705 787 4777 σωτηρία
811 4705 875 4756 ὲκ
905 4701 1010 4754 τῶν
1050 4695 1314 4751 Ἰουδαίων
1340 4691 1504 4782 εστὶν,
1530 4709 1548 4740 ι
1726 4690 1781 4740 ὲν
1803 4690 1868 4782 τῇ

316 4777 571 4872 Ἰουδαίᾳ,
598 4797 790 4869 φησὶν,
841 4789 1120 4860 ἐγεννήθη,
1155 4785 1270 4838 ἀλλ’
1304 4781 1405 4832 οὐκ
1443 4782 1499 4872 ὲν
1531 4780 1754 4872 αὐτοῖς·
1805 4777 1864 4872 οὐ

307 4895 416 4966 γὰρ
445 4863 536 4955 εἰς’
558 4863 786 4948 πάντας
835 4883 1029 4942 αὐτοὺς
1070 4875 1325 4966 εὐδόκησε
1353 4906 1369 4931 ,
1402 4869 1492 4966 και
1526 4869 1607 4966 δτι
1633 4866 1701 4966 ἐξ
1730 4863 1868 4966 ὲκεί-

435 4953 534 5035 τοῦ
565 4977 754 5038 ἔθνους
785 4971 1006 5042 ἐξῆλθεν
1033 4970 1064 5038 ή
1100 4959 1368 5030 σωτηρία,
1409 4956 1501 5007 καὶ
1531 4955 1560 5005 6
1589 4954 1741 5042 λόγος
1791 4953 1869 5013 εἰς

309 5037 406 5146 τὴν
433 5069 794 5139 οἱκουμένηψ
827 5037 964 5114 κατὰ
987 5037 1130 5110 δὲτὸ
1155 5047 1448 5116 νοούμενον
1479 5045 1544 5095 ὲκ
1585 5037 1693 5094 τῶν
1743 5042 1870 5093 Ἰου-

1969 4423 2120 4477 cleon
2152 4435 2272 4476 esse
2310 4431 2457 4476 retur
2479 4435 2601 4474 eum
2639 4421 2729 4488 qui
2763 4429 2846 4474 est
2873 4419 2924 4472 iu
2953 4417 3156 4481 Eone,
3184 4429 3238 4471 et
3259 4418 3348 4485 qui
3380 4430 3503 4470 cum

1969 4514 2086 4580 ipso
2107 4517 2404 4573 venerunt;
2435 4523 2555 4561 nam
2581 4509 2656 4575 bi,
2676 4506 2872 4575 inquit,
2902 4513 3166 4559 noverunt
3187 4518 3346 4572 quem
3375 4504 3504 4556 ado-

1969 4611 2108 4664 rant,
2152 4600 2445 4655 secundum
2488 4599 2770 4652 veritatem
2823 4597 3132 4650 adorantes.
3181 4594 3317 4660 Quin
3375 4593 3506 4646 illud

1969 4689 2152 4751 etiam,
2185 4705 2205 4737 ι
2233 4686 2378 4741 salus
2399 4699 2464 4740 ex
2489 4683 2687 4740 Iudaeis
2701 4695 2784 4739 est
2809 4685 2874 4748 “,
2904 4701 2925 4735 ι
2962 4684 3212 4751 quoniam
3244 4682 3296 4735 in
3319 4681 3506 4736 Judma

1971 4778 2182 4846 genitus
2200 4787 2303 4839 est,
2332 4775 2522 4843 inquit,
2552 4789 2654 4828 non
2691 4774 2831 4827 inter
2855 4775 3031 4842 ipsos;
3068 4771 3192 4839 quia
3219 4771 3271 4822 in
3315 4783 3506 4822 omnes

1972 4867 2113 4932 ipsos
2133 4863 2293 4917 animi
2319 4861 2724 4932 propensionem
2749 4876 2855 4914 non
2889 4859 3154 4920 habuerit,
3173 4866 3224 4910 et
3246 4855 3502 4922 quoniam

1971 4966 2035 5004 ex
2073 4951 2158 5004 illa
2195 4957 2350 5018 gente
2374 4961 2590 5017 egressa
2617 4955 2700 5000 est
2735 4946 2900 5008 salus,
2926 4952 2980 4996 et
3023 4954 3198 4994 sermo
3237 4939 3290 4990 in
3317 4939 3502 4990 orbem

1975 5049 2237 5092 terrarum
2262 5054 2280 5096 ς
2307 5038 2459 5106 juxta
2488 5033 2890 5104 intelligentiam
2916 5042 3042 5082 vero
3064 5025 3413 5094 spiritualem,
3439 5039 3508 5078 ex

381 5238 423 5269 ¹⁷
457 5237 615 5290 Joan.
643 5243 718 5292 tv,
742 5226 831 5279 25.
905 5221 946 5252 ⁸⁸
977 5217 1141 5272 Galat.
1169 5224 1224 5271 v,
1253 5205 1350 5260 16.
1423 5205 1464 5236 ¹⁹
1484 5203 1604 5255 Act.
1631 5215 1745 5292 χνιέ
1769 5201 1823 5292 5τ
1864 5218 1868 5231 ι

1979 5214 2091 5260 xxr,
2112 5196 2202 5248 Ἃ.
2259 5193 2304 5225 ὀ
2332 5191 2492 5247 lCor.
2523 5188 2733 5252 xm,l2.
2805 5187 2848 5217 ἰ
2881 5183 3035 5236 Joan.
3058 5193 3128 5242 Iv,
3158 5174 3243 5226 i2.
3297 5177 3342 5207 "
3369 5175 3502 5229 ibid.

383 5283 817 5394 (ωδὲίοὶ-έιέῂ,
848 5307 1078 5394 etet-Sict
1095 5305 1241 5354 recte
1286 5293 1454 5346 habet
1495 5292 1662 5346 codex
1713 5288 1856 5342 Bod-

1971 5283 2288 5394 καῖἐὲξηὲῗξέ

323 5373 640 5528 ιθίῗὲὄῗ
652 5373 1142 5528 έξξᾝῆθὲἴὲἶε
1164 5427 1350 5484 codex
1376 5425 1728 5488 Bodleianus;
1761 5424 1864 5478 lte-

330 5517 977 5666 “i'iitfvr?§3%§£c.msic
1012 5569 1183 5630 codex
1215 5559 1582 5624 Bodleianus;
1627 5556 1857 5625 Regius,

2034 5341 2346 5423 (ὕδιᾺῦτέ-
2383 5348 2529 5423 L980
2551 5341 2992 5423 αὐτῷοηηαηε-
3043 5395 3196 5423 ω-..
3243 5395 3265 5423 ιι

2173 5395 2564 5484 Ἑῆἳὲξιῗὲᾷυ
2596 5395 2716 5484 cum
2743 5402 3015 5484 Ferrario,
3038 5395 3399 5484 6ﬁ}9v,n'oirt:d

2175 5461 2353 5554 Co‘uéi
2366 5461 2590 5554 aliis,
2605 5461 2678 5554 Eri}
2702 5461 3126 5554 npécmrrovised
3145 5465 3194 5514 iu
3215 5461 3519 5516 Bodleiano

1965 5539 2219 5620 dcéét’cn.
2255 5549 2408 5608 Forte
2439 5539 2772 5615 l‘égcndu'inl)
2807 5539 3114 5606 πρόσωπον.
