3828 6218
362 315 459 374 431

1771 290 2080 356 ORIGENiS

3535 273 3649 327 λδε

359 434 554 486 ,ιιιάίῐιίς
602 437 782 484 narrat
829 426 1018 478 factam
1053 423 1214 474 fuisse
1246 421 1489 480 salutem,
1533 415 1785 485 quoniam
1827 413 1882 465 hi

2056 411 2145 461 ίων
2201 410 2294 476 τὴν
2347 405 2613 475 σωτηρίαν
2661 406 2940 474 διηγεῖται
2977 399 3325 468 γεγονέναι,
3395 387 3647 458 ἐπείπερ

358 521 725 574 similitudines
757 529 872 567 esse
914 513 1291 565 existimantur
1321 521 1504 559 eorum
1551 505 1638 570 qui
1680 510 1796 556 sunt
1832 501 1882 551 in

358 610 641 677 pleromate
669 620 682 654 :
712 601 802 654 sed
830 599 1136 652 ostenderet
1180 607 1399 647 necesse
1431 599 1547 644 erat
1588 590 1717 656 ipse,
1746 587 1886 652 ejus-

355 674 455 765 que
486 704 758 759 sequaces,
807 685 1070 755 quomodo
1105 682 1470 750 unusquisque
1500 679 1570 731 sit
1597 674 1885 730 similitudo

353 763 532 836 eorum
562 777 650 845 qui
683 784 806 828 sunt
845 775 895 826 in
925 772 1248 840 pleromate;
1284 768 1441 822 modo
1471 781 1580 818 non
1621 763 1734 817 sola
1758 774 1886 815 voce

353 872 453 924 hoc
479 869 679 932 dicant,
705 865 797 918 sed
833 878 960 918 vere
990 863 1088 915 hoc
1113 861 1364 915 sentiant.
1420 857 1681 909 Praeterea
1729 865 1884 904 enar-

352 974 472 1011 rans
512 957 678 1020 illud,
743 971 761 1003 ι
809 954 861 1005 ἰη
918 951 1111 1020 spiritu
1165 958 1218 1002 et
1271 949 1496 1000 veritate
1525 945 1570 975 ”
1610 962 1628 994 ι
1672 940 1886 994 adorari

349 1047 534 1106 Deum,
569 1062 586 1095 ι
625 1043 829 1112 priores
855 1041 1187 1099 adoratores,
1212 1037 1403 1104 inquit,
1439 1036 1492 1086 in
1525 1046 1688 1086 carne
1721 1040 1775 1084 et
1800 1043 1888 1080 er-

290 1164 302 1180 -
351 1150 469 1188 rore
492 1134 851 1186 adoraverunt
894 1143 1040 1189 eum,
1071 1127 1164 1192 qui
1201 1124 1360 1177 Pater
1389 1137 1492 1176 non
1527 1130 1642 1174 crat
1675 1134 1689 1170 :
1721 1131 1886 1186 quare

349 1224 533 1278 eadem
573 1221 739 1275 etiam
763 1219 970 1270 ratione
997 1215 1201 1282 decepti
1232 1213 1380 1266 fuere
1417 1225 1605 1264 omnes
1637 1208 1727 1276 qui
1758 1208 1884 1260 ado-

350 1319 538 1367 rarunt
567 1308 746 1362 mundi
774 1304 1067 1375 Opiﬁcem;
1111 1321 1129 1353 ι
1182 1302 1558 1370 subjungitquc
1591 1296 1885 1352 Heracleon

348 1417 441 1456 eos
461 1400 686 1452 servisse
717 1404 998 1458 creaturae,
1025 1408 1128 1446 non
1159 1393 1207 1445 ei
1241 1391 1334 1458 qui
1371 1392 1422 1444 in
1467 1389 1696 1443 veritate
1723 1367 1921 1440 ϐιοῖ-ι)

350 1502 434 1544 tor
463 1497 602 1552 crat,
661 1487 748 1554 qui
778 1494 863 1540 est
890 1483 1155 1548 Christus,
1183 1480 1615 1548 quandoquidem
1651 1494 1670 1528 ι
1705 1476 1885 1530 omnia

351 1596 445 1649 per
500 1580 670 1645 ipsum
718 1577 855 1628 facta
906 1583 1066 1638 sunt,
1121 1581 1174 1626 et
1216 1572 1331 1625 sine
1389 1571 1503 1639 ipso
1560 1568 1756 1622 factum
1807 1573 1889 1620 est

349 1669 481 1724 nihil
511 1669 576 1722 ".
608 1687 626 1718 ι

1992 500 2194 559 εἰκόνες
2219 490 2362 547 οῦτοι
2385 495 2492 546 τῶν
2530 495 2586 545 ὲν
2618 495 2696 562 τῷ
2729 492 3075 562 πληρώματι
3119 484 3297 552 αὐτῷ
3347 477 3504 534 εἶναι
3557 496 3648 531 νο-

1996 581 2238 651 μίξανται
2262 598 2273 610 ’
2311 582 2476 650 ἐχρῆν
2502 581 2556 632 δὲ
2586 581 2750 634 αὐτὸν
2791 579 2889 631 καὶ
2924 579 3058 636 τοὺς
3094 575 3200 626 ἀπ’
3253 566 3451 623 αὐτοῦ
3508 565 3646 618 ἕκας-

1994 687 2112 722 στον
2139 669 2245 722 τῶν
2278 671 2336 722 ὲν
2376 671 2439 738 τῇ
2475 668 2698 737 λατρεία
2749 665 3031 718 δεικνύναι
3086 662 3221 724 πῶς
3258 662 3432 712 ἐστιν
3469 654 3649 708 εἰκὼν

1992 758 2096 809 τῶν
2129 759 2186 809 ὲν
2225 756 2302 825 τῷ
2344 756 2668 826 πληρώματι
2693 761 2782 811 δεῖ
2807 771 2872 821 γε
2911 753 2988 822 μὴ
3027 753 3204 821 μόνον
3253 749 3430 816 φωνῇ
3479 744 3650 796 τοῦτο

1991 846 2254 913 λέγουσιν,
2297 846 2429 898 ἀλλά
2468 847 2560 899 καὶ
2604 845 2836 914 ἀληθείᾳ
2891 841 3206 912 φρονοῦσιν
3268 838 3445 891 αὐτό.
3494 834 3649 905 Πρὸς

1991 936 2194 998 τούτοις
2221 937 2301 998 τὸ,
2353 955 2370 985 ι
2400 938 2456 987 ὲν
2504 935 2774 1004 πνεύματι
2820 935 2917 985 καὶ
2991 931 3250 1000 ἀληθείᾳ
3297 948 3319 980 ι
3382 942 3650 996 προσκυ-

1994 1027 2198 1079 νεῖσθαι
2226 1027 2313 1078 τὸν
2356 1025 2486 1077 Θεὸν
2512 1065 2527 1090 ,
2564 1025 2870 1094 ἡγούμενος
2906 1022 3058 1093 (58),
3103 1022 3282 1087 λέγει
3308 1058 3325 1080 ,
3383 1019 3478 1070 ὃτι
3532 1035 3552 1068 ι
3593 1018 3649 1068 οἱ

1995 1115 2246 1184 πρότεροι
2280 1115 2649 1184 προσκυνηταὶ
2679 1113 2738 1165 ὲν
2770 1113 2934 1182 σαρκὶ
2964 1111 3064 1163 καὶ
3099 1109 3310 1180 πλάνῃ
3349 1105 3648 1176 προσεκύ-

1991 1221 2110 1256 νουν
2139 1204 2217 1273 τῷ
2248 1205 2321 1274 μὴ
2355 1203 2556 1272 Πατρὶ,
2608 1202 2748 1254 ὥστε
2792 1204 2890 1254 καὶ
2937 1201 3150 1254 ταυτὸν
3209 1196 3648 1266 πεπλανῆσθαι

1993 1293 2195 1355 πάντας
2233 1295 2357 1355 τοὺς
2391 1293 2903 1363 προσκεκυνηκότας
2927 1289 3011 1359 τῷ
3039 1288 3443 1359 Δημιουργῷ·
3488 1306 3509 1337 ι
3545 1286 3648 1339 καὶ

1991 1381 2236 1452 ἐπιφέρει
2262 1398 2324 1448 γε
2351 1384 2380 1433 6
2421 1381 2764 1450 Ἡρακλέων,
2806 1381 2890 1431 ὅτι
2924 1379 3238 1449 ὲλάτρευον
3282 1380 3361 1447 τῇ
3403 1377 3598 1429 κτίσει
3625 1413 3645 1438 ,

1991 1472 2084 1522 καὶ
2112 1472 2170 1522 οὐ
2203 1470 2280 1539 τῷ
2311 1470 2429 1523 κατ’
2473 1469 2726 1539 ἀλήθειαν
2753 1469 2962 1537 Κτίστη
2986 1507 3001 1530 ,
3047 1469 3110 1529 ὃς
3166 1469 3310 1520 ἐστι
3361 1467 3644 1536 Χριστὸς,

1999 1578 2014 1608 ι
2033 1561 2087 1611 εἴ
2101 1574 2162 1624 γε
2187 1559 2360 1612 πάντα
2380 1558 2445 1610 δι’
2469 1559 2634 1610 αὐτοῦ
2664 1557 2904 1625 ἐγένετο,
2933 1557 3035 1609 καὶ
3061 1558 3256 1627 χωρὶς
3293 1556 3484 1612 αὐτοῦ
3509 1557 3644 1625 ἐγέ-

1991 1663 2114 1699 νετο
2131 1648 2302 1701 οὐδέν.
2337 1667 2354 1700 ι

415 1757 504 1810 20.
541 1773 560 1807 ι
589 1753 795 1808 Etenim
831 1751 992 1804 Pater
1033 1749 1165 1802 tales
1186 1745 1397 1813 quierit,
1422 1743 1510 1811 qui
1543 1742 1718 1809 ipsum
1750 1739 1878 1792 ado-

2056 1736 2140 1788 ΞΟ.
2177 1756 2194 1786 ι
2226 1738 2332 1789 Καὶ
2361 1738 2468 1808 γὰρ
2491 1741 2519 1790 6
2553 1739 2741 1809 Πατὴρ
2766 1739 3052 1804 τοιούτους
3083 1739 3261 1810 ζητεῖ
3286 1742 3432 1805 τοὺς
3462 1759 3644 1812 προσ-

354 1855 475 1901 rent
505 1845 571 1897 ³⁵.
615 1861 634 1894 ι
663 1841 719 1894 Si
747 1839 934 1908 quaerit
963 1837 1140 1898 Pater,
1174 1848 1270 1902 per
1301 1832 1490 1884 Filium
1521 1829 1746 1899 qumrit,
1794 1827 1883 1894 qui

350 1933 494 1987 venit
522 1933 586 1985 ad
609 1929 952 1997 quaerendum
982 1934 1037 1978 et
1066 1926 1384 1978 servandum
1411 1921 1549 1989 quod
1577 1916 1884 1986 perierat":

350 2033 482 2088 quos
510 2017 799 2085 puriﬁcatts
822 2023 876 2068 et
903 2011 1150 2067 erudiens
1188 2011 1394 2063 ratione
1423 2018 1472 2061 et
1495 2006 1888 2072 sanis‘dogma-

352 2111 516 2171 tibus,
571 2112 834 2175 praeparat
891 2116 1008 2156 esse
1063 2113 1216 2153 veros
1271 2099 1607 2152 adoratores.
1657 2093 1888 2146 Periisse

351 2209 525 2252 autem
547 2196 842 2251 Heracleon
881 2191 1054 2258 inquit
1097 2191 1150 2242 in
1187 2186 1451 2258 profunda
1485 2184 1709 2238 materia
1739 2197 1888 2236 erro-

351 2289 424 2341 ris
449 2302 557 2340 rem
595 2284 908 2338 Lnniliarem
943 2281 1109 2344 Patri,
1138 2293 1255 2347 qua:
1285 2278 1558 2344 quaeritur,
1592 2283 1701 2327 uta
1734 2272 1885 2324 {ami-

351 2376 572 2430 Iiaribus
602 2373 874 2425 adoretur.
897 2369 1079 2436 Itaque
1109 2367 1250 2419 hunc
1277 2363 1494 2432 quidem
1523 2377 1824 2415 sermonem
1844 2362 1885 2392 "

352 2465 396 2516 si
429 2463 778 2516 intellexisset
802 2459 867 2513 de
889 2458 1067 2514 ovium
1102 2454 1422 2524 perditione,
1470 2461 1523 2504 et
1565 2453 1628 2504 de
1663 2452 1770 2504 tilio
1795 2451 1885 2518 qni

352 2554 416 2606 ab
445 2553 513 2605 iis
539 2564 657 2618 quae
687 2547 852 2617 patris
899 2554 1024 2599 sunt
1056 2543 1334 2605 deciderit,
1376 2542 1537 2610 23o
1573 2540 1758 2593 saltem
1792 2541 1888 2590 ad-

352 2641 685 2695 amisissemus
709 2637 874 2705 ipsius
900 2633 1292 2688 enarrationem
1342 2647 1356 2682 :
1404 2632 1494 2683 sed
1524 2631 1706 2683 nescio
1763 2629 1889 2696 quid

354 2729 565 2783 tandem
623 2734 804 2792 aperte
847 2724 1071 2777 doceant
1123 2721 1188 2774 de
1245 2719 1544 2786 perditione
1592 2718 1890 2787 spiritualis

351 2827 576 2879 naturae,
609 2813 700 2881 qui
736 2814 904 2880 ipsum
937 2820 1236 2878 sequuntur
1264 2849 1279 2872 ,
1315 2809 1636 2871 fabulantes,
1666 2818 1722 2862 et
1758 2807 1888 2861 nihil

350 2913 588 2972 apertum
627 2917 724 2954 nos
751 2901 1006 2953 docentes
1044 2898 1112 2951 de
1145 2897 1357 2951 saeculis
1408 2897 1489 2950 vel
1535 2897 1887 2965 temporibus,

350 3007 467 3060 qua:
499 2992 648 3044 fuere
697 2999 822 3042 ante
871 2990 1040 3057 ipsam
1089 2987 1440 3056 perditionem
1486 3000 1706 3054 :neque
1745 2988 1886 3040 enim

352 3081 693 3135 manifestare
736 3079 914 3131 valent
952 3077 1216 3130 rationem
1245 3089 1397 3128 suam
1433 3092 1446 3127 :
1481 3053 1634 3129 hach
1657 3080 1722 3128 ob
1761 3090 1889 3130 cau-
1915 3053 1955 3108 (ἶ

348 3185 461 3224 sam
493 3169 932 3239 prmtermisimus
964 3167 1106 3236 ipsos
1145 3175 1368 3235 sponte,
1413 3165 1675 3219 hactenus
1716 3166 1891 3233 dispu-

351 3272 492 3314 tasse
521 3258 778 3314 contenti.

417 3351 506 3404 ‘21.
541 3369 558 3401 ι
595 3348 827 3417 Spiritus
860 3356 940 3399 est
977 3345 1136 3410 Deus,
1160 3353 1215 3398 et
1249 3359 1340 3398 eos
1367 3345 1456 3413 qui
1493 3343 1714 3397 adorant
1742 3357 1885 3404 eum,

351 3441 404 3491 in
432 3437 624 3504 spiritu
646 3444 698 3487 ct
728 3435 950 3486 veritate
967 3445 1177 3500 oportet
1201 3435 1430 3486 adorare
1446 3434 1513 3486 ’⁸.
1540 3452 1558 3484 ι
1585 3433 1719 3486 Cum
1739 3434 1887 3486 multi

351 3527 518 3581 multa
539 3527 604 3578 de
635 3527 739 3577 Deo
762 3523 932 3590 deque
957 3521 1071 3587 ejus
1099 3523 1332 3575 essentia
1354 3523 1708 3585 cnuntiariut,
1757 3524 1888 3576 adeo

353 3625 408 3667 nt
430 3613 641 3682 quidam
671 3611 816 3664 illum
846 3624 1132 3679 corporeae,
1163 3618 1214 3662 et
1239 3610 1429 3672 tenuis,
1457 3618 1511 3663 et
1531 3610 1765 3664 cmlestis
1791 3625 1888 3662 ita-

353 3713 482 3754 turne
514 3701 768 3760 dixerint,
801 3697 890 3750 alii
928 3698 1294 3765 incorporeas;
1327 3712 1536 3750 rursum
1585 3699 1674 3750 alii
1723 3699 1886 3752 Deum

350 3793 447 3846 has
481 3798 698 3844 naturas
735 3787 1119 3841 transcendere
1161 3786 1400 3839 dixerint
1443 3787 1678 3855 potentia
1708 3798 1761 3840 et
1795 3802 1888 3841 ex-

348 3879 596 3934 cellentia
619 3877 870 3932 essentia:
906 3890 1227 3942 sumoperm
1255 3876 1488 3942 pretium
1519 3885 1605 3931 est
1632 3885 1687 3928 ut
1709 3877 1890 3930 videa-

351 3986 468 4023 mus
499 3983 566 4022 an
614 3984 644 4020 a
675 3965 976 4034 Scripturis
1011 3964 1210 4016 divinis
1266 3965 1558 4018 habeamus
1589 3979 1779 4019 causas
1822 3965 1888 4018 ad

349 4058 629 4114 dicendum
646 4055 843 4123 aliquid
867 4054 938 4107 de
954 4054 1046 4107 Dei
1072 4053 1328 4106 essentia.
1357 4056 1526 4120 Atque
1551 4055 1650 4106 hoc
1675 4053 1886 4121 quidem

335 4148 550 4208 inloco
578 4146 774 4200 dicitur
823 4142 974 4209 quasi
1020 4141 1251 4194 essentia
1288 4139 1402 4206 ejus
1450 4155 1570 4194 esse
1619 4142 1883 4209 spiritus:

354 4255 376 4286 ο
407 4235 638 4303 Spiritus
673 4232 814 4284 enim
857 4241 941 4283 est
982 4229 1122 4282 Deus
1149 4269 1161 4292 ,
1199 4245 1216 4277 ι
1249 4229 1460 4294 inquit;
1495 4230 1545 4281 in
1597 4229 1711 4298 lege
1758 4246 1885 4285 vero

350 4325 491 4392 ignis
511 4323 742 4376 dicitur:
781 4319 1037 4385 scriptum
1060 4328 1144 4371 est
1179 4319 1323 4371 enim
1351 4321 1395 4350 ¹⁹
1427 4334 1441 4368 :
1475 4335 1493 4367 ι
1534 4318 1671 4372 Deus
1701 4329 1886 4373 noster

351 4413 486 4481 ignis
512 4421 838 4464 consumens
884 4417 965 4460 est
1007 4423 1022 4470 ;
1062 4425 1082 4457 ι
1123 4408 1261 4475 apud
1291 4407 1547 4462 Joannem
1593 4424 1718 4462 vero
1747 4409 1832 4462 lux
1867 4424 1882 4456 :

354 4521 378 4552 ο
416 4503 553 4554 Deus
586 4499 760 4559 enim,
783 4498 973 4564 inquit,
1005 4497 1095 4555 lux
1127 4504 1229 4559 est,
1257 4508 1309 4550 et
1343 4499 1573 4552 tenebrae
1599 4499 1650 4552 in
1685 4513 1751 4552 eo
1783 4514 1885 4553 non

349 4597 472 4643 sunt
502 4587 621 4640 ulla:
639 4586 705 4638 ⁸⁸.
739 4603 758 4636 ι
783 4585 838 4638 Si
857 4599 982 4654 ergo
1003 4583 1295 4653 simplicius
1313 4586 1424 4639 haec
1445 4587 1886 4652 intellexerimus,

351 4677 483 4730 nihil
515 4677 652 4730 ultra
692 4674 922 4727 litteram
952 4683 1386 4742 perscrutantes,
1419 4676 1761 4729 occasionem
1790 4678 1884 4729 ha-

348 4765 594 4820 bebimus
622 4759 830 4817 dicendi
877 4761 1038 4816 Deum
1083 4775 1203 4817 esse
1227 4776 1441 4831 corpus,
1485 4778 1606 4816 cum
1650 4763 1882 4828 interim,

347 4867 466 4920 qua:
486 4867 582 4906 nos
607 4857 898 4917 sequantur
921 4851 1152 4907 absurda
1191 4850 1294 4905 hoc
1319 4850 1558 4904 dicentes
1584 4851 1882 4918 vulgarium

348 4956 450 4992 non
472 4941 542 4994 sit
575 4953 836 4994 cernere:
869 4942 994 5009 quia
1029 4941 1190 5012 pauci
1224 4940 1576 4994 disseruerint
1597 4942 1664 4995 de
1700 4955 1888 5008 corpoo

348 5043 464 5082 rum
491 5039 700 5094 natura,
729 5037 783 5083 ct
816 5035 1048 5090 maxime
1078 5033 1146 5090 de
1181 5032 1268 5086 bis
1306 5031 1622 5100 corporibus
1649 5047 1766 5100 qua:
1793 5047 1884 5085 or-

415 5166 460 5195 "
482 5164 634 5234 Joan.
664 5180 733 5228 tv,
763 5165 852 5223 25.
912 5175 957 5208 ³⁸
982 5175 1138 5234 ιοεη.
1175 5185 1218 5231 ι,
1242 5167 1295 5221 ὅ.
1388 5169 1432 5200 ⁸⁵
1459 5167 1611 5222 Joan.
1641 5182 1715 5230 ιν,
1750 5166 1838 5222 23.

343 5230 430 5284 9.4.
522 5234 564 5263 "
601 5233 852 5306 Deut.'tv,
876 5241 944 5299 24
973 5230 1001 5316 ς’
1021 5230 1312 5304 Hebrus",
1336 5235 1426 5292 29.
1505 5236 1549 5266 ⁸⁸
1579 5237 1594 5288 Ι
1624 5234 1780 5290 Joan.
1803 5251 1842 5299 ι,
1872 5236 1926 5292 5.

578 5365 942 5450 Ἦῖυύμενος,
1005 5376 1265 5455 Legebat
1315 5370 1592 5426 Ferrarius
1662 5371 1880 5441 διηγού-

334 5495 510 5624 (uti?)
535 5499 603 5548 El
631 5497 795 5566 ζητεῖ.
828 5515 918 5581 sic
946 5533 1120 5592 codex
1147 5506 1487 5593 Bodleianus
1509 5524 1520 5559 :
1546 5506 1763 5576 Regius,
1793 5508 1882 5557 ὲκ-

1990 1828 2276 1891 κυνοῦντας
2311 1829 2487 1882 αὐτόν.
2531 1849 2548 1879 ι
2597 1831 2658 1881 Εἰ
2695 1832 2850 1899 ζητεῖ
2879 1831 2993 1900 (59)
3019 1835 3050 1883 6
3088 1833 3334 1904 Πατὴρ,
3383 1833 3483 1884 διὰ
3537 1833 3641 1886 τοῦ

1989 1917 2116 1968 Υἱοῦ
2148 1917 2336 1986 ζητεῖ,
2386 1919 2477 1969 τοῦ
2523 1919 2844 1989 ἐληλυθότος
2900 1923 3147 1992 ζητῆσαι
3185 1926 3298 1976 καὶ
3343 1924 3534 1977 σῶσαι
3577 1926 3643 1976 τὸ

1988 2008 2295 2071 ἀπωλολὸς,
2354 2009 2604 2071 οὕστινας
2656 2009 2941 2080 καθαίρων
3014 2013 3115 2064 καὶ
3184 2014 3497 2068 παιδεύων
3557 2015 3642 2085 τῷ

1986 2095 2125 2164 λόγῳ
2158 2097 2386 2159 καὶτοῖς
2426 2096 2598 2164 ὐγιέσι
2619 2097 2873 2166 δόγμασι,
2909 2101 3350 2165 κατασκευάζει
3399 2103 3640 2172 ἀληθεῖς

1986 2185 2110 2246 τούς
2148 2186 2546 2256 προσκυνητάς.
2595 2187 2960 2240 Ἀπολωλέναι
2996 2189 3057 2241 δέ
3106 2208 3296 2261 φησιν
3347 2196 3381 2246 6
3453 2194 3636 2263 Ἦρα·-

1987 2272 2155 2324 κλέων
2199 2275 2254 2325 ἐν
2295 2276 2360 2342 τῇ
2407 2273 2594 2344 βαθείᾳ
2627 2274 2728 2346 ὕλῃ
2761 2277 2861 2344 τῆς
2891 2276 3119 2346 ,πλάνης
3171 2281 3238 2332 τὸ
3293 2285 3518 2336 οἰκεῖον
3552 2283 3639 2354 τῷ

1989 2361 2178 2431 Πατρὶ,
2213 2362 2346 2431 ὅπερ
2374 2360 2635 2431 ζητεῖται,
2661 2364 2747 2416 ἵνα
2789 2366 2818 2416 6
2864 2366 3064 2437 Πατὴρ
3095 2369 3210 2420 ὐπὸ
3246 2371 3374 2423 τῶν
3403 2373 3638 2425 οἰκείων

1989 2451 2371 2522 προσκυνῆται.
2395 2454 2455 2503 Εἰ
2487 2455 2582 2522 μὲν
2611 2449 2703 2506 οῦν
2730 2455 2878 2525 ἑώρα
2906 2456 3000 2510 τὸν
3026 2459 3168 2529 περὶ
3193 2461 3308 2531 τῆς
3333 2463 3636 2527 ἀπωλείας

1990 2541 2095 2592 τῶν
2121 2541 2404 2612 προϐάτων
2432 2543 2607 2609 λόγον,
2639 2545 2734 2596 καὶ
2765 2545 2861 2597 τοῦ
2905 2547 3316 2614 ἀποπεσόντος
3359 2553 3482 2604 τῶν
3534 2554 3637 2605 τοῦ

1990 2630 2188 2700 πατρὸς
2230 2630 2345 2681 υίοῦ
2366 2670 2380 2694 ,
2417 2631 2515 2682 κᾶν
2545 2631 2930 2703 ἀπεδεξάμεθα
2960 2637 3140 2690 αὐτοῦ
3175 2639 3289 2709 τὴν
3332 2641 3634 2713 διήγησιν.

2001 2721 2151 2775 Ἐπεὶ
2184 2722 2238 2773 δὲ
2279 2722 2697 2791 μυθοποιοῦντες
2729 2726 2778 2775 οἱ
2814 2725 2924 2778 ἀπὸ
2961 2728 3070 2798 τῆς
3109 2731 3369 2802 γνώμης
3403 2735 3582 2788 αὐτοῦ
3610 2775 3632 2802 ,

1988 2810 2084 2862 οὐκ
2116 2807 2210 2862 οἷδ’
2251 2812 2279 2863 ὃ
2312 2829 2364 2864 τι
2399 2813 2532 2865 ποτὲ
2573 2814 2785 2882 τρανῶς
2824 2822 3142 2888 παριστᾶσι
3179 2822 3307 2891 (60)
3343 2825 3488 2895 περὶ
3527 2827 3634 2896 τῆς

1988 2899 2321 2962 ἀπολωλυίας
2368 2903 2740 2971 πνευματικῆς
2795 2904 3017 2972 φύσεως
3047 2946 3062 2970 ,
3107 2909 3278 2963 οὐδὲν
3333 2915 3523 2980 σαφὲς
3551 2915 3638 2966 δι-

1987 2986 2269 3050 δάτκοντες
2305 2991 2447 3058 ἡμᾶς
2488 2991 2611 3059 περὶ
2657 2991 2763 3043 τῶν
2801 2995 2908 3062 πρὸ
2949 2995 3056 3065 τῆς
3107 2999 3415 3064 ἀπωλείας
3448 3004 3631 3073 αὐτῆς

1987 3076 2211 3145 χρόνων,
2245 3078 2278 3147 ἣ
2313 3077 2551 3132 αἰώνων·
2587 3080 2709 3133 οὐδὲ
2744 3081 2854 3151 γὰρ
2892 3087 3138 3154 τρανοῦν
3166 3089 3457 3144 δύνανται
3495 3093 3633 3146 ἑαυ-

1985 3169 2463 3258 τῶνγτὺννλόγοψ
2506 3171 2596 3223 διὰ
2651 3171 2814 3225 τοῦτο
2865 3175 3073 3239 αὐτοὺς
3139 3181 3389 3247 ἑκόντες
3445 3201 3632 3258 παρα.

1988 3256 2311 3327 πεμψόμεθα
2332 3299 2346 3318 .
2369 3259 2620 3312 τοσοῦτον
2649 3264 3132 3334 ὲπαπορήσαντες.

2056 3345 2145 3398 21.
2174 3365 2191 3396 ι
2225 3347 2443 3416 Πνεῦμα
2479 3351 2507 3400 6
2534 3349 2687 3412 Θεὸς,
2713 3352 2808 3403 καὶ
2833 3355 2962 3415 τοὺς
3001 3362 3495 3429 προσκυνοῦντας
3525 3369 3632 3421 αὐ-

1988 3435 2099 3498 τὸν,
2128 3437 2188 3489 ὲν
2212 3436 2480 3506 πνεύματι
2509 3440 2606 3491 καὶ
2631 3441 2861 3511 ἀληθείᾳ
2881 3443 2965 3496 δεῖ
2992 3456 3386 3516 προσκυνεῖν.
3428 3476 3450 3507 ι
3483 3459 3632 3511 [Ιολ-

1989 3522 2290 3616 λιῦνᾍπολλά
2328 3525 2470 3616 περὶ-Δ
2485 3524 2579 3577 τοῦ
2611 3527 2745 3579 Θεοῦ
2792 3531 3262 3605 ἀποφηναμένων
3293 3582 3309 3606 ,
3357 3545 3466 3597 καὶ
3520 3548 3630 3616 τῆς

1989 3611 2172 3673 οὐσίας
2206 3611 2388 3673 αὐτοῦ,
2439 3613 2576 3667 ὥστε
2613 3616 2766 3680 τινὰς
2799 3618 2900 3686 μὲν
2933 3623 3235 3694 εἰρηκέναι
3286 3632 3397 3684 καὶ
3451 3611 3629 3689 αὐτδν

1991 3699 2099 3794 (fil)
2159 3702 2473 3794 σωματικῆς
2515 3703 2731 3794 φύσεως
2765 3707 3156 3782 λεπτομεροῦς
3203 3720 3309 3771 καὶ
3371 3724 3626 3794 αἰθερώ-

1989 3787 2128 3879 δους,
2158 3789 2305 3850 τινὰς
2334 3790 2390 3842 δὲ
2418 3793 2744 3861 ἀσωμάτου,
2802 3799 2897 3850 καὶ
2939 3802 3151 3868 ἄλλους
3198 3809 3356 3879 ὑπὲρ
3429 3787 3629 3870 ἐκεῖνα

1988 3876 2169 3939 οὐσίας
2207 3880 2472 3950 πρεσϐείᾳ
2510 3883 2603 3934 καὶ
2658 3883 2887 3956 δυνάμει
2915 3928 2931 3951 ,
2988 3891 3150 3955 ἄξιον
3185 3876 3352 3967 ἡμᾶς
3393 3904 3534 3957 ἰδεῖν
3575 3909 3627 3959 εἰ

1988 3966 2179 4062 έγομεν
2227 3969 2626 4062 ἀφορμὰςῗὰπὸ
2684 3975 2792 4028 τῶν
2851 3977 3018 4033 θείων
3055 3966 3312 4054 Γραφῶν
3365 3997 3520 4062 πρὸς
3563 3997 3631 4053 τὸ

1989 4056 2158 4153 εἰπεῖν
2194 4071 2249 4153 τι
2284 4060 2408 4153 περι⁸
2455 4061 2641 4153 οὐσίας
2670 4062 2828 4119 Θεοῦ.
2883 4067 3115 4125 Ἐνθάδε
3153 4077 3260 4144 μὲν
3307 4056 3434 4133 οῦν.
3455 4056 3627 4153 λέγε-

1987 4159 2074 4245 ται
2101 4145 2261 4196 οἱονεὶ
2286 4147 2442 4201 οὐσία
2471 4146 2608 4203 εἶναι
2637 4154 2802 4206 αὐτοῦ
2827 4155 2890 4208 τὸ
2923 4160 3158 4227 πνεῦμα
3186 4182 3200 4195 ο
3247 4185 3269 4217 ε
3317 4145 3576 4245 Πνεῦμα
3601 4196 3623 4228 ι

1987 4233 2094 4333 γάρ
2116 4253 2133 4284 ‹
2162 4236 2353 4333 6.956;,
2375 4257 2392 4289 ι
2424 4241 2616 4333 enen-
2641 4243 2699 4333 έν
2725 4243 2782 4295 δὲ
2803 4245 2882 4315 τῷ
2905 4248 3087 4320 Νόμῳ
3109 4254 3250 4326 πῦρ·
3279 4233 3629 4333 γέγραὲτται

1917 4369 1960 4422 D
2140 4342 2159 4372 ι
2181 4323 2236 4377 Ὀ
2260 4324 2389 4426 6:26;
2595 4329 2707 4426 πῦρ
2736 4335 3151 4426 καταναλίσκον
3447 4353 3510 4405 δὲ
3543 4355 3630 4426 τῷ

2001 4411 2216 4504 Ἰωάννῃ
2232 4413 2376 4480 φῶς’
2401 4435 2420 4465 ι
2460 4417 2516 4469 '0
2543 4419 2674 4481 Θεὸς
2698 4439 2716 4469 ι
2741 4423 2871 4491 γὰρ,
2902 4428 3067 4494 φησὶ,
3103 4448 3125 4481 ι
3157 4433 3284 4501 φῶς
3326 4411 3486 4504 ἐστι,
3525 4411 3631 4498 καὶ

1991 4502 2175 4553 σκοτία
2203 4505 2260 4555 ὲν
2291 4505 2437 4575 αὐτῷ
2477 4508 2577 4560 οὐκ
2610 4509 2756 4562 ἔστιν
2808 4513 3064 4584 οὐδεμία.
3103 4539 3122 4569 ι
3180 4523 3318 4578 Ἐἀν
3523 4531 3630 4592 οὖν

1991 4590 2349 4696 ἀπλούστερον
2401 4596 2606 4696 τούτων
2643 4600 3002 4696 ἀκούσωμεν,
3055 4612 3232 4680 μηδὲν
3287 4590 3457 4689 πέρα

1989 4679 2182 4785 λέξεως
2207 4769 2222 4785 ἱ
2244 4686 2766 4785 περιεργαζόμενοι)
2827 4663 2950 4762 ὧνρα
3183 4663 3630 4785 λήέγεῖνΓ-σῶμε

1989 4764 2124 4868 εἶναι
2310 4773 2643 4868 Θεόνοσᾷτίνα
2702 4779 2756 4832 δὲ
2818 4784 2971 4852 ἡμᾶς
3015 4764 3368 4861 ⁷διαδέχεται

1990 4859 2144 4911 τοῦτο
2178 4859 2429 4928 λέγοντας
2469 4866 2529 4917 οὐ
2577 4867 2688 4921 τῶν
2726 4871 2939 4926 πολλῶν
2978 4877 3134 4934 ἐστὶν
3175 4859 3441 4942 είδὲναι·
3498 4895 3627 4947 ὀλί-

1991 4965 2075 5054 γοι
2124 4951 2230 5022 γὰρ
2281 4953 2583 5054 διειληφασι
2651 4964 2778 5054 περὶ
2808 4965 2924 5054 ’τῆς
2955 4969 3081 5054 τῶν
3140 4978 3442 5044 σωμάτων
3509 4987 3627 5054 φύ-

1994 5052 2128 5101 σεως
2153 5077 2168 5102 ,
2227 5043 2320 5093 καὶ
2361 5043 2591 5112 μάλιστα
2637 5048 2745 5102 τῶν
2797 5051 2902 5103 ὐπὸ
2952 5053 3120 5123 λόγου
3165 5043 3266 5114 καὶ
3330 5043 3628 5141 προνοίας

1943 5167 1988 5200 ’⁸
2015 5170 2141 5228 Luc.
2173 5189 2286 5242 xix,
2315 5177 2403 5232 10.
2481 5181 2524 5211 ’⁷
2561 5181 2692 5239 an.
2721 5201 2812 5250 xv,
2844 5188 2898 5254 4,
2933 5189 2993 5244 ιι
3023 5206 3143 5261 seq.
3220 5196 3274 5229 ³⁸
3300 5198 3490 5260 Joan.
3538 5225 3624 5279 tv,

1992 5370 2373 5492 Codex
2409 5375 2611 5448 Regius
2660 5387 2978 5454 παριστᾶσι,
3032 5385 3384 5451 Bodleianus
3439 5415 3626 5473 περι-

1989 5508 2166 5626 τόξῳ)
2217 5507 2394 5564 Cudel
2447 5513 2770 5577 Bodleianns
2835 5524 2928 5575 καὶ
2973 5523 3168 5590 αὐτόν,
3218 5522 3454 5598 Regius
3511 5539 3625 5596 καὶ
