3828 6184
336 264 435 319 457

1393 272 1738 331 COMMENT.
1781 274 1845 327 ΙΝ
1879 273 2066 328 JOAN.
2105 272 2339 328 TOMUS
2369 272 2502 329 XIH.

3415 259 3517 318 ιιι

340 377 586 444 τιστικὸς,
608 377 750 433 κατά
770 379 831 433 τὸ
847 379 1172 454 λεγόμενον⁵
1201 408 1217 438 ι
1241 390 1435 460 Κύριος
1451 391 1716 459 φωτισμός
1742 407 1892 460 pou,»

2002 390 2067 444 tis
2089 398 2174 444 est
2203 389 2519 450 illustratur,
2544 387 2694 456 juxta
2722 385 2848 440 illud
2877 383 3014 453 quod
3042 379 3330 435 dicitur”:
3368 397 3386 430 ι
3417 379 3518 432 Do-

352 473 548 542 ἁνάγκη
582 470 742 524 αὐτὸν
787 474 981 542 νοητὸν
1029 479 1375 546 τυγχάνοντα,
1409 482 1500 532 καὶ
1534 481 1774 549 ἀόρατον,
1809 480 1898 532 καὶ

359 562 652 632 ἀσώματον,
699 561 792 614 τοῦ
841 563 937 615 νοῦ
965 566 1198 635 ἀοράτου
1229 571 1371 638 ἡμᾶς
1399 569 1556 620 αὐτὸν
1592 569 1900 639 ὑπολαμϐά-

361 668 459 703 νειν
485 650 595 716 φῶς
617 644 754 702 εἶναι
781 649 1092 720 ἀσώματον,
1107 653 1184 723 τῷ
1215 657 1415 724 μήποτε
1441 657 1534 707 κα)⁹
1567 674 1586 706 ι
1623 656 1732 725 πῦρ
1764 674 1898 709 κατ-

360 737 630 790 αναλίσκον
699 755 720 787 ι
766 737 1058 807 λεγόμενον
1095 739 1228 793 εἶναι
1262 743 1390 795 Θεὸν
1411 782 1427 806 ,
1457 745 1760 812 σωματικὸν
1790 743 1901 816 πῦρ

361 827 614 896 σωμάτων
646 827 975 881 ἀναλωτικὸν
1009 825 1144 882 εἶναι
1181 831 1356 883 δοκεῖν
1377 871 1394 896 ,
1435 828 1544 886 οἷον
1575 834 1768 898 ξύλων,
1809 836 1901 888 καὶ

357 915 561 984 χόρτου,
597 915 691 966 καὶ
721 915 974 985 καλάμης
997 934 1011 947 ο
1039 919 1088 970 εί
1111 919 1170 971 δὲ
1190 921 1246 971 ὲν
1277 922 1404 990 ἡμῖν
1431 922 1575 973 ἐστιν
1600 923 1724 974 ίδεῖν
1751 923 1898 987 ξύλα,

355 1003 442 1053 καὶ
471 1002 682 1072 χόρτον,
706 1004 801 1056 καὶ
822 1005 1090 1074 καλάμην,
1129 1009 1334 1076 μήποτε
1355 1009 1414 1061 τὸ
1451 1011 1773 1063 ἀναλωτικδν
1804 1012 1902 1079 τῆς

351 1089 600 1158 τοιαύτης
624 1091 757 1160 ὕλης
781 1093 891 1162 πῦρ
913 1095 940 1145 ὁ
971 1093 1101 1156 Θεὸς
1130 1097 1272 1147 ἐστιν
1298 1097 1470 1165 ήμῶν,
1510 1117 1527 1148 ι
1560 1099 1666 1167 πῦρ
1702 1118 1720 1149 ι
1756 1099 1902 1166 λεγό-

355 1195 508 1246 μενος
532 1175 674 1232 εἶναι
713 1199 731 1230 ι
770 1181 1155 1235 καταναλίσκον
1177 1199 1190 1212 ’
1207 1203 1224 1234 ι
1256 1187 1348 1237 καὶ
1377 1186 1580 1255 πρέπον
1605 1203 1666 1253 γε
1695 1187 1769 1256 τῷ
1795 1189 1902 1240 Κυ-

353 1267 450 1336 ρίῳ
485 1267 603 1319 ἐστὶ
629 1267 690 1324 τὸ
716 1269 1004 1322 ἀναλίσκον
1029 1270 1097 1322 τὰ
1121 1272 1338 1324 τοιαῦτα
1367 1272 1497 1342 (74),
1530 1274 1620 1326 καὶ
1651 1275 1902 1342 ἐξαφανί-

351 1355 461 1417 ζειν
490 1357 560 1410 τὰ
589 1357 812 1428 χείρονα
835 1375 850 1389 ³
885 1353 945 1411 οὗ
990 1362 1269 1430 γινομένου
1313 1363 1601 1432 ἀλγηδόνας
1635 1360 1782 1432 οἶμαι
1812 1365 1902 1416 καὶ

352 1447 541 1509 πόνους
586 1448 836 1515 γίνεσθαι
875 1449 974 1502 οὐκ
1025 1451 1130 1503 ἀπό
1183 1468 1324 1514 τινος
1362 1453 1666 1522 σωματικῆς
1696 1454 1903 1523 ἐπαφῆς

351 1535 475 1603 περὶ
495 1536 564 1587 τὰ
597 1538 922 1605 ἡγεμονικά,
945 1538 1071 1590 ἔνθα
1100 1539 1322 1607 συνέστη
1343 1541 1375 1608 ἡ
1405 1539 1496 1591 τοῦ
1519 1540 1902 1592 καταναλίσκε-

354 1625 470 1676 σθαι
497 1625 626 1689 ἀξία
650 1626 926 1696 οἰκοδομή.
958 1627 1075 1689 Φῶς
1107 1624 1197 1680 οῦν
1236 1629 1549 1698 ὀνομάζεται
1573 1629 1602 1679 ὁ
1630 1629 1775 1692 Θεὸς,
1797 1629 1902 1681 ἀπὸ

1996 479 2173 532 minus
2231 477 2547 531 iiluminatio
2593 491 2731 538 mea,
2759 494 2778 528 ι
2829 486 3048 528 necesse
3085 479 3167 524 est
3216 470 3386 536 ipsmn
3424 467 3516 534 qni

1997 577 2175 621 mente
2206 567 2464 627 cernitur,
2503 566 2592 633 qui
2628 564 2724 618 sub
2754 563 2921 615 visum
2975 573 3078 612 non
3121 556 3285 619 cadit,
3315 558 3402 622 qui
3437 567 3520 610 est

1997 672 2184 724 expers
2209 655 2465 724 corporis,
2503 655 2667 723 ipsius
2697 655 2908 716 mentis,
2941 666 3060 721 qua:
3089 651 3186 704 sub
3217 651 3384 702 visum
3413 664 3516 702 non

1997 747 2160 810 cadit,
2213 746 2383 798 lucem
2423 757 2544 797 esse
2592 755 2816 810 corpore
2860 749 3146 801 carentem,
3197 739 3335 806 quod
3381 739 3517 791 Deus

2003 853 2022 885 ι
2048 835 2181 902 ignis
2209 847 2527 888 consumens
2554 851 2572 884 ι
2601 832 2780 884 dictus
2811 831 2873 892 ³⁸,
2906 845 3238 900 nequaquam
3263 843 3518 896 corpora-

1999 922 2063 976 lis
2097 923 2234 990 ignis
2265 936 2382 976 esse
2414 922 2674 981 videatur,
2706 918 2794 985 qui
2817 929 3092 971 consumat
3119 929 3372 982 corpora,
3403 911 3519 963 vel-

2001 1007 2074 1060 uti
2124 1006 2287 1074 ligna,
2317 1006 2514 1070 fenum,
2559 1004 2806 1071 stipulam
2832 1004 2908 1068 Ιι⁰;
2942 1003 3032 1056 sed
3064 1003 3110 1055 si
3137 1009 3420 1055 cernantur
3467 999 3519 1052 in

1999 1094 2153 1148 nobis
2182 1094 2347 1162 ligna,
2382 1092 2581 1155 fenum,
2611 1092 2821 1159 stipula,
2851 1092 2921 1146 sit
2960 1091 3097 1144 Deus
3151 1099 3332 1143 noster
3361 1088 3522 1156 ignis,

2001 1182 2122 1236 talis
2162 1181 2391 1236 materias
2425 1190 2790 1246 consumptor,
2829 1179 2919 1247 qui
2961 1179 3152 1233 dicitur
3183 1196 3200 1229 ι
3227 1177 3366 1244 ignis
3393 1191 3525 1230 con-

1999 1286 2244 1334 sumens;
2278 1289 2296 1323 ι
2328 1273 2582 1339 decetque
2606 1271 2844 1340 profecto
2870 1268 3154 1321 Dominum
3183 1267 3306 1318 talia
3331 1279 3526 1318 consu-

2000 1369 2142 1408 mere
2168 1355 2450 1422 delereque
2483 1358 2684 1425 pejora,
2738 1369 2843 1424 quo
2882 1355 3024 1408 facto
3060 1353 3270 1406 dolores
3294 1351 3526 1405 arbitror

1999 1442 2312 1508 laboresque
2337 1443 2467 1496 oriri
2505 1443 2646 1495 nullo
2672 1455 2930 1509 corporeo
2968 1449 3107 1494 tactu
3155 1440 3295 1494 circa
3323 1439 3525 1508 princi-

2001 1537 2152 1598 patus
2195 1539 2250 1582 et
2286 1536 2467 1597 partes
2499 1521 2689 1581 anima:
2731 1527 3214 1595 prmstantissimas,
3243 1525 3330 1578 ubi
3385 1534 3528 1579 stru-

2002 1624 2148 1669 ctura
2179 1615 2337 1669 fuerit
2357 1616 2508 1683 digna
2535 1630 2652 1683 quae
2673 1624 3080 1670 consummetur.
3102 1614 3212 1666 Lux
3240 1627 3365 1682 ergo
3391 1613 3526 1666 Dens

350 1716 440 1768 τοῦ
474 1715 790 1786 σωματικοῦ
830 1718 1006 1784 φωτὸς
1045 1719 1395 1788 μεταληφθεὶς
1439 1721 1516 1782 είς
1551 1719 1770 1789 ἀόρατον
1811 1720 1894 1772 καὶ

2002 1709 2323 1772 nominatur,
2363 1707 2710 1762 translatione
2739 1715 2946 1774 sumpta
2972 1721 3001 1757 a
3036 1704 3153 1757 lucc
3183 1717 3438 1772 corporea
3460 1703 3525 1755 ad

351 1805 638 1875 ἀσώματον
689 1807 826 1874 ςρῶς,
859 1807 945 1859 διά
995 1808 1092 1874 τὴν
1145 1807 1202 1859 ὲν
1249 1807 1327 1876 τῷ
1389 1807 1633 1874 φωτίζειν
1686 1808 1901 1877 νοητοὺς

351 1895 659 1962 ὀφθαλμοὺς
706 1894 932 1964 δύναμιν
982 1895 1124 1947 οὕτω
1165 1896 1444 1964 λεγόμενος
1476 1913 1491 1926 ο
1551 1914 1570 1947 ι
1613 1896 1719 1966 πῦρ
1776 1915 1794 1946 ι
1843 1912 1900 1947 τε

352 1983 812 2051 προσαγορεύεται
833 2001 853 2032 ι
882 1982 1282 2046 καταναλίσκον,
1313 2002 1330 2034 ›
1357 1983 1460 2036 ἀπὸ
1481 1984 1573 2036 τοῦ
1601 1984 1901 2054 σωματικοῦ

354 2070 539 2138 πυρὸς,
565 2072 660 2121 καὶ
697 2070 1129 2122 καταναλωτικοῦ
1153 2071 1250 2139 τῆς
1275 2072 1480 2124 τοιᾶσδε
1518 2073 1647 2141 ὕλης
1687 2073 1904 2142 νοούμε-

355 2174 455 2218 νος.
493 2157 747 2210 Τοιοῦτόν
792 2175 846 2209 τι
880 2175 966 2227 μοι
1001 2159 1242 2226 φαίνεται
1269 2161 1358 2212 καὶ
1399 2161 1521 2230 περὶ
1548 2161 1606 2212 τὸ
1636 2160 1845 2231 πνεῦμα
1875 2163 1902 2212 ὁ

353 2244 479 2305 θεὸς
497 2261 510 2273 ’
539 2244 660 2295 ἐπεὶ
683 2244 794 2313 γὰρ
817 2246 896 2306 είς
924 2245 1019 2314 τὴν
1035 2246 1143 2314 (75)
1173 2247 1345 2315 μέσην
1377 2248 1467 2298 καὶ
1491 2247 1784 2316 κοινότερον
1808 2265 1903 2300 κα-

352 2330 610 2398 λουμένην
644 2330 790 2400 ζωὴν
828 2331 1061 2400 δρῶντες
1086 2333 1181 2384 τοῦ
1233 2335 1360 2402 περὶ
1406 2335 1549 2402 ἡμᾶς
1581 2337 1899 2403 πνεύματος,

351 2417 447 2486 τὴν
493 2416 832 2486 καλουμένην
877 2418 1320 2489 σωματικὼτερον
1369 2421 1532 2490 πνοὴν
1582 2422 1723 2490 ζωῆς
1767 2422 1901 2485 ζωο-

354 2504 644 2565 ποιούμεθα
696 2506 805 2558 ἀπὸ
852 2506 944 2558 τοῦ
999 2507 1336 2576 πνεύματος,
1394 2510 1749 2580 ὑπολαμϐάνω
1808 2513 1900 2564 ἀπ’

353 2594 552 2648 ἐκείνου
585 2593 836 2665 εἰλῆφθαι
874 2594 934 2646 τὸ
971 2595 1183 2663 πνεῦμα
1220 2596 1464 2662 λέγεσθαι
1488 2599 1576 2651 τὸν
1611 2599 1738 2650 Θεὸν
1771 2600 1903 2668 πρὸς

351 2684 445 2752 τὴν
488 2685 749 2752 ἀληθινὴν
793 2681 934 2752 ζωὴν
975 2684 1120 2751 ἡμᾶς
1170 2684 1400 2750 ἄγοντα·
1445 2686 1506 2737 ea
1546 2686 1756 2756 πνεῦμα
1797 2689 1900 2759 γὰρ

352 2769 487 2821 κατὰ
535 2771 633 2838 τὴν
672 2768 892 2838 Γραφὴν
933 2768 1144 2836 λέγεται
1201 2771 1504 2834 ζωοποιεῖν,
1559 2774 1783 2844 φανερὸν
1821 2775 1900 2828 ὅτι

353 2857 670 2927 ζωοποίησιν
704 2857 765 2908 οὐ
797 2854 892 2924 τὴν
936 2856 1106 2926 μέσην
1125 2895 1140 2917 ,
1172 2856 1306 2909 ἀλλά
1330 2858 1426 2926 τὴν
1470 2859 1738 2929 θειοτέραν
1760 2877 1774 2890 ο
1809 2863 1900 2913 καὶ

350 2949 455 3016 γὰρ
499 2948 558 2999 τὸ
620 2947 854 3016 γράμμα
886 2937 1210 3008 ἀποκτείνει,
1253 2947 1343 2998 καὶ
1388 2949 1600 3016 ἐμποιεῖ
1653 2950 1896 3015 θάνατον,

348 3038 406 3088 οὐ
445 3037 534 3088 τὸν
578 3036 718 3088 κατά
755 3036 846 3088 τὸν
894 3035 1165 3105 χωρισμὸν
1203 3035 1300 3103 τῆς
1338 3034 1508 3105 ψυχῆς
1537 3037 1642 3089 ἀπὸ
1665 3038 1757 3090 τοῦ
1788 3038 1892 3091 σώ-

355 3142 518 3193 ματος
537 3163 553 3188 ,
593 3124 729 3176 ἀλλά
760 3124 852 3176 τὸν
883 3123 1021 3176 κατὰ
1057 3123 1146 3175 τὸν
1180 3122 1320 3191 (76)
1354 3125 1620 3193 χωρισμὸν
1659 3126 1756 3194 τῆς
1789 3126 1892 3195 ψυ-

350 3213 450 3281 χῆς
479 3212 586 3264 ἀπὸ
617 3211 711 3263 τοῦ
745 3210 911 3275 Θεοῦ,
952 3212 1046 3264 καὶ
1080 3210 1172 3262 τοῦ
1211 3211 1413 3279 Κυρίου
1449 3211 1642 3278 αὐτοῦ,
1683 3215 1772 3266 καὶ
1800 3213 1892 3266 τοῦ

351 3300 504 3366 ἁγίου
536 3300 871 3368 Πνεῦματος.

419 3390 505 3442 24.
534 3390 757 3459 Μήποτε
795 3389 850 3440 δὲ
890 3387 983 3440 καὶ
1023 3389 1119 3440 τό·
1157 3406 1179 3438 ι
1228 3387 1549 3450 Ἀντανελεῖς
1589 3388 1646 3443 τὸ
1687 3391 1895 3461 πνεῦμα

357 3476 526 3528 αὐτῶν
546 3515 561 3537 ,
598 3476 692 3528 καὶ
731 3474 1066 3543 ἐκλείψουσι⁸
1105 3493 1124 3524 »
1173 3475 1293 3538 καὶ,
1332 3493 1351 3526 ι
1404 3475 1799 3540 Ἐξαποστελεῖς
1835 3480 1893 3532 τὸ

362 3565 564 3633 πνεῦμά
590 3582 719 3625 σου,
755 3565 848 3616 κα)⁸
887 3563 1290 3632 κτισθήσονται,
1330 3565 1420 3616 καὶ
1465 3566 1786 3628 ἀνακαινιεῖς
1835 3568 1896 3620 τὸ

365 3654 636 3720 πρόσωπον
667 3654 769 3722 τῆς
799 3654 901 3722 γῆς
922 3693 936 3716 ,
977 3670 996 3704 ι
1048 3652 1246 3721 βέλτιον
1282 3651 1616 3721 ὲκληψόμεθα
1658 3656 1761 3707 ἀπὸ
1799 3657 1890 3709 τοῦ

366 3739 681 3810 Πνεῦματος,
705 3743 800 3794 καὶ
829 3741 1290 3810 ὑπολαμϐάνοιμεν
1312 3742 1442 3809 (77),
1467 3743 1545 3793 ὅτι
1571 3745 1597 3794 ὁ
1630 3746 1895 3813 στερισκό-

367 3845 512 3894 μενος
541 3829 633 3882 τοῦ
659 3829 803 3881 θείου
831 3830 1140 3897 Πνεύματος
1160 3829 1335 3897 χοῖκὸς
1355 3828 1575 3895 γίνεται,
1602 3831 1892 3899 ἐπιτήδειόν

361 3931 413 3968 τε
444 3919 628 3971 ἑαυτὸν
662 3919 890 3986 ποιήσας
927 3917 1060 3986 πρὸς
1095 3915 1395 3986 παραδοχὴν
1422 3916 1580 3968 αὑτοῦ
1603 3955 1616 3979 ,
1663 3918 1755 3969 καὶ
1802 3917 1895 3969 λα-

362 4006 459 4058 ϐὼν
488 4007 617 4059 αὐτὸ
647 4004 1094 4074 ἀνακτισθήσεται
1118 4005 1212 4056 καὶ
1241 4005 1736 4075 ἁνακαινισθήσεται
1763 4007 1891 4077 (78).

422 4121 464 4150 ³⁸
494 4119 635 4173 Psal.
665 4134 826 4179 xxvt,
857 4118 906 4171 l.
981 4118 1024 4149 ”
1061 4117 1220 4172 llebr.
1250 4132 1344 4182 xu,
1370 4117 1456 4170 29.

359 4185 406 4242 6.
479 4188 592 4219 “"'
621 4188 750 4241 ibid.
824 4187 870 4217 ⁵⁰
899 4184 1037 4240 Psal.
1070 4198 1184 4246 cm,
1213 4185 1301 4238 29.
1375 4186 1418 4216 ⁵¹
1444 4185 1568 4238 ibid.
1599 4186 1688 4238 50.

1533 4117 1578 4188 ἕο
1602 4117 1772 4188 [ϐου.
1822 4135 1905 4184 m,
1932 4121 2017 4174 12.
2091 4123 2132 4153 ⁸⁸
2160 4121 2318 4176 llebr.
2343 4139 2440 4187 xu,
2465 4122 2555 4176 29.
2627 4125 2669 4154 “
2689 4121 2841 4176 Joa‘n.
2870 4137 2942 4188 IV,
2971 4122 3059 4176 24.

1999 1793 2312 1848 iuvisibilem
2340 1803 2394 1848 et
2428 1795 2794 1863 incorpoream
2843 1795 3034 1857 lucem,
3060 1792 3215 1861 233
3246 1792 3325 1845 sic
3351 1792 3525 1846 dictus

1999 1895 2215 1953 propter
2253 1885 2360 1938 vim
2403 1865 2732 1938 illuminandi
2771 1883 2954 1938 oculos
3008 1883 3387 1954 intclligibiles.
3419 1885 3525 1950 Ap-

1998 1975 2221 2042 pellatur
2263 1974 2424 2027 etiam
2470 1991 2489 2024 ι
2524 1973 2660 2042 ignis
2716 1973 3159 2036 consumens“,i
3217 1970 3524 2027 considera-

2001 2063 2145 2115 tione
2191 2063 2369 2116 habita
2403 2063 2469 2116 ab
2501 2077 2565 2115 eo
2597 2063 2715 2130 igne
2742 2063 2831 2130 qui
2868 2072 2949 2116 est
2997 2077 3280 2130 corporeus
3313 2071 3366 2114 et
3399 2076 3525 2114 con-

1999 2161 2236 2218 sumptor
2269 2151 2388 2204 talis
2424 2150 2676 2204 materiae.
2710 2149 2895 2204 Simile
2933 2151 3181 2218 quiddam
3215 2150 3343 2202 mihi
3379 2149 3524 2202 vide-

2001 2249 2089 2293 tur
2117 2255 2233 2294 esse
2287 2241 2444 2302 Deus,
2492 2255 2612 2292 cum
2650 2240 2866 2306 spiritus
2905 2239 3098 2294 dicitur
3134 2241 3178 2272 “
3215 2254 3231 2292 :
3273 2240 3522 2308 quoniam

2000 2328 2139 2381 enim
2175 2327 2530 2380 viviﬁcatione
2559 2342 2620 2382 ea
2654 2343 2773 2396 quae
2808 2329 2978 2382 media
3021 2337 3122 2392 est,
3155 2335 3210 2380 et
3238 2342 3354 2395 quae
3377 2341 3525 2381 com-

2000 2416 2227 2470 muniori
2270 2415 2525 2470 vocabulo
2547 2417 2651 2468 vita
2689 2415 3000 2486 appellatur,
3030 2416 3172 2470 dicta
3211 2416 3370 2470 etiam
3399 2429 3522 2467 cor-

1999 2505 2196 2573 poralis
2242 2502 2398 2558 ﬂatus
2430 2505 2548 2557 vita:
2573 2541 2588 2567 ,
2615 2505 2855 2558 viventes
2883 2505 3213 2557 viviﬁcamur
3245 2518 3274 2556 a
3304 2503 3523 2571 spiritu;

2001 2592 2122 2647 inde
2150 2601 2414 2661 sumptum
2441 2591 2606 2646 fuisse
2632 2593 2887 2654 arbitror,
2931 2601 2988 2645 ut
3021 2593 3162 2647 Deus
3205 2592 3404 2648 ducens
3433 2608 3529 2647 nos

1998 2682 2064 2736 ad
2092 2682 2252 2735 vitam
2288 2696 2492 2745 veram,
2531 2683 2750 2750 spiritus
2801 2682 3026 2736 dicatur.
3076 2683 3308 2750 Spiritus
3359 2685 3525 2748 enim,

1999 2785 2150 2826 more
2179 2787 2342 2826 sacrae
2385 2771 2697 2842 Scriptura,
2721 2773 2912 2828 dicitur
2939 2775 2989 2826 id
3020 2773 3159 2842 quod
3206 2773 3438 2828 viviﬁcat
3459 2774 3524 2837 “,

2001 2877 2106 2916 non
2138 2877 2202 2916 ea
2235 2862 2617 2926 viviﬁcatione,
2649 2877 2765 2930 quae
2792 2874 2874 2916 est
2896 2862 3092 2927 media,
3119 2861 3213 2916 sed
3241 2861 3523 2926 diviniori;

1998 2952 2192 3006 etenim
2218 2951 2393 3005 littera
2410 2952 2606 3006 occidit
2624 2951 2758 3016 διάη,
2781 2962 2832 3005 et
2848 2953 3120 3020 ingenerat
3147 2961 3390 3017 mortem,
3421 2967 3524 3005 non

1997 3054 2114 3092 eam
2145 3053 2262 3106 qua:
2289 3048 2370 3092 est
2396 3040 2658 3106 separatio
2707 3040 2896 3092 animm
2923 3054 2952 3091 a
2989 3053 3230 3106 corpore,
3261 3039 3354 3093 sed
3382 3055 3524 3093 mor-

1997 3135 2102 3179 tem
2141 3139 2260 3193 quae
2309 3127 2540 3179 animam
2575 3141 2604 3181 a
2643 3127 2751 3181 Deo
2776 3134 2829 3184 et
2858 3125 3082 3181 Domino
3125 3141 3223 3182 suo
3257 3136 3310 3182 et
3337 3137 3522 3183 sancto

1996 3214 2195 3283 Spiritu
2221 3224 2455 3284 separat.

2064 3388 2154 3442 24.
2189 3388 2320 3444 Vide
2348 3390 2508 3460 igitur
2527 3407 2592 3445 ne
2617 3395 2754 3446 forte
2777 3391 2901 3445 illud
2933 3405 2949 3446 :
2985 3409 3004 3444 ι
3035 3392 3255 3446 Auferes
3275 3393 3518 3461 spiritum

1995 3476 2062 3530 ab
2099 3477 2196 3543 eis,
2223 3486 2275 3532 et
2313 3479 2663 3545 deﬁcient";
2696 3500 2714 3532 ι
2748 3491 2804 3535 et
2845 3480 3012 3534 illud:
3048 3499 3067 3532 ι
3105 3481 3328 3536 Emittcs
3365 3483 3523 3552 spiri-

1997 3571 2103 3616 tum
2135 3575 2299 3628 tuum,
2334 3577 2388 3619 et
2423 3568 2768 3632 creabantur,
2803 3576 2856 3622 et
2879 3569 3163 3623 renovabis
3191 3569 3379 3624 l'aciem
3410 3579 3518 3625 ter-

1994 3668 2066 3706 ra:
2086 3655 2152 3717 ⁸¹,
2176 3673 2196 3706 ι
2234 3655 2420 3710 melius
2450 3670 2832 3723 exponeremus
2860 3659 2924 3712 de
2953 3658 3132 3711 divino
3160 3657 3378 3726 Spiritu,
3408 3659 3521 3712 exi-

1995 3741 2272 3795 stimantes
2302 3744 2444 3808 quod
2474 3743 2562 3810 qui
2606 3743 2846 3811 privatur
2873 3744 3050 3797 divino
3096 3745 3318 3811 Spiritu,
3351 3753 3519 3798 terre-

1996 3844 2096 3883 nus
2129 3829 2424 3893 eiliciatur;
2460 3846 2580 3884 cum
2611 3839 2798 3891 contra
2837 3831 2927 3898 qui
2955 3841 3134 3896 aptum
3175 3831 3404 3897 seipsum
3433 3829 3518 3892 fe-

1995 3917 2130 3971 cerit
2155 3923 2220 3973 ad
2251 3920 2638 3985 susceptionem
2668 3917 2856 3987 ipsius,
2888 3931 2940 3973 et
2967 3933 3088 3972 eum
3119 3919 3402 3986 acceperit,
3427 3931 3517 3969 re-

1999 4018 2218 4061 novetur
2249 4020 2302 4061 et
2330 4009 2500 4062 denuo
2527 4017 2758 4062 creetur.
2799 4007 3107 4077 Huiusmodi
3141 4006 3389 4074 quiddam
3435 4015 3520 4060 est

3136 4121 3178 4153 ⁵⁸
3204 4121 3245 4175 ll
3271 4121 3393 4176 Cor.
3433 4135 3514 4185 tu,

423 4276 530 4344 (74)
557 4275 685 4352 ’Τοῦ
718 4273 829 4327 νοῦ
855 4273 1113 4352 ,ἀοράτου
1153 4271 1306 4339 ἡμᾶς
1330 4274 1887 4352 ’,αὺίὸνιύπολαίιϐάτ

1989 4275 2341 4352 εεςβινξεουηι
2372 4291 2474 4330 non
2506 4287 2625 4330 est:
2656 4276 2898 4352 omam;
2920 4275 3058 4352 q_uo_d
3089 4275 3285 4352 legisse
3307 4274 3516 4352 vitisator

355 4338 478 4395 νεὶν
501 4338 742 4410 acac”...
775 4341 870 4395 καί
909 4338 1136 4410 πρέπον
1177 4338 1244 4408 γε
1268 4338 1362 4410 ᾃτῷ
1402 4342 1594 4410 Κυρίῳ
1646 4338 1773 4394 ἐστὶ
1823 4345 1887 4395 τὸ

353 4408 686 4464 ἀναλίσκον
717 4410 789 4463 τὰ
813 4409 1072 4472 τοιαῦτα,
1102 4419 1206 4462 etc.
1260 4408 1347 4460 Sic
1398 4409 1538 4461 hunc
1589 4409 1781 4469 locum.
1836 4412 1886 4463 in

353 4481 534 4532 codice
562 4478 733 4545 Regio
764 4479 958 4530 misere
1011 4477 1328 4529 luxatnmet
1361 4475 1608 4545 hiatibus
1649 4477 1886 4545 plenum,

353 4548 567 4599 sanitati
623 4544 958 4598 restituimus
1003 4545 1195 4611 partim
1226 4559 1288 4597 ex
1337 4544 1518 4598 codice
1577 4544 1885 4606 Bodleiano,

350 4624 414 4674 pa
426 4624 464 4664 rt
477 4615 543 4664 im
579 4629 643 4664 cx
677 4613 990 4665 Barberino.

421 4682 534 4748 (75)
577 4681 744 4733 Ἐπεὶ
763 4678 872 4746 γὰρ
909 4679 1152 4748 είςᾼτήν,
1177 4686 1278 4731 etc.
1314 4677 1484 4748 Locus
1505 4679 1592 4732 hic
1613 4679 1887 4748 curatione

348 4744 571 4816 indiget,
610 4744 780 4815 quam
813 4744 876 4799 ex
915 4746 1186 4816 codicibus
1225 4747 1421 4816 nostris
1467 4761 1609 4816 mss.
1650 4747 1737 4816 vi_x
1785 4747 1885 4816 sibi

342 4813 763 4882 quis’sponilere
793 4813 979 4882 possit.
1008 4813 1088 4865 Ad
1113 4815 1401 4882 marginem
1447 4813 1645 4866 codicis
1688 4813 1886 4867 Barbe-

342 4885 453 4934 rini
477 4879 532 4935 et
558 4879 834 4933 Bmllciani
871 4879 1067 4950 legitur
1099 4895 1112 4929 :
1149 4880 1298 4950 ‘Egtel
1346 4879 1452 4950 γᾲρ
1496 4883 1542 4931 οἱ
1583 4882 1888 4950 τὴνῌμέσην

340 4952 438 5019 gat
463 4950 770 5019 κοινότερον
807 4946 1154 5019 καλουμένην,
1197 4946 1336 5019 ζωὴν
1389 4946 1582 5010 ζῶντες
1620 4946 1730 5019 τοῦς
1766 4946 1888 5017 περὶ

335 5015 490 5086 ἡμᾶς
529 5013 864 5086 ματος,
907 5013 1011 5086 τὴν
1070 5013 1397 5086 κμλουμένην
1449 5013 1887 5086 σωματικῲτερὸν

336 5079 514 5154 ττνοὴν
550 5079 720 5154 ζωῆς,
751 5079 1182 5154 ζωοποιούμῖεθα,
1213 5079 1365 5154 ὀυς-,ζ
1399 5079 1556 5154 quam
1609 5079 1886 5154 lectionem

334 5146 808 5216 §ecuiusvldetur
852 5146 1176 5216 Ferrarins.‘
1209 5146 1481 5201 Perionius
1520 5162 1614 5213 pro
1662 5149 1888 5216 ὁρῶντες

335 5212 538 5284 !egisse
561 5218 775 5271 videtur
803 5214 1079 5284 ὑπιόντος,
1121 5213 1212 5284 _sic
1266 5227 1438 5284 autem
1502 5212 1667 5284 totum
1694 5212 1885 5284 'Iocum

333 5279 728 5354 interpretatus
753 5291 841 5337 est
870 5298 886 5334 :
919 5279 1220 5354 «Quoniam
1243 5282 1380 5354 enim
1406 5296 1527 5334 cum
1558 5281 1613 5354 in_
1641 5282 1885 5354 mediam,

326 5363 394 5406 et
427 5346 650 5416 in'eam,
683 5365 810 5418 quae
838 5346 1043 5412 sapius
1064 5347 1168 5418 vita
1195 5349 1505 5418 appellatur,
1539 5347 1887 5418 spiritusqui

322 5426 431 5479 hos
459 5411 654 5482 ambit,
701 5411 880 5470 intrat
906 5411 976 5463 eo
1001 5411 1183 5482 spiritu
1208 5411 1343 5478 vitae,
1371 5415 1459 5480 qui
1488 5411 1888 5482 crassioridici-

317 5477 434 5547 tur.
469 5493 576 5544 vivi
609 5477 892 5541 eilicimur
916 5477 1183 5547 aspiritu,
1217 5498 1235 5529 ι
1272 5477 1458 5533 ειὲᾞΙιι
1496 5479 1679 5532 codice
1726 5481 1889 5547 Regio

301 5534 930 5634 legitur
953 5534 1208 5611 ὁπῶντες,
1241 5555 1294 5600 at
1342 5547 1675 5614 participium
1727 5534 1889 5600 ὁπῶνο

1988 4345 2280 4400 Perionius.
2311 4359 2468 4398 sensu
2491 4355 2655 4408 caret,
2684 4347 2913 4412 itemque
2937 4343 3165 4412 ὁρῶντες
3189 4342 3342 4395 codd.
3363 4341 3513 4412 Bod-

1988 4413 2142 4465 leiani
2166 4421 2220 4463 et
2243 4413 2536 4465 Barberini.
2565 4413 2698 4465 Aliis
2716 4410 2846 4480 ergo
2879 4410 2983 4477 pro
3001 4411 3230 4480 ὁρῶντες
3272 4410 3512 4480 scriben-

1987 4480 2109 4548 du_m
2126 4480 2339 4548 rvidetur
2364 4480 2613 4548 ὁρῶντος,
2637 4495 2698 4533 ac
2720 4479 2935 4533 vertunt
2963 4479 3197 4548 adhunc
3243 4479 3463 4548 modum
3496 4495 3510 4530 :

1991 4565 2009 4614 ι
2044 4545 2170 4600 Tale
2201 4546 2325 4614 quid
2379 4545 2505 4600 mihi
2559 4549 2764 4601 videtur
2794 4556 2848 4600 et
2895 4550 2959 4599 de
3006 4545 3131 4599 illo:
3161 4545 3396 4614 Spiritus
3432 4555 3518 4598 est

1989 4613 2141 4684 Deus.
2179 4632 2197 4664 ι
2244 4613 2372 4666 Nam
2424 4617 2544 4682 quia
2583 4631 2700 4668 cum
2732 4614 2951 4684 spiritus
2983 4623 3162 4667 noster
3190 4613 3406 4684 _Spectet
3445 4616 3510 4662 ad

1988 4682 2255 4751 mediam,
2313 4691 2367 4734 et
2408 4681 2706 4751 Avulgarius
2763 4681 3096 4751 appellatam
3151 4682 3336 4751 vitam,
3393 4695 3512 4746 quae

1986 4750 2152 4816 magis
2184 4747 2955 4818 corporaliter—vocaturﬂatus
2995 4751 3135 4818 vitm,
3185 4747 3510 4818 viviﬁcamnr

1986 4830 2014 4866 a
2049 4815 2235 4887 spiritu
2257 4815 2429 4887 {inde
2462 4829 2727 4887 sumptum
2752 4815 2916 4887 fuisse
2955 4816 3215 4887 arbitror,
3256 4816 3502 4887 ut_Deus,

1985 4881 2091 4948 qui‘
2117 4898 2212 4937 nos
2237 4885 2380 4937 ducit
2426 4887 2490 4939 ad
2535 4881 2714 4939 veram
2779 4883 2959 4944 vitam,
3009 4882 3226 4946 spiritus
3281 4881 3502 4948 dicatur.

1986 4947 2215 5016 Spiritus
2253 4953 2390 5009 enim
2414 4955 2706 5008 secundum
2746 4949 3072 5014 Scripturam
3113 4949 3306 5000 dicitu‘r
3334 4947 3505 5000 viviﬁ-

1986 5015 2128 5082 care,
2157 5020 2315 5084 plane
2359 5035 2464 5076 non
2489 5017 2843 5072 viviticatione
2887 5015 3080 5076 media,
3113 5017 3204 5068 sed
3255 5029 3339 5078 ea,
3385 5030 3505 5082 qua:

1986 5086 2212 5139 divinior
2239 5095 2337 5138 est.
2379 5105 2397 5136 ι

2075 5154 2163 5217 76)
2189 5153 2344 5206 Κατὰ
2388 5155 2511 5206 τόν.
2542 5153 2697 5204 Deest
2733 5151 2784 5201 in
2811 5149 3006 5217 codice
3027 5146 3214 5214 Regio.

2078 5215 2842 5337 ξηιῐξαλύπολαμϐάνοιμεν.
2901 5215 3009 5267 Καί
3063 5219 3391 5272 desideratur
3449 5219 3501 5272 in

2078 5302 2163 5337 tice
2239 5302 2371 5337 emt).

1985 5302 2163 5341 (3011106
2189 5302 2371 5341 nemo.

2189 5303 2790 5417 ξῘὶθινὶἔιέιῗὶαινισθήσετιιι.
2813 5349 2902 5419 Sic
2933 5361 3073 5405 recte
3107 5353 3302 5405 habent
3347 5354 3500 5406 codd.

1987 5417 2306 5492 Bodleianns
2332 5432 2382 5472 et
2409 5421 2746 5484 Barbcrinus,
2770 5418 2820 5472 in
2855 5417 3020 5489 liegio
3069 5434 3338 5492 pcrperam
3375 5425 3499 5490 legi-

1989 5501 2075 5543 tur
2098 5489 2408 5556 σωθήσεται.
