3828 6202
320 265 414 317 4H

1345 259 1686 327 CONIMENT.
1725 271 1790 324 IN
1825 271 2010 326 JO.\N.
2050 269 2280 324 TOMUS
2316 269 2449 324 Xlll.

3369 273 3471 325 459.

320 378 464 441 ῑαξεν
493 379 638 447 ἡμᾶς
673 380 844 433 ταῦτα
882 383 1068 444 είπὼν,
1107 384 1218 446 πῶς
1243 386 1269 436 ὁ
1299 383 1427 446 Θεὸς
1459 385 1669 453 πνεῦμά
1709 387 1838 436 ἐστι·

1948 385 2160 446 dixerit,
2195 385 2333 437 haud
2379 383 2491 436 scio
2539 396 2604 434 an
2629 380 2872 435 docuerit
2924 394 3018 434 nos
3047 381 3307 448 quomodo
3335 383 3470 435 υι-ιιε

319 469 375 519 τὸ
405 468 459 522 δέ
479 483 493 498 ⁸
534 487 551 516 ι
585 470 720 531 Τοὺς
755 474 1184 540 προσκυνοῦντας
1213 478 1268 528 ἐν
1304 475 1562 544 πνεύματι
1593 477 1684 528 καὶ
1716 477 1844 546 ἁλη-

320 563 434 631 θείᾳ
464 563 543 615 δεῖ
576 571 926 634 προσκυνεῖν,
980 586 998 618 »
1038 570 1340 636 σαφηνίζειν
1381 569 1610 637 νομίζων
1653 569 1841 638 φησίν·

322 669 342 702 ι
378 651 560 714 Ἀξίως
590 651 683 703 τοῦ
724 659 1184 725 προσκυνουμένω
1210 658 1599 728 πνευματικῶς,
1622 659 1681 710 οὐ
1720 675 1847 727 σαρ-

320 739 510 799 κικῶςο
549 740 644 791 καὶ
681 741 789 810 γὰρ
825 742 975 794 αὐτοὶ
1010 745 1105 812 τῆς
1138 745 1299 814 αὐτῆς
1340 745 1546 813 φύσεως
1590 745 1736 808 ὄντες
1771 747 1846 814 τῷ

318 827 483 893 Πατρὶ
519 826 736 896 πνεῦμά
767 830 931 890 εἰσιν,
968 832 1157 894 οἵτινες
1190 833 1324 885 κατὰ
1359 834 1626 903 ἀλήθειαν,
1664 835 1754 885 καί⁵
1785 835 1844 887 οὐ

319 915 449 965 κατὰ
471 914 676 985 πλάνην
691 917 1062 985 προσκυνοῦσι,
1082 920 1210 972 καθὸ
1225 921 1315 972 καὶ
1338 923 1364 972 ὁ
1391 921 1696 982 Ἀπόστολος
1709 922 1848 974 διδά-

317 1017 429 1052 σκει
442 1000 612 1066 λέγων
631 1003 848 1073 λογικὴν
868 1005 1116 1072 λατρείαν
1127 1009 1219 1078 τὴν
1233 1009 1478 1078 τοιαύτην
1494 1010 1807 1063 θεοσέϐειαν.
1823 1028 1840 1059 »

324 1089 728 1157 Ἐπιστήσωμεν
773 1092 828 1143 δὲ
879 1093 986 1164 (88)
1029 1096 1075 1145 εί
1122 1097 1194 1165 μὴ
1231 1097 1425 1166 σφόδρα
1472 1098 1612 1149 ἐστὶν
1661 1098 1847 1160 ἀσεϐὲς

311 1175 620 1241 ὁμοουσίους
653 1179 717 1245 τῇ
749 1178 1020 1248 ἀγεννήτῳ
1061 1180 1214 1246 φύσει
1257 1183 1367 1233 καὶο
1392 1184 1749 1252 παμμακαρίᾳ
1774 1180 1848 1235 εἷ-

311 1278 393 1314 ναι
436 1262 616 1328 λέγειν
647 1265 772 1326 τοὺς
808 1268 1232 1334 προσκυνοῦντας
1259 1271 1315 1320 ἐν
1349 1269 1609 1339 πνεύματι
1638 1271 1744 1340 (89)
1774 1271 1848 1340 τῷ

307 1348 438 1417 Θεῷ,
498 1349 593 1410 οὓς
643 1351 748 1420 πρὸ
789 1351 1013 1421 βραχέος
1054 1351 1200 1408 εἶπεν
1251 1357 1405 1420 αὐτὸς
1453 1361 1481 1409 ὁ
1541 1359 1846 1426 Ἡρακλέων

306 1436 743 1500 ἐκπεπτωκότας,
787 1439 882 1510 τὴν
933 1443 1248 1511 Σαμαρεῖτιν
1287 1445 1452 1512 λέγων
1485 1448 1848 1516 πνευματικῆς

305 1523 508 1590 φύσεως
536 1519 704 1578 οὖσαν
741 1528 1221 1597 ἐκπεπορνευκέναι
1246 1532 1378 1600 (90).
1424 1534 1556 1585 Ἀλλ’
1589 1536 1682 1603 οὐχ
1716 1535 1848 1604 ὁρῶ-

305 1627 384 1663 σιν
420 1614 466 1664 οἱ
509 1614 688 1666 ταῦτα
725 1615 988 1682 λέγοντες,
1015 1619 1094 1670 ὅτι
1128 1621 1320 1681 παντὸς
1350 1621 1453 1672 τῶν
1487 1623 1731 1674 ἐναντίων
1756 1625 1847 1676 κα)⁸

1944 475 2012 527 sit
2061 472 2296 540 spiritus.
2325 470 2455 524 Illud
2481 472 2639 525 etiam
2667 489 2681 523 :
2724 487 2742 520 ‹
2765 470 3062 523 Adorantes
3107 479 3313 534 oportet
3341 473 3468 522 ado-

1945 574 2064 612 rare
2095 560 2146 611 in
2177 558 2364 626 spiritu
2395 566 2449 611 et
2481 558 2700 610 veritate
2717 558 2783 619 u;
2814 575 2832 607 »
2871 565 3017 608 ratus
3069 571 3125 609 se
3169 557 3466 620 declarare,

1945 646 2151 716 inquit:
2183 667 2199 698 σ
2223 648 2325 701 Pro
2349 648 2604 715 dignitate
2635 646 2746 712 ejus
2773 647 2860 712 qui
2893 646 3146 698 adoratur
3178 646 3467 711 spirituali-

1945 745 2046 802 ter,
2081 752 2184 790 non
2231 736 2520 790 carnaliter
2549 756 2560 788 :
2588 737 2781 788 etenim
2832 736 2931 802 ipsi
2982 735 3214 799 ejusdem
3265 745 3465 787 natura:

1943 841 2062 880 cum
2117 825 2272 878 Patre
2328 824 2647 878 exsistenles
2701 832 2826 877 sunt
2871 822 3104 889 spiritus,
3139 823 3227 890 qui
3279 835 3465 874 secun-

1944 915 2068 967 dum
2121 915 2392 967 veritatem
2441 922 2495 966 et
2553 927 2655 965 non
2711 913 2999 964 secundum
3051 924 3282 962 errorem
3337 908 3466 958 ado-

1945 1012 2086 1065 rant,
2143 1003 2583 1068 quemadmodum
2643 1010 2699 1054 et
2742 999 3024 1066 Apostolus
3074 999 3224 1050 docet
3283 997 3466 1048 dicens

1950 1107 1968 1138 ι
2009 1088 2370 1142 rationabilem
2431 1089 2625 1142 cultum
2668 1089 2741 1150 ⁶⁰,
2781 1106 2798 1137 »
2841 1087 2992 1139 talem
3044 1086 3134 1138 Dei
3192 1083 3407 1136 cultum.
3439 1101 3457 1133 »

1945 1176 2101 1244 235
2141 1177 2242 1229 Sed
2280 1178 2649 1230 adnotabimus
2693 1191 2756 1227 an
2805 1189 2906 1227 non
2938 1173 3088 1226 valde
3129 1173 3197 1225 sit
3239 1172 3457 1237 impium

1947 1266 2121 1319 dicere
2145 1265 2280 1332 quod
2304 1265 2580 1317 adorantes
2611 1265 2770 1316 Deum
2805 1263 2857 1314 in
2882 1261 3066 1327 spiritu
3100 1259 3174 1329 [et
3194 1256 3460 1325 veritate,]

1944 1354 2175 1422 ejusdem
2209 1354 2313 1404 sint
2334 1353 2576 1406 essentia:
2603 1365 2720 1404 cum
2747 1350 2976 1418 ingenita
3001 1349 3086 1406 illa
3118 1357 3171 1400 et
3195 1349 3458 1414 undequa-

1946 1454 2046 1507 que
2073 1441 2224 1492 beata
2262 1447 2471 1503 natura,
2496 1453 2629 1506 quos
2657 1438 2812 1506 paulo
2839 1449 2962 1490 ante
2994 1437 3199 1488 dixerat
3229 1434 3338 1502 ipse
3359 1433 3463 1486 lle-

1945 1533 2156 1586 racleon
2210 1531 2384 1598 lapsos
2428 1530 2619 1592 fuisse,
2684 1544 2802 1581 cum
2847 1527 3220 1581 Samaritidem
3267 1527 3465 1578 diceret

1945 1619 2232 1685 spiritualis
2254 1619 2597 1670 exsistentem
2622 1625 2844 1678 natum,
2871 1615 3258 1668 meretricatam
3281 1613 3461 1668 fuisse.

301 1699 402 1750 τῶν
435 1700 611 1752 αὐτῶν
657 1702 920 1755 δεκτικόν.
958 1705 1019 1756 Εί
1053 1705 1106 1756 δὲ
1139 1705 1347 1768 ἐδέξατο
1382 1709 1440 1759 τὸ
1485 1711 1765 1778 πορνεῦσαι
1809 1714 1838 1782 ἡ

1946 1683 2046 1758 Sed
2077 1706 2189 1758 hrec
2217 1705 2450 1764 dicentes
2477 1718 2579 1756 non
2630 1702 2811 1756 vident
2831 1703 3046 1756 omnino
3073 1702 3462 1755 contrariorum

302 1790 637 1860 πνευματικὴ
671 1792 852 1859 φύσις,
883 1793 1157 1860 ὁμοούσιος
1177 1793 1304 1848 οὖσα
1328 1800 1390 1866 τῇ
1415 1797 1702 1867 ἀγεννήτῳ,
1726 1801 1838 1852 ἀνό-

1945 1809 2050 1846 rem
2076 1793 2314 1847 eamdem
2347 1807 2463 1846 esse
2504 1806 2775 1858 capacem.
2809 1791 2956 1854 Quod
2995 1790 3038 1842 si
3083 1789 3334 1855 spiritalis
3365 1803 3464 1841 na—

303 1892 388 1927 σια
414 1877 502 1928 καὶ
534 1878 672 1930 ἄθεα
711 1879 805 1932 καὶ
834 1879 1000 1948 ἀσεϐῆ
1038 1881 1310 1932 ἀκολουθεί
1338 1881 1411 1950 τῷ
1447 1883 1584 1952 λόγῳ
1613 1885 1687 1954 τῷ
1725 1887 1838 1938 κατ’

1945 1889 2082 1943 tura,
2116 1894 2234 1947 qua
2263 1881 2493 1944 ejusdem
2521 1889 2602 1932 est
2633 1894 2695 1931 ac
2726 1880 2900 1930 divina
2934 1878 3263 1939 substantiae,
3294 1877 3460 1928 forni-

300 1963 484 2025 αὐτοὺς
500 1966 629 2035 περὶ
646 1966 800 2017 Θεοῦ·
819 1968 937 2018 οὐδὲ
963 1969 1386 2036 φαντασιωθῆναι
1409 1971 1680 2024 ἀκίνδυνόν
1699 1975 1838 2024 ἐστιν

1945 1968 2049 2020 cari
2085 1969 2272 2033 potuit,
2299 1966 2540 2034 profana,
2569 1975 2621 2018 et
2648 1965 2830 2032 impia,
2856 1973 2909 2017 et
2940 1963 3227 2030 irreligioso
3264 1965 3326 2016 de
3355 1962 3461 2014 Deo

298 2049 555 2120 ἀλλήλοις.
602 2052 922 2122 Πειθόμενοι
968 2055 1042 2123 τῷ
1079 2056 1285 2125 Σωτῆρι
1322 2056 1545 2123 λέγοντιο
1575 2077 1592 2108 ι
1641 2060 1697 2110 '0
1737 2062 1838 2112 [Ια-

1945 2063 2336 2120 consequuntur
2365 2067 2426 2106 ex
2465 2068 2645 2105 eorum
2693 2053 2895 2104 ratione
2929 2067 3055 2108 :ac,
3078 2067 3142 2103 ne
3181 2066 3296 2104 sme
3329 2052 3465 2119 peri-

298 2137 393 2207 τὴρ
427 2140 454 2190 ὁ
485 2137 712 2206 πέμψας
757 2155 824 2206 με
857 2139 1052 2207 μείζων
1096 2157 1195 2208 μου
1232 2141 1366 2202 ἐστί,
1400 2160 1418 2192 »
1448 2144 1539 2194 καὶ
1573 2142 1660 2195 διὰ
1691 2145 1838 2198 τοῦτο

1945 2143 2056 2195 culo
2080 2142 2291 2209 quidem
2324 2140 2576 2209 [conferri
2626 2138 2865 2208 possunt]
2899 2141 3008 2192 haec
3049 2139 3190 2192 inter
3215 2154 3272 2192 se
3299 2149 3459 2205 atque

301 2223 371 2292 μὴ
422 2225 698 2291 ἐνεγκόντι
735 2225 868 2292 μηδὲ
913 2225 1030 2294 τὴν,
1074 2227 1289 2292 ἀγαθὸς,
1332 2231 1691 2300 προσηγορίαν
1746 2234 1838 2300 τὴν

1945 2233 2238 2300 imaginari.
2293 2231 2729 2298 Obtemperantes
2781 2229 3054 2282 Servatori
3103 2229 3295 2282 dicenti
3337 2229 3380 2258 “
3443 2242 3458 2277 :

299 2313 503 2381 κυρίαν,
544 2315 643 2365 καὶ¹
687 2314 882 2383 ἀληθῆ,
916 2316 1006 2366 καὶ
1042 2315 1247 2367 τελείαν
1280 2317 1672 2386 παραδέξασθαι
1699 2322 1838 2390 αὑτῷ

1945 2339 1963 2372 ι
1995 2321 2153 2374 Pater
2193 2321 2280 2388 qui
2325 2319 2469 2372 misit
2533 2333 2639 2379 me,
2685 2317 2853 2383 major
2901 2332 2984 2370 me
3022 2326 3122 2379 est,
3153 2334 3171 2365 »
3203 2331 3300 2369 nec
3347 2317 3463 2368 ideo

299 2402 766 2470 προσφερομένην,
808 2403 941 2457 ἀλλὰ
971 2404 1288 2473 ἀναφέροντί
1322 2405 1488 2474 αὐτὴν
1518 2409 1838 2477 εὐχαρίστως

1945 2410 2185 2462 toleranti
2214 2407 2496 2461 admittere
2514 2405 2740 2458 oblatam
2772 2405 2869 2458 sibi
2890 2404 3009 2456 boni
3032 2404 3461 2472 appellationem,

293 2489 368 2557 τῷ
398 2490 567 2558 Πατρὶ
591 2491 712 2559 μετ’
753 2494 1116 2560 ἐπιτιμήσεως
1142 2491 1273 2560 πρὸς
1295 2493 1382 2544 τὸν
1399 2493 1710 2563 βουλόμενον
1731 2497 1838 2564 (91)

1945 2500 2224 2566 propriam,
2292 2507 2344 2550 et
2397 2511 2598 2561 veram,
2643 2504 2704 2547 et
2750 2494 3059 2562 perfectam,
3097 2493 3189 2548 sed
3236 2493 3466 2561 gratiose

297 2574 668 2644 ὑπερδΟΞάζειν
719 2577 810 2628 τὸν
849 2578 994 2640 Υίὸν,
1052 2578 1262 2630 πάντων
1317 2579 1412 2646 μὲν
1453 2579 1558 2632 τῶν
1605 2582 1838 2649 γενητῶν

1945 2588 2218 2640 admodum
2253 2585 2501 2639 referenti
2535 2599 2650 2636 eam
2684 2583 2748 2634 ad
2782 2581 2990 2636 Patrem
3028 2582 3092 2645 σί,
3138 2597 3256 2634 cum
3287 2584 3462 2635 inore.

294 2661 591 2733 ὑπερέχειν,
613 2666 675 2716 οὐ
715 2666 1016 2734 συγκρίσει,
1053 2667 1165 2719 ἀλλ’
1189 2669 1286 2719 ὑπε
1296 2667 1585 2740 ρὸαλλούσῃ
1608 2672 1837 2743 ὑπεροχῇ

1945 2676 2151 2741 patione
2190 2675 2329 2728 illius
2359 2675 2445 2741 qui
2480 2674 2686 2727 volebat
2732 2671 3032 2739 glorificare
3078 2669 3292 2734 Filium,
3330 2671 3465 2724 dici-

293 2768 463 2820 φαμεν
493 2754 584 2805 τὸν
624 2753 878 2823 Σωτῆρα,
909 2755 1002 2806 καὶ
1041 2755 1099 2806 τὸ
1127 2756 1344 2824 Πνεῦμα
1378 2757 1436 2807 τὸ
1473 2743 1641 2824 ἆγίον,
1674 2760 1838 2828 ὑπερ-

1945 2779 2073 2826 mus,
2106 2778 2205 2816 non
2236 2764 2655 2830 comparatione,
2691 2761 2782 2814 sed
2808 2759 3121 2812 exuberanti
3154 2758 3462 2812 excellentia

292 2840 537 2909 εχόμενον
572 2842 684 2910 (92)
709 2841 959 2896 τοσοῦτον
995 2843 1028 2912 ἢ
1058 2843 1150 2895 καὶ¹
1185 2844 1340 2897 πλέον
1368 2846 1472 2897 ἀπὸ
1493 2847 1584 2898 τοῦ
1612 2849 1836 2916 Πατρὸς,

1945 2847 2178 2900 omnibus
2207 2861 2322 2914 quae
2349 2846 2486 2900 facta
2510 2856 2654 2908 sunt,
2680 2845 2996 2898 antecellere
3027 2844 3385 2907 Servatorem,
3409 2852 3464 2896 et

287 2926 390 2994 ὅσῳ
420 2927 680 2996 ὑπερέχει
710 2928 874 2990 αὐτὸς
925 2930 1018 2982 καὶ
1059 2931 1118 2981 τὸ
1152 2931 1300 2997 ἆγιον
1348 2931 1565 3000 Πνεῦμα
1606 2933 1709 2985 τῶν
1736 2935 1838 2986 λοι-

1945 2934 2190 3001 Spiritum
2223 2945 2484 2999 sanctum,
2516 2939 2604 3001 qui
2637 2943 2778 2986 tanta
2801 2943 2892 2985 aut
2924 2933 3127 3000 majore
3154 2932 3463 3000 prastantia

289 3015 422 3075 πῶν,
450 3017 509 3067 οὐ
531 3017 640 3068 τῶν
689 3017 982 3086 τυχόντων⁸
1017 3019 1115 3086 ὅση
1143 3019 1246 3088 γὰρ
1277 3019 1544 3087 δοξολογία
1562 3024 1650 3074 τοῦ
1676 3024 1838 3092 ὕπερ-

1945 3038 1968 3075 a
2000 3022 2156 3074 Patre
2187 3032 2485 3088 superatur,
2513 3033 2715 3090 quanta
2745 3025 2855 3090 ipse
2885 3033 3044 3088 atque
3094 3021 3321 3086 Spiritus
3348 3033 3465 3071 san-

284 3101 490 3171 έχοντος
520 3105 756 3175 θρόνων,
806 3108 1154 3176 κυριοτήτων,
1193 3108 1392 3177 ἀρχῶν,
1435 3109 1701 3174 ἐξουσιῶν,
1747 3112 1838 3164 καὶ

1945 3119 2060 3162 ctus
2097 3108 2322 3176 reliqua,
2347 3123 2452 3162 non
2473 3110 2740 3176 qualibet,
2771 3119 3044 3177 superant.
3088 3111 3294 3173 Quanta
3321 3110 3462 3161 enim

383 3257 430 3289 ”
447 3255 607 3312 Joan.
644 3273 728 3321 tv,
758 3257 849 3311 ει.

349 3371 457 3439 (88)
508 3369 970 3439 Ἐπιστήσωμεν
994 3369 1081 3434 δέ,
1104 3380 1209 3425 etc.
1243 3369 1496 3435 Origenes
1521 3371 1607 3424 hic
1657 3370 1838 3435 impie-

284 3441 406 3494 tatis
438 3437 633 3505 arguit
688 3437 1121 3499 Heracleonem,
1173 3439 1262 3505 qui
1321 3439 1558 3504 ejusdem
1609 3452 1726 3491 esse
1775 3453 1836 3490 ac

282 3508 445 3560 Deum
472 3507 731 3559 essentim
784 3505 1019 3570 fingebat
1068 3505 1372 3572 quicunque
1427 3507 1598 3571 ipsum
1644 3506 1834 3570 spiritu

282 3580 592 3627 adorarent.
636 3572 747 3637 Qui
788 3586 918 3637 ergo
966 3587 1089 3624 vera
1141 3574 1210 3626 sit
1271 3574 1526 3626 intentata
1582 3573 1836 3624 adversus

277 3658 396 3692 eum
428 3641 754 3708 criminatio
779 3640 848 3689 ab
877 3639 1199 3706 Hieronymo
1228 3641 1386 3708 epist.
1417 3639 1508 3700 59,
1550 3640 1614 3691 ad
1671 3639 1834 3702 Avit.,

277 3725 390 3774 cap.
425 3709 458 3760 4
487 3725 503 3762 :
544 3726 561 3757 σ
607 3707 689 3760 Ne
733 3721 959 3773 parvam
992 3707 1318 3772 putaremus,
1353 3708 1555 3774 inquit,
1589 3708 1832 3773 impieta-

280 3789 383 3827 tem
413 3790 531 3826 esse
561 3790 764 3828 eorum
793 3788 911 3826 «tute
942 3776 1288 3838 praemiserat,
1340 3776 1390 3826 in
1415 3775 1648 3839 ejusdem
1681 3775 1835 3826 volu-

275 3846 429 3896 minis
454 3843 621 3910 (Περὶ
647 3839 1015 3910 ἀρχῶνλιὶηθ
1044 3842 1317 3910 conjungit
1338 3856 1521 3894 omnes
1547 3841 1834 3910 rationabi-

277 3913 351 3963 les
374 3907 626 3968 nat‘uras,
671 3909 725 3960 id
752 3907 1122 3970 est,'Patrem,
1145 3907 1198 3960 et
1235 3909 1448 3966 Filium,
1478 3921 1530 3960 et
1576 3907 1827 3975 Spirituut

274 3989 540 4038 Sanctum,
572 3977 854 4044 angelos,
905 3983 1213 4039 potestates,
1273 3976 1675 4038 dominationes,
1730 3989 1831 4027 ca:-

275 4056 523 4110 Ierasqne
546 4043 814 4100 virtutes.
861 4043 1030 4107 ipsum
1055 4058 1266 4109 quoque
1324 4044 1586 4095 hominem
1635 4057 1828 4095 secun-

272 4115 392 4163 dum
422 4114 623 4164 animae
687 4111 1014 4178 dignitatem
1067 4113 1222 4162 unius
1278 4124 1399 4162 esse
1452 4110 1825 4162 substantia.»

274 4179 786 4239 rlntellectualem,
823 4178 1016 4239 inquit,
1061 4179 1539 4244 rationabilemque
1586 4187 1828 4230 naturam

274 4266 293 4298 ι
319 4250 478 4301 sentit
512 4247 682 4308 Deus,
711 4255 770 4296 et
823 4245 1124 4310 unigenitus
1153 4245 1316 4296 Filius
1349 4245 1480 4312 ejus,
1511 4255 1561 4297 et
1606 4245 1833 4311 Spiritus

273 4333 292 4364 ι
316 4325 578 4378 sanctus;
607 4313 867 4366 sentiunt
890 4312 1083 4377 angeli,
1115 4323 1167 4364 et
1195 4321 1499 4379 potestates,
1527 4323 1835 4376 caeterreque

271 4402 290 4434 ι
319 4384 548 4436 virtutes
574 4401 588 4447 ;
621 4380 797 4434 sentit
831 4379 1055 4447 interior
1083 4379 1240 4447 homo
1267 4389 1470 4440 uoster,
1491 4381 1582 4445 qui
1615 4380 1678 4447 ad
1701 4380 1832 4430 ima-

271 4470 287 4499 ι
315 4452 492 4518 ginem
524 4445 581 4502 et
621 4445 1044 4518 similitudinem
1080 4446 1168 4498 Dei
1214 4448 1459 4518 conditus
1483 4455 1586 4518 est.
1619 4446 1700 4518 Ex
1732 4462 1836 4512 quo

269 4537 286 4567 ι
319 4515 669 4571 concluditur
704 4515 904 4573 Deum,
927 4523 979 4564 et
1005 4515 1114 4566 haec
1140 4515 1528 4581 quodammodo
1546 4515 1698 4565 unius
1720 4530 1835 4566 esse

269 4604 288 4636 ι
316 4587 660 4638 substantiae.
700 4602 721 4632 »
757 4581 870 4633 Sed
904 4580 1158 4648 Origenes
1197 4597 1378 4633 vocem
1407 4581 1628 4641 addens,
1658 4600 1676 4631 ι
1713 4596 1837 4648 quo-

264 4653 573 4714 dammodo,
620 4670 640 4702 »
685 4649 996 4716 impietatis
1033 4649 1497 4716 reprehensionem
1527 4662 1554 4698 a
1579 4663 1637 4701 se
1665 4665 1838 4701 remo-

264 4731 364 4772 vet.
391 4719 606 4773 «Unum
639 4718 862 4779 addit,»
893 4717 1062 4782 inquit
1091 4717 1469 4782 Hieronymus,
1527 4731 1544 4764 t
1593 4718 1834 4779 verbum,

263 4789 682 4853 quodammodo,
733 4797 794 4838 ut
852 4781 978 4853 tanti
1006 4781 1489 4853 sacrilegiierimeq
1520 4781 1830 4850 ell'ugeret.»

263 4849 455 4918 Quidni
485 4849 1066 4922 potiusAutOpiniouis
1092 4849 1246 4922 hujus
1285 4849 1586 4922 neutiquam
1629 4849 1835 4922 amnem

266 4939 322 4974 se
352 4918 706 4979 declararet?
737 4919 835 4972 Sic
876 4919 926 4969 in
952 4919 1087 4971 libro
1119 4919 1188 4969 De
1243 4918 1512 4980 martyrio,
1562 4934 1721 4974 num.
1749 4919 1838 4979 47.

271 4993 381 5068 ᾝτι
408 4993 478 5068 δέ⁸
496 4992 594 5042 καὶ
619 4985 922 5068 Emito-ctam
953 4983 1685 5068 i'vo‘pmr'og,AﬂsiagqiaG‘fov
1709 4988 1840 5068 ’περὶ

264 5059 440 5122 οὐσίας
461 5051 693 5126 λογικῆς
725 5054 932 5128 ψυχῆς,
961 5054 1036 5128 ᾡς
1055 5051 1273 5128 ξχρξξσης
1308 5064 1358 5098 τι
1390 5054 1654 5128 συγγενὲς
1704 5051 1836 5126 Θεῷ.

268 5120 481 5189 Quodsi
513 5120 547 5179 ό
570 5120 678 5193 Ι)θῖ
712 5120 1025 5193 substantia
1040 5120 1328 5193 delibatam
1354 5123 1672 5193 censuisset
1726 5120 1842 5177 aui-

273 5183 428 5258 iuam,
454 5209 561 5246 non
597 5192 768 5244 aliine
801 5187 1007 5258 aliquid
1038 5185 1244 5245 habere,
1275 5183 1364 5234 sed
1386 5183 1548 5250 ipsius
1580 5204 1665 5255 pa
1681 5194 1840 5244 rticu-

272 5261 368 5312 tam
395 5255 518 5315 esse
542 5261 807 5324 dixisset.
833 5255 1006 5324 Alline
1043 5263 1220 5324 autem
1273 5263 1388 5324 cum
1431 5268 1492 5324 eo
1527 5259 1838 5324 quidpiam

277 5329 446 5391 habet,
471 5331 617 5396 quod
643 5328 712 5377 ad
735 5319 1170 5396 _ejus_im_aginem
1197 5315 1393 5396 condita
1420 5320 1486 5372 sit
1504 5363 1517 5386 ,
1543 5315 1731 5396 ξιυοζι
1758 5327 1839 5396 ιη-

275 5397 406 5448 mine
431 5388 623 5448 ili-vino
654 5388 846 5459 vultus
873 5388 1040 5454 ipsius
1063 5388 1285 5448 sigualﬂs
1312 5388 1396 5459 Si},
1429 5388 1586 5459 quocf
1624 5393 1840 5445 Inertis

275 5475 456 5529 expers
478 5473 533 5518 et
555 5457 1084 5529 beatitatisﬁzetermn
1131 5462 1292 5529 capax,
1322 5455 1406 5524 sit.
1462 5455 1588 5509 Hoc
1658 5461 1836 5510 etiam

280 5515 579 5586 cri'mﬁeVSé
597 5515 798 5594 purgat
826 5519 1085 5586 Origenes
1124 5515 1246 5581 quod
1274 5515 1490 5575 animant
1520 5537 1838 5589 corpora.

943 3260 988 3290 '°
1019 3259 1169 3316 Rom.
1204 3276 1302 3323 xu,
1335 3261 1385 3313 1.
1486 3261 1528 3292 ⁸⁸
1558 3258 1709 3314 Joan.
1735 3277 1838 3323 xiv,

1946 3299 1959 3314 .
2024 3261 2066 3292 ⁶¹
2089 3259 2248 3314 Marc.
2276 3275 2330 3324 ι,
2363 3262 2452 3324 18;
2485 3259 2613 3314 Luc.
2639 3276 2788 3325 xvnt,
2831 3261 2917 3314 l9.

1944 3378 2046 3438 tam
2080 3383 2196 3422 esse
2224 3370 2477 3423 decrevit.
2512 3368 2611 3434 Qui
2633 3371 2774 3423 enim
2792 3385 3043 3438 corporea
3073 3383 3160 3423 res
3196 3385 3319 3438 pars
3343 3387 3462 3430 esse

1945 3437 2030 3489 Dei
2061 3451 2282 3510 corpore
2307 3439 2558 3510 carentis.
2581 3439 2786 3510 qualem
2818 3437 2956 3510 esse
2999 3437 3239 3510 defendit
3271 3439 3461 3510 Qrige-

1935 3520 2046 3567 nes,
2073 3506 2178 3557 dici
2205 3505 2436 3573 poterit?
2461 3505 2578 3573 Nec
2609 3507 2781 3558 minus
2817 3507 2915 3559 hoc
2940 3507 3064 3558 utile
3105 3508 3242 3572 quod
3272 3505 3462 3563 Hiero-

1936 3587 2124 3641 uymus
2173 3571 2258 3640 ep.
2293 3572 2380 3634 82,
2429 3576 2494 3642 ad
2539 3571 2901 3625 Marcellinum
2938 3583 3011 3642 et,
3049 3571 3460 3642 Anapsyeltiam,

1934 3640 2240 3704 germanam
2275 3640 2520 3707 Origeuis
2551 3642 2861 3692 sententiam
2902 3640 2970 3692 ab
3004 3641 3100 3692 hac
3151 3640 3244 3706 ipsi
3291 3643 3460 3696 aﬂicta

1935 3708 2239 3774 distinguit.
2267 3708 2468 3772 «Super
2495 3708 2684 3758 anima:
2709 3716 2869 3770 statu,
2894 3707 3082 3773 ittquit,
3112 3709 3321 3760 memini
3375 3726 3464 3764 ven

1936 3785 2065 3825 strue
2092 3774 2515 3843 Aquazstiunculaa,
2540 3773 2646 3826 imo
2676 3775 2902 3843 maxime
2923 3774 3292 3843 ecclesiastica:
3320 3792 3462 3843 qure-

1945 3841 2153 3910 stionis,
2181 3851 2368 3910 utrum
2423 3842 2564 3907 lapsa
2615 3843 2681 3910 de
2714 3839 2851 3893 coelo
2891 3842 2977 3910 sit,
3029 3850 3107 3910 ιιιῄ
3137 3839 3461 3910 Pythagoras

1937 3908 2298 3975 philosophus,
2327 3921 2618 3974 omnesque
2655 3907 2910 3962 Platonici
2963 3916 3016 3959 et
3075 3907 3330 3976 Origenes
3371 3926 3464 3976 pu-

1937 3984 2077 4044 tant;
2111 3991 2176 4027 an
2215 3976 2472 4044 apropria
2500 3975 2616 4044 Dei
2660 3977 2974 4044 substantia,
3026 3985 3081 4026 ut
3117 3975 3300 4040 Stoici,
3352 3976 3460 4029 Ma-

1937 4042 2188 4105 nielueus,
2217 4054 2270 4096 et
2293 4041 2558 4111 Hispaniae
2585 4041 2899 4111 Priscilliani
2932 4043 3159 4111 haereScs
3185 4045 3462 4111 suspican-

1939 4119 2040 4178 tur.
2066 4127 2084 4159 »
2126 4111 2247 4163 Hth
2273 4109 2576 4163 observavit
2605 4109 2846 4172 Huetius,
2874 4109 3024 4174 cujus
3076 4113 3196 4164 vide
3245 4109 3463 4178 insuper

1938 4176 2366 4245 Origenianorum
2397 4178 2487 4230 lib.
2515 4192 2574 4238 ll,
2597 4188 2783 4245 quaest.
2821 4179 2870 4236 1,
2909 4191 3054 4229 num.
3089 4178 3140 4227 7.

2003 4244 2115 4312 (89)
2170 4245 2263 4297 Ἐν
2294 4244 2915 4312 πνεύματιίιῗεττυτὶυδ
2950 4246 3156 4312 legebat
3200 4245 3256 4295 ἐν
3299 4245 3461 4298 πνεύ-

1941 4311 2178 4382 ματι-καὶ
2203 4313 2424 4382 ἀληθείᾳ
2448 4311 2522 4380 τῷ
2553 4313 2685 4382 Θεῷ.

1969 4422 1972 4424 .
2006 4380 2115 4452 (uti)
2145 4380 2311 4452 Codd.
2345 4380 2684 4452 _l$odleiauus
2722 4391 2777 4452 et
2819 4381 3159 4452 Barberinus,
3183 4381 3459 4452 ἐκπεπορ-

1935 4447 2194 4508 νευκέναι,
2232 4447 2884 4515 Ιὶοεὶυδνπεπορνευκέναι.
2935 4449 3050 4501 Mox
3096 4449 3262 4501 codex
3321 4447 3458 4503 Bod-

1937 4516 2139 4586 leiauus
2166 4514 2342 4586 habet;
2386 4514 2520 4586 ᾊλλ⁸
2542 4514 2651 4586 σῦχ’
2674 4519 2866 4586 ὁρῶσιν
2891 4520 2938 4569 oi
2976 4515 3146 4586 ταῦτα
3194 4516 3456 4583 λέγοντες,

1933 4583 2014 4633 ὅτι
2041 4583 2233 4645 παντὸς
2271 4582 2373 4634 τῶν
2399 4583 2647 4635 ἐναντίων
2667 4582 2755 4636 καὶ
2787 4585 2889 4636 τῶν
2917 4584 3090 4637 αὐτῶν
3117 4582 3373 4638 δεκτικόν.
3398 4587 3458 4636 Et

1932 4652 1988 4703 δὲ
2007 4652 2218 4722 ἐδέξατο
2247 4651 2306 4703 τὸ
2360 4651 2693 4722 πορνεῦσαιῄ
2724 4653 3053 4722 πνευματικὴ
3074 4651 3248 4718 φύσις,
3278 4652 3460 4722 ὀμοούτ

1936 4735 2070 4789 σιοςν
2097 4717 2226 4774 οὖσα
2257 4722 2321 4789 τῇ
2351 4717 3460 4789 ἀγὲννήτῳ,ᾶνόσιαίυιαεεἶρα-ιιςενῄἱιειιὶ

1935 4788 2112 4907 (milli:
2133 4786 2504 4907 regsttistuuutur.
2536 4786 2688 4840 Modo
2718 4804 2812 4855 pro
2831 4789 2924 4838 mi.
2961 4786 3066 4837 τῶν
3103 4786 3274 4838 αὐτῶν
3314 4787 3458 4852 legas

1935 4871 2002 4906 κα
2053 4873 2082 4907 τ
2136 4873 2170 4907 α
2208 4875 2236 4907 τ
2272 4897 2282 4907 .

1935 4857 2025 4906 καὶ
2053 4857 2112 4907 τὸ
2136 4857 2282 4908 αὑτό.

2006 4925 2113 5002 (91)
2153 4926 2329 5002 Codex
2379 4922 2573 5002 Regius
2619 4921 3098 5002 perperam‘habet
3140 4918 3456 5002 αναξρέροντι

1939 4987 2032 5061 τὴν
2065 4993 2388 5061 εὐχαρίστως
2414 4987 2488 5059 τῷ
2516 4989 2773 5056 πνεύματι
2814 4988 2925 5055 μετ’
2944 4987 3300 5054 ἐπιτιμήσεως
3325 4987 3458 5055 πρὸς

1939 5060 1996 5111 ὃν
2029 5060 2356 5111 ϐουλόμενον.

2028 5061 2356 5128 βουλόμενον.

2010 5129 2118 5194 (9'2)
2151 5127 2611 5200 ’ξξπερεχόμενοᾎ
2654 5122 2872 5197 Videtur
2901 5120 3172 5200 legendum
3204 5122 3460 5200 ὑπερεχο-

1941 5189 2147 5265 μένους.
2176 5189 2491 5265 negante."
2521 5199 2575 5242 et
2604 5189 2901 5254 sequentia,
2921 5191 3004 5265 “id
3051 5189 3242 5265 quibus
3290 5189 3462 5265 Filius

1936 5255 2250 5326 substantia,
2284 5261 2562 5326 dignitate,
2597 5265 2874 5326 potestate,
2902 5255 3199 5326 divinitate,
3263 5264 3460 5326 et_.sa-

1937 5333 2130 5398 pientia
2186 5323 2682 5398 Patriiueutiqnam
2739 5323 3145 5398 aequiparandus
3187 5323 3462 5398 statuitur,

1937 5389 2308 5466 expenduntur
2353 5395 2404 5447 in
2474 5391 2801 5461 Origeniam's
2834 5425 2848 5453 ,
2903 5389 2992 5442 lib.
3040 5405 3097 5454 tt,
3138 5399 3324 5458 quaest:
3379 5391 3417 5442 2
3445 5431 3463 5457 ,

1939 5465 2082 5520 num.
2119 5465 2169 5517 ‘7.

1867 4287 1908 4340 D
