3828 6186
352 277 456 331 ΗΞ

1760 272 2072 328 OBICENIS

3461 267 3563 319 4όί

357 389 428 440 sit
459 385 733 452 doxologia
779 383 893 437 Filii
941 383 1305 437 antecedentis
1342 383 1582 444 thronos,
1637 384 1879 438 domina-

1989 385 2171 448 παντὸς
2204 384 2456 454 ὀνόματος
2478 385 2892 454 ὀνομαζομένου,
2921 383 2980 435 οὐ
3007 381 3182 450 μόνον
3213 375 3373 447 ἐντῷ
3409 376 3566 429 αἰῶνι

355 475 553 534 tiones,
581 472 922 540 principatus,
951 478 1259 537 potestates,
1309 483 1470 538 atque
1499 488 1655 526 omne
1685 489 1874 527 nomen

351 564 490 628 quod
517 561 816 614 nominatur
857 576 960 613 non
991 561 1162 614 solum
1206 562 1258 614 in
1306 561 1408 615 hoc
1450 562 1660 624 sarculo.
1692 578 1874 615 verum

353 650 512 701 etiam
543 649 592 699 in
624 647 800 723 futuro
834 648 898 710 ⁸³,
925 657 979 701 et
1008 660 1262 715 praeterea
1291 661 1506 704 sanctos
1548 651 1782 716 angelos,
1814 667 1877 705 ac

352 736 588 802 spiritus,
637 745 691 788 et
736 737 940 789 animas
978 737 1148 805 justas
1314 740 1474 790 etiam
1517 740 1713 794 dicere.
1771 737 1874 792 Sed

353 833 674 876 tamencum
725 824 835 892 ipse
863 829 1024 879 tantis
1075 842 1138 880 ac
1189 828 1384 882 talibus
1430 829 1636 882 naturis
1667 838 1878 896 praestet

351 913 600 973 essentia,
643 914 984 981 antiquitate,
1043 927 1097 970 et
1143 927 1424 985 potestate,
1482 933 1544 972 ac
1576 919 1873 983 divinitate,

351 1010 508 1068 atque
542 1005 797 1070 sapientia
831 1007 934 1073 (est
971 1007 1111 1059 enim
1138 1008 1429 1059 animatum
1470 1007 1746 1076 Verbum),
1782 1009 1878 1061 Pa-

350 1090 417 1142 trl
446 1091 588 1144 nulla
617 1106 673 1144 re
699 1102 1057 1158 comparatur.
1088 1093 1182 1146 Est
1211 1096 1352 1148 enim
1382 1093 1556 1162 imago
1585 1096 1742 1164 236
1763 1097 1878 1164 ejus

350 1182 623 1245 bonitatis,
670 1185 1022 1252 splendorque
1080 1201 1182 1239 non
1217 1187 1342 1251 Dei,
1389 1189 1479 1240 sed
1525 1188 1637 1253 ejus
1675 1189 1875 1256 gloriae,

349 1271 571 1339 ejusque
615 1272 748 1325 lucis
778 1282 1019 1338 aeternae;
1054 1285 1102 1329 et
1149 1276 1347 1340 radius,
1393 1292 1495 1328 non
1544 1276 1734 1339 Patris,
1785 1279 1876 1332 sed

350 1359 466 1425 r-jns
494 1361 804 1427 potestatis;
847 1362 1161 1430 sinceraque
1186 1367 1525 1432 praepotentis
1552 1366 1666 1433 ejus
1697 1367 1878 1432 gloria:

349 1447 533 1514 anxio,
567 1460 619 1502 et
649 1451 922 1517 speculum
964 1452 1307 1506 immutabilis
1337 1454 1568 1519 ejusdem
1613 1454 1879 1523 operatio-

351 1537 435 1590 nis
465 1538 528 1600 “,
555 1553 650 1605 per
675 1539 814 1606 quod
842 1540 1106 1605 speculum
1153 1541 1349 1597 Paulus
1387 1551 1441 1597 et
1487 1543 1672 1597 Petrus
1696 1545 1879 1612 eisque

351 1625 554 1677 similes
601 1625 762 1678 Deum
811 1627 1013 1690 vident,
1059 1628 1332 1682 dicentis:
1386 1647 1406 1679 ι
1443 1629 1540 1693 Qui
1592 1630 1722 1683 vidit
1769 1645 1875 1694 me,

352 1711 484 1764 vidit
513 1712 720 1766 Patrem
751 1729 946 1776 meum,
977 1718 1064 1782 qul
1095 1716 1240 1770 misit
1268 1732 1352 1770 me
1380 1718 1445 1771 ⁸⁸.
1486 1736 1505 1769 ι

417 1799 507 1853 26.
529 1818 548 1851 ι
576 1800 709 1854 Dicit
727 1801 775 1854 ei
801 1803 988 1855 mulier
1006 1819 1020 1853 :
1036 1802 1156 1856 Scio
1173 1802 1416 1857 Messiam
1433 1815 1714 1856 venturum
1736 1818 1872 1868 esse,

353 1890 445 1956 qui
479 1889 674 1942 dicitur
706 1889 989 1943 Christus:
1030 1905 1148 1943 cum
1181 1891 1384 1943 venerit
1406 1892 1514 1954 ille,
1543 1893 1880 1946 annuntiabit

354 1979 507 2032 nobis
538 1978 714 2030 omnia
741 1978 804 2031 ⁸⁸.
845 1996 863 2029 ι
897 1977 1115 2046 Dignum
1139 1988 1221 2031 est
1265 1989 1322 2031 ut
1352 1979 1626 2032 videamus
1652 1995 1877 2048 quonam

352 2075 508 2134 pacto
538 2065 836 2130 Samaritis,
880 2066 1008 2118 nihil
1040 2067 1157 2133 plus
1216 2067 1502 2120 admittens
1532 2081 1690 2134 quam
1719 2069 1875 2136 quin-

356 2169 460 2222 que
484 2154 678 2224 Moysis
697 2155 882 2217 libros,
905 2153 1098 2208 Christi
1128 2157 1410 2208 adventum
1433 2163 1731 2222 exspectat,
1761 2156 1875 2209 vel-

353 2244 430 2296 uti
463 2253 664 2296 tantum
698 2258 727 2296 a
777 2243 891 2308 lege
922 2243 1219 2295 nuntiatum
1249 2263 1260 2296 :
1301 2256 1361 2296 ac
1391 2243 1627 2311 profecto
1657 2257 1881 2297 consen-

355 2343 564 2386 taneum
597 2340 678 2385 est
704 2345 820 2385 eam
850 2331 1080 2384 futurum
1127 2332 1282 2399 hujus
1325 2332 1607 2384 adventum
1635 2346 1880 2398 sperasse

351 2435 418 2474 ex
448 2420 812 2475 benedictione
837 2435 993 2487 quam
1027 2417 1172 2471 ludas
1200 2417 1365 2472 Jacob
1399 2419 1542 2471 dedit
1568 2420 1754 2472 dicens
1785 2419 1828 2450 "
1860 2435 1875 2470 :

360 2527 380 2560 ι
418 2509 568 2568 Juda.
623 2518 674 2561 te
719 2507 1008 2560 laudabunt
1047 2506 1237 2560 [τοίως
1283 2508 1400 2559 tui:
1435 2521 1625 2558 manus
1677 2514 1778 2558 tua:
1826 2506 1880 2559 in

358 2601 570 2654 cervice
593 2585 821 2650 hostium
857 2609 1066 2650 tuorum
1103 2613 1115 2648 :
1149 2613 1282 2666 genu
1314 2596 1524 2650 nectent
1548 2595 1635 2648 tibi
1668 2595 1758 2648 lilii
1787 2611 1881 2663 pa-

357 2689 452 2740 tris
485 2688 592 2750 tui;
629 2705 648 2738 ι
677 2697 732 2740 ει
783 2697 900 2754 post
942 2701 1154 2754 pauca:
1185 2704 1202 2736 ι
1231 2685 1344 2738 Non
1402 2685 1613 2737 deficiet
1667 2687 1768 2737 dux
1815 2685 1882 2738 de

356 2775 513 2839 Juda,
539 2785 593 2829 et
618 2775 860 2844 princeps
885 2775 950 2828 de
972 2773 1260 2828 femoribus
1281 2775 1416 2842 ejus,
1443 2773 1610 2827 donec
1640 2773 1884 2826 venerint

361 2867 588 2935 reposita
618 2865 712 2929 illi,
744 2874 798 2917 et
829 2867 939 2932 ipse
967 2866 1297 2933 exSpectatio
1339 2863 1572 2934 gentium
1597 2861 1663 2915 ".
1695 2877 1714 2911 ι
1747 2861 1883 2926 Quin

365 2954 650 3009 verisimile
690 2963 772 3008 est
813 2952 1177 3008 Samaritanos
1218 2967 1284 3007 ex
1331 2951 1620 3018 prophetiis
1677 2949 1886 3001 Balaam

362 3046 500 3098 idem
544 3057 805 3112 sperasse,
831 3051 885 3096 et
909 3057 969 3094 ex
1000 3043 1098 3095 hac
1138 3041 1431 3110 prmsertim
1461 3041 1544 3092 ":
1580 3057 1598 3090 ι
1635 3038 1888 3107 Egredie-

363 3146 450 3190 tur
474 3138 632 3189 homo
661 3151 722 3189 ex
753 3135 956 3188 semine
983 3132 1119 3202 ejus,
1150 3140 1203 3185 et
1251 3131 1612 3186 dominabitur
1645 3131 1890 3200 gentibus

364 3224 562 3284 multis.
593 3231 645 3276 et
670 3221 990 3276 exaltabitur
1019 3235 1234 3288 regnum
1269 3218 1414 3287 Gog,
1443 3227 1496 3271 et
1526 3233 1744 3287 regnum
1777 3217 1891 3284 ejus

361 3314 638 3382 angebitur
673 3333 684 3366 :
719 3314 857 3365 Deus
891 3312 1114 3364 deducet
1145 3327 1264 3364 eum
1312 3325 1377 3364 ex
1408 3308 1636 3378 Egypto
1666 3325 1679 3359 :
1725 3307 1890 3376 gloria

361 3403 478 3469 ejus
501 3402 660 3455 veluti
681 3401 849 3468 gloria
876 3402 1143 3453 unicornis
1167 3419 1180 3454 :
1201 3399 1476 3453 devorabit
1499 3408 1684 3466 gentes
1713 3398 1890 3451 inimi-

363 3505 545 3542 corum
569 3502 803 3548 suorum,
817 3497 870 3540 et
885 3488 1154 3540 crassities
1170 3486 1379 3540 illorum
1397 3485 1621 3538 medulla
1646 3485 1889 3552 privabit,

361 3589 416 3630 et
437 3577 627 3645 jaculis
651 3577 762 3630 suis
779 3575 1049 3628 inimicum
1080 3574 1662 3640 impetetzdecumhens
1683 3571 1894 3639 requie-

364 3666 438 3718 vit
458 3674 512 3718 ut
534 3666 635 3729 leo,
657 3673 710 3719 et
730 3673 784 3718 ut
801 3663 1004 3718 catulus
1021 3663 1217 3718 leonis:
1235 3664 1353 3733 quis
1366 3663 1619 3717 excitabit
1635 3679 1754 3715 eum
1772 3662 1794 3714 ?
1811 3661 1894 3714 be-

366 3754 674 3808 nedicentes
721 3762 769 3807 te
791 3753 1192 3818 benedicentur,
1214 3761 1266 3805 et
1296 3760 1635 3805 exsecrantes
1669 3760 1718 3803 te
1737 3765 1892 3803 exse-

1971 471 2160 541 τούτῳ,
2189 472 2320 525 ἀλλά
2367 475 2458 525 καὶ
2490 475 2546 524 ἐν
2580 473 2656 541 τῷ
2689 472 2955 541 μέλλοντι,
2999 469 3148 538 πρὸς
3197 465 3419 526 τούτοις
3469 465 3563 517 καὶ

1973 561 2137 626 ἁγίων
2153 561 2410 627 ἀγγέλων,
2428 561 2518 613 καὶ
2538 561 2876 630 πνευμάτων,
2903 558 2997 610 καὶ
3009 556 3211 626 ψυχῶν
3232 554 3559 617 δικαίων,...

1973 650 2063 699 καὶ
2094 648 2264 716 λέγειν
2296 649 2426 718 (93).
2472 649 2605 700 Ἀλλ’
2633 651 2780 719 ὅμως
2809 649 2917 700 τῶν
2949 646 3239 698 τοσούτων
3276 645 3377 697 καὶ
3412 645 3564 713 τηλι-

1974 747 2173 796 κούτων
2197 745 2471 814 ὑπερέχων
2501 746 2672 814 οὐσίᾳ,
2710 745 2801 796 καὶ
2832 741 3128 812 πρεσϐεία,
3164 740 3266 792 καὶ
3309 737 3564 806 δυνάμει,

1974 835 2065 886 καὶ
2085 833 2312 902 θειότητι
2340 833 2594 902 (ἔμψυχος
2624 833 2729 901 γάρ
2755 833 2870 883 ἐστι
2910 831 3135 898 Λόγος),
3164 828 3264 880 καὶ
3285 827 3474 896 σοφίᾳ,
3504 829 3565 878 οὐ

1975 922 2312 990 συγκρίνεται
2343 921 2458 972 κατ’
2498 919 2646 970 οὐδὲν
2684 919 2761 987 τῷ
2807 918 2983 987 Πατρί
3029 916 3172 984 (94).
3214 913 3403 967 Εἰκὼν
3456 912 3565 984 γάρ

1974 1012 2086 1062 ἐστι
2117 1010 2214 1078 τῆς
2241 1009 2566 1076 ἀγαοότητος
2608 1005 2790 1071 αὐτοῦ,
2832 1007 2926 1058 καὶ
2965 1003 3326 1072 ἀπαύγασμα
3360 1003 3425 1054 οὐ
3469 1001 3562 1054 τοῦ

1973 1097 2124 1159 Θεοῦ,
2153 1097 2283 1150 άλλά
2315 1097 2410 1164 τῆς
2433 1096 2588 1165 δόξης
2616 1095 2797 1157 αὐτοῦ,
2829 1093 3036 1147 καὶτοῦ
3056 1094 3241 1146 ἀϊδίου
3263 1093 3450 1159 φωτὸς
3469 1091 3565 1145 αὐ-

1973 1188 2084 1250 τοῦ,
2103 1188 2194 1239 καὶ
2209 1187 2366 1255 ἀτμὶς
2395 1185 2503 1255 (95)
2520 1185 2578 1236 οὐ
2599 1185 2687 1236 τοῦ
2707 1185 2939 1252 Πατρὸς,
2965 1183 3106 1236 άλλά
3137 1184 3244 1251 τῆς
3273 1184 3565 1251 δυνάμεως

1975 1276 2154 1338 αὐτοῦ,
2183 1278 2273 1328 καὶ
2299 1276 2559 1345 ἁπόρῤοια
2589 1274 2882 1343 εἰλικρινὴς
2901 1274 3000 1342 τῆς
3035 1270 3564 1342 παντοκρατορικῆς

1972 1366 2124 1434 δόξης
2148 1365 2327 1426 αὐτοῦ,
2358 1365 2450 1416 καὶ
2471 1365 2728 1432 ἔσοπτρον
2757 1362 3094 1430 ἀκηλίδωτον
3127 1363 3234 1431 τῆς
3278 1361 3562 1433 ἐνεργείας

1973 1454 2154 1516 αὐτοῦ,
2184 1455 2248 1506 δι’
2273 1447 2332 1506 οὗ
2361 1454 2622 1522 ἐσόπτρου
2659 1453 2886 1515 Παῦλος,
2935 1453 3033 1505 καὶ
3079 1453 3323 1522 Πέτρος,
3368 1453 3465 1504 καὶ
3512 1454 3563 1504 οἰ

1975 1543 2334 1612 παραπλήσιοι
2359 1543 2535 1603 αὐτοῖς
2570 1541 2823 1610 βλέπουσι
2843 1541 2934 1593 τὸν
2961 1540 3100 1592 Θεὸν
3127 1541 3390 1607 λέγοντος
3425 1539 3559 1608 (96)·

1981 1650 2000 1682 ι
2042 1632 2098 1684 '0
2127 1632 2376 1702 ἑωρακὼς
2400 1632 2497 1700 ἐμὲ
2521 1630 2728 1700 ἑώρακε
2756 1630 2847 1684 τὸν
2881 1628 3111 1700 Πατέρα
3134 1629 3233 1682 τὸν
3260 1629 3561 1698 πέμψαντά

2023 1737 2124 1772 ε.»

1981 1738 2124 1857 l"22.6..
2151 1821 2169 1852 ι
2205 1801 2363 1868 Λέγει
2403 1799 2548 1868 αὐτῷ
2578 1799 2611 1868 ή
2643 1798 2780 1867 γυνή
2801 1812 2816 1827 ·
2846 1790 2980 1848 Οἶδα
3002 1833 3017 1856 ,
3048 1795 3137 1846 ὅτι
3171 1793 3430 1855 Μεσσίας
3461 1792 3555 1862 ἐρ-

1961 1907 2110 1962 χεται
2147 1893 2175 1942 ό
2209 1889 2490 1958 λεγόμενος
2528 1886 2779 1956 Χριστός·
2823 1886 2956 1937 ὅταν
2998 1883 3135 1953 ἔλθῃ
3181 1886 3418 1945 ἐκεῖνος,
3459 1883 3553 1935 ἀνω

1961 1981 2176 2047 αγγελεί
2216 1981 2346 2048 ἡμῖν
2402 1978 2630 2030 ᾶπαντα.
2683 1994 2702 2026 ι
2743 1972 2927 2036 Ἄξιον
2986 1973 3124 2024 ἰδεῖν
3169 1972 3294 2034 πῶς
3354 1973 3388 2040 ή
3455 1971 3555 2023 Σα-

1966 2073 2206 2141 μαρεῖτις
2245 2069 2421 2122 πλεῖον
2480 2068 2576 2135 τῆς
2630 2063 3004 2131 Πεντατεύχου
3045 2062 3340 2123 Μωῦσέως
3393 2059 3556 2130 μηδὲν

1963 2159 2322 2230 προσιεμένη,
2359 2158 2457 2227 τὴν
2494 2156 2795 2226 παρουσίαν
2843 2151 3126 2223 Χριστοῦ,
3169 2153 3250 2215 ὠς
3309 2151 3419 2204 ἀπὸ
3463 2148 3556 2202 τοῦ

1964 2251 2125 2319 νόμου
2181 2249 2338 2318 μόνου
2390 2245 2838 2319 κηρυσσομένην,
2894 2244 3225 2314 προσδοκᾷ·
3279 2242 3376 2294 καὶ
3415 2238 3558 2301 εἰκός

1965 2356 2028 2408 γε
2064 2342 2128 2392 ἐκ
2163 2339 2262 2406 τῆς
2298 2337 2542 2404 εὐλογίας
2577 2335 2671 2388 τοῦ
2711 2333 2908 2386 Ἰακὼϐ
2947 2335 3052 2402 τῆς
3097 2333 3243 2403 πρὸς
3295 2332 3390 2383 τὸν
3429 2329 3559 2382 Ἰού-

1967 2431 2061 2483 δαν
2095 2428 2330 2492 ἐλπίζειν
2380 2425 2540 2479 αὐτοῦ
2579 2425 2799 2478 ἔσεσθαι
2840 2426 2934 2476 καὶ
2980 2423 3087 2494 τὴν
3129 2420 3436 2490 ἐπιδημίαν
3471 2419 3559 2470 λέ-

1968 2535 2178 2585 γοντος·
2223 2536 2240 2567 ι
2288 2516 2475 2578 Ἰούδα,
2517 2515 2575 2566 σέ
2613 2515 2930 2567 αἰνέσαισαν
2969 2515 3021 2566 οἰ
3062 2512 3294 2582 ἀδελφοί
3336 2523 3463 2563 σου·
3503 2509 3558 2562 αἰ

1969 2607 2145 2678 χεῖρές
2182 2623 2274 2658 σου
2313 2605 2403 2657 ἐπὶ
2439 2603 2606 2656 νώτου
2651 2604 2760 2656 τῶν
2801 2603 3016 2672 ἐχθρῶν
3058 2621 3160 2656 σου
3184 2620 3199 2634 ·
3244 2599 3556 2672 προσκυνή-

1971 2695 2118 2748 σουσί
2159 2712 2240 2747 σοι
2277 2696 2381 2746 υίο)⁴
2418 2693 2508 2745 τοῦ
2549 2693 2750 2762 πατρός
2803 2709 2936 2744 σου·
2989 2709 3008 2742 ι
3056 2693 3160 2744 καὶ
3206 2691 3326 2760 μετ’
3365 2690 3552 2756 ὀλίγα·

1910 2801 1995 2875 cc
2041 2785 2151 2837 Οὐκ
2187 2782 2416 2850 ἐκλείψει
2454 2781 2634 2851 ἀρχων
2672 2781 2732 2844 ἐξ
2768 2781 2966 2844 Ἰούδα,
3009 2782 3112 2833 καὶ
3153 2779 3462 2850 ἡγούμενος
3498 2778 3559 2828 ἐκ

1971 2873 2077 2925 τῶν
2114 2871 2299 2942 μηρῶν
2337 2871 2520 2934 αὐτοῦ,
2559 2869 2664 2930 ἐως
2700 2870 2766 2922 ἂν
2805 2869 2937 2941 ἐλθῃ
2974 2870 3048 2921 τὰ.
3087 2871 3438 2937 ἀποκείμενα
3474 2867 3561 2919 αὐ⁴

1972 2962 2067 3031 τῷ,
2108 2963 2199 3014 καὶ
2237 2961 2394 3022 αὐτὸς
2431 2959 2726 3028 προσδοκία
2761 2958 2955 3011 ἐθνῶν.
3005 2977 3024 3010 ι
3061 2959 3238 3020 Εἰκὸς
3274 2957 3332 3010 δὲ
3371 2957 3465 3009 καὶ
3501 2955 3562 3006 ἐκ

1973 3052 2080 3103 τῶν
2117 3049 2456 3122 προφητειῶν
2494 3048 2586 3101 τοῦ
2625 3046 2854 3117 Βαλαὰμ
2889 3047 2953 3100 τὸ
2992 3047 3136 3100 αὐτὸ
3173 3046 3375 3107 αὐτοὺς
3413 3041 3561 3096 ἐλπί-

1977 3139 2108 3204 ζειν.
2146 3141 2242 3209 τῆς
2272 3157 2348 3192 τε·
2389 3157 2408 3190 ι
2445 3138 2811 3202 Ἑξελεύσεται
2847 3137 3147 3208 ἄνθρωπος
3181 3139 3247 3190 ἐκ
3276 3135 3372 3188 τοῦ
3410 3133 3565 3202 σπέρ-

1981 3245 2146 3298 ματος
2179 3227 2360 3288 αὐτοῦ,
2391 3227 2484 3280 καὶ
2513 3226 2790 3296 κυριεύσει
2822 3226 2997 3278 ἐθνῶν
3032 3226 3276 3289 πολλῶν,
3308 3224 3404 3277 καὶ
3431 3221 3566 3290 ὐψωο

1981 3319 2201 3387 ϐήσεται
2247 3318 2279 3386 ή
2325 3315 2444 3382 Γὼγ
2480 3315 2741 3384 βασιλεία,
2777 3317 2872 3368 καὶ
2917 3315 3307 3386 αὐξηθήσεται
3350 3315 3386 3381 ή
3421 3312 3568 3381 βασι·

1978 3407 2097 3460 λεία
2134 3406 2314 3459 αὐτοῦ·
2355 3406 2486 3467 Θεὸς
2523 3405 2801 3472 ὡδήγησεν
2839 3404 3006 3457 αὐτὸν
3046 3404 3109 3470 ἐξ
3152 3403 3458 3471 Αἰγύπτου,
3495 3397 3567 3459 ὡς

1990 3494 2113 3558 δόξα
2151 3493 2507 3563 μονοκέρωτος
2535 3489 2700 3558 αὐτῷ·
2743 3490 2917 3543 ἔδεται
2952 3491 3084 3560 ἔθνη
3132 3492 3346 3562 ἐχθρῶν
3379 3489 3561 3551 αὐτοῦ,

1991 3583 2081 3636 καὶ¹
2107 3581 2174 3633 τὰ
2197 3580 2340 3648 πάχη
2361 3577 2537 3631 αὐτῶν
2566 3577 2856 3646 ἐκμυελιεῖ,
2889 3579 2985 3629 καὶ
3011 3580 3139 3642 ταῖς
3171 3579 3374 3648 βολίσιν
3405 3574 3564 3630 αὐτοῦ

1992 3668 2362 3732 κατατοξεύσει
2406 3665 2613 3736 ἐχθρόν·
2668 3664 3013 3728 κατακλιθεὶς
3064 3665 3183 3734 (97)
3228 3664 3566 3718 ἀνεπαύσατο

1989 3759 2062 3821 ὼς
2085 3759 2238 3820 λέων,
2273 3755 2365 3808 καὶ
2400 3755 2474 3816 ὼς
2506 3753 2760 3822 σκύμνος·
2795 3751 2879 3815 τίς
2921 3753 3232 3823 ἀναστήσει
3279 3752 3471 3813 αὐτόν;
3516 3751 3564 3801 οἰ

363 3845 492 3897 crati
517 3844 671 3896 sint.»
693 3842 828 3908 Quin
852 3844 902 3896 in
922 3844 1266 3911 sequentibus
1292 3841 1452 3895 etiam
1480 3840 1649 3908 inquit
1671 3839 1782 3908 ipse
1803 3839 1885 3891 Ba-

1993 3845 2329 3913 εὐλογοῦντες
2353 3859 2410 3894 σε
2436 3842 2768 3910 εὐλόγηνται,
2789 3841 2881 3892 καὶ
2898 3841 2948 3892 οί
2970 3841 3367 3912 καταρώμενοί
3394 3857 3451 3892 σε
3479 3855 3567 3892 κε-

364 3932 501 3986 laam
529 3933 574 3966 ⁷ο
603 3947 614 3980 :
647 3950 665 3983 ι
697 3933 971 4001 Apparebo
1018 3932 1143 3994 illis,
1185 3939 1240 3984 et
1281 3945 1384 3984 non
1430 3944 1571 3983 nunc
1603 3946 1617 3982 :
1649 3929 1885 3982 beatiﬁco

1994 3939 2339 4006 κατήρανται.
2379 3951 2398 3983 ι
2425 3931 2532 3984 Καὶ
2558 3933 2614 3982 ἐν
2656 3933 2769 3990 τοῖς
2800 3930 2926 3999 ἑξῆς
2971 3931 3030 3982 δέ
3059 3949 3234 4002 φησιν
3263 3931 3425 3992 αὐτὸς
3468 3930 3568 3980 Βα-

363 4030 418 4076 et
465 4037 570 4092 npn
613 4023 942 4091 approximat
969 4037 984 4074 :
1014 4022 1217 4074 orietur
1264 4029 1464 4072 astrum
1509 4033 1574 4072 ex
1627 4016 1811 4079 Jacob,
1844 4025 1885 4068 et

1994 4027 2155 4094 λαάμ·
2188 4045 2205 4075 ι
2239 4023 2402 4084 Δείξω
2424 4023 2626 4081 αὐτοῖς,
2656 4019 2750 4071 καὶ
2788 4018 2910 4087 οὐχὶ
2959 4018 3078 4071 νῦν·
3123 4021 3439 4092 μακαρίζω,
3480 4020 3570 4072 καὶ

365 4121 616 4180 exsurget
644 4114 802 4165 homo
829 4127 895 4164 ex
926 4110 1108 4172 Israel,
1133 4118 1184 4162 et
1213 4107 1513 4161 vulnerabit
1534 4107 1696 4158 duces
1718 4103 1885 4166 Moab,

1991 4115 2089 4167 οὐκ
2135 4113 2360 4180 ἐγγίζει·
2391 4109 2634 4163 ἀνατελεί
2678 4107 2875 4177 ἄστρον
2922 4106 2982 4172 ἐξ
3039 4108 3272 4172 Ἰακὼϐ,
3316 4110 3410 4162 καὶ
3441 4109 3565 4160 ἀνα-

367 4213 422 4255 et
443 4205 677 4270 captivos
715 4203 874 4255 ducet
902 4213 1088 4251 omnes
1129 4197 1266 4250 lilios
1293 4195 1446 4258 Seth,
1485 4201 1538 4248 et
1580 4194 1684 4247 crit
1730 4193 1885 4245 Edom

1997 4204 2246 4273 στήσεται
2298 4199 2576 4269 ἄνθρωπος
2623 4196 2682 4260 ἐξ
2735 4196 2973 4266 Ἰσραὴλ,
3027 4200 3128 4252 καὶ
3179 4198 3408 4269 θραύσει
3451 4197 3572 4256 τούς

370 4295 648 4346 Ιιωτειιίιιιε
681 4307 694 4340 :
726 4301 780 4346 et
813 4291 914 4344 erit
941 4291 1220 4343 haereditas
1248 4289 1384 4342 Esau
1411 4285 1656 4339 inimicus
1685 4283 1820 4351 ejus,
1841 4291 1896 4336 et

371 4381 533 4434 Israel
560 4380 682 4434 fecit
715 4381 767 4432 in
797 4379 1124 4441 fortitudine,
1176 4385 1229 4430 et
1259 4376 1583 4430 excitabitur
1609 4389 1673 4427 ex
1705 4371 1892 4435 Jacob,

370 4479 424 4523 et
452 4469 637 4537 perdet
665 4476 930 4522 servatum
974 4482 1039 4520 ex
1072 4468 1219 4519 urbe.
1262 4485 1280 4516 ι
1311 4465 1561 4533 lnspicies
1607 4477 1734 4516 vero
1767 4476 1892 4514 num

372 4558 512 4613 forte
539 4558 888 4612 Samaritanis
914 4572 1120 4626 quoque
1144 4556 1466 4626 eomplaceat
1493 4564 1550 4608 ut
1581 4555 1776 4624 Moysis
1803 4553 1894 4607 he-

376 4653 601 4708 nedictio
629 4653 693 4704 ad
723 4653 934 4716 ludam,
971 4653 1234 4705 referatur
1257 4653 1322 4702 ad
1347 4650 1641 4712 Christum,
1693 4648 1770 4703 sic
1797 4647 1895 4700 ba-

377 4744 568 4798 hens"
603 4760 618 4797 :
652 4761 670 4794 ι
703 4741 924 4804 Exaudi,
986 4741 1218 4801 Domine,
1278 4755 1458 4793 vocetn
1519 4738 1673 4802 Juda,
1723 4745 1777 4790 el.
1827 4735 1894 4788 ad

446 4881 490 4913 ⁸³
534 4881 726 4947 Ephes.
771 4896 810 4941 ι.
834 4880 924 4933 2|.
998 4880 1042 4910 “
1080 4878 1203 4944 Sap.
1235 4892 1329 4947 vit,
1357 4877 1462 4947 εει,
1492 4875 1582 4947 26:

379 4951 462 5005 l0.
538 4945 762 5003 “Nunt.
791 4963 936 5010 χχιν,
964 4947 996 4998 ’1
1021 4956 1075 5000 et
1099 4960 1211 5014 seq.
1283 4946 1329 4976 "
1361 4945 1487 4999 ibid.
1518 4945 1578 4996 Π
1614 4951 1666 4996 et
1698 4954 1813 5008 seq.

1679 4875 1724 4906 ⁸⁵
1760 4871 1913 4926 Joan.
1943 4882 2040 4932 xtl,
2069 4864 2156 4919 45.
2228 4865 2272 4896 ⁸⁸
2300 4862 2452 4932 Idan.
2485 4878 2556 4928 IV.
2582 4863 2672 4917 ‘25.

1881 4939 1923 4968 "
1955 4931 2102 4988 Deut.
2139 4947 2326 4996 xxxm,
2355 4931 2407 4984 7.

1995 4291 2263 4360 ἀρχηγοὺς
2288 4287 2476 4350 Μωὰϐ,
2509 4287 2600 4339 καὶ
2633 4287 2996 4356 προνομεύσει
3028 4288 3251 4350 πάντας
3279 4289 3405 4350 τοὺς
3431 4287 3575 4347 υἰούς

1996 4378 2122 4448 Σὴθ,
2152 4377 2242 4428 καὶ
2272 4375 2421 4426 ἔσται
2466 4372 2641 4440 Ἐδὼμ
2669 4371 3024 4442 κληρονομία·
3065 4375 3170 4425 καὶ
3193 4375 3348 4426 ἐσται
3378 4374 3572 4440 κληρο-

1997 4466 2153 4534 νομία
2185 4464 2293 4531 (98)
2332 4461 2496 4514 Ἠσαῦ
2526 4464 2553 4513 ό
2575 4460 2763 4529 ἐχθρὸς
2788 4461 2976 4525 αὐτοῦ,
3009 4464 3107 4515 καὶ
3151 4464 3372 4534 Ἰσραὴλ
3394 4461 3577 4529 ὲποίη-

1997 4573 2088 4607 σεν
2113 4556 2169 4606 ἐν
2200 4551 2358 4620 ἰσχύϊ,
2393 4551 2486 4603 καὶ
2518 4549 2927 4620 ἐξεγερθήσεται
2958 4553 3017 4617 ἐξ
3064 4555 3295 4617 Ἰακὼϐ,
3320 4554 3413 4607 καὶ
3448 4554 3578 4605 ἀπο-

1995 4643 2075 4694 λεί
2100 4640 2395 4708 σωζόμενον
2434 4641 2498 4691 ἐκ
2535 4640 2762 4701 πόλεως.
2803 4659 2820 4690 ι
2871 4642 3236 4711 Ἐπιστήσεις
3262 4645 3320 4696 δὲ
3350 4645 3398 4695 εἰ
3430 4640 3577 4707 καὶὴ

1996 4729 2089 4784 τοῦ
2117 4728 2386 4789 Μωῦσέως
2416 4727 2549 4796 πρὸς
2594 4727 2792 4782 Ἰούδαν
2820 4729 3044 4797 εὐλογία
3072 4732 3158 4794 εἰς
3195 4731 3431 4803 Χριστὸν
3453 4731 3577 4784 ἀνα-

2771 4865 2816 4896 ⁸⁷
2851 4863 2992 4919 Gen.
3025 4882 3177 4934 χιιι,
3209 4869 3263 4923 8.
3373 4869 3417 4899 ⁸⁸
3447 4866 3571 4920 ibid.

454 5063 561 5128 (93)
595 5062 699 5115 Καὶ
731 5060 1263 5130 leg-sinitiatttsest
1291 5059 1343 5111 in
1369 5072 1500 5112 mss.
1539 5055 1677 5122 Quid
1724 5062 1901 5106 autem
2007 5051 2175 5130 ipsum
2203 5046 2345 5113 quod
2375 5055 2483 5110 est,
2523 5046 2726 5101 habere
2784 5061 2866 5113 se,
2898 5048 3029 5116 quia
3082 5049 3254 5106 Pater
3274 5051 3528 5105 dedisset.
3555 5064 3573 5098 ι

387 5127 551 5188 desit,
573 5131 690 5182 aliis
718 5127 1057 5182 divinandum
1088 5127 1347 5194 relinquo.

453 5186 561 5264 (9&7)
589 5199 670 5249 Οὐ
699 5199 1073 5265 συγκρίνεται
1104 5195 1225 5246 κατ’
1243 5186 1434 5248 ὀὐδὲν
1457 5193 1534 5258 τῷ
1546 5190 1776 5265 ματρί..
1801 5186 1908 5240 Νο-

390 5258 656 5325 vatianus,
687 5281 777 5316 seu
790 5258 1041 5329 quisquis
1067 5275 1255 5315 auctor
1283 5275 1362 5317 est
1389 5265 1504 5314 Ithri
1539 5261 1611 5312 De
1632 5258 1908 5329 Trinitate,

394 5333 486 5398 qui
515 5322 775 5398 Operihus
815 5322 1128 5384 Tertulliani
1188 5331 1397 5398 adjungi
1420 5329 1607 5398 isolet,
1640 5339 1756 5390 cap.
1797 5322 1859 5376 l7
1892 5337 1907 5374 :

2008 5117 2535 5251 [ltiggjulsfaldtyto
2573 5181 2854 5236 Perionius
2903 5183 3062 5251 legit,
3120 5188 3216 5241 καὶ
3253 5185 3432 5250 ἀκτίς,
3485 5185 3577 5241 scd

2007 5249 2358 5324 e!;‘S_:tp._Vl-I,
2379 5249 2470 5324 2§,
2502 5253 2726 5324 oin-nino
2761 5249 3117 5324 retinendum
3151 5257 3342 5324 ἀτμίς.

2081 5318 2378 5398 (9.6)Οοιίιί.
2418 5318 2744 5398 Bodleianus
2772 5327 2826 5371 et
2876 5318 3244 5385 Barberinus,
3291 5323 3573 5389 λὲγοντος·

401 5385 424 5444 ἐ
458 5385 704 5458 οιιςιίιινιε
748 5399 886 5452 enim
912 5415 968 5452 se
989 5415 1051 5452 ex
1087 5400 1190 5450 Deo
1230 5385 1385 5449 Patre
1417 5385 1604 5448 Deum'
1636 5385 1752 5444 esse
1804 5402 1915 5458 me»-
2015 5385 2504 5458 Regitts,_).é_yovta,
2541 5390 2704 5458 male.

401 5456 657 5526 minisset,
696 5482 960 5531 utinquam
994 5482 1051 5519 se
1083 5467 1186 5517 Deo
1241 5460 1378 5516 Pati-i
1433 5473 1523 5531 aut
1554 5456 1915 5531 ουιιὶβπθῖίίν

403 5542 488 5583 aut
516 5521 759 5596 contulit,
789 5521 989 5585 inertior
1020 5547 1077 5585 se
1113 5545 1228 5584 esse
1262 5546 1324 5584 cx
1350 5546 1444 5585 suo
1475 5521 1630 5583 Patre
1655 5521 1690 5590 ,’
1718 5534 1768 5578 et
1819 5523 1920 5576 hoc

2086 5453 2194 5526 (ἑῇ)
2225 5453 2406 5526 _C_odex
2446 5455 2670 5526 Regius,
2706 5454 2800 5510 καὶ
2824 5460 3200 5526 κατακλιθείς.

2087 5522 2196 5589 (98)
2225 5521 2363 5576 Idem
2385 5521 2557 5579 codex
2594 5525 2814 5602 Regius,
2857 5527 2890 5596 ή
2929 5521 3307 5589 κλικοονομέα,
