3828 6182
323 291 442 349 ‘45

1411 300 1751 357 COMMENT.
1787 299 1856 355 IN
1891 299 2078 354 .IOAN.
2116 295 2349 354 TOMUS
2378 296 2513 352 XIII.

3432 294 3534 348 ιισ

333 403 596 475 φέρεσθαι
622 403 722 458 καὶ
747 407 866 471 τοῖς
924 413 1282 487 Σαμαρεῦσιν
1316 414 1380 468 ἂν
1411 415 1698 484 συνδοκοίη,
1747 414 1909 477 οὕτως

2017 412 2260 481 populum
2310 423 2443 475 ejus,
2486 421 2686 476 quaso,
2727 403 2910 458 venias
2946 419 2960 456 :
2992 418 3176 459 manus
3215 402 3329 470 ejus
3376 405 3534 458 simul

337 495 552 566 ἔχουσα·
610 515 630 547 ι
668 497 1047 568 Είσάοιουσον,
1079 506 1266 574 Κύριε,
1293 503 1468 572 φωνὴν
1511 504 1694 564 Ἰούδα,
1721 504 1813 556 καὶ
1839 505 1917 565 είς

341 583 431 637 τὸν
452 583 580 636 λαὸν
611 584 780 638 αὑτοῦ
815 587 1003 653 ἔλθοις
1035 593 1120 644 ἄν’
1153 593 1209 643 αἱ
1243 593 1418 660 χεῖρες
1446 590 1604 643 αὐτοῦ
1638 591 1752 658 ἅμα
1794 589 1915 658 κρί-

351 688 529 727 νουσιν
565 672 740 742 αύτῷ,
772 675 876 726 καὶ
909 675 1104 746 βοηθὸς
1144 679 1206 729 ὲκ
1253 675 1357 728 τῶν
1391 676 1592 745 ἐχθρῶν
1623 675 1782 727 αὐτοῦ
1808 675 1913 742 (99)

361 764 476 838 ῑσῃ.
517 783 536 816 i
575 765 732 816 Ἐπεὶ
771 765 832 817 δὲ
878 767 1105 834 αὑχοῦσι
1148 767 1480 835 πατριάρχην
1524 766 1789 833 Σαμαρεῖς
1825 764 1915 816 τὸν

379 855 589 925 Ἰωσὴφ,
626 852 894 923 ὲφίστημι
924 855 1127 923 μήποτε
1153 856 1249 922 τήν
1281 871 1339 905 τε
1373 852 1464 905 τοῦ
1497 851 1685 904 Ἰακὼὸ
1711 853 1800 913 είς,
1824 850 1914 904 τὸν

386 946 570 1015 Ἰωσήφ
594 959 739 1005 τινες
783 942 1032 1008 εὐλογίαν
1073 942 1237 1010 αὐτῷ,
1282 942 1374 994 καὶ
1406 940 1500 1010 τὴν
1530 940 1620 993 τοῦ
1647 939 1915 1001 Μωῦσέως

378 1033 668 1097 ἑκδέξονται
710 1030 964 1096 λέγεσθαι
996 1033 1072 1091 είς
1099 1031 1198 1098 τὴν
1237 1029 1463 1097 Χριστοῦ
1486 1028 1795 1098 παρουσίαν.
1826 1027 1913 1095 Τῷ

378 1119 433 1171 δὲ
461 1117 759 1186 βουλομένῳ
790 1115 1004 1178 ἐξέσται
1049 1116 1141 1166 ἀπ’
1171 1115 1336 1180 αὐτῆς
1364 1114 1460 1182 τῆς
1497 1114 1712 1184 Γραφῆς
1736 1113 1913 1166 λαϐεῖν

378 1206 446 1258 τὰ
471 1207 627 1276 ῥητά·
651 1206 744 1257 καὶ
767 1204 929 1266 αὐτὸς
948 1203 1002 1255 δὲ
1031 1206 1059 1259 ὁ
1100 1203 1305 1272 Σωτὴρ,
1328 1203 1477 1266 εἰδὼς
1497 1203 1726 1254 Μωῦσέα
1749 1201 1912 1254 πολλὰ

377 1289 789 1358 ἀναγεγραφότα
809 1288 908 1357 τῆς
930 1288 1052 1358 περὶ
1072 1288 1302 1356 Χριστοῦ
1326 1289 1650 1359 προφητείας
1671 1288 1767 1358 (1),
1791 1289 1920 1358 φησι

375 1383 481 1443 τοῖς
505 1378 796 1439 Ἰουδαίοις·
822 1395 840 1427 ι
867 1378 927 1428 Ei
951 1375 1254 1429 ἐπιστεύετε
1275 1377 1514 1441 Μωῦσεῒ,
1533 1377 1837 1429 ἐπιστεύετε
1855 1376 1921 1430 ἂν

375 1466 511 1536 ὲμοί·
535 1465 667 1534 περ).
701 1463 812 1534 γὰρ
852 1463 984 1531 ἐμοῦ
1009 1465 1212 1525 ἐκεῖνος
1250 1461 1468 1532 ἔγραψε.
1500 1480 1517 1512 i
1541 1461 1793 1524 Τυπικῶς
1825 1463 1920 1531 μὲν

375 1554 464 1609 οὖν
488 1555 582 1607 καὶ
607 1552 1018 1622 αἰνιγματωδῶς
1053 1553 1423 1620 ἀναφερόμενα
1461 1553 1540 1613 εξς
1579 1551 1667 1603 τὸν
1692 1551 1921 1620 Χριστὸν

371 1641 476 1694 τῶν
501 1641 1006 1710 ἀναγεγραμμένων
1032 1640 1090 1690 ὲν
1117 1638 1192 1706 τῷ
1215 1638 1379 1708 Νόμῳ
1405 1638 1624 1691 πλεῖστα
1649 1639 1746 1690 ὅσα
1779 1638 1920 1688 ἔστιν

2008 499 2244 568 judicant
2271 511 2414 561 eum,
2443 503 2498 548 et
2519 494 2600 560 adj
2612 503 2730 546 utor
2750 491 2851 545 sibi
2883 491 2949 545 ab
2981 492 3210 546 inimicis
3236 493 3350 558 ejus
3371 493 3528 544 eris.i

2013 588 2115 641 Sed
2146 585 2393 654 quoniam
2440 584 2736 651 gloriantur
2784 580 3104 634 Samaritani
3141 581 3205 634 de
3235 581 3530 648 patriarcha

2009 673 2226 741 Joseph,
2251 671 2406 740 237
2435 670 2659 739 inspicio
2693 683 2820 721 num
2867 667 3005 720 forte
3045 667 3207 734 aliqui
3246 676 3299 720 et
3319 667 3533 720 benedi-

2011 766 2241 818 ctionem
2288 759 2454 814 Jacob
2479 759 2544 811 ad
2570 756 2784 824 Joseph,
2812 764 2865 810 et
2895 755 3314 809 benedictionem
3341 752 3532 822 Moysis

2011 851 2276 918 accipiant
2314 848 2418 901 dici
2463 846 2532 900 de
2571 844 2765 898 Christi
2810 843 3058 898 adventu.
3111 842 3314 895 Poterit
3357 850 3531 894 autem

2009 939 2247 1008 quisquis
2273 935 2500 988 voluerit
2529 947 2593 986 ex
2631 933 2744 1001 ipsa
2788 931 3062 998 Scriptura
3101 943 3313 983 sumere
3349 929 3532 982 verba.

2010 1027 2146 1092 Quin
2179 1025 2434 1079 Servator
2458 1022 2572 1090 ipse
2603 1022 2779 1075 sciens
2809 1019 3018 1086 Moysen
3047 1017 3209 1070 multa
3240 1018 3306 1071 de
3329 1017 3535 1072 Messias

2010 1115 2281 1183 prophetia
2312 1112 2615 1180 scripsisse,
2649 1110 2714 1162 ad
2735 1105 2947 1160 Iudaeos
2972 1106 3145 1174 inquit
3177 1120 3192 1158 :
3227 1124 3245 1156 i
3283 1106 3339 1158 Si
3368 1105 3532 1174 Moysi

2008 1202 2317 1266 crederetis,
2345 1199 2636 1254 crederetis
2677 1199 2836 1250 etiam
2873 1195 3025 1258 mihi,
3060 1195 3126 1248 de
3158 1209 3240 1246 iue
3273 1194 3412 1246 enim
3445 1193 3532 1245 ille

2008 1291 2218 1359 scripsit
2261 1292 2327 1347 ⁷³.
2381 1308 2399 1340 i
2448 1287 2802 1353 Quamobrem
2851 1283 3235 1351 quamplurima
3295 1283 3531 1336 invenire

2007 1380 2126 1432 licet
2156 1379 2354 1446 scripta
2387 1377 2437 1428 in
2470 1376 2584 1444 lege
2617 1383 2724 1426 tum
2762 1371 2937 1439 typice
2965 1379 3168 1436 aperte,
3205 1378 3312 1420 tum
3340 1369 3533 1421 obscu-

2007 1483 2086 1534 re,
2136 1481 2253 1535 qua:
2283 1466 2587 1520 referantur
2612 1461 2678 1514 ad
2728 1459 3017 1515 Christum.
3078 1459 3355 1525 Apertiora
3410 1471 3532 1524 vero

2006 1557 2104 1610 alia
2138 1567 2191 1610 et
2225 1554 2587 1609 manifestiora
2621 1558 2814 1618 praeter
2865 1549 2997 1611 haec,
3023 1561 3120 1615 ego
3153 1548 3204 1599 in
3254 1547 3532 1614 praesentia

2009 1661 2110 1699 non
2148 1644 2320 1698 video.
2348 1644 2565 1700 Messias
2593 1647 2804 1714 quidem
2834 1646 3008 1714 lingua
3041 1643 3374 1698 Hebraeorum
3399 1643 3533 1695 diei-

373 1732 569 1796 εὑρεῖν·
599 1709 912 1798 γυμνότερα
934 1729 990 1781 δὲ
1015 1729 1106 1780 καὶ
1131 1729 1432 1798 σαφέστερα
1457 1729 1563 1796 ἐγὼ
1589 1729 1684 1797 οὐχ
1702 1727 1810 1796 ὁρῶ
1832 1727 1909 1778 ἐπ)

2012 1743 2111 1794 tur,
2150 1732 2290 1800 quod
2315 1709 2656 1802 Septuaginia
2693 1709 3028 1801 interpretati
3067 1741 3210 1796 sunt,
3262 1729 3534 1793 Christus;

373 1821 463 1873 τοῦ
493 1821 763 1890 παρόντος
795 1818 929 1871 ἄλλα
957 1818 1077 1870 τινὰ
1117 1819 1265 1887 παρὰ
1303 1818 1491 1873 ταῦτα.
1530 1807 1765 1878 Μεσσίας
1799 1817 1920 1886 μέν·

374 1927 513 1977 τοιγε
547 1910 848 1977 Ἐϐραϊστὶ,
879 1908 1140 1962 καλεῖται.
1163 1909 1296 1976 ὅπερ
1315 1910 1362 1959 οἱ
1391 1911 1485 1975 μὲν
1508 1907 1916 1975 Ἐσδομήκοντα,

375 2002 647 2066 Χριστός,
692 1999 1040 2068 ήρμήνευσαν
1061 2014 1076 2028 ·
1108 2000 1137 2052 6
1166 1999 1222 2050 δὲ
1249 1997 1494 2060 Ἀκύλας,
1532 1995 1916 2064 Ἠλειμμένος.

444 2087 532 2140 27.
557 2084 876 2155 Θεωρητέον
905 2083 998 2135 καὶ
1018 2082 1098 2132 τόο
1135 2100 1153 2132 i
1191 2081 1354 2132 Ὅταν
1376 2080 1500 2150 ἔλθῃ
1522 2082 1741 2142 ἐκεῖνος,
1759 2081 1922 2145 ἀναγ-

376 2175 516 2243 γελεί
562 2175 692 2242 ἡμῖν
733 2171 968 2233 ἅπαντα,
1011 2187 1029 2220 ι
1066 2169 1288 2239 πότερον
1329 2169 1436 2221 ἀπὸ
1484 2167 1820 2237 παραδόσεως
1851 2168 1916 2236 τῇ

377 2262 714 2332 Σαμαρείτιδι
750 2261 982 2330 εἴρηται,
1021 2260 1054 2328 ἢ
1092 2258 1198 2310 ἀπὸ
1223 2257 1315 2310 τοῦ
1349 2259 1550 2326 Νόμου.
1587 2259 1696 2310 Οὐκ
1727 2258 1921 2326 ἀγνοη-

374 2353 487 2404 τέον
544 2352 814 2420 μέντοιγε,
841 2351 944 2409 ὅτι,
997 2348 1180 2415 ὥσπερ
1211 2347 1316 2398 ἀπὸ
1351 2345 1608 2399 Ἰουδαίων
1645 2347 1840 2414 ἀνέστη
1889 2347 1918 2398 6

385 2441 581 2510 Ἰησοῦς
606 2439 842 2510 Χριστὸς
865 2435 1001 2489 εἶναι
1029 2437 1103 2505 (2)
1147 2437 1206 2488 ού
1242 2437 1394 2504 μόνον
1437 2437 1624 2503 λέγων,
1657 2437 1788 2489 ἀλλὰ
1825 2436 1916 2487 καὶ

373 2529 702 2590 ἀποδεικνύς·
749 2527 918 2588 οὕτως
949 2527 1055 2578 ἀπὸ
1092 2524 1382 2596 Σαμαρέων
1427 2524 1666 2585 Δοσίθεος
1699 2524 1772 2593 (5)
1833 2540 1916 2586 τις

372 2618 600 2679 ἀναστὰς
627 2617 862 2683 ἔφασκεν
889 2613 1075 2666 ἑαυτὸν
1124 2608 1260 2664 εἷναι
1295 2612 1384 2665 τὸν
1416 2611 1914 2679 προπεφητευμένον

372 2709 613 2778 Χριστὸν,
647 2708 738 2773 ἀφ’
779 2700 841 2758 οὗ
879 2705 1035 2774 δεῦρο
1072 2703 1229 2772 μέχρι
1267 2702 1399 2754 εἰσιν
1428 2702 1475 2752 οἱ
1505 2699 1786 2752 ιλοσιθεινο)¹
1815 2701 1911 2769 (4),

371 2799 616 2866 φέροντες
647 2796 741 2847 καὶ
781 2795 994 2863 βίϐλους
1014 2793 1108 2844 τοῦ
1139 2791 1406 2852 Δοσιθέου,
1431 2792 1522 2842 καὶ
1553 2790 1748 2859 μύθους
1765 2790 1913 2853 τινὰς

370 2887 492 2956 περ)⁴
518 2885 680 2938 αὐτοῦ
712 2882 1075 2953 διηγούμενοι,
1102 2879 1176 2942 ὡς
1210 2880 1281 2949 μὴ
1301 2879 1629 2948 γευσαμένου
1664 2878 1909 2943 Θανάτου,

370 2975 476 3027 ἀλλ’
499 2977 554 3024 ὲν
583 2973 658 3041 τῷ
691 2973 789 3041 βίῳ
827 2989 928 3024 που
956 2971 1324 3037 τυγχάνοντος.
1370 2968 1476 3018 Καὶ
1502 2967 1674 3018 ταῦτα
1715 2967 1809 3036 μὲν
1840 2968 1966 3050 ὼςο

369 3064 498 3132 προς
524 3063 619 3132 τὴν
650 3061 818 3127 λέξιν.
853 3059 1010 3112 Ἀλλὰ
1030 3057 1124 3109 καὶ
1148 3058 1180 3126 ή
1205 3055 1498 3126 ἐτερόδοξος
1520 3055 1666 3124 παρὰ
1683 3057 1748 3124 τῇ
1766 3057 1911 3123 πηγῇ

367 3150 456 3202 τοῦ
513 3149 728 3212 Ἰακὼϐ,
785 3148 980 3218 φρέατι
1028 3146 1118 3197 ὑπ’
1170 3145 1333 3212 αὐτῆς
1372 3139 1507 3194 εἶναι
1559 3141 1911 3211 νομιζομένῳ,

366 3240 549 3308 γνώμη
585 3240 683 3310 (5),
718 3239 778 3291 ὃν
810 3235 1175 3305 ὑπολαμϐάνει
1206 3231 1338 3286 εἶναι
1373 3234 1693 3301 τελειότερον
1723 3231 1910 3296 Λόγον,

365 3329 543 3383 τοῦτον
561 3327 798 3398 Χριστὸν
823 3323 1159 3394 ὀνομάζουσά
1182 3338 1362 3392 φησιν’
1391 3340 1409 3371 i
1435 3322 1596 3376 Ὅταν
1621 3320 1744 3388 ἔλθῃ
1774 3322 1912 3372 ἐκεῖ·

364 3437 469 3482 νος.
529 3417 820 3485 ἀναγγελεῖ
857 3417 985 3484 ἡμῖν
1036 3413 1264 3466 ἅπαντα·
1305 3430 1324 3462 ›
1376 3409 1561 3481 παρὼν
1599 3410 1655 3460 δὲ
1695 3410 1828 3480 αὐτῇ
1883 3413 1910 3463 6

365 3507 822 3576 προσδοκώμενος,
871 3504 964 3556 καὶ¹
1011 3501 1370 3570 ἐλπιζόμενος,
1405 3500 1536 3569 φησὶ
1569 3500 1646 3551 τό·
1684 3517 1702 3549 i
1777 3498 1911 3565 Ἐγώ

365 3601 472 3667 εἰμι
503 3601 530 3649 6
556 3595 735 3648 λαλῶν
769 3610 872 3646 σοι.
907 3611 924 3642 i
959 3588 1099 3661 Ὅρα
1129 3589 1184 3641 δὲ
1213 3589 1305 3642 καὶ
1349 3589 1439 3642 τὸν
1491 3587 1832 3658 Ἡρακλέωνα
1857 3587 1910 3638 τί

366 3685 508 3754 φησί·
537 3685 685 3751 λέγει
706 3682 836 3751 γὰρ,
876 3682 958 3732 ὃτι
999 3697 1016 3730 i
1057 3678 1461 3749 Προσεδέχετοή
1505 3675 1795 3745 Ἐκκλησία
1819 3676 1909 3727 τὸν

363 3774 607 3844 Χριστὸν,
655 3772 751 3824 καὶ
783 3770 1070 3822 ἐπέπειστο
1113 3767 1239 3838 περὶ
1282 3763 1466 3830 αὑτοῦ,
1510 3766 1590 3818 ὅτι
1637 3763 1703 3814 τὰ
1737 3763 1909 3816 πάντα

369 3861 519 3931 μόνος
546 3862 754 3920 ἐκεῖνος
788 3857 1094 3909 ἐπίσταται.
1129 3871 1148 3904 ι

423 3949 512 4002 28.
551 3967 569 3999 i
599 3947 763 4013 Λέγει
791 3947 927 4015 αὐτῇ
956 3946 984 3997 6
1007 3942 1231 4013 Ἰησοῦςο
1254 3939 1398 4009 Ἐγώ
1420 3940 1532 4010 εἶμι
1549 3937 1580 3991 6
1606 3937 1779 3992 λαλῶν
1800 3949 1901 3988 σοι’

359 4052 448 4104 καὶ
476 4053 567 4104 ἐπὶ
601 4049 760 4103 τοῦτο
791 4045 952 4120 ἦλθον
978 4049 1027 4100 οἱ
1061 4047 1295 4117 μαθηταὶ
1327 4044 1519 4108 αὐτοῦ,
1551 4043 1643 4096 καὶ
1673 4039 1906 4109 ἐθαύμα-

361 4153 465 4218 ζον,
494 4155 575 4208 ὅτι
607 4153 748 4224 μετὰ
777 4151 1032 4220 γυναικὸς
1057 4151 1262 4204 ὲλάλειο
1293 4148 1461 4210 οὐδεὶς
1486 4145 1725 4217 μέντοιγε
1755 4137 1902 4194 εἶπε·

361 4255 420 4306 Τί
452 4255 665 4324 ζητεῖς,
709 4255 744 4323 ἢ
786 4254 837 4306 τί
878 4252 1052 4314 λαλεῖς
1096 4250 1209 4321 μετ’
1251 4249 1452 4317 αύτῆς;
1505 4264 1524 4296 ι
1570 4242 1830 4313 Ζητητέον
1856 4237 1908 4292 εῐ

361 4374 457 4409 που
489 4360 516 4410 6
543 4356 778 4428 Χριστὸς
810 4356 997 4409 ἑαυτὸν
1039 4351 1448 4423 εὐηγγελίσατο,
1475 4348 1568 4401 καὶ
1597 4342 1905 4413 συγκριτέον

360 4459 523 4512 ταῦτα
548 4460 816 4530 ἀλλήλοις,
843 4457 1048 4522 ὥσπερ·
1071 4473 1090 4506 ι
1120 4453 1263 4522 Ἐγώ
1285 4455 1395 4522 εἰμι
1417 4454 1445 4505 ὁ
1472 4445 1758 4520 μαρτυρῶν
1783 4441 1908 4512 περὶ

359 4560 602 4630 ἐμαυτοῦ,
637 4561 732 4612 καὶ
767 4559 1026 4628 μαρτυρεῖ
1057 4554 1184 4624 περὶ
1210 4553 1338 4622 ἐμοῦ
1372 4554 1400 4605 6
1431 4551 1646 4622 πέμψας
1682 4568 1748 4621 με
1780 4550 1895 4602 Πα-

357 4652 470 4722 τήρ’
495 4670 512 4701 i
551 4650 644 4702 καὶ
675 4649 733 4700 ὲν
752 4647 846 4716 τῷ·
878 4665 897 4696 i
921 4647 984 4697 El
1010 4643 1312 4696 ἐπιστεύετε
1327 4642 1564 4704 Μωῦσεῖ,
1588 4639 1895 4692 ἐπιστεύετε

358 4735 417 4787 ἂν
447 4736 582 4806 ἐμοί·
610 4734 739 4805 περὶ
777 4735 884 4804 γὰρ
915 4731 1051 4801 ἐμοῦ
1073 4731 1273 4792 ἐκεῖνος
1303 4729 1523 4800 ἔγραψε·
1569 4747 1588 4780 ι
1644 4728 1736 4780 καὶ
1763 4727 1816 4778 εί
1841 4742 1895 4779 τι

419 4867 628 4922 "Joau.
660 4883 710 4932 ν,
738 4868 827 4921 46.
928 4868 976 4899 ⁷³
999 4867 1154 4920 Joan.
1189 4881 1259 4930 iv,
1295 4868 1384 4923 25.
1484 4867 1530 4902 "
1552 4868 1680 4922 ibid.
1704 4869 1790 4923 26.

421 4993 526 5062 (99)
553 4993 730 5045 Codex
761 4992 993 5062 Regius,
1019 4993 1213 5045 αὐτῶν.

420 5060 491 5128 (l)
538 5060 926 5128 Προφητείὰς.
979 5060 1061 5128 In,
1094 5063 1324 5128 margine
1371 5079 1571 5121 comas
1620 5065 1891 5122 Bodleiani

352 5127 661 5198 admonetur
692 5127 1498 5198 ἴοι-ιη.Ιρεθη-ιίυιιιμπαρουσίας.

408 5195 484 5312 ((2)
517 5195 765 5274 Χριστὸς
789 5191 979 5272 sirm.
1023 5191 1080 5244 In
1105 5191 1331 5250 editioiie
1364 5191 1536 5278 lliietii
1581 5201 1729 5254 deest
1763 5203 1893 5273 Χρι-

437 5279 481 5312 :.
511 5265 601 5312 sed
638 5271 958 5312 restituitur
991 5273 1025 5310 e
1069 5262 1212 5312 codd.
1263 5264 1554 5312 Bodleiano
1603 5277 1658 5312 ei
1698 5269 1893 5312 itm-im.

351 5262 481 5339 στός,
511 5265 602 5316 sed
638 5262 958 5316 restituitur
991 5273 1025 5310 e
1069 5262 1212 5313 codd.
1263 5264 1554 5322 Bodleiano
1603 5277 1658 5320 et
1695 5262 1893 5324 Barl'ie-

351 5343 477 5381 I'llin.

411 5399 481 5462 (:5)
505 5397 796 5467 ᾼρσίθεος,
827 5401 948 5445 etc.
983 5390 1235 5467 Origenes
1253 5396 1350 5467 lib.
1383 5413 1418 5467 ii
1446 5410 1626 5452 contra
1663 5400 1888 5467 Celsum,

350 5477 479 5514 unm.
519 5465 600 5525 57,
628 5476 677 5518 ct
735 5464 839 5516 lib.
887 5472 1170 5527 "anum.
1216 5462 1326 5527 H;
1380 5465 1558 5519 Tract.
1620 5483 1762 5521 xxv"
1835 5462 1886 5522 iii

351 5527 670 5601 liaiih.,pag.
703 5529 842 5590 851,
891 5531 955 5576 et
987 5525 1165 5584 lioniil.
1192 5528 1261 5581 25
1302 5525 1360 5585 in
1393 5533 1546 5600 Liic.,
1599 5550 1714 5604 pag.
1751 5536 1883 5602 962;

928 4868 976 4899 ⁷³
999 4866 1154 4920 Joan.
1189 4881 1259 4930 iv,
1295 4868 1384 4923 25.

1896 4869 1940 4900 ⁷⁸
1969 4867 2094 4922 ibid.
2137 4865 2226 4930 26,
2260 4866 2348 4918 27.
2424 4867 2468 4898 ⁷⁸
2489 4864 2640 4920 Joaii.
2673 4881 2721 4930 ν,
2755 4867 2840 4931 51,
2874 4867 2958 4920 57.

2003 1818 2220 1886 Aquilus
2243 1833 2387 1883 vero,
2421 1817 2636 1872 Uiictui.

2069 2075 2158 2128 27.
2190 2076 2502 2130 Intuendum
2531 2087 2586 2132 et
2611 2079 2737 2130 illud
2766 2093 2783 2134 :
2819 2095 2838 2130 i
2870 2078 3001 2132 Cum
3051 2078 3258 2131 venerit
3307 2077 3418 2140 ille,
3447 2092 3538 2132 an-

2003 2164 2264 2218 nuntiabit
2299 2165 2448 2218 nobis
2481 2167 2658 2218 omnia
2691 2167 2755 2228 7',
2793 2185 2810 2214 i
2847 2176 3026 2218 utrum
3057 2180 3124 2218 ex
3162 2166 3446 2220 traditione
3479 2166 3532 2219 id

2002 2250 2198 2303 dixerit
2247 2249 2545 2314 Samaritis,
2594 2266 2661 2304 an
2689 2266 2754 2304 ex
2810 2252 2944 2320 lege.
2977 2251 3086 2304 Nec
3121 2265 3248 2304 sane
3275 2251 3532 2320 ignorau-

2001 2339 2123 2392 diim
2153 2347 2256 2402 est,
2285 2348 2343 2392 ut
2364 2338 2516 2393 Jesus
2559 2340 2794 2407 seipsum
2824 2354 2927 2392 uon
2975 2340 3145 2393 solum
3176 2354 3294 2392 esse
3342 2355 3405 2393 ex
3436 2339 3535 2392 Ju-

2001 2427 2126 2479 da-is
2160 2426 2402 2479 Messiam
2433 2428 2666 2492 dicebat,
2695 2429 2786 2482 sed
2811 2429 2970 2481 etiam
2995 2429 3416 2494 demonstrabat;
3452 2430 3531 2484 sic

2002 2515 2302 2568 Dositheum
2337 2516 2495 2568 etiam
2523 2518 2804 2584 quemdam
2841 2517 3114 2571 exstitisse
3142 2532 3208 2570 ex
3234 2517 3530 2571 Samarita-

2000 2601 2104 2661 nis,
2135 2601 2222 2666 qui
2257 2603 2491 2668 seipsum
2542 2602 2744 2655 diceret
2801 2601 3042 2657 Messiam
3085 2605 3533 2672 prophetatum,a

1999 2701 2102 2752 quo
2123 2700 2288 2753 usque
2345 2702 2483 2741 nunc
2537 2689 2827 2742 Dositlieini
2880 2700 3026 2754 sunt,
3088 2691 3251 2744 libros
3295 2691 3534 2747 Dosithei

1998 2775 2450 2836 circumferentes,
2481 2786 2534 2828 et
2565 2775 2768 2830 fabulas
2797 2779 3053 2843 quasdam
3106 2790 3420 2832 enarraiites
3469 2781 3533 2832 ile

1997 2876 2078 2925 eo,
2108 2863 2328 2930 perinde
2376 2865 2526 2930 quasi
2561 2865 2646 2917 ille
2675 2879 2777 2918 nou
2809 2866 3048 2932 perierit,
3106 2869 3199 2920 sed
3251 2867 3444 2920 alicubi
3479 2867 3533 2924 in

1999 2951 2098 3004 hac
2126 2951 2233 3003 vita
2270 2953 2443 3020 degat.
2502 2953 2564 3004 Et
2600 2955 2710 3006 haec
2743 2956 2976 3021 quidem,
3017 2956 3155 3024 quod
3189 2956 3253 3008 ad
3287 2957 3534 3013 lectionis

2000 3037 2190 3091 seriem
2237 3040 2449 3092 attinet.
2492 3039 2627 3102 Quin
2689 3041 2850 3092 etiam
2895 3041 3119 3095 diversae
3163 3051 3322 3096 sectae
3344 3043 3534 3096 mulier

1998 3127 2135 3195 apud
2192 3126 2387 3180 fontem
2425 3125 2608 3191 Jacob,
2637 3143 2791 3194 quem
2841 3138 3053 3195 puteum
3102 3131 3342 3196 putabat,
3374 3147 3531 3198 quem

2001 3223 2174 3270 mente
2201 3217 2500 3283 suspicatur
2530 3231 2646 3270 esse
2703 3218 3076 3285 pcrfectiorem
3103 3200 3399 3290 Λόγον,’[ίι1
3451 3228 3535 3274 est

2003 3325 2023 3360 ι
2066 3306 2398 3370 Sermonem,
2432 3305 2479 3378 i]
2519 3308 2657 3361 hunc
2686 3307 2958 3361 Christum
2993 3311 3276 3364 nominans
3303 3312 3478 3378 inquit
3513 3327 3528 3364 :

2003 3415 2021 3447 ι
2058 3397 2188 3450 Cum
2237 3398 2441 3451 venerit
2503 3397 2610 3463 ille,
2676 3398 3013 3452 aununtiabit
3067 3400 3219 3453 nobis
3260 3402 3470 3462 omnia;
3506 3419 3526 3453 ι

1998 3500 2232 3551 prteseus
2257 3495 2432 3538 autem
2462 3499 2583 3539 cum
2618 3495 2758 3538 esset
2792 3486 2878 3538 ille
2911 3486 3000 3553 qui
3045 3495 3098 3539 et
3125 3489 3532 3556 exspectabatur

1995 3583 2047 3627 et
2073 3573 2383 3639 sperabatur
2410 3590 2424 3625 :
2463 3591 2482 3623 i
2513 3571 2618 3640 Ego
2669 3587 2803 3636 sum,
2836 3573 2926 3638 qui
2958 3583 3126 3626 tecum
3157 3575 3359 3641 loquor,
3391 3592 3410 3624 ι
3449 3575 3532 3626 iii-

1997 3663 2109 3730 quit
2129 3663 2192 3714 ⁷⁸.
2220 3662 2321 3714 Sed
2350 3662 2466 3714 vide
2489 3662 2614 3728 quid
2640 3661 2928 3715 Heracleon
2954 3664 3124 3726 dicat;
3152 3664 3323 3732 inquit
3345 3664 3485 3717 enim
3512 3680 3526 3714 :

1999 3765 2018 3798 i
2073 3748 2410 3816 Exspectabat
2461 3749 2694 3802 Ecclesia
2753 3750 3062 3815 Christum,
3110 3761 3162 3804 et
3219 3767 3528 3818 persuasum

1997 3837 2224 3892 habebat
2261 3837 2428 3891 solum
2460 3838 2606 3890 illiilli
2633 3841 2810 3891 omnia
2841 3855 3012 3893 nosse.
3049 3857 3069 3890 ι

2063 3924 2150 3978 28.
2176 3942 2194 3976 i
2221 3925 2358 3978 Dicit
2389 3927 2458 3979 illi
2492 3927 2647 3980 .lesus
2672 3942 2686 3978 :
2716 3927 2825 3994 Ego
2846 3942 2959 3979 sum
2983 3927 3072 3994 qui
3104 3927 3292 3994 loquor
3321 3936 3523 3987 tecum.

1995 4012 2062 4066 Et
2089 4014 2296 4067 interim
2333 4024 2590 4067 venerunt
2633 4015 2875 4081 discipuli
2908 4013 3044 4082 ejus,
3087 4017 3524 4084 mirabanturque

1994 4103 2133 4169 quod
2166 4117 2282 4154 cum
2317 4102 2536 4155 muliere
2571 4103 2916 4169 loqueretur;
2955 4117 3110 4156 nemo
3138 4112 3312 4155 tamen
3338 4103 3473 4158 dixit
3503 4119 3520 4156 :

1997 4189 2131 4256 Quid
2153 4192 2366 4257 qureris,
2397 4201 2487 4244 aut
2519 4207 2614 4244 cur
2631 4191 2866 4258 loqueris
2885 4206 3003 4243 cum
3027 4205 3087 4244 ea
3107 4192 3188 4244 "?
3211 4211 3229 4242 ι
3257 4191 3530 4259 lnquirere

1929 4318 1973 4372 Β
1999 4280 2251 4334 debemus
2299 4281 2466 4333 sicubi
2506 4282 2748 4338 Christus
2787 4283 3234 4351 evangelizaverit
3267 4283 3523 4351 seipsum,

1998 4370 2220 4437 locaque
2243 4371 2382 4423 inter
2417 4386 2475 4424 se
2517 4375 2782 4437 conferre,
2839 4374 2999 4427 veluti
3030 4390 3043 4426 :
3080 4391 3099 4425 i
3127 4373 3398 4440 Ego-sum,
3437 4373 3526 4441 qui

1997 4453 2060 4506 de
2096 4455 2298 4521 nieipso
2357 4457 2714 4511 testimonium
2767 4459 2902 4525 fero,
2948 4468 2999 4513 et
3055 4469 3280 4514 testatur
3321 4461 3388 4514 de
3422 4474 3525 4520 me,

1993 4541 2083 4609 qui
2115 4541 2262 4594 misit
2292 4557 2398 4610 me,
2443 4545 2604 4600 Pater
2628 4547 2711 4615 7‘;
2749 4565 2768 4598 ι
2801 4557 2855 4602 et
2889 4549 3056 4603 illud:
3099 4567 3117 4601 i
3153 4549 3210 4603 Si
3239 4548 3528 4602 crederetis

1993 4627 2181 4696 Moysi,
2205 4631 2496 4688 crederetis
2520 4635 2678 4688 etiam
2711 4637 2862 4698 mihi,
2913 4635 2977 4688 de
2999 4650 3082 4688 me
3104 4637 3243 4689 enim
3277 4636 3364 4688 ille
3392 4635 3526 4688 scri-

1992 4717 2188 4788 psit",
2219 4737 2239 4773 ι
2270 4731 2325 4777 et
2364 4723 2408 4776 si
2433 4724 2558 4790 quid
2607 4725 2794 4778 borum
2836 4727 2998 4794 238
3021 4726 3194 4779 simile
3223 4725 3420 4778 dictum
3448 4731 3532 4777 est

3067 4866 3111 4897 "
3143 4865 3270 4919 ibid.
3300 4862 3389 4918 46.

1996 4996 2355 5050 Tortullianus
2387 4995 2460 5048 De
2506 5011 2714 5062 prwscr.
2751 5000 2868 5064 adii.
2915 4996 3200 5060 hwreticos,
3253 5010 3372 5063 cap.
3421 4999 3525 5064 45;

1996 5063 2318 5132 Epiphanius
2345 5065 2533 5116 lieres.
2560 5077 2693 5121 xm;
2748 5062 3061 5116 I'hilastrius
3093 5079 3210 5132 cap.
3236 5064 3292 5130 4,
3322 5062 3387 5116 iet
3439 5062 3529 5120 alii

1993 5134 2253 5200 plerique.
2279 5131 2534 5200 Hilarius.

2063 5193 2501 5268 (4)’Δοσιθειφτοί.
2518 5193 2831 5268 Δοσιθεηνοί-
2849 5197 3185 5268 appellantur
3209 5201 3274 5250 ab
3299 5198 3533 5268 Origene

1992 5263 2081 5317 lib.
2113 5263 2160 5318 vi
2182 5275 2361 5317 contra
2387 5265 2612 5325 Celsum,
2642 5279 2790 5314 iiuiii.
2814 5263 2898 5323 ll,
2937 5275 2991 5315 et
3035 5265 3330 5319 Dositlieaiii
3352 5263 3530 5322 Trart.

1994 5349 2139 5401 xxvii
2162 5334 2215 5384 in
2243 5331 2428 5401 Matth.
2454 5333 2666 5401 (veteris
2713 5332 3194 5401 i_i_i_terpretationis,
3231 5351 3352 5401 pag.
3385 5337 3478 5387 851
3517 5350 3534 5390 ;

1986 5400 2220 5518 ροσίοεοι
2247 5400 2312 5452 ab
2368 5399 2699 5466 Epiphanio,
2727 5397 3064 5452 'I‘lieodoreto
3099 5411 3154 5454 et
3193 5397 3534 5456 llaiiiaSCCiio.

2013 5483 2061 5518 ι).

2013 5483 2061 5520 D.

2057 5537 2132 5606 (5)
2169 5536 2396 5607 Γνώμη.
2426 5534 2728 5590 Ferrarius
2751 5531 2960 5600 legebat
2996 5537 3159 5604 γυνή,
