3828 6178
302 298 411 350 449
1353 306 1707 361 conamur.
1745 280 1807 359 IN
1841 305 2024 362 JOAN.
2061 304 2292 360 renus
2322 305 2458 360 xm.
3383 309 3490 365 me

298 408 535 480 ἀπῆλθεν
579 411 664 474 είς
714 413 819 483 τὴν
853 415 1031 475 πόλιν,
1086 416 1176 467 καὶ
1226 415 1366 481 λέγει
1402 418 1512 477 τοῖς
1537 414 1865 484 ἀνθρώποις·

1971 415 2186 466 vitalem
2218 414 2366 478 adiit,
2398 424 2450 467 et
2476 415 2779 470 hominibus
2810 416 2885 470 ait
2912 435 2924 471 :
2959 417 3168 481 Venite,
3207 419 3382 474 videte
3411 426 3490 472 vi.

307 499 488 562 Δεῦτε,
519 501 662 554 ῖδετε
684 502 1002 572 ἄνθρωπον,
1037 505 1092 564 ὃς
1112 500 1232 554 εἶπέ
1260 521 1346 572 μοι
1379 505 1548 556 πάντα
1572 504 1670 556 ὅσα
1697 502 1865 573 ἐποίηε

1965 516 2101 564 rum,
2129 502 2217 568 qui
2259 503 2392 554 dixit
2422 503 2547 555 mihi
2578 505 2752 557 omnia
2783 520 3111 574 quaecunque
3141 506 3240 559 feci
3267 522 3280 558 :
3315 523 3381 558 an
3407 510 3488 562 hic

316 608 409 644 σα·
451 592 579 662 μήτι
632 582 793 652 οῦτός
843 592 994 643 ἐστιν
1022 593 1050 643 ὁ
1077 589 1302 660 Χριστός
1326 607 1339 654 ;
1367 610 1384 639 ι
1417 592 1490 642 Οὑ
1527 590 1697 660 μάτην
1722 588 1868 660 οἴμαι

323 676 754 748 ἀνσγεγραφέναι
799 677 896 730 τὸν
942 678 1319 748 εὑαγγελιστὴν
1363 679 1454 730 καὶ
1497 677 1565 730 τὰ
1614 679 1737 748 περὶ
1774 679 1868 748 τῆς

331 772 563 839 ἀφέσεως
587 769 684 838 τῆς
717 769 927 839 ὑδρίας,
962 770 1145 838 ἥντινα
1180 770 1372 836 ἀφεῖσα
1405 771 1436 838 ή
1475 768 1606 839 γυνὴ
1636 769 1868 838 ἀπῆλθεν

327 865 400 922 εἰς
425 861 519 930 τὴν
552 859 734 910 πόλιν·
766 859 908 911 κατά
944 861 1041 928 μὲν
1069 856 1158 910 οὖν
1200 859 1295 927 τὴν
1326 856 1482 921 λέξιν,
1513 857 1738 926 σπουδὴν
1770 859 1867 926 ἐμ-

326 950 497 1018 φαίνει
524 949 744 1002 πλείονα
777 948 876 1017 τῆς
910 947 1287 1017 Σαμαρείτιδος
1317 947 1736 1015 καταλειπούσης
1772 947 1867 1014 τὴν

326 1040 527 1110 ὑδρίαν,
560 1039 656 1092 καὶ
696 1037 756 1090 οὑ
787 1039 1035 1090 τοσοῦτον
1066 1037 1474 1104 πεφροντικυίας
1515 1035 1606 1088 τοῦ
1641 1054 1869 1106 σωματι-

325 1129 418 1182 κοῦ
450 1129 560 1198 (15)
596 1127 691 1180 καὶ⁴
720 1129 1096 1197 ταπεινοτέρου
1133 1126 1475 1195 καθήκοντος,
1508 1127 1626 1178 ὅσον
1644 1126 1741 1195 τῆς
1762 1128 1866 1179 τῶν

324 1219 527 1271 πολλῶν
555 1217 855 1286 ὠφελείας·
889 1216 1364 1286 φιλανθρωπότατα
1400 1216 1506 1284 γὰρ
1535 1215 1806 1285 κεκίνηται
1833 1218 1866 1286 ή

324 1309 641 1378 βουληθεῖσα
694 1309 805 1370 τοῖς
849 1307 1090 1368 πολίταις
1123 1305 1562 1372 εὐαγγελίσασθαι
1620 1305 1708 1356 τὸν
1739 1307 1868 1374 Χρι-

323 1399 462 1458 στὸν,
531 1394 887 1467 μαρτυροῦσα
942 1394 1086 1463 αὑτῷ
1139 1395 1376 1464 εἰρηκότι
1424 1395 1556 1462 αὑτῇ
1615 1393 1784 1446 πάντα
1832 1393 1867 1446 ἃ

317 1487 558 1554 ἐποίησε.
597 1485 770 1538 Καλεῖ
795 1485 851 1536 δὲ
892 1485 1084 1546 αὑτοὺς
1114 1483 1203 1534 ἐπὶ
1231 1483 1291 1535 τὸ
1325 1482 1448 1533 ἰδεῖν
1474 1481 1753 1550 ἄνθρωπον
1781 1483 1867 1533 λό-

319 1593 408 1642 γον
440 1576 632 1644 ἐχοντα
667 1573 884 1644 μείζονα
906 1572 1184 1643 ἀνθρώπου
1209 1588 1222 1602 ·
1249 1572 1307 1623 τὸ
1331 1572 1435 1640 γὰρ
1461 1573 1648 1640 ὁρατὸν
1677 1570 1866 1637 ὀφθαλ-

323 1669 439 1735 μοῖς
460 1664 624 1716 αὑτοῦ
654 1663 939 1733 ἄνθρωπος
969 1658 1054 1732 ἦν.
1094 1662 1211 1732 Χρὴ
1240 1659 1329 1714 οὖν
1360 1661 1450 1713 καὶ
1476 1663 1622 1730 ἡμᾶς
1654 1662 1866 1712 ἐπιλαν-

1966 600 2044 644 est
2081 590 2191 643 ille
2215 589 2458 644 Christus
2493 591 2539 622 ⁸⁸
2561 593 2584 644 ?
2610 613 2628 644 ι
2662 593 2775 647 Non
2807 596 2998 648 frustra
3047 610 3170 649 reor
3213 598 3490 663 scripsisse

1965 677 2336 745 evangelistam
2363 677 2429 730 de
2466 678 2771 734 dimissione
2804 681 3022 751 hydrize,
3056 682 3193 749 quod
3223 682 3493 749 reliquerit

1968 763 2108 816 illam
2143 764 2333 816 mulier
2359 763 2592 830 profecta
2623 768 2688 820 ad
2739 767 2942 830 urbem,
2993 769 3298 832 ostendens,
3352 771 3490 835 quod

1965 856 2028 907 ad
2061 864 2262 907 textum
2291 855 2500 922 quidem
2525 857 2738 919 attinet,
2763 857 2991 910 studium
3019 859 3189 924 majus
3210 873 3366 925 quant
3398 873 3493 925 pro

1966 942 2306 1008 Satnaritide,
2359 953 2419 997 ut
2462 960 2578 1012 quae
2633 945 2904 1012 reliquerit
2952 947 3213 1014 hydriam,
3261 961 3364 998 non
3413 946 3494 998 sic

1963 1032 2105 1084 cordi
2136 1032 2336 1084 habens
2361 1045 2673 1098 corporeum
2703 1041 2758 1084 et
2786 1032 2980 1083 humile
3011 1032 3260 1094 officium,
3284 1041 3340 1084 ut
3359 1033 3494 1083 mul-

1967 1129 2136 1170 torum
2173 1119 2487 1171 utilitatem:
2525 1118 2850 1170 humanitate
2875 1119 3014 1170 enim
3045 1129 3182 1172 mota
3228 1128 3328 1181 est,
3372 1133 3490 1185 qum

1964 1207 2360 1260 voluitcivibus
2387 1207 2751 1274 evangelizare
2780 1207 3083 1270 Christum;
3125 1207 3221 1273 ipsi
3259 1207 3494 1260 testimo-

1963 1298 2106 1350 nium
2143 1297 2298 1359 dans,
2339 1298 2477 1364 quod
2524 1297 2701 1349 omnia
2754 1309 3079 1364 quaecunque
3130 1295 3345 1348 fecisset
3392 1297 3492 1349 sibi

1963 1386 2175 1438 dixerit.
2213 1385 2404 1438 Invitat
2434 1398 2610 1440 autem
2653 1387 2791 1453 ipsos
2825 1387 2887 1439 ad
2910 1387 3192 1438 videndum
3226 1386 3489 1438 hominem

1966 1474 2242 1528 habentem
2298 1475 2557 1530 rationem
2607 1489 2669 1527 ac
2727 1489 3022 1528 sermonem
3079 1475 3228 1541 longe
3276 1474 3489 1526 homine

1964 1563 2386 1632 praestantiorem
2414 1581 2428 1617 :
2465 1563 2516 1616 id
2544 1563 2684 1616 enim
2716 1565 2854 1631 quod
2887 1563 2950 1616 de
2974 1577 3037 1615 eo
3082 1563 3280 1616 nostris
3325 1562 3494 1616 oculis

1964 1655 2288 1723 aspectabile
2316 1665 2452 1720 erat,
2480 1656 2634 1708 homo
2661 1666 2796 1707 erat.
2828 1653 3182 1718 Quamobrem
3210 1653 3492 1706 oblivisca-

323 1753 641 1822 θανομένους
668 1751 776 1804 τῶν
809 1751 1287 1820 σωματικωτέρων,
1316 1750 1406 1802 καὶ
1437 1752 1684 1817 ἀφιέντας
1710 1749 1865 1812 αὐτὰ,

1967 1758 2084 1796 mur
2121 1751 2175 1795 et
2208 1738 2304 1796 nes
2332 1757 2549 1796 necesse
2573 1751 2651 1795 est
2674 1756 2848 1793 rerum
2881 1741 3260 1808 corporalium,
3305 1742 3493 1808 hisque

329 1840 562 1892 σπεύδειν
609 1840 704 1890 ἐπὶ
731 1837 792 1889 τδ
823 1837 1151 1906 μεταδιδόναι
1198 1832 1265 1906 ἦς
1299 1836 1690 1906 μετεαήφαμεν
1715 1837 1858 1904 ὠφε-

326 1928 457 1989 λείας
486 1927 694 1996 ἐτέροις
718 1942 732 1955 ·
768 1926 857 1976 ἐπὶ
899 1924 1054 1976 τοῦτο
1079 1925 1184 1994 γὰρ
1211 1925 1552 1994 προκαλεῖται
1579 1927 1606 1978 ό
1644 1927 1860 1992 εὐαγγε-

327 2017 499 2086 λιστὴς
522 2017 742 2068 ἔπαινον
787 2019 898 2078 τοῖς
921 2014 1111 2067 εἰδόσιν
1135 2012 1514 2080 ἀναγινώσκειν
1541 2014 1859 2082 ἀναγράφων

327 2104 411 2173 τῆς
437 2103 712 2172 γυναικός.
769 2102 911 2172 Πρὸς
942 2101 1182 2171 μέντοιγε
1227 2100 1321 2170 τήν
1349 2101 1628 2169 ἀναγωγὴν
1658 2117 1858 2168 σκοπη-

326 2193 434 2245 τέον
461 2194 544 2256 τίς
590 2195 625 2262 ή
659 2192 839 2262 ὑδρία,
870 2193 935 2260 ἢν
964 2191 1150 2260 ἀφίησι
1195 2190 1601 2259 παραδεξαμένη
1628 2206 1740 2251 πως
1770 2188 1859 2240 τοῦ

337 2283 498 2352 Ἰησοῦ
529 2283 723 2348 λόγους
769 2283 802 2350 ή
835 2282 1193 2349 Σαμαρεῖτις’
1247 2280 1339 2330 καὶ
1387 2278 1522 2346 τάχα
1562 2277 1622 2328 τὸ
1663 2277 1861 2345 δοχεῖον

327 2372 408 2424 τοῦ
444 2370 928 2439 σεμνοῦ-ποιουμένου
960 2367 1068 2437 (16)
1110 2367 1200 2419 ἐπὶ
1234 2365 1487 2434 βαθύτητι
1513 2364 1715 2426 ὓδατος,
1767 2364 1861 2432 τῆς

329 2460 682 2522 διδασκαλίας,
736 2452 811 2510 ὧν
866 2457 1078 2527 ἐφρόνει
1133 2456 1390 2524 πρότερον
1449 2453 1858 2516 ἐξευτελίζουσα,

329 2550 627 2602 ἀποτίθεται
660 2551 716 2601 ἐν
759 2546 837 2616 τῷ
865 2546 1125 2616 κρείττονι
1169 2545 1266 2612 τῆς
1297 2543 1498 2613 ὑδρίας,
1541 2541 1771 2595 λαϐοῦσα
1801 2543 1862 2592 ἐκ

331 2639 412 2692 τοῦ
445 2639 633 2700 ὓδατος
661 2636 756 2688 τοῦ
806 2633 1092 2703 γενομένου
1141 2633 1240 2702 ήδη
1290 2633 1347 2683 ἐν
1391 2632 1522 2700 αὑτῇ
1551 2631 1727 2699 πηγῆς
1756 2628 1862 2699 (Π)

329 2727 507 2791 ὕδατος
540 2727 835 2796 ἁλλομένου
892 2725 971 2785 είς
1003 2721 1145 2790 ζωὴν
1189 2721 1429 2773 αἰώνιον·
1479 2720 1594 2782 πῶς
1625 2719 1730 2787 γὰρ
1775 2719 1859 2781 ἂν,

324 2817 408 2869 τοῦ
460 2817 644 2878 ῦδατος
693 2814 882 2866 τούτου
940 2811 1012 2881 μὴ
1068 2809 1429 2879 μετειληφυῖα,
1481 2807 1865 2876 φιλανθρώπως

323 2907 546 2976 Χριστὸν
596 2907 707 2967 τοῖς
739 2902 979 2963 πολίταις
1012 2901 1293 2970 ἐκήρυσσε,
1337 2895 1678 2964 θαυμάζουσα
1708 2891 1864 2947 αὑτὸν

327 2994 723 3062 ἀπαγγέλλοντα
746 2993 923 3043 πάντα
942 2989 978 3042 ἃ
1005 2989 1270 3057 ἐποίησεν,
1301 2988 1347 3037 εί
1380 2984 1451 3054 μὴ
1477 2983 1778 3053 μετειλήφει
1799 2983 1862 3034 δι’

1957 1832 2164 1885 omissis
2195 1831 2502 1885 festinemus
2523 1831 2586 1882 ad
2615 1829 3105 1884 communicandam
3140 1828 3282 1891 aliis,
3327 1844 3488 1896 quam

1958 1920 2472 1989 participaverimus,
2513 1919 2793 1972 utilitatem
2825 1935 2837 1969 :
2872 1917 2935 1969 ad
2962 1918 3061 1969 hoc
3099 1931 3324 1984 namque
3359 1917 3492 1968 invio

1961 2017 2035 2060 tat
2063 2009 2381 2076 evangelista
2427 2007 2636 2060 laudem
2685 2006 2925 2059 scribi-ns
2970 2004 3208 2058 mulieris
3242 2003 3491 2071 prudenti

1960 2095 2162 2148 lectori.
2196 2094 2300 2147 Sed
2335 2095 2398 2147 ad
2427 2094 2667 2147 altiorem
2697 2091 3098 2161 intelligentiam
3141 2093 3492 2146 intendendus

1958 2194 2040 2238 est
2073 2185 2298 2246 animus,
2324 2198 2566 2251 quaenam
2598 2184 2800 2236 scilicet
2830 2184 2898 2234 sit
2927 2182 3112 2250 hydria
3142 2197 3300 2248 quam
3333 2183 3493 2235 relin-

1959 2274 2070 2340 quit
2100 2273 2537 2340 Samaritis,qnaa
2596 2272 2770 2338 aliquo
2819 2272 2972 2324 modo
3025 2280 3305 2342 acceperat
3361 2268 3492 2323 Jesu

1960 2373 2266 2422 sermones;
2299 2368 2351 2412 et
2379 2359 2606 2412 fortasse
2634 2374 2725 2411 vas
2755 2373 2903 2425 aqua
2934 2358 3224 2411 nobilitata:
3271 2356 3338 2410 ob
3368 2372 3491 2424 pro-

1961 2448 2272 2503 funditatem
2303 2449 2576 2510 doctrinae,
2601 2447 2685 2500 his
2713 2447 2868 2499 rebus
2896 2461 3026 2514 quas
3051 2457 3205 2498 antea
3242 2445 3490 2505 curabat.

1961 2537 2170 2604 spretis,
2205 2534 2410 2601 reponit
2437 2533 2572 2600 apud
2610 2546 2730 2585 eum
2767 2531 2856 2599 qui
2885 2545 3010 2582 vase
3037 2529 3191 2597 longe
3229 2537 3495 2597 praestan-

1963 2624 2065 2676 tior
2096 2631 2196 2686 est,
2226 2637 2344 2675 cum
2389 2620 2703 2687 sumpsisset
2729 2632 2792 2670 ex
2825 2618 2910 2670 illa
2945 2631 3104 2683 aqua,
3134 2631 3251 2681 quae
3291 2617 3403 2683 jam
3441 2614 3491 2665 in

1961 2727 2018 2765 se
2048 2711 2186 2764 facta
2228 2708 2402 2762 fuerat
2435 2709 2552 2762 fons
2595 2720 2745 2773 aquas
2776 2704 3015 2758 salientis
3047 2705 3114 2756 ad
3144 2694 3304 2754 vitam
3334 2713 3493 2756 aeter-

1963 2815 2084 2854 nam
2110 2799 2176 2852 9'.
2213 2798 2488 2864 Quomodo
2515 2795 2660 2848 enim
2684 2795 2728 2847 si
2758 2809 2860 2845 non
2896 2792 3158 2864 particeps
3197 2791 3316 2843 talis
3345 2805 3496 2855 aqua

1964 2885 2467 2954 fuisset,quomodo,
2485 2883 2721 2948 inquam,
2745 2881 2970 2932 humane
2993 2879 3256 2930 Christum
3288 2876 3496 2928 civibus

1965 2974 2322 3043 praedicasset,
2352 2971 2624 3022 admirans
2661 2982 2779 3021 eum
2812 2966 2911 3017 sibi
2952 2964 3126 3017 omnia
3161 2977 3495 3029 quascunque

329 3038 402 3136 ὧν
426 3038 617 3153 ήκουσε
649 3081 759 3150 (18)
793 3078 887 3131 τοῦ
913 3038 1180 3147 σωτηρίῷ
1204 3038 1720 3137 66'a10;;".l’e6éxx.ci
1749 3073 1865 3141 μέν-

1965 3038 2178 3117 fecisset
2239 3061 2651 3120 reuuntiantem,
2684 3056 2782 3108 nisi
2815 3056 3077 3122 particeps
3124 3054 3257 3105 facta
3310 3052 3497 3104 fuisset

327 3189 423 3233 τοι,
454 3173 546 3225 καὶ
590 3170 729 3240 αὑτὴ
782 3168 964 3237 ὑδρίαν
998 3166 1189 3236 ἔχουσα
1230 3165 1320 3216 ἐπὶ
1364 3162 1468 3214 τῶν
1503 3162 1682 3230 ὤμων,
1738 3163 1866 3230 πρὶν

331 3253 632 3306 συντελέσαι
681 3251 946 3304 λαλοῦντα
991 3251 1048 3300 ἐν
1093 3249 1156 3316 τῇ
1209 3247 1410 3314 διανοίᾳ
1452 3245 1543 3296 τὸν
1571 3244 1732 3295 παῖδα
1773 3244 1863 3295 τοῦ

342 3343 595 3412 ’Δϐραὰμη
632 3338 982 3409 ἐξεπορεύετο
1012 3336 1147 3405 καλὴ
1175 3339 1239 3404 τῇ
1261 3334 1378 3401 ὄψει
1404 3332 1662 3402 παρθένος
1685 3348 1699 3362 ο
1726 3333 1862 3399 ἥτις,

329 3433 543 3501 ἐπείπερ
575 3431 674 3499 οὑχ
705 3429 902 3498 ὁμοίως
929 3426 1104 3496 ’ήντλει
1135 3427 1198 3493 τῇ
1226 3422 1586 3492 Σαμαρείτιδι,
1617 3419 1867 3473 καταϐαί-

330 3536 405 3573 νει
431 3522 517 3572 ἐπὶ
545 3520 644 3589 τὴν
687 3517 890 3587 πηγὴν,
921 3515 1014 3566 καὶ
1042 3513 1233 3581 πληροῖ
1268 3512 1364 3581 τὴν
1394 3510 1596 3579 ὑδρίαν,
1627 3508 1865 3579 ἀναϐάσῃ

328 3625 386 3661 τε
409 3611 535 3679 αὑτῇ
563 3609 672 3678 (l9)
709 3605 980 3676 ἐπιτρέχει
1009 3606 1086 3664 είς
1119 3602 1430 3669 συνάντησιν
1450 3601 1477 3651 ό
1497 3597 1588 3651 τοῦ
1626 3599 1866 3668 Ἀϐραὰμ

328 3700 466 3763 παῖς,
495 3699 588 3752 καὶ⁸
637 3693 759 3750 εἷπε
782 3712 796 3725 ο
854 3714 871 3744 ι
897 3692 1118 3745 Πότισόν
1170 3707 1234 3758 με
1281 3688 1471 3758 μικρὸν
1513 3687 1651 3756 ὓδωρ
1679 3688 1742 3738 ἐκ
1770 3687 1866 3755 τῆς

329 3788 502 3857 ὑδρίας
533 3805 646 3840 σου.
679 3805 698 3837 ι
749 3783 900 3836 Ἐπεὶ
926 3783 1034 3852 γὰρ
1062 3783 1188 3842 παῖς
1217 3777 1282 3848 ἧν
1307 3776 1396 3829 τοῦ
1435 3775 1696 3844 Ἀϐραὰμ,
1735 3773 1867 3841 ἠγά-

328 3892 403 3926 πα
424 3877 520 3929 κᾶν
553 3871 752 3944 μικροῦ
787 3871 975 3930 ὓδατος
1000 3867 1106 3919 ἀπὸ
1136 3867 1231 3934 τῆς
1255 3864 1435 3933 ὑδρίας
1473 3861 1755 3922 Ῥεϐέκκας
1782 3860 1868 3914 λα-

328 3963 467 4017 ϐεῖν’
518 3965 612 4016 καὶ
659 3963 922 4013 ἔσπευσεν
974 3959 1006 4026 ή
1061 3956 1334 4016 Ῥεϐέκκα,
1380 3952 1472 4004 καὶ
1517 3949 1726 4001 καθεῖλε
1770 3950 1866 4019 τὴν

328 4053 505 4121 ὑδρίαν
537 4051 632 4105 ἐπὶ
685 4049 776 4101 τὸν
825 4046 1077 4118 βραχίονα
1121 4044 1226 4113 (20)
1254 4042 1437 4110 αὑτῆς,
1492 4040 1583 4092 καὶ
1623 4038 1866 4090 ἐπότισεν

327 4143 498 4208 αὑτὸν,
524 4144 630 4205 ἕως
655 4139 928 4193 ἐπαύσατο
954 4135 1138 4189 πίνων.
1187 4131 1438 4199 Ἐπείπερ
1459 4125 1548 4181 οὖν
1567 4123 1632 4197 ἦν
1659 4127 1868 4178 ἐπαινε-

325 4231 391 4300 τὴ
418 4235 446 4302 ή
479 4234 576 4302 τῆς
613 4228 910 4287 Ῥεϐέκκας
941 4223 1113 4293 ὑδρία,
1145 4223 1204 4274 οὑ
1242 4219 1617 4272 καταλείπεται
1645 4215 1735 4268 ἀπ’
1773 4215 1869 4266 αὑ-

1963 3167 2112 3218 aquae
2132 3149 2376 3202 salutaris
2400 3161 2494 3214 per
2516 3159 2577 3198 ea
2611 3144 2770 3197 verba
2801 3157 2916 3210 quae
2937 3139 3219 3193 audierat?
3257 3139 3496 3191 Rebecca

1961 3253 2090 3292 sane
2127 3245 2181 3290 et
2212 3237 2320 3304 ipsa
2353 3233 2595 3302 bydriam
2627 3231 2828 3283 habens
2857 3242 3018 3296 super
3043 3228 3313 3291 humeros,
3344 3235 3498 3278 ante.—

1961 3343 2120 3396 quam
2150 3324 2377 3380 Abrahae
2410 3337 2543 3391 puer
2567 3322 2724 3373 tinem
2761 3317 3006 3384 loquendi
3035 3317 3236 3369 faceret
3268 3315 3318 3366 in
3349 3315 3496 3382 cogi-

1965 3417 2187 3481 latione,
2219 3414 2593 3484 egrediebatur
2636 3411 2787 3476 virgo
2836 3407 3012 3474 specie
3061 3414 3376 3473 pervenusta
3410 3404 3489 3450 “:

1962 3521 2080 3574 qua:
2123 3505 2371 3574 quoniam
2424 3518 2525 3554 nou
2572 3498 2791 3569 perinde
2842 3507 3003 3565 atque
3055 3494 3334 3548 Samaritis
3382 3493 3495 3546 haec

1965 3595 2226 3657 hauriret,
2252 3591 2523 3646 descendit
2555 3591 2620 3642 ad
2667 3587 2887 3647 fontem,
2930 3594 2983 3636 et
3017 3583 3196 3649 implet
3226 3582 3493 3649 hydriam,

1963 3686 2122 3752 eique
2151 3680 2455 3735 ascendenti
2489 3678 2700 3730 obviam
2750 3685 3035 3727 accurreus
3087 3671 3313 3722 Abraha:
3358 3683 3492 3736 puer

1965 3773 2098 3824 dixit
2124 3786 2136 3822 :
2175 3787 2193 3821 ι
2223 3769 2412 3822 Potum
2441 3767 2612 3835 prtcbe
2645 3762 2772 3816 mihi
2804 3760 3085 3828 pauculum
3118 3771 3269 3823 aqua
3296 3769 3360 3808 ex
3392 3757 3492 3824 hy-

1965 3859 2077 3913 dria
2110 3869 2194 3911 tua
2219 3857 2285 3910 '7.
2318 3875 2336 3905 ›
2369 3855 2627 3920 Quoniam
2657 3851 2823 3918 igitur
2855 3861 2984 3915 puer
3031 3853 3146 3897 erat
3199 3844 3492 3901 Abraham,

1963 3954 2237 4001 contentus
2262 3942 2357 3995 fuit
2382 3944 2462 3994 vel
2487 3937 2745 3991 tantulum
2771 3949 2921 4002 aqua:
2945 3947 3007 3986 ex
3034 3930 3220 4000 hydria
3243 3928 3496 3981 Rebecca:

1964 4049 2206 4096 sumere;
2239 4041 2294 4085 et
2350 4030 2614 4085 festinavit
2675 4025 2934 4087 Rebecca,
2987 4029 3040 4074 et
3072 4014 3495 4085 deposuitgw

1965 4123 2202 4194 bydriam
2237 4134 2392 4188 super
2416 4117 2688 4171 brachium
2717 4127 2892 4174 suum,
2917 4117 3093 4178 potum
3124 4107 3200 4159 illi
3230 4107 3490 4194 pncbeus,

1965 4192 2131 4268 donec
2148 4218 2381 4265 cessaret
2396 4223 2424 4260 a
2438 4207 2664 4261 bibendo
2675 4202 2741 4256 ⁸⁸.
2765 4200 3024 4266 Quoniam
3042 4198 3200 4266 igitur
3216 4192 3495 4248 laudabilis

325 4282 446 4386 65;:
603 4318 704 4386 τῆς
725 4282 1126 4384 Σαμαρείτιδος,
1157 4304 1286 4361 οὖσα
1311 4308 1425 4377 ὥρα
1449 4306 1600 4374 ἕκτη,
1631 4302 1864 4370 ἀφίεται.

1965 4309 2080 4355 erat
2106 4299 2361 4351 Rebecca:
2403 4293 2614 4363 hydria,
2665 4304 2770 4344 non
2825 4286 3191 4353 relinquitura
3225 4282 3489 4343 Rebecca,

2052 4391 2063 4398 .
2102 4387 2132 4398 ,-
2461 4385 2508 4398 .,
2693 4377 3006 4398 __..____,,A__
3039 4376 3165 4398 ιη,
3210 4372 3489 4398 “dmum

339 4407 549 4460 Ἐνθάδε
584 4405 682 4476 μὲν
705 4403 769 4472 δὴ
795 4404 906 4463 τοῖς
939 4398 1294 4468 Σαμαρείταις
1319 4393 1450 4462 γυνὴ
1475 4391 1870 4460 εὐαγγελίζεται

324 4496 414 4548 τὸν
440 4495 695 4566 Χριστόν⁸
745 4493 837 4544 ἐπὶ
862 4490 1002 4543 τέλει
1048 4489 1104 4541 δὲ
1148 4487 1254 4538 τῶν
1281 4483 1617 4551 Εὑαγγελίων
1661 4481 1751 4532 καὶ
1776 4480 1871 4548 τὴν

322 4583 615 4637 ἀνάστασιν
662 4581 756 4634 τοῦ
786 4579 1034 4648 Σωτῆρος
1061 4578 1170 4636 τοῖς
1201 4571 1504 4633 ἀποστόλοις
1541 4572 1573 4640 ή
1603 4568 1704 4638 πρὸ
1741 4567 1872 4618 πάν-

319 4687 425 4723 των
479 4671 636 4726 αὑτὸν
682 4667 990 4736 θεασαμένη
1039 4663 1174 4733 γυνὴ
1216 4662 1496 4730 διηγεῖται.
1569 4657 1705 4709 Ἀλλ’
1747 4654 1870 4707 οὕτε

1975 4391 2065 4445 sed
2101 4385 2436 4440 Samaritidis
2461 4382 2649 4451 hydria
2693 4377 3007 4446 relinquitur
3039 4376 3168 4428 hora
3209 4372 3496 4425 exsistente

1975 4486 2123 4533 sexta
2151 4475 2217 4525 ⁸⁸.
2244 4473 2352 4525 lioc
2390 4472 2549 4539 igitur
2582 4469 2632 4520 in
2663 4468 2778 4520 loco
2810 4463 3000 4517 mulier
3030 4459 3376 4514 Samaritauis
3397 4471 3495 4509 an-

1974 4565 2184 4619 nuntiat
2211 4560 2482 4614 Christum
2513 4575 2527 4620 ;
2559 4559 2611 4608 in
2651 4558 2752 4608 fine
2781 4569 2906 4607 vero
2953 4548 3378 4616 Evangeliorum,
3412 4559 3497 4596 re-

1974 4646 2354 4703 surrectionem
2411 4641 2714 4697 Servatoris
2767 4641 2926 4692 etiam
2975 4645 3195 4690 enarrat
3245 4631 3496 4701 apostolis

396 4851 444 4882 “
470 4850 618 4905 Joan.
649 4843 827 4910 tv,28,
853 4843 940 4900 '29.
1014 4843 1059 4874 ⁸⁸
1081 4840 1206 4894 ibid.
1237 4837 1326 4890 14.
1397 4835 1440 4866 ⁸⁸
1464 4835 1597 4889 Cen.
1630 4847 1771 4886 xxiv.
1845 4831 1865 4862 ⁸

1965 4827 2047 4882 μὶιΙ.
2088 4824 2175 4880 17.
2247 4823 2292 4854 ⁸⁸
2327 4821 2455 4876 ibid.
2487 4819 2571 4874 18.
2645 4816 2690 4849 ⁸³
2716 4814 2870 4869 Joan.
2900 4827 2971 4876 tv,
3007 4809 3060 4863 6.

409 5024 512 5090 U5)
543 5017 1098 5092 CodexﬂBodleianus:
1133 5012 1226 5065 καὶ
1255 5007 1424 5067 οὑτως
1457 5006 1622 5074 αὑτῆς
1644 5020 1867 5073 πεφρον.

339 5093 540 5155 τικυίας
563 5094 624 5146 οὑ
657 5091 772 5144 τοῦ·
785 5091 1114 5156 σωματικοῦ.

385 5182 512 5299 é(16)
530 5182 699 5237 Codd.
724 5179 924 5246 Regius
954 5183 1007 5226 et
1033 5166 1379 5224 Barberinus,
1445 5162 1644 5231 σεμνοῦ
1687 5176 1867 5212 ποιου-

411 5265 516 5300 νου.

411 5265 438 5296 ν
501 5287 516 5303 .

341 5264 518 5454 μεᾶἒίὲ
535 5333 850 5414 Bodleianus
872 5327 1042 5384 codex
1064 5317 1261 5387 πηγῆς,
1303 5315 1501 5381 Regius
1535 5325 1589 5370 et
1622 5314 1871 5370 Barberi-

351 5416 460 5454 nus.
523 5420 674 5454 οντὶς.

351 5416 460 5462 nus,
487 5416 674 5474 αρχης.

412 5464 700 5559 (Ἀγιάδάρχ
737 5484 1078 5559 Botlleiaqus,
1101 5474 1162 5559 δι’
1181 5464 1535 5559 Abisag“,
1586 5473 1779 5551 “gaius
1817 5483 1872 5526 et

349 5537 926 5627 αιὶαὶῇζτῑῖῖιὶέῖδιῆῐςὸυε.
971 5537 1135 5598 Vertit
1179 5537 1493 5601 Periouius,
1547 5556 1564 5589 ι
1601 5537 1702 5592 nisi
1750 5554 1868 5605 par-

1970 5003 2136 5078 ticeps
2155 4999 2293 5078 facta
2318 5005 2460 5051 esset
2481 5007 2630 5062 aqua:
2649 4997 2902 5060 perpetuo
2934 4985 3206 5046 salutaris,
3239 5000 3258 5033 ›
3288 4981 3496 5050 legebat

2510 5144 2573 5179 τε
2621 5123 2794 5190 αὐτῇ.
2838 5135 2952 5206 εις..
2986 5120 3058 5174 Ita
3113 5119 3390 5206 legendum
3428 5133 3494 5196 ex

1971 5187 2161 5258 Geiies.
2188 5216 2333 5262 xxrv,
2358 5187 2571 5260 i7,'non
2603 5187 3027 5258 ιἐιιοκαταϐἀστ
3055 5228 3068 5250 ,
3105 5187 3387 5240 υιίιιιιριίο
3417 5187 3499 5237 vi-

1973 5274 2124 5307 m“...
2167 5284 2226 5307 ιη
2257 5267 2450 5307 nones-
2481 5277 2628 5307 xxiv-
2651 5261 2733 5307 ΑΒ-
2769 5259 2914 5307 Ouod
2947 5273 2988 5307 SI
3020 5219 3132 5307 ioca
3187 5256 3293 5307 haec
3325 5255 3498 5307 Gene-

1973 5255 2145 5332 detur,
2167 5284 2229 5322 ex
2257 5255 2451 5319 Cenes.
2481 5277 2629 5332 χειν,
2651 5261 2734 5332 45.
2769 5259 2914 5323 Quod
2947 5255 3132 5332 siloca
3150 5255 3498 5332 dissectum-

1973 5323 2091 5392 sees
2129 5323 2482 5389 consuluisset
2522 5329 2797 5381 Ferrarius
2824 5365 2840 5389 ,
2896 5325 3056 5378 παῖδα
3086 5323 3178 5375 τοῦ
3231 5323 3495 5392 Ἀϐραάμ,

1979 5405 2237 5458 «Abrahae
2269 5401 2431 5452 filium
2455 5417 2474 5449 ι
2515 5397 2842 5466 ineptissime
2868 5409 2972 5448 non
3005 5392 3342 5450 reddidisset,
3382 5404 3438 5442 se
3479 5425 3494 5450 ,

1978 5472 2231 5524 «Abrahae
2261 5482 2478 5535 puerum
2493 5503 2505 5515 .
2523 5485 2538 5516 ι

2046 5538 2156 5606 (‘20)
2187 5526 2362 5592 Codex
2386 5533 2720 5599 Bodleianus,
2755 5531 2844 5584 ἐπὶ
2864 5528 2955 5582 τοῦ
2985 5526 3278 5597 βραχίονος-
