3828 6196
389 265 488 323 ιει
1431 281 1436 286 ·
1788 248 1900 304 0R1

2078 246 2100 302 Ξ
3490 228 3590 282 ιῖιὲ

376 375 586 437 mulier,
615 379 734 424 ante
760 377 942 420 omnes
967 362 1138 430 ipsum
1166 361 1471 430 conspicata
1495 360 1563 418 ’°.
1599 358 1701 414 Sed
1727 374 1888 427 neque

2077 356 2149 425 τὴ,
2172 354 2247 418 ὡς
2269 354 2330 406 τὸ
2355 353 2552 406 τέλειον
2580 353 2675 422 τῆς
2700 351 2934 412 πίστεως
2956 341 3480 414 εὑαγγελισαμένη,
3503 341 3589 390 εὑ-

374 464 518 525 huic,
549 433 790 525 tanquam
821 468 938 521 qua:
969 452 1285 505 renuntiarit
1329 449 1707 519 perfectionem
1750 449 1886 512 fidei,

2077 446 2322 512 ριστεῖται
2352 443 2453 495 ὑπὸ
2482 442 2589 493 τῶν
2620 440 2974 511 Σαμαρειτῶν
3004 438 3292 505 λεγόντων
3317 451 3334 465 ο
3374 451 3392 484 ι
3422 433 3589 484 Οὑκέ-

371 553 553 620 gratia:
582 564 609 600 a
639 544 993 602 Samaritanis
1035 543 1295 596 habentur
1335 541 1634 595 dicentibus
1665 557 1677 592 :
1729 557 1747 590 ι
1785 539 1883 592 Non

2078 531 2159 583 διὰ
2189 531 2283 601 τὴν
2313 531 2494 583 λαλιάν
2528 549 2618 583 σου
2669 530 3002 600 πιστεύομεν
3028 545 3041 559 ⁸
3098 527 3264 580 αὑτοὶ
3316 526 3434 594 γὰρ
3459 525 3590 592 ἀκη-

370 615 592 704 amplius
620 641 831 702 propter
855 629 1116 699 loquelam
1143 638 1284 682 tuam
1305 625 1600 692 credimus;
1634 633 1730 696 ipsn
1755 628 1882 680 enim

2075 639 2212 690 ιμεν,
2241 623 2332 674 καὶ⁹
2360 622 2596 690 οἴδαμεν,
2651 622 2731 673 ὄτι
2771 615 2924 683 οὗτός
2955 622 3108 672 ἐστιν
3152 617 3392 687 ἀληθῶς
3421 617 3450 666 ὁ
3477 615 3587 665 Σω-

369 703 685 787 audivimus,
717 731 771 774 et
802 720 1000 774 scimus
1032 720 1174 772 hunc
1218 731 1337 770 esse
1376 730 1504 770 vere
1555 716 1881 770 Servatorem

2077 728 2093 761 ο
2137 711 2228 762 τοῦ
2259 710 2484 779 κόσμου·
2515 729 2532 759 ι
2570 709 2752 778 ἐκείνη
2781 725 2840 760 τε
2882 709 2982 778 τὴν
3011 706 3280 776 ἀπαρχὴν
3313 704 3421 774 τῆς
3451 703 3589 770 ἁφῆς

369 813 544 865 mundi
571 811 611 842 "
635 823 862 876 uaeque
890 807 964 862 illi
992 807 1354 861 conceduntur
1377 805 1624 872 primitiae
1649 802 1881 870 tangendi

2074 801 2083 848 ὁ
2129 797 2359 868 Χριστοῦ
2412 797 2472 848 οὑ
2522 797 2851 858 πιστεύεται,
2899 796 3158 863 λέγοντος
3203 794 3396 860 αὑτῇο
3455 791 3586 859 «Μή

366 900 653 960 Christum,
686 898 947 951 dicentem
981 896 1026 949 ei
1056 909 1070 947 :
1102 913 1118 945 ι
1149 893 1261 946 Noli
1285 908 1369 947 me
1394 893 1690 960 tangere",
1719 909 1736 939 ι
1770 890 1878 957 quia

2076 906 2093 938 δ
2121 887 2288 939 ἅπτου
2311 903 2324 916 θ
2353 905 2370 935 ι
2421 885 2607 954 ἔμελλε
2637 885 2745 956 γὰρ
2773 886 2801 936 ὁ
2831 885 3038 954 Θωμᾶς
3069 882 3306 934 ἀκούειν
3328 897 3345 910 ο
3407 898 3424 931 ι
3457 879 3588 948 Φέρε

364 987 593 1038 Thomas
615 984 890 1036 auditurus
915 991 1066 1034 erat:
1096 998 1116 1032 ι
1149 981 1292 1033 Alter
1320 981 1542 1048 digitum
1585 988 1729 1032 tuum
1771 978 1870 1031 huc

2077 994 2080 1012 ι
2109 974 2364 1028 δάκτυλόν
2398 991 2486 1026 σου
2531 969 2652 1036 ὧδε,
2688 974 2782 1025 καὶ
2830 973 2907 1025 [δε
2958 973 3060 1034 τὰς
3094 971 3300 1041 χεῖράς
3339 987 3465 1039 μου,
3497 968 3589 1021 καὶ

361 1082 414 1126 et
441 1075 558 1127 vide
591 1088 782 1127 manus
814 1086 981 1132 meas,
1008 1082 1062 1123 et
1085 1068 1215 1122 atl‘er
1239 1083 1452 1121 manum
1480 1077 1643 1131 tuam,
1667 1074 1720 1119 et
1745 1066 1873 1118 mitti

2068 1081 2121 1132 ρε
2149 1063 2245 1132 τὴν
2271 1064 2425 1133 χεῖρά
2447 1081 2559 1128 σου,
2583 1063 2674 1114 καὶ
2707 1063 2864 1131 βάλλε
2889 1064 2968 1124 εἰς
2996 1063 3098 1131 τὴν
3122 1061 3264 1112 πλευ
3275 1059 3387 1130 ράν
3420 1074 3540 1127 μου.
3563 1075 3580 1107 ι

362 1163 414 1217 in
453 1164 590 1216 latus
623 1177 794 1215 meum
811 1161 908 1214 ⁸⁸.»
943 1159 1130 1214 Omnia
1185 1167 1360 1210 autem
1405 1164 1573 1219 erant,
1611 1170 1728 1222 quae
1769 1153 1868 1208 feci

2077 1171 2169 1204 ντα
2194 1154 2249 1204 δὲ
2278 1150 2344 1223 ῆν
2373 1154 2408 1206 ὃ.
2434 1154 2684 1223 ἐποίησεν
2713 1155 2746 1221 ή
2776 1151 2934 1220 γυνὴ,
2965 1152 3000 1220 ἥ
3031 1167 3094 1202 τε
3119 1149 3267 1220 πρὸς
3298 1150 3436 1210 τοὺς
3463 1147 3589 1200 πέν-

361 1251 573 1314 mulier,
599 1247 930 1302 consuetudo
961 1261 1080 1299 cum
1113 1246 1347 1311 quinque
1379 1243 1530 1307 viris,
1561 1251 1616 1296 et
1644 1251 1761 1309 post
1800 1241 1873 1294 ho:

2075 1241 2269 1310 ἄνδρας
2319 1242 2585 1303 κοινωνία,
2623 1245 2717 1294 καὶ
2773 1244 2887 1311 μετ’
2936 1240 3188 1302 ἐκείνους
3230 1242 3269 1308 ἡ
3306 1237 3454 1308 πρὸς
3497 1237 3586 1289 τὸν

358 1338 744 1395 condescensio
803 1337 870 1389 ad
925 1343 1158 1398 sextum,
1205 1334 1293 1400 qui
1342 1333 1606 1401 legitimus
1651 1331 1733 1383 vir
1788 1344 1870 1383 non

2075 1345 2142 1381 τον
2178 1330 2236 1381 οὐ
2267 1331 2482 1399 γνήσιον
2516 1331 2681 1399 ἄνδρα
2715 1329 3132 1398 συγκατάϐασις
3152 1344 3166 1358 ·
3198 1329 3404 1380 ὅντινα
3423 1329 3587 1397 ἀρνη-

358 1440 512 1493 erat;
542 1443 696 1497 quem
731 1442 849 1481 cum
883 1437 1150 1494 negasset,
1181 1424 1527 1492 hydriamque
1573 1419 1867 1486 reliquisset

2074 1418 2218 1486 aévn,
2269 1421 2360 1470 καὶ
2401 1420 2497 1489 τὴν
2531 1421 2716 1488 ὑδρίαν
2764 1418 3165 1482 καταλιποῦσα,
3210 1419 3301 1480 εἰς
3359 1417 3586 1486 ἓϐδομον

361 1519 582 1572 honeste
609 1516 660 1568 in
688 1515 969 1582 septimum
1002 1512 1287 1580 requiescit
1337 1508 1486 1579 [(21)
1518 1508 1744 1562 afferens
1790 1507 1873 1560 uti

2072 1507 2100 1575 ι)
2143 1507 2350 1576 σεμνῶς
2383 1508 2730 1570 ἀναπαύεται,
2788 1506 3133 1578 προξενοῦσα
3161 1506 3267 1576 τὴν
3312 1504 3584 1573 ὠφέλειαν

361 1606 566 1659 litatem
599 1604 664 1657 iis
692 1617 902 1669 quoque
938 1601 1025 1669 qui
1087 1600 1274 1653 iisdem
1326 1595 1657 1665 dogmatibus
1703 1595 1868 1648 imbut

2073 1607 2083 1644 ι
2110 1597 2219 1656 τοῖς
2247 1595 2354 1647 ἀπὸ
2400 1596 2505 1648 τῶν
2529 1597 2808 1664 προτέρων
2854 1597 2994 1664 αὑτῇ
3039 1595 3348 1664 δογμάτων
3374 1593 3585 1646 οἰκοῦσι

360 1695 546 1748 urbem
581 1691 902 1754 incolebant,
939 1690 991 1742 id
1027 1698 1129 1752 est,
1159 1687 1544 1740 institutionem
1584 1685 1872 1738 verborum,

2073 1691 2158 1744 ιιν,
2189 1683 2285 1754 τὴν
2312 1653 2592 1755 οἰκοδομὴῦ
2623 1653 2730 1737 τῶν
2762 1686 2859 1754 οὑχ
2896 1653 3072 1751 ὑγιυῶν
3111 1653 3315 1752 λῦγων,
3357 1683 3458 1754 τὴν
3490 1684 3585 1736 αὑ-

360 1798 482 1850 qme
513 1795 616 1833 non
646 1789 788 1832 recta
825 1791 1062 1845 sanaqne
1087 1785 1232 1838 sunt,
1255 1775 1494 1828 eamdem
1540 1787 1656 1840 quae
1684 1773 1872 1825 mulier

2074 1779 2178 1846 ιτῇ
2229 1778 2475 1844 γυναικί’
2517 1773 2598 1840 οἷς
2637 1778 2732 1829 καὶ
2769 1776 2918 1828 αἰτία
2955 1777 3174 1844 γίνεται
3208 1774 3460 1840 ἐξελθεῖν
3489 1775 3586 1842 τῆς

357 1870 532 1940 erat];
600 1883 718 1936 quae
764 1869 921 1920 etiam
964 1868 1014 1919 in
1046 1880 1208 1920 causa
1261 1863 1378 1925 fuit,
1407 1871 1465 1916 ut
1497 1861 1572 1915 illi
1606 1876 1635 1915 e
1676 1861 1869 1915 civitati

2073 1872 2210 1928 ιεως,
2237 1866 2327 1918 καὶ
2355 1866 2523 1919 ἐλθεῖν
2552 1867 2686 1936 πρὸς
2714 1867 2804 1918 τὸν
2843 1866 3079 1934 Ἰησοῦν.
3115 1866 3270 1918 Πάνυ
3306 1866 3375 1918 δὲ
3406 1881 3585 1934 παρα-

356 1962 581 2022 exirent,
615 1968 667 2010 et
694 1957 933 2009 venirent
973 1955 1038 2006 ad
1089 1951 1291 2006 Jesum.
1332 1950 1518 2018 Magna
1568 1957 1747 2002 autem
1798 1949 1868 2001 ob

2075 1953 2364 2023 ηρημένως
2400 1957 2458 2006 ὲν
2505 1957 2616 2016 τοῖς
2661 1953 2789 2023 ἑξῆς
2835 1955 2884 2007 οἱ
2928 1956 3281 2024 Σαμαρεῖται
3334 1954 3587 2024 ἐρωτῶσι

357 2049 656 2104 servatioue
676 2045 852 2099 Jesum
879 2051 1066 2112 rogant
1088 2039 1411 2094 Samaritani
1442 2040 1492 2092 in
1525 2038 1868 2105 sequentibus

2074 2060 2076 2078 ι
2119 2041 2340 2110 Ἰησοῦν,
2384 2042 2481 2110 οὑχ
2506 2042 2592 2094 ἵνα
2623 2041 2779 2110 μείνῃ
2808 2042 2866 2093 ὲν
2892 2044 2958 2110 τῇ
2992 2041 3175 2104 πόλει,
3222 2040 3368 2093 ἀλλὰ
3395 2058 3426 2101 ,ι
3457 2041 3586 2109 παρ’

363 2153 464 2192 non
495 2145 553 2189 ut
577 2142 786 2188 maneat
821 2134 873 2186 in
907 2132 1138 2192 civitate,
1171 2130 1261 2182 sed
1299 2146 1318 2179 ι
1347 2127 1482 2195 apud
1511 2127 1650 2195 ipsos
1678 2125 1772 2188 “,t
1792 2125 1875 2177 ho:

2074 2133 2186 2192 τοῖς,
2217 2149 2235 2180 ι
2292 2131 2561 2183 τουτέστιν
2600 2131 2686 2182 ἴνα
2728 2129 2958 2199 γένηται
3005 2131 3068 2182 ὲν
3127 2130 3211 2199 τῷ
3264 2129 3586 2203 ἡγεμονικῷ

355 2233 458 2286 est,
485 2232 542 2276 ut
575 2223 644 2277 sit
673 2224 723 2275 in
756 2221 1057 2292 principatu
1089 2233 1275 2272 eorum
1319 2216 1528 2287 [animae
1564 2223 1712 2282 parte
1753 2228 1861 2280 pra:

2069 2219 2192 2270 τῶν·
2224 2219 2359 2287 τάχα
2383 2218 2488 2288 γὰρ
2514 2218 2612 2270 οὑκ
2639 2214 2707 2287 ῆν
2730 2217 2958 2272 δυνατὸν
3014 2221 3204 2287 μεῖναι
3233 2219 3402 2270 αὑτὸν
3430 2221 3487 2270 ὲν
3520 2221 3581 2286 τῇ

355 2308 713 2378 stantissima]
751 2323 764 2356 :
807 2323 930 2362 nam
961 2308 1190 2361 fortasse
1221 2305 1474 2373 nequibat
1496 2301 1650 2357 Jesus
1676 2302 1730 2354 in
1759 2302 1867 2354 civi-

2073 2319 2136 2358 tez
2165 2308 2359 2370 αὐτῶν,
2389 2306 2616 2376 ἐπείπερ
2641 2307 2735 2358 καὶ¹
2761 2307 2915 2359 αὐτοὶ
2945 2307 3182 2375 ἐξῆλθον
3209 2303 3269 2360 εῦ
3303 2307 3585 2367 ποιοῦντες

359 2407 462 2451 tate
498 2413 678 2452 eorum
707 2412 944 2459 manere,
993 2393 1424 2464 quandoquidem
1456 2393 1618 2445 etiam
1673 2389 1772 2458 ipsi
1823 2403 1871 2441 et

2078 2395 2172 2464 τῆς
2198 2395 2418 2458 πόλεως,
2449 2396 2541 2446 καὶ
2569 2395 2796 2465 ’ἤρχοντο
2826 2395 2965 2462 πρὸς
2988 2396 3185 2449 αὑτόν.
3225 2397 3354 2447 Ὅτι
3393 2396 3451 2447 δὲ
3479 2411 3587 2446 τοι-

355 2487 572 2538 civitate
596 2485 861 2546 exierant,
892 2485 1092 2550 optime
1137 2481 1412 2546 facientes,
1448 2489 1502 2532 et
1541 2483 1794 2530 venerant
1824 2491 1867 2528 at

2073 2483 2124 2535 τά
2153 2500 2271 2534 τινα
2298 2482 2544 2551 δηλοῦται
2577 2483 2970 2553 ἀκριϐέστατα,
3020 2485 3106 2546 εἰς
3145 2483 3250 2546 τὰς
3291 2480 3585 2549 ἁναγωγὰς

355 2586 499 2626 eum.
549 2573 702 2638 Quod
753 2581 930 2624 autem
971 2569 1332 2636 hujuscemodi
1379 2567 1618 2635 quasdam
1667 2567 1867 2617 innuan

2074 2572 2094 2638 ι)
2144 2570 2393 2640 ἀφορμὰς
2439 2573 2570 2640 ἡμῖν
2616 2571 2845 2634 διδόντος
2896 2570 2995 2622 τοῦ
3047 2571 3475 2640 εὐαγγελιστοῦ,
3521 2572 3586 2622 ἐκ

359 2669 466 2724 tur,
492 2675 682 2713 causas
713 2659 864 2712 nobis
893 2658 1171 2726 praebente
1201 2655 1524 2722 evangelista
1551 2652 1871 2706 accuratissi‘

2081 2677 2183 2712 των
2210 2660 2576 2729 κατακριτέον.
2615 2660 2885 2730 Πρότερον
2913 2660 3015 2728 μὲν
3042 2659 3399 2730 γέγραπται’
3435 2679 3453 2710 ‹
3477 2658 3587 2724 Ἐξ-

358 2763 444 2801 me
465 2749 528 2800 ad
557 2746 1166 2815 sensum'anagogicum,
1197 2745 1296 2798 hoc
1324 2753 1406 2797 est
1434 2743 1498 2796 ad
1523 2744 1870 2800 sublimioren‘

2067 2747 2139 2799 lov
2184 2749 2246 2799 ἐκ
2289 2748 2388 2816 τῆς
2420 2749 2641 2811 πόλεως,
2705 2751 2796 2802 καὶ
2841 2750 3081 2818 ἤρχοντο
3139 2750 3284 2820 πρὸς
3335 2749 3534 2802 αὑτόν·
3562 2768 3579 2800 ι

359 2837 786 2904 intelligentiam,
812 2850 874 2890 ex
909 2835 990 2888 his
1019 2833 1194 2887 verbis
1215 2831 1608 2898 diiudicandum
1640 2845 1742 2887 est.
1771 2833 1871 2887 Pri-

2076 2874 2078 2884 ι
2107 2837 2222 2904 μετ’
2249 2837 2400 2904 ὀλίγα
2424 2853 2437 2866 ο
2494 2855 2512 2887 ι
2535 2837 2628 2888 Ἐκ
2657 2837 2714 2889 δὲ
2752 2838 2851 2905 τῆς
2891 2837 3115 2901 πόλεως
3153 2839 3376 2908 ἐκείνης
3402 2837 3588 2890 πολλοὶ

359 2940 504 2978 mum
547 2925 760 2992 quidem
794 2925 1047 2991 scriptum
1078 2921 1258 2975 est":
1297 2938 1314 2970 ι
1345 2921 1602 2975 Exierunt
1654 2936 1719 2974 ex
1754 2921 1871 2987 civj-

2074 2925 2304 2978 ῖστευσαν
2336 2928 2413 2987 εἰς
2445 2925 2602 2977 αὑτὸν
2635 2925 2740 2977 τῶν
2775 2927 3147 2997 Σαμαρειτῶν
3174 2927 3267 2981 διὰ
3300 2927 3394 2980 τὸν
3428 2927 3586 2993 λόγον

358 3021 484 3078 tate,
513 3022 565 3066 et
596 3025 854 3066 venerunt
889 3013 954 3065 ad
983 3026 1141 3076 eum;
1169 3029 1186 3060 ι
1215 3018 1268 3064 et
1297 3017 1414 3077 post
1455 3023 1621 3076 pauca
1646 3010 1692 3041 ³⁸
1717 3025 1732 3062 :
1765 3029 1783 3060 ι
1815 3011 1870 3063 El

2076 3031 2086 3075 ;
2137 3015 2388 3081 γυναικὸς
2421 3013 2820 3084 μαρτυρούσης,
2863 3015 2968 3078 ὅτι,
3017 3012 3159 3068 Είπέ
3205 3034 3296 3086 μοι
3332 3017 3520 3070 πάντα
3549 3015 3588 3070 ἃ

355 3102 574 3155 civitate
616 3111 791 3154 autem
822 3101 906 3153 illa
957 3099 1106 3152 multi
1151 3099 1606 3152 Samaritanorum
1653 3100 1866 3154 credide

2070 3101 2215 3170 οίησα
2237 3118 2249 3131 ο
2286 3103 2359 3164 ὡς
2399 3098 2490 3153 οῦν
2538 3097 2698 3170 ἦλθον
2732 3103 2868 3172 πρὸς
2921 3104 3092 3156 αὑτὸν
3124 3106 3177 3157 οἱ
3210 3107 3582 3176 Σαμαρεῖται.

355 3198 478 3241 runt
507 3191 558 3240 in
584 3203 725 3254 eum,
754 3197 965 3256 propter
1001 3201 1300 3240 sermonem
1357 3187 1615 3251 mulieris,
1651 3202 1768 3255 quae
1817 3197 1867 3241 te

2075 3189 2211 3241 ὤτων
2257 3189 2414 3240 αὑτὸν
2445 3193 2620 3258 μεῖναι
2675 3192 2803 3260 παρ’
2831 3192 3041 3254 αὐτοῖς.
3069 3210 3088 3242 ι
3152 3194 3270 3247 Καὶ
3314 3193 3587 3263 πρότερον

353 3277 685 3330 Stilicabatnr
706 3277 904 3338 dicens,
928 3275 1059 3339 Quia
1092 3275 1228 3328 dixit
1268 3274 1394 3327 mihi
1424 3276 1599 3328 omnia
1639 3290 1865 3338 quaacun

2075 3295 2080 3319 ν
2111 3279 2174 3328 ὲκ
2195 3279 2290 3346 τῆς
2319 3277 2521 3340 πόλεως
2545 3279 2771 3347 ἡρχοντο
2793 3279 2932 3348 πρὸς
2967 3281 3159 3343 αὑτὸν,
3198 3282 3296 3334 καὶ
3329 3282 3587 3351 δεύτερον

355 3379 457 3433 que
480 3365 600 3417 feci.
631 3363 701 3417 Ut
724 3378 852 3431 ergo
871 3374 1130 3416 venerunt
1157 3363 1222 3416 ad
1252 3377 1372 3416 eum
1403 3361 1701 3425 Samaritae,
1737 3379 1866 3431 roga

2073 3363 2149 3415 δον
2181 3363 2312 3430 πρὸς
2342 3363 2498 3414 αὑτὸν
2545 3365 2594 3414 οἱ
2622 3365 2977 3435 Σαμαρεῖται,
3029 3365 3114 3418 ἔτι
3148 3367 3285 3419 ὄντα
3318 3367 3476 3436 παρᾶ
3520 3371 3585 3437 τῇ

357 3459 546 3504 verunt
563 3464 684 3503 eum
707 3457 764 3501 ut
785 3458 1022 3503 maneret
1040 3449 1176 3516 apud
1196 3450 1357 3516 ipsos.
1379 3467 1398 3500 ι
1420 3448 1584 3517 Igitur
1605 3450 1748 3516 prius
1769 3464 1869 3522 cun

2079 3455 2138 3521 γῇ
2187 3452 2279 3504 τοῦ
2337 3452 2547 3515 Ἰακὼϐ,
2603 3454 2683 3520 (οὑ
2727 3453 2837 3523 γὰρ
2903 3454 3166 3522 φαίνεται
3220 3457 3591 3527 κεκινημένος

356 3554 423 3592 ex
445 3539 660 3593 civitate
684 3539 748 3590 ad
777 3552 897 3590 eum
925 3539 1210 3604 venissent,
1236 3540 1396 3592 etiam
1422 3540 1597 3592 denuo
1627 3553 1863 3592 venerun

2073 3540 2195 3592 εἰθεν
2214 3539 2252 3608 ·)
2280 3540 2373 3592 καὶ
2417 3540 2644 3610 ἠρώτων
2671 3542 2831 3594 αὑτὸν
2866 3545 3050 3612 μεῖναι
3086 3547 3224 3614 παρ’
3253 3547 3466 3607 αὑτοῖς.
3509 3546 3585 3597 Οὐ

359 3627 425 3678 ad
463 3641 582 3678 eum
614 3626 910 3690 Samaritae,
947 3626 1119 3679 adhuc
1141 3627 1483 3680 exsistentem
1515 3627 1653 3695 apud
1689 3626 1871 3679 fonteni

2078 3641 2291 3694 ’ραπται
2333 3625 2390 3676 δὲ
2440 3627 2575 3694 μετὰ
2604 3626 2782 3689 τοῦτο,
2817 3628 2900 3679 ὅτι
2932 3629 3195 3697 εἰσῆλθεν
3244 3635 3327 3694 είς
3351 3633 3454 3701 τὴν
3491 3631 3590 3684 πό-

357 3714 523 3769 Jacob
555 3717 676 3785 (nec
705 3717 848 3769 enim
875 3716 996 3769 inde
1046 3715 1412 3782 discesserat),
1457 3724 1512 3768 et
1565 3730 1869 3784 rogaverunt

2077 3752 2091 3774 ,
2123 3713 2235 3765 ἀλλ’
2259 3730 2272 3743 ·
2308 3715 2590 3784 «Ἐμεινεν
2633 3717 2748 3766 ἐκεῖ
2780 3715 2872 3768 δύο
2917 3717 3164 3787 ἡμέρας.
3198 3737 3218 3769 ι
3284 3719 3448 3771 Ἀλλὰ
3490 3720 3587 3771 καὶ

357 3821 476 3857 eum
505 3814 562 3858 ut
583 3815 821 3859 maneret
855 3805 987 3872 apud
1006 3807 1168 3872 ipsos.
1191 3805 1298 3858 Nec
1319 3805 1572 3872 scriptum
1596 3813 1678 3858 est
1704 3812 1869 3872 postea

2076 3806 2183 3865 τοῖς
2211 3803 2336 3871 ἑξῆς
2370 3804 2468 3855 οὑκ
2487 3804 2697 3874 εἴρηται
2717 3822 2730 3834 ο
2766 3822 2784 3854 ι
2808 3805 2967 3857 Μετὰ
2986 3806 3044 3858 δὲ
3071 3808 3176 3870 τὰς
3199 3808 3296 3861 δύο
3321 3810 3544 3879 ἡμέρας
3563 3829 3582 3860 ι

361 3897 501 3964 quod
535 3896 804 3964 ingressus
825 3896 894 3950 sit
921 3895 1318 3957 civitatem,sed
1357 3912 1376 3944 ι
1410 3894 1609 3946 mansit
1648 3893 1718 3946 ibi
1753 3894 1873 3946 duo:

2073 3892 2206 3959 ιλθεν
2253 3894 2316 3944 ὲκ
2365 3893 2453 3961 τῆς
2486 3892 2711 3955 πόλεως,
2763 3894 2934 3946 ἀλλάο
2971 3913 2989 3944 ι
3015 3897 3130 3948 Καὶ
3165 3898 3396 3966 ἐξῆλθεν
3437 3902 3585 3952 ἐκεῖ·

357 3983 471 4038 dies
489 3985 556 4036 ⁸⁷.
591 4003 609 4034 ι
638 3983 774 4049 Quin
807 3985 966 4037 etiam
996 3981 1148 4051 24],
1190 3983 1242 4034 ἱιι
1270 3982 1613 4048 sequentibus
1661 3995 1761 4033 non
1814 3981 1869 4033 dii

2102 3996 2114 4009 ·
2148 3999 2166 4030 ι
2209 3981 2327 4032 ὅσον
2374 3980 2482 4050 γὰρ
2531 3982 2623 4032 ἐπὶ
2657 3981 2735 4050 τῷ
2764 3982 2960 4052 νοητῷ,
3016 3986 3177 4038 πᾶσα
3207 3989 3242 4056 ἡ
3295 3989 3607 4058 οἰκονομίαι

354 4084 497 4128 etum
522 4084 603 4128 est
630 4092 642 4125 :
678 4090 697 4124 ι
726 4073 850 4126 Post
869 4073 1000 4124 duos
1023 4086 1144 4124 vero
1170 4071 1282 4122 dies
1316 4088 1334 4120 ι
1367 4070 1614 4122 exivitex
1651 4070 1866 4122 civitate

2077 4068 2375 4136 ςώφελείας
2405 4071 2517 4129 τοῖς
2561 4069 2875 4140 Σαμαρεῦσι
2917 4072 3074 4142 παρὰ
3120 4077 3187 4144 τῇ
3225 4079 3379 4146 πηγῇ
3423 4079 3589 4145 γεγέ-

357 4164 449 4214 sed
481 4164 735 4229 scriptum
778 4169 900 4213 est:
939 4176 957 4208 ι
987 4158 1049 4209 Ει
1093 4157 1260 4210 exivit
1313 4158 1432 4209 inde
1453 4158 1496 4186 '°
1522 4172 1536 4219 ;
1565 4175 1582 4207 ι
1634 4166 1869 4224 quantun

995 4158 1049 4209 Et
1093 4157 1260 4210 exivit
1313 4158 1432 4209 inde
1453 4158 1496 4186 '°
1522 4172 1536 4219 ;
1565 4175 1582 4207 ι
1634 4166 1886 4224 quantum
1991 4175 2144 4227 νηται
2166 4158 2256 4209 τοῦ
2298 4157 2507 4212 Ἰακὼϐ.

357 4252 499 4302 enim
534 4253 599 4302 ad
629 4250 1030 4316 intelligentiam
1054 4247 1304 4314 pertinet,
1333 4248 1506 4300 omnis
1530 4249 1823 4302 (nconomia
1860 4251 2097 4304 utilitatis
2136 4265 2258 4318 erga
2296 4250 2662 4304 Samaritanos
2684 4250 2824 4305 facta
2855 4263 2938 4306 est
2967 4256 3114 4322 apud
3141 4256 3350 4312 fontem
3384 4256 3588 4312 Jacoh.

427 4341 518 4394 30.
547 4339 706 4392 Porto
735 4338 1024 4392 lleracleon
1059 4336 1301 4404 hydriam
1336 4349 1454 4389 esse
1480 4336 1752 4389 existimat
1783 4338 1888 4390 dis-
1919 4348 1939 4403 ι

2076 4339 2143 4391 ῑο.
2175 4339 2230 4390 '0
2249 4336 2303 4389 δὲ
2332 4337 2635 4406 Ἡρακλέων
2665 4339 2762 4408 τὴν
2789 4341 2978 4412 ὑδρίαν
3007 4345 3110 4413 τὴν
3134 4345 3398 4414 δεκτικὴν
3432 4346 3588 4416 ζωῆς

359 4431 674 4499 positionem
721 4437 775 4481 et
812 4428 1081 4480 notionem
1128 4426 1481 4494 susceptivam
1539 4428 1678 4489 vitm,
1729 4436 1871 4494 atque

2079 4426 2349 4495 ›λαμ6άνει
2376 4421 2512 4478 εἶναι
2544 4426 2799 4492 διάθεσιν,
2833 4432 2929 4483 καὶ
2961 4431 3199 4496 ἔννοιαν,
3232 4435 3462 4504 καὶτῆς
3494 4436 3591 4488 δυ-

360 4519 519 4573 etiam
568 4517 684 4585 ejus
724 4515 992 4584 potentia,
1025 4529 1139 4582 quae
1160 4529 1189 4566 a
1221 4512 1503 4568 Servatore
1542 4523 1643 4579 est,
1681 4531 1700 4565 ι
1730 4530 1868 4580 quan

2076 4533 2198 4577 ιεως
2221 4516 2317 4585 τῆς
2349 4515 2496 4586 παρὰ
2523 4516 2616 4568 τοῦ
2648 4518 2922 4589 Σωτῆρος,
2951 4521 3146 4589 ἥντινα
3171 4524 3588 4590 καταλιποῦσα,

363 4606 688 4672 relinquens,
741 4603 931 4670 inquit,
971 4602 1108 4669 apud
1145 4602 1338 4668 ipsum,
1391 4602 1492 4655 hoc
1531 4611 1641 4664 est,
1688 4601 1875 4654 habent

2077 4604 2140 4667 πὶ,
2175 4605 2304 4672 παρ’
2333 4604 2497 4672 αὐτῷ,
2531 4608 2806 4658 τουτέστιν
2848 4607 3049 4676 ἔχουσα
3083 4611 3240 4680 παρὰ
3271 4611 3352 4680 τῷ
3389 4615 3589 4686 Σωτῆ-

360 4693 498 4760 apud
534 4692 872 4746 Servatorem
919 4689 1022 4742 tale
1065 4704 1177 4752 vas,
1218 4689 1269 4740 in
1314 4702 1418 4757 quo
1466 4689 1530 4741 ad
1578 4690 1872 4740 sumendam

2075 4692 2125 4744 τὸ
2150 4691 2380 4746 τοιοῦτον
2413 4693 2624 4758 σκεῦος,
2669 4698 2726 4748 ἐν
2768 4691 2812 4762 ᾧ
2843 4698 3094 4768 ἐληλύθει
3144 4701 3334 4755 λαϐεῖν
3363 4704 3433 4757 τὸ
3469 4705 3587 4769 ζῶν

359 4785 534 4836 vivam
579 4795 769 4851 aquam
822 4787 1077 4840 venerat,
1131 4793 1341 4831 reversa
1389 4787 1471 4830 est
1513 4777 1566 4828 in
1611 4776 1871 4836 mundum,

2078 4795 2152 4848 i9,
2188 4778 2516 4848 ὑπέστρεψεν
2546 4783 2624 4842 εἰς
2647 4782 2738 4834 τὸν
2769 4785 2972 4854 κόσμον
3004 4788 3486 4861 εὐαγγελιζομένη
3521 4796 3590 4863 τῇ

363 4870 611 4924 nuntians
645 4884 774 4922 voce
821 4868 1158 4937 prmsentiam
1214 4875 1266 4919 et
1313 4866 1596 4918 adventum
1647 4863 1875 4917 Christi:

2077 4868 2176 4936 just
2206 4867 2301 4932 τὴν
2332 4868 2562 4934 Χριστοῦ
2611 4873 2915 4940 παρουσίαν
2937 4891 2951 4904 ο
3005 4875 3096 4929 διὰ
3136 4880 3247 4948 γὰρ
3275 4879 3372 4932 τοῦ
3414 4884 3589 4935 πνεύ-

361 4971 455 5023 per
481 4955 722 5022 spiritum
744 4956 883 5009 enim
906 4963 960 5006 et
985 4968 1012 5005 a
1042 4953 1427 5022 spirituanima
1451 4951 1516 5004 ad
1551 4951 1873 5004 Servatorelt

2077 4968 2156 5013 τος
2189 4953 2277 5003 καὶ
2321 4953 2424 5005 ὑπὸ
2467 4955 2560 5008 τοῦ
2606 4959 2916 5029 πνεύματος
2962 4964 3305 5034 προσάγεται
3351 4971 3388 5038 ἡ
3428 4970 3589 5042 ψυχὴ

465 5095 806 5174 ξ’)οοει-ημ,
835 5095 921 5174 ιβλ
993 5092 1314 5174 °:_J_uan.t_\:_.
1345 5091 1432 5143 49..
1508 5088 1942 5154 "Joan.xx,t7.

2052 5090 2060 5121 '
2088 5090 2214 5144 ibid.
2242 5091 2330 5145 27.
2419 5092 2466 5126 ⁸⁸
2485 5092 2640 5149 Juan.
2670 5111 2746 5161 tv,
2771 5097 2860 5156 50.
2934 5102 2982 5133 "
3015 5103 3141 5157 ibid.
3170 5103 3258 5157 30.
3362 5107 3415 5136 θ’
3447 5109 3564 5163 ibid

358 5161 444 5225 aa,
465 5148 554 5216 to.
628 5148 820 5216 "ibid.
855 5162 945 5214 to.
1015 5161 1059 5192 νο
1086 5161 1208 5214 ibid.
1244 5162 1332 5214 45.
1826 5148 1837 5154 '

2629 5148 2636 5149 κ
2673 5148 2685 5149 γ
2732 5148 2745 5161 ι
2783 5148 2860 5156 -νν
3015 5148 3141 5157 ’-υ-υ
3170 5148 3258 5157 vv'
3447 5148 3591 5164 ιυιυο

432 5297 540 5363 (2|)
563 5298 683 5352 lla'c
711 5314 739 5352 a
765 5297 1014 5352 Ferrario
1039 5297 1417 5366 praetermissa,
1441 5310 1471 5349 c
1494 5294 1739 5348 Perionio
1761 5308 1885 5362 sup-

765 5297 1014 5352 Ferrario
1039 5297 1417 5366 praetermissa,
1441 5310 1471 5349 c
1494 5294 1739 5348 Perionio
1761 5308 1885 5362 sup-
1995 5293 2260 5366 deestisig.

363 5377 668 5520 ἷῖῗξςέἓὲἶῖεἷὶε
683 5431 1065 5520 isseme}?
1091 5442 1236 5520 res
1249 5434 1517 5520 ,.='.'3'P¢."‘-.
1531 5430 1697 5520 3299-
1721 5425 1875 5520 ..ξξςτεῐ

2080 5365 2178 5429 ['23)
2218 5367 2438 5446 codices
2464 5368 2807 5428 Barberinns
2847 5391 2904 5436 et
2941 5381 3287 5448 Bndleianus,
3343 5384 3592 5456 ἀναγω-

2080 5447 2129 5496 ;;
2157 5432 2367 5501 lit-gius,
2404 5451 2708 5508 perperam,
2749 5451 3088 5520 συναγωγάς.

368 5493 569 5548 lci-anus
609 5493 660 5549 et
713 5493 1061 5560 Barberinus;
1115 5499 1168 5550 in
1209 5501 1442 5554 editione
1496 5513 1670 5553 amem
1720 5493 1894 5548 lluctii
1961 5565 1966 5572 _
