3828 6178
321 319 426 375 465

1378 312 1723 371 COMMENT.
1761 309 1828 364 IN
1866 307 2052 364 JOAN.
2090 307 2322 363 TOMUS
2355 307 2484 362 XIII.

3401 311 3505 367 455

321 437 399 508 τῷ
429 433 666 506 Σωτῆρι.
703 435 1058 505 Κατανύησον
1101 434 1162 504 δὴ
1191 435 1236 486 εἰ
1278 433 1490 486 δύναται
1517 427 1869 498 ἐπαινουμένη

1978 421 2279 474 adducitur.
2315 439 2334 471 ι
2369 421 2532 489 Igitur
2555 418 2836 478 considera
2867 416 3214 472 laudabilisne
3241 432 3356 472 esse
3389 435 3507 488 pos-

329 523 612 594 τυγχάνειν
639 525 674 592 ή
703 523 863 594 ὑδρία
892 523 1028 593 αὕτη
1062 524 1231 590 πάντη
1257 521 1513 589 ἀφιεμένη
1531 537 1544 549 ’
1592 538 1610 568 ι
1633 517 1830 585 Ἀφῆκε
1857 535 1874 566 ι

331 613 457 682 γάρ,
504 612 658 679 φησὶ,
725 629 743 660 ι
768 611 870 678 τὴν
907 611 1091 680 ὑδρίαν
1129 609 1293 678 αὐτῆς
1337 611 1371 677 η
1418 609 1583 676 γυνή’
1612 625 1630 657 ι
1678 607 1736 659 οὑ
1774 605 1879 674 γὰρ

333 703 666 772 πρόσκειται,
697 700 780 752 ὅτι
810 700 1018 768 ἀφῆκεν
1045 699 1209 768 αὐτὴν
1237 698 1380 766 παρά
1396 695 1471 765 τῷ
1497 697 1721 765 Σωτῆρι.
1756 694 1879 755 Πῶς

333 793 390 844 δὲ
421 789 510 842 καὶ
541 789 639 842 οὐκ
666 787 926 840 ἀπίθανον
958 785 1346 840 καταλιποῦσαν
1388 786 1550 854 αὐτὴν
1581 785 1676 854 τὴν
1706 783 1876 835 δεκτι-

335 878 430 947 κὴν
458 879 554 946 τῆς
584 878 726 944 ζωῆς
775 877 1029 939 διάθεσιν,
1065 877 1157 929 καὶ
1203 875 1299 944 τὴν
1349 875 1549 926 ἔννοιαν
1597 875 1694 942 τῆς
1721 875 1876 926 δυνά-

337 984 476 1035 μεως
523 967 620 1034 τῆς
671 965 822 1034 παρά
867 964 960 1016 τοῦ
1007 965 1271 1034 Σωτῆρος,
1303 964 1395 1016 καὶ
1438 963 1496 1015 τὺ
1526 963 1709 1024 σκεῦος
1753 957 1876 1030 ὲνῷ

334 1053 571 1122 ἐληλύθει
601 1053 896 1123 λαμϐάνειν
940 1053 1000 1104 τὸ
1046 1053 1151 1116 ζῶν
1180 1053 1337 1123 ὕδωρ,
1390 1052 1770 1121 ἀπεληλυθέναι
1799 1055 1876 1114 εἰς

333 1143 418 1193 τὸν
445 1143 648 1210 κόσμον
681 1143 848 1212 χωρὶς
875 1143 1095 1205 τούτων,
1123 1143 1564 1210 εὐαγγελίσασθαι
1595 1145 1658 1212 τῇ
1692 1143 1873 1212 κλήσει

332 1232 422 1301 τὴν
450 1231 683 1300 Χριστοῦ
724 1233 1058 1302 παρουσίαν;
1109 1233 1230 1295 Πῶς
1257 1234 1311 1284 δὲ
1343 1234 1432 1286 καὶ
1474 1235 1505 1302 ὴ
1541 1233 1872 1303 πνευματικὴ

335 1319 465 1388 μετά
490 1319 773 1382 τοσούτους
801 1320 985 1386 λόγους
1011 1320 1070 1372 οὐ
1100 1321 1378 1372 πέπεισται
1410 1319 1588 1387 σαφῶς
1628 1320 1750 1388 περὶ
1780 1319 1870 1371 τοῦ

333 1407 580 1476 Χριστοῦ,
613 1407 751 1460 ἀλλά
773 1426 902 1477 φησι
922 1411 1111 1479 ἰΜήτι
1130 1403 1278 1471 οὗτος
1300 1412 1327 1461 ό
1353 1408 1576 1479 Χριστός
1591 1409 1745 1473 ;›Καὶ
1776 1409 1835 1460 τό
1853 1425 1866 1438 ·

337 1515 355 1547 ι
377 1497 624 1565 Ἐξῆλθον
657 1497 714 1549 δὲ
761 1501 824 1550 ὲκ
853 1499 950 1570 τῆς
978 1499 1201 1561 πόλεως,
1227 1519 1245 1549 ι
1297 1499 1584 1568 διηγήσατο
1630 1500 1747 1551 ἀντὶ
1777 1500 1868 1551 τοῦ

327 1587 388 1639 ὲκ
416 1586 510 1654 τῆς
539 1587 809 1655 προτέρας
833 1585 1009 1638 αὐτῶν
1041 1586 1374 1656 ἀναστροφῆς
1405 1587 1565 1657 οῠσης
1586 1588 1866 1656 κοσμικῆς,

334 1693 350 1723 ι
375 1673 463 1725 καὶ
506 1673 735 1742 ἤρχοντο
766 1673 853 1724 διὰ
884 1674 984 1742 τῆς
1030 1674 1277 1736 πίστεως,
1307 1693 1325 1724 ›
1385 1675 1533 1742 φησι,
1573 1693 1590 1724 ι
1615 1675 1746 1744 πρὸς
1777 1675 1866 1726 τὸν

1982 509 2051 562 sit
2077 508 2185 560 bace
2207 508 2417 576 hydria,
2446 523 2562 576 qute
2588 509 2804 562 omnino
2826 506 3178 573 relinquitur:
3207 523 3228 556 ι
3256 507 3463 560 Dimisit
3482 527 3502 559 ι

1982 594 2144 656 enim,
2171 593 2358 662 inquit,
2393 612 2410 644 ι
2446 595 2683 664 hydriam
2714 609 2861 647 suam
2889 593 3075 646 mulier
3089 591 3166 655 ”;
3191 609 3210 642 ι
3241 607 3340 646 non
3365 595 3505 647 enim

1983 683 2198 734 additur
2229 681 2368 749 quod
2403 681 2666 736 dimiserit
2701 696 2818 734 eam
2849 679 2986 747 apud
3011 679 3366 734 Servatorem.
3400 681 3506 734 Sed

1980 770 2242 836 quomodo
2265 785 2365 822 non
2397 769 2682 823 absurdum
2713 770 2814 820 erit
2844 781 2982 827 eam,
3013 781 3131 834 qua:
3161 766 3506 834 deseruisset,

1980 858 2380 926 dispositionem
2405 867 2457 911 et
2479 860 2745 912 notionem
2777 857 3130 924 susceptivam
3164 857 3283 910 vitae
3321 866 3376 911 et
3407 874 3504 926 po-

1982 948 2181 1008 tentiae,
2207 962 2234 998 a
2259 945 2546 1000 Servatore
2577 955 2900 1008 manantem,
2932 955 2985 998 et
3009 958 3104 997 vas
3129 945 3178 997 in
3207 961 3314 1014 quo
3341 961 3504 1002 vene-

1981 1047 2063 1089 rat
2103 1045 2158 1088 ιιι
2193 1037 2459 1104 acciperet
2488 1050 2677 1103 aquam
2709 1035 2903 1094 vivam,
2931 1033 3125 1086 abiisse
3167 1034 3218 1086 in
3252 1035 3504 1090 mundum

1977 1129 2091 1181 sine
2127 1127 2230 1190 his,
2263 1136 2321 1178 ιιι
2367 1125 2762 1190 evangelizaret
2809 1137 2938 1177 voce
2979 1123 3181 1176 Christi
3222 1124 3506 1179 adventum

1976 1229 2028 1268 et
2058 1215 2392 1284 praesentiam
2412 1214 2434 1266 ἳ
2454 1213 2726 1279 Quomodo
2755 1213 2913 1266 etiam
2942 1212 3051 1264 haec
3077 1211 3364 1277 spiritualis
3389 1221 3508 1278 post

1977 1311 2052 1353 tot
2077 1315 2350 1354 sermones
2377 1315 2626 1368 persuasa
2658 1300 2800 1354 clare
2828 1313 2930 1351 non
2962 1308 3040 1351 est
3065 1298 3128 1350 de
3155 1297 3388 1356 Christo.
3412 1301 3503 1353 sed

1975 1391 2147 1458 inquit
2179 1408 2192 1444 :
2234 1408 2252 1441 ι
2281 1392 2360 1444 Αη
2389 1390 2475 1443 hic
2504 1397 2583 1443 est
2606 1389 2694 1442 ille
2710 1388 2986 1442 Christus'
3011 1387 3036 1439 ?
3061 1406 3078 1438 ι
3105 1387 3240 1451 Quin
3264 1396 3315 1441 et
3341 1386 3499 1442 illud:

1979 1497 1998 1530 ι
2033 1479 2288 1532 Exierunt
2321 1487 2494 1532 autem
2520 1493 2550 1530 e
2582 1477 2798 1530 civitate
2821 1479 2864 1540 ¹,
2891 1496 2908 1527 ι
2943 1476 3182 1544 exposuit
3213 1490 3308 1543 pro
3334 1475 3506 1542 prima

1971 1581 2152 1621 eorum
2183 1567 2550 1631 conversione,
2577 1580 2695 1633 quae
2725 1565 2984 1617 mundana
3024 1572 3165 1627 erat,
3201 1579 3220 1613 ι
3254 1572 3307 1615 et
3344 1576 3509 1616 vene-

1973 1667 2094 1712 runt
2147 1673 2241 1728 per
2284 1658 2462 1721 ﬁdem,
2513 1655 2705 1721 inquit,
2763 1657 2828 1707 ad
2876 1652 3249 1714 Set-valerem;
3277 1669 3295 1701 ι
3331 1651 3422 1704 sed
3455 1652 3505 1704 ei

691 1753 905 1806 λεκτέον
941 1738 1007 1806 *δὲ
1053 1755 1185 1824 πρὸς
1215 1738 1536 1820 αὑτὸν,’πῶς
1572 1738 1716 1825 μέν-ει
1744 1759 1869 1820 παρ’

1974 1747 2393 1816 respondendum
2423 1754 2502 1798 est
2527 1759 2540 1794 :
2573 1742 2847 1808 Quomodo
2871 1748 3050 1793 manet
3079 1739 3211 1792 duos
3235 1738 3347 1790 dies
3368 1740 3506 1803 apud

327 1844 502 1904 αὐτοῖς
527 1840 625 1904 τάς
656 1842 749 1894 δύο
776 1843 1013 1912 ὴμέρας;
1039 1844 1098 1895 οὐ
1130 1845 1234 1913 γάρ
1251 1845 1540 1913 τετήρηκεν
1571 1845 1598 1896 ὃ
1629 1862 1872 1915 προπαρ-

328 1929 548 1998 εθέμεθα
598 1931 760 1999 ἡμεῖς
789 1930 1037 1998 περὶτοῦ
1085 1933 1141 1982 ἐν
1168 1933 1230 1999 τῇ
1261 1931 1409 1982 πόλει
1472 1933 1628 1984 αὑτὸν
1676 1933 1872 2000 ἀναγε-

327 2019 556 2088 γράφθαι
589 2019 700 2088 (24)
734 2019 1094 2087 μεμενηκέναι
1121 2020 1218 2080 τὰς
1253 2019 1343 2071 δύο
1373 2021 1596 2090 ἡμέρας.

392 2107 476 2159 ὅθι.
501 2119 521 2153 ι
558 2106 646 2156 Ἐν
675 2105 753 2174 τῷ
783 2105 981 2173 μεταξὺ
1011 2105 1230 2174 ἠρώτων
1255 2106 1411 2158 αὑτὸν
1434 2109 1480 2159 οἱ
1517 2107 1768 2177 μαθηταὶ,
1797 2107 1874 2160 λέ-

331 2211 502 2261 γοντες
524 2209 538 2224 ⁶
581 2193 788 2254 Ῥαόὅὶ,
810 2193 967 2260 φάγε.
995 2213 1012 2244 ι
1037 2193 1186 2246 Μετά
1212 2195 1308 2263 τὴν
1326 2194 1447 2264 περὶ
1473 2195 1530 2246 τὸ
1553 2196 1709 2248 ποτὸν
1735 2197 1874 2248 οἰκο-

334 2283 506 2348 νομίαν
557 2281 651 2333 καὶ
699 2280 798 2350 τὴν
843 2281 1184 2333 διδασκαλίαν
1209 2283 1304 2351 τῆς
1335 2283 1589 2352 διαφορᾶς
1615 2283 1720 2336 τῶν
1750 2285 1873 2338 ὑδά-

331 2390 425 2424 των
454 2369 743 2424 ἀκόλουθον
792 2365 860 2438 ἦν
912 2372 1004 2422 καὶ
1037 2371 1104 2423 τὰ
1157 2373 1282 2441 περὶ
1329 2373 1529 2440 τροφῆς
1578 2373 1873 2442 ἀναγεγρά-

1973 1837 2195 1904 ipsos'?
2231 1850 2334 1889 non
2381 1835 2526 1887 enim
2563 1831 2884 1897 observavit,
2916 1829 3055 1897 quod
3090 1842 3184 1881 nos
3220 1827 3505 1894 proposui-

1972 1938 2109 1984 mus,
2142 1921 2396 1989 scriptum
2428 1918 2633 1973 scilicet
2663 1932 2766 1971 non
2795 1932 2933 1981 esse,
2967 1930 3086 1969 eum
3131 1916 3261 1967 duos
3300 1913 3414 1966 dies
3445 1913 3497 1966 in

1971 2012 2182 2066 civitate
2208 2011 2486 2066 mansisse.

2039 2125 2126 2178 3i.
2176 2141 2194 2174 ι
2220 2121 2436 2177 Interim
2470 2123 2723 2190 rogabant
2756 2136 2874 2174 eum
2919 2119 3184 2185 discipuli,
3227 2119 3497 2172 dicentes:

1973 2213 2162 2276 Rabbi,
2209 2213 2429 2266 comede
2457 2212 2528 2265 ⁵.»
2564 2211 2689 2264 Post
2715 2211 3062 2264 (ecetmmiam
3087 2218 3259 2277 potus,
3293 2217 3348 2261 et
3387 2215 3504 2276 post

1971 2303 2266 2356 doctrinam
2311 2301 2634 2354 diversitatis
2678 2314 2958 2365 aquarum,
3004 2312 3336 2364 consequens
3379 2306 3498 2350 crat

1972 2391 2194 2445 inscribi
2229 2405 2344 2458 quae
2373 2390 2437 2442 ad
2479 2389 2656 2442 cibum
2705 2386 3058 2454 pertinebant.
3084 2385 3379 2438 ‘Samaritis
3406 2385 3504 2438 ita-

334 2462 466 2527 φθαι.
510 2461 573 2511 Ἦ
597 2458 696 2528 μὲν
719 2453 811 2511 οὖν
840 2460 1162 2530 Σαμαρεῖτις
1181 2460 1465 2530 αἰτουμένη
1492 2463 1631 2512 πιεῖν
1661 2461 1744 2514 διὰ
1764 2462 1869 2514 τῶν

1974 2493 2071 2544 que
2103 2453 2558 2543 enm-rogaretur
2603 2453 2807 2544 potum,
2853 2474 3084 2537 dubitat,
3137 2484 3352 2542 preptcr
3380 2488 3500 2526 cum

333 2551 710 2621 ὲπαπορὴσεων
741 2552 852 2621 (25)
883 2551 1068 2619 αὐτῆς,
1123 2550 1280 2600 οἱονεὶ
1309 2549 1364 2601 δὲ
1391 2549 1474 2600 διά
1515 2551 1604 2601 τὸν
1627 2553 1869 2621 αἰτήσαν-

1974 2565 2060 2632 qui
2093 2567 2324 2630 petierat
2347 2565 2542 2634 (neque
2567 2565 2706 2618 enim
2733 2572 2941 2631 poterat
2965 2562 3094 2615 dare
3117 2561 3245 2614 Jesu
3285 2563 3500 2630 dignum

331 2658 388 2693 τα
437 2641 576 2710 (οὔτε
601 2641 710 2712 γάρ
749 2637 864 2709 εἶχε
894 2637 1073 2691 δοῦναι
1096 2637 1170 2706 τῷ
1214 2637 1382 2705 Ἰησοῦ
1414 2635 1556 2700 ἄξιον
1587 2639 1742 2690 αὐτοῦ
1773 2641 1868 2691 πό·

333 2731 438 2799 μα),
472 2733 518 2782 εἰ
569 2731 817 2791 κάκεῖνος
863 2731 920 2781 ὲν
964 2727 1041 2796 τῷ
1093 2726 1302 2795 ἐκείνην
1343 2727 1644 2796 αἰτηθεῖσαν
1689 2728 1868 2797 ὀρέξαι

329 2820 561 2872 ἐϐούλετο
587 2820 942 2890 εὐεργετῆσαι
965 2816 1051 2868 διὰ
1071 2815 1253 2867 τούτου
1274 2815 1366 2867 τοῦ
1393 2820 1534 2868 πιεῖν
1560 2817 1864 2870 δεδωκυῖαν.

333 2907 594 2977 Ἔπρεπεν
643 2908 742 2977 ἤδη
779 2948 792 2961 .
817 2947 831 2962 .
853 2944 867 2960 .
890 2946 903 2959 .
927 2946 940 2958 .
978 2905 1085 2958 ἀπὸ
1114 2905 1214 2974 τῆς
1260 2904 1657 2975 Σαμαρείτιδος.
1707 2908 1767 2958 Oi
1811 2906 1866 2958 δὲ

1971 2654 2062 2707 illo
2090 2655 2318 2722 potum),
2347 2668 2470 2706 num
2499 2667 2559 2706 se
2585 2653 2790 2720 jussam
2811 2666 3004 2716 aquam
3034 2651 3325 2718 porrigere,
3348 2650 3506 2703 vcllet

1967 2741 2119 2796 Jesus
2169 2742 2431 2796 beneticio
2471 2741 2685 2795 afﬁcere
2723 2756 2818 2807 per
2847 2742 2985 2793 hunc
3009 2750 3212 2808 potum.
3270 2740 3502 2793 Docebat

1968 2831 2242 2898 igitur.....
2274 2843 2302 2881 a
2331 2827 2666 2881 Samaritide.
2711 2827 2879 2880 Porro
2902 2825 3168 2892 discipuli,
3194 2828 3282 2891 qni
3308 2825 3498 2876 civita-

1970 2927 2071 2970 tem
2097 2917 2340 2968 adierant
2369 2925 2426 2967 ut
2451 2917 2600 2970 cibos
2629 2924 2869 2969 emerent
2893 2916 2936 2976 ⁸,
2965 2928 3082 2966 cum
3112 2927 3204 2965 eos
3232 2911 3370 2978 apud
3401 2911 3502 2962 ho-

332 2997 552 3066 μαθηταὶ
581 3036 594 3050 .
617 3039 632 3053 .
654 3034 669 3050 .
688 3036 701 3048 .
720 3033 736 3048 .
768 2995 1178 3065 ἀπεληλυθότων
1201 2995 1278 3055 εἰς
1306 2992 1400 3062 τὴν
1428 2991 1597 3056 πόλιν,
1633 2992 1720 3046 ἵνα
1745 3010 1864 3061 τρο-

1974 3007 2142 3060 mines
2171 3007 2394 3059 diversae
2439 3016 2596 3059 secta:
2648 3021 2714 3058 ex
2760 3005 2922 3056 animi
2975 3001 3236 3056 sententia
3269 2998 3502 3053 invenis-

327 3088 422 3154 φὰς
455 3086 813 3158 ἀγοράσωσιν,
848 3086 966 3156 ἦτοι
995 3084 1279 3153 εὑρηκότες
1310 3081 1638 3151 ἐπιτηδείους
1663 3083 1864 3152 τροφάς

1974 3105 2106 3158 sent,
2147 3111 2340 3164 nempe
2371 3109 2644 3150 sermones
2679 3095 2932 3161 quosdam
2981 3091 3376 3151 convenientes,
3406 3090 3497 3140 di-

328 3177 466 3246 παρά
487 3181 596 3240 τοῖς·
617 3175 942 3246 έτεροδόξοις
963 3173 1151 3239 λόγους
1172 3171 1316 3233 τινάς
1335 3171 1681 3240 ἁρμόζοντας,
1709 3209 1723 3223 .
1745 3209 1759 3223 .
1781 3210 1795 3224 .
1813 3209 1826 3223 .
1847 3213 1863 3226 .

325 3266 496 3334 αὐτῷ’
535 3284 552 3316 ι
584 3266 752 3332 Φάγε,
782 3284 800 3316 ι
846 3261 1036 3331 καιρὸν
1071 3261 1382 3329 νομίσαντες
1413 3260 1705 3328 ἐπιτήδειον
1733 3255 1866 3310 εἶναι

1965 3193 2091 3238 cunt
2115 3184 2272 3254 242
2306 3184 2378 3236 illi
2405 3199 2418 3236 :
2453 3200 2472 3233 ι
2497 3181 2724 3235 Comede
2745 3181 2786 3244 ⁸,
2812 3198 2830 3230 ι
2864 3189 3069 3246 tempus
3094 3176 3218 3230 illud
3251 3176 3500 3230 idoneum

1967 3275 2088 3336 rati,
2124 3283 2181 3326 nt
2212 3273 2364 3327 Jesus
2393 3273 2716 3332 comederet,
2764 3272 2816 3322 in
2848 3283 2952 3336 quo
2994 3267 3186 3320 mulier
3225 3266 3498 3318 civitatem

321 3355 463 3425 αὐτῷ
503 3357 708 3425 τροφῆς
738 3352 828 3405 τὸν
884 3350 1082 3421 μεταξὺ
1113 3351 1204 3401 τοῦ
1253 3347 1634 3416 ἀπεληλυθέναι
1663 3349 1740 3408 εἰς
1770 3346 1864 3415 τὴν

319 3447 468 3499 πόλιν
515 3449 613 3517 τὴν
662 3445 912 3513 γυναῖκα,
965 3443 1057 3494 καὶ
1087 3440 1179 3492 τοῦ
1211 3438 1514 3507 ἐληλυθέναι
1553 3437 1684 3506 πρὸς
1711 3437 1866 3488 αὑτὸν

311 3539 441 3599 τοὺς
468 3535 839 3605 Σαμαρείταςο
876 3535 960 3586 ἐπ’
1005 3529 1213 3592 οὐδενὸς
1241 3528 1346 3598 γάρ
1391 3527 1538 3589 ξένου
1589 3526 1867 3595 παρετίθε-

309 3637 424 3694 σειν¹
462 3623 608 3693 αὐτῷ
636 3624 736 3692 τὴν
777 3622 1014 3691 τροφήν⁸
1069 3621 1196 3679 ἴσως
1248 3614 1722 3685 ὲπιθορυϐηθείσης
1756 3613 1862 3682 (26)

305 3713 386 3766 ἂν
412 3716 506 3784 τῆς
553 3712 940 3783 Σαμαρείτιδος
989 3712 1035 3762 εἰ
1063 3708 1206 3778 έώρα
1253 3709 1375 3769 τοὺς
1405 3705 1644 3774 μαθητὰς
1669 3704 1733 3756 τὰ
1761 3705 1865 3756 ἀπὸ

294 3803 417 3870 τῆς
447 3803 650 3864 πόλεως
678 3801 846 3868 αὐτῆς
875 3800 1132 3869 τρόφιμα,
1159 3798 1273 3866 ἦτοι
1305 3796 1450 3856 ὄντα,
1483 3793 1515 3862 ἢ
1548 3793 1864 3862 νομιζόμενα

288 3891 669 3960 παρατιθέναι
716 3888 1067 3958 βουλομένους
1113 3886 1188 3954 τῷ
1231 3883 1526 3951 διδασκάλῳ
1548 3899 1559 3910 ·
1607 3881 1716 3932 ἀλλ’
1749 3881 1863 3932 οὐδὲ

269 3977 539 4032 ’ἐνώπιον
567 3978 677 4031 τῶν
709 3975 1056 4047 Σαμαρειτῶν
1097 3974 1316 4034 δεόντως
1341 3972 1405 4024 ἂν
1433 3973 1620 4022 ἐκεῖνοι
1653 3969 1859 4035 ἔλεγον·

300 4083 322 4114 ι
367 4067 569 4129 Ῥα66ὶ,
602 4067 764 4135 φάγε,
796 4083 813 4115 ι
843 4062 1146 4134 χρῃζόντων
1171 4058 1510 4114 καταλείπειν
1546 4057 1746 4110 ἑαυτῶν
1767 4057 1863 4125 τὴν

319 4155 465 4209 πόλιν
485 4175 498 4188 ο
533 4157 622 4209 διὰ
648 4155 806 4207 τοῦτο
830 4152 1007 4213 καλῶς
1039 4151 1349 4221 πρόσκειται
1374 4148 1432 4199 τό
1453 4163 1466 4176 ⁸
1504 4165 1521 4195 ι
1545 4147 1629 4197 Ἐν
1659 4145 1734 4214 τῷ
1767 4161 1861 4213 με-

1974 4165 2143 4209 :cntes
2188 4172 2202 4207 :
2247 4153 2438 4218 Itabbi,
2465 4154 2773 4206 manduca.»
2811 4151 2921 4205 Sed
2972 4163 3128 4218 quam
3167 4147 3237 4202 ob
3282 4161 3495 4202 causam

327 4246 446 4308 ταξὺ
477 4247 706 4316 ἠρώτων
759 4243 917 4295 αὐτὸν
969 4243 1018 4292 οἱ
1062 4239 1296 4308 μαθηταὶ
1335 4237 1610 4303 λέγοντες·
1657 4234 1859 4297 Ῥα66ἱ,

1974 4246 2218 4312 scriptum
2252 4242 2342 4306 sit,
2373 4260 2390 4292 ι
2421 4241 2680 4310 rogabant
2709 4241 2903 4308 ipsum,
2933 4256 2951 4289 ι
2982 4247 3035 4290 et
3073 4251 3197 4299 non,
3243 4235 3498 4288 Dicebant

327 4331 472 4399 φάγε.
501 4354 520 4386 ι
551 4333 650 4386 Διά
681 4332 732 4384 τί
755 4332 812 4384 δὲ
844 4349 862 4379 ι
885 4328 1051 4380 Αὑτὸν
1083 4325 1324 4397 ἠρώτων,
1352 4344 1369 4373 ι
1418 4323 1509 4376 καὶ
1540 4323 1674 4390 οὐχὶ,
1707 4321 1858 4373 Ἐλε-

1974 4334 2066 4397 illi,
2095 4333 2306 4400 dignum
2333 4341 2413 4383 est
2446 4343 2705 4390 cernere;
2742 4327 3037 4394 simplicius
3067 4325 3206 4378 enim
3239 4323 3496 4389 scriptum

323 4433 412 4484 γον
439 4425 603 4493 αὐτῷ,
639 4422 789 4486 ἄξιον
821 4421 944 4472 ἰδεῖν
963 4436 977 4450 θ
1007 4417 1360 4485 ἁπλούστερον
1388 4416 1493 4484 γὰρ
1531 4415 1859 4481 ἐγέγραπτο·

1974 4423 2173 4476 fuisset.
2209 4438 2226 4470 ι
2257 4420 2470 4472 Interim
2503 4438 2522 4471 ι
2560 4419 2803 4472 dicebant
2827 4417 2875 4469 ei
2923 4433 2942 4466 ι
2989 4413 3269 4482 discipuli:
3304 4411 3495 4471 Rahbi,

328 4525 346 4557 ι
371 4511 446 4564 Ἐν
471 4516 525 4566 δὲ
546 4513 624 4582 τῷ
651 4512 850 4583 μεταξὺ
888 4528 905 4560 ›
937 4509 1117 4575 ἔλεγον
1141 4506 1285 4575 αὐτῷ
1312 4525 1328 4556 ι
1352 4506 1400 4556 οἱ
1426 4503 1682 4573 μαθηταί·
1723 4504 1869 4553 Ῥαϐ-

1974 4509 2239 4566 comede.»
2264 4509 2491 4562 Proinde
2530 4521 2716 4574 rogare
2745 4515 2801 4558 ut
2836 4505 3097 4564 comedat,
3122 4511 3174 4556 et
3195 4501 3499 4570 supplicare

1967 3363 2212 3430 petierat,
2237 3360 2552 3427 venturique
2581 3366 2735 3413 erant
2770 3357 2836 3410 ad
2863 3370 2982 3409 eum
3006 3355 3353 3418 Samaritani,
3375 3369 3494 3406 cum

1965 3452 2158 3520 alioqui
2186 3451 2362 3504 cibum
2396 3464 2574 3504 coram
2621 3447 2728 3501 ullo
2759 3445 2971 3513 hospite
3000 3443 3070 3496 illi
3099 3459 3198 3497 non
3223 3444 3499 3511 apposuis-

1963 3549 2108 3594 sent.
2148 3539 2222 3592 Ac
2250 3537 2496 3590 fortassis
2531 3535 2764 3588 futurum
2801 3541 2934 3596 erat,
2959 3532 3034 3584 uti
3064 3531 3348 3584 Samaritis
3369 3544 3498 3582 con-

1964 3628 2289 3687 turbaretur,
2313 3626 2356 3678 si
2387 3623 2606 3676 vidisset
2634 3619 2922 3687 discipulos
2946 3618 3202 3685 magistro
3232 3629 3499 3685 apponere

1965 3714 2204 3768 volentes
2230 3714 2452 3774 cibaria,
2479 3726 2596 3778 quae
2625 3710 2706 3762 vel
2741 3710 2792 3761 in
2824 3707 3060 3761 Samaria
3103 3707 3381 3765 emissent,
3409 3704 3491 3755 vel

1964 3803 2159 3856 emisse
2198 3800 2487 3852 verisimile
2519 3807 2698 3862 esset;
2738 3811 2908 3865 neque
2948 3795 3140 3848 merito
3190 3808 3367 3847 coram
3400 3792 3500 3845 Sa-

1964 3888 2244 3943 maritanis
2296 3886 2596 3940 volentibus
2645 3899 2793 3938 suam
2845 3884 3082 3950 ipsorum
3128 3880 3498 3946 derelinquere

1967 3976 2237 4029 civitatem
2272 3973 2563 4027 dixissent:
2611 3989 2630 4023 ι
2661 3970 2852 4034 Babbi,
2889 3968 3136 4032 comede;
3165 3985 3183 4018 ›
3224 3967 3341 4021 ideo
3365 3967 3498 4021 bene

1963 4065 2200 4117 additum
2228 4074 2308 4116 est
2335 4079 2349 4115 :
2390 4079 2409 4112 ι
2445 4061 2660 4115 Interim
2688 4059 2946 4140 rogabant
2971 4071 3086 4112 eum
3115 4055 3386 4124 discipuli,
3416 4055 3498 4108 di-

323 4596 392 4656 δὶν
421 4604 578 4670 φάγε.
610 4621 629 4652 ι
675 4601 748 4653 Τὸ
773 4601 828 4652 δὲ
861 4600 952 4650 καὶ
985 4598 1192 4666 ἐρωτᾷν
1233 4595 1317 4646 ἵνα
1348 4593 1511 4664 φάγῃ,
1551 4593 1640 4644 καὶ
1666 4590 1865 4643 ἱκετεύ-

316 4699 393 4735 ειν
421 4693 603 4755 αὑτὸν,
636 4691 730 4742 καὶ
760 4689 983 4752 δεῖσθαι,
1025 4686 1163 4752 τάχα
1186 4701 1238 4735 τι
1269 4683 1414 4753 δηλοί
1441 4683 1542 4752 πρὸ
1566 4681 1664 4750 τῆς
1691 4678 1870 4741 ἐξετά-

318 4790 469 4847 σεως,
497 4784 668 4835 ὲνίοτε
696 4782 751 4833 δὲ
779 4779 872 4832 καὶ
919 4777 1052 4847 μετά
1085 4774 1182 4843 τὴν
1209 4773 1464 4834 ἐξέτασιν.
1513 4769 1619 4822 Καὶ
1642 4769 1740 4837 δρα
1768 4768 1868 4836 μή·

312 4877 440 4922 ποτε
466 4869 820 4924 εὐλαϐοῦνται
847 4867 920 4938 μὴ
949 4906 962 4918 .
980 4905 992 4918 .
1017 4903 1030 4918 .
1051 4901 1099 4920 ..
1129 4864 1157 4914 ὁ
1179 4861 1329 4928 λόγος
1493 4861 1610 4920 ταῖς
1648 4855 1866 4917 οἰκείαις

1968 4614 2110 4664 cum,
2145 4607 2196 4651 et
2225 4597 2452 4666 precari,
2486 4595 2730 4647 fortassis
2760 4593 2960 4660 aliquid
2994 4591 3160 4644 innuit
3193 4601 3313 4641 ante
3364 4602 3496 4653 snp-

1968 4687 2340 4756 plicationetn,
2380 4692 2540 4752 atque
2567 4685 2724 4736 etiam
2764 4681 3028 4734 interdum
3068 4687 3184 4745 post
3224 4675 3497 4743 supplica-

1970 4777 2187 4827 tionem.
2232 4772 2360 4826 Vide
2389 4787 2536 4834 vero,
2575 4786 2640 4823 ne
2668 4769 2805 4824 forte
2831 4776 3112 4821 vereantur
3139 4762 3402 4830 discipuli,
3433 4778 3499 4815 ne

1974 4863 2162 4917 Sermo
2199 4862 2289 4916 Dei
2317 4862 2480 4916 Filius
2503 4859 2733 4929 propriis
2759 4858 2917 4910 alitus
2941 4857 3011 4910 sit
3049 4855 3128 4907 vel
3177 4851 3497 4906 fortiﬁcatus

411 5024 462 5060 "
484 5026 640 5082 Joan.
676 5042 750 5091 tv,
781 5025 870 5079 28.
948 5023 964 5052 ¹
997 5019 1127 5074 ibid.
1151 5017 1237 5071 29.
1310 5019 1330 5047 '
1354 5013 1481 5067 ibid.
1513 5012 1599 5066 50.
1675 5012 1696 5042 ³
1730 5011 1858 5064 ibid.

1974 5056 1976 5067 ν
2051 5013 2073 5044 ⁸
2105 5013 2231 5067 ibid.
2265 5013 2354 5066 31.
2427 5011 2449 5042 ⁸
2480 5009 2605 5062 ibid.
2638 5007 2691 5060 8.
2766 5007 2786 5036 ⁸
2810 5005 2938 5060 ibid.
2969 5002 3056 5055 5|.

371 5171 496 5239 (2.4)
522 5179 579 5232 In
632 5175 875 5243 margine
903 5169 1110 5223 codicis
1135 5163 1406 5243 Dodlciani
1460 5169 1677 5216 notatur
1726 5158 1864 5212 forte
1959 5171 2012 5243 _ct
2040 5153 2755 5243 ,ἰηιεηοαιιιίοιιιιηιᾷς-,ηιιιιο-ε]
2787 5159 3001 5243 propter
3022 5146 3493 5243 fgil't‘tnﬂuinnptf‘lf-

306 5231 595 5311 legendum
629 5231 856 5311 εδεουμὴ
884 5231 1316 5311 ἀναγεέράφθαξ·
1398 5295 1434 5311 η

510 5293 1024 5383 τὲπᾶἷτορήὲζεωνξ.
1047 5293 1142 5355 Si'c
1159 5293 1371 5383 .'c0tlexl
1395 5295 1714 5383 Domitian":
1755 5293 1864 5383 βε·

297 5360 827 5453 εἰιίεῖἷᾶπῖρήψσειιῖνί
851 5373 1126 5448 Qnoniatn
1159 5367 1335 5444 luxata
1359 5365 1468 5453 bzc'c
1496 5370 1646 5438 sunt,
1678 5360 1868 5413 Ferra-

289 5429 418 5519 ξίδιὶ
431 5429 932 5519 biiiiééb'r'éiaiio‘ui
962 5435 1341 5519 Perionianatn
1378 5429 1867 5519 adjungimnsaqno

284 5513 362 5575 εεξι
785 5496 1018 5566 lucilius
1063 5496 1452 5575 expiscetnr_:.'
1475 5515 1493 5545 ι
1525 5496 1866 5575 .Satnaritana

802 5561 1089 5643 ﬁ'potum
1120 5561 1291 5630 daret,
1314 5561 1730 5620 dubitationibus
1756 5562 1869 5616 suis

1959 5229 2089 5291 bat;
2122 5216 2293 5295 neque
2317 5228 2456 5295 enim
2481 5216 2602 5276 Jesu
2624 5216 2754 5274 dare
2787 5216 2996 5285 poterat
3021 5216 3238 5281 dignam
3283 5228 3345 5295 eo
3391 5228 3488 5280 po-

1963 5298 2155 5349 tionem
2177 5313 2190 5357 ;
2209 5291 2312 5348 'ctsi
2339 5294 2426 5345 ille
2448 5307 2567 5345 cum
2597 5304 2659 5341 ea
2685 5303 2803 5356 qua:
2829 5295 3102 5353 rogaretur
3123 5291 3362 5349 cuperet,
3399 5295 3495 5334 vo-

1961 5363 2098 5416 lebat
2126 5363 2264 5414 illam
2298 5362 2447 5413 bonis
2474 5357 2700 5410 aﬂiccre.
2742 5373 2759 5404 ι

2030 5431 2140 5496 (26)
2181 5425 2742 5496 Ἐπιθορυϐηθείσης.
2769 5423 2868 5496 ‘lla
2898 5419 3084 5496 _(‘0dex
3142 5415 3490 5482 Bodleianus;

1963 5489 2159 5566 Re‘gitt's
2190 5507 2245 5552 et
2273 5489 2617 5559 Bafberittus,
2649 5489 3030 5563 ὲπιτριὸείσης.
