3828 6194
337 323 440 377 5733

345 435 500 489 ClblS.
532 439 584 484 et
611 429 726 483 ideo
773 429 926 476 orent
972 433 1090 472 eum
1115 415 1392 469 comedere
1424 413 1670 466 inventos
1697 409 1864 461 cibus.
1897 409 1939 462 Α

347 522 439 573 His
468 519 605 571 enim
643 527 757 580 qua:
786 511 1062 563 inveniunt
1102 504 1379 571 discipuli,
1415 515 1623 569 semper
1669 497 1870 550 nutrire

346 608 513 672 Λόγον
551 603 748 661 volunt,
777 607 835 652 ut
868 596 1205 653 fortiﬁcatus,
1247 602 1301 644 et
1333 590 1558 652 validus,
1609 596 1662 639 et
1694 599 1872 637 corro-

348 696 582 753 boratus,
609 690 808 742 diutius
838 687 1074 741 assideat
1101 685 1271 751 ipsum
1301 680 1688 740 nutrientibus;
1717 675 1874 728 vicis-

347 783 444 834 sim
470 780 710 832 nutriens
735 785 1063 846 apponentes
1091 775 1163 827 illi
1199 773 1369 826 cibos.
1394 771 1539 823 llanc
1567 769 1636 821 ob
1658 778 1872 818 causam

343 870 490 938 jubet
512 878 654 920 stare
685 867 748 918 ad
774 865 993 928 ostium,
1028 873 1081 916 et
1109 863 1346 930 pulsare,
1376 868 1432 911 ut
1456 858 1500 910 si
1539 858 1654 923 quis
1681 854 1872 906 ostium

345 959 635 1024 aperuerit,
673 954 1007 1023 ingrediatur
1036 953 1100 1004 ad
1131 966 1272 1011 eum,
1303 959 1356 1001 et
1384 955 1563 1001 emnet
1612 960 1728 995 cum
1764 941 1874 999 illo,

346 1055 404 1096 ut
432 1055 612 1110 postea
640 1042 950 1097 convivator
971 1038 1138 1106 possit
1162 1035 1398 1088 vicissim
1429 1031 1669 1086 convivio
1704 1027 1877 1095 excipi

349 1150 378 1187 a
409 1133 562 1202 Λόγῳ
591 1132 679 1198 qui
706 1129 843 1198 apud
871 1127 1016 1180 illum
1045 1123 1336 1178 cmnaverit
1357 1123 1398 1174 ".

419 1388 504 1441 '52.
533 1386 672 1438 Sane
708 1381 998 1436 lleracleon
1018 1379 1188 1446 inquit
1208 1374 1493 1443 discipulos
1516 1371 1743 1425 voluisse
1764 1383 1880 1422 cum

351 1476 473 1531 Jesu
501 1472 894 1527 communicare
923 1484 1038 1536 qua:
1071 1468 1364 1528 emissent,
1399 1472 1555 1530 atque
1585 1476 1611 1512 a
1643 1459 1880 1513 Samaria

354 1566 670 1619 attulissent.
700 1561 852 1631 [(27)
881 1559 1000 1612 llaec
1045 1566 1220 1609 autem
1256 1560 1653 1614 commemorat,
1687 1557 1746 1601 ut
1787 1549 1885 1599 ali-

1771 292 2082 349 CRlGENlS

3483 250 3594 305 ιῗξῧ

1973 437 2021 452 ..
2042 438 2054 450 .
2077 434 2090 449 .
2119 436 2131 450 .
2175 396 2206 464 ἢ
2239 389 2734 463 ἰσχυροποιούμενος
2775 379 3029 452 τροφαῖς,
3077 368 3387 436 ἐρωτῶσιν
3412 360 3593 464 αὐτὸν

1972 454 2379 554 εὑρισκομένόυς
2419 454 2655 532 ἔδεσθαι·
2691 469 2772 534 οἷς
2804 469 2915 537 γὰρ
2951 463 3330 554 εὑρίσκουσιν
3362 454 3431 554 ,οἱ
3488 467 3598 520 μα-

1969 545 2126 646 θηταὶ
2153 545 2238 626 ἀεὶ
2264 571 2478 641 τρέφειν
2525 567 2613 618 τὸν
2639 563 2809 628 Λόγον
2843 556 3157 628 βούλονται,
3197 549 3302 646 ἵνα
3362 545 3596 646 ἰσχυρο-

1972 663 2302 732 ποιούμενος,
2354 659 2446 711 καὶ
2473 654 2808 721 τονούμενος.
2846 646 2944 701 καὶ¹
2986 638 3430 711 δυναμούμενος
3465 633 3596 682 ἐπι-

1971 723 2149 804 πλεῖον
2177 747 2484 818 παραμείνῃ
2533 748 2642 806 τοῖς
2671 741 2833 796 αὑτὸν
2862 739 3187 808 τρέφουσιν,
3223 723 3598 818 ἀντιτρέειῖων

1972 842 2094 901 τοὺς
2141 810 2531 907 παρατίθεντας
2579 830 2725 898 αὑτῷ
2779 828 2847 880 τὰ
2909 824 3206 895 βρώματα.
3278 816 3393 869 Διά
3429 810 3600 864 τοῦτο

1974 901 2254 997 ἐστηκέναι
2287 924 2444 992 φησὶν
2473 922 2562 972 ἐπὶ
2590 921 2688 990 τὴν
2713 917 2903 986 θύραν,
2943 914 3039 966 xui.
3072 910 3339 980 κρούειν,
3371 905 3467 963 ἵν’,
3500 901 3598 953 ἐάν

1975 1035 2054 1079 τις
2084 993 2266 1086 άνοίξῃ
2293 1013 2390 1082 τὴν
2440 1011 2626 1080 θύραν,
2658 1005 2877 1076 εἰσέλθῃ
2923 1003 3064 1072 πρὸς
3099 1000 3304 1059 αὐτὸν,
3345 995 3449 1048 καὶ
3487 993 3600 1086 δει-

1977 1104 2151 1172 πνήσῃ
2179 1080 2291 1168 μετ’
2323 1080 2546 1157 ἐκείνου,
2581 1095 2720 1146 ὥστε
2756 1093 2982 1159 ὕστερον
3006 1086 3329 1156 δυνηθέντα
3352 1083 3452 1135 τὸν
3483 1080 3598 1132 δει-

1978 1193 2250 1260 πνήσαντα
2279 1185 2736 1254 ἀντιδειπνηθῆναι
2769 1182 2878 1235 ἀπὸ
2910 1181 3007 1232 τοῦ
3037 1177 3464 1246 δειπνήσαντος
3487 1169 3595 1224 Λό-

1978 1297 2074 1347 γου
2107 1278 2254 1349 παρὰ
2287 1276 2361 1345 τῷ
2391 1274 2674 1345 ἀνθρώπῳ.

2047 1369 2134 1421 52.
2175 1367 2232 1418 't)
2257 1366 2313 1417 δέ
2351 1363 2656 1434 ’Πρακλέων
2684 1361 2868 1430 φησὶν,
2913 1359 2997 1410 ὅτι
3033 1354 3344 1427 ἐϐούλοντο
3388 1364 3598 1402 κοινω-

1979 1459 2088 1508 νεῖν
2138 1453 2281 1522 αύτῷ
2325 1452 2382 1517 ἐξ
2431 1446 2503 1504 ὧν
2552 1449 2920 1518 ἀγοράσαντες
2973 1445 3086 1497 ἀπὸ
3114 1443 3222 1512 τῆς
3255 1438 3601 1510 Σαμαρείας

1981 1545 2379 1614 κεκομίκεισαν.
2437 1541 2572 1594 Τάδε
2617 1539 2780 1608 φησὶν
2822 1538 2910 1588 ἵνα
2942 1535 3068 1587 τινὰ
3100 1572 3114 1586 .
3134 1571 3182 1587 ..
3210 1572 3225 1585 .
3251 1572 3266 1585 .
3310 1534 3372 1584 αἱ
3432 1528 3601 1582 πέντε

353 1614 1012 1723 quas...quiinqtte'l'atute
1030 1645 1374 1712 virgines.....
1399 1657 1428 1696 a
1455 1641 1659 1709 Sponso
1681 1639 1722 1689 ⁸.
1752 1637 1889 1701 Quo-

2030 1634 2161 1704 ωρα“ι
2186 1632 2439 1702 παρθένοι
2471 1668 2484 1681 .
2512 1667 2524 1680 .
2551 1667 2562 1679 .
2585 1664 2599 1679 .
2619 1665 2634 1680 .
2671 1627 2778 1680 ἀπὸ
2803 1625 2897 1677 τοῦ
2938 1624 3229 1693 Νυμφίου.
3274 1621 3418 1681 Πῶς
3439 1619 3501 1671 δὲ
3531 1614 3605 1669 οϊ-

359 1704 722 1795 ἶιιοόογιιυίοιιι
752 1704 1319 1788 ὀι·1›ἰιι·οι·.....-οιι(1οιιι
1353 1704 1661 1783 habere...”
1697 1725 1886 1792 quibus

2030 1741 2262 1776 αι
2296 1717 2850 1785 ὰαύτὰἕχειν.....
2882 1714 3104 1781 έγονται
3137 1748 3310 1766 .....
3347 1704 3444 1771 αἷς
3469 1710 3606 1761 ἁπο-

357 1829 587 1884 occlusis
614 1826 771 1879 fatuis
801 1823 1117 1893 virginibus,
1147 1835 1322 1890 Operae
1343 1818 1568 1888 pretium
1596 1825 1678 1869 est
1700 1815 1884 1867 videre

358 1935 418 1974 ea
434 1935 551 1988 qua:
569 1915 940 1984 discipulorum
965 1910 1358 1965 accusationem
1377 1905 1666 1966 continent,
1698 1902 1880 1957 eodem

361 2010 520 2061 modo
553 2023 657 2074 quo
681 2006 836 2058 fatua:
863 2003 1092 2070 virgines
1119 1998 1517 2052 dormientium.
1565 1994 1674 2048 Hoc
1705 2002 1883 2046 autem

360 2099 599 2152 eamdem
619 2097 885 2148 rationem
911 2093 1103 2145 habeat
1133 2090 1265 2143 lucis
1288 2089 1353 2140 ad
1380 2088 1574 2148 cibum,
1605 2097 1760 2151 quam
1791 2097 1888 2150 po-

364 2197 450 2239 tus
490 2187 552 2238 ad
585 2186 756 2264 cibum
789 2181 1056 2235 habet.....
1090 2191 1362 2238 accusare,
1399 2173 1890 2241 reprehendereque

363 2255 876 2338 interpretationem.
921 2271 1231 2334 Quanquam
1288 2278 1382 2331 pro
1435 2259 1571 2313 virili
1627 2266 1777 2325 parte
1837 2255 1888 2308 id

362 2361 504 2429 quod
539 2360 613 2411 ait
640 2358 850 2426 planum
879 2357 1054 2407 facere
1083 2351 1290 2412 debuit,
1324 2359 1376 2400 et
1406 2347 1645 2417 pluribus
1677 2345 1888 2405 docere,

365 2451 684 2502 contirmaus
717 2442 1208 2511 interpretationem
1239 2453 1408 2491 suam.
1434 2433 1450 2504 ]

434 2538 520 2590 ‘53.
566 2557 584 2586 ι
615 2536 683 2588 At
711 2536 821 2602 ipse
858 2533 993 2586 dixit
1021 2532 1098 2584 eis
1128 2543 1142 2580 :
1173 2530 1282 2594 Ego
1315 2526 1488 2578 cibum
1519 2522 1692 2576 habeo
1740 2519 1896 2589 243

367 2624 678 2686 comedere,
724 2636 876 2687 quem
943 2635 1034 2672 vos
1092 2615 1304 2669 nescitis
1345 2614 1390 2667 ’.
1434 2631 1452 2663 ι
1507 2611 1561 2664 ld
1608 2610 1747 2678 quod
1797 2609 1897 2660 sibi

368 2711 581 2774 suilicit,
618 2725 719 2762 non
778 2719 894 2776 eget
943 2707 1102 2769 cibo;
1152 2703 1374 2772 proinde
1415 2700 1556 2770 quod
1596 2700 1716 2752 cibo
1756 2705 1897 2766 eget,

371 2816 475 2853 non
507 2799 608 2851 sibi
642 2797 855 2851 subicit.
884 2795 1016 2848 lliuc
1060 2793 1392 2862 perspicuum
1420 2798 1498 2842 est
1533 2787 1898 2840 comedentcm

371 2889 666 2951 comedere,
697 2901 798 2938 non
828 2885 948 2951 quia
977 2900 1076 2935 ttuu
1112 2890 1301 2949 egeat;
1358 2879 1446 2933 sed
1499 2877 1619 2946 quia
1673 2883 1825 2943 egeat
1850 2882 1904 2925 et

372 2978 522 3030 valde
551 2984 723 3043 egeat.
755 2973 816 3025 Et
846 2987 1067 3040 cerpora
1109 2971 1338 3037 quidem,
1371 2967 1496 3034 quia
1526 2975 1714 3018 natura
1746 2961 1903 3014 ﬂuxi-

1989 1813 2279 1872 κλιθείσαις
2306 1810 2508 1880 μωραῖς
2539 1805 2850 1874 παρθένοις,
2881 1804 3035 1867 ἄξιον
3068 1803 3200 1854 ἰδεῖν
3237 1797 3604 1869 κατηγορίαν

1989 1901 2301 1969 περιέχοντα
2347 1896 2455 1949 τῶν
2503 1893 2757 1964 μαθητῶν
2809 1893 2924 1954 τοῖς
2974 1893 3167 1953 αὐτοῖς
3213 1886 3604 1958 κοιμωμένων

1987 1995 2103 2052 ταῖς
2139 1991 2343 2058 μωραῖς
2393 1985 2704 2053 παρθένοις·
2762 1983 2877 2034 ἔστι
2911 1983 2970 2034 δὲ
3015 1982 3114 2034 καὶ
3147 1981 3282 2034 αὐτὸ
3335 1979 3603 2048 ἀνόμοιον

1991 2079 2080 2130 τοῦ
2113 2076 2284 2144 φωτὸς
2315 2073 2448 2143 πρὸς
2478 2071 2700 2141 τροφὴν,
2729 2070 2824 2122 καὶ
2850 2067 2949 2120 τοῦ
2976 2067 3151 2120 ποτοῦ
3175 2066 3320 2136 πρὸς
3354 2066 3429 2118 τὰ

1997 2180 2140 2234 ματα
2171 2203 2182 2215 .
2207 2201 2219 2214 .
2243 2201 2256 2214 .
2280 2198 2294 2213 .
2315 2201 2328 2213 .
2361 2176 2553 2221 σαντας
2590 2155 2935 2210 αἰτιάσασθαι
2964 2155 3069 2223 τὴν
3100 2153 3360 2223 ἐκδοχὴν,
3389 2153 3599 2222 καίπερ

1995 2253 2134 2305 κατά
2159 2269 2208 2304 τι
2241 2249 2528 2318 δυνάμενον
2557 2247 2698 2315 σαφῆ
2733 2247 2957 2315 ποιῆσαι
2977 2244 3074 2296 τὸν
3106 2243 3271 2310 λόγον
3296 2243 3477 2312 ἐχρῆν
3503 2247 3602 2294 a6-

1995 2341 2084 2394 τὸν
2128 2341 2213 2392 διὰ
2241 2339 2494 2391 πλειόνων
2539 2334 3046 2406 παραμυθήσασθαι
3096 2333 3602 2396 κατασκευάζοντα

1998 2432 2095 2499 τὴν
2127 2430 2260 2481 ἰδίαν
2292 2428 2534 2496 ἐκδοχὴν.

2067 2519 2254 2574 55.(”Ο
2287 2519 2341 2569 δὲ
2371 2513 2515 2569 εἶπεν
2541 2517 2720 2578 αὐτοῖς
2743 2532 2757 2545 ·
2805 2513 2950 2581 Ἐγὼ
2981 2513 3196 2583 βρῶσιν
3229 2513 3343 2582 ἔχω
3373 2515 3599 2580 φαγεῖν,

2000 2606 2066 2675 ἦν
2108 2606 2260 2672 ὑμεῖς
2314 2604 2412 2654 οὐκ
2445 2602 2639 2653 οἴδατε.
2668 2621 2685 2652 ›
2722 2599 2795 2650 Τὸ
2829 2599 2929 2669 μὲν
2959 2597 3221 2660 ἁνενδεές
3269 2597 3333 2649 ού
3399 2595 3602 2667 χρῄζει

2006 2693 2272 2763 βρώσεως,
2299 2691 2359 2743 τὸ
2389 2691 2444 2742 δὲ
2470 2691 2664 2760 χρῇζον
2697 2687 2958 2757 βρώσεως
2983 2690 3090 2740 οὐκ
3134 2688 3286 2740 ἔστιν
3319 2686 3598 2748 ἁνενδεές.

2004 2783 2110 2833 Καὶ
2137 2782 2309 2850 δῆλον,
2350 2781 2430 2830 ὄτι
2462 2781 2489 2830 ό
2522 2777 2714 2828 ἐσθίων
2743 2776 2865 2843 οὐχὶ¹
2919 2777 2997 2846 μὴ
3049 2777 3278 2846 χρῄζων
3334 2774 3603 2845 βρώσεως

2005 2871 2189 2931 ἐσθίει,
2218 2869 2349 2921 ἀλλὰ
2376 2868 2586 2937 χρῄζων
2619 2868 2711 2918 καὶ
2734 2867 2993 2936 δεόμενος
3022 2867 3223 2935 αὐτῆς.
3257 2867 3371 2919 Καὶ
3399 2865 3470 2917 τὰ
3502 2865 3603 2934 μὲν

2010 2959 2256 3028 σώματα,
2301 2958 2392 3010 ἅτε
2431 2959 2495 3026 τῇ
2537 2956 2694 3023 φύσει
2735 2957 2862 3008 ὄντα
2903 2956 3150 3025 ῥευστὰ,
3194 2958 3465 3025 τρέφεται
3502 2956 3604 3024 τῆς

375 3064 502 3117 bilia
535 3070 680 3127 sunt,
717 3061 1020 3114 nutriuntur
1053 3057 1172 3110 cibo
1218 3055 1451 3124 replente
1498 3052 1668 3105 locum
1717 3064 1897 3103 eorum

2030 3026 2202 3119 ’ροφῆς
2233 3045 2642 3116 ἀναπληρούσης
2678 3046 2770 3097 τὸν
2809 3046 2976 3098 τόπον
3011 3046 3124 3100 τῶν
3170 3047 3601 3117 ἀπορρεόντων

374 3167 491 3220 qua:
534 3151 810 3213 deﬂuunt;
852 3150 941 3202 sed
969 3163 1085 3215 qua:
1118 3149 1232 3214 ipso
1275 3158 1496 3211 corpore
1530 3140 1899 3210 prastantiora

375 3250 524 3300 sunt,
549 3240 853 3291 nutriuntur
879 3235 1238 3304 intelligentiis
1264 3231 1612 3300 incorporeis,
1634 3238 1903 3282 ctsermo-

379 3331 533 3382 nibus
564 3328 968 3394 actionibusque
1003 3325 1146 3378 sanis
1176 3341 1187 3374 :
1231 3338 1331 3374 non
1368 3321 1507 3388 quod
1557 3319 1622 3370 ad
1654 3331 1756 3369 non
1786 3329 1903 3367 esse

379 3417 819 3481 dissolverentur,
857 3415 956 3467 nisi
1008 3415 1336 3466 nutrirentur
1371 3427 1384 3461 :
1414 3423 1582 3476 neque
1619 3406 1759 3460 enim
1794 3420 1906 3457 cor-

381 3524 507 3573 pora
538 3509 652 3560 haec
684 3520 800 3573 quae
825 3519 926 3558 non
959 3504 1280 3563 nutriuntur,
1326 3500 1390 3551 ad
1426 3514 1526 3550 non
1565 3510 1682 3549 esse
1718 3494 1906 3547 dissol-

379 3604 608 3658 vuntur;
634 3593 724 3647 sed
751 3593 886 3660 quod
907 3591 1127 3657 perdant
1145 3603 1263 3641 esse
1292 3588 1432 3650 talia,
1457 3587 1498 3640 si
1527 3600 1628 3639 non
1659 3584 1906 3638 nutrian-

384 3695 471 3737 tur
500 3684 688 3736 talibus
729 3697 846 3750 quze
877 3681 982 3734 sint
1039 3678 1421 3746 przestantioris
1473 3690 1632 3742 quam
1684 3687 1906 3740 corpora

383 3783 604 3828 naturai.
654 3771 722 3824 Ut
749 3779 919 3822 autem
953 3782 1173 3836 corpora
1208 3780 1325 3832 quae
1351 3764 1474 3817 cibo
1499 3770 1673 3828 egent,
1697 3776 1800 3814 non
1825 3761 1908 3814 his

383 3862 594 3912 aluntur
623 3859 752 3910 cibis
782 3858 926 3920 quia
968 3854 1308 3922 qualitatibus
1354 3851 1644 3919 procedunt
1669 3888 1684 3912 ,
1739 3863 1908 3916 neque

383 3952 566 4002 eadem
597 3950 832 4001 ciborqu
863 3946 1130 4014 quantitas
1156 3945 1398 3996 omnihus
1416 3940 1625 4002 sufﬁcit,
1649 3940 1726 3993 sic
1748 3939 1906 3992 etiam

385 4039 739 4107 intelligamus
777 4046 982 4106 oportet
1037 4038 1100 4088 de
1145 4035 1228 4087 his
1261 4048 1376 4100 qua:
1411 4039 1533 4084 sunt
1563 4031 1800 4092 meliora,
1858 4037 1910 4080 et

387 4129 751 4197 praestantiora
795 4124 1152 4193 corporibus:
1186 4123 1322 4174 inter
1369 4122 1482 4172 haec
1541 4119 1682 4171 enim
1733 4117 1908 4185 aliqua

387 4220 702 4286 copiosiore,
730 4216 906 4282 aliqua
933 4213 1133 4266 minore
1155 4211 1272 4263 cibo
1299 4220 1475 4277 egent,
1506 4220 1756 4274 tanquam
1795 4222 1912 4274 qua:

2003 3147 2070 3199 τὰ
2095 3147 2369 3215 κρείττονα
2399 3143 2644 3210 σώματος
2667 3144 2929 3212 τρέφεται
2961 3145 3078 3204 τοῖς
3108 3141 3437 3209 ἀσωμάτοις
3472 3137 3602 3205 νοή-

2009 3251 2156 3302 μασι,
2188 3234 2282 3285 καὶ
2315 3233 2510 3299 λόγοις,
2544 3233 2636 3284 καὶ
2665 3230 2929 3300 πράξεσιν
2975 3232 3195 3298 ὑγιέσιν
3218 3269 3234 3293 ,
3276 3228 3400 3296 οὐχὶ
3431 3228 3514 3288 είς
3545 3223 3606 3277 τὸ

2010 3323 2082 3390 μὴ
2117 3315 2252 3373 εἶναι
2299 3319 2724 3388 διαλυθησόμενα
2752 3357 2766 3382 ,
2801 3321 2850 3370 εί
2901 3317 2976 3388 μὴ
3004 3318 3289 3388 τρέφοιτο’
3329 3314 3456 3365 οὐδὲ
3493 3311 3606 3381 γὰρ

2009 3409 2229 3478 σώματα
2263 3411 2335 3478 μὴ
2383 3409 2685 3477 τρεφόμενα
2721 3410 2800 3470 είς
2848 3409 2908 3460 τὸ
2955 3409 3032 3477 μὴ
3089 3403 3234 3460 εἴναι
3281 3404 3601 3458 διαλύεται’

2008 3499 2265 3550 ἀπόλλυσι
2315 3499 2423 3569 (28)
2451 3499 2506 3550 δὲ
2547 3500 2607 3550 τὸ
2639 3496 2775 3550 εἶναι
2828 3499 3044 3560 τοιάδε,
3082 3499 3168 3550 ὅτι
3218 3498 3281 3549 ού
3341 3496 3605 3567 τρέφεται

2008 3591 2118 3649 τοῖς
2139 3578 2375 3639 τοιοῖσδέ
2388 3587 2483 3655 τῆς
2511 3587 2870 3656 διαφερούσης
2898 3586 3008 3638 τῶν
3047 3587 3328 3656 σωμάτων
3356 3585 3604 3652 φύσεως.

2013 3675 2218 3744 ’Ὠσπερ
2241 3676 2298 3727 δέ
2323 3674 2388 3726 τὰ
2417 3675 2643 3743 δεόμενα
2673 3675 2878 3744 τροφῆς
2913 3673 3151 3742 σώματα
3179 3669 3310 3726 οὔτε
3339 3677 3457 3736 τοῖς
3495 3673 3605 3727 ἀπὸ

2010 3762 2116 3815 τῶν
2144 3763 2437 3830 ποιοτήτων
2482 3762 2770 3832 τρέφεται,
2831 3763 2954 3814 ούδέ
3011 3764 3256 3832 ποσότης
3309 3762 3532 3833 τροφῶν
3570 3761 3605 3831 ἠ

2013 3851 2148 3923 αὑτὴ
2174 3853 2334 3903 πᾶσιν
2366 3852 2543 3920 ἀρκεῖ,
2573 3851 2713 3904 οὕτω
2752 3853 2973 3921 νοητέον
3009 3853 3108 3905 καὶ
3138 3854 3235 3905 ἐπὶ
3269 3853 3378 3905 τῶν
3411 3869 3602 3922 κρειτ-

2012 3942 2172 3993 τόνων
2230 3942 2374 4013 παρὰ
2406 3941 2473 3992 τὰ
2525 3940 2770 4010 σώματα.
2827 3943 2940 3994 Καὶ
2982 3943 3097 4012 γὰρ
3149 3942 3331 3994 ταῦτα
3376 3941 3450 3992 τὰ
3503 3941 3605 4010 μὲν

2015 4030 2283 4092 πλείονος,
2330 4030 2396 4081 τὰ
2447 4029 2501 4081 δὲ
2560 4029 2840 4091 ἐλάττονος
2885 4030 3062 4082 δεῖται
3100 4031 3346 4100 τροφῆς,
3383 4031 3450 4082 ού
3490 4030 3604 4083 τῶν

2017 4118 2142 4168 ίσων
2170 4118 2294 4169 ὅντα
2322 4117 2598 4187 χωρητικά
2616 4134 2630 4148 °
2656 4117 2770 4170 ἀλλ’
2793 4117 2915 4170 οὐδὲ
2955 4121 2988 4188 ὴ
3041 4121 3275 4190 ποιότης
3310 4119 3420 4172 τῶν
3469 4133 3602 4188 τρε-

2015 4205 2218 4271 φόντων
2245 4203 2414 4270 λόγων
2443 4204 2534 4254 καὶ
2566 4203 2847 4272 νοημάτων
2872 4203 2980 4255 τῶν
3009 4207 3068 4256 ἐν
3099 4205 3310 4276 θεωρίᾳ
3340 4205 3602 4274 πράξεων

387 4308 622 4359 eamdem
652 4316 953 4358 mensuram
983 4315 1086 4353 nou
1115 4301 1324 4367 capiant
1357 4314 1370 4349 :
1400 4297 1491 4350 sed
1539 4309 1708 4362 neque
1737 4295 1897 4362 quali-

2030 4293 2119 4343 :th
2165 4292 2368 4353 τούτοις
2405 4291 2754 4361 άρμοζουσῶν
2809 4295 2842 4361 ἡ
2903 4292 3044 4363 αὐτὴ
3097 4295 3335 4364 ἁρμόζει
3391 4296 3604 4356 πάσαις

391 4401 472 4446 tas
519 4405 825 4445 sermonum
855 4398 904 4440 et
934 4397 1277 4453 conceptuum
1327 4385 1378 4436 in
1431 4382 1872 4450 contemplatione
1896 4422 1911 4446 ,

308 4490 318 4504 '
388 4480 477 4546 qui
525 4488 648 4531 sunt
702 4477 935 4530 actiones
994 4475 1076 4527 his
1127 4472 1520 4535 convenientes,
1569 4472 1748 4524 eadem
1789 4484 1915 4521 cou-

389 4568 531 4637 grnit
563 4567 808 4621 omnibus
834 4563 1126 4616 animabus.
1160 4561 1294 4626 Quin
1324 4560 1486 4614 etiam
1518 4559 1636 4613 olus
1664 4566 1719 4612 et
1764 4559 1916 4612 cibus

390 4658 589 4712 solidus
623 4671 723 4708 non
760 4654 942 4709 eodem
973 4661 1204 4720 tempore
1251 4666 1343 4704 eos
1390 4651 1649 4712 nutriunt,
1705 4649 1794 4717 qui
1848 4663 1914 4701 ex

393 4749 521 4816 ipsis
551 4746 777 4798 fructum
808 4743 1034 4810 aliquem
1066 4740 1365 4810 percepturi
1398 4749 1559 4792 sunt:
1587 4755 1709 4792 nam
1740 4737 1914 4790 inlan-

393 4847 472 4889 lcs
499 4849 678 4888 recens
708 4835 852 4894 uati,
894 4841 952 4884 ut
988 4832 1153 4897 inquit
1190 4829 1374 4882 Petrus
1412 4829 1507 4902 ‘°,.
1531 4828 1610 4880 Iac
1667 4825 1771 4878 doli
1821 4840 1913 4878 ne-

393 4926 580 4986 scium,
613 4923 768 4988 idque
795 4921 982 4984 animi,
1011 4934 1110 4971 nou
1136 4919 1372 4987 corporis
1394 4916 1697 4970 desiderant
1721 4929 1734 4964 :
1758 4914 1914 4979 idque

393 5012 552 5063 ctiam
588 5011 866 5072 desideret,
914 5009 958 5062 si
1009 5009 1126 5076 quis
1182 5006 1456 5060 infantiam
1518 5002 1912 5058 Corinthiorum

395 5098 573 5160 habet,
616 5101 680 5149 ad
707 5113 837 5164 quos
869 5097 1037 5163 inquit
1062 5095 1256 5147 Paulus
1289 5094 1330 5125 "
1360 5108 1374 5146 :
1411 5111 1429 5142 ι
1461 5091 1640 5145 Laetis
1672 5103 1764 5141 vos
1789 5096 1913 5154 potu

395 5185 523 5239 alni.
555 5200 656 5237 unn
684 5187 820 5250 cibo;
844 5203 862 5236 ι
886 5185 1128 5240 inﬁrmus
1151 5197 1297 5246 vero,
1324 5196 1387 5236 eo
1408 5180 1545 5248 quod
1577 5192 1680 5230 non
1712 5174 1914 5234 credat,

468 5301 488 5329 '
511 5301 669 5360 Apoc.
701 5314 784 5362 tu,
804 5301 895 5353 20.
965 5300 986 5330 ⁸
1010 5297 1194 5353 Matth.
1222 5313 1347 5351 xxv.
1420 5299 1440 5329 ⁹
1464 5295 1615 5350 Joan.
1643 5308 1714 5357 IV,
1745 5291 1832 5345 32.

2031 5289 2172 5343 Pctr.
2203 5304 2262 5352 ιι,
2291 5288 2344 5341 2.

465 5429 578 5500 (2⁸1)
602 5429 828 5500 Perionii
867 5431 1256 5500 interpretatio.

468 5489 578 5565 (τεὲ
627 5497 966 5553 Ἀπόλλωνι.
993 5489 1081 5553 Sic
1109 5501 1276 5552 codex
1308 5497 1654 5561 Bodleianus;
1701 5489 1919 5559 Regius,

403 5565 669 5628 ἀπόλυσιν,
703 5567 854 5618 male.

2015 4384 2131 4441 ταῖς
2175 4381 2388 4448 ψυχαῖς.
2449 4380 2607 4432 Ἀλλὰ
2653 4381 2760 4451 γάρ
2811 4382 2906 4433 καὶ
2965 4382 3205 4451 λάχανον
3242 4385 3340 4435 καὶ
3397 4384 3605 4454 στερεὰ

2012 4468 2182 4538 τροφὴ
2209 4469 2325 4536 ούχὶ
2355 4467 2491 4519 κατὰ
2522 4467 2610 4518 τὸν
2637 4468 2798 4519 αὑτὸν
2843 4467 3036 4537 καιρὸν
3065 4469 3262 4536 τρέφει
3303 4460 3434 4532 τοὺς
3485 4470 3605 4520 δεο-

2019 4556 2206 4625 μένους
2240 4555 2335 4623 τῆς
2369 4554 2472 4605 ἀπὸ
2501 4553 2699 4607 τούτων
2755 4553 3090 4621 βελτιώσεως
3128 4571 3143 4586 ο
3202 4555 3274 4607 τὰ
3326 4555 3426 4624 μὲν
3491 4556 3604 4626 γὰρ

2015 4645 2364 4714 ἀρτιγέννητα
2396 4643 2586 4712 βρέφη,
2609 4643 2683 4704 ῶς
2720 4661 2881 4714 φησιν
2908 4647 2937 4696 ό
2966 4645 3174 4714 Πέτρος
3201 4683 3216 4707 ,
3273 4644 3336 4696 τὸ
3377 4645 3604 4712 λογικὸν

2016 4733 2194 4786 ἄδολον
2227 4732 2364 4798 γάλα
2397 4732 2668 4784 ἐπιποθεῖ·
2708 4732 3035 4784 ἐπιποθείτω
3067 4733 3123 4786 δὲ
3157 4735 3400 4803 καὶ-(29)
3430 4735 3490 4786 εἴ
3517 4752 3604 4798 τις

2018 4823 2110 4891 τὴν
2141 4823 2434 4891 νηπιότητα
2486 4822 2595 4890 ἔχει
2649 4821 2985 4891 Κορινθίων,
3030 4823 3171 4891 πρὸς
3216 4824 3310 4884 οὓς
3345 4840 3521 4894 φησιν
3573 4826 3603 4876 ό

2017 4911 2250 4971 Παῦλοςο
2284 4929 2300 4959 ι
2337 4910 2478 4962 Γάλα
2522 4911 2663 4979 ὑμᾶς
2699 4911 2926 4963 ἐπότισα
2951 4950 2964 4974 ,
3023 4915 3086 4965 ού
3141 4913 3376 4982 βρῶμα·
3414 4933 3434 4962 ›
3472 4916 3504 4966 ό
3541 4915 3600 4967 δὲ

2019 4999 2274 5060 ἀσθενῶν,
2305 4999 2391 5050 διὰ
2427 4998 2486 5050 τὸ
2523 4999 2594 5068 μὴ
2620 4999 2928 5064 πιστεύειν,
2959 5001 3172 5070 λάχανα
3194 5001 3451 5056 ἐσθιέτω.
3485 5005 3603 5056 Καὶ

2019 5089 2173 5139 τοῦτο
2205 5088 2259 5139 δέ
2287 5089 2315 5138 ὁ
2343 5087 2549 5149 Παῦλος
2570 5088 2806 5140 διδάσκει
2831 5090 3024 5156 λέγων·
3058 5110 3076 5141 ι
3095 5093 3190 5152 Ὃς
3215 5090 3313 5159 μὲν
3337 5091 3601 5144 πιστεύει

2021 5177 2210 5241 φαγεῖν
2257 5174 2457 5226 πάντα·
2493 5175 2522 5224 ὁ
2557 5174 2611 5225 δὲ
2641 5175 2882 5228 ἀσθενῶν
2934 5177 3146 5245 λάχανα
3196 5174 3390 5226 ἐσθίει.
3427 5193 3446 5224 ι
3485 5177 3602 5227 Καὶ

2458 5291 2496 5320 ¹¹
2526 5289 2542 5341 1
2577 5290 2701 5343 Cor.
2734 5306 2817 5359 ιιι,
2857 5294 2908 5347 ‘2.

2094 5420 2201 5494 (εὶ-9)
2244 5421 2560 5494 Earum!)st
2588 5422 2939 5494 ἑπιποθείτω
2959 5427 3024 5480 δὲ
3046 5428 3165 5490 καί,
3191 5435 3294 5479 etc.
3324 5424 3402 5494 [ta
3459 5427 3600 5494 legi-

2026 5498 2113 5538 tur
2136 5490 2190 5565 in
2222 5488 2401 5565 codice
2430 5488 2733 5565 deleiauo,
2765 5496 2814 5547 in
2846 5494 3016 5565 Regio
3041 5488 3216 5553 autem
3243 5505 3297 5550 ct
3335 5488 3602 5549 Barberi-

2027 5571 2094 5608 tto
2117 5561 2263 5608 deest
2290 5557 2554 5614 ἐπιποθεῖ.
