3828 6220
536 271 644 325 165

1957 264 2273 321 ORIGENIS
3571 266 3651 317 4ϋί

533 401 638 456 que
669 395 866 440 terram
897 391 1090 446 arant,
1141 383 1319 437 dicere
1351 396 1409 437 se
1444 381 1703 452 perﬁcere
1755 397 1888 452 opus
1928 382 2061 437 illius

2170 381 2572 452 οἰκοδομοῦντας
2623 382 2654 454 ἢ
2706 381 3091 454 γεωργοῦντας
3140 382 3346 449 φάσκειν
3370 382 3575 437 τελειοῦν
3610 387 3659 437 ab

534 476 623 544 qui
649 489 739 528 eos
762 475 1077 539 sumpsisset
1098 473 1164 524 ad
1188 471 1402 539 aliquod
1426 487 1561 541 opus
1596 472 1918 537 obeundum,
1942 473 2065 526 dum

533 564 843 630 perficerent
873 562 998 613 illud
1024 560 1177 629 cujus
1196 563 1363 630 gratia
1385 565 1640 632 assumpti
1667 564 1896 617 fuerant.
1918 564 2069 617 Alius

531 667 659 704 vero
682 651 922 703 dicturus
947 659 1051 712 est,
1083 651 1125 704 si
1157 650 1468 718 perﬁciatur
1488 667 1620 718 opus
1651 651 1739 705 Dei
1768 667 1795 705 a
1828 650 2063 715 Christo,

500 707 684 813 i247
732 740 937 809 liquere
981 707 1082 793 hoc
1118 707 1488 809 imperfectum
1524 707 1731 805 fuisse,
1782 707 2065 809 antequam

526 833 895 901 perﬁceretur.
933 830 1038 883 Sed
1071 832 1340 897 quomodo
1380 831 1747 900 imperfectum
1787 841 1903 884 erat
1934 846 2068 900 Opus

494 898 788 978 1exsistens
832 914 965 976 Dei?
1009 936 1298 989 rursusque
1351 898 1612 990 quomodo
1656 921 1928 989 perﬁcitur
1972 898 2065 976 Dei

525 1027 660 1081 opus
685 1012 751 1065 al)
780 1026 842 1063 co
871 1011 958 1078 qui
989 1011 1147 1064 dixit:
1182 1028 1201 1060 ι
1247 1010 1436 1076 l’ater,
1463 1012 1553 1078 qui
1583 1012 1726 1065 misit
1752 1026 1835 1065 me
1856 1051 1871 1073 ,
1901 1011 2067 1078 major

525 1116 611 1154 me
653 1110 737 1155 est
760 1100 842 1152 “?
881 1119 901 1152 ι
959 1101 1051 1154 sed
1105 1099 1364 1167 perfectio
1418 1100 1596 1168 operis
1642 1099 1900 1168 perfectio
1949 1110 2068 1155 erat

524 1200 727 1253 natura:
778 1188 919 1243 illius
962 1202 1082 1256 qua:
1135 1188 1357 1242 rationis
1393 1198 1477 1242 est
1516 1202 1774 1256 compos:
1833 1190 1900 1243 ad
1930 1190 2066 1244 hanc

523 1281 663 1335 enim
710 1275 987 1341 naturam,
1027 1293 1144 1348 qua'
1200 1278 1423 1333 rationis
1470 1288 1552 1332 est
1581 1292 1838 1347 compos,
1870 1279 2067 1347 imper-

524 1367 661 1423 fecta
691 1381 809 1421 cum
843 1376 1019 1429 esset,
1044 1366 1417 1434 perﬁciendam
1463 1365 1609 1421 venit
1640 1365 1830 1423 Sermo
1861 1368 1952 1422 Dei
1984 1369 2067 1423 Fi-

524 1458 627 1511 lius
652 1456 827 1510 factus
847 1470 996 1510 caro.
1023 1454 1159 1509 Num
1182 1470 1310 1523 ergo
1332 1465 1567 1513 creatum
1591 1472 1674 1516 est
1696 1458 2064 1526 imperfectum

522 1562 686 1615 opus.
725 1556 779 1600 et
821 1547 1050 1601 mittitur
1096 1546 1347 1601 Servator
1375 1548 1443 1601 ad
1502 1549 1628 1604 illud
1688 1551 2063 1620 imperfectum

524 1635 940 1703 perﬁciendum?
965 1634 1068 1688 Sed
1102 1636 1365 1704 quomodo
1405 1652 1507 1692 non
1541 1648 1623 1693 est
1662 1640 1988 1704 absurdum,
2020 1641 2064 1693 si

526 1720 817 1773 dixerimus
847 1719 1056 1774 Patrem
1089 1723 1162 1775 rei
1198 1721 1522 1790 imperfectae
1567 1736 1839 1781 auctorem
1883 1726 2064 1793 fuisse,

527 1807 866 1863 Servatorem
895 1826 1023 1865 vero
1052 1825 1169 1864 eam
1203 1812 1569 1879 imperfectam
1596 1823 1938 1887 creatamque
1966 1816 2066 1869 im-

523 1901 815 1971 perfectam
864 1901 1192 1971 perfecisse?
1248 1903 1445 1971 lgitur,
1492 1919 1610 1959 meo
1658 1905 1899 1973 judicio,
1947 1922 2068 1974 pro-

525 1991 739 2045 fundius
785 1989 998 2058 aliquod
1056 1996 1370 2061 mysterium
1402 1992 1581 2046 hocin
1616 1993 1735 2046 loco
1778 1995 2065 2062 repositum

522 2091 634 2135 est:
677 2095 797 2133 nam
832 2081 1079 2135 fortassis
1108 2081 1159 2133 id
1189 2083 1330 2150 quod
1362 2082 1587 2136 rationis
1609 2092 1692 2137 est
1729 2098 1925 2152 capax,
1955 2094 2065 2138 tum

522 2184 643 2223 cum
676 2170 728 2222 in
764 2170 1011 2238 paradiso
1038 2169 1267 2238 positum
1294 2170 1414 2235 fuit,
1447 2169 1816 2238 imperfectum
1849 2174 2068 2227 omnino

522 2273 628 2313 non
674 2248 810 2314 erat.
853 2258 1099 2326 Alioquin
1133 2258 1222 2327 qui
1255 2257 1522 2328 posuisset
1549 2257 1686 2314 Deus
1721 2274 1836 2314 rem
1868 2260 2067 2329 imper—

518 2346 714 2401 fectam
762 2348 813 2400 in
847 2346 1095 2408 paradiso
1117 2384 1134 2411 ,
1168 2361 1285 2414 quae
1312 2359 1631 2415 operaretur
1672 2358 1726 2403 et
1774 2350 2067 2417 custodiret

520 2437 679 2490 eum?
714 2433 822 2490 Nec
865 2436 1007 2490 enim
1036 2445 1453 2491 consentaneum
1481 2448 1562 2492 est
1593 2439 1667 2492 uti
1718 2440 2068 2508 imperfectus

520 2525 571 2580 is
604 2526 816 2579 dicatur
853 2525 943 2593 qui
966 2525 1176 2593 operari
1202 2526 1372 2593 possit
1403 2525 1605 2596 lignum
1629 2528 1769 2593 vitm,
1797 2536 1851 2581 et
1885 2529 2063 2582 omnia

522 2628 642 2682 quae
676 2613 1008 2681 plantaverat
1031 2613 1171 2667 Deus
1198 2624 1251 2667 et
1278 2624 1462 2681 postea
1494 2624 1612 2669 orta
1649 2624 1794 2670 sunt.
1835 2616 2067 2673 Proinde

522 2703 644 2755 vide
669 2716 736 2755 ne
763 2700 899 2754 forte
921 2700 1192 2768 perfectus
1213 2716 1333 2756 cum
1354 2713 1495 2758 esset
1515 2704 1700 2769 homo,
1719 2704 2065 2773 imperfectus

525 2791 599 2844 sit
631 2789 804 2843 factus
837 2789 904 2843 ob
938 2788 1351 2844 iuobedientiam
1371 2830 1387 2858 ,
1421 2792 1730 2861 egueritque
1766 2793 1945 2863 aliquo
1972 2796 2062 2864 qui

514 2881 702 2951 ipsum
738 2880 807 2934 ab
851 2880 953 2935 hac
984 2880 1387 2951 imperfectioue
1427 2883 1710 2949 liberaret,
1740 2894 1792 2940 et
1823 2887 1962 2941 hanc
1993 2887 2063 2942 ob

2162 470 2325 540 ἔργον
2377 470 2468 524 τοῦ
2524 471 2774 534 λαϐόντος
2830 472 3030 533 αὐτοὺς
3088 471 3182 523 ἐπὶ
3230 471 3286 522 τὸ
3322 471 3491 541 ἔργον,
3526 475 3574 526 ὲν
3598 475 3659 543 τῷ

2167 563 2335 613 ποιεῖν
2370 560 2450 612 διδ
2495 560 2917 631 παρελήφθησαν
2954 561 3094 630 (45)·
3128 559 3159 609 6
3186 560 3239 612 δέ
3257 577 3333 622 τις
3356 562 3476 629 ἐρεῖ,
3494 560 3583 625 ὅτι,
3604 563 3664 613 εἴ-

2166 668 2271 721 περ
2308 650 2599 704 τελειοῦται
2634 651 2695 703 τὸ
2725 651 2883 721 ἔργον
2916 650 3009 703 τοῦ
3053 650 3191 703 Θεοῦ
3216 650 3313 705 ὑπὸ
3342 650 3425 703 τοῦ
3450 652 3663 723 Χριστοῦ,

2164 738 2337 807 δῆλον,
2387 738 2467 791 δτι
2508 737 2664 791 τοῦτο
2706 740 2833 809 πρὶν
2867 739 3222 810 τελειωθῆναι
3264 740 3432 803 ἀτελὲς
3468 740 3565 812 (ιθ)
3592 739 3670 814 ἢν.

2166 828 2288 890 Πῶς
2331 824 2422 881 οῦν
2463 828 2650 891 ἀτελὲς
2694 824 2761 899 ἦν
2809 829 2968 901 ἔργον
2992 829 3259 901 τυγχάνον
3292 829 3380 883 τοῦ
3413 829 3563 896 Θεοῦ;
3589 834 3674 887 Καὶ

2164 914 2280 978 πῶς
2310 915 2369 968 τὸ
2396 915 2552 986 ἔργον
2580 916 2672 969 τοῦ
2690 917 2822 969 Θεοῦ
2862 917 3169 972 τελειοῦται
3195 917 3294 969 ὑπὸ
3321 915 3409 970 τοῦ
3441 918 3673 981 εἰπόντος·

2170 1024 2189 1055 ι
2236 1007 2295 1058 '0
2328 1006 2513 1076 Πατὴρ
2545 1007 2654 1077 (47)
2687 1007 2716 1058 6
2757 1008 2981 1077 πέμψας
3022 1024 3091 1077 με
3122 1006 3318 1077 μείζων
3348 1008 3441 1077 μού
3472 1008 3629 1071 ὲστιν;
3665 1027 3681 1059 ι

2165 1096 2197 1164 ἡ
2222 1094 2276 1147 δὲ
2298 1096 2571 1159 τελείωσις
2595 1096 2687 1148 τοῦ
2710 1095 2868 1167 ἔργου
2897 1098 2930 1166 ἡ
2952 1096 3047 1149 τοῦ
3077 1096 3298 1163 λογικοῦ
3328 1096 3579 1160 τελείωσις
3602 1094 3683 1167 ἦν·

2163 1184 2315 1237 τοῦτο
2358 1185 2464 1256 γὰρ
2502 1182 2661 1256 ἦλθεν
2712 1186 2898 1250 ἀτελὲς
2929 1186 2989 1239 ὃν
3018 1187 3229 1239 τέλειον
3268 1188 3476 1257 ποιῆσαι
3506 1190 3531 1240 ὸ
3568 1189 3693 1256 γενό-

2168 1290 2322 1343 μενος
2346 1274 2478 1344 σὰρξ
2505 1275 2691 1342 Λόγος.
2722 1272 2847 1347 ’Ἆρ’
2873 1272 2967 1330 οῦν
3000 1276 3234 1347 ἐκτίσθη
3260 1275 3435 1338 άτελὶς
3460 1276 3515 1329 τὸ
3538 1276 3693 1349 ἔργον.

2164 1365 2255 1415 καὶ
2308 1364 2573 1431 πέμπεται
2627 1367 2654 1417 6
2706 1365 2893 1436 Σωτὴρ
2933 1366 2993 1419 τὸ
3041 1365 3234 1428 ἀτελὲς
3278 1364 3579 1430 τελειῶσαι;
3608 1368 3703 1419 Καὶ

2166 1448 2281 1512 πῶς
2315 1450 2413 1502 οὐκ
2449 1450 2645 1503 ἄτοπον
2689 1451 2779 1503 τὸν
2837 1452 2937 1522 μὲν
2976 1453 3208 1528 Πατέρα
3254 1454 3467 1517 ἀτελοῦς
3499 1455 3702 1524 ποιητὴν

2165 1539 2464 1605 γεγονέναι,
2504 1538 2593 1591 τὸν
2631 1540 2686 1592 δὲ
2726 1542 2952 1612 Σωτῆρα
3002 1544 3065 1595 τὸ
3104 1545 3297 1605 ἀτελὲς
3334 1543 3710 1598 τετελειωκὲναι

2165 1625 2378 1678 κτισθὲν
2405 1627 2623 1693 άτελὲς;
2659 1630 2931 1699 Ὶιγοῦμαι
2964 1627 3030 1695 δὴ
3055 1635 3114 1685 ὲν
3148 1636 3265 1697 τοῖς
3305 1634 3484 1697 τόποις
3508 1635 3712 1703 βαθύτε-

2124 1695 2137 1740 3
2166 1714 2255 1783 ρόν
2281 1732 2332 1766 τι
2365 1695 2746 1769 ἐναποκεῖσθαι
2783 1695 3083 1791 μυστήριον
3104 1736 3119 1752 ⁸
3156 1695 3303 1791 τάχα
3329 1724 3436 1794 γὰρ
3558 1725 3716 1793 πάντη

2163 1799 2346 1864 ἀτελὲς
2376 1801 2435 1854 τὸ
2464 1802 2678 1871 λογικὸν
2719 1800 2787 1874 ἦν
2814 1806 2930 1875 ἅμα
2961 1807 3040 1877 τῷ
3069 1808 3351 1863 τεθεῖσθαι
3379 1813 3435 1864 ὲν
3461 1811 3537 1881 τῷ
3562 1830 3718 1881 παρα-

2164 1896 2350 1965 δείσῳ’
2381 1896 2495 1959 πῶς
2522 1896 2630 1966 γὰρ
2666 1895 2732 1948 ἂν
2759 1895 2820 1947 τό
2848 1896 3030 1967 πάντη
3076 1896 3278 1960 ἀτελὲς
3319 1897 3523 1950 ἐτίθετο
3560 1898 3589 1949 δ
3616 1899 3720 1947 bam

2164 1988 2222 2038 ὲν
2249 1986 2326 2056 τῷ
2352 1986 2660 2057 παραδείσῳ
2690 1988 3020 2057 ἐργάζεσθαι
3068 1988 3243 2042 αὐτὸν
3293 1989 3390 2041 καὶ
3427 1986 3703 2057 φυλάσσειν

2176 2072 2233 2124 '0
2283 2073 2391 2142 γάρ
2455 2073 2746 2142 δυνάμενος
2804 2075 3147 2144 ἐργάζεσθαι
3226 2076 3386 2142 ξύλον
3436 2075 3601 2148 ζωῆς,
3659 2091 3720 2127 xu

2166 2161 2339 2215 πάντα
2357 2162 2413 2214 δὲ
2439 2164 2475 2214 ἃ
2496 2162 2788 2231 ἐφύτευσεν
2821 2166 2849 2215 ὁ
2877 2164 3035 2229 Θεὸς,
3070 2168 3172 2220 καὶ
3206 2167 3352 2237 μετὰ
3374 2166 3549 2220 ταῦτα
3578 2165 3720 2231 ἐξανέ

2162 2255 2352 2320 τειλεν,
2375 2255 2474 2308 οὐκ
2503 2256 2569 2309 ἂν
2605 2257 2840 2325 εὐλόγως
2865 2258 3084 2327 λέγοιτο
3117 2261 3357 2332 ἀτελής.
3407 2262 3634 2331 Μήποτε
3666 2254 3720 2311 οὗ

2162 2343 2363 2405 τέλειος
2385 2344 2479 2409 ὢν,
2504 2353 2622 2408 πῶς
2653 2347 2846 2418 ἀτελὴς
2874 2347 2967 2402 διὰ
2999 2351 3104 2421 τὴν
3130 2353 3436 2424 παρακοὴν
3460 2351 3535 2405 ὢν
3558 2353 3720 2419 γέγονε

2164 2435 2257 2487 καλ¹
2308 2435 2499 2504 ἐδεήθη
2546 2437 2641 2490 τοῦ
2685 2437 3072 2504 τελειώσοντος
3128 2443 3306 2496 αὐτὸν
3356 2443 3470 2497 ἀπὸ
3506 2443 3605 2509 τῆς
3656 2443 3716 2494 ἁτ

2162 2522 2326 2588 λείας,
2361 2526 2452 2578 καὶ
2481 2525 2569 2578 διὰ
2593 2527 2747 2579 τοῦτο
2768 2529 3034 2600 ἐπέμφθη
3067 2532 3098 2583 6
3137 2533 3372 2605 Σωτὴρ,
3412 2534 3638 2605 πρῶτον
3675 2533 3720 2602 μὶ

2164 2613 2249 2665 ἵνα
2278 2616 2471 2685 ποιήσῃ
2496 2615 2557 2668 τὸ
2580 2615 2789 2686 θέλημα
2812 2617 2908 2670 τοῦ
2935 2618 3275 2689 πέμψαντος
3307 2622 3505 2686 αὐτόν,
3535 2622 3720 2694 ὲργάτπ

2162 2700 2323 2753 αὐτοῦ
2371 2703 2462 2754 καὶ
2497 2702 2729 2757 ἐνταῦθα
2769 2705 3084 2774 γενόμενος,
3130 2708 3409 2781 δεύτερον
3451 2710 3513 2763 δὲ
3567 2710 3656 2762 ἵνα
3701 2726 3720 2761 τ

2161 2790 2356 2861 λειώσῃ
2390 2791 2448 2845 τὸ
2480 2793 2635 2864 ἔργον
2659 2793 2752 2845 τοῦ
2789 2793 2950 2862 Θεοῦ,
2986 2797 3082 2848 καὶ
3120 2797 3381 2863 ἕκαστος
3419 2799 3718 2867 τετελειωιι

2163 2897 2248 2943 νος
2279 2881 2525 2952 οἰκειωθῇ
2568 2886 2635 2953 τῇ
2682 2886 2878 2955 στερεᾷ
2921 2889 3101 2958 τροφῇ
3156 2890 3260 2942 καὶ
3301 2893 3379 2962 τῇ
3420 2889 3601 2960 σοφίᾳ
3635 2907 3720 2941 cui

512 2985 735 3028 causam
765 2971 958 3026 missus
981 2970 1142 3026 fuerit
1166 2971 1441 3042 Servator,
1475 2974 1709 3043 primum
1735 2976 1970 3044 quidem,
2005 2986 2061 3031 ut

2168 2989 2186 3021 ι
2219 2970 2447 3023 Τελείων
2486 2970 2541 3023 δέ
2580 2974 2726 3026 ἐστιν
2777 2975 2810 3043 ἡ
2858 2975 3063 3045 στερεά
3110 2982 3335 3053 τροφὴ,
3388 2980 3510 3034 τῶν
3558 2980 3652 3034 διὰ
3698 2998 3716 3031 ι

518 3058 725 3115 taceret
747 3060 1072 3114 voluntatem
1106 3062 1221 3129 ejus
1247 3062 1335 3130 qui
1373 3063 1518 3117 misit
1553 3063 1724 3132 ipsum
1759 3062 1826 3130 ⁸³,
1874 3079 2067 3134 opera-

520 3153 635 3206 rius
659 3150 798 3205 illius
823 3149 983 3205 etiam
1014 3151 1116 3206 hoc
1162 3151 1282 3207 loco
1327 3151 1538 3220 factus,
1569 3155 1760 3210 deinde
1809 3169 1974 3219 vero,
2007 3166 2066 3211 ut

519 3243 804 3314 perﬁceret
828 3257 962 3312 opus
981 3242 1099 3307 Dei,
1131 3251 1184 3296 et
1213 3248 1578 3314 unusquisque
1604 3243 1777 3301 factus
1795 3246 2066 3317 perfectus

523 3340 862 3388 assuesceret
902 3332 1071 3388 solido
1108 3332 1262 3397 cibo,
1298 3348 1362 3389 ac
1391 3350 1514 3389 cum
1543 3337 1806 3405 sapientia
1839 3351 2065 3393 consue-

522 3420 760 3476 tudinem
820 3419 1064 3474 haberet.
1101 3437 1121 3473 ι
1154 3421 1515 3478 Perfectorum
1565 3433 1743 3480 autem
1800 3434 1885 3482 est
1937 3426 2062 3482 soli-

522 3510 622 3565 dus
654 3509 840 3573 cibus,
894 3523 1085 3577 nempe
1125 3523 1305 3564 eorum
1355 3512 1447 3581 qui
1488 3526 1587 3581 per
1631 3513 1871 3569 habitum
1907 3529 2064 3570 exer-

521 3604 718 3657 citatos
738 3602 939 3655 habent
960 3614 1150 3655 sensus
1171 3601 1237 3655 ad
1258 3602 1678 3670 diiudicandum,
1710 3612 1819 3659 tum
1838 3604 2059 3670 bonum,

521 3703 633 3747 tum
655 3691 848 3746 malum
865 3690 932 3755 δὴ
959 3708 979 3741 ι
1006 3698 1059 3744 et
1072 3690 1160 3757 qui
1179 3690 1414 3759 loquitur
1432 3694 1773 3761 sapientiam,
1793 3694 1966 3764 inquit
1982 3695 2057 3750 ηε

499 3800 546 3837 ,ι
584 3783 914 3853 Sapientiam
952 3794 1133 3840 autem
1164 3784 1433 3854 loquimur
1464 3782 1603 3837 inter
1629 3783 1922 3852 perfectos;
1959 3803 1978 3837 ι
2007 3794 2062 3839 et

518 3890 639 3930 cum
679 3876 1045 3945 unusquisque
1096 3885 1377 3943 nostrum,
1430 3874 1522 3943 qui
1565 3889 1699 3944 opus
1732 3875 1824 3930 Dei
1852 3890 2056 3942 sumus,

518 3980 549 4019 a
569 3963 693 4019 Iesu
720 3964 991 4033 perfectus
1024 3963 1200 4019 factus
1228 3963 1411 4026 fuerit,
1443 3962 1620 4018 dicet:
1661 3981 1680 4013 ι
1713 3963 1912 4017 Bonum
1949 3977 2059 4017 cer-

518 4062 697 4108 tamen
719 4053 942 4118 certavi,
962 4067 1175 4107 cursum
1208 4050 1596 4115 consummavi,
1626 4050 1783 4105 ﬁdem
1812 4052 2053 4118 servavi;

517 4140 744 4208 posthac
778 4140 1013 4207 reposita
1048 4148 1132 4192 est
1164 4137 1289 4192 mihi
1317 4152 1515 4192 corona
1538 4138 1756 4206 justitiae
1784 4137 1849 4190 ⁸⁸.
1883 4157 1901 4190 ι
1949 4137 2056 4192 Nec

489 4229 662 4284 .solus
694 4229 857 4284 homo
887 4228 1068 4294 lapsus
1090 4237 1191 4289 est,
1218 4241 1340 4280 cum
1368 4227 1638 4294 perfectus
1665 4236 1828 4291 esset,
1858 4228 1926 4280 ad
1958 4229 2055 4282 im-

2163 3058 2275 3123 ἕξιν
2321 3059 2387 3112 τά
2437 3060 2762 3132 αἰσθητήρια
2827 3070 3283 3138 γεγυμνασμένα
3340 3071 3605 3142 ἑχόντων
3668 3088 3720 3142 πί

2163 3149 2428 3221 διάκρισιν
2466 3152 2631 3206 καλοῦ
2668 3170 2727 3206 τε
2772 3156 2868 3208 καὶ
2910 3157 3090 3211 κακοῦ
3116 3176 3129 3188 ·
3188 3181 3207 3213 ι
3248 3166 3357 3217 καὶ
3397 3168 3430 3218 6
3470 3164 3667 3219 λαλῶν

2164 3237 2290 3307 φίαν
2313 3239 2472 3309 φησί’
2515 3259 2534 3291 ι
2574 3242 2772 3311 Σοφίαν
2802 3243 2859 3297 δὲ
2886 3244 3170 3315 λαλοῦμεν
3207 3251 3272 3303 ὲν
3299 3252 3434 3316 τοῖς
3472 3251 3720 3316 τελείοις

2162 3328 2256 3382 καὶ
2274 3329 2398 3383 ὅταν
2430 3330 2657 3396 ἕκαστος
2687 3332 2867 3402 ἡμῶν,
2906 3335 3049 3405 ἔργα
3100 3337 3279 3404 Θεοῦ,
3319 3343 3448 3396 ὑπὸ
3504 3343 3701 3414 Ἰησοῦ

2161 3420 2374 3491 λειωθῇ,
2426 3422 2541 3493 ὲρεῖ
2565 3439 2579 3453 ·
2626 3442 2643 3473 ι
2685 3422 2788 3477 Τὸν
2827 3425 3021 3493 ἀγῶνα
3060 3429 3158 3482 τόν
3208 3433 3398 3487 καλὸν
3457 3434 3720 3507 ὴγὼνισι

2159 3511 2249 3565 τὸν
2284 3512 2480 3582 δρόμον
2514 3513 2786 3577 τετέλεκα,
2828 3516 2929 3586 τὴν
2977 3518 3173 3573 πίστιν
3222 3528 3585 3597 τετήρηκα,
3632 3528 3714 3580 λοι

2158 3601 2437 3654 ἀπόκειταί
2465 3619 2555 3673 μοι
2582 3604 2610 3655 6
2635 3605 2733 3675 τῆς
2757 3604 3113 3679 δικαιοσύνης
3150 3614 3494 3684 στέφανος.
3546 3636 3574 3668 ι
3617 3619 3707 3671 Οὔ

2159 3708 2246 3754 νος
2274 3691 2329 3744 δὲ
2350 3693 2379 3742 ὁ
2397 3691 2673 3762 άνθρωπσς
2702 3694 2961 3760 ἐξέπεσεν
2996 3701 3064 3752 ὲκ
3092 3703 3328 3757 τελείου
3366 3708 3484 3759 ἐπὶ
3508 3707 3584 3760 τὸ
3608 3710 3716 3761 ἁτε

2157 3780 2291 3834 ἀλλά
2312 3783 2405 3835 καὶ
2441 3781 2637 3845 ἰδόντες
2664 3786 2713 3837 οἰ
2737 3785 2844 3838 uioi.
2872 3786 2969 3839 τοῦ
2996 3788 3142 3843 Θεοῦ
3178 3794 3292 3857 τὰς
3333 3795 3720 3869 θυγατέρας

2156 3870 2472 3941 ἀνθρώπων,
2500 3872 2582 3926 δτι
2608 3872 2769 3927 καλαί
2797 3877 2928 3939 εἰσι,
2965 3879 3064 3933 xui.
3093 3879 3397 3949 λαϐόντες
3428 3888 3703 3952 ἑαυτοῖς

2157 3959 2340 4013 πασῶν
2389 3952 2463 4015 ὧν
2516 3961 2847 4028 ἐξελέξαντο,
2903 3967 3000 4020 καὶ
3053 3969 3460 4042 ἁπαξαπλῶς
3517 3979 3720 4033 ιιι-,ἀντι

2155 4046 2787 4140 ἀπολείποντεςμτὸνῖδιον
2821 4055 3169 4127 οἰκητήριον,
3216 4063 3330 4116 καὶ
3388 4066 3493 4138 μὴ
3546 4072 3717 4140 τηρῦ

2154 4154 2243 4201 τες
2267 4138 2365 4209 τὴν
2394 4138 2596 4191 ἑαυτῶν
2626 4139 2821 4212 ἀρχήν.
2869 4160 2888 4195 ι
2946 4144 3155 4219 Ἀρχὴν
3206 4168 3232 4202 r
3277 4152 3354 4209 δὲ
3400 4155 3597 4227 λέγω
3622 4138 3716 4215 τί

2150 4228 2633 4299 παραϐαλλομένην
2662 4228 2903 4302 ἐξουσίᾳ,
2939 4234 3080 4289 ἀλλὰ
3121 4238 3221 4293 διὰ
3255 4244 3388 4314 τὴν
3434 4248 3714 4304 ἁντιδια

518 4315 847 4385 perfectum,
875 4290 967 4367 sed
1004 4330 1022 4364 ι
1055 4313 1145 4365 ﬁlii
1179 4330 1199 4365 ι
1254 4290 1416 4366 etiam
1463 4323 1487 4365 ἰ
1524 4313 1646 4376 Dei,
1683 4332 1702 4365 ι
1745 4290 1835 4382 qui
1872 4333 1891 4367 ι
1925 4331 2047 4371 cum

2162 4290 2380 4405 Lotusqu
2410 4290 2571 4380 τέλει,
2589 4290 3149 4395 ’καὶνπαράκειμένην

518 4402 775 4456 vidissent
809 4399 944 4454 ﬁlias
974 4399 1248 4454 hominum
1280 4399 1529 4469 pulchras
1557 4415 1694 4467 esse,
1730 4414 2051 4473 acceperunt

516 4491 617 4545 sibi
645 4505 712 4545 ex
743 4488 1022 4555 omnibus,
1053 4503 1186 4557 quas
1207 4488 1489 4559 elegissent
1512 4490 1589 4557 ‘i;
1622 4510 1642 4543 ι
1679 4501 1732 4547 et
1755 4494 2048 4562 generatim

496 4596 700 4637 omnes
734 4598 757 4633 ι
797 4580 887 4648 qui
925 4580 1275 4635 deseruerunt
1318 4581 1588 4650 propriam
1642 4581 2046 4648 habitationem,

514 4682 569 4727 et
598 4687 701 4725 nou
728 4676 1077 4724 servaverunt
1102 4682 1258 4723 suum
1296 4669 1530 4737 ipsorqu
1576 4670 1896 4740 principium
1931 4671 1994 4727 ⁵⁸.
2022 4690 2043 4724 ι

512 4762 642 4829 Nec,
668 4762 855 4817 dicens
892 4778 911 4812 ι
940 4760 1287 4830 principium,
1326 4780 1344 4811 ι
1383 4762 1739 4831 principatum
1775 4763 1927 4829 dico,
1957 4766 2048 4834 qui

511 4860 860 4924 comparatur
923 4850 1207 4921 potestati;
1267 4852 1359 4907 sed
1405 4869 1424 4902 ι
1471 4853 1789 4921 principium
1824 4870 1844 4906 ι
1901 4855 2048 4920 dico,

510 4946 655 5008 quod
677 4944 769 4999 ﬁni
790 4943 1097 5013 opponitur,
1111 4941 1360 5010 quodque
1378 4957 1498 4995 cum
1518 4942 1689 5010 primo
1707 4941 2046 5011 coniunctum

512 5046 623 5089 est:
665 5044 721 5088 ut
748 5033 1191 5104 quemadmodum
1237 5031 1435 5085 homini
1482 5031 1801 5099 principium
1834 5034 2040 5085 essendi

512 5125 564 5176 iu
596 5123 843 5191 paradiso
867 5121 988 5185 fuit,
1020 5120 1141 5175 ﬁnis
1168 5134 1295 5174 vero
1320 5127 1539 5188 propter
1562 5119 2043 5186 transgressionem

510 5211 752 5264 fortassis
783 5210 834 5263 in
861 5208 1072 5264 inferno
1100 5209 1349 5263 deorsum
1370 5243 1383 5269 ,
1413 5205 1498 5259 vel
1529 5205 1580 5259 in
1609 5206 1786 5275 aliquo
1823 5204 1939 5259 loco
1975 5205 2044 5258 si-

578 5327 622 5360 "
649 5328 803 5382 Joau.
837 5344 945 5395 xiv,
969 5328 1058 5384 28.
1133 5327 1178 5359 “
1218 5326 1371 5383 Joan.
1398 5342 1470 5390 iv,
1495 5326 1585 5380 ⁸54.
1659 5324 1706 5358 ⁸⁸
1730 5323 1893 5379 Hebr.
1924 5338 1976 5389 γ,
2016 5325 2103 5380 Η.

511 5394 555 5426 ⁵³
580 5394 698 5450 Jud.
723 5400 774 5449 6.

584 5487 694 5570 (εξ)
725 5489 900 5541 Codex
937 5490 1152 5569 Regius,
1182 5489 1368 5557 διόπερ
1386 5487 1709 5607 ὲλήῗθησαν.

584 5557 693 5607 (40)
714 5556 888 5607 Codex
919 5556 1254 5607 Bodleiauus.
1290 5555 1486 5607 άποτελ
1516 5573 1563 5607 c.

583 5555 693 5615 (46)
714 5556 888 5609 Codex
919 5555 1254 5618 Bodleiauus,
1290 5555 1563 5617 ἀποτελές.

2153 4403 2230 4499 τῷ
2601 4407 2750 4499 ⁸ἀρχή
2784 4426 2870 4472 τις
2899 4410 2997 4499 τοῦ
3038 4409 3189 4469 εἶναι
3226 4420 3299 4471 ὲν
3347 4403 3467 4493 τῷ
3511 4444 3716 4499 παρα

2151 4487 2238 4582 ἦν,
2269 4492 2330 4544 τὸ
2365 4493 2513 4582 τέλος
2538 4494 2627 4546 διά
2658 4496 2755 4565 τὴν
2791 4498 3107 4567 παράϐασιν
3128 4503 3294 4574 τάχα
3330 4487 3442 4563 ἐρν⁷
3463 4487 3654 4582 ᾆδοᾷ
3695 4534 3712 4568 τ

2151 4581 2186 4651 ἦ
2221 4597 2327 4634 τινι
2360 4580 2580 4651 τοιούτῳ
2611 4584 2823 4655 χωρίῳ·
2864 4585 3011 4640 οὕτω
3057 4590 3157 4642 καὶ
3199 4580 3510 4668 ὲκάστῴ
3576 4604 3718 4656 τῶη

2154 4670 2513 4762 πεπτωκότων
2537 4673 2712 4727 οἰκεία
2730 4691 2815 4737 τις
2844 4676 2990 4748 ἀρχὴ
3022 4680 3299 4756 τυγχάνῃ
3352 4686 3708 4762 δεδομέν

2150 4759 2317 4851 λειῶνῄ
2338 4760 2581 4851 μέντοιγε
2698 4764 2907 4836 Ἰησοῦς
2934 4766 2998 4820 τὸ
3027 4767 3194 4839 ἔργον
3235 4773 3367 4826 τοῦ
3440 4759 3699 4851 Θέοῦ,

2152 4847 2209 4900 δὲ
2242 4848 2367 4944 πᾶν.
2386 4846 2446 4901 τό
2473 4847 2707 4944 λογικὸν,
2763 4851 2859 4905 καὶ
2908 4854 2970 4906 οὐ
3025 4855 3121 4910 τὸν
3173 4858 3593 4931 ἄνθρωπον

2152 4938 2403 5033 κατὰτὰν
2428 4938 2587 5033 αὐτὸν
2612 4941 2813 5033 τρόπον
2839 4945 2974 4999 αὐτὸ
3000 4946 3202 5002 τελειοῖ
3223 4965 3240 4978 ·
3278 4952 3382 5007 τὰ
3440 4959 3615 5027 μὲν
3667 4938 3720 5033 as

2151 5028 2453 5100 καριώτερα
2472 5031 2768 5103 πειθόμενα
2786 5035 2954 5108 λόγῳ,
2986 5038 3063 5110 μὴ
3086 5040 3410 5111 δεηθέντα
3448 5028 3710 5108 ardva;

2147 5117 2438 5172 τελειοῦται
2465 5120 2543 5190 τῷ
2567 5120 2737 5194 λόγῳο
2768 5125 2936 5199 ’ἐτερα
2954 5128 3037 5195 δὲ,
3067 5130 3579 5204 ἀπειθήςι-ιτιν-ιτα⁵
3594 5146 3716 5198 ’τί

2149 5206 2335 5277 χρῄζει
2364 5207 2561 5276 πόνων,
2592 5212 2681 5267 ἵνα
2732 5217 2869 5287 μετὰ
2912 5220 3047 5286 τοὺς
3084 5223 3331 5289 πόνους,
3398 5204 3716 5301 λόγοις.

2206 5328 2251 5359 ⁸⁸
2282 5329 2303 5383 ι
2333 5329 2458 5385 Cor.
2489 5347 2548 5398 tl,
2576 5334 2630 5392 6.
2708 5338 2755 5369 "
2779 5338 2823 5394 ll
2845 5341 2995 5400 Tim.
3042 5361 3134 5416 Iv,
3165 5348 3223 5403 7.
3353 5347 3416 5380 "
3472 5349 3709 5412 Gen

2220 5488 2333 5558 (47)
2368 5492 2420 5543 Ὀ
2451 5496 2684 5570 Πατήρ.
2710 5503 2879 5565 Deest
2902 5506 2959 5566 in
2993 5512 3191 5573 codice
3210 5508 3715 5573 Bodleiano
