3828 6192
251 306 349 366 665
1325 315 1668 370 COMMENT.
1705 315 1770 369 ιΝ
1807 314 1994 372 JOAN.
2031 315 2266 372 TOMUS
2297 313 2434 369 XIII.
3359 315 3462 370 466

255 423 493 494 αχθέντα
566 422 799 490 ὕστερόν
874 445 1007 481 ποτε
1026 468 1042 491 ,
1105 428 1311 492 τούτοις
1357 430 1632 498 τελειωθῇ.
1681 429 1818 499 Πλὴν

1928 431 2075 494 mili,
2126 431 2198 483 ita
2257 428 2478 498 singulis
2523 427 2783 497 prolapsis
2833 428 3010 482 datum
3063 428 3133 484 sit
3181 431 3461 498 proprium

255 513 547 583 ἀμφότερα
586 513 767 567 ταῦτα
799 515 858 568 ἓν
904 517 1102 587 βρῶμά
1133 519 1276 569 ἐστιν
1317 517 1442 570 [διον
1489 516 1637 579 Υξοῦ,
1677 516 1740 568 τό
1767 533 1818 568 τε

1929 518 2196 585 quoddam
2215 517 2559 586 principium.
2581 518 2842 572 Caeterum
2862 517 3140 587 perliciens
3157 515 3312 572 Jesus
3329 533 3462 586 opus

228 603 490 694 ,ποιῆσαι
512 603 573 656 τὺ
597 604 806 674 θέλημα
829 607 927 658 τοῦ
954 606 1260 678 πέμψαντος
1287 608 1446 660 αὑτὸν
1465 607 1674 678 Πατρός
1690 607 1818 678 (48),

1929 607 2020 660 Dei
2050 606 2212 676 248
2237 605 2376 674 (dico
2407 614 2581 660 autem
2609 607 2866 674 quidquid
2914 606 3135 660 rationis
3163 614 3244 660 est
3269 621 3458 674 capax,

256 697 356 746 .ιαί
384 693 444 745 τὸ
471 695 756 748 τελειῶσαι
784 697 844 748 τὸ
867 697 1027 767 ἔργον
1046 697 1229 750 αὐτοῦ.
1665 725 1669 729 -

1931 710 2035 749 non
2068 705 2271 748 tantum
2303 694 2617 762 hominem),
2656 709 2760 748 uno
2784 697 3078 764 eodemque
3108 695 3261 750 modo
3289 696 3459 762 ipsum

257 788 481 855 perﬁcit
509 805 526 840 :
557 789 600 842 si
628 790 851 857 quidem
883 807 947 846 ea
977 807 1096 860 qua:
1138 792 1375 846 beatiora
1410 802 1563 854 sunt,
1613 790 1852 859 parentia
1889 787 2119 843 sermoni
2163 794 2218 841 et
2265 787 2490 852 rationi,
2531 801 2634 841 non
2683 789 2889 856 egentia
2938 788 3154 854 labore,
3197 787 3311 842 solo
3347 803 3464 842 ser-

259 893 427 934 mone
454 889 511 932 et
551 879 768 931 ratione
818 878 1202 946 perﬁciuntur;
1253 879 1358 932 alia
1405 894 1532 934 vero
1580 894 1682 931 non
1729 877 2004 931 credentia
2053 876 2283 929 sermoni
2331 883 2386 928 et
2424 875 2647 939 rationi,
2698 876 2967 930 laboribus
3007 885 3186 944 egent,
3242 885 3300 930 ut
3347 887 3466 945 post

261 967 508 1029 Libones,
569 966 875 1021 rationibus
929 978 1113 1034 postea
1157 968 1440 1036 aliquando
1477 970 1738 1032 adducta,
1801 967 1885 1021 his
1937 966 2298 1034 perﬁciantur.
2352 965 2728 1019 Verumtamen
2775 966 2888 1018 hate
2930 972 3190 1034 utraque,
3237 966 3466 1027 scilicet,

263 1056 442 1112 Patris
475 1060 558 1112 sui
591 1060 929 1113 voluntatem
978 1060 1190 1124 lacere,
1217 1063 1306 1129 qui
1354 1062 1494 1114 misit
1525 1062 1704 1125 illum,
1729 1071 1778 1114 et
1800 1077 1930 1130 opus
1964 1061 2104 1115 illius
2134 1062 2410 1129 perlicere,
2449 1075 2586 1114 unus
2610 1069 2665 1114 et
2707 1059 2946 1127 proprius
2981 1060 3133 1112 cibus
3154 1057 3277 1113 Jesu
3317 1071 3459 1114 sum.

329 1151 420 1203 58.
484 1151 544 1202 '0
588 1151 648 1203 δὲ
693 1151 1007 1222 Ἡρακλέων
1044 1153 1131 1205 διά
1170 1153 1302 1205 τοῦδ
1351 1173 1370 1204 r
1430 1154 1588 1222 Ἐμὸν
1631 1154 1818 1223 βρῶμά

1988 1154 2076 1206 38.
2122 1149 2413 1208 Heracleon
2449 1167 2576 1208 vero
2605 1166 2700 1220 per
2719 1151 2830 1204 haec
2852 1152 3036 1205 verba:
3078 1170 3096 1202 ι
3136 1151 3281 1207 Meus
3312 1154 3469 1208 cibus-

263 1239 426 1300 ἐστιν,
479 1240 568 1291 ἵνα
608 1242 820 1310 ποιήσω
868 1241 929 1292 τὸ
967 1240 1180 1310 θέλημα
1217 1241 1308 1293 τοῦ
1339 1242 1648 1310 πέμψαντός
1675 1257 1765 1310 με,
1798 1259 1815 1290 ι

1928 1253 2039 1307 est,
2081 1253 2137 1298 ut
2167 1244 2360 1299 faciam
2397 1244 2724 1298 voluntatem
2759 1243 2872 1311 ejus
2915 1243 3006 1308 qui
3042 1242 3184 1294 misit
3219 1258 3301 1295 me
3331 1242 3395 1307 ι’,
3437 1263 3464 1292 ιι

264 1329 393 1395 φησὶ
446 1328 756 1396 διηγεῖσθαι
811 1329 902 1381 τὸν
954 1329 1179 1398 Σωτῆρα
1231 1332 1340 1392 τοῖς
1392 1329 1688 1398 μαθηταῖς,
1742 1329 1818 1380 ὅτι

1928 1332 2265 1386 Senatorem
2319 1333 2492 1400 inquit
2547 1345 2802 1386 enarrare
2855 1331 3129 1400 discipulis
3185 1332 3236 1386 id
3283 1332 3458 1385 cibum

263 1418 417 1470 τοῦτο
463 1415 533 1488 ἦν
579 1420 608 1470 6
655 1421 936 1490 συνεζήτει
982 1422 1116 1490 μετὰ
1164 1423 1259 1492 τῆς
1306 1423 1576 1490 γυναικός,
1632 1423 1818 1492 βρῶμα

1928 1434 2074 1475 suum
2094 1434 2253 1485 esse,
2279 1423 2424 1491 quod
2475 1422 2794 1491 loquebatur
2821 1436 2941 1476 cum
2986 1421 3242 1484 muliere,
3280 1422 3466 1475 dicens

261 1505 388 1554 EJtov
420 1503 594 1571 λέγων
619 1506 680 1557 τὸ
710 1505 918 1576 θέλημα
939 1509 1030 1561 τοῦ
1061 1511 1298 1573 Πατρόςο
1334 1509 1487 1561 τοῦτο
1523 1511 1628 1580 γὰρ
1660 1511 1818 1564 αὑτοῦ

1928 1511 2100 1565 Patris
2149 1511 2507 1576 voluntatem,
2541 1529 2658 1582 qua:
2704 1513 2871 1583 ipsius
2921 1522 3039 1566 erat
3067 1513 3250 1578 cibus,
3293 1524 3346 1566 ct
3378 1530 3462 1568 rc-

263 1594 455 1662 τροφὴ.
495 1595 588 1645 καὶ
622 1596 949 1659 ἀνάπαυσις,
997 1599 1089 1649 καὶ
1124 1599 1348 1668 δύναμις
1385 1596 1470 1669 ἦν.
1515 1600 1731 1669 Θέλημα
1769 1600 1818 1652 δὲ

1928 1601 2093 1668 quies,
2127 1610 2179 1655 et
2206 1603 2468 1669 potentia.
2505 1603 2645 1656 Sane
2678 1602 2852 1655 Patris
2880 1602 3203 1656 voluntatem
3230 1617 3350 1657 esse
3381 1604 3460 1655 dio

265 1687 482 1757 Πατρδς
519 1687 706 1754 ἔλεγεν
742 1685 879 1741 εἶναι
908 1691 968 1742 τὸ
998 1691 1193 1758 γνῶναι
1237 1691 1553 1762 ἀνθρώπους
1588 1692 1678 1744 τὸν
1712 1693 1826 1744 Πα-

264 1773 413 1842 τέρα,
453 1775 544 1825 καὶ
579 1775 844 1844 σωθῆναι,
873 1779 1008 1846 ὅπερ
1041 1774 1108 1847 ἦν
1139 1779 1295 1849 ἔργον
1326 1779 1418 1832 τοῦ
1445 1779 1713 1848 Σωτῆρος,
1731 1780 1822 1832 τοῦ

265 1862 421 1916 ἕνεκα
471 1867 666 1917 τούτου
724 1868 1133 1937 ἀπεσταλμένον
1196 1871 1273 1930 εἰς
1311 1870 1656 1938 Σαμάρειαν,
1703 1887 1826 1922 του-

263 1951 436 2004 «sem
461 1957 542 2016 ei;
562 1956 656 2006 τὸν
681 1956 906 2024 κόσμον.
943 1956 1141 2026 Βρῶμα
1169 1952 1257 2008 οὖν
1282 1956 1523 2026 ὲξείληφε
1553 1957 1645 2009 τοῦ
1671 1957 1820 2021 Υἱοῦ,

265 2044 357 2094 καὶ
379 2044 474 2112 τὴν
507 2045 657 2112 μετά
689 2046 790 2114 τῆς
822 2046 1209 2115 Σαμαρείτιδος
1235 2045 1542 2115 συζήτησιν,
1575 2047 1710 2116 ὅπερ
1735 2065 1823 2099 νο-

266 2131 402 2198 μέζω
440 2133 628 2201 σαφῶς
659 2137 824 2187 παντὶ
868 2134 945 2203 τῷ
979 2135 1206 2204 ὁρᾶσθαι
1248 2135 1340 2187 καὶ
1374 2134 1638 2198 ταπεινῶς
1690 2135 1825 2198 ἐξει-

263 2221 457 2290 λῆφθαι
493 2225 587 2274 καὶ
614 2223 1006 2292 βεϐιασμένως.
1041 2223 1163 2285 Πῶς
1183 2225 1238 2275 δὲ
1261 2225 1431 2294 τροφὴ
1463 2223 1553 2275 τοῦ
1581 2225 1826 2294 Σωτῆρος

263 2311 320 2362 τὸ
351 2312 557 2381 θέλημα
588 2313 682 2364 τοῦ
727 2313 960 2382 Πατρὸς,
1004 2314 1184 2382 σαφῶς
1226 2315 1285 2365 οὐ
1318 2315 1619 2382 παρέστησε
1642 2331 1654 2342 ·
1710 2313 1824 2376 πῶς

261 2398 314 2449 δὲ
345 2401 436 2450 καὶ
469 2401 779 2462 ἀνάπαυσις
804 2403 865 2452 τὸ
889 2401 1097 2470 θέλημα
1140 2401 1230 2453 τοῦ
1259 2402 1502 2470 Πατρός;
1530 2402 1689 2468 Λέγει
1717 2401 1823 2471 γάρ

259 2489 287 2537 6
319 2491 518 2558 Κύριος
551 2490 810 2559 ἀλλαχοῦ,
844 2490 918 2552 ὡς
951 2491 1010 2542 οὐ
1050 2492 1250 2552 παντὸς
1280 2491 1388 2559 (ιθ)
1426 2491 1516 2542 τοῦ
1562 2491 1821 2557 πατρικοῦ

261 2576 559 2648 θελήματος
588 2581 952 2641 ἀναπαύσεως
979 2580 1138 2632 αὑτοῦ
1163 2580 1330 2643 ὄντος·
1366 2600 1384 2630 ‹
1426 2581 1624 2650 Πάτερ,
1654 2582 1698 2632 εἰ
1732 2581 1822 2632 δυ-

263 2667 438 2728 νατὸν,
467 2669 781 2737 παρελθέτω
805 2669 865 2719 τὸ
898 2669 1150 2737 ποτήριον
1177 2670 1270 2721 ἀπ’
1310 2669 1441 2738 ἐμοῦ
1460 2686 1472 2698 ο
1515 2669 1649 2737 πλὴν
1684 2669 1741 2721 οὐ
1770 2669 1824 2720 τί

264 2755 374 2821 ἐγὼ
401 2756 558 2818 θέλω,
602 2757 738 2808 ἀλλά
778 2757 830 2808 τί
870 2756 956 2810 σύ.
997 2776 1014 2806 ι
1048 2757 1218 2808 Πόθεν
1260 2757 1314 2808 δὲ
1355 2759 1447 2808 καὶ
1479 2758 1558 2808 ὅτι
1599 2757 1824 2825 δύναμις

267 2843 356 2894 τοῦ
389 2845 635 2914 Σωτῆρος
662 2846 722 2898 τὸ
750 2845 961 2914 θέλημα
981 2845 1072 2896 τοῦ
1104 2844 1271 2908 Θεοῦς

333 2931 417 2983 39.
455 2951 472 2981 ‹
507 2934 616 3001 Οὐχ
652 2934 810 3002 ὑμεῖς
844 2933 1052 2999 λέγετε,
1075 2933 1155 2984 ὅτι
1183 2931 1518 3001 τετράμηνός
1558 2935 1692 2994 ἐστι,
1723 2933 1817 2985 καὶ

267 3022 294 3071 ό
348 3019 600 3089 θερισμὸς
651 3021 901 3090 ἔρχεται;
965 3021 1092 3072 ’Ῑδοὺ
1135 3021 1275 3087 λέγω
1323 3022 1480 3088 ὑμῖν·
1553 3020 1818 3090 Ἐπάρατε

267 3110 388 3171 τοὺς
407 3109 712 3179 ὀφθαλμοὺς
754 3109 929 3180 ὑμῶν,
967 3111 1061 3162 καὶ
1089 3109 1350 3162 θεάσασθε
1376 3111 1474 3172 τὰς
1510 3108 1709 3178 χώρας,
1739 3110 1818 3162 δτι

266 3196 449 3249 λευκαί
505 3200 608 3250 εἰσι
666 3199 804 3267 πρὸς
847 3199 1106 3267 θερισμὸν
1137 3199 1256 3268 ἤδη.
1297 3217 1316 3248 ι
1354 3198 1497 3267 Πρὸς
1530 3199 1655 3259 τοὺς
1687 3198 1818 3248 ὑπο-

265 3286 634 3354 λαμϐάνοντας
687 3286 1050 3356 ἁπλούστερον
1106 3287 1198 3338 καὶ
1248 3284 1692 3354 σωμτικὼτερον
1745 3286 1820 3336 εἱ-

269 3377 458 3446 ρῆσθαι
483 3378 545 3430 τὸ
567 3395 580 3407 ο
620 3395 639 3427 t
669 3379 780 3446 Οὐχ
809 3379 965 3447 ὑμεῖς
991 3378 1194 3444 λέγετε,
1223 3377 1303 3429 ὅτι
1329 3377 1658 3446 τετράμηνός
1683 3379 1814 3434 ἐστι.

267 3465 356 3516 καὶ
392 3466 419 3516 6
469 3465 726 3536 θερισμὸς
773 3465 1242 3536 ἔρχεταιῃταῦτα
1289 3466 1676 3534 ὲπαπορητέον,
1726 3466 1811 3518 ἵνα

267 3553 522 3606 πεισθῶσι
560 3554 730 3624 νοητά
769 3554 1043 3615 πολλάκις.
1087 3554 1264 3622 γυμνὰ
1299 3553 1567 3623 αἰσθητῶν
1599 3555 1689 3606 καὶ
1718 3571 1820 3605 σω-

273 3642 508 3712 ματικῶν
536 3642 895 3712 λελαληκέναι
919 3642 1008 3693 τὸν
1045 3643 1266 3711 Σωτῆρα
1285 3658 1298 3670 ·
1334 3643 1488 3710 εῐπερ
1514 3641 1621 3710 γὰρ
1645 3643 1673 3693 6
1704 3659 1820 3694 και-

272 3732 374 3798 ρὸς,
409 3734 496 3784 ὅτε
537 3731 710 3784 ταῦτα
744 3732 928 3797 ἔλεγεν
983 3731 1205 3799 Ἰησοῦς,
1251 3731 1280 3781 ό
1328 3731 1432 3800 πρὸ
1485 3732 1817 3800 τετραμήνου

271 3820 354 3871 τοῦ
385 3819 644 3890 θερισμοῦ
678 3816 765 3889 ἦν,
799 3820 958 3887 δῆλον
982 3814 1067 3887 ἦν,
1094 3820 1174 3870 ὅτι
1202 3817 1405 3888 χειμὼν
1427 3814 1493 3887 ἦν
1513 3835 1526 3847 ·
1566 3817 1819 3886 θερισμὸς

270 3906 354 3964 οὖν
385 3913 439 3962 ἐν
469 3915 534 3981 τῇ
589 3912 820 3982 Ἰουδαία
866 3913 1085 3980 ἄρχεται
1134 3908 1373 3976 γίνεσθαι
1420 3909 1543 3975 περὶ
1572 3907 1662 3959 τόν
1691 3910 1817 3976 παρ’

281 4001 540 4072 Ἑϐραίοις
598 4002 928 4072 καλούμενον
965 4003 1132 4054 Νίσαν
1175 4001 1336 4070 μῆνα,
1389 4000 1478 4050 ὅτε
1523 3997 1709 4062 ἄγεται
1757 3997 1818 4048 τὸ

273 4093 471 4162 Πάσχα,
512 4093 590 4155 ὡς
634 4094 806 4145 ἐνίοτε
831 4092 900 4145 τὰ
951 4091 1130 4160 ἄζυμα
1163 4088 1270 4142 ἀπὸ
1301 4087 1420 4140 νέου
1453 4087 1597 4138 σίτου
1624 4086 1817 4147 αὐτοὺς

272 4183 454 4236 ποιεῖν.
501 4181 652 4234 Ἀλλ’
678 4181 817 4234 ἔστω
845 4181 919 4252 μὴ
957 4183 1073 4233 κατ’
1111 4183 1312 4232 ἐκεῖνον
1361 4178 1449 4230 τὸν
1494 4177 1630 4246 μῆνα
1679 4172 1816 4228 εἶναι

272 4272 352 4326 τὸν
384 4273 664 4344 θερισμὸν,
695 4271 829 4324 ἀλλά
856 4271 997 4324 κατά
1024 4272 1112 4324 τὸν
1153 4271 1275 4338 ἑξῆς
1297 4268 1483 4336 ἐκείνῳ
1502 4267 1592 4318 τὸν
1623 4265 1815 4318 καλού-

276 4377 421 4430 μενον
461 4365 593 4435 παρ’
625 4366 808 4426 αὐτοῖς
850 4363 987 4430 Ἰάρ⁸
1042 4361 1134 4416 καὶ
1175 4360 1342 4422 οὕτως
1379 4358 1508 4429 (50),
1535 4360 1563 4410 ὁ
1604 4357 1707 4426 πρὸ
1734 4373 1818 4408 τε-

273 4451 536 4520 τραμήνου
583 4449 774 4520 καιρὸς
834 4449 1039 4501 ἐκείνου
1091 4447 1184 4499 τοῦ
1238 4446 1400 4516 μηνὸς
1440 4444 1667 4514 ἀκμαῖός
1705 4445 1817 4495 ἐστι

274 4541 482 4610 χειμών.
529 4541 700 4594 Ἐπάν
725 4537 817 4595 οὖν
848 4537 1122 4609 δείξωμεν,
1155 4539 1255 4600 ὅτι,
1286 4537 1372 4588 ὅτε
1401 4535 1549 4602 ἔλεγε
1574 4535 1764 4598 ταῦτα,
1792 4536 1819 4586 6

274 4631 390 4699 περὶ
414 4629 502 4683 τὸν
529 4629 791 4700 θερισμὸν
833 4628 943 4698 (5|)
983 4627 1169 4696 καιρὸς
1207 4621 1273 4694 ἦν
1301 4624 1417 4695 ἦτοι
1454 4624 1579 4675 ὄντα
1614 4622 1744 4692 (52),
1781 4622 1814 4690 ἢ
1865 4667 1868 4672 .

273 4719 427 4787 ἐγγύς
483 4737 587 4774 που
638 4718 732 4772 τοῦ
778 4719 964 4787 λήγειν
1013 4717 1158 4775 ὅντα,
1212 4713 1646 4784 ἀποδεδειγμένον
1689 4714 1818 4780 ἡμῖν

274 4806 410 4862 ἔσται
440 4809 502 4861 τὸ
535 4809 914 4880 προκείμενον.
943 4805 1212 4876 Τηρητέον
1239 4804 1322 4873 δὴ,
1358 4805 1440 4855 ὅτι
1482 4801 1614 4870 μετὰ
1645 4800 1738 4869 τὴν
1766 4801 1822 4850 ὲν

1923 1690 2109 1754 cebat,
2141 1702 2196 1745 ut
2233 1693 2482 1747 homines
2522 1691 2736 1746 Patrem
2765 1701 3147 1761 cognoscerent
3191 1700 3246 1746 et
3274 1706 3455 1746 serva-

1924 1790 2110 1834 rentur
2143 1793 2158 1833 :
2196 1796 2316 1848 quae
2357 1796 2442 1835 res
2483 1791 2599 1834 erat
2640 1798 2772 1854 opus
2803 1783 3132 1846 Servatoris;
3166 1782 3257 1851 qui
3291 1782 3455 1849 ipsius

1923 1882 2084 1923 causa
2115 1871 2191 1923 rei
2223 1870 2520 1924 Samariam
2548 1871 2742 1926 missus
2765 1873 2959 1934 fuerat,
2990 1871 3092 1925 hoc
3115 1879 3199 1924 est
3226 1870 3278 1923 in
3308 1885 3459 1922 mun-

1923 1961 2066 2012 dum.
2103 1959 2276 2028 Ipsum
2308 1974 2440 2030 ergo
2463 1962 2636 2014 cibum
2667 1961 2791 2017 Jesu
2825 1962 3202 2027 interpretatus
3228 1968 3314 2013 est
3345 1958 3456 2012 col-

1922 2049 2156 2116 loquium
2194 2063 2311 2101 cum
2343 2048 2698 2106 Samaritide:
2728 2051 2800 2113 id,
2833 2052 2974 2118 quod
3000 2049 3249 2102 existimo
3277 2057 3460 2116 aperte

1923 2140 2216 2205 cuicunque
2248 2139 2453 2199 videri,
2490 2149 2602 2190 tum
2633 2138 2870 2206 abiecte,
2902 2147 3011 2189 tum
3057 2144 3243 2190 coacte
3290 2137 3458 2189 inter-

1923 2234 2186 2293 pretatum
2226 2225 2412 2280 fuisse.
2460 2225 2745 2291 Quomodo
2778 2233 2956 2278 autem
2995 2224 3244 2277 voluntas
3282 2222 3460 2275 Patris

1922 2312 1994 2364 sit
2021 2313 2175 2366 cibus
2199 2312 2519 2379 Servatoris,
2539 2313 2804 2380 quomodo
2833 2312 2990 2364 etiam
3022 2311 3261 2363 voluntas
3284 2311 3462 2363 Patris

1922 2402 1990 2455 sit
2033 2403 2277 2469 requies,
2330 2413 2517 2468 aperte
2562 2417 2668 2454 non
2709 2401 2962 2453 ostendit.
3003 2399 3261 2466 Loquitur
3314 2399 3456 2451 enim

1922 2490 2113 2544 alicubi
2148 2490 2426 2552 Dominus,
2457 2491 2675 2558 perinde
2706 2491 2858 2558 quasi
2884 2505 2986 2542 nou
3015 2490 3190 2543 omnis
3216 2489 3459 2543 voluntas

1921 2579 2096 2632 Patris
2138 2579 2206 2631 sit
2251 2578 2393 2631 illius
2438 2577 2692 2643 requies:
2736 2595 2754 2629 ι
2785 2577 2974 2643 Pater,
3017 2581 3062 2632 si
3099 2579 3216 2632 ﬁeri
3262 2587 3457 2647 potest,
3567 2587 3572 2596 ‘

1923 2676 2157 2722 transeat
2203 2684 2232 2722 a
2288 2681 2370 2720 me
2413 2668 2552 2721 calix
2583 2669 2716 2732 iste;
2749 2675 3117 2721 verumtamen
3169 2681 3276 2721 non
3317 2668 3458 2734 quod

1921 2770 2019 2824 ego
2051 2761 2192 2819 volo,
2228 2757 2486 2822 sedquod
2517 2765 2568 2808 tu
2596 2757 2662 2808 ⁸⁸.
2704 2775 2722 2807 ι
2777 2755 2880 2808 Sed
2935 2757 3072 2808 unde
3097 2756 3256 2809 etiam
3297 2757 3459 2810 habet

1849 2862 1888 2916 ο
1922 2847 2059 2915 quod
2087 2847 2319 2914 potentia
2347 2845 2650 2898 Servatorls
2679 2845 2750 2898 sit
2783 2845 2875 2898 Dei
2899 2844 3184 2898 voluntas?

1986 2936 2076 2990 59.
2121 2953 2140 2986 ι
2185 2935 2370 2988 Nonne
2428 2948 2523 2986 vos
2577 2933 2788 2996 dicitis,
2829 2935 2969 3000 quod
3024 2935 3197 2987 adhuc
3243 2947 3455 2986 menses

1917 3037 2041 3080 sunt
2079 3034 2308 3093 quatuor
2333 3064 2346 3086 ,
2374 3035 2424 3076 et
2480 3023 2668 3077 messis
2703 3023 2890 3075 venit?
2930 3022 3067 3075 Ecce
3111 3022 3233 3075 dico
3261 3021 3450 3076 vobis:

1916 3115 2114 3170 Levate
2145 3113 2329 3167 oculos
2360 3122 2587 3174 vestros,
2614 3122 2668 3164 et
2707 3112 2879 3164 videte
2909 3109 3272 3178 regioncsjam
3305 3109 3458 3163 albas

1917 3218 2036 3258 esse
2074 3205 2138 3256 ad
2197 3215 2422 3254 messem
2450 3202 2517 3252 ⁸¹.
2554 3219 2572 3250 ι
2623 3201 2820 3254 Contra
2875 3214 2966 3254 eos
3010 3200 3099 3266 qui
3147 3199 3458 3252 existiu'iant

1916 3292 2209 3360 simplicius
2236 3300 2288 3343 et
2307 3290 2638 3356 corporalius
2662 3290 2774 3343 haec
2797 3290 2934 3342 dicta
2966 3289 3164 3342 fuisse:
3218 3305 3237 3338 ‹
3272 3287 3456 3342 Nonne

1922 3396 2012 3435 vos
2039 3380 2246 3443 dicitis,
2298 3380 2440 3446 quod
2481 3377 2654 3432 adhuc
2701 3392 2909 3432 menses
2957 3388 3080 3431 sunt
3125 3389 3371 3446 quatuor,
3401 3389 3456 3432 et

1919 3470 2108 3525 messis
2135 3468 2322 3523 venit?
2349 3487 2367 3519 ι
2398 3469 2556 3522 dubia
2587 3469 2844 3521 movenda
2887 3479 3029 3533 sunt,
3058 3477 3114 3520 ut
3142 3483 3451 3536 persuasum

1918 3561 2182 3622 habeant,
2207 3556 2504 3626 spiritualia
2539 3565 2592 3610 et
2623 3559 2759 3610 nuda
2800 3559 2960 3610 rebus
2987 3559 3084 3611 sub
3118 3573 3331 3612 sensum
3360 3573 3454 3612 ca-

1918 3647 2164 3702 dentibus
2198 3655 2249 3698 et
2278 3643 2644 3712 corporalibus
2677 3645 3017 3699 Servatorem
3065 3645 3260 3711 saepius
3296 3644 3452 3700 locu-

1920 3745 2026 3788 tum
2057 3735 2248 3789 fuisse:
2288 3734 2333 3788 si
2370 3734 2509 3788 enim
2540 3742 2780 3800 tempus,
2818 3734 3028 3798 quando
3053 3730 3208 3786 Iesus
3241 3735 3350 3787 haec
3377 3735 3459 3788 lo-

1917 3826 2215 3894 quebatur,
2259 3832 2385 3877 ante
2429 3836 2654 3876 messem
2691 3821 2949 3875 mensium
2998 3830 3225 3889 quatuor
3279 3824 3455 3890 spatio

1920 3923 2069 3975 erat,
2109 3913 2449 3982 perspicuum
2489 3919 2574 3964 est
2609 3909 2836 3962 hiemem
2873 3908 3069 3963 fuisse:
3101 3909 3288 3963 messis
3312 3911 3456 3963 enim

1919 4003 1968 4054 in
1999 4001 2178 4056 Judma
2209 4000 2397 4068 incipit
2430 3999 2544 4052 ﬁeri
2597 4000 2739 4051 circa
2792 4012 3024 4051 mensem
3052 3998 3142 4065 qui
3185 3999 3322 4066 apud
3350 3999 3454 4052 lle-

1921 4091 2091 4145 braeos
2138 4088 2298 4142 Nisau
2349 4088 2674 4158 appellatur,
2726 4089 2936 4155 quando
2987 4087 3163 4155 agitur
3210 4088 3454 4152 Pascha;

1925 4181 2058 4231 adeo
2083 4179 2454 4245 utaliquoties
2507 4191 2701 4244 azyma
2760 4175 2957 4228 faciant
2987 4173 3151 4228 Judaei
3203 4190 3269 4228 ex
3319 4190 3461 4229 novo-

1922 4266 2208 4323 frumeuto.
2253 4264 2359 4320 Sed
2390 4272 2506 4318 esto
2548 4265 2637 4318 illo
2672 4277 2854 4317 mense
2893 4278 2995 4316 non
3044 4278 3160 4317 esse
3203 4278 3452 4327 messem,

1923 4358 2013 4410 sed
2069 4356 2121 4412 in
2163 4370 2344 4409 mense
2389 4363 2506 4423 post
2555 4353 2699 4406 illum
2749 4353 2987 4422 proxime
3033 4363 3308 4422 sequente,
3362 4356 3453 4423 qui

1924 4445 2062 4514 apud
2104 4457 2196 4497 eos
2238 4444 2532 4511 appellatur
2552 4440 2678 4496 Jar:
2726 4442 2886 4496 etiam
2915 4441 2985 4492 ita
3013 4480 3028 4505 ,
3057 4441 3218 4513 249
3247 4453 3461 4513 tempus.

1924 4534 2023 4590 hoc
2047 4543 2276 4602 quatuor
2302 4532 2572 4586 mensibus
2603 4533 2767 4600 prius,
2791 4540 2872 4584 est
2899 4529 3064 4584 hiems
3093 4533 3292 4590 adulta.
3323 4533 3455 4586 Cum

1927 4625 2086 4693 igitur
2107 4624 2517 4685 ostenderimus,
2542 4637 2659 4678 cum
2687 4621 2801 4674 haec
2825 4620 3025 4675 diceret
3045 4621 3224 4685 Jesus,
3249 4631 3458 4690 tempus

1928 4713 2089 4766 fuisse
2107 4713 2314 4774 messis,
2343 4711 2421 4763 vel
2454 4710 2782 4773 exsistentis,
2814 4709 2893 4762 vel
2941 4710 3197 4778 proximae
3221 4710 3333 4772 lini,
3363 4711 3460 4763 de-

1928 4807 2160 4852 monstra
2169 4808 2274 4851 tum
2294 4797 2449 4851 nobis
2464 4798 2564 4851 erit
2581 4798 2631 4849 id
2649 4801 2712 4849 de
2729 4812 2837 4863 quo
2849 4797 3040 4863 agitur.
3056 4793 3459 4850 Observandum

341 4945 385 4979 δ’
414 4945 572 5000 Joan.
605 4959 680 5006 Iv,
723 4943 815 4997 34.
885 4942 931 4974 ⁸ο
961 4941 1141 4993 Matth.
1182 4954 1328 5000 xxvu,
1365 4938 1452 4992 59.
1522 4938 1564 4969 ⁸⁸
1591 4937 1741 4990 Joan.
1781 4951 1852 4999 tv,
1882 4935 1972 4990 55.

335 5065 443 5136 (18)
469 5065 555 5136 ,Τὸ
579 5062 810 5136 θέλημα
843 5058 948 5112 τοῦ
967 5058 1318 5136 ’πέμψαντος
1344 5053 1526 5136 aeni?-
1572 5054 1813 5136 Παξρςς.

277 5121 358 5186 Sic
376 5121 544 5187 codex
583 5121 944 5191 Bodleianus;
967 5128 1018 5178 in
1046 5121 1235 5180 codice
1281 5123 1448 5189 Regio
1472 5122 1622 5175 deest
1650 5121 1710 5172 τὸ
1730 5121 1816 5173 Θέ-

277 5200 410 5270 λημα
446 5215 501 5254 et
527 5198 767 5270 Πατρός.

480 5260 664 5345 gotlei
691 5263 923 5345 Regius,
950 5260 1185 5345 πάντως.
1241 5329 1253 5345 ν
1277 5326 1362 5345 ω-
1423 5324 1559 5345 MU
1737 5325 1796 5345 Α

335 5327 445 5404 ἱ
486 5327 598 5390 Τὸν
622 5327 1012 5404 mathesim:
1026 5330 1159 5404 παρ’
1189 5327 1399 5404 αὑζρῒς·
1423 5327 1560 5403 Ἰᾀρο
1592 5327 1688 5404 κριὲ
1717 5327 1821 5404 ,οῦ-

279 5421 396 5470 τως,
429 5391 535 5458 etc.
571 5406 625 5458 lu
669 5391 963 5470 codicibus
983 5391 1151 5470 Regio
1177 5407 1244 5470 et.
1280 5395 1573 5470 Barbe‘riu'o
1631 5391 1820 5470 legitur

276 5458 705 5548 τδνᾭαλούμενον
739 5467 880 5548 παρ’.
903 5458 1087 5548 ριὺτοῖξ
1108 5467 1158 5548 ες
1182 5463 1289 5548 γάρ
1312 5479 1326 5492 ·
1355 5459 1470 5548 ’ξιμὶ
1499 5458 1686 5538 οὕτως,
1713 5469 1815 5511 etc.

275 5528 489 5596 Omnino
520 5528 960 5612 legeitdutn"ldp
991 5548 1086 5612 pro
1114 5534 1160 5584 εἱ
1189 5528 1321 5612 γάρ..
1497 5528 1818 5612 enimmmem

283 5592 872 5678 sisestquiuproxime
913 5592 1158 5664 sequitur
1187 5592 1322 5665 apud
1351 5592 1600 5648 Hebraeos
1631 5592 1808 5646 Nlb‘AN.

1921 5053 2098 5107 Codex
2129 5052 2446 5106 Bodleianus
2476 5051 2634 5103 habet
2652 5048 2740 5100 τὸν
2771 5046 3091 5116 καλούμενον
3123 5048 3250 5116 παρ’
3281 5047 3457 5110 αὐτοῖς

1921 5121 2038 5174 Ζίνο
2069 5122 2162 5174 καὶ
2193 5121 2298 5188 γὰρ
2330 5119 2516 5188 οὕτως,
2548 5130 2654 5168 etc.

1994 5191 2106 5257 (51)
2141 5181 2216 5257 βό
2265 5181 2395 5257 ,περὶ
2443 5184 2882 5257 τὸν-θερισμόν,
2937 5192 3040 5235 etc.
3097 5181 3188 5235 llis
3235 5184 3458 5257 negandi

1960 5251 2239 5310 articulant
2267 5251 2503 5320 adjungit
2549 5251 2848 5320 Ferrarius,
2870 5265 3028 5320 quam
3071 5265 3257 5320 neque
3293 5252 3456 5304 codex

1943 5326 2266 5388 lodleianus,
2323 5317 2495 5389 neque
2535 5319 2746 5373 codices
2800 5318 2998 5386 Regius
3037 5327 3090 5372 et
3142 5317 3459 5374 Barberinus

1905 5399 2235 5460 'agnoscuut.

1993 5436 2295 5530 (sarias...
2343 5458 2503 5530 ma.
2549 5454 2852 5530 Siculiabet
2897 5456 3065 5530 codex
3100 5436 3458 5530 _l}odleianus.

1925 5523 2146 5583 llu‘etius
2177 5542 2241 5580 ex
2278 5528 2581 5596 conjectura
2608 5523 2793 5592 edidit,
2821 5524 2936 5594 ἢτοι
2970 5524 3278 5593 ἀκμάζοντα
3298 5564 3312 5588 ,
3339 5541 3454 5575 cum
