3828 6192
530 258 630 323 ιιι-ι

1926 258 2239 315 ORIGENIS
3564 262 3647 319 ,σε

532 384 712 450 itaque
739 389 854 449 post
877 375 1223 431 oeconomiam
1248 386 1364 442 quae
1391 372 1531 428 facta
1561 375 1659 429 fuit
1692 377 1744 429 in
1772 376 1914 431 Cana
1941 376 2049 430 Ga-

2163 380 2212 446 ιῇ
2252 379 2403 449 Κανᾷ
2442 379 2540 449 τῆς
2578 379 2876 444 Γαλιλαίας,
2912 377 3046 448 περὶ
3084 377 3153 430 τὸ
3200 375 3559 447 μεταϐεϐληκὸς
3589 380 3653 442 si;

532 469 678 523 hiare
701 466 747 500 ⁸³
777 468 915 520 circa
951 464 1297 517 mutationem
1329 477 1477 532 aqua:
1506 465 1556 518 in
1593 467 1793 530 vinum,
1824 469 2051 522 descen-

534 560 673 612 disse
698 556 798 609 dici
826 556 1101 608 Dominum
1122 554 1524 622 Capharnaum,
1553 571 1781 625 cumque
1808 558 1920 626 ipso
1942 572 2053 611 ma-

531 658 661 698 ttem
690 642 836 710 ejus,
865 650 917 695 et
943 641 1165 705 fratres,
1206 649 1261 695 et
1308 641 1625 711 discipulos,
1672 645 1760 699 ubi
1796 645 2054 699 manserit

531 748 629 786 non
661 732 853 784 multos
893 730 1043 784 dies:
1097 730 1363 799 fuisseque
1399 732 1450 784 in
1507 734 1801 801 propinquo
1846 733 2051 788 Pascha

526 819 847 882 .lndaeorum,
875 827 930 872 et
960 816 1345 889 Jerosolymam
1380 821 1683 876 ascendisse
1705 820 1905 886 Jesum,
1931 837 2050 876 cum

526 920 710 960 omnes
733 907 785 959 in
812 907 1006 976 templo
1036 907 1277 962 inventos
1305 911 1594 963 vendentes
1620 911 1804 976 boves,
1833 922 1886 964 et
1904 926 2052 977 oves,

485 1064 491 1071 .
524 1004 576 1050 et
605 994 911 1061 columbas,
944 1007 998 1049 et
1023 1004 1211 1050 caetera
1244 1011 1360 1063 qua:
1390 998 1589 1067 scripta
1619 1007 1762 1063 sunt,
1791 999 1929 1055 facto
1956 999 2054 1053 lla-

486 1149 493 1161 .
526 1083 664 1154 gello
684 1098 715 1140 e
739 1083 1013 1149 funiculis,
1051 1084 1204 1151 ejecit
1230 1100 1260 1141 e
1289 1086 1517 1154 templo;
1551 1088 1811 1157 dictisque
1835 1090 2056 1158 quibus-

526 1174 649 1228 dam
682 1175 747 1227 ad
783 1173 1129 1229 Nicodemum
1156 1175 1222 1239 ⁸³,
1275 1183 1458 1243 postea
1506 1179 1717 1232 venisse
1756 1180 1929 1247 ipsum
1951 1218 1967 1243 ,
2004 1188 2058 1235 et

524 1260 811 1331 discipulos
848 1261 962 1329 ejus
995 1263 1047 1315 in
1075 1270 1267 1316 terram
1308 1262 1544 1319 Judaaam
1565 1304 1580 1328 ,
1609 1276 1661 1319 et
1691 1266 1799 1320 illic
1830 1282 2061 1322 commo-

529 1357 703 1402 ratum
735 1348 900 1404 fuisse
924 1364 1045 1403 cum
1084 1351 1187 1415 eis,
1209 1359 1264 1403 et
1302 1351 1621 1418 baptizasse.
1663 1353 1927 1419 Quantum
1958 1355 2060 1424 igi-

528 1446 615 1490 tur
640 1436 893 1505 temporis
920 1452 1178 1508 ponemus
1209 1453 1329 1493 eum
1361 1440 1411 1492 in
1452 1439 1632 1495 Iudaea
1664 1444 2061 1512 consumpsisse

525 1525 882 1594 baptizantem
920 1535 1040 1595 post
1069 1525 1306 1582 Pascha?
1347 1542 1453 1582 non
1508 1529 1650 1584 enim
1703 1540 1885 1598 aperte
1924 1533 2061 1587 scri-

526 1625 671 1685 ptum
702 1625 822 1671 est:
859 1625 911 1671 et
932 1626 1153 1686 apparet
1176 1632 1242 1672 eo
1269 1618 1407 1686 quod
1431 1621 1779 1687 cognoverint
1803 1621 2056 1678 Pharisaei

523 1701 705 1759 Iesum
748 1705 930 1774 plures
981 1706 1269 1775 discipulos
1314 1706 1491 1762 facere
1538 1708 1605 1774 “,
1655 1720 1711 1764 et
1758 1712 2056 1779 baptizare,

525 1807 681 1858 quam
697 1791 949 1856 Joannes,
973 1793 1149 1848 Jcsum
1163 1794 1397 1849 Judzeam
1416 1795 1714 1864 reliquisse,
1736 1798 2060 1867 profectum-

526 1898 630 1949 que
677 1884 727 1937 in
759 1882 1066 1949 Galilaeam,
1097 1899 1216 1938 cum
1250 1893 1524 1952 oporteret
1553 1900 1674 1939 eum
1710 1889 1937 1942 transire
1968 1903 2062 1957 per

527 1974 849 2037 Samariam,
905 1975 1113 2031 venisse
1163 1972 1228 2026 ad
1255 1972 1457 2027 fontem
1497 1973 1701 2040 Jacob,
1746 1976 1835 2030 ubi
1890 1977 2063 2047 inquit

532 2060 645 2115 haec
673 2060 876 2114 verba:
913 2080 933 2113 ι
968 2060 1156 2116 Nonne
1189 2075 1282 2115 vos
1309 2061 1489 2115 dicitis
1513 2102 1529 2127 ,
1566 2063 1705 2129 quod
1740 2064 1912 2119 adhuc
1934 2081 2063 2133 qua-

528 2165 649 2205 tuor
678 2160 803 2206 sunt
835 2166 1071 2212 menses,
1106 2158 1160 2204 et
1195 2152 1386 2205 messis
1412 2151 1591 2204 venit?
1619 2151 1778 2222 [Ecce
1812 2154 1930 2208 dico
1971 2170 2064 2210 vo-

527 2240 642 2295 bis:
678 2239 875 2294 Levate
900 2239 1085 2294 oculos
1118 2249 1360 2303 vestros,
1386 2249 1439 2293 et
1465 2241 1639 2296 videte
1668 2244 1914 2311 regiones
1951 2246 2062 2312 jam

525 2331 676 2384 albas
705 2344 821 2385 esse
850 2330 915 2383 ad
951 2343 1178 2384 messem
1203 2327 1296 2398 ⁸⁸.]
1335 2347 1353 2378 ι
1380 2329 1529 2395 Quod
1575 2332 1618 2385 si
1652 2333 1772 2400 quis
1795 2334 2066 2388 existimat

529 2419 765 2486 plurium
796 2422 1057 2474 mensium
1094 2432 1298 2487 tempus
1316 2421 1709 2488 consumpsisse
1734 2421 1917 2475 Jcsum
1948 2434 2066 2489 post

529 2504 735 2560 Pascha
767 2508 819 2559 in
851 2505 1030 2560 ludam
1078 2509 1434 2577 baptizattlettt
1475 2523 1594 2563 cum
1628 2509 1905 2579 discipulis
1929 2512 2061 2578 suis,

529 2594 666 2650 adeo
693 2604 749 2648 ut
772 2594 880 2663 jam
906 2597 1129 2650 instaret
1175 2604 1380 2665 tempus
1411 2597 1554 2665 quod
1601 2605 1720 2651 erat
1752 2607 1876 2652 ante
1906 2614 2066 2668 quar-

532 2688 643 2736 tum
673 2696 907 2738 meusem
932 2685 1125 2739 messis
1151 2685 1233 2750 ";
1261 2684 1654 2755 adiungendum
1687 2694 1770 2741 est
1801 2687 1896 2753 illi,
1927 2691 2066 2757 quod

530 2771 664 2826 duos
685 2771 801 2827 dies
845 2786 966 2827 cum
1002 2773 1285 2829 mansisset
1333 2774 1441 2829 illic
1494 2775 1632 2843 apud
1678 2775 2064 2845 Samaritanos,

530 2868 650 2928 post
695 2859 794 2915 bos
850 2862 1040 2916 exierit
1088 2863 1142 2916 in
1194 2862 1500 2928 Galilaeam;
1544 2865 1908 2935 scriptumque
1948 2882 2067 2924 esse

528 2949 667 3017 quod
698 2950 939 3019 (perinde
968 2951 1119 3018 quasi
1152 2966 1321 3017 nuper
1352 2950 1617 3005 Paschate
1661 2952 1802 3006 l‘aclo
1826 2992 1846 3019 ,
1880 2956 2066 3009 rebus-

528 3054 631 3107 que
659 3053 792 3108 quas
824 3040 935 3108 ipse
967 3049 1153 3108 egerat
1183 3036 1554 3108 Jerosolymis)
1593 3054 1713 3092 cum
1742 3042 1979 3096 venisset
2012 3044 2064 3095 in

527 3127 836 3192 Galilaeam,
887 3129 1197 3195 exceperint
1231 3128 1377 3181 illum
1425 3127 1665 3195 Galihei,
1694 3129 1781 3196 qui
1826 3116 2069 3185 viderant

528 3232 853 3287 quaecunque
879 3216 1220 3288 Jerosolytnis
1251 3217 1463 3273 fecisset
1506 3218 1558 3271 itt
1590 3219 1675 3272 die
1703 3218 1879 3273 festo:
1908 3235 2069 3275 vene-

532 3318 651 3364 rant
680 3310 822 3363 euim
849 3311 1010 3364 etiam
1051 3310 1155 3379 ipsi
1195 3311 1262 3364 ad
1301 3310 1439 3364 diem
1479 3309 1693 3363 festum.
1730 3309 1834 3364 Sed
1879 3311 2067 3377 proba-

530 3397 637 3452 bile
670 3407 753 3451 est
785 3397 1015 3466 aliquem
1064 3397 1133 3450 ad
1184 3398 1298 3451 haec
1335 3397 1597 3451 dicturum
1624 3434 1643 3460 ,
1688 3397 1818 3450 nihil
1853 3399 2068 3453 obstare

533 3486 818 3557 plurimum
849 3485 1101 3554 temporis
1123 3500 1245 3539 eum
1273 3486 1327 3539 in
1352 3484 1530 3540 Judma
1556 3498 1942 3542 commoratum
1973 3504 2067 3545 ve-

534 3577 678 3632 nisse
720 3576 786 3629 ad
833 3575 1028 3629 fontem
1075 3573 1277 3639 Iacob,
1327 3573 1611 3628 abeuntem
1669 3576 1723 3628 in
1771 3575 2064 3643 Galilzeam,

530 3663 746 3733 quando
791 3661 963 3715 dixit:
1014 3680 1032 3712 ι
1068 3662 1255 3716 Adhuc
1307 3672 1539 3731 quatuor
1577 3679 1786 3720 menses
1830 3678 1953 3721 sunt
1999 3668 2067 3722 ad

535 3766 799 3817 messem,
833 3769 853 3803 ι
899 3765 1002 3804 nec
1051 3750 1338 3818 quidquam
1399 3751 1617 3805 absurdi
1653 3768 1773 3808 esse
1819 3754 2068 3810 Galilaeos

529 3854 653 3895 eum
693 3840 961 3909 excepisse
1005 3849 1220 3906 propter
1259 3854 1321 3892 ea
1367 3854 1485 3907 qua:
1536 3840 1586 3893 in
1643 3843 2068 3909 praecedentibus

532 3925 801 3980 mensibus
849 3925 960 3993 ipse
1002 3922 1352 3994 Jerosolymis
1391 3925 1611 3993 egisset.
1643 3925 1802 3995 250
1835 3928 1939 3982 Sed
1978 3945 2066 3983 re-

529 4013 893 4083 spondendum
938 4022 1020 4067 est
1065 4012 1171 4066 illis
1205 4016 1343 4080 quod
1385 4015 1652 4081 profectus
1690 4018 1740 4067 in
1792 4015 2063 4071 Galilteant

531 4102 736 4157 venerit
755 4101 954 4155 Canam
980 4100 1250 4154 civitatem
1281 4099 1529 4166 Galilaeze,
1564 4104 1651 4156 ubi
1685 4114 1842 4157 antea
1869 4104 2068 4159 fecerat

2149 461 2286 517 οἶνον
2333 465 2495 537 ὕδωρ,
2540 468 2863 537 οἰκονομίαν,
2931 463 3367 532 καταϐεϐηκέναι
3411 465 3599 532 λέγεται
3617 467 3651 537 μ

2149 555 2347 625 Κύριος
2379 557 2456 618 είς
2484 555 2852 623 Καφαρναοὺμ
2884 553 3071 615 αὐτὸς,
3108 550 3212 603 καὶ
3244 552 3279 619 η
3315 551 3479 621 μήτηρ
3500 552 3660 615 αὐτοῦ,

2151 646 2243 697 καὶ
2272 647 2318 696 οἱ
2346 644 2578 711 ἀδελφοὶ,
2614 644 2703 696 καὶ
2732 646 2781 695 οί
2817 642 3081 712 μαθηταὶ,
3118 641 3251 693 ἔνθα
3272 642 3469 710 ἔμεινεν
3485 641 3538 693 οὐ
3560 644 3664 695 πολ-

2151 732 2245 794 λὰς
2279 732 2483 802 ἡμέρας
2503 749 2516 762 ο
2558 733 2649 784 καὶ
2681 732 2845 800 ἐγγὺς
2861 727 2930 801 ἦν
2955 732 3018 784 τὸ
3043 731 3243 800 Πάσχα
3272 730 3372 783 τῶν
3413 731 3667 793 Ἰουδαίων,

2152 822 2242 874 καὶ
2269 821 2432 889 ἀνέϐη
2477 823 2554 883 είς
2601 821 2942 890 Ἰεροσόλυμα
2982 825 3012 875 ό
3067 819 3302 890 Ἰησοῦς,
3342 820 3424 872 ὅτε
3469 815 3605 889 εῦρεν
3624 823 3669 872 έν

2151 908 2226 977 τῷ
2251 907 2376 979 ἱερῷ
2394 909 2516 969 τοὺς
2540 907 2842 970 πωλοῦντας
2871 909 3022 977 βόας,
3042 909 3138 961 καὶ
3162 907 3420 979 πρόϐατα,
3438 907 3524 958 καὶ
3538 922 3674 975 περι-

2158 1001 2369 1067 στερὰς,
2397 1000 2489 1051 καὶ
2522 998 2589 1050 τὰ
2615 998 2772 1051 λοιπὰ
2793 999 2901 1051 τῶν
2925 997 3455 1067 ἀναγεγραμμένων,
3484 997 3680 1064 ποιήσας

2155 1088 2468 1157 φραγέλλιον
2489 1090 2551 1140 ὲκ
2566 1089 2810 1157 σχοινίων
2828 1088 3038 1150 πάντας
3067 1087 3329 1153 ἐξέϐαλεν
3345 1089 3407 1139 ὲκ
3428 1086 3514 1139 τοῦ
3535 1087 3684 1156 ἱεροῦ,

2156 1178 2249 1229 καὶ
2297 1176 2460 1228 εἰπών
2505 1193 2625 1230 τινα
2678 1176 2811 1244 πρὸς
2843 1176 2937 1229 τὸν
2975 1176 3316 1246 Νικόδημον,
3361 1176 3491 1246 μετὰ
3541 1176 3691 1229 ταῦτα

2154 1259 2311 1334 ἦλθεν
2331 1264 2508 1328 αὐτὸς,
2537 1265 2628 1316 καὶ
2657 1265 2707 1315 οἱ
2733 1264 2975 1334 μαθηταὶ
3015 1261 3187 1316 αὑτοῦ
3225 1265 3303 1326 είς
3329 1263 3425 1332 τὴν
3465 1263 3693 1317 Ἰουδαίαν

2156 1354 2277 1421 γῆν,
2305 1357 2397 1405 καὶ
2434 1354 2547 1405 ἐκεῖ
2586 1352 2818 1422 διέτριϐε
2867 1352 2986 1421 μετ’
3027 1351 3219 1405 αὐτῶν
3240 1388 3255 1413 ,
3300 1352 3394 1404 καὶ
3447 1350 3699 1414 έϐάπτιζε.

2156 1439 2324 1491 Πόσον
2353 1438 2415 1508 δὴ
2457 1438 2689 1508 θήσομεν
2728 1438 2891 1491 αὐτὸν
2931 1438 3344 1507 διατετριφέναι
3383 1439 3440 1490 ὲν
3474 1440 3538 1508 τῇ
3586 1438 3693 1489 ’1ου-

2158 1528 2279 1598 δαίᾳ
2304 1528 2489 1598 χρόνον
2520 1528 2842 1597 βαπτίζοντα
2874 1528 3014 1597 μετὰ
3038 1529 3103 1580 τὸ
3136 1528 3372 1597 Πάσχα;
3405 1527 3466 1580 οὒ
3492 1528 3596 1596 γὰρ
3625 1544 3712 1579 σα-

2160 1615 2271 1682 φῶς
2300 1616 2630 1685 γέγραπται·
2655 1616 2748 1668 καὶ
2776 1616 3029 1685 φαίνεται
3058 1616 3152 1668 διὰ
3182 1615 3248 1667 τὸ
3281 1614 3570 1683 ἐγνωκέναι
3600 1616 3710 1675 τοὺς

2158 1703 2495 1771 Φαρισαίους,
2528 1704 2608 1755 ὅτι
2646 1703 2851 1772 Ἰησοῦς
2874 1702 3133 1766 πλείονας
3160 1703 3414 1773 μαθητὰς
3451 1704 3609 1766 ποιεῖ,
3636 1703 3712 1754 xui

2159 1792 2403 1862 βαπτίζει
2461 1792 2709 1862 Ἰωάννης
2754 1793 2889 1862 (55),
2933 1793 3123 1860 ἀφιεὶς
3158 1793 3266 1864 τὴν
3318 1792 3594 1855 Ἰουδαίαν,
3639 1793 3711 1843 καῖ

2158 1882 2520 1952 ἀπερχόμενος
2561 1882 2640 1943 είς
2666 1881 2763 1951 τὴν
2796 1881 3115 1946 Γαλιλαίαν,
3156 1882 3255 1935 ὅτε
3286 1880 3401 1952 (54)
3436 1881 3545 1934 ἔδει
3578 1880 3712 1935 αὺτοπ

2157 1970 2456 2042 διέρχεσθαι
2487 1970 2573 2023 διὰ
2603 1971 2700 2039 τῆς
2738 1971 3081 2042 Σαμαρείας,
3114 1973 3217 2025 καὶ
3266 1971 3561 2041 γενόμενος
3593 1971 3712 2043 παρέ

2157 2062 2223 2128 τῇ
2252 2061 2399 2128 πηγῇ
2432 2059 2522 2111 τοῦ
2575 2057 2789 2120 Ἰακὼϐ,
2818 2060 2955 2128 φησὶ
2975 2059 3067 2110 τό·
3120 2077 3141 2109 ι
3192 2061 3315 2128 Οὐχ
3340 2060 3502 2130 ὑμεῖς
3534 2059 3712 2127 λέγετε

2158 2149 2237 2200 ὅτι
2267 2148 2345 2200 ἔτι
2377 2148 2709 2218 τετράμηνός
2740 2150 2879 2212 ἐστι,
2927 2151 3025 2201 καὶ
3065 2152 3097 2202 ό
3135 2149 3411 2220 θερισμὸς
3442 2150 3685 2220 ἐρχεται;

2174 2236 2297 2288 Ἐὰν
2328 2235 2384 2287 δέ
2407 2253 2488 2297 τις
2521 2236 2721 2303 ὑπονοῇ
2747 2234 2884 2303 μετὰ
2907 2235 2969 2287 τὸ
2998 2238 3205 2306 Πάσχα
3237 2239 3509 2290 πλειόνων
3556 2237 3712 2308 μηνῶν

2160 2325 2343 2395 χρόνον
2382 2324 2488 2394 (55)
2515 2324 2913 2393 διατετριφέναι
2936 2326 2994 2378 ὲν
3020 2329 3091 2396 τῇ
3133 2327 3383 2398 Ἰουδαίᾳ
3415 2326 3508 2380 τὸν
3556 2328 3712 2398 Ἰησοί

2163 2413 2481 2483 βαπτίζοντα
2512 2412 2647 2482 μετὰ
2676 2413 2784 2466 τῶν
2818 2414 3083 2484 μαθητῶν
3128 2417 3330 2481 αὑτοῦ,
3368 2416 3516 2470 ὥστε
3549 2418 3711 2471 ένεσττ

2161 2506 2309 2557 κέναι
2346 2505 2446 2574 ἠδη
2481 2505 2569 2557 τὸν
2599 2504 2702 2575 πρὸ
2731 2506 3077 2574 τετραμήνου
3103 2506 3208 2558 τοῦ
3248 2507 3529 2578 θερισμοῦ
3556 2509 3712 2577 καιρό

2162 2594 2488 2664 παραθετέον
2517 2593 2683 2663 αὐτῷ,
2712 2596 2794 2646 ὅτι
2824 2594 2918 2646 δύο
2942 2596 3169 2666 ἡμέρας
3212 2597 3417 2663 μείνας
3458 2598 3579 2650 ἐκεῖ
3620 2614 3712 2663 παι

2162 2688 2266 2747 τοῖς
2299 2682 2623 2754 Σαμαρεῦσι,
2654 2683 2790 2753 μετὰ
2821 2684 3026 2746 ταύτας
3068 2685 3308 2755 ἐξῆλθεν
3354 2688 3443 2749 εἰς
3488 2686 3591 2756 τὴν
3624 2685 3712 2737 Γα]

2160 2775 2331 2838 λαίαν,
2366 2775 2459 2827 καὶ
2477 2774 2907 2844 ἀναγέγραπται.
2937 2773 3016 2836 ὡς
3040 2777 3252 2828 νεωστὶ
3279 2775 3383 2829 τοῦ
3421 2775 3625 2846 Πάσχα
3648 2793 3711 2845 πί

2162 2864 2539 2933 γεγενημένου,
2561 2863 2654 2916 καὶ
2680 2852 2785 2915 τῶν
2813 2864 2872 2915 ὲν
2916 2863 3338 2935 Ἰεροσολύμοις
3358 2867 3711 2937 πεπραγμέν

2092 2984 2135 3042 C
2164 2954 2329 3022 αὐτῷ,
2360 2954 2449 3006 ὅτε
2477 2948 2636 3042 ἦλθεν
2663 2953 2742 3013 είς
2775 2950 2876 3021 τὴν
2910 2951 3242 3042 Γαλιλαίαν,
3287 2953 3566 3019 ἐδέξαντο
3624 2955 3712 3006 air

2164 3044 2215 3096 οί
2239 3041 2522 3107 Γαλιλαῖοι,
2550 3040 2724 3093 πάντα
2753 3040 3062 3110 ἑωρακότες
3101 3042 3214 3095 ὅσα
3250 3044 3540 3113 ἐποίησεν
3580 3045 3643 3096 ὲν
3697 3044 3711 3061 ¹

2169 3131 2498 3204 ροσολύμοις,
2547 3133 2604 3183 έν
2637 3133 2702 3200 τῇ
2752 3131 2948 3201 ἑορτῇ·
2992 3132 3091 3184 καὶ
3118 3133 3290 3186 αὐτοὶ
3323 3134 3453 3204 γὰρ
3497 3130 3676 3205 ἦλθον

2163 3225 2260 3293 τὴν
2305 3223 2515 3292 ἑορτήν.
2571 3220 2709 3273 Ἀλλ’
2753 3221 2924 3285 εἰκὸς,
2962 3222 3047 3273 ὅτι
3098 3224 3227 3295 ὲρεῖ
3270 3241 3366 3287 τις
3421 3225 3583 3295 πρὸς
3631 3225 3712 3277 ταί

2165 3312 2313 3365 οὐδὲν
2344 3312 2529 3364 λυπεῖν
2557 3310 2775 3363 πλείονα
2809 3311 2974 3364 αὐτὸν
3017 3311 3413 3384 διατρίψαντα
3460 3317 3527 3367 ὲν
3556 3318 3630 3384 τῇ
3676 3316 3710 3374 ’1

2163 3402 2286 3470 δαία
2312 3402 2498 3473 χρόνον
2523 3399 2833 3469 ἐληλυθέναι
2876 3400 2973 3453 ἐπὶ
3020 3401 3123 3470 τὴν
3166 3404 3374 3475 πηγὴν
3415 3404 3532 3458 τοῦ
3579 3406 3712 3458 Ἰακ

2165 3492 2389 3546 ἀπιόντα
2408 3493 2486 3553 είς
2515 3490 2612 3561 τὴν
2639 3489 2952 3555 Γαλιλαίαν,
2993 3510 3012 3540 ι
3046 3491 3183 3543 Ὅτε
3216 3493 3307 3546 ἔτι
3344 3496 3708 3564 τετράμηνο

2165 3578 2334 3644 εἶπεν,
2362 3598 2381 3630 ι
2421 3580 2499 3641 είς
2527 3579 2615 3630 τὸν
2655 3577 2943 3647 θερισμόν·
3002 3598 3022 3629 ι
3063 3581 3164 3632 καὶ
3198 3581 3373 3638 οὐδὲν
3414 3582 3658 3636 ἄτοπόν

2164 3671 2286 3731 τοὺς
2310 3667 2618 3731 Γαλιλαίους
2648 3666 2734 3719 διὰ
2757 3668 2827 3718 τὰ
2869 3668 2965 3720 ἐπὶ
3002 3668 3116 3721 τῶν
3164 3672 3388 3744 πρώην
3435 3674 3660 3744 μηνῶν

2163 3755 2310 3825 αὐτῷ
2345 3755 2606 3824 γενόμενα
2650 3756 2708 3807 ὲν
2766 3755 3166 3826 Ἰεροσολύμοις
3215 3762 3708 3832 παραδέχεσθαι

2163 3846 2272 3898 τόν.
2307 3845 2536 3897 Λεκτέον
2570 3844 2627 3897 δὲ
2654 3843 2788 3914 πρὸς
2813 3844 3032 3907 αὐτοὺς,
3058 3847 3145 3899 ὅτι
3194 3854 3700 3922 παραγενόμενο

2164 3934 2260 4004 τὴν
2300 3932 2581 3986 Γαλιλαίαν
2613 3928 2773 4002 ἦλθεν
2812 3935 2892 3995 εἰς
2932 3936 3034 4003 τὴν
3084 3937 3255 3990 Κανᾶ
3308 3940 3437 4010 τῆς
3484 3942 3712 3998 rank

2163 4024 2293 4075 ὅπου
2321 4022 2572 4092 πρότερον
2599 4021 2863 4090 πεποίηκε
2891 4023 2954 4075 τὸ
2987 4022 3138 4094 ὕδωρ
3170 4022 3358 4092 οἶνον,
3405 4030 3576 4085 ἔνθα
3625 4051 3708 4086 κα

2165 4110 2256 4163 τοῦ
2276 4109 2548 4179 βασιλικοῦ
2584 4108 2696 4162 υἱὸν
2731 4109 2995 4163 νοσοῦντα
3037 4114 3097 4165 έν
3143 4116 3215 4184 τῇ
3259 4118 3709 4191 Καφαρναοὺγ

531 4206 596 4245 ex
624 4205 760 4259 aqua
790 4189 1004 4253 vinum,
1038 4191 1125 4243 ubi
1152 4190 1311 4244 etiam
1340 4190 1502 4259 reguli
1534 4191 1699 4247 filium
1722 4204 2061 4261 aegrotantem

2166 4200 2279 4253 πὼν
2315 4200 2392 4270 τῷ
2432 4200 2598 4269 πατρὶ
2637 4198 2836 4252 αὐτοῦ’
2874 4219 2893 4250 ι
2945 4200 3005 4252 '0
3050 4203 3172 4265 υἱός
3209 4220 3316 4257 σου
3372 4189 3497 4280 ζῇ,
3561 4231 3585 4262 ι
3650 4213 3710 4263 ὲ(

534 4278 586 4330 in
615 4277 928 4345 Capharnao
953 4278 1193 4341 curavit,
1223 4278 1364 4346 patri
1403 4278 1570 4347 ipsius
1596 4281 1781 4336 dicens
1807 4303 1819 4336 :
1852 4300 1872 4332 ι
1900 4282 2061 4337 Filius

2166 4304 2360 4340 πευσεο
2387 4289 2499 4351 καὶ,
2537 4306 2557 4339 ι
2597 4288 2750 4341 Μετὰ
2774 4286 2948 4341 ταῦτα
2982 4284 3052 4359 ἦν
3082 4292 3257 4365 ἑορτὴ
3293 4277 3464 4349 τῶν*
3513 4300 3695 4352 Ἰουδ

534 4375 657 4419 tuus
678 4366 807 4419 vivit
834 4366 913 4431 '7;
946 4384 964 4416 ι
1001 4376 1082 4430 et,
1124 4386 1142 4418 ι
1178 4367 1368 4421 Postea
1397 4378 1511 4423 erat
1531 4369 1647 4424 dies
1670 4369 1836 4427 festus
1864 4370 2061 4426 Iudaeo

2164 4377 2254 4429 καὶ
2280 4375 2444 4443 ἀνέϐη
2476 4376 2505 4426 ὁ
2544 4374 2745 4445 Ἰησοῦς
2768 4378 2847 4439 είς
2884 4377 3270 4449 Ἱεροσόλυμα,
3301 4402 3323 4435 ι
3366 4384 3496 4438 ὅτε
3549 4389 3677 4441 τὸν

533 4469 683 4518 rum,
712 4463 768 4508 et
809 4454 1051 4509 ascendit
1089 4454 1242 4510 Jesus
1286 4457 1668 4528 Jerosolymam
1692 4460 1756 4522 ⁸⁸,
1795 4478 1814 4510 ι
1857 4463 2061 4529 quando

2163 4482 2322 4518 κοντα
2349 4462 2489 4516 ὀκτὼ
2527 4464 2620 4534 ἐτη
2651 4464 2839 4533 ἔχοντα
2877 4467 2935 4518 έν
2970 4469 3038 4537 τῇ
3075 4468 3359 4544 ἀσθενείᾳ
3415 4478 3703 4547 παραλι-

533 4539 883 4611 paralyticum
914 4553 1035 4597 octo
1065 4554 1118 4597 et
1148 4545 1363 4614 triginta
1390 4562 1557 4600 annos
1598 4548 1879 4603 habentem
1924 4564 1982 4603 se
2016 4551 2061 4604 in

2163 4556 2541 4625 ἐθεράπευσεν.
2591 4555 2714 4641 Ἐὰν
2749 4555 2807 4608 δὲ
2839 4556 2980 4627 αὑτὴ
3020 4560 3054 4626 ὴ
3100 4561 3276 4632 ἑορτὴ
3320 4539 3458 4619 τοῦ
3494 4539 3708 4641 licita)

532 4631 849 4684 infirmitate
871 4634 1092 4687 curavit.
1128 4635 1207 4687 An
1234 4649 1360 4688 vero
1388 4637 1475 4688 hic
1504 4637 1618 4690 dies
1645 4634 1811 4691 festus
1840 4637 2061 4692 Pascha

2163 4641 2222 4693 οὐ
2249 4640 2559 4709 πρόσκειται
2595 4641 2655 4692 τὸ
2682 4640 2854 4710 ὄνομα
2897 4644 3104 4713 αὺτῆςο
3162 4630 3593 4725 στενοχωρεῖ
3659 4630 3702 4710 ’ξ

533 4722 604 4776 tis
629 4727 778 4783 erat,
816 4734 919 4773 non
945 4721 1155 4777 additur
1190 4739 1382 4779 nomen
1416 4724 1563 4793 ejus;
1595 4735 1850 4794 urgetque
1890 4727 2061 4782 series

2165 4729 2226 4781 τὸ
2256 4727 2540 4782 ἀκόλουθον
2576 4730 2673 4799 τῆς
2723 4731 2984 4802 ἱστορίας,
3030 4735 3127 4787 καὶ
3171 4721 3482 4808 μάλιστά
3538 4751 3712 4803 ἐπεῖ

600 4902 811 4959 “Joan.
834 4918 894 4968 tt,
920 4903 969 4956 l.
1026 4904 1071 4936 ⁸³
1093 4903 1247 4958 Joan.
1274 4918 1355 4969 tu,
1383 4906 1434 4959 1.
1500 4904 1547 4938 ⁸⁸
1572 4904 1725 4960 Joan.
1751 4910 1894 4971 tv,l.
1946 4911 1993 4942 "
2014 4911 2143 4968 ibid.
2165 4912 2252 4967 55.
2309 4910 2357 4942 ⁸⁸
2381 4908 2511 4962 ibid.
2538 4905 2630 4971 43,
2656 4905 2749 4960 45.
2810 4907 2855 4939 "
2885 4908 3013 4962 ibid.
3044 4908 3135 4963 50.
3199 4912 3250 4943 "
3281 4912 3539 4977 Joan.
3589 4941 3680 4993 ν,
3710 4954 3711 4961 η

531 5082 1125 5155 oblit_terata_codicum
1170 5080 1340 5155 _Regii
1400 5092 1447 5138 et
1508 5084 1781 5137 Barberini
1843 5088 2063 5155 vestigia

534 5149 819 5215 praferant
841 5149 958 5218 ἦτοι
978 5150 1335 5219 άκηκούοντα.

605 5234 715 5309 (ἓξ)
749 5234 1040 5309 ἰωάῂνηςζ
1076 5236 1434 5309 scribendum
1459 5238 1673 5309 videtur
1708 5238 1740 5308 ἢ
1795 5238 2061 5309 Ἰῳάννης.

535 5300 657 5418 si?!
683 5304 736 5354 in
785 5300 980 5358 codice
996 5300 1294 5359 Bodleiano
1336 5307 1531 5375 legitur
1578 5300 1768 5377 ἀφίησι
1803 5307 1900 5376 τὴν
1938 5300 2066 5360 Ἰου-

622 5385 704 5418 αν.

622 5385 704 5420 αν.

539 5456 685 5575 ὧῖῦ
704 5457 867 5513 Codd.
893 5442 1208 5559 Bodleianus
1237 5474 1292 5518 et
1314 5462 1661 5532 Barberinus,
1686 5466 1804 5539 an;
1843 5465 2062 5533 Regius,

2232 5085 2340 5165 (:35)
2366 5084 2609 5165 maror.
2646 5082 2806 5165 lices}
2840 5086 2896 5165 in
2923 5089 3082 5145 codd.
3118 5091 3294 5163 Regio
3324 5108 3432 5155 et
3489 5106 3621 5160 Ba
3634 5110 3712 5165 r1

2170 5152 2263 5207 sed
2294 5152 2590 5206 restituitur
2617 5168 2648 5205 e
2668 5152 2985 5216 Bodleiano.

2236 5240 2654 5323 (.⁵⁶).1Εἰξλ.τῶν
2677 5243 2885 5323 πρώηῖ
3219 5250 3314 5323 Sic
3414 5272 3693 5323 recte

2165 5307 2335 5389 rodet
2357 5307 2678 5366 Bodleianus
2697 5307 2804 5379 {in
2829 5307 3008 5389 Regio
3034 5329 3091 5374 et
3119 5307 3517 5383 Bodleian};
3528 5307 3710 5390 ‘33.

2163 5393 2290 5428 των.

2238 5464 2347 5538 (5])
2377 5465 2544 5538 Codd.
2578 5467 2907 5531 Bodleianus
2934 5490 2989 5535 et
3012 5479 3349 5538 Barbcrinus

2170 5547 2223 5584 τ.
2239 5506 2907 5591 ἶνιὶιῖηἷτῦζνσσὲιυυιειιιηιιδ
2934 5506 2989 5535 ττι
3016 5506 3349 5538 υειῐυιζῐιιιιιδ
3394 5526 3422 5550 .
3498 5506 3710 5554 στεπ

2204 5561 2226 5583 ι
2371 5572 2399 5596 ο
2494 5576 2510 5599 .
2609 5552 2983 5617 ενοχωρεῖται.
