3828 6182
256 310 352 367 ιω
1337 320 1681 380 COMMENT.
1720 326 1787 378 IN
1826 325 2010 381 JOAN.
2047 322 2280 378 TOMUS
2319 324 2452 376 xm.
3365 328 3469 380 nc

255 425 401 481 ὀλίγα
430 425 781 496 ἒπιφέρεται,
823 433 916 487 ὅτι
953 455 970 486 ‹
1013 432 1120 491 Ἦν
1145 439 1305 507 ὲγγὺς
1327 440 1360 509 ἠ
1385 437 1538 507 ἑορτὴ
1569 437 1673 489 τῶν
1713 439 1842 489 Ἰου-

1961 438 2207 502 tistoriaz,
2254 448 2303 492 et
2339 440 2566 492 maxime
2594 437 2734 506 quod
2761 445 2876 504 post
2917 453 3077 506 pauca
3103 440 3469 510 subiungitur:

261 519 415 573 δαίων
440 517 478 589 ἡ
498 517 892 590 Σκηνοπηγία.
931 546 950 577 ι

1957 545 1964 577 ι
1988 527 2261 580 Proximus
2281 537 2394 579 erat
2411 527 2522 580 dies
2544 525 2709 580 festus
2724 525 3020 580 Judmorum
3038 527 3356 600 Scenopegia
3370 533 3434 584 ".
3449 551 3465 582 ι

335 609 421 666 40.
463 607 683 662 Τούτων
727 611 797 681 δὴ
840 615 1125 669 ὲπιπλεῖον
1176 616 1584 686 ἐξεταζομένων,
1625 617 1842 670 ἀκόλου-

2008 616 2094 670 40.
2139 615 2228 667 llis
2276 615 2435 682 igitur
2469 615 2664 668 diutius
2730 618 3082 680 examinatis,
3140 632 3470 687 consequens

276 703 366 757 θὺν
400 704 512 756 ἐστι.
532 699 610 771 τῷ
639 700 952 774 βαθύτερον
987 707 1238 778 ὲνορῶντι
1273 707 1347 776 τῷ
1379 706 1454 774 νῷ
1482 706 1586 758 τῶν
1614 707 1842 776 Γραφῶν

1957 713 2022 757 ξεί
2061 705 2356 773 dispicienti
2415 704 2726 772 profundius
2798 720 3012 758 sensum
3076 707 3470 774 Scripturarum

285 795 460 868 ζητεῖν
486 793 537 846 τί
578 791 712 845 νοῶν
761 798 884 858 τοῖς
925 796 1190 866 μαθηταῖς
1239 797 1414 864 ἔλεγεν
1445 799 1473 849 ό
1517 796 1714 866 Ἰησοῦς
1750 797 1839 849 τό*

291 907 310 939 ι
335 888 447 956 οὐχ
478 886 632 955 ὑμεῖς
667 885 882 952 λέγετε,
911 888 993 938 ὅτι
1021 887 1349 956 τετράμηνός
1374 889 1506 948 ἐστι,
1532 887 1622 939 καί
1651 889 1678 938 ὁ
1705 886 1845 956 θερι-

289 977 425 1045 σμὸς
471 975 718 1046 ἓρχεται;
780 973 917 1026 Ἰδοὺ
977 975 1118 1041 λέγω
1169 976 1327 1043 ὑμῖν·
1399 975 1661 1044 Ἐπάρατε
1724 975 1844 1036 τοὺς

283 1065 596 1134 ὀφθαλμοὺς
624 1063 798 1133 ὑμῶν,
840 1064 934 1115 καὶ
972 1063 1232 1115 θεάσασθε
1261 1063 1356 1126 τὰς
1383 1063 1581 1133 χώρας,
1617 1064 1694 1114 ὅτι
1729 1063 1846 1114 λευ-

287 1153 380 1205 καί
415 1153 524 1203 είσι
564 1151 696 1218 arpi);
743 1149 1003 1220 θερισμὸν
1043 1151 1162 1220 ἤδη.
1200 1170 1219 1202 ι
1257 1152 1460 1220 Ὥσπερ
1503 1151 1559 1202 δὲ
1593 1151 1844 1220 ἐλέγομεν

279 1239 378 1290 ἐπὶ
404 1237 515 1289 τῶν
544 1239 685 1289 κατὶ
714 1238 813 1306 τὴν
853 1238 1178 1306 Σαμαρεῖτιν
1213 1237 1278 1290 τὰ
1322 1241 1447 1307 περὶ
1495 1239 1599 1290 τῶν
1644 1239 1846 1291 ὑδάτων

277 1324 656 1390 ἐξετάζοντες,
697 1323 838 1376 οὑτω
880 1325 972 1375 καὶ
1025 1323 1205 1376 ἐνθάδε
1254 1325 1558 1394 ποιήσωμεν
1590 1326 1720 1394 (58).
1754 1327 1847 1387 Τίς

279 1416 396 1485 γὰρ
421 1414 524 1466 οὑκ
552 1413 620 1466 ἂν
641 1413 978 1482 ὁμολογήσαι
999 1413 1058 1464 τό
1083 1429 1095 1442 ·
1138 1430 1156 1461 t
1207 1414 1472 1482 Ἐπάρατε
1499 1415 1621 1476 τοὺς
1657 1414 1848 1480 ὀφθαλ-

286 1504 426 1572 μοὺς
459 1501 639 1571 ὑμῶν,
675 1501 770 1553 καὶ
795 1500 1058 1553 θεάσασθε
1081 1500 1176 1563 τὰς
1205 1501 1402 1572 χώρας,
1431 1504 1507 1555 ὅτι
1533 1503 1717 1556 λευκαί
1744 1506 1846 1556 εἰσι

287 1590 426 1660 πρὸς
461 1588 723 1659 θερισμὸν
755 1588 878 1658 ήδη,
917 1607 936 1638 ι
974 1589 1334 1656 πνευματικὸν
1355 1584 1489 1641 εῖναι
1529 1591 1623 1642 καὶ
1650 1591 1848 1660 γυμνὸν

288 1678 560 1747 αἰσθητῶν
600 1677 963 1746 πνευματικόν
986 1676 1122 1747 (59);
1155 1671 1197 1744 ᾧ
1224 1679 1504 1731 ἀκόλουθον
1536 1680 1601 1732 ἂν
1626 1679 1706 1748 εἴη
1751 1683 1842 1732 καὶ

288 1769 348 1820 τὸ
383 1736 508 1830 τοὺς
563 1736 812 1837 μαθητὰς
853 1736 1031 1833 λέγειν
1076 1736 1214 1836 μετὰ
1267 1769 1594 1838 τετράμηνον
1632 1736 1842 1820 ἔσεσθαι
1875 1736 1914 1786 Β

289 1857 378 1909 τόν
427 1856 689 1926 θερισμόν
737 1855 830 1908 τόν
882 1854 1188 1925 σύγκριτον,
1233 1856 1352 1907 ὅσον
1393 1857 1482 1908 ἐπὶ
1519 1859 1582 1925 τῇ
1626 1856 1843 1926 ὑπονοίᾳ

290 1943 483 2007 αὐτῶν,
528 1945 611 2005 είς
659 1942 752 1996 τόν
794 1941 898 1993 ὑπὸ
937 1942 1030 1994 τοῦ
1092 1941 1261 2010 Ἰησοῦ
1316 1941 1656 2010 δεικνύμενον
1698 1943 1841 2012 θερι-

292 2033 421 2101 σμόν
449 2032 582 2101 (60).
621 2031 932 2101 Νομίζομεν
971 2026 1063 2082 οὖν
1101 2030 1322 2082 τοιαῦτά
1349 2047 1468 2082 τινα
1512 2029 1646 2083 εἶναι
1679 2034 1736 2082 ὲν
1769 2031 1844 2100 τῷ

289 2122 412 2181 τοὺς
434 2118 685 2188 μαθητάς
721 2119 920 2185 λέγειν,
951 2118 1033 2168 ὅτι
1069 2134 1088 2165 ι
1139 2116 1482 2185 Τετράμηνός
1523 2116 1656 2179 ἐστι,
1703 2117 1792 2168 καὶ
1819 2119 1846 2168 ό

288 2210 543 2283 θερισμός
583 2209 828 2278 ἔρχεται.
877 2227 894 2256 ι
929 2209 992 2258 Οἱ
1027 2207 1261 2258 πλεῖστοι
1292 2205 1396 2258 τῶν
1432 2205 1522 2257 τοῦ
1547 2206 1714 2272 Λόγου
1750 2224 1845 2276 μα-

289 2299 463 2369 θητῶν
509 2297 818 2359 ἐννοοῦντες
868 2297 1180 2363 δυσέφικτον
1231 2292 1362 2348 εἷναι
1417 2298 1479 2363 τῇ
1540 2295 1846 2367 ἀνθρωπίνῃ

287 2391 444 2460 φύσει
469 2391 568 2461 τὴν
593 2389 872 2457 ἀληθειαν,
895 2389 982 2440 ὅτε
1013 2387 1310 2457 διειλήφασι
1342 2389 1466 2455 περὶ
1487 2386 1672 2456 ἐτέρας
1702 2388 1846 2457 παρὰ

284 2480 383 2549 τὴν
420 2481 774 2548 ἐνεστηκυῖαν
819 2476 960 2545 ζωὴν
1003 2475 1168 2544 ζωῆς,
1203 2474 1598 2544 ἁπαυδήσαντες
1629 2477 1718 2528 ἐπὶ
1754 2477 1843 2528 τοῦ

289 2566 552 2634 παρόντος
587 2565 726 2634 πρὸς
749 2565 810 2615 τό
855 2564 981 2634 περὶ
1005 2561 1110 2613 τῶν
1141 2561 1478 2632 ζητουμένων
1515 2566 1682 2628 τέλος,
1718 2568 1846 2619 ὑπο-

288 2655 618 2726 λαμϐάνουσι
651 2653 791 2723 μετὰ
818 2652 920 2721 τὴν
947 2651 1080 2720 πρὸς
1105 2651 1172 2702 τὰ
1202 2651 1437 2721 τέσσαρα
1472 2659 1704 2724 στοιχεῖα
1735 2657 1842 2725 (61)

291 2743 642 2810 συγγένειαν,
697 2740 1032 2810 ὑπερϐάντες
1055 2738 1253 2800 ταῦτα,
1310 2740 1702 2811 καταλήψεσθαι
1751 2746 1844 2814 τὴν

290 2833 563 2903 ἀλήθειαν.
597 2833 766 2885 Φασὶν
795 2828 890 2883 οὖν
918 2830 1059 2882 κατὰ
1086 2828 1181 2898 τὴν
1213 2829 1304 2880 τοῦ
1344 2831 1546 2900 Κυρίου
1581 2835 1761 2904 φωνὴν
1797 2839 1844 2890 οἱ

296 2924 528 2993 μαθηταὶ
558 2925 688 2992 περὶ
716 2921 811 2973 τοῦ
839 2918 1122 2990 θερισμοῦ,
1157 2919 1303 2980 ὅστις
1337 2921 1480 2972 ἐστὶν
1511 2924 1544 2991 ἡ
1577 2925 1845 2979 συντέλεια

1942 809 2215 863 qmerere,
2255 794 2380 862 quid
2422 795 2661 861 cogitans
2700 791 2853 848 Jesus
2914 795 3190 864 discipulis
3248 798 3474 852 dixerit:

1949 902 1967 934 ε
2006 881 2188 936 Nonne
2236 897 2328 936 vos
2354 882 2566 946 dicitis,
2611 881 2750 949 quod
2798 883 2971 936 adhuc
3007 893 3236 951 quatuor
3269 900 3476 939 menses

1944 981 2084 1032 sunt,
2115 979 2164 1024 et
2189 971 2375 1022 messis
2396 969 2574 1022 venit?
2594 968 2729 1022 Ecce
2752 969 2871 1022 dico
2900 971 3049 1024 vobis
3081 987 3095 1023 :
3133 971 3324 1025 Levate
3348 988 3478 1027 ocu-

1945 1057 2022 1111 los
2049 1065 2287 1120 vestros,
2329 1066 2383 1110 et
2431 1057 2605 1110 videte
2645 1057 2890 1124 regiones
2940 1060 3088 1112 albas
3134 1060 3379 1128 essejam
3413 1062 3476 1111 ad

1947 1160 2171 1199 messem
2219 1146 2283 1200 '°.
2341 1165 2360 1196 ι
2410 1145 2860 1210 Quemadmodum
2925 1157 3101 1200 autem
3161 1149 3478 1201 dicebamus

1946 1249 2111 1302 aquas
2139 1245 2385 1287 accurate
2416 1237 2786 1291 examinantes
2819 1239 2870 1289 in
2907 1251 3153 1290 sermone
3195 1237 3476 1292 Samariti-

1947 1323 2059 1386 dis,
2090 1323 2158 1375 ita
2185 1323 2290 1376 hoc
2319 1324 2478 1376 etiam
2513 1323 2626 1376 loco
2672 1323 2948 1378 faciemus.
3003 1322 3134 1388 Quis
3179 1324 3320 1376 enim
3371 1323 3483 1390 jam

1947 1428 2050 1466 non
2072 1412 2388 1466 sitfassurus
2414 1413 2610 1465 dictum
2629 1414 2760 1466 hoc:
2791 1430 2809 1462 ι
2831 1413 3026 1466 Levate
3044 1413 3227 1467 oculos
3253 1423 3478 1478 vestros,

1948 1511 1999 1553 et
2052 1501 2220 1555 ridete
2265 1503 2512 1567 regiones
2554 1502 2704 1555 albas
2735 1516 2856 1556 esse
2923 1501 3034 1568 jam
3063 1503 3126 1556 ad
3163 1518 3422 1570 messem,
3457 1525 3474 1555 ι

1949 1589 2220 1657 spirituale
2247 1603 2363 1642 esse
2398 1591 2700 1658 nudumque
2730 1591 2811 1643 his
2843 1591 3003 1645 rebus
3027 1606 3144 1660 quae
3173 1606 3329 1646 sensu
3362 1608 3482 1660 per-

1953 1677 2259 1747 cipiuntur?
2313 1678 2395 1729 cui
2425 1692 2754 1745 consequens
2780 1681 2940 1732 etiam
2988 1681 3126 1741 erit,
3177 1681 3254 1734 nti
3303 1681 3484 1735 dicant

1948 1768 2185 1834 discipuli
2235 1776 2353 1835 post
2408 1777 2638 1835 quatuor
2688 1783 2897 1822 menses
2946 1768 3178 1822 futuram
3229 1783 3482 1832 messem,

1949 1872 2083 1922 quae,
2112 1856 2251 1926 quod
2279 1859 2344 1909 ad
2374 1870 2559 1908 eorum
2591 1855 2954 1922 conjecturam
2991 1858 3269 1923 attinebat,
3301 1860 3480 1922 messi,

1950 1963 2067 2014 quae
2111 1962 2138 1998 a
2171 1945 2294 2000 Jesu
2333 1944 2518 1999 fuisset
2549 1955 2760 2000 ostensa
2784 1991 2804 2016 ,
2851 1947 3038 2000 similis
3077 1960 3239 2001 esset.
3283 1949 3480 2002 Existi-

1951 2052 2156 2089 mamus
2186 2051 2312 2103 ergo
2337 2035 2388 2087 in
2420 2035 2500 2087 his
2541 2035 2913 2103 discipulorum
2949 2037 3158 2100 verbis,
3195 2055 3213 2086 ι
3252 2048 3482 2105 quatuor

1952 2139 2158 2178 menses
2183 2133 2342 2185 sunt.
2372 2133 2425 2176 et
2459 2124 2647 2177 messis
2674 2125 2852 2186 venit,
2891 2143 2909 2174 ι
2954 2125 3107 2176 talem
3147 2127 3320 2179 inesse
3361 2141 3481 2180 sen-

1950 2228 2086 2266 sum.
2120 2212 2426 2278 Complures
2452 2211 2832 2280 discipnlorum
2863 2210 3046 2273 Verbi,
3075 2213 3480 2268 considerantes

1951 2299 2292 2354 difﬁciliorem
2334 2312 2452 2352 esse
2487 2297 2766 2352 veritatem
2806 2311 2961 2364 quam
2995 2312 3110 2364 quae
3139 2297 3204 2348 ab
3255 2299 3482 2349 humana

1953 2398 2142 2442 natura
2169 2388 2367 2456 percipi
2404 2387 2560 2440 facile
2601 2386 2804 2453 possit,
2849 2400 2968 2439 cum
3020 2387 3390 2438 disseruerunt
3421 2387 3486 2438 de

1949 2494 2011 2533 ea
2035 2481 2145 2532 vita
2178 2492 2294 2546 quae
2327 2487 2406 2530 est
2432 2477 2595 2528 altera
2626 2490 2654 2528 a
2683 2475 2951 2543 praesenti,
2980 2475 3254 2543 defatigati
3307 2477 3358 2528 in
3393 2491 3486 2544 ap-

1951 2567 2325 2637 prehendendo
2366 2565 2468 2618 ﬁne
2502 2579 2682 2618 earum
2746 2578 2922 2616 rerum
2972 2578 3088 2631 quae
3133 2565 3184 2616 in
3234 2566 3482 2632 prmsenti

1953 2660 2057 2711 vita
2082 2664 2423 2724 quaeruntur,
2453 2655 2731 2708 veritatem
2760 2667 2819 2707 se
2843 2654 3269 2722 apprehensuros
3299 2653 3486 2708 existi-

1951 2757 2112 2810 mant,
2147 2761 2266 2800 cum
2317 2755 2545 2814 quatuor
2571 2742 2830 2796 elementa
2875 2743 3321 2805 transcenderint,
3364 2758 3484 2797 cum

1949 2835 2142 2904 quibus
2169 2835 2544 2903 cognationem
2590 2832 2810 2885 habent.
2853 2831 3082 2884 Proinde
3115 2831 3298 2883 dicunt
3325 2830 3487 2884 disci-

1950 2929 2055 2996 puli
2080 2967 2096 2992 ,
2155 2940 2405 2989 messem,
2429 2939 2568 2993 quae,
2590 2923 2740 2992 juxta
2773 2922 2980 2975 Domini
3012 2937 3216 2987 vocem,
3243 2931 3324 2976 est
3362 2936 3488 2974 con-

292 3015 398 3066 τῶν
423 3011 805 3082 συγκομιστῶν
834 3012 933 3079 τῆς
967 3009 1220 3079 ἀληθείας
1251 3010 1443 3079 ἔργων,
1474 3013 1554 3063 ὅτι
1587 3016 1721 3082 μετὰ
1752 3018 1846 3087 τὴν

1957 3017 2236 3070 summatio
2266 3014 2636 3069 collatitiormn
2667 3013 2903 3067 veritatis
2936 3027 3186 3080 operum.
3220 3011 3330 3063 fieri
3373 3020 3490 3078 post

293 3106 640 3172 ἐνεστηκυῖαν
661 3102 894 3172 τετράδα
911 3101 1140 3166 γίνεται.
1189 3100 1260 3150 Τό
1278 3100 1332 3152 δὲ
1354 3101 1460 3152 τῶν
1481 3104 1661 3171 μηνῶν
1682 3105 1845 3178 ὄνομα

293 3199 426 3265 πρὸς
444 3193 504 3245 τὸ
524 3193 734 3263 πρέπον
757 3191 834 3260 τῷ
856 3207 920 3242 πε
929 3191 982 3258 pi.
1003 3187 1096 3240 τοῦ
1121 3188 1375 3257 θερισμοῦ
1399 3190 1538 3258 λόγῳ
1563 3198 1853 3267 σωματικῷ

293 3283 562 3351 εἴληπται.
597 3282 671 3333 Οὑ
700 3280 808 3348 γὰρ
839 3278 1004 3348 ἐχρῆν
1031 3278 1258 3344 φάσκειν
1279 3277 1368 3328 τό·
1403 3295 1421 3327 t
1452 3279 1560 3348 Οὑχ
1587 3281 1742 3350 ὑμεῖς
1769 3283 1852 3336 λέ-

292 3385 435 3436 τετε,
462 3369 544 3420 ὅτι
567 3367 647 3419 ἔτι
666 3367 778 3436 (62)
795 3365 1056 3434 τέσσαρες
1085 3363 1304 3432 ἡμέραι,
1327 3365 1418 3416 καὶ
1439 3366 1468 3416 ό
1495 3364 1747 3437 θερισμός
1769 3370 1855 3440 έρ-

291 3471 459 3524 χεται·
489 3474 506 3504 ι
537 3454 596 3522 ἢ,
635 3473 654 3502 ι
683 3454 806 3504 Ἔτι
837 3452 1076 3521 τέσσαρα
1100 3469 1118 3501 ι
1136 3450 1250 3517 ἐτη,
1275 3469 1292 3502 ι
1319 3452 1411 3503 καὶ
1435 3455 1462 3504 ὁ
1489 3453 1738 3524 θερισμός
1768 3458 1854 3528 ἔρ-

291 3557 497 3610 χεται;›
522 3541 759 3610 μάλιστα
785 3539 904 3590 ἐπεὶ
925 3539 1016 3590 κα)⁸
1039 3538 1160 3598 τοὺς
1183 3537 1400 3601 πολλοὺς
1429 3541 1518 3591 καὶ
1547 3557 1855 3610 σωματικω-

291 3627 477 3698 τέρους
512 3627 796 3680 λανθάνειν
820 3627 848 3676 ό
874 3625 1042 3692 Λόγος
1077 3625 1355 3693 βούλεται·
1392 3627 1642 3696 κρύπτων
1677 3631 1770 3698 μὲν
1795 3632 1854 3682 τὸ

296 3717 570 3787 μυστικὸν,
599 3714 879 3785 ἐμφαίνων
923 3713 978 3765 δὲ
1003 3713 1064 3765 τὸ
1103 3713 1458 3783 ἁπλούστερον
1483 3717 1562 3776 είς
1583 3715 1639 3768 τὸ
1670 3721 1854 3785 σαφεῖς

294 3804 429 3860 εἶναι
454 3805 769 3876 νομίζεσθαι
789 3805 913 3866 τοὺς
929 3803 1428 3872 ἀπαγγελλομένους
1444 3805 1547 3856 ὑπὸ
1565 3804 1655 3856 τοῦ
1673 3807 1854 3875 Σωτῆ-

295 3913 384 3967 ρος
398 3893 692 3964 λόγους.’Ἡ
709 3895 847 3962 τάχα
859 3891 920 3944 τὺ
934 3891 1038 3944 τῶν
1057 3892 1306 3963 μαθητῶν
1324 3891 1564 3962 βούλημα
1576 3893 1849 3960 λεγόντων·

298 4006 317 4035 ‹
350 3987 468 4038 Ἔτι
513 3982 854 4053 τετράμηνός
891 3985 1025 4045 ἐστι,
1071 3982 1164 4033 κα)⁹
1205 3983 1233 4032 ὁ
1277 3981 1527 4050 θερισμὸς
1569 3981 1801 4052 ἔρχεται,
1831 4003 1847 4032 ι

293 4075 528 4126 τοιοῦτόν
558 4076 706 4125 ἐστι’
739 4071 1014 4142 τέσσαρές
1049 4071 1154 4122 είσι
1186 4072 1406 4139 σφαῖραι
1435 4071 1542 4123 τῶν
1581 4072 1854 4141 τεσσάρων

299 4166 594 4235 στοιχείων,
633 4164 991 4231 ὑποκείμεναι
1028 4164 1092 4230 τῇ
1137 4159 1358 4229 αἰθερίῳ
1391 4160 1567 4227 φύσει,
1613 4163 1670 4214 ὲν
1705 4163 1856 4231 μέσῳ

299 4261 393 4327 μὲν
422 4261 516 4312 καὶ
545 4256 845 4325 κατωτάτω
875 4257 908 4325 ἡ
953 4255 1051 4324 τῆς
1078 4255 1179 4322 γῆς
1197 4251 1302 4324 (65)
1323 4268 1336 4281 ·
1369 4252 1497 4321 περὶ
1535 4250 1700 4320 αὐτὴν
1739 4251 1794 4302 δὲ
1821 4252 1854 4318 ἡ

1952 3109 2238 3160 instantem
2287 3105 2718 3172 quaternitatem.
2770 3103 2934 3156 Porro
2986 3102 3241 3155 mensium
3295 3114 3486 3153 nomen

1951 3195 2328 3248 convenienter
2368 3194 2598 3247 sermoni
2632 3206 2890 3259 corporeo
2925 3192 2990 3245 de
3016 3205 3189 3244 messe
3215 3200 3484 3258 sumptum

1949 3295 2048 3339 est.
2091 3285 2198 3337 Nec
2230 3283 2369 3337 enim
2400 3283 2576 3337 dicere
2598 3282 2910 3350 oportebat:
2962 3299 2978 3332 ι
3023 3279 3206 3334 Nonne
3235 3296 3327 3334 vos
3355 3281 3484 3332 dici~

1953 3376 2020 3428 tis
2048 3374 2185 3442 quod
2213 3374 2385 3427 adhuc
2423 3382 2650 3441 quatuor
2693 3373 2808 3424 dies
2861 3381 3018 3437 sunt,
3062 3380 3114 3424 et
3156 3371 3341 3424 meSsis
3393 3385 3484 3424 ve-

1954 3465 2060 3516 nit:
2090 3483 2106 3514 ι
2133 3463 2265 3526 vel,t
2289 3463 2477 3516 Adhuc
2501 3470 2726 3532 quatuor
2747 3479 2765 3512 ι
2788 3463 3022 3526 anni,¢et
3045 3463 3232 3515 messis
3260 3461 3441 3514 venit?
3464 3480 3488 3512 »-

1952 3551 2106 3620 251
2145 3551 2304 3620 idque
2336 3549 2695 3618 potissimum,
2718 3551 2966 3618 quoniam
2989 3550 3178 3604 Sermo
3202 3549 3371 3602 Filius
3395 3550 3486 3603 Dei

1953 3641 2167 3710 vulgum
2206 3650 2260 3693 et
2307 3637 2520 3707 corpori
2558 3638 2767 3692 deditos
2811 3637 2939 3690 velit
2979 3637 3164 3700 latere,
3201 3639 3482 3706 mysticum

1953 3729 2166 3798 quidem
2197 3729 2399 3792 celans,
2431 3727 2484 3783 id
2521 3741 2646 3780 vero
2673 3726 2816 3794 quod
2845 3726 3140 3794 simplicius
3169 3736 3270 3790 est,
3302 3737 3484 3780 osten-

1953 3820 2106 3881 dens,
2131 3827 2187 3869 ut
2213 3816 2384 3884 aperti
2424 3828 2544 3868 esse
2585 3815 2966 3868 existimentur
2994 3829 3264 3868 sermones
3299 3829 3327 3866 a
3359 3815 3486 3868 Ser-

1955 3900 2141 3959 vatore‘
2167 3904 2373 3972 prolati.
2414 3901 2507 3956 Vel
2533 3902 2774 3956 fortassis
2802 3902 3183 3970 discipulorum
3219 3902 3478 3966 voluntas,

1955 3994 2273 4048 dicentium:
2304 4009 2322 4041 ι
2354 3991 2543 4053 Adhuc
2563 3999 2687 4044 sunt
2714 3999 2940 4057 quatuor
2960 4004 3188 4051 menses,
3223 3999 3276 4042 et
3299 3991 3484 4044 messis

1957 4083 2119 4144 venit,
2147 4101 2166 4134 ›
2195 4081 2312 4136 talis
2332 4091 2444 4136 est:
2477 4079 2715 4147 Quatuor
2740 4093 2864 4134 sunt
2892 4081 3110 4148 sphmra‘.
3127 4089 3356 4147 quatuor
3378 4079 3485 4133 ele-

1956 4181 2274 4234 mentorum,
2312 4183 2429 4239 qua:
2474 4172 2722 4240 subjecta:
2765 4181 2889 4224 sunt
2933 4181 3130 4222 natura:
3160 4169 3398 4234 caelesti;
3432 4169 3484 4222 in

1956 4259 2125 4313 medio
2148 4260 2362 4328 quidem
2392 4268 2445 4312 et
2473 4261 2703 4312 maxime
2732 4258 2942 4312 inferne
2962 4259 3166 4324 sphaera
3190 4265 3271 4311 est
3293 4267 3446 4310 terra:
3469 4273 3484 4308 :

295 4349 387 4400 τοῦ
433 4348 658 4409 ὑδατοςο
709 4346 804 4399 καὶ
842 4344 999 4416 τρίτη
1030 4345 1063 4412 ἡ
1108 4341 1200 4394 τοῦ
1245 4339 1432 4410 ἀέρος·
1468 4339 1695 4408 τετάρτη
1729 4338 1785 4390 δὲ
1819 4340 1849 4408 ἡ

1957 4349 2096 4402 circa
2129 4348 2266 4400 hanc
2287 4358 2367 4400 est
2400 4348 2607 4415 sphaera
2642 4361 2792 4414 aquae
2822 4364 2834 4399 :
2867 4347 3022 4400 tertia
3043 4356 3124 4400 est
3145 4346 3488 4414 aeris,quar-

297 4437 388 4489 τοῦ
413 4438 607 4507 πυρός’
641 4435 760 4505 μεθ’
787 4437 852 4504 ἥν
879 4435 912 4502 ἡ
935 4433 1033 4500 τῆς
1063 4431 1306 4501 σελήνης,
1335 4428 1555 4481 καὶτῶν
1585 4428 1727 4498 ἑξῆς.
1746 4429 1854 4480 Καὶ

297 4528 679 4597 ὲπιστήσωμεν
743 4525 950 4592 μήποτε
1002 4519 1469 4589 ὑπολαμϐάνουσιν
1515 4521 1563 4570 οἱ
1619 4518 1854 4588 μαθηταὶ

299 4619 433 4686 πρὸς
482 4617 544 4670 τδ
582 4615 694 4685 (64)
743 4612 1097 4682 καθαρωτέρα
1149 4610 1301 4662 οὑσία
1353 4609 1671 4677 γενομένους
1729 4609 1854 4670 τοὺς

303 4706 545 4758 ἐντεῦθεν
571 4701 1116 4774 παρεσκευασμένους
1136 4696 1532 4768 καταλήψεσθαι
1557 4697 1618 4748 τὸ
1640 4696 1852 4766 ἀληθὲς,

303 4797 422 4848 ὅταν
449 4797 544 4849 καὶ
569 4794 668 4864 τὴν
711 4792 806 4844 τοῦ
838 4791 1004 4860 πυρός
1032 4807 1114 4851 τις
1144 4788 1362 4840 δύναται
1409 4788 1639 4854 σφαῖραν
1673 4785 1856 4855 διαϐῆ-

372 4933 418 4965 ⁸⁹
441 4932 724 4993 Jo=m.vtl,
758 4929 814 4982 2.
889 4929 933 4960 ⁸⁸
961 4927 1112 4981 Joan.
1152 4942 1222 4988 tv,
1257 4925 1344 4977 55.

372 5092 481 5158 (58)
502 5092 686 5145 Codex
722 5090 1062 5158 Bodleianus.
1085 5093 1398 5158 ποιήσομεν.

396 5150 482 5228 59)
503 5157 941 5228 Πνευμᾳτικόν.
970 5159 1122 5228 Deest
1140 5150 1207 5228 in'
1223 5150 1406 5228 codice
1437 5150 1746 5228 Bodleiano.

396 5218 482 5298 60')
507 5218 682 5298 Codd:
720 5225 1010 5298 R_egius_et
1036 5218 1503 5298 Barherintrsntb‘v
1544 5221 1854 5298 σύγκριτον,

304 5285 419 5348 ὅσον
466 5285 563 5349 ἐπὶ
623 5298 691 5358 τῇ
747 5285 1003 5358 άτῖονοίαλ
1026 5291 1213 5354 αὑτῶν,
1250 5287 1345 5358 ,τῷ
1388 5285 1518 5358 ὑπδ-
1542 5285 1646 5342 τοῦ
1687 5285 1858 5358 Ἰησοῦ

301 5364 626 5436 δεικνυμένῳ
653 5354 1070 5436 Δθερισιψῷξεοιξᾳ
1092 5354 1424 5436 Bodleianus,
1457 5354 1566 5436 τῶν
1606 5354 1862 5436 συγκὸμιῖ

303 5375 626 5436 σεικνυμένω
663 5375 724 5415 Us
773 5376 827 5410 ισ
877 5375 940 5423 ῳ.
977 5375 1070 5408 Dea
1092 5375 1424 5412 nouletattus,
1457 5375 1566 5406 των
1606 5375 1862 5428 συγκομι-

303 5435 455 5498 στῶν,
489 5419 613 5486 ὅσον
646 5375 1294 5498 ὲπξτξὺρτονοίᾳρὺτῶν,
1336 5421 1416 5480 εις
1458 5422 1548 5474 τὸν
1611 5425 1712 5476 ὑπὸ
1772 5427 1862 5478 τοῦ

311 5490 474 5572 Ἰησοῦ
501 5490 1153 5572 δεικνύμξνξγβερισμδνι
1270 5559 1319 5572 ,Α
1351 5571 1355 5572 ν
1392 5552 1461 5572 ,ιλ
1504 5559 1515 5568 .

365 5552 472 5640 ιιι)
503 5552 1062 5640 ξοέιρκ·δο‹ιιςθξιιῐιυε;
1097 5559 1358 5628 στοιχεῖα·
1389 5552 1603 5626 Regius
1637 5568 1691 5613 ει
1743 5561 1867 5616 Bar-

298 5637 526 5710 bcriuus,
558 5637 666 5693 τῶν
698 5637 1003 5691 στοιχείων.

1955 4445 2005 4488 ta
2057 4436 2214 4505 ignis,
2259 4446 2376 4502 post
2413 4452 2567 4504 quam
2613 4438 2821 4504 sphaera
2868 4435 3004 4488 luna:
3057 4445 3110 4488 et
3152 4445 3489 4489 exterarum.

1957 4521 2209 4576 Notemus
2253 4524 2437 4588 etiam,
2471 4539 2537 4577 ne
2586 4524 2724 4579 forte
2755 4525 3002 4592 discipuli
3040 4525 3369 4587 existiment,
3399 4539 3492 4578 eos

1957 4613 2231 4666 veritatem
2267 4622 2630 4682 percepturos,
2649 4614 2739 4683 qui
2771 4615 2897 4668 hinc
2931 4615 3178 4668 instructi
3228 4615 3490 4667 discesse-

1956 4700 2082 4761 rint,
2141 4709 2195 4754 et
2239 4716 2402 4770 prope
2458 4703 2728 4770 puriorem
2777 4703 3067 4756 essentiam
3117 4701 3490 4769 pervenerint,

1955 4792 2166 4857 quando
2217 4793 2383 4861 possit
2424 4793 2567 4860 ‘quis
2622 4808 2724 4844 non
2787 4800 3065 4859 corruptus
3104 4797 3322 4858 peccato
3356 4788 3493 4853 ignis

2027 5091 2136 5157 (62)
2164 5091 2390 5143 Codices
2414 5087 2728 5140 Bodleianus
2746 5094 2800 5139 et
2826 5081 3124 5143 Barberin.,
3179 5079 3260 5130 ὅτι
3291 5078 3400 5130 ἐτι·
3435 5079 3489 5132 in

1960 5159 2123 5226 Regio
2157 5162 2304 5227 deest
2327 5158 2428 5208 ὅτι.
2487 5225 2497 5227 _
2615 5222 2650 5227 _
2978 5219 2991 5227 _
3050 5217 3061 5227 ι
3125 5225 3131 5227 _
3186 5218 3198 5227 _
3259 5215 3300 5227 Av
3406 5215 3429 5226 η

2031 5217 2140 5293 (65)
2186 5226 2348 5293 Recte
2402 5225 2569 5293 codex
2615 5220 2932 5293 Bodleianus
2978 5217 3135 5270 habet
3175 5218 3208 5285 ή
3241 5217 3336 5284 τῆς
3368 5217 3492 5283 γῆς.

1967 5289 2162 5362 Regius
2197 5303 2252 5362 et
2279 5291 2600 5362 Barberittus
2633 5289 2886 5362 omittunt
2912 5289 2970 5362 ἡζ
3032 5352 3065 5362 _
3122 5360 3128 5362 _
3350 5350 3363 5362 _
3413 5350 3427 5362 _
3451 5350 3463 5362 ο

2037 5350 2150 5427 (64)
2185 5359 2362 5412 Codex
2386 5359 2720 5427 Bodleianus,
2745 5355 2876 5427 πρὸς
2907 5350 2994 5424 τῇ.
3028 5352 3288 5406 Caeterum
3310 5350 3383 5427 ab
3413 5350 3496 5404 his

1972 5419 2150 5484 verbis
2202 5428 2334 5495 πρὸς
2379 5427 2438 5478 τὸ
2482 5419 3015 5495 καθαρωτέρακβιόη
3048 5434 3214 5495 usque
3258 5419 3493 5495 adista.

1975 5497 2170 5566 ταύτην
2192 5489 2256 5547 δὲ’
2277 5496 2372 5566 τῂν
2389 5489 2667 5562 ὑπόληψιν,
2697 5489 2825 5552 etc.,
2855 5492 3036 5566 (Bucca
3066 5491 3282 5566 omnino
3312 5489 3495 5543 vitiata

1975 5559 2239 5630 sunt,'nec
2271 5559 2432 5619 ullum
2457 5578 2522 5619 cx
2544 5559 2617 5616 iis
2645 5575 2861 5614 sensum
2887 5559 3154 5629 expiscari
3183 5559 3324 5613 licet.
