3828 6200
263 315 362 366 ιῖὸ

1305 298 1655 362 ΟΟΜΜΕΝΤ.
1694 308 1761 364 ΙΝ
1797 309 1986 367 JOAN.
2028 305 2263 365 TOMUS
2296 307 2434 364 Xlll.

3350 319 3450 372 474

276 425 441 493 ὑμῶν,
467 421 549 473 itali.
571 395 817 495 θεάσασὲε
851 409 976 477 τὰς
1006 421 1218 492 χώρας,
1243 423 1321 474 ὅτι
1345 419 1528 471 λευκαί
1557 424 1665 476 εἰσι
1692 426 1824 495 πρὸς

1924 427 2098 480 videte
2131 425 2246 478 ioca
2269 421 2382 489 jam
2425 425 2541 479 alba
2591 439 2712 480 esse
2757 426 2823 478 ad
2861 440 3105 480 messem.
3134 446 3152 478 ι
3181 428 3237 482 In
3271 433 3450 488 multis

275 512 518 582 θερισμδν
563 506 705 576 ἢδη.»
752 493 1064 576 Πολλαχοῦ
1116 514 1213 581 τῆς
1262 510 1473 582 Γραφῆς
1527 516 1704 567 κεῖται
1737 493 1816 568 τό·

284 621 302 652 ι
340 600 596 669 Ἐπάρατε
624 591 738 651 τοὺς
763 585 1100 665 ὀφθαλμοὺς
1131 603 1300 670 ὑμῶν,
1327 621 1344 651 ι
1380 605 1820 671 προτρεπομένου

276 691 422 758 ἡμᾶς
446 687 533 738 τοῦ
561 684 694 738 θείου
717 678 874 746 λόγου
903 683 1105 754 ὑψοῦν.
1136 691 1230 744 καὶ
1265 690 1503 760 ἐπαίρειν
1529 689 1597 743 τὰ
1625 694 1822 762 φρονή-

280 795 442 848 ματα,
468 777 557 829 καὶ
582 776 642 826 τὸ
663 773 963 842 διορατικὸν
988 779 1142 831 κάτω
1166 796 1266 831 που
1287 779 1548 848 κείμενον,
1573 779 1667 831 καὶ
1698 797 1824 847 συγ-

274 867 498 927 κύπτον,
534 865 608 934 μὴ
635 864 920 933 δυνάμενόν
952 885 1012 920 τε
1037 868 1304 937 ἀνακύψαι
1347 869 1424 926 εἰς
1465 868 1526 920 τὸ
1571 869 1824 931 παντελὲς

273 955 637 1024 μετεωρίσαι·
672 955 856 1023 ὣσπερ
885 955 944 1006 ὲν
971 949 1174 1026 Ἡσαΐᾳ
1192 974 1204 986 ο
1242 976 1260 1008 ι
1296 957 1559 1025 Ἐπάρατε
1591 959 1669 1018 εἰς
1695 956 1824 1024 ὕψος

267 1046 393 1107 τοὺς
416 1045 729 1114 ὀφθαλμοὺς
767 1044 940 1113 ὑμῶν,
966 1049 1059 1098 καὶ
1091 1047 1222 1100 ἴδετε
1254 1048 1334 1108 τίς
1363 1048 1629 1113 κατέδειξε
1656 1047 1823 1100 ταῦτα

266 1133 466 1187 πάντα.
489 1152 511 1184 ι
556 1135 669 1186 Καὶ
711 1135 740 1185 6
781 1135 970 1204 Σωτὴρ
1006 1135 1086 1198 δὲ,
1127 1137 1214 1188 ὅτε
1244 1136 1544 1204 μὲλλειτοῖς
1575 1138 1632 1187 ὲν
1663 1135 1824 1204 πεδίῳ

268 1219 582 1289 συναχθεῖσι
620 1219 749 1290 (68⁹)
784 1221 962 1287 λέγειν
1006 1224 1133 1284 τοὺς
1182 1223 1572 1290 μακαρισμοὺς,
1621 1221 1824 1290 ἐπάρας

263 1311 385 1372 τοὺς
413 1309 732 1378 ὀφθαλμοὺς
757 1311 921 1364 αὑτοῦ
952 1312 1084 1382 πρὸς
1113 1314 1236 1374 τοὺς
1273 1310 1533 1381 μαθητὰς,
1559 1312 1704 1378 λέγει
1729 1313 1788 1364 τό
1805 1329 1819 1342 ο

269 1399 581 1467 «Μακάριοι
608 1419 625 1448 ι
660 1400 766 1452 οἵδε
797 1401 890 1452 καὶ
908 1396 1018 1452 οἵδε
1040 1418 1053 1430 ο
1087 1401 1256 1462 οὐδεὶς
1279 1400 1385 1470 γάρ
1410 1402 1627 1470 γνήσιος
1653 1401 1822 1470 Ἰησοῦ

264 1488 510 1558 μαθητὴς
534 1488 690 1540 κάτω
715 1489 880 1553 ἐστὶν,
909 1489 982 1550 ὡς
1005 1489 1122 1540 οὐδὲ
1148 1492 1176 1542 6
1207 1489 1605 1557 ἀναπαυόμενος
1629 1490 1686 1542 ὲν
1713 1493 1824 1552 τοῖς

261 1577 355 1631 τοῦ
393 1576 656 1645 Ἀϐραὰμ
687 1576 926 1639 κόλποις.
968 1578 1024 1630 '0
1053 1577 1180 1644 γοῦν
1209 1577 1454 1640 πλούσιος
1491 1578 1745 1646 ὑπάρχων
1765 1580 1823 1630 ἐν

265 1664 518 1732 βασάνοις
563 1663 679 1733 (69)
726 1664 937 1733 ἐπάρας
983 1666 1110 1726 τοὺς
1155 1665 1458 1733 ὀφθαλμοὺς
1508 1665 1690 1732 βλέπει
1733 1665 1820 1717 τὸν

1920 512 2210 581 Scriptura
2242 512 2374 568 locis
2401 514 2630 581 positum
2673 525 2751 569 est
2784 515 2886 569 hoe
2930 515 3126 568 dictum
3155 535 3168 570 :
3210 536 3228 569 ι
3254 519 3448 576 Levate

1893 603 2100 658 oculos
2127 610 2396 664 vestros,»
2424 602 2603 655 divina
2627 618 2728 656 nos
2760 603 3006 657 oratione
3026 605 3342 662 admonente
3373 613 3447 664 ut-i

1919 691 2220 746 attollamus
2262 690 2636 758 elevetnusque
2689 701 2797 743 tum
2850 706 3057 754 sensus,
3089 701 3196 745 tum
3237 696 3342 748 vim
3371 699 3450 752 vi-

1919 777 2076 832 dendi
2109 778 2314 831 inferne
2346 778 2642 846 jaceutem,
2672 786 2726 831 et
2758 794 3001 844 pronam,
3033 793 3132 834 nec
3159 782 3364 850 erigere
3390 799 3448 839 se

1920 867 2204 930 valentem,
2223 875 2278 918 ut
2300 866 2536 934 perfecte
2550 867 2795 920 sublimia
2820 870 3241 936 contempletur;
3264 888 3449 940 quem-

1919 955 2204 1010 admodum
2253 955 2305 1008 in
2351 954 2484 1008 Isaia
2515 972 2528 1006 :
2563 973 2582 1005 ι
2608 955 2804 1010 Levate
2845 957 2896 1009 in
2939 959 3205 1012 excelsum
3267 962 3449 1017 oculos

1920 1054 2150 1107 vestros,
2183 1055 2237 1098 et
2263 1045 2440 1098 videte
2463 1045 2584 1111 quis
2607 1045 2716 1099 haec
2746 1048 2920 1098 omnia
2945 1050 3173 1101 ostendit
3192 1050 3256 1103 “.
3283 1069 3300 1100 ι
3331 1053 3452 1104 Scr-

1920 1140 2072 1186 vator
2095 1135 2258 1185 etiam
2295 1134 2375 1187 his
2402 1135 2488 1200 qui
2526 1135 2580 1185 in
2605 1149 2851 1202 campum
2879 1147 3253 1200 convenerant,
3284 1141 3452 1193 beati-

1923 1222 2134 1274 tudiues
2160 1222 2421 1284 dicturus,
2449 1223 2671 1275 elevatis
2700 1222 2871 1275 oculis
2899 1223 3007 1276 suis
3041 1225 3105 1276 ad
3137 1225 3448 1294 discipulos,

1921 1306 2091 1373 inquit
2115 1307 2194 1358 “z
2227 1325 2245 1358 ι
2274 1307 2418 1360 Beati
2445 1326 2464 1358 ι
2493 1308 2570 1371 1ιί,
2598 1321 2652 1361 et
2695 1310 2746 1361 hi
2779 1326 2792 1361 :
2836 1309 3011 1363 nullus
3053 1313 3192 1364 enim
3223 1313 3451 1381 discipu-

1922 1393 2003 1449 lus
2051 1409 2335 1463 germanus
2381 1395 2504 1449 Jesu
2546 1395 2686 1462 jacet
2739 1397 2963 1462 inferne,
3005 1401 3448 1466 quemadmodum

1921 1498 2092 1551 neque
2142 1484 2228 1538 ille
2272 1487 2360 1551 qui
2409 1490 2462 1537 in
2513 1485 2740 1538 Abrahae
2794 1487 2997 1540 sinibus
3042 1488 3448 1556 requiem-clm:

1920 1587 1984 1626 ex
2011 1586 2114 1641 quo
2144 1574 2315 1636 dives,
2349 1573 2438 1641 qui
2466 1574 2515 1626 in
2546 1575 2826 1628 tormentis
2860 1583 3000 1640 erat,
3037 1591 3155 1628 cum
3191 1577 3452 1631 elevasset

1920 1663 2121 1724 oculos,
2177 1661 2322 1713 videt
2368 1662 2635 1714 Abraham
2678 1672 2733 1715 et
2768 1662 3026 1715 Lazarum
3059 1665 3110 1716 in
3141 1665 3295 1732 hujus
3321 1668 3452 1720 sini-

274 1752 549 1822 ’Δϐραὰμ,
589 1753 688 1804 καὶ
730 1752 824 1804 τὸν
864 1753 1110 1821 Λάζαρον
1139 1753 1197 1804 ὲν
1237 1757 1347 1814 τοῖς
1393 1754 1606 1814 κόλποις
1635 1754 1816 1806 αὐτοῦ.

1924 1747 2018 1800 bus
2035 1747 2097 1799 “.
2123 1748 2204 1801 Ad
2227 1749 2342 1802 haec
2367 1749 2559 1802 mulier
2587 1751 2674 1802 illa
2714 1762 3014 1816 contracta,
3041 1768 3139 1807 nec
3166 1766 3326 1819 caput
3344 1758 3452 1808 eri-

266 1841 406 1910 Πρὸς
433 1839 651 1901 τούτοις
679 1843 714 1909 ἡ
747 1841 1145 1907 συγκύπτουσα,
1169 1842 1260 1892 καὶ
1295 1843 1364 1910 μὴ
1398 1843 1662 1912 δυναμένη
1687 1846 1816 1896 ἁνα-

265 1929 427 1996 κύψαι
461 1931 546 1990 εἰς
574 1929 641 1981 τὸ
683 1929 944 1991 παντελὲς
987 1929 1160 1997 Ἰησοῦ
1206 1931 1371 2000 αὐτὴν
1403 1931 1818 2001 ἀνορθώσαντος,

267 2019 579 2073 ἀποτίθεται
611 2020 679 2071 τὸ
722 2020 1046 2086 συγκόπτειν
1085 2021 1178 2072 καὶ
1210 2020 1270 2071 τὸ
1303 2021 1375 2089 μὴ
1413 2021 1666 2077 δύνασθαι
1691 2023 1820 2074 ἀνα-

267 2108 506 2173 κύπτειν,
540 2109 632 2162 ἵνα
677 2109 863 2179 ἐπάρῃ
897 2110 1021 2170 τοὺς
1050 2108 1370 2178 ὀφθαλμούς.
1400 2111 1506 2162 Καὶ
1535 2111 1705 2172 οὐδείς
1733 2127 1819 2177 γε,

272 2200 328 2250 ὲν
360 2199 586 2250 πάθεσιν
619 2197 723 2262 ὢν,
757 2199 854 2248 καὶ
886 2199 951 2266 τῇ
1000 2197 1162 2266 σαρκὶ
1209 2197 1603 2267 προστετηκὼς,
1636 2199 1668 2268 ἢ
1709 2202 1820 2262 τοῖς

270 2287 465 2348 ὑλικοίς
505 2287 955 2356 ὲμπεφυρμένος,
1002 2287 1233 2356 ἐτήρησε
1265 2286 1360 2356 τὴν
1389 2287 1644 2354 λέγουσαν
1673 2290 1818 2340 ὲντο-

273 2375 396 2445 λήνο
437 2395 455 2425 ι
494 2376 774 2445 Ἐπάρατε
811 2377 937 2436 τοὺς
979 2376 1284 2443 ὀφθαλμοὺς
1324 2375 1505 2444 ὑμῶν·
1536 2396 1552 2425 ι
1583 2377 1766 2447 διόπερ
1792 2381 1819 2428 6

270 2461 498 2524 τοιοῦτος
539 2462 666 2514 οὐδὲ
723 2461 972 2513 θεάσεται
1012 2461 1110 2523 τὰς
1139 2460 1338 2530 χώρας,
1380 2462 1480 2514 κᾶν
1512 2456 1605 2517 ὦσι
1636 2463 1820 2515 λευκαὶ

273 2551 404 2619 πρὸς
441 2549 705 2620 θερισμὸν
757 2551 877 2618 ἤδη.
913 2551 1032 2600 Ἔτι
1071 2549 1126 2602 δὲ
1170 2549 1338 2611 οὐδεὶς
1371 2550 1726 2620 ἐργαζόμενος
1752 2552 1818 2603 τὰ

273 2635 402 2706 ἔργα
431 2637 529 2704 τῆς
574 2637 786 2706 σαρκὸς
832 2636 1002 2704 ἐπῆρε
1040 2639 1164 2698 τοὺς
1191 2638 1510 2706 ὀφθαλμούς.
1542 2642 1738 2692 Λευκαὶ
1764 2641 1819 2693 δὲ

276 2724 332 2775 αι
363 2723 528 2792 χῶραι
571 2724 717 2792 πρὸς
761 2723 1014 2792 θερισμὸν
1056 2724 1155 2793 ἤδη
1190 2725 1344 2789 είσὶν,
1382 2729 1468 2782 ὅτε
1511 2727 1820 2797 πάρεστινό

273 2811 362 2864 τοῦ
397 2812 526 2864 Θεοῦ
556 2813 725 2880 λόγος
764 2811 1070 2881 σαφηνίζων
1104 2813 1194 2865 καὶ
1237 2813 1478 2880 φωτίζων
1509 2818 1682 2880 πάσας
1721 2817 1820 2880 τὰς

274 2899 443 2971 χώρας
488 2903 584 2970 τῆς
637 2902 869 2970 Γραφῆς
921 2901 1298 2972 πληρουμένης
1343 2903 1399 2954 ὲν
1448 2907 1514 2974 τῇ
1562 2907 1819 2976 ἐπιδημίᾳ

276 2990 450 3042 αὐτοῦ.
478 2992 628 3059 Τάχα
657 2991 721 3042 δὲ
749 2991 842 3044 καὶ
866 2991 1039 3042 πάντα
1064 2991 1130 3042 τὰ
1148 2990 1372 3059 αἰσθητὰ
1397 2993 1554 3061 μέχρι
1571 3011 1630 3061 γε
1657 2995 1819 3048 αὑτοῦ
1842 3023 1887 3081 ο

278 3078 366 3131 τοῦ
399 3079 642 3148 οὐρανοῦ,
674 3081 776 3131 καὶ
799 3077 906 3131 τῶν
934 3081 990 3130 ὲν
1013 3079 1177 3147 αὐτῷ,
1209 3082 1263 3131 αί
1294 3080 1477 3132 λευκαί
1499 3084 1602 3134 εἰσι
1626 3084 1816 3152 χῶραι,

277 3166 472 3234 ἕτοιμοι
510 3166 643 3236 πρὸς
690 3167 952 3236 θερισμὸν
1000 3170 1109 3228 τοῖς
1149 3167 1424 3235 ἐπαίρουσι
1469 3168 1595 3230 τοὺς
1628 3170 1820 3236 ὀφθαλ-

281 3256 424 3324 μοὺς,
459 3255 640 3320 σαφῶς
688 3256 1098 3323 παρισταμένου
1129 3255 1220 3306 τοῦ
1254 3256 1379 3325 περὶ
1412 3257 1636 3308 ἑκάστου
1665 3258 1817 3325 λόγου

276 3345 381 3404 τοῖς
411 3344 774 3412 ἀνειληφόσιν,
807 3347 870 3394 ὲκ
903 3342 994 3393 τοῦ
1022 3343 1118 3412 τὴν
1148 3342 1313 3413 αὐτὴν
1343 3344 1523 3398 εἰκόνα
1555 3362 1820 3414 μεταμορ-

278 3431 493 3497 φοῦσθαι
514 3434 622 3485 ἀπὸ
641 3433 804 3500 δόξης
824 3435 903 3494 είς
931 3432 1106 3496 δόξαν,
1137 3432 1421 3500 ὀφθαλμῶν
1445 3435 1692 3502 ὁμοίωμα
1709 3435 1817 3503 (70)

276 3520 376 3573 τιῖιν
403 3523 718 3590 ἑωρακότων
759 3521 873 3583 πῶς
910 3521 1137 3573 ἕκαστον
1178 3522 1283 3574 τῶν
1325 3523 1624 3592 γενομένων
1661 3523 1820 3576 καλὸν

276 3599 370 3674 ἦν’
402 3607 462 3659 τὸ
485 3609 613 3677 γὰρ,
637 3604 797 3659 Εἶδεν
821 3609 849 3658 6
877 3608 1006 3668 Θεὸς
1033 3608 1362 3661 καθέκαστον
1383 3610 1490 3660 τῶν
1516 3610 1820 3678 κτισμάτων

277 3695 566 3766 λεγόμενον.
620 3699 704 3749 ὅτι
761 3696 939 3757 καλὸν,
982 3696 1216 3748 τοιοῦτόν
1255 3697 1429 3748 ἐστιν·
1478 3699 1598 3750 ’Ότι
1628 3699 1822 3751 ὲνεῖδεν

278 3788 305 3838 6
329 3787 451 3849 Θεὸς
480 3792 590 3850 τοῖς
621 3789 805 3852 λόγοις
837 3787 947 3854 (7i)
988 3787 1232 3847 ἑκάστου,
1267 3787 1358 3838 καὶ
1403 3782 1510 3838 εἶδε
1556 3788 1670 3851 πῶς
1701 3789 1820 3842 καθ’

278 3873 363 3935 οὓς
402 3875 620 3941 γέγονεν
668 3874 904 3925 ἕκαστον
950 3872 1057 3922 τῶν
1098 3871 1404 3941 κτισμάτων
1457 3873 1661 3939 λόγους,
1708 3876 1822 3927 ἐστὶ

279 3961 448 4014 καλόν.
485 3963 546 4014 Εἰ
569 3963 628 4014 δὲ
664 3961 740 4030 μὴ
783 3959 953 4021 οὕτως
983 3975 1065 4020 τις
1097 3959 1452 4028 παραδέχεται
1489 3960 1582 4011 τό·
1625 3980 1642 4011 ι
1671 3957 1822 4014 Εἷδεν

276 4051 304 4103 6
327 4052 472 4115 θεὸς,
521 4054 602 4104 ὃτι
641 4051 830 4110 καλὸν,
856 4069 875 4100 ι
919 4047 1258 4118 διηγησάσθω
1296 4049 1409 4110 πῶς
1443 4049 1596 4125 ἐντῷ
1620 4069 1638 4100 ι
1674 4052 1824 4116 Ἐξα-

277 4141 478 4207 γαγέτω
503 4141 571 4192 τὰ
605 4141 780 4192 ὕδατα
810 4139 1011 4206 ἑρπετὰ
1039 4138 1222 4206 ψυχῶν
1251 4139 1454 4201 Cumani,
1488 4143 1580 4191 καὶ
1610 4143 1824 4194 πετεινὰ

278 4230 535 4298 πετόμενα
561 4231 656 4281 ἐπὶ
687 4229 789 4297 τῆς
819 4227 921 4296 γῆς
961 4227 1097 4278 κατὰ
1134 4226 1194 4277 τὸ
1235 4227 1515 4296 στερέωμα
1546 4229 1636 4282 τοῦ
1665 4229 1824 4298 οὐρα-

1918 1849 2042 1903 gere
2081 1837 2302 1890 omnino
2331 1837 2532 1900 valens,
2564 1853 2683 1892 cum
2729 1855 2758 1893 a
2807 1838 2931 1895 Jesu
2964 1852 3139 1895 erecta
3175 1844 3448 1909 fuisset",

1918 1927 2334 1979 contractionem
2367 1934 2528 1992 atque
2557 1925 2914 1982 infirmitatem
2944 1932 3178 1997 erigendi
3205 1948 3321 1988 sese
3353 1936 3444 1988 de-

1919 2012 2084 2080 ponit.
2119 2024 2176 2066 ut
2201 2013 2373 2067 elevet
2411 2016 2610 2070 oculos.
2644 2015 2750 2071 Nec
2781 2019 2916 2071 ullus
2967 2021 3202 2086 profecto
3231 2032 3310 2075 est
3356 2025 3448 2091 qui

1919 2103 2407 2166 perturbationibus
2435 2105 2716 2170 obnoxius,
2749 2119 2803 2161 et
2843 2111 2988 2162 carni
3041 2111 3333 2177 adhaerens,
3361 2113 3444 2165 vel

1914 2191 2076 2244 rebus
2097 2192 2466 2246 materialibus
2491 2195 2821 2260 commistus,
2856 2200 3160 2250 mandatum
3199 2213 3448 2253 servave-

1923 2279 1989 2330 rit
2021 2280 2203 2333 dicens
2234 2297 2246 2332 :
2289 2298 2308 2330 ι
2343 2281 2540 2336 Levate
2571 2284 2754 2337 oculos
2779 2295 3013 2350 vestros;
3047 2305 3065 2337 ι
3101 2291 3446 2354 quamobrem

1922 2385 1985 2422 ne
2025 2371 2137 2424 loca
2165 2373 2378 2438 quidem
2407 2374 2618 2428 visurus
2646 2385 2727 2428 est
2775 2377 2890 2436 iste,
2931 2378 3145 2430 etiamsi
3184 2377 3292 2444 jam
3331 2381 3448 2434 alba

1919 2459 2024 2511 sint
2048 2461 2111 2511 ad
2137 2460 2294 2530 253
2322 2478 2567 2516 messem.
2603 2463 2862 2519 Praeterea
2888 2467 3060 2521 nullus
3087 2470 3173 2536 qui
3198 2483 3450 2537 operatur

1917 2559 2076 2613 opera
2122 2549 2316 2608 carnis,
2361 2549 2556 2603 levavit
2600 2552 2804 2605 oculos.
2834 2554 2998 2607 Porro
3045 2556 3163 2608 alba
3211 2568 3336 2610 sunt
3381 2560 3446 2610 ad

1918 2649 2143 2690 messem
2169 2637 2278 2704 jam
2336 2638 2470 2701 loca,
2501 2642 2714 2707 quando
2749 2645 2898 2696 adest
2951 2645 3040 2697 Dei
3076 2644 3265 2699 Sermo
3310 2662 3440 2716 ape-

1917 2724 2063 2778 riens
2083 2735 2138 2778 et
2177 2726 2452 2780 illustrans
2487 2730 2664 2782 omnia
2703 2731 2994 2799 Scripturae
3026 2735 3160 2800 loca,
3196 2752 3312 2804 qua:
3340 2737 3448 2804 ple-

1918 2826 1986 2865 na
2040 2823 2187 2876 sunt,
2219 2816 2536 2870 adveniente
2585 2818 2718 2884 ipso.
2773 2819 3037 2876 Fortassis
3074 2825 3233 2876 etiam
3270 2827 3451 2878 omnia

1918 2915 2035 2967 quae
2057 2915 2213 2955 sensu
2246 2904 2624 2970 percipiuntur,
2649 2905 2728 2957 vel
2753 2908 2818 2958 ad
2857 2908 3024 2973 ipsum
3047 2924 3212 2975 usque
3231 2910 3450 2974 caelum,

1919 3001 2078 3057 atque
2106 3004 2272 3057 usque
2305 2991 2370 3042 ad
2401 3005 2464 3043 ea
2493 3007 2609 3058 quae
2634 2993 2684 3044 in
2711 2994 2822 3059 ipso
2847 3007 2988 3057 sunt,
3015 2998 3131 3049 alba
3170 3007 3290 3050 sunt
3335 2999 3446 3050 loca

1920 3087 2102 3145 parata
2127 3078 2239 3144 jam
2270 3078 2341 3134 ad
2364 3093 2618 3142 messem,
2661 3082 2988 3136 elevautihus
3016 3085 3198 3137 oculos
3230 3103 3244 3138 :
3278 3087 3450 3152 palam

1917 3163 2333 3232 uniuscujusque
2378 3166 2456 3218 rei
2505 3168 2711 3220 ratione
2737 3168 2837 3220 illis
2873 3170 2940 3220 ob
2974 3169 3156 3223 oculos
3187 3171 3451 3239 exhibita,

1915 3253 2005 3319 qui
2040 3261 2370 3318 receperunt,
2391 3267 2454 3308 eo
2475 3256 2614 3321 quod
2650 3254 3098 3309 transformamur
3120 3259 3183 3310 ad
3209 3261 3450 3313 eamdem

1918 3341 2208 3408 imaginem
2231 3354 2258 3392 ι
2283 3341 2448 3408 gloria
2478 3343 2526 3393 in
2555 3342 2778 3409 gloriam
2803 3343 2868 3405 °“,
2896 3343 3296 3400 similitudinem
3323 3363 3452 3401 ocn-

1919 3428 2114 3491 lorum,
2140 3429 2228 3495 qui
2282 3429 2536 3482 viderunt
2587 3432 2856 3498 quomodo
2911 3434 3112 3502 singula
3147 3451 3266 3502 qua:
3315 3436 3451 3491 facta

1921 3517 2148 3578 fuerant,
2187 3520 2322 3572 bona
2372 3529 2570 3572 essent.
2614 3519 2723 3572 Hoc
2771 3521 2912 3572 enim
2968 3523 3162 3575 dictum
3182 3524 3268 3576 “:
3315 3523 3456 3578 Vidit

1919 3605 2058 3660 Deus
2086 3607 2417 3674 singillatim,
2449 3623 2566 3674 qua:
2599 3619 2777 3660 creata
2810 3618 2951 3672 sunt,
2999 3611 3136 3663 bona
3168 3627 3317 3677 esse,
3351 3615 3454 3666 tale

1917 3705 2039 3749 est:
2071 3696 2304 3764 Inspexit
2359 3699 2496 3750 Deus
2539 3700 2794 3764 cujusque
2847 3701 2920 3751 rei
2975 3701 3228 3768 rationes,
3256 3718 3455 3771 easque

1919 3786 2052 3838 vidit
2096 3788 2261 3840 boans
2309 3800 2432 3839 esse
2487 3798 2702 3854 propter
2739 3790 2973 3842 rationes
3024 3792 3215 3856 quibus
3267 3808 3455 3844 unum-

1920 3874 2166 3942 quodque
2190 3887 2432 3929 creatnm
2463 3886 2605 3929 erat.
2638 3875 2788 3940 Quod
2822 3879 2868 3929 si
2907 3880 3026 3944 quis
3059 3880 3134 3930 sic
3164 3895 3268 3931 non
3301 3880 3455 3930 intel-

1919 3961 2038 4028 ligit
2070 3963 2170 4015 hoc
2189 3964 2387 4014 dictum
2411 3980 2425 4014 :
2447 3980 2468 4012 ο
2488 3961 2630 4014 Vidit
2649 3964 2785 4016 Deus
2802 3968 2938 4031 quod
2964 3967 3156 4018 bonum
3177 3979 3318 4019 esset
3337 3968 3404 4030 "°,
3429 3986 3449 4018 ι

1937 4060 2153 4100 enarret
2201 4050 2356 4103 nobis
2397 4054 2663 4117 quomodo
2691 4051 2743 4102 in
2787 4054 2870 4106 his
2908 4054 3088 4106 verbis
3119 4067 3133 4103 :
3165 4071 3182 4103 ι
3216 4053 3454 4106 Educant

1922 4147 2072 4199 aqua:
2120 4136 2325 4202 reptilia
2382 4138 2710 4201 animarum,
2763 4152 2881 4204 qum
2939 4141 3154 4192 victura:
3209 4141 3333 4202 sint,
3402 4149 3455 4193 et

1925 4223 2158 4276 volatilia
2187 4225 2326 4278 alata
2355 4240 2516 4293 super
2541 4237 2734 4278 terram
2762 4229 2813 4280 in
2841 4230 3171 4282 ﬁrmamento
3199 4232 3318 4284 coeli
3337 4231 3400 4291 '“,
3428 4248 3452 4281 ι

279 4317 386 4380 νοῦ,
407 4336 430 4368 ›
457 4317 689 4380 σώζεται
713 4318 777 4368 τό
799 4333 812 4345 ’
833 4309 1009 4367 «Εἵδεν
1027 4318 1054 4370 6
1073 4315 1227 4376 Θεὸς,
1257 4317 1336 4366 ὅτι
1365 4316 1574 4378 καλὸν,ι
1597 4318 1686 4368 καὶ
1719 4317 1819 4385 μά-

1924 4323 2169 4366 servetur
2216 4313 2378 4366 Deum
2423 4314 2637 4377 vidisse,
2671 4316 2810 4382 quod
2866 4317 3060 4369 bonum
3105 4326 3269 4380 esset,
3300 4319 3455 4384 idque

277 4404 420 4459 λιστα
462 4406 585 4456 ἐπεὶ
631 4403 894 4471 ἐποίησεν
926 4403 956 4453 6
987 4403 1117 4463 Θεὸς
1158 4402 1225 4453 τὰ
1266 4405 1402 4472 κήτη
1435 4401 1502 4454 τὰ
1541 4404 1762 4472 μεγάλα,
1791 4406 1820 4455 6

277 4491 423 4558 λόγος
443 4494 560 4561 (72)
593 4495 622 4544 ὁ
651 4493 785 4558 περὶ
812 4490 1034 4544 ἑκάστου
1066 4491 1264 4543 τούτων
1295 4491 1440 4543 ἐστὶν
1471 4492 1682 4560 ὁραθεὶς
1707 4494 1822 4563 Θεῷ

277 4579 333 4632 τὸ
358 4581 535 4635 καλόν.
571 4582 654 4633 Τὰ
685 4582 730 4632 δ’
767 4579 907 4632 αὐτὰ
946 4581 1044 4633 καὶ
1080 4578 1339 4647 περὶτοῦ,
1376 4597 1393 4628 ι
1429 4580 1820 4652 Ἐξαγαγέτωὴ

277 4671 346 4739 γῆ
372 4670 545 4740 ψυχὴν
579 4671 764 4734 ζῶσαν
799 4670 940 4722 κατὰ
978 4670 1152 4735 γένος,
1186 4668 1504 4738 τετράποδα,
1548 4670 1640 4721 καὶ
1673 4672 1825 4740 ἑρπε-

278 4758 490 4822 tumul.
532 4759 700 4830 θηρία
744 4760 848 4828 τῆς
887 4760 989 4828 γῆς
1029 4759 1166 4811 κατὰ
1207 4757 1380 4824 γένος,
1407 4775 1428 4807 ι
1475 4756 1710 4819 λεκτέον,
1742 4759 1824 4825 εἷς

280 4848 367 4902 καὶ
402 4850 721 4917 δπιφέρεται
757 4851 822 4902 τό
843 4865 856 4879 ’
891 4868 910 4902 ι
932 4847 1083 4902 Εἷδεν
1104 4850 1131 4900 ὁ
1157 4848 1305 4910 Θεὸς,
1345 4846 1426 4898 ὅτι
1457 4846 1632 4898 καλόν.
1655 4865 1673 4896 ι
1701 4849 1820 4909 Πῶς

281 4935 386 5005 γὰρ
397 4935 558 4992 καλὸν
587 4939 658 4991 τά
684 4936 855 5007 θηρία
880 4937 971 4989 καὶ
995 4937 1063 4988 τὰ
1087 4935 1308 5005 ἑρπετὰ,
1325 4935 1374 4984 εί
1402 4933 1474 5001 μὴ
1495 4933 1598 5002 ἄρα
1619 4935 1647 4983 6
1670 4933 1822 5002 λόγος

284 5023 448 5092 bunt
471 5026 650 5079 αὐτῶν
682 5027 802 5076 ἐστι
841 5025 901 5076 τὸ
929 5025 1122 5088 καλόν;
1153 5023 1340 5075 Ταῦτα
1372 5020 1416 5071 δ’
1444 5022 1574 5089 ἡμῖν
1610 5021 1820 5089 λέγεται

348 5110 394 5142 ⁸⁸
422 5113 544 5169 lsai.
569 5129 661 5173 ιι..
681 5112 780 5165 26.

286 5187 340 5241 u,
365 5177 456 5235 η.

329 5266 470 5336 .(68')
497 5269 621 5334 Τοῖς
647 5270 720 5322 ἐν
741 5268 938 5336 πεδίῳ
967 5263 1329 5334 συναχθεῖσα
1358 5263 1483 5322 Haec
1507 5269 1815 5324 desideran-

287 5339 368 5388 tur
397 5337 450 5388 in
480 5339 665 5391 codice
687 5337 1009 5390 Bodleiano.

349 5399 458 5522 369)
477 5403 650 5457 Codex
699 5404 1037 5481 Bodleianus,
1069 5397 1376 5482 βασιλείοις,
1412 5404 1500 5456 sed
1528 5403 1816 5472 legendum

380 5477 491 5522 ctur
514 5471 786 5522 Βασάνοις.
826 5479 888 5522 ιιι
917 5486 963 5521 tn
993 5469 1161 5522 Remo.

299 5467 491 5539 videtur
514 5471 786 5539 βασάνοις,
826 5479 888 5525 ut
917 5471 963 5521 in
993 5467 1161 5539 Regio.

365 5537 465 5605 (70)
507 5532 803 5608 Ὄμοίωμά.
838 5539 990 5594 Deest
1018 5532 1272 5592 in'codicc
1295 5532 1488 5605 Regio,
1510 5539 1601 5596 sed
1640 5542 1812 5594 resti-

895 5113 938 5145 σε
963 5111 1145 5179 Malm,
1166 5110 1440 5179 v,_5_seq:;
1477 5108 1602 5179 Luc.
1629 5125 1701 5174 va,
1727 5111 1797 5162 20
1820 5126 1934 5179 seq.

543 5181 738 5233 "Gen.
770 5178 929 5239 1,5].
1006 5178 1050 5208 το
1068 5178 1190 5231 ibid.
1221 5175 1312 5235 ιο,
1346 5175 1433 5237 ιε,
1468 5177 1667 5239 13,21.
1743 5179 1784 5210 τι
1819 5175 1948 5234 ibid.
1974 5179 2062 5234 eo.

1925 4403 2281 4469 potissimum,
2306 4404 2449 4470 quod
2487 4403 2676 4456 fecerit
2709 4405 2848 4457 Deus
2880 4415 2994 4459 cete
3035 4423 3224 4474 magna
3246 4409 3290 4438 "
3319 4425 3332 4460 :
3363 4410 3457 4462 sed

1927 4489 2063 4541 ratio
2099 4487 2518 4556 uniuscujusque
2553 4490 2738 4542 harum
2775 4505 2949 4545 rerum
3000 4495 3109 4546 Deo
3158 4509 3456 4562 perspecta,

1928 4591 2018 4629 res
2042 4576 2180 4628 bona
2203 4585 2301 4630 est.
2323 4577 2464 4629 idem
2489 4581 2812 4633 censendum
2842 4591 2923 4634 est
2948 4590 3001 4633 et
3024 4584 3090 4636 de
3115 4583 3219 4635 illis
3244 4585 3454 4637 verbis:

1931 4682 1948 4714 ι
1982 4664 2185 4717 Educet
2207 4673 2352 4718 terra
2378 4667 2609 4720 animam
2639 4671 2905 4722 viventem
2925 4671 3076 4735 juxta
3112 4687 3295 4738 genus,
3324 4689 3456 4739 qua-

1925 4753 2164 4820 drupeda
2210 4764 2265 4806 et
2295 4755 2522 4823 reptilia,
2555 4752 2769 4812 etieras
2797 4759 3114 4825 terrae-juxta
3145 4775 3307 4826 genus
3328 4762 3400 4822 ";
3433 4779 3455 4810 ι

1924 4844 2118 4911 quibus
2141 4844 2479 4913 subiungitur
2503 4847 2662 4899 etiam
2691 4863 2704 4898 :
2742 4865 2760 4897 ι
2788 4847 2929 4898 Vidit
2964 4851 3123 4910 Dens,
3169 4848 3310 4914 qttod
3356 4851 3458 4901 ιω-

1925 4948 2049 4986 num
2063 4933 2314 4987 esset“.i
2334 4935 2613 4998 Quomodo
2633 4936 2774 4988 enim
2809 4935 2933 4986 ferte
2962 4944 3014 4986 et
3035 4935 3235 5002 reptilia
3265 4937 3459 4989 bonum

1923 5035 2066 5088 sunt,
2103 5025 2201 5078 nisi
2249 5026 2384 5078 ratio
2421 5039 2602 5077 earum
2653 5027 2846 5078 bonum
2895 5023 3017 5075 est?
3053 5022 3174 5075 Hmc
3219 5035 3394 5075 autem
3427 5040 3456 5076 a

2009 5113 2053 5142 “
2080 5112 2208 5165 Luc.
2233 5127 2348 5173 xvi,
2375 5111 2464 5165 25.
2539 5113 2580 5142 ⁶⁷
2605 5111 2734 5164 Luc.
2770 5123 2887 5170 xm,
2918 5109 2974 5159 ll
3016 5124 3128 5176 seq.
3203 5111 3247 5142 ⁸⁸
3272 5111 3310 5162 11
3333 5112 3460 5164 Cor.

2134 5181 2177 5210 ⁷²
2212 5181 2339 5232 ibid.
2364 5179 2452 5233 21.
2525 5180 2570 5210 ’³³
2602 5181 2729 5231 Ibid.
2755 5176 2844 5227 26.
2920 5176 2969 5205 ⁷⁵
3002 5177 3129 5231 ibid.
3166 5177 3257 5230 25.

1925 5275 2085 5326 tuitur
2114 5287 2143 5324 e
2171 5271 2441 5327 codicibus
2475 5273 2760 5326 Bodleiano
2789 5277 2844 5323 et
2878 5269 3187 5322 BarberEno.

1991 5341 2101 5408 (‘71)
2134 5338 2296 5408 Codd.
2319 5339 2648 5408 ,Bodleiattus
2672 5351 2726 5394 et
2754 5337 3098 5398 Barberinus,
3127 5341 3236 5400 τοῖς
3268 5337 3462 5407 λόγοιςο

1925 5408 2141 5472 llegius,
2168 5407 2288 5466 τοὺς
2318 5407 2528 5475 λόγους.

2059 5476 2112 5540 2)
2130 5467 2208 5549 Ἰ)
2239 5467 2560 5549 deﬁgam
2594 5473 2911 5549 Legendum
2931 5467 3180 5534 fortasse,
3204 5472 3249 5520 ei
3277 5471 3354 5542 μὴ
3370 5470 3475 5541 ἄρα

1925 5549 1950 5596 6
1981 5544 2128 5609 λόγος
2154 5545 2180 5594 6
2203 5547 2329 5612 περὶ
2352 5545 2606 5612 ἑκάστου.
