3828 6198
400 299 498 352 675

1821 283 2133 340 ORIGENIS

3514 263 3626 316 676

401 411 554 464 nobis
586 409 836 462 dicuntur
875 413 1092 471 propter
1123 404 1250 456 illud
1284 422 1298 456 :
1332 421 1349 454 ι
1383 403 1575 456 Levate
1610 401 1791 455 oculos
1830 416 1919 453 ve-

2077 398 2102 448 ὰ
2133 399 2214 449 τό·
2264 414 2281 445 ι
2313 397 2575 465 Ἐπάρατε
2620 395 2740 456 τοὺς
2769 387 3092 458 ὀφθαλμοὺς
3121 386 3317 453 ὑμῶν,
3357 378 3457 471 καὶ
3492 376 3624 471 θεά-

401 512 563 559 stros,
590 504 642 547 et
677 494 849 546 videte
876 493 988 544 loca
1011 492 1118 558 jam
1148 491 1264 542 alba
1298 505 1416 544 esse
1436 491 1499 542 ad
1529 500 1808 550 messem,i
1829 486 1918 539 Fi-

403 587 471 638 lio
503 583 616 644 Dei,
650 581 740 647 qui
790 580 1062 645 discipulis
1117 580 1321 641 aderat,
1353 579 1620 630 auditores
1653 584 1918 636 monente,

401 685 456 726 ut
484 673 752 724 elevarent
783 669 967 721 oculos
991 669 1055 720 ad
1109 669 1224 721 loca
1273 667 1582 735 Scripturaz,
1620 676 1674 718 et
1701 669 1764 718 ad
1805 665 1921 718 loca

403 757 621 811 rationis
678 755 904 822 singulis
961 754 1172 806 entibus
1213 753 1409 806 innata:
1444 753 1818 821 ingenita-que,
1863 761 1923 804 ut

398 843 689 896 albedinem
727 842 1174 909 splendoremque
1205 842 1339 894 lucis
1367 842 1629 904 veritatis,
1659 855 1776 908 qua:
1809 841 1924 893 ubi-

395 945 511 1000 que'
542 939 643 991 est,
691 930 884 997 aliquis
927 931 1102 982 videat
1131 952 1142 984 :
1188 949 1206 980 ι
1238 930 1424 984 Omnia
1459 949 1478 981 ο
1513 931 1652 982 enim
1689 947 1707 980 ι
1743 943 1922 982 coram

399 1018 829 1087 intelligentibus,
863 1038 881 1071 ι
923 1027 1056 1072 teste
1105 1020 1386 1072 Salomone
1411 1021 1479 1081 ",
1519 1040 1536 1072 ι
1566 1032 1706 1075 recta
1747 1029 1920 1074 autem

396 1107 476 1159 bis
503 1109 591 1174 qui
619 1122 836 1160 sensum
862 1110 1182 1161 distribuere
1214 1109 1448 1163 Volunt.»

463 1277 552 1333 43.
582 1296 599 1328 ι
631 1277 728 1342 Qui
761 1279 932 1342 metit,
963 1282 1258 1333 mercedem
1289 1282 1506 1346 accipit.
1545 1290 1600 1334 et
1631 1291 1924 1349 congregat

396 1364 624 1420 fructum
657 1368 708 1419 in
741 1369 902 1420 vitam
955 1380 1229 1432 mternam,
1261 1380 1320 1422 ut
1344 1373 1434 1438 qui
1483 1371 1732 1433 seminat,
1765 1371 1921 1424 simul

393 1455 638 1522 gaudeat,
667 1465 717 1509 et
749 1458 836 1523 qui
869 1459 1104 1514 metit".
1141 1478 1160 1510 ι
1195 1460 1333 1524 Quot
1362 1459 1535 1512 modis
1567 1459 1618 1511 in
1648 1458 1922 1528 Scriptura

395 1545 581 1597 messis
610 1546 838 1606 dicatur,
889 1557 944 1600 et
989 1549 1038 1599 in
1089 1559 1218 1615 quot
1248 1548 1726 1615 signiﬁcationibus
1755 1564 1922 1615 pona-

2021 485 2180 536 σασθε
2223 483 2319 544 τὰς
2366 483 2564 552 χώρας,
2612 483 2693 534 ὅτι
2741 478 2931 530 λευκαί
2989 478 3100 527 εἱσι
3149 471 3300 541 πρὸς
3352 465 3627 537 θερισμὸν

2018 574 2136 643 ἤδη,
2164 592 2179 622 ι
2228 573 2619 642 προτρέποντος
2675 568 2767 621 τοῦ
2815 565 3089 635 παρόντος
3144 563 3266 621 τοῖς
3338 557 3626 627 μαθηταῖς

2018 665 2187 729 Λόγου
2211 664 2334 723 τοὺς
2363 659 2629 728 ἀκροατὰς
2672 657 2919 725 ἐπαίρειν
2965 653 3098 712 τοὺς
3154 647 3498 716 ὀφθαλμοὺς
3529 643 3623 696 ἐπί

2017 769 2074 804 τε
2101 753 2198 813 τὰς
2236 749 2414 820 χώρας
2459 750 2554 817 τῆς
2586 748 2823 816 Γραφῆς,
2867 744 2962 795 καὶ
2994 741 3093 792 ἐπὶ
3127 739 3234 800 τὰς
3281 737 3480 806 χώρας
3523 732 3621 786 τοῦ

2018 843 2074 893 ὲν
2100 841 2307 909 ἑκάστῳ
2335 839 2439 891 τῶν
2476 838 2639 889 ὄντων
2669 836 2848 901 λόγου,
2886 833 2976 884 ἵνα
3015 831 3121 901 τὴν
3165 827 3489 894 λευκότητα
3526 824 3622 875 καὶ

2017 931 2113 999 τὴν
2139 929 2488 998 λαμπρότητα
2516 923 2768 994 θεάσηταί
2797 938 2881 983 τις
2909 919 3008 972 τοῦ
3038 918 3144 986 τῆς
3173 914 3454 984 ἀληθείας
3484 928 3622 965 παν-

2017 1016 2179 1086 ταχοῦ
2202 1016 2371 1082 φωτός
2390 1031 2402 1044 ·
2439 1032 2455 1064 ι
2478 1014 2656 1065 Πάντα
2681 1010 2789 1079 γὰρ
2813 1006 3046 1060 ἐνώπιον
3065 1005 3186 1074 (75)
3217 1006 3343 1064 τοῖς
3367 1000 3580 1062 νοοῦσι,
3595 1017 3614 1050 ι

2020 1105 2154 1156 κατὰ
2192 1105 2279 1156 τὸν
2332 1101 2666 1170 Σολομῶντα,
2719 1116 2739 1149 ι
2763 1097 2900 1167 ὀρθά
2949 1095 3010 1146 δὲ
3064 1096 3185 1155 τοῖς
3250 1089 3620 1161 βουλομένοις

2019 1191 2406 1260 ἀπονείμασθαι
2432 1190 2539 1259 (74)
2569 1188 2838 1256 αἴσθησιν.
2870 1205 2889 1236 ι
3258 1241 3266 1248 ,

2061 1282 2173 1334 45.
2221 1301 2238 1331 ι
2275 1282 2334 1332 '0
2371 1279 2595 1348 θερίζων
2639 1276 2828 1346 μισθὸν
2875 1272 3174 1342 λαμϐάνει,
3225 1271 3333 1323 κα¹ί¹
3391 1269 3624 1336 συνάγει

2019 1370 2222 1440 καρπὸν
2253 1370 2331 1430 εἰς
2361 1369 2503 1437 ζωὴν
2527 1366 2761 1428 αἰώνιον,
2792 1366 2878 1416 ἴνα
2905 1365 2934 1414 6
2965 1362 3217 1431 σπείρων
3245 1360 3399 1430 ὁμοῦ
3429 1359 3624 1430 χαίρῃ,

2020 1460 2110 1512 καὶ
2158 1460 2186 1510 6
2226 1457 2501 1528 θερίζων.»
2536 1454 2794 1524 Ποσαχῶς
2823 1455 2850 1505 6
2882 1452 3154 1522 θερισμὸς
3202 1451 3262 1502 ὲν
3309 1452 3386 1518 τῇ
3425 1450 3622 1519 Γραφῇ

2019 1548 2371 1614 λέγεται,κα¹ι
2409 1546 2490 1613 ἐφ’
2534 1546 2670 1596 ὅσων
2709 1543 2992 1602 τάσσεται,
3043 1537 3263 1606 νομίζω
3301 1539 3625 1605 ἀναγκαῖον

393 1639 496 1696 tur,
530 1633 708 1686 dicere
736 1644 946 1699 oportet
979 1654 992 1688 :
1031 1637 1186 1703 idque
1217 1637 1516 1689 necessario
1551 1637 1919 1704 apponeudum

2077 1653 2158 1687 vat
2189 1633 2540 1702 παραθέσθαι,
2573 1632 2678 1694 ἵνα,
2707 1630 2847 1681 κατὰ
2875 1629 2936 1679 τὸ
2962 1627 3197 1678 δυνατὸν
3227 1629 3375 1696 ἡμῖν
3410 1626 3624 1696 καθαρ-

393 1733 535 1782 reor,
591 1727 645 1771 ut
690 1722 992 1786 possimus,
1035 1723 1425 1790 significatione
1481 1723 1636 1790 hujus
1691 1723 1919 1775 nominis

2077 1726 2202 1784 ὶντος
2237 1723 2328 1774 τοῦ
2383 1719 2798 1789 σημαινομένου,
2843 1715 3175 1786 δυνηθῶμεν
3225 1716 3429 1769 ἐνθάδε
3493 1716 3623 1769 ίδετν

393 1807 544 1860 nobis
572 1823 667 1874 pro
711 1810 907 1862 viribus
941 1822 1240 1878 perspecta,
1271 1825 1333 1864 ex
1370 1811 1609 1879 pluribus
1642 1813 1822 1865 videre
1867 1812 1919 1865 in

392 1911 620 1963 quanam
649 1900 948 1966 ponendum
981 1901 1068 1954 sit.
1102 1902 1407 1956 Invenimus
1445 1917 1572 1971 ergo
1603 1903 1654 1954 in
1685 1902 1921 1970 Evange-

393 1981 466 2035 lio
517 1987 804 2040 secundum
858 1988 1186 2053 Manlianum,
1218 1990 1379 2060 254
1409 2004 1528 2042 cum
1571 1990 1923 2044 accessissent

396 2071 637 2142 discipuli
674 2076 742 2130 ad
791 2078 1072 2131 Dominum
1117 2079 1400 2132 dicentes:
1438 2098 1455 2130 ι
1488 2080 1732 2134 Edissere
1770 2080 1920 2132 nobis

393 2162 694 2225 parabolam
713 2166 1048 2221 zizaniorum
1077 2169 1190 2234 agri
1215 2168 1281 2231 ",
1311 2186 1329 2218 ι
1358 2167 1654 2221 doctrinam
1689 2167 1918 2229 Domini,

391 2261 509 2312 quae
534 2249 600 2303 de
632 2254 730 2307 hoc
776 2256 990 2310 nomine
1027 2269 1146 2324 post
1191 2257 1294 2309 alia
1325 2257 1452 2309 dicit
1480 2273 1494 2310 :
1535 2276 1550 2305 ι
1578 2256 1762 2310 Messis
1795 2271 1922 2308 vrro

391 2343 472 2388 est
498 2335 616 2390 linis
641 2341 840 2403 saeculi,
875 2358 1135 2397 messores
1166 2353 1341 2396 autem
1370 2344 1542 2411 angeli
1580 2354 1702 2396 sunt
1726 2345 1824 2399 ⁷⁸.»
1853 2346 1922 2397 At

392 2436 518 2478 vero
546 2426 704 2479 etiam
734 2429 836 2481 alio
869 2429 922 2482 in
961 2432 1076 2484 loco
1111 2435 1176 2486 de
1201 2432 1538 2486 multitudine
1569 2434 1919 2494 credentium,

391 2519 445 2562 et
471 2526 604 2580 opus
636 2515 943 2568 habentium
966 2519 1208 2572 doctrina
1238 2535 1357 2587 qua:
1399 2521 1505 2574 illis
1535 2521 1838 2574 manifestet
1858 2536 1920 2573 ea

392 2612 509 2665 qua:
531 2602 776 2666 credunt,
791 2604 1045 2658 Servator
1070 2607 1238 2675 inquit
1261 2617 1438 2662 noster
1457 2610 1524 2662 '9:
1549 2628 1567 2659 ι
1597 2609 1783 2663 Messis
1803 2609 1922 2678 qui-

393 2685 514 2738 dem
544 2689 729 2753 multa,
770 2693 1001 2756 operarii
1044 2702 1219 2746 autem
1251 2698 1436 2762 pauci;
1475 2696 1749 2751 obsecrate
1794 2713 1922 2768 ergo

393 2770 668 2827 dominum
711 2780 918 2844 messis,
945 2790 1001 2832 ut
1035 2782 1245 2835 emittat
1291 2784 1564 2851 operarios
1612 2785 1662 2837 in
1694 2800 1804 2839 mes
1837 2803 1920 2840 eiu

391 2872 562 2915 suam.
593 2881 612 2912 ι
645 2864 724 2916 Ad
749 2864 860 2919 haec.
892 2867 1176 2935 Apostolus
1201 2885 1380 2924 semen
1431 2874 1646 2939 quidem
1680 2876 1922 2928 nominat

2024 1813 2114 1862 ἐπὶ
2161 1811 2301 1872 τίνος
2340 1810 2446 1861 τῶν
2493 1807 2748 1859 πλειόνων
2794 1805 3058 1857 τέτακται
3115 1806 3151 1873 ἡ
3201 1804 3376 1869 λέξις.
3430 1804 3622 1874 Ἐροῦ-

2028 1916 2123 1968 μεν
2151 1899 2260 1966 (75l
2290 1898 2351 1967 δὴ
2387 1899 2443 1948 tv
2472 1895 2549 1965 τῷ
2581 1894 2718 1948 κατὰ
2748 1892 3030 1946 Ματθαῖον
3065 1893 3425 1962 Εὐαγγελίῳ,
3457 1893 3622 1964 ήνίκα

2025 1986 2324 2055 προσῆλθον
2348 1987 2396 2037 oi
2429 1984 2662 2054 μαθηταὶ
2689 1982 2766 2051 τῷ
2797 1982 2990 2051 Κυρίῳ
3022 1981 3290 2048 λέγοντες
3313 1999 3325 2012 ·
3369 2003 3388 2032 ι
3415 1983 3620 2034 Διασά-

2024 2091 2191 2143 φησον
2218 2077 2344 2142 ἡμῖν
2363 2075 2461 2142 τὴν
2486 2071 2793 2142 παραϐολὴν
2821 2070 2932 2122 τῶν
2962 2069 3235 2133 ζιζανίων
3258 2069 3358 2122 τοῦ
3383 2069 3617 2143 ἀγροῦ,ι

2023 2163 2360 2218 διδασκαλίαν
2392 2163 2518 2231 περὶ
2544 2161 2751 2230 ταύτης
2778 2159 2872 2212 τοῦ
2911 2160 3152 2229 Κυρίου,
3184 2160 3310 2230 μεθ’
3337 2160 3508 2228 ἕτερα
3536 2161 3619 2210 λέ-

2025 2271 2219 2321 γουσαν
2242 2270 2256 2283 ·
2294 2271 2313 2302 ι
2342 2253 2399 2304 '0
2427 2251 2484 2302 δὲ
2513 2250 2765 2320 θερισμὸς
2797 2249 3088 2300 συντέλεια
3129 2248 3338 2310 αἰῶνός
3365 2249 3542 2310 ἐστιν,
3571 2247 3620 2300 οι

2024 2341 2080 2392 δὲ
2105 2339 2344 2408 θερισταὶ
2370 2336 2586 2404 ἄγγελοί
2613 2337 2768 2387 εἰσιν.
2797 2353 2816 2386 ι
2857 2334 3023 2386 Ἀλλὰ
3064 2333 3178 2404 μὴν
3212 2335 3314 2387 καὶ
3344 2337 3406 2386 tv
3450 2335 3619 2405 ἑτέρῳ

2025 2429 2170 2497 τόπῳ
2199 2428 2324 2497 περὶ
2348 2425 2440 2478 τοῦ
2470 2423 2701 2494 πλήθους
2721 2422 2830 2475 τῶν
2852 2424 3240 2476 πιστευόντων
3262 2422 3620 2493 ἀπορούντων

2023 2515 2359 2577 διδασκαλίας
2401 2512 2697 2583 τρανούσης
2749 2512 2933 2574 αὐτοῖς
2979 2515 3118 2582 περὶ
3160 2507 3241 2566 ὧν
3272 2514 3618 2569 πιστεύουσι.

2026 2607 2186 2673 φησιν
2213 2607 2240 2656 ὁ
2270 2603 2454 2672 Σωτὴρ
2497 2602 2681 2670 ἡμῶν·
2736 2620 2755 2652 ί
2790 2601 2848 2652 '0
2882 2601 2982 2670 μὲν
3015 2602 3294 2672 θερισμὸς
3327 2603 3523 2665 πολὺς,
3567 2605 3619 2654 οἱ

2024 2692 2080 2744 δὲ
2106 2692 2327 2760 ὲργάται
2357 2689 2553 2755 ὀλίγοι·
2593 2687 2818 2757 δεήθητε
2865 2684 2961 2740 οὖν
3000 2688 3104 2741 τοῦ
3149 2690 3368 2760 Κυρίου
3402 2691 3500 2744 τοῦ
3533 2691 3617 2742 θε-

2026 2780 2239 2851 ρισμοῦ,
2265 2780 2408 2840 ὅπως
2433 2777 2664 2846 ἐκϐάλλῃ
2704 2777 2942 2846 ἐργάτας
2985 2779 3072 2840 είς
3099 2778 3199 2831 τὸν
3223 2779 3494 2850 θερισμὸν
3519 2780 3617 2832 αύ-

2023 2871 2136 2925 τοῦ.
2159 2887 2176 2918 ι
2215 2867 2355 2936 Πρὸς
2394 2866 2598 2927 τούτοις
2643 2867 2671 2917 6
2716 2865 3042 2928 ’Δπόστολος
3095 2867 3315 2938 σπόρον
3361 2868 3462 2937 μὲν
3501 2869 3617 2923 ὀνο-

389 2961 532 3012 eam,
563 2963 683 3016 qua:
717 2951 768 3004 in
797 2953 898 3008 bac
927 2957 1031 3007 vita
1057 2964 1159 3022 est,
1187 2958 1588 3024 abundantiam,
1618 2962 1700 3014 vel
1730 2976 1918 3030 pecca-

394 3041 503 3061 Ιη...
558 3037 828 3061 Ι.Α...2.ι-...-
852 3056 865 3061 -
901 3055 1118 3061 __---A,A_
1177 3059 1187 3061 _
1223 3060 1227 3061 ,
1713 3053 1723 3061 .
1799 3052 1810 3061 .

2077 2959 2184 3017 ἡξει
2212 2957 2308 3025 τὴν
2344 2957 2402 3007 ὲν
2437 2953 2516 3023 τῷ
2559 2953 2656 3022 βίῳ
2684 2954 2858 3023 τούτῳ
2901 2954 3206 3024 εὐπορίαν,
3259 2957 3295 3026 ἢ
3337 2957 3616 3028 ἁμαρτίαν

394 3041 504 3086 tum
556 3037 868 3105 hominum;
901 3055 1125 3096 messem
1175 3059 1300 3098 vero
1351 3061 1436 3110 ea,
1477 3062 1594 3116 quae
1637 3052 1920 3119 unicuique

393 3125 586 3178 merito
621 3129 849 3194 reposita
880 3141 1022 3194 sunt,
1054 3133 1134 3185 vel
1162 3135 1230 3188 ob
1262 3137 1516 3203 praeclare
1545 3136 1711 3199 facta,
1743 3139 1824 3192 vel
1853 3143 1921 3193 ob

390 3223 629 3281 peccata,
657 3231 777 3284 quae
809 3218 860 3271 in
908 3224 1157 3286 presenti
1206 3224 1315 3276 vita
1360 3226 1588 3293 quisque
1622 3229 1812 3294 egerit,
1845 3230 1922 3284 sic

389 3299 574 3355 dicens
590 3303 636 3334 ⁸⁸
664 3319 676 3356 :
714 3321 734 3354 ι
763 3305 1026 3377 Quidquid
1084 3313 1225 3365 enim
1255 3315 1596 3369 seminaverit
1616 3316 1794 3383 homo,
1820 3318 1923 3374 hoc

389 3389 552 3442 etiam
600 3399 796 3456 metet;
846 3398 1093 3464 quoniam
1130 3401 1220 3468 qui
1265 3401 1316 3453 in
1356 3415 1519 3457 carne
1561 3406 1810 3470 seminat,
1857 3408 1922 3460 de

390 3489 553 3529 carne
582 3487 852 3534 messurus
881 3493 963 3538 est
998 3488 1390 3555 corruptionem
1425 3509 1439 3544 ε
1467 3491 1555 3558 qui
1605 3501 1784 3546 autem
1831 3508 1919 3548 se-

396 3565 564 3616 minat
588 3565 639 3618 in
672 3568 885 3635 spiritu,
918 3573 982 3627 de
1007 3576 1198 3642 spiritu
1229 3585 1389 3632 metet
1417 3578 1578 3632 vitam
1604 3588 1916 3635 aeternam.»

393 3648 449 3732 in
477 3652 650 3721 aliqua
681 3670 812 3711 vero
843 3660 1002 3716 simili
1037 3663 1432 3732 signiﬁcatione
1477 3665 1712 3722 arbitror
1761 3671 1920 3724 etiam

393 3731 734 3806 Propbetnm,
752 3744 841 3810 qui
871 3745 922 3798 in
947 3731 1170 3802 Psalmis
1193 3749 1595 3816 circumfertur,
1617 3754 1819 3810 dixisse
1832 3759 1875 3790 ³⁸
1903 3773 1918 3809 :

393 3840 412 3873 c
448 3823 544 3889 Qui
572 3829 839 3886 seminant
871 3834 922 3888 in
954 3835 1226 3906 lacrymis,
1246 3839 1298 3892 in
1321 3840 1677 3898 exsultatione
1699 3854 1918 3900 metent.

393 3913 590 3970 Euntcs
651 3917 814 3981 ibant,
855 3932 909 3976 et
956 3922 1186 3990 ﬂebant,
1236 3929 1508 3984 mittentes
1542 3932 1743 3987 semina
1787 3949 1918 4000 sua;

389 4007 662 4064 venientes
696 4022 872 4066 autem
901 4015 1112 4069 venient
1141 4031 1260 4068 cum
1289 4017 1671 4083 exsultatione,
1705 4031 1921 4089 portan-

392 4104 473 4148 tes
520 4099 817 4166 manipulos
865 4117 1050 4156 suos.»
1104 4102 1328 4157 Ponitur
1377 4106 1539 4158 etiam
1590 4109 1690 4162 hoc
1729 4124 1918 4164 nomen

389 4181 716 4251 frequenter,
741 4199 798 4240 ut
821 4189 960 4257 loqui
982 4193 1379 4256 consuevimus,
1403 4196 1845 4262 quemadmodum
1865 4201 1916 4251 in

2019 3048 2122 3100 τῶν
2159 3041 2454 3112 ἀνθρώπων
2473 3058 2486 3072 ·
2521 3041 2774 3111 θερισμὸν
2797 3041 2856 3094 δὲ
2880 3041 2951 3094 τὰ
2977 3042 3073 3096 διὰ
3103 3045 3178 3098 τὰ
3203 3045 3447 3099 ἐνταῦθα
3473 3064 3615 3101 κατ-

2017 3133 2304 3206 ορθώματα
2345 3131 2378 3198 ἢ
2423 3131 2791 3200 ἁμαρτήματα
2840 3129 3065 3201 ἑκάστῳ
3117 3135 3268 3188 κατὰ
3306 3134 3410 3204 τὴν
3459 3135 3617 3202 ἀξίαν

2019 3223 2370 3291 ἀποκείμενα.
2415 3221 2555 3273 οὕτω
2585 3219 2789 3286 λέγων·
2833 3239 2852 3270 ι
2884 3222 2952 3273 Ὃ
2983 3221 3102 3292 γὰρ
3147 3225 3250 3277 ὲάν
3279 3227 3488 3298 σπείρῃ
3525 3227 3614 3281 ἀν.

2021 3313 2253 3383 θρωπος,
2299 3309 2454 3362 τοῦτο
2499 3309 2593 3361 καὶ
2641 3308 2877 3378 θερίσει·
2909 3309 2996 3362 ὃτι
3041 3313 3072 3363 6
3127 3314 3380 3384 σπείρων
3410 3317 3494 3378 είς
3516 3317 3616 3387 τὴν

2021 3401 2195 3470 σάρκα
2227 3401 2292 3450 ὲκ
2317 3397 2415 3466 τῆς
2447 3397 2650 3466 σαρκὸς
2674 3396 2880 3466 θερίσει
2925 3397 3144 3467 φθοράν
3165 3417 3180 3431 ·
3218 3404 3249 3454 ό
3278 3402 3336 3454 δὲ
3374 3404 3617 3476 σπείρων

2020 3489 2098 3550 είς
2130 3487 2190 3540 τὺ
2217 3484 2433 3554 πνεῦμα
2459 3486 2523 3536 ὲκ
2550 3483 2642 3536 τοῦ
2675 3483 2988 3553 πνεύματος
3039 3486 3261 3557 θερίσει
3301 3489 3456 3562 ζωὴν
3486 3492 3615 3544 qua.

2019 3593 2148 3630 νιον.
2177 3593 2196 3627 ›
2233 3574 2387 3628 Κατά
2426 3590 2568 3636 τινος
2599 3574 2654 3625 δὲ
2687 3575 3084 3640 παραπλησίου
3132 3579 3234 3632 τοῦ
3271 3583 3614 3652 σημαινομέ-

2019 3681 2108 3717 νου
2163 3660 2363 3733 νομίζω
2407 3662 2615 3714 καὶτὸν
2664 3662 2963 3732 Προφήτην
2997 3667 3313 3734 φερόμενον
3344 3672 3406 3722 tv
3466 3674 3614 3725 Ψαλ.

2024 3756 2140 3825 μοῖς
2210 3751 2515 3823 εἰρηκέναι·
2573 3750 2680 3803 «Ol
2735 3751 3056 3819 σπείροντες
3125 3761 3190 3808 tv
3237 3759 3510 3829 δάκρυσιν
3562 3763 3616 3815 ὲν

2019 3843 2329 3911 ἀγαλλιάσει
2389 3839 2642 3910 θεριοῦσι.
2679 3841 3048 3910 Πορευόμενοι
3113 3847 3456 3919 ἐπορεύοντο
3523 3855 3615 3906 καὶ

2019 3932 2245 3992 ἔκλαιον,
2282 3929 2558 3999 βάλλοντες
2601 3929 2668 3981 τὰ
2719 3929 3016 3999 σπέρματα
3058 3935 3251 3989 αὐτῶν
3271 3955 3285 3966 ·
3324 3941 3616 4010 ἐρχόμενοι

2018 4019 2073 4072 δὲ
2104 4019 2319 4087 ἥξουσιν
2345 4021 2402 4071 tv
2435 4017 2770 4085 ἀγαλλιάσει,
2801 4019 3055 4088 αἴροντες
3092 4024 3163 4076 τὰ
3191 4025 3498 4097 δράγματα
3522 4031 3612 4084 αὑ-

2017 4108 2143 4161 τῶν.
2161 4127 2178 4158 ι
2208 4110 2397 4160 Κεϊται
2422 4107 2478 4160 δὲ
2502 4107 2562 4159 τὸ
2591 4107 2761 4176 ὄνομα
2792 4107 3069 4179 πολλαχοῦ
3104 4117 3205 4167 καὶ
3238 4119 3338 4169 ἐπὶ
3362 4119 3468 4188 τῆς
3495 4135 3614 4171 συν.

2017 4196 2218 4263 ηθείας,
2249 4194 2433 4265 ὥσπερ
2475 4195 2567 4246 καὶ¹
2593 4195 2650 4246 tv
2671 4197 2740 4264 τῇ
2778 4194 2963 4260 Ῥοὺθ,
2990 4198 3085 4252 διὰ
3106 4203 3343 4257 τούτων·
3402 4227 3421 4257 ι
3446 4209 3618 4261 Λὺταδ

389 4270 524 4326 libro
568 4273 708 4328 Ruth
759 4277 905 4330 hisce
950 4281 1167 4333 verbis:
1207 4299 1224 4331 ι
1251 4281 1356 4335 Illa:
1383 4291 1560 4337 autem
1591 4283 1919 4339 advenerunt

2115 4286 2555 4355 παρεγενήθησαν
2597 4288 2675 4349 εἰς
2725 4288 2978 4361 Βηθλεὲμ
3030 4294 3090 4345 tv
3137 4297 3291 4367 ἀρχῇ
3346 4297 3621 4370 θερισμοῦ

390 4359 733 4430 Bethehem,
769 4383 890 4420 cum
951 4371 1138 4425 messis
1177 4373 1475 4428 hordeacea
1525 4373 1864 4442 inciperet".
1895 4395 1915 4428 ο

392 4449 656 4519 Expositis
683 4454 861 4523 itaque
904 4458 954 4510 in
988 4462 1262 4526 prmsentia
1296 4463 1529 4530 quinque
1565 4465 1918 4534 signiﬁcatio-

391 4540 548 4594 nibus
577 4544 787 4609 messis,
824 4547 1160 4603 manil‘estum
1209 4560 1290 4604 est
1326 4552 1425 4606 boc
1453 4553 1505 4606 in
1537 4553 1652 4608 loco
1691 4571 1916 4610 messem

391 4640 496 4680 non
533 4631 704 4697 accipi
758 4643 813 4686 ut
857 4633 996 4702 loqui
1027 4638 1420 4703 consuevimus,
1465 4642 1560 4694 sed
1595 4657 1660 4696 ne
1691 4659 1786 4712 pro
1815 4643 1920 4697 ﬁne

388 4717 600 4781 quidem
648 4729 703 4773 et
729 4727 1224 4792 consunnnatione;
1254 4744 1427 4796 neque
1455 4732 1599 4784 enim
1631 4733 1728 4786 hoc
1763 4736 1917 4786 modo

389 4801 533 4871 loqui
553 4810 924 4864 consuevimus
950 4833 961 4865 :
1003 4829 1022 4862 ι
1045 4812 1144 4877 Qui
1176 4817 1349 4879 metit,
1373 4821 1671 4871 mercedem
1699 4820 1912 4888 accipit,

389 4901 444 4944 et
465 4906 753 4966 congregat
794 4899 1020 4954 fructum
1050 4903 1101 4955 in
1130 4903 1288 4957 vitam
1314 4916 1569 4959 mternam
1593 4907 1657 4957 ⁸³.
1688 4925 1706 4958 ι
1738 4906 1920 4978 Neque

389 4979 456 5034 de
489 4987 813 5040 messoribus
841 4989 1044 5058 angelis
1071 5001 1484 5048 consentaneum
1510 5003 1590 5048 est
1615 5010 1711 5048 nos
1739 4996 1837 5050 hoc
1865 4998 1916 5050 iu

461 5088 507 5120 "
537 5090 694 5146 Prov.
727 5109 843 5158 vm,
869 5097 923 5151 9.

2020 4373 2240 4445 κριθῶν.
2265 4392 2283 4424 ι
2334 4374 2501 4426 Πέντε
2544 4374 2608 4445 δὴ
2654 4376 2748 4428 ἐπὶ
2798 4378 2898 4430 τοῦ
2953 4383 3236 4451 παρόντος
3277 4387 3622 4443 ἐκτεθέντων

2021 4464 2444 4552 σημαινομένων,
2473 4467 2702 4534 φανερὸν
2737 4469 2856 4537 μὲν,
2890 4470 2974 4524 ὅτι
3005 4474 3068 4524 ού
3111 4475 3176 4527 τὸ
3225 4479 3286 4528 ἐν
3327 4483 3397 4550 τῇ
3447 4498 3621 4552 συνη-

2021 4553 2138 4621 θ,ία
2166 4551 2484 4621 δηλούμενον
2514 4553 2746 4606 ἐνταῦθα
2788 4556 3032 4627 εἴρηται,
3084 4563 3206 4616 ἀλλ’
3239 4567 3368 4620 οὐδὲ
3421 4569 3489 4622 τὸ
3528 4551 3622 4622 ἐπὶ

2021 4644 2116 4710 τῆς
2143 4641 2446 4731 συντελείας
2474 4644 2823 4712 τεταγμένον·
2856 4647 2983 4702 οὔτε
3016 4653 3130 4724 γὰρ
3160 4656 3222 4706 tv
3243 4661 3313 4726 τῇ
3349 4660 3620 4731 συνηθείᾳ

2020 4731 2108 4782 τό·
2143 4749 2161 4781 ι
2195 4731 2252 4782 '0
2287 4729 2510 4799 θερίζων
2535 4732 2646 4801 (76)
2681 4737 2871 4804 μισθὸν
2909 4739 3206 4809 λαμϐάνει,
3242 4748 3342 4798 καὶ
3387 4729 3624 4819 συνάγει

2022 4820 2225 4912 καρπὸν
2254 4823 2332 4912 εις
2376 4821 2520 4892 ζωὴν
2556 4823 2831 4879 αίώνιονη
2861 4829 2988 4884 οὔτε
3028 4837 3160 4906 περὶ
3190 4838 3304 4892 τῶν
3339 4841 3624 4912 θεριστῶν

2024 4907 2262 4975 ἀγγέλων
2285 4907 2346 4960 τὺ
2387 4913 2781 4980 προτρεπτικδν
2815 4917 2897 4979 εἰς
2927 4919 2990 4971 τὸ
3023 4920 3267 4991 θερίζειν
3299 4907 3538 4996 εὔλογον
3561 4931 3622 4981 tv

2022 4997 2097 5066 τῷ
2121 4997 2268 5066 τόπῳ
2288 5001 2444 5052 νοεῖν.
2482 5001 2617 5052 Ἀλλ’
2641 5003 2762 5056 οὐδὲ
2798 5007 2944 5060 κατὰ
2970 5011 3063 5062 τό·
3102 5031 3120 5062 ι
3158 5013 3218 5064 '0
3253 5020 3515 5088 σπείρων
3539 5022 3623 5084 εἰς

1023 5098 1067 5196 ἒ·
1092 5099 1498 5196 ἐοεη...ιζ.ηῇίῖ.-
1538 5104 1798 5196 ῗοΜειιι²ὴ;
1825 5109 2178 5196 ⁵ξιιι,ξιῑ.ῃ.τ¹⁵
2215 5108 2343 5163 ibid.
2369 5109 2458 5164 59.
2530 5112 2574 5144 ⁷⁸
2603 5113 2790 5170 Matth.
2827 5132 2905 5182 Ix,
2941 5120 3034 5184 57,
3061 5123 3153 5176 38.
3230 5125 3280 5155 “
3313 5127 3510 5184 Galat.
3542 5147 3621 5196 vl,

393 5153 448 5218 7,
477 5158 528 5210 8.
602 5160 645 5190 “
668 5160 803 5214 Psal.
833 5153 990 5227 εχιτ,
1018 5166 1070 5228 5,
1092 5171 1144 5219 li.
1199 5153 1262 5200 7'7'
1283 5153 1458 5224 ιιυυι
1485 5188 1522 5233 l,
1547 5153 1919 5227 εεῗῖῆᾦῆ

2077 5177 2152 5230 56.

468 5245 577 5326 (Z3)
611 5248 808 5326 Πὰγτᾳ
857 5254 964 5320 γὰρ
993 5254 1261 5326 ἐνώπιον,
1313 5269 1417 5312 etc.
1469 5261 1668 5315 Omnes
1703 5261 1811 5313 τῶν
1863 5265 1916 5313 0'

399 5312 662 5391 editiones
709 5312 940 5391 liabent;
974 5324 1145 5374 πάντα
1175 5312 1376 5380 ὲνῶπια
1403 5312 1513 5390 τοῖς
1542 5312 1798 5391 συνιοῦσι,
1828 5312 1920 5380 καὶ

399 5376 533 5462 Ϋρθᾲ
559 5384 666 5442 τοῖς
692 5376 995 5462 εύρίσκοῦσι
1025 5376 1241 5456 γνῶσιν,

403 5451 578 5502 [iraira
615 5464 666 5506 et
689 5451 947 5506 editiones
974 5451 1249 5512 universa.

471 5517 580 5586 (Ἱί)
604 5522 774 5579 Codex
807 5521 1136 5589 Bodleianus,
1162 5526 1549 5594 ἐπινείμασθαι.

2255 5265 2546 5351 Ἐρηξξμεις.
2575 5267 2887 5351 Legendum
2922 5277 3142 5351 videtur
3180 5278 3450 5351 εὕρομεν.
3492 5283 3622 5339 Mox

2027 5346 2126 5384 vox
2155 5334 2463 5412 Εύαγγελίῳ
2487 5337 2639 5392 deest
2659 5334 2722 5393 in
2751 5344 2941 5397 codice
2972 5343 3169 5416 Regio,
3196 5334 3289 5401 se'd
3315 5334 3542 5406 .exstatﬁ

2029 5398 2336 5466 Bodleiano.

2360 5487 2373 5500 ·
2551 5475 2807 5555 θερίζων,
2838 5479 2922 5555 __|u
2974 5483 3164 5555 codice
3220 5483 3394 5555 [legio
3452 5487 3621 5544 deest

2038 5533 2116 5593 τὸ.
2146 5533 2212 5598 6;
2241 5539 2333 5592 sed
2364 5533 2665 5597 restituitur
2691 5533 2725 5599 ξε
2754 5549 2944 5605 codice
2974 5533 3289 5607 Bodleiano:
