3828 6220
358 309 450 363 477
1387 291 1726 351 ΕΟΜΜΕΝΤ.
1760 289 1830 346 IN

1951 287 2051 344 AN.
2092 283 2324 342 TOMUS
2356 284 2491 339 XIII.
3410 283 3514 337 478

352 421 448 488 τὴν
476 415 640 484 σάρκα
663 410 731 463 ἐκ
753 409 854 480 τῆς
878 415 1084 482 σαρκὸς
1111 414 1306 484 θερίσει
1331 406 1548 480 φθοράν,
1570 409 1660 459 καὶ
1683 407 1711 457 6
1741 419 1851 460 σπει

1951 440 1960 464 ι
1990 403 2106 457 loco
2139 397 2432 465 intelligere
2455 395 2866 452 admonitionem
2900 394 2966 450 de
3009 395 3271 450 metendo.
3307 397 3411 451 Sed
3444 413 3512 451 ne

356 483 460 574 ρων
495 483 567 563 είς
596 498 652 550 16
693 498 913 568 πνεῦμα
947 503 1011 553 ἐκ
1048 501 1140 553 τοῦ
1173 500 1464 568 πνεύματος
1503 497 1704 567 θερίσει
1742 495 1851 565 ζωὴ

1982 506 2100 544 cum
2129 492 2226 542 hoc
2267 487 2481 554 quidem
2510 486 2693 541 dicto:
2729 503 2749 536 ι
2772 485 2870 550 Qui
2894 483 3120 537 seminat
3149 486 3200 537 in
3231 499 3413 550 carne,
3443 485 3508 539 de

353 571 738 652 αίὼνιον,›οῖόν
763 606 825 641 τε
866 591 1052 642 ἐνθάδε
1081 590 1367 659 λαμδάνειν
1395 588 1478 640 16°
1521 607 1538 637 ι
1574 588 1630 638 '0
1660 586 1851 656 θερίζω

1980 592 2140 632 carne
2185 588 2453 630 messurus
2483 583 2566 628 est
2607 571 3031 640 corruptionem;
3063 580 3116 624 et
3148 573 3236 638 qui
3283 573 3508 627 seminat

329 682 536 752 «μισθὸν
561 679 847 748 λαμϐάνει,
877 679 972 732 καὶ
1005 658 1218 746 συνάγει
1245 678 1446 749 καρπὸν
1478 677 1555 737 είς
1585 675 1725 744 ζωὴν
1755 671 1851 725 αίὼ

1980 667 2033 720 in
2071 665 2282 732 spiritu,
2317 663 2382 715 de
2411 662 2602 729 spiritu
2631 669 2798 713 metet
2822 658 2986 711 vitam
3028 667 3304 722 aeternam,
3333 677 3353 710 ι
3391 661 3505 713 lleri

350 748 472 826 νιαν.
506 790 524 822 ι
557 769 717 822 Κατὰ
753 771 848 838 μὲν
891 769 998 839 γὰρ
1028 770 1098 821 τὰ
1128 748 1447 822 ἀποστολικὰ
1479 766 1610 835 ῥητὰ
1657 768 1684 817 6
1725 765 1851 817 αὐτό

1977 763 2168 823 potest.
2201 763 2256 806 ut
2281 750 2632 818 intelligamus
2663 751 2774 802 haec
2801 749 2961 802 verba
2985 748 3270 802 convenire
3303 763 3458 816 posse
3485 765 3500 802 :

349 863 487 913 ἐστιν
514 862 542 912 6
575 859 815 928 σπείρων
859 860 952 912 καὶ
977 861 1004 910 6
1039 858 1281 926 θερίζων,
1303 857 1409 908 εἴτε
1451 857 1526 917 είς
1567 854 1661 922 τὴν
1691 853 1883 921 σάρκαι

348 953 451 1002 εῐτε
476 951 554 1011 είς
579 948 642 1000 16
671 947 904 1016 πνεῦμα,
933 949 1026 999 καὶ
1045 947 1132 998 διὰ
1163 945 1317 997 τοῦτο
1347 945 1584 1010 συνάγων
1609 943 1723 1010 ἢτοι
1757 940 1882 1010 φθο-

349 1039 500 1108 ράνῆ
541 1036 689 1107 ζωὴν
735 1035 968 1089 αίῶνιονο
1001 1034 1140 1086 κατὰ
1181 1034 1236 1085 δέ
1261 1033 1328 1084 τά
1361 1031 1696 1097 ἐνεστηκότα,
1727 1029 1878 1088 ἄλλος

345 1127 487 1179 ἐστὶν
517 1129 546 1178 6
591 1126 829 1194 σπείρων
869 1126 961 1176 καὶ⁵
995 1123 1148 1184 ἄλλος
1172 1124 1200 1174 6
1230 1121 1473 1191 θερίζων.
1513 1117 1738 1186 Ὁμοίως
1763 1117 1816 1167 δὲ
1851 1118 1878 1167 6

342 1215 498 1275 αὐτὸς
529 1215 628 1282 μὲν
659 1213 871 1282 σπείρει
902 1212 994 1264 καὶ
1019 1211 1234 1280 θερίζει,
1261 1209 1376 1260 καθ’
1397 1209 1424 1258 ὂ
1457 1204 1793 1274 παρεθέμεθα
1822 1207 1876 1256 ἐν

334 1301 573 1371 Ψαλμοῖς
637 1305 831 1374 ῥητὸν,
895 1301 1145 1370 διαφέρον
1206 1297 1298 1349 τοῦ
1322 1294 1663 1348 άποστολικοῦ
1687 1293 1760 1362 τῷ
1787 1312 1878 1362 μυ-

339 1388 653 1456 στικωτέρῳ
698 1387 792 1438 καὶ
839 1385 1268 1457 άπορρητοτέρῳ⁹
1300 1385 1358 1436 16
1398 1385 1490 1454 μὲν
1521 1383 1625 1451 γάρ
1651 1385 1872 1435 ἀποστοσ

335 1477 477 1528 λικὸν
554 1475 917 1544 ἁπλούστερον
993 1473 1229 1542 εἴρηται,
1296 1474 1356 1525 οὐ
1433 1473 1678 1524 διδάσκον
1751 1472 1874 1539 περὶ

331 1565 427 1632 τῆς
447 1563 705 1632 διαφόρου
747 1561 956 1629 φύσεως
993 1561 1099 1614 τῶν
1133 1562 1452 1630 σπερμάτων
1477 1559 1637 1611 πόθεν
1665 1559 1848 1627 λαμδά

1971 1551 2173 1604 ratione
2236 1549 2533 1604 sacratiore
2591 1557 2644 1600 et
2692 1545 2989 1600 occultiore
3038 1563 3052 1598 :
3109 1559 3232 1598 nam
3303 1545 3498 1598 dictum

331 1667 494 1705 νεται.
535 1651 609 1702 T6
640 1649 698 1701 δὲ
727 1649 835 1702 ἀπὸ
860 1649 966 1700 τῶν
996 1648 1233 1717 Ψαλμῶν
1255 1648 1397 1700 δοκεῖ
1426 1664 1512 1715 μοι
1542 1646 1728 1713 δηλοῦν
1748 1649 1851 1714 περ

1971 1639 2312 1707 apostolicum
2344 1638 2639 1705 simplicius
2661 1636 2923 1703 prolatum
2949 1643 3049 1698 est,
3081 1649 3184 1688 non
3216 1634 3410 1688 docens
3434 1633 3500 1685 de

327 1740 424 1808 τῆς
447 1739 673 1791 καθόδου
708 1738 818 1806 (77)
845 1736 950 1788 τῶν
982 1707 1368 1804 εὐγενεστέρων
1401 1707 1604 1804 ψυχῶν¹
1629 1707 1851 1803 παραγε-

1969 1727 2126 1796 255
2152 1729 2358 1781 diversa
2385 1737 2572 1779 natura
2616 1725 2901 1788 seminum,
2927 1728 3066 1777 unde
3097 1730 3394 1777 sumantur.
3429 1720 3499 1773 At

328 1829 560 1896 νομένων
609 1829 688 1888 είς
737 1826 829 1877 τὸν
877 1826 987 1894 βίον
1037 1825 1218 1876 τοῦτον
1264 1823 1398 1892 μετὰ
1440 1823 1544 1874 τῶν
1591 1823 1851 1892 σωτηρίωι

1967 1817 2106 1884 quod
2140 1831 2170 1868 e
2197 1815 2420 1869 Psalmis
2457 1814 2863 1882 proposuimus,
2896 1812 3166 1866 declarare
3195 1812 3322 1864 mihi
3349 1811 3498 1864 vide-

328 1917 651 1984 σπερμάτων
679 1952 694 1976 ,
725 1915 816 1966 καὶ
847 1913 1292 1982 παραγενομένων
1323 1929 1385 1979 γε
1416 1912 1571 1963 οἱονεὶ
1603 1910 1851 1972 ἀκουσίως

1966 1913 2053 1959 tur
2102 1905 2392 1958 animarum
2446 1904 2699 1957 nobilium
2727 1902 3069 1966 descensum,
3099 1915 3216 1970 quae
3260 1899 3500 1954 venerint

328 2003 462 2076 μετὰ
483 2002 788 2072 στεναγμοῦ
808 2041 822 2065 ,
853 2001 1289 2070 ἐπανερχομένων
1335 2002 1390 2052 δὲ
1434 2003 1490 2051 ἐν
1534 1999 1851 2067 ἀγαλλιάσει,

1967 1993 2018 2044 in
2049 1993 2183 2045 hanc
2205 1993 2362 2044 vitam
2409 2006 2526 2042 cum
2557 1991 2874 2044 salutaribus
2909 1989 3222 2052 seminibus.
3273 2002 3498 2055 quaeque

323 2092 407 2144 (ιὰ
428 2092 488 2144 16
521 2091 699 2154 καλῶς
723 2091 1126 2160 γεωργηκέναι,
1168 2091 1258 2141 καὶ
1295 2088 1580 2157 ηὑξηκέναι
1601 2126 1614 2148 ,
1645 2089 1736 2140 καὶ
1765 2104 1851 2138 πε-

1968 2077 2151 2130 invitae
2179 2078 2288 2131 fere
2318 2078 2558 2130 venerint
2593 2077 3056 2145 suspirantes,sed
3087 2077 3346 2129 redierint
3377 2089 3497 2129 cum

325 2179 684 2248 πληθυγκέναι
706 2179 775 2230 τά
802 2179 1106 2247 σπέρματα,
1134 2175 1249 2245 μεθ’
1278 2171 1350 2227 ὧν
1375 2175 1701 2244 ἐληλύθασιν.
1739 2174 1851 2225 Ἀλ-

1963 2167 2337 2229 exsultatione,
2367 2182 2430 2219 eo
2462 2169 2601 2233 quod
2647 2167 2858 2235 egregie
2906 2167 3284 2231 laboraverint,
3310 2174 3365 2222 et
3401 2181 3496 2219 au-

323 2267 409 2330 λος
446 2268 500 2320 δέ
543 2270 692 2320 ἐστιν
716 2269 745 2319 6
775 2267 1009 2336 σπείρων
1054 2269 1146 2319 καὶ
1178 2266 1332 2328 ἄλλος
1375 2267 1404 2318 6
1451 2265 1673 2334 θερίζων
1712 2267 1766 2317 ἐν
1791 2268 1851 2334 τῇ

1964 2255 2161 2316 xeriut,
2183 2263 2237 2307 et
2284 2255 2680 2320 multiplicarint
2717 2255 2921 2306 semina
2955 2269 3074 2307 cum
3120 2254 3311 2320 quibus
3340 2267 3497 2306 vene-

323 2355 650 2426 προκειμένῃ
678 2355 840 2420 λέξει.

1963 2353 2098 2397 rant.
2123 2344 2270 2397 Alius
2292 2353 2466 2396 autem
2496 2352 2572 2395 est
2608 2343 2696 2409 qui
2728 2343 2986 2405 seminat.
3018 2352 3075 2396 et
3109 2342 3244 2397 alius
3270 2343 3358 2410 qui
3393 2357 3498 2396 me-

1963 2433 2025 2486 tit
2054 2433 2098 2463 ”
2137 2434 2188 2484 in
2219 2433 2459 2498 praesenti
2489 2431 2745 2483 orationis
2770 2441 3044 2487 contextu.

395 2530 482 2582 44.
513 2531 622 2581 Καὶ
642 2531 759 2597 ἐρεῖ
788 2545 852 2594 γε
884 2529 912 2578 6
941 2527 1267 2598 Ἡρακλέων,
1297 2528 1432 2596 τάχα
1461 2527 1516 2578 δὲ
1547 2527 1716 2594 τούτῳ
1745 2525 1851 2598 (78)

2027 2521 2118 2576 44.
2147 2523 2396 2588 Dicetqne
2443 2521 2681 2588 profecto
2727 2521 3038 2584 Heracleon,
3067 2529 3121 2574 et
3162 2535 3340 2576 secum
3386 2520 3496 2574 l‘or-

321 2620 456 2671 κατὰ
479 2620 576 2688 τὴν
607 2617 832 2687 ἐκδοχὴν
859 2617 1058 2684 ταύτην
1101 2617 1628 2686 συμπεριφερόμενος
1652 2634 1732 2678 τις
1764 2617 1851 2670 καὶ

1961 2614 2120 2666 lassis
2163 2612 2401 2664 sentiens
2453 2612 2590 2664 alius
2629 2611 2791 2664 etiam
2839 2610 3252 2676 ecclesiasticus,
3277 2621 3496 2679 propter

325 2707 808 2776 ἐκκλησιαστικὸςρ
861 2713 943 2764 ὅτι
993 2709 1073 2779 τῷ
1150 2704 1286 2756 κατὰ
1324 2705 1416 2756 τό·
1455 2705 1551 2755 «Ὀ
1581 2705 1676 2773 μὲν
1707 2705 1851 2774 θερι-

1958 2701 2096 2755 Itane
2119 2700 2520 2766 expositionem,
2551 2701 2662 2752 [nec
2691 2700 2851 2754 verba
2878 2701 3016 2753 dicta
3052 2699 3217 2754 fuisse
3245 2702 3299 2754 in
3330 2715 3392 2754 ea
3422 2701 3494 2754 si-

321 2792 450 2861 σμὸς
487 2792 686 2854 πολὺς,
715 2793 763 2842 οί
790 2791 863 2842 ’δὲ
910 2792 1132 2860 ἐργάται
1171 2791 1334 2858 ὀλίγοι
1358 2833 1372 2856 ,
1413 2811 1431 2842 ι
1483 2793 1851 2862 σημαινομένῳ

1956 2789 2297 2859 gnilicatione
2325 2803 2427 2856 qua
2461 2789 2662 2842 dictum
2692 2799 2834 2842 estu
2855 2790 3038 2844 Messis
3063 2791 3274 2858 quidem
3304 2790 3491 2851 multa,

316 2880 506 2947 ὁμοίως
551 2878 721 2930 ταῦτα
759 2879 1006 2946 εἴρηται,
1035 2878 1112 2946 τῷ
1135 2879 1376 2947 ἑτοίμους
1408 2881 1536 2948 πρὸς
1579 2880 1850 2951 θερισμὸν,

1955 2877 2186 2945 operarii
2235 2886 2410 2930 autem
2475 2879 2627 2944 pauci
2665 2877 2730 2938 ⁸³,
2767 2894 2785 2926 t
2807 2891 2871 2930 eo
2901 2880 3038 2942 quod
3060 2877 3231 2942 parati
3262 2877 3326 2928 ad
3355 2890 3492 2928 mes-

318 2967 407 3018 καὶ
435 2965 767 3034 ἐπιτηδείους
787 2965 922 3033 πρὸς
951 2964 1012 3016 τὸ
1037 2965 1134 3033 ήδη
1165 2965 1272 3034 (79)
1305 2966 1624 3035 συναχθῆναι
1657 2971 1733 3030 είς
1756 2968 1851 3037 τὴν

1957 2982 2088 3031 sem,
2116 2978 2168 3020 et
2196 2967 2367 3020 idonei
2395 2968 2484 3032 qui
2510 2965 2619 3031 jam
2647 2967 2966 3018 inducantur
3013 2965 3064 3016 in
3096 2965 3366 3027 horreum,
3385 2965 3492 3017 sint

317 3054 613 3124 ἀποθήκην,
641 3054 727 3106 διὰ
758 3053 857 3121 τῆς
886 3053 1115 3116 πίστεως
1144 3057 1221 3116 είς
1248 3056 1544 3108 ἀνάπαυσιν
1580 3053 1732 3117 εἶναι,
1762 3059 1851 3109 καὶ

1955 3057 2008 3108 itt
2034 3057 2215 3122 requie
2256 3071 2349 3120 per
2383 3055 2560 3116 (idem,
2593 3062 2749 3120 atque
2782 3054 2956 3106 idonei
2982 3055 3046 3106 ad
3087 3055 3312 3108 salutem
3342 3063 3397 3107 et
3425 3056 3490 3109 ad

311 3143 639 3210 ἐπιτηδείους
664 3141 798 3210 πρὸς
829 3141 1096 3210 σωτηρίαν
1120 3145 1212 3196 καὶ
1233 3145 1537 3212 παραδοχὴν
1562 3145 1652 3196 τοῦ
1676 3145 1851 3212 λόγου,

1951 3146 2336 3212 susceptionem
2374 3145 2517 3196 verbi
2566 3142 2705 3212 [Dei]
2737 3159 2752 3206 ;
2789 3143 3077 3196 secundum
3112 3143 3487 3198 lleracleonent

312 3230 446 3282 κατὰ
466 3231 565 3298 μὲν
591 3229 683 3280 τὸν
711 3229 1051 3298 Ἡρακλέωνα
1081 3230 1169 3282 διά
1192 3231 1288 3301 τὴν
1317 3233 1652 3301 κατασκευὴν
1679 3233 1851 3286 αὐτῶν

1951 3233 2187 3299 quidem,
2222 3234 2344 3300 quia
2398 3232 2532 3284 tales
2572 3233 2739 3284 creati
2771 3231 2990 3294 fuerint,
3022 3241 3076 3284 et
3102 3232 3257 3284 talem
3290 3231 3490 3284 habue-

310 3319 398 3370 καὶ
426 3319 524 3388 τὴν
557 3318 722 3385 φύσιν
742 3333 757 3347 ⁸
786 3317 927 3370 κατὰ
987 3317 1041 3371 δὲ
1087 3315 1174 3367 τὸν
1224 3317 1661 3382 ἐκκλησιασζικὺν
1683 3355 1697 3380 ,
1762 3325 1851 3375 καὶ

1952 3321 2057 3374 rint
2090 3331 2329 3374 naturam
2359 3337 2374 3384 ;
2403 3321 2691 3374 secundum
2719 3320 3143 3374 ecclesiasticum
3187 3335 3334 3386 vero,
3365 3335 3488 3389 pro-

1976 932 2028 986 in
2055 933 2212 984 vitam
2232 939 2538 982 aeternam.»
2560 927 2717 980 Juxta
2733 929 2874 979 enim
2899 927 3186 994 apostolica
3207 927 3346 980 dicta
3369 926 3506 979 idem

1975 1027 2075 1081 est,
2099 1018 2184 1084 qui
2221 1015 2450 1069 seminat
2477 1023 2527 1067 et
2549 1014 2640 1080 qui
2682 1014 2848 1075 metit,
2877 1014 2989 1067 sive
3016 1014 3068 1065 in
3097 1028 3280 1075 carne,
3310 1016 3422 1067 sive
3455 1016 3504 1066 in

1973 1105 2192 1174 spiritu;
2227 1113 2279 1156 et
2313 1104 2382 1156 ob
2413 1103 2512 1155 ltoc
2550 1102 2707 1154 etiam
2734 1114 3060 1168 congregans
3087 1101 3166 1154 vel
3207 1103 3504 1168 corruptio-

1973 1209 2114 1256 nem,
2157 1194 2238 1245 vel
2279 1193 2436 1244 vitam
2497 1199 2750 1243 aeternam
2791 1206 2806 1242 :
2862 1190 2914 1241 in
2974 1190 3326 1257 praesentibus
3377 1205 3504 1243 vero

1971 1286 2109 1339 alius
2140 1293 2222 1338 est
2250 1284 2338 1350 qui
2371 1282 2620 1343 seminat,
2645 1289 2698 1332 et
2724 1281 2856 1334 alius
2877 1280 2966 1346 qui
2996 1278 3166 1332 metit.
3193 1277 3250 1331 In
3274 1277 3502 1331 Psalmis

1970 1374 2128 1428 etiam
2156 1373 2295 1426 idem
2326 1370 2572 1424 similiter
2619 1369 2846 1422 seminat
2874 1380 2929 1422 et
2965 1368 3104 1421 idem
3150 1368 3318 1430 metit,
3354 1367 3500 1432 iuxta

1972 1465 2171 1518 dictum
2202 1465 2343 1532 quod
2386 1462 2762 1531 preposuimus
2807 1461 2874 1512 ab
2905 1458 3201 1526 apostolico
3229 1455 3498 1518 differens,

1983 863 2000 895 ι
2033 844 2130 909 Qui
2155 842 2323 904 metit,
2351 840 2648 893 mercedem
2677 839 2940 906 accipitet
2968 847 3248 906 congregat
3279 837 3505 892 lructntn
3607 861 3618 874 κ

305 3404 388 3458 διά
413 3422 534 3458 τινα
579 3406 939 3475 εὐτρεπισμὸν
977 3405 1070 3456 τοῦ
1113 3406 1434 3475 ἡγεμονικοῦ
1467 3408 1677 3477 ἑτοίμου
1719 3410 1852 3478 πρὸς

305 3493 613 3556 τελείωσιν,
657 3494 745 3544 ἵνα
793 3493 866 3562 μὴ
902 3492 997 3544 καὶ
1041 3493 1276 3562 θερισοῇ.
1323 3495 1553 3546 Λεκτέον
1597 3491 1686 3548 οὖν
1719 3498 1850 3568 πρὸς

303 3583 422 3644 τοὺς
447 3581 621 3644 οὕτως
647 3581 1053 3650 ἐκδεξαμένους,
1079 3583 1125 3632 εἰ
1159 3581 1430 3648 βούλονται
1461 3582 1848 3651 παραδέξασθαι

307 3670 505 3738 μήποτε
538 3671 823 3738 γεγονέναι
851 3669 955 3740 πρὸ
980 3672 1075 3738 τῆς
1098 3670 1190 3721 τοῦ
1218 3670 1459 3741 Σωτῆρος
1479 3673 1510 3739 ἡ
1520 3671 1632 3739 μῶν
1664 3672 1846 3742 ἐπιδη-

305 3758 424 3824 μίας
453 3759 713 3829 θερισμὺν
745 3759 1118 3828 παραπλήσιον
1145 3759 1221 3827 τῷ
1248 3759 1414 3821 οὕτως
1443 3759 1506 3812 ἂν
1549 3759 1846 3812 ἐλπισθέντι

300 3848 402 3899 ἀπὸ
440 3850 548 3901 τῶν
592 3849 800 3918 χρόνων
845 3847 940 3900 τοῦ
991 3847 1336 3914 εὐαγγελικοῦ
1385 3848 1748 3917 κηρύγματος.
1785 3851 1845 3901 Ei

299 3935 400 4004 γάρ
427 3936 505 4005 τῷ
553 3935 698 3989 εἶναι
739 3937 831 3988 τὸν
864 3936 1115 4004 θερισμὸν
1159 3935 1318 3988 πολὺν
1353 3935 1532 3986 πολλοὶ
1561 3935 1846 3987 πεπιστεύ-

297 4041 439 4088 κασι,
470 4027 720 4092 καίτοιγε
759 4024 952 4090 ὀλίγων
985 4024 1147 4076 ὄντων
1192 4025 1300 4076 τῶν
1343 4023 1582 4094 ἐργατῶν
1619 4025 1844 4076 ἀποστό-

297 4111 414 4175 λων,
439 4113 515 4175 ὼς
547 4113 688 4184 1:96;
713 4111 773 4164 16
804 4113 1002 4181 πλῆθος
1034 4112 1139 4164 τῶν
1172 4113 1618 4180 παραδεξαμένων
1641 4113 1731 4166 τὸν
1753 4113 1840 4164 λό-

294 4216 382 4266 γον
403 4217 417 4230 °
459 4203 578 4271 ήτοι
633 4201 726 4252 διά
769 4201 831 4252 τὸ
863 4219 881 4250 ι
921 4199 1221 4252 Θεάσασθαι
1254 4201 1382 4269 (80)ι
1405 4201 1501 4263 τὰς
1541 4201 1738 4271 χώρας,
1762 4205 1840 4254 ὅτι

293 4287 473 4342 λευκαί
493 4291 600 4342 είσι
635 4289 772 4357 1:96;
801 4286 1050 4357 θερισμὸν
1081 4289 1200 4357 ήδη,
1240 4308 1258 4339 ›
1291 4289 1456 4350 οὐδεὶς
1487 4291 1589 4358 1:96
1614 4291 1710 4358 τῆς
1741 4307 1841 4341 σω-
1872 4316 1916 4369 D
1943 4293 2032 4347 Dei
2068 4309 2082 4355 ;

293 4379 520 4446 ματικῆς
548 4377 649 4430 τοῦ
682 4376 928 4444 ᾓυτῆρος
975 4376 1124 4446 ἡμῶν
1167 4377 1451 4445 ἐπιδημίας
1491 4378 1836 4442 πεπίστευκε,

288 4466 398 4518 ἀλλ’
425 4467 545 4520 οὐδὲ
564 4466 760 4534 γέγονέ
787 4483 869 4527 τις
890 4466 1241 4518 πιστευόντων
1265 4468 1516 4536 ἐργάτης,
1538 4468 1670 4536 ὅπερ
1695 4468 1838 4520 ἐστὶν

287 4555 632 4610 ἀτοπώτατον
665 4555 913 4623 φάσκειν,
948 4555 1210 4624 Ἀδραάμ,
1239 4557 1331 4608 καὶ
1359 4557 1575 4620 Μωσέα,
1601 4556 1693 4608 καὶ
1714 4557 1838 4618 τοὺς

289 4645 568 4713 προφήτας
603 4644 744 4712 μήτε
773 4643 872 4710 τὴν
897 4641 1003 4693 τῶν
1033 4643 1272 4710 ἐργατῶν
1305 4643 1587 4711 ἐσχηκέναι
1634 4642 1833 4713 χώραν,

289 4733 418 4801 μήτε
448 4733 548 4802 τὴν
586 4733 699 4784 τῶν
734 4731 1086 4799 θεριζομένων
1111 4749 1124 4761 ·
1155 4733 1220 4801 ἢ,
1253 4731 1409 4799 εἴπερ
1452 4732 1543 4784 καὶ
1579 4732 1832 4802 πρότερον

285 4821 564 4886 γεγόνασιν
609 4820 840 4890 ἐργάται
883 4820 975 4871 καὶ
1023 4819 1271 4888 θερισμὸς
1320 4819 1429 4887 (81)
1455 4856 1470 4880 ,
1503 4819 1650 4870 οὐδὲν
1697 4820 1834 4883 δόξει

286 4907 579 4974 παράδοξον
625 4909 656 4960 6
703 4907 892 4978 Σωτὴρ
931 4905 1352 4972 ἐπαγγέλλεσθαι
1394 4907 1504 4966 τοῖς
1553 4906 1832 4976 ἐπαίρουσι

349 5020 396 5052 ⁸⁸
416 5019 576 5074 Joan.
628 5036 708 5083 tv,
737 5021 826 5074 37.
902 5022 947 5052 ⁸⁸
982 5020 1178 5087 Matth,
1215 5037 1289 5083 Ix,
1319 5021 1410 5072 57.
1483 5021 1528 5056 ⁸⁸
1554 5022 1704 5077 Joan.
1739 5041 1810 5090 tv,
1833 5027 1922 5081 35.

349 5136 461 5205 (77)
489 5137 630 5199 Περὶ
657 5135 773 5202 τῆς
801 5138 1071 5202 καθόδου,
1104 5149 1208 5192 etc.
1247 5138 1380 5190 Vide
1402 5137 1836 5205 Origeninnornm

289 5203 372 5257 lib.
415 5203 474 5275 ti,
514 5215 716 5274 quaest.
760 5207 814 5268 6,
861 5220 1010 5260 num.
1061 5208 1114 5271 4,
1149 5217 1203 5260 et
1239 5217 1372 5260 tom.
1426 5203 1513 5257 αι’
1541 5208 1593 5258 in
1649 5207 1834 5275 Joan.,

237 5337 272 5395 ,ρ
289 5274 708 5410 Ὺῗῗὲῗὶούτφ.
744 5341 836 5410 δίο
861 5341 1018 5410 codd.
1050 5341 1375 5410 Romam“.
1401 5348 1454 5388 ει
1477 5337 1830 5410 ⁸³τ¹³⁶ξνίη¹¹³³

291 5404 497 5475 Regius,
533 5404 715 5462 τοῦτο.
751 5408 915 5460 Paulo
948 5419 1064 5475 post
1104 5412 1152 5461 itt
1186 5405 1484 5475 Bodleiano
1528 5417 1580 5460 et
1621 5404 1830 5475 Βία-υθέ

290 5471 402 5544 riuo
437 5475 632 5544 legitur
654 5478 738 5544 ὅτι
763 5475 840 5544 τῷ
868 5471 1005 5527 κατὰ
1027 5475 1083 5526 16
1104 5492 1118 5505 ο
1154 5476 1210 5525 '0
1255 5471 1513 5544 θερισμὸς
1539 5473 1745 5544 ᾲπολὺς,
1782 5481 1830 5532 οί

294 5537 345 5591 δὲ
373 5537 598 5612 ἐργάται
621 5537 822 5612 ὀλίγοι,
839 5544 1202 5612 σημαινομένῳ
1243 5537 1452 5607 ὁμοίως
1471 5542 1633 5596 ταῦτα
1677 5544 1830 5611 εἴρη-

1949 3416 2069 3477 pter
2097 3411 2378 3477 quamdam
2402 3411 2704 3477 diligentem
2746 3409 3184 3478 pra'parationem
3215 3410 3332 3478 ejus
3360 3424 3481 3479 par-

1947 3496 2016 3549 tis
2045 3497 2236 3549 anima:
2255 3512 2370 3563 qua:
2395 3497 2828 3564 prastantissima
2856 3506 2959 3562 est,
3000 3508 3200 3565 parata:
3216 3506 3270 3551 et
3308 3512 3488 3565 prom-

1947 3594 2050 3650 pta:
2081 3585 2144 3638 ad
2175 3583 2552 3650 perfectionem
2572 3622 2588 3647 ,
2619 3578 2675 3636 ut
2705 3598 2770 3636 ne
2800 3583 2960 3636 etiam
3003 3593 3248 3637 metatur.
3276 3583 3381 3637 Sed
3407 3584 3486 3636 di-

1945 3675 2166 3726 cendntn
2191 3683 2274 3725 est
2303 3673 2383 3725 liis
2401 3673 2490 3740 qui
2520 3672 2660 3723 hunc
2682 3673 2732 3724 in
2763 3673 2971 3724 modum
2999 3681 3382 3740 exposuerunt.
3415 3686 3482 3722 an

1947 3761 2108 3812 velint
2137 3762 2420 3812 admittere
2451 3773 2719 3825 nunquam
2759 3759 2950 3811 factam
2998 3758 3160 3812 fuisse
3201 3769 3324 3810 ante
3357 3757 3483 3810 Ser-

1943 3852 2143 3902 vatoris
2177 3851 2342 3902 nostri
2372 3851 2652 3903 adventum
2693 3863 2917 3902 messem
2944 3849 3170 3901 similem
3203 3849 3291 3912 illi:
3322 3849 3480 3902 messi

1943 3954 2060 4005 qua:
2079 3939 2154 3990 sic
2176 3939 2484 4003 Sperabatur
2499 3952 2527 3988 a
2546 3935 2863 4003 temporibus
2882 3934 3199 4002 evangelicae
3223 3935 3478 4002 pradica-

1943 4029 2120 4081 tionis.
2147 4027 2275 4079 Nam
2297 4027 2360 4088 si,
2381 4028 2500 4094 quia
2520 4035 2637 4080 erat
2653 4027 2837 4078 messis
2857 4024 3044 4087 multa,
3064 4024 3216 4078 multi
3241 4025 3482 4078 credide-

1942 4125 2060 4169 runt
2072 4129 2390 4183 ,quanquam
2411 4115 2591 4182 paucis
2602 4113 2978 4166 exsistentibus
2995 4113 3254 4180 operariis
3270 4121 3482 4180 aposto-

1941 4203 2026 4269 lis,
2057 4206 2452 4272 comparatione
2483 4203 2831 4256 multitudinis
2858 4201 3480 4268 suscipientiumverbum

2119 4295 2196 4344 vel
2223 4303 2438 4360 propter
2465 4293 2588 4346 illud
2627 4311 2639 4345 :
2677 4310 2694 4341 ι
2721 4291 2907 4344 Videte
2938 4291 3180 4358 regiones
3199 4290 3304 4356 jam
3331 4289 3480 4344 albas

1943 4397 2060 4435 esse
2077 4384 2142 4433 ad
2170 4397 2394 4434 messem
2425 4383 2524 4444 “,t
2547 4381 2720 4434 nullus
2739 4390 2861 4433 ante
2874 4381 3202 4448 corporalem
3234 4378 3481 4433 Servato-

1944 4471 2017 4522 ris
2038 4471 2204 4522 nostri
2228 4473 2506 4522 adventum
2528 4470 2774 4533 credidit,
2795 4484 2966 4538 neque
2983 4471 3142 4522 etiam
3168 4469 3480 4535 [uitaliquis

1940 4559 2213 4625 operarius
2245 4558 2606 4619 credentium,
2641 4559 2781 4628 quod
2809 4567 2890 4611 est
2927 4557 3358 4610 absurdissimum
3390 4555 3476 4608 di-

1940 4654 2052 4706 ctu,
2075 4643 2118 4696 si
2143 4643 2432 4706 Abraham,
2460 4653 2511 4698 et
2543 4644 2734 4708 Moses,
2769 4652 2824 4696 et
2859 4644 3127 4710 pr0pltetze
3157 4655 3252 4694 nec
3287 4653 3477 4707 Opera-

1939 4736 2158 4795 riorum,
2183 4748 2278 4786 nec
2306 4747 2488 4786 eorum
2527 4733 2616 4800 qui
2653 4741 2855 4784 metunt
2895 4733 3126 4783 habeant
3150 4728 3322 4780 locum
3347 4764 3363 4789 ,
3395 4727 3476 4779 vel

1936 4820 1981 4874 si
2009 4823 2169 4873 etiam
2199 4830 2356 4872 antea
2387 4819 2534 4871 fuere
2559 4818 2821 4884 operarii,
2851 4818 3051 4881 fuitque
3098 4814 3310 4876 messis,
3344 4814 3476 4866 nihil

1937 4910 2252 4965 admirabile
2276 4910 2542 4964 videbitur
2563 4908 2898 4963 Servatorem
2916 4903 3237 4958 annuntiare
3261 4903 3478 4957 elevan-

1934 5161 2041 5214 ται,
2066 5145 2140 5213 τῷ
2160 5145 2432 5214 ἑτοίμους,
2464 5151 2568 5214 etc.
2599 5142 3006 5214 Reginsautem
3039 5132 3213 5214 habet.
3239 5131 3324 5182 ὅτι
3347 5131 3486 5214 κατὰ

1931 5213 1992 5282 16
2010 5198 2041 5243 ~’
2068 5198 2122 5265 'o'
2151 5198 2408 5282 θεριᾶμδξ
2421 5198 2610 5282 πολὺς,
2641 5198 2767 5282 eis:
2799 5207 3036 5282 ἐργάται
3069 5198 3269 5282 ῥλξγτξιο
3295 5213 3496 5282 ξομι-

1930 5280 2168 5350 νόμενον,
2194 5267 2399 5350 ὁμοίως
2420 5267 3259 5350 ταῦτα’είρηταιξτῷηὲῖοίνὶξουςν
3289 5275 3395 5316 διο·

1999 5341 2304 5415 (79ΓῊδη.
2349 5341 2504 5402 Deest
2532 5349 2583 5398 in
2620 5341 2804 5400 codice
2833 5341 3162 5415 Bodleiano.

2521 5395 2821 5484 ιζὲεὲῖιῖιίἱιῇ
2833 5395 3416 5484 Ῠνῖ-(ιοῳτθεάσασθς,

2019 5461 2106 5540 itii
2140 5461 3171 5540 esaai'rieaiaaaa's";"arma:nus,
3193 5461 3472 5533 θερισμός
3497 5476 3510 5491 ο

1928 5549 2140 5619 Regius,
2175 5549 2435 5622 θερισαοί.
