3828 6196
314 274 415 328 Πι)

1745 254 2061 311 ORIGENIS

3473 239 3586 294 ιεο

315 389 457 442 tibus
488 387 688 449 oculos,
718 394 779 437 ut
806 380 1017 436 videant
1046 376 1291 443 regiones
1312 375 1425 443 jam
1456 371 1604 425 albas
1646 383 1763 423 esse
1790 369 1854 420 ad

2033 385 2079 429 ις
2107 365 2432 435 ὀφθαλμοὺς,
2449 364 2534 416 ἵνα
2555 360 2853 414 θεάσωνται
2878 357 2977 419 τὰς
3011 353 3234 424 χώρας,
3262 353 3354 403 ὅτι
3385 349 3588 404 λευκαί

316 491 569 533 messem.
602 475 673 528 Ex
705 473 788 526 his
827 470 973 524 clare
1005 466 1233 535 perSpiei
1279 472 1453 530 potest
1491 459 1622 513 nihil
1669 471 1852 511 eorum

2033 472 2059 507 rt
2091 455 2224 525 πρὸς
2250 453 2504 523 θερισμὸν
2534 452 2655 521 ήδη.
2704 449 2799 501 Ἐκ
2831 445 3044 499 τούτων
3078 442 3147 511 δὴ
3178 440 3429 493 δύναταί
3464 456 3588 502 πως

317 580 433 634 qua:
476 578 638 634 supra
694 560 951 619 diximus,
983 557 1082 611 ltnc
1116 555 1166 607 in
1219 552 1336 605 loco
1388 548 1606 615 intelligi
1640 548 1701 597 de
1730 559 1858 597 voce

318 632 522 705 messis.
544 649 647 702 Sed
675 663 847 716 neque
873 646 1013 714 quod
1039 642 1176 710 apud
1198 638 1504 707 Apostolum
1531 637 1581 688 iu
1613 635 1717 687 alio
1745 634 1860 686 loco

317 738 799 799 consideravimus,
859 736 945 791 hic
995 730 1286 799 congruit,
1334 728 1600 782 dicentem
1645 740 1713 775 ιι
1760 721 1859 787 Qui

318 842 479 896 parce
515 827 784 890 seminat,
811 838 969 892 parce
1004 830 1058 875 et
1090 828 1284 880 metet;
1321 826 1376 870 et
1420 816 1511 884 qui
1552 812 1780 867 seminat
1809 811 1860 867 in

316 916 815 975 benedictionibus,
850 915 915 967 de
963 908 1423 964 benedictionibus
1470 915 1522 958 et
1553 911 1716 956 metet
1740 900 1806 952 3'.
1838 915 1857 949 ι

387 1088 550 1159 256
586 1085 671 1138 45.
712 1085 1027 1150 Qumramus
1073 1085 1227 1150 igitur
1267 1081 1545 1148 septimam
1600 1075 1866 1145 signiﬁca-

323 1179 518 1231 tionem
548 1178 952 1230 convenientem
990 1175 1071 1228 liis
1100 1189 1217 1240 qua:
1252 1187 1412 1238 supra
1438 1170 1784 1224 disseruimus
1813 1181 1864 1218 tu

322 1266 500 1319 illud:
542 1282 561 1314 ι
626 1263 809 1317 Nonne
843 1276 936 1314 vos
989 1262 1187 1323 dicitis,
1234 1261 1374 1328 quod
1422 1260 1596 1310 adhuc
1643 1266 1869 1324 quatuor

323 1368 533 1413 menses
561 1362 706 1413 sunt,
736 1361 790 1406 et
829 1353 1014 1404 messis
1043 1352 1181 1404 venit
1211 1352 1232 1401 ?
1271 1369 1289 1399 ι
1319 1359 1373 1401 et
1409 1349 1460 1400 in
1490 1348 1589 1400 ltoc
1617 1362 1631 1398 :
1678 1365 1696 1396 ι
1735 1345 1869 1398 Ecce

322 1444 441 1498 dico
467 1444 617 1498 vobis
646 1460 661 1496 :
704 1442 896 1495 Levate
938 1441 1121 1495 oculos
1152 1448 1378 1503 vestros,
1401 1450 1454 1491 et
1492 1438 1665 1490 videte
1700 1436 1871 1503 regio-

323 1549 419 1588 nes
457 1532 566 1600 jam
602 1531 748 1586 albas
793 1544 911 1586 esse
949 1532 1014 1584 ad
1064 1544 1286 1583 messem
1325 1548 1338 1581 :
1380 1544 1400 1578 ι
1455 1527 1630 1595 sitque
1684 1523 1872 1578 messis

326 1622 478 1674 nobis
529 1621 685 1681 ratio,
732 1620 844 1673 sive
900 1619 1073 1673 oratiu
1130 1628 1349 1687 aperta,
1384 1617 1448 1669 de
1493 1616 1872 1684 perspicuitate

1958 542 2095 597 εἶναι
2136 545 2323 613 σαφὲς,
2355 545 2435 596 ὅτι
2470 541 2620 594 οὐδὲν
2662 538 2772 590 τῶν
2804 532 3247 606 προειρημένων
3307 529 3469 581 ἐστὶν
3497 530 3588 581 ὲν-

1960 634 2083 688 θάδε
2129 632 2411 702 νοούμενον
2456 629 2594 683 κατὰ
2636 629 2727 680 τὸν
2770 624 3060 697 θερισμόν.
3116 619 3273 674 Ἀλλ’
3344 617 3477 669 οὐδὲ
3529 618 3592 669 τὸ

1960 726 2109 794 παρὰ
2152 723 2229 793 τῷ
2276 721 2577 791 Ἀποστόλῳ
2622 722 2679 772 ὲν
2731 717 2877 785 ἄλλῳ
2920 714 3078 783 τόπῳ
3127 709 3341 781 νοηθὲν
3393 706 3591 759 ἐνθάδε

1960 813 2257 884 ἐφαρμόσει
2289 811 2524 878 λέγοντι’
2572 828 2589 859 t
2615 810 2670 862 '0
2704 807 2948 875 σπείρων
2991 799 3355 871 φειδομένως
3402 796 3593 884 φειξοτ

2162 903 2252 954 καὶ
2278 900 2513 970 θερίσει·
2546 898 2639 950 καὶ
2667 898 2696 951 6
2741 895 2983 965 σπείρων
3018 893 3109 945 ἐπ’
3148 889 3451 957 εὐλογίαις
3504 881 3594 938 ἐπ’

1963 991 2228 1058 εὐλογίαις
2251 990 2341 1042 καὶ
2369 988 2622 1058 θερίσει.»

2035 1082 2122 1135 45.
2136 1081 2306 1152 Ζητοῦ
2315 1098 2411 1149 μεν
2434 1076 2524 1132 οὖν
2546 1079 2770 1147 ἕϐδομον
2785 1073 3207 1143 σημαινόμενον
3227 1066 3589 1137 κατάλληλον

1963 1176 2073 1235 τοῖς
2103 1169 2612 1241 προαποδεδομένοις
2657 1167 2735 1227 εἰς
2780 1164 2876 1215 τόν
2918 1180 2935 1210 ι
2968 1162 3087 1230 Οὐχ
3136 1160 3314 1229 ὑμεῖς
3366 1156 3587 1224 λέγετε,

1965 1262 2045 1313 ὅτι
2074 1258 2405 1329 τετράμηνός
2436 1259 2574 1318 ἐστι,
2606 1255 2700 1307 καὶ
2744 1254 2777 1303 6
2807 1250 3074 1321 θερισμὸς
3104 1247 3351 1318 ἔρχεται
3379 1262 3395 1310 ;
3437 1264 3459 1296 ι
3494 1245 3590 1297 καὶ

1966 1352 2044 1413 είς
2072 1349 2131 1400 τό
2153 1363 2165 1376 ⁸
2207 1367 2224 1397 ι
2248 1348 2376 1399 Ἰδοὺ
2404 1347 2547 1412 λέγω
2567 1345 2725 1414 ύμῖν·
2770 1340 3051 1410 Ἐπάρατε
3081 1336 3220 1398 τοὺς
3255 1332 3589 1405 ὀφθαλμοὺς

1968 1437 2141 1507 ὑμῶν,
2169 1436 2261 1489 καὶ
2284 1434 2545 1488 θεάσασθε
2574 1432 2673 1495 τὰς
2710 1430 2917 1501 χώρας,
2948 1429 3036 1481 ὅτι
3067 1425 3274 1478 λευκαί
3302 1426 3419 1476 εισι
3448 1422 3591 1494 πρὸς

1970 1525 2222 1599 θερισμὸν
2247 1524 2366 1595 ἥδη.
2402 1542 2420 1573 ι
2461 1524 2517 1575 '0
2541 1523 2606 1592 δὴ
2641 1521 2769 1591 περὶ
2801 1519 2902 1587 τῆς
2938 1514 3260 1586 σαφηνείας
3287 1512 3408 1565 τῶν
3443 1512 3481 1563 Γ
3489 1529 3589 1582 ρα-

1971 1617 2085 1685 φῶν
2113 1614 2309 1685 τρανὴς
2349 1613 2528 1683 λόγος,
2564 1613 2597 1682 ἢ
2633 1613 2661 1664 6
2698 1610 2827 1679 περὶ
2870 1608 2967 1660 τοῦ
2991 1645 3007 1670 ,
3039 1605 3165 1669 πῶς
3205 1604 3396 1656 πάντα
3429 1604 3534 1655 ὅσα
3561 1604 3591 1655 6

327 1708 719 1777 Scripturarum
739 1709 922 1777 (veluti
941 1711 1203 1776 quomodo
1231 1708 1407 1760 omnia
1428 1720 1543 1772 quae
1569 1704 1694 1757 fecit
1713 1704 1868 1763 Deus,

2033 1706 2100 1766 ιὸς
2136 1704 2353 1772 ἐποίησε
2391 1700 2528 1753 καλὰ
2570 1699 2686 1751 λίαν
2711 1739 2727 1759 ,
2763 1699 2984 1769 εἴρηται
3030 1696 3171 1765 ἡμῖν
3214 1696 3247 1747 6
3292 1692 3588 1765 θερισμὸς,

325 1802 436 1854 sint
474 1798 626 1853 valde
661 1798 798 1852 bona
825 1796 911 1865 ³⁸).
945 1812 1104 1865 quam
1150 1810 1373 1849 messem
1405 1796 1495 1860 qui
1529 1793 1698 1852 metit,
1737 1791 1872 1847 duos

328 1891 531 1945 fructus
563 1890 792 1943 metendi
826 1889 985 1942 habet
1011 1904 1026 1951 ;
1066 1886 1317 1947 alterum,
1342 1884 1483 1952 quod
1517 1881 1707 1950 accipit
1737 1896 1873 1932 mer-

327 1981 551 2041 cedem;
589 1980 848 2042 alterum,
901 1977 1040 2052 quqd
1082 1975 1282 2043 colligit
1330 1974 1561 2026 fructum
1606 1971 1657 2025 in
1709 1969 1871 2022 vitam

327 2082 581 2125 aeternam
607 2070 671 2121 ".
717 2069 781 2122 Et
818 2068 1052 2121 arbitror
1080 2080 1174 2133 per
1201 2080 1294 2118 eas
1324 2061 1731 2132 promissiones,
1755 2073 1874 2127 qua:

232 2198 283 2245 ὁ
330 2147 509 2225 postea
559 2157 751 2210 rulime
801 2164 960 2215 sunt,
988 2154 1139 2221 juxta
1175 2154 1227 2206 id
1262 2151 1404 2220 quod
1439 2150 1697 2218 scriptum
1742 2158 1821 2201 est
1856 2161 1869 2196 :

334 2266 355 2300 ι
393 2249 527 2302 Ecce
574 2247 927 2309 Dnminus,ct
978 2258 1182 2298 merces
1209 2243 1323 2311 cjns
1352 2243 1403 2295 in
1447 2254 1604 2294 manu
1648 2238 1783 2303 eius,
1818 2247 1876 2291 ut

331 2340 516 2392 reddat
548 2336 835 2404 unicuique
856 2333 1146 2388 secundum
1185 2347 1248 2385 ea
1288 2346 1407 2398 qua:
1426 2329 1652 2398 gesserit
1674 2329 1720 2360 ’⁸
1743 2346 1763 2378 ι
1795 2328 1876 2381 di-

331 2438 475 2483 ctmn
513 2427 696 2489 fuisse,
727 2444 745 2476 ι
773 2425 1069 2480 mercedem
1093 2422 1286 2489 accipit
1312 2421 1360 2451 ⁹¹
1389 2435 1405 2483 ;
1446 2439 1464 2471 ι
1500 2427 1721 2487 propter
1752 2431 1875 2485 pro-

334 2520 631 2572 venientem
659 2527 834 2570 autem
863 2531 932 2569 ex
959 2517 1070 2581 ipsa
1097 2512 1402 2582 cognitione
1433 2510 1741 2571 utilitatem,
1759 2520 1878 2574 qure

333 2620 402 2657 ex
424 2606 796 2658 se‘secuttdum
817 2613 1063 2657 naturam
1084 2603 1137 2654 in
1170 2608 1350 2655 mente
1378 2599 1532 2661 inest,
1550 2598 1705 2652 etiam
1726 2597 1776 2650 in
1796 2612 1878 2649 ων

337 2692 513 2744 tionali
564 2700 755 2745 natura
813 2705 910 2743 ceu
966 2690 1234 2758 egregium
1278 2687 1524 2756 quiddam
1564 2694 1613 2739 et
1673 2684 1879 2752 insigne

337 2781 624 2841 exsistcns,
644 2782 804 2833 etiam
836 2787 1026 2845 prmter
1055 2776 1439 2844 promissiones
1471 2789 1590 2843 qua:
1617 2774 1733 2827 alia;
1758 2780 1880 2826 sunt

337 2869 404 2919 ab
439 2866 591 2934 ipsis,
625 2867 883 2936 scriptum
914 2864 1079 2919 fuisse
1108 2882 1120 2917 :
1159 2882 1177 2914 ι
1205 2864 1412 2931 Colligit
1456 2863 1686 2916 fructum
1725 2862 1775 2914 in
1801 2859 1880 2912 vi-

338 2963 443 3009 tam
474 2957 796 3010 azternatn"
821 2973 836 3021 ;
863 2974 882 3007 ι
920 2971 1039 3023 qum
1079 2968 1162 3008 res
1193 2954 1503 3007 beneﬁcium
1533 2953 1795 3019 quoddam
1826 2958 1880 3003 et

1970 1795 2145 1847 ὅντινα
2172 1795 2200 1845 6
2225 1790 2446 1859 θερίζων
2482 1789 2574 1841 δύο
2605 1800 2849 1857 καρπούς
2884 1785 2980 1837 τοῦ
3014 1782 3272 1854 θερίζειν
3302 1783 3423 1852 ἔχει
3449 1800 3461 1812 ·
3492 1783 3590 1835 ἕνα

1975 1880 2092 1949 μὲν,
2113 1880 2192 1931 ὅτι
2219 1877 2479 1946 λαμϐάνει
2512 1875 2721 1945 μισθὸν,
2745 1874 2935 1943 ἕτερον
2962 1872 3021 1923 δὲ
3050 1873 3137 1926 ὃτι
3178 1869 3419 1937 συνάγει
3447 1886 3589 1940 καρ-

1973 1969 2071 2023 πὸν
2097 1971 2174 2032 είς
2204 1966 2345 2036 ζωὴν
2376 1963 2610 2018 αἰώνιον.
2648 1964 2759 2016 Καὶ⁸
2784 1959 2995 2032 νομίζω
3030 1960 3125 2014 διὰ
3164 1961 3273 2031 μὲν
3312 1961 3419 2024 τὰς
3450 1960 3590 2030 μετὰ

1973 2059 2145 2112 ταῦτα
2175 2056 2502 2126 ἐπαγγελίας
2541 2054 2805 2125 ἐσομένας
2858 2052 3007 2105 κατὰ
3046 2052 3119 2105 τὰ
3156 2051 3547 2122 γεγραμμένα
3570 2066 3586 2081 ’

1979 2167 2000 2200 r
2020 2148 2148 2200 Ἰδοὺ
2171 2146 2390 2217 Κύριος,
2422 2144 2514 2197 καὶ
2540 2146 2568 2195 6
2604 2143 2795 2213 μισθὸς
2821 2142 2995 2197 αὐτοῦ
3023 2144 3086 2195 ὲν
3110 2146 3185 2213 τῇ
3213 2144 3368 2215 χειρὶ
3394 2141 3587 2206 αὑτοῦ,

1972 2237 2261 2291 ἀποδοῦναι
2286 2236 2499 2303 ἑκάστῳ
2527 2234 2668 2286 κατὰ
2698 2234 2764 2287 τὸ
2801 2233 2964 2302 ἔργον
2991 2230 3170 2285 αὑτοῦ
3199 2271 3219 2297 ,
3266 2252 3288 2285 ι
3328 2233 3589 2305 εἰρῆσθαι

1976 2329 2037 2381 τό
2060 2345 2073 2357 ·
2106 2348 2123 2378 ι
2151 2327 2353 2380 Μισθὸν
2390 2325 2652 2394 λαμϐάνει
2673 2342 2686 2354 ·
2727 2343 2745 2374 ι
2778 2323 2869 2375 διὰ
2909 2322 2967 2375 δὲ
2997 2322 3103 2394 τὴν
3134 2325 3246 2378 ἀπ’
3273 2325 3453 2395 αὐτῆς
3487 2324 3587 2393 τῆς

1975 2417 2200 2487 θεωρίας
2229 2414 2489 2482 ὠφέλειαν
2508 2453 2522 2476 ,
2553 2412 2776 2465 αὐτόθεν
2809 2411 2953 2463 κατὰ
2983 2411 3155 2478 φύσιν
3185 2409 3360 2465 οὖσαν
3387 2412 3468 2482 τῷ
3489 2412 3586 2482 νῷ,

1975 2507 2067 2559 καὶ
2098 2508 2163 2575 τῇ
2196 2505 2383 2573 λογικῇ
2413 2504 2569 2572 φύσει
2593 2503 2704 2573 (Si)
2724 2500 3007 2573 ἐξαίρετον
3041 2504 3467 2572 τυγχάνουσαν,
3493 2502 3588 2555 καὶ

1974 2595 2141 2665 χωρὶς
2185 2594 2384 2663 ἐτέρων
2415 2593 2566 2663 παρὰ
2608 2591 2811 2661 ταύτην
2855 2591 3220 2659 ἐπαγγελιῶν
3267 2591 3587 2663 γεγράφθαι

1976 2686 2036 2737 τό
2061 2702 2073 2714 ·
2109 2703 2127 2734 ι
2169 2684 2393 2750 Συνάγει
2417 2682 2624 2752 καρπὸν
2669 2684 2749 2744 είς
2774 2681 2923 2751 ζωὴν
2949 2680 3181 2736 αἰώνιον
3202 2700 3216 2712 ’
3265 2703 3285 2734 ι
3322 2684 3469 2753 ὅπερ
3495 2682 3587 2735 εύ-

1978 2772 2202 2827 παθειάν
2251 2788 2372 2824 τινα
2414 2771 2506 2824 τοῦ
2544 2770 2872 2840 ἡγεμονικοῦ
2916 2770 3078 2841 δηλοῖ
3101 2809 3119 2835 ,
3151 2773 3234 2835 ὡς
3278 2774 3376 2826 καὶ
3423 2774 3484 2824 ὲν
3510 2770 3589 2841 τῷ

1976 2864 2141 2936 τρίτῳ
2172 2861 2278 2916 τῶν
2308 2892 2312 2897 λ
2365 2863 2752 2933 Στρωματέων
2812 2864 3267 2932 παρεστήσαμεν
3292 2863 3588 2934 διηγούμι,

1978 2951 2172 3003 νοιτό·
2226 2968 2244 3000 ‹
2284 2950 2340 3002 '0
2371 2950 2559 3020 Πατήρ
2594 2965 2711 3012 σου,
2755 2951 2785 3002 6
2828 2948 3052 3017 βλέπων
3095 2952 3161 3006 ἐν
3203 2952 3288 3025 τῷ
3332 2951 3585 3024 κρυπτῷ.

338 3045 675 3099 commodum
704 3042 797 3096 τοῦ
843 3043 1166 3113 ἡγεμονικοῦ
1212 3042 1348 3114 [sive
1392 3043 1584 3096 mentis
1612 3040 1876 3109 principa-

2033 3037 2245 3091 τοδώσει
2271 3054 2351 3090 σοι
2382 3039 2440 3090 ἐν
2468 3016 2547 3106 rt];
2578 3036 2796 3108 φανερῷ
2978 3058 2999 3092 ι

340 3138 449 3208 lis],
482 3138 743 3201 ostendit,
781 3138 1226 3206 quemadmodum
1260 3138 1314 3189 in
1357 3136 1516 3189 tertio
1563 3133 1864 3188 Stromaton
1909 3132 2044 3189 libro
2089 3129 2453 3199 exposuimus,
2488 3142 2807 3185 enarrantes
2853 3132 3067 3188 dictum
3116 3133 3257 3189 illud
3289 3151 3307 3188 :
3360 3153 3382 3189 α
3427 3135 3589 3190 Pater

340 3239 483 3292 tuus,
515 3230 607 3297 qui
637 3230 856 3284 videtin
877 3228 1210 3293 abscondito,
1243 3228 1427 3283 reddet
1449 3228 1540 3282 tibi
1570 3228 1622 3280 in
1653 3225 2014 3280 manifesto".
2061 3244 2081 3277 ι

406 3322 495 3379 46.
526 3322 818 3376 Hcracleon
859 3322 962 3377 dici
993 3322 1295 3383 existimat,
1330 3339 1349 3372 ι
1375 3322 1466 3390 qui
1495 3321 1664 3385 metit,
1689 3333 1895 3373 merce-

340 3412 460 3464 dem
512 3410 737 3478 accipit,
770 3428 790 3461 ι
841 3411 1096 3477 quoniam
1146 3410 1404 3462 Servator
1446 3411 1681 3476 seipsum
1741 3408 1887 3461 dicat

344 3513 654 3562 messorem,
688 3500 1094 3565 mercedemque
1121 3498 1327 3552 Domini
1355 3500 1525 3553 nostri
1558 3512 1677 3552 esse
1704 3498 1886 3553 existi-

345 3597 454 3640 mat
489 3603 671 3641 eorum
716 3589 806 3656 qui
851 3596 1072 3651 metunt,
1112 3587 1339 3641 salutem
1376 3596 1431 3641 et
1470 3587 1884 3651 restitutionem,

343 3690 408 3729 eo
438 3678 576 3743 quod
609 3678 719 3744 ipse
744 3680 794 3729 in
827 3676 907 3730 eis
934 3677 1263 3743 requiescat;
1304 3676 1358 3729 in
1397 3676 1483 3730 liis
1528 3691 1654 3731 vero
1685 3677 1883 3738 verbis,

350 3789 368 3819 ι
401 3780 454 3823 et
488 3772 713 3823 {uictum
753 3770 957 3839 colligit
986 3771 1039 3823 itt
1084 3770 1244 3821 vitam
1277 3779 1552 3836 aternam,
1594 3786 1612 3818 ι
1656 3768 1883 3821 fructum

341 3862 543 3915 dictum
575 3858 743 3915 fuisse
767 3861 1060 3920 existimat,
1091 3860 1169 3910 vel
1201 3859 1324 3926 quia
1371 3858 1422 3913 id
1450 3858 1590 3926 quod
1617 3856 1887 3923 colligitur

345 3949 553 4004 {rectus
610 3951 682 4006 sit
727 3952 851 4005 vita:
888 3959 1133 4013 aeterna»,
1174 3948 1257 4002 vel
1308 3948 1431 4014 quia
1475 3948 1587 4014 ipsa
1644 3946 1887 4000 collectio

345 4039 451 4092 vita
473 4042 633 4093 etiam
661 4048 859 4093 aeterna
883 4048 983 4091 cst.
1022 4039 1091 4090 At
1123 4052 1245 4091 reor
1280 4036 1381 4089 hoc
1422 4036 1474 4088 iu
1505 4035 1622 4088 loco
1647 4041 1884 4087 coactam

346 4141 465 4181 esse
517 4129 658 4182 illius
701 4126 1196 4194 lntcrpretationem
1223 4164 1239 4189 ,
1280 4124 1505 4179 dicentis
1547 4123 1884 4176 Servatorettt

345 4216 590 4284 accipere
648 4216 971 4277 mercedem,
1003 4222 1058 4265 et
1105 4212 1480 4265 confundentis
1509 4208 1806 4263 mercedem
1834 4217 1889 4262 et

346 4302 716 4357 collectionem
773 4303 979 4356 fructus
1006 4300 1059 4354 in
1092 4315 1278 4364 unum,
1316 4299 1598 4353 manifeste
1642 4298 1773 4351 duas
1801 4312 1888 4351 res

349 4389 627 4458 Scriptura
662 4392 715 4444 in
755 4391 929 4445 medio
960 4398 1210 4457 ponente,
1242 4398 1302 4441 ut
1335 4402 1494 4455 supra
1535 4386 1884 4440 ostendimus.

349 4480 701 4544 Quamobrem
731 4482 775 4534 si
820 4481 1044 4535 assecuti
1082 4480 1276 4534 [uitans
1318 4479 1666 4534 elevationem
1702 4476 1888 4533 oculo-

2050 3316 2137 3372 46.
2171 3318 2227 3370 '0
2253 3318 2310 3370 δὲ
2336 3317 2646 3387 Ἡρακλέων
2665 3316 2728 3369 τό
2752 3333 2765 3347 ·
2804 3335 2827 3368 ι
2848 3318 2911 3371 '0
2934 3317 3185 3389 θερίζων
3219 3320 3423 3391 μισθὸν
3448 3322 3589 3391 λαμ-

1982 3407 2154 3471 6άνει,
2189 3428 2208 3458 ι
2241 3408 2485 3479 εἰρῆσθαι
2525 3409 2733 3477 νομίζει
2757 3448 2772 3472 ,
2808 3410 2934 3461 ἐπεὶ
2968 3409 3244 3482 θεριστὴν
3272 3412 3471 3465 ἑαυτὸν
3498 3411 3587 3464 λέ-

1982 3515 2068 3565 γει
2088 3501 2117 3551 6
2144 3500 2359 3569 Σωτὴρ,
2391 3500 2483 3551 καὶ
2507 3500 2596 3552 τὸν
2630 3498 2828 3568 μισθὸν
2864 3499 2965 3552 τοῦ
2995 3503 3222 3573 Κυρίου
3257 3503 3425 3574 ἡμῶν
3451 3506 3587 3556 ὐπο-

1982 3587 2241 3657 λαμϐάνει
2278 3584 2414 3640 εἶναι
2445 3587 2543 3657 τὴν
2589 3586 2697 3641 τῶν
2730 3587 3114 3658 θεριζομένων
3162 3592 3455 3663 σωτηρίαν
3494 3592 3589 3645 καὶ

1983 3675 2416 3728 ἀποκατάστασιν
2447 3673 2524 3743 τῷ
2546 3675 2922 3728 ἀναπαύεσθαι
2952 3679 3132 3732 αὑτὸν
3157 3682 3251 3736 ἐπ’
3273 3682 3494 3744 αὐτοῖς’
3523 3681 3584 3733 τὸ

1981 3764 2037 3816 δέ
2058 3779 2071 3791 ·
2106 3782 2124 3813 ι
2166 3764 2272 3815 Καὶ
2303 3764 2520 3829 συνάγει
2546 3764 2757 3833 καρπὸν
2797 3767 2879 3828 εἰς
2925 3766 3084 3838 ζωὴν
3111 3768 3367 3834 αἰώνιον,
3406 3790 3425 3822 ι
3457 3787 3590 3841 καρ-

1984 3853 2084 3905 πὸν
2108 3852 2352 3922 εἰρῆσθαι
2377 3869 2538 3922 φησιν
2561 3852 2674 3923 (84)
2696 3894 2715 3918 ,
2748 3854 2782 3924 ἢ
2815 3854 2901 3907 ὅτι
2932 3856 2999 3908 τὸ
3032 3860 3422 3930 συναγόμενον
3447 3877 3588 3932 καρ-

1985 3942 2083 3996 πὸς
2114 3941 2257 4010 ζωῆς
2278 3942 2493 3994 αἰωνίου
2512 3942 2679 4003 ἐστὶν,
2700 3942 2729 3993 6
2757 3943 2850 3995 καὶ
2878 3944 3023 3996 αὐτὸ
3038 3946 3159 4016 (85)
3190 3949 3313 4020 ζωὴ
3343 3948 3585 4012 αίώνιος.

1982 4027 2151 4080 Ἀλλά
2180 4028 2399 4081 αὐτόθεν
2431 4028 2633 4098 νομίζω
2665 4030 2839 4098 βίαιον
2877 4028 3024 4088 εἶναι
3053 4035 3159 4106 τὴν
3189 4037 3457 4108 διήγησιν
3482 4038 3585 4089 αὺ-

1982 4116 2106 4179 τοῦ,
2137 4119 2430 4185 φάσκοντος
2465 4118 2556 4170 τὸν
2586 4119 2816 4189 Σωτῆρα
2865 4122 3068 4190 μισθὸν
3114 4125 3461 4197 λαμϐάνειν,
3493 4125 3591 4180 καὶ

1985 4207 2300 4276 συγχέοντος
2324 4206 2412 4259 τὸν
2444 4205 2633 4276 μισθὸν
2664 4210 2759 4260 καὶ⁸
2790 4209 2893 4278 τὴν
2929 4215 3283 4285 συναγωγὴν
3307 4215 3409 4268 τοῦ
3453 4232 3591 4286 καρ-

1985 4297 2086 4349 ποῦ
2111 4299 2188 4358 είς
2215 4297 2293 4357 ἒν.
2309 4296 2562 4367 ἄντικρυς
2575 4299 2674 4367 τῆς
2701 4299 2927 4370 Γραφῆς
2951 4302 3052 4357 δύο
3076 4306 3402 4375 πράγματα
3424 4323 3592 4379 παρι-

1985 4387 2210 4455 στάσης,
2237 4384 2312 4448 ὡς
2339 4386 2847 4457 προδιηγησάμεθα.
2878 4390 2943 4442 Et
2973 4393 3164 4447 τοίνυν
3188 4397 3590 4449 ὲπιτέτευκται

1983 4478 2171 4546 ὴμῐνή
2213 4475 2437 4547 ἔπαρσις
2469 4475 2576 4529 τῶν
2615 4478 2995 4534 ἁποστολικῶν
3042 4483 3394 4556 ὀφθαλμῶν,
3431 4488 3529 4539 καὶ
3557 4490 3594 4558 ἡ

352 4588 469 4625 rum
494 4573 924 4638 apostolicorum,
958 4573 1323 4639 visionemque
1366 4569 1642 4638 regionum
1680 4566 1790 4635 jam
1819 4566 1876 4620 ad

2033 4568 2085 4620 ία
2109 4566 2216 4619 τῶν
2249 4565 2439 4636 χωρῶν
2478 4566 2687 4621 λευκῶν
2724 4566 2826 4638 ἤδη
2868 4570 3013 4639 πρὸς
3064 4552 3348 4645 θερισμὸν
3389 4552 3594 4639 οὐσῶνξ

352 4679 576 4719 messem
609 4664 869 4729 albarum,
896 4665 1081 4717 eodem
1111 4664 1266 4717 modo
1288 4669 1534 4716 accurate
1560 4659 1876 4728 inquiratuut

2033 4656 2087 4725 5η
2135 4653 2436 4718 ἀκολούθως
2479 4655 2688 4717 τούτοις
2734 4656 3063 4722 ἐξεταστέον
3105 4663 3162 4715 τί
3222 4666 3290 4718 τό
3312 4682 3329 4699 ο
3372 4668 3532 4720 «Ἵνα
3568 4669 3598 4719 6

352 4763 560 4822 oportet
598 4755 723 4821 quid
747 4754 940 4808 sithoc
978 4754 1176 4806 dictum
1209 4770 1223 4806 :
1267 4769 1289 4803 ι
1327 4751 1396 4807 Ut
1433 4750 1522 4819 qui
1548 4748 1794 4810 seminat,
1817 4746 1876 4799 sit

2033 4745 2226 4814 πείρων
2255 4743 2390 4813 ὁμοῦ
2413 4744 2577 4816 χαίρῃ
2594 4784 2608 4805 ,
2640 4746 2735 4799 καὶ
2780 4749 2809 4799 6
2832 4746 3093 4818 θερίζων.
3132 4771 3153 4803 ι
3180 4751 3367 4825 Οἶμαι
3393 4756 3486 4827 δὴ,
3511 4757 3596 4810 ὅτι

354 4845 461 4897 mul
484 4845 730 4912 gaudeat,
754 4852 806 4896 et
822 4843 909 4910 qui
936 4844 1086 4895 metit
1106 4843 1172 4895 ".
1192 4862 1209 4892 ι
1237 4840 1495 4895 Existimo
1516 4837 1678 4905 igitur
1691 4849 1812 4887 eum
1835 4834 1876 4885 ir

2033 4834 2083 4885 tri.
2108 4834 2285 4901 πάσης
2325 4834 2423 4903 τῆς
2445 4834 2510 4885 ὲκ
2541 4835 2803 4889 πλειόνων
2842 4836 3238 4908 θεωρημάτων
3266 4847 3476 4915 τέχνης
3502 4846 3600 4899 καὶ

353 4935 494 4987 omni
522 4945 657 4997 arte,
682 4943 734 4988 et
756 4933 999 4996 scientia,
1021 4946 1138 5000 qua:
1169 4930 1406 4999 pluribus
1440 4924 1876 4996 speculationibtu

2033 4923 2314 4993 πιοτήμης,
2333 4922 2544 4993 σπείρει
2575 4924 2674 4994 μὲν
2702 4927 2737 4977 ὁ
2761 4924 2860 4988 τάς
2883 4926 3068 4997 ἀρχὰς
3099 4932 3410 5001 αὖρίσκων,
3445 4937 3602 4988 ἄστι-

355 5032 577 5084 constet,
630 5023 935 5086 seminare,
991 5020 1081 5090 qui
1136 5018 1395 5086 principia
1445 5015 1717 5079 inveniat;
1772 5026 1876 5081 qua

2033 5028 2089 5075 ις
2128 5011 2301 5081 ἕτεροι
2350 5014 2866 5084 παραλαμϐάνοντες
2886 5055 2901 5078 ,
2945 5020 3048 5076 καὶ
3080 5021 3601 5094 ἐπεξεργαζόμενοι

416 5135 462 5166 ³⁷
493 5137 531 5189 II
557 5137 681 5191 Cor.
714 5154 766 5191 tx
793 5178 808 5201 ,
841 5138 896 5193 6.
969 5139 1016 5171 “
1044 5137 1177 5193 Gen.
1218 5152 1263 5201 ι,
1299 5136 1388 5192 3|.
1456 5134 1502 5170 "
1524 5130 1680 5189 δοθῇ.
1705 5146 1780 5197 tv,
1809 5130 1876 5186 ὅθ

358 5220 429 5267 vi,
456 5204 512 5257 ι.
581 5208 625 5238 ’⁵
647 5207 805 5260 Joau.
838 5222 911 5271 tv,
936 5207 1027 5260 56.

2043 5131 2151 5187 lsa.
2187 5146 2276 5197 ιι..
2312 5132 2403 5189 ιο.
2478 5134 2522 5167 ⁹¹
2548 5132 2703 5191 Joau.
2730 5147 2802 5199 tv,
2836 5134 2925 5191 '56.
3007 5136 3057 5170 “
3094 5138 3237 5198 ibid.
3312 5142 3363 5176 "
3394 5142 3600 5200 statui.

423 5340 534 5413 (82)
567 5345 675 5396 an
707 5346 865 5414 φύσει
894 5346 1093 5399 excidit
1128 5360 1161 5398 c
1189 5344 1346 5414 codd.
1375 5343 1541 5411 Regio
1586 5350 1636 5395 cl
1687 5340 1879 5393 Barbt‘.‘

360 5421 509 5466 riuo:
538 5420 628 5462 sui
662 5415 1011 5466 restilttiture
1040 5413 1350 5466 Bodleiano.

424 5476 539 5554 (8.5)
581 5480 775 5554 Ἐν-τῴ
801 5480 1241 5554 φαηρῷί-ῠςρξι
1274 5481 1326 5533 it:
1355 5481 1510 5534 codd.
1536 5478 1829 5534 Barbcrino
1844 5482 1899 5528 et

360 5543 561 5611 Regio;
606 5550 696 5601 sed
725 5543 917 5616 legitur
946 5543 1009 5602 ἰιι
1044 5548 1350 5604 Bodleiano.

2064 5337 2178 5416 (μ)
2204 5336 2453 5416 impart)?
2478 5341 2755 5416 ειρῆσᾷαι
2800 5355 3011 5416 φῇσιν.
3033 5340 3507 5416 Incoibltlicgio
3544 5352 3604 5398 et

1997 5404 3060 5492 Barbg‘ritmjfut_:tatp1r6v._at.lcgttur
3097 5410 3151 5465 in
3182 5404 3521 5492 Βυιιιυιεεῖιο.

2021 5541 2031 5551 ,
2070 5472 2448 5557 (ξε),Ἒςτξνο
2486 5472 2667 5557 balet
2698 5480 2865 5539 αὐτό.
2888 5472 2995 5535 ἐκ.
3033 5477 3186 5549 Lego
3209 5493 3345 5537 cum
3386 5478 3599 5536 Ferra-

1991 5540 2272 5603 rio‘to‘riv,
2302 5540 2336 5609 ἢ
2358 5543 2444 5600 ὅτι
2470 5552 2568 5607 καὶ
2602 5553 2762 5618 αὐτὸ,
2784 5558 2889 5605 etc.
3030 5596 3033 5599 λ
