3828 6186
313 280 409 337 ΑΜ

1372 282 1714 344 (ΞΟΜΜΕΝΤ.
1747 283 1813 339 IN
1850 283 2041 341 JOAN.
2076 285 2305 344 TOMUS
2337 288 2475 345 XI".

3420 298 3527 354 482

320 401 505 466 αὐτὰς,
523 401 730 473 ἑτέροις
758 405 833 459 τὰ
862 407 976 461 ὑπὸ
1001 407 1176 462 αὐτῶν
1199 408 1469 478 εὑρημένα
1481 403 1856 476 παραδιδόντες

1979 409 2066 460 alii
2109 418 2441 463 assmnentes
2488 406 2858 476 curiosiusque
2911 421 2972 460 ea
3017 407 3400 474 exaniinantes,
3441 414 3523 464 vi-

326 494 479 549 αίτιοι
508 492 568 558 ἐξ
592 487 668 547 ὧν
697 496 973 566 εὑρηκασι
1008 500 1239 566 γίνονται
1269 501 1395 561 τοῖς
1412 496 1877 567 μεταγενεστέροις

330 587 387 638 οὐ
418 582 684 653 δυνηθεῖσι
714 584 816 648 τάς
843 602 907 638 τε
936 587 1113 658 ἀρχὰς
1149 589 1356 658 εὑρεῖν,
1399 587 1493 639 καὶ
1515 587 1582 639 τὰ
1609 585 1731 655 ἑξῆς
1760 587 1879 638 ὲπι-

334 673 575 741 συνάψαι,
605 675 700 726 καὶ
732 674 797 727 τὸ
830 676 989 739 τέλος
1028 677 1134 729 τῶν
1160 677 1360 745 τεχνῶν
1391 678 1484 729 καὶ
1508 676 1619 729 τῶν
1655 677 1877 746 ἐπιστη-

337 761 446 833 μῶν
476 760 739 814 ἐπιθεῖναι
763 799 779 823 ,
811 762 909 814 τοῦ
954 762 1442 833 συμπληρωθεισῶν
1479 764 1585 816 τῶν
1626 763 1876 815 τοιούτων

330 850 524 920 τεχνῶν
548 850 645 901 καὶ⁵
682 851 1002 920 ἐπιστημῶν
1033 852 1210 921 πλήρη
1238 851 1327 904 τὸν
1358 851 1565 922 καρπὸν
1596 850 1671 914 ὡς
1698 853 1754 904 ὲν
1785 850 1874 903 θε-

330 937 502 1007 ρισμῷ
517 937 697 991 αὐτῶν
715 939 1005 993 ἀναλαϐεῖν
1027 957 1040 970 ·
1064 943 1112 992 εί
1135 941 1191 993 δὲ
1212 941 1372 993 τοῦτο
1395 942 1487 993 ἐπὶ
1505 940 1704 1009 τεχνῶν
1730 943 1875 993 ἐστιν

324 1027 517 1096 ἀληθὲς
547 1028 642 1081 καί
683 1045 845 1081 τινων
882 1029 1197 1100 ἐπιστημῶν
1216 1070 1231 1095 ,
1273 1031 1422 1100 πόσῳ
1454 1031 1614 1084 πλέον
1652 1032 1743 1083 ἐπὶ
1775 1031 1875 1100 τῆς

321 1118 512 1188 τέχνης
549 1119 663 1171 τῶν
696 1120 900 1190 τεχνῶν
948 1124 1042 1174 καὶ
1091 1124 1392 1193 ἐπιστήμης
1424 1123 1530 1176 τῶν
1564 1124 1874 1194 ἐπιστημῶν

322 1210 433 1261 ἔστι
472 1210 747 1274 συνιδεῖν;
775 1211 846 1262 τὰ
871 1211 978 1281 γὰρ
1015 1212 1301 1281 εὑρεθέντα
1333 1214 1437 1265 ὑπὸ
1468 1215 1573 1266 τῶν
1600 1214 1873 1283 προτέρων

318 1297 818 1368 ὲπεξεργασάμενοι
857 1301 906 1352 οἱ
939 1303 1054 1369 μετ’
1092 1302 1286 1364 αὐτοὺς
1326 1300 1730 1372 παραδεδώκασι
1763 1306 1873 1366 τοῖς

317 1385 441 1454 ἑξῆς
468 1384 837 1448 ἐξεταστικῶς
868 1387 1147 1458 προσιοῦσι
1165 1391 1274 1450 τοίς
1306 1389 1598 1450 εὑρεθεῖσιν
1622 1390 1872 1458 ἀφορμὰς

314 1474 407 1526 τοῦ
432 1474 495 1525 τὸ
552 1474 614 1526 ἓν
645 1474 807 1544 σῶμα
836 1475 936 1544 τῆς
960 1475 1209 1545 ἀληθείας
1242 1478 1372 1546 μετὰ
1396 1477 1583 1545 σοφίας
1608 1479 1871 1547 συναχθῆ-

315 1580 421 1617 ναι.
442 1563 845 1634 ξιῙληρωθέντος
881 1565 944 1634 δὴ
972 1565 1068 1617 τοῦ
1102 1567 1300 1628 παντὸς
1350 1566 1506 1634 ἔργου
1549 1567 1647 1636 τῆς
1682 1568 1870 1637 τέχνης

314 1652 419 1705 τῶν
447 1653 693 1721 τεχνῶν,
719 1655 749 1706 ό
775 1654 1011 1723 σπείρων
1040 1654 1173 1723 ὁμοῦ
1198 1656 1375 1725 χαίρει
1393 1692 1408 1716 ,
1438 1656 1531 1707 καὶ
1560 1656 1588 1706 ό
1627 1655 1866 1724 θερίζων,

1976 499 2268 566 cissimque
2299 497 2417 551 aliis
2441 498 2716 551 tradentes
2741 498 2957 550 iuventa
2988 511 3105 558 sua,
3128 507 3375 554 auctores
3397 511 3525 554 sunt

1977 587 2225 654 posteris,
2243 600 2306 637 ex
2336 588 2424 638 bis
2450 601 2567 653 qtue
2592 587 2886 640 invenerint
2915 600 3020 639 non
3045 585 3344 642 valentibus
3373 591 3527 655 prius

1975 674 2114 741 cipia
2162 673 2440 735 invenire,
2474 681 2527 725 et
2563 672 2836 740 sequentia
2867 670 3025 739 25⁸1
3059 671 3419 740 conjungere,
3467 682 3524 727 et

1975 777 2238 815 summam
2288 772 2502 812 manuni
2534 760 2747 813 artibus
2773 768 2829 813 et
2866 761 3108 814 scientiis
3144 762 3436 829 imponere,
3461 771 3522 815 ut

1975 850 2185 919 plenum
2243 849 2475 904 fructum
2527 850 2870 918 percipiant;
2914 865 3017 903 non
3062 866 3220 904 secus
3253 862 3413 920 atque
3460 854 3519 908 in

1976 955 2181 1005 messe,
2230 938 2533 1005 huiusmodi
2589 939 2796 992 artilms
2843 949 2897 991 et
2934 939 3172 993 scientiis
3219 942 3514 1008 completis.

1974 1029 2124 1092 Quod
2165 1030 2210 1083 si
2264 1031 2366 1083 hoc
2401 1044 2583 1082 verum
2636 1038 2718 1082 est
2764 1030 2819 1082 in
2856 1031 3063 1083 artibus
3104 1042 3162 1085 et
3199 1033 3521 1098 quibusdam

1973 1123 2229 1186 scientiis,
2262 1136 2482 1190 quanto.
2504 1123 2671 1191 magis
2706 1123 2760 1175 in
2788 1136 2851 1175 ea
2884 1132 3002 1176 arte
3034 1139 3151 1191 quae
3185 1141 3275 1179 ars
3309 1134 3389 1178 est
3428 1141 3519 1178 ιιι-α

1975 1216 2103 1265 tium
2148 1224 2199 1267 et
2231 1214 2458 1266 scientia
2514 1214 2897 1277 scientiarum,
2927 1227 3238 1281 conspicere
3266 1214 3315 1266 id
3342 1215 3517 1269 licet?

1971 1299 2183 1353 Inventa
2225 1301 2365 1353 enim
2403 1315 2432 1352 a
2479 1301 2766 1369 majoribus
2809 1302 3076 1357 curiosius
3106 1318 3224 1355 eum
3265 1304 3515 1371 indagas-

1970 1398 2083 1443 sent
2115 1389 2336 1453 posteri.
2357 1390 2694 1443 occasionem
2721 1391 3119 1445 successoribus
3138 1391 3272 1453 suis,
3290 1393 3381 1459 qui
3406 1394 3518 1451 luteo

1971 1479 2182 1532 inventa
2226 1493 2344 1531 cum
2399 1478 2670 1547 diligentia
2716 1480 3011 1541 adiissent,
3050 1480 3403 1542 tradiderunt,
3455 1489 3516 1534 ut

1969 1581 2131 1618 unum
2159 1566 2403 1620 veritatis
2430 1581 2624 1634 corpus
2647 1582 2770 1619 cum
2812 1568 3074 1634 sapientia
3110 1569 3512 1636 conjungerent.

1972 1654 2134 1724 Igitur
2169 1654 2433 1722 completo
2466 1665 2575 1708 toto
2615 1672 2777 1725 Opere
2810 1657 2944 1710 artis
2986 1659 3204 1719 artium,
3233 1659 3324 1726 qui
3356 1659 3517 1712 semi-

310 1742 408 1794 τοῦ
430 1742 799 1812 ἀμειϐομένου
827 1743 962 1795 Θεοῦ
999 1745 1079 1805 εἰς
1110 1743 1167 1795 ἓν
1197 1744 1400 1805 πάντας
1428 1744 1577 1805 τέλος
1612 1744 1861 1811 συνάγον.

1973 1753 2083 1807 nat,
2130 1744 2285 1796 simul
2314 1747 2527 1814 gaudet,
2555 1755 2610 1799 et
2657 1749 2747 1812 qui
2794 1748 2986 1809 metit,
3019 1747 3129 1801 Deo
3176 1748 3408 1801 vicissim
3455 1749 3510 1803 in

312 1846 420 1894 τος.
455 1834 597 1902 Ὅρα
627 1832 687 1885 δὲ
726 1834 776 1884 εί
813 1835 863 1885 oi
908 1833 1005 1902 μὲν
1053 1833 1361 1902 σπείροντές
1394 1835 1497 1886 είσι
1537 1834 1738 1903 Μωσῆς
1777 1834 1868 1886 καὶ

312 1921 587 1990 προφῆται
632 1922 941 1992 γράψαντες
978 1922 1048 1974 τὰ
1091 1923 1226 1992 πρὸς
1262 1922 1534 1974 νουθεσίαν
1569 1922 1747 1991 ἡμῶν,
1789 1925 1869 1987 είς

313 2011 403 2073 οὓς
432 2010 501 2062 τὰ
527 2009 657 2080 τέλη
686 2009 794 2063 τῶν
815 2010 1026 2064 αἰώνων
1073 2011 1390 2080 κατήντησε,
1421 2011 1514 2062 καὶ
1540 2011 1868 2081 κηρύξαντες

313 2102 408 2171 τὴν
427 2099 666 2169 Χριστοῦ
694 2099 986 2169 ἐπιδημίαν
1004 2116 1021 2131 ν
1043 2099 1354 2170 θερίσαντες
1381 2100 1434 2151 δὲ
1458 2102 1506 2151 oi
1538 2101 1866 2168 τὸνΧριστὸν

316 2188 767 2258 παραδεξάμενοι,
797 2191 891 2240 καὶ
915 2188 1223 2257 τεθεαμένοι
1251 2189 1348 2257 τὴν
1369 2187 1521 2253 δόξαν
1550 2188 1712 2240 αὑτοῦ
1733 2191 1869 2242 ἀπό-

317 2279 516 2340 στολοι,
549 2277 949 2347 συμφωνοῦσαν
992 2280 1103 2338 τοῖς
1150 2280 1499 2346 προφητικοῖς
1539 2281 1664 2349 περὶ
1701 2279 1865 2331 αὐτοῦ

317 2366 544 2433 λογικοῖς
573 2365 603 2415 ὅ
636 2358 914 2433 σπέρμασι
943 2361 1072 2432 (86),
1091 2362 1543 2433 θερισθεῖσικατὰ
1564 2366 1663 2434 τὴν
1704 2363 1864 2428 ὲπεξ-

316 2456 570 2524 εργασίαν
627 2457 724 2507 καὶ
760 2454 1085 2521 κατανόησιν
1125 2452 1219 2504 τοῦ
1247 2453 1619 2522 κεκρυμμένου
1659 2471 1863 2525 μυστη-

321 2548 431 2617 ρίου
451 2546 557 2598 ἁπδ
579 2545 689 2597 τῶν
711 2543 922 2597 αίώνων
942 2581 957 2607 ,
996 2541 1397 2612 φανερωθέντος
1428 2542 1483 2593 δὲ
1522 2544 1607 2595 ἐπ’
1635 2545 1861 2613 ἐσχάτου

317 2630 420 2682 τῶν
453 2628 658 2700 καιρῶν
677 2645 690 2658 ο
731 2647 750 2680 ι
777 2630 914 2699 ὅπερ
952 2628 1164 2699 ἑτέραις
1193 2630 1402 2696 γενεαῖς
1432 2628 1530 2680 οὐκ
1562 2630 1860 2702 ἐγνωρίσθη

316 2723 422 2782 τοῖς
444 2720 574 2782 υἱοῖς
613 2718 723 2771 τῶν
760 2718 1091 2786 ἀνθρώπιον,
1124 2718 1203 2779 ὡς
1241 2717 1334 2770 νῦν
1378 2718 1727 2789 ἀπεκαλύφθη
1752 2725 1862 2785 τοῖς

317 2808 481 2877 ἁγίοις
512 2808 831 2869 ἀποστόλοις
867 2806 1032 2860 αὐτοῦ
1067 2808 1157 2859 κα).
1197 2809 1498 2878 προφήταις
1521 2823 1534 2837 '
1578 2828 1597 2859 ι
1648 2809 1863 2880 σπέρμα

284 2943 291 2951 .
313 2899 366 2951 δὲ
384 2896 450 2970 ἦν
471 2903 500 2953 ό
527 2901 634 2960 πᾶς
655 2899 813 2966 λόγος
839 2897 982 2951 κατὰ
1002 2894 1336 2964 ἀποκάλυψιν
1372 2916 1390 2947 ι
1419 2897 1706 2967 μυστηρίου
1740 2900 1862 2969 χρό-

1972 1846 2134 1885 ιιιιιιιιι
2166 1832 2324 1885 liuent
2357 1847 2545 1887 omnes
2576 1844 2951 1903 congregante.
3001 1836 3230 1889 Proinde
3274 1837 3392 1891 vide
3436 1851 3506 1890 an

1969 1920 2294 1974 seminantes
2329 1922 2438 1975 sint
2478 1921 2649 1978 Moses
2668 1933 2723 1977 et
2747 1926 3036 1993 propheta,
3061 1927 3147 1991 qui
3176 1927 3509 1993 scripserunt

1969 2024 2031 2063 ea
2070 2028 2089 2060 ι
2135 2025 2257 2079 qua:
2301 2012 2571 2078 pertinent
2604 2014 2669 2065 ad
2705 2023 2943 2067 nostram
2989 2016 3421 2077 admonitionem,
3452 2018 3504 2068 iu

1970 2112 2105 2165 quos
2131 2098 2262 2152 lines
2298 2099 2615 2153 stimulorum
2649 2102 2975 2155 devenerunt
2998 2105 3066 2165 ⁸³,
3093 2123 3114 2154 ο
3151 2105 3348 2174 quique
3374 2120 3510 2173 pra}-

1969 2190 2280 2244 dicaverunt
2333 2190 2618 2243 adventum
2668 2191 2898 2255 Clu'isti;
2925 2195 3014 2260 qui
3048 2204 3383 2247 messuerunt
3410 2210 3509 2248 au-

1970 2284 2111 2339 tem,
2159 2278 2265 2329 sint
2308 2278 2557 2345 apostoli,
2612 2280 2703 2346 qui
2748 2281 3018 2334 Christum
3065 2294 3383 2350 receperunt
3429 2285 3509 2338 vi-

1967 2365 2159 2419 derunt
2211 2365 2540 2435 gloriamque
2589 2365 2727 2432 ejus,
2762 2382 3046 2423 consonam
3086 2373 3412 2440 propheticis
3452 2384 3507 2429 et

1967 2454 2368 2510 rationabilibus
2396 2457 2462 2510 de
2494 2456 2607 2523 ipso
2634 2457 3084 2526 seminibus,qua:
3119 2461 3361 2517 demessa
3390 2461 3510 2516 fue-

1967 2557 2026 2597 re
2066 2545 2361 2598 secundum
2412 2555 2718 2599 accuratam
2768 2547 3067 2615 indaginem
3116 2560 3165 2604 et
3213 2551 3539 2621 intelligem-

1968 2633 2092 2686 tiam
2124 2635 2382 2703 mysterii,
2409 2636 2702 2690 absconditi
2739 2637 2952 2704 quidem
2978 2655 3006 2690 ι
3035 2640 3270 2703 εωειιιίε,
3296 2646 3392 2696 sed
3424 2659 3506 2697 re-

1966 2724 2091 2778 tecti
2132 2725 2184 2777 in
2234 2725 2535 2778 novissimis
2582 2727 2906 2794 temporibus
2932 2727 3012 2792 κς
3049 2746 3069 2780 ι
3102 2732 3243 2797 quod
3288 2733 3339 2785 in
3387 2732 3505 2788 aliis

1963 2814 2205 2867 aetatibus
2238 2829 2343 2866 non
2379 2815 2606 2867 innotuit
2636 2817 2761 2869 tiliis
2798 2818 3074 2870 hominum
3099 2856 3114 2881 ,
3145 2822 3501 2886 quemadmo-

1966 2903 2089 2956 dum
2141 2902 2430 2956 revelatum
2463 2911 2544 2955 est
2594 2919 2738 2956 nunc
2785 2905 2991 2958 sanctis
3020 2905 3135 2971 ejus
3162 2908 3422 2974 apostolis
3444 2919 3505 2962 et

312 3004 419 3050 νοις
468 2987 706 3049 αἰωνίοις
769 2986 1150 3054 σεσιγημένου,
1187 3003 1206 3035 ι
1268 2987 1361 3037 καὶ
1397 3004 1415 3032 ι
1447 2986 1542 3039 νῦν
1571 3006 1589 3037 ι
1621 3004 1861 3058 φανερω-

1968 2990 2237 3057 prOpbetls
2257 2988 2344 3052 ";
2387 3006 2405 3038 ι
2436 3002 2616 3042 semen
2640 3004 2768 3043 vero
2816 2992 2886 3044 sit
2936 2992 3183 3045 universa
3236 2993 3320 3044 illa
3367 2995 3505 3046 ratio

315 3074 491 3135 θέντος
515 3092 534 3124 ι
560 3074 651 3126 διά
678 3091 697 3124 ι
738 3089 797 3125 τε
849 3090 869 3123 ι
905 3070 1132 3141 Γραφῶν
1173 3073 1543 3141 προφητικῶν,
1575 3091 1594 3123 ι
1637 3075 1727 3126 καὶ
1763 3075 1861 3143 τῆς

1968 3094 1986 3128 ι
2018 3078 2278 3145 mysterii,
2297 3078 2436 3145 quod
2467 3078 2792 3143 temporibus
2820 3081 3033 3133 :eternis
3057 3082 3298 3144 tacitum,
3316 3099 3456 3137 nunc
3474 3101 3498 3135 ο

313 3163 622 3231 ἐπιφανείας
651 3162 747 3214 τοῦ
780 3162 982 3231 Κυρίου
1010 3160 1166 3230 ἡμῶν
1200 3161 1370 3229 Ἰησοῦ
1390 3161 1622 3231 Χριστοῦ
1645 3178 1659 3193 ⁸
1688 3163 1775 3215 ὅτε
1802 3165 1861 3216 τὸ

1968 3179 2052 3232 per
2071 3165 2470 3227 revelationem,
2491 3175 2544 3219 et
2562 3182 2581 3214 ι
2616 3179 2713 3232 per
2737 3166 3044 3233 Seripturas
3079 3169 3441 3236 propheticus,
3472 3190 3492 3222 ι

313 3255 423 3322 φῶς
443 3255 503 3306 τὸ
528 3252 777 3323 ἀληθινὸν
804 3252 1070 3321 πεποίηκε
1096 3253 1193 3313 τὰς
1216 3250 1414 3321 χώρας.
1441 3252 1498 3303 ὲν
1528 3252 1606 3321 τῷ
1635 3253 1861 3326 ἐπιλάμ-

1968 3266 2118 3321 atque
2140 3268 2237 3322 per
2269 3254 2554 3307 adventum
2586 3254 2793 3307 Domini
2828 3257 2992 3308 nostri
3015 3254 3139 3309 Jesu
3163 3256 3396 3310 Christi:
3418 3260 3499 3312 in-

309 3346 405 3414 ψαι
426 3345 533 3415 (87)
564 3346 787 3405 αὑταῖς,
828 3342 1025 3404 λευκὰς
1073 3341 1207 3411 πρὸς
1252 3341 1504 3412 θερισμὸν
1551 3344 1671 3413 ἤδη.
1705 3345 1859 3397 Κατὰ

1968 3345 2129 3396 notuit
2152 3344 2231 3405 9';
2261 3361 2280 3392 ι
2308 3345 2525 3411 quando
2554 3344 2642 3396 lux
2690 3344 2779 3396 illa
2808 3359 2933 3397 vera
2961 3345 3206 3414 regiones
3229 3345 3374 3413 fecit,
3397 3348 3500 3402 illis

308 3435 488 3488 τοῦτον
519 3436 594 3502 δὴ
610 3434 702 3487 τὸν
732 3433 888 3500 λόγον
917 3432 974 3484 αἱ
1004 3430 1177 3501 χῶραι
1212 3434 1271 3483 ὲν
1292 3430 1380 3493 αἷς
1406 3431 1764 3503 κατεόέὅλητο
1792 3434 1859 3487 τὰ

1968 3434 2326 3494 illucescendo,
2345 3434 2454 3502 jam
2489 3433 2636 3487 albas
2665 3448 2782 3487 esse
2823 3434 2888 3486 ad
2915 3448 3162 3488 messem.
3194 3436 3499 3489 Secundum

311 3526 620 3594 σπέρματα,
656 3525 711 3575 αί
749 3522 968 3592 νομικαὶ
996 3521 1088 3572 καὶ
1120 3519 1450 3590 προφητικαί
1477 3522 1585 3572 είσι
1626 3522 1854 3591 Γραφαὶ,

1968 3532 2093 3578 hanc
2126 3524 2285 3592 igitur
2322 3526 2602 3585 rationem,
2635 3526 2883 3593 regiones
2918 3527 2972 3578 in
3015 3526 3206 3594 quibus
3257 3528 3498 3595 conjecta

308 3614 502 3676 αἵτινες
527 3614 626 3665 οὐκ
653 3609 794 3683 ἦσαν
820 3611 1012 3663 λευκαὶ
1038 3609 1115 3679 τῷ
1135 3610 1232 3679 τὴν
1263 3610 1559 3680 παρουσίαν
1578 3610 1671 3662 τοῦ
1688 3612 1855 3678 Λόγου

1968 3614 2103 3666 fuere
2128 3614 2351 3675 semina,
2390 3614 2522 3681 legis
2546 3628 2607 3666 ac
2628 3617 3010 3681 prophetarum
3034 3627 3156 3669 sunt
3183 3618 3495 3684 Scriptum,

309 3704 382 3774 μὴ
406 3701 780 3774 κεχωρηκέναι
810 3699 921 3769 (88)
939 3716 953 3729 ο
994 3700 1229 3764 γίνονται
1252 3698 1311 3751 ἃ
1341 3698 1584 3750 τοιαῦται
1606 3702 1717 3761 τοῖς
1750 3717 1853 3769 μα-

1968 3718 2072 3771 luas
2103 3702 2236 3756 alba:
2263 3717 2363 3755 non
2395 3713 2568 3767 erant,
2591 3703 2734 3771 quod
2768 3718 2871 3755 non
2911 3705 3235 3772 recepissent
3264 3721 3497 3772 prasen-

305 3793 680 3864 θητευομένοις
699 3790 777 3859 τῷ
805 3789 917 3859 Υἱῷ
942 3787 1033 3841 τοῦ
1076 3788 1208 3840 Θεοῦ
1225 3828 1239 3850 ,
1280 3789 1377 3841 καί⁸
1407 3788 1742 3858 πειθομένοις
1773 3790 1857 3843 λέ-

1968 3796 2082 3845 tiam
2117 3801 2168 3846 et
2206 3794 2486 3844 adventum
2518 3792 2796 3844 Sermonis
2820 3790 2965 3861 [Filii
2995 3790 3084 3846 Dei
3117 3792 3333 3862 ]:taies
3373 3808 3497 3848 vero

304 3898 447 3951 γοντι
468 3899 484 3914 ο
519 3901 538 3934 ι
561 3881 836 3951 Ἒπάρατε
866 3880 989 3940 τοὺς
1015 3878 1320 3947 ὀφθαλμοὺς
1346 3878 1518 3947 ὑμῶν,
1542 3878 1636 3930 καὶ
1661 3878 1856 3931 θεάσα-

1968 3884 2086 3932 lunt
2121 3881 2202 3934 ltis
2235 3881 2324 3948 qui
2357 3880 2529 3932 edocti
2574 3880 2775 3934 fuerint
2808 3897 2837 3933 a
2867 3880 3005 3935 Filio
3041 3882 3152 3943 Dei,
3184 3884 3379 3951 quique
3421 3885 3495 3937 illi

305 3973 393 4028 σθε
424 3973 524 4037 τὰς
555 3971 765 4043 χώρας,
783 3970 865 4041 ὅτι
892 3968 1079 4021 λευκαί
1106 3970 1209 4020 είσι
1238 3967 1372 4037 πρὸς
1396 3966 1656 4036 θερισμὸν
1681 3968 1799 4038 ἤδη.
1830 3987 1850 4019 ι

1968 3973 2225 4027 )aruerint
2256 3973 2449 4028 dicenti
2481 3989 2495 4025 :
2539 3991 2559 4024 ι
2596 3973 2836 4027 Attollite
2865 3973 3051 4028 oculos
3077 3983 3299 4036 vestros,
3338 3986 3391 4029 et
3419 3977 3494 4029 vi-

312 4064 397 4129 ’ῠς
419 4063 634 4134 γνήσιοι
662 4061 840 4113 τοίνυν
876 4060 971 4112 καὶ
1016 4060 1170 4127 ἡμεῖς
1199 4056 1431 4127 Χριστοῦ
1462 4056 1696 4126 μαθηταὶ
1724 4059 1855 4110 ὲπά..

1968 4063 2070 4114 lete
2094 4064 2338 4131 regiones
2360 4063 2468 4131 jam
2494 4063 2647 4118 albas
2683 4078 2800 4119 esse
2840 4066 2904 4117 ad
2937 4081 3162 4118 messem
3187 4068 3252 4118 η.
3278 4085 3295 4117 ι
3325 4067 3492 4121 Attol-

304 4168 479 4224 ρωμεν
513 4153 642 4212 τοὺς
672 4149 981 4219 ὀφθαλμοὺς
999 4187 1013 4210 ,
1046 4148 1140 4200 καὶ
1177 4149 1274 4209 τὰς
1302 4146 1484 4216 χώρας
1512 4148 1854 4218 ὲσπαρμένας

1972 4166 2122 4206 amns
2149 4152 2312 4222 igitur
2342 4155 2500 4206 etiam
2540 4169 2666 4219 nos,
2695 4170 2793 4208 ceu
2825 4155 3065 4223 germani
3097 4156 3292 4209 Christi
3336 4158 3491 4210 disci-

299 4243 401 4296 ὑπδ
440 4242 724 4303 Μωῦσέως
767 4240 860 4293 καὶ
893 4239 997 4290 τῶν
1047 4237 1333 4309 προφητῶν
1374 4236 1724 4307 θεασώμεθα,
1767 4240 1853 4291 ἴνα

1968 4240 2079 4303 mli,
2119 4242 2321 4301 oculos,
2347 4251 2401 4296 et
2452 4243 2699 4312 regiones
2732 4259 2761 4297 a
2798 4242 2980 4313 Moyse
3021 4245 3338 4312 ueterisque
3373 4260 3503 4311 pro-

300 4332 491 4402 ἴδωμεν
520 4331 619 4399 τὴν
662 4329 957 4397 λευκότητα
985 4326 1158 4379 αὐτῶν
1176 4327 1325 4388 μκαὶ
1372 4325 1490 4377 τίνα
1533 4327 1726 4396 τρόπον
1750 4327 1848 4397 ἠδη

1971 4330 2125 4383 thetis
2159 4333 2446 4386 seminatas
2486 4335 2806 4399 intueamur,
2852 4344 2908 4387 ut
2937 4336 3212 4388 videamus
3260 4337 3492 4402 insuum

297 4423 503 4494 θερίσαι
542 4420 625 4472 Es.
641 4436 687 4472 ιν
732 4416 899 4479 αὑτὰς
936 4417 1030 4468 καὶ
1073 4414 1290 4478 συνάξαι
1327 4414 1415 4466 τὸν
1446 4414 1650 4485 καρπὸν
1675 4415 1847 4467 αὐτῶν

296 4516 372 4577 εἰς
392 4513 537 4584 ζωὴν
572 4508 788 4564 αίώνιον
818 4506 926 4577 (89)
950 4546 965 4569 ,
1001 4504 1135 4574 μετὰ
1158 4504 1248 4557 τοῦ
1274 4506 1366 4557 κα).
1401 4504 1587 4574 μισθὸν
1614 4505 1848 4569 ἐλπίζειν

294 4604 584 4658 ἀπλαόεῖν
615 4600 726 4654 ἀπὺ
755 4596 848 4650 τοῦ
879 4595 1078 4667 Κυρίου
1108 4594 1215 4647 τῶν
1243 4595 1439 4664 κωμῶν
1457 4634 1472 4658 ,
1497 4595 1590 4647 καὶ
1617 4595 1847 4665 χορηγοῦ

293 4696 398 4749 τῶν
459 4691 790 4765 σπερμάτων
837 4686 967 4760 (90).
1000 4686 1101 4740 Τὸν
1144 4685 1246 4755 μὲν
1292 4680 1384 4737 οὖν
1431 4685 1520 4736 τὸν
1565 4686 1847 4757 σπείροντα

294 4783 446 4854 όμοῦ,
483 4782 580 4835 καὶ
610 4780 704 4834 τὸν
730 4776 1007 4849 θερίζοντα
1032 4776 1255 4846 χαίρειν,
1306 4776 1393 4828 ὅτε
1431 4775 1635 4845 ἀπέδρα
1666 4777 1842 4848 ὀδύνη,

296 4877 388 4929 καὶ
415 4874 581 4943 λύπη,
608 4872 704 4925 καὶ
728 4865 1047 4936 στεναγμὸς,
1073 4868 1129 4918 ὲν
1154 4865 1232 4935 τῷ
1263 4865 1504 4934 μέλλοντι
1538 4866 1713 4929 αἰῶνι,
1740 4870 1845 4931 πᾶς

297 4963 535 5016 ὁστισοῦν
562 4959 886 5030 ὁμολογήσει
927 4955 1035 5009 τῶν
1071 4954 1466 5021 ἀνεγνωκότων,
1499 4954 1578 5005 ὃτι
1610 4971 1627 5003 ι
1668 4955 1847 5008 πολλοὶ

359 5121 449 5173 "1
476 5120 601 5175 Cor.
632 5135 684 5185 ι,
712 5118 798 5172 Η.
875 5114 921 5146 ’⁸
947 5112 967 5166 ι
998 5112 1143 5166 Petr.
1176 5126 1216 5173 ι,
1242 5111 1331 5164 20.
1407 5110 1451 5140 ⁸⁷
1474 5108 1669 5177 Ephes.
1703 5126 1785 5176 tu,
1816 5114 1872 5169 5.

368 5264 474 5335 (86)
506 5263 774 5335 Λογικοῖς
806 5254 1281 5335 ὃᾼσπρρμαοςικίιιι
1311 5253 1512 5335 optime
1531 5255 1693 5307 codex
1710 5254 1845 5311 Bod-

307 5320 499 5388 neum}.
520 5375 535 5396 ,
560 5320 695 5403 m'ale
722 5320 922 5403 Ιὶειιίιιξ
948 5320 1208 5403 bimi,"
1236 5320 1565 5403 ῗπέρὲιαῗξτ
1605 5387 1666 5403 ,ιθ
1699 5389 1730 5403 ..
1771 5391 1782 5403 .

367 5387 487 5471 (δη
507 5387 604 5457 Ἔν
632 5402 712 5469 τῷ
739 5387 1218 5471 ἐπιλάμψὰιτξξο
1236 5387 1396 5471 habet
1421 5388 1582 5440 codex
1604 5387 1848 5445 Bodleia-

307 5455 645 5543 nniﬂ‘éh
675 5455 831 5543 Em.
867 5455 1034 5543 ιιιῖῐιῖῐε
1063 5455 1453 5543 έΐέέτέιεξψενμ,

364 5522 653 5608 {3'3}
684 5522 884 5609 Régj'us
911 5540 969 5583 et
994 5529 1063 5580 Ba
1074 5522 1347 5609 murinus,
1360 5522 1606 5609 Eois“?!
1616 5538 1848 5609 ⁸παρουτ

312 5588 847 5682 σιὰῖέοῖιίξῆοΐεῗῆ
862 5588 1250 5669 κεχωρηκόσιε
1292 5590 1387 5644 sed
1438 5588 1752 5647 Bodleianu's
1790 5605 1851 5647 ut

1953 4420 2279 4484 albedinem;
2307 4436 2412 4488 quo
2453 4420 2614 4474 etiam
2640 4422 2793 4474 modo
2809 4421 2918 4489 jam
2954 4435 3045 4474 eas
3080 4431 3280 4475 metere
3309 4422 3490 4485 libeat,

1952 4515 2007 4560 et
2035 4520 2359 4576 congregare
2380 4508 2613 4575 ipsarum
2646 4508 2877 4562 fructum
2919 4510 2969 4561 in
3005 4510 3169 4562 vitam
3199 4518 3491 4576 aeternam;

1952 4606 2225 4664 sperantes
2263 4598 2422 4649 etiam
2467 4599 2762 4651 mercedem
2796 4599 3037 4665 accipere
3083 4614 3109 4650 λ
3150 4598 3375 4652 Domino
3408 4601 3488 4652 vi-

1952 4702 2134 4741 corum
2183 4697 2235 4742 et
2279 4687 2534 4755 largitore
2574 4689 2858 4741 seminum.
2907 4689 3088 4756 Itaque
3133 4688 3488 4740 sta-minantem

1943 4779 2103 4833 simul
2143 4787 2195 4830 et
2238 4777 2403 4847 258
2437 4786 2718 4832 metentem
2763 4778 3016 4845 gaudere,
3050 4792 3170 4829 cum
3225 4776 3488 4841 aufugerit

1942 4870 2093 4924 dolor
2121 4876 2176 4921 et
2204 4882 2421 4934 mmror,
2459 4877 2513 4920 et
2540 4866 2855 4935 suspirium,
2895 4866 2946 4916 in
2969 4862 3149 4915 futuro
3172 4862 3386 4925 excute,
3406 4863 3486 4914 fa.

1944 4958 2140 5010 tebitur
2168 4956 2406 5024 quidem,
2425 4954 2667 5023 quisquis
2701 4952 2893 5020 legerit
2927 4953 3184 5013 futurum,
3206 4960 3266 5003 ut
3286 4969 3304 5001 ι
3334 4950 3486 5003 uniti

1943 5113 1988 5145 ’⁸
2013 5113 2165 5166 Rom.
2202 5125 2312 5173 xu,
2342 5108 2432 5169 35,
2476 5109 2565 5161 26.
2636 5107 2682 5141 ⁹⁹
2704 5106 2861 5162 Joau.
2914 5122 2986 5172 tv,
3015 5106 3106 5162 55.

1951 5261 2005 5312 in
2036 5266 2216 5309 nostro
2245 5263 2415 5308 textu.

2017 5325 2128 5389 (89)
2151 5322 2317 5376 Codd.
2355 5323 2550 5389 Regius
2575 5331 2630 5375 et
2653 5322 3000 5383 Barherinus,
3029 5321 3189 5373 αὐτὸν
3204 5320 3295 5374 καὶ
3327 5324 3467 5379 συνά-

1948 5410 2062 5461 γειν
2094 5390 2299 5460 καρπὸν
2327 5392 2404 5461 είς
2426 5390 2567 5460 ζωὴν
2599 5390 3167 5461 aitbvtov,Bodleiauus
3192 5402 3375 5445 autem
3407 5395 3481 5447 le-

1953 5460 2184 5514 utionem
2206 5460 2371 5511 nostri
2402 5470 2581 5513 textus
2613 5460 2845 5513 exhibet.

2024 5528 2132 5594 (90)
2183 5525 2357 5579 Codex
2415 5527 2748 5590 Bodleiauus,
2793 5528 3013 5593 Optime,
3069 5525 3305 5592 χορηγοῦ
3357 5529 3485 5592 τῶν,

1954 5596 2091 5652 male
2112 5594 2305 5667 Regius
2327 5605 2380 5652 et
2409 5596 2755 5663 Barberiuus,
2778 5594 3170 5668 χορηγούντων.
