3828 6188
1767 283 2072 340 ORIGENIS

2057 285 2072 338 ἰ
3469 273 3569 328 888

327 299 430 355 ιδδ

329 417 395 469 ab
416 412 632 468 Oriente
657 417 709 460 et
737 402 1019 459 Occidente
1041 399 1253 450 veniant
1274 435 1288 460 ,
1315 404 1368 451 et
1398 394 1710 450 accumbam
1737 413 1841 451 cun

2074 395 2339 449 ἀνατολῶν
2366 396 2456 448 καὶ
2483 395 2697 463 δυσμῶν
2725 395 2917 464 ἥξουσι
2946 392 3046 445 καὶ
3077 387 3567 458 ἀνακλιθήσονται

327 501 613 558 Abraham,
635 501 686 547 et
714 492 881 550 Isaac,
911 495 964 540 et
989 485 1154 541 Iacob
1195 485 1248 538 in
1287 499 1449 554 regno
1488 486 1744 539 caelorum
1765 487 1804 538 '.
1833 504 1839 536 ι

2051 486 2094 539 τά
2138 486 2416 557 Ἀϐραάμ,
2451 487 2542 537 καὶ
2583 485 2795 547 Ἰσαὰκ,
2828 484 2927 535 καὶ
2967 479 3176 533 Ἰακὼϐ
3211 481 3275 530 ὲν
3304 481 3377 546 τῇ
3403 476 3563 546 βασι-

327 586 442 639 1am
468 598 589 635 vero
625 591 832 631 omnem
875 574 1226 627 seminantem
1273 587 1390 625 cum
1436 574 1582 625 omni
1631 580 1839 626 metentt

2059 594 2074 644 ι
2116 575 2220 627 τῶν
2249 576 2505 645 οὐρανῶν.
2542 594 2559 625 ι
2591 575 2663 625 Τὸ
2703 575 2758 626 δὲ
2785 575 2881 625 καὶ
2921 572 3024 641 ἤδη
3054 571 3247 622 πάντα
3278 567 3376 620 τὸν
3409 566 3571 618 σπεί-

327 675 553 744 gaudere
580 668 622 721 si
650 681 766 733 quts
801 663 1033 731 ambigat
1063 663 1369 724 admittere,
1397 663 1694 715 consideret
1719 677 1839 730 qum

2057 683 2115 716 τα
2151 665 2282 734 μετά
2312 665 2507 725 παντὸς
2538 665 2629 715 τοῦ
2674 663 2985 733 θερίζοντος
3017 659 3244 730 χαίρειν
3287 656 3346 708 εῐ
3366 673 3456 718 τις
3489 655 3569 708 δι-

327 761 503 826 aliquo
533 755 686 808 modo
713 752 900 805 messis
941 750 1038 803 fuit
1065 750 1463 804 transformatio
1486 749 1631 812 Jesu,
1658 750 1746 816 qui
1781 749 1859 801 vi-

325 866 416 904 sus
445 856 524 902 est
554 847 606 899 in
640 844 826 913 gloria,
863 857 966 896 non
1011 841 1180 896 solum
1217 841 1536 894 metentibus
1562 840 1739 903 Petro,
1766 840 1859 894 Ja-

323 940 456 993 coho
484 946 537 990 et
559 935 766 997 Joanni,
793 932 880 1000 qui
929 946 1046 984 cum
1079 931 1192 998 ipso
1227 930 1579 984 ascenderant
1604 931 1647 992 ¹,
1679 944 1857 983 verum

321 1029 482 1082 etiam
513 1022 924 1080 seminatoribus
955 1021 1088 1074 Mosi
1120 1028 1174 1074 et
1207 1019 1368 1072 Elim:
1409 1035 1529 1073 cum
1553 1021 1690 1088 ipsis
1720 1021 1858 1073 enim

321 1117 523 1184 pariter
548 1113 800 1182 gaudent,
828 1110 1076 1163 videntes
1102 1108 1325 1177 gloriam
1352 1107 1470 1162 Filii
1503 1108 1617 1172 Dei,
1648 1126 1804 1178 quam
1831 1125 1858 1162 a

324 1205 481 1258 Patre
514 1203 827 1256 illustratam
851 1237 865 1261 ,
902 1198 1362 1264 illustrantemque
1399 1196 1665 1261 videntes,
1707 1207 1862 1250 antea

324 1307 430 1347 non
459 1291 703 1346 viderant
746 1286 920 1340 Moses
947 1294 998 1336 et
1029 1284 1191 1347 Elias,
1224 1291 1280 1334 ut
1321 1298 1461 1337 nunc
1488 1284 1667 1338 vident
1707 1286 1862 1338 simul

325 1395 445 1433 cum
474 1377 676 1432 sanctis
695 1375 966 1444 apostolis.
987 1372 1214 1426 Perinde
1240 1380 1435 1436 autem,
1465 1373 1619 1440 quasi
1649 1375 1863 1425 univer-

325 1469 436 1523 sale
467 1468 538 1521 sit
574 1468 674 1520 hoc
715 1466 945 1532 dictum,
976 1463 1237 1518 sumimus
1279 1479 1293 1516 :
1337 1481 1354 1513 ι
1407 1461 1497 1515 ille
1535 1463 1624 1529 qui
1671 1463 1859 1525 metit,

332 1557 628 1610 mercedem
674 1553 903 1621 accipit,
937 1561 993 1606 et
1025 1559 1310 1620 congregat
1356 1549 1588 1603 fructum
1620 1548 1670 1600 in
1699 1549 1862 1600 vitam

324 1654 614 1704 :rternam;
644 1649 700 1693 ut
727 1640 818 1708 qui
846 1639 1074 1694 seminat
1099 1638 1253 1690 simul
1281 1637 1528 1707 gaudeat,
1561 1645 1613 1690 et
1632 1636 1719 1703 qui
1753 1653 1865 1689 me-

329 1734 391 1786 tit
412 1733 453 1795 ³,
501 1749 518 1782 ι
557 1744 622 1784 eo
649 1729 789 1796 quod
818 1730 866 1782 in
900 1729 1242 1796 sequentibus
1271 1728 1447 1795 plures
1475 1727 1718 1778 dicantur
1747 1738 1861 1778 esse
1893 1710 1934 1766 Β

326 1821 414 1889 qui
449 1829 671 1881 metunt,
716 1827 770 1871 et
818 1817 997 1884 plures
1044 1816 1135 1885 qui
1175 1814 1559 1877 laboraverint,
1613 1813 1860 1867 nimirum

328 1910 732 1963 inseminando.
765 1906 969 1959 Dicitur
1013 1906 1154 1960 enim
1196 1904 1358 1958 veluti
1404 1903 1468 1955 ad
1506 1901 1698 1954 multos
1725 1916 1864 1954 mes-

327 2014 476 2053 sores
505 2017 519 2051 :
550 2015 567 2049 ι
599 1998 706 2066 Ego
730 1996 847 2050 misi
875 2010 970 2050 vos
1013 1995 1078 2048 ad
1114 1993 1441 2054 metendum,
1470 1991 1613 2058 quod
1639 2005 1731 2044 vos
1762 2007 1862 2042 nun

327 2088 610 2143 laborastis
632 2089 673 2150 δς
701 2105 720 2136 ›
741 2095 792 2140 et
820 2085 970 2154 quasi
998 2083 1149 2137 multi
1177 2083 1282 2136 sint
1302 2081 1390 2148 qui
1423 2079 1476 2133 in
1505 2081 1705 2134 semine
1729 2080 1868 2133 labo-

327 2176 598 2240 raverint,
631 2173 884 2228 similiter
923 2172 1152 2226 dicitur:
1185 2188 1204 2220 ι
1238 2169 1342 2223 Alii
1376 2169 1770 2231 laboraverunt,
1813 2175 1867 2221 et

324 2281 422 2322 vos
446 2267 498 2320 in
541 2265 775 2319 laborem
806 2277 992 2318 eorum
1029 2259 1290 2315 introistis
1315 2260 1358 2312 ⁸.
1394 2276 1413 2310 ι
1440 2256 1675 2312 Proinde
1704 2256 1869 2324 aequi—

325 2357 468 2410 valet
494 2353 781 2409 universali
824 2354 940 2407 hac
968 2349 1308 2419 propositio:
1352 2363 1372 2398 ι
1413 2347 1503 2401 111ο
1545 2346 1634 2415 qui
1678 2346 1864 2408 metit,

327 2445 624 2500 mercedem
673 2441 866 2511 accipit
903 2458 918 2505 ;
954 2457 974 2491 ι
1013 2448 1067 2491 et
1119 2451 1311 2492 sensus
1362 2437 1483 2492 talis
1521 2445 1602 2490 est
1635 2450 1649 2485 :
1683 2433 1868 2489 Omnis

333 2553 354 2585 ι
394 2535 483 2601 qui
538 2534 711 2593 metit.
742 2529 1042 2585 mercedem
1087 2528 1304 2596 accipit,
1343 2535 1397 2580 et
1429 2535 1716 2594 congregat
1755 2523 1870 2577 lru-

329 2631 469 2674 ctum
503 2621 554 2672 in
583 2621 744 2673 vitam
777 2629 1054 2681 :eternatn,
1091 2629 1147 2669 ut
1179 2635 1198 2668 ι
1233 2615 1408 2670 omnis
1445 2631 1463 2664 ι
1492 2614 1582 2681 qui
1619 2613 1865 2676 seminat,

329 2706 484 2761 simul
514 2707 757 2774 gaudeat,
797 2715 851 2758 et
889 2723 907 2755 ι
939 2705 1116 2759 onmis
1148 2720 1168 2754 ι
1228 2703 1316 2772 qui
1358 2703 1528 2758 metit.
1566 2720 1586 2752 ι
1625 2701 1746 2754 Haec
1776 2716 1870 2754 au-

330 2806 436 2849 tem
459 2795 620 2864 aliqui
651 2794 865 2864 quidem
884 2802 1125 2862 prompte
1153 2792 1454 2856 admittent,
1473 2806 1576 2845 non
1598 2789 1871 2860 ambigen-

332 2896 411 2939 tes
446 2885 572 2951 quin
623 2882 962 2937 manifestata
1013 2884 1122 2935 sint
1161 2881 1358 2935 sanctis
1395 2879 1650 2949 apostolis
1681 2878 1737 2932 in
1772 2877 1870 2932 ad-

328 2981 488 3025 ventu
510 2971 709 3026 Christi
742 2971 833 3040 qui
854 2971 933 3023 eis
962 2970 1246 3022 illustravit
1282 2982 1494 3022 omnem
1539 2967 1865 3034 Scriptttram

330 3059 448 3112 luce
469 3059 808 3126 c0gnitionis,
835 3071 950 3126 qua:
981 3056 1246 3110 occultata
1270 3054 1484 3108 fuerant
1518 3052 1753 3119 antiquis
1779 3066 1870 3118 ge-

331 3148 714 3210 nerationibus,
749 3162 812 3200 ac
845 3147 944 3215 ipsi
991 3146 1119 3200 Mosi
1153 3153 1207 3198 et
1255 3142 1531 3212 prophetis
1561 3161 1575 3194 :
1607 3141 1698 3194 alii
1746 3153 1871 3192 vero
1913 3171 1920 3178 ~

331 3237 654 3289 verebuntur
691 3237 995 3296 admittere,
1023 3250 1126 3286 non
1171 3233 1431 3286 audentes
1477 3229 1657 3284 dicere
1691 3225 1872 3281 Mosen

331 3323 502 3376 virum
546 3333 774 3386 tantum,
807 3334 860 3376 et
895 3322 1202 3390 prophetas,
1238 3321 1414 3374 adhuc
1439 3327 1660 3389 agentes
1691 3317 1746 3371 in
1777 3316 1874 3369 ltu-

333 3413 528 3475 manis,
562 3427 666 3464 non
701 3420 976 3466 assecutos
999 3409 1162 3462 fuisse
1190 3423 1308 3475 qua:
1333 3408 1559 3476 apostoli
1592 3406 1875 3461 intellexis-

334 3511 480 3555 sent:
523 3500 812 3566 praesertim
858 3515 978 3551 cum
1009 3500 1122 3552 haec
1155 3499 1209 3551 in
1245 3496 1538 3565 Scripturis
1568 3495 1676 3548 sint
1714 3493 1872 3548 semi-

336 3599 479 3652 nata,
515 3588 650 3656 quas
695 3591 806 3656 ipse
852 3587 1022 3642 Moses
1059 3602 1122 3642 ac
1162 3587 1434 3656 propheta:
1466 3584 1871 3638 administrave-

334 3681 461 3735 rint.
519 3678 624 3733 Sed
671 3679 744 3732 illi
785 3679 939 3748 primi
991 3679 1090 3731 hoc
1143 3677 1292 3732 dicto
1341 3684 1604 3730 utentur:
1658 3691 1676 3725 ι
1722 3672 1873 3726 Multi

333 3767 604 3836 prophetae
629 3775 682 3821 et
711 3765 844 3834 justi
875 3767 1156 3833 cupierunt
1191 3765 1371 3818 videre
1392 3777 1510 3832 qua:
1536 3776 1630 3816 vos
1660 3761 1870 3824 videtis,

273 3851 277 3854 ’
331 3866 524 3912 et-non
547 3858 829 3922 viderunt;
858 3866 911 3911 et
936 3857 1122 3910 audire
1153 3870 1270 3923 qua:
1301 3855 1533 3919 auditis,
1572 3863 1754 3907 etnon
1787 3867 1875 3904 au-

333 3946 544 4000 dierunt
569 3947 622 4010 ⁶;
658 3963 676 3996 ι
703 3946 878 3999 ethoc
911 3945 1071 3998 etiam
1099 3961 1114 3996 :
1161 3962 1179 3993 ι
1211 3943 1348 3996 Ecce
1386 3941 1503 4009 plus
1526 3955 1685 4008 quam
1730 3938 1886 3992 Salo-

331 4051 455 4090 mon
473 4038 573 4090 hoc
599 4037 650 4088 in
678 4037 824 4090 loco"
854 4052 870 4100 ;
902 4053 922 4086 ι
941 4045 992 4087 et
1029 4035 1117 4086 illo
1138 4033 1300 4087 etiam
1324 4049 1338 4084 :
1363 4051 1382 4083 ι
1405 4032 1460 4085 1η
1491 4031 1608 4084 aliis
1630 4028 1876 4083 :etatihus

333 4141 440 4180 non
467 4126 694 4179 innotuit
725 4124 846 4178 [iliis
877 4123 1172 4185 hominum,
1200 4120 1645 4189 quemadmodum
1671 4115 1874 4170 revela-

333 4221 448 4266 tum
500 4223 580 4267 est
606 4225 742 4265 nunc
769 4210 969 4264 sanctis
999 4209 1251 4277 apostolis
1280 4207 1394 4273 ejus
1411 4216 1465 4259 et
1491 4203 1784 4273 prophetis,
1819 4209 1876 4254 ut

1960 755 2140 816 στάζει
2170 752 2582 823 παραδέξασθαι,
2606 753 2872 823 νοησάτω,
2908 753 2992 803 ὅτι
3025 748 3306 820 θερισμός
3345 763 3470 808 πως
3496 738 3571 816 ἦν

1959 860 2039 906 τις
2087 845 2119 912 ή
2163 844 2575 912 μεταμόρφωσις
2616 839 2789 910 Ἰησοῦ
2826 843 2881 892 ὲν
2911 840 3041 908 δόξῃ
3093 836 3474 905 φαινομένου,
3505 832 3568 885 ού

1963 935 2117 1004 μόνον
2148 937 2258 996 τοῖς
2284 935 2550 1002 θερισταῖς
2582 932 2770 1002 Πέτρῳ
2795 969 2810 992 ,
2846 930 2945 983 καὶ
2988 927 3272 996 Ἰακώϐῳ,
3311 927 3413 979 κα.)⁸
3455 927 3574 978 Ἰω-

1961 1023 2111 1092 άννη,
2135 1025 2244 1084 τοῖς
2279 1022 2628 1074 συναναϐᾶσιν
2651 1020 2817 1089 αὐτῷ,
2851 1017 2991 1072 ἀλλά
3015 1017 3115 1070 καὶ
3151 1019 3276 1079 τοῖς
3303 1015 3572 1085 σπείρασι

1960 1117 2126 1182 Μωσῇ
2160 1115 2251 1166 καὶ
2283 1112 2434 1181 Ἠλίᾳ
2456 1128 2468 1141 ⁸
2501 1112 2614 1179 ἆμα
2635 1109 2742 1178 γάρ
2767 1110 2953 1169 αὑτοῖς
2975 1107 3300 1176 χαίρουσιν,
3327 1104 3576 1170 ὁρῶντες

1959 1206 2054 1275 τὴν
2083 1204 2235 1265 δόξαν
2268 1201 2361 1254 τοῦ
2391 1201 2518 1253 Υἱοῦ
2545 1200 2700 1261 Θεοῦ,
2726 1201 2914 1268 ἥντινα
2945 1199 3042 1249 ἐπὶ
3071 1197 3347 1248 τοσοῦτον
3377 1213 3574 1263 πεφω-

1958 1293 2212 1361 τισμὲνην
2231 1293 2333 1344 ὑπὸ
2353 1291 2443 1342 τοὺ
2467 1291 2695 1359 Πατρὸς,
2721 1289 2813 1340 καὶ
2846 1288 3204 1356 φωτίζουσαν
3235 1287 3370 1348 τοὺς
3396 1285 3575 1356 ὀρῶν-

1959 1399 2076 1444 τας,
2112 1381 2368 1452 πρότερον
2407 1381 2504 1448 οὑχ
2537 1377 2765 1448 ἑωράκει
2804 1377 3014 1445 Μωσῆς
3040 1415 3055 1436 ,
3091 1375 3196 1428 καὶ
3246 1374 3466 1440 Ἠλίας,
3496 1374 3576 1436 ὡς

1962 1470 2053 1523 νῦν
2081 1470 2304 1521 θεῶνται
2342 1471 2456 1538 ἄμα
2487 1471 2597 1530 τοῖς
2639 1468 2813 1533 ἁγίοις
2863 1464 3225 1526 ἀποστόλοις.
3270 1464 3364 1526 Ὠς
3409 1463 3576 1518 καθο-

1961 1558 2093 1626 λικῷ
2118 1559 2172 1610 δὲ
2207 1559 2316 1609 ἴσον
2343 1558 2631 1626 δυνάμενον
2659 1554 3012 1623 λαμϐάνομεν
3044 1554 3109 1605 τό
3134 1568 3149 1582 ⁶
3195 1573 3214 1602 ι
3239 1553 3301 1604 Ὀ
3335 1552 3576 1622 θερίζων

1965 1648 2149 1716 μισθὸν
2171 1647 2463 1715 λαμϐάνει,
2499 1646 2592 1697 καὶ
2637 1644 2860 1708 συνάγει
2890 1643 3111 1712 καρπὸν
3142 1643 3232 1705 είς
3258 1641 3414 1711 ζωὴν
3445 1641 3576 1694 αίώ-

1961 1754 2088 1797 νιον,
2119 1736 2202 1787 ἴνα
2230 1737 2257 1786 6
2286 1735 2517 1803 σπείρων
2550 1732 2683 1800 ὁμοῦ
2713 1733 2902 1802 χαίρῃ,
2936 1734 3034 1784 καὶ
3055 1733 3084 1783 6
3115 1730 3392 1800 θερίζων,
3431 1751 3450 1782 ι
3477 1732 3574 1784 ’διά

1960 1826 2020 1876 τὸ
2049 1828 2104 1876 ὲν
2130 1828 2238 1886 τοῖς
2260 1823 2384 1891 ἑξῆς
2417 1822 2661 1885 πλείονας
2686 1821 2942 1889 λέγεσθαι
2972 1823 3104 1883 τοὺς
3143 1821 3446 1890 θεριστὰς,
3477 1822 3576 1875 καὶ

1961 1914 2208 1975 πλείονας
2235 1915 2356 1972 τοὺς
2382 1910 2793 1973 κεκοπιακότας,
2821 1911 3073 1980 δηλονότι
3106 1912 3197 1973 είς
3220 1911 3288 1962 τὸ
3323 1913 3572 1980 σπεῖραι.

1962 2003 2187 2068 Λέγεται
2221 2001 2327 2070 γὰρ
2365 2001 2438 2061 ὡς
2470 2000 2606 2069 πρὸς
2639 1998 2866 2061 πολλοὺς
2913 1999 3190 2068 θεριστὰς
3237 1999 3302 2051 τό
3329 2017 3343 2030 ο
3388 2018 3406 2049 ι
3432 1998 3575 2066 Ἐγὼ

1962 2090 2246 2142 ἀπέστειλα
2275 2091 2414 2158 ὑμᾶς
2439 2089 2670 2158 θερίζειν
2697 2088 2726 2139 ὃ
2756 2091 2857 2158 οὑχ
2887 2089 3056 2158 ὑμεῖς
3085 2087 3516 2142 κεκοπιάκατεο
3548 2109 3568 2141 ο

1962 2181 2053 2231 καὶ
2081 2179 2154 2241 ὼς
2180 2177 2382 2230 πολλῶν
2408 2180 2463 2229 ὲν
2486 2177 2561 2246 τῷ
2588 2177 2773 2246 σπόρῳ
2806 2176 3189 2247 κεκμηκότων
3221 2177 3286 2229 τό
3306 2194 3320 2207 ·
3358 2195 3377 2227 ι
3394 2176 3573 2230 Ἄλλοι

1963 2267 2336 2329 κεκοπιάκασι,
2379 2267 2469 2318 καὶ
2497 2267 2652 2334 ὑμεῖς
2675 2267 2756 2328 είς
2795 2266 2888 2318 τὸν
2930 2267 3109 2318 κόπον
3135 2266 3334 2320 αὑτῶν
3359 2264 3573 2334 εἰσελη-

1961 2353 2172 2406 λύθατε.
2228 2374 2246 2404 ι
2283 2355 2421 2405 Ἴσον
2468 2353 2524 2404 δὲ
2560 2352 2783 2405 δύναται
2819 2352 2901 2422 τῷ
2941 2353 3236 2423 καθολικῷ
3277 2353 3436 2422 (91)
3474 2353 3570 2406 τό·

1969 2460 1988 2492 ι
2010 2443 2066 2494 ’0
2099 2439 2321 2510 θερίζων
2362 2441 2548 2508 μισθὸν
2584 2440 2874 2510 λαμϐάνει,
2919 2459 2938 2491 ι
2980 2443 3081 2494 καὶ
3115 2443 3184 2494 τὸ
3225 2442 3364 2511 ἑξῆς
3395 2439 3594 2502 τοιοῠε

1961 2547 2051 2582 τον
2097 2545 2112 2560 ·
2156 2548 2174 2580 ι
2215 2529 2330 2590 Πᾶς
2361 2532 2389 2581 6
2421 2529 2646 2600 θερίζων
2682 2530 2872 2598 μισθὸν
2905 2531 3217 2600 λαμϐάνει,
3273 2533 3376 2585 καὶ
3439 2549 3570 2584 συν-

1974 2619 2097 2685 άγει
2161 2617 2364 2688 καρπὸν
2402 2619 2479 2680 εἰς
2517 2615 2658 2685 ζωὴν
2697 2615 2938 2680 αἰώνιον,
2965 2618 3061 2670 ἵνα
3102 2620 3221 2681 πᾶς
3257 2620 3288 2670 6
3330 2617 3572 2688 σπείρων

1963 2705 2094 2775 ὁμοῦ
2129 2705 2310 2775 χαίρῃ,
2350 2704 2442 2756 καὶ
2480 2704 2586 2766 πᾶς
2618 2705 2646 2755 6
2683 2703 2938 2772 θερίζων.
2977 2721 3000 2754 ι
3048 2703 3249 2756 Ταῦτα
3285 2705 3347 2757 δὲ
3383 2706 3434 2756 οἱ
3473 2705 3572 2773 μέν

1964 2809 2105 2854 τινες
2145 2793 2286 2862 (92)
2325 2792 2552 2861 ἑτοίμως
2599 2791 3000 2861 παραδέξονται
3027 2831 3044 2853 ,
3089 2793 3172 2865 μὴ
3219 2793 3572 2856 διστάζοντες

1965 2881 2092 2951 περὶ
2115 2877 2207 2932 τοῦ
2237 2879 2305 2932 τὰ
2336 2878 2804 2947 ἀποκεκρυμμένα
2835 2882 2961 2941 ταῖς
2993 2879 3177 2933 πάλαι
3211 2883 3440 2948 γενεαῖς
3477 2881 3572 2933 καὶ

1967 2968 2112 3038 αὑτῷ
2139 2969 2342 3028 Μωσεῖ,
2375 2969 2600 3030 καὶτοῖς
2625 2969 2936 3038 προφήταις
2979 2972 3427 3045 πεφανερῶσθαι
3460 2974 3571 3033 τοῖς

1970 3060 2140 3126 ἁγίοις
2162 3056 2472 3118 ἀποστόλοις
2502 3055 2641 3108 κατά
2677 3057 2774 3126 τὴν
2811 3057 2904 3110 τοῦ
2940 3059 3194 3128 Χριστοῦ
3243 3059 3572 3132 ἐπιδημίαν,

1970 3148 2295 3215 φωτίσαντος
2319 3144 2501 3206 αὐτοῖς
2523 3143 2583 3196 τδ
2608 3143 2721 3211 φῶς
2751 3144 2812 3196 τὸ
2831 3145 2934 3214 τῆς
2961 3146 3234 3213 γνώσεως
3259 3149 3365 3217 τῆς
3393 3149 3573 3219 πάσης

1968 3237 2223 3308 Γραφῆς·
2271 3234 2444 3304 ἕτεροι
2483 3233 2540 3284 δὲ
2574 3233 2865 3303 ὀκνήσουσι
2925 3237 3244 3306 προσέσθαι
3269 3279 3286 3304 ,
3332 3239 3411 3308 μὴ
3457 3238 3572 3292 τολ-

1973 3325 2174 3396 μῶντες
2205 3322 2382 3390 λέγειν
2408 3323 2498 3374 τὸν
2525 3321 2840 3390 τηλικοῦτον
2865 3325 3108 3386 Μωσέα,
3149 3328 3249 3380 καὶ
3278 3328 3414 3391 τοὺς
3444 3346 3572 3400 προ-

1969 3415 2139 3482 φήτας
2165 3412 2238 3481 μὴ
2275 3410 2563 3478 ἐφθακέναι
2596 3409 2676 3461 ἔτι
2705 3408 2866 3473 ὂντας
2907 3413 2968 3463 ὲν
2991 3413 3078 3482 τῷ
3118 3415 3232 3468 τῶν
3265 3414 3573 3486 ἀνθρώπων

1972 3501 2070 3571 βίῳ
2091 3501 2180 3553 ἐπὶ
2199 3500 2266 3553 τά
2289 3502 2399 3560 τοῖς
2421 3499 2736 3562 ἀποστόλοις
2763 3501 3098 3570 νενοημένα,
3132 3504 3234 3557 καὶ
3263 3505 3429 3557 τοῦτο
3456 3507 3573 3566 ταῖς

1969 3591 2137 3652 θείαις
2168 3590 2404 3658 Γραφαῖς
2434 3589 2842 3659 ὲνεσπαρμένα,
2875 3594 2999 3654 ταῖς
3034 3594 3132 3645 ὑπ’
3168 3594 3356 3648 αὑτῶν
3387 3595 3571 3648 διακοο

1969 3682 2258 3752 νηθείσαιςι.
2293 3681 2596 3749 Χρήσονται
2647 3681 2704 3733 δὲ
2739 3681 2788 3732 οἱ
2827 3682 3092 3752 πρότεροι
3139 3685 3220 3754 τῷ
3245 3702 3259 3714 ·
3321 3705 3341 3734 ι
3383 3684 3572 3737 Πολλοὶ

1970 3772 2240 3842 προφῆται
2275 3771 2367 3822 καὶ
2393 3768 2586 3823 δίκαιοι
2611 3768 2972 3838 ἐπεθύμησαν
3007 3772 3147 3823 ἰδεῖν
3178 3774 3216 3827 ἃ
3251 3775 3418 3844 ὑμεῖς
3449 3773 3573 3843 βλέ-

1971 3877 2120 3921 πετε,
2150 3860 2244 3911 καὶ
2275 3860 2374 3911 οὑκ
2422 3855 2589 3911 εἶδον·
2634 3859 2728 3912 καὶ
2773 3859 3010 3912 ἀκοῦσαι
3072 3861 3111 3914 ἃ.
3168 3864 3430 3928 ἀκούετε,
3479 3863 3574 3917 καὶ

1970 3947 2068 4000 οὑκ
2121 3949 2379 4017 ῆκουσαψ
2437 3965 2456 3997 ι
2511 3946 2642 3998 καίο
2696 3965 2714 3996 ι
2762 3947 2895 4000 Ἰδοὺ
2963 3948 3158 4002 πλεῖον
3216 3952 3574 4022 Σολομῶντος

1971 4027 2129 4087 ὧδεί
2150 4033 2240 4085 καὶ
2271 4033 2402 4102 τῷἾ
2429 4032 2668 4101 Ἐτέραις
2700 4035 2918 4100 γενεαῖς
2968 4037 3076 4089 οὑκ
3099 4037 3424 4110 ἐγνωρίσθη
3461 4043 3575 4102 τοῖς

1975 4124 2105 4183 υἱοῖς
2170 4121 2275 4173 τῶν
2332 4121 2628 4191 ἀνθρώπων
2650 4161 2664 4184 ,
2727 4123 2802 4186 ὼς
2862 4122 2959 4176 νῦν
3017 4127 3402 4200 ἀπεκαλύφθη
3461 4133 3575 4192 τοῖς

1973 4209 2144 4275 ἁγίοις
2189 4209 2502 4271 ἀποστόλοις
2538 4209 2737 4274 αὑτοῦ,
2782 4211 2877 4262 καὶ
2918 4216 3246 4284 προφήταις
3302 4213 3450 4270 εἶναι
3508 4217 3577 4288 ei.

335 4302 446 4356 sint
467 4310 650 4369 gentes
670 4299 993 4358 cohzeredes,
1011 4307 1064 4350 et
1098 4297 1330 4363 ejusdem
1367 4294 1630 4360 corporis,
1656 4305 1846 4345 consor

2069 4314 2100 4365 η
2133 4297 2538 4366 συγκληρονόμα
2557 4335 2572 4358 ,
2600 4299 2693 4349 καὶ
2745 4298 3014 4368 σύσσωμα
3039 4341 3055 4364 ,
3094 4305 3193 4355 καὶ
3242 4306 3577 4376 συμμέτοχα

337 4397 521 4455 tesque
550 4385 710 4454 259
735 4385 1099 4454 promissionis
1131 4385 1184 4436 in
1217 4382 1432 4439 Christo
1459 4381 1498 4434 '.
1537 4399 1555 4432 ι
1590 4380 1872 4434 Adducent

335 4479 496 4532 etiam
533 4477 583 4529 hi
618 4475 744 4528 illud
783 4475 920 4542 quod
953 4473 1130 4526 Daniel
1162 4482 1279 4542 post
1306 4470 1589 4540 quamdam
1611 4469 1868 4524 Vtsionem

337 4566 550 4634 scripsit
577 4583 622 4620 ει
653 4563 892 4625 Snrrexi,
910 4573 963 4617 et
986 4578 1087 4616 non
1119 4572 1234 4616 erat
1259 4562 1347 4629 qui
1382 4560 1699 4629 intelligeret
1727 4559 1770 4590 ⁸·
1797 4576 1812 4623 ;
1843 4576 1862 4610 ι

336 4667 391 4712 et
418 4655 542 4710 illud
571 4655 717 4710 Isaia:
749 4672 763 4707 :
794 4671 812 4704 ι
844 4651 1124 4706 Sermones
1149 4650 1304 4718 huius
1337 4651 1457 4705 libri
1479 4649 1778 4704 suntveluti
1807 4651 1869 4703 li-

337 4747 434 4802 ber
459 4745 688 4800 hominis
719 4745 960 4812 signatus
987 4755 1002 4793 :
1031 4755 1185 4809 quem
1219 4741 1390 4809 ipsunt
1423 4739 1468 4794 si
1498 4739 1746 4794 dederint
1773 4739 1870 4791 ho-

338 4839 468 4892 mini
501 4837 757 4892 nescienti
789 4836 1017 4900 litteras,
1043 4834 1278 4886 dicentes
1307 4849 1319 4884 :
1353 4830 1518 4900 Lege,
1547 4829 1690 4883 dicet
1724 4845 1738 4880 :
1769 4827 1869 4882 Ne-

337 4927 451 4980 scio
488 4925 725 4990 litteras;
769 4935 818 4977 et
853 4924 1053 4977 dabunt
1081 4922 1228 4976 illum
1263 4923 1468 4975 homini
1502 4918 1692 4974 scienti
1725 4917 1869 4969 litte-

342 5030 448 5076 ras,
469 5026 525 5069 et
554 5016 693 5068 dicet
729 5028 742 5065 :
773 5014 882 5066 Non
919 5026 1134 5080 possum
1172 5011 1348 5079 legere
1377 5049 1392 5071 ,
1437 5024 1501 5062 eo
1526 5009 1667 5077 quod
1691 5007 1869 5075 signa-

341 5112 425 5154 tus
447 5103 518 5156 sit
547 5104 588 5154 '.
632 5122 650 5154 ι
685 5103 885 5156 Rursus
925 5102 1012 5154 alii
1063 5102 1175 5154 haec
1225 5099 1403 5153 omnia
1451 5098 1553 5151 hae
1602 5094 1865 5150 sententia

341 5191 652 5244 destruent:
688 5208 709 5240 ι
763 5190 986 5257 Sapiens
1038 5187 1306 5254 intelliget
1362 5201 1480 5255 qua:
1523 5200 1590 5240 ex
1641 5198 1738 5237 ore
1769 5196 1867 5237 suo

1974 4386 2069 4454 τῆς
2092 4385 2413 4453 ἐπαγγελίας
2453 4387 2510 4437 ὲν
2532 4385 2767 4455 Χριστῷ·
2787 4398 2805 4430 ³
2832 4389 2929 4441 καὶ
2949 4391 3032 4462 τῷ
3051 4392 3113 4444 ὲν
3139 4391 3224 4462 τῷ
3241 4395 3454 4466 Δανιὴλ
3483 4413 3579 4463 γε-

1973 4475 2268 4546 γραμμένῳ
2303 4474 2440 4544 μετά
2483 4491 2601 4526 τινα
2627 4475 2837 4544 ὅρασιν,
2886 4477 3002 4540 ὅτι,
3043 4497 3063 4529 ι
3121 4482 3419 4554 Ἀνέστην,
3479 4487 3579 4538 καὶ

1972 4565 2068 4616 οὐκ
2089 4560 2155 4633 ἦν
2180 4565 2208 4614 6
2235 4563 2444 4615 συνιών·
2478 4582 2496 4613 ι
2537 4563 2629 4616 καὶ
2653 4563 2730 4634 τῷ
2772 4565 2831 4616 ὲν
2859 4565 2940 4635 τῷ
2981 4569 3206 4641 Ἠσαῖᾳο
3241 4589 3262 4622 α
3309 4575 3474 4628 Είσὶν
3529 4577 3580 4628 οἱ

1972 4653 2116 4720 λόγοι
2139 4651 2232 4705 τοῦ
2260 4652 2457 4722 βιϐλίου
2479 4652 2666 4704 τούτου
2690 4653 2765 4714 ὡς
2793 4653 2998 4721 βιϐλίον
3023 4659 3331 4728 ἀνθρώπου
3366 4667 3582 4734 ἐσφρα-

1973 4741 2247 4810 γισμένον,
2277 4739 2305 4790 ὃ
2325 4739 2414 4790 ἐὰν
2450 4739 2610 4791 δῶσιν
2642 4739 2772 4792 αὑτὸ
2799 4741 3079 4815 ἀνθρώπῳ
3107 4748 3185 4817 μὴ
3212 4747 3582 4821 ἐπισταμένῳ

1975 4835 2272 4904 γράμματα
2311 4831 2572 4897 λέγοντεςο
2632 4830 2950 4898 Ἀνάγνωθι,
2988 4834 3129 4904 ὲρεῖ·
3168 4839 3292 4890 Οὑκ
3338 4843 3580 4894 ἐπίστα-

1979 4937 2072 4988 μαι
2096 4918 2411 4988 γράμματαο
2446 4919 2538 4970 καὶ
2576 4916 2834 4971 δώσουσιν
2866 4920 3002 4973 αὐτὸ
3025 4922 3316 4996 ἀνθρώπῳ
3341 4931 3583 4984 ἐπιστα-

1978 5005 2118 5074 μένῳ
2154 5004 2472 5075 γράμματα,
2514 5005 2607 5057 καὶ
2659 5006 2792 5076 ἐρεῖ·
2827 5006 2902 5058 Οὑ
2942 5007 3188 5079 δύναμαι
3215 5014 3579 5082 ἀναγνῶναι,

1973 5093 2324 5162 ἑσφράγισται
2355 5094 2482 5162 γάρ.
2503 5111 2520 5143 ι
2557 5094 2620 5147 Ol.
2642 5093 2700 5147 δὲ
2724 5093 2967 5165 δεύτεροι
3001 5098 3184 5152 ταῦτα
3223 5102 3422 5156 πάντα
3456 5105 3583 5160 δια-

1972 5181 2216 5232 λύσονται
2244 5178 2338 5248 τῷο
2372 5198 2390 5231 ι
2421 5181 2588 5249 Σοφὺς
2614 5184 2791 5252 νοήσει
2822 5181 2894 5236 τὰ
2920 5184 3032 5237 ἀπὸ
3054 5186 3152 5238 τοῦ
3187 5187 3329 5241 ἰδίου
3367 5192 3584 5261 στόμα-

412 5324 429 5353 ¹
461 5321 640 5378 Iatth.
673 5340 796 5384 vnt.
836 5326 920 5377 ll.
991 5327 1012 5356 ¹
1047 5323 1228 5377 Matth.
1252 5337 1386 5384 xvn,
1428 5323 1536 5375 l-5.
1610 5317 1806 5372 ’Joan.
1857 5331 1924 5375 IV,

2119 5313 2140 5342 ⁸
2174 5311 2446 5384 ἱὺίιὶιμὸδη
2500 5315 2520 5346 ⁵
2549 5315 2679 5371 ibid.
2743 5313 2958 5369 ‘Malth.
2991 5332 3113 5382 xm,
3146 5317 3234 5371 l7.
3313 5319 3338 5352 "
3369 5319 3574 5377 Matth.

343 5390 550 5450 una.
634 5393 655 5423 ⁸
703 5391 893 5460 Ephes.
936 5407 1008 5452 ιιι,
1059 5392 1111 5453 5,
1142 5391 1196 5446 6.
1292 5391 1333 5420 ⁸·
1382 5391 1513 5444 Dan.
1551 5404 1670 5449 vnt,
1708 5387 1794 5437 26.

387 5567 398 5579 ,
433 5488 522 5579 si)
546 5511 628 5575 τῷ
655 5510 962 5573 νηοολικῷ.
995 5508 1083 5563 Sic
1103 5509 1264 5564 codex
1291 5508 1639 5572 Bodleianus;
1682 5507 1732 5559 in
1764 5503 1871 5557 Rc-

347 5584 439 5639 διο
456 5582 598 5632 deest
628 5584 721 5646 τῷ,

1893 5387 1914 5414 ν
1948 5385 2066 5434 lsai.
2104 5395 2250 5442 unt,
2277 5379 2358 5441 11,
2395 5383 2485 5438 12.

1977 5498 2154 5634 τι
2187 5497 2276 5552 Sic
2304 5499 2467 5557 habet
2505 5506 2672 5564 codex
2702 5503 3055 5570 Bodleianus;
3095 5507 3148 5559 in
3192 5504 3380 5575 Regio
3412 5509 3581 5563 deest
