  <div class='ocr_page' id='page_1' title='image "/cluster/home/n/w/nwhite01/storage/ocr_20150623/14 (Origen; pt. 4)/nyp.33433081862280/252.png"; bbox 0 0 3828 6224; ppageno 0'>
   <div class='ocr_carea' id='block_1_1' title="bbox 273 283 373 338">
    <p class='ocr_par' dir='ltr' id='par_1_1' title="bbox 273 283 373 338">
     <span class='ocr_line' id='line_1_1' title="bbox 273 283 373 338; baseline 0 -2"><span class='ocrx_word' id='word_1_1' title='bbox 273 283 373 338; x_wconf 74' lang='grc' dir='ltr'><strong>ιεε</strong></span> 
     </span>
    </p>
   </div>
   <div class='ocr_carea' id='block_1_2' title="bbox 1327 284 2427 347">
    <p class='ocr_par' dir='ltr' id='par_1_2' title="bbox 1327 284 2427 347">
     <span class='ocr_line' id='line_1_2' title="bbox 1327 284 2427 347; baseline 0 -1"><span class='ocrx_word' id='word_1_2' title='bbox 1327 284 1661 346; x_wconf 77' lang='lat' dir='ltr'><strong>COMMENT.</strong></span> <span class='ocrx_word' id='word_1_3' title='bbox 1697 284 1762 339; x_wconf 83' lang='grc' dir='ltr'><strong>ΙΝ</strong></span> <span class='ocrx_word' id='word_1_4' title='bbox 1797 287 1990 344; x_wconf 80' lang='lat' dir='ltr'><strong>JOAN.</strong></span> <span class='ocrx_word' id='word_1_5' title='bbox 2024 288 2255 347; x_wconf 86' lang='lat' dir='ltr'><strong>TOMUS</strong></span> <span class='ocrx_word' id='word_1_6' title='bbox 2291 290 2427 346; x_wconf 83' lang='lat' dir='ltr'><strong>Xill.</strong></span> 
     </span>
    </p>
   </div>
   <div class='ocr_carea' id='block_1_3' title="bbox 3349 297 3450 353">
    <p class='ocr_par' dir='ltr' id='par_1_3' title="bbox 3349 297 3450 353">
     <span class='ocr_line' id='line_1_3' title="bbox 3349 297 3450 353; baseline 0 0"><span class='ocrx_word' id='word_1_7' title='bbox 3349 297 3450 353; x_wconf 69' lang='lat'><strong>480</strong></span> 
     </span>
    </p>
   </div>
   <div class='ocr_carea' id='block_1_4' title="bbox 280 401 1830 479">
    <p class='ocr_par' dir='ltr' id='par_1_4' title="bbox 280 401 1827 479">
     <span class='ocr_line' id='line_1_4' title="bbox 280 401 1827 479; baseline 0 -21"><span class='ocrx_word' id='word_1_8' title='bbox 280 420 379 467; x_wconf 74' lang='grc' dir='ltr'>τος*</span> <span class='ocrx_word' id='word_1_9' title='bbox 415 401 506 456; x_wconf 66' lang='grc' dir='ltr'><strong>ἰπὶ</strong></span> <span class='ocrx_word' id='word_1_10' title='bbox 529 402 586 454; x_wconf 81' lang='grc' dir='ltr'>δὲ</span> <span class='ocrx_word' id='word_1_11' title='bbox 615 404 823 472; x_wconf 75' lang='grc' dir='ltr'><strong>χείλεσι</strong></span> <span class='ocrx_word' id='word_1_12' title='bbox 852 411 1020 479; x_wconf 85' lang='grc' dir='ltr'><strong>φορεῖ</strong></span> <span class='ocrx_word' id='word_1_13' title='bbox 1042 409 1490 478; x_wconf 88' lang='grc' dir='ltr'>ἐπιγνωμοσύνην·</span> <span class='ocrx_word' id='word_1_14' title='bbox 1527 425 1544 457; x_wconf 84' lang='grc' dir='ltr'><strong>ι</strong></span> <span class='ocrx_word' id='word_1_15' title='bbox 1582 405 1827 474; x_wconf 86' lang='grc' dir='ltr'>λέγοντες</span> 
     </span>
    </p>
   </div>
   <div class='ocr_carea' id='block_1_5' title="bbox 1935 401 3449 479">
    <p class='ocr_par' dir='ltr' id='par_1_5' title="bbox 1935 407 3449 478">
     <span class='ocr_line' id='line_1_5' title="bbox 1935 407 3449 478; baseline 0.007 -18"><span class='ocrx_word' id='word_1_16' title='bbox 1935 407 2203 475; x_wconf 78' lang='lat' dir='ltr'><strong>prodibant</strong></span> <span class='ocrx_word' id='word_1_17' title='bbox 2245 422 2260 470; x_wconf 91' lang='lat'><strong>;</strong></span> <span class='ocrx_word' id='word_1_18' title='bbox 2325 409 2379 460; x_wconf 90' lang='lat' dir='ltr'><strong>in</strong></span> <span class='ocrx_word' id='word_1_19' title='bbox 2448 407 2602 462; x_wconf 79' lang='lat' dir='ltr'><strong>labiis</strong></span> <span class='ocrx_word' id='word_1_20' title='bbox 2658 418 2834 464; x_wconf 90' lang='lat' dir='ltr'><strong>autem</strong></span> <span class='ocrx_word' id='word_1_21' title='bbox 2889 408 3002 463; x_wconf 85' lang='lat' dir='ltr'><strong>suis</strong></span> <span class='ocrx_word' id='word_1_22' title='bbox 3053 418 3222 478; x_wconf 82' lang='lat' dir='ltr'><strong>gestat</strong></span> <span class='ocrx_word' id='word_1_23' title='bbox 3271 414 3449 470; x_wconf 90' lang='lat' dir='ltr'><strong>scien-</strong></span> 
     </span>
    </p>
   </div>
   <div class='ocr_carea' id='block_1_6' title="bbox 285 491 1826 567">
    <p class='ocr_par' dir='ltr' id='par_1_6' title="bbox 285 491 1826 567">
     <span class='ocr_line' id='line_1_6' title="bbox 285 491 1826 567; baseline 0.001 -22"><span class='ocrx_word' id='word_1_24' title='bbox 285 491 478 545; x_wconf 83' lang='grc' dir='ltr'>Μωσέα</span> <span class='ocrx_word' id='word_1_25' title='bbox 517 492 612 544; x_wconf 71' lang='grc' dir='ltr'><strong>καὶ</strong></span> <span class='ocrx_word' id='word_1_26' title='bbox 659 492 898 549; x_wconf 69' lang='grc' dir='ltr'>ἕκαστον</span> <span class='ocrx_word' id='word_1_27' title='bbox 932 498 1216 567; x_wconf 82' lang='grc' dir='ltr'><strong>προφητῶν</strong></span> <span class='ocrx_word' id='word_1_28' title='bbox 1246 498 1312 549; x_wconf 83' lang='grc' dir='ltr'><strong>τά</strong></span> <span class='ocrx_word' id='word_1_29' title='bbox 1333 495 1704 565; x_wconf 87' lang='grc' dir='ltr'>διακονηθέντα</span> <span class='ocrx_word' id='word_1_30' title='bbox 1736 496 1826 548; x_wconf 80' lang='grc' dir='ltr'>ὑπ’</span> 
     </span>
    </p>
   </div>
   <div class='ocr_carea' id='block_1_7' title="bbox 292 579 1829 654">
    <p class='ocr_par' dir='ltr' id='par_1_7' title="bbox 292 579 1829 654">
     <span class='ocr_line' id='line_1_7' title="bbox 292 579 1829 654; baseline 0.001 -19"><span class='ocrx_word' id='word_1_31' title='bbox 292 579 456 635; x_wconf 80' lang='grc' dir='ltr'>αὐτῶν</span> <span class='ocrx_word' id='word_1_32' title='bbox 484 581 814 649; x_wconf 77' lang='grc' dir='ltr'><strong>νενοηκέναι,</strong></span> <span class='ocrx_word' id='word_1_33' title='bbox 842 585 943 652; x_wconf 86' lang='grc' dir='ltr'><strong>οὐχ</strong></span> <span class='ocrx_word' id='word_1_34' title='bbox 979 585 1114 636; x_wconf 84' lang='grc' dir='ltr'>ὥστε</span> <span class='ocrx_word' id='word_1_35' title='bbox 1145 585 1236 636; x_wconf 76' lang='grc' dir='ltr'>καὶ</span> <span class='ocrx_word' id='word_1_36' title='bbox 1277 585 1474 654; x_wconf 88' lang='grc' dir='ltr'>ἐτέροις</span> <span class='ocrx_word' id='word_1_37' title='bbox 1508 583 1829 653; x_wconf 86' lang='grc' dir='ltr'>παραδοῦναι</span> 
     </span>
    </p>
   </div>
   <div class='ocr_carea' id='block_1_8' title="bbox 296 670 1832 744">
    <p class='ocr_par' dir='ltr' id='par_1_8' title="bbox 296 670 1832 744">
     <span class='ocr_line' id='line_1_8' title="bbox 296 670 1832 744; baseline 0 -19"><span class='ocrx_word' id='word_1_38' title='bbox 296 673 380 725; x_wconf 74' lang='grc' dir='ltr'><strong>καὶ</strong></span> <span class='ocrx_word' id='word_1_39' title='bbox 415 670 708 738; x_wconf 72' lang='grc' dir='ltr'><strong>ἀναπτύξαι</strong></span> <span class='ocrx_word' id='word_1_40' title='bbox 744 673 814 724; x_wconf 83' lang='grc' dir='ltr'>τὰ</span> <span class='ocrx_word' id='word_1_41' title='bbox 850 675 1140 743; x_wconf 80' lang='grc' dir='ltr'><strong>μυστήρια·</strong></span> <span class='ocrx_word' id='word_1_42' title='bbox 1183 676 1306 736; x_wconf 82' lang='grc' dir='ltr'>τοὺς</span> <span class='ocrx_word' id='word_1_43' title='bbox 1337 675 1578 744; x_wconf 80' lang='grc' dir='ltr'><strong>μέντοιγε</strong></span> <span class='ocrx_word' id='word_1_44' title='bbox 1611 673 1832 726; x_wconf 87' lang='grc' dir='ltr'>ἀποστό-</span> 
     </span>
    </p>
   </div>
   <div class='ocr_carea' id='block_1_9' title="bbox 299 761 1830 832">
    <p class='ocr_par' dir='ltr' id='par_1_9' title="bbox 299 761 1830 832">
     <span class='ocr_line' id='line_1_9' title="bbox 299 761 1830 832; baseline 0 -18"><span class='ocrx_word' id='word_1_45' title='bbox 299 763 430 826; x_wconf 78' lang='grc' dir='ltr'>λους,</span> <span class='ocrx_word' id='word_1_46' title='bbox 478 761 551 822; x_wconf 81' lang='grc' dir='ltr'>ὡς</span> <span class='ocrx_word' id='word_1_47' title='bbox 576 761 633 813; x_wconf 84' lang='grc' dir='ltr'><strong>ἐν</strong></span> <span class='ocrx_word' id='word_1_48' title='bbox 675 761 854 832; x_wconf 83' lang='grc' dir='ltr'>καιρῷ</span> <span class='ocrx_word' id='word_1_49' title='bbox 893 761 1277 830; x_wconf 77' lang='grc' dir='ltr'><strong>ἀποκαλύψεως</strong></span> <span class='ocrx_word' id='word_1_50' title='bbox 1298 762 1635 832; x_wconf 86' lang='grc' dir='ltr'>γενομένους,</span> <span class='ocrx_word' id='word_1_51' title='bbox 1661 764 1830 814; x_wconf 78' lang='grc' dir='ltr'>εἰπεῖν</span> 
     </span>
    </p>
   </div>
   <div class='ocr_carea' id='block_1_10' title="bbox 299 837 1832 921">
    <p class='ocr_par' dir='ltr' id='par_1_10' title="bbox 299 837 1832 921">
     <span class='ocr_line' id='line_1_10' title="bbox 299 837 1832 921; baseline -0.001 -17"><span class='ocrx_word' id='word_1_52' title='bbox 299 852 376 904; x_wconf 83' lang='grc' dir='ltr'><strong>ἄν·</strong></span> <span class='ocrx_word' id='word_1_53' title='bbox 416 868 434 900; x_wconf 81' lang='grc' dir='ltr'><strong>ι</strong></span> <span class='ocrx_word' id='word_1_54' title='bbox 463 850 695 918; x_wconf 84' lang='grc' dir='ltr'>Στήκετε</span> <span class='ocrx_word' id='word_1_55' title='bbox 729 847 865 918; x_wconf 79' lang='grc'>(95),</span> <span class='ocrx_word' id='word_1_56' title='bbox 901 852 993 902; x_wconf 78' lang='grc' dir='ltr'>καὶ</span> <span class='ocrx_word' id='word_1_57' title='bbox 1023 854 1265 920; x_wconf 79' lang='grc' dir='ltr'><strong>κρατεῖτε</strong></span> <span class='ocrx_word' id='word_1_58' title='bbox 1293 851 1388 912; x_wconf 77' lang='grc' dir='ltr'>τὰς</span> <span class='ocrx_word' id='word_1_59' title='bbox 1417 837 1730 921; x_wconf 78' lang='grc' dir='ltr'>παραδόσεις</span> <span class='ocrx_word' id='word_1_60' title='bbox 1767 851 1832 913; x_wconf 77' lang='grc' dir='ltr'>ἃς</span> 
     </span>
    </p>
   </div>
   <div class='ocr_carea' id='block_1_11' title="bbox 295 937 1830 1009">
    <p class='ocr_par' dir='ltr' id='par_1_11' title="bbox 295 937 1830 1009">
     <span class='ocr_line' id='line_1_11' title="bbox 295 937 1830 1009; baseline 0 -18"><span class='ocrx_word' id='word_1_61' title='bbox 295 937 611 1007; x_wconf 76' lang='grc' dir='ltr'>ἐδιδάχθητεο</span> <span class='ocrx_word' id='word_1_62' title='bbox 655 956 674 988; x_wconf 82' lang='grc' dir='ltr'><strong>ι</strong></span> <span class='ocrx_word' id='word_1_63' title='bbox 708 938 821 1002; x_wconf 71' lang='grc' dir='ltr'>καὶ,</span> <span class='ocrx_word' id='word_1_64' title='bbox 859 957 878 987; x_wconf 75' lang='grc' dir='ltr'><strong>ι</strong></span> <span class='ocrx_word' id='word_1_65' title='bbox 925 939 993 990; x_wconf 80' lang='grc' dir='ltr'><strong>Ἀ</strong></span> <span class='ocrx_word' id='word_1_66' title='bbox 1020 939 1252 1006; x_wconf 73' lang='grc' dir='ltr'>ἡκούσας</span> <span class='ocrx_word' id='word_1_67' title='bbox 1278 939 1400 1009; x_wconf 85' lang='grc' dir='ltr'>παρ’</span> <span class='ocrx_word' id='word_1_68' title='bbox 1432 939 1562 1008; x_wconf 86' lang='grc' dir='ltr'>ἐμοῦ</span> <span class='ocrx_word' id='word_1_69' title='bbox 1595 939 1678 990; x_wconf 86' lang='grc' dir='ltr'><strong>διά</strong></span> <span class='ocrx_word' id='word_1_70' title='bbox 1703 940 1830 991; x_wconf 87' lang='grc' dir='ltr'>πολ-</span> 
     </span>
    </p>
   </div>
   <div class='ocr_carea' id='block_1_12' title="bbox 294 1026 1828 1098">
    <p class='ocr_par' dir='ltr' id='par_1_12' title="bbox 294 1026 1828 1098">
     <span class='ocr_line' id='line_1_12' title="bbox 294 1026 1828 1098; baseline 0.001 -22"><span class='ocrx_word' id='word_1_71' title='bbox 294 1026 392 1077; x_wconf 85' lang='grc' dir='ltr'>λῶν</span> <span class='ocrx_word' id='word_1_72' title='bbox 435 1027 750 1095; x_wconf 88' lang='grc' dir='ltr'>μαρτύρων,</span> <span class='ocrx_word' id='word_1_73' title='bbox 799 1026 969 1078; x_wconf 88' lang='grc' dir='ltr'>ταῦτα</span> <span class='ocrx_word' id='word_1_74' title='bbox 997 1028 1235 1098; x_wconf 80' lang='grc' dir='ltr'>παράθου</span> <span class='ocrx_word' id='word_1_75' title='bbox 1269 1030 1470 1089; x_wconf 80' lang='grc' dir='ltr'><strong>πιστοῖς</strong></span> <span class='ocrx_word' id='word_1_76' title='bbox 1514 1026 1828 1096; x_wconf 83' lang='grc' dir='ltr'>ἀνθρώποις,</span> 
     </span>
    </p>
   </div>
   <div class='ocr_carea' id='block_1_13' title="bbox 290 1113 1828 1182">
    <p class='ocr_par' dir='ltr' id='par_1_13' title="bbox 290 1113 1828 1182">
     <span class='ocr_line' id='line_1_13' title="bbox 290 1113 1828 1182; baseline -0.001 -17"><span class='ocrx_word' id='word_1_77' title='bbox 290 1115 474 1174; x_wconf 70' lang='grc' dir='ltr'>οἵτινες</span> <span class='ocrx_word' id='word_1_78' title='bbox 498 1114 670 1165; x_wconf 75' lang='grc' dir='ltr'>ἱκανοὶ</span> <span class='ocrx_word' id='word_1_79' title='bbox 705 1113 915 1166; x_wconf 74' lang='grc' dir='ltr'>ἔσονται</span> <span class='ocrx_word' id='word_1_80' title='bbox 942 1116 1033 1166; x_wconf 79' lang='grc' dir='ltr'><strong>καὶ</strong></span> <span class='ocrx_word' id='word_1_81' title='bbox 1063 1115 1275 1182; x_wconf 84' lang='grc' dir='ltr'>ἐτέρους</span> <span class='ocrx_word' id='word_1_82' title='bbox 1292 1114 1510 1177; x_wconf 78' lang='grc' dir='ltr'><strong>διδάξαι·</strong></span> <span class='ocrx_word' id='word_1_83' title='bbox 1552 1133 1570 1164; x_wconf 87' lang='grc' dir='ltr'><strong>ι</strong></span> <span class='ocrx_word' id='word_1_84' title='bbox 1599 1115 1708 1171; x_wconf 74' lang='grc' dir='ltr'>καὶ.</span> <span class='ocrx_word' id='word_1_85' title='bbox 1729 1115 1828 1178; x_wconf 84' lang='grc' dir='ltr'>ὅτι,</span> 
     </span>
    </p>
   </div>
   <div class='ocr_carea' id='block_1_14' title="bbox 289 1201 1832 1271">
    <p class='ocr_par' dir='ltr' id='par_1_14' title="bbox 289 1201 1832 1271">
     <span class='ocr_line' id='line_1_14' title="bbox 289 1201 1832 1271; baseline 0.001 -17"><span class='ocrx_word' id='word_1_86' title='bbox 289 1204 336 1254; x_wconf 81' lang='grc' dir='ltr'><strong>εί</strong></span> <span class='ocrx_word' id='word_1_87' title='bbox 367 1201 672 1270; x_wconf 81' lang='grc' dir='ltr'><strong>ἐπεθύμουν</strong></span> <span class='ocrx_word' id='word_1_88' title='bbox 703 1201 885 1254; x_wconf 69' lang='grc' dir='ltr'>πολλοὶ</span> <span class='ocrx_word' id='word_1_89' title='bbox 935 1205 1204 1271; x_wconf 81' lang='grc' dir='ltr'>προφῆται</span> <span class='ocrx_word' id='word_1_90' title='bbox 1249 1203 1341 1254; x_wconf 74' lang='grc' dir='ltr'><strong>καὶ</strong></span> <span class='ocrx_word' id='word_1_91' title='bbox 1391 1202 1581 1254; x_wconf 87' lang='grc' dir='ltr'>δίκαιοι</span> <span class='ocrx_word' id='word_1_92' title='bbox 1633 1203 1754 1254; x_wconf 75' lang='grc' dir='ltr'>ἰδεῖν</span> <span class='ocrx_word' id='word_1_93' title='bbox 1796 1203 1832 1255; x_wconf 77' lang='grc' dir='ltr'><strong>ἀ</strong></span> 
     </span>
    </p>
   </div>
   <div class='ocr_carea' id='block_1_15' title="bbox 288 1289 1830 1360">
    <p class='ocr_par' dir='ltr' id='par_1_15' title="bbox 288 1289 1830 1360">
     <span class='ocr_line' id='line_1_15' title="bbox 288 1289 1830 1360; baseline -0.001 -18"><span class='ocrx_word' id='word_1_94' title='bbox 288 1289 508 1342; x_wconf 74' lang='grc' dir='ltr'>ἔϐλεπον</span> <span class='ocrx_word' id='word_1_95' title='bbox 559 1293 610 1342; x_wconf 77' lang='grc' dir='ltr'>οἱ</span> <span class='ocrx_word' id='word_1_96' title='bbox 654 1289 960 1356; x_wconf 80' lang='grc' dir='ltr'><strong>ἀπόστολοι,</strong></span> <span class='ocrx_word' id='word_1_97' title='bbox 1005 1292 1097 1343; x_wconf 73' lang='grc' dir='ltr'>καὶ</span> <span class='ocrx_word' id='word_1_98' title='bbox 1135 1291 1169 1344; x_wconf 77' lang='grc' dir='ltr'><strong>ἀ</strong></span> <span class='ocrx_word' id='word_1_99' title='bbox 1213 1292 1423 1360; x_wconf 81' lang='grc' dir='ltr'>ῆκουον,</span> <span class='ocrx_word' id='word_1_100' title='bbox 1464 1291 1704 1356; x_wconf 90' lang='grc' dir='ltr'>λέγοντος</span> <span class='ocrx_word' id='word_1_101' title='bbox 1739 1290 1830 1342; x_wconf 89' lang='grc' dir='ltr'><strong>τοῦ</strong></span> 
     </span>
    </p>
   </div>
   <div class='ocr_carea' id='block_1_16' title="bbox 290 1379 1831 1449">
    <p class='ocr_par' dir='ltr' id='par_1_16' title="bbox 290 1379 1831 1449">
     <span class='ocr_line' id='line_1_16' title="bbox 290 1379 1831 1449; baseline -0.002 -16"><span class='ocrx_word' id='word_1_102' title='bbox 290 1381 556 1449; x_wconf 84' lang='grc' dir='ltr'><strong>Σωτῆρος,</strong></span> <span class='ocrx_word' id='word_1_103' title='bbox 590 1381 652 1432; x_wconf 80' lang='grc' dir='ltr'><strong>οὐ</strong></span> <span class='ocrx_word' id='word_1_104' title='bbox 709 1381 924 1442; x_wconf 86' lang='grc' dir='ltr'>πάντως</span> <span class='ocrx_word' id='word_1_105' title='bbox 950 1379 1016 1432; x_wconf 82' lang='grc' dir='ltr'>τὰ</span> <span class='ocrx_word' id='word_1_106' title='bbox 1043 1380 1149 1433; x_wconf 64' lang='grc' dir='ltr'><strong>τῶν</strong></span> <span class='ocrx_word' id='word_1_107' title='bbox 1186 1379 1417 1449; x_wconf 87' lang='grc' dir='ltr'>νομικῶν</span> <span class='ocrx_word' id='word_1_108' title='bbox 1464 1380 1686 1448; x_wconf 85' lang='grc' dir='ltr'>Γραφῶν</span> <span class='ocrx_word' id='word_1_109' title='bbox 1740 1380 1831 1432; x_wconf 77' lang='grc' dir='ltr'><strong>καὶ</strong></span> 
     </span>
    </p>
   </div>
   <div class='ocr_carea' id='block_1_17' title="bbox 289 1467 1831 1538">
    <p class='ocr_par' dir='ltr' id='par_1_17' title="bbox 289 1467 1831 1538">
     <span class='ocr_line' id='line_1_17' title="bbox 289 1467 1831 1538; baseline -0.001 -18"><span class='ocrx_word' id='word_1_110' title='bbox 289 1468 638 1538; x_wconf 77' lang='grc' dir='ltr'>προφητικῶν</span> <span class='ocrx_word' id='word_1_111' title='bbox 660 1469 988 1538; x_wconf 88' lang='grc' dir='ltr'>ἐπεθύμουν,</span> <span class='ocrx_word' id='word_1_112' title='bbox 1017 1467 1148 1522; x_wconf 87' lang='grc' dir='ltr'>ἀλλὰ</span> <span class='ocrx_word' id='word_1_113' title='bbox 1179 1467 1377 1520; x_wconf 88' lang='grc' dir='ltr'>τούτων</span> <span class='ocrx_word' id='word_1_114' title='bbox 1411 1467 1624 1536; x_wconf 80' lang='grc' dir='ltr'>μείζονα</span> <span class='ocrx_word' id='word_1_115' title='bbox 1659 1469 1831 1534; x_wconf 84' lang='grc' dir='ltr'>ἀπαγ-</span> 
     </span>
    </p>
   </div>
   <div class='ocr_carea' id='block_1_18' title="bbox 287 1554 1828 1626">
    <p class='ocr_par' dir='ltr' id='par_1_18' title="bbox 287 1554 1828 1626">
     <span class='ocr_line' id='line_1_18' title="bbox 287 1554 1828 1626; baseline -0.001 -18"><span class='ocrx_word' id='word_1_116' title='bbox 287 1556 598 1625; x_wconf 86' lang='grc' dir='ltr'>γελλόμενα,</span> <span class='ocrx_word' id='word_1_117' title='bbox 645 1557 783 1626; x_wconf 78' lang='grc' dir='ltr'>πρὸς</span> <span class='ocrx_word' id='word_1_118' title='bbox 809 1559 922 1618; x_wconf 83' lang='grc' dir='ltr'>τοῖς</span> <span class='ocrx_word' id='word_1_119' title='bbox 970 1558 1344 1624; x_wconf 83' lang='grc' dir='ltr'>πνευματικοῖς</span> <span class='ocrx_word' id='word_1_120' title='bbox 1395 1554 1486 1606; x_wconf 89' lang='grc' dir='ltr'><strong>τοῦ</strong></span> <span class='ocrx_word' id='word_1_121' title='bbox 1537 1555 1696 1623; x_wconf 87' lang='grc' dir='ltr'>νόμου</span> <span class='ocrx_word' id='word_1_122' title='bbox 1738 1555 1828 1607; x_wconf 82' lang='grc' dir='ltr'><strong>καὶ</strong></span> 
     </span>
    </p>
   </div>
   <div class='ocr_carea' id='block_1_19' title="bbox 286 1643 1825 1715">
    <p class='ocr_par' dir='ltr' id='par_1_19' title="bbox 286 1643 1825 1715">
     <span class='ocr_line' id='line_1_19' title="bbox 286 1643 1825 1715; baseline 0 -19"><span class='ocrx_word' id='word_1_123' title='bbox 286 1648 394 1707; x_wconf 89' lang='grc' dir='ltr'>τοῖς</span> <span class='ocrx_word' id='word_1_124' title='bbox 437 1647 772 1715; x_wconf 76' lang='grc' dir='ltr'>ἀπορρήτοις</span> <span class='ocrx_word' id='word_1_125' title='bbox 816 1645 923 1698; x_wconf 89' lang='grc' dir='ltr'><strong>τῶν</strong></span> <span class='ocrx_word' id='word_1_126' title='bbox 954 1644 1260 1714; x_wconf 81' lang='grc' dir='ltr'>προφητῶν,</span> <span class='ocrx_word' id='word_1_127' title='bbox 1300 1643 1402 1696; x_wconf 81' lang='grc' dir='ltr'><strong>ὑπὸ</strong></span> <span class='ocrx_word' id='word_1_128' title='bbox 1452 1643 1542 1695; x_wconf 88' lang='grc' dir='ltr'><strong>τοῦ</strong></span> <span class='ocrx_word' id='word_1_129' title='bbox 1583 1643 1825 1712; x_wconf 77' lang='grc' dir='ltr'>Σωτῆρος</span> 
     </span>
    </p>
   </div>
   <div class='ocr_carea' id='block_1_20' title="bbox 286 1707 1899 1812">
    <p class='ocr_par' dir='ltr' id='par_1_20' title="bbox 286 1707 1899 1812">
     <span class='ocr_line' id='line_1_20' title="bbox 286 1707 1899 1812; baseline 0.001 -30"><span class='ocrx_word' id='word_1_130' title='bbox 286 1735 393 1794; x_wconf 88' lang='grc' dir='ltr'>τοῖς</span> <span class='ocrx_word' id='word_1_131' title='bbox 413 1707 758 1812; x_wconf 54' lang='grc' dir='ltr'>ἀποστόλοις,</span> <span class='ocrx_word' id='word_1_132' title='bbox 779 1733 935 1784; x_wconf 77' lang='grc' dir='ltr'>ὁποῖα</span> <span class='ocrx_word' id='word_1_133' title='bbox 1057 1707 1134 1783; x_wconf 57' lang='grc' dir='ltr'><strong>τόί</strong></span> <span class='ocrx_word' id='word_1_134' title='bbox 1185 1749 1203 1781; x_wconf 77' lang='grc' dir='ltr'><strong>ι</strong></span> <span class='ocrx_word' id='word_1_135' title='bbox 1234 1733 1470 1784; x_wconf 86' lang='grc' dir='ltr'>Ἤκουσα</span> <span class='ocrx_word' id='word_1_136' title='bbox 1497 1733 1703 1800; x_wconf 75' lang='grc' dir='ltr'>ἄρρητα</span> <span class='ocrx_word' id='word_1_137' title='bbox 1723 1707 1830 1800; x_wconf 47' lang='grc' dir='ltr'><strong>ἐή-</strong></span> <span class='ocrx_word' id='word_1_138' title='bbox 1862 1707 1899 1760; x_wconf 67' lang='grc' dir='ltr'><strong><em>Β</em></strong></span> 
     </span>
    </p>
   </div>
   <div class='ocr_carea' id='block_1_21' title="bbox 291 1819 1829 1890">
    <p class='ocr_par' dir='ltr' id='par_1_21' title="bbox 291 1819 1829 1890">
     <span class='ocr_line' id='line_1_21' title="bbox 291 1819 1829 1890; baseline 0 -19"><span class='ocrx_word' id='word_1_139' title='bbox 291 1838 448 1888; x_wconf 86' lang='grc' dir='ltr'>ματα,</span> <span class='ocrx_word' id='word_1_140' title='bbox 475 1820 628 1872; x_wconf 74' lang='grc' dir='ltr'><strong>ἃούκ</strong></span> <span class='ocrx_word' id='word_1_141' title='bbox 653 1820 775 1879; x_wconf 74' lang='grc' dir='ltr'>ἐξὸν</span> <span class='ocrx_word' id='word_1_142' title='bbox 808 1819 1074 1889; x_wconf 81' lang='grc' dir='ltr'>ἀνθρώπῳ</span> <span class='ocrx_word' id='word_1_143' title='bbox 1107 1820 1354 1888; x_wconf 86' lang='grc' dir='ltr'>λαλῆσαι,</span> <span class='ocrx_word' id='word_1_144' title='bbox 1393 1840 1410 1870; x_wconf 81' lang='grc' dir='ltr'><strong>ι</strong></span> <span class='ocrx_word' id='word_1_145' title='bbox 1431 1821 1524 1873; x_wconf 74' lang='grc' dir='ltr'>καὶ</span> <span class='ocrx_word' id='word_1_146' title='bbox 1556 1821 1829 1890; x_wconf 69' lang='grc' dir='ltr'>παραπλήτ</span> 
     </span>
    </p>
   </div>
   <div class='ocr_carea' id='block_1_22' title="bbox 289 1905 1829 1976">
    <p class='ocr_par' dir='ltr' id='par_1_22' title="bbox 289 1905 1829 1976">
     <span class='ocr_line' id='line_1_22' title="bbox 289 1905 1829 1976; baseline 0 -17"><span class='ocrx_word' id='word_1_147' title='bbox 289 1923 377 1959; x_wconf 86' lang='grc' dir='ltr'><strong>σια</strong></span> <span class='ocrx_word' id='word_1_148' title='bbox 403 1909 514 1968; x_wconf 82' lang='grc' dir='ltr'>τοῖς</span> <span class='ocrx_word' id='word_1_149' title='bbox 547 1905 655 1958; x_wconf 83' lang='grc' dir='ltr'><strong>ὑπὸ</strong></span> <span class='ocrx_word' id='word_1_150' title='bbox 687 1905 780 1958; x_wconf 90' lang='grc' dir='ltr'><strong>τοῦ</strong></span> <span class='ocrx_word' id='word_1_151' title='bbox 815 1907 1162 1976; x_wconf 87' lang='grc' dir='ltr'>Παρακλήτου</span> <span class='ocrx_word' id='word_1_152' title='bbox 1181 1907 1501 1976; x_wconf 81' lang='grc' dir='ltr'>λεγομένοις.</span> <span class='ocrx_word' id='word_1_153' title='bbox 1528 1909 1645 1959; x_wconf 89' lang='grc' dir='ltr'><strong>Ἔτι</strong></span> <span class='ocrx_word' id='word_1_154' title='bbox 1667 1908 1721 1959; x_wconf 82' lang='grc' dir='ltr'>δὲ</span> <span class='ocrx_word' id='word_1_155' title='bbox 1740 1909 1829 1960; x_wconf 75' lang='grc' dir='ltr'>καὶ</span> 
     </span>
    </p>
   </div>
   <div class='ocr_carea' id='block_1_23' title="bbox 287 1991 1829 2065">
    <p class='ocr_par' dir='ltr' id='par_1_23' title="bbox 287 1991 1829 2065">
     <span class='ocr_line' id='line_1_23' title="bbox 287 1991 1829 2065; baseline 0.002 -20"><span class='ocrx_word' id='word_1_156' title='bbox 287 1995 344 2046; x_wconf 77' lang='grc' dir='ltr'><strong>ἐν</strong></span> <span class='ocrx_word' id='word_1_157' title='bbox 359 1995 564 2056; x_wconf 84' lang='grc' dir='ltr'>τούτοις</span> <span class='ocrx_word' id='word_1_158' title='bbox 600 1995 713 2064; x_wconf 74' lang='grc'><strong>(94)</strong></span> <span class='ocrx_word' id='word_1_159' title='bbox 763 1995 823 2046; x_wconf 77' lang='grc' dir='ltr'><strong>τὸ</strong></span> <span class='ocrx_word' id='word_1_160' title='bbox 853 1995 1014 2065; x_wconf 77' lang='grc' dir='ltr'>ῥητὸν</span> <span class='ocrx_word' id='word_1_161' title='bbox 1053 1995 1386 2064; x_wconf 84' lang='grc' dir='ltr'>θεασώμεθα,</span> <span class='ocrx_word' id='word_1_162' title='bbox 1412 1991 1518 2048; x_wconf 71' lang='grc' dir='ltr'>οἷον</span> <span class='ocrx_word' id='word_1_163' title='bbox 1546 1993 1680 2048; x_wconf 79' lang='grc' dir='ltr'>εἷναί</span> <span class='ocrx_word' id='word_1_164' title='bbox 1712 2014 1829 2050; x_wconf 89' lang='grc' dir='ltr'>τινα</span> 
     </span>
    </p>
   </div>
   <div class='ocr_carea' id='block_1_24' title="bbox 286 2083 1831 2153">
    <p class='ocr_par' dir='ltr' id='par_1_24' title="bbox 286 2083 1831 2153">
     <span class='ocr_line' id='line_1_24' title="bbox 286 2083 1831 2153; baseline 0.001 -17"><span class='ocrx_word' id='word_1_165' title='bbox 286 2083 546 2153; x_wconf 85' lang='grc' dir='ltr'>διηγεῖται</span> <span class='ocrx_word' id='word_1_166' title='bbox 573 2083 664 2134; x_wconf 78' lang='grc' dir='ltr'>τὸν</span> <span class='ocrx_word' id='word_1_167' title='bbox 701 2083 978 2153; x_wconf 84' lang='grc' dir='ltr'>θερίζοντα</span> <span class='ocrx_word' id='word_1_168' title='bbox 1001 2083 1187 2151; x_wconf 81' lang='grc' dir='ltr'>μισθὸν</span> <span class='ocrx_word' id='word_1_169' title='bbox 1227 2083 1514 2152; x_wconf 88' lang='grc' dir='ltr'>λαμϐάνειν</span> <span class='ocrx_word' id='word_1_170' title='bbox 1533 2085 1644 2147; x_wconf 78' lang='grc' dir='ltr'>,καὶ</span> <span class='ocrx_word' id='word_1_171' title='bbox 1677 2085 1831 2137; x_wconf 89' lang='grc' dir='ltr'>συνά-</span> 
     </span>
    </p>
   </div>
   <div class='ocr_carea' id='block_1_25' title="bbox 290 2171 1826 2243">
    <p class='ocr_par' dir='ltr' id='par_1_25' title="bbox 290 2171 1826 2243">
     <span class='ocr_line' id='line_1_25' title="bbox 290 2171 1826 2243; baseline 0.001 -19"><span class='ocrx_word' id='word_1_172' title='bbox 290 2189 402 2239; x_wconf 89' lang='grc' dir='ltr'>γειν</span> <span class='ocrx_word' id='word_1_173' title='bbox 430 2174 640 2243; x_wconf 76' lang='grc' dir='ltr'>καρπὸν</span> <span class='ocrx_word' id='word_1_174' title='bbox 664 2175 747 2234; x_wconf 82' lang='grc' dir='ltr'><strong>είς</strong></span> <span class='ocrx_word' id='word_1_175' title='bbox 781 2171 922 2241; x_wconf 83' lang='grc' dir='ltr'>ζωὴν</span> <span class='ocrx_word' id='word_1_176' title='bbox 953 2171 1162 2224; x_wconf 75' lang='grc' dir='ltr'>αἰώνιον</span> <span class='ocrx_word' id='word_1_177' title='bbox 1179 2175 1207 2224; x_wconf 89' lang='grc' dir='ltr'><strong>ό</strong></span> <span class='ocrx_word' id='word_1_178' title='bbox 1226 2172 1623 2240; x_wconf 79' lang='grc' dir='ltr'>εὑαγγελιστὴς,</span> <span class='ocrx_word' id='word_1_179' title='bbox 1639 2171 1826 2240; x_wconf 88' lang='grc' dir='ltr'>λέγων·</span> 
     </span>
    </p>
   </div>
   <div class='ocr_carea' id='block_1_26' title="bbox 297 2260 1830 2330">
    <p class='ocr_par' dir='ltr' id='par_1_26' title="bbox 297 2260 1830 2330">
     <span class='ocr_line' id='line_1_26' title="bbox 297 2260 1830 2330; baseline 0.001 -19"><span class='ocrx_word' id='word_1_180' title='bbox 297 2278 316 2311; x_wconf 79' lang='grc' dir='ltr'><strong>ι</strong></span> <span class='ocrx_word' id='word_1_181' title='bbox 355 2262 469 2314; x_wconf 82' lang='grc' dir='ltr'>Ἵνα</span> <span class='ocrx_word' id='word_1_182' title='bbox 493 2263 522 2312; x_wconf 98' lang='lat'><strong>6</strong></span> <span class='ocrx_word' id='word_1_183' title='bbox 555 2261 797 2329; x_wconf 88' lang='grc' dir='ltr'>σπείρων</span> <span class='ocrx_word' id='word_1_184' title='bbox 828 2260 960 2328; x_wconf 88' lang='grc' dir='ltr'>ὁμοῦ</span> <span class='ocrx_word' id='word_1_185' title='bbox 997 2260 1176 2330; x_wconf 81' lang='grc' dir='ltr'>χαίρῃ,</span> <span class='ocrx_word' id='word_1_186' title='bbox 1210 2261 1302 2312; x_wconf 75' lang='grc' dir='ltr'>καὶ</span> <span class='ocrx_word' id='word_1_187' title='bbox 1336 2262 1365 2310; x_wconf 87' lang='lat'><strong>6</strong></span> <span class='ocrx_word' id='word_1_188' title='bbox 1410 2260 1649 2330; x_wconf 75' lang='grc' dir='ltr'>θερίζων.</span> <span class='ocrx_word' id='word_1_189' title='bbox 1698 2278 1717 2310; x_wconf 81' lang='grc' dir='ltr'><strong>ι</strong></span> <span class='ocrx_word' id='word_1_190' title='bbox 1769 2262 1830 2312; x_wconf 78' lang='lat' dir='ltr'><strong>El</strong></span> 
     </span>
    </p>
   </div>
   <div class='ocr_carea' id='block_1_27' title="bbox 292 2347 1830 2419">
    <p class='ocr_par' dir='ltr' id='par_1_27' title="bbox 292 2347 1830 2419">
     <span class='ocr_line' id='line_1_27' title="bbox 292 2347 1830 2419; baseline 0.001 -21"><span class='ocrx_word' id='word_1_191' title='bbox 292 2347 348 2398; x_wconf 67' lang='grc' dir='ltr'>δὲ</span> <span class='ocrx_word' id='word_1_192' title='bbox 382 2348 464 2400; x_wconf 82' lang='grc' dir='ltr'>ῐνα</span> <span class='ocrx_word' id='word_1_193' title='bbox 492 2349 520 2398; x_wconf 90' lang='lat'><strong>6</strong></span> <span class='ocrx_word' id='word_1_194' title='bbox 561 2348 799 2417; x_wconf 87' lang='grc' dir='ltr'>σπείρων</span> <span class='ocrx_word' id='word_1_195' title='bbox 838 2347 968 2416; x_wconf 82' lang='grc' dir='ltr'>ὁμοῦ</span> <span class='ocrx_word' id='word_1_196' title='bbox 1011 2349 1194 2419; x_wconf 80' lang='grc' dir='ltr'>χαίρῃ,</span> <span class='ocrx_word' id='word_1_197' title='bbox 1216 2348 1308 2399; x_wconf 77' lang='grc' dir='ltr'>καὶ</span> <span class='ocrx_word' id='word_1_198' title='bbox 1331 2350 1359 2400; x_wconf 88' lang='grc' dir='ltr'><strong>ό</strong></span> <span class='ocrx_word' id='word_1_199' title='bbox 1395 2347 1618 2417; x_wconf 77' lang='grc' dir='ltr'>θερίζων</span> <span class='ocrx_word' id='word_1_200' title='bbox 1646 2347 1830 2416; x_wconf 83' lang='grc' dir='ltr'>μισθὸν</span> 
     </span>
    </p>
   </div>
   <div class='ocr_carea' id='block_1_28' title="bbox 299 2435 1832 2506">
    <p class='ocr_par' dir='ltr' id='par_1_28' title="bbox 299 2435 1832 2506">
     <span class='ocr_line' id='line_1_28' title="bbox 299 2435 1832 2506; baseline 0.001 -18"><span class='ocrx_word' id='word_1_201' title='bbox 299 2435 570 2505; x_wconf 78' lang='grc' dir='ltr'>λαμϐάνει,</span> <span class='ocrx_word' id='word_1_202' title='bbox 605 2437 702 2489; x_wconf 70' lang='grc' dir='ltr'><strong>καὶ</strong></span> <span class='ocrx_word' id='word_1_203' title='bbox 733 2438 955 2503; x_wconf 83' lang='grc' dir='ltr'>συνάγει</span> <span class='ocrx_word' id='word_1_204' title='bbox 976 2438 1183 2506; x_wconf 75' lang='grc' dir='ltr'>καρπὸν</span> <span class='ocrx_word' id='word_1_205' title='bbox 1211 2439 1289 2499; x_wconf 82' lang='grc' dir='ltr'>εἰς</span> <span class='ocrx_word' id='word_1_206' title='bbox 1317 2435 1456 2506; x_wconf 84' lang='grc' dir='ltr'>ζωὴν</span> <span class='ocrx_word' id='word_1_207' title='bbox 1486 2436 1714 2499; x_wconf 79' lang='grc' dir='ltr'>αἰώνιον,</span> <span class='ocrx_word' id='word_1_208' title='bbox 1739 2438 1832 2490; x_wconf 83' lang='grc' dir='ltr'>τά-</span> 
     </span>
    </p>
   </div>
   <div class='ocr_carea' id='block_1_29' title="bbox 301 2523 1828 2594">
    <p class='ocr_par' dir='ltr' id='par_1_29' title="bbox 301 2523 1828 2594">
     <span class='ocr_line' id='line_1_29' title="bbox 301 2523 1828 2594; baseline 0.002 -21"><span class='ocrx_word' id='word_1_209' title='bbox 301 2540 364 2589; x_wconf 86' lang='grc' dir='ltr'><strong>χα</strong></span> <span class='ocrx_word' id='word_1_210' title='bbox 404 2525 431 2574; x_wconf 89' lang='lat'><strong>6</strong></span> <span class='ocrx_word' id='word_1_211' title='bbox 479 2524 735 2594; x_wconf 89' lang='grc' dir='ltr'>σπείρων,</span> <span class='ocrx_word' id='word_1_212' title='bbox 773 2523 1038 2577; x_wconf 87' lang='grc' dir='ltr'>κοινωνῶν</span> <span class='ocrx_word' id='word_1_213' title='bbox 1082 2523 1158 2592; x_wconf 85' lang='grc' dir='ltr'>τῷ</span> <span class='ocrx_word' id='word_1_214' title='bbox 1194 2524 1366 2593; x_wconf 84' lang='grc' dir='ltr'>μισθῷ</span> <span class='ocrx_word' id='word_1_215' title='bbox 1390 2525 1479 2576; x_wconf 89' lang='grc' dir='ltr'><strong>τοῦ</strong></span> <span class='ocrx_word' id='word_1_216' title='bbox 1514 2524 1828 2594; x_wconf 81' lang='grc' dir='ltr'>θερίζοντος,</span> 
     </span>
    </p>
   </div>
   <div class='ocr_carea' id='block_1_30' title="bbox 301 2610 1830 2681">
    <p class='ocr_par' dir='ltr' id='par_1_30' title="bbox 301 2610 1830 2681">
     <span class='ocr_line' id='line_1_30' title="bbox 301 2610 1830 2681; baseline 0.001 -20"><span class='ocrx_word' id='word_1_217' title='bbox 301 2610 385 2661; x_wconf 74' lang='grc' dir='ltr'><strong>καὶ</strong></span> <span class='ocrx_word' id='word_1_218' title='bbox 407 2614 470 2680; x_wconf 82' lang='grc' dir='ltr'>τῇ</span> <span class='ocrx_word' id='word_1_219' title='bbox 500 2615 787 2681; x_wconf 82' lang='grc' dir='ltr'>συναγωγῇ</span> <span class='ocrx_word' id='word_1_220' title='bbox 831 2611 930 2663; x_wconf 90' lang='grc' dir='ltr'><strong>τοῦ</strong></span> <span class='ocrx_word' id='word_1_221' title='bbox 963 2614 1041 2673; x_wconf 89' lang='grc' dir='ltr'><strong>είς</strong></span> <span class='ocrx_word' id='word_1_222' title='bbox 1069 2612 1208 2681; x_wconf 80' lang='grc' dir='ltr'>ζωὴν</span> <span class='ocrx_word' id='word_1_223' title='bbox 1240 2611 1449 2664; x_wconf 83' lang='grc' dir='ltr'>αἰώνιον</span> <span class='ocrx_word' id='word_1_224' title='bbox 1480 2612 1830 2681; x_wconf 83' lang='grc' dir='ltr'>συναγομένου</span> 
     </span>
    </p>
   </div>
   <div class='ocr_carea' id='block_1_31' title="bbox 302 2699 1832 2769">
    <p class='ocr_par' dir='ltr' id='par_1_31' title="bbox 302 2699 1832 2769">
     <span class='ocr_line' id='line_1_31' title="bbox 302 2699 1832 2769; baseline 0.003 -21"><span class='ocrx_word' id='word_1_225' title='bbox 302 2699 519 2768; x_wconf 81' lang='grc' dir='ltr'>καρποῦ,</span> <span class='ocrx_word' id='word_1_226' title='bbox 551 2701 664 2768; x_wconf 77' lang='grc' dir='ltr'><strong>ἅμα</strong></span> <span class='ocrx_word' id='word_1_227' title='bbox 695 2701 773 2769; x_wconf 80' lang='grc' dir='ltr'>τῷ</span> <span class='ocrx_word' id='word_1_228' title='bbox 809 2699 1070 2768; x_wconf 86' lang='grc' dir='ltr'>θερίζοντι</span> <span class='ocrx_word' id='word_1_229' title='bbox 1098 2701 1410 2769; x_wconf 85' lang='grc' dir='ltr'>χαρήσεται.</span> <span class='ocrx_word' id='word_1_230' title='bbox 1442 2701 1628 2762; x_wconf 85' lang='grc' dir='ltr'>Ἀλλος</span> <span class='ocrx_word' id='word_1_231' title='bbox 1654 2699 1710 2752; x_wconf 90' lang='grc' dir='ltr'><strong>δέ</strong></span> <span class='ocrx_word' id='word_1_232' title='bbox 1751 2717 1832 2762; x_wconf 89' lang='grc' dir='ltr'><strong>τις</strong></span> 
     </span>
    </p>
   </div>
   <div class='ocr_carea' id='block_1_32' title="bbox 303 2786 1832 2858">
    <p class='ocr_par' dir='ltr' id='par_1_32' title="bbox 303 2786 1832 2858">
     <span class='ocr_line' id='line_1_32' title="bbox 303 2786 1832 2858; baseline 0.002 -23"><span class='ocrx_word' id='word_1_233' title='bbox 303 2786 408 2853; x_wconf 79' lang='grc' dir='ltr'>ἐρεῖ</span> <span class='ocrx_word' id='word_1_234' title='bbox 430 2787 522 2838; x_wconf 81' lang='grc' dir='ltr'><strong>ὅλα</strong></span> <span class='ocrx_word' id='word_1_235' title='bbox 552 2787 618 2839; x_wconf 82' lang='grc' dir='ltr'>τὰ</span> <span class='ocrx_word' id='word_1_236' title='bbox 644 2787 844 2856; x_wconf 76' lang='grc' dir='ltr'>νομικὰ</span> <span class='ocrx_word' id='word_1_237' title='bbox 874 2789 964 2839; x_wconf 78' lang='grc' dir='ltr'>καὶ</span> <span class='ocrx_word' id='word_1_238' title='bbox 994 2787 1064 2838; x_wconf 87' lang='grc' dir='ltr'>τὰ</span> <span class='ocrx_word' id='word_1_239' title='bbox 1101 2787 1408 2857; x_wconf 85' lang='grc' dir='ltr'>προφητικά</span> <span class='ocrx_word' id='word_1_240' title='bbox 1433 2789 1669 2858; x_wconf 88' lang='grc' dir='ltr'>ἀκριϐῶς</span> <span class='ocrx_word' id='word_1_241' title='bbox 1696 2787 1832 2841; x_wconf 85' lang='grc' dir='ltr'><strong>κατά</strong></span> 
     </span>
    </p>
   </div>
   <div class='ocr_carea' id='block_1_33' title="bbox 299 2873 1831 2944">
    <p class='ocr_par' dir='ltr' id='par_1_33' title="bbox 299 2873 1831 2944">
     <span class='ocr_line' id='line_1_33' title="bbox 299 2873 1831 2944; baseline 0 -19"><span class='ocrx_word' id='word_1_242' title='bbox 299 2873 388 2942; x_wconf 82' lang='grc' dir='ltr'>τὴν</span> <span class='ocrx_word' id='word_1_243' title='bbox 404 2875 768 2944; x_wconf 82' lang='grc' dir='ltr'>πνευματικὴν</span> <span class='ocrx_word' id='word_1_244' title='bbox 807 2874 1030 2943; x_wconf 80' lang='grc' dir='ltr'>ἐκδοχὴν</span> <span class='ocrx_word' id='word_1_245' title='bbox 1067 2875 1358 2944; x_wconf 83' lang='grc' dir='ltr'>νενοημένα</span> <span class='ocrx_word' id='word_1_246' title='bbox 1393 2876 1577 2926; x_wconf 89' lang='grc' dir='ltr'>Μωσεῖ</span> <span class='ocrx_word' id='word_1_247' title='bbox 1605 2876 1696 2928; x_wconf 73' lang='grc' dir='ltr'>καὶ</span> <span class='ocrx_word' id='word_1_248' title='bbox 1722 2877 1831 2937; x_wconf 91' lang='grc' dir='ltr'>τοῖς</span> 
     </span>
    </p>
   </div>
   <div class='ocr_carea' id='block_1_34' title="bbox 1931 495 3450 570">
    <p class='ocr_par' dir='ltr' id='par_1_34' title="bbox 1931 495 3450 570">
     <span class='ocr_line' id='line_1_34' title="bbox 1931 495 3450 570; baseline 0.005 -22"><span class='ocrx_word' id='word_1_249' title='bbox 1931 497 2052 548; x_wconf 89' lang='lat' dir='ltr'><strong>tiam</strong></span> <span class='ocrx_word' id='word_1_250' title='bbox 2091 496 2168 559; x_wconf 76' lang='grc' dir='ltr'><strong>³ος</strong></span> <span class='ocrx_word' id='word_1_251' title='bbox 2209 514 2229 546; x_wconf 82' lang='grc' dir='ltr'><strong>ι</strong></span> <span class='ocrx_word' id='word_1_252' title='bbox 2280 495 2520 549; x_wconf 74' lang='lat' dir='ltr'><strong>dicentes</strong></span> <span class='ocrx_word' id='word_1_253' title='bbox 2561 496 2736 552; x_wconf 83' lang='lat' dir='ltr'><strong>Mosen</strong></span> <span class='ocrx_word' id='word_1_254' title='bbox 2767 507 2821 551; x_wconf 93' lang='lat' dir='ltr'><strong>et</strong></span> <span class='ocrx_word' id='word_1_255' title='bbox 2871 511 3299 567; x_wconf 83' lang='lat' dir='ltr'><strong>unumquemque</strong></span> <span class='ocrx_word' id='word_1_256' title='bbox 3328 519 3450 570; x_wconf 80' lang='lat' dir='ltr'><strong>pro-</strong></span> 
     </span>
    </p>
   </div>
   <div class='ocr_carea' id='block_1_35' title="bbox 1925 583 3440 653">
    <p class='ocr_par' dir='ltr' id='par_1_35' title="bbox 1925 583 3440 653">
     <span class='ocr_line' id='line_1_35' title="bbox 1925 583 3440 653; baseline 0.006 -17"><span class='ocrx_word' id='word_1_257' title='bbox 1925 584 2203 650; x_wconf 88' lang='lat' dir='ltr'><strong>phetarum</strong></span> <span class='ocrx_word' id='word_1_258' title='bbox 2238 583 2580 647; x_wconf 78' lang='lat' dir='ltr'><strong>intellexisse,</strong></span> <span class='ocrx_word' id='word_1_259' title='bbox 2621 600 2739 653; x_wconf 65' lang='lat' dir='ltr'><strong>qua:</strong></span> <span class='ocrx_word' id='word_1_260' title='bbox 2783 586 2881 652; x_wconf 86' lang='lat' dir='ltr'><strong>ipsi</strong></span> <span class='ocrx_word' id='word_1_261' title='bbox 2927 585 3440 653; x_wconf 82' lang='lat' dir='ltr'><strong>administraverint.</strong></span> 
     </span>
    </p>
   </div>
   <div class='ocr_carea' id='block_1_36' title="bbox 1927 671 3450 749">
    <p class='ocr_par' dir='ltr' id='par_1_36' title="bbox 1927 671 3450 749">
     <span class='ocr_line' id='line_1_36' title="bbox 1927 671 3450 749; baseline 0.007 -26"><span class='ocrx_word' id='word_1_262' title='bbox 1927 685 2032 724; x_wconf 91' lang='lat' dir='ltr'><strong>non</strong></span> <span class='ocrx_word' id='word_1_263' title='bbox 2071 680 2243 724; x_wconf 87' lang='lat' dir='ltr'><strong>tamen</strong></span> <span class='ocrx_word' id='word_1_264' title='bbox 2275 681 2333 724; x_wconf 92' lang='lat' dir='ltr'><strong>ut</strong></span> <span class='ocrx_word' id='word_1_265' title='bbox 2369 671 2488 724; x_wconf 89' lang='lat' dir='ltr'><strong>aliis</strong></span> <span class='ocrx_word' id='word_1_266' title='bbox 2532 675 2693 726; x_wconf 88' lang='lat' dir='ltr'><strong>etiam</strong></span> <span class='ocrx_word' id='word_1_267' title='bbox 2741 675 3014 730; x_wconf 89' lang='lat' dir='ltr'><strong>traderent</strong></span> <span class='ocrx_word' id='word_1_268' title='bbox 3047 677 3450 749; x_wconf 76' lang='lat' dir='ltr'><strong>revelarentqnc</strong></span> 
     </span>
    </p>
   </div>
   <div class='ocr_carea' id='block_1_37' title="bbox 1926 759 3452 832">
    <p class='ocr_par' dir='ltr' id='par_1_37' title="bbox 1926 759 3452 832">
     <span class='ocr_line' id='line_1_37' title="bbox 1926 759 3452 832; baseline 0.007 -22"><span class='ocrx_word' id='word_1_269' title='bbox 1926 760 2209 827; x_wconf 83' lang='lat' dir='ltr'><strong>mysteria;</strong></span> <span class='ocrx_word' id='word_1_270' title='bbox 2244 759 2513 826; x_wconf 89' lang='lat' dir='ltr'><strong>apostolos</strong></span> <span class='ocrx_word' id='word_1_271' title='bbox 2541 775 2666 814; x_wconf 86' lang='lat' dir='ltr'><strong>vero</strong></span> <span class='ocrx_word' id='word_1_272' title='bbox 2692 799 2708 824; x_wconf 94' lang='lat'><strong>,</strong></span> <span class='ocrx_word' id='word_1_273' title='bbox 2741 769 2798 814; x_wconf 90' lang='lat' dir='ltr'><strong>ut</strong></span> <span class='ocrx_word' id='word_1_274' title='bbox 2845 763 2932 830; x_wconf 90' lang='lat' dir='ltr'><strong>qui</strong></span> <span class='ocrx_word' id='word_1_275' title='bbox 2969 773 3202 832; x_wconf 90' lang='lat' dir='ltr'><strong>tempore</strong></span> <span class='ocrx_word' id='word_1_276' title='bbox 3250 768 3452 820; x_wconf 82' lang='lat' dir='ltr'><strong>revela-</strong></span> 
     </span>
    </p>
   </div>
   <div class='ocr_carea' id='block_1_38' title="bbox 1928 844 3480 916">
    <p class='ocr_par' dir='ltr' id='par_1_38' title="bbox 1928 844 3480 916">
     <span class='ocr_line' id='line_1_38' title="bbox 1928 844 3480 916; baseline 0.004 -19"><span class='ocrx_word' id='word_1_277' title='bbox 1928 844 2086 898; x_wconf 90' lang='lat' dir='ltr'><strong>tionis</strong></span> <span class='ocrx_word' id='word_1_278' title='bbox 2113 847 2438 910; x_wconf 80' lang='lat' dir='ltr'><strong>exstiterint,</strong></span> <span class='ocrx_word' id='word_1_279' title='bbox 2467 847 2645 902; x_wconf 87' lang='lat' dir='ltr'><strong>dicere</strong></span> <span class='ocrx_word' id='word_1_280' title='bbox 2674 865 2688 900; x_wconf 90' lang='lat'>:</span> <span class='ocrx_word' id='word_1_281' title='bbox 2725 866 2743 899; x_wconf 84' lang='grc' dir='ltr'><strong>ι</strong></span> <span class='ocrx_word' id='word_1_282' title='bbox 2777 851 2928 905; x_wconf 87' lang='lat' dir='ltr'><strong>State</strong></span> <span class='ocrx_word' id='word_1_283' title='bbox 2951 891 2967 916; x_wconf 91' lang='lat'><strong>,</strong></span> <span class='ocrx_word' id='word_1_284' title='bbox 2995 862 3050 905; x_wconf 89' lang='lat' dir='ltr'><strong>et</strong></span> <span class='ocrx_word' id='word_1_285' title='bbox 3078 862 3252 906; x_wconf 92' lang='lat' dir='ltr'><strong>tenete</strong></span> <span class='ocrx_word' id='word_1_286' title='bbox 3285 856 3448 907; x_wconf 90' lang='lat' dir='ltr'><strong>tradi-</strong></span> <span class='ocrx_word' id='word_1_287' title='bbox 3475 891 3480 903; x_wconf 86' lang='lat'><strong>.</strong></span> 
     </span>
    </p>
   </div>
   <div class='ocr_carea' id='block_1_39' title="bbox 1927 934 3450 1008">
    <p class='ocr_par' dir='ltr' id='par_1_39' title="bbox 1927 934 3450 1008">
     <span class='ocr_line' id='line_1_39' title="bbox 1927 934 3450 1008; baseline 0.007 -22"><span class='ocrx_word' id='word_1_288' title='bbox 1927 934 2097 988; x_wconf 87' lang='lat' dir='ltr'><strong>tiones</strong></span> <span class='ocrx_word' id='word_1_289' title='bbox 2123 973 2140 998; x_wconf 92' lang='lat'><strong>,</strong></span> <span class='ocrx_word' id='word_1_290' title='bbox 2183 951 2314 1003; x_wconf 86' lang='lat' dir='ltr'><strong>quas</strong></span> <span class='ocrx_word' id='word_1_291' title='bbox 2361 938 2533 991; x_wconf 88' lang='lat' dir='ltr'><strong>edocti</strong></span> <span class='ocrx_word' id='word_1_292' title='bbox 2574 938 2750 992; x_wconf 82' lang='lat' dir='ltr'><strong>fuistis</strong></span> <span class='ocrx_word' id='word_1_293' title='bbox 2777 939 2818 969; x_wconf 81' lang='lat'>“</span> <span class='ocrx_word' id='word_1_294' title='bbox 2861 960 2873 995; x_wconf 91' lang='lat'>:</span> <span class='ocrx_word' id='word_1_295' title='bbox 2917 959 2935 991; x_wconf 85' lang='grc' dir='ltr'><strong>ι</strong></span> <span class='ocrx_word' id='word_1_296' title='bbox 2977 950 3030 994; x_wconf 86' lang='grc' dir='ltr'><strong>ει</strong></span> <span class='ocrx_word' id='word_1_297' title='bbox 3061 942 3230 996; x_wconf 90' lang='lat' dir='ltr'><strong>illud:</strong></span> <span class='ocrx_word' id='word_1_298' title='bbox 3265 959 3285 993; x_wconf 76' lang='grc' dir='ltr'><strong>ι</strong></span> <span class='ocrx_word' id='word_1_299' title='bbox 3323 943 3450 1008; x_wconf 72' lang='lat' dir='ltr'><strong>Quae</strong></span> 
     </span>
    </p>
   </div>
   <div class='ocr_carea' id='block_1_40' title="bbox 1927 1025 3450 1098">
    <p class='ocr_par' dir='ltr' id='par_1_40' title="bbox 1927 1025 3450 1098">
     <span class='ocr_line' id='line_1_40' title="bbox 1927 1025 3450 1098; baseline 0.006 -22"><span class='ocrx_word' id='word_1_300' title='bbox 1927 1025 2118 1079; x_wconf 87' lang='lat' dir='ltr'><strong>audisti</strong></span> <span class='ocrx_word' id='word_1_301' title='bbox 2146 1042 2173 1079; x_wconf 91' lang='lat' dir='ltr'><strong>a</strong></span> <span class='ocrx_word' id='word_1_302' title='bbox 2205 1041 2287 1080; x_wconf 92' lang='lat' dir='ltr'><strong>me</strong></span> <span class='ocrx_word' id='word_1_303' title='bbox 2317 1042 2410 1094; x_wconf 91' lang='lat' dir='ltr'><strong>per</strong></span> <span class='ocrx_word' id='word_1_304' title='bbox 2453 1028 2648 1080; x_wconf 91' lang='lat' dir='ltr'><strong>multos</strong></span> <span class='ocrx_word' id='word_1_305' title='bbox 2677 1036 2861 1092; x_wconf 86' lang='lat' dir='ltr'><strong>testes,</strong></span> <span class='ocrx_word' id='word_1_306' title='bbox 2884 1028 2994 1081; x_wconf 79' lang='lat' dir='ltr'><strong>haec</strong></span> <span class='ocrx_word' id='word_1_307' title='bbox 3016 1044 3250 1098; x_wconf 88' lang='lat' dir='ltr'><strong>propone</strong></span> <span class='ocrx_word' id='word_1_308' title='bbox 3280 1032 3450 1085; x_wconf 89' lang='lat' dir='ltr'><strong>homi-</strong></span> 
     </span>
    </p>
   </div>
   <div class='ocr_carea' id='block_1_41' title="bbox 1927 1115 3446 1184">
    <p class='ocr_par' dir='ltr' id='par_1_41' title="bbox 1927 1115 3446 1184">
     <span class='ocr_line' id='line_1_41' title="bbox 1927 1115 3446 1184; baseline 0.005 -18"><span class='ocrx_word' id='word_1_309' title='bbox 1927 1115 2082 1168; x_wconf 88' lang='lat' dir='ltr'><strong>nibus</strong></span> <span class='ocrx_word' id='word_1_310' title='bbox 2117 1115 2363 1169; x_wconf 88' lang='lat' dir='ltr'><strong>ﬁdelibus</strong></span> <span class='ocrx_word' id='word_1_311' title='bbox 2387 1156 2402 1180; x_wconf 95' lang='lat'><strong>,</strong></span> <span class='ocrx_word' id='word_1_312' title='bbox 2456 1117 2547 1184; x_wconf 90' lang='lat' dir='ltr'><strong>qui</strong></span> <span class='ocrx_word' id='word_1_313' title='bbox 2590 1117 2764 1170; x_wconf 90' lang='lat' dir='ltr'><strong>idonei</strong></span> <span class='ocrx_word' id='word_1_314' title='bbox 2798 1125 2953 1170; x_wconf 88' lang='lat' dir='ltr'><strong>erunt</strong></span> <span class='ocrx_word' id='word_1_315' title='bbox 2983 1119 3115 1172; x_wconf 90' lang='lat' dir='ltr'><strong>alios</strong></span> <span class='ocrx_word' id='word_1_316' title='bbox 3143 1120 3304 1174; x_wconf 88' lang='lat' dir='ltr'><strong>etiam</strong></span> <span class='ocrx_word' id='word_1_317' title='bbox 3350 1122 3446 1174; x_wconf 81' lang='lat' dir='ltr'><strong>do-</strong></span> 
     </span>
    </p>
   </div>
   <div class='ocr_carea' id='block_1_42' title="bbox 1925 1203 3448 1277">
    <p class='ocr_par' dir='ltr' id='par_1_42' title="bbox 1925 1203 3448 1277">
     <span class='ocr_line' id='line_1_42' title="bbox 1925 1203 3448 1277; baseline 0.006 -25"><span class='ocrx_word' id='word_1_318' title='bbox 1925 1215 2048 1256; x_wconf 92' lang='lat' dir='ltr'><strong>cere</strong></span> <span class='ocrx_word' id='word_1_319' title='bbox 2078 1203 2119 1234; x_wconf 81' lang='grc'>¹²</span> <span class='ocrx_word' id='word_1_320' title='bbox 2147 1219 2160 1258; x_wconf 90' lang='lat'><strong>:</strong></span> <span class='ocrx_word' id='word_1_321' title='bbox 2194 1221 2212 1253; x_wconf 86' lang='grc' dir='ltr'><strong>ι</strong></span> <span class='ocrx_word' id='word_1_322' title='bbox 2241 1204 2556 1277; x_wconf 76' lang='grc' dir='ltr'>ἀίεειιιιιιιε,</span> <span class='ocrx_word' id='word_1_323' title='bbox 2576 1205 2621 1258; x_wconf 88' lang='lat' dir='ltr'><strong>si</strong></span> <span class='ocrx_word' id='word_1_324' title='bbox 2647 1203 3017 1259; x_wconf 86' lang='lat' dir='ltr'><strong>desiderarunt</strong></span> <span class='ocrx_word' id='word_1_325' title='bbox 3040 1207 3193 1260; x_wconf 90' lang='lat' dir='ltr'><strong>multi</strong></span> <span class='ocrx_word' id='word_1_326' title='bbox 3221 1209 3448 1275; x_wconf 80' lang='lat' dir='ltr'><strong>prophe-</strong></span> 
     </span>
    </p>
   </div>
   <div class='ocr_carea' id='block_1_43' title="bbox 1928 1293 3447 1364">
    <p class='ocr_par' dir='ltr' id='par_1_43' title="bbox 1928 1293 3447 1364">
     <span class='ocr_line' id='line_1_43' title="bbox 1928 1293 3447 1364; baseline 0.004 -21"><span class='ocrx_word' id='word_1_327' title='bbox 1928 1299 1993 1344; x_wconf 67' lang='lat' dir='ltr'><strong>ta:</strong></span> <span class='ocrx_word' id='word_1_328' title='bbox 2021 1301 2072 1344; x_wconf 90' lang='lat' dir='ltr'><strong>et</strong></span> <span class='ocrx_word' id='word_1_329' title='bbox 2096 1293 2227 1360; x_wconf 83' lang='lat' dir='ltr'><strong>justi</strong></span> <span class='ocrx_word' id='word_1_330' title='bbox 2257 1293 2438 1347; x_wconf 85' lang='lat' dir='ltr'><strong>videre</strong></span> <span class='ocrx_word' id='word_1_331' title='bbox 2465 1307 2586 1360; x_wconf 64' lang='lat' dir='ltr'><strong>quae</strong></span> <span class='ocrx_word' id='word_1_332' title='bbox 2621 1294 2870 1348; x_wconf 88' lang='lat' dir='ltr'><strong>viderunt</strong></span> <span class='ocrx_word' id='word_1_333' title='bbox 2917 1303 2970 1348; x_wconf 89' lang='lat' dir='ltr'><strong>et</strong></span> <span class='ocrx_word' id='word_1_334' title='bbox 3016 1295 3299 1348; x_wconf 89' lang='lat' dir='ltr'><strong>audierunt</strong></span> <span class='ocrx_word' id='word_1_335' title='bbox 3323 1311 3447 1364; x_wconf 51' lang='lat' dir='ltr'><strong>apo-</strong></span> 
     </span>
    </p>
   </div>
   <div class='ocr_carea' id='block_1_44' title="bbox 1929 1378 3448 1448">
    <p class='ocr_par' dir='ltr' id='par_1_44' title="bbox 1929 1378 3448 1448">
     <span class='ocr_line' id='line_1_44' title="bbox 1929 1378 3448 1448; baseline 0.003 -17"><span class='ocrx_word' id='word_1_336' title='bbox 1929 1378 2048 1432; x_wconf 84' lang='lat' dir='ltr'><strong>stoli</strong></span> <span class='ocrx_word' id='word_1_337' title='bbox 2090 1393 2118 1431; x_wconf 91' lang='lat' dir='ltr'><strong>a</strong></span> <span class='ocrx_word' id='word_1_338' title='bbox 2149 1379 2432 1434; x_wconf 90' lang='lat' dir='ltr'><strong>Servatore</strong></span> <span class='ocrx_word' id='word_1_339' title='bbox 2476 1381 2721 1448; x_wconf 85' lang='lat' dir='ltr'><strong>loquente</strong></span> <span class='ocrx_word' id='word_1_340' title='bbox 2750 1382 2812 1446; x_wconf 77' lang='lat'><strong>&quot;,</strong></span> <span class='ocrx_word' id='word_1_341' title='bbox 2861 1397 2963 1434; x_wconf 93' lang='lat' dir='ltr'><strong>non</strong></span> <span class='ocrx_word' id='word_1_342' title='bbox 2997 1383 3216 1435; x_wconf 90' lang='lat' dir='ltr'><strong>omnino</strong></span> <span class='ocrx_word' id='word_1_343' title='bbox 3246 1384 3448 1436; x_wconf 84' lang='lat' dir='ltr'><strong>deside-</strong></span> 
     </span>
    </p>
   </div>
   <div class='ocr_carea' id='block_1_45' title="bbox 1930 1468 3448 1540">
    <p class='ocr_par' dir='ltr' id='par_1_45' title="bbox 1930 1468 3448 1540">
     <span class='ocr_line' id='line_1_45' title="bbox 1930 1468 3448 1540; baseline 0.004 -21"><span class='ocrx_word' id='word_1_344' title='bbox 1930 1481 2080 1522; x_wconf 88' lang='lat' dir='ltr'><strong>rasse</strong></span> <span class='ocrx_word' id='word_1_345' title='bbox 2128 1468 2434 1537; x_wconf 77' lang='lat' dir='ltr'><strong>Scriptores</strong></span> <span class='ocrx_word' id='word_1_346' title='bbox 2482 1471 2614 1538; x_wconf 90' lang='lat' dir='ltr'><strong>legis</strong></span> <span class='ocrx_word' id='word_1_347' title='bbox 2663 1480 2717 1526; x_wconf 91' lang='lat' dir='ltr'><strong>ct</strong></span> <span class='ocrx_word' id='word_1_348' title='bbox 2763 1473 3141 1540; x_wconf 88' lang='lat' dir='ltr'><strong>prophetarum</strong></span> <span class='ocrx_word' id='word_1_349' title='bbox 3169 1510 3184 1536; x_wconf 91' lang='lat'><strong>,</strong></span> <span class='ocrx_word' id='word_1_350' title='bbox 3221 1472 3312 1525; x_wconf 87' lang='lat' dir='ltr'><strong>sed</strong></span> <span class='ocrx_word' id='word_1_351' title='bbox 3367 1473 3448 1525; x_wconf 81' lang='lat' dir='ltr'><strong>his</strong></span> 
     </span>
    </p>
   </div>
   <div class='ocr_carea' id='block_1_46' title="bbox 1929 1555 3448 1628">
    <p class='ocr_par' dir='ltr' id='par_1_46' title="bbox 1929 1555 3448 1628">
     <span class='ocr_line' id='line_1_46' title="bbox 1929 1555 3448 1628; baseline 0.003 -22"><span class='ocrx_word' id='word_1_352' title='bbox 1929 1555 2127 1621; x_wconf 84' lang='lat' dir='ltr'><strong>majora</strong></span> <span class='ocrx_word' id='word_1_353' title='bbox 2163 1571 2180 1611; x_wconf 89' lang='lat'><strong>:</strong></span> <span class='ocrx_word' id='word_1_354' title='bbox 2213 1573 2402 1626; x_wconf 89' lang='lat' dir='ltr'><strong>nempe</strong></span> <span class='ocrx_word' id='word_1_355' title='bbox 2430 1574 2547 1626; x_wconf 80' lang='lat' dir='ltr'><strong>quae</strong></span> <span class='ocrx_word' id='word_1_356' title='bbox 2581 1557 2836 1613; x_wconf 87' lang='lat' dir='ltr'><strong>Servator</strong></span> <span class='ocrx_word' id='word_1_357' title='bbox 2883 1559 3139 1628; x_wconf 86' lang='lat' dir='ltr'><strong>apostolis</strong></span> <span class='ocrx_word' id='word_1_358' title='bbox 3174 1559 3448 1612; x_wconf 84' lang='lat' dir='ltr'><strong>enuntias-</strong></span> 
     </span>
    </p>
   </div>
   <div class='ocr_carea' id='block_1_47' title="bbox 1927 1649 3449 1719">
    <p class='ocr_par' dir='ltr' id='par_1_47' title="bbox 1927 1649 3449 1719">
     <span class='ocr_line' id='line_1_47' title="bbox 1927 1649 3449 1719; baseline 0.004 -25"><span class='ocrx_word' id='word_1_359' title='bbox 1927 1652 2028 1708; x_wconf 86' lang='lat' dir='ltr'><strong>set,</strong></span> <span class='ocrx_word' id='word_1_360' title='bbox 2053 1653 2248 1713; x_wconf 74' lang='lat' dir='ltr'><strong>przeter</strong></span> <span class='ocrx_word' id='word_1_361' title='bbox 2275 1649 2566 1714; x_wconf 88' lang='lat' dir='ltr'><strong>spiritualia</strong></span> <span class='ocrx_word' id='word_1_362' title='bbox 2599 1651 2730 1719; x_wconf 84' lang='lat' dir='ltr'><strong>legis</strong></span> <span class='ocrx_word' id='word_1_363' title='bbox 2774 1658 2830 1703; x_wconf 92' lang='lat' dir='ltr'><strong>et</strong></span> <span class='ocrx_word' id='word_1_364' title='bbox 2876 1649 3122 1702; x_wconf 88' lang='lat' dir='ltr'><strong>abstrusa</strong></span> <span class='ocrx_word' id='word_1_365' title='bbox 3162 1649 3449 1717; x_wconf 89' lang='lat' dir='ltr'><strong>propheta-</strong></span> 
     </span>
    </p>
   </div>
   <div class='ocr_carea' id='block_1_48' title="bbox 1927 1734 3450 1802">
    <p class='ocr_par' dir='ltr' id='par_1_48' title="bbox 1927 1734 3450 1802">
     <span class='ocr_line' id='line_1_48' title="bbox 1927 1734 3450 1802; baseline 0.003 -18"><span class='ocrx_word' id='word_1_366' title='bbox 1927 1745 2066 1796; x_wconf 91' lang='lat' dir='ltr'><strong>rum,</strong></span> <span class='ocrx_word' id='word_1_367' title='bbox 2101 1734 2164 1788; x_wconf 89' lang='lat' dir='ltr'><strong>de</strong></span> <span class='ocrx_word' id='word_1_368' title='bbox 2193 1750 2416 1802; x_wconf 90' lang='lat' dir='ltr'><strong>qnormn</strong></span> <span class='ocrx_word' id='word_1_369' title='bbox 2452 1752 2672 1792; x_wconf 91' lang='lat' dir='ltr'><strong>numero</strong></span> <span class='ocrx_word' id='word_1_370' title='bbox 2724 1737 2848 1790; x_wconf 88' lang='lat' dir='ltr'><strong>illud</strong></span> <span class='ocrx_word' id='word_1_371' title='bbox 2892 1745 3008 1791; x_wconf 87' lang='lat' dir='ltr'><strong>erat</strong></span> <span class='ocrx_word' id='word_1_372' title='bbox 3045 1752 3060 1792; x_wconf 83' lang='lat'><strong>:</strong></span> <span class='ocrx_word' id='word_1_373' title='bbox 3089 1755 3108 1788; x_wconf 78' lang='grc' dir='ltr'><strong>ι</strong></span> <span class='ocrx_word' id='word_1_374' title='bbox 3143 1737 3331 1790; x_wconf 82' lang='lat' dir='ltr'><strong>Audivi</strong></span> <span class='ocrx_word' id='word_1_375' title='bbox 3362 1751 3450 1789; x_wconf 87' lang='lat' dir='ltr'><strong>ar-</strong></span> 
     </span>
    </p>
   </div>
   <div class='ocr_carea' id='block_1_49' title="bbox 1927 1823 3445 1893">
    <p class='ocr_par' dir='ltr' id='par_1_49' title="bbox 1927 1823 3445 1893">
     <span class='ocr_line' id='line_1_49' title="bbox 1927 1823 3445 1893; baseline 0.005 -22"><span class='ocrx_word' id='word_1_376' title='bbox 1927 1833 2058 1872; x_wconf 91' lang='lat' dir='ltr'><strong>cana</strong></span> <span class='ocrx_word' id='word_1_377' title='bbox 2088 1823 2270 1888; x_wconf 88' lang='lat' dir='ltr'><strong>verba,</strong></span> <span class='ocrx_word' id='word_1_378' title='bbox 2305 1839 2422 1891; x_wconf 76' lang='lat' dir='ltr'><strong>quae</strong></span> <span class='ocrx_word' id='word_1_379' title='bbox 2461 1839 2566 1878; x_wconf 91' lang='lat' dir='ltr'><strong>non</strong></span> <span class='ocrx_word' id='word_1_380' title='bbox 2609 1826 2734 1880; x_wconf 90' lang='lat' dir='ltr'><strong>licet</strong></span> <span class='ocrx_word' id='word_1_381' title='bbox 2768 1826 2832 1879; x_wconf 90' lang='lat' dir='ltr'><strong>ad</strong></span> <span class='ocrx_word' id='word_1_382' title='bbox 2864 1825 3130 1879; x_wconf 89' lang='lat' dir='ltr'><strong>hominem</strong></span> <span class='ocrx_word' id='word_1_383' title='bbox 3159 1826 3297 1893; x_wconf 91' lang='lat' dir='ltr'><strong>loqui</strong></span> <span class='ocrx_word' id='word_1_384' title='bbox 3326 1825 3390 1890; x_wconf 73' lang='grc'>⁸⁵,</span> <span class='ocrx_word' id='word_1_385' title='bbox 3422 1844 3445 1878; x_wconf 80' lang='grc' dir='ltr'><strong>ι</strong></span> 
     </span>
    </p>
   </div>
   <div class='ocr_carea' id='block_1_50' title="bbox 1925 1907 3446 1977">
    <p class='ocr_par' dir='ltr' id='par_1_50' title="bbox 1925 1907 3446 1977">
     <span class='ocr_line' id='line_1_50' title="bbox 1925 1907 3446 1977; baseline 0.003 -18"><span class='ocrx_word' id='word_1_386' title='bbox 1925 1914 1979 1960; x_wconf 83' lang='grc' dir='ltr'><strong>ει</strong></span> <span class='ocrx_word' id='word_1_387' title='bbox 2008 1907 2201 1961; x_wconf 83' lang='lat' dir='ltr'><strong>similia</strong></span> <span class='ocrx_word' id='word_1_388' title='bbox 2236 1910 2318 1962; x_wconf 93' lang='lat' dir='ltr'><strong>his</strong></span> <span class='ocrx_word' id='word_1_389' title='bbox 2345 1927 2460 1977; x_wconf 85' lang='lat' dir='ltr'><strong>quae</strong></span> <span class='ocrx_word' id='word_1_390' title='bbox 2485 1912 2736 1966; x_wconf 91' lang='lat' dir='ltr'><strong>dicuntur</strong></span> <span class='ocrx_word' id='word_1_391' title='bbox 2789 1927 2819 1964; x_wconf 79' lang='grc' dir='ltr'><strong>ιι</strong></span> <span class='ocrx_word' id='word_1_392' title='bbox 2862 1912 3155 1966; x_wconf 89' lang='lat' dir='ltr'><strong>Paracleto.</strong></span> <span class='ocrx_word' id='word_1_393' title='bbox 3185 1912 3446 1966; x_wconf 62' lang='lat' dir='ltr'><strong>Praeterea</strong></span> 
     </span>
    </p>
   </div>
   <div class='ocr_carea' id='block_1_51' title="bbox 1926 1997 3450 2067">
    <p class='ocr_par' dir='ltr' id='par_1_51' title="bbox 1926 1997 3450 2067">
     <span class='ocr_line' id='line_1_51' title="bbox 1926 1997 3450 2067; baseline 0.002 -20"><span class='ocrx_word' id='word_1_394' title='bbox 1926 2010 2054 2050; x_wconf 89' lang='lat' dir='ltr'><strong>vero</strong></span> <span class='ocrx_word' id='word_1_395' title='bbox 2083 1997 2242 2050; x_wconf 89' lang='lat' dir='ltr'><strong>etiam</strong></span> <span class='ocrx_word' id='word_1_396' title='bbox 2276 1999 2324 2050; x_wconf 93' lang='lat' dir='ltr'><strong>in</strong></span> <span class='ocrx_word' id='word_1_397' title='bbox 2359 1999 2442 2052; x_wconf 84' lang='lat' dir='ltr'><strong>his</strong></span> <span class='ocrx_word' id='word_1_398' title='bbox 2473 2010 2780 2054; x_wconf 81' lang='lat' dir='ltr'><strong>contextum</strong></span> <span class='ocrx_word' id='word_1_399' title='bbox 2809 2001 3231 2062; x_wconf 86' lang='lat' dir='ltr'><strong>consideremus,</strong></span> <span class='ocrx_word' id='word_1_400' title='bbox 3266 2014 3450 2067; x_wconf 81' lang='lat' dir='ltr'><strong>quent-</strong></span> 
     </span>
    </p>
   </div>
   <div class='ocr_carea' id='block_1_52' title="bbox 1929 2084 3450 2154">
    <p class='ocr_par' dir='ltr' id='par_1_52' title="bbox 1929 2084 3450 2154">
     <span class='ocr_line' id='line_1_52' title="bbox 1929 2084 3450 2154; baseline 0.002 -17"><span class='ocrx_word' id='word_1_401' title='bbox 1929 2084 2212 2137; x_wconf 89' lang='lat' dir='ltr'><strong>admodum</strong></span> <span class='ocrx_word' id='word_1_402' title='bbox 2240 2088 2520 2152; x_wconf 87' lang='lat' dir='ltr'><strong>quemdam</strong></span> <span class='ocrx_word' id='word_1_403' title='bbox 2546 2101 2664 2141; x_wconf 91' lang='lat' dir='ltr'><strong>esse</strong></span> <span class='ocrx_word' id='word_1_404' title='bbox 2687 2097 2993 2152; x_wconf 90' lang='lat' dir='ltr'><strong>metentem,</strong></span> <span class='ocrx_word' id='word_1_405' title='bbox 3024 2087 3114 2154; x_wconf 93' lang='lat' dir='ltr'><strong>qui</strong></span> <span class='ocrx_word' id='word_1_406' title='bbox 3147 2088 3450 2141; x_wconf 86' lang='lat' dir='ltr'><strong>mercedem</strong></span> 
     </span>
    </p>
   </div>
   <div class='ocr_carea' id='block_1_53' title="bbox 1928 2173 3448 2242">
    <p class='ocr_par' dir='ltr' id='par_1_53' title="bbox 1928 2173 3448 2242">
     <span class='ocr_line' id='line_1_53' title="bbox 1928 2173 3448 2242; baseline 0.001 -17"><span class='ocrx_word' id='word_1_407' title='bbox 1928 2173 2151 2241; x_wconf 90' lang='lat' dir='ltr'><strong>accipiat</strong></span> <span class='ocrx_word' id='word_1_408' title='bbox 2174 2183 2229 2226; x_wconf 91' lang='lat' dir='ltr'><strong>et</strong></span> <span class='ocrx_word' id='word_1_409' title='bbox 2257 2185 2541 2242; x_wconf 89' lang='lat' dir='ltr'><strong>congreget</strong></span> <span class='ocrx_word' id='word_1_410' title='bbox 2588 2175 2816 2228; x_wconf 88' lang='lat' dir='ltr'><strong>fructum</strong></span> <span class='ocrx_word' id='word_1_411' title='bbox 2857 2176 2908 2228; x_wconf 94' lang='lat' dir='ltr'><strong>in</strong></span> <span class='ocrx_word' id='word_1_412' title='bbox 2960 2176 3119 2227; x_wconf 82' lang='lat' dir='ltr'><strong>vitam</strong></span> <span class='ocrx_word' id='word_1_413' title='bbox 3171 2183 3448 2238; x_wconf 75' lang='lat' dir='ltr'><strong>aeternam,</strong></span> 
     </span>
    </p>
   </div>
   <div class='ocr_carea' id='block_1_54' title="bbox 1928 2262 3451 2328">
    <p class='ocr_par' dir='ltr' id='par_1_54' title="bbox 1928 2262 3451 2328">
     <span class='ocr_line' id='line_1_54' title="bbox 1928 2262 3451 2328; baseline -0.001 -14"><span class='ocrx_word' id='word_1_414' title='bbox 1928 2269 2108 2314; x_wconf 92' lang='lat' dir='ltr'><strong>narrat</strong></span> <span class='ocrx_word' id='word_1_415' title='bbox 2139 2262 2485 2328; x_wconf 76' lang='lat' dir='ltr'><strong>evangelista,</strong></span> <span class='ocrx_word' id='word_1_416' title='bbox 2535 2264 2720 2316; x_wconf 85' lang='lat' dir='ltr'><strong>dicens</strong></span> <span class='ocrx_word' id='word_1_417' title='bbox 2752 2281 2766 2318; x_wconf 87' lang='lat'>:</span> <span class='ocrx_word' id='word_1_418' title='bbox 2808 2280 2826 2312; x_wconf 79' lang='grc' dir='ltr'><strong>ι</strong></span> <span class='ocrx_word' id='word_1_419' title='bbox 2872 2262 2938 2316; x_wconf 87' lang='lat' dir='ltr'><strong>Ut</strong></span> <span class='ocrx_word' id='word_1_420' title='bbox 2981 2262 3071 2328; x_wconf 91' lang='lat' dir='ltr'><strong>qui</strong></span> <span class='ocrx_word' id='word_1_421' title='bbox 3103 2263 3352 2324; x_wconf 87' lang='lat' dir='ltr'><strong>seminat,</strong></span> <span class='ocrx_word' id='word_1_422' title='bbox 3377 2262 3451 2314; x_wconf 83' lang='lat' dir='ltr'><strong>si-</strong></span> 
     </span>
    </p>
   </div>
   <div class='ocr_carea' id='block_1_55' title="bbox 1929 2349 3451 2418">
    <p class='ocr_par' dir='ltr' id='par_1_55' title="bbox 1929 2349 3451 2418">
     <span class='ocr_line' id='line_1_55' title="bbox 1929 2349 3451 2418; baseline 0 -17"><span class='ocrx_word' id='word_1_423' title='bbox 1929 2349 2035 2402; x_wconf 94' lang='lat' dir='ltr'><strong>mul</strong></span> <span class='ocrx_word' id='word_1_424' title='bbox 2071 2353 2316 2418; x_wconf 86' lang='lat' dir='ltr'><strong>gaudeat,</strong></span> <span class='ocrx_word' id='word_1_425' title='bbox 2345 2359 2399 2404; x_wconf 92' lang='lat' dir='ltr'><strong>et</strong></span> <span class='ocrx_word' id='word_1_426' title='bbox 2429 2351 2519 2417; x_wconf 90' lang='lat' dir='ltr'><strong>qui</strong></span> <span class='ocrx_word' id='word_1_427' title='bbox 2554 2352 2706 2404; x_wconf 88' lang='lat' dir='ltr'><strong>metit</strong></span> <span class='ocrx_word' id='word_1_428' title='bbox 2736 2353 2801 2404; x_wconf 82' lang='lat'><strong>&quot;.</strong></span> <span class='ocrx_word' id='word_1_429' title='bbox 2841 2369 2860 2398; x_wconf 82' lang='grc' dir='ltr'><strong>ι</strong></span> <span class='ocrx_word' id='word_1_430' title='bbox 2892 2350 3021 2403; x_wconf 80' lang='lat' dir='ltr'><strong>Nam</strong></span> <span class='ocrx_word' id='word_1_431' title='bbox 3055 2350 3126 2413; x_wconf 91' lang='lat' dir='ltr'><strong>si,</strong></span> <span class='ocrx_word' id='word_1_432' title='bbox 3157 2357 3214 2401; x_wconf 93' lang='lat' dir='ltr'><strong>ut</strong></span> <span class='ocrx_word' id='word_1_433' title='bbox 3251 2351 3339 2416; x_wconf 88' lang='lat' dir='ltr'><strong>qui</strong></span> <span class='ocrx_word' id='word_1_434' title='bbox 3367 2361 3451 2401; x_wconf 54' lang='lat' dir='ltr'><strong>se.</strong></span> 
     </span>
    </p>
   </div>
   <div class='ocr_carea' id='block_1_56' title="bbox 1929 2437 3448 2506">
    <p class='ocr_par' dir='ltr' id='par_1_56' title="bbox 1929 2437 3448 2506">
     <span class='ocr_line' id='line_1_56' title="bbox 1929 2437 3448 2506; baseline -0.001 -16"><span class='ocrx_word' id='word_1_435' title='bbox 1929 2437 2094 2490; x_wconf 89' lang='lat' dir='ltr'><strong>minat</strong></span> <span class='ocrx_word' id='word_1_436' title='bbox 2133 2438 2288 2490; x_wconf 90' lang='lat' dir='ltr'><strong>simul</strong></span> <span class='ocrx_word' id='word_1_437' title='bbox 2334 2440 2598 2505; x_wconf 78' lang='lat' dir='ltr'><strong>gaudeat,</strong></span> <span class='ocrx_word' id='word_1_438' title='bbox 2631 2448 2684 2492; x_wconf 92' lang='lat' dir='ltr'><strong>et</strong></span> <span class='ocrx_word' id='word_1_439' title='bbox 2732 2439 2778 2493; x_wconf 88' lang='lat' dir='ltr'><strong>si</strong></span> <span class='ocrx_word' id='word_1_440' title='bbox 2823 2439 2914 2506; x_wconf 90' lang='lat' dir='ltr'><strong>qui</strong></span> <span class='ocrx_word' id='word_1_441' title='bbox 2951 2437 3104 2490; x_wconf 90' lang='lat' dir='ltr'><strong>metit</strong></span> <span class='ocrx_word' id='word_1_442' title='bbox 3153 2437 3448 2492; x_wconf 85' lang='lat' dir='ltr'><strong>mercedem</strong></span> 
     </span>
    </p>
   </div>
   <div class='ocr_carea' id='block_1_57' title="bbox 1928 2523 3447 2594">
    <p class='ocr_par' dir='ltr' id='par_1_57' title="bbox 1928 2523 3447 2594">
     <span class='ocr_line' id='line_1_57' title="bbox 1928 2523 3447 2594; baseline 0.001 -20"><span class='ocrx_word' id='word_1_443' title='bbox 1928 2523 2142 2592; x_wconf 90' lang='lat' dir='ltr'><strong>accipit,</strong></span> <span class='ocrx_word' id='word_1_444' title='bbox 2170 2533 2224 2578; x_wconf 90' lang='lat' dir='ltr'><strong>ct</strong></span> <span class='ocrx_word' id='word_1_445' title='bbox 2269 2535 2558 2594; x_wconf 72' lang='lat' dir='ltr'><strong>congregat</strong></span> <span class='ocrx_word' id='word_1_446' title='bbox 2601 2524 2832 2579; x_wconf 91' lang='lat' dir='ltr'><strong>fructum</strong></span> <span class='ocrx_word' id='word_1_447' title='bbox 2879 2525 2932 2577; x_wconf 92' lang='lat' dir='ltr'><strong>in</strong></span> <span class='ocrx_word' id='word_1_448' title='bbox 2985 2524 3145 2577; x_wconf 86' lang='lat' dir='ltr'><strong>vitam</strong></span> <span class='ocrx_word' id='word_1_449' title='bbox 3174 2533 3447 2588; x_wconf 64' lang='lat' dir='ltr'><strong>aeternam,</strong></span> 
     </span>
    </p>
   </div>
   <div class='ocr_carea' id='block_1_58' title="bbox 1929 2607 3448 2680">
    <p class='ocr_par' dir='ltr' id='par_1_58' title="bbox 1929 2607 3448 2680">
     <span class='ocr_line' id='line_1_58' title="bbox 1929 2607 3448 2680; baseline 0.002 -19"><span class='ocrx_word' id='word_1_450' title='bbox 1929 2607 2174 2664; x_wconf 82' lang='lat' dir='ltr'><strong>fortassis</strong></span> <span class='ocrx_word' id='word_1_451' title='bbox 2223 2611 2312 2677; x_wconf 88' lang='lat' dir='ltr'><strong>qui</strong></span> <span class='ocrx_word' id='word_1_452' title='bbox 2352 2612 2582 2664; x_wconf 83' lang='lat' dir='ltr'><strong>seminat</strong></span> <span class='ocrx_word' id='word_1_453' title='bbox 2626 2612 2950 2680; x_wconf 88' lang='lat' dir='ltr'><strong>participans</strong></span> <span class='ocrx_word' id='word_1_454' title='bbox 2983 2612 3280 2665; x_wconf 90' lang='lat' dir='ltr'><strong>mercedem</strong></span> <span class='ocrx_word' id='word_1_455' title='bbox 3330 2625 3448 2665; x_wconf 81' lang='lat' dir='ltr'><strong>cum</strong></span> 
     </span>
    </p>
   </div>
   <div class='ocr_carea' id='block_1_59' title="bbox 1931 2699 3450 2767">
    <p class='ocr_par' dir='ltr' id='par_1_59' title="bbox 1931 2699 3450 2767">
     <span class='ocr_line' id='line_1_59' title="bbox 1931 2699 3450 2767; baseline 0.002 -19"><span class='ocrx_word' id='word_1_456' title='bbox 1931 2705 2198 2760; x_wconf 90' lang='lat' dir='ltr'><strong>metente,</strong></span> <span class='ocrx_word' id='word_1_457' title='bbox 2249 2707 2303 2750; x_wconf 90' lang='lat' dir='ltr'><strong>et</strong></span> <span class='ocrx_word' id='word_1_458' title='bbox 2331 2699 2698 2752; x_wconf 80' lang='lat' dir='ltr'><strong>collectionem</strong></span> <span class='ocrx_word' id='word_1_459' title='bbox 2732 2702 2941 2754; x_wconf 88' lang='lat' dir='ltr'><strong>lructus</strong></span> <span class='ocrx_word' id='word_1_460' title='bbox 2997 2699 3084 2767; x_wconf 90' lang='lat' dir='ltr'><strong>qni</strong></span> <span class='ocrx_word' id='word_1_461' title='bbox 3137 2700 3450 2752; x_wconf 85' lang='lat' dir='ltr'><strong>convehitur</strong></span> 
     </span>
    </p>
   </div>
   <div class='ocr_carea' id='block_1_60' title="bbox 1930 2783 3450 2855">
    <p class='ocr_par' dir='ltr' id='par_1_60' title="bbox 1930 2783 3450 2855">
     <span class='ocr_line' id='line_1_60' title="bbox 1930 2783 3450 2855; baseline 0.001 -19"><span class='ocrx_word' id='word_1_462' title='bbox 1930 2783 2172 2838; x_wconf 88' lang='lat' dir='ltr'><strong>invitam</strong></span> <span class='ocrx_word' id='word_1_463' title='bbox 2219 2796 2472 2839; x_wconf 65' lang='lat' dir='ltr'><strong>aeternam</strong></span> <span class='ocrx_word' id='word_1_464' title='bbox 2501 2825 2516 2850; x_wconf 97' lang='lat'><strong>,</strong></span> <span class='ocrx_word' id='word_1_465' title='bbox 2558 2787 2712 2840; x_wconf 88' lang='lat' dir='ltr'><strong>simul</strong></span> <span class='ocrx_word' id='word_1_466' title='bbox 2752 2802 2870 2841; x_wconf 91' lang='lat' dir='ltr'><strong>cum</strong></span> <span class='ocrx_word' id='word_1_467' title='bbox 2921 2794 3149 2840; x_wconf 87' lang='lat' dir='ltr'><strong>metente</strong></span> <span class='ocrx_word' id='word_1_468' title='bbox 3177 2787 3450 2855; x_wconf 80' lang='lat' dir='ltr'><strong>gaudebit.</strong></span> 
     </span>
    </p>
   </div>
   <div class='ocr_carea' id='block_1_61' title="bbox 1929 2870 3450 2943">
    <p class='ocr_par' dir='ltr' id='par_1_61' title="bbox 1929 2870 3450 2943">
     <span class='ocr_line' id='line_1_61' title="bbox 1929 2870 3450 2943; baseline 0.002 -21"><span class='ocrx_word' id='word_1_469' title='bbox 1929 2870 1998 2924; x_wconf 82' lang='lat' dir='ltr'><strong>At</strong></span> <span class='ocrx_word' id='word_1_470' title='bbox 2024 2872 2158 2926; x_wconf 86' lang='lat' dir='ltr'><strong>alios</strong></span> <span class='ocrx_word' id='word_1_471' title='bbox 2188 2873 2402 2940; x_wconf 90' lang='lat' dir='ltr'><strong>quidam</strong></span> <span class='ocrx_word' id='word_1_472' title='bbox 2431 2876 2672 2928; x_wconf 89' lang='lat' dir='ltr'><strong>dicturus</strong></span> <span class='ocrx_word' id='word_1_473' title='bbox 2695 2883 2794 2938; x_wconf 89' lang='lat' dir='ltr'><strong>est,</strong></span> <span class='ocrx_word' id='word_1_474' title='bbox 2833 2876 3007 2928; x_wconf 88' lang='lat' dir='ltr'><strong>omnia</strong></span> <span class='ocrx_word' id='word_1_475' title='bbox 3044 2875 3230 2943; x_wconf 84' lang='lat' dir='ltr'><strong>Iegalia</strong></span> <span class='ocrx_word' id='word_1_476' title='bbox 3257 2885 3308 2927; x_wconf 92' lang='lat' dir='ltr'><strong>et</strong></span> <span class='ocrx_word' id='word_1_477' title='bbox 3331 2890 3450 2942; x_wconf 84' lang='lat' dir='ltr'><strong>pro-</strong></span> 
     </span>
    </p>
   </div>
   <div class='ocr_carea' id='block_1_62' title="bbox 302 2958 1830 3044">
    <p class='ocr_par' dir='ltr' id='par_1_62' title="bbox 302 2964 1830 3033">
     <span class='ocr_line' id='line_1_62' title="bbox 302 2964 1830 3033; baseline -0.001 -17"><span class='ocrx_word' id='word_1_478' title='bbox 302 2966 611 3033; x_wconf 82' lang='grc' dir='ltr'>προφήταις,</span> <span class='ocrx_word' id='word_1_479' title='bbox 650 2965 746 3016; x_wconf 70' lang='grc' dir='ltr'><strong>καὶ</strong></span> <span class='ocrx_word' id='word_1_480' title='bbox 782 2964 857 3025; x_wconf 85' lang='grc' dir='ltr'>ὡς</span> <span class='ocrx_word' id='word_1_481' title='bbox 887 2964 1052 3033; x_wconf 86' lang='grc' dir='ltr'>ἐχρῆν</span> <span class='ocrx_word' id='word_1_482' title='bbox 1097 2964 1515 3033; x_wconf 88' lang='grc' dir='ltr'>κεκαλυμμένως</span> <span class='ocrx_word' id='word_1_483' title='bbox 1553 2966 1645 3018; x_wconf 77' lang='grc' dir='ltr'><strong>καὶ</strong></span> <span class='ocrx_word' id='word_1_484' title='bbox 1681 2964 1830 3014; x_wconf 90' lang='grc' dir='ltr'>ἐσκε-</span> 
     </span>
    </p>
   </div>
   <div class='ocr_carea' id='block_1_63' title="bbox 1935 2958 3448 3044">
    <p class='ocr_par' dir='ltr' id='par_1_63' title="bbox 1935 2958 3448 3030">
     <span class='ocr_line' id='line_1_63' title="bbox 1935 2958 3448 3030; baseline 0.001 -19"><span class='ocrx_word' id='word_1_485' title='bbox 1935 2958 2137 3027; x_wconf 82' lang='lat' dir='ltr'><strong>phetica</strong></span> <span class='ocrx_word' id='word_1_486' title='bbox 2161 2959 2342 3014; x_wconf 86' lang='lat' dir='ltr'><strong>Mosen</strong></span> <span class='ocrx_word' id='word_1_487' title='bbox 2393 2977 2458 3016; x_wconf 89' lang='lat' dir='ltr'><strong>ac</strong></span> <span class='ocrx_word' id='word_1_488' title='bbox 2498 2963 2782 3030; x_wconf 90' lang='lat' dir='ltr'><strong>prophetas</strong></span> <span class='ocrx_word' id='word_1_489' title='bbox 2823 2972 3070 3016; x_wconf 88' lang='lat' dir='ltr'><strong>accurate</strong></span> <span class='ocrx_word' id='word_1_490' title='bbox 3106 2962 3448 3025; x_wconf 76' lang='lat' dir='ltr'><strong>intellexisse,</strong></span> 
     </span>
    </p>
   </div>
   <div class='ocr_carea' id='block_1_64' title="bbox 299 3049 1830 3122">
    <p class='ocr_par' dir='ltr' id='par_1_64' title="bbox 299 3049 1830 3122">
     <span class='ocr_line' id='line_1_64' title="bbox 299 3049 1830 3122; baseline -0.001 -18"><span class='ocrx_word' id='word_1_491' title='bbox 299 3053 579 3122; x_wconf 75' lang='grc' dir='ltr'>πασμένως</span> <span class='ocrx_word' id='word_1_492' title='bbox 608 3052 1067 3120; x_wconf 83' lang='grc' dir='ltr'>ἀναγεγραμμένα</span> <span class='ocrx_word' id='word_1_493' title='bbox 1095 3050 1165 3111; x_wconf 81' lang='grc' dir='ltr'>τὰ</span> <span class='ocrx_word' id='word_1_494' title='bbox 1191 3053 1499 3122; x_wconf 74' lang='grc' dir='ltr'>ἐσπαρμένα</span> <span class='ocrx_word' id='word_1_495' title='bbox 1531 3049 1682 3104; x_wconf 84' lang='grc' dir='ltr'>εἶναι·</span> <span class='ocrx_word' id='word_1_496' title='bbox 1711 3052 1830 3103; x_wconf 74' lang='grc' dir='ltr'>ἐπεὶ</span> 
     </span>
    </p>
   </div>
   <div class='ocr_carea' id='block_1_65' title="bbox 297 3139 1832 3211">
    <p class='ocr_par' dir='ltr' id='par_1_65' title="bbox 297 3139 1832 3211">
     <span class='ocr_line' id='line_1_65' title="bbox 297 3139 1832 3211; baseline 0 -18"><span class='ocrx_word' id='word_1_497' title='bbox 297 3142 350 3193; x_wconf 84' lang='grc' dir='ltr'>δὲ</span> <span class='ocrx_word' id='word_1_498' title='bbox 383 3161 400 3193; x_wconf 82' lang='grc' dir='ltr'><strong>ι</strong></span> <span class='ocrx_word' id='word_1_499' title='bbox 433 3143 580 3209; x_wconf 91' lang='grc' dir='ltr'>λόγον</span> <span class='ocrx_word' id='word_1_500' title='bbox 611 3142 775 3209; x_wconf 80' lang='grc' dir='ltr'>σοφὸν</span> <span class='ocrx_word' id='word_1_501' title='bbox 805 3141 898 3193; x_wconf 73' lang='grc' dir='ltr'>ἐὰν</span> <span class='ocrx_word' id='word_1_502' title='bbox 933 3139 1136 3210; x_wconf 84' lang='grc' dir='ltr'>ἀκούσῃ</span> <span class='ocrx_word' id='word_1_503' title='bbox 1171 3142 1497 3211; x_wconf 80' lang='grc' dir='ltr'>ἐπιστήμων,</span> <span class='ocrx_word' id='word_1_504' title='bbox 1517 3141 1714 3194; x_wconf 80' lang='grc' dir='ltr'>αἰνέσει</span> <span class='ocrx_word' id='word_1_505' title='bbox 1743 3142 1832 3193; x_wconf 79' lang='grc' dir='ltr'>αὑ·</span> 
     </span>
    </p>
   </div>
   <div class='ocr_carea' id='block_1_66' title="bbox 299 3229 1833 3299">
    <p class='ocr_par' dir='ltr' id='par_1_66' title="bbox 299 3229 1833 3299">
     <span class='ocr_line' id='line_1_66' title="bbox 299 3229 1833 3299; baseline 0 -17"><span class='ocrx_word' id='word_1_506' title='bbox 299 3231 400 3294; x_wconf 73' lang='grc' dir='ltr'>τὸν,</span> <span class='ocrx_word' id='word_1_507' title='bbox 423 3232 511 3284; x_wconf 73' lang='grc' dir='ltr'><strong>καὶ</strong></span> <span class='ocrx_word' id='word_1_508' title='bbox 538 3233 622 3283; x_wconf 81' lang='grc' dir='ltr'>ἐπ’</span> <span class='ocrx_word' id='word_1_509' title='bbox 643 3231 803 3282; x_wconf 78' lang='grc' dir='ltr'>αὐτὸν</span> <span class='ocrx_word' id='word_1_510' title='bbox 817 3229 1128 3299; x_wconf 77' lang='grc' dir='ltr'>προσθήσει,</span> <span class='ocrx_word' id='word_1_511' title='bbox 1156 3248 1174 3278; x_wconf 83' lang='grc' dir='ltr'><strong>ι</strong></span> <span class='ocrx_word' id='word_1_512' title='bbox 1202 3229 1371 3298; x_wconf 91' lang='grc' dir='ltr'>δῆλον,</span> <span class='ocrx_word' id='word_1_513' title='bbox 1397 3231 1476 3282; x_wconf 80' lang='grc' dir='ltr'>ὅτι</span> <span class='ocrx_word' id='word_1_514' title='bbox 1491 3230 1538 3282; x_wconf 88' lang='lat' dir='ltr'><strong>oi</strong></span> <span class='ocrx_word' id='word_1_515' title='bbox 1553 3229 1833 3283; x_wconf 79' lang='grc' dir='ltr'>ἀπόστολοι</span> 
     </span>
    </p>
   </div>
   <div class='ocr_carea' id='block_1_67' title="bbox 302 3315 1832 3388">
    <p class='ocr_par' dir='ltr' id='par_1_67' title="bbox 302 3315 1832 3388">
     <span class='ocr_line' id='line_1_67' title="bbox 302 3315 1832 3388; baseline 0 -20"><span class='ocrx_word' id='word_1_516' title='bbox 302 3319 594 3388; x_wconf 82' lang='grc' dir='ltr'>σπέρμασιν</span> <span class='ocrx_word' id='word_1_517' title='bbox 640 3316 1088 3386; x_wconf 80' lang='grc' dir='ltr'>ἀπορρητοτέρων</span> <span class='ocrx_word' id='word_1_518' title='bbox 1116 3315 1206 3366; x_wconf 74' lang='grc' dir='ltr'><strong>καὶ</strong></span> <span class='ocrx_word' id='word_1_519' title='bbox 1230 3315 1533 3384; x_wconf 87' lang='grc' dir='ltr'>βαθυτέρων</span> <span class='ocrx_word' id='word_1_520' title='bbox 1559 3315 1832 3385; x_wconf 84' lang='grc' dir='ltr'>χρησάμε-</span> 
     </span>
    </p>
   </div>
   <div class='ocr_carea' id='block_1_68' title="bbox 302 3403 1833 3473">
    <p class='ocr_par' dir='ltr' id='par_1_68' title="bbox 302 3403 1833 3473">
     <span class='ocr_line' id='line_1_68' title="bbox 302 3403 1833 3473; baseline -0.002 -14"><span class='ocrx_word' id='word_1_521' title='bbox 302 3423 392 3469; x_wconf 87' lang='grc' dir='ltr'>νοι,</span> <span class='ocrx_word' id='word_1_522' title='bbox 424 3411 533 3469; x_wconf 85' lang='grc' dir='ltr'>τοῖς</span> <span class='ocrx_word' id='word_1_523' title='bbox 562 3408 668 3459; x_wconf 73' lang='grc' dir='ltr'>ὑπὸ</span> <span class='ocrx_word' id='word_1_524' title='bbox 703 3403 980 3458; x_wconf 80' lang='grc' dir='ltr'>Μωῦσέως</span> <span class='ocrx_word' id='word_1_525' title='bbox 1007 3405 1101 3456; x_wconf 80' lang='grc' dir='ltr'><strong>καὶ</strong></span> <span class='ocrx_word' id='word_1_526' title='bbox 1139 3403 1244 3455; x_wconf 85' lang='grc' dir='ltr'><strong>τῶν</strong></span> <span class='ocrx_word' id='word_1_527' title='bbox 1274 3404 1558 3472; x_wconf 79' lang='grc' dir='ltr'>προφητῶν</span> <span class='ocrx_word' id='word_1_528' title='bbox 1585 3405 1833 3473; x_wconf 82' lang='grc' dir='ltr'>νενοημέ-</span> 
     </span>
    </p>
   </div>
   <div class='ocr_carea' id='block_1_69' title="bbox 301 3491 1833 3565">
    <p class='ocr_par' dir='ltr' id='par_1_69' title="bbox 301 3491 1833 3565">
     <span class='ocr_line' id='line_1_69' title="bbox 301 3491 1833 3565; baseline -0.003 -17"><span class='ocrx_word' id='word_1_529' title='bbox 301 3513 400 3558; x_wconf 84' lang='grc' dir='ltr'>νοις</span> <span class='ocrx_word' id='word_1_530' title='bbox 454 3496 597 3565; x_wconf 77' lang='grc'><strong>(95).</strong></span> <span class='ocrx_word' id='word_1_531' title='bbox 626 3496 1009 3565; x_wconf 83' lang='grc' dir='ltr'>διαϐεϐήκασιν</span> <span class='ocrx_word' id='word_1_532' title='bbox 1054 3493 1145 3545; x_wconf 69' lang='lat' dir='ltr'><strong>ent</strong></span> <span class='ocrx_word' id='word_1_533' title='bbox 1193 3491 1252 3544; x_wconf 85' lang='grc' dir='ltr'>τὺ</span> <span class='ocrx_word' id='word_1_534' title='bbox 1289 3495 1365 3554; x_wconf 84' lang='grc' dir='ltr'><strong>είς</strong></span> <span class='ocrx_word' id='word_1_535' title='bbox 1412 3493 1833 3544; x_wconf 89' lang='grc' dir='ltr'>πολλαπλασίονα</span> 
     </span>
    </p>
   </div>
   <div class='ocr_carea' id='block_1_70' title="bbox 305 3581 1834 3654">
    <p class='ocr_par' dir='ltr' id='par_1_70' title="bbox 305 3581 1834 3654">
     <span class='ocr_line' id='line_1_70' title="bbox 305 3581 1834 3654; baseline -0.003 -17"><span class='ocrx_word' id='word_1_536' title='bbox 305 3585 490 3654; x_wconf 80' lang='grc' dir='ltr'>φθάσαι</span> <span class='ocrx_word' id='word_1_537' title='bbox 514 3586 612 3654; x_wconf 88' lang='grc' dir='ltr'><strong>τῆς</strong></span> <span class='ocrx_word' id='word_1_538' title='bbox 635 3584 892 3653; x_wconf 87' lang='grc' dir='ltr'>ἀληθείας</span> <span class='ocrx_word' id='word_1_539' title='bbox 912 3583 1175 3652; x_wconf 87' lang='grc' dir='ltr'>θεάματα,</span> <span class='ocrx_word' id='word_1_540' title='bbox 1217 3581 1386 3651; x_wconf 87' lang='grc' dir='ltr'>Ἰησοῦ</span> <span class='ocrx_word' id='word_1_541' title='bbox 1415 3582 1720 3650; x_wconf 77' lang='grc' dir='ltr'>ἐπαίροντος</span> <span class='ocrx_word' id='word_1_542' title='bbox 1746 3581 1834 3633; x_wconf 78' lang='grc' dir='ltr'>αὑ-</span> 
     </span>
    </p>
   </div>
   <div class='ocr_carea' id='block_1_71' title="bbox 301 3670 1832 3741">
    <p class='ocr_par' dir='ltr' id='par_1_71' title="bbox 301 3670 1832 3741">
     <span class='ocr_line' id='line_1_71' title="bbox 301 3670 1832 3741; baseline -0.003 -15"><span class='ocrx_word' id='word_1_543' title='bbox 301 3674 397 3726; x_wconf 87' lang='grc' dir='ltr'><strong>τῶν</strong></span> <span class='ocrx_word' id='word_1_544' title='bbox 427 3675 548 3737; x_wconf 81' lang='grc' dir='ltr'>τοὺς</span> <span class='ocrx_word' id='word_1_545' title='bbox 578 3673 908 3741; x_wconf 82' lang='grc' dir='ltr'>ὀφθαλμοὺς,</span> <span class='ocrx_word' id='word_1_546' title='bbox 939 3672 1032 3723; x_wconf 74' lang='grc' dir='ltr'>καὶ</span> <span class='ocrx_word' id='word_1_547' title='bbox 1059 3670 1370 3738; x_wconf 79' lang='grc' dir='ltr'>φωτίζοντος</span> <span class='ocrx_word' id='word_1_548' title='bbox 1393 3670 1566 3722; x_wconf 81' lang='grc' dir='ltr'>αὐτῶν</span> <span class='ocrx_word' id='word_1_549' title='bbox 1599 3670 1694 3732; x_wconf 80' lang='grc' dir='ltr'>τὰς</span> <span class='ocrx_word' id='word_1_550' title='bbox 1719 3671 1832 3722; x_wconf 83' lang='grc' dir='ltr'>δια-</span> 
     </span>
    </p>
   </div>
   <div class='ocr_carea' id='block_1_72' title="bbox 302 3757 1834 3832">
    <p class='ocr_par' dir='ltr' id='par_1_72' title="bbox 302 3757 1834 3832">
     <span class='ocr_line' id='line_1_72' title="bbox 302 3757 1834 3832; baseline -0.003 -19"><span class='ocrx_word' id='word_1_551' title='bbox 302 3762 453 3825; x_wconf 83' lang='grc' dir='ltr'>νοίας,</span> <span class='ocrx_word' id='word_1_552' title='bbox 497 3763 590 3814; x_wconf 78' lang='grc' dir='ltr'>καὶ</span> <span class='ocrx_word' id='word_1_553' title='bbox 621 3759 689 3832; x_wconf 74' lang='grc' dir='ltr'><strong>ἦν</strong></span> <span class='ocrx_word' id='word_1_554' title='bbox 729 3760 798 3812; x_wconf 86' lang='grc' dir='ltr'>τὰ</span> <span class='ocrx_word' id='word_1_555' title='bbox 845 3758 1271 3811; x_wconf 89' lang='grc' dir='ltr'>πολλαπλασίονα</span> <span class='ocrx_word' id='word_1_556' title='bbox 1306 3757 1555 3826; x_wconf 81' lang='grc' dir='ltr'>θερισμὸς</span> <span class='ocrx_word' id='word_1_557' title='bbox 1585 3758 1688 3808; x_wconf 92' lang='grc' dir='ltr'><strong>τῶν</strong></span> <span class='ocrx_word' id='word_1_558' title='bbox 1717 3759 1834 3809; x_wconf 88' lang='grc' dir='ltr'>λευ-</span> 
     </span>
    </p>
   </div>
   <div class='ocr_carea' id='block_1_73' title="bbox 302 3846 1833 3921">
    <p class='ocr_par' dir='ltr' id='par_1_73' title="bbox 302 3846 1833 3921">
     <span class='ocr_line' id='line_1_73' title="bbox 302 3846 1833 3921; baseline -0.003 -18"><span class='ocrx_word' id='word_1_559' title='bbox 302 3851 400 3904; x_wconf 85' lang='grc' dir='ltr'><strong>κῶν</strong></span> <span class='ocrx_word' id='word_1_560' title='bbox 425 3852 532 3921; x_wconf 85' lang='lat'><strong>(96)</strong></span> <span class='ocrx_word' id='word_1_561' title='bbox 565 3850 778 3921; x_wconf 76' lang='grc' dir='ltr'>χωρῶνο</span> <span class='ocrx_word' id='word_1_562' title='bbox 804 3850 900 3919; x_wconf 85' lang='grc' dir='ltr'><strong>οὐχ</strong></span> <span class='ocrx_word' id='word_1_563' title='bbox 929 3849 1003 3910; x_wconf 89' lang='grc' dir='ltr'>ὡς</span> <span class='ocrx_word' id='word_1_564' title='bbox 1025 3848 1388 3917; x_wconf 80' lang='grc' dir='ltr'>ὑποδεέστεροι</span> <span class='ocrx_word' id='word_1_565' title='bbox 1418 3846 1473 3897; x_wconf 82' lang='grc' dir='ltr'>δὲ</span> <span class='ocrx_word' id='word_1_566' title='bbox 1505 3847 1550 3898; x_wconf 90' lang='grc' dir='ltr'><strong>οί</strong></span> <span class='ocrx_word' id='word_1_567' title='bbox 1569 3847 1833 3916; x_wconf 82' lang='grc' dir='ltr'>προφῆται</span> 
     </span>
    </p>
   </div>
   <div class='ocr_carea' id='block_1_74' title="bbox 303 3932 1834 4010">
    <p class='ocr_par' dir='ltr' id='par_1_74' title="bbox 303 3932 1834 4010">
     <span class='ocr_line' id='line_1_74' title="bbox 303 3932 1834 4010; baseline -0.003 -18"><span class='ocrx_word' id='word_1_568' title='bbox 303 3942 384 3994; x_wconf 68' lang='grc' dir='ltr'><strong>καὶ</strong></span> <span class='ocrx_word' id='word_1_569' title='bbox 404 3943 604 4010; x_wconf 83' lang='grc' dir='ltr'>Μωσῆς</span> <span class='ocrx_word' id='word_1_570' title='bbox 649 3938 888 4008; x_wconf 88' lang='grc' dir='ltr'>ἀρχῆθεν</span> <span class='ocrx_word' id='word_1_571' title='bbox 917 3938 1017 3989; x_wconf 85' lang='grc' dir='ltr'><strong>οὐκ</strong></span> <span class='ocrx_word' id='word_1_572' title='bbox 1044 3932 1178 3988; x_wconf 77' lang='grc' dir='ltr'>εἶδον</span> <span class='ocrx_word' id='word_1_573' title='bbox 1213 3935 1321 4005; x_wconf 87' lang='lat'><strong>(97)</strong></span> <span class='ocrx_word' id='word_1_574' title='bbox 1351 3937 1448 3988; x_wconf 84' lang='grc' dir='ltr'>ὃσα</span> <span class='ocrx_word' id='word_1_575' title='bbox 1477 3935 1526 3986; x_wconf 76' lang='grc' dir='ltr'>οἱ</span> <span class='ocrx_word' id='word_1_576' title='bbox 1558 3935 1834 3988; x_wconf 83' lang='grc' dir='ltr'>ἀπόστολοι</span> 
     </span>
    </p>
   </div>
   <div class='ocr_carea' id='block_1_75' title="bbox 303 4021 1835 4097">
    <p class='ocr_par' dir='ltr' id='par_1_75' title="bbox 303 4021 1835 4097">
     <span class='ocr_line' id='line_1_75' title="bbox 303 4021 1835 4097; baseline -0.005 -16"><span class='ocrx_word' id='word_1_577' title='bbox 303 4028 429 4081; x_wconf 81' lang='grc' dir='ltr'><strong>κατά</strong></span> <span class='ocrx_word' id='word_1_578' title='bbox 449 4027 545 4097; x_wconf 83' lang='grc' dir='ltr'>τὴν</span> <span class='ocrx_word' id='word_1_579' title='bbox 585 4026 761 4096; x_wconf 83' lang='grc' dir='ltr'>Ἰησοῦ</span> <span class='ocrx_word' id='word_1_580' title='bbox 792 4025 1098 4095; x_wconf 85' lang='grc' dir='ltr'>ἐπιδημίαν,</span> <span class='ocrx_word' id='word_1_581' title='bbox 1124 4023 1234 4075; x_wconf 77' lang='grc' dir='ltr'>ἀλλ’</span> <span class='ocrx_word' id='word_1_582' title='bbox 1267 4023 1341 4084; x_wconf 87' lang='grc' dir='ltr'>ὼς</span> <span class='ocrx_word' id='word_1_583' title='bbox 1381 4021 1753 4091; x_wconf 88' lang='grc' dir='ltr'>περιμένοντες</span> <span class='ocrx_word' id='word_1_584' title='bbox 1777 4023 1835 4074; x_wconf 81' lang='grc' dir='ltr'><strong>τὸ</strong></span> 
     </span>
    </p>
   </div>
   <div class='ocr_carea' id='block_1_76' title="bbox 301 4105 1834 4186">
    <p class='ocr_par' dir='ltr' id='par_1_76' title="bbox 301 4105 1834 4186">
     <span class='ocr_line' id='line_1_76' title="bbox 301 4105 1834 4186; baseline -0.006 -17"><span class='ocrx_word' id='word_1_585' title='bbox 301 4117 558 4186; x_wconf 78' lang='grc' dir='ltr'>πλήρωμα</span> <span class='ocrx_word' id='word_1_586' title='bbox 581 4115 676 4167; x_wconf 89' lang='grc' dir='ltr'><strong>τοῦ</strong></span> <span class='ocrx_word' id='word_1_587' title='bbox 697 4115 909 4184; x_wconf 87' lang='grc' dir='ltr'>χρόνου,</span> <span class='ocrx_word' id='word_1_588' title='bbox 936 4115 992 4164; x_wconf 88' lang='grc' dir='ltr'><strong>ἐν</strong></span> <span class='ocrx_word' id='word_1_589' title='bbox 1013 4105 1056 4178; x_wconf 80' lang='grc' dir='ltr'>ᾧ</span> <span class='ocrx_word' id='word_1_590' title='bbox 1079 4111 1240 4181; x_wconf 86' lang='grc' dir='ltr'>ἐχρῆν</span> <span class='ocrx_word' id='word_1_591' title='bbox 1280 4110 1414 4181; x_wconf 86' lang='grc' dir='ltr'>μετὰ</span> <span class='ocrx_word' id='word_1_592' title='bbox 1439 4109 1528 4161; x_wconf 90' lang='grc' dir='ltr'><strong>τοῦ</strong></span> <span class='ocrx_word' id='word_1_593' title='bbox 1567 4110 1834 4179; x_wconf 81' lang='grc' dir='ltr'>ἐξαιρέτου</span> 
     </span>
    </p>
   </div>
   <div class='ocr_carea' id='block_1_77' title="bbox 300 4197 1835 4274">
    <p class='ocr_par' dir='ltr' id='par_1_77' title="bbox 300 4197 1835 4274">
     <span class='ocr_line' id='line_1_77' title="bbox 300 4197 1835 4274; baseline -0.006 -17"><span class='ocrx_word' id='word_1_594' title='bbox 300 4206 387 4274; x_wconf 82' lang='grc' dir='ltr'><strong>τῆς</strong></span> <span class='ocrx_word' id='word_1_595' title='bbox 426 4204 596 4274; x_wconf 81' lang='grc' dir='ltr'>Ἰησοῦ</span> <span class='ocrx_word' id='word_1_596' title='bbox 621 4202 857 4273; x_wconf 75' lang='grc' dir='ltr'>Χριστοῦ</span> <span class='ocrx_word' id='word_1_597' title='bbox 878 4201 1183 4270; x_wconf 85' lang='grc' dir='ltr'>ἐπιδημίας,</span> <span class='ocrx_word' id='word_1_598' title='bbox 1215 4200 1305 4252; x_wconf 77' lang='grc' dir='ltr'><strong>καὶ</strong></span> <span class='ocrx_word' id='word_1_599' title='bbox 1336 4198 1578 4267; x_wconf 80' lang='grc' dir='ltr'>ἐξαίρετα</span> <span class='ocrx_word' id='word_1_600' title='bbox 1603 4198 1746 4267; x_wconf 83' lang='grc' dir='ltr'>παρὰ</span> <span class='ocrx_word' id='word_1_601' title='bbox 1770 4197 1835 4249; x_wconf 83' lang='grc' dir='ltr'>τὰ</span> 
     </span>
    </p>
   </div>
   <div class='ocr_carea' id='block_1_78' title="bbox 1929 3045 3448 3116">
    <p class='ocr_par' dir='ltr' id='par_1_78' title="bbox 1929 3045 3448 3116">
     <span class='ocr_line' id='line_1_78' title="bbox 1929 3045 3448 3116; baseline 0.001 -18"><span class='ocrx_word' id='word_1_602' title='bbox 1929 3045 2082 3110; x_wconf 77' lang='lat' dir='ltr'><strong>juxta</strong></span> <span class='ocrx_word' id='word_1_603' title='bbox 2109 3047 2436 3114; x_wconf 89' lang='lat' dir='ltr'><strong>spiritualem</strong></span> <span class='ocrx_word' id='word_1_604' title='bbox 2471 3049 2892 3116; x_wconf 84' lang='lat' dir='ltr'><strong>intelligentiam,</strong></span> <span class='ocrx_word' id='word_1_605' title='bbox 2927 3057 3017 3112; x_wconf 85' lang='grc' dir='ltr'><strong>ει,</strong></span> <span class='ocrx_word' id='word_1_606' title='bbox 3063 3058 3120 3101; x_wconf 94' lang='lat' dir='ltr'><strong>ut</strong></span> <span class='ocrx_word' id='word_1_607' title='bbox 3147 3049 3448 3115; x_wconf 80' lang='lat' dir='ltr'><strong>oportebat.</strong></span> 
     </span>
    </p>
   </div>
   <div class='ocr_carea' id='block_1_79' title="bbox 1935 3135 3448 3202">
    <p class='ocr_par' dir='ltr' id='par_1_79' title="bbox 1935 3135 3448 3202">
     <span class='ocr_line' id='line_1_79' title="bbox 1935 3135 3448 3202; baseline 0.002 -16"><span class='ocrx_word' id='word_1_608' title='bbox 1935 3142 2068 3186; x_wconf 90' lang='lat' dir='ltr'><strong>tecte</strong></span> <span class='ocrx_word' id='word_1_609' title='bbox 2097 3142 2152 3186; x_wconf 90' lang='lat' dir='ltr'><strong>et</strong></span> <span class='ocrx_word' id='word_1_610' title='bbox 2180 3135 2514 3187; x_wconf 89' lang='lat' dir='ltr'><strong>considerate</strong></span> <span class='ocrx_word' id='word_1_611' title='bbox 2541 3135 2742 3202; x_wconf 89' lang='lat' dir='ltr'><strong>scripta</strong></span> <span class='ocrx_word' id='word_1_612' title='bbox 2769 3174 2782 3196; x_wconf 94' lang='lat'><strong>,</strong></span> <span class='ocrx_word' id='word_1_613' title='bbox 2815 3148 2875 3186; x_wconf 88' lang='lat' dir='ltr'><strong>ea</strong></span> <span class='ocrx_word' id='word_1_614' title='bbox 2906 3149 3027 3188; x_wconf 83' lang='lat' dir='ltr'><strong>esse</strong></span> <span class='ocrx_word' id='word_1_615' title='bbox 3047 3149 3164 3202; x_wconf 72' lang='lat' dir='ltr'><strong>qua:</strong></span> <span class='ocrx_word' id='word_1_616' title='bbox 3190 3136 3448 3189; x_wconf 83' lang='lat' dir='ltr'><strong>seminata</strong></span> 
     </span>
    </p>
   </div>
   <div class='ocr_carea' id='block_1_80' title="bbox 1931 3222 3449 3291">
    <p class='ocr_par' dir='ltr' id='par_1_80' title="bbox 1931 3222 3449 3291">
     <span class='ocr_line' id='line_1_80' title="bbox 1931 3222 3449 3291; baseline 0.002 -18"><span class='ocrx_word' id='word_1_617' title='bbox 1931 3229 2097 3285; x_wconf 89' lang='lat' dir='ltr'><strong>sunt;</strong></span> <span class='ocrx_word' id='word_1_618' title='bbox 2148 3222 2398 3288; x_wconf 86' lang='lat' dir='ltr'><strong>quoniam</strong></span> <span class='ocrx_word' id='word_1_619' title='bbox 2445 3232 2622 3275; x_wconf 89' lang='lat' dir='ltr'><strong>autem</strong></span> <span class='ocrx_word' id='word_1_620' title='bbox 2657 3241 2674 3272; x_wconf 77' lang='grc' dir='ltr'><strong>ι</strong></span> <span class='ocrx_word' id='word_1_621' title='bbox 2719 3223 2763 3276; x_wconf 91' lang='lat' dir='ltr'><strong>si</strong></span> <span class='ocrx_word' id='word_1_622' title='bbox 2809 3237 3108 3276; x_wconf 89' lang='lat' dir='ltr'><strong>sermonem</strong></span> <span class='ocrx_word' id='word_1_623' title='bbox 3156 3223 3449 3291; x_wconf 88' lang='lat' dir='ltr'><strong>sapientem</strong></span> 
     </span>
    </p>
   </div>
   <div class='ocr_carea' id='block_1_81' title="bbox 1933 3308 3450 3379">
    <p class='ocr_par' dir='ltr' id='par_1_81' title="bbox 1933 3308 3450 3379">
     <span class='ocr_line' id='line_1_81' title="bbox 1933 3308 3450 3379; baseline 0.001 -17"><span class='ocrx_word' id='word_1_624' title='bbox 1933 3308 2164 3362; x_wconf 89' lang='lat' dir='ltr'><strong>audierit</strong></span> <span class='ocrx_word' id='word_1_625' title='bbox 2208 3309 2443 3376; x_wconf 86' lang='lat' dir='ltr'><strong>sapiens,</strong></span> <span class='ocrx_word' id='word_1_626' title='bbox 2492 3309 2728 3363; x_wconf 87' lang='lat' dir='ltr'><strong>laudabit</strong></span> <span class='ocrx_word' id='word_1_627' title='bbox 2765 3325 2920 3375; x_wconf 91' lang='lat' dir='ltr'><strong>eum,</strong></span> <span class='ocrx_word' id='word_1_628' title='bbox 2947 3318 3001 3364; x_wconf 91' lang='lat' dir='ltr'><strong>et</strong></span> <span class='ocrx_word' id='word_1_629' title='bbox 3030 3311 3095 3364; x_wconf 92' lang='lat' dir='ltr'><strong>ad</strong></span> <span class='ocrx_word' id='word_1_630' title='bbox 3129 3313 3300 3379; x_wconf 90' lang='lat' dir='ltr'><strong>ipsum</strong></span> <span class='ocrx_word' id='word_1_631' title='bbox 3354 3313 3450 3364; x_wconf 84' lang='lat' dir='ltr'><strong>ad-</strong></span> 
     </span>
    </p>
   </div>
   <div class='ocr_carea' id='block_1_82' title="bbox 1935 3397 3454 3468">
    <p class='ocr_par' dir='ltr' id='par_1_82' title="bbox 1935 3397 3454 3468">
     <span class='ocr_line' id='line_1_82' title="bbox 1935 3397 3454 3468; baseline 0.001 -18"><span class='ocrx_word' id='word_1_632' title='bbox 1935 3397 2126 3460; x_wconf 65' lang='lat' dir='ltr'><strong>det&quot;,i</strong></span> <span class='ocrx_word' id='word_1_633' title='bbox 2157 3399 2493 3464; x_wconf 90' lang='lat' dir='ltr'><strong>perspicuum</strong></span> <span class='ocrx_word' id='word_1_634' title='bbox 2522 3412 2640 3450; x_wconf 90' lang='lat' dir='ltr'><strong>esse</strong></span> <span class='ocrx_word' id='word_1_635' title='bbox 2667 3398 2935 3464; x_wconf 85' lang='lat' dir='ltr'><strong>apostolos</strong></span> <span class='ocrx_word' id='word_1_636' title='bbox 2966 3413 3142 3452; x_wconf 92' lang='lat' dir='ltr'><strong>rerum</strong></span> <span class='ocrx_word' id='word_1_637' title='bbox 3177 3399 3342 3468; x_wconf 88' lang='lat' dir='ltr'><strong>magis</strong></span> <span class='ocrx_word' id='word_1_638' title='bbox 3368 3413 3454 3452; x_wconf 90' lang='lat' dir='ltr'><strong>re-</strong></span> 
     </span>
    </p>
   </div>
   <div class='ocr_carea' id='block_1_83' title="bbox 1934 3484 3454 3552">
    <p class='ocr_par' dir='ltr' id='par_1_83' title="bbox 1934 3484 3454 3552">
     <span class='ocr_line' id='line_1_83' title="bbox 1934 3484 3454 3552; baseline 0.001 -16"><span class='ocrx_word' id='word_1_639' title='bbox 1934 3484 2266 3537; x_wconf 82' lang='lat' dir='ltr'><strong>conditarum</strong></span> <span class='ocrx_word' id='word_1_640' title='bbox 2306 3493 2359 3537; x_wconf 92' lang='lat' dir='ltr'><strong>et</strong></span> <span class='ocrx_word' id='word_1_641' title='bbox 2389 3485 2773 3552; x_wconf 74' lang='lat' dir='ltr'><strong>profundorum</strong></span> <span class='ocrx_word' id='word_1_642' title='bbox 2803 3499 2930 3538; x_wconf 81' lang='lat' dir='ltr'><strong>usos</strong></span> <span class='ocrx_word' id='word_1_643' title='bbox 2974 3485 3289 3551; x_wconf 89' lang='lat' dir='ltr'><strong>seminibus,</strong></span> <span class='ocrx_word' id='word_1_644' title='bbox 3337 3499 3454 3551; x_wconf 60' lang='lat' dir='ltr'><strong>quae</strong></span> 
     </span>
    </p>
   </div>
   <div class='ocr_carea' id='block_1_84' title="bbox 1934 3572 3456 3643">
    <p class='ocr_par' dir='ltr' id='par_1_84' title="bbox 1934 3572 3456 3643">
     <span class='ocr_line' id='line_1_84' title="bbox 1934 3572 3456 3643; baseline 0.003 -19"><span class='ocrx_word' id='word_1_645' title='bbox 1934 3572 2145 3642; x_wconf 85' lang='lat' dir='ltr'><strong>Moyses</strong></span> <span class='ocrx_word' id='word_1_646' title='bbox 2176 3582 2228 3628; x_wconf 87' lang='lat' dir='ltr'><strong>et</strong></span> <span class='ocrx_word' id='word_1_647' title='bbox 2260 3575 2532 3643; x_wconf 84' lang='lat' dir='ltr'><strong>prophetae</strong></span> <span class='ocrx_word' id='word_1_648' title='bbox 2570 3574 2965 3628; x_wconf 89' lang='lat' dir='ltr'><strong>distribuissent</strong></span> <span class='ocrx_word' id='word_1_649' title='bbox 2994 3613 3010 3638; x_wconf 92' lang='lat'><strong>,</strong></span> <span class='ocrx_word' id='word_1_650' title='bbox 3046 3589 3110 3628; x_wconf 95' lang='lat' dir='ltr'><strong>eo</strong></span> <span class='ocrx_word' id='word_1_651' title='bbox 3151 3574 3456 3641; x_wconf 84' lang='lat' dir='ltr'><strong>pervenisse</strong></span> 
     </span>
    </p>
   </div>
   <div class='ocr_carea' id='block_1_85' title="bbox 1935 3661 3453 3728">
    <p class='ocr_par' dir='ltr' id='par_1_85' title="bbox 1935 3661 3453 3728">
     <span class='ocr_line' id='line_1_85' title="bbox 1935 3661 3453 3728; baseline -0.001 -14"><span class='ocrx_word' id='word_1_652' title='bbox 1935 3669 1995 3714; x_wconf 92' lang='lat' dir='ltr'><strong>ut</strong></span> <span class='ocrx_word' id='word_1_653' title='bbox 2031 3671 2440 3728; x_wconf 86' lang='lat' dir='ltr'><strong>assequerentur</strong></span> <span class='ocrx_word' id='word_1_654' title='bbox 2471 3663 2700 3716; x_wconf 88' lang='lat' dir='ltr'><strong>visiones</strong></span> <span class='ocrx_word' id='word_1_655' title='bbox 2727 3662 2970 3714; x_wconf 87' lang='lat' dir='ltr'><strong>veritatis</strong></span> <span class='ocrx_word' id='word_1_656' title='bbox 2993 3661 3155 3713; x_wconf 91' lang='lat' dir='ltr'><strong>multo</strong></span> <span class='ocrx_word' id='word_1_657' title='bbox 3188 3662 3453 3728; x_wconf 81' lang='lat' dir='ltr'><strong>copiosio-</strong></span> 
     </span>
    </p>
   </div>
   <div class='ocr_carea' id='block_1_86' title="bbox 1938 3745 3453 3814">
    <p class='ocr_par' dir='ltr' id='par_1_86' title="bbox 1938 3745 3453 3814">
     <span class='ocr_line' id='line_1_86' title="bbox 1938 3745 3453 3814; baseline -0.003 -14"><span class='ocrx_word' id='word_1_658' title='bbox 1938 3760 2042 3809; x_wconf 87' lang='lat' dir='ltr'><strong>res,</strong></span> <span class='ocrx_word' id='word_1_659' title='bbox 2075 3746 2233 3814; x_wconf 73' lang='lat'><strong>260</strong></span> <span class='ocrx_word' id='word_1_660' title='bbox 2262 3747 2509 3800; x_wconf 87' lang='lat' dir='ltr'><strong>nimirum</strong></span> <span class='ocrx_word' id='word_1_661' title='bbox 2542 3747 2667 3800; x_wconf 82' lang='lat' dir='ltr'><strong>Jesu</strong></span> <span class='ocrx_word' id='word_1_662' title='bbox 2711 3747 2916 3800; x_wconf 90' lang='lat' dir='ltr'><strong>illorum</strong></span> <span class='ocrx_word' id='word_1_663' title='bbox 2949 3746 3130 3800; x_wconf 86' lang='lat' dir='ltr'><strong>oculos</strong></span> <span class='ocrx_word' id='word_1_664' title='bbox 3157 3745 3453 3810; x_wconf 84' lang='lat' dir='ltr'><strong>attollente,</strong></span> 
     </span>
    </p>
   </div>
   <div class='ocr_carea' id='block_1_87' title="bbox 1935 3833 3456 3902">
    <p class='ocr_par' dir='ltr' id='par_1_87' title="bbox 1935 3833 3456 3902">
     <span class='ocr_line' id='line_1_87' title="bbox 1935 3833 3456 3902; baseline -0.001 -15"><span class='ocrx_word' id='word_1_665' title='bbox 1935 3842 1989 3887; x_wconf 89' lang='lat' dir='ltr'><strong>et</strong></span> <span class='ocrx_word' id='word_1_666' title='bbox 2015 3834 2356 3888; x_wconf 82' lang='lat' dir='ltr'><strong>illucescente</strong></span> <span class='ocrx_word' id='word_1_667' title='bbox 2407 3833 2617 3886; x_wconf 91' lang='lat' dir='ltr'><strong>illorum</strong></span> <span class='ocrx_word' id='word_1_668' title='bbox 2653 3834 2938 3898; x_wconf 89' lang='lat' dir='ltr'><strong>mentibus,</strong></span> <span class='ocrx_word' id='word_1_669' title='bbox 2969 3849 3084 3900; x_wconf 66' lang='lat' dir='ltr'><strong>quae</strong></span> <span class='ocrx_word' id='word_1_670' title='bbox 3131 3835 3456 3902; x_wconf 86' lang='lat' dir='ltr'><strong>c0piosiores</strong></span> 
     </span>
    </p>
   </div>
   <div class='ocr_carea' id='block_1_88' title="bbox 1935 3923 3453 3992">
    <p class='ocr_par' dir='ltr' id='par_1_88' title="bbox 1935 3923 3453 3992">
     <span class='ocr_line' id='line_1_88' title="bbox 1935 3923 3453 3992; baseline 0 -16"><span class='ocrx_word' id='word_1_671' title='bbox 1935 3924 2167 3977; x_wconf 89' lang='lat' dir='ltr'><strong>visiones</strong></span> <span class='ocrx_word' id='word_1_672' title='bbox 2196 3925 2386 3978; x_wconf 88' lang='lat' dir='ltr'><strong>messis</strong></span> <span class='ocrx_word' id='word_1_673' title='bbox 2411 3925 2686 3992; x_wconf 89' lang='lat' dir='ltr'><strong>regionum</strong></span> <span class='ocrx_word' id='word_1_674' title='bbox 2713 3923 2954 3977; x_wconf 89' lang='lat' dir='ltr'><strong>albarum</strong></span> <span class='ocrx_word' id='word_1_675' title='bbox 2981 3932 3136 3977; x_wconf 91' lang='lat' dir='ltr'><strong>erant</strong></span> <span class='ocrx_word' id='word_1_676' title='bbox 3164 3941 3178 3976; x_wconf 90' lang='lat'><strong>:</strong></span> <span class='ocrx_word' id='word_1_677' title='bbox 3205 3933 3453 3977; x_wconf 67' lang='lat' dir='ltr'><strong>ueterum</strong></span> 
     </span>
    </p>
   </div>
   <div class='ocr_carea' id='block_1_89' title="bbox 1938 4009 3454 4078">
    <p class='ocr_par' dir='ltr' id='par_1_89' title="bbox 1938 4009 3454 4078">
     <span class='ocr_line' id='line_1_89' title="bbox 1938 4009 3454 4078; baseline -0.001 -17"><span class='ocrx_word' id='word_1_678' title='bbox 1938 4023 2043 4062; x_wconf 92' lang='lat' dir='ltr'><strong>non</strong></span> <span class='ocrx_word' id='word_1_679' title='bbox 2072 4009 2196 4076; x_wconf 90' lang='lat' dir='ltr'><strong>quia</strong></span> <span class='ocrx_word' id='word_1_680' title='bbox 2225 4009 2422 4062; x_wconf 90' lang='lat' dir='ltr'><strong>fuerint</strong></span> <span class='ocrx_word' id='word_1_681' title='bbox 2463 4010 2780 4078; x_wconf 75' lang='lat' dir='ltr'><strong>abiectiores</strong></span> <span class='ocrx_word' id='word_1_682' title='bbox 2808 4011 3074 4077; x_wconf 74' lang='lat' dir='ltr'><strong>propheta:</strong></span> <span class='ocrx_word' id='word_1_683' title='bbox 3103 4025 3164 4064; x_wconf 89' lang='lat' dir='ltr'><strong>ac</strong></span> <span class='ocrx_word' id='word_1_684' title='bbox 3187 4010 3375 4072; x_wconf 78' lang='lat' dir='ltr'><strong>Moses,</strong></span> <span class='ocrx_word' id='word_1_685' title='bbox 3424 4024 3454 4060; x_wconf 92' lang='lat' dir='ltr'><strong>a</strong></span> 
     </span>
    </p>
   </div>
   <div class='ocr_carea' id='block_1_90' title="bbox 1938 4096 3454 4165">
    <p class='ocr_par' dir='ltr' id='par_1_90' title="bbox 1938 4096 3454 4165">
     <span class='ocr_line' id='line_1_90' title="bbox 1938 4096 3454 4165; baseline 0 -17"><span class='ocrx_word' id='word_1_686' title='bbox 1938 4096 2195 4164; x_wconf 89' lang='lat' dir='ltr'><strong>principio</strong></span> <span class='ocrx_word' id='word_1_687' title='bbox 2240 4110 2333 4149; x_wconf 89' lang='lat' dir='ltr'><strong>eos</strong></span> <span class='ocrx_word' id='word_1_688' title='bbox 2363 4110 2467 4150; x_wconf 91' lang='lat' dir='ltr'><strong>non</strong></span> <span class='ocrx_word' id='word_1_689' title='bbox 2506 4097 2699 4150; x_wconf 87' lang='lat' dir='ltr'><strong>vidisse</strong></span> <span class='ocrx_word' id='word_1_690' title='bbox 2745 4097 2941 4162; x_wconf 90' lang='lat' dir='ltr'><strong>omnia,</strong></span> <span class='ocrx_word' id='word_1_691' title='bbox 2978 4111 3094 4164; x_wconf 67' lang='lat' dir='ltr'><strong>quae</strong></span> <span class='ocrx_word' id='word_1_692' title='bbox 3124 4096 3343 4165; x_wconf 88' lang='lat' dir='ltr'><strong>apostoli</strong></span> <span class='ocrx_word' id='word_1_693' title='bbox 3401 4096 3454 4148; x_wconf 89' lang='lat' dir='ltr'><strong>in</strong></span> 
     </span>
    </p>
   </div>
   <div class='ocr_carea' id='block_1_91' title="bbox 1937 4184 3458 4258">
    <p class='ocr_par' dir='ltr' id='par_1_91' title="bbox 1937 4184 3458 4258">
     <span class='ocr_line' id='line_1_91' title="bbox 1937 4184 3458 4258; baseline -0.001 -22"><span class='ocrx_word' id='word_1_694' title='bbox 1937 4185 2164 4237; x_wconf 86' lang='lat' dir='ltr'><strong>adventu</strong></span> <span class='ocrx_word' id='word_1_695' title='bbox 2195 4184 2392 4237; x_wconf 81' lang='lat' dir='ltr'><strong>Christi</strong></span> <span class='ocrx_word' id='word_1_696' title='bbox 2422 4212 2438 4258; x_wconf 76' lang='grc'><strong>;</strong></span> <span class='ocrx_word' id='word_1_697' title='bbox 2463 4184 2556 4236; x_wconf 90' lang='lat' dir='ltr'><strong>sed</strong></span> <span class='ocrx_word' id='word_1_698' title='bbox 2586 4185 2706 4252; x_wconf 89' lang='lat' dir='ltr'><strong>quia</strong></span> <span class='ocrx_word' id='word_1_699' title='bbox 2731 4185 2892 4237; x_wconf 91' lang='lat' dir='ltr'><strong>veluti</strong></span> <span class='ocrx_word' id='word_1_700' title='bbox 2920 4185 3295 4251; x_wconf 77' lang='lat' dir='ltr'><strong>exspectabant</strong></span> <span class='ocrx_word' id='word_1_701' title='bbox 3325 4192 3458 4237; x_wconf 93' lang='lat' dir='ltr'><strong>tem-</strong></span> 
     </span>
    </p>
   </div>
   <div class='ocr_carea' id='block_1_92' title="bbox 302 4271 1830 4362">
    <p class='ocr_par' dir='ltr' id='par_1_92' title="bbox 302 4271 1830 4362">
     <span class='ocr_line' id='line_1_92' title="bbox 302 4271 1830 4362; baseline -0.005 -18"><span class='ocrx_word' id='word_1_702' title='bbox 302 4271 625 4362; x_wconf 31' lang='lat' dir='ltr'><strong>te&#39;lalqpévat</strong></span> <span class='ocrx_word' id='word_1_703' title='bbox 679 4271 896 4341; x_wconf 82' lang='grc' dir='ltr'>πώποτε</span> <span class='ocrx_word' id='word_1_704' title='bbox 937 4290 994 4338; x_wconf 85' lang='grc' dir='ltr'><strong>ἐν</strong></span> <span class='ocrx_word' id='word_1_705' title='bbox 1040 4285 1117 4354; x_wconf 80' lang='grc' dir='ltr'>τῷ</span> <span class='ocrx_word' id='word_1_706' title='bbox 1169 4286 1352 4354; x_wconf 87' lang='grc' dir='ltr'>κόσμῳ</span> <span class='ocrx_word' id='word_1_707' title='bbox 1403 4286 1435 4355; x_wconf 83' lang='grc' dir='ltr'>ἢ</span> <span class='ocrx_word' id='word_1_708' title='bbox 1491 4285 1830 4354; x_wconf 85' lang='grc' dir='ltr'>γεγραμμένα</span> 
     </span>
    </p>
   </div>
   <div class='ocr_carea' id='block_1_93' title="bbox 1935 4271 3452 4362">
    <p class='ocr_par' dir='ltr' id='par_1_93' title="bbox 1939 4271 3452 4340">
     <span class='ocr_line' id='line_1_93' title="bbox 1939 4271 3452 4340; baseline 0.001 -20"><span class='ocrx_word' id='word_1_709' title='bbox 1939 4271 2080 4337; x_wconf 88' lang='lat' dir='ltr'><strong>poris</strong></span> <span class='ocrx_word' id='word_1_710' title='bbox 2141 4271 2574 4336; x_wconf 71' lang='lat' dir='ltr'><strong>plenitudinem:</strong></span> <span class='ocrx_word' id='word_1_711' title='bbox 2629 4287 2736 4338; x_wconf 88' lang='lat' dir='ltr'><strong>quo</strong></span> <span class='ocrx_word' id='word_1_712' title='bbox 2773 4274 2984 4339; x_wconf 87' lang='lat' dir='ltr'><strong>quidem</strong></span> <span class='ocrx_word' id='word_1_713' title='bbox 3040 4283 3276 4340; x_wconf 86' lang='lat' dir='ltr'><strong>tempore</strong></span> <span class='ocrx_word' id='word_1_714' title='bbox 3331 4285 3452 4324; x_wconf 86' lang='lat' dir='ltr'><strong>cum</strong></span> 
     </span>
    </p>
   </div>
   <div class='ocr_carea' id='block_1_94' title="bbox 301 4371 1833 4447">
    <p class='ocr_par' dir='ltr' id='par_1_94' title="bbox 301 4371 1833 4447">
     <span class='ocr_line' id='line_1_94' title="bbox 301 4371 1833 4447; baseline -0.008 -14"><span class='ocrx_word' id='word_1_715' title='bbox 301 4379 736 4447; x_wconf 78' lang='grc' dir='ltr'>ἀποκαλυφθῆναι</span> <span class='ocrx_word' id='word_1_716' title='bbox 787 4376 892 4427; x_wconf 85' lang='grc' dir='ltr'><strong>ἀπὸ</strong></span> <span class='ocrx_word' id='word_1_717' title='bbox 922 4375 1012 4427; x_wconf 87' lang='grc' dir='ltr'><strong>τοῦ</strong></span> <span class='ocrx_word' id='word_1_718' title='bbox 1047 4375 1141 4442; x_wconf 87' lang='grc' dir='ltr'><strong>ούχ</strong></span> <span class='ocrx_word' id='word_1_719' title='bbox 1170 4371 1452 4443; x_wconf 85' lang='grc' dir='ltr'>ἁρπαγμὸν</span> <span class='ocrx_word' id='word_1_720' title='bbox 1495 4372 1833 4441; x_wconf 79' lang='grc' dir='ltr'>ἡγησαμένου</span> 
     </span>
    </p>
   </div>
   <div class='ocr_carea' id='block_1_95' title="bbox 299 4461 1836 4536">
    <p class='ocr_par' dir='ltr' id='par_1_95' title="bbox 299 4461 1836 4536">
     <span class='ocr_line' id='line_1_95' title="bbox 299 4461 1836 4536; baseline -0.007 -14"><span class='ocrx_word' id='word_1_721' title='bbox 299 4470 352 4522; x_wconf 80' lang='grc' dir='ltr'><strong>τὸ</strong></span> <span class='ocrx_word' id='word_1_722' title='bbox 376 4467 512 4522; x_wconf 81' lang='grc' dir='ltr'>εἶναι</span> <span class='ocrx_word' id='word_1_723' title='bbox 559 4469 650 4520; x_wconf 82' lang='grc' dir='ltr'><strong>ἴσα</strong></span> <span class='ocrx_word' id='word_1_724' title='bbox 690 4467 827 4536; x_wconf 80' lang='grc' dir='ltr'>Θεῷ,</span> <span class='ocrx_word' id='word_1_725' title='bbox 869 4465 980 4518; x_wconf 87' lang='grc' dir='ltr'>ἀλλ’</span> <span class='ocrx_word' id='word_1_726' title='bbox 1022 4465 1207 4518; x_wconf 82' lang='grc' dir='ltr'>ἐαυτὸν</span> <span class='ocrx_word' id='word_1_727' title='bbox 1237 4461 1564 4525; x_wconf 86' lang='grc' dir='ltr'>κενώσαντος</span> <span class='ocrx_word' id='word_1_728' title='bbox 1590 4463 1682 4514; x_wconf 78' lang='grc' dir='ltr'>καὶ</span> <span class='ocrx_word' id='word_1_729' title='bbox 1707 4479 1836 4532; x_wconf 88' lang='grc' dir='ltr'>μορ-</span> 
     </span>
    </p>
   </div>
   <div class='ocr_carea' id='block_1_96' title="bbox 301 4554 927 4627">
    <p class='ocr_par' dir='ltr' id='par_1_96' title="bbox 301 4554 927 4627">
     <span class='ocr_line' id='line_1_96' title="bbox 301 4554 927 4627; baseline -0.006 -16"><span class='ocrx_word' id='word_1_730' title='bbox 301 4558 396 4627; x_wconf 63' lang='lat' dir='ltr'><strong>(pip;</strong></span> <span class='ocrx_word' id='word_1_731' title='bbox 416 4558 598 4611; x_wconf 85' lang='grc' dir='ltr'>δούλου</span> <span class='ocrx_word' id='word_1_732' title='bbox 627 4554 927 4624; x_wconf 85' lang='grc' dir='ltr'>εἰληφότος.</span> 
     </span>
    </p>
   </div>
   <div class='ocr_carea' id='block_1_97' title="bbox 362 4802 1836 4880">
    <p class='ocr_par' dir='ltr' id='par_1_97' title="bbox 362 4802 1836 4880">
     <span class='ocr_line' id='line_1_97' title="bbox 362 4802 1836 4880; baseline -0.009 -13"><span class='ocrx_word' id='word_1_733' title='bbox 362 4813 446 4867; x_wconf 66' lang='grc'><strong>6⁸7.</strong></span> <span class='ocrx_word' id='word_1_734' title='bbox 479 4833 497 4863; x_wconf 80' lang='grc' dir='ltr'><strong>ι</strong></span> <span class='ocrx_word' id='word_1_735' title='bbox 538 4813 636 4869; x_wconf 83' lang='grc' dir='ltr'>,Ἑν</span> <span class='ocrx_word' id='word_1_736' title='bbox 671 4809 783 4880; x_wconf 75' lang='grc' dir='ltr'>γὰρ</span> <span class='ocrx_word' id='word_1_737' title='bbox 821 4807 991 4876; x_wconf 82' lang='grc' dir='ltr'>τούτῳ</span> <span class='ocrx_word' id='word_1_738' title='bbox 1021 4807 1049 4857; x_wconf 86' lang='lat'><strong>6</strong></span> <span class='ocrx_word' id='word_1_739' title='bbox 1088 4804 1242 4870; x_wconf 89' lang='grc' dir='ltr'>λόγος</span> <span class='ocrx_word' id='word_1_740' title='bbox 1273 4803 1416 4856; x_wconf 76' lang='grc' dir='ltr'>ἐστὶν</span> <span class='ocrx_word' id='word_1_741' title='bbox 1447 4802 1710 4871; x_wconf 86' lang='grc' dir='ltr'>ἀληθινὸς,</span> <span class='ocrx_word' id='word_1_742' title='bbox 1758 4804 1836 4854; x_wconf 81' lang='grc' dir='ltr'><strong>ὅτι</strong></span> 
     </span>
    </p>
   </div>
   <div class='ocr_carea' id='block_1_98' title="bbox 307 4895 1839 4970">
    <p class='ocr_par' dir='ltr' id='par_1_98' title="bbox 307 4895 1839 4970">
     <span class='ocr_line' id='line_1_98' title="bbox 307 4895 1839 4970; baseline -0.006 -14"><span class='ocrx_word' id='word_1_743' title='bbox 307 4904 444 4968; x_wconf 67' lang='grc' dir='ltr'>ἄλλος</span> <span class='ocrx_word' id='word_1_744' title='bbox 472 4905 617 4958; x_wconf 75' lang='grc' dir='ltr'>ἐστὶν</span> <span class='ocrx_word' id='word_1_745' title='bbox 646 4907 676 4956; x_wconf 90' lang='lat'><strong>6</strong></span> <span class='ocrx_word' id='word_1_746' title='bbox 712 4902 969 4970; x_wconf 87' lang='grc' dir='ltr'>σπείρων,</span> <span class='ocrx_word' id='word_1_747' title='bbox 1000 4899 1094 4950; x_wconf 79' lang='grc' dir='ltr'>καὶ</span> <span class='ocrx_word' id='word_1_748' title='bbox 1132 4897 1284 4957; x_wconf 81' lang='grc' dir='ltr'>ἄλλος</span> <span class='ocrx_word' id='word_1_749' title='bbox 1306 4897 1334 4947; x_wconf 86' lang='lat'><strong>6</strong></span> <span class='ocrx_word' id='word_1_750' title='bbox 1369 4895 1609 4963; x_wconf 89' lang='grc' dir='ltr'>θερίζων.</span> <span class='ocrx_word' id='word_1_751' title='bbox 1665 4914 1681 4945; x_wconf 85' lang='grc' dir='ltr'><strong>ι</strong></span> <span class='ocrx_word' id='word_1_752' title='bbox 1718 4895 1839 4947; x_wconf 76' lang='grc' dir='ltr'>Εἴτε</span> 
     </span>
    </p>
   </div>
   <div class='ocr_carea' id='block_1_99' title="bbox 1936 4357 3461 4416">
    <p class='ocr_par' dir='ltr' id='par_1_99' title="bbox 1936 4357 3461 4416">
     <span class='ocr_line' id='line_1_99' title="bbox 1936 4357 3461 4416; baseline 0.003 -5"><span class='ocrx_word' id='word_1_753' title='bbox 1936 4359 2116 4412; x_wconf 81' lang='lat' dir='ltr'><strong>etitnii</strong></span> <span class='ocrx_word' id='word_1_754' title='bbox 2149 4358 2288 4412; x_wconf 89' lang='lat' dir='ltr'><strong>illius</strong></span> <span class='ocrx_word' id='word_1_755' title='bbox 2318 4357 2442 4412; x_wconf 85' lang='lat' dir='ltr'><strong>Jesu</strong></span> <span class='ocrx_word' id='word_1_756' title='bbox 2469 4358 2669 4412; x_wconf 85' lang='lat' dir='ltr'><strong>Christi</strong></span> <span class='ocrx_word' id='word_1_757' title='bbox 2717 4359 2942 4413; x_wconf 90' lang='lat' dir='ltr'><strong>adventu</strong></span> <span class='ocrx_word' id='word_1_758' title='bbox 2977 4361 3258 4413; x_wconf 80' lang='lat' dir='ltr'><strong>revelanda</strong></span> <span class='ocrx_word' id='word_1_759' title='bbox 3309 4372 3461 4416; x_wconf 88' lang='lat' dir='ltr'><strong>erant</strong></span> 
     </span>
    </p>
   </div>
   <div class='ocr_carea' id='block_1_100' title="bbox 1937 4451 3459 4519">
    <p class='ocr_par' dir='ltr' id='par_1_100' title="bbox 1937 4451 3459 4519">
     <span class='ocr_line' id='line_1_100' title="bbox 1937 4451 3459 4519; baseline 0.002 -17"><span class='ocrx_word' id='word_1_760' title='bbox 1937 4451 2095 4503; x_wconf 86' lang='lat' dir='ltr'><strong>etiam</strong></span> <span class='ocrx_word' id='word_1_761' title='bbox 2119 4451 2496 4506; x_wconf 83' lang='lat' dir='ltr'><strong>excellentiora</strong></span> <span class='ocrx_word' id='word_1_762' title='bbox 2543 4451 2628 4506; x_wconf 91' lang='lat' dir='ltr'><strong>his</strong></span> <span class='ocrx_word' id='word_1_763' title='bbox 2672 4467 2788 4519; x_wconf 65' lang='lat' dir='ltr'><strong>qua:</strong></span> <span class='ocrx_word' id='word_1_764' title='bbox 2818 4467 3046 4518; x_wconf 85' lang='lat' dir='ltr'><strong>unquam</strong></span> <span class='ocrx_word' id='word_1_765' title='bbox 3083 4452 3164 4505; x_wconf 89' lang='lat' dir='ltr'><strong>vel</strong></span> <span class='ocrx_word' id='word_1_766' title='bbox 3211 4453 3347 4506; x_wconf 89' lang='lat' dir='ltr'><strong>dicta</strong></span> <span class='ocrx_word' id='word_1_767' title='bbox 3376 4454 3459 4505; x_wconf 86' lang='lat' dir='ltr'><strong>vel</strong></span> 
     </span>
    </p>
   </div>
   <div class='ocr_carea' id='block_1_101' title="bbox 1937 4542 3455 4610">
    <p class='ocr_par' dir='ltr' id='par_1_101' title="bbox 1937 4542 3455 4610">
     <span class='ocr_line' id='line_1_101' title="bbox 1937 4542 3455 4610; baseline -0.001 -15"><span class='ocrx_word' id='word_1_768' title='bbox 1937 4543 2132 4610; x_wconf 85' lang='lat' dir='ltr'><strong>scripta</strong></span> <span class='ocrx_word' id='word_1_769' title='bbox 2161 4542 2360 4595; x_wconf 85' lang='lat' dir='ltr'><strong>fuerint</strong></span> <span class='ocrx_word' id='word_1_770' title='bbox 2391 4542 2444 4594; x_wconf 90' lang='lat' dir='ltr'><strong>in</strong></span> <span class='ocrx_word' id='word_1_771' title='bbox 2477 4542 2694 4605; x_wconf 88' lang='lat' dir='ltr'><strong>mundo,</strong></span> <span class='ocrx_word' id='word_1_772' title='bbox 2731 4543 2798 4594; x_wconf 91' lang='lat' dir='ltr'><strong>ab</strong></span> <span class='ocrx_word' id='word_1_773' title='bbox 2858 4556 2921 4595; x_wconf 90' lang='lat' dir='ltr'><strong>eo</strong></span> <span class='ocrx_word' id='word_1_774' title='bbox 2949 4544 3039 4610; x_wconf 88' lang='lat' dir='ltr'><strong>qui</strong></span> <span class='ocrx_word' id='word_1_775' title='bbox 3084 4559 3187 4596; x_wconf 92' lang='lat' dir='ltr'><strong>non</strong></span> <span class='ocrx_word' id='word_1_776' title='bbox 3223 4545 3455 4609; x_wconf 86' lang='lat' dir='ltr'><strong>rapinam</strong></span> 
     </span>
    </p>
   </div>
   <div class='ocr_carea' id='block_1_102' title="bbox 1937 4629 3462 4698">
    <p class='ocr_par' dir='ltr' id='par_1_102' title="bbox 1937 4629 3462 4698">
     <span class='ocr_line' id='line_1_102' title="bbox 1937 4629 3462 4698; baseline -0.001 -14"><span class='ocrx_word' id='word_1_777' title='bbox 1937 4631 2228 4684; x_wconf 88' lang='lat' dir='ltr'><strong>arbitratus</strong></span> <span class='ocrx_word' id='word_1_778' title='bbox 2269 4639 2350 4684; x_wconf 85' lang='lat' dir='ltr'><strong>est</strong></span> <span class='ocrx_word' id='word_1_779' title='bbox 2377 4645 2435 4684; x_wconf 89' lang='lat' dir='ltr'><strong>se</strong></span> <span class='ocrx_word' id='word_1_780' title='bbox 2468 4629 2575 4683; x_wconf 90' lang='lat' dir='ltr'><strong>Deo</strong></span> <span class='ocrx_word' id='word_1_781' title='bbox 2619 4630 2872 4698; x_wconf 61' lang='lat' dir='ltr'><strong>aqualem</strong></span> <span class='ocrx_word' id='word_1_782' title='bbox 2905 4646 3022 4684; x_wconf 86' lang='lat' dir='ltr'><strong>esse</strong></span> <span class='ocrx_word' id='word_1_783' title='bbox 3045 4669 3060 4694; x_wconf 92' lang='lat'><strong>,</strong></span> <span class='ocrx_word' id='word_1_784' title='bbox 3104 4631 3195 4683; x_wconf 90' lang='lat' dir='ltr'><strong>sed</strong></span> <span class='ocrx_word' id='word_1_785' title='bbox 3226 4632 3462 4698; x_wconf 80' lang='lat' dir='ltr'><strong>seipsum</strong></span> 
     </span>
    </p>
   </div>
   <div class='ocr_carea' id='block_1_103' title="bbox 1939 4705 2968 4786">
    <p class='ocr_par' dir='ltr' id='par_1_103' title="bbox 1939 4705 2968 4786">
     <span class='ocr_line' id='line_1_103' title="bbox 1939 4705 2968 4786; baseline -0.002 -14"><span class='ocrx_word' id='word_1_786' title='bbox 1939 4719 2254 4782; x_wconf 80' lang='lat' dir='ltr'><strong>exinanivit,</strong></span> <span class='ocrx_word' id='word_1_787' title='bbox 2287 4718 2453 4772; x_wconf 85' lang='lat' dir='ltr'><strong>forma</strong></span> <span class='ocrx_word' id='word_1_788' title='bbox 2477 4720 2616 4773; x_wconf 87' lang='lat' dir='ltr'><strong>servi</strong></span> <span class='ocrx_word' id='word_1_789' title='bbox 2649 4705 2863 4786; x_wconf 85' lang='lat' dir='ltr'><strong>accepta</strong></span> <span class='ocrx_word' id='word_1_790' title='bbox 2905 4719 2968 4770; x_wconf 71' lang='grc' dir='ltr'>η.</span> 
     </span>
    </p>
   </div>
   <div class='ocr_carea' id='block_1_104' title="bbox 2009 4803 3458 4872">
    <p class='ocr_par' dir='ltr' id='par_1_104' title="bbox 2009 4803 3458 4872">
     <span class='ocr_line' id='line_1_104' title="bbox 2009 4803 3458 4872; baseline -0.003 -12"><span class='ocrx_word' id='word_1_791' title='bbox 2009 4808 2096 4861; x_wconf 73' lang='grc'><strong>47.</strong></span> <span class='ocrx_word' id='word_1_792' title='bbox 2135 4825 2152 4858; x_wconf 82' lang='grc' dir='ltr'><strong>ι</strong></span> <span class='ocrx_word' id='word_1_793' title='bbox 2200 4806 2256 4860; x_wconf 92' lang='lat' dir='ltr'><strong>In</strong></span> <span class='ocrx_word' id='word_1_794' title='bbox 2285 4815 2386 4861; x_wconf 87' lang='lat' dir='ltr'><strong>hoc</strong></span> <span class='ocrx_word' id='word_1_795' title='bbox 2430 4808 2571 4861; x_wconf 92' lang='lat' dir='ltr'><strong>enim</strong></span> <span class='ocrx_word' id='word_1_796' title='bbox 2616 4823 2796 4861; x_wconf 82' lang='lat' dir='ltr'><strong>sermo</strong></span> <span class='ocrx_word' id='word_1_797' title='bbox 2827 4821 2985 4858; x_wconf 79' lang='lat' dir='ltr'><strong>verax</strong></span> <span class='ocrx_word' id='word_1_798' title='bbox 3017 4813 3115 4867; x_wconf 86' lang='lat' dir='ltr'><strong>est,</strong></span> <span class='ocrx_word' id='word_1_799' title='bbox 3147 4805 3286 4872; x_wconf 79' lang='lat' dir='ltr'><strong>quod</strong></span> <span class='ocrx_word' id='word_1_800' title='bbox 3322 4803 3458 4856; x_wconf 86' lang='lat' dir='ltr'><strong>alios</strong></span> 
     </span>
    </p>
   </div>
   <div class='ocr_carea' id='block_1_105' title="bbox 1942 4891 3463 4963">
    <p class='ocr_par' dir='ltr' id='par_1_105' title="bbox 1942 4891 3463 4963">
     <span class='ocr_line' id='line_1_105' title="bbox 1942 4891 3463 4963; baseline -0.002 -18"><span class='ocrx_word' id='word_1_801' title='bbox 1942 4903 2021 4948; x_wconf 81' lang='lat' dir='ltr'><strong>est</strong></span> <span class='ocrx_word' id='word_1_802' title='bbox 2051 4894 2140 4963; x_wconf 89' lang='lat' dir='ltr'><strong>qui</strong></span> <span class='ocrx_word' id='word_1_803' title='bbox 2167 4894 2412 4958; x_wconf 90' lang='lat' dir='ltr'><strong>seminat,</strong></span> <span class='ocrx_word' id='word_1_804' title='bbox 2443 4903 2498 4948; x_wconf 91' lang='lat' dir='ltr'><strong>et</strong></span> <span class='ocrx_word' id='word_1_805' title='bbox 2522 4893 2658 4948; x_wconf 90' lang='lat' dir='ltr'><strong>alios</strong></span> <span class='ocrx_word' id='word_1_806' title='bbox 2691 4893 2777 4960; x_wconf 88' lang='lat' dir='ltr'><strong>qui</strong></span> <span class='ocrx_word' id='word_1_807' title='bbox 2806 4892 2957 4944; x_wconf 88' lang='lat' dir='ltr'><strong>metit</strong></span> <span class='ocrx_word' id='word_1_808' title='bbox 2991 4893 3050 4943; x_wconf 78' lang='lat'><strong>&quot;.</strong></span> <span class='ocrx_word' id='word_1_809' title='bbox 3083 4909 3100 4941; x_wconf 81' lang='grc' dir='ltr'><strong>ι</strong></span> <span class='ocrx_word' id='word_1_810' title='bbox 3126 4891 3247 4943; x_wconf 86' lang='lat' dir='ltr'><strong>Sive</strong></span> <span class='ocrx_word' id='word_1_811' title='bbox 3273 4903 3463 4943; x_wconf 84' lang='lat' dir='ltr'><strong>secun-</strong></span> 
     </span>
    </p>
   </div>
   <div class='ocr_carea' id='block_1_106' title="bbox 361 5063 1830 5140">
    <p class='ocr_par' dir='ltr' id='par_1_106' title="bbox 361 5063 1830 5140">
     <span class='ocr_line' id='line_1_106' title="bbox 361 5063 1830 5140; baseline -0.01 -10"><span class='ocrx_word' id='word_1_812' title='bbox 361 5079 402 5108; x_wconf 80' lang='grc'><strong>¹⁰</strong></span> <span class='ocrx_word' id='word_1_813' title='bbox 422 5077 580 5129; x_wconf 80' lang='lat' dir='ltr'><strong>Prov.</strong></span> <span class='ocrx_word' id='word_1_814' title='bbox 610 5090 719 5136; x_wconf 61' lang='grc' dir='ltr'>ιιι,</span> <span class='ocrx_word' id='word_1_815' title='bbox 745 5075 834 5127; x_wconf 74' lang='grc'><strong>25.</strong></span> <span class='ocrx_word' id='word_1_816' title='bbox 915 5073 959 5140; x_wconf 52' lang='lat' dir='ltr'><strong>‘l</strong></span> <span class='ocrx_word' id='word_1_817' title='bbox 985 5069 1023 5124; x_wconf 86' lang='lat' dir='ltr'><strong>ll</strong></span> <span class='ocrx_word' id='word_1_818' title='bbox 1047 5069 1230 5140; x_wconf 62' lang='lat' dir='ltr'><strong>Thess.</strong></span> <span class='ocrx_word' id='word_1_819' title='bbox 1252 5083 1308 5140; x_wconf 76' lang='grc' dir='ltr'><strong>ιι,</strong></span> <span class='ocrx_word' id='word_1_820' title='bbox 1335 5066 1423 5118; x_wconf 70' lang='grc'><strong>14.</strong></span> <span class='ocrx_word' id='word_1_821' title='bbox 1499 5065 1540 5140; x_wconf 77' lang='lat'><strong>‘__’</strong></span> <span class='ocrx_word' id='word_1_822' title='bbox 1559 5063 1625 5140; x_wconf 88' lang='lat' dir='ltr'><strong>ll_</strong></span> <span class='ocrx_word' id='word_1_823' title='bbox 1639 5063 1781 5140; x_wconf 38' lang='lat' dir='ltr'><strong>Tim.</strong></span> <span class='ocrx_word' id='word_1_824' title='bbox 1805 5081 1830 5140; x_wconf 64' lang='lat' dir='ltr'><strong>ll</strong></span> 
     </span>
    </p>
   </div>
   <div class='ocr_carea' id='block_1_107' title="bbox 1935 5063 3458 5140">
    <p class='ocr_par' dir='ltr' id='par_1_107' title="bbox 1935 5063 3458 5140">
     <span class='ocr_line' id='line_1_107' title="bbox 1935 5063 3458 5140; baseline 0.002 -27"><span class='ocrx_word' id='word_1_825' title='bbox 1935 5109 1936 5113; x_wconf 45' lang='grc' dir='ltr'><strong>η</strong></span> <span class='ocrx_word' id='word_1_826' title='bbox 2015 5069 2056 5098; x_wconf 83' lang='grc'><strong>¹³</strong></span> <span class='ocrx_word' id='word_1_827' title='bbox 2081 5066 2266 5140; x_wconf 67' lang='lat' dir='ltr'><strong>blatth.</strong></span> <span class='ocrx_word' id='word_1_828' title='bbox 2294 5082 2413 5129; x_wconf 79' lang='lat' dir='ltr'><strong>xm,</strong></span> <span class='ocrx_word' id='word_1_829' title='bbox 2443 5068 2529 5123; x_wconf 77' lang='grc'><strong>17.</strong></span> <span class='ocrx_word' id='word_1_830' title='bbox 2603 5066 2647 5099; x_wconf 74' lang='grc'><strong>⁸⁸</strong></span> <span class='ocrx_word' id='word_1_831' title='bbox 2683 5067 2724 5120; x_wconf 92' lang='lat' dir='ltr'><strong>ll</strong></span> <span class='ocrx_word' id='word_1_832' title='bbox 2753 5065 2874 5120; x_wconf 92' lang='lat' dir='ltr'><strong>Cor.</strong></span> <span class='ocrx_word' id='word_1_833' title='bbox 2909 5081 2998 5126; x_wconf 73' lang='grc' dir='ltr'>χιι,</span> <span class='ocrx_word' id='word_1_834' title='bbox 3027 5065 3080 5118; x_wconf 69' lang='grc'>4.</span> <span class='ocrx_word' id='word_1_835' title='bbox 3157 5065 3199 5094; x_wconf 86' lang='grc'><strong>¹⁸</strong></span> <span class='ocrx_word' id='word_1_836' title='bbox 3220 5063 3458 5140; x_wconf 60' lang='grc' dir='ltr'>ιιοειιιην,</span> 
     </span>
    </p>
   </div>
   <div class='ocr_carea' id='block_1_108' title="bbox 311 5132 1646 5206">
    <p class='ocr_par' dir='ltr' id='par_1_108' title="bbox 311 5132 1646 5206">
     <span class='ocr_line' id='line_1_108' title="bbox 311 5132 1646 5206; baseline -0.008 -10"><span class='ocrx_word' id='word_1_837' title='bbox 311 5142 387 5196; x_wconf 72' lang='lat'><strong>36.</strong></span> <span class='ocrx_word' id='word_1_838' title='bbox 464 5147 506 5176; x_wconf 82' lang='lat'><strong>‘°</strong></span> <span class='ocrx_word' id='word_1_839' title='bbox 539 5132 716 5198; x_wconf 66' lang='lat' dir='ltr'><strong>Eccli.</strong></span> <span class='ocrx_word' id='word_1_840' title='bbox 756 5157 867 5206; x_wconf 68' lang='lat' dir='ltr'><strong>XXI,</strong></span> <span class='ocrx_word' id='word_1_841' title='bbox 907 5139 993 5193; x_wconf 75' lang='grc'><strong>18.</strong></span> <span class='ocrx_word' id='word_1_842' title='bbox 1072 5138 1110 5168; x_wconf 88' lang='grc'><strong>¹⁷</strong></span> <span class='ocrx_word' id='word_1_843' title='bbox 1151 5137 1383 5202; x_wconf 81' lang='lat' dir='ltr'><strong>Philipp.</strong></span> <span class='ocrx_word' id='word_1_844' title='bbox 1411 5150 1466 5194; x_wconf 87' lang='lat' dir='ltr'><strong>tt,</strong></span> <span class='ocrx_word' id='word_1_845' title='bbox 1505 5134 1559 5191; x_wconf 76' lang='grc' dir='ltr'><strong>(ἱ.</strong></span> <span class='ocrx_word' id='word_1_846' title='bbox 1597 5132 1646 5185; x_wconf 86' lang='lat'><strong>7.</strong></span> 
     </span>
    </p>
   </div>
   <div class='ocr_carea' id='block_1_109' title="bbox 379 5281 1837 5364">
    <p class='ocr_par' dir='ltr' id='par_1_109' title="bbox 379 5281 1837 5364">
     <span class='ocr_line' id='line_1_109' title="bbox 379 5281 1837 5364; baseline -0.019 -12"><span class='ocrx_word' id='word_1_847' title='bbox 379 5296 700 5364; x_wconf 74' lang='grc' dir='ltr'><strong>(95)Είπεῖν</strong></span> <span class='ocrx_word' id='word_1_848' title='bbox 725 5290 1147 5364; x_wconf 3' lang='lat' dir='ltr'><strong>(Ir-garriunt.</strong></span> <span class='ocrx_word' id='word_1_849' title='bbox 1198 5285 1286 5364; x_wconf 70' lang='lat' dir='ltr'><strong>Sic</strong></span> <span class='ocrx_word' id='word_1_850' title='bbox 1321 5283 1479 5364; x_wconf 73' lang='lat' dir='ltr'><strong>habet</strong></span> <span class='ocrx_word' id='word_1_851' title='bbox 1508 5284 1670 5364; x_wconf 76' lang='lat' dir='ltr'><strong>codex</strong></span> <span class='ocrx_word' id='word_1_852' title='bbox 1703 5281 1837 5336; x_wconf 76' lang='lat' dir='ltr'><strong>Bod-</strong></span> 
     </span>
    </p>
   </div>
   <div class='ocr_carea' id='block_1_110' title="bbox 318 5349 1767 5433">
    <p class='ocr_par' dir='ltr' id='par_1_110' title="bbox 318 5349 1767 5433">
     <span class='ocr_line' id='line_1_110' title="bbox 318 5349 1767 5433; baseline -0.008 -20"><span class='ocrx_word' id='word_1_853' title='bbox 318 5349 536 5427; x_wconf 61' lang='lat' dir='ltr'><strong>leianns;</strong></span> <span class='ocrx_word' id='word_1_854' title='bbox 575 5366 627 5418; x_wconf 92' lang='lat' dir='ltr'><strong>in</strong></span> <span class='ocrx_word' id='word_1_855' title='bbox 654 5364 820 5433; x_wconf 67' lang='lat' dir='ltr'><strong>Regio</strong></span> <span class='ocrx_word' id='word_1_856' title='bbox 851 5349 1053 5433; x_wconf 70' lang='lat' dir='ltr'><strong>legitur</strong></span> <span class='ocrx_word' id='word_1_857' title='bbox 1089 5355 1283 5433; x_wconf 66' lang='grc' dir='ltr'>είπεῖν,</span> <span class='ocrx_word' id='word_1_858' title='bbox 1318 5349 1679 5433; x_wconf 39' lang='lat' dir='ltr'><strong>avocavisse.“</strong></span> <span class='ocrx_word' id='word_1_859' title='bbox 1699 5416 1767 5433; x_wconf 30' lang='lat' dir='ltr'><strong>ﬂ.</strong></span> 
     </span>
    </p>
   </div>
   <div class='ocr_carea' id='block_1_111' title="bbox 381 5410 1838 5501">
    <p class='ocr_par' dir='ltr' id='par_1_111' title="bbox 381 5410 1838 5501">
     <span class='ocr_line' id='line_1_111' title="bbox 381 5410 1838 5501; baseline -0.016 -16"><span class='ocrx_word' id='word_1_860' title='bbox 1045 5423 1212 5476; x_wconf 76' lang='lat' dir='ltr'><strong>codex</strong></span> <span class='ocrx_word' id='word_1_861' title='bbox 1248 5410 1602 5477; x_wconf 68' lang='lat' dir='ltr'><strong>Bﬂtllnialllls;</strong></span> <span class='ocrx_word' id='word_1_862' title='bbox 1640 5410 1838 5482; x_wconf 64' lang='lat' dir='ltr'><strong>Regius</strong></span> 
     </span>
    </p>
   </div>
   <div class='ocr_carea' id='block_1_112' title="bbox 324 5499 987 5566">
    <p class='ocr_par' dir='ltr' id='par_1_112' title="bbox 324 5499 987 5566">
     <span class='ocr_line' id='line_1_112' title="bbox 324 5499 987 5566; baseline 0.015 -17"><span class='ocrx_word' id='word_1_863' title='bbox 324 5508 367 5549; x_wconf 77' lang='lat' dir='ltr'><strong>at</strong></span> <span class='ocrx_word' id='word_1_864' title='bbox 391 5499 714 5566; x_wconf 70' lang='lat' dir='ltr'><strong>Barbarinus,</strong></span> <span class='ocrx_word' id='word_1_865' title='bbox 751 5499 987 5558; x_wconf 84' lang='grc' dir='ltr'>τούτοις·</span> 
     </span>
    </p>
   </div>
   <div class='ocr_carea' id='block_1_113' title="bbox 384 5549 1542 5636">
    <p class='ocr_par' dir='ltr' id='par_1_113' title="bbox 384 5549 1542 5636">
     <span class='ocr_line' id='line_1_113' title="bbox 384 5549 1542 5636; baseline -0.035 0"><span class='ocrx_word' id='word_1_866' title='bbox 700 5549 1052 5628; x_wconf 60' lang='lat' dir='ltr'><strong>hodleiatius,</strong></span> <span class='ocrx_word' id='word_1_867' title='bbox 1081 5556 1322 5617; x_wconf 85' lang='grc' dir='ltr'>διανενοη</span> <span class='ocrx_word' id='word_1_868' title='bbox 1331 5549 1542 5617; x_wconf 65' lang='grc' dir='ltr'>μένοις.ς</span> 
     </span>
    </p>
   </div>
   <div class='ocr_carea' id='block_1_114' title="bbox 1743 5133 2190 5198">
    <p class='ocr_par' dir='ltr' id='par_1_114' title="bbox 1743 5133 2190 5198">
     <span class='ocr_line' id='line_1_114' title="bbox 1743 5133 2190 5198; baseline 0.009 -14"><span class='ocrx_word' id='word_1_869' title='bbox 1743 5134 1784 5162; x_wconf 73' lang='grc'><strong>⁸⁸</strong></span> <span class='ocrx_word' id='word_1_870' title='bbox 1811 5133 1957 5186; x_wconf 78' lang='lat' dir='ltr'><strong>Junii.</strong></span> <span class='ocrx_word' id='word_1_871' title='bbox 1994 5150 2065 5198; x_wconf 84' lang='lat' dir='ltr'><strong>IV,</strong></span> <span class='ocrx_word' id='word_1_872' title='bbox 2100 5137 2190 5189; x_wconf 79' lang='grc'><strong>57.</strong></span> 
     </span>
    </p>
   </div>
   <div class='ocr_carea' id='block_1_115' title="bbox 2010 5283 3462 5357">
    <p class='ocr_par' dir='ltr' id='par_1_115' title="bbox 2010 5283 3462 5357">
     <span class='ocr_line' id='line_1_115' title="bbox 2010 5283 3462 5357; baseline -0.001 -16"><span class='ocrx_word' id='word_1_873' title='bbox 2010 5289 2118 5357; x_wconf 89' lang='grc'><strong>(96)</strong></span> <span class='ocrx_word' id='word_1_874' title='bbox 2169 5285 2716 5357; x_wconf 73' lang='lat' dir='ltr'><strong>Codex__B_odleianus</strong></span> <span class='ocrx_word' id='word_1_875' title='bbox 2749 5284 2974 5348; x_wconf 86' lang='grc' dir='ltr'>λευκῶν,</span> <span class='ocrx_word' id='word_1_876' title='bbox 3018 5283 3212 5353; x_wconf 83' lang='lat' dir='ltr'><strong>Regius</strong></span> <span class='ocrx_word' id='word_1_877' title='bbox 3246 5297 3373 5337; x_wconf 85' lang='lat' dir='ltr'><strong>vero</strong></span> <span class='ocrx_word' id='word_1_878' title='bbox 3408 5294 3462 5340; x_wconf 86' lang='lat' dir='ltr'><strong>et</strong></span> 
     </span>
    </p>
   </div>
   <div class='ocr_carea' id='block_1_116' title="bbox 1945 5353 2515 5408">
    <p class='ocr_par' dir='ltr' id='par_1_116' title="bbox 1945 5353 2515 5408">
     <span class='ocr_line' id='line_1_116' title="bbox 1945 5353 2515 5408; baseline -0.007 0"><span class='ocrx_word' id='word_1_879' title='bbox 1945 5353 2263 5408; x_wconf 70' lang='lat' dir='ltr'><strong>Burin-riuus</strong></span> <span class='ocrx_word' id='word_1_880' title='bbox 2293 5353 2515 5405; x_wconf 83' lang='grc' dir='ltr'>πολλῶν.</span> 
     </span>
    </p>
   </div>
   <div class='ocr_carea' id='block_1_117' title="bbox 2011 5417 3465 5546">
    <p class='ocr_par' dir='ltr' id='par_1_117' title="bbox 2011 5417 3465 5546">
     <span class='ocr_line' id='line_1_117' title="bbox 2011 5417 3465 5546; baseline -0.002 -69"><span class='ocrx_word' id='word_1_881' title='bbox 2011 5425 2120 5546; x_wconf 57' lang='grc'><strong>397)</strong></span> <span class='ocrx_word' id='word_1_882' title='bbox 2155 5424 2270 5500; x_wconf 65' lang='lat' dir='ltr'><strong>pina</strong></span> <span class='ocrx_word' id='word_1_883' title='bbox 2295 5421 2496 5500; x_wconf 49' lang='grc' dir='ltr'>,εῐδοφκ</span> <span class='ocrx_word' id='word_1_884' title='bbox 2535 5419 2691 5500; x_wconf 68' lang='lat' dir='ltr'><strong>Deest</strong></span> <span class='ocrx_word' id='word_1_885' title='bbox 2738 5421 2788 5474; x_wconf 92' lang='lat' dir='ltr'><strong>in</strong></span> <span class='ocrx_word' id='word_1_886' title='bbox 2840 5419 3002 5489; x_wconf 79' lang='lat' dir='ltr'><strong>Regio</strong></span> <span class='ocrx_word' id='word_1_887' title='bbox 3055 5427 3109 5472; x_wconf 88' lang='lat' dir='ltr'><strong>et</strong></span> <span class='ocrx_word' id='word_1_888' title='bbox 3147 5417 3465 5487; x_wconf 85' lang='lat' dir='ltr'><strong>Barberino,</strong></span> 
     </span>
     <span class='ocr_line' id='line_1_118' title="bbox 2070 5489 2671 5546; baseline -0.002 -3"><span class='ocrx_word' id='word_1_889' title='bbox 2070 5490 2261 5546; x_wconf 65' lang='lat' dir='ltr'><strong>legitur</strong></span> <span class='ocrx_word' id='word_1_890' title='bbox 2295 5505 2347 5543; x_wconf 89' lang='lat' dir='ltr'><strong>tn</strong></span> <span class='ocrx_word' id='word_1_891' title='bbox 2373 5489 2671 5543; x_wconf 80' lang='lat' dir='ltr'><strong>Bodleiano.</strong></span> 
     </span>
    </p>
   </div>
   <div class='ocr_carea' id='block_1_118' title="bbox 1948 5489 2671 5558">
    <p class='ocr_par' dir='ltr' id='par_1_118' title="bbox 1948 5489 2671 5558">
     <span class='ocr_line' id='line_1_119' title="bbox 1948 5489 2671 5558; baseline -0.006 -12"><span class='ocrx_word' id='word_1_892' title='bbox 1948 5489 2039 5546; x_wconf 85' lang='lat' dir='ltr'><strong>sed</strong></span> <span class='ocrx_word' id='word_1_893' title='bbox 2070 5490 2261 5558; x_wconf 78' lang='lat' dir='ltr'><strong>legitur</strong></span> <span class='ocrx_word' id='word_1_894' title='bbox 2295 5489 2347 5543; x_wconf 91' lang='lat' dir='ltr'><strong>in</strong></span> <span class='ocrx_word' id='word_1_895' title='bbox 2373 5489 2671 5543; x_wconf 83' lang='lat' dir='ltr'><strong>Bodleiano.</strong></span> 
     </span>
    </p>
   </div>
  </div>
