3828 6180
332 236 433 292 ωδ

1389 252 1717 308 COMMENT
1755 256 1821 310 IN
1855 256 2041 313 JOAN.
2076 258 2309 314 TOMUS
2347 261 2480 316 XIII.

3404 275 3505 327 494

341 353 578 428 μαθητὰς
607 355 676 408 τὰ
715 359 865 412 κατά
921 361 1144 431 δύναμιν
1181 362 1537 432 ἐξητασμένα,
1576 368 1869 438 ἐπαναλαμ-

1987 378 2140 436 ptura
2178 371 2536 424 narrationem
2585 370 2651 424 de
2694 373 2778 428 his
2804 375 2892 442 qui
2933 384 3189 432 venerant
3228 393 3258 433 e
3289 381 3506 438 civitate

340 445 486 500 ϐάνει
513 446 546 514 ἡ
569 445 762 514 Γραφὴ
787 447 859 499 τὰ
889 451 1018 518 περὶ
1067 450 1172 502 τῶν
1203 451 1528 520 ἐληλυθότων
1561 457 1623 509 ὲκ
1659 457 1754 526 τῆς
1787 458 1882 508 πό-

341 531 470 595 λεως
497 531 633 601 πρὸς
673 532 858 596 αὑτὸν,
890 537 986 587 καὶ
1019 537 1412 590 πιστευσάντων
1441 540 1528 592 διὰ
1554 541 1647 611 τὴν
1681 559 1883 612 μαρτυ-

343 621 461 690 ρίαν
484 620 582 688 τῆς
624 621 882 687 γυναικὸς
914 622 1172 693 λεγούσης
1196 641 1208 654 ·
1249 645 1268 676 ι
1306 626 1421 678 ’Ότι
1446 623 1563 680 εἶπέ
1599 647 1684 698 μοι
1712 630 1882 683 πάντα

339 709 434 760 ὅσα
465 709 718 778 ἐποίησα.
761 728 780 759 ι
825 711 889 762 El
911 712 968 763 δέ
1000 712 1302 782 κρατοῦμεν
1326 715 1432 769 τῶν
1459 718 1708 788 ἀνωτέρω
1731 721 1882 789 εἰρη-

341 797 508 866 μένων
537 799 667 867 περὶ
697 799 799 866 τῆς
838 801 1145 870 Σαμαρείας
1185 804 1277 855 καὶ
1311 804 1410 873 τῆς
1461 807 1839 875 Σαμαρείτιδος
1862 861 1878 885 ’

338 885 430 936 καὶ
472 887 572 954 τῆς
603 885 700 938 τοῦ
743 887 936 939 Ἰακὼϐ
979 890 1158 958 πηγῆς
1178 929 1193 953 ,
1232 891 1291 941 οὐ
1329 892 1556 958 χαλεπὸν
1606 895 1728 945 ἰδεῖν
1763 894 1880 946 τίνα

336 972 528 1040 τρόπον
561 971 910 1040 ἐπιτυχόντες
954 973 1112 1040 λόγου
1159 975 1338 1042 ὑγιοῦς
1388 980 1436 1029 oi
1491 980 1879 1050 προκατειλημ-

336 1059 483 1126 μένοι
531 1061 592 1111 ἐν
635 1061 1154 1131 ἑτεροδιδασκαλίαις
1182 1065 1559 1120 καταλείπουσι
1599 1071 1695 1139 τὴν
1722 1071 1879 1123 οἱονεὶ

330 1147 438 1199 τῶν
463 1149 756 1218 δογμάτων
779 1150 951 1214 πόλιν,
982 1152 1074 1203 καὶ
1102 1152 1401 1218 ἐξελθόντες
1427 1158 1591 1227 αὐτῆς
1620 1161 1879 1226 ὑγιαινόν-

329 1253 434 1298 τως
454 1238 774 1290 πιστεύουσι
806 1239 936 1309 (16),
971 1244 1096 1309 μιᾶς
1123 1259 1264 1306 τινος
1291 1246 1439 1314 παρά
1463 1249 1525 1316 τῇ
1560 1247 1650 1300 τοῦ
1690 1249 1876 1302 Ἰακὼϐ

328 1328 476 1395 πηγῇ
516 1328 791 1398 προτέρας
820 1332 1192 1399 κεχωρηκυίας
1223 1333 1318 1402 τὴν
1353 1337 1610 1405 σωτήριον
1636 1337 1877 1392 διδασκα-

328 1414 468 1477 λίαν,
516 1417 615 1469 καὶ
662 1415 1066 1487 καταλιπούσης
1102 1419 1197 1489 τὴν
1233 1424 1626 1494 προειρημένην
1654 1427 1831 1494 ὑδρίαν
1856 1466 1870 1491 ,

1984 461 2049 510 ad
2080 459 2275 526 ipsum,
2316 470 2372 515 et
2407 462 2471 515 de
2511 463 2593 517 his
2635 465 2726 531 qui
2764 463 3100 519 crediderant
3136 481 3229 536 per
3267 472 3504 524 testimo-

1981 546 2126 599 nium
2161 547 2404 603 mulierts
2437 550 2706 605 dicentis:
2744 569 2763 602 ι
2801 552 2934 618 Quia
2967 553 3099 608 dixit
3141 556 3270 610 mibi
3323 561 3502 613 omnia

1979 649 2309 704 quaecunque
2349 638 2474 690 feci.
2507 656 2525 689 ι
2555 639 2704 704 Quod
2731 641 2774 694 si
2815 656 3078 696 memores
3110 658 3291 698 sumus
3319 661 3502 704 eorum

1981 734 2100 788 qua:
2124 724 2368 788 superius
2406 724 2638 778 diximus
2665 725 2732 779 de
2771 726 3032 791 Samaria,
3075 736 3129 782 et
3163 730 3229 784 de
3263 731 3499 788 Samari-

1980 807 2110 871 tide,
2137 809 2273 861 etde
2296 808 2440 862 fonte
2467 809 2652 874 Jacob,
2682 827 2786 866 non
2814 814 3022 869 dillicile
3049 825 3129 870 est
3167 818 3348 872 videre
3369 835 3502 888 quo-

1978 909 2100 948 nam
2132 904 2287 962 pacto
2321 897 2410 964 qui
2452 899 2680 951 assecuti
2719 899 2915 954 fuerint
2951 916 3133 956 sanam
3177 905 3498 973 doctrinam,

1977 999 2098 1039 cum
2122 995 2276 1039 antea
2311 987 2555 1053 occupati
2592 987 2820 1042 fuissent
2844 989 2896 1041 in
2931 992 3188 1048 doctrinis
3227 995 3294 1048 ab
3323 996 3500 1052 Eccle-

1975 1073 2069 1125 siae
2115 1073 2343 1127 decretis
2387 1073 2784 1138 dissidentibus,
2832 1077 3141 1147 relinquunt
3169 1082 3329 1136 veluti
3367 1085 3497 1154 dog-

1976 1170 2174 1214 matum
2204 1162 2501 1226 civitatem,
2541 1171 2594 1217 et
2626 1165 2824 1231 egressi
2872 1180 2938 1219 ex
2986 1181 3048 1221 ea
3095 1181 3222 1223 sane
3250 1173 3495 1238 credunt,

1973 1263 2092 1303 cum
2138 1263 2242 1303 una
2285 1250 2548 1318 quaepiam
2595 1252 2784 1306 mulier
2820 1263 2976 1308 antea
3020 1259 3312 1325 perceperit
3356 1262 3496 1328 apud

1972 1335 2173 1392 fontem
2210 1337 2374 1392 Jacob
2421 1339 2711 1394 salutarem
2762 1341 3076 1408 doctrinam,
3127 1354 3180 1398 et
3214 1347 3494 1416 reliquerit

1972 1426 2274 1494 pradictam
2309 1427 2570 1495 hydriam,
2618 1429 2903 1483 invitatura
2949 1433 3106 1497 alios,
3146 1444 3203 1486 ut
3246 1437 3493 1494 similiter

333 1513 472 1580 ὑπὲρ
517 1509 612 1561 τοῦ
667 1510 761 1560 καὶ
805 1511 1017 1577 ἑτέρους
1064 1512 1155 1562 ἐπὶ
1201 1513 1258 1564 τὸ
1305 1515 1498 1581 ὁμοίως
1530 1514 1862 1584 ὠφεληθῆναι

1982 1525 2224 1570 urentur.
2244 1516 2382 1572 Sane
2407 1520 2696 1575 Heracleon
2724 1523 3100 1592 interpretatus
3123 1537 3222 1592 est,
3255 1549 3274 1580 ‹
3308 1546 3372 1584 ex
3391 1547 3464 1586 ur

335 1597 788 1667 προκαλέσασθαι.
831 1598 890 1648 '0
908 1597 951 1648 δ’
983 1599 1279 1666 ’Πρακλέων
1306 1601 1363 1653 τὸ
1395 1602 1488 1669 μὲν
1521 1620 1538 1652 ι
1561 1603 1623 1653 ἐκ
1648 1605 1743 1672 τῆς
1768 1605 1862 1656 πό-

1975 1620 2041 1668 )e,
2064 1624 2082 1655 ι
2112 1621 2227 1674 pro,
2253 1621 2282 1660 e
2308 1609 2505 1662 mundo
2529 1626 2541 1661 :
2570 1610 2694 1663 illud
2717 1625 2864 1674 vero,
2899 1629 2916 1661 ι
2936 1622 3152 1681 propter
3175 1631 3474 1672 sermonem

333 1685 481 1744 λεως.
527 1702 546 1733 ι
586 1683 710 1734 ἀντὶ
747 1683 868 1740 τοῦ,
902 1687 963 1736 ἐκ
994 1685 1085 1736 τοῦ
1124 1687 1342 1755 κόσμου,
1376 1688 1647 1757 ἐξείληφεο
1682 1691 1742 1741 τὸ
1778 1692 1862 1755 δὲ,

1975 1694 2216 1758 mulieris,
2245 1713 2263 1745 ι
2287 1726 2355 1735 —-
2387 1717 2404 1748 ‹
2436 1699 2535 1752 hoc
2562 1707 2660 1761 est,
2691 1701 2877 1768 inquit,
2907 1711 3119 1770 propter
3151 1706 3472 1772 spiritualem

341 1789 361 1821 ι
390 1771 486 1822 Διά
505 1772 598 1821 τὸν
622 1771 777 1836 λόγον
798 1772 894 1837 τῆς
913 1774 1177 1838 γυναικὸς,
1207 1793 1224 1824 ι
1245 1803 1310 1813 —
1331 1793 1349 1825 ι
1381 1777 1640 1839 τουτέστι,
1659 1777 1744 1830 διά
1763 1779 1860 1846 τῆς

339 1860 707 1924 πνευματικῆς
730 1859 1070 1928 Έκκλησίας⁹
1106 1882 1124 1912 ι
1157 1865 1246 1916 καὶ
1274 1865 1428 1933 ἐπιση
1439 1865 1674 1932 μαίνεταί
1694 1882 1754 1932 γε
1777 1867 1853 1930 τὸ,

336 1949 586 2012 «πολλοὶ,
611 1968 631 2000 ι
666 1950 742 2012 ὡς
770 1949 978 2002 πολλῶν
1021 1951 1184 2002 ὄντων
1231 1951 1496 2020 ψυχικῶνο
1535 1954 1630 2023 τὴν
1678 1956 1730 2006 δὲ
1765 1957 1870 2026 (17)

336 2037 460 2105 μίαν
486 2037 634 2105 λέγει
661 2037 760 2107 τὴν
796 2037 1072 2107 ἄφθαρτον
1097 2039 1194 2107 τῆς
1219 2040 1442 2108 ἐκλογῆς
1461 2041 1636 2107 φύσιν,
1659 2045 1748 2094 καὶ
1781 2060 1873 2112 μο-

335 2125 502 2192 νοειδῆ
526 2163 542 2186 ,
596 2125 692 2176 κα)⁸
745 2127 946 2194 ἐνικήν.
986 2127 1253 2195 Ἔστημεν
1279 2127 1333 2179 δὲ
1376 2130 1467 2180 καὶ
1498 2132 1650 2198 ἡμεῖς
1678 2131 1784 2199 (18)
1816 2134 1872 2184 ἐν

335 2216 439 2274 τοῖς
465 2213 738 2284 ἀνωτέρω,
766 2214 840 2276 ὡς
868 2209 975 2266 οἷόν
1005 2233 1062 2266 τε
1097 2211 1182 2285 ἦν,
1212 2217 1346 2284 πρὸς
1377 2218 1564 2270 ταῦτα.

400 2301 486 2354 51.
527 2320 546 2352 ι
586 2303 674 2364 Ὠς
709 2299 802 2355 οὖν
835 2298 994 2372 ἦλθον
1025 2304 1157 2374 πρὸς
1207 2306 1366 2358 αὐτὸν
1403 2307 1493 2358 καὶ
1521 2309 1568 2359 οἱ
1606 2309 1870 2378 Σαμαρεῖ-

332 2405 440 2453 ται,
472 2390 699 2460 ἡρώτων
729 2392 891 2444 αὐτὸν
931 2395 1105 2461 μεῖναι
1142 2397 1268 2464 παρ’
1299 2396 1475 2457 αὐτοῖς
1498 2413 1510 2426 ’
1543 2399 1635 2449 καὶ
1665 2397 1871 2466 ἔμεινεν

335 2477 445 2531 ἐκεῖ
471 2479 561 2531 δύο
592 2481 825 2550 ἡμέραςο
861 2482 952 2532 καὶ
991 2483 1165 2552 πολλῷ
1205 2484 1416 2545 πλείους
1443 2486 1760 2538 ἐπίστευσαν
1784 2487 1872 2540 διὰ

332 2568 421 2620 τὸν
446 2569 598 2637 λόγον
631 2570 815 2622 αὐτοῦ.
831 2589 850 2622 ι
873 2571 984 2622 Οὐκ
1009 2572 1280 2634 ἀπιθάνως
1313 2591 1395 2635 τις
1428 2575 1744 2644 συγκρούσει
1772 2576 1832 2627 τό
1853 2591 1866 2606 ο

338 2676 359 2710 ι
392 2660 482 2722 Εἰς
521 2661 636 2713 ὁδὸν
666 2661 837 2714 ἐθνῶν
865 2662 940 2731 μὴ
965 2663 1252 2732 ἀπέλθητε,
1288 2665 1381 2717 καὶ
1409 2667 1486 2728 είς
1515 2666 1665 2718 πόλιν
1693 2667 1871 2735 Σαμα-

335 2745 519 2811 ρειτῶν
550 2747 623 2816 μὴ
658 2747 955 2816 εἰσέλθητε,
994 2767 1014 2798 ι
1057 2748 1132 2818 τῷ
1155 2749 1299 2820 ρητῷ
1321 2751 1508 2820 τούτῳ.
1557 2752 1870 2821 Ἐρωτηθεὶς

332 2833 436 2900 γὰρ
466 2835 494 2884 ό
534 2833 724 2904 Σωτὴρ
761 2838 938 2903 μεῖναι
966 2837 1114 2904 παρὰ
1151 2841 1260 2900 τοῖς
1292 2840 1677 2909 Σαμαρείταις,
1725 2841 1868 2911 ἔμει-

332 2937 417 3016 νεν
442 2923 555 2974 ἐκεῖ
572 2923 665 2974 δύο
692 2924 924 2993 ἡμέρας,
957 2926 984 2976 ό
1017 2925 1208 3016 εἰπών’
1241 2945 1260 2977 ι
1298 2928 1388 2989 Είς
1427 2927 1574 2980 πόλιν
1601 2929 1865 2999 Σαμαρει-
1892 2959 1934 3016 C

333 3007 435 3058 τῶν
462 3009 534 3076 μὴ
563 3009 858 3079 εἰσέλθητε⁸
891 3028 908 3060 ι
943 3011 1096 3079 δῆλον
1125 3006 1235 3073 οὖν,
1291 3015 1367 3064 ὅτι
1405 3014 1497 3064 καὶ
1534 3015 1582 3064 oi
1636 3013 1868 3083 μαθηταὶ¹

334 3095 489 3148 αὑτοῦ
522 3098 1056 3166 συνεισεληλύθεισαν
1087 3099 1195 3169 (19)
1231 3100 1392 3170 αὐτῷ.
1420 3102 1646 3154 Λεκτέον
1664 3103 1718 3155 δὲ
1741 3103 1872 3173 πρὸς

330 3187 500 3254 τοῦτο,
529 3189 612 3241 ὅτι
662 3188 725 3240 τὸ
767 3189 867 3258 μὲν
919 3191 998 3250 είς
1047 3191 1162 3242 ὁδὸν
1219 3191 1384 3244 ἐθνῶν
1431 3193 1679 3244 ἀπελθεῖν
1728 3195 1870 3244 ἐστιν

331 3277 606 3331 ἀναλαϐεῖν
633 3294 688 3328 τι
715 3278 893 3346 δόγμα
929 3278 1156 3342 ἐθνικδν,
1211 3280 1479 3349 ἀλλότριον
1518 3281 1608 3332 τοῦ
1663 3281 1871 3350 Ἰσραὴλ

330 3365 421 3417 τοῦ
449 3367 603 3430 Θεοῦ,
627 3368 724 3420 καὶ
753 3368 967 3420 ὁδεῦσαι
992 3371 1107 3420 κατ’
1129 3370 1275 3421 αὐτόο
1299 3369 1360 3420 τὸ
1388 3370 1442 3421 δὲ
1471 3372 1547 3432 εἰς
1591 3370 1740 3422 πόλιν
1761 3373 1870 3423 εἰσ-

333 3453 497 3505 ελθεῖν
538 3456 911 3524 Σαμαρειτῶν,
948 3456 1010 3507 τὸ
1049 3456 1106 3508 ἐν
1129 3473 1234 3509 τινι
1267 3457 1514 3522 γενέσθαι
1543 3457 1868 3528 ψευδωνύμῳ

333 3542 524 3608 γνώσει
559 3544 669 3596 τῶν
707 3544 970 3611 λεγόντων
1016 3548 1290 3612 νομικοῖς,
1331 3544 1363 3612 ἦ
1408 3549 1782 3614 προφητικοῖς,
1832 3549 1864 3616 ἢ

333 3634 698 3700 εὐαγγελικοῖς
720 3671 736 3695 ,
798 3633 832 3702 ἢ
905 3633 1270 3694 ἀποστολικοῖς
1335 3633 1614 3702 προσέχειν
1665 3635 1863 3702 λόγοις-ο

331 3718 499 3781 ἔξεστι
547 3720 604 3772 δὲ
639 3719 1042 3771 καταλιπόντων
1096 3721 1444 3790 Σαμαρειτῶν
1478 3722 1573 3790 τὴν
1611 3723 1742 3776 ίδίαν
1774 3725 1867 3776 πό-

330 3804 443 3868 λιν,
475 3809 568 3859 καὶ
607 3807 868 3858 ἐλθόντων
906 3807 1040 3876 πρὸς
1077 3808 1165 3859 τδν
1216 3808 1414 3878 Ἰησοῦν
1449 3807 1597 3879 παρὰ
1625 3810 1720 3879 τὴν
1757 3810 1864 3882 (20)

327 3893 418 3944 τοῦ
460 3893 650 3947 Ἰακὼϐ
705 3894 886 3962 πηγὴν
913 3931 926 3955 ,
969 3893 1361 3962 ἀποδεξάμενον
1415 3895 1512 3964 τὴν
1559 3897 1866 3965 προαίρεσιν

324 3983 432 4034 τῶν
477 3984 886 4036 πιστευσάντων
938 3984 1029 4035 τὸν
1081 3983 1303 4052 Ἰησοῦν,
1353 3987 1525 4052 μεῖναι
1573 3985 1719 4050 παρὰ
1757 3988 1867 4048 τοῖς

333 4072 682 4142 ἐρωτήσασινο
707 4069 858 4141 οἶμαι
881 4073 925 4124 δ’
953 4075 1032 4124 ὅτι
1048 4072 1568 4142 παρατετηρημένως
1585 4074 1866 4143 ὁΊωάννης

336 4161 387 4209 οὑ
416 4163 683 4232 πεποίηκε
709 4163 802 4214 τόο
839 4181 857 4212 ι
910 4161 1156 4231 Ἦρὼτων
1202 4161 1358 4212 αὑτὸν
1389 4179 1406 4210 ι
1450 4163 1496 4212 οἱ
1542 4162 1864 4230 Σαμαρεῖται

1967 1781 2283 1848 Ecclesiam;
2322 1802 2339 1833 ι
2375 1787 2531 1856 264
2555 1797 2804 1857 nutatque
2831 1789 2990 1854 illud,
3023 1809 3041 1842 ‹
3073 1792 3240 1853 multi,
3277 1811 3294 1842 ι
3328 1797 3477 1862 quasi

1966 1870 2112 1923 multi
2141 1870 2246 1925 sint
2271 1873 2521 1927 animales
2552 1893 2563 1927 :
2594 1891 2750 1930 unam
2779 1893 2905 1932 vero
2940 1886 3178 1932 naturam
3204 1879 3475 1935 electionis

1969 1956 2162 2008 asserit
2191 1971 2309 2010 esse
2337 1958 2721 2026 incorruptam,
2757 1968 2811 2013 et
2844 1959 3183 2025 uniformem,
3220 1969 3272 2014 et
3311 1962 3491 2028 singu-

1969 2045 2174 2097 larem:
2212 2046 2403 2111 quibus
2451 2055 2504 2100 et
2544 2062 2641 2102 nos
2683 2048 2974 2103 institimus
3015 2049 3070 2102 in
3127 2051 3487 2118 superioribus

1967 2147 2062 2200 pro
2102 2132 2260 2186 virili.

2036 2305 2122 2357 51.
2169 2321 2186 2354 ι
2222 2304 2288 2359 Ut
2322 2319 2446 2374 ergo
2474 2314 2732 2359 venerunt
2768 2306 2832 2358 ad
2874 2320 2993 2359 cum
3027 2305 3370 2373 Samaritani,
3399 2325 3490 2364 ro-

1969 2394 2166 2463 gabant
2191 2407 2336 2456 eum,
2366 2401 2425 2445 ut
2446 2395 2582 2460 apud
2611 2394 2756 2462 ipsos
2779 2403 3051 2448 maneret:
3083 2404 3134 2448 et
3161 2397 3356 2450 mansit
3380 2397 3488 2452 illic

1969 2482 2100 2535 duos
2130 2481 2241 2535 dies
2292 2499 2304 2533 :
2348 2489 2402 2534 et
2450 2485 2616 2533 multo
2663 2482 2838 2548 plures
2889 2483 3223 2537 crediderunt
3271 2494 3487 2554 propter

1967 2585 2264 2626 sermonem
2294 2585 2443 2624 suum
2465 2570 2531 2622 ".
2571 2588 2589 2620 ι
2619 2569 2731 2624 Νοη
2762 2571 2950 2626 inscite
2977 2574 3094 2640 quis
3125 2572 3360 2628 conferet
3384 2575 3488 2628 hoc

1965 2659 2164 2712 dictum
2197 2676 2209 2711 :
2246 2675 2266 2708 ι
2301 2659 2356 2710 In
2385 2657 2523 2710 viam
2550 2658 2784 2726 gentium
2833 2672 2898 2712 ne
2930 2660 3194 2724 abieritis,
3225 2669 3281 2715 et
3314 2663 3366 2714 in
3409 2663 3489 2717 (δὶα

1967 2751 2183 2802 vitatem
2212 2747 2669 2801 Samaritanorum
2699 2763 2800 2802 non
2830 2748 3198 2816 ingrediemini
3227 2749 3290 2815 ³³,
3319 2768 3340 2801 ι
3363 2764 3486 2804 cum

1969 2839 2067 2893 hoc
2092 2847 2363 2890 contextu.
2391 2837 2627 2906 Rogatus
2673 2840 2814 2891 enim
2857 2838 3114 2892 Servator
3151 2848 3207 2892 ul
3247 2848 3488 2894 maneret

1967 2930 2104 2997 apud
2160 2928 2560 2991 Samaritanos,
2609 2929 2806 2981 mansit
2851 2928 2956 2982 illic
3002 2929 3132 2982 duos
3182 2929 3334 2989 dies,
3392 2929 3484 2997 qui

1972 3016 2214 3069 dixerat:
2251 3031 2269 3063 ι
2303 3015 2357 3066 1η
2379 3013 2643 3068 civitatem
2671 3013 3124 3066 Samaritanorum
3173 3029 3278 3068 non
3309 3015 3486 3084 ingre-

1967 3102 2184 3155 diemini
2234 3116 2250 3164 ;
2295 3118 2314 3151 ›
2357 3101 2498 3153 unde
2544 3100 2878 3168 perspicuum
2917 3113 2999 3153 est
3048 3101 3334 3169 discipulos
3371 3102 3487 3169 ejus

1968 3205 2084 3245 cum
2135 3191 2248 3258 ipso
2293 3189 2346 3242 in
2388 3189 2656 3241 civitatem
2708 3189 2978 3256 ingressos
3015 3204 3119 3243 non
3171 3189 3356 3243 fuisse.
3404 3191 3486 3246 Ad

1965 3279 2102 3348 quod
2132 3277 2410 3332 dicendum
2453 3287 2534 3330 est
2573 3277 2711 3342 quod
2755 3277 2832 3328 ire
2880 3277 2930 3329 in
2964 3277 3102 3328 viam
3127 3278 3384 3344 gentium,
3415 3280 3486 3333 sit

1967 3368 2203 3434 recipere
2222 3365 2432 3434 aliquod
2455 3366 2645 3433 dogma
2675 3365 2888 3434 gentile,
2929 3365 3160 3419 alienum
3191 3368 3259 3421 ab
3289 3367 3484 3424 lsraelo

1966 3455 2078 3519 Dei,
2106 3467 2160 3509 et
2181 3455 2457 3510 ambulare
2497 3455 2547 3507 in
2577 3454 2693 3514 illo;
2734 3453 2933 3522 ingredi
2970 3468 3098 3508 vero
3130 3455 3180 3508 in
3215 3455 3482 3510 civitatem

1965 3543 2444 3606 Samaritanorum,
2489 3544 2558 3596 sit
2583 3543 2852 3595 adhaerere
2882 3542 3037 3596 alicui
3079 3546 3316 3599 scientia:
3351 3545 3485 3600 falso

1964 3632 2278 3694 nominatae,
2312 3645 2497 3684 eorum
2535 3630 2623 3698 qui
2656 3642 2713 3682 se
2745 3631 2928 3682 dicunt
2969 3631 3221 3686 adbibere
3250 3643 3484 3687 mentem

1962 3719 2246 3785 legalibus,
2275 3720 2357 3771 vel
2390 3719 2731 3785 propheticis,
2761 3721 2843 3772 vel
2883 3720 3218 3788 evangelicis,
3250 3722 3331 3773 vel
3361 3737 3487 3790 apo-

1963 3807 2163 3861 stolicis
2188 3808 2538 3862 sermonibus.
2575 3806 3014 3875 Relinquentibus
3042 3817 3218 3861 autem
3245 3807 3482 3863 Samari-

1963 3897 2104 3949 tauis
2151 3896 2421 3963 propriam
2475 3895 2682 3958 urbem,
2723 3905 2776 3948 et
2828 3896 3162 3950 venientibus
3207 3897 3272 3949 ad
3302 3895 3482 3950 Jesum

1963 3984 2099 4052 apud
2131 3984 2324 4038 fontem
2358 3981 2555 4046 Jacob,
2598 3982 2720 4036 licet
2762 3980 2909 4046 Jesu,
2954 3984 3252 4036 adtnittenti
3297 3999 3483 4038 eorum

1963 4073 2050 4140 qui
2112 4073 2447 4126 crediderant
2490 4072 2838 4140 propositum,
2893 4085 3108 4126 manere
3151 4073 3291 4138 apud
3340 4073 3483 4139 ipsos

1965 4170 2234 4229 rogantes.
2277 4159 2622 4227 Arbitrorque
2665 4159 2921 4215 Joannem
2971 4175 3090 4215 cum
3135 4160 3336 4229 judicio
3377 4175 3484 4214 non

338 4247 580 4301 εἰσελθεῖν
611 4250 691 4310 είς
720 4248 818 4318 τὴν
848 4249 1171 4317 Σαμάρειαν,
1207 4247 1239 4316 ἢ
1272 4247 1521 4299 εἰσελθεῖν
1550 4248 1654 4317 (21)
1673 4251 1748 4309 εἰς
1770 4248 1864 4318 τὴν

1975 4250 2225 4316 posuisse,
2261 4267 2279 4299 ι
2312 4253 2570 4317 rogabant
2596 4264 2715 4302 eum
2765 4267 2786 4300 ι
2834 4249 3158 4303 Samaritaui
3204 4257 3264 4301 ut
3297 4248 3484 4302 Sama—

338 4337 473 4390 πόλιν
499 4377 514 4400 ,
559 4337 698 4390 ἀλλὰ
746 4357 764 4388 ι
801 4341 974 4407 μεῖναι
1013 4336 1138 4406 παρ’
1171 4337 1363 4398 αὐτοῖς·
1393 4355 1410 4385 ι
1441 4337 1498 4387 οὐ
1531 4336 1634 4407 γὰρ
1678 4338 1864 4390 ταυτόν

338 4423 441 4480 ἔστι
470 4430 551 4492 τὸ,
591 4431 771 4498 μεῖναι
803 4427 952 4496 παρά
983 4425 1060 4494 τῷ
1090 4425 1423 4490 πιστεύοντι,
1465 4427 1556 4477 καὶ
1587 4426 1665 4486 τὸ,
1694 4425 1862 4476 εἰσελ-

336 4509 434 4568 Θεῖν
470 4519 548 4579 είς
587 4517 686 4588 τὴν
738 4516 891 4568 πόλιν
942 4514 1121 4568 αὐτοῦ.
1158 4515 1266 4567 Καὶ
1291 4514 1350 4566 τὸ
1382 4513 1501 4581 ἐξῆς
1531 4515 1585 4565 δὲ
1611 4513 1670 4564 οῦ
1700 4513 1826 4582 ἴρησι
1849 4532 1862 4545 ο

393 4648 435 4679 ³¹
465 4646 622 4700 Joan.
661 4661 734 4708 IV,
768 4645 857 4707 40,
885 4645 972 4699 41.
1048 4645 1091 4676 ³³
1113 4643 1300 4698 Matth.
1324 4641 1446 4705 x,5.

394 4766 502 4834 (16)
531 4764 712 4818 Codex
745 4761 1194 4834 Bodleianus,xat
1235 4757 1531 4834 ἐξελθόντες
1562 4757 1727 4834 αὐτῆς
1781 4759 1860 4834 εἰς

333 4824 496 4886 κενόν
521 4849 668 4902 ιιι-ωςΔ
691 4829 1021 4902 πιστεύουσι,
1055 4831 1236 4902 sicque
1276 4827 1401 4902 legit
1431 4824 1730 4902 ferrarius,
1771 4827 1864 4902 sed

333 4904 552 4955 Omnino
571 4891 852 4953 retinenda
881 4909 962 4950 est
987 4891 1319 4960 eoddﬁltegii
1343 4901 1396 4942 ct
1428 4891 1700 4944 Barberini
1734 4892 1865 4944 scri-

332 4980 506 5116 fit?)
554 5036 646 5114 ὀς
674 5030 1140 5116 πολλῶζὲνῖίῖἲῖ
1153 5023 1861 5116 famast?

331 5095 446 5157 Tria
479 5095 757 5156 hominum
783 5112 1042 5172 genera}
1073 5095 1670 5172 Yalen'tino'cqnstituta
1699 5105 1859 5157 supra

327 5156 749 5235 9hsérvavimus.
780 5156 906 5220 Haec
928 5164 1148 5230 ἐκλογῆς
1180 5157 1338 5226 φύσις
1357 5156 1644 5235 ξφθειρτος,
1671 5156 1869 5226 μονοει-

469 5242 562 5294 καὶ
597 5238 779 5304 ἑνικὴ,
812 5237 929 5307 ipsa
954 5241 1032 5283 est
1054 5225 1738 5307 πνευματικῶνλιὸιῃἰιιιιιιι
1775 5240 1866 5278 na-

311 5281 449 5378 ξιῖιῗᾶ,
470 5281 624 5378 ’δι’οξ
1050 5281 1332 5378 ἐκλογῇ-ςιέ
1344 5291 1866 5378 istius-ag-

292 5359 704 5435 Ρείιῖῖίτέέίίιίὶι
722 5359 961 5424 Iren'téus
976 5365 1107 5430 apud
1131 5359 1489 5428 Epiphanium
1512 5359 1697 5412 hwres.
1720 5374 1862 5422 χχιι,

279 5436 410 5520 θίὶρ.
441 5450 531 5504 21.
572 5445 850 5520 liuentis.

357 5491 874 5594 ἴίδῖὶίάῖῆξιεῖς·
938 5498 1086 5552 Dee“
1121 5496 1172 5548 Ῐη
1227 5491 1392 5557 Πθῧῖο
1443 5501 1508 5547 ει
1551 5491 1858 5557 Barberino,

1969 4339 2100 4390 riam
2132 4338 2522 4406 ingrederetur,
2551 4337 2656 4402 vel,
2708 4345 2764 4390 ut
2796 4337 3162 4421 ingrederetur
3201 4338 3254 4389 in
3296 4337 3485 4392 civita-

1967 4433 2096 4490 tem,
2123 4427 2234 4488 sed,
2271 4445 2290 4476 ι
2330 4435 2384 4478 ιιι
2411 4435 2648 4480 maneret
2669 4426 2809 4493 apud
2857 4427 3003 4493 ipsos
3049 4441 3065 4487 ;
3119 4443 3141 4478 ι
3191 4440 3293 4479 non
3344 4425 3485 4478 enim

1974 4515 2111 4568 idem
2146 4524 2237 4569 est-
2262 4529 2476 4569 manere
2505 4516 2638 4583 apud
2666 4515 2991 4579 credentem,
3018 4525 3070 4569 et
3096 4514 3296 4584 ingredi
3329 4514 3382 4568 in
3408 4512 3487 4566 ci-

1969 4759 2060 4811 sed
2105 4757 2294 4826 legitur
2320 4758 2372 4809 in
2405 4756 2710 4826 Bodleiano.

2040 4818 2823 4894 (19)'L:vrsw's.ln.wo£wqr.
2875 4818 3112 4894 gegandi
3146 4819 3480 4894 particulam

1970 4885 2183 4960 apponit
2218 4885 2518 4960 Ferra_rius,
2546 4899 2599 4960 et
2635 4889 2840 4960 merito.
2873 4885 3036 4960 secus
3064 4887 3216 4938 codd.
3245 4885 3484 4938 Bodleia-

1970 4953 2089 5021 ηυξ,
2117 4960 2327 5026 Regius,
2362 4958 2680 5009 Barberinus
2714 4964 2768 5026 et
2804 4953 3098 5026 i’erionius.

2036 5018 2145 5096 (20)
2169 5018 2332 5096 Codd.
2384 5026 2578 5096 licgius
2613 5031 2675 5096 .et
2713 5021 3055 5096 Barberiuus,
3089 5019 3179 5096 καὶ
3203 5018 3482 5096 ,ἐλθόντων

1969 5085 2228 5166 πρδςίτδν
2261 5085 2636 5166 Ἰησοῦνλπαρά
2676 5089 2791 5164 τήν,
2822 5090 3056 5166 etc.;_set_l
3095 5088 3145 5138 in
3198 5085 3482 5166 Bodleiano

1970 5154 2289 5229 nonilegitur
2315 5154 2445 5227 πρὸς
2465 5159 2554 5229 τδν
2573 5154 2816 5226 Ἰησοῦν,
2843 5155 2976 5220 quod
3000 5154 3186 5208 abesse
3217 5160 3388 5220 potest
3413 5154 3484 5204 si-

1971 5246 2036 5284 ne
2063 5227 2173 5281 ullo
2192 5242 2376 5279 sensus
2397 5227 2736 5278 detrimento.
2961 5253 2970 5262 -
3492 5257 3495 5281 τ

2040 5297 2149 5364 (21)
2173 5294 2344 5365 Codex
2359 5293 2711 5365 _Bod_leiauus,_
2735 5290 2783 5365 ﬁ
2815 5288 3104 5365 εἰσελθεῖν-ς
3126 5287 3320 5365 Regius
3347 5285 3479 5365 cmi:

1970 5352 2142 5431 εἰι“ἦ,’
2162 5360 2324 5431 male.
2359 5359 2528 5431 Paulo
2552 5366 2668 5431 post
2700 5352 2835 5410 idem
2865 5358 3030 5412 codex
3068 5352 3400 5420 Bodleianus,
3427 5352 3486 5406 τὸ

1973 5427 2164 5499 μεῖναι,
2200 5429 2419 5499 Regius,
2441 5427 2530 5482 τοῦ
2563 5429 2756 5498 μεῖναι.
