3828 6196
395 227 498 282 I95

1824 221 2134 274 ORIGENIS

3501 219 3610 271 498

394 343 611 396 vitalem
662 336 838 405 ipsius.
886 332 1020 396 Quin
1067 329 1226 384 lectio
1282 343 1511 398 sequens
1569 345 1671 388 non
1739 334 1907 400 inquit

2023 339 2117 390 Καὶ
2149 336 2353 404 ἔμεινεν
2401 335 2458 387 ἐν
2497 337 2560 404 τῇ
2597 336 2745 388 πόλει
2779 335 2963 406 ἐκείνῃ
3007 353 3025 384 ι
3065 334 3167 385 δύο
3203 333 3455 401 ἡμέρας,
3493 351 3512 383 ι
3547 333 3604 403 ἢ,

395 427 650 480 mansisse
698 436 814 474 eum
866 419 918 472 in
963 419 1176 472 civitate
1222 417 1312 472 illa
1364 437 1382 470 ι
1427 421 1558 474 duos
1593 421 1724 485 dies,
1764 441 1782 473 ι
1824 424 1908 478 vel

392 515 528 582 quod
557 509 800 564 manserit
830 509 880 561 in
914 508 1178 570 Samaria,
1204 509 1297 562 sed
1324 527 1342 559 ι
1377 510 1572 564 mansit
1601 510 1738 573 illic,
1763 531 1780 562 ι
1811 512 1908 566 hoc

391 613 488 663 est,
542 614 699 667 penes
747 612 838 652 eos
896 598 983 663 qui
1033 607 1304 667 rogaram.
1351 597 1528 652 Manet
1575 601 1716 653 enim
1757 600 1909 656 Jesus

389 689 522 755 apud
559 701 650 740 eos
699 686 787 752 qui
836 693 1042 754 rogant,
1088 695 1142 737 et
1185 685 1448 752 praecipue
1499 700 1618 739 cum
1661 697 1908 753 rogantes

384 791 502 830 eum
533 774 871 843 egrediuntur
903 788 968 826 ex
997 773 1126 824 urbe
1153 787 1269 835 sua,
1302 781 1354 825 et
1385 773 1606 826 veniunt
1635 774 1699 825 ad
1734 774 1906 841 ipsum

383 864 581 928 Jesum,
625 863 896 916 Abraham
940 860 1100 915 veluti
1148 861 1338 914 imitati
1381 871 1655 929 parentem
1686 863 1792 915 Deo
1831 863 1910 916 di-

384 951 560 1004 centi:
614 969 633 1001 ι
663 950 921 1017 Egredere
947 952 1010 1002 de
1038 959 1176 1000 terra
1215 959 1325 1010 tua.
1381 959 1430 1002 et
1477 950 1544 1004 de
1591 952 1906 1017 cognatione

387 1048 493 1101 tua,
528 1050 580 1092 et
605 1040 669 1092 de
703 1040 858 1092 domo
885 1039 1048 1104 patris
1078 1040 1148 1090 tui
1181 1039 1244 1090 “.
1285 1058 1303 1089 ι
1339 1039 1530 1092 Mansit
1557 1049 1732 1094 autem
1777 1041 1908 1094 duos

382 1130 497 1182 dies
519 1143 680 1196 penes
709 1144 802 1182 eos
851 1144 877 1180 ιι
931 1129 1122 1196 quibus
1151 1140 1366 1198 rogatus
1415 1129 1588 1183 fuerat
1628 1148 1641 1183 :
1677 1131 1906 1184 nondum

383 1219 522 1272 enim
551 1219 829 1285 capiebant
861 1219 1068 1272 tertium
1104 1220 1246 1272 illius
1275 1220 1436 1283 diem,
1467 1221 1716 1286 quoniam
1746 1221 1910 1274 mira-

383 1308 623 1361 culosum
649 1308 844 1375 aliquid
870 1322 1058 1375 capere
1091 1324 1194 1361 non
1225 1317 1488 1375 poterant,
1513 1309 1730 1376 perinde
1752 1317 1910 1376 atque

381 1401 628 1454 concives
661 1400 817 1453 Came
851 1399 1081 1454 Galilmaz
1126 1401 1279 1454 tertia
1344 1402 1429 1454 die
1478 1415 1596 1454 cum
1645 1398 1769 1454 Jesu
1800 1413 1909 1454 cm-

383 1497 572 1542 nantes
620 1489 670 1540 in
720 1489 936 1556 nuptiis.
982 1489 1140 1556 265
1186 1489 1510 1558 Principium
1561 1490 1724 1555 igitur
1767 1489 1907 1556 quod

381 1577 531 1630 multi
561 1578 898 1630 crediderunt
925 1593 991 1630 ex
1023 1577 1287 1639 Samaria,
1316 1593 1493 1632 sermo
1532 1577 1636 1632 fuit
1669 1577 1908 1630 mulieris

2011 425 2256 492 Ἐμεινεν
2285 425 2342 475 ἐν
2367 426 2431 493 τῇ
2465 424 2760 493 Σαμαρείᾳ,
2787 424 2899 475 ἀλλ’
2940 442 2960 473 ‹
2993 423 3226 491 ἔμεινεν
3257 423 3404 484 ἐκεῖ,
3436 439 3457 472 ι
3480 438 3608 473 του-

2007 512 2150 564 τέστι
2209 512 2357 580 παρὰ
2401 515 2510 574 τοῖς
2553 515 2881 582 ἐρωτήσασι.
2934 511 3112 564 Μένει
3164 509 3286 578 γὰρ
3321 511 3353 560 6
3395 509 3610 579 Ἰησοῦς

2007 599 2154 668 παρὰ
2192 603 2301 661 τοῖς
2336 601 2651 670 ἐρωτήσασι,
2681 601 2771 652 καὶ
2803 600 3043 669 μάλιστα
3075 600 3172 651 ὅτε
3203 601 3256 650 οἱ
3286 599 3610 668 ἐρωτῶντες

2006 689 2162 740 αὑτὸν
2203 688 2504 756 ἐξέρχονται
2553 689 2652 757 τῆς
2705 689 2910 751 πόλεως
2962 688 3175 752 αὐτῶν,
3215 689 3320 739 καὶ
3354 687 3610 759 ἔρχονται

2008 775 2140 843 πρὸς
2173 774 2330 826 αὐτὸν
2361 774 2564 843 Ἰησοῦν
2615 775 2726 843 (22)
2756 813 2771 838 ,
2825 777 2996 828 oiovsl.
3057 775 3460 844 μιμησάμενοι
3519 777 3609 828 τὸν

2019 861 2280 930 Ἀδραὰμ,
2313 861 2593 914 πεισθέντα
2626 863 2703 930 τῷ
2754 864 2964 915 είπόντι
2997 863 3152 932 Θεῷ·
3199 881 3219 912 ι
3263 862 3500 926 Ἔξελθε
3547 865 3612 916 ἐκ

2006 949 2104 1016 τῆς
2135 950 2238 1018 γῆς
2272 966 2383 1012 σου,
2415 950 2506 1002 καὶ
2534 951 2598 1001 ἐκ
2634 951 2730 1019 τῆς
2757 951 3086 1017 συγγενείας
3117 968 3246 1012 σου,
3285 951 3389 1004 καὶ
3419 953 3486 1003 ἐκ
3516 954 3612 1005 τοῦ

2006 1036 2152 1088 οἴκου
2178 1036 2268 1089 τοῦ
2302 1037 2503 1107 πατρός
2538 1054 2651 1090 σου.
2687 1057 2704 1087 ι
2739 1037 2842 1088 Δύο
2872 1038 2928 1090 δὲ
2965 1038 3193 1108 ἡμέρας
3246 1040 3409 1107 μένει
3460 1041 3613 1108 παρὰ

2005 1129 2113 1188 τοῖς
2161 1127 2490 1196 ἐρωτήσασιν
2521 1127 2701 1178 αὐτόν·
2754 1126 2970 1179 οὐδέπω
3019 1127 3138 1196 γὰρ
3198 1125 3459 1196 ἐχώρουν
3517 1129 3614 1182 καὶ

2005 1213 2100 1282 τὴν
2130 1215 2316 1283 τρίτην
2335 1214 2495 1267 αὑτοῦ
2521 1216 2751 1285 ἡμέραν,
2783 1216 2905 1267 ἐπεὶ
2929 1216 3033 1284 οὐχ
3063 1211 3173 1267 οἷοί
3207 1233 3271 1267 τε
3318 1212 3468 1286 ἦσαν
3501 1235 3612 1284 χω-

2008 1304 2168 1373 ρῆσαί
2196 1321 2248 1356 τι
2273 1306 2568 1374 τεράστιον,
2595 1309 2773 1359 ὁποῖον
2803 1309 2853 1358 οί
2884 1308 2944 1358 ἐν
2983 1309 3150 1374 Κανᾷ
3179 1307 3288 1377 τῆς
3311 1307 3612 1372 Γαλιλαίας

2005 1396 2071 1462 τῇ
2111 1394 2288 1464 ἡμέρᾳ
2318 1398 2383 1464 τῇ
2420 1395 2576 1466 τρίτῃ
2613 1397 3060 1459 συνδειπνοῦντες
3093 1398 3179 1467 τῷ
3215 1398 3403 1466 Ἰησοῦ
3444 1400 3505 1449 ἐν
3535 1398 3613 1467 τῷ

2007 1482 2184 1552 γάμῳ.
2229 1484 2293 1535 Ἢ
2326 1484 2424 1553 μὲν
2463 1480 2553 1536 οὖν
2597 1486 2738 1554 ἀρχὴ
2791 1485 2900 1537 τῶν
2953 1486 3070 1538 ἀπὸ
3113 1486 3236 1555 ⁸τῆς
3288 1487 3616 1557 Σαμαρείας

2008 1573 2361 1626 πιστευόντων
2407 1573 2612 1626 πολλῶν
2644 1571 2713 1643 ἦν
2747 1577 2775 1627 ὁ
2807 1575 2964 1642 λόγος
2996 1576 3102 1644 τῆς
3147 1577 3431 1642 γυναικὸς
3470 1593 3610 1645 μαρ-

383 1667 723 1720 testilicantis
755 1668 953 1721 dixisse
996 1669 1096 1722 sibi
1146 1668 1324 1722 Iesum
1359 1669 1535 1721 omnia
1583 1681 1907 1735 quaecunque

2023 1660 2266 1730 τυρούσης
2291 1658 2546 1714 ὄτιιΕῐπέ
2590 1680 2678 1731 μοι
2710 1663 2887 1714 πάντα
2918 1663 2956 1715 ἃ.
2985 1663 3259 1732 ἐποίησα·
3281 1665 3420 1735 ιήδέ
3453 1664 3616 1732 αὔξη-

380 1755 630 1821 fecisset;
663 1756 1051 1810 incrementum
1081 1772 1207 1812 vero
1237 1767 1288 1810 et
1322 1756 1693 1823 multiplicatio
1721 1770 1904 1810 eorum

379 1846 472 1914 qui
503 1845 666 1900 multo
701 1847 879 1914 plures
913 1847 1274 1908 crediderunt,
1306 1860 1409 1898 non
1443 1845 1668 1914 amplius
1695 1853 1913 1913 prepter

381 1948 682 1989 sermonem
724 1937 960 1988 mulieris
983 1973 998 1998 ,
1046 1937 1138 1988 sed
1176 1943 1388 2003 prepter
1431 1949 1727 1988 sermonem
1759 1933 1907 2000 ejus;

381 2023 521 2090 quod
573 2038 677 2076 non
723 2037 872 2089 mque
929 2024 1043 2090 ipse
1101 2022 1330 2084 Sermo,
1384 2021 1520 2091 [seu
1558 2020 1726 2074 Filius
1776 2017 1909 2092 Dei]

382 2119 724 2178 agnoscatur,
753 2124 869 2162 cum
905 2110 1097 2177 aliquis
1125 2110 1188 2162 de
1228 2109 1343 2177 ipso
1375 2109 1712 2170 testificatur,
1752 2117 1908 2176 atque

381 2211 499 2249 cum
535 2197 645 2263 ipse
671 2213 700 2250 a
727 2212 785 2251 se
818 2198 932 2264 ipso
960 2198 1191 2250 illustrat
1235 2208 1288 2250 et
1332 2197 1506 2250 erudit
1537 2196 1910 2263 percipientcm

381 2285 723 2352 discipulum.
761 2285 827 2338 At
855 2284 1147 2339 Heracleon
1179 2287 1230 2338 in
1255 2286 1368 2339 haae
1398 2286 1511 2338 loca
1555 2286 1669 2339 haec
1700 2285 1905 2353 inquit:

388 2394 408 2427 ι
431 2375 581 2436 Apud
598 2376 734 2442 ipso:
757 2376 972 2437 mansit,
998 2384 1050 2428 et
1074 2390 1175 2427 non
1205 2375 1254 2429 in
1279 2375 1436 2442 ipsis;
1459 2384 1512 2426 et
1537 2373 1664 2425 duos
1681 2373 1809 2432 dies,
1835 2373 1913 2425 vi-

383 2463 572 2515 delicet
622 2462 701 2514 vel
743 2477 975 2528 praesens
1006 2463 1384 2522 saeculum,et
1417 2463 1648 2513 futurum
1704 2472 1910 2529 tempus

383 2550 711 2616 nuptiarum,
757 2551 837 2601 vel
892 2559 1101 2615 tempus
1143 2561 1268 2603 ante
1311 2551 1610 2617 passionem
1645 2565 1816 2612 suam,
1858 2561 1912 2605 et

381 2644 502 2702 post
530 2637 830 2702 passionem
854 2652 1005 2689 suam
1030 2656 1043 2691 :
1069 2638 1208 2704 quod
1236 2645 1441 2703 tempus
1467 2639 1605 2705 apud
1627 2639 1768 2706 ipsos
1788 2654 1908 2692 cum

382 2723 643 2791 (legisset,
673 2733 726 2775 et
755 2723 922 2776 multo
949 2723 1127 2790 plures
1163 2723 1375 2790 proprio
1406 2738 1649 2778 sermone
1685 2739 1911 2780 conver-

382 2813 536 2865 tisset
573 2812 638 2864 ad
674 2811 852 2872 ﬁdem,
884 2822 1163 2879 separatus
1193 2822 1276 2866 est
1321 2813 1390 2866 ab
1419 2813 1543 2867 illis.
1582 2832 1602 2866 ι
1635 2815 1714 2868 Ad
1750 2831 1906 2884 quam

383 2901 551 2968 ipsius
593 2912 933 2969 apparentem
987 2903 1440 2965 observationem,
1494 2903 1698 2957 scilicet
1748 2905 1909 2972 quod,

381 2988 522 3054 apud
581 2989 751 3055 ipsos,
816 2998 868 3041 et
931 3002 1056 3052 non,
1118 2989 1170 3041 in
1236 2989 1380 3057 ipsis,
1429 2991 1684 3056 scriptum
1731 2989 1906 3054 fuerit,

383 3077 664 3130 dicendum
688 3087 769 3132 est
806 3079 942 3145 quod
976 3078 1100 3129 illud
1139 3079 1337 3131 dictum
1383 3096 1397 3132 :
1453 3095 1472 3129 ι
1510 3079 1649 3132 Ecce
1682 3093 1778 3147 ego
1810 3095 1904 3133 voc

381 3165 584 3219 hiscum
620 3181 734 3220 sum
772 3169 1016 3220 omnibus
1043 3167 1229 3220 diebus
1267 3166 1400 3230 ³³⁸⁸⁸,
1423 3184 1441 3217 ι
1463 3165 1634 3221 simile
1654 3164 1724 3218 sit
1758 3167 1903 3232 huic,

387 3271 409 3304 ι
454 3254 590 3322 apud
624 3256 766 3319 ipsos
798 3255 1032 3319 mansit;
1070 3273 1088 3306 ι
1129 3269 1229 3307 non
1271 3256 1410 3308 enim
1443 3257 1577 3309 dixit
1617 3274 1630 3309 :
1672 3254 1728 3308 In
1761 3257 1910 3310 vobis

381 3356 520 3393 sum.
561 3341 816 3392 Praeterea
851 3343 1033 3394 dicens
1068 3342 1199 3398 duos
1241 3345 1353 3397 dies
1381 3357 1499 3398 esse
1526 3343 1610 3398 vel
1642 3344 1742 3397 hoc
1774 3359 1910 3412 prac-

377 3439 508 3477 sens
535 3425 781 3476 stnculum
813 3435 860 3477 et
897 3425 1154 3488 futurum,
1184 3431 1265 3480 vel
1297 3438 1503 3495 tempus
1529 3438 1656 3482 ante
1693 3431 1902 3495 passio-

375 3526 506 3564 .nem
535 3521 588 3564 et
621 3523 737 3578 post
774 3513 1096 3580 passionem,
1143 3528 1318 3581 neque
1354 3515 1776 3582 supervenientia
1808 3529 1907 3568 sa:-

377 3598 500 3654 eula
540 3609 657 3665 post
689 3601 924 3653 futurum
959 3601 1208 3654 saeculum
1258 3603 1646 3666 consideravit,
1690 3603 1756 3657 de
1795 3602 1910 3669 qui-

375 3687 482 3741 bus
530 3689 698 3756 inquit
747 3689 1069 3755 Apostolus:
1112 3708 1130 3740 ι
1166 3690 1232 3744 Ut
1278 3691 1584 3746 ostenderet
1625 3694 1680 3746 in
1729 3707 1910 3759 snper-

379 3778 623 3829 venturis
649 3777 858 3830 saeculis
889 3777 931 3809 "
959 3794 974 3841 ;
1013 3797 1031 3828 ι
1069 3794 1236 3845 neque
1266 3781 1535 3846 perspexit
1571 3782 1712 3848 quod
1749 3779 1905 3833 Jesus

379 3880 488 3918 non
513 3867 688 3919 solum
715 3876 839 3920 ante
868 3870 1190 3933 passionem,
1218 3884 1399 3921 verum
1425 3870 1585 3921 etiam
1621 3879 1740 3936 post
1786 3882 1906 3934 pas-

381 3954 584 4008 sionem
611 3968 955 4010 conversatur
979 3972 1096 4009 cum
1137 3957 1218 4007 his
1246 3957 1332 4022 qui
1363 3958 1427 4007 ad
1462 3958 1630 4022 ipsum
1665 3958 1902 4018 veniunt,

380 4048 434 4092 et
463 4052 638 4108 postea
668 4057 942 4110 separatur
980 4060 993 4094 :
1035 4057 1244 4107 semper
1282 4044 1426 4094 enim
1474 4057 1592 4092 cum
1634 4041 1905 4106 discipulis

2013 1765 2095 1810 σις
2125 1751 2217 1801 καὶ
2241 1752 2270 1801 6
2297 1750 2608 1819 πληθυσμὸς
2639 1750 2748 1802 τῶν
2780 1750 2967 1820 πολλῷ
2997 1751 3286 1804 πλειόνων
3321 1753 3613 1804 πιστευόν-

2006 1854 2134 1902 των,
2157 1839 2335 1890 οὒκέτι
2365 1839 2449 1891 διὰ
2477 1839 2567 1890 τὸν
2594 1841 2748 1906 λόγον
2779 1841 2878 1908 τῆς
2909 1840 3206 1906 γυναικὸς,
3232 1841 3379 1893 ἀλλὰ
3407 1841 3500 1894 διὰ
3525 1842 3614 1894 τὸν

2005 1927 2158 1994 λόγον
2185 1927 2365 1980 αὑτοῦ.
2401 1930 2476 1980 Οὐ
2503 1929 2607 1998 γὰρ
2633 1930 2834 1998 ὁμοίως
2881 1930 3050 1993 αὐτὸς
3093 1931 3194 1998 ἀφ’
3227 1932 3436 1983 ἑαυτοῦ
3471 1933 3602 1984 θεω-

2009 2017 2178 2084 ρεῖται
2207 2018 2235 2067 6
2267 2017 2462 2083 Λόγος,
2493 2019 2740 2086 φωτίζων
2787 2019 2879 2071 τὸν
2929 2019 3232 2090 χωροῦντα
3259 2059 3273 2083 ,
3323 2021 3358 2091 ἢ
3409 2021 3502 2074 ὅτε
3546 2021 3611 2074 δι’

2007 2103 2191 2173 ἐτέρου
2225 2104 2507 2173 λεγόμενος
2540 2110 2915 2176 μαρτυρεῖται.
2962 2108 3023 2159 '0
3063 2107 3128 2162 δὲ
3164 2109 3498 2180 ’Πρακλέων
3535 2113 3614 2172 είς

2006 2192 2131 2252 τοὺς
2159 2193 2351 2254 τόπους
2379 2193 2548 2246 ταῦτά
2579 2211 2731 2262 φησν
2775 2214 2793 2246 ‹
2818 2196 2959 2265 Παρ’
2985 2196 3188 2260 αὐτοῖς
3218 2217 3238 2248 ι
3281 2198 3496 2267 ἔμεινε,
3519 2205 3614 2250 καὶ

2007 2281 2104 2332 οὐκ
2137 2282 2194 2332 ἐν
2218 2282 2397 2344 αὐτοῖς
2420 2297 2433 2312 °
2463 2284 2556 2335 καὶ
2587 2302 2606 2334 ι
2627 2284 2720 2336 δύο
2744 2286 3016 2354 ἡμέρας,ι
3052 2287 3185 2354 ἦτοι
3209 2288 3306 2341 τὸν
3338 2289 3613 2340 ἐνεστῶτα

2009 2365 2194 2422 αἰῶνα,
2228 2368 2318 2419 καὶ
2350 2367 2438 2420 τὸν
2484 2369 2739 2438 μέλλοντα
2767 2371 2859 2423 τὸν
2901 2374 2962 2423 ἐν
3026 2374 3232 2443 γάμῳ,
3267 2375 3303 2443 ἢ
3360 2375 3457 2427 τὸν
3508 2375 3612 2446 πρὸ

2007 2456 2099 2505 τοῦ
2133 2453 2336 2516 πάθους
2362 2455 2524 2508 αὑτοῦ
2563 2458 2772 2527 χρόνον,
2805 2460 3021 2512 καὶτὸν
3058 2464 3213 2530 μετὰ
3240 2464 3306 2515 τὸ
3342 2464 3537 2527 πάθος,
3558 2467 3614 2518 ὃν

2011 2543 2136 2610 παρ’
2168 2544 2347 2605 αὐτοῖς
2377 2545 2602 2614 ποιήσας
2627 2586 2641 2609 ,
2681 2546 2861 2616 πολλῷ
2895 2549 3167 2613 πλείονας
3209 2551 3305 2605 διὰ
3336 2552 3437 2604 τοῦ
3482 2553 3611 2605 ἰδίου

2009 2629 2164 2697 λόγου
2198 2631 2526 2700 ἐπιστρέψας
2553 2635 2629 2696 είς
2663 2635 2848 2687 πίστιν
2882 2639 3175 2708 ἐχωρίσθη
3216 2641 3320 2694 ἀπ’
3351 2641 3553 2695 αὐτῶν.
3587 2661 3606 2691 ι

2009 2718 2238 2771 Λεκτέον
2257 2719 2312 2771 δὲ
2337 2721 2472 2790 πρὸς
2515 2720 2613 2789 τὴν
2658 2722 2922 2777 δοκοῦσαν
2951 2726 3134 2778 αὑτοῦ
3171 2731 3573 2799 παρατήρησιν
3593 2768 3608 2789 ,

2008 2807 2108 2868 ὅτι,
2138 2826 2155 2855 ι
2187 2808 2314 2876 παρ’
2339 2809 2549 2871 αὐτοῖς,
2588 2829 2606 2861 ι
2647 2814 2738 2864 καὶ
2764 2814 2885 2877 οὐκ,
2911 2816 2972 2866 ἐν
3001 2817 3230 2880 αὐτοῖς,
3269 2819 3607 2889 γέγραπται,

2011 2893 2090 2945 ὅτι
2125 2893 2304 2962 ὅμοιον
2331 2895 2426 2964 τῷ,
2459 2915 2476 2947 ι
2511 2901 2636 2968 παρ’
2667 2900 2872 2962 αὐτοῖς,
2906 2921 2924 2951 ι
2957 2903 3084 2955 ἐστὶ
3123 2905 3190 2956 τό
3212 2921 3225 2933 '
3267 2925 3288 2957 ι
3341 2907 3477 2959 Ἰδοὺ
3503 2906 3611 2974 ἐγὼ

2013 2980 2130 3048 μεθ’
2163 2979 2312 3050 ὑμῶν
2351 2984 2460 3052 είμι
2493 2985 2668 3047 πάσας
2693 2987 2790 3048 τὰς
2819 2989 3042 3058 ἡμέρας
3063 3009 3079 3022 ·
3123 3011 3144 3042 ι
3180 2995 3247 3046 οὐ
3289 2995 3405 3064 γὰρ
3439 2992 3606 3048 εἶπεν·

2023 3066 2109 3118 Ἐν
2139 3068 2261 3137 ὑμῖν
2288 3070 2418 3138 εἰμί.
2465 3072 2581 3122 Ἔτι
2623 3073 2680 3124 δέ
2737 3073 2912 3142 λέγων
2942 3077 3048 3140 τὰς
3081 3079 3184 3132 δύο
3216 3083 3464 3151 ἡμέρας,
3497 3084 3610 3151 ἦτοι

2010 3156 2190 3210 τοῦτον
2221 3159 2310 3211 τὸν
2336 3159 2502 3213 αίῶνα
2529 3157 2685 3223 εἶναι,
2712 3164 2807 3215 καὶ
2839 3165 2931 3216 τὸν
2959 3167 3270 3235 μέλλοντα,
3294 3171 3329 3240 ἦ
3380 3170 3475 3222 τὸν
3507 3169 3610 3240 mm

2011 3244 2102 3295 τοῦ
2129 3246 2346 3307 πάθους,
2379 3247 2470 3298 καὶ
2497 3247 2633 3315 μετὰ
2673 3249 2732 3300 τὸ
2777 3250 2974 3312 πάθος,
3007 3252 3141 3306 οὔτε
3185 3258 3324 3319 τοὺς
3379 3259 3610 3326 ἐπερχο-

2017 3331 2202 3398 μένους
2233 3332 2428 3393 αἰῶνας
2455 3333 2590 3401 μετὰ
2619 3334 2706 3386 τὸν
2735 3337 3007 3404 μέλλοντα
3054 3345 3323 3412 νενόηκε,
3369 3346 3500 3413 περὶ
3536 3340 3610 3406 ὧν

2009 3435 2168 3487 φησιν
2200 3421 2227 3470 6
2253 3421 2592 3483 ’Λπόστολος·
2631 3441 2648 3473 ι
2679 3425 2794 3475 Ἵνα
2843 3426 3161 3498 ἐνδείξηται
3201 3433 3263 3484 ἐν
3299 3435 3414 3493 τοῖς
3453 3431 3610 3496 αἱῶσι

2011 3512 2120 3571 τοῖς
2159 3510 2563 3578 ἐπερχομένοις’
2591 3530 2608 3561 ι
2637 3512 2759 3564 οὔτε
2791 3514 3046 3584 ἑώρακεν
3073 3504 3220 3586 (23),
3255 3523 3343 3574 ὅτι
3364 3522 3426 3572 οὐ
3454 3521 3609 3589 μόνον

2011 3598 2115 3667 πρὸ
2137 3597 2228 3650 τοῦ
2264 3598 2482 3662 πάθους,
2513 3599 2647 3652 ἀλλὰ
2688 3602 2783 3653 καὶ
2818 3604 2958 3669 μετὰ
2995 3606 3116 3672 (24)
3176 3610 3243 3661 τδ
3277 3609 3457 3670 πάθος
3489 3609 3608 3659 σύν-

2011 3701 2122 3736 εστι
2169 3687 2277 3746 τοῖς
2309 3686 2613 3753 ἐρχομένοις
2640 3688 2774 3755 πρὸς
2801 3690 2968 3742 αὑτὸν
3001 3694 3032 3744 6
3067 3694 3317 3763 Ἰησοῦς,
3346 3698 3444 3748 καὶ
3475 3693 3610 3763 μετὰ

2009 3772 2162 3824 τοῦτο
2193 3773 2502 3842 χωρίζεται⁸
2533 3776 2616 3826 ἀεὶ
2653 3776 2760 3846 γὰρ
2809 3778 2953 3846 μετὰ
2981 3781 3096 3834 τῶν
3146 3786 3422 3854 μαθητῶν
3451 3788 3566 3836 ἐστι
3591 3821 3605 3843 ,

2009 3859 2227 3928 μηδέπω
2252 3863 2379 3913 ποτὲ
2405 3862 2740 3914 καταλείπων
2776 3867 2888 3934 (25)
2922 3869 3133 3933 αὐτούς
3153 3889 3166 3902 ·
3207 3873 3361 3926 ὥστε
3401 3875 3498 3925 καὶ
3524 3873 3610 3923 λέ-

2006 3966 2118 4014 γειν
2154 3951 2344 4013 αὐτούς
2366 3969 2378 3981 ’
2417 3969 2436 3999 ι
2477 3951 2562 4003 Ζῶ
2585 3951 2660 4015 δὲ,
2701 3954 2803 4005 οὐκ
2849 3956 2930 4008 ἔτι
2967 3959 3086 4027 ἐγὼ
3112 3999 3129 4024 ,
3186 3963 3262 4034 ζῇ
3297 3965 3357 4016 δέ
3391 3966 3450 4016 ὲν
3485 3961 3610 4032 ἐμοὶ

2006 4041 2252 4109 Χριστός.
2292 4059 2309 4091 ι

381 4143 484 4196 εει,
511 4149 779 4198 nunquam
813 4135 878 4185 ab
906 4133 984 4184 eis
1007 4131 1285 4183 discedens
1314 4145 1329 4193 ;
1365 4131 1495 4182 adeo
1535 4139 1590 4182 ut.
1623 4129 1780 4181 etiam
1811 4129 1985 4182 dicant
2020 4149 2031 4182 :
2067 4149 2084 4180 ι
2118 4133 2245 4183 Vivo
2273 4141 2467 4194 autem,
2501 4147 2602 4184 non
2639 4133 2874 4200 amplius
2901 4149 3029 4203 ego,
3066 4139 3210 4194 vivit
3258 4158 3397 4197 vero
3436 4141 3489 4196 in
3523 4154 3609 4194 me

380 4220 620 4274 Christus
643 4221 708 4271 ⁸⁸.
738 4238 756 4269 ι

451 4311 536 4362 52.
581 4328 598 4358 ι
633 4307 836 4360 Mulieri
864 4316 1038 4357 autem
1073 4304 1313 4357 dicebant
1340 4321 1353 4356 :
1394 4302 1503 4357 Non
1529 4304 1751 4373 amplius
1780 4319 1900 4372 pro-

2066 4305 2151 4358 52.
2195 4324 2211 4354 ι
2243 4306 2319 4374 Τῇ
2361 4306 2416 4357 δὲ
2455 4310 2670 4373 γυναικὶ
2706 4309 2925 4378 ἔλεγον
2987 4314 3198 4368 Οὐκέτι
3235 4319 3335 4373 διὰ
3382 4321 3482 4390 τὴν
3509 4322 3604 4374 λα·

380 4407 496 4462 pter
519 4396 778 4462 loquelam
804 4405 942 4446 tuam
967 4393 1266 4446 credimus:
1289 4394 1384 4458 ipsi
1415 4394 1556 4448 enim
1585 4395 1904 4458 audivimus,

2009 4393 2124 4445 λιάν
2149 4410 2238 4444 σου
2275 4395 2612 4463 πιστεύομενο
2644 4399 2799 4450 αὐτοὶ
2825 4399 2935 4469 γὰρ
2965 4403 3332 4477 ἀκηκόαμεν,
3385 4412 3483 4463 καὶ
3534 4414 3610 4464 of-

379 4492 433 4535 et
465 4484 663 4537 scimus
695 4483 834 4550 quod
867 4483 951 4534 hic
984 4489 1066 4532 est
1101 4495 1223 4533 vere
1246 4482 1512 4536 .Servator
1555 4482 1737 4534 mundi
1776 4483 1840 4535 ".
1879 4499 1897 4533 ι

2023 4483 2168 4550 ἲαμεν
2194 4483 2272 4534 ὅτι
2299 4483 2509 4551 ἀληθῶς
2539 4477 2692 4549 οὗτός
2726 4489 2871 4539 ἐστιν
2901 4491 2928 4540 6
2952 4491 3152 4564 Σωτὴρ
3192 4497 3301 4548 τοῦ
3339 4499 3552 4568 κόσμου
3586 4517 3604 4550 ι

381 4571 584 4637 Negant
629 4571 784 4623 ﬁdem
817 4585 934 4623 eam
965 4586 1121 4636 quam
1159 4571 1423 4623 habebant
1469 4579 1685 4638 propter
1720 4571 1900 4637 loque-

2023 4568 2320 4636 Ἀρνοῦνται
2353 4571 2450 4638 τὴν
2475 4571 2562 4623 διὰ
2589 4572 2688 4642 τὴν
2719 4575 2910 4628 λαλιὰν
2948 4579 3053 4647 τῆς
3083 4586 3369 4648 γυναικὸς
3400 4587 3611 4649 πίστιν,

380 4662 483 4714 lam
517 4660 774 4723 mulieris,
802 4675 866 4714 eo
901 4661 1038 4728 quod
1083 4661 1181 4713 hac
1212 4661 1632 4727 prmstantiorem
1663 4659 1900 4711 invenis-

2023 4659 2244 4724 ιρεϊττον
2281 4658 2389 4725 (26)
2423 4661 2634 4730 ἐκείνης
2666 4665 2920 4733 εὑρόντες
2969 4669 3032 4718 τὸ
3075 4671 3406 4739 ἀκηκοέναι
3444 4675 3614 4728 αὐτοῦ

377 4757 516 4812 sent,
565 4747 749 4802 audito
795 4747 1078 4802 Servatore
1123 4749 1258 4817 ipso,
1307 4750 1439 4801 adeo
1483 4756 1540 4801 ut
1588 4749 1899 4816 agnoverint

2023 4743 2092 4795 τοῦ
2118 4745 2378 4814 Σωτῆρος,
2407 4747 2542 4799 ὥστε
2583 4751 2675 4803 καὶ
2717 4753 2912 4806 ειδέναι
2945 4795 2960 4817 ,
3013 4757 3101 4809 ὅτι
3147 4759 3394 4829 ἀληθῶς
3457 4757 3613 4823 οὗτός

377 4834 518 4891 hunc
547 4852 665 4892 esse
693 4852 814 4890 vere
841 4835 1178 4892 Servatorem
1215 4837 1413 4890 mundi.
1442 4837 1516 4889 Ac
1543 4847 1686 4890 certe
1709 4836 1897 4888 melius

2023 4850 2144 4884 ;στιν
2170 4834 2198 4883 6
2220 4834 2402 4903 Σωτὴρ
2435 4835 2527 4887 τοῦ
2555 4838 2782 4908 κόσμου.
2821 4843 2933 4894 Καὶ
2980 4843 3192 4911 βέλτιόν
3219 4849 3302 4914 γὲ
3340 4852 3495 4902 ἐστιν
3517 4851 3614 4903 αὖ·

377 4933 458 4975 est
497 4923 726 4990 propriis
774 4923 942 4978 oculis
984 4936 1203 4976 cernere
1243 4923 1580 4987 Sermonem,
1625 4922 1899 4989 ipsumque

2023 4922 2202 4990 εόπτην
2239 4923 2485 4988 γενέσθαι
2513 4926 2604 4977 τοῦ
2650 4929 2824 4997 Λόγου
2845 4971 2859 4994 ,
2889 4933 2987 4984 καὶ
3015 4937 3188 5005 χωρὶς
3225 4938 3509 5008 ὀργάνων
3539 4941 3616 4994 δι-

446 5054 491 5085 ³δ
515 5053 650 5108 Gen.
681 5071 778 5113 xu.
813 5057 862 5108 l.
938 5055 1054 5088 ”°“
1082 5054 1264 5108 Matth.
1299 5070 1482 5117 xxvm,
1512 5053 1601 5106 20.
1674 5051 1717 5083 ⁸⁷
1747 5051 1879 5118 Eph.

2023 5053 2046 5103 '.
2123 5052 2166 5083 ”
2194 5052 2365 5106 Galat.
2400 5070 2455 5116 ιι,
2479 5055 2570 5108 20.
2649 5059 2692 5090 δ’
2721 5059 2882 5115 Joan.
2913 5080 2986 5126 tv,
3022 5067 3114 5121 42.

448 5163 758 5236 (ἥλοοάοιι
787 5164 1121 5236 Bodleianus,
1147 5166 1279 5236 πρὸς
1313 5166 1402 5218 τδν
1445 5163 1666 5235 Ἰησοῦν,
1703 5161 1898 5231 Regius

2023 5162 2195 5227 iegius
2217 5165 2398 5218 omisit
2426 5166 2578 5220 ἀλλά.

377 5230 510 5298 πρὸς
532 5231 689 5284 αὐτὸν
725 5232 943 5300 Ἰησοῦν.
1191 5230 1203 5236 ’
1401 5302 1411 5312 .
1505 5230 1515 5235 ⁷
1737 5298 1748 5309 .
1791 5230 1802 5231 “

383 5360 416 5372 λ
448 5297 556 5372 (25)
581 5299 901 5372 ,Ἑώρᾳκεικ
928 5301 1015 5355 Sic
1046 5302 1206 5354 codex
1237 5300 1550 5354 Bodleianus
1576 5317 1588 5361 ;
1621 5299 1816 5366 Regius
1847 5305 1898 5348 ct

2023 5253 2181 5371 {(25)
2239 5253 2376 5306 ldein
2428 5259 2594 5312 codex
2647 5259 3008 5338 Bodleianus,
3051 5273 3332 5345 μηδέποτε
3369 5279 3576 5332 καταλι

2045 5338 2137 5372 ων.

381 5360 719 5435 Βεινίιςὲτῑλιιηεξ
753 5369 872 5435 spat,
1255 5434 1258 5435 ν
1665 5434 1668 5435 ,

2077 5408 2182 5435 mm
2211 5409 2352 5435 l‘...l.l
2407 5411 2474 5435 Ι)-
2503 5415 2533 5435 η
2575 5417 2587 5435 ρ

451 5408 564 5496 (ἐϋ
583 5408 876 5486 "Liliia'iiii
913 5435 1078 5500 μετά,
1108 5445 1209 5487 etc.
1245 5434 1329 5486 Sic
1355 5435 1517 5487 codex
1546 5433 1900 5495 Bodleianus;

2075 5408 2184 5477 (26)
2211 5409 2376 5465 Codd.
2407 5411 2735 5476 Bodleiautts
2777 5435 2833 5480 et
2877 5427 3248 5505 Bai-beriuus,
3277 5435 3608 5506 κρείττονα.
