3828 6178
185 5599 200 5630 ’
231 5599 429 5707 δξέἓῖ

349 325 446 382 ιοτ

1388 335 1733 391 ΟΟΜΜΕΝΤ.
1770 335 1834 387 lN
1867 335 2053 389 JOAN.
2096 334 2326 391 TOMUS
2363 333 2495 387 Xlll.

3396 329 3497 384 ‘98

349 429 625 512 δάσκοντος
685 438 909 495 ἀκούειν
966 446 1149 510 αὐτοῦ,
1208 439 1298 500 καί
1345 446 1750 515 φαντασιοῦντος
1822 449 1873 500 oi

1985 447 2170 500 audire
2210 447 2485 500 docentem
2533 443 2648 498 sine
2692 436 3075 501 instrumentis,
3123 445 3196 502 et,
3235 438 3366 504 citra
3406 439 3498 492 do-

352 529 433 583 διά
476 527 580 580 τῶν
632 527 744 599 (27)
797 531 1153 585 διδασκόντων
1208 534 1267 585 τὸ
1311 535 1646 604 ἡγεμονικὸν,
1707 534 1882 603 εὑρίσ-

339 634 441 683 Δκον
505 618 807 688 τρανότητα
882 620 992 690 (Ξὸ)
1046 623 1168 684 τοὺς
1219 622 1313 692 τῆς
1364 621 1614 690 ἀληθείας
1649 622 1879 684 τύπους,

352 706 487 774 ἢπερ
533 705 608 774 μὴ
657 705 868 774 όρῶντα
916 707 1095 769 αὐτὸν,
1150 709 1281 777 μηδέ
1329 709 1433 762 ἀπὸ
1470 709 1567 777 τῆς
1612 709 1883 778 δυνάμεως

351 793 710 862 φωτιζόμενον
742 794 903 848 αὐτοῦ
932 796 1186 849 διακόνων
1216 796 1321 848 τῶν
1353 796 1663 869 ἑωρακότων
1705 797 1880 859 αὑτὸν,

349 881 560 934 ἀκούειν
585 883 677 934 τὸν
707 885 834 954 περὶ
858 885 1020 938 αὐτοῦ
1041 887 1214 954 λόγον.
1244 887 1534 955 Ἀμήχανον
1556 887 1661 956 γὰρ
1679 887 1738 938 τὸ
1755 884 1884 938 αὐτὸ

344 969 418 1036 τῷ
450 971 715 1039 ἑωρακότι
751 973 1027 1041 γινόμενον
1081 974 1205 1043 περὶ
1244 974 1303 1025 τὸ
1351 975 1665 1043 ἡγεμονικὸν
1720 975 1883 1038 πάθος

345 1049 531 1102 παθεῖν
571 1053 666 1104 τὸν
700 1053 809 1105 ἀπὸ
851 1055 943 1107 τοῦ
990 1057 1286 1126 ἑωρακότος
1333 1060 1423 1109 καὶ
1463 1059 1885 1126 ἀπαγγέλλοντος

342 1137 498 1189 αὐτὸν
533 1139 916 1208 διδασκόμενον
942 1160 954 1172 ·
986 1144 1078 1194 καὶ
1111 1145 1347 1213 κρεῖττόν
1376 1163 1436 1213 γε
1466 1146 1552 1198 διὰ
1582 1147 1747 1208 εἴδους
1789 1165 1884 1199 πε-

337 1229 584 1295 ριπατεῖν
613 1226 646 1296 ἢ
680 1228 768 1280 διὰ
802 1230 1051 1294 πίστεως.
1076 1234 1174 1285 Διά
1204 1235 1347 1286 τοῦθ’
1377 1237 1423 1286 οί
1459 1237 1552 1304 μὲν
1593 1237 1748 1288 οἱονεὶ
1799 1236 1883 1289 διὰ

337 1314 508 1376 εἴδους
541 1318 970 1386 περιπατοῦντες
992 1321 1047 1372 ἐν
1070 1324 1179 1383 τοῖς
1207 1323 1624 1392 προηγουμένοις
1651 1323 1884 1389 λέγοιντο

335 1403 398 1455 ἂν
435 1397 578 1454 εἶναι
617 1404 938 1474 χαρίσμασι,
962 1407 1100 1477 λόγῳ
1133 1410 1320 1477 σοφίας
1349 1410 1432 1463 διὰ
1462 1410 1551 1462 τοῦ
1579 1411 1882 1479 Πνεῦματος

333 1489 426 1542 τοῦ
452 1489 614 1553 Θεοῦ,
645 1493 742 1543 καὶ
771 1492 912 1562 λόγῳ
939 1493 1184 1563 γιώσεως
1209 1499 1344 1551 κατὰ
1378 1499 1436 1551 τὸ
1471 1499 1599 1552 αὐτὸ
1627 1499 1847 1569 Πνεῦμα
1868 1521 1883 1540 ο

332 1580 381 1630 oi
428 1578 486 1630 δὲ
539 1579 630 1631 διά
667 1581 918 1647 πίστεως,
952 1586 1000 1636 εί
1032 1587 1124 1639 καὶ
1153 1587 1392 1656 χάρισμα
1425 1589 1568 1641 ἐστιν
1616 1590 1648 1657 ή
1705 1588 1882 1650 πίστις

334 1668 469 1720 κατά
496 1668 584 1721 τό·
628 1689 648 1720 ι
683 1671 862 1740 Ἀλλῳ
898 1673 953 1724 δὲ
988 1675 1165 1738 πίστις
1197 1678 1252 1727 ἐν
1276 1675 1350 1745 τῷ
1383 1676 1524 1746 αὐτῷ
1559 1676 1874 1746 πνεύματι,›

1981 543 2180 596 centes,
2198 531 2310 585 visa
2344 531 2730 597 imprimentem
2763 527 2953 580 anima:
2980 524 3322 593 principatui,
3347 525 3497 578 inve.

1983 621 2144 673 nienti
2189 618 2435 672 veritatis
2485 617 2678 685 ﬁguras
2723 612 3040 677 manifesto;
3070 627 3230 679 quam
3271 627 3374 664 non
3416 613 3497 664 vi-

1982 706 2165 760 dentes
2197 706 2388 773 ipsum,
2434 717 2604 772 neque
2645 701 2710 755 al)
2745 701 2885 755 illius
2921 700 3217 756 illustratos
3241 699 3494 766 potentia,

1980 796 2276 850 doetrinam
2307 794 2576 864 percipere
2605 793 2668 848 de
2695 792 2783 844 illo
2812 805 2905 859 per
2934 791 3207 845 ministros
3235 791 3322 857 qui
3351 788 3496 841 illum

1979 885 2228 940 viderint.
2269 883 2637 938 Diﬁicillimum
2678 881 2817 934 enim
2859 879 3000 934 factu
3029 889 3132 944 est,
3169 888 3227 933 ut
3263 877 3497 932 affectio-

1981 985 2096 1022 nem
2129 969 2391 1032 eamdem,
2421 982 2538 1036 qua:
2581 969 2634 1022 in
2678 967 2976 1035 principatu
3015 968 3202 1019 animae
3232 966 3374 1020 illius
3407 968 3494 1034 qui

1981 1059 2194 1122 viderit,
2220 1056 2466 1119 ellicitur,
2511 1055 2742 1124 patiatur
2790 1053 2879 1107 ille
2919 1055 3010 1120 qui
3053 1055 3302 1108 educetur
3341 1055 3409 1109 ab
3434 1067 3497 1109 eo

1978 1148 2065 1215 qui
2091 1148 2257 1214 ipsam
2283 1145 2475 1198 viderit
2504 1165 2515 1197 :
2548 1143 2710 1214 266
2750 1145 2888 1198 unde
2921 1146 3075 1197 etiam
3113 1145 3270 1213 longe
3307 1145 3497 1200 melius

1977 1245 2058 1288 est
2087 1250 2181 1303 per
2211 1234 2442 1302 speciem
2465 1234 2736 1288 ambulare
2764 1248 2921 1301 quam
2955 1248 3051 1302 per
3079 1232 3234 1287 ﬁdem
3255 1233 3322 1286 “.
3349 1233 3496 1288 Hanc

1976 1326 2043 1380 ob
2071 1338 2283 1378 causam
2313 1323 2477 1392 aliqui
2512 1336 2606 1390 per
2631 1323 2860 1390 Speciem
2898 1322 3234 1377 ambulantes
3279 1323 3329 1376 in
3359 1336 3496 1390 prte-

1977 1412 2149 1483 cipuis
2185 1413 2432 1468 dicentur
2459 1424 2579 1465 esse
2599 1409 3033 1474 cbarismalibus,
3061 1422 3250 1478 nempe
3295 1411 3347 1463 in
3377 1424 3495 1464 ser-

1978 1512 2132 1550 mone
2187 1496 2458 1565 sapientia:
2488 1512 2583 1566 per
2614 1497 2868 1564 Spiritum
2897 1495 3011 1556 Dei,
3058 1504 3111 1548 et
3155 1495 3205 1548 in
3251 1506 3496 1550 sermone

1977 1584 2212 1636 scientia:
2237 1585 2388 1650 juxta
2420 1585 2660 1638 eumdem
2692 1583 2950 1652 Spiritum
2988 1583 3030 1614 ³³
3074 1601 3090 1650 ;
3130 1583 3217 1651 (ιιιὶ
3250 1598 3375 1638 vero
3401 1599 3495 1652 per

1977 1672 2130 1726 ﬁdem
2185 1671 2490 1735 ambulant,
2536 1672 2738 1725 etiamsi
2784 1673 2974 1724 donum
3023 1672 3093 1724 sit
3146 1671 3308 1735 ﬁdes,
3343 1673 3492 1740 juxta

334 1757 398 1823 τῇ
449 1754 601 1817 τάξει
642 1757 752 1810 τῶν
793 1761 1068 1830 προτέρων
1103 1763 1236 1814 είσὶν
1270 1761 1498 1832 ὕστεροι.
1544 1761 1873 1828 Ἐξεταστέον

1980 1759 2143 1812 illud:
2182 1777 2201 1810 ι
2235 1760 2333 1812 Alii
2373 1768 2543 1812 autem
2573 1759 2724 1822 ﬁdes,
2754 1761 2805 1812 in
2835 1760 3015 1812 eodem
3061 1761 3246 1826 spiritu
3279 1762 3343 1825 “,
3381 1778 3401 1812 ι
3438 1761 3491 1815 in

335 1842 390 1893 δὲ
417 1842 540 1893 πότε
574 1845 670 1896 καὶ
709 1845 826 1909 πῶς
873 1847 1018 1916 λέγει
1067 1849 1272 1913 Παῦλος
1292 1868 1306 1881 ·
1338 1870 1356 1901 ι
1384 1851 1479 1902 Διά
1509 1853 1736 1914 πίστεως
1770 1851 1875 1923 γὰρ

338 1931 764 2001 περιπατοῦμεν,
790 1935 848 1986 οὐ
876 1935 961 1987 διὰ
988 1936 1174 2000 εἴδους·
1207 1955 1225 1987 ι
1265 1939 1377 2002 πῶς
1405 1938 1530 2008 γὰρ,
1551 1940 1678 1992 ὡσεὶ
1697 1939 1876 1993 πολλοὶ

338 2016 531 2080 νοοῦσι,
555 2019 642 2070 διὰ
673 2021 940 2085 πίστεως,
980 2025 1070 2075 καὶ
1115 2025 1176 2076 οὺ
1213 2025 1299 2077 διὰ
1328 2025 1495 2088 εἴδους
1530 2029 1813 2096 περιπατεῖ
1848 2028 1876 2079 ό

340 2099 748 2174 ἐμϐριθέστατα
762 2110 954 2177 λέγων’
986 2129 1002 2160 ι
1029 2109 1138 2163 Οὐκ
1161 2112 1273 2180 είμὶ
1301 2111 1577 2182 ἐλεύθερος
1601 2128 1614 2174 ;
1647 2114 1740 2164 οὐκ
1765 2109 1878 2181 είμὶ

339 2193 656 2260 ἀπόστολος;
690 2196 811 2264 οὐχὶ
844 2196 1046 2266 Ἰησοῦν
1075 2198 1164 2250 τὸν
1188 2197 1387 2268 Κύριον
1426 2197 1577 2267 ἡμῶν
1617 2197 1830 2267 ἑώρακα
1859 2213 1874 2261 ;

338 2281 395 2332 οὗ
423 2281 481 2334 τὸ
525 2283 687 2352 ἔργον
738 2302 841 2354 μου
887 2287 1042 2355 ὑμεῖς
1073 2289 1194 2338 ἐστε
1232 2289 1288 2339 ἐν
1341 2287 1562 2358 Κυρίῳ;
1594 2305 1612 2337 ι
1652 2287 1876 2356 Ἵδωμεν

337 2366 425 2422 οὖν
454 2371 513 2423 τὸ
546 2373 708 2442 ῥητὸν
752 2374 870 2437 πῶς
911 2375 992 2427 δεῖ
1041 2375 1284 2428 ἐκλαϐεῖν
1320 2377 1408 2429 τόν
1451 2395 1469 2427 ι
1502 2375 1600 2428 Διά
1645 2376 1876 2438 πίστεως

241 2499 245 2502 μ
338 2458 440 2528 γὰρ
491 2461 934 2532 περιπατοῦμεν,
971 2462 1030 2514 οὐ
1075 2463 1160 2515 διὰ
1209 2462 1416 2528 είδους,
1450 2481 1469 2516 ι
1526 2462 1876 2524 ἀναλαϐόντες

337 2545 462 2598 αὐτὸ
491 2547 599 2600 ἀπὸ
623 2549 732 2601 τῶν
766 2551 1022 2619 ἀνωτέρω
1056 2549 1226 2614 οὕτως
1254 2550 1392 2618 ἔχειν
1421 2549 1547 2619 (29)°
1579 2569 1598 2602 ι
1619 2551 1676 2603 '0
1696 2549 1753 2602 δέ
1779 2565 1874 2603 κα-

337 2637 735 2708 τεργασάμενος
775 2640 922 2708 ἡμᾶς
967 2640 1049 2702 είς
1096 2640 1226 2692 αὐτὸ
1266 2639 1418 2693 τοῦτο
1451 2642 1479 2692 ό
1509 2639 1656 2706 Θεδς,
1699 2641 1728 2693 ό
1754 2638 1874 2702 δοὺς

339 2722 460 2788 ἡμῖν
483 2723 572 2774 τὸν
591 2723 889 2792 ἀρραϐῶνα
924 2724 1016 2777 τοῦ
1049 2725 1377 2796 Πνεῦματος.
1419 2725 1749 2794 Θαρροῦντες
1782 2721 1874 2780 οῦν

339 2810 580 2876 πάντοτε,
616 2813 713 2865 καὶ
741 2812 962 2877 εἰδότες,
1001 2813 1081 2866 ὅτι
1109 2813 1456 2884 ἐνδημοῦντες
1486 2816 1542 2867 ἐν
1568 2814 1644 2883 τῷ
1666 2813 1873 2885 σώματι

337 2900 668 2970 ἐκδημοῦμεν
707 2901 817 2954 ἀπὸ
847 2901 941 2954 τοῦ
972 2903 1175 2972 Κυρίου
1199 2918 1212 2932 ·
1241 2901 1329 2954 διὰ
1368 2903 1598 2966 πίστεως
1641 2901 1749 2974 γὰρ
1775 2920 1870 2955 πε-

343 2989 689 3059 ριπατοῦμεν,
718 2990 780 3042 οὐ
801 2990 890 3042 διὰ
913 2989 1085 3053 εἴδους
1103 3007 1116 3022 ο
1151 3008 1170 3042 ι
1207 2990 1388 3061 (δῆλον
1408 2992 1450 3044 δ’
1479 2993 1556 3044 ὅτι
1589 2991 1873 3061 ἐνδημοῦν-

342 3094 427 3140 τες
455 3080 510 3132 ἐν
540 3079 616 3147 τῷ
644 3078 876 3147 σώματι,
908 3080 997 3132 ὅτε
1029 3080 1358 3151 ἐκδημοῦμεν
1388 3082 1493 3134 ἀπὸ
1513 3081 1603 3134 τοῦ
1625 3081 1870 3152 Κυρίουο)

348 3183 364 3212 ι
389 3163 712 3236 θαρροῦντες
748 3165 946 3235 μᾶλλον
985 3166 1302 3237 εὐδοκοῦμεν
1351 3168 1650 3237 ἐκδημῆσαι
1688 3170 1751 3221 ἐκ
1779 3167 1871 3220 τοῦ

335 3255 577 3324 σώματος
597 3294 614 3318 ,
640 3257 736 3308 καὶ
765 3255 1061 3324 ἐνδημῆσαι
1087 3255 1222 3327 πρδς
1243 3255 1333 3308 τὸν
1363 3256 1581 3328 Κύριον.
1616 3275 1634 3306 ι
1662 3256 1873 3309 Τούτων

335 3341 498 3404 οὕτως
534 3344 840 3413 εἰρημένων
872 3346 951 3406 είς
996 3343 1055 3394 τὸ
1091 3344 1272 3412 νοῆσαι
1319 3344 1371 3396 τί
1426 3344 1486 3396 τὸ
1524 3345 1766 3414 ἐνδημεῖν
1797 3343 1873 3413 τῷ

337 3429 570 3500 σώματι,
607 3432 702 3484 καὶ
733 3431 987 3501 ἐκδημεῖν
1029 3431 1136 3485 ἀπὸ
1189 3431 1280 3484 τοῦ
1329 3434 1564 3503 Κυρίου,
1624 3433 1677 3484 τί
1726 3451 1782 3485 τε
1814 3435 1874 3486 τὺ

336 3518 634 3588 ἐκδημῆσαι
666 3522 731 3572 ἐκ
755 3520 848 3572 τοῦ
882 3519 1148 3589 σώματος,
1186 3521 1279 3573 καὶ
1307 3521 1597 3591 ἐνδημῆσαι
1621 3522 1752 3591 πρὸς
1784 3522 1873 3576 τὸν

339 3606 549 3676 Κύριον,
578 3609 788 3662 ἐαυτῶν
835 3608 1130 3678 πυθώμεθα
1158 3611 1209 3662 τί
1256 3611 1382 3679 περὶ
1426 3608 1518 3661 τοῦ
1562 3610 1872 3662 Ἀποστόλου

335 3693 556 3760 ἐροῦμεν
577 3712 590 3724 ”
618 3696 874 3766 πότερον,
908 3697 988 3749 ὅτι
1019 3697 1262 3766 ἐνδημῶν
1287 3695 1364 3766 τῷ
1398 3696 1602 3766 σώματι
1629 3695 1872 3768 ἐξεδήμει

334 3778 438 3830 ἀπὸ
463 3780 554 3833 τοῦ
592 3781 823 3852 Κυρίου,
857 3783 889 3852 ἢ
917 3783 997 3835 ὃτι
1029 3783 1278 3852 ἐκδημῶν
1306 3782 1396 3836 τοῦ
1429 3781 1673 3852 σώματος
1693 3783 1869 3852 ἐνεδή-

335 3885 420 3936 μει
447 3869 525 3939 τῷ
551 3871 760 3940 Κυρίῳ.
805 3870 963 3922 Ἀλλά
1014 3872 1177 3938 σαφές
1206 3871 1335 3940 (50)·
1371 3871 1488 3922 ἐπεὶ
1528 3873 1576 3922 οί
1625 3872 1681 3922 ἐν
1711 3872 1872 3941 σαρκὶ

328 3954 473 4019 ὄντες
517 3957 637 4025 Θεῷ
685 3956 878 4024 ἀρέσαι
905 3957 964 4007 οὐ
989 3955 1256 4019 δύνανται,
1292 3958 1341 4008 οἱ
1370 3956 1412 4008 δ’
1442 3955 1582 4022 ἅγιοι
1609 3956 1706 4008 οὐκ
1738 3957 1870 4009 εἰσὶν

331 4041 386 4089 ἐν
417 4043 610 4111 σαρκὶ,
644 4041 761 4094 ἀλλ’
811 4043 868 4093 ἐν
917 4041 1210 4110 πνεύματι·
1269 4042 1422 4110 εἴπερ
1471 4039 1687 4110 Πνεῦμα
1741 4040 1868 4093 Θεοῦ

337 4129 462 4182 οἰκεῖ
513 4131 571 4182 ἐν
616 4132 832 4192 αὐτοῖς’
875 4127 1083 4192 Παῦλος
1113 4129 1210 4182 οὐκ
1240 4125 1306 4198 ἦν
1352 4130 1408 4180 ἐν
1453 4129 1630 4196 σαρκὶ,
1661 4127 1777 4179 οὐδὲ
1814 4129 1870 4179 ἐν

342 4214 568 4286 σώματι·
632 4215 885 4284 ἀληθεύει
938 4216 1044 4287 γὰρ
1095 4215 1292 4283 λέγων’
1356 4233 1374 4266 ι
1402 4215 1549 4267 Δοκῶ
1609 4215 1664 4266 δὲ
1719 4213 1870 4280 κάγὼ

341 4300 545 4375 Πνεῦμα
591 4303 730 4356 Θεοῦ
775 4304 949 4373 ἔχειν’
987 4323 1008 4356 ι
1055 4303 1154 4356 οὐκ
1205 4302 1444 4372 ἐνδημῶν
1490 4303 1546 4354 δέ
1592 4305 1656 4372 τῇ
1708 4303 1867 4371 σαρκὶ
1897 4331 1940 4384 D

339 4396 416 4457 καὶ
465 4396 712 4466 σώματι,
769 4392 862 4445 τοῦ
909 4391 1254 4465 ἐνδημοῦντος
1299 4391 1374 4460 τῷ
1418 4390 1624 4460 σώματι
1663 4390 1747 4442 διὰ
1779 4391 1865 4442 πί-

339 4495 490 4548 στεως
535 4482 994 4553 περιπατοῦντος,
1033 4482 1093 4534 οὐ
1149 4480 1236 4533 διὰ
1284 4481 1470 4542 εἴδους.
1517 4480 1623 4531 Καὶ
1663 4480 1762 4548 δρα
1819 4482 1866 4531 εί

335 4565 540 4625 δύναται
596 4573 702 4640 τῆς
750 4570 1108 4640 ἀποπολικῆς
1156 4569 1434 4640 ἀκριϐείας
1490 4564 1626 4621 εἶναι
1674 4567 1734 4619 τὸ
1794 4568 1866 4638 μὴ

333 4661 513 4715 ταυτὸν
565 4661 799 4729 φάσκειν
852 4663 909 4712 ἐν
965 4660 1122 4730 σαρκὶ
1157 4654 1311 4711 ,εἶναι
1351 4656 1445 4708 καὶ
1483 4657 1727 4726 ἐνδημεῖν
1768 4654 1870 4707 σώ-

335 4760 485 4810 ματι·
518 4752 568 4802 οί
605 4749 707 4819 μὲν
759 4748 869 4817 γὰρ
906 4748 964 4800 ἐν
1006 4747 1165 4817 σαρκὶ
1220 4745 1368 4805 ὄντες
1415 4743 1529 4814 Θεῷ
1579 4745 1766 4815 ἀρέσαι
1807 4745 1868 4796 οὐ

333 4831 589 4892 δύνανται.
629 4841 693 4890 Ui
731 4838 788 4889 δὲ
837 4837 1185 4905 ἐνδημοῦντες
1217 4833 1295 4903 τῷ
1343 4832 1549 4902 σώματι
1601 4833 1865 4903 ἐκδημοῦ-

334 4934 407 4976 σιν
458 4924 556 4993 μέν
589 4924 701 4976 ἀπὸ
740 4922 834 4975 τοῦ
884 4923 1085 4991 Κυρίου
1113 4961 1126 4986 ,
1175 4921 1312 4989 πλὴν
1364 4919 1446 4971 διὰ
1491 4921 1587 4990 τῆς
1638 4921 1866 4982 πίστεως

333 5011 742 5081 περιπατοῦσιν,
803 5012 852 5063 εί
909 5011 1001 5063 καὶ
1056 5010 1274 5079 μηδέπω
1326 5007 1555 5076 χωροῦσι
1629 5009 1715 5061 διὰ
1791 5010 1866 5060 εἴ-

332 5093 460 5163 δους.
514 5103 624 5155 Καὶ
670 5098 826 5172 οἶμαι
852 5140 867 5164 ,
920 5101 1000 5152 ὅτι
1043 5101 1099 5152 ἐν
1155 5097 1316 5166 σαρκὶ
1365 5095 1461 5162 μέν
1494 5099 1626 5150 είσιν
1654 5100 1701 5152 οί
1733 5098 1870 5150 κατά

383 5239 428 5273 ⁴⁰
455 5241 497 5295 ll
527 5240 720 5302 Conv,
759 5237 814 5289 7.
891 5233 935 5264 ⁸¹
961 5233 1128 5302 I_Cor.
1150 5245 1250 5302 xtl,

1975 1845 2161 1899 ordine
2186 1847 2420 1915 priorum
2469 1855 2592 1899 sunt
2631 1845 2818 1899 ultimi.
2859 1845 3118 1900 Caeterum
3166 1847 3493 1914 inquiramus

1973 1942 2184 2000 oportet
2222 1934 2436 2000 quando
2485 1941 2535 1984 et
2591 1932 2854 1999 quomodo
2895 1932 3038 1984 dicat
3072 1931 3302 1986 Paulus:
3339 1949 3355 1982 ι
3390 1931 3493 1984 Per

1973 2023 2130 2076 ﬁdem
2159 2023 2299 2075 enim
2327 2021 2674 2084 ambulamus,
2707 2035 2808 2075 non
2833 2035 2926 2088 per
2949 2021 3174 2088 speciem
3202 2021 3283 2076 ⁸³ε
3319 2039 3338 2073 ι
3361 2034 3492 2090 quo-

1974 2111 2128 2164 modo
2154 2111 2315 2173 enim,
2347 2118 2404 2162 ut
2433 2109 2582 2162 multi
2617 2117 2817 2174 rentur,
2849 2123 2943 2178 per
2977 2109 3152 2174 ﬁdem,
3181 2119 3234 2162 et
3265 2125 3365 2162 non
3397 2123 3490 2179 per

1973 2194 2200 2264 speciem
2237 2198 2492 2259 ambulat,
2538 2199 2625 2264 qui
2667 2198 2978 2265 gravissime
3021 2197 3151 2249 dicit
3189 2213 3203 2249 :
3243 2213 3262 2247 ι
3306 2195 3491 2250 Nonne

1972 2298 2090 2339 sum
2116 2284 2251 2338 liber
2273 2284 2297 2337 1
2332 2299 2504 2338 nonne
2529 2299 2643 2339 sum
2673 2285 2942 2354 apostolus
2965 2285 2988 2338 τ
3011 2299 3184 2340 nonne
3211 2285 3489 2339 Dominum

1958 2362 2212 2424 nostrum
2241 2367 2418 2423 Iesum
2449 2370 2714 2425 Christum
2743 2371 2849 2424 vidi
2875 2371 2898 2424 ἲ
2926 2384 3102 2426 nonne
3133 2384 3266 2439 opus
3313 2385 3490 2425 meum

1972 2471 2068 2513 vos
2099 2457 2228 2511 estis
2257 2452 2312 2508 in
2331 2455 2652 2509 Domino?“
2683 2457 2914 2513 Proinde
2935 2458 3205 2512 videamus
3227 2459 3491 2527 quomodo

1971 2545 2367 2614 intelligendum
2399 2545 2468 2599 sit
2494 2545 2621 2599 illud
2648 2565 2660 2600 :
2692 2565 2711 2596 ι
2744 2546 2848 2600 Per
2881 2545 3036 2599 ﬁdem
3075 2547 3215 2600 enim
3245 2547 3488 2602 ambule-

1974 2649 2111 2699 mus,
2147 2648 2248 2688 non
2282 2648 2379 2702 per
2405 2635 2636 2698 speciem
2657 2634 2702 2665 “
2726 2650 2741 2697 ;
2779 2652 2796 2684 ι
2831 2643 3220 2689 reassumentes
3245 2649 3309 2688 ex
3335 2648 3494 2703 supe-

1972 2721 2206 2776 rioribus
2231 2722 2406 2790 ipsum
2437 2721 2519 2776 sic
2548 2723 2756 2776 habens
2780 2721 2861 2774 δί
2893 2739 2912 2773 ι
2953 2722 3020 2775 At
3049 2722 3138 2789 qui
3165 2737 3260 2776 nos
3297 2723 3350 2775 in
3388 2723 3490 2777 hoc

1972 2811 2143 2879 ipsum
2186 2809 2418 2878 paravit,
2465 2809 2605 2863 Deus
2655 2811 2894 2877 estzqui
2939 2812 3099 2863 etiam
3141 2811 3288 2864 dedit
3337 2810 3489 2866 nobis

1971 2898 2327 2953 arrhabonem
2377 2899 2627 2966 Spiritus.
2681 2900 2864 2968 Itaque
2909 2899 3047 2953 bono
3098 2901 3274 2955 animo
3320 2903 3490 2956 simus

1969 2999 2200 3054 semper,
2229 2989 2459 3040 scientes
2487 2989 2625 3054 quod
2646 3003 2767 3042 cum
2795 2991 2934 3043 domi
2965 3005 3146 3044 sumus
3167 2991 3219 3044 in
3244 3003 3487 3057 corpore,

1971 3075 2368 3142 peregrinamur
2399 3089 2428 3128 a
2470 3075 2690 3130 Domino
2732 3093 2746 3140 ;
2778 3093 2872 3145 per
2899 3078 3052 3131 ﬁdem
3077 3079 3218 3132 enim
3245 3077 3489 3133 ambula-

1971 3176 2106 3224 mus,
2151 3175 2254 3215 non
2301 3175 2398 3232 per
2445 3161 2948 3231 speciema(scilicet
2988 3178 3107 3217 cum
3139 3163 3282 3218 domi
3350 3161 3494 3217 exsi-

1967 3251 2234 3304 stentesin
2253 3262 2495 3318 corpore,
2527 3250 2921 3320 peregrinamur
2964 3266 2993 3305 a
3033 3251 3489 3323 Domino);¢con-

1971 3336 2212 3400 ﬁdentes,
2243 3337 2412 3404 magis
2439 3335 2720 3405 probamus
2742 3351 2962 3406 peregre
2985 3340 3168 3394 abesse
3189 3354 3217 3392 a
3239 3353 3486 3408 corpore,

1969 3432 2022 3477 et
2044 3433 2329 3491 praesentes
2359 3424 2544 3478 adesse
2570 3425 2706 3492 apud
2735 3425 3029 3494 Dominum.
3061 3445 3080 3478 ι
3119 3426 3210 3479 His
3231 3427 3310 3480 sic
3327 3427 3486 3482 dictis

1969 3511 2292 3581 intelligendi
2324 3525 2482 3565 causa
2516 3511 2642 3579 quid
2671 3513 2741 3566 sit
2771 3526 3003 3579 praesens
3035 3527 3151 3568 esse
3179 3514 3230 3567 in
3267 3527 3489 3582 corpore
3599 3533 3606 3535 -

1967 3609 2021 3653 et
2052 3599 2380 3668 peregrinari
2404 3613 2432 3652 a
2461 3598 2688 3653 Domino
2711 3615 2727 3664 ;
2748 3600 2981 3667 itemque
3007 3601 3133 3668 quid
3165 3601 3234 3653 sit
3261 3614 3484 3669 peregre

1968 3686 2154 3740 abesse
2179 3701 2208 3739 a
2238 3700 2462 3753 corpore
2492 3695 2547 3739 et
2587 3699 2821 3753 praesens
2862 3687 3048 3740 adesse
3086 3688 3150 3740 ad
3181 3687 3488 3752 Dominum,

1968 3788 2066 3828 nos
2097 3773 2238 3842 ipsos
2273 3775 2680 3840 interrogemus,
2730 3773 2854 3841 quid
2901 3773 2967 3827 dc
3013 3774 3264 3841 Apostolo
3291 3773 3488 3830 dicturi

1967 3864 2134 3916 simus
2173 3880 2186 3916 :
2233 3872 2478 3916 utrumne
2507 3862 2646 3930 quod
2694 3861 2834 3915 domi
2875 3863 3137 3916 exsistens
3177 3863 3230 3916 in
3268 3877 3490 3931 corpore

1967 3965 2189 4019 peregre
2213 3951 2350 4004 absit
2385 3967 2414 4002 a
2449 3949 2696 4014 Domino,
2729 3965 2794 4002 an
2840 3950 2979 4016 quod
3015 3964 3236 4017 peregre
3263 3963 3424 4016 agens
3455 3963 3486 4001 a

1967 4054 2186 4107 corpore
2215 4053 2447 4108 praesens
2475 4039 2612 4092 adsit
2639 4039 2775 4106 apud
2801 4037 3099 4091 Dominum.
3144 4038 3246 4090 Sed
3285 4039 3488 4105 perspi-

1969 4142 2123 4182 cuum
2151 4139 2232 4182 est
2269 4128 2320 4182 id
2346 4144 2360 4192 ;
2393 4143 2512 4182 nam
2541 4127 2791 4194 quoniam
2824 4125 2912 4191 qui
2943 4125 2994 4178 in
3021 4137 3184 4177 carne
3209 4133 3351 4182 sunt.
3381 4124 3488 4177 Deo

1967 4217 2175 4286 placere
2221 4233 2326 4270 non
2376 4225 2618 4286 possunt,
2643 4225 2698 4270 et
2723 4214 2894 4268 sancti
2938 4227 3039 4266 non
3069 4221 3191 4267 sunt
3227 4213 3276 4265 in
3307 4226 3486 4278 carne,

1969 4305 2060 4357 sed
2100 4304 2151 4357 in
2191 4304 2379 4371 spiritu
2413 4305 2457 4336 "'
2484 4321 2498 4369 ;
2527 4301 2951 4372 quandoquidem
2994 4301 3087 4354 Dei
3133 4299 3362 4368 Spiritus
3390 4300 3488 4354 ba-

1971 4393 2104 4446 bitat
2146 4393 2197 4444 in
2237 4393 2366 4459 ipsis
2408 4407 2422 4456 ;
2458 4391 2650 4444 Paulus
2699 4404 2868 4458 neque
2902 4389 2955 4442 in
2988 4401 3170 4451 carne,
3218 4400 3388 4454 neque
3433 4386 3487 4440 in

1969 4494 2191 4549 corpore
2237 4487 2392 4533 erat:
2435 4494 2556 4532 nam
2605 4493 2729 4532 vere
2771 4478 2902 4531 dicit
2945 4492 2961 4530 :
3008 4493 3027 4527 ι
3067 4475 3269 4544 Opinor
3309 4483 3488 4530 autem

1968 4569 2107 4637 quod
2136 4579 2189 4622 et
2221 4583 2320 4637 ego
2347 4568 2604 4636 Spiritum
2631 4564 2720 4619 Dei
2741 4563 2960 4617 habeam
2979 4564 3023 4597 "
3045 4581 3061 4620 :
3084 4583 3103 4616 ι
3125 4563 3217 4619 sed
3239 4576 3410 4632 neque
3436 4563 3489 4615 in

1967 4671 2150 4720 carne,
2199 4671 2370 4725 neque
2408 4658 2462 4710 in
2535 4669 2754 4724 corpore
2806 4653 3097 4717 habitabat,
3155 4667 3273 4706 cum
3321 4651 3368 4704 is
3398 4649 3489 4718 qui

1967 4761 2158 4816 corpus
2191 4746 2475 4810 inhabitat,
2506 4758 2599 4814 per
2626 4743 2781 4798 ﬁdem
2811 4742 3064 4803 ambulet,
3096 4754 3200 4792 non
3230 4753 3326 4808 per
3366 4751 3490 4804 spe-

1969 4835 2124 4888 ciem.
2170 4834 2246 4886 Ac
2295 4833 2418 4887 vide
2467 4847 2592 4885 num
2645 4828 2948 4898 apostolicae
2992 4826 3278 4892 diligentia;
3323 4823 3493 4893 possit

1969 4937 2104 4988 esse,
2139 4932 2195 4974 ut
2223 4935 2341 4976 esse
2375 4923 2427 4974 in
2463 4934 2626 4975 carne
2658 4928 2716 4972 et
2757 4918 2995 4971 habitare
3031 4917 3084 4968 in
3110 4927 3488 4992 corpore,'non

1973 5013 2108 5064 idem
2140 5025 2257 5064 esse
2279 5011 2552 5073 dicamus;
2584 5007 2777 5061 etenim
2804 5007 2894 5074 qui
2929 5006 2981 5057 in
3015 5017 3179 5058 carne
3209 5011 3354 5067 sunt,
3383 5003 3492 5055 Deo

1974 5098 2184 5166 placere
2212 5111 2313 5150 non
2345 5102 2567 5163 possunt
2595 5094 2662 5149 η.
2682 5094 2883 5147 Rursus
2903 5091 2993 5158 qui
3022 5090 3267 5150 habitant
3293 5089 3344 5144 in
3375 5103 3494 5143 cor-

1428 5227 1474 5258 "
1500 5229 1631 5284 ibid.
1661 5227 1714 5282 9.
1786 5231 1830 5262 ⁸³
1863 5233 1873 5282 Ι

1973 5247 2046 5284 or.
2077 5246 2127 5293 ν,
2155 5229 2207 5281 7.
2281 5227 2326 5258 “
2351 5226 2371 5280 l
2398 5226 2518 5282 Cor.
2552 5241 2628 5290 ιιι,
2659 5225 2710 5279 l.
2785 5225 2828 5264 δ’
2853 5222 2892 5277 ιι
2921 5222 3045 5278 Cor.
3070 5235 3123 5287 v,
3150 5221 3201 5277 7.
3287 5219 3335 5254 “
3365 5219 3490 5274 ibid.

309 5293 341 5345 5
367 5293 495 5381 εθᾳί
539 5293 792 5362 “’36....
823 5317 941 5363 vm,
982 5299 1036 5363 8,
1077 5299 1128 5353 9.
1202 5295 1296 5343 ⁸⁸1
1338 5293 1458 5345 Cor.
1499 5312 1596 5360 νη,
1622 5297 1710 5349 40.
1784 5298 1827 5329 ⁴⁹
1866 5299 2015 5352 Rom.
2043 5297 2234 5359 vm,8.

368 5424 587 5497 (27)_01'1
610 5418 745 5497 ,διὰέ
781 5411 1071 5497 5.3539:
1089 5401 1322 5473 Negamli
1354 5406 1614 5467 particula
1637 5405 1787 5459 deest
1813 5407 1862 5459 ἰιι

267 5476 663 5556 ρηεῶγηεζμίο
694 5493 752 5556 ει
779 5477 1143 5556 Βεινιιθτὶιιοκγ
1195 5555 1198 5556 ν
1254 5535 1306 5556 ﬂ:

485 5536 880 5631 ’ἰβᾘρόξητω
919 5540 1202 5609 Legendum
1254 5536 1471 5589 videtur
1510 5540 1645 5592 κατὰ
1680 5541 1864 5607 τρανό-

2041 5407 2150 5475 (29)
2195 5408 2414 5472 Ἕχειν.
2467 5404 2813 5460 Scribendum
2857 5402 3071 5456 videtur
3108 5401 3188 5455 vel
3247 5399 3492 5469 ἐχόντων,

1971 5475 2384 5618 ⁸θίέξιίδοὲαςςές.
2442 5543 2515 5595 Ita
2543 5542 2707 5595 codex
2747 5537 3097 5600 Bodleianus;
3147 5535 3361 5603 Regius,
3401 5545 3496 5582 σαι

1976 5625 2104 5674 φως.
