3828 6260
382 306 482 362 499

1817 297 2127 352 ORIGENIS

3466 295 3564 350 500

381 426 758 488 pore,peregre
772 411 981 472 quidem
1002 409 1192 462 ahsunt
1219 425 1246 462 a
1271 411 1514 474 Domino,
1529 418 1891 464 verumtamen

2001 410 2164 478 σάρκα
2220 411 2665 480 στρατευόμενοι,
2715 407 3014 480 ὲνδημοῦσι
3080 409 3142 460 δὲ
3187 407 3265 476 τῷ
3315 407 3562 477 σώματι,

378 522 473 575 per
502 504 652 556 ﬁdem
693 498 981 562 ambulant,
1021 499 1228 550 etiamsi
1275 499 1506 550 nondum
1557 499 1892 566 perceperint

375 609 468 662 per
486 591 728 658 speciem.
749 587 812 638 Et
841 601 932 639 eos
959 587 1169 652 quidem
1190 587 1238 639 in
1257 601 1416 640 carne
1434 587 1662 641 arbitror
1674 601 1787 640 esse
1803 588 1890 653 qui

375 679 657 734 secundum
683 689 894 729 carnem
923 675 1152 726 militant
1176 691 1189 738 ;
1230 689 1421 741 corpus
1443 689 1566 727 vero
1596 673 1892 727 inhabitare

373 777 422 819 et
441 780 655 833 peregre
671 766 856 818 abesse
870 779 898 816 a
923 764 1141 817 Domino
1155 777 1247 816 eos
1259 763 1370 829 qui,
1393 775 1577 815 sensus
1596 759 1893 828 spirituales

373 853 528 922 267
587 850 873 918 Scriptura:
926 864 1028 903 non
1091 849 1475 917 intelligentes,
1531 861 1751 916 corpore
1799 849 1891 899 toti

371 949 494 994 sunt
527 940 628 1007 ipsi
661 939 950 1007 Scriptum
978 936 1176 990 addicti
1203 953 1216 990 :
1247 936 1476 1002 alioquin
1506 936 1764 1003 quomodo
1790 948 1891 987 non

368 1040 590 1096 peregre
642 1025 791 1078 abest
842 1039 870 1076 a
930 1023 1178 1084 Domino,
1237 1023 1282 1075 si
1337 1020 1592 1075 Dominus
1657 1019 1890 1088 Spiritus

370 1115 537 1178 est“,
566 1114 653 1182 qui
701 1111 931 1166 nondum
975 1110 1196 1178 percipit
1239 1111 1490 1178 Spiritum
1537 1111 1890 1165 vivificantem

369 1213 422 1256 et
473 1217 686 1257 sensum
745 1203 1035 1268 Scriptura:
1081 1199 1456 1267 spiritualem?
1501 1201 1748 1253 Attamen
1799 1214 1894 1268 per

371 1293 552 1355 fidem,
585 1291 672 1360 qui
699 1291 998 1358 huiusmodi
1028 1298 1126 1350 est,
1162 1289 1432 1354 ambulat;
1467 1304 1688 1358 peregre
1719 1299 1892 1342 autem

373 1380 521 1433 abest
549 1380 634 1432 ille
675 1393 701 1430 a
748 1392 995 1445 corpore,
1023 1388 1074 1432 et
1109 1393 1342 1445 praesens
1377 1387 1458 1431 est
1493 1378 1556 1431 ad
1588 1379 1891 1444 Dominum,

371 1469 461 1535 qui
512 1467 806 1534 spiritualia
863 1467 1224 1532 spiritualibus
1266 1467 1570 1528 conferens,
1618 1476 1671 1519 et
1720 1467 1893 1520 factus

377 1575 396 1607 ι
420 1556 731 1622 spiritualis,
790 1557 966 1608 omnia
1008 1557 1284 1624 diiudicat,
1331 1557 1443 1624 ipse
1479 1564 1652 1610 autem
1690 1571 1718 1608 a
1751 1557 1892 1609 nullo

372 1643 828 1709 ὀὶ]υι1ἰεειυε³¹.›
880 1643 999 1696 Haec
1041 1658 1342 1711 quanquam
1395 1659 1423 1694 a
1480 1645 1631 1696 nobis
1683 1658 1775 1710 per
1820 1644 1896 1696 di-

1996 499 2086 550 καὶ
2119 497 2436 567 ὲκδημοῦσιν
2489 499 2593 551 ἀπὸ
2638 499 2728 551 τοῦ
2764 497 2970 567 Κυρίου
3007 499 3062 548 οί
3099 495 3172 547 τὰ
3224 498 3564 564 πνευματικὰ

1993 586 2089 654 τῆς
2115 588 2328 657 Γραφῆς
2361 588 2434 658 μὴ
2465 589 2722 650 νοοῦντες,
2757 588 2869 640 ἀλλ’
2895 589 3010 639 ὃλοι
3046 585 3438 656 προσκείμενοι
3461 587 3564 656 (3|)

1994 675 2151 744 αὐτῇ,
2186 678 2276 729 καὶ
2301 677 2375 745 τῷ
2400 677 2604 746 σώματι
2625 693 2638 706 ·
2677 677 2789 734 πῶς
2812 676 2921 745 γὰρ
2944 676 3048 726 οὐκ
3081 675 3319 742 ὲκδημεῖ
3343 673 3451 725 ἀπὸ
3477 674 3565 726 τοῦ

1994 764 2215 833 Κυρίου,
2247 767 2293 816 εί
2319 766 2347 816 6
2379 765 2575 836 Κύριος
2596 765 2656 816 τὸ
2679 765 2902 833 Πνεῦμά
2931 764 3109 823 ἐστιν,
3141 763 3170 812 6
3207 760 3433 830 μηδέπω
3461 778 3566 847 χω·

1999 851 2103 919 ρῶν
2139 852 2246 920 (32)
2300 853 2357 904 16
2405 851 2695 915 ζωοποιοῦν
2742 850 2990 918 Πνεῦμα,
3046 848 3148 899 καὶ
3209 846 3612 915 πνευματικδν⁴

1995 942 2092 1009 τῆς
2119 942 2369 1010 Γραφῆςς
2418 941 2559 1010 Πλὴν
2605 940 2692 992 διὰ
2725 940 2960 1000 πίστεως
2992 941 3022 989 6
3063 935 3315 996 τοιοῦτος
3344 951 3571 1004 περιπα-

1994 1032 2092 1093 τεῖ,
2129 1031 2347 1099 ὲκδημεῖ
2377 1030 2432 1082 δὲ
2486 1031 2550 1082 ὲκ
2573 1028 2664 1081 τοῦ
2715 1027 2986 1096 σώματος,
3019 1026 3121 1078 καὶ
3166 1025 3396 1092 ὲνδημεῖ
3442 1025 3573 1093 πρὸς

1995 1120 2082 1171 τὸν
2111 1119 2308 1190 Κύριον
2337 1121 2364 1170 6
2391 1118 2459 1170 τὰ
2488 1117 2827 1186 πνευματικὰ
2873 1118 2985 1178 τοῖς
3015 1115 3417 1183 πνευματικοῖς
3446 1129 3570 1180 συγ-

1998 1207 2210 1277 κρίνων,
2258 1207 2348 1258 καὶ
2383 1206 2654 1274 γινόμενος
2687 1223 2705 1254 ι
2725 1201 3127 1272 πνευματικὸς,
3180 1203 3210 1253 6
3243 1201 3423 1254 πάντα
3450 1201 3576 1253 άνα-

1997 1295 2210 1361 κρίνων,
2237 1293 2391 1353 αὐτὸς
2410 1292 2464 1343 δὲ
2492 1291 2910 1360 ἀνακρινόμενος
2940 1289 3034 1340 ὑπ’
3066 1287 3310 1349 οὐδενός.
3339 1306 3358 1336 ι
3396 1287 3575 1338 Ταῦτα

1996 1382 2049 1432 δὲ
2081 1383 2205 1449 ἡμῖν
2237 1382 2284 1431 εί
2321 1381 2410 1432 καὶ
2462 1379 2595 1448 μετὰ
2628 1378 3022 1448 παρεκϐάσεως
3070 1376 3182 1444 τῆς
3239 1377 3320 1438 είς
3349 1376 3416 1427 τὰ
3443 1376 3576 1428 ἀπο-

1998 1469 2211 1520 στολικὰ
2240 1469 2374 1538 ῥητὰ
2404 1468 2644 1538 εἰρῆσθαι
2675 1467 2842 1530 δοκεῖ,
2870 1467 3010 1519 ἀλλά
3053 1483 3119 1534 γε
3172 1467 3578 1534 ἀναγκαιότατα

1997 1553 2128 1623 πρὸς
2153 1554 2247 1623 τὴν
2277 1553 2532 1622 διαφοράν
2557 1553 2648 1604 τοῦ
2680 1552 2837 1618 λόγου
2869 1552 2980 1603 τῶν
3013 1553 3383 1622 Σαμαρειτῶν
3413 1555 3572 1606 ἐστιν.

1996 1641 2172 1692 ούκέτι
2191 1641 2274 1694 διὰ
2299 1643 2395 1710 τὴν
2418 1641 2603 1694 λαλιάν
2628 1641 2994 1692 πιστευόντων
3023 1641 3126 1710 τῆς
3161 1643 3444 1708 γυναικὸς,
3468 1643 3563 1696 ἀλλ

372 1732 700 1798 gressionem
727 1732 778 1784 in
807 1732 1100 1798 apostolica
1129 1732 1286 1784 verba
1322 1731 1459 1783 dicta
1492 1732 1760 1792 videntur,
1790 1745 1891 1782 ma-

2001 1729 2320 1796 ἁκηκοότων,
2354 1730 2443 1781 καὶ
2489 1730 2722 1794 εἰδότων,
2753 1731 2835 1782 ὅτι
2885 1732 2914 1782 6
2942 1729 3199 1792 τοιοῦτός
3233 1732 3383 1784 ἐστιν
3409 1733 3437 1783 6
3466 1732 3579 1785 Σω-

369 1820 512 1873 xime
539 1829 712 1873 tamen
738 1820 1038 1872 necessaria
1069 1829 1192 1872 sunt
1223 1822 1289 1871 ad
1318 1817 1665 1871 differentiam
1698 1833 1898 1872 sermo-

371 1910 457 1962 nis
485 1908 961 1970 Samaritanorum,
993 1922 1096 1962 non
1133 1907 1358 1975 amplius
1387 1916 1603 1975 propter
1636 1907 1896 1974 loquelam

370 1997 609 2050 mulieris
655 1997 1011 2058 credentium,
1053 1997 1142 2050 sed
1185 1997 1306 2064 quia
1355 1996 1599 2048 viderunt
1631 2005 1684 2048 et
1714 1995 1898 2049 audie-

369 2093 493 2136 runt
519 2083 659 2137 hunc
689 2098 806 2136 esse
832 2083 1163 2136 Servatorem
1189 2081 1386 2134 mundi.
1420 2080 1529 2134 Nec
1559 2082 1746 2133 mirum
1773 2095 1899 2134 sane

369 2173 524 2224 debet
557 2186 674 2224 esse
705 2171 962 2238 quosdam
995 2173 1206 2238 quidem
1261 2185 1353 2236 per
1406 2169 1560 2222 fidem
1597 2169 1890 2234 ambulare,

368 2276 473 2314 non
523 2277 616 2329 per
657 2261 924 2328 speciem;
966 2263 1218 2328 quosdam
1267 2275 1393 2314 vero
1434 2274 1530 2327 per
1561 2259 1811 2326 speciem,
1841 2259 1893 2312 id

366 2351 509 2416 quod
543 2349 712 2417 majus
752 2357 833 2402 est
881 2363 1037 2416 quam
1084 2349 1356 2401 ambulare
1402 2362 1494 2412 per
1521 2347 1695 2401 fidem.
1728 2345 1895 2399 Porro

366 2435 660 2492 lleracleon
688 2438 982 2506 simplicius
1003 2452 1122 2492 cum
1152 2438 1492 2505 exposuisset
1513 2438 1612 2489 hoc
1647 2435 1845 2489 dictum
1875 2449 1889 2484 :

374 2525 518 2578 «Non
545 2527 771 2595 amplius
791 2536 1008 2594 propter
1033 2525 1298 2594 loquelam
1333 2535 1472 2578 tuam
1497 2525 1763 2578 credimus
1785 2524 1882 2588 ⁵⁸,ι

370 2613 559 2668 abesse
584 2613 756 2681 inquit
783 2613 1319 2678 vocabulum,solam.
1348 2612 1610 2666 Praeterea
1642 2613 1694 2666 in
1731 2612 1886 2665 illud:

375 2720 395 2755 ο
423 2702 528 2772 lpsi
567 2703 706 2757 enim
745 2703 1065 2766 audivimus,
1093 2710 1145 2755 et
1181 2702 1410 2756 vidimus
1457 2703 1596 2756 hunc
1623 2715 1742 2756 esse
1767 2700 1897 2755 Ser-

366 2801 606 2846 vatorem
624 2793 864 2860 mundi,»
886 2793 1054 2860 inquit
1087 2809 1100 2846 :
1133 2810 1151 2842 ι
1183 2791 1433 2845 Homines
1470 2793 1611 2846 enim
1639 2792 1705 2846 ab
1723 2791 1892 2844 homio

1990 1816 2093 1884 τὴρ
2122 1816 2210 1867 τοῦ
2238 1815 2456 1885 κόσμου.
2491 1817 2654 1868 Οὐδὲν
2681 1818 2930 1886 μέντοιγε
2962 1817 3290 1886 θαυμαστὸν
3317 1820 3428 1888 (55)
3456 1822 3580 1890 περί

1990 1919 2146 1954 τινων
2171 1902 2264 1970 μὲν
2283 1902 2368 1953 διὰ
2396 1903 2626 1964 πίστεως
2656 1906 3000 1971 περιπατεῖν,
3027 1905 3128 1956 καὶ
3164 1905 3242 1975 μὴ
3263 1905 3354 1957 διὰ
3374 1905 3545 1968 εἴδους
3562 1922 3576 1935 ·

1994 1990 2119 2059 περὶ
2146 1989 2340 2058 ἐτέρων
2389 1989 2444 2040 δὲ
2475 1989 2561 2041 διὰ
2594 1989 2767 2050 εἴδους
2794 1989 2889 2041 τοῦ
2927 1991 3191 2056 μείζονος
3225 1992 3379 2060 παρὰ
3405 1993 3468 2045 16
3496 1994 3582 2047 διά

1993 2079 2222 2139 πίστεως
2246 2082 2578 2147 περιπατεῖν.
2617 2080 2928 2149 ’Ἡρακλέων
2948 2082 3008 2134 δὲ
3030 2081 3418 2153 ἁπλούστερον
3437 2082 3582 2135 ἔκλα-

1995 2166 2101 2220 ϐὼν
2133 2167 2190 2219 τό
2214 2183 2226 2198 ο
2266 2187 2284 2217 ‹
2309 2168 2499 2220 Οὐκέτι
2534 2168 2621 2220 διὰ
2651 2170 2749 2240 τὴν
2791 2169 2889 2238 σὴν
2935 2170 3139 2224 λαλιὰν
3177 2172 3528 2241 πιστεύομεν,
3556 2189 3577 2223 ι

1996 2255 2126 2324 φησὶ
2171 2256 2371 2308 λείπειν
2422 2257 2501 2320 16,
2544 2258 2757 2325 μόνην.
2816 2261 2940 2312 Ἔτι
3003 2260 3110 2330 μὲν
3158 2261 3275 2332 γὰρ
3324 2262 3462 2331 πρὸς
3489 2261 3577 2312 τό·

2003 2362 2021 2393 t
2055 2345 2214 2396 Αὐτοὶ
2234 2345 2338 2414 γὰρ
2366 2346 2694 2415 ἀκηκόαμεν,
2730 2347 2824 2400 καί
2851 2349 3104 2417 οἴδαμεν,
3135 2350 3226 2402 ὅτι
3251 2345 3408 2413 οὗτός
3440 2351 3582 2402 ἐστιν

1996 2439 2023 2488 6
2051 2433 2230 2503 Σωτὴρ
2257 2433 2346 2484 τοῦ
2375 2434 2598 2502 κόσμου,
2626 2454 2644 2485 ›
2681 2436 2877 2503 φησίψ
2925 2455 2945 2487 ε
2972 2440 3039 2490 Ol
3072 2438 3192 2510 γὰρ
3221 2440 3500 2508 ἄνθρωποι
3523 2438 3583 2490 16

2001 2523 2095 2592 μὲν
2144 2520 2350 2591 πρῶτον
2383 2521 2484 2572 ὑπὸ
2513 2523 2810 2592 ἀνθρώπων
2855 2525 3230 2596 ὁδηγούμενοι
3274 2529 3584 2581 πιστεύουσι

1992 2610 2068 2679 τῷ
2091 2610 2329 2678 Σωτῆρι·
2357 2609 2490 2660 ὲπὰν
2521 2610 2578 2662 δὲ
2606 2611 2869 2681 ἐντύχωσι
2893 2616 3011 2676 τοῖς
3048 2615 3241 2684 λόγοις
3280 2616 3467 2680 αὑτοῦ,
3498 2611 3584 2670 οὗ·

1994 2716 2071 2752 τοι
2118 2697 2294 2749 οὐκέτι
2344 2697 2430 2749 διὰ
2462 2698 2624 2767 μόνην
2652 2699 3003 2772 ἀνθρωπίνην
3057 2704 3404 2774 μαρτυρίαν,
3454 2704 3586 2758 ἀλλὰ

1995 2787 2080 2840 διὰ
2110 2786 2205 2854 τὴν
2229 2785 2476 2854 ἀλήθειαν
2504 2788 2834 2840 πιστεύουσι.
2869 2807 2888 2840 ι

367 2881 524 2936 nibus
545 2881 770 2949 primum
796 2881 1037 2934 instructi
1066 2879 1336 2934 Servatori
1365 2879 1620 2943 credunt;
1655 2887 1708 2930 at
1735 2876 1890 2930 simul
1919 2873 2154 2943 atquein
2190 2886 2463 2926 sermones
2507 2872 2623 2940 ejus
2657 2873 2979 2938 inciderint,
3025 2891 3146 2932 non
3180 2877 3424 2948 amplius
3459 2892 3583 2949 pro-

366 2977 486 3038 pter
519 2968 688 3022 solum
727 2969 1011 3021 humanum
1043 2967 1420 3031 testimonium,
1447 2967 1539 3020 sed
1569 2975 1783 3034 propter
1806 2965 1972 3031 ipsam
1997 2962 2277 3016 veritatem
2301 2961 2542 3013 credunt.
2575 2979 2594 3012 ι

440 3059 528 3112 55.
561 3075 578 3107 ι
602 3057 726 3110 Post
759 3057 892 3109 duos
920 3070 1046 3108 vero
1070 3054 1182 3109 dies
1203 3055 1334 3109 exiit
1363 3055 1485 3108 inde
1522 3057 1575 3108 in
1601 3053 1890 3116 Galilaeam;

2062 3049 2146 3102 53.
2183 3066 2200 3098 ι
2220 3047 2371 3100 Μετὰ
2419 3048 2474 3100 δὲ
2500 3049 2595 3109 τὰς
2621 3048 2714 3100 δύο
2753 3049 2970 3118 ἡμέρας
2998 3051 3237 3124 ἐξῆλθεν
3263 3054 3478 3108 ἐκεῖθεν
3508 3055 3585 3118 είς

369 3147 486 3216 ipse
526 3145 666 3199 enim
700 3143 854 3198 Jesus
901 3150 1124 3196 testatus
1155 3151 1238 3196 est
1263 3143 1571 3211 prophetam
1597 3142 1650 3195 in
1682 3141 1892 3209 propria

369 3235 538 3304 patria
595 3236 850 3287 honorem
923 3247 1024 3286 non
1071 3231 1267 3286 habere
1288 3232 1399 3287 ⁵³.»
1442 3229 1606 3284 Valde
1658 3232 1896 3283 inconse-

371 3327 542 3390 quens
584 3321 787 3373 videtur
828 3321 1020 3372 oratio.
1049 3319 1184 3384 Quid
1221 3319 1364 3372 enim
1421 3333 1702 3373 commune
1736 3319 1896 3371 habet

377 3411 480 3464 boc
505 3409 702 3462 dictum
737 3424 751 3459 :
793 3425 811 3458 ι
840 3407 956 3472 Ipse
992 3409 1133 3463 enim
1172 3406 1326 3462 Jesus
1377 3414 1600 3461 testatus
1651 3414 1730 3460 est
1773 3421 1896 3474 pro-

374 3499 589 3567 phetam
631 3496 684 3549 in
724 3496 938 3562 propria
985 3485 1158 3562 patria
1195 3497 1452 3550 honorem
1495 3511 1601 3550 non
1631 3496 1844 3558 habere,
1870 3512 1888 3545 ι

375 3586 444 3639 ad
467 3585 615 3649 illud,
644 3585 782 3652 quod
811 3585 1006 3637 exierit
1031 3585 1142 3652 ipse
1168 3593 1290 3653 post
1325 3585 1454 3638 duos
1481 3585 1595 3638 dies
1639 3599 1670 3637 a
1707 3583 1897 3638 Sama-

372 3673 586 3736 ritanis,
613 3673 750 3741 apud
795 3687 928 3741 quos
973 3681 1264 3736 manserat,
1297 3681 1350 3727 et
1376 3673 1428 3726 in
1459 3671 1724 3727 Galilaam
1749 3671 1895 3725 abie-

370 3761 480 3816 rit?
510 3760 644 3814 Nam
675 3761 720 3814 si
745 3762 915 3829 patria
952 3761 1116 3828 ipsius
1164 3761 1353 3817 fuisset
1392 3760 1655 3824 Samaria,
1682 3759 1896 3828 illicque

372 3858 708 3918 contemptus
737 3849 947 3913 fuisset,
979 3849 1114 3903 adeo
1137 3859 1193 3902 ut
1217 3851 1356 3904 hanc
1379 3851 1445 3905 ob
1472 3865 1683 3904 causam
1714 3864 1895 3916 egres-

372 3953 463 3992 sus
511 3941 600 4004 sit,
636 3953 741 3991 non
793 3947 1154 3992 commoratus
1195 3939 1332 3991 ultra
1375 3940 1506 3991 duos
1541 3939 1676 3998 dies.
1701 3952 1892 3991 conse-

371 4035 596 4095 quenter
620 4027 820 4080 dictum
855 4026 1042 4079 fuisset
1070 4042 1083 4075 :
1117 4044 1135 4075 ι
1163 4025 1280 4092 lpse
1319 4025 1454 4078 enim
1485 4024 1640 4078 Jesus
1671 4033 1893 4077 testatus

372 4104 454 4167 est
484 4114 796 4180 prophetam
830 4111 884 4164 in
918 4111 1128 4178 propria
1166 4111 1336 4176 patria
1381 4111 1633 4163 honorem
1664 4123 1766 4163 non
1797 4110 1891 4161 ha-

372 4202 520 4258 bere.
563 4221 582 4253 ›
629 4201 926 4265 Quinetiam
957 4201 1000 4252 si
1033 4199 1284 4266 scriptum
1313 4197 1498 4251 fuisset
1526 4214 1538 4248 :
1570 4215 1589 4248 ι
1615 4197 1740 4252 Post
1761 4199 1889 4251 duos

1991 3138 2084 3207 τὴν
2112 3136 2420 3189 Γαλιλαίαν·
2458 3137 2614 3198 αὐτὸς
2654 3138 2761 3206 γὰρ
2801 3139 3017 3208 Ἰησοῦς
3052 3143 3476 3214 ἐμαρτύρησεν,
3507 3146 3588 3198 ὅτι

1992 3228 2266 3297 προφήτης
2297 3227 2352 3278 ὲν
2379 3229 2444 3296 τῇ
2481 3226 2582 3296 ἰδίᾳ
2605 3227 2826 3299 πατρίδι
2857 3229 3032 3298 τιμὴν
3066 3233 3174 3284 οὐκ
3213 3233 3355 3302 ἔχει.
3388 3253 3408 3286 ι
3439 3235 3589 3288 Πάνυ

1989 3314 2338 3376 ἀνακόλουθος
2367 3315 2400 3384 ἡ
2423 3312 2560 3376 λέξις
2586 3314 2857 3382 φαίνεται.
2912 3318 2982 3368 Τί
3007 3319 3127 3388 γὰρ
3155 3322 3346 3375 κοινὸν
3377 3323 3514 3392 πρὸς
3533 3322 3593 3375 τδ

1991 3401 2357 3472 ἐξεληλυθέναι
2389 3403 2546 3456 αὐτόν
2570 3403 2705 3472 μετὰ
2728 3403 2821 3456 δύο
2851 3407 3079 3477 ἡμέρας
3116 3411 3232 3462 ἀπὸ
3265 3411 3379 3464 τῶν
3408 3413 3592 3482 Σαμα..

1993 3490 2198 3560 ρειτῶν,
2226 3492 2353 3559 παρ’
2383 3485 2462 3553 οἷς
2489 3489 2686 3558 ἔμεινε,
2719 3492 2814 3545 καὶ
2832 3495 2916 3556 είς
2945 3496 3053 3564 τὴν
3076 3499 3388 3554 Γαλιλαίαν
3424 3503 3593 3573 ἀπέρ-

1991 3579 2195 3648 χεσθαι,
2244 3579 2334 3631 τό·
2390 3597 2408 3630 t
2435 3580 2602 3641 Αὐτὸς
2629 3579 2738 3650 γὰρ
2787 3583 3005 3652 Ἰησοῦς
3049 3586 3478 3660 ἐμαρτύρησεν,
3511 3592 3592 3644 ὅτι

1991 3671 2266 3738 προφήτης
2311 3668 2366 3718 ἐν
2416 3669 2479 3736 τῇ
2533 3667 2635 3737 ἰδίᾳ
2682 3670 2907 3739 πατρίδι
2935 3675 3112 3744 τιμὴν
3143 3678 3252 3730 οὐκ
3276 3678 3433 3749 ἔχεις
3474 3698 3492 3731 ι
3531 3680 3594 3732 El

1995 3757 2088 3825 μὲν
2115 3757 2222 3827 γὰρ
2249 3753 2315 3825 ἦν
2341 3757 2532 3826 πατρὶς
2557 3757 2719 3808 αὐτοῦ
2755 3761 2787 3828 ἡ
2823 3760 3147 3834 Σαμάρεια,
3185 3770 3285 3822 καὶ
3319 3771 3596 3840 ἠτίμαστο

1990 3845 2123 3908 ἐκεῖ,
2170 3846 2243 3906 ὡς
2299 3844 2382 3897 διά
2433 3844 2588 3896 τοῦτο
2631 3845 3040 3916 ἐξεληλυθέναι,
3098 3855 3180 3926 μὴ
3221 3859 3596 3929 διατρίψαντα

1991 3933 2165 3984 πλεῖον
2191 3933 2406 4003 ἡμερῶν
2437 3932 2546 3994 δύο,
2579 3935 2888 4000 ἀκολούθως
2915 3938 2987 3994 ἂν
3018 3943 3220 4014 εἴρητο
3247 3949 3341 4000 τό·
3383 3968 3402 3999 σ
3419 3949 3597 4013 Δὸτδς

1989 4021 2093 4088 γὰρ
2135 4020 2778 4110 έίησοῦςᾼὲμαρτύρησεν,
2827 4026 2912 4078 ὅτι
2958 4035 3274 4106 προφήτης
3301 4040 3364 4090 ὲν
3385 4043 3454 4109 τῇ
3494 4040 3602 4110 ἰδία

1991 4108 2201 4198 πατρίδι
2243 4108 2412 4198 τιμὴν
2441 4109 2538 4160 οὑκ
2581 4109 2710 4178 ἔχει.
2743 4130 2761 4162 ι
2815 4114 2980 4169 Ἀλλὰ
3016 4123 3118 4173 καὶ
3149 4125 3202 4175 εί
3235 4108 3597 4198 ἐγέγράπτοζ

1995 4197 2187 4250 «Μετὰ
2236 4196 2291 4250 δὲ
2338 4199 2433 4260 τὰς
2463 4199 2553 4251 δύο
2601 4201 2812 4270 ἡμέρας
2862 4205 3101 4274 ιξῆλθεν
3150 4215 3239 4277 είς
3293 4196 3400 4286 τὴσ
3434 4219 3602 4272 rem-

373 4297 547 4342 autem
577 4289 690 4342 dies
718 4287 849 4339 exiit
880 4287 931 4339 in
970 4286 1260 4348 Galilaeam,
1284 4303 1303 4336 ι
1341 4288 1433 4339 sed
1469 4300 1573 4339 non
1621 4285 1890 4354 profectus

2001 4289 2160 4349 λαίαν,
2185 4306 2203 4336 ›
2235 4288 2344 4340 ἀλλ’
2372 4289 2467 4340 οὐκ
2492 4290 2703 4356 ἐγένετο
2734 4293 2791 4343 ὲν
2815 4296 2882 4363 τῇ
2919 4296 3029 4366 ἰδίᾳ
3058 4304 3296 4375 πατρίδι
3317 4323 3331 4335 ·
3357 4285 3388 4358 7c
3428 4308 3605 4371 A616;

372 4377 544 4429 estad
573 4389 722 4427 suam
767 4375 1031 4442 patriam;
1066 4391 1084 4423 ι
1116 4374 1229 4440 ipse
1285 4374 1424 4426 enim
1471 4374 1622 4427 Jesus
1671 4383 1890 4429 testatus

2001 4377 2094 4444 γὰρ
2146 4376 2347 4466 έίησοῦς
2388 4378 2784 4449 ἐμαρτύρησεν,
2828 4359 2914 4435 ὅτι
2945 4359 3255 4461 προφήτης
3292 4395 3356 4446 ὲν
3392 4398 3463 4466 τῇ
3498 4359 3609 4466 lat;

372 4471 452 4516 est
477 4463 789 4530 prophetam
831 4461 881 4514 in
921 4462 1128 4529 propria
1163 4463 1332 4530 patria
1372 4463 1626 4517 honorem
1658 4478 1762 4517 non
1794 4465 1888 4516 ha-

371 4548 518 4613 bere,
542 4565 562 4598 ι
594 4547 752 4601 etiam
783 4547 885 4601 hoc
914 4549 1068 4601 modo
1093 4547 1266 4602 locum
1303 4547 1602 4603 habiturum
1630 4549 1803 4604 fuerat
1833 4550 1885 4603 id

1992 4465 2394 4552 71a1p£6tA1tpi1v
2423 4466 2519 4518 οὐκ
2547 4468 2676 4534 ἔχει,
2703 4487 2721 4519 ι
2771 4471 2867 4523 καὶ
2907 4473 3091 4538 οὕτως
3114 4478 3319 4550 χώραν
3348 4484 3415 4535 16

1995 4570 2148 4644 pisva
2171 4549 2314 4644 εἶχεν
2344 4553 2406 4644 ἄν
2427 4571 2438 4582 ·
2477 4555 2572 4644 καί
2599 4556 2736 4625 τάχα
2759 4558 2820 4610 16
2849 4560 2950 4627 μὲν
2988 4549 3260 4637 βούλημα
3286 4571 3391 4624 τοῦ
3433 4549 3609 4644 ρητοῦ

371 4636 512 4703 quod
546 4635 767 4698 dicitur;
806 4644 860 4688 et
890 4634 1134 4691 fortassis
1177 4637 1422 4691 voluntas
1462 4647 1743 4692 contextus
1770 4639 1888 4692 talis

2001 4641 2128 4692 τοῦτ’
2171 4639 2336 4692 ἔστιν·
2372 4641 2445 4704 ὡς
2477 4643 2684 4713 ἰδιώτης
2709 4645 2764 4696 δὲ
2788 4647 2866 4716 τῷ
2895 4649 3044 4720 λόγῳ
3091 4655 3121 4704 6
3154 4634 3450 4728 νδιωάννηξ
3479 4634 3610 4714 ἐυσ-

366 4732 450 4779 est
481 4740 495 4776 :
524 4726 616 4778 sed
646 4722 898 4786 Joannes,
922 4737 1016 4776 ceu
1041 4738 1286 4779 sermone
1311 4727 1473 4788 rudis,
1502 4727 1729 4780 obscure
1755 4727 1888 4780 scri-

367 4811 472 4880 psit
497 4811 636 4878 quod
670 4819 846 4863 mente
873 4820 1204 4878 conceperat.
1232 4812 1392 4882 268
1419 4813 1622 4867 Etenim
1647 4814 1699 4866 in
1730 4829 1884 4881 quem

369 4898 596 4954 Galilm
627 4900 799 4954 locum
845 4902 1140 4969 receperint
1187 4917 1327 4964 eum,
1361 4904 1451 4970 qui
1499 4904 1742 4957 viderant
1774 4919 1886 4956 om-

366 4989 473 5051 nia,
517 5001 842 5056 quacunque
877 4988 1225 5058 Jerosolymis
1269 4991 1478 5044 fecisset
1525 4992 1574 5043 iu
1612 4992 1697 5045 die
1729 4991 1884 5054 festo,

1991 4729 2338 4797 παραστάτως
2370 4728 2600 4798 ἔφρασεν
2645 4731 2672 4783 6
2720 4735 3000 4803 νενόηκεν.
3041 4742 3142 4805 Εἰς
3189 4745 3314 4816 γὰρ
3348 4749 3486 4804 τίνα,
3516 4751 3612 4804 τό.

1991 4833 2086 4867 πον
2113 4817 2208 4883 τῆς
2237 4816 2517 4879 Γαλιλαίας
2552 4819 2795 4885 ἐδέξαντο
2823 4825 3010 4889 αὑτὸν,
3053 4831 3395 4902 ἑωρακότες
3422 4841 3614 4895 πάντα

1986 4905 2084 4956 ὅσα
2111 4903 2440 5001 ἐποίησεν-ὲν
2480 4909 2735 5001 Ἰεροσολύ
2745 4927 2863 4979 μοις
2894 4915 2954 5001 ἐν
2978 4920 3048 4986 τῇ
3073 4919 3275 4993 ἑορτῇ,
3312 4928 3426 4980 οὐκ
3452 4929 3614 5001 Et”?

1987 4993 2266 5086 τρια-ἀλλά
2295 4996 2387 5086 καί
2418 4997 2556 5065 μετὰ
2583 4999 2757 5063 τοῦτο,
2798 5001 2882 5053 ὅτι
2936 4999 3107 5073 ἦλθεν
3151 5013 3243 5075 είς
3289 5017 3406 5086 τὴν
3445 4993 3616 5076 Κάνέ

365 5090 470 5128 non
514 5086 595 5129 est
640 5078 838 5130 dictum
893 5079 960 5132 ab
1001 5079 1338 5147 evangelista,
1385 5082 1471 5147 qui
1525 5081 1738 5148 scripsit
1770 5091 1891 5149 post

2001 5081 2410 5183 πῆς-Γαλιλαίας,
2455 5087 2747 5160 ἀνέγραψε.
2781 5091 3097 5149 Κατακούει
3125 5098 3187 5151 δὲ
3234 5078 3457 5161 ἑαυτοῦ
3494 5110 3614 5183 (3-6)

432 5164 476 5194 '°
503 5163 543 5216 ιι
570 5166 693 5217 Cor.
719 5181 798 5228 ιιι,
829 5167 910 5218 l7.
984 5166 1027 5196 ⁸¹
1057 5167 1075 5220 ι
1101 5168 1220 5221 Cor.
1260 5184 1318 5232 tt,
1353 5170 1436 5223 15.

434 5255 543 5328 (τι)
576 5257 731 5328 ᾯλοι
771 5259 1195 5328 προσκείμενοι.
1231 5260 1320 5316 Sic
1346 5262 1506 5317 codex
1537 5263 1882 5328 Bodleianus;

365 5320 562 5392 Regius
585 5320 1066 5392 ὁλοπροσκείμενόι.

1536 5171 1580 5201 ⁸³
1605 5169 1755 5223 Joan.
1797 5188 1868 5235 tv,
1897 5171 1984 5224 42.
2057 5173 2100 5202 ³³
2125 5173 2251 5224 ibid.
2283 5173 2372 5226 46.

2058 5264 2599 5363 εδξῖἷξῗῗῖἕόεηῐου·
2640 5278 2836 5363 ,οὐδέτῑ
2869 5279 3164 5363 vertere.
3186 5289 3617 5363 θαυμαστόν,

1989 5331 2392 5428 Ξξςςέιὲηὲιιξεξε
2423 5331 2602 5403 meum
2640 5331 2905 5428 neque
2925 5331 3620 5428 ,βέέίξιιῑῑενιπσιξςιι

437 5387 1106 5490 (Ξέρςέἷῖζίῗέπῇξθερῶῖι
1147 5393 1439 5490 .!.',?..Ef’.‘“.:_
1457 5397 1886 5490 .929'°‘391‘if1
1986 5387 2905 5490 ἰίεὶιέ.τεςῖιὶιυίτηεῗέδὶιὲ’ὶὸῧὶϊῖεἷ
2923 5387 3232 5490 εἱὲἔῧὲῖεὲιῖ

368 5451 988 5535 ﬁam-ierimus.;_._ch'ius.
1036 5462 1108 5535 μῂ
1146 5461 1350 5535 δυνάτῳ
1393 5466 1598 5535 χωρῶν,
1657 5478 1751 5531 pro
1780 5479 1882 5530 quo

367 5515 582 5573 "uetitis
611 5522 774 5576 edidit
917 5515 1130 5587 δυνατὸς
1163 5532 1371 5596 χωρεῖν.

2057 5466 2536 5558 ΔΙξιξῖξςικούιξι
2557 5466 2654 5546 ’ἓέ
2693 5466 3308 5558 iab’z'ab.‘_'s'i}f6r?ﬁes
3340 5511 3499 5554 mss.
3556 5502 3619 5558 in

1987 5541 2152 5602 textu,
2183 5545 2238 5589 at
2275 5555 2406 5602 cum
2441 5557 2508 5612 ad
2537 5541 2926 5621 ora'm'éfldicis
2953 5541 3613 5642 Bodleiattﬁizxvﬂcraitj'e':
