3828 6202
272 310 366 364 501

1340 307 1686 364 (ΣΟΜΜΕΝΤ.
1727 309 1789 361 ΙΝ
1823 308 2006 362 JOAN.
2043 303 2272 359 TOMUS
2306 304 2437 357 XIII.

3369 294 3471 348 502

272 428 298 478 6
342 426 756 494 εὐαγγελιστὴς,
811 436 920 488 καὶ
965 437 1061 490 οὐκ
1106 428 1421 504 ἀπορεϊτοῦ
1472 429 1840 498 προκειμένου.

1951 424 2050 476 hoc
2095 421 2271 474 Jesum
2320 418 2612 487 profectum
2651 415 2815 469 fuisse
2873 413 3068 467 Canam
3109 407 3354 462 Galilaew.
3405 410 3470 459 At

280 514 558 585 Προειπὼν
611 516 747 583 γοῦν
810 522 945 575 τῖνα
993 525 1183 592 τρόπον
1215 519 1401 587 ἀφίησι
1433 517 1527 586 τὴν
1570 518 1842 577 Ἰουδαίαν,

286 609 376 660 καὶ
406 607 618 659 ἄπεισιν
653 609 733 670 εἷς
763 610 872 680 τὴν
905 611 1183 665 Γαλιλαίαν
1212 611 1239 661 6
1279 608 1492 678 Κύριος,
1525 607 1846 676 διηγησάμε-

292 698 376 761 νός
406 713 486 761 τε,
519 696 641 749 ἐπεὶ
688 697 800 751 ἔδει
847 702 1010 753 αὐτὸν
1057 699 1354 770 διέρχεσθαι
1404 698 1488 749 διὰ
1534 699 1629 765 τῆς
1671 699 1846 764 Σαμα-

297 788 464 856 ρείας,
514 785 581 838 τὰ
626 786 906 855 λεγόμενα
954 789 1169 858 πλησίον
1212 787 1303 840 τοῦ
1349 787 1540 856 χωρίου
1589 787 1616 837 ὃ
1655 787 1845 837 ἔδωκεν

306 876 498 930 Ἰακὼϐ
528 875 604 945 τῷ
642 876 849 946 Ἰωσὴφ
884 878 1033 947 παρὰ
1079 881 1143 946 τῇ
1172 881 1314 946 πηγῇ
1360 876 1452 928 τοῦ
1497 875 1704 938 Ἰακὼϐ,
1755 876 1846 927 καί⁸

295 963 416 1025 πῶς
471 963 648 1031 ἔμεινε
709 962 803 1015 δύο
855 965 1061 1033 ἡμέρας
1121 964 1267 1033 παρὰ
1316 967 1423 1026 τοῖς
1469 963 1842 1032 Σαμαρείταις,

293 1053 583 1104 ἀποδίδωσι
627 1052 724 1121 τὴν
765 1038 846 1114 είς
887 1053 1166 1106 Γαλιλαίαν
1207 1051 1382 1118 ἄφιξιν
1426 1051 1605 1114 αὐτοῦ,
1650 1051 1846 1103 καίτοι·

291 1159 352 1207 γε
388 1143 491 1193 οὐκ
531 1141 727 1208 ὀλίγων
771 1141 972 1210 μεταξὺ
1015 1142 1325 1211 είρημένων.
1377 1141 1522 1192 Ἐπεὶ
1566 1139 1620 1190 δὲ
1653 1141 1708 1190 ὲν
1737 1142 1844 1201 τοῖς

292 1231 553 1297 ἀνωτέρω
606 1231 934 1298 προείπομεν
967 1229 1221 1297 βελτίονός
1249 1246 1386 1291 τινος
1420 1229 1479 1280 σύ
1490 1229 1678 1297 μὸολον
1710 1225 1843 1280 εἶναι

294 1316 390 1385 τὴν
437 1317 698 1368 Ἰουδαίαν
731 1319 840 1370 ἄνω
887 1335 986 1369 που
1030 1319 1300 1388 κειμένην,
1351 1319 1622 1381 ἐλάττονος
1667 1319 1721 1369 δὲ
1748 1320 1843 1388 τὴν

293 1405 607 1467 Γαλιλαίαν,
640 1406 734 1456 καὶ
763 1406 902 1458 κατὰ
935 1407 1086 1460 τοῦτο
1110 1409 1215 1478 (55)
1256 1407 1552 1476 ἐπισκοπῆς
1583 1409 1842 1476 δεομένων

295 1494 388 1545 καὶ
420 1493 528 1544 τῶν
581 1494 876 1546 ἐλαττόνων
915 1499 942 1547 6
991 1497 1355 1566 φιλάνθρωπος
1403 1498 1530 1558 Θεὸς
1571 1498 1630 1548 οὐ
1677 1514 1841 1549 κατα-

297 1585 514 1653 φρονεῖ·
562 1583 652 1634 διὰ
681 1583 835 1634 τοῦτο
880 1586 970 1636 καὶ
1017 1587 1139 1646 τοὺς
1163 1586 1492 1654 Σαμαρείτας
1525 1585 1630 1654 (56)
1665 1587 1843 1654 τάχιον

296 1669 634 1735 καταλιπὼν,
674 1671 810 1740 ὑπὲρ
833 1671 925 1722 τοῦ
955 1676 1063 1734 τοῖς
1089 1673 1372 1742 προθύμως
1403 1673 1560 1725 αὐτὸν
1589 1674 1843 1736 ἀποδεξα-

1947 525 2063 564 sese
2111 508 2362 576 intelligit
2410 505 2753 574 evangelista,
2781 516 2876 555 nec
2913 500 3123 553 dubitat
3162 497 3226 550 de
3253 511 3309 550 re
3343 510 3466 563 pro-

1946 601 2143 668 posita.
2176 598 2306 652 Cum
2339 610 2468 665 ergo
2497 604 2651 647 antea
2686 592 2906 645 dixisset
2940 600 3170 656 quonam
3202 593 3351 651 pacto
3379 597 3464 635 re-

1945 687 2100 750 liquit
2129 684 2384 747 Judzeam,
2420 682 2946 750 proﬁciscereturque
2981 677 3033 728 in
3061 673 3324 729 Galilaeam
3363 673 3464 724 Dn-

1945 775 2138 836 minus,
2171 786 2396 840 cumque
2434 776 2700 822 narrasset
2735 781 2851 832 quae
2896 766 3146 818 dicontur
3176 776 3336 830 prope
3386 761 3463 813 Io-

1945 876 2064 914 cqu
2095 876 2249 927 quem
2281 857 2600 911 deditJacob
2627 855 2855 916 Josepbo
2884 853 3020 910 apud
3055 852 3250 904 fontem
3278 849 3461 912 Jacob,

1944 951 2188 1015 quoniam
2222 948 2495 1014 oportebat
2526 961 2644 999 eum
2679 945 2904 996 transire
2941 957 3034 1008 per
3061 942 3381 1001 Samariam,
3411 949 3464 992 ct

1942 1037 2202 1104 quomodo
2248 1035 2530 1090 mansisset
2563 1034 2700 1100 apud
2753 1033 3113 1088 Samaritanos
3154 1033 3284 1084 duos
3326 1029 3460 1089 dies,

1943 1126 2178 1193 assignat
2225 1138 2492 1179 accessum
2530 1121 2669 1175 illius
2707 1123 2758 1175 in
2802 1121 3065 1176 Galiiazam
3095 1160 3111 1184 ,
3159 1123 3462 1188 quanquam

1943 1215 2152 1266 interim
2193 1229 2293 1265 non
2339 1227 2498 1280 pauca
2541 1212 2764 1269 fuissent
2794 1211 2954 1262 dicta.
2988 1209 3176 1261 Verum
3212 1207 3462 1275 quoniam

1942 1302 1993 1356 in
2033 1302 2396 1370 superioribus
2433 1298 2664 1352 Judzram
2716 1298 3055 1364 praediximus
3106 1307 3283 1348 notam
3345 1309 3462 1348 esse

1943 1391 2172 1444 melioris
2202 1389 2472 1452 cujusdam
2507 1387 2599 1448 rei,
2632 1387 2753 1452 quia
2786 1386 2836 1436 in
2869 1385 3082 1438 sublimi
3113 1383 3282 1451 posita
3299 1391 3464 1443 esset,

1943 1479 2220 1534 deterioris
2253 1492 2379 1531 vero
2417 1477 2492 1529 rei
2521 1474 2807 1535 Galilaeam,
2837 1484 2890 1526 et
2931 1473 3031 1526 hac
3067 1473 3273 1525 ratione
3301 1470 3462 1522 Deum

1943 1570 2158 1621 humani
2222 1567 2432 1634 generis
2488 1572 2802 1624 amantem,
2861 1577 2950 1615 eos
3011 1561 3099 1628 qui
3161 1559 3464 1612 visitationo

1941 1668 2150 1734 egeant,
2178 1658 2371 1725 quique
2398 1656 2502 1709 sint
2528 1654 2824 1714 inferiores,
2855 1669 2958 1705 non
2991 1651 3293 1717 despicere;
3323 1650 3463 1701 hanc

299 1758 476 1826 μένοις
503 1733 808 1821 Γαλιλαίοις
838 1733 1142 1828 ἐπιστῆναι,
1169 1733 1273 1813 καὶ.
1301 1733 1389 1813 τδν
1431 1761 1523 1813 τοῦ
1574 1733 1840 1830 βασιλιιιοῢ

1944 1733 2240 1801 obcausam
2280 1745 2627 1799 Sa‘maritanis
2657 1745 2898 1798 celeriter
2925 1741 3144 1802 relictis.
3179 1739 3461 1792 adfuturus

297 1845 410 1897 υἱὸν
470 1845 748 1897 ίάσασθαι.
787 1847 967 1898 Ταῦτα
1009 1849 1064 1900 δὲ
1092 1850 1149 1900 ὲν
1193 1852 1258 1918 τῇ
1305 1849 1553 1919 Γαλιλαίᾳ
1596 1853 1837 1920 ποιήσας,

298 1934 561 2001 ἐνστάσης
583 1933 685 2002 τῆς
715 1934 821 1986 τῶν
863 1937 1121 1987 Ἰουδαίων
1151 1939 1335 2006 ἑορτῆς
1360 1939 1628 1991 ἀναϐαίνει
1651 1943 1726 2002 είς
1760 1943 1844 1993 Ἰε-

299 2021 590 2090 ροσόλυμα,
639 2023 740 2092 τὴν
785 2025 972 2094 ἑορτὴν
1002 2027 1276 2095 κρείττονα
1312 2029 1402 2079 καὶ
1439 2029 1744 2098 ίλαροτέραν
1776 2033 1838 2099 τῇ

297 2110 485 2162 ἑαυτοῦ
518 2110 692 2162 ποιῶν
721 2111 874 2181 ἐπιδη
885 2112 998 2181 μία.
1489 2141 1494 2144 -

369 2285 460 2338 54.
488 2287 720 2354 Ἴδωμεν
765 2287 820 2338 δὲ
853 2287 905 2338 τί
953 2289 1064 2338 ἐστι
1093 2290 1183 2340 κα)⁸
1209 2289 1268 2340 τό
1289 2305 1302 2318 ο
1343 2308 1360 2339 ι
1384 2291 1547 2353 Αὐτὸς
1592 2293 1695 2360 γὰρ
1741 2294 1840 2361 Ἰη-

299 2376 421 2437 σοῦς
463 2376 866 2444 ἐμαρτύρησεν,
913 2377 991 2427 ὅτι
1020 2379 1294 2446 προφήτης
1327 2381 1382 2430 έν
1413 2383 1474 2449 τῇ
1505 2381 1606 2450 ἰδίᾳ
1633 2383 1838 2451 πατρίδι

297 2462 454 2531 τιμὴν
478 2463 579 2514 οὐκ
625 2463 738 2532 ἔχει
765 2481 779 2492 ’
804 2483 821 2514 ι
873 2465 965 2516 καὶ
988 2464 1144 2526 ἀξίως
1172 2466 1262 2517 τοῦ
1307 2467 1474 2535 Ἰησοῦ
1515 2469 1839 2538 μαρτυροῦν-

297 2570 404 2614 τος,
449 2552 709 2622 ζητητέον
758 2555 848 2605 τὸν
879 2556 972 2624 τῆς
1013 2556 1201 2620 λέξεως
1245 2556 1384 2609 νοῦν.
1423 2559 1622 2627 Πατρὶς
1647 2559 1708 2628 δὴ
1733 2559 1838 2611 τῶν

299 2641 584 2709 προφητῶν
608 2643 666 2693 ὲν
692 2645 757 2711 τῇ
799 2643 1023 2712 Ἰουδαίᾳ
1053 2641 1138 2714 ῆν,
1173 2647 1262 2697 καὶ
1289 2649 1511 2716 φανερόν
1534 2650 1646 2701 ἐστι
1677 2651 1837 2719 τιμὴν

297 2731 486 2793 αὐτοὺς
516 2733 665 2800 παρὰ
685 2730 798 2801 (57)
845 2733 1112 2795 Ἰουδαίοις
1141 2734 1214 2803 μὴ
1237 2737 1536 2806 ἐσχηκέναι,
1567 2737 1835 2792 λιθασθέν-

297 2835 414 2878 τας,
458 2819 803 2887 πρισθέντας,
853 2819 1256 2888 πειρασθέντας,
1292 2825 1347 2873 ὲν
1391 2825 1532 2892 φόνῳ
1571 2827 1837 2897 μαχαίρας

300 2905 680 2969 ἀποθανόντας,
734 2907 820 2958 διὰ
866 2908 925 2959 τὸ
968 2910 1314 2978 ἀτιμάζεσθαι

1940 1845 2054 1889 erat
2075 1835 2322 1896 Galilmis,
2348 1837 2436 1902 qui
2471 1835 2616 1889 illum
2662 1841 2902 1902 prompte
2934 1839 3261 1898 receperant,
3288 1839 3339 1882 et
3377 1843 3461 1882 re-

1940 1924 2044 1992 guli
2080 1924 2241 1977 [ilium
2274 1933 2574 1977 curaturus.
2611 1924 2740 1977 Cum
2791 1931 2966 1974 autem
3009 1920 3120 1972 haec
3166 1919 3216 1971 iu
3245 1918 3458 1972 Galilaea

1939 2013 2184 2075 fecisset,
2246 2013 2475 2066 instante
2531 2012 2832 2066 Judazorum
2885 2015 3020 2067 festo
3074 2011 3456 2078 Jerosolymam

1938 2101 2213 2163 ascendit,
2268 2100 2657 2153 solemnitatem
2706 2101 2978 2154 meliorem
3026 2099 3457 2166 festivioremque

1936 2202 2032 2242 suo
2063 2188 2225 2256 ipsius
2255 2189 2482 2242 adventu
2517 2187 2772 2242 facturus.

2004 2318 2090 2377 54,
2130 2317 2231 2372 Sed
2261 2319 2526 2372 videamus
2558 2320 2679 2385 quid
2727 2321 2797 2372 sit
2840 2335 2854 2370 :
2904 2337 2921 2368 ι
2957 2318 3070 2384 Ipse
3123 2319 3262 2371 enim
3303 2317 3458 2372 Iesus

1937 2416 2158 2459 testatus
2217 2417 2298 2460 est
2350 2407 2656 2474 prOphetam
2683 2407 2735 2460 in
2759 2409 2967 2475 propria
3001 2408 3170 2475 patria
3204 2407 3456 2460 honorem

1937 2507 2038 2546 non
2070 2495 2266 2548 habere
2281 2495 2327 2526 “
2354 2512 2367 2559 ;
2397 2516 2415 2546 ι
2453 2504 2610 2562 atque
2639 2511 2701 2548 ex
2732 2495 2885 2550 Jesus
2908 2497 3159 2564 dignitate
3193 2496 3292 2549 hoc
3314 2495 3460 2548 testi-

1935 2581 2162 2647 ﬁcantis,
2191 2599 2494 2650 quaeramus
2525 2583 2682 2651 hujus
2716 2596 2998 2639 contextus
3032 2585 3458 2654 intelligentiam.

1935 2668 2112 2722 Patria
2165 2671 2326 2739 igitur
2362 2671 2738 2740 prophetarum
2773 2674 2824 2726 in
2849 2673 3028 2728 Iudaea
3061 2684 3196 2736 erat,
3232 2673 3460 2726 manife-

1935 2766 2179 2825 stumque
2207 2767 2289 2812 est
2321 2760 2576 2813 honorem
2605 2763 2706 2815 illis
2734 2761 2968 2814 habitum
3003 2776 3105 2814 non
3138 2760 3299 2814 fuisse
3325 2761 3460 2828 apud

1932 2844 2164 2911 Judaaos,
2199 2849 2322 2914 quia
2362 2847 2509 2903 fuere
2539 2851 2772 2917 lapidati,
2801 2851 2950 2911 secti,
2985 2850 3192 2913 tentati,
3225 2850 3274 2901 in
3305 2851 3450 2902 occi-

1368 2913 1732 2980 περιελθόντας
1782 2917 1836 2967 ὲν

1944 2934 2080 2987 sione
2131 2935 2286 3002 gladii
2327 2947 2630 3000 pereuntes,
2675 2947 2730 2987 ut
2779 2936 2972 3004 probro
3006 2947 3183 2990 essent
3229 2938 3458 2990 circum-

303 2996 570 3064 μηλωταῖς
592 2997 726 3065 (58),
762 2999 819 3048 ὲν
848 2998 1071 3062 αἰγείοις
1099 2998 1370 3068 δέρμασιν,
1404 3001 1832 3070 ὐστερουμένους,

1944 3030 2118 3074 euntes
2172 3023 2223 3074 in
2267 3022 2548 3078 velleribus
2595 3025 2790 3084 Ovium,
2842 3025 2893 3076 in
2934 3025 3154 3090 pellibus
3201 3027 3457 3091 caprinis,

301 3083 657 3153 θλιϐομένους,
717 3087 1198 3154 κακουχουμένους.
1247 3089 1353 3139 Καὶ
1397 3090 1730 3153 ὀνειδίζονται
1773 3108 1833 3157 γε

311 3171 540 3224 Ἰουδαῖοι
567 3173 675 3224 ἀπὸ
701 3173 794 3224 τοῦ
823 3174 1065 3240 λέγοντος
1098 3176 1228 3244 πρὸς
1266 3177 1455 3238 αὐτούς
1481 3195 1494 3206 ’
1535 3196 1553 3227 ι
1579 3177 1705 3230 Τίνα
1732 3179 1834 3229 τῶν

300 3263 586 3331 προφητῶν
613 3265 714 3316 οὐκ
757 3264 976 3327 ἐδίωξαν
1004 3267 1049 3316 οἱ
1085 3266 1309 3336 πατέρες
1338 3267 1505 3333 ὑμῶν,
1550 3266 1641 3317 καὶ
1670 3267 1836 3318 ἀπέκ-

297 3368 352 3403 τε
360 3369 470 3404 ιναν
491 3354 618 3414 τοὺς
636 3353 1198 3422 προκαταγγείλαντας
1215 3356 1338 3422 περὶ
1357 3355 1450 3422 τῆς
1470 3354 1724 3417 ἐλεύσεως
1743 3356 1834 3408 τοῦ

299 3440 543 3504 Δικαίου;
570 3459 588 3490 ι
627 3441 818 3500 οἵτινες
841 3440 932 3492 ἐπὶ
960 3439 1094 3492 τέλει
1122 3441 1213 3492 καὶ
1240 3441 1327 3492 τὸν
1356 3441 1443 3492 ἐπὶ
1469 3443 1598 3493 πᾶσι
1631 3445 1834 3511 προφή-

299 3542 415 3594 την,
444 3527 509 3578 δι’
541 3521 602 3578 οὗ
627 3527 678 3578 οἱ
701 3527 968 3594 προφῆται
995 3527 1258 3596 προφῆται
1280 3527 1609 3596 γεγένηνται,
1640 3529 1837 3598 ἀτιμά-

305 3631 504 3679 σαντες,
563 3634 581 3664 ι
611 3611 762 3683 Αἶρε,
797 3610 937 3685 αἶρε,
981 3615 1205 3684 σταύρου
1246 3616 1421 3678 αὐτὸν,
1451 3635 1468 3666 ι
1509 3617 1706 3683 ἔλεγον.
1745 3619 1838 3670 Τε-

301 3704 548 3774 τίμηνται
580 3706 638 3757 δὲ
691 3706 749 3756 ὲν
781 3707 846 3773 τῇ
886 3706 990 3773 ἐμῇ
1033 3703 1246 3773 πατρίδι
1274 3705 1382 3773 (59)
1413 3705 1606 3767 πάντες
1635 3708 1682 3757 οἱ
1711 3725 1838 3776 προ-

301 3793 479 3861 φῆται,
507 3793 600 3845 καὶ
625 3794 654 3843 6
685 3793 792 3844 ἀπὸ
816 3791 948 3844 Θεοῦ
977 3793 1206 3855 ἀναστὰς
1234 3793 1371 3844 κατὰ
1402 3793 1467 3845 τὰ
1496 3796 1620 3864 περὶ
1650 3796 1834 3848 ἑαυτοῦ

301 3883 557 3950 εἰρημένα
585 3882 691 3932 ὑπὸ
719 3882 958 3943 Μωσέως
981 3903 994 3915 ·
1033 3900 1051 3931 ι
1079 3884 1361 3952 Προφήτην
1402 3883 1524 3952 ὑμῖν
1556 3886 1838 3953 ἀναστήσει

300 3969 495 4039 Κύριος
525 3972 554 4021 6
587 3969 719 4030 Θεὸς
751 3969 902 4037 ὑμῶν
937 3971 999 4021 ἐκ
1028 3969 1132 4020 τῶν
1164 3970 1396 4038 ἀδελφῶν
1428 3970 1594 4038 ὑμῶν,
1623 3971 1696 4032 ὡς
1718 3973 1834 4039 ἐμὲ,

299 4061 456 4114 αὐτοῦ
487 4061 815 4114 ἀκούσεσθε·
847 4083 867 4111 ι
903 4061 1148 4129 ἡπατρὶς
1175 4059 1281 4126 (ίΟ)
1312 4061 1417 4128 γὰρ
1452 4061 1610 4113 αὑτοῦ
1639 4063 1694 4113 ὲν
1729 4064 1838 4124 τοῖς

301 4150 470 4203 ἔθνεσι
492 4155 606 4212 τοῖς
631 4149 711 4218 τῷ
740 4147 1136 4218 παραπτώματι
1163 4149 1254 4200 τοῦ
1299 4149 1506 4218 Ἰσραὴλ
1548 4150 1642 4218 τὴν
1670 4167 1839 4218 σωτη-

302 4241 417 4309 ρίαν
445 4240 713 4310 εἰληφόσι.
773 4239 882 4291 Καὶ
926 4241 980 4291 ὲν
1010 4239 1184 4300 ἄλλοις
1231 4238 1564 4306 γέγραπταιο
1614 4239 1839 4300 «Οὐδεὶς

1937 3107 2241 3175 posthabiti,
2272 3111 2530 3177 oppressi,
2578 3111 2809 3164 tribulati
2839 3110 2990 3164 malis
3013 3113 3376 3164 vexatiouihus
3391 3111 3457 3164 ⁵⁸.

1937 3200 2013 3250 Ac
2054 3197 2290 3264 profecto
2321 3198 2513 3254 Judmis
2552 3201 2884 3254 conviciator
2930 3202 2976 3255 is
3015 3204 3103 3270 qui
3155 3215 3335 3255 coram
3384 3203 3462 3257 eis

1939 3283 2142 3337 dicebat
2171 3301 2186 3340 :
2222 3301 2240 3334 ι
2265 3285 2432 3350 Quem
2483 3288 2858 3355 prephetarum
2902 3305 3002 3343 non
3047 3297 3168 3342 sunt
3198 3289 3462 3358 persecuti

1938 3381 2133 3449 patres,
2158 3374 2343 3439 vestri,
2377 3375 2464 3441 qui
2496 3375 2654 3427 etiam
2683 3375 2993 3429 occiderunt
3022 3391 3133 3442 eos,
3159 3379 3247 3446 qui
3276 3377 3338 3430 de
3362 3379 3457 3430 ad-

1942 3469 2094 3512 ventu
2132 3460 2265 3514 Justi
2304 3463 2735 3529 przedixissent“
2760 3464 2782 3515 ?
2808 3482 2824 3514 ι
2860 3465 2949 3528 qui
2986 3465 3142 3519 etiam
3193 3473 3462 3532 postremo

1938 3545 2246 3612 pmphetam
2281 3548 2523 3602 omnibus
2564 3549 2986 3614 eminentiorem,
3015 3565 3106 3618 per
3153 3565 3309 3618 quem
3339 3566 3461 3618 pro-

1938 3627 2112 3695 pheta:
2137 3633 2408 3699 prephetaa
2439 3633 2561 3686 facti
2591 3643 2732 3697 sunt,
2762 3649 2882 3688 cum
2903 3636 3223 3702 sprevissent
3253 3656 3266 3691 :
3300 3656 3317 3687 ι
3340 3636 3463 3690 Τοι-

1939 3712 2008 3776 le,
2045 3713 2190 3780 tolle,
2227 3717 2481 3786 crucifige
2520 3721 2722 3783 eum",
2748 3739 2767 3772 ι
2799 3722 3059 3776 dixerunt.
3096 3723 3345 3776 Honorati
3368 3738 3463 3775 au-

1943 3817 2048 3860 tem
2080 3818 2204 3862 sunt
2233 3810 2284 3861 in
2316 3826 2430 3864 mea
2477 3811 2648 3877 patria
2691 3826 2874 3867 omnes
2897 3814 3184 3881 prophetae,
3210 3825 3263 3867 et
3293 3816 3337 3868 is
3369 3816 3461 3883 qui

1942 3913 1969 3950 a
2004 3899 2112 3951 Deo
2155 3901 2414 3954 excitatus
2443 3910 2543 3963 est,
2571 3899 2720 3966 juxta
2764 3916 2825 3954 ea
2852 3915 2967 3968 quae
3000 3903 3064 3955 de
3097 3902 3209 3968 ipso
3243 3917 3270 3954 a
3299 3902 3462 3956 Moise

1942 3986 2079 4038 dicta
2111 3995 2274 4040 sunt:
2307 3987 2659 4054 «Prophetam
2701 3989 2977 4041 suscitabit
3015 3989 3167 4042 vobis
3208 3987 3464 4042 Dominus

1943 4073 2078 4125 Deus
2106 4081 2281 4126 vester
2315 4088 2345 4128 e
2370 4074 2620 4130 fratribus
2647 4077 2856 4139 vestris,
2887 4077 2986 4130 mei
3013 4076 3262 4141 similem,
3291 4079 3461 4146 ipsum

1943 4159 2102 4227 269
2135 4159 2456 4224 audietis“;
2489 4177 2506 4209 ι
2536 4160 2706 4226 patria
2739 4160 2880 4214 enim
2937 4161 3103 4227 ipsius
3132 4161 3182 4212 iu
3217 4159 3464 4228 gentibus

1943 4247 2075 4300 inest
2098 4247 2166 4309 δ’,
2197 4261 2311 4312 quae
2351 4247 2498 4314 lapsu
2544 4247 2754 4300 lsraelis
2789 4245 3018 4300 salutem
3047 4254 3378 4315 receperunt.
3404 4245 3463 4299 ln

301 4332 580 4401 προφήτης
605 4331 794 4392 δεκτός
825 4331 967 4382 ἐστιν
999 4331 1055 4383 ὲν
1100 4332 1164 4398 τῇ
1205 4328 1434 4398 πατρίδι,
1469 4329 1558 4379 καὶ
1586 4330 1640 4380 ὲν
1665 4331 1730 4397 τῇ
1763 4331 1839 4380 ol-

1947 4333 2063 4387 aliis
2107 4335 2271 4386 etiam
2319 4335 2576 4403 scriptum
2603 4344 2684 4389 est
2705 4333 2750 4365 ⁶⁰
2776 4349 2790 4386 :
2821 4350 2842 4384 ι
2868 4332 3052 4388 Nullus
3083 4335 3339 4403 propheta
3373 4347 3465 4387 ac-

302 4421 389 4490 κίᾳ
413 4419 576 4472 αὐτοῦ
600 4435 615 4448 ·
648 4438 667 4468 ι
698 4419 791 4470 καὶ
819 4418 1079 4488 χρήσιμόν
1107 4433 1169 4484 γε
1199 4417 1258 4467 τὸ
1287 4415 1532 4483 συγγενὲς
1552 4415 1718 4484 τούτῳ
1747 4419 1839 4486 ρη-

302 4511 388 4563 τδν
421 4509 825 4578 συναγαγόντας
867 4510 970 4562 ἀπὸ
1016 4509 1120 4561 τῶν
1158 4507 1494 4574 Εὑαγγελίων
1543 4507 1666 4558 ίδεῖν
1692 4509 1835 4566 πότε,

306 4600 394 4651 καὶ
430 4601 522 4654 ἐπὶ
561 4600 669 4651 τίνι
699 4596 775 4666 τῷ
803 4597 1011 4666 Σωτῆρι
1038 4595 1190 4648 τοῦτο
1215 4595 1440 4664 εἴρηται.
1479 4594 1757 4662 Θαυμάσαι
1785 4593 1841 4646 δὲ

369 4762 416 4793 ⁸⁸
444 4759 605 4814 Joan.
635 4772 710 4818 ιν,
743 4754 830 4808 ﬂ.
906 4755 950 4786 "
974 4752 1134 4806 Hebr.
1166 4766 1241 4809 χι,
1272 4751 1358 4804 '57.
1431 4749 1476 4782 "
1499 4750 1617 4803 Act.
1645 4764 1740 4813 vn,
1767 4750 1854 4803 5‘2.

301 4829 348 4863 ”
368 4829 525 4883 Rom.
551 4843 630 4891 χι,
661 4826 749 4877 11.
849 4823 893 4855 ⁸ο
920 4822 1051 4874 Luc.
1085 4834 1156 4878 tv,
1185 4818 1274 4871 24.

308 4927 454 4972 ctura
483 4917 721 4984 legatur,
758 4910 1086 4966 κατακόπτει
1113 4909 1168 4959 δὲ
1199 4905 1401 4968 ἑαυτόν,
1438 4904 1488 4956 id
1519 4915 1731 4958 secutus
1764 4915 1845 4958 est

307 4983 610 5047 Ferrarius,
659 4991 895 5042 vertens,
933 4997 950 5030 ι
996 4983 1202 5030 resecat
1237 4983 1414 5026 autem
1457 4986 1574 5025 sese
1620 4987 1846 5039 evange-

308 5056 505 5188 “$3.35),
545 5117 656 5171 Καὶ
709 5113 858 5167 κατὰ
896 5112 1093 5165 τοῦτο.
1149 5107 1203 5159 lu
1256 5107 1438 5161 codice
1493 5106 1658 5174 Regio
1705 5109 1850 5164 deest

308 5189 484 5336 κῗίέίξ)
510 5253 694 5306 Codex
721 5248 1051 5304 Bodleianus
1076 5257 1169 5308 pro
1190 5241 1310 5302 τοὺς
1341 5241 1673 5308 Σαμαρείτας
1692 5243 1852 5297 hab“

307 5339 518 5457 aut???
542 5384 775 5449 Αὐτοὺς
818 5377 1005 5447 παρά,
1044 5386 1148 5428 etc.
1184 5376 1237 5427 In
1292 5374 1471 5428 codice
1503 5373 1665 5440 Regio
1703 5375 1849 5430 deest

533 5525 628 5574 Ἐν
668 5511 1001 5592 μηλωταῖς.
1044 5509 1198 5586 Deest
1226 5511 1275 5585 in
1303 5507 1690 5592 rndicenRegio,

513 5574 1035 5657 Τετίμήἐ·ταιὸὲέιι·
1071 5574 1139 5640 τῇ
1169 5575 1274 5642 ἐ·μῄ
1304 5575 1541 5641 πατρίδι,
1586 5585 1690 5628 etc.
1725 5574 1848 5633 Haec

1942 4432 2122 4490 ceptus
2165 4432 2247 4477 est
2284 4423 2336 4476 in
2381 4425 2550 4490 patria
2591 4433 2645 4477 et
2687 4425 2738 4477 in
2783 4425 2941 4478 domo
3001 4439 3095 4478 sua
3121 4441 3134 4488 ;
3163 4443 3181 4476 ι
3237 4422 3468 4490 utileque

1944 4510 2180 4578 profecto
2229 4509 2390 4564 fuerit
2422 4521 2670 4565 contextu
2699 4513 2782 4565 his
2813 4513 3128 4568 testimoniis
3159 4519 3384 4579 cognato
3412 4509 3466 4564 in

1945 4611 2105 4650 unum
2135 4596 2355 4651 collecto
2380 4612 2446 4651 ex
2478 4599 2798 4669 Evangeliis,
2833 4600 3013 4654 videre
3041 4599 3252 4668 quando
3282 4609 3338 4652 et
3362 4611 3467 4665 quo

1949 4755 1991 4784 ⁸⁸⁷
2023 4754 2175 4808 Joan.
2204 4770 2314 4819 χιιι,
2355 4755 2440 4809 15.
2546 4756 2590 4788 ⁵⁸
2621 4756 2774 4810 Deut.
2806 4769 2954 4819 xvru,
2989 4756 3083 4819 i5;
3115 4755 3230 4808 Act.
3259 4768 3336 4816 tu,
3368 4752 3458 4807 22.

1943 4905 2370 4976 αὐτοπροσώπως
2390 4906 2464 4958 ait
2496 4905 2755 4976 Origenes
2797 4921 2809 4956 :
2857 4918 2974 4976 curn
3009 4905 3147 4976 enim
3181 4917 3338 4976 supra
3381 4907 3463 4958 di-

1944 4970 2752 5042 xisset'prophetarumpatriam
2782 4987 2898 5042 esse
2923 4970 3177 5042 Iudaeam,
3217 4971 3266 5042 in
3292 4985 3466 5042 eaque

1943 5035 2279 5094 contumeliis
2312 5040 2427 5092 illos
2452 5035 2613 5091 fuisse
2638 5040 2946 5104 prosci'ssos,
2981 5035 3259 5104 subiungit
3290 5038 3341 5089 in
3375 5035 3468 5104 pa-

1947 5110 2046 5160 tria
2091 5123 2210 5168 sua,
2264 5106 2585 5158 Alexandria
2628 5101 2895 5167 nimirum,
2951 5113 3005 5157 et
3054 5101 3303 5169 IEgy’pto,
3363 5101 3467 5158 non

1946 5177 2235 5243 prophetas
2265 5171 2585 5243 solum,_sed
2629 5170 2898 5243 Christum
2941 5171 3102 5243 etiam
3145 5170 3318 5243 ipsum
3371 5173 3469 5243 ho-

1947 5234 2076 5296 nore
2103 5241 2236 5294 afﬁci
2277 5254 2286 5285 2
2341 5254 2438 5291 nec
2479 5239 2591 5290 leve
2617 5239 2757 5290 enim
2791 5239 2897 5303 jam
2935 5249 3043 5290 tum
3079 5236 3130 5286 in
3164 5234 3268 5286 illis
3301 5239 3473 5303 parti-

1952 5311 2051 5362 bus
2104 5312 2489 5360 incrementum
2550 5319 2636 5357 res
2686 5306 2984 5360 Christiana
3039 5310 3274 5368 ceperat.
3336 5303 3477 5359 Hun-

1954 5393 2088 5428 TIUS.

2020 5443 2128 5512 (40)
2180 5442 2257 5512 Ἠ-
2280 5439 2503 5512 πατρίς.
2558 5438 2646 5512 Sic
2673 5441 2849 5512 (ῑοιίιειιΔ
2875 5437 3222 5512 Βοᾱιείδιιυοε,
3243 5433 3484 5496 Optime;

1948 5507 2144 5578 Regius
2158 5519 2210 5561 et
2232 5510 2566 5578 Barberinus,
2596 5507 2654 5578 ού
2689 5509 2901 5578 πατρίς,
2928 5507 3092 5566 male,
3129 5507 3228 5552 nisi
3256 5512 3484 5566 sequen-

1951 5579 2020 5631 tia
2034 5575 2159 5632 cum
2193 5575 2603 5643 interrogatione
2627 5575 2887 5644 legantur.
