3828 6194
278 331 387 388 505

1344 337 1684 395 COMMENT.
1726 339 1789 392 IN
1827 338 2012 394 JOAN.
2049 331 2280 390 TOMUS
2312 333 2449 388 XIII.

3363 336 3463 391 506

279 449 364 508 εἰς
391 437 475 490 τὸν
517 434 665 485 τόπον
695 428 1155 523 άποδεικνῦντων
1207 456 1303 506 οὐκ
1351 455 1595 509 ἐλάττονα
1624 453 1837 523 δύναμιι

1950 456 2021 508 ris
2047 449 2361 520 apparuisse
2395 450 2445 502 in
2472 449 2744 518 ejiciendis
2778 448 2900 513 illis,
2928 461 3086 515 quam
3125 461 3240 504 cum
3268 462 3461 516 opera-

283 521 624 614 ἐμφαίνεσθαξ
645 521 734 573 τοῦ
1056 539 1123 592 ὲν
1151 545 1372 607 ἐκείνοις
1397 546 1540 614 παρὰ
1569 543 1664 614 τὴν
1701 521 1848 614 ἐνερ-

285 620 528 686 γήσασαν
579 611 654 673 εἱς
681 609 913 678 τυφλοὺς
947 617 1282 696 ἀναϐλέψαι,
1327 632 1418 683 xal.
1458 609 1666 698 κωφοῦς
1697 609 1848 684 ἀκοῦο

292 721 413 766 σαι,
453 701 541 754 καὶ
585 700 785 769 χωλοὺς
817 714 1229 783 περιπατῆσαι,
1259 719 1488 784 λεκτέον,
1521 721 1599 772 ὃτι
1645 723 1845 789 μήποτε

291 793 437 860 ὅπερ
465 791 797 860 λογισάμενοι
828 795 1188 867 ἐννοήσαντες
1231 809 1278 858 oi
1311 808 1589 867 Γαλιλαῖοι,
1633 810 1721 860 καὶ
1753 825 1848 859 κα-

290 879 660 945 ταπλαγέντες
685 881 782 952 τὴν
809 881 1061 939 θειότητα
1098 892 1194 944 τοῦ
1235 893 1423 962 Ἰησοῦ,
1455 893 1666 945 ἐλθόντα
1694 895 1847 946 αὑτὸν

284 970 374 1030 εἰς
399 969 503 1039 τὴν
554 969 836 1024 Γαλιλαίαν
885 974 1156 1040 ἐδέξαντο,
1209 982 1379 1033 πάντα
1427 981 1720 1050 ἑωρακότες
1751 982 1849 1033 ὅσα

284 1060 557 1128 ἐποίησεν
607 1063 664 1112 ἐν
695 1063 805 1123 τοῖς
845 1064 1248 1136 Ἰεροσολύμοις.
1289 1071 1366 1121 Τὰ
1403 1071 1456 1121 δὲ
1486 1071 1656 1123 πάντα
1682 1071 1849 1122 ταῦτα

276 1145 376 1217 ἦν,
430 1150 515 1217 τῷ
543 1153 606 1202 ἐκ
637 1150 878 1218 σχοινίων
927 1155 1230 1222 φραγελλίῳ
1274 1156 1621 1223 ἐκϐεϐλῆσθαι
1669 1158 1731 1207 ἐκ
1758 1156 1846 1207 τοῦ

281 1237 446 1306 ίεροῦ
473 1239 546 1290 τά
575 1255 634 1290 τε
666 1238 930 1307 πρόϐατα,
959 1243 1082 1303 τοὺς
1113 1242 1255 1310 βόας,
1282 1245 1372 1296 καί
1401 1244 1505 1294 τῶν
1529 1244 1634 1312 (47)
1666 1243 1849 1294 κολλυ-

281 1325 504 1377 ϐιστῶν
552 1327 873 1396 ἐκκεχύσθαι
917 1330 984 1380 τὰ
1029 1331 1290 1399 κέρματα,
1333 1333 1426 1383 καὶ
1455 1332 1550 1393 τὰς
1579 1333 1848 1399 τραπέζας

277 1415 728 1484 ἀνατετράφθαι.
781 1417 912 1468 Μετ’
957 1417 1196 1482 ἐξουσίας
1239 1419 1293 1470 δὲ
1340 1419 1581 1489 εἰρῆσθαι
1625 1423 1731 1482 τοῖς
1756 1421 1850 1482 τὰς

275 1503 634 1570 περιστερὰς
677 1501 944 1556 πωλοῦσιν
965 1521 977 1532 ο
1001 1521 1018 1552 ι
1036 1507 1236 1574 ’Ἄρατε
1285 1507 1451 1559 ταῦτα
1481 1506 1740 1569 ἐντεῦθεν,
1777 1507 1848 1577 μὴ

277 1591 498 1639 ποιεῖτε
532 1590 626 1641 τὸν
654 1585 801 1641 οἷκον
844 1591 935 1642 τοῦ
975 1593 1179 1660 Πατρός
1214 1611 1311 1662 μου
1358 1591 1500 1646 οἷκον
1528 1595 1802 1664 ἐμπορίου.
1825 1613 1843 1644 ι

275 1672 347 1725 0'
543 1677 564 1702 λ
853 1678 877 1688 ”
1185 1681 1196 1695 ’

327 1693 461 1742 ιμαι
505 1677 565 1727 δε.
604 1677 738 1744 μηδὲ
779 1695 948 1730 ταυτα
981 1680 1114 1748 μόνα
1140 1682 1294 1732 αυτὸν
1338 1681 1680 1750 πεποιηκέναι
1707 1682 1844 1746 τότε,

278 1763 426 1814 ἀλλὰ
463 1764 562 1815 καὶ
590 1765 726 1815 ἄλλα
768 1747 989 1834 σημεῖαον
1011 1768 1316 1836 ἐπιφέρεται
1345 1767 1449 1837 γὰρ
1475 1747 1675 1830 τούτοις
1701 1769 1805 1836 (48)
1829 1786 1841 1798 ·
1878 1747 1917 1799 Β

282 1869 301 1899 ι
325 1851 422 1911 Ὠς
452 1852 515 1902 δὲ
540 1849 610 1920 ἦν
644 1853 704 1903 ἐν
733 1857 842 1914 τοῖς
889 1854 1142 1923 Ἱεροσολύ
1152 1873 1269 1923 μοις
1291 1859 1344 1907 ἐν
1372 1856 1446 1924 τῷ
1471 1857 1674 1924 Πάσχα,
1703 1858 1758 1910 ἐν
1781 1860 1843 1926 τῇ

278 1941 449 2009 ἐορτῇ
505 1941 698 1992 πολλοὶ
751 1942 1068 1994 ἐπίστευσαν
1111 1946 1187 2004 είς
1213 1945 1270 1994 τὸ
1301 1945 1464 2011 ὄνομα
1507 1943 1688 2006 αὐτοῦ,
1719 1943 1847 1995 θεω-

281 2029 520 2095 ροῦντες
555 2030 727 2083 αὐτοῦ
757 2031 822 2082 τὰ
856 2034 1048 2099 σημεῖα
1081 2031 1115 2082 ἃ
1145 2032 1389 2100 ἐποίησεν
1413 2048 1425 2061 ·
1474 2052 1494 2083 ι
1545 2035 1627 2099 ἐφ’
1653 2029 1730 2093 οἷς
1755 2033 1847 2083 καὶ

278 2117 309 2166 ὁ
332 2119 663 2186 Νικόδημός
713 2135 871 2187 φησι·
931 2139 949 2168 ι
973 2119 1174 2181 Ῥαϐϐὶ,
1223 2119 1434 2187 οἴδαμεν
1465 2120 1543 2172 ὅτι
1587 2120 1691 2171 ἀπὸ
1716 2119 1844 2170 Θεοῦ

279 2205 562 2273 ἐλήλυθας
593 2207 938 2269 διδάσκαλοςο
985 2207 1152 2269 οὐδεὶς
1193 2208 1298 2276 γὰρ
1317 2208 1530 2261 δύναται.
1556 2209 1620 2261 τά
1653 2212 1845 2279 σημεῖα

272 2291 456 2344 ταῦτα
504 2297 685 2345 ποιεῖν
735 2293 770 2346 ἃ
801 2294 864 2346 σὺ
911 2298 1096 2356 ποιεῖς,
1128 2294 1192 2346 ἂν
1235 2295 1307 2363 μὴ
1398 2298 1426 2347 ό
1447 2295 1576 2358 Θεὸς
1609 2299 1720 2365 μετ’
1752 2298 1846 2348 αὑ-

278 2381 394 2431 τοῦ.
428 2399 448 2429 ι
480 2381 640 2450 Πλὴν
670 2380 845 2443 ἔξεστι
887 2383 1156 2434 Γαλιλαῖον
1188 2383 1310 2434 ὄντα
1357 2383 1623 2454 ἑορτάζειν
1653 2387 1709 2437 ἐν
1752 2386 1845 2438 Ἰε-

213 2501 216 2503 μ
284 2469 622 2538 ροσολύμοις
671 2469 969 2537 γινόμενον,
1014 2472 1145 2522 ὅπου
1189 2474 1218 2524 ὁ
1267 2472 1390 2533 ναὸς
1419 2472 1508 2523 τοῦ
1553 2472 1704 2536 Θεοῦ,
1753 2475 1845 2526 καὶ

281 2555 514 2623 θεωρεῖν
551 2556 734 2607 πάντα
762 2557 859 2608 ὅσα
902 2557 1067 2608 ἐποίει
1099 2559 1211 2608 ἐκεῖ
1254 2559 1282 2610 ό
1322 2559 1536 2628 Ἰησοῦς,
1570 2560 1660 2613 καὶ
1694 2561 1844 2630 μάλι-

281 2659 381 2694 στα
409 2643 537 2695 τίνα
571 2645 776 2712 τρόπον
802 2644 1046 2698 ἐκϐάλλοι
1071 2645 1147 2714 τῷ
1185 2648 1248 2696 ἐκ
1274 2648 1512 2715 σχοινίων
1543 2650 1843 2719 φραγελλίῳ

279 2731 372 2782 ὑπ’
402 2732 576 2783 αὐτοῦ
610 2732 958 2801 πεποιημένῳ
984 2734 1186 2797 πάντας
1217 2737 1336 2798 τοὺς
1367 2737 1670 2798 πωλοῦντας
1696 2738 1838 2806 βόας,

280 2818 376 2868 καὶ
411 2819 671 2887 πρόϐατα
699 2818 832 2885 (49),
868 2821 962 2871 καὶ
1008 2821 1346 2889 περιστερὰς,
1391 2823 1458 2874 τά
1486 2840 1544 2874 τε
1574 2823 1837 2892 πρόϐατα,

280 2908 376 2957 καὶ
404 2909 537 2968 τοὺς
591 2906 743 2974 βόας,
779 2908 872 2958 καὶ
915 2908 984 2959 τά
1031 2907 1204 2961 λοιπά.
1253 2909 1411 2979 Ἀρχὴ
1452 2911 1559 2980 γὰρ
1592 2912 1646 2963 ἐν
1682 2913 1841 2982 Ἱερο-

282 2996 544 3064 σολύμοις
567 2997 737 3084 ἑορτὴ
767 2999 880 3058 τοῖς
905 2996 1198 3059 Γαλιλαίοις
1224 2999 1336 3050 ἐστὶ
1360 2998 1450 3050 τοῦ
1483 3001 1573 3051 καὶ
1595 3001 1838 3066 δέξασθαι
1863 3029 1904 3084 c

278 3085 370 3136 τὸν
395 3085 529 3136 Υὶὺν
558 3083 657 3135 τοῦ
691 3083 824 3135 Θεοῦ
854 3084 1072 3136 ἐλθόντα
1103 3086 1233 3154 πρὸς
1257 3087 1448 3149 αὐτούς
1472 3105 1475 3107 ·
1509 3089 1580 3158 μὴ
1611 3089 1716 3159 γὰρ
1743 3091 1840 3142 em-

283 3174 515 3241 ρακότες
555 3173 630 3224 τὰ
664 3175 722 3225 ὲν
749 3177 814 3242 τῇ
845 3176 1025 3241 ἑορτῇ,
1075 3176 1170 3226 οὐκ
1199 3176 1262 3227 ἂν
1304 3176 1545 3238 ἐδέξαντο
1586 3179 1774 3231 αὐτόν·
1805 3181 1836 3249 ἢ

277 3261 399 3313 οὐδὲ
452 3261 623 3321 αὐτὸς
685 3260 760 3329 μὴ
818 3263 1314 3330 προευτρεπισθεῖσι
1366 3264 1497 3334 πρὸς
1545 3266 1605 3316 τὺ
1658 3265 1836 3319 λαϐεῖν

276 3350 462 3411 αὐτὸν,
528 3347 712 3409 οὕτως
773 3348 838 3401 ἂν
889 3350 1183 3410 σπουδαίως
1236 3351 1558 3420 ἐπεδήμησε,
1621 3355 1837 3405 καταλι-

277 3435 394 3489 πὼν
439 3437 572 3498 τοὺς
620 3437 998 3504 ἐρωτήσαντας
1046 3439 1202 3490 αὐτὸν
1253 3442 1424 3506 μεῖναι
1473 3445 1596 3510 παρ’
1635 3443 1832 3505 αὐτοῖς.

277 3526 339 3575 Οί
378 3523 638 3592 μέντοιγε
665 3523 945 3592 δεξάμενοι
981 3525 1069 3576 τὸν
1122 3527 1320 3595 Ἰησοῦν
1363 3528 1602 3591 ἐδέξαντο
1632 3532 1722 3582 καί
1749 3533 1836 3584 τὸν

277 3614 682 3666 ἀποστείλαντα
709 3615 894 3664 αὐτόν·
926 3616 1057 3682 φησὶ
1083 3616 1187 3685 γάρ
1205 3633 1222 3647 ο
1262 3634 1280 3666 ι
1337 3619 1392 3669 '0
1431 3619 1528 3686 ἐμὲ
1557 3619 1836 3688 δεχόμενος

275 3702 491 3769 δέχεται
521 3702 621 3754 τὸν
650 3702 1040 3755 ἀποστείλαντά
1062 3720 1150 3772 με.
1183 3722 1202 3756 ι
1230 3705 1444 3773 Πρῶτον
1467 3702 1555 3759 οὖν
1584 3709 1710 3759 ίδεῖν
1737 3709 1832 3773 δεῖ,

276 3791 525 3840 τουτέστι
563 3789 806 3840 συνιέναι
831 3789 898 3840 τὰ
928 3791 984 3841 ἐν
1033 3791 1412 3860 Ἱεροσολύμοις
1439 3792 1570 3863 ἔργα
1601 3794 1692 3846 τοῦ
1733 3797 1833 3864 Ἰη-

275 3877 369 3929 σοῦ
404 3879 612 3938 πάντα,
653 3877 776 3929 τίνα
819 3878 1016 3946 τρόπον
1060 3877 1302 3948 καθαίρει
1337 3880 1396 3932 τὸ
1437 3881 1594 3949 ἱερὸν,
1630 3882 1834 3935 ἀποκαι

275 3966 464 4027 θιστὰς
508 3966 652 4018 αὐτὸ
685 3967 764 4027 εἰς
790 3967 848 4017 τό
872 3966 983 4034 (50)
1008 3963 1141 4020 εἶναι
1171 3964 1313 4020 οἷκον
1340 3968 1431 4020 τοῦ
1475 3969 1702 4040 Πατρός,
1743 3973 1835 4024 καὶ

275 4055 476 4123 μηκέτι
505 4050 665 4105 οἷκον
692 4053 974 4121 ἐμπορίου,
1005 4054 1089 4104 ἵνα
1116 4054 1250 4121 μετὰ
1270 4052 1328 4106 τό
1351 4054 1612 4123 θεωρῆσαι
1644 4057 1831 4121 ταῦτα,

273 4142 361 4193 τὸν
407 4143 794 4211 ἐνεργήσαντα
830 4141 998 4192 ταῦτα
1045 4143 1214 4208 Λόγον
1254 4141 1546 4210 δεξώμεθα.
1589 4142 1749 4212 Οἶμαι
1789 4145 1832 4196 δ’

270 4231 370 4290 ὅτι,
411 4232 488 4300 μὴ
522 4230 711 4281 πάντα
749 4229 814 4281 τὰ
855 4233 913 4282 ἐν
963 4229 1342 4298 Ἱεροσολύμοις
1395 4230 1670 4300 θεωρήσας
1701 4234 1833 4302 ἔργα

1944 546 2100 597 batur
2133 551 2188 592 ut
2230 540 2354 592 caeci
2398 541 2567 592 visum
2627 539 2938 602 reciperent,
2999 536 3144 590 surdi
3192 538 3460 602 audirent,

1944 631 2116 685 claudi
2151 629 2484 682 ambularem
2507 629 2569 691 ",
2593 627 2833 680 Galila‘os
2873 625 3114 686 fortasse,
3147 639 3264 677 cum
3295 626 3460 678 vidis-

1945 733 2064 776 sent
2095 721 2231 788 quod
2263 733 2530 787 numquam
2563 719 2660 770 rati
2693 717 2937 781 fuissent,
2967 716 3242 784 perculsos
3269 716 3460 768 divini-

1947 818 2057 863 tate
2089 808 2237 872 Jesu,
2274 809 2442 874 ipsum
2485 807 2536 858 in
2583 806 2854 860 Galilaeam
2897 808 3265 858 adventantem
3310 817 3462 856 exce.

1944 901 2104 966 pisse,
2128 899 2374 964 nimirum
2408 910 2527 948 cum
2573 895 2745 948 omnia
2774 894 3024 947 vidissent
3047 910 3162 960 quae
3191 891 3457 960 Jerosoly-

1946 990 2044 1041 mis
2070 986 2297 1040 fecisset.
2343 985 2470 1048 Quae
2504 998 2628 1036 sane
2661 983 2837 1036 omnia
2892 984 3004 1035 bace
3034 983 3215 1046 fuere;
3249 997 3376 1036 oves
3411 991 3463 1035 et

1944 1076 2125 1138 boves,
2161 1074 2362 1140 ﬂagello
2408 1088 2436 1125 e
2468 1072 2718 1123 funiculis
2750 1071 2909 1131 facto,
2957 1085 2986 1121 e
3029 1071 3222 1138 templo
3265 1070 3462 1137 ejeclos

1943 1163 2133 1222 fuisse,
2192 1175 2401 1227 aeraque
2439 1158 2858 1226 argentariorum
2905 1156 3091 1220 effusa,
3151 1172 3462 1225 mensasque

1946 1253 2230 1305 subversas
2261 1265 2275 1300 :
2304 1249 2609 1314 dictmnque
2651 1261 2767 1298 cum
2816 1254 3073 1313 potestate
3115 1244 3276 1297 fuisse
3323 1260 3458 1297 ven-

1945 1342 2191 1394 dentibus
2238 1338 2544 1390 columbas:
2583 1355 2600 1386 ι
2632 1336 2815 1388 Tollite
2845 1336 2942 1385 ista
2978 1334 3124 1395 hinc,
3165 1347 3261 1385 nec
3303 1333 3462 1385 facile

1945 1431 2156 1481 domum
2207 1427 2380 1479 Patris
2427 1425 2549 1485 mei,
2595 1423 2805 1475 domum
2869 1430 3152 1472 mercatus.
3185 1438 3203 1475 ι
3265 1420 3463 1486 Opinor

1945 1532 2068 1572 vero
2095 1531 2195 1569 non
2235 1516 2417 1569 istbaec
2451 1522 2651 1566 tantum
2681 1521 2802 1563 tunc
2825 1509 2888 1562 ab
2916 1512 3028 1578 ipso
3056 1511 3216 1575 facta,
3241 1511 3330 1562 sed
3359 1509 3461 1561 alia

1943 1606 2103 1662 etiam
2135 1605 2304 1668 signa,
2330 1618 2393 1654 eo
2432 1603 2567 1668 quod
2609 1601 2690 1652 bis
2745 1599 3002 1652 inferatur
3032 1615 3043 1647 :
3082 1617 3099 1647 ι
3125 1599 3254 1652 Cum
3283 1607 3458 1649 autem

1943 1703 2084 1746 esset
2113 1691 2451 1760 Jerosolymis
2479 1693 2527 1742 in
2551 1691 2769 1752 Pascha,
2795 1689 2846 1740 in
2879 1687 2962 1739 die
2989 1688 3141 1746 festo,
3173 1686 3318 1739 multi
3345 1700 3461 1738 cre-

1945 1782 2189 1833 diderunt
2220 1780 2271 1831 in
2321 1779 2530 1830 nomine
2576 1778 2761 1844 ipsius,
2815 1777 3056 1828 videntes
3089 1774 3253 1840 ipsius
3301 1775 3454 1842 signa

1944 1883 2059 1935 quae
2114 1867 2328 1919 fecisset
2354 1868 2434 1929 '7;
2469 1884 2486 1914 ι
2524 1877 2740 1932 propter
2785 1878 2902 1932 qum
2943 1864 3100 1915 etiam
3145 1861 3460 1915 Nicodemus

1945 1955 2156 2021 inquit:
2187 1973 2203 2005 ι
2236 1955 2506 2021 Magister,
2543 1955 2742 2006 scimus
2795 1962 2845 2005 te
2885 1967 2913 2004 a
2947 1953 3049 2005 Deo
3098 1953 3306 2004 venisse
3346 1965 3460 2003 ma-

1943 2041 2168 2106 gistrum
2202 2059 2215 2093 :
2243 2055 2396 2093 nemo
2424 2041 2564 2093 enim
2597 2050 2764 2106 potest
2791 2040 2903 2092 haec
2952 2040 3100 2106 signa
3134 2040 3312 2092 facere
3345 2054 3462 2106 qua:

1945 2136 1997 2180 tu
2027 2128 2175 2190 facis,
2217 2128 2315 2180 nisi
2342 2129 2499 2180 fuerit
2527 2128 2661 2180 Deus
2695 2143 2813 2179 cum
2847 2143 2908 2180 eo
2935 2128 2997 2178 ⁸⁸.
3026 2146 3042 2176 ι
3087 2126 3458 2179 Verumtamen

1943 2214 2132 2268 licebat
2166 2216 2236 2278 ei,
2269 2216 2356 2282 qui
2403 2215 2648 2269 Galilteus
2700 2224 2833 2277 erat,
2874 2215 3014 2266 diem
3046 2212 3233 2265 festum
3281 2227 3455 2279 agere,

1943 2317 2061 2356 cum
2087 2303 2272 2356 fuisset
2318 2300 2678 2371 Jerosolymis,
2706 2301 2790 2353 ubi
2839 2300 3089 2366 templum
3121 2307 3236 2351 erat
3263 2299 3374 2359 Dei,
3407 2306 3460 2348 et

1940 2389 2121 2441 videre
2147 2389 2320 2441 omnia
2353 2403 2468 2455 quae
2514 2388 2621 2441 illic
2671 2387 2852 2440 fecerit
2879 2386 3032 2440 Jesus
3065 2404 3078 2437 :
3108 2401 3167 2438 ac
3201 2385 3460 2452 praecipue

1942 2485 2169 2538 quonam
2200 2481 2355 2540 pacto
2376 2471 2577 2542 flagello
2603 2489 2632 2528 e
2667 2473 2917 2526 funiculis
2941 2487 2969 2523 a
3004 2486 3060 2525 se
3089 2472 3246 2534 facto,
3272 2484 3459 2521 omnes

1939 2561 2118 2628 ejiciat
2140 2561 2228 2628 qui
2260 2561 2441 2625 boves,
2459 2577 2583 2616 oves
2612 2572 2662 2614 et
2693 2562 2965 2615 columbas
2993 2562 3258 2622 vendant;
3293 2558 3461 2625 ipsas-

1939 2663 2041 2717 que
2079 2664 2225 2712 oves,
2275 2661 2328 2702 et
2377 2651 2556 2712 boves,
2611 2661 2664 2703 et
2713 2660 2922 2704 caetera.
2971 2648 3257 2702 Festivitas
3313 2649 3455 2700 enim

1940 2751 2056 2813 quae
2096 2736 2435 2804 Jerosolymis
2485 2737 2762 2804 agebatur.
2815 2734 3021 2788 initium
3083 2732 3312 2788 Galilzeis
3361 2731 3459 2782 fuit

1938 2825 2002 2876 ad
2050 2824 2418 2893 excipiendum
2465 2823 2659 2876 Filimn
2695 2823 2785 2876 Dei
2817 2823 3113 2876 venientem
3163 2822 3227 2872 ad
3276 2819 3447 2886 ipsos;

1936 2913 2192 2980 alioquin,
2233 2913 2333 2966 nisi
2376 2913 2630 2966 vidissent
2683 2927 2800 2980 qua:
2853 2909 3058 2963 fecisset
3085 2910 3136 2962 in
3166 2909 3251 2961 die
3297 2907 3456 2966 festo,

1937 3017 2041 3054 non
2098 3000 2362 3069 recepturi
2417 3007 2569 3053 erant
2618 3000 2826 3067 ipsum;
2857 2997 2949 3050 sed
3005 3011 3070 3049 ne
3103 2996 3214 3062 ipse
3244 2993 3454 3060 quidem

1939 3093 2073 3145 adeo
2102 3093 2333 3145 studiose
2364 3091 2428 3142 ad
2456 3105 2545 3143 eos
2576 3089 2906 3148 accessisset,
2928 3087 3028 3139 nisi
3062 3093 3213 3138 antea
3248 3097 3454 3152 przepa-

1936 3181 2034 3232 rati
2067 3180 2285 3233 fuissent
2313 3180 2376 3230 ad
2401 3194 2519 3232 eum
2545 3178 2680 3230 bono
2712 3177 2887 3229 animo
2913 3175 3296 3241 excipiendum,
3329 3185 3446 3224 cum

1936 3267 2258 3333 relinqueret
2311 3280 2400 3318 eos
2452 3279 2610 3330 penes
2679 3277 2810 3332 quos
2878 3261 3158 3328 rogabatur
3212 3271 3443 3311 manere.

1935 3356 2087 3422 271
2122 3355 2373 3421 Equidem
2407 3355 2492 3422 qui
2520 3351 2697 3406 Iesum
2725 3349 3048 3416 exceperint,
3098 3347 3252 3400 iidem
3287 3347 3445 3399 etiam

1936 3444 2234 3509 receperint
2261 3457 2380 3493 eum
2427 3441 2512 3506 qui
2560 3442 2727 3508 ipsum
2772 3439 2945 3502 misit;
2980 3437 3148 3505 inquit
3183 3436 3320 3488 enim
3349 3435 3392 3464 ⁶⁹
3429 3453 3442 3488 :

1938 3552 1956 3584 ι
1985 3534 2081 3602 Qui
2114 3549 2197 3585 me
2229 3532 2432 3598 recipit,
2467 3530 2654 3598 recipit
2687 3544 2804 3583 eum
2835 3528 2923 3596 qui
2953 3542 3035 3580 me
3053 3527 3210 3580 misit.
3249 3544 3268 3576 ι
3293 3523 3449 3579 Prin-

1934 3622 2072 3688 cipio
2108 3622 2267 3689 igitur
2319 3621 2597 3673 videndum
2643 3627 2741 3680 est,
2775 3618 2876 3670 hoc
2921 3625 3003 3669 est
3053 3615 3450 3682 intelligendum

1931 3723 2088 3778 opera
2123 3710 2295 3761 omnia
2326 3723 2440 3777 qua:
2481 3705 2823 3773 Jerosolymis
2861 3702 3045 3756 fecerit
3075 3700 3229 3755 Jesus
3252 3739 3267 3763 ,
3314 3715 3450 3766 quo-

1932 3814 2051 3851 nam
2092 3808 2243 3865 pacto
2271 3806 2524 3865 expurgat
2561 3793 2828 3860 templum,
2874 3793 3000 3845 illud
3043 3793 3348 3853 restituens,
3394 3797 3450 3841 ut

1931 3888 2000 3939 sit
2029 3888 2214 3939 domus
2245 3886 2435 3946 Patris,
2467 3898 2562 3936 nec
2596 3881 2818 3950 amplius
2845 3881 3036 3933 domus
3064 3886 3358 3940 mercatus;
3394 3884 3449 3930 ut

1930 3987 2206 4044 postquam
2246 3976 2359 4028 haec
2391 3975 2938 4037 consideraverimus,
2992 3973 3324 4032 Sermonem,
3359 3969 3448 4037 qni

1933 4064 2043 4116 haec.
2072 4073 2320 4131 operatus
2346 4064 2434 4126 sit,
2477 4063 2817 4129 recipiamus.
2849 4060 3104 4114 Futurum
3145 4070 3320 4112 autem
3370 4073 3448 4110 ar-

1932 4151 2118 4213 bitror,
2149 4159 2204 4202 ut
2236 4151 2324 4217 qui
2359 4167 2461 4203 non
2484 4150 2675 4202 viderit
2703 4164 2861 4217 opera
2893 4149 3070 4202 omnia
3099 4163 3214 4217 quae
3236 4146 3447 4200 Jeroso-

1917 4241 2087 4310 lymis
2131 4250 2377 4308 operatus
2411 4242 2480 4293 sit
2507 4239 2682 4303 Jesus,
2731 4255 2835 4292 non
2877 4239 3128 4306 suscipiat
3177 4253 3318 4300 eam,
3367 4235 3449 4288 vel

269 4316 362 4368 τοῦ
403 4317 613 4385 Ἰησοῦ,
647 4317 708 4367 οὐ
741 4317 944 4380 δέξεται
976 4317 1065 4368 τόν
1108 4316 1329 4384 Ἰησοῦν,
1356 4317 1388 4386 ἢ
1417 4319 1533 4370 οὐδὲ
1563 4320 1826 4390 ἐπιδημή-

1940 4345 2101 4396 ueque
2129 4330 2347 4384 accedat
2377 4326 2551 4393 Jesus,
2579 4343 2642 4380 eo
2675 4327 2926 4390 adventu,
2959 4327 3108 4393 cujus
3158 4327 3242 4380 hic
3273 4334 3356 4380 est
3391 4324 3450 4376 fl-

271 4421 350 4456 σει
375 4406 498 4472 τὴν,
530 4401 604 4474 ἦς
633 4403 894 4472 σύμϐολον
922 4405 1227 4472 ἐπιδημίας,
1267 4405 1549 4475 ἐπιδημίαν
1573 4407 1678 4476 (51)
1704 4408 1830 4459 ταύ-

266 4509 365 4560 την
389 4497 506 4554 τοῖς
536 4494 617 4561 μὴ
649 4493 908 4561 πρότερον
951 4492 1337 4559 ἀναϐεϐηκόσιν
1378 4496 1455 4555 εὶς
1480 4495 1574 4564 τήν
1621 4497 1825 4566 ἑορτὴν,

268 4581 359 4633 καὶ
387 4581 464 4650 μὴ
485 4581 679 4632 πάντα
704 4580 1048 4650 τεθεαμένοις
1077 4581 1174 4632 ὅσα
1202 4580 1371 4632 ἐποίει
1402 4581 1458 4633 ἐν
1477 4585 1586 4646 τοῖς
1616 4585 1828 4654 Ἰεροσο-

264 4668 477 4738 λύμοις.

336 4758 426 4810 56.
465 4778 484 4808 ι
539 4754 751 4808 Ἦλθεν
791 4754 882 4809 οῦν
917 4757 1074 4808 πάλιν
1115 4758 1199 4819 είς
1227 4757 1324 4824 τὴν
1360 4759 1512 4811 Κανᾶ
1547 4759 1645 4828 τῆς
1671 4760 1827 4813 Γαλι-

265 4845 442 4907 λαίας,
472 4847 618 4897 ὅπου
657 4845 876 4913 ἐποίησε
902 4845 962 4897 τὺ
991 4845 1129 4915 ὕδωρ
1158 4842 1320 4896 οἶνον.
1351 4863 1368 4894 ι
1408 4846 1542 4897 Ὅσα
1567 4848 1831 4916 ἐχωρήσα-

1932 4435 2090 4488 gnra,
2132 4419 2195 4471 ad
2237 4433 2329 4471 eos
2364 4419 2453 4486 qui
2489 4427 2642 4470 antea
2688 4432 2790 4469 non
2825 4417 3162 4470 ascenderint
3205 4419 3269 4469 ad
3313 4416 3450 4468 diem

1931 4508 2144 4569 festmn,
2189 4522 2284 4560 nec
2330 4507 2667 4576 contemplati
2701 4507 2894 4560 fuerint
2947 4506 3124 4560 omnia
3155 4521 3272 4577 qua:
3302 4505 3453 4562 Jero-

1930 4595 2152 4662 Solymis
2179 4593 2387 4647 fecerit.

1993 4763 2080 4818 56.
2116 4781 2134 4812 ι
2173 4765 2327 4818 Venit
2367 4779 2494 4834 ergo
2524 4780 2707 4819 rursus
2734 4763 2928 4818 Canam
2966 4762 3219 4823 Galilaeaz,
3251 4759 3337 4813 ubi
3367 4758 3447 4812 fe--

1924 4862 2071 4906 cerat
2113 4867 2177 4904 ex
2203 4868 2337 4920 aqua
2371 4853 2550 4906 viuum
2586 4853 2650 4903 "°.
2688 4870 2705 4902 ι
2741 4851 3078 4916 Quaecunque
3112 4846 3446 4914 percepimus

272 4950 367 5000 μεν
393 4937 526 5000 περὶ
557 4934 666 5001 τῆς
698 4934 868 4995 Κανᾶ,
893 4935 950 4984 ἐν
973 4936 1080 4994 τοῖς
1111 4933 1363 5000 ἀνωτέρω
1384 4933 1621 5002 εἴπομεν.
1650 4935 1751 4987 Δύο
1772 4937 1827 4988 δέ

1940 4940 1988 4992 le
2018 4939 2232 4992 civitate
2273 4941 2440 5000 Cana,
2473 4941 2716 5007 superius
2756 4939 3018 4998 diximus;
3051 4937 3142 4988 sed
3177 4949 3282 4987 non
3329 4933 3443 4985 fru-

267 5022 326 5072 οὐ
369 5022 550 5090 μάτην
602 5022 668 5074 ἐν
717 5023 874 5092 Κανᾷ
915 5023 1191 5090 ἐπιδημίαι
1221 5021 1300 5090 τῷ
1353 5022 1518 5091 Ἰησοῦ
1558 5024 1817 5090 γίνονται’

1922 5035 2033 5081 stra
2067 5028 2147 5082 bis
2174 5028 2326 5083 JeSus
2351 5029 2547 5082 Canam
2571 5027 2942 5096 proficiscitur.
2983 5025 3208 5077 Proinde
3240 5022 3355 5076 vide
3380 5037 3446 5076 ne

311 5151 355 5185 "
387 5149 580 5202 Mattn.
613 5164 691 5210 vr,
724 5150 788 5212 5;
825 5150 960 5201 Luc.
992 5164 1084 5210 vn,
1115 5149 1202 5200 22.
1277 5147 1319 5176 ⁵⁷
1347 5146 1496 5199 Joan.
1533 5163 1588 5209 ιι,
1620 5148 1708 5200 25.
1783 5148 1828 5179 ⁸⁸

1940 5165 2002 5202 .n.
2035 5163 2115 5210 ιιι,
2143 5149 2198 5201 2.
2270 5149 2312 5179 ⁸⁸
2341 5147 2469 5198 Luc.
2498 5161 2568 5207 rx,
2593 5145 2680 5198 48.
2751 5144 2797 5174 το
2827 5142 2978 5195 Joan.
3012 5157 3082 5205 tv,
3120 5143 3208 5199 46.

326 5247 438 5314 (47)
472 5247 550 5300 Τά
579 5263 647 5298 τε
672 5247 947 5314 πρόϐατα
969 5284 981 5306 ,
1028 5244 1161 5314 τοὺς
1194 5243 1367 5314 βόας,
1397 5243 1492 5295 καὶ
1533 5246 1667 5310 τῶν,
1707 5259 1812 5308 etc.

263 5310 434 5384 cades
475 5310 830 5384 Bodleiantts,
861 5312 1012 5384 βόας,
1044 5313 1131 5384 καὶ
1163 5310 1422 5376 πρόϐατα,
1451 5313 1538 5363 καὶ
1571 5330 1816 5384 περιστε..

272 5381 381 5450 ρὰς,
412 5385 482 5435 τά
511 5399 572 5433 τε
607 5378 892 5450 πρόϐατα,
929 5379 1021 5450 καί
1047 5378 1174 5450 ιὲῑύν,⁸
1195 5386 1304 5450 etc.

332 5449 437 5516 (48)
465 5444 730 5511 Τούτοὶς.
762 5447 860 5516 Sic
874 5445 1031 5516 codd.
1057 5444 1431 5516 Bodleianusct
1461 5447 1807 5514 Barbcrinus;

276 5511 465 5584 “agitis
494 5531 785 5585 perperam
820 5511 994 5564 habet
1019 5513 1223 5570 ἐκεῖνος.

1989 5256 2099 5328 (49)
2126 5257 2231 5309 Καὶ
2270 5257 2542 5328 πρόϐατα.
2568 5255 2726 5308 Deest
2744 5256 2796 5328 in
2821 5257 3002 5328 codice
3030 5255 3216 5328 Begio.

1988 5323 2096 5395 (50)
2123 5329 2222 5395 Εἰς
2250 5325 2334 5395 z_d.
2367 5323 2706 5395 Desideratur
2743 5324 2793 5395 in
2821 5325 3006 5395 codice
3030 5323 3331 5395 Bodleiano:

1987 5389 2096 5460 (5t)
2147 5391 2504 5458 Ἐπιδημίαν.
2549 5390 2704 5445 Deest
2752 5391 2806 5445 in
2851 5393 3034 5446 eodem
3072 5391 3250 5445 codice
3300 5389 3438 5445 Bod-

1917 5461 2104 5514 leiano.
