3828 6238
427 362 526 415 507

1860 347 2174 402 ORIGENIS

3513 347 3610 401 508

425 481 559 532 forte
614 473 871 544 signiﬁcet
908 471 1009 524 hoc
1054 472 1185 524 duos
1239 468 1291 520 iu
1342 466 1592 520 mundutn
1643 462 1913 517 Servatori

2053 455 2256 530 μήποτε
2286 461 2410 526 γοῦν
2445 459 2553 529 (52)
2590 460 2911 530 σημαίνουσι
2950 460 3059 522 τὰς
3102 457 3201 510 δύο
3243 459 3336 512 τοῦ
3375 458 3612 530 Σωτῆρος

420 565 581 618 nostri
631 565 922 616 adventus:
959 559 1120 612 semel
1163 558 1400 626 quidem,
1448 565 1505 608 ut
1557 556 1806 609 convivas
1847 569 1939 608 ex-

417 653 630 713 bilaret;
680 647 912 702 secundo
953 661 1095 708 vero,
1143 656 1200 700 ut
1262 647 1420 699 morti
1482 646 1783 714 proximum
1835 657 1937 696 non

417 740 578 806 regis,
613 738 705 791 sed
751 736 914 806 reguli
944 735 1216 801 cujusdam
1257 735 1420 788 lilium
1448 745 1678 788 curaret.
1725 735 1790 788 Et
1833 735 1939 788 for-

414 825 566 880 tassis
612 825 828 893 regulus
872 833 989 878 erat
1033 825 1326 886 Abraham,
1383 825 1463 876 vel
1491 822 1673 885 Iacob,
1714 839 1937 889 quorum

412 913 575 967 tilium
603 914 852 982 populum
884 914 1386 975 exsistentem,cum
1409 913 1676 980 plenitudo
1701 913 1935 979 gentium

409 1003 704 1067 intraverit,
729 1002 964 1056 servabit
986 1002 1037 1054 in
1075 1001 1178 1055 line
1197 1003 1261 1053 '“.
1286 1002 1511 1055 Possunt
1541 1001 1700 1054 etiam
1725 1001 1937 1054 Sermo-

407 1093 493 1146 nis
520 1095 780 1146 adventus
807 1103 925 1146 esse
950 1091 1052 1144 duo
1101 1090 1151 1142 in
1180 1089 1353 1141 anima
1389 1103 1404 1140 :
1440 1089 1584 1155 prior
1616 1088 1829 1156 quidem
1859 1087 1936 1139 vi-

405 1197 530 1236 num
563 1181 901 1249 suppeditans
936 1192 1000 1231 ex
1040 1193 1174 1245 aqua
1213 1175 1406 1230 factum
1449 1178 1514 1230 ad
1550 1177 1933 1242 iucunditatem

404 1268 831 1330 convivantium;
864 1265 996 1318 alter
1042 1279 1248 1317 omnem
1287 1264 1517 1316 relictam
1553 1265 1930 1330 infirmitatem,

401 1365 458 1411 et
497 1356 750 1424 quidquid
786 1361 1006 1408 mortem
1035 1353 1288 1417 minatur,
1308 1352 1567 1406 auferens.
1595 1351 1732 1405 Nihil
1756 1363 1931 1406 autem

404 1445 594 1497 mirum
629 1452 711 1496 est
741 1441 944 1503 Jesutn,
976 1441 1398 1509 quandoquidem
1431 1442 1682 1509 pleraque
1710 1457 1929 1510 operum

404 1533 498 1585 Dei
528 1532 714 1594 latent,
747 1531 910 1584 multa
939 1530 1218 1584 facientem
1261 1545 1355 1598 pro
1401 1531 1572 1585 salute
1620 1547 1800 1584 eorum
1836 1533 1928 1598 qui

401 1624 641 1692 pluribus
671 1625 866 1690 degunt
896 1625 947 1676 in
980 1623 1132 1686 locis,
1181 1637 1406 1689 quorum
1451 1625 1630 1690 ﬁgura:
1655 1631 1779 1675 sunt
1810 1623 1929 1674 reli-

399 1716 490 1782 qui
522 1714 762 1782 inscripti
786 1713 908 1777 loci,
941 1713 1024 1767 bis
1045 1712 1242 1767 Canam
1271 1711 1406 1764 hanc
1431 1712 1715 1778 proﬁcisci,
1741 1722 1797 1765 ut
1825 1713 1924 1764 sibi

400 1802 496 1870 ipsi
526 1802 759 1856 stabiliat
786 1801 1175 1870 possessionem
1199 1814 1379 1853 eorum
1421 1799 1510 1867 qui
1543 1815 1605 1854 ex
1649 1801 1746 1854 hac
1783 1811 1924 1854 terra

404 1891 456 1943 in
490 1889 699 1944 Patrem
727 1904 820 1958 per
844 1891 1012 1957 ipsum
1036 1889 1331 1942 crederent.

468 2150 554 2204 57.
589 2168 607 2199 ι
645 2149 710 2202 Et
750 2157 865 2202 erat
909 2150 1118 2216 quidam
1166 2151 1380 2218 regulus
1428 2150 1576 2216 cujus
1607 2152 1743 2204 (ilius
1773 2153 1921 2205 inﬁr-

394 2236 638 2289 tnabatur
669 2235 718 2288 in
749 2235 1080 2303 Capharnao,
1116 2256 1134 2288 ι
1175 2252 1338 2304 usque
1385 2239 1448 2290 ad
1483 2240 1581 2291 hoc
1620 2257 1632 2290 :
1669 2257 1686 2288 ι
1728 2241 1788 2290 Et
1814 2255 1923 2293 cre-

392 2321 525 2374 didit
557 2321 697 2390 ipse,
741 2330 795 2374 et
829 2321 1016 2376 domus
1045 2323 1159 2388 ejus
1206 2325 1390 2377 tota".
1432 2343 1450 2374 ι
1478 2322 1590 2376 Non
1631 2325 1916 2378 admodum

391 2409 642 2462 ttsitatum
685 2410 979 2464 invenimus
1027 2413 1165 2480 apud
1211 2411 1422 2467 Judaaos
1473 2415 1637 2482 reguli
1677 2429 1865 2466 nomen
1901 2431 1914 2465 ε

391 2499 528 2552 unde
583 2511 772 2565 neque,
823 2510 1078 2568 quantum
1127 2501 1191 2554 ad
1248 2503 1546 2570 historiam,
1598 2504 1918 2570 cogitatione

390 2585 745 2651 asseqnimur,
782 2587 900 2652 quis
929 2589 1000 2640 sit
1045 2589 1145 2642 iste
1189 2592 1419 2658 regulus,
1447 2603 1498 2648 et
1515 2593 1669 2662 cujus
1687 2593 1826 2661 regis
1849 2595 1918 2650 sit

389 2673 740 2739 cognominis.
767 2673 949 2743 Itaque
982 2676 1278 2744 simplicior
1305 2680 1634 2734 existimabit
1677 2683 1914 2749 regulum

391 2760 536 2815 hunc
558 2762 826 2816 hominem
866 2777 984 2817 esse
1007 2763 1235 2832 aliquem
1270 2765 1494 2821 Herodis
1525 2770 1684 2838 regis.
1712 2770 1916 2825 Rursus

387 2853 523 2904 alter
544 2850 667 2904 huic
691 2851 878 2906 similis
898 2852 1138 2908 dicturus
1168 2863 1250 2907 est
1279 2869 1309 2908 e
1341 2855 1566 2909 Cmsaris
1591 2859 1746 2910 domo
1776 2859 1916 2913 hunc

386 2915 556 2991 fuisse
580 2939 840 3006 regulum,
873 2947 979 2992 tum
1009 2941 1264 3010 temporis
1291 2942 1490 3012 aliquid
1515 2944 1565 2998 in
1593 2943 1769 2999 Judaca
1802 2947 1911 3000 exi-

388 3037 599 3095 gentem
653 3036 1031 3084 tractantemve
1060 3048 1073 3084 :
1107 3046 1278 3100 neque
1325 3033 1465 3086 enim
1523 3043 1704 3101 aperte
1753 3035 1980 3110 2723

385 3117 671 3183 invenitur,
700 3119 836 3186 quod
859 3118 1018 3173 fuerit
1042 3119 1273 3183 Iudaeus,
1310 3123 1559 3189 quoniam
1595 3139 1696 3176 non
1733 3125 1910 3192 sequi-

386 3213 470 3259 tur
501 3206 801 3276 indigenam
825 3222 945 3261 eum
979 3207 1142 3262 fuisse
1172 3209 1381 3263 illorum
1403 3211 1660 3274 locorum,
1690 3227 1753 3266 eo
1773 3214 1912 3280 quod

385 3292 528 3346 illius
552 3307 680 3348 suus
714 3293 765 3346 in
803 3292 1115 3361 Capharnao
1137 3298 1449 3365 mgrotabat.
1483 3299 1795 3366 Ostenditur
1823 3315 1915 3352 au-

385 3389 490 3433 tem
521 3381 662 3435 illius
698 3382 928 3449 dignitas
964 3384 1124 3436 etiam
1167 3399 1229 3438 ex
1261 3387 1361 3441 hoc
1399 3390 1537 3455 quod
1563 3388 1673 3456 jam
1713 3389 1786 3442 illi
1820 3391 1912 3444 de-

383 3467 657 3520 scendenti
706 3471 1009 3521 occurrisse
1058 3469 1309 3525 dicuntur
1362 3476 1501 3528 servi
1527 3476 1615 3540 ⁷³,
1672 3477 1910 3531 dicentes

384 3555 550 3609 ﬁlium
611 3556 776 3624 ipsius
824 3559 1043 3616 vivere:
1075 3563 1302 3631 plurium
1332 3565 1471 3618 enim
1505 3579 1725 3619 numero
1765 3566 1908 3620 servi

383 3644 651 3698 dicuntur.
687 3645 887 3702 Habeat
918 3650 1081 3720 igitur
1110 3651 1336 3705 historia
1365 3661 1420 3706 ut
1468 3653 1634 3718 lubet,
1691 3654 1908 3723 elegan-

385 3733 594 3802 tiusque
646 3750 705 3790 se
749 3738 942 3793 habeat
983 3741 1150 3809 reguli
1209 3740 1350 3795 ﬁlius
1395 3740 1545 3808 juxta
1603 3743 1908 3799 Servatoris

379 3829 562 3871 vocem
593 3820 724 3872 hora
771 3824 994 3888 septima
1037 3825 1291 3880 liberatus
1335 3841 1364 3880 a
1414 3828 1565 3891 febri,
1615 3830 1908 3899 domusque

377 3902 492 3970 ejus
519 3914 628 3960 tota
650 3910 828 3964 credat
853 3911 917 3966 ".
938 3910 1008 3964 At
1043 3927 1140 3983 age
1173 3929 1270 3982 pro
1297 3915 1435 3969 virili
1461 3927 1641 3971 nostra
1669 3921 1903 3986 vestige-

378 4009 496 4048 mus
525 3996 679 4074 cujus
711 4000 788 4054 rei
826 4009 946 4055 nota
983 4016 1103 4056 esse
1126 4005 1290 4071 possit
1313 4005 1400 4058 hic
1428 4007 1661 4073 regulus.
1685 4016 1736 4058 et
1767 4007 1907 4062 illius

375 4081 509 4149 ejus.
545 4084 785 4152 Magnum
817 4088 975 4156 igitur
1006 4103 1202 4157 regem,
1237 4090 1387 4156 cujus
1429 4094 1617 4147 civitas
1647 4109 1769 4148 vera
1816 4095 1906 4150 Je-

377 4174 638 4242 rosolyma
683 4177 898 4238 sunt",
943 4187 996 4230 et
1035 4191 1212 4247 regem
1251 4182 1644 4246 regnantium"
1685 4197 1906 4252 peregre

375 4259 672 4326 proiectum
702 4265 766 4315 ad
793 4264 1060 4332 regionem
1111 4266 1453 4335 longinquam
1480 4269 1774 4338 accipiendi
1799 4273 1901 4326 sibi

2043 551 2120 611 είς
2144 549 2232 601 τὸν
2268 550 2461 618 κόσμον
2495 549 2799 618 ἐπιδημίας,
2827 549 2929 618 τὴν
2965 549 3072 617 μὲν
3108 547 3406 615 προτέραν,
3441 549 3504 599 ἶν’
3527 551 3608 600 εὑ-

2041 638 2216 709 φράνῃ
2248 641 2370 701 τοὺς
2413 639 2892 706 συνεστιωμένους·
2948 637 3052 706 τὴν
3101 637 3162 688 δὲ
3214 636 3490 705 δευτέραν,
3530 640 3610 692 ἴνα

2037 729 2126 780 τόν
2147 730 2306 794 ἐγγὺς
2333 729 2614 796 γενόμενον
2645 729 2872 781 Θανάτου
2915 729 2980 780 οὐ
3027 725 3130 778 τοῦ
3176 726 3444 794 βασιλέως
3482 730 3608 796 υἱὸν,

2037 817 2167 869 ἀλλά
2191 834 2331 878 τινος
2373 816 2644 884 βασιλικοῦ
2679 817 2981 886 ἀναστήσῃ.
3015 815 3134 866 Καὶ
3172 814 3319 882 τάχα
3349 816 3378 866 6
3412 815 3610 884 βασιλι-

2036 905 2128 966 κὸς
2159 904 2401 973 Ἀϐραὰμ
2429 900 2516 973 ἦν,
2555 904 2587 972 ἥ
2632 903 2843 967 Ἰακὼϐ,
2884 898 2962 955 ὧν
3009 903 3132 955 υἱόν
3165 902 3302 954 ὄντα
3337 903 3428 955 τόν
3473 905 3610 967 λαὺν,

2037 993 2170 1060 μετὰ
2216 993 2274 1044 τὸ
2327 993 2590 1064 πλήρωμα
2621 993 2729 1044 τῶν
2763 993 2932 1044 ἐθνῶν
2976 993 3252 1045 εἰσελθεῖν
3285 993 3420 1062 (55),
3458 995 3611 1050 σώσει

2034 1083 2122 1132 ἐπὶ
2143 1082 2350 1143 τέλους.
2381 1082 2606 1133 Δύναται
2650 1083 2743 1134 καὶ
2783 1081 2877 1133 δύο
2911 1081 3010 1133 τοῦ
3041 1081 3228 1148 Λόγου
3262 1077 3404 1134 εἶναι
3434 1085 3594 1153 ἐπιδηο

2036 1170 2150 1236 μίαι
2179 1172 2234 1220 ἐν
2262 1173 2324 1238 τῇ
2347 1170 2488 1239 ψυχῇ
2511 1188 2523 1200 ·
2560 1173 2590 1239 ἡ
2622 1172 2720 1238 μὲν
2756 1171 3002 1240 προτέρα
3030 1170 3126 1221 τὸν
3153 1170 3220 1234 ἐξ
3251 1171 3445 1234 ὓδατος
3467 1175 3611 1240 γενό-

2035 1274 2198 1326 μενον⁸
2217 1253 2353 1308 οἶνον
2384 1259 2686 1328 χορηγοῦσα
2709 1261 2790 1321 είς
2820 1259 3170 1329 εὐφροσύνην
3199 1261 3310 1312 τῶν
3334 1278 3613 1315 συνεστιω-

2033 1346 2238 1414 μένων·
2279 1348 2311 1415 ἠ
2361 1348 2416 1399 δέ
2458 1349 2682 1416 δευτέρα
2742 1351 2925 1401 πᾶσαν
2981 1349 3085 1417 τὴν
3136 1350 3611 1420 καταλειπομένην

2026 1433 2301 1487 ἀσθένειαν
2333 1438 2426 1489 καὶ
2465 1439 2524 1489 τὸ
2559 1439 2692 1508 πρὸς
2741 1438 2973 1490 θάνατον
3016 1439 3355 1502 κινδυνῶδες
3407 1457 3613 1511 περιαι-

2030 1523 2211 1592 ροῦσα.
2245 1525 2404 1578 Οὐδὲν
2432 1527 2487 1578 δὲ
2525 1527 2836 1596 θαυμαστὸν
2881 1525 3026 1580 εἶναι
3063 1529 3210 1598 (54),
3240 1531 3507 1601 (ἐπείπερ
3545 1532 3611 1585 τὰ

2027 1611 2238 1662 πλείονα
2269 1612 2373 1663 τῶν
2401 1614 2573 1682 ἔργων
2593 1614 2686 1665 τοῦ
2714 1615 2850 1667 Θεοῦ
2887 1618 3040 1668 ἐστιν
3077 1618 3141 1669 ἐν
3179 1619 3536 1689 ἁποκρύφοις

2027 1699 2189 1750 πολλά
2219 1701 2352 1768 ὑπὲρ
2407 1704 2672 1772 σωτηρίας
2716 1704 2826 1755 τῶν
2878 1706 3160 1775 πολλαχοῦ
3220 1709 3393 1760 ποιῶν
3439 1713 3468 1762 6
3515 1713 3610 1780 ’1η-

2027 1786 2167 1846 σοῦς,
2197 1780 2268 1838 ὧν
2297 1787 2453 1839 τύποι
2483 1788 2550 1839 τὰ
2585 1789 2748 1841 λοιπὰ
2783 1792 3275 1862 ἀναγεγραμμένα
3309 1797 3505 1866 χωρία,
3533 1798 3610 1859 δὶς

2022 1876 2087 1941 τῇ
2141 1877 2291 1943 Κανᾷ
2337 1876 2504 1946 ταύτῃ
2556 1878 2830 1946 ἐπιδημεῖ,
2869 1879 3114 1946 βεϐαιῶν
3178 1884 3369 1952 ἑαυτῴ
3425 1887 3610 1954 κτῆσιν
3686 1877 3690 1880 ’

2022 1963 2128 2014 τῶν
2156 1964 2259 2016 ἀπὸ
2280 1964 2479 2034 ταύτης
2501 1968 2596 2034 τῆς
2627 1967 2730 2034 γῆς
2756 1969 3132 2022 πιστευόντων
3158 1973 3246 2034 είς
3275 1974 3369 2026 τὸν
3399 1975 3608 2045 Πατέρα

2019 2050 2083 2101 δι’
2106 2051 2287 2104 αὐτοῦ.

2089 2140 2175 2192 57.
2217 2158 2234 2188 ι
2278 2140 2385 2193 Καὶ
2413 2137 2478 2210 ἦν
2509 2158 2593 2203 τις
2624 2139 2920 2218 βασιλικὸς,
2959 2140 3023 2199 οὗ
3065 2147 3096 2198 6
3137 2147 3261 2210 υἱὸς
3293 2149 3508 2217 ἠσθένει
3552 2153 3606 2202 ἐν

2019 2229 2404 2298 Καφαρναοὺμ,
2442 2247 2458 2277 ι
2493 2228 2596 2290 ἕως
2625 2229 2718 2281 τοῦ
2751 2230 2883 2298 (55)·
2927 2250 2946 2281 ι
2991 2234 3111 2285 Καὶ
3159 2235 3490 2288 ἐπίστευσεν
3515 2237 3606 2289 αὑ-

2016 2319 2124 2381 τὸς,
2159 2319 2307 2386 καὶὴ
2343 2318 2481 2369 οἰκία
2513 2318 2674 2369 αὐτοῦ
2727 2319 2845 2386 ὅλη.
2891 2339 2910 2371 ι
2950 2322 3028 2372 Οὐ
3080 2323 3233 2376 πάνυ
3283 2325 3604 2394 εὑρίσκομεν

2018 2406 2165 2475 παρὰ
2207 2405 2470 2467 Ἰουδαίοις
2496 2406 2852 2475 τετριμμένον
2881 2408 2943 2459 τὸ
2964 2409 3065 2461 τοῦ
3095 2411 3390 2478 βασιλικοῦ
3419 2415 3599 2482 ὄνομα·

2015 2498 2132 2549 ὅθεν
2169 2497 2318 2557 οὐδὲ,
2369 2498 2489 2548 ὅσον
2536 2496 2625 2547 ἐπὶ
2684 2499 2750 2566 τῇ
2817 2498 3072 2568 ἱστορίᾳ,
3134 2503 3505 2573 ἐπιϐάλλομεν
3550 2506 3603 2556 ἐν

2015 2588 2088 2656 νῷ
2119 2587 2226 2656 (56)
2255 2589 2336 2648 τίς
2364 2583 2430 2656 ἦν
2455 2581 2607 2650 οὗτος
2638 2589 2665 2638 6
2687 2587 2989 2656 βασιλικὸς,
3023 2593 3127 2644 καὶ
3161 2593 3315 2656 τίνος
3349 2593 3602 2662 βασιλέως

2015 2673 2311 2742 ἐπώνυμος,
2356 2675 2413 2725 '0
2463 2675 2560 2743 μὲν
2604 2672 2697 2727 οὖν
2747 2678 3158 2747 ἀκεραιότερος
3217 2683 3468 2752 οἰήσεται
3513 2682 3600 2735 τοῦ

2016 2763 2270 2832 βασιλέως
2317 2763 2550 2832 Ἡρώδου
2586 2764 2706 2816 τινὰ
2748 2765 3046 2835 ἄνθρωπον
3091 2765 3240 2822 εἶναι
3286 2772 3480 2823 τοῦτον
3516 2772 3603 2824 τὸν

2015 2852 2282 2920 βασιλικόν
2300 2869 2312 2882 ·
2337 2852 2522 2921 ἕτερος
2549 2853 2604 2906 δὲ
2625 2853 2797 2924 τούτῳ
2824 2856 3019 2924 ὅμοιος
3040 2859 3168 2928 ἐρεῖ
3194 2861 3303 2930 τῆς
3331 2861 3602 2932 Καίσαρος

2011 2941 2182 3004 οἰκίας
2204 2941 2479 3008 γεγονέναι
2511 2941 2698 2995 τοῦτον
2733 2944 2827 2996 τὸν
2869 2945 3170 3012 βασιλικὸν
3213 2952 3528 3021 πράττοντά
3552 2968 3604 3002 τι

2012 3030 2137 3098 περὶ
2161 3030 2256 3098 τὴν
2288 3029 2537 3082 Ἰουδαίαν
2563 3031 2684 3082 τότε
2702 3047 2717 3062 °
2748 3032 2869 3085 οὐδέ
2895 3035 3012 3107 γὰρ
3049 3038 3250 3106 σαφῶς
3292 3041 3601 3110 εὑρίσκεται

2023 3118 2264 3180 Ἰουδαῖος
2293 3117 2386 3183 ὢν,
2417 3119 2644 3189 ἐπείπερ
2677 3120 2778 3173 οὐκ
2816 3121 3124 3178 ἀκολουθεῖ
3153 3127 3254 3180 τὸν
3289 3129 3410 3181 υίδν
3443 3128 3602 3182 αὑτοῦ

2009 3204 2356 3273 ἠσθενηκέναι
2379 3209 2435 3259 ἐν
2463 3208 2858 3278 Καφαρναοὺμ,
2889 3212 3105 3264 οἰκεῖον
3139 3215 3312 3267 αὑτὸν
3336 3213 3478 3268 εἶναι
3500 3214 3603 3267 τῶν

2009 3292 2145 3344 κατὰ
2173 3295 2294 3355 τοὺς
2316 3294 2527 3357 τόπους.
2580 3296 2937 3364 Ἐμφαίνεται
2966 3299 3027 3351 δέ
3070 3302 3248 3356 αὑτοῦ
3291 3303 3357 3356 τὸ
3393 3304 3605 3372 ἀξίωμα

2009 3381 2102 3432 καὶ
2140 3381 2202 3431 ἐκ
2241 3380 2329 3432 τοῦ
2373 3381 2469 3451 ἠδη
2515 3383 2678 3436 αὑτοῦ
2718 3388 3164 3453 καταϐαίνοντος
3211 3394 3347 3455 τοὺς
3390 3393 3604 3455 δούλους

2007 3468 2149 3538 αὐτῷ
2177 3469 2540 3539 ἀπηντηκέναι
2573 3472 2848 3540 λέγοντας,
2883 3477 2970 3529 ὅτι
3016 3481 3049 3530 6
3097 3483 3238 3544 παῖς
3285 3482 3455 3535 αὑτοῦ
3508 3481 3602 3551 ζῇ’

2007 3557 2373 3625 πληθυντικῶς
2413 3559 2520 3629 γὰρ
2565 3563 2614 3612 oi
2662 3563 2837 3616 δοῦλοι
2879 3565 3166 3636 εἴρηνται.
3239 3573 3451 3641 Ἐχέτω
3495 3573 3604 3641 (5'7)

2005 3643 2178 3695 τοίνυν
2209 3645 2352 3707 ὅπως
2384 3646 2511 3698 ποτὲ
2551 3648 2611 3700 τὸ
2655 3650 2753 3718 τῆς
2799 3652 3078 3723 ἱστορίας,
3126 3660 3228 3711 καὶ
3276 3661 3308 3711 6
3353 3660 3469 3724 υἱδς
3515 3659 3604 3713 τοῦ

2007 3729 2276 3798 βασιλικοῦ
2307 3734 2635 3805 κομψότερον
2660 3738 2947 3807 ἐσχηκέτω
2981 3746 3138 3798 κατά
3165 3747 3265 3799 τὸν
3299 3749 3399 3800 τοῦ
3425 3749 3598 3817 Σωτῆο

2008 3837 2096 3890 ρος
2131 3822 2303 3888 λόγον,
2333 3826 2397 3893 τῇ
2428 3825 2624 3896 ἐϐδόμῃ
2657 3827 2776 3898 ὥρα
2804 3829 3218 3903 ἐλευθερωθεὶς
3249 3839 3366 3891 ἀπὸ
3397 3837 3494 3892 τοῦ
3516 3855 3607 3890 πυ-

2008 3909 2178 3976 ρετοῦ,
2205 3911 2294 3962 καὶ
2323 3912 2356 3980 ἡ
2382 3912 2526 3964 οίκία
2547 3914 2708 3968 αὐτοῦ
2739 3916 2835 3985 ὅλη
2870 3925 3338 3979 πεπιστευκέτω.
3385 3927 3523 3996 Φέρε
3551 3926 3606 3978 δὲ

2004 3997 2140 4048 κατᾶ
2177 3999 2236 4050 τὸ
2261 3999 2478 4053 δυνατὸν
2504 4003 2631 4071 ἡμῖν
2659 4007 3054 4078 ἐρευνήσωμεν
3092 4013 3249 4078 τίνος
3282 4010 3444 4079 οὗτος
3469 4014 3607 4086 σύμ-

2003 4083 2152 4136 ϐολον
2187 4083 2322 4138 εῖναι
2361 4088 2578 4141 δύναται
2603 4092 2697 4143 καὶ
2735 4094 2763 4144 6
2797 4095 2913 4156 υίὸς
2944 4098 3149 4153 αὑτοῦ.
3185 4104 3394 4170 Μέγαν
3418 4105 3485 4174 δὴ
3514 4083 3612 4173 βά-

2005 4173 2171 4236 σιλέα,
2207 4169 2266 4226 οῦ
2295 4177 2448 4265 ,πόλις
2494 4180 2608 4235 ἐστὶ
2645 4181 2713 4234 τὰ
2758 4183 2998 4254 ἀληθινὰ
3067 4169 3484 4265 Ἱεροσόλυμα,
3514 4169 3612 4246 καὶ

2003 4261 2220 4329 βασιλέα
2249 4264 2355 4316 τῶν
2385 4265 2770 4334 βασιλευόντων
2795 4273 2887 4324 τὸν
2913 4279 3274 4344 πορευθέντα
3306 4261 3392 4345 είς
3426 4281 3614 4352 χώραν

376 4349 522 4414 regni
549 4363 706 4403 causa
732 4351 796 4416 ",
841 4360 894 4406 et
927 4351 1201 4417 redeundi,
1241 4366 1294 4408 et
1341 4366 1696 4414 revertentem
1725 4375 1899 4430 regem

2031 4353 2218 4422 ιακρὰν
2238 4353 2416 4406 λαϐεῖν
2445 4356 2620 4425 ἐαυτῷ
2647 4357 2946 4426 βασιλείαν,
2968 4367 3072 4419 καὶ
3099 4345 3491 4442 ὑποστρέψαι,
3514 4345 3614 4427 ζ,καὶ

377 4435 540 4490 alium
572 4439 836 4491 neminem
864 4440 1081 4504 scimus,
1101 4441 1199 4495 nisi
1229 4442 1527 4498 dicentem:
1552 4462 1570 4495 ι
1593 4445 1704 4515 Ego
1725 4459 1901 4503 autem

317 4585 322 4588 _
373 4526 700 4581 conStitutus
747 4543 861 4582 sum
914 4545 1008 4583 rex
1061 4532 1127 4584 ab
1178 4545 1242 4584 eo
1285 4548 1443 4600 super
1487 4534 1613 4590 Sion
1667 4547 1899 4592 montem

373 4626 616 4670 sanciunt
656 4619 804 4687 ejus;
840 4619 1133 4686 praedicans
1171 4633 1488 4690 praeceptum
1515 4625 1718 4680 Domini
1745 4627 1792 4658 "'
1821 4645 1836 4692 ;
1870 4645 1888 4678 ι

373 4703 527 4771 hujus
574 4706 713 4761 diem
747 4710 834 4777 qui
865 4709 1114 4776 viderint,
1151 4720 1202 4764 et
1235 4712 1394 4766 laetati
1439 4712 1654 4778 iuerint,
1711 4730 1899 4770 omnes

371 4804 496 4848 sunt
531 4795 725 4864 reguli;
765 4806 818 4852 et
865 4800 951 4866 qui
996 4801 1217 4854 credunt
1249 4800 1301 4852 in
1331 4800 1539 4854 Patrem
1570 4816 1663 4869 per
1695 4803 1890 4870 ipsum,

370 4883 514 4950 regni
544 4883 685 4938 illius
709 4897 828 4941 sunt
863 4889 1204 4956 cognomines
1228 4907 1242 4944 :
1265 4905 1492 4959 quorum
1522 4905 1682 4942 unum
1708 4903 1894 4956 quem-

2002 4441 2354 4493 ἐπανελθόντα
2387 4442 2494 4512 (58)
2543 4443 2763 4511 βασιλέα
2795 4448 2990 4504 οὐδένα
3026 4455 3199 4510 ἄλλον
3245 4441 3416 4531 ἴσμεν
3449 4463 3484 4532 ἢ
3520 4465 3613 4516 τὸν

2000 4533 2239 4585 εἰπόντα·
2280 4552 2298 4582 ι
2351 4533 2489 4600 Ἐγὼ
2518 4535 2574 4587 δέ
2608 4539 2950 4610 κατεστάθην
2986 4545 3264 4613 βασιλεὺς
3307 4553 3406 4606 ὑπ’
3441 4555 3614 4608 αὐτοῦ

2000 4622 2090 4673 ἐπὶ
2149 4621 2282 4674 Σιὼν
2341 4622 2463 4692 ὅρος
2515 4623 2574 4675 τὸ
2635 4627 2789 4694 ἅγιον
2847 4631 3060 4698 αὐτοῦ,
3128 4639 3496 4710 διαγγέλλων
3556 4646 3618 4697 τὸ

1999 4712 2321 4782 πρόσταγμα
2345 4714 2569 4782 Κυρίου.
2612 4733 2631 4766 ι
2665 4716 2868 4770 Τούτου
2895 4721 2998 4791 τὴν
3026 4726 3260 4798 ἡμέραν
3296 4735 3352 4784 οἱ
3383 4734 3616 4797 ἰδόντες,

1997 4803 2090 4854 καὶ
2141 4801 2556 4870 εὐφρανθέντες,
2607 4806 2809 4868 πάντες
2856 4810 2967 4863 εἰσὶ
3020 4813 3349 4881 βασιλικοίο
3415 4826 3516 4878 καὶ
3566 4827 3617 4876 οι

1997 4891 2335 4953 πιστεύοντες
2375 4895 2452 4955 είς
2509 4894 2603 4947 τὸν
2660 4897 2879 4966 Πατέρα
2931 4900 3002 4954 δι’
3069 4907 3252 4962 αὑτοῦ
3321 4913 3617 4985 ἐπώνυμοι

435 5067 475 5136 Ϊ¹
497 5065 644 5118 Rom.
665 5081 741 5126 XI,
760 5068 848 5136 25.
902 5069 947 5097 ⁷²
969 5066 1123 5122 Joan.
1149 5084 1220 5127 tv,
1247 5068 1430 5123 46-55.
1521 5069 1566 5106 ⁷³
1585 5069 1712 5122 ὶὺὶἀσ
1749 5084 1819 5136 ιν,
1851 5069 1941 5124 5i-

435 5072 475 5098 "
497 5072 644 5118 Rom.
665 5081 741 5126 XI,
760 5072 848 5121 25.
902 5072 947 5097 ⁷²
969 5072 1123 5122 Joan.
1149 5084 1220 5127 tv,
1247 5072 1430 5123 46-55.
1521 5072 1566 5106 ⁷³
1585 5072 1712 5122 ibid.
1749 5084 1819 5136 tv,
1851 5072 1913 5124 5i

366 5133 411 5164 "
433 5134 562 5188 Luc.
591 5148 696 5194 xIx,
720 5135 808 5191 12.
885 5137 929 5168 ⁷⁸
966 5136 1102 5190 Psal.
1139 5152 1200 5200 η,
1225 5137 1276 5189 6.

2031 5073 2058 5103 ³
2079 5072 2210 5126 ibid.
2241 5073 2330 5135 52,
2352 5074 2441 5132 55.
2519 5079 2564 5111 ⁷⁸
2595 5077 2780 5135 Matth.
2809 5096 2862 5146 v,
2897 5083 2994 5139 35.
3067 5088 3121 5122 "°
3143 5091 3336 5162 Apoc.
3371 5111 3500 5167 xu,
3526 5099 3616 5156 16.

2089 5274 2101 5278 '
2138 5274 2176 5316 it
2206 5274 2319 5317 τοῦ.

1997 5281 2454 5470 ἒὲξῇξ’ὲ’ξξῖᾦσ
2489 5341 2587 5404 Sic
2615 5350 2778 5406 codex
2806 5346 3142 5407 Bodleianus
3161 5369 3178 5419 ;
3197 5353 3453 5428 Regius,
3480 5377 3618 5432 per-

2001 5441 2388 5536 γνίὲἶϊδκῖἔκ
2443 5476 2796 5566 Bodleianus,
2853 5495 3021 5550 recte,
3071 5489 3300 5560 ἐχέτω⁶
3356 5494 3618 5570 Regius,

2001 5539 2156 5593 male.
2180 5534 2369 5590 ἱκέτευ’
2403 5541 2702 5595 Per-imam
2749 5555 3030 5595 ινεηευέτω

2074 5555 2156 5618 ne.
2182 5555 2369 5620 ικεεω
2406 5555 2704 5619 Perionius
2749 5555 3050 5615 ἱκετευέτω.
3101 5555 3136 5560 ’⁷
3450 5555 3485 5624 v.
3561 5555 3575 5557 _
3601 5555 3613 5567 ’

2074 5605 2180 5675 (58)
2237 5605 2909 5692 ιιπαι·ε.ιθόντα,’(;υάυι
2937 5625 3304 5697 Bodleianus,
3345 5633 3613 5692 ἐλθόντα.

437 5265 546 5342 (ζῆ)
565 5264 748 5348 Codex
771 5265 1089 5321 Bodleianus
1112 5267 1260 5334 γοῦν,
1290 5268 1444 5322 codd.
1472 5266 1671 5336 Regius
1688 5275 1742 5320 et
1765 5265 1894 5320 Bar-

370 5328 748 5402 berittits,ydp.
1124 5328 1136 5334 ⁷
1248 5328 1256 5332 ’
1553 5328 1579 5336 ’

438 5397 546 5472 (55)
577 5400 899 5472 Εἰσελθεῖν.
925 5399 1114 5472 “Deest
1158 5403 1210 5455 in
1261 5404 1442 5472 codice
1490 5404 1686 5472 Regio,
1720 5409 1896 5458 exstat

371 5477 497 5514 vero
527 5465 578 5516 in
615 5470 886 5521 codicibus
925 5467 1213 5524 Bodleiano
1240 5482 1294 5524 et
1323 5465 1638 5526 Barberitro.

588 5529 765 5600 ιξῐναι.
782 5535 918 5600 Lego
940 5537 1006 5586 si.

453 5597 560 5662 (55)
591 5598 766 5654 Codex
815 5597 1128 5658 Bodleianus
1181 5605 1336 5660 habet
1384 5605 1485 5667 ἕως
1532 5606 1643 5670 τοῦ,
1704 5605 1898 5675 Regius
