3828 6202
393 317 510 370 sar
1788 294 2102 356 ORIGENIS
3544 271 3649 330 ω’

394 439 524 492 quos
556 425 772 488 argento
823 423 1046 478 emerat,
1101 415 1269 467 forma
1301 415 1538 482 quzedam
1584 411 1906 466 credentium

2140 404 2363 457 ευόντων
2422 401 2816 471 ταπεινότερον,
2869 399 2977 452 καὶ
3033 387 3440 492 ὑποϐεϐηκός.
3484 377 3651 438 οὗτοι

393 477 646 576 abiectior
672 515 726 558 et
757 477 1040 556 humilior.
1086 501 1146 554 lli
1189 477 1626 556 consuetudinem
1663 500 1905 553 habentes

2138 509 2254 554 ντες
2294 491 2369 560 τῷ
2419 492 2672 559 κάμνοντι
2725 489 2939 556 παιδίῳ
2983 481 3284 554 Θεωροῦσι
3323 477 3436 576 τὴν
3470 491 3650 576 σοπη-

391 619 506 657 cum
540 600 643 651 lilio
672 597 1028 660 febricitante,
1068 597 1250 649 vident
1291 595 1428 649 illius
1458 596 1701 657 salutem,
1729 608 1903 646 occur-

2165 580 2347 641 αὑτοῦ,
2383 581 2476 632 καὶ
2504 579 2780 633 ἀπαντῶσι
2806 577 2892 645 τῷ
2927 574 3140 643 πατρὶ,
3190 565 3647 635 εὐαγγελιζόμε-

391 699 610 755 runlque
641 687 776 756 patri
815 688 974 738 vitam
1019 686 1190 738 sanati
1226 685 1605 736 annuntiantes
1628 725 1642 745 ,
1691 697 1903 746 eumth

2136 674 2212 742 τὴν
2234 663 2374 741 ζωὴν
2402 671 2492 724 τοῦ
2523 669 2986 740 θεραπευθέντος,
3020 665 3118 717 διὰ
3141 661 3252 714 τοῦ
3277 677 3292 690 ·
3342 678 3362 708 ι
3517 658 3648 716 παῖς

389 781 559 832 la-tum
597 781 874 832 rcddentes
905 778 993 830 illo
1026 778 1229 831 verbo:
1265 794 1282 825 ι
1327 775 1494 828 Filius
1539 784 1657 827 tuus
1701 775 1850 832 vivit,
1892 791 1901 823 l

2141 761 2215 828 ζῇ,
2249 780 2266 810 ι
2309 759 2700 828 εὐφραίνοντες,
2735 757 2819 808 ὅτι
2879 757 2987 806 οὐκ
3028 752 3323 822 ἐφρόνουν
3370 744 3653 815 πρότερον

389 871 476 936 qui
507 880 661 922 antea
699 883 800 921 non
832 869 1133 936 cogitarunt
1167 867 1328 918 filium
1358 865 1554 918 domini
1581 867 1774 917 vivere.
1803 863 1901 914 Nor

2166 851 2256 901 τοῦ
2289 849 2496 901 παιδίου
2525 847 2616 899 τοῦ
2639 846 2927 905 δεσπότου,
2965 845 3050 895 ὅτι
3085 841 3221 909 ἔζη.
3260 838 3346 936 Οι)
3383 836 3573 936 μάτην

386 957 579 1010 frustra
619 968 791 1010 autem
833 959 962 1009 hora
996 957 1215 1023 septima
1256 956 1507 1021 relinquit
1547 969 1665 1006 eum
1718 954 1876 1005 febris

2143 953 2158 987 θ
2225 935 2453 1004 ἑϐδόμην
2505 935 2728 1000 ἀφίησιν
2781 931 2954 983 αὐτὸν
3009 930 3040 980 6
3093 925 3402 996 πυρετόςο
3456 925 3489 975 6
3540 921 3655 991 γὰρ

386 1061 507 1099 nam
539 1062 789 1098 numerus
819 1046 906 1096 ille
931 1055 1052 1096 nota
1089 1053 1169 1096 est
1207 1045 1420 1110 quietis.
1459 1043 1509 1094 lu
1545 1042 1898 1109 Capliaruauu‘

2145 1025 2237 1094 μὸς
2263 1026 2609 1085 ἀναπαύσεως
2629 1020 2715 1092 ἦν.
2759 1023 2816 1073 '0
2841 1023 2899 1071 ἐν
2929 1017 3358 1088 Καφαρναοὺμ
3393 1013 3657 1110 μέντοιγε

386 1148 514 1187 sane
544 1144 620 1186 est
651 1135 738 1186 ille
778 1134 939 1195 ﬁlius,
968 1132 1055 1198 qui
1101 1141 1324 1200 aegrotat
1360 1143 1411 1183 et
1456 1141 1673 1185 curatur
1707 1128 1898 1199 (ueinpi

2157 1115 2299 1164 ἐστιν
2321 1114 2347 1162 ό
2377 1110 2545 1164 νοσῶν
2579 1110 2673 1161 καὶ
2713 1107 3208 1178 Θεραπευόμενος,
3261 1104 3294 1153 6
3333 1103 3398 1152 ἐν
3438 1103 3524 1168 τῷ
3556 1103 3653 1168 τῆς

387 1224 440 1276 in
475 1222 854 1276 consolationis
882 1236 1030 1288 agro,
1068 1236 1232 1288 genus
1264 1221 1521 1287 quoddam
1553 1219 1896 1288 a-grotautiuu

2147 1202 2397 1270 ικλήσεως
2434 1199 2605 1268 ἀγρῷ,
2649 1199 2805 1265 γένος
2851 1215 2904 1249 τι
2959 1193 3369 1263 κεκμηκότων
3416 1190 3547 1258 μὲν,
3596 1188 3659 1240 οὐ

2019 1294 2187 1359 πάντη
2220 1291 2273 1342 δὲ
2310 1291 2412 1352 ἔξω
2447 1289 2671 1358 καρπῶν
2705 1285 3110 1354 γεγενημένον,
3157 1282 3273 1333 καὶ
3322 1278 3660 1346 τελειοτάτη

2015 1379 2188 1445 γνόντι
2221 1378 2295 1446 τῷ
2333 1378 2496 1446 πατρὶ
2545 1377 2641 1444 τὴν
2692 1375 2789 1426 τοῦ
2835 1373 2956 1425 υἱοῦ
3019 1372 3336 1441 σωτηρίαν
3391 1372 3428 1437 ἡ
3473 1369 3664 1429 πίστις

2015 1467 2237 1532 γίνεται,
2271 1464 2513 1516 πανοικεὶ
2557 1463 2868 1514 πιστεύοντι
2910 1459 3175 1529 Χριστῷ.
3243 1454 3571 1509 Κατελοὼν
3604 1455 3662 1506 δὲ

2017 1559 2080 1609 ἐκ
2109 1558 2220 1624 τῆς
2247 1554 2498 1615 ἰουδαίας
2533 1556 2610 1615 εἰς
2639 1551 2738 1622 τὴν
2782 1551 3086 1604 Γαλιλαίαν
3126 1548 3268 1610 πῶς
3317 1547 3496 1600 τοῦτο
3537 1545 3656 1598 650--

2016 1662 2168 1716 τερον
2208 1647 2424 1712 σημεῖον
2463 1643 2758 1710 πεποίηκεν
2790 1642 2819 1692 ό
2861 1638 3100 1708 Ἰησοῦς,
3131 1637 3300 1691 κατὰ
3331 1636 3400 1688 τὸ
3426 1635 3661 1686 δυνατὸν

2019 1739 2073 1787 ἐν
2105 1737 2214 1795 τοῖς
2250 1733 2373 1801 ἐξῆς
2392 1732 2671 1800 γενόμενοι
2700 1729 2844 1782 κατά
2881 1730 2985 1796 τὴν
3016 1728 3184 1791 λέξιν
3236 1726 3660 1796 ἐρευνήσομεν.

2018 1825 2078 1876 El
2104 1824 2158 1876 δὲ
2192 1824 2282 1875 καὶ
2317 1819 2592 1888 δυνάμεώς
2638 1835 2781 1879 τινος
2825 1816 2995 1869 εἰκών
3049 1818 3220 1868 ἐστιν
3274 1817 3307 1867 6
3367 1812 3663 1882 βασιλικὸς

2017 1914 2122 1964 τῶν
2144 1912 2413 1981 ἀρχόντων
2450 1909 2635 1961 τούτου
2668 1905 2764 1960 τοῦ
2805 1907 3031 1967 αἰῶνος,
3090 1907 3203 1958 καὶ
3247 1907 3280 1957 6
3319 1905 3462 1967 υἱὸς·
3486 1901 3692 1969 αὐτοῦς

2017 2001 2122 2052 τῶν
2144 2000 2245 2051 ὑπὸ
2267 1998 2362 2068 τὴν
2394 1997 2636 2061 ἐξουσίαν
2679 1996 2848 2048 αὐτοῦ
2889 1995 3283 2064 διαφέροντος
3324 1996 3469 2062 παρ’
3506 1989 3662 2060 αὐτῷ

2019 2087 2166 2147 λαοῦ,
2192 2086 2569 2147 καὶνῖνόὒτως
2596 2087 2756 2148 εἴπω,
2782 2085 2950 2136 οἱονεὶ
2971 2084 3080 2152 τῆς
3112 2085 3265 2153 παρ’
3303 2082 3472 2152 αὐτῷ
3501 2081 3659 2135 ἐκλο-

387 1323 623 1388 quidem,
655 1322 745 1374 sed
779 1321 868 1387 qui
900 1337 1002 1374 non
1036 1321 1252 1372 cumino
1299 1320 1402 1372 sint
1451 1321 1564 1370 sine
1616 1313 1915 1382 fructibus),

387 1420 660 1484 creditque
712 1418 1092 1486 perfectissime
1123 1426 1294 1484 pater,
1346 1418 1520 1485 agnita
1577 1417 1664 1468 filii
1727 1416 1913 1478 salute,

387 1514 600 1568 Christo
629 1515 850 1567 credens
885 1529 1002 1566 cum
1034 1522 1142 1569 tota
1181 1517 1336 1568 domo
1369 1531 1484 1567 sua.
1518 1513 1789 1577 Quomodo
1821 1529 1916 1563 au-

390 1621 495 1665 tein
531 1611 851 1665 descendens
896 1609 1052 1663 Jesus
1105 1625 1134 1662 a
1184 1609 1364 1664 Judiea
1415 1611 1464 1662 in
1513 1608 1782 1662 Galilaram
1819 1609 1918 1660 hoc

389 1700 594 1766 signum
621 1699 906 1753 secundum
937 1698 1140 1761 fecerit,
1176 1699 1227 1750 in
1267 1699 1610 1765 sequentibus
1642 1697 1912 1764 inilagabi-
1945 1707 1991 1765 Β

392 1803 507 1840 mus
535 1803 628 1853 pro
669 1788 829 1852 virili,
878 1804 996 1841 cum
1041 1790 1107 1840 ad
1154 1796 1456 1841 contextum
1498 1788 1914 1854 pervenerimus.

392 1875 553 1944 274
577 1875 1026 1930 Considerandum
1059 1876 1218 1930 etiam
1263 1886 1344 1929 est
1382 1892 1503 1926 num
1538 1876 1786 1943 potentiae
1827 1874 1920 1924 ali-

391 1964 540 2030 cujus
565 1979 628 2017 ex
656 1965 737 2018 his
766 1966 852 2033 qui
904 1965 1026 2017 huic
1070 1965 1265 2018 szeculo
1306 1965 1586 2031 imperant,
1634 1965 1806 2029 imago
1851 1964 1920 2015 sit

393 2052 638 2118 regulus;
668 2067 788 2103 num
817 2053 978 2104 etiam
1011 2053 1147 2105 lilius
1173 2053 1293 2120 ejus
1323 2053 1492 2119 imago
1529 2053 1596 2102 sit
1621 2066 1802 2103 eorum
1830 2052 1917 2117 qui

392 2143 657 2194 exsistunt
679 2142 778 2193 sub
804 2150 1088 2208 potestate,
1119 2157 1211 2194 seu
1244 2143 1416 2210 populi
1459 2142 1778 2208 przestantis,
1842 2151 1916 2204 et,

392 2229 549 2282 utita
597 2228 790 2292 dicam,
844 2230 1007 2282 veluti
1057 2230 1334 2283 electionis
1369 2231 1502 2296 apud
1553 2230 1762 2296 ipsum:
1797 2245 1919 2281 num

389 2320 550 2373 etiam
595 2321 876 2374 infirmitas
921 2321 1034 2387 ejus
1083 2322 1154 2375 sit
1202 2321 1422 2374 affectus
1471 2337 1682 2388 pravus,
1727 2331 1923 2387 przetcr

391 2409 644 2478 principis
699 2412 1060 2478 propositum;
1111 2418 1165 2464 et
1221 2411 1406 2463 civitas
1438 2410 1806 2474 Capharnaum
1854 2409 1923 2460 sit

393 2499 567 2566 imago
617 2499 720 2552 loci
777 2499 1065 2553 mansionis
1096 2498 1197 2552 sibi
1247 2498 1604 2551 subditorum.
1661 2497 1921 2552 Existimo

393 2589 534 2639 enim
567 2586 767 2653 aliquot
797 2601 862 2640 ex
913 2587 1244 2653 principibus
1271 2584 1666 2652 obstupefactos
1707 2594 1922 2655 pr0pter

397 2674 689 2740 potentiam
716 2683 769 2728 et
794 2676 1122 2728 divinitatem
1155 2674 1302 2740 Jesu,
1347 2674 1652 2742 confugisse
1687 2675 1751 2726 ad
1799 2687 1920 2728 eum

2020 2179 2120 2246 γῆς
2151 2177 2330 2244 (65),ἧ
2349 2192 2404 2226 τε
2426 2174 2674 2227 ἀσθένεια
2702 2175 2870 2226 αὑτοῦ
2901 2175 2936 2243 ἡ
2967 2172 3137 2243 παρὰ
3161 2175 3279 2242 τὴν
3318 2173 3659 2243 προαιρεσιν

2019 2264 2110 2316 τοῦ
2140 2266 2388 2333 ἄρχοντος
2425 2262 2660 2324 διάθεσις
2703 2263 2978 2332 μοχθηρὰ,
3013 2263 3121 2314 καὶ
3158 2264 3196 2332 ἡ
3250 2260 3657 2332 Καφαρναοὺμ

2019 2353 2110 2406 τοῦ
2143 2352 2337 2422 χωρίου
2369 2351 2467 2419 τῆς
2503 2351 2666 2419 μονῆς
2695 2351 2803 2402 τῶν
2833 2352 2928 2403 ὑπ’
2967 2351 3150 2403 αὑτὸν
3185 2353 3223 2420 ἡ
3257 2349 3442 2402 εἰκὼν
3478 2350 3654 2412 ἐστιν,

2021 2441 2334 2510 σκοπητέον.
2371 2437 2532 2509 Οἶμαι
2562 2441 2668 2508 γάρ
2703 2441 2798 2493 καὶ
2833 2440 2946 2492 τῶν
2979 2441 3298 2509 ἀρχόντων
3330 2439 3455 2508 (64)
3497 2439 3654 2502 τινὰς

2022 2530 2500 2600 καταπεπληγότας
2521 2530 2618 2598 τὴν
2638 2529 2868 2598 δύναμιν
2885 2528 3089 2591 αὑτοῦ,
3114 2529 3224 2582 καὶ
3239 2530 3351 2600 τὴν
3369 2529 3653 2596 θειότητα,

2019 2620 2484 2692 προσπεφευγέναι
2523 2618 2689 2688 αὐτῷ,
2723 2621 2819 2672 καὶ
2852 2619 3179 2685 ἠξιωκέναι
3232 2620 3381 2690 περὶ
3413 2619 3529 2672 τῶν
3560 2619 3654 2672 ὑπ’

2017 2710 2200 2768 αὐτοῖς
2248 2697 2737 2776 οἰκονομουμένων·
2792 2707 2920 2758 ἐπεὶ
2975 2707 3032 2758 τί
3081 2707 3309 2776 δήποτε
3363 2708 3652 2777 ἄνθρωποι

395 2779 451 2824 et
481 2785 661 2826 orasse
698 2787 792 2840 pro
818 2773 918 2827 sibi
960 2773 1207 2827 subditis.
1241 2773 1514 2840 Alioquin,
1549 2787 1666 2834 cur,
1719 2787 1907 2840 quaeso1

2180 2773 2459 2862 μετάνοιαν
2518 2773 2894 2859 ἐπιδέχονται,
2953 2792 3057 2843 καὶ
3115 2773 3184 2854 ἐξ
3243 2773 3528 2854 ἀπιστίας
3573 2791 3651 2854 είς

399 2868 639 2926 homines
662 2872 1024 2940 penitentiam
1061 2873 1346 2940 recipiunt,
1385 2886 1450 2926 ex
1496 2870 1911 2939 infidelitatequc

2140 2898 2200 2933 τιν
2230 2879 2664 2950 μεταϐάλλουσιν,
2703 2881 2797 2932 ἐπὶ
2836 2879 2896 2932 δὲ
2927 2879 3044 2932 τῶν
3086 2880 3407 2950 δυνάμεων
3440 2883 3509 2934 τὸ
3554 2899 3652 2934 πα-

393 2968 458 3019 ad
491 2967 642 3022 fidem
673 2978 990 3031 transeunt;
1033 2969 1170 3022 idem
1217 2983 1345 3022 vero
1378 2969 1429 3022 in
1469 2968 1721 3035 potentiis
1746 2968 1905 3021 dicert

2140 2969 2314 3038 λήσιον
2336 2967 2510 3034 λέγειν
2536 2969 2876 3038 όκνήσομεν;
2917 2969 2994 3020 Ἣ
3046 2968 3283 3036 λεγέτω
3315 2989 3406 3034 τις
3437 2973 3574 3042 ἡμῖν
3599 2970 3652 3024 τί

391 3059 674 3112 veremur?
701 3058 794 3112 Vel
827 3059 977 3114 nobis
1027 3060 1169 3114 dicat
1202 3059 1394 3127 aliquis
1424 3073 1637 3113 causam
1686 3073 1783 3112 cur
1833 3059 1903 3112 ho

2138 3060 2278 3111 ιῖτιον
2296 3058 2387 3110 τοῦ
2415 3058 2670 3110 δύνασθαι
2703 3059 2800 3127 μὲν
2838 3061 2970 3122 τοὺς
3004 3063 3430 3130 ἐνδεδομένους
3483 3062 3650 3133 σαρκὶ

392 3146 560 3199 mines
589 3161 802 3201 carnem
834 3158 887 3201 et
919 3149 1225 3216 sanguinem
1261 3149 1428 3203 induti
1473 3147 1760 3218 confugere
1795 3163 1904 3211 pos-

2142 3149 2328 3216 αἵματι
2376 3149 2777 3216 μεταϐαλόντας
2815 3149 2932 3217 (65)
2984 3152 3518 3219 καταπεφευγέναι
3560 3152 3654 3205 ἐπὶ

394 3233 500 3286 sint
531 3236 716 3288 mutati
744 3237 808 3288 ad
843 3237 1002 3289 Deum
1053 3251 1148 3303 per
1179 3236 1486 3300 Christum;
1522 3251 1613 3290 eos
1655 3251 1783 3290 vero
1826 3239 1906 3306 qui

2140 3238 2265 3290 Θεὸν
2300 3237 2387 3289 διὰ
2411 3235 2664 3307 Χριστοῦ,
2698 3238 2826 3298 τοὺς
2855 3237 2916 3288 δὲ
2947 3239 3354 3310 καθαρωτέρᾳ
3383 3245 3456 3312 τῇ
3491 3242 3652 3310 φύσει

396 3322 597 3388 puriori
631 3331 818 3374 natura
854 3332 1086 3384 utantur,
1120 3324 1284 3394 [idem
1316 3341 1420 3377 non
1452 3339 1628 3392 posse,
1663 3324 1780 3395 sed]
1807 3340 1908 3378 om-

2141 3325 2324 3393 μένους
2370 3325 2574 3386 πάντας
2621 3323 3016 3387 ἀνεπιδέκτους
3061 3327 3187 3396 (66)
3223 3325 3383 3381 εἶναι
3416 3331 3524 3399 τῆς
3573 3331 3653 3392 είς

398 3430 494 3468 nes
534 3418 813 3483 incapaces
845 3433 964 3471 esse
992 3419 1242 3473 credendi
1274 3420 1326 3472 in
1369 3419 1733 3482 Servatorem,
1761 3419 1910 3474 mini-

2150 3412 2372 3480 Σωτῆρα
2413 3411 2667 3472 πίστεως,
2710 3412 2805 3463 καὶ
2844 3412 2948 3480 τῆς
2993 3414 3097 3466 ἐπὶ
3143 3419 3280 3479 ταῖς
3332 3419 3655 3489 τεραστίοις

395 3518 586 3571 meque
632 3505 1012 3572 obstupescere
1060 3517 1277 3576 propter
1321 3508 1651 3576 prodigiosas
1701 3510 1907 3563 virtute:

2141 3515 2299 3567 ιμεσιν
2332 3499 2421 3549 ὑπ’
2451 3496 2613 3549 αὐτοῦ
2643 3499 2964 3566 γινομέναις
3002 3504 3469 3574 καταπλήξεως.
3510 3505 3653 3572 Ἐγὼ

395 3607 526 3660 quas
556 3593 665 3661 ipse
701 3593 904 3646 fecerit.
947 3596 1014 3648 At
1050 3610 1149 3664 ego
1175 3609 1296 3648 reor
1321 3595 1478 3648 etiam
1518 3597 1659 3648 circa
1704 3610 1795 3650 eas
1828 3612 1907 3663 po-

2138 3586 2300 3655 ομίζω
2333 3586 2424 3637 καὶ
2459 3588 2586 3654 περὶ
2615 3585 2728 3656 (67)
2768 3587 2899 3650 τοὺς
2948 3590 3248 3658 ἄρχοντάς
3279 3611 3340 3647 τι
3369 3594 3650 3662 γίνεσθαι,

396 3683 608 3746 tentias,
656 3685 981 3753 principatus
1027 3699 1160 3753 quos
1202 3695 1416 3747 vocant,
1470 3684 1670 3752 aliquid
1721 3687 1908 3738 factum

2140 3675 2409 3736 ιϐαλόντας
2444 3673 2550 3742 (68)
2601 3677 2694 3727 ἐπὶ
2749 3675 2812 3728 τὸ
2869 3677 3094 3745 βέλτιον
3152 3682 3218 3733 ἐν
3275 3685 3351 3753 τῇ
3403 3683 3652 3754 Χριστοῦ

395 3771 576 3834 fuisse,
609 3772 913 3826 immutatas
943 3773 994 3826 in
1023 3773 1213 3826 melius
1254 3771 1458 3826 Christi
1493 3773 1760 3826 adventu:
1789 3775 1907 3827 adet

2154 3761 2304 3830 qpiq.‘
2347 3761 2486 3812 ὥστε
2528 3760 2678 3823 τινας
2725 3762 2853 3824 ὅλας
2906 3764 3129 3828 πόλεις,
3169 3768 3207 3836 ἢ
3244 3771 3352 3822 καὶ
3400 3770 3542 3840 έϐνη
3579 3763 3666 3824 οί-’

393 3869 451 3912 ut
479 3862 714 3928 quaedam
757 3863 970 3931 integrae
999 3863 1177 3925 urbes,
1221 3861 1303 3914 vel
1361 3862 1520 3914 etiam
1549 3869 1733 3930 gentes
1769 3877 1905 3914 eom-

2141 3866 2282 3918 τερον
2327 3848 2532 3900 πολλῶν
2570 3849 2866 3917 ἐσχηκέναι
2910 3852 2986 3905 τὰ
3038 3856 3192 3924 πρὸς
3245 3859 3350 3912 τὸν
3383 3860 3653 3931 Χριστόν.

395 3950 596 4004 modius
645 3965 800 4019 quam
847 3952 994 4004 multi
1047 3952 1331 4005 habuerint
1390 3965 1506 4015 qua:
1537 3952 1604 4002 ad
1651 3949 1907 4003 Christurr

2148 3943 2293 3995 οὐδέν
2322 3959 2384 4009 γε
2416 3943 2612 3995 ἄτοπον
2640 3940 2780 3993 κατά
2815 3942 3030 4012 ταύτην
3065 3945 3176 4015 τὴν
3211 3949 3468 4020 ἐκδοχὴν
3499 3951 3657 4004 ἔσται

393 4038 678 4098 pertinent.
732 4039 795 4092 Et
840 4039 1083 4105 profecto
1128 4039 1276 4106 juxta
1323 4039 1466 4091 hanc
1520 4038 1905 4105 intelligentia"

2149 4029 2332 4095 γεσΟαι
2380 4029 2513 4098 πρὸς
2547 4028 2635 4080 τὸν
2690 4028 3001 4096 βασιλικόν·
3048 4051 3068 4082 ι
3133 4034 3278 4089 Ἐὰν
3321 4039 3406 4107 μὴ
3447 4039 3657 4108 σημεῖα

395 4127 525 4178 nihil
562 4127 776 4180 absurdi
818 4128 943 4189 erit,
984 4138 1042 4180 ut
1083 4129 1149 4178 ad
1193 4127 1430 4194 regulum
1471 4127 1719 4179 dicatur:
1751 4143 1767 4174 ι
1811 4126 1907 4180 Nis“

2150 4119 2338 4188 τέρατα
2380 4117 2542 4186 ἴδητε,
2587 4117 2647 4168 οὐ
2696 4117 2769 4186 μὴ
2823 4119 3205 4190 πιστεύσητε.
3247 4143 3271 4176 ι
3311 4126 3565 4180 Δύναται
3603 4125 3662 4180 δὲ

394 4215 539 4282 signa
563 4226 614 4269 et
651 4217 885 4283 prodigia
921 4216 1179 4276 videritis,
1209 4231 1311 4267 nou
1340 4215 1572 4268 credetis
1591 4213 1658 4267 ⁸⁵.
1692 4232 1709 4264 ι
1745 4214 1906 4267 Potest

2160 4209 2255 4276 τῆς
2281 4207 2556 4276 δυνάμεως
2569 4207 2662 4260 τοῦ
2689 4207 2825 4259 Θεοῦ
2856 4209 3227 4278 παρακαλεῖν
3263 4216 3296 4266 ό
3325 4215 3656 4284 βασιλικὸς,

395 4313 570 4356 autem
594 4314 645 4356 et
673 4305 738 4357 de
764 4304 997 4372 potentia
1025 4305 1114 4358 Dei
1148 4307 1358 4371 regulus
1381 4304 1684 4368 obsecrare,
1737 4305 1907 4372 profe‘

2152 4316 2304 4368 μενος
2343 4299 2478 4367 πρὸς
2521 4299 2703 4361 αὐτὸν,
2749 4298 2900 4359 ὅπως
2941 4301 3172 4371 καταϐῇ
3213 4305 3306 4367 είς
3347 4306 3417 4357 τὸ
3450 4307 3659 4378 χωρίον

393 4401 512 4445 ctus
533 4393 594 4444 ad
615 4394 805 4460 ipsum,
829 4393 1180 4447 utdesccudat
1198 4395 1261 4447 ad
1276 4395 1444 4448 locum
1463 4393 1785 4447 infirmitatis
1807 4394 1896 4446 filii

2148 4389 2298 4441 νόσου
2333 4387 2424 4438 τοῦ
2464 4387 2696 4448 παιδίου,
2734 4387 2826 4439 καὶ
2861 4387 3089 4457 ἰάσηται
3123 4393 3230 4445 τὸν
3261 4400 3656 4467 νενοσηκότα⁶

394 4487 448 4533 et
479 4481 745 4532 medeatur
771 4484 1074 4547 aegrotanti:
1100 4485 1190 4536 sed
1215 4499 1318 4536 non
1338 4486 1554 4537 omnino
1584 4485 1906 4540 descendisse

2179 4478 2239 4530 οὐ
2287 4477 2498 4537 πάντως
2554 4477 3000 4546 καταϐεϐηκέναι
3052 4479 3141 4531 δεῖ
3175 4483 3305 4551 (69)
3358 4485 3511 4556 πρὸς
3564 4486 3659 4539 τὸν

393 4583 525 4637 opus
543 4578 623 4622 est
647 4571 708 4622 ad
731 4568 893 4622 filium
926 4573 1089 4640 reguli
1117 4572 1512 4627 febricitantem
1533 4591 1546 4637 ;
1564 4573 1755 4627 sttﬂicit
1778 4576 1905 4627 euin‘

2163 4566 2253 4618 τοῦ
2283 4565 2554 4633 βασιλικοῦ
2579 4567 2944 4636 πυρέττοντα·
2987 4567 3163 4638 ἀρκεῖ
3195 4573 3321 4644 γὰρ
3358 4576 3460 4628 τό·
3515 4595 3537 4626 ι
3597 4577 3657 4630 ’0

394 4657 520 4712 illud
547 4675 559 4710 :
597 4677 614 4710 ι
637 4658 802 4713 Filius
828 4669 948 4714 tuus
971 4662 1098 4715 vivit
1117 4664 1181 4728 ⁸⁸,
1213 4683 1231 4714 ι
1253 4664 1450 4718 dictum
1471 4663 1534 4717 ad
1553 4663 1776 4716 salutem
1797 4661 1906 4728 liliil

2153 4673 2245 4708 σου
2263 4656 2350 4724 ζῇ,
2388 4673 2406 4706 ι
2431 4655 2564 4723 πρὸς
2589 4657 2862 4729 σωτηρίαν
2911 4656 3224 4726 λεγόμενον
3262 4662 3371 4716 τοῦ
3431 4666 3655 4730 παιδὸς,

459 4810 505 4844 ⁸³
527 4808 679 4865 Joan.
706 4824 779 4875 Iv,
811 4809 899 4867 48.
974 4811 1159 4864 “ibid.
1179 4810 1265 4864 50.

460 4943 567 5009 (65l
606 4943 790 4996 Οιονεὶ
824 4943 929 5010 τῆς
955 4945 1087 5012 παρ’
1120 4943 1276 5008 αὐτῷ
1298 4940 1910 5012 ἐκλογῆς.ντι1οηϋιιία-
2019 4937 2288 5012 Βὶίοζίριὴ2
2317 4938 2514 5012 adnot:
2534 4942 2664 5002 131.
2699 4947 2779 5004 In.

393 5005 580 5089 norum
611 5027 767 5064 voces
802 5005 1176 5089 hic'usurpare
1217 5005 1535 5089 Oﬁgencin,
1559 5010 1912 5089 ut‘spiritales
2087 5005 2430 5089 (δῷηςοάθι
2485 5009 2847 5083 Bodleianus,
2907 5008 3373 5081 μεταϐαλόντας·
3405 5017 3653 5089 Regius,

322 5124 328 5131 .
394 5080 633 5130 homines
667 5081 911 5146 appellet,
972 5073 1234 5146 coniectat
1260 5073 1557 5134 FErrarius.
1607 5073 1685 5128 Δι’
1721 5077 1830 5146 elcc

972 5073 1234 5146 coniectat
1260 5073 1557 5134 FErrarius.
1607 5073 1685 5128 Δι’
1721 5077 1915 5146 electos
2022 5073 2465 5146 μεταβάλλοντας.

323 5179 326 5184 ι
394 5142 862 5226 εξιηιεηᾼέλιλογήν.
894 5142 1014 5203 ante
1044 5142 1378 5203 Valentinum
1403 5146 1684 5215 appellavit
1723 5145 1828 5197 Pau

2139 5142 2432 5226 .ﬁj'Codcx
2492 5148 2859 5226 Bodleianus,
2919 5145 3357 5212 ἀνεπιδέκτδυς·
3412 5153 3651 5224 Regius,

395 5212 689 5271 Rom.xr,'l.
718 5209 969 5270 Hostius.
1436 5209 1451 5215 ’
1471 5209 1486 5215 ’

900 5233 969 5270 σε,
1436 5209 1451 5215 ’
1471 5209 1486 5215 ’
2019 5209 2412 5277 ἀνεπιλέκτους.

438 5279 572 5362 ,(6⁵)
603 5279 674 5334 οἵ
669 5297 767 5350 μαι
793 5284 898 5362 γὰρ
920 5287 1019 5362 ,καὶ
1048 5283 1162 5338 τῶν
1201 5284 1518 5362 ἁρχόιςτῳν,
1567 5293 1670 5335 etc.
1719 5278 1916 5362 Nempe

2134 5277 2200 5362 Ξῖ)
2238 5279 2384 5362 ¹ξέ⁴ξ¹ξι
2413 5291 2593 5362 codex
2622 5297 2981 5360 Βοιιιρίειιιιθο
3004 5281 3450 5362 περίζβρςιίυει
3465 5291 3646 5362 παρά·

397 5345 1006 5432 !".9_9}'}:‘!:'!ev.“(alibi
1621 5355 1912 5432 ,.P°ss,‘?:.‘3‘
2029 5345 2437 5432 ___(_9§.>,£n~nex
2494 5345 3373 5432 ιισλιῶξῖιῖέίξίμεταϐαλόντάς·
3414 5345 3652 5426 Reges.

399 5415 705 5491 paenitentia
738 5419 852 5469 duci
873 5414 1340 5491 darmoues'tradit.
1368 5414 1726 5491 Quo__rmIttittc
1753 5414 1911 5491 casti-

1368 5414 1726 5491 Quo__nontine
1753 5414 1915 5491 casti-
2028 5414 2487 5491 μεγὲβάχχοντας.
2547 5414 2865 5442 τ--ς-...ηυη

334 5543 344 5554 ι
403 5489 581 5542 gutum
626 5495 761 5546 smpe
794 5499 822 5534 a
873 5485 1139 5542 Patrihus.
1187 5498 1238 5537 et
1291 5481 1545 5538 conviciis
1597 5483 1842 5552 proscisst

407 5547 552 5581 illum
590 5546 709 5581 ειιίιιί
761 5555 1053 5581 ..η-..νεωηη
1135 5553 1221 5581 Α.ι;
1252 5553 1456 5581 mu...“
1484 5554 1685 5581 ειηωηο
1761 5549 1832 5581 In.

2243 5481 2708 5581 Codeg'kegius’
2745 5521 2922 5578 male,
2957 5485 3147 5550 παντὸς
3184 5487 3651 5562 καταϐεϐηκιναι

407 5547 552 5597 illum
589 5545 710 5600 alibi
760 5555 1076 5608 notavimus.
1126 5553 1222 5606 Adi
1252 5553 1457 5604 Sixtum
1484 5545 1730 5614 Seni-ns,
1761 5549 1852 5601 lib.
1890 5561 1917 5597 ν
2022 5545 2104 5616 δή,
2141 5560 2244 5605 etc.
