3828 6186
500 231 602 283 515

1894 217 2210 276 ORIGENIS
3568 219 3656 273 5l6

499 358 581 397 act
619 352 834 412 prapter
857 339 1244 399 remissionem,
1271 335 1469 390 dixerit
1508 351 1521 386 :
1561 353 1579 386 ι
1611 334 1774 388 Filius
1797 343 1916 388 tuus
1946 337 2015 388 vi-

2129 331 2312 401 Σωτὴρ
2369 331 2461 384 καὶ
2513 331 2584 401 μὴ
2617 331 2804 401 παρὼν
2847 331 3191 399 θεραπεύειν·
3234 330 3448 395 δούλους
3486 334 3538 387 δὲ
3577 340 3655 390 τοῦ

502 433 610 493 vit;
655 449 672 480 ι
707 429 951 493 additque
983 425 1104 478 huic
1124 425 1294 476 dicto:
1335 441 1354 473 ι
1387 423 1610 476 credidit
1631 423 1811 486 homo,
1832 441 1850 474 ι
1886 423 2023 490 quod

501 518 669 570 facilis
697 516 759 566 ad
793 513 1111 566 credendum
1136 512 1208 563 sit
1233 511 1392 563 etiam
1417 511 1593 562 mundi
1623 509 1832 576 Opilex,
1854 511 2022 577 quod-

497 618 599 670 que
643 601 805 668 possit
843 600 1098 653 Servator
1149 599 1308 652 etiam
1350 613 1454 652 non
1499 615 1730 666 prazsens
1771 615 1957 653 curare
2005 617 2018 652 :

495 705 781 757 servosque
811 688 976 756 reguli
1010 690 1392 754 interpretatus
1436 699 1515 742 est
1555 689 1770 756 angelos
1809 689 2022 758 Opilicis

495 781 694 841 mundi,
742 779 1102 832 renuntiantes
1145 778 1248 832 illis
1293 780 1514 832 verbis:
1555 798 1572 829 ι
1604 780 1765 832 Filius
1800 789 1918 832 tuus
1952 780 2022 833 vi-

491 869 584 932 vit,
621 887 638 919 ι
665 869 800 936 quod
828 869 1104 922 commode
1136 877 1188 920 et
1215 869 1375 935 probe
1408 869 1645 934 haberet,
1667 885 1768 924 non
1799 870 2022 936 amplius

492 971 652 1025 agens
679 971 708 1009 a
751 971 806 1010 se
855 956 1060 1019 aliena;
1092 965 1146 1009 et
1195 956 1334 1009 hanc
1372 957 1439 1009 ob
1484 971 1698 1010 causam
1751 957 2021 1009 existimat

491 1061 672 1099 servos
698 1046 1001 1099 renuntiare
1032 1044 1217 1113 regqu
1263 1058 1378 1110 qua:
1423 1044 1487 1096 ad
1517 1044 1741 1097 salutem
1773 1044 1862 1096 lilii
1902 1060 2022 1110 per-

491 1137 730 1187 tinebant
785 1151 801 1186 :
858 1135 1155 1201 primosque
1228 1135 1494 1186 existimat
1558 1134 1771 1200 angelos
1840 1134 2020 1186 videre

491 1223 727 1274 actiones
769 1221 1039 1274 hominum
1089 1220 1139 1272 in
1182 1222 1395 1284 mundo,
1442 1220 1602 1289 276
1630 1235 1696 1272 an
1731 1218 1941 1272 fortiter
1969 1227 2021 1272 et

489 1313 698 1365 sincere
730 1312 889 1363 vitam
929 1310 1123 1377 degant
1148 1309 1213 1361 ab
1254 1323 1317 1362 eo
1357 1317 1594 1374 tempore
1633 1322 1736 1374 quo
1781 1307 2020 1361 Christus

489 1398 720 1452 advenit.
761 1397 837 1448 Ad
871 1397 982 1450 haec
1021 1411 1118 1462 per
1154 1396 1337 1447 horam
1377 1395 1654 1462 septimam
1707 1395 1834 1448 dicit
1880 1397 2020 1449 desi-

487 1485 640 1554 gnari
671 1494 908 1537 naturam
937 1484 1131 1537 sanati.
1165 1485 1384 1536 Demum
1418 1500 1429 1534 :
1468 1500 1487 1532 ‹
1518 1483 1753 1536 Credidit
1800 1485 1933 1550 ipse,
1966 1496 2020 1539 et

487 1577 679 1630 domus
710 1575 824 1642 ejus
860 1584 986 1639 tota,
1021 1592 1038 1624 ι
1071 1575 1446 1640 interpretatus
1475 1581 1555 1625 est
1593 1573 1697 1626 dici
1726 1574 1791 1626 de
1815 1574 2017 1640 angeli-

2124 422 2393 490 βασιλικοῦ
2424 421 2665 491 ἐξείληφε
2717 423 2842 483 τοὺς
2876 422 3144 489 ἀγγέλους
3184 420 3278 472 τοῦ
3325 422 3657 492 Δημιουργοῠ,

2121 509 2551 576 ἀπαγγέλλοντας
2589 512 2644 562 ἐν
2680 509 2774 578 τῷ·
2818 529 2836 560 ‹
2905 511 2964 562 '0
2996 511 3129 570 παῖς
3177 524 3270 559 σου
3306 509 3394 578 ζῇ,
3440 528 3458 560 ι
3490 512 3564 564 ὃτι
3590 517 3659 566 oi-

2121 599 2278 659 κείως
2325 597 2417 649 καὶ
2469 598 2607 651 κατά
2652 598 2851 668 τρόπον
2900 597 3035 665 ἔχει,
3085 599 3344 668 πράσσων
3398 600 3577 668 μηκέτι
3604 602 3662 655 τὰ

2120 671 2376 739 ἀνοίκεία·
2413 690 2504 740 καὶ
2543 688 2628 740 διά
2660 688 2818 740 τοῦτο
2849 689 3064 756 νομίζει
3095 688 3456 755 ἀπαγγέλλειν
3485 690 3555 759 τῷ
3583 690 3663 758 βα-

2122 776 2309 844 σιλικῷ
2337 777 2460 839 τοὺς
2487 777 2699 840 δούλους
2722 777 2790 830 τὰ
2823 779 2952 846 περὶ
2982 780 3082 848 τῆς
3133 777 3229 830 τοῦ
3253 777 3368 830 υίοῦ
3402 779 3661 848 σωτηρίαςο

2119 865 2238 916 ἐπεὶ
2267 865 2358 917 καὶ
2388 865 2631 934 πρώτους
2654 865 2824 918 οἴεται
2865 868 3089 936 βλέπειν
3111 868 3215 929 τάς
3243 867 3463 936 πράξεις
3489 867 3585 920 τῶν
3611 870 3660 919 ἐν

2118 953 2194 1021 τῷ
2222 954 2407 1024 κόσμῳ
2435 954 2729 1024 ἀνθρώπων
2779 957 2906 1018 τοὺς
2953 955 3242 1023 ἀγγέλους,
3287 957 3335 1007 εί
3365 954 3659 1024 ἐρρωμένως

2120 1043 2212 1092 καὶ
2243 1042 2541 1111 εἰλικρινῶς
2567 1042 2929 1094 πολιτεύοιντο
2968 1043 3083 1112 (75)
3107 1043 3217 1094 ἀπὸ
3237 1043 3334 1111 τῆς
3373 1041 3462 1093 τοῦ
3499 1043 3658 1112 Σωτῆ-

2122 1145 2211 1196 ρος
2253 1130 2558 1198 ἐπιδημίας.
2593 1132 2710 1182 Ἔτι
2746 1130 2883 1198 πρὸς
2927 1131 3030 1199 τὴν
3083 1130 3318 1199 ἐϐδόμην
3348 1129 3489 1200 ὥραν
3513 1130 3658 1197 λέγει,

2119 1218 2198 1268 ὅτι
2227 1217 2315 1269 διὰ
2347 1220 2441 1287 τῆς
2467 1218 2614 1287 ὥρας
2646 1219 3111 1290 χαρακτηρίζεται
3138 1221 3171 1288 ἡ
3203 1219 3362 1286 φύσις
3388 1218 3476 1271 τοῦ
3509 1218 3661 1272 ίαθέν-

2118 1323 2226 1367 τος.
2272 1308 2390 1358 Ἐπὶ
2425 1309 2555 1359 πᾶσι
2575 1307 2652 1358 τό·
2703 1326 2721 1357 ι
2767 1307 3120 1359 Ἐπίστευσεν
3163 1307 3322 1370 αὐτὸς
3357 1307 3447 1361 καὶ
3475 1310 3505 1377 ὴ
3535 1309 3660 1360 οίκία

2119 1392 2280 1444 αὐτοῦ
2316 1393 2431 1461 ὅλη,
2485 1412 2504 1444 ι
2539 1393 2835 1464 διηγήσατο
2869 1395 2964 1446 ἐπὶ
2993 1395 3097 1464 τῆς
3124 1395 3413 1465 ἀγγελικῆς
3439 1397 3659 1466 εἰρῆσθαι

2118 1479 2336 1544 τάξεως,
2366 1479 2457 1531 καὶ
2504 1479 2806 1550 ἀνθρώπων
2853 1480 2965 1532 τῶν
2995 1481 3338 1550 οἱκειοτέρων
3380 1479 3538 1548 αὐτῷ.
3570 1482 3659 1549 Ζη-

2117 1567 2322 1619 τεῖσθαι
2363 1568 2419 1619 δέ
2446 1585 2575 1638 φησι
2599 1570 2754 1638 ’περί
2786 1586 2950 1622 τινων
2987 1569 3235 1636 ἀγγέλων
3263 1571 3310 1621 εί
3336 1569 3656 1638 σωθήσονται,

485 1676 554 1714 co
591 1641 798 1726 ordine,
829 1663 998 1728 deque
1017 1660 1318 1713 hominibus
1362 1659 1458 1726 ipsi
1507 1658 1776 1727 [Ell‘ectori
1812 1661 2015 1731 mundi]

2117 1658 2224 1711 τῶν
2252 1659 2608 1711 κατελθόντων
2640 1659 2734 1710 ἐπὶ
2765 1659 2864 1721 τὰς
2897 1658 3007 1712 τῶν
3041 1657 3338 1728 ἀνθρώπων
3367 1657 3654 1728 θυγατέρας.

485 1750 961 1818 conjunctioribus.
986 1750 1161 1817 Inquit
1194 1749 1352 1802 etiam
1393 1749 1585 1815 inquiri
1613 1749 1676 1802 de
1703 1748 2014 1816 quibusdam

486 1838 707 1906 angelis,
745 1847 918 1891 utrum
966 1837 1321 1891 servabuntur
1377 1851 1579 1900 necne,
1627 1851 1813 1903 nempe
1842 1837 1906 1890 de
1935 1837 2018 1891 his

485 1927 575 1993 qui
603 1927 990 1980 descenderunt
1017 1926 1081 1977 ad
1118 1925 1250 1978 ﬁlias
1290 1926 1562 1978 hominum
1591 1927 1656 1981 ".
1713 1925 2015 1990 Quinetiam

485 2017 717 2068 virorum
768 2013 1042 2068 Elfectoris
1107 2015 1286 2068 mundi
1344 2015 1694 2082 perditionem
1759 2015 2016 2068 declarari

483 2106 752 2160 existimat
791 2107 886 2158 hoc
915 2105 1054 2158 dicto
1083 2122 1097 2158 :
1131 2123 1150 2154 ι
1183 2105 1301 2158 Filii
1357 2106 1504 2171 regni
1531 2105 1750 2158 exibunt
1791 2105 1841 2156 in
1876 2114 2020 2157 tene-

483 2195 606 2247 bras
643 2194 930 2247 exteriores
965 2193 1038 2258 “,
1087 2213 1105 2245 ι
1140 2192 1438 2260 lsaiamque
1479 2193 1542 2246 de
1577 2193 1658 2245 his
1704 2194 2019 2260 prophetare

481 2281 607 2336 illud
635 2297 648 2332 :
683 2301 700 2332 ι
728 2281 889 2336 Filios
927 2282 1104 2349 genui,
1147 2292 1198 2333 et
1225 2282 1452 2334 exaltavi
1478 2297 1492 2344 ;
1534 2282 1632 2347 ipsi
1661 2290 1835 2334 autem
1864 2295 2012 2349 sprev

481 2378 669 2421 verunt
698 2384 781 2422 me
813 2370 890 2433 9‘;
943 2387 962 2422 ι
997 2383 1130 2437 quos
1166 2369 1302 2423 filios
1349 2369 1583 2434 alienos,
1619 2379 1672 2422 et
1711 2383 1887 2422 semen
1921 2385 2014 2423 ne-

481 2471 662 2525 quam,
695 2465 748 2510 et
777 2457 1026 2524 injustum
1079 2457 1330 2525 appellat,
1381 2458 1650 2526 vitemque
1693 2473 1809 2526 qua:
1833 2459 2020 2512 fecerit

481 2545 662 2613 spinas
688 2545 754 2599 ”.
786 2545 851 2598 Et
877 2546 958 2598 hae
987 2546 1201 2612 quidem
1237 2554 1360 2598 sunt
1415 2547 1884 2599 commentationes
1914 2545 2017 2600 He-

480 2631 764 2692 racleonis,
811 2645 941 2699 quas
967 2641 1019 2684 et
1063 2631 1316 2685 audacius
1347 2639 1401 2684 et
1442 2631 1609 2698 magis
1647 2631 1806 2697 impie
1845 2633 2016 2686 dictas

481 2729 785 2788 oportuerat
822 2719 987 2773 multo
1024 2728 1278 2788 apparatu
1326 2720 1704 2785 demonstrari,
1755 2720 2013 2788 siquidem

479 2823 620 2862 verae
643 2816 815 2861 erant.
853 2808 956 2862 Sed
997 2809 1178 2862 nescio
1216 2809 1482 2877 quomodo
1509 2809 1669 2862 etiam
1722 2809 1787 2862 de
1825 2811 2015 2864 anima:

2115 1747 2222 1799 Καὶ
2250 1747 2356 1799 τῶν
2384 1746 2677 1816 ἀνθρώπων
2705 1747 2762 1798 δέ
2794 1746 2891 1798 τοῦ
2925 1745 3271 1817 Δημιουργοῦ
3303 1746 3396 1817 τὴν
3414 1744 3656 1799 ἀπώλειαν

2114 1835 2396 1904 δηλοῦσθαι
2452 1836 2658 1904 νομίζει
2692 1835 2878 1904 ἐντῷ·
2932 1854 2951 1886 ι
3003 1837 3068 1888 Οἱ
3117 1836 3226 1888 υἱοὶ
3273 1837 3368 1904 τῆς
3411 1835 3654 1904 βασιλείας

2116 1911 2478 1986 ἐξελεύσονται
2510 1927 2588 1986 εἰς
2626 1925 2686 1976 τὸ
2719 1925 2910 1986 σκότος
2957 1926 3018 1977 τὸ
3049 1924 3329 1995 ἐξώτερον,
3371 1943 3388 1976 ι
3432 1925 3516 1978 καὶ
3544 1924 3654 1994 περὶ

2114 2011 2312 2064 τούτων
2331 2012 2419 2064 τὸν
2453 2013 2673 2065 Ἡσαΐαν
2697 2013 3065 2084 προφητεύειν
3095 2015 3174 2065 τόο
3216 2032 3236 2064 ι
3275 2014 3429 2076 Υἱοὺς
3458 2013 3650 2081 ἐγέννη-

2116 2117 2203 2160 σα,
2248 2101 2341 2152 καὶ
2390 2099 2596 2168 ὕψωσα-
2633 2103 2787 2154 αὐτοὶ
2831 2103 2888 2154 δέ
2937 2120 3005 2172 με
3048 2103 3335 2172 ἠθέτησαν·
3383 2121 3401 2153 ι
3435 2102 3651 2164 οὕστινας

2115 2187 2262 2249 υἱοὺς
2288 2187 2614 2257 ἀλλοτρίους,
2649 2190 2744 2241 καὶ
2795 2189 3022 2259 σπέρμα
3072 2190 3324 2258 πονηρὸν,
3357 2194 3445 2241 καὶ
3479 2188 3647 2258 ἄνομον

2114 2277 2284 2339 καλεῖ,
2319 2279 2410 2329 καὶ
2433 2278 2725 2347 ἀμπελῶνα
2757 2279 3005 2342 ἀκάνθας
3042 2280 3355 2348 ποιήσαντα.
3385 2279 3485 2330 Καὶ
3503 2277 3646 2329 ταῦτα

2119 2369 2214 2437 μὲν
2233 2370 2300 2421 τά
2345 2369 2732 2439 Ἡρακλέωνος,
2770 2370 2919 2439 ἅπερ
2951 2369 3342 2440 τολμηρότερον
3372 2369 3459 2421 καὶ
3486 2367 3644 2420 ἀσεϐέ-

2115 2474 2299 2527 στερον
2356 2457 2618 2527 εἰρημένα
2668 2458 2843 2528 ἐχρῆν
2909 2459 3051 2528 μετὰ
3103 2458 3298 2527 πολλῆς
3343 2455 3644 2524 κατασκευῆς

2113 2545 2497 2614 ἀποδεδεῖχθαι,
2539 2544 2697 2615 εἴπερ
2738 2542 2812 2615 ἦν
2851 2547 3046 2617 ἀληθῆ.
3077 2549 3191 2601 Ούκ
3213 2546 3326 2600 οἶδα
3363 2547 3416 2599 δέ
3437 2547 3541 2608 πῶς
3566 2543 3644 2597 καὶ

2113 2634 2238 2704 περὶ
2283 2635 2572 2698 ἀθανασίας
2612 2634 2797 2705 ψυχῆς
2841 2637 3082 2703 ἀπιστεῖ,
3141 2638 3215 2708 μὴ
3255 2635 3484 2691 ἐκλαϐὼν
3527 2634 3644 2687 πόσα

2115 2723 2505 2792 σημαίνεταιέκ
2519 2725 2615 2793 τῆς
2640 2743 2657 2774 ι
2684 2723 2944 2789 θάνατος,
2971 2745 2990 2779 ι
3019 2727 3218 2797 φωνῆς.
3235 2727 3540 2797 Καθορῶντα
3552 2724 3642 2792 γὰρ

2113 2811 2218 2864 ἔδει
2244 2813 2304 2864 τὸ
2327 2813 2716 2882 σημαινόμενον
2741 2817 2868 2884 μετ’
2909 2816 3247 2885 ἐπισκέψεως
3278 2817 3368 2868 καὶ
3403 2814 3643 2886 ἀκριϐείας

481 2895 876 2950 immortalitate
926 2896 1148 2962 dubitat,
1210 2912 1331 2951 cum
1379 2913 1482 2952 non
1524 2899 1834 2966 exposuerit
1885 2909 2014 2968 quot

2117 2900 2242 2952 ἰδεῖν
2274 2901 2480 2953 είκατά
2501 2902 2569 2953 τά
2599 2902 2788 2956 πάντα
2821 2901 3192 2975 σημαινόμενα
3232 2905 3388 2974 θνητή
3421 2906 3564 2957 ἐστιν.
3590 2903 3641 2954 El

481 2985 589 3040 sint
621 3000 686 3040 ex
741 2985 928 3039 mortis
973 3000 1102 3039 voce
1137 2987 1573 3054 signiﬁcationes.
1631 2990 1826 3042 Verum
1871 2991 2012 3043 enim

2120 2989 2214 3057 μὲν
2242 2987 2367 3057 γὰρ,
2406 2988 2486 3039 ὅτι
2513 2989 2740 3060 δεκτικὴ
2771 2991 3064 3061 ἁμαρτίας,
3104 2991 3247 3062 ψυχὴ
3274 2992 3328 3044 δὲ
3358 2993 3389 3061 ἡ
3426 2988 3638 3060 ἁμαρτά-

480 3075 833 3145 signilicatum
872 3076 1148 3143 oportebat
1177 3089 1297 3130 cum
1326 3077 1756 3131 consideratione
1810 3087 1863 3131 et
1896 3079 2017 3131 dili-

481 3164 658 3231 gentia
696 3165 906 3227 videre;
955 3172 1008 3216 et
1055 3178 1121 3215 an
1157 3164 1305 3230 juxta
1341 3178 1528 3218 omnes
1573 3164 2013 3232 signiﬁcationes,

480 3254 655 3306 anima
683 3255 749 3307 sit
775 3253 1032 3314 mortalis,
1072 3268 1237 3306 necne
1269 3269 1282 3304 :
1311 3268 1430 3306 nam
1457 3253 1498 3306 si
1541 3267 1606 3306 ex
1636 3269 1698 3306 eo
1726 3257 1866 3322 quod
1893 3271 2015 3322 pec-

481 3353 609 3392 care
637 3347 806 3404 potest
835 3340 1034 3401 anima,
1065 3341 1178 3407 ipsa
1218 3354 1335 3406 quae
1369 3349 1559 3408 peccat
1594 3342 1836 3406 moritur,
1853 3344 2012 3396 etiam

480 3443 580 3481 nos
633 3429 871 3481 eamdem
903 3429 1002 3481 hoc
1033 3430 1186 3482 modo
1233 3429 1513 3483 mortalem
1571 3430 1798 3485 dicimus
1832 3453 1843 3485 :
1875 3434 2014 3498 quod

482 3517 527 3570 si
557 3530 680 3569 vero
705 3515 1059 3570 uuiversalem
1089 3515 1488 3570 dissolutionem
1541 3527 1594 3573 et
1620 3519 2012 3574 demolitionem

482 3602 618 3670 ejus,
656 3613 878 3658 mortem
925 3603 1217 3668 existimat,
1265 3619 1361 3658 nos
1401 3621 1504 3659 non
1556 3607 1917 3673 admittemus,
1949 3621 2015 3662 ne

481 3695 662 3747 animo
681 3694 893 3761 quidem
926 3693 1187 3762 dispicere
1219 3693 1456 3748 valentes
1481 3695 1824 3750 substantiam
1870 3713 2016 3752 mor-

481 3783 640 3836 talem
677 3791 1038 3836 transeuntem
1068 3782 1119 3836 in
1175 3782 1497 3848 immortale,
1525 3793 1580 3838 et
1621 3795 1862 3840 naturam
1891 3803 2012 3841 cor-

479 3871 779 3941 ruptibilem
820 3871 872 3924 in
901 3871 952 3925 id
974 3872 1115 3938 quod
1147 3880 1229 3924 est
1275 3873 1714 3941 incorruptibile:
1743 3875 1842 3928 hoc
1873 3877 2013 3928 enim

478 3972 560 4017 est
583 3962 798 4031 perinde
831 3976 894 4014 ac
931 3961 974 4014 si
1004 3962 1304 4015 diceremus
1338 3963 1565 4015 transire
1609 3963 1807 4030 aliquid
1836 3979 1865 4015 a
1890 3979 2013 4018 cor-

477 4066 607 4120 pore
627 4053 678 4105 in
711 4066 821 4104 rem
851 4052 1214 4117 incorpoream
1240 4067 1254 4112 ;
1292 4052 1513 4118 perinde
1539 4054 1687 4116 quasi
1717 4052 2009 4117 subjectum

478 4141 690 4209 aliquod
741 4153 1028 4195 commune
1074 4141 1144 4192 sit
1194 4147 1399 4192 natura:
1434 4153 1714 4207 corporum
1753 4152 1806 4194 et
1835 4158 2012 4195 rerum

2114 3094 2274 3130 νουσα
2316 3077 2451 3147 αὑτὴ
2503 3077 2882 3144 ἀποθανεῖται,
2918 3083 3012 3134 καὶ
3063 3084 3220 3152 ἡμεῖς
3247 3081 3463 3153 ἐροῦμεν
3498 3079 3636 3148 αὐτὴν

2115 3166 2330 3236 θνητήν·
2366 3169 2411 3219 εί
2445 3168 2501 3220 δὲ
2533 3168 2630 3236 τὴν
2660 3171 2908 3241 παντελῆ
2938 3172 3176 3224 διάλυσιν
3205 3173 3297 3224 καὶ
3320 3169 3636 3240 ἐξαφανισμδν

2114 3259 2278 3325 αὐτῆς
2307 3258 2527 3310 θάνατον
2561 3259 2798 3327 νομίζει,
2842 3265 3001 3331 ἡμεῖς
3030 3263 3090 3315 οὐ
3136 3261 3513 3332 προσησόμεθα,
3539 3258 3636 3311 οὐδὲ

2117 3345 2275 3414 μέχρι
2314 3345 2552 3407 ἐπινοίας
2589 3343 2726 3399 ἰδεῖν
2759 3348 3046 3418 δυνάμενοι
3081 3349 3262 3402 οὐσίαν
3298 3348 3480 3419 θνητὴν
3507 3360 3638 3414 μετα-

2115 3430 2407 3483 ϐάλλουσαν
2461 3434 2539 3493 εἰς
2571 3432 2847 3488 ἀθάνατον
2885 3439 2979 3490 καὶ
3019 3438 3176 3505 φύσιν
3207 3435 3436 3507 φθαρτὴν
3467 3435 3546 3488 ἐπὶ
3590 3431 3640 3484 τδ

2113 3517 2400 3588 ἄφθαρτονο
2425 3521 2602 3588 ὅμοιον
2623 3522 2738 3591 γὰρ
2769 3525 2926 3577 τοῦτο
2951 3526 3028 3596 τῷ
3057 3527 3231 3593 λέγειν
3258 3523 3574 3594 μεταϐάλλειν
3594 3536 3639 3572 τι

2112 3607 2217 3658 ἀπὸ
2252 3607 2494 3676 σώματος
2537 3611 2615 3670 είς
2655 3611 2970 3682 ἀσώματον,
3014 3615 3089 3677 ὼς
3133 3614 3472 3684 ὑποκειμένου
3517 3608 3636 3670 τινὸς

2113 3693 2290 3745 κοινοῦ
2335 3695 2431 3762 τῆς
2476 3695 2583 3745 τῶν
2635 3699 2910 3766 σωμάτων
2959 3701 3053 3752 καὶ
3097 3702 3390 3770 ἀσωμάτων
3435 3699 3632 3765 φύσεως

2113 3783 2246 3852 ὅπερ
2275 3783 2440 3852 μένει,
2475 3783 2670 3855 ῶσπερ
2700 3788 2880 3856 μένειν
2906 3792 3039 3859 φασὶ
3058 3791 3118 3844 τὸ
3136 3792 3312 3844 ὑλικὸν
3338 3789 3509 3856 οἱπερὶ
3527 3783 3636 3838 ταῦ-

2111 3888 2178 3923 τα
2207 3873 2384 3932 δεινοὶ,
2416 3872 2522 3924 τῶν
2545 3878 2855 3946 ποιοτήτων
2891 3880 3330 3948 μεταϐαλλουσῶν
3361 3881 3433 3940 εἰς
3459 3876 3637 3944 ἀφθαρ-

2115 3961 2251 4012 σίαν.
2289 3961 2361 4012 Οὐ
2391 3960 2580 4012 ταυτὸν
2601 3961 2669 4014 δέ
2701 3966 2816 4016 ἐστι
2838 3965 2937 4035 τὴν
2956 3967 3198 4038 φθαρτὴν
3221 3967 3374 4036 φύσιν
3401 3961 3639 4018 ἐνδύεσθαι

2112 4049 2428 4120 ἀφθαρσίαν,
2458 4050 2549 4101 καὶ
2576 4049 2648 4100 τὸ
2674 4053 2773 4122 τὴν
2807 4054 3051 4125 φθαρτὴν
3088 4057 3425 4124 μεταϐάλλειν
3457 4055 3525 4114 εἰς
3552 4052 3638 4116 ἀφ·

2114 4139 2354 4209 θαρσίαν.
2382 4140 2461 4191 Τά
2483 4139 2526 4190 δ’
2559 4140 2708 4194 αὐτὰ
2733 4145 2827 4196 καὶ
2855 4146 2983 4215 περὶ
3011 4147 3106 4216 τῆς
3143 4147 3332 4217 θνητῆς
3360 4143 3569 4204 λεκτέον,
3589 4140 3638 4192 οὺ

478 4232 907 4299 incorporearum
946 4241 962 4280 :
996 4228 1135 4297 quod
1185 4235 1382 4292 manet,
1423 4229 1867 4294 quemadmodum
1910 4246 2015 4284 ma-

2116 4227 2538 4296 μεταϐαλλούσης
2566 4228 2672 4296 μὲν
2694 4235 2774 4294 είς
2804 4233 3124 4300 ἀθανασίαν,
3155 4236 3460 4305 ἐνδυομένης
3482 4233 3532 4285 δέ
3557 4230 3640 4283 αὑ-

478 4333 608 4371 nere
644 4318 827 4371 dicunt
884 4313 1158 4368 materiale
1203 4313 1348 4368 hisce
1398 4315 1452 4368 in
1500 4318 1658 4370 rebus
1697 4316 2010 4384 clarissime,

479 4405 824 4474 qualitatibus
881 4403 1280 4457 transeuntibus
1332 4403 1382 4456 in
1437 4403 2011 4473 incorruptibilitatem.

478 4494 738 4548 Caeterum
769 4507 868 4546 non
895 4492 1032 4545 idem
1077 4501 1162 4546 est
1205 4493 1599 4560 corruptibilem
1649 4503 1898 4548 naturam
1927 4496 2014 4548 in-

481 4583 644 4638 duere
690 4581 1164 4648 incorruptionem,
1213 4590 1267 4634 et
1307 4581 1705 4649 corruptibilem
1768 4593 2011 4637 naturam

477 4671 710 4726 transire
748 4673 801 4722 in
849 4669 1296 4734 incorruptionem
1326 4671 1392 4722 ".
1423 4670 1616 4724 Eadem
1659 4672 1816 4726 etiam
1864 4683 1918 4726 et
1947 4675 2011 4729 de

475 4771 664 4818 natura
710 4760 916 4814 mortali
955 4759 1174 4812 dicenda
1219 4769 1361 4824 sunt,
1410 4776 1526 4828 qua:
1564 4777 1666 4815 non
1705 4762 2013 4816 immutatur

475 4853 528 4906 in
556 4849 1026 4910 immortalitatem,
1053 4847 1144 4902 sed
1176 4863 1291 4903 eam
1325 4850 1517 4903 induit.
1552 4849 1816 4905 Praeterea
1842 4864 2012 4919 quan-

475 4940 754 5008 doquidem
785 4939 1066 4992 animalem
1096 4939 1323 4992 animam
1368 4940 1691 4993 existimavit
1723 4954 1818 5004 per
1846 4953 2007 5007 opera

474 5041 527 5084 ct
558 5043 768 5082 sensum
798 5030 1036 5090 credere,
1063 5043 1164 5082 non
1193 5039 1369 5081 autem
1395 5044 1488 5096 per
1515 5031 1793 5093 rationem,
1843 5029 2008 5081 inter-

477 5132 722 5184 rogemus
751 5131 869 5169 eum
899 5118 963 5169 de
994 5116 1174 5180 Paulo,
1207 5116 1355 5186 cujus
1380 5125 1581 5170 natura:
1617 5126 1731 5170 erat
1761 5132 1778 5172 :
1813 5132 1930 5170 nam
1962 5117 2004 5170 si

2106 4319 2220 4386 τήν.
2257 4317 2394 4378 Ἔτι,
2433 4317 2663 4387 ἐπείπερ
2695 4320 2796 4389 τὴν
2837 4322 3074 4394 ψυχικὴν
3103 4325 3258 4394 φύσιν
3288 4323 3431 4394 ᾠήθη
3463 4320 3560 4389 (76)
3584 4317 3638 4369 δι’

2107 4406 2277 4476 ἔργων
2305 4406 2398 4457 καὶ
2423 4405 2729 4476 αἰσθήσεως
2759 4412 3065 4476 πείθεσθαι,
3093 4415 3214 4483 οὐχὶ
3239 4415 3294 4466 δὲ
3323 4413 3501 4479 λόγων,
3530 4425 3641 4460 πευ-

2109 4492 2323 4561 σὼμεθα
2345 4491 2505 4544 αὑτοῦ
2527 4495 2659 4561 περὶ
2686 4483 3120 4564 Παύλουίποίας
3147 4501 3354 4568 φύσεως
3381 4495 3460 4569 ἦν’
3482 4499 3526 4549 εί
3559 4495 3642 4565 μὲν

2109 4580 2215 4649 γὰρ
2235 4580 2625 4649 πνευματικῆς,
2653 4585 2772 4647 πῶς
2799 4585 2890 4638 διὰ
2918 4588 3019 4656 τῆς
3047 4589 3326 4659 τεραστίου
3359 4584 3641 4654 ἐπιφανείας

2114 4667 2497 4729 πεπίστευκεν;
2524 4669 2572 4719 εἰ
2592 4669 2637 4720 δ’
2665 4672 2766 4723 οὐκ
2782 4672 2957 4737 ἄλλως
2988 4676 3208 4729 ἐδύνατο
3233 4675 3494 4727 πιστεύειν
3517 4672 3548 4741 ἢ
3569 4669 3642 4722 διὰ

2112 4757 2209 4826 τῆς
2231 4756 2506 4826 τεραστίου
2537 4759 2880 4827 ἐπιφανείας,
2912 4765 3196 4819 ἀκολουθεῖ
3222 4767 3335 4819 κατ’
3366 4765 3544 4824 αὐτοὺς
3564 4759 3642 4814 καὶ

2113 4845 2272 4898 αὑτὸν
2302 4842 2438 4898 εἶναι
2463 4846 2714 4915 ψυχικόν.
2764 4853 2890 4916 Πῶς
2921 4853 2979 4906 δέ
3012 4856 3107 4907 καὶ
3145 4855 3336 4918 ἀπὸἐς
3356 4855 3416 4906 τὸ
3444 4853 3539 4922 πρὸ
3562 4849 3641 4902 τοῦ

2113 4934 2446 5004 Δημιουργοῠ
2474 4937 2599 4998 τοὺς
2647 4939 2912 5007 ἀγγέλους
2951 4944 3114 4996 αὐτοῦ
3147 4945 3364 5016 θεωρεῖν
3406 4943 3464 4995 τὸ
3494 4943 3642 5010 tepui-

2115 5026 2268 5093 μένον
2302 5028 2394 5078 καὶ
2425 5025 2483 5077 τὸ
2511 5026 2802 5097 εἰλικρινὲς
2851 5033 2952 5101 τῆς
2992 5035 3262 5097 πολιτείας
3297 5036 3398 5086 τῶν
3427 5032 3521 5086 ὑπὸ
3561 5032 3643 5098 τῆς

2107 5115 2379 5182 δυνάμεως
2427 5114 2518 5166 τοῦ
2556 5117 2811 5188 Σωτῆρος
2850 5122 3264 5190 βελτιωθέντων,
3300 5125 3388 5178 καὶ
3412 5121 3546 5192 παρὰ
3591 5117 3642 5169 τδ

542 5224 586 5254 ⁸³
613 5223 747 5277 Gen.
781 5238 855 5286 vr,
882 5223 938 5274 ‘2.
1006 5224 1050 5254 "
1085 5223 1268 5277 Matth.
1303 5239 1421 5287 vui,
1471 5224 1558 5278 19.
1630 5227 1674 5258 ⁸⁵
1699 5226 1797 5279 lsa.
1828 5240 1864 5287 ι,
1894 5225 1945 5277 2.

2116 5225 2216 5277 bid.
2248 5225 2301 5277 4.
2373 5225 2461 5312 ’ξι
2490 5223 2614 5277 Cor.
2649 5242 2741 5291 xv,
2771 5229 2862 5284 55.

548 5335 656 5398 (75)
680 5334 843 5388 Codd.
879 5337 1196 5391 Bodleianus
1234 5347 1286 5390 et
1311 5339 1652 5402 Barberinus,
1689 5341 2011 5394 πολιτεύοιν-

476 5419 570 5477 τρι
614 5402 826 5477 βοείας,
873 5420 1182 5477 pc_rperam_,
1217 5406 1511 5477 πολιτεύειν
1556 5411 1644 5471 τό,
1701 5411 1853 5477 cujus
1899 5410 2012 5464 loco

482 5470 704 5522 lluetius
734 5484 798 5522 ex
830 5471 1134 5537 conjectura
1158 5471 1364 5538 legebat
1388 5470 1740 5532 πολιτεύουσι.

2189 5340 2296 5425 (39)
2321 5341 2497 5425 Codex
2538 5341 2889 5425 Bodleianus,
2918 5361 3087 5418 recte,
3117 5353 3266 5425 ᾠήθη
3284 5371 3296 5383 ·
3322 5352 3507 5425 Regius
3529 5361 3641 5425 vero

2113 5408 2314 5493 YOBOﬁ;
2345 5410 2496 5476 cuius
2525 5408 2908 5493 ,ἱρεοίξυειίυε
2936 5435 3003 5476 ex
3051 5408 3352 5493 c'onjéct'ura
3394 5408 3488 5490 l‘égi
3522 5415 3637 5471 vole-

2116 5477 2204 5530 bat
2234 5477 2415 5548 ἐνόησε
2443 5478 2536 5532 vel
2569 5479 2785 5554 ἐνοήθη.
