  <div class='ocr_page' id='page_1' title='image "/cluster/home/n/w/nwhite01/storage/ocr_20150623/14 (Origen; pt. 4)/nyp.33433081862280/268.png"; bbox 0 0 3828 6186; ppageno 0'>
   <div class='ocr_carea' id='block_1_1' title="bbox 291 211 394 265">
    <p class='ocr_par' dir='ltr' id='par_1_1' title="bbox 291 211 394 265">
     <span class='ocr_line' id='line_1_1' title="bbox 291 211 394 265; baseline -0.039 0"><span class='ocrx_word' id='word_1_1' title='bbox 291 211 394 265; x_wconf 72' lang='grc'><strong>517</strong></span> 
     </span>
    </p>
   </div>
   <div class='ocr_carea' id='block_1_2' title="bbox 1355 176 2466 268">
    <p class='ocr_par' dir='ltr' id='par_1_2' title="bbox 1355 176 2466 268">
     <span class='ocr_line' id='line_1_2' title="bbox 1355 176 2466 268; baseline -0.001 -2"><span class='ocrx_word' id='word_1_2' title='bbox 1355 213 1706 268; x_wconf 58' lang='grc' dir='ltr'>οοιιιιειετ.</span> <span class='ocrx_word' id='word_1_3' title='bbox 1745 176 1807 264; x_wconf 70' lang='lat' dir='ltr'><strong>liv</strong></span> <span class='ocrx_word' id='word_1_4' title='bbox 1843 211 2025 265; x_wconf 82' lang='lat' dir='ltr'><strong>JOAN.</strong></span> <span class='ocrx_word' id='word_1_5' title='bbox 2064 212 2294 264; x_wconf 81' lang='lat' dir='ltr'><strong>TOMUS</strong></span> <span class='ocrx_word' id='word_1_6' title='bbox 2331 210 2466 265; x_wconf 79' lang='lat' dir='ltr'><strong>xm.</strong></span> 
     </span>
    </p>
   </div>
   <div class='ocr_carea' id='block_1_3' title="bbox 3365 213 3468 268">
    <p class='ocr_par' dir='ltr' id='par_1_3' title="bbox 3365 213 3468 268">
     <span class='ocr_line' id='line_1_3' title="bbox 3365 213 3468 268; baseline 0.029 -4"><span class='ocrx_word' id='word_1_7' title='bbox 3365 213 3468 268; x_wconf 73' lang='grc'><strong>518</strong></span> 
     </span>
    </p>
   </div>
   <div class='ocr_carea' id='block_1_4' title="bbox 287 319 1833 395">
    <p class='ocr_par' dir='ltr' id='par_1_4' title="bbox 287 319 1833 395">
     <span class='ocr_line' id='line_1_4' title="bbox 287 319 1833 395; baseline 0 -21"><span class='ocrx_word' id='word_1_8' title='bbox 287 321 514 393; x_wconf 74' lang='grc' dir='ltr'>ἐναργὲς</span> <span class='ocrx_word' id='word_1_9' title='bbox 554 319 648 373; x_wconf 82' lang='grc' dir='ltr'>τοῦ</span> <span class='ocrx_word' id='word_1_10' title='bbox 681 322 812 393; x_wconf 76' lang='grc' dir='ltr'>περὶ</span> <span class='ocrx_word' id='word_1_11' title='bbox 851 324 946 376; x_wconf 82' lang='grc' dir='ltr'>τοῦ</span> <span class='ocrx_word' id='word_1_12' title='bbox 984 323 1315 395; x_wconf 83' lang='grc' dir='ltr'>Δημιουργοῦ</span> <span class='ocrx_word' id='word_1_13' title='bbox 1352 325 1524 391; x_wconf 87' lang='grc' dir='ltr'>λόγου,</span> <span class='ocrx_word' id='word_1_14' title='bbox 1548 323 1624 375; x_wconf 73' lang='grc' dir='ltr'>ἔτι</span> <span class='ocrx_word' id='word_1_15' title='bbox 1652 325 1705 376; x_wconf 81' lang='grc' dir='ltr'><strong>δὲ</strong></span> <span class='ocrx_word' id='word_1_16' title='bbox 1758 324 1833 375; x_wconf 53' lang='grc' dir='ltr'><strong>καιἰ</strong></span> 
     </span>
    </p>
   </div>
   <div class='ocr_carea' id='block_1_5' title="bbox 1940 319 3468 395">
    <p class='ocr_par' dir='ltr' id='par_1_5' title="bbox 1950 319 3468 391">
     <span class='ocr_line' id='line_1_5' title="bbox 1950 319 3468 391; baseline 0 -17"><span class='ocrx_word' id='word_1_17' title='bbox 1950 333 2071 374; x_wconf 85' lang='lat' dir='ltr'><strong>natu</strong></span> <span class='ocrx_word' id='word_1_18' title='bbox 2083 338 2152 375; x_wconf 68' lang='lat' dir='ltr'><strong>rte</strong></span> <span class='ocrx_word' id='word_1_19' title='bbox 2173 322 2480 390; x_wconf 87' lang='lat' dir='ltr'><strong>spiritualis,</strong></span> <span class='ocrx_word' id='word_1_20' title='bbox 2506 319 2772 391; x_wconf 88' lang='lat' dir='ltr'><strong>quomodo</strong></span> <span class='ocrx_word' id='word_1_21' title='bbox 2803 334 2896 389; x_wconf 90' lang='lat' dir='ltr'><strong>per</strong></span> <span class='ocrx_word' id='word_1_22' title='bbox 2921 320 3273 390; x_wconf 85' lang='lat' dir='ltr'><strong>prodigiosam</strong></span> <span class='ocrx_word' id='word_1_23' title='bbox 3303 337 3468 390; x_wconf 79' lang='lat' dir='ltr'><strong>appa-</strong></span> 
     </span>
    </p>
   </div>
   <div class='ocr_carea' id='block_1_6' title="bbox 287 411 1844 483">
    <p class='ocr_par' dir='ltr' id='par_1_6' title="bbox 287 411 1844 483">
     <span class='ocr_line' id='line_1_6' title="bbox 287 411 1844 483; baseline 0 -21"><span class='ocrx_word' id='word_1_24' title='bbox 287 411 446 482; x_wconf 80' lang='grc' dir='ltr'>παρὰ</span> <span class='ocrx_word' id='word_1_25' title='bbox 476 412 574 482; x_wconf 78' lang='grc' dir='ltr'>τὴν</span> <span class='ocrx_word' id='word_1_26' title='bbox 605 411 830 483; x_wconf 78' lang='grc' dir='ltr'>Γραφὴν</span> <span class='ocrx_word' id='word_1_27' title='bbox 855 412 955 482; x_wconf 84' lang='grc' dir='ltr'>τὴν</span> <span class='ocrx_word' id='word_1_28' title='bbox 970 413 1240 479; x_wconf 73' lang='grc' dir='ltr'>λέγουσανο</span> <span class='ocrx_word' id='word_1_29' title='bbox 1277 433 1296 463; x_wconf 74' lang='grc' dir='ltr'><strong>ι</strong></span> <span class='ocrx_word' id='word_1_30' title='bbox 1332 412 1730 480; x_wconf 78' lang='grc' dir='ltr'>Εἰκρυϐήσεται</span> <span class='ocrx_word' id='word_1_31' title='bbox 1756 412 1844 464; x_wconf 66' lang='grc' dir='ltr'><strong>ἄνθ</strong></span> 
     </span>
    </p>
   </div>
   <div class='ocr_carea' id='block_1_7' title="bbox 285 497 1839 567">
    <p class='ocr_par' dir='ltr' id='par_1_7' title="bbox 285 497 1839 567">
     <span class='ocr_line' id='line_1_7' title="bbox 285 497 1839 567; baseline 0.001 -21"><span class='ocrx_word' id='word_1_32' title='bbox 285 497 507 566; x_wconf 83' lang='grc' dir='ltr'>θρωπος</span> <span class='ocrx_word' id='word_1_33' title='bbox 536 499 593 548; x_wconf 85' lang='grc' dir='ltr'><strong>ἐν</strong></span> <span class='ocrx_word' id='word_1_34' title='bbox 618 499 927 566; x_wconf 80' lang='grc' dir='ltr'><strong>κρυφαίοις,</strong></span> <span class='ocrx_word' id='word_1_35' title='bbox 956 497 1106 565; x_wconf 84' lang='grc' dir='ltr'>κάγὼ</span> <span class='ocrx_word' id='word_1_36' title='bbox 1132 499 1228 550; x_wconf 87' lang='grc' dir='ltr'><strong>οὐκ</strong></span> <span class='ocrx_word' id='word_1_37' title='bbox 1247 499 1441 567; x_wconf 67' lang='grc' dir='ltr'>ὂψομαι</span> <span class='ocrx_word' id='word_1_38' title='bbox 1472 497 1660 560; x_wconf 83' lang='grc' dir='ltr'>αὐτόν;</span> <span class='ocrx_word' id='word_1_39' title='bbox 1692 515 1710 547; x_wconf 71' lang='grc' dir='ltr'>ι</span> <span class='ocrx_word' id='word_1_40' title='bbox 1730 497 1839 548; x_wconf 89' lang='grc' dir='ltr'>καί·</span> 
     </span>
    </p>
   </div>
   <div class='ocr_carea' id='block_1_8' title="bbox 288 583 1843 656">
    <p class='ocr_par' dir='ltr' id='par_1_8' title="bbox 288 583 1843 656">
     <span class='ocr_line' id='line_1_8' title="bbox 288 583 1843 656; baseline -0.001 -21"><span class='ocrx_word' id='word_1_41' title='bbox 288 602 308 634; x_wconf 73' lang='grc' dir='ltr'><strong>ι</strong></span> <span class='ocrx_word' id='word_1_42' title='bbox 353 584 561 654; x_wconf 78' lang='grc' dir='ltr'>Κύριος</span> <span class='ocrx_word' id='word_1_43' title='bbox 589 585 797 646; x_wconf 75' lang='grc' dir='ltr'>ἐτάζων</span> <span class='ocrx_word' id='word_1_44' title='bbox 827 586 1053 656; x_wconf 76' lang='grc' dir='ltr'>νεφροὺς</span> <span class='ocrx_word' id='word_1_45' title='bbox 1085 586 1175 638; x_wconf 75' lang='grc' dir='ltr'><strong>καὶ</strong></span> <span class='ocrx_word' id='word_1_46' title='bbox 1203 586 1449 654; x_wconf 87' lang='grc' dir='ltr'>καρδίας;</span> <span class='ocrx_word' id='word_1_47' title='bbox 1485 603 1503 635; x_wconf 72' lang='grc' dir='ltr'>ι</span> <span class='ocrx_word' id='word_1_48' title='bbox 1541 583 1651 636; x_wconf 85' lang='grc' dir='ltr'>καί·</span> <span class='ocrx_word' id='word_1_49' title='bbox 1694 602 1711 634; x_wconf 80' lang='grc' dir='ltr'><strong>ι</strong></span> <span class='ocrx_word' id='word_1_50' title='bbox 1734 583 1843 635; x_wconf 86' lang='grc' dir='ltr'><strong>Κύ-</strong></span> 
     </span>
    </p>
   </div>
   <div class='ocr_carea' id='block_1_9' title="bbox 288 671 1838 744">
    <p class='ocr_par' dir='ltr' id='par_1_9' title="bbox 288 671 1838 744">
     <span class='ocr_line' id='line_1_9' title="bbox 288 671 1838 744; baseline -0.001 -18"><span class='ocrx_word' id='word_1_51' title='bbox 288 692 402 744; x_wconf 79' lang='grc' dir='ltr'>ριος</span> <span class='ocrx_word' id='word_1_52' title='bbox 449 674 737 742; x_wconf 67' lang='grc' dir='ltr'>γινώσκων</span> <span class='ocrx_word' id='word_1_53' title='bbox 785 677 912 738; x_wconf 83' lang='grc' dir='ltr'>τοὺς</span> <span class='ocrx_word' id='word_1_54' title='bbox 956 677 1324 743; x_wconf 73' lang='grc' dir='ltr'>διαλογισμοὺς</span> <span class='ocrx_word' id='word_1_55' title='bbox 1370 674 1475 726; x_wconf 84' lang='grc' dir='ltr'>τῶν</span> <span class='ocrx_word' id='word_1_56' title='bbox 1527 671 1838 743; x_wconf 80' lang='grc' dir='ltr'>ἀνθρώπων,</span> 
     </span>
    </p>
   </div>
   <div class='ocr_carea' id='block_1_10' title="bbox 286 757 1842 833">
    <p class='ocr_par' dir='ltr' id='par_1_10' title="bbox 286 757 1842 833">
     <span class='ocr_line' id='line_1_10' title="bbox 286 757 1842 833; baseline -0.002 -18"><span class='ocrx_word' id='word_1_57' title='bbox 286 763 390 815; x_wconf 72' lang='grc' dir='ltr'>κᾶν</span> <span class='ocrx_word' id='word_1_58' title='bbox 420 757 525 814; x_wconf 79' lang='grc' dir='ltr'>ὦσι</span> <span class='ocrx_word' id='word_1_59' title='bbox 554 765 807 833; x_wconf 62' lang='lat' dir='ltr'><strong>pararet;</strong></span> <span class='ocrx_word' id='word_1_60' title='bbox 852 783 870 814; x_wconf 74' lang='grc' dir='ltr'>ι</span> <span class='ocrx_word' id='word_1_61' title='bbox 907 764 1029 826; x_wconf 83' lang='grc' dir='ltr'>Πῶς</span> <span class='ocrx_word' id='word_1_62' title='bbox 1055 765 1110 816; x_wconf 85' lang='grc' dir='ltr'><strong>δὲ</strong></span> <span class='ocrx_word' id='word_1_63' title='bbox 1140 763 1296 816; x_wconf 87' lang='grc' dir='ltr'>σώσει</span> <span class='ocrx_word' id='word_1_64' title='bbox 1329 763 1420 814; x_wconf 75' lang='grc' dir='ltr'><strong>καὶ</strong></span> <span class='ocrx_word' id='word_1_65' title='bbox 1448 763 1524 814; x_wconf 88' lang='grc' dir='ltr'>τό·</span> <span class='ocrx_word' id='word_1_66' title='bbox 1552 781 1570 812; x_wconf 78' lang='grc' dir='ltr'>ι</span> <span class='ocrx_word' id='word_1_67' title='bbox 1605 763 1660 813; x_wconf 84' lang='lat'><strong>&#39;0</strong></span> <span class='ocrx_word' id='word_1_68' title='bbox 1691 757 1842 822; x_wconf 86' lang='grc' dir='ltr'>εἰδὼς</span> 
     </span>
    </p>
   </div>
   <div class='ocr_carea' id='block_1_11' title="bbox 283 847 1841 920">
    <p class='ocr_par' dir='ltr' id='par_1_11' title="bbox 283 847 1841 920">
     <span class='ocr_line' id='line_1_11' title="bbox 283 847 1841 920; baseline -0.001 -20"><span class='ocrx_word' id='word_1_69' title='bbox 283 850 350 900; x_wconf 82' lang='grc' dir='ltr'>τὰ</span> <span class='ocrx_word' id='word_1_70' title='bbox 372 851 558 902; x_wconf 80' lang='grc' dir='ltr'>πάντα</span> <span class='ocrx_word' id='word_1_71' title='bbox 585 851 714 920; x_wconf 64' lang='grc' dir='ltr'>πρὶν</span> <span class='ocrx_word' id='word_1_72' title='bbox 741 851 1002 917; x_wconf 90' lang='grc' dir='ltr'>γενέσεως</span> <span class='ocrx_word' id='word_1_73' title='bbox 1027 849 1232 913; x_wconf 85' lang='grc' dir='ltr'>αὺτῶν;</span> <span class='ocrx_word' id='word_1_74' title='bbox 1276 869 1293 900; x_wconf 73' lang='grc' dir='ltr'><strong>ι</strong></span> <span class='ocrx_word' id='word_1_75' title='bbox 1323 849 1400 900; x_wconf 74' lang='grc' dir='ltr'>ἔτι</span> <span class='ocrx_word' id='word_1_76' title='bbox 1441 849 1496 900; x_wconf 83' lang='grc' dir='ltr'>δὲ</span> <span class='ocrx_word' id='word_1_77' title='bbox 1525 847 1716 917; x_wconf 83' lang='grc' dir='ltr'>μᾶλλον</span> <span class='ocrx_word' id='word_1_78' title='bbox 1737 849 1783 899; x_wconf 88' lang='grc' dir='ltr'><strong>εἰ</strong></span> <span class='ocrx_word' id='word_1_79' title='bbox 1808 849 1841 916; x_wconf 85' lang='grc' dir='ltr'>ή</span> 
     </span>
    </p>
   </div>
   <div class='ocr_carea' id='block_1_12' title="bbox 282 935 1840 1007">
    <p class='ocr_par' dir='ltr' id='par_1_12' title="bbox 282 935 1840 1007">
     <span class='ocr_line' id='line_1_12' title="bbox 282 935 1840 1007; baseline 0.001 -21"><span class='ocrx_word' id='word_1_80' title='bbox 282 936 443 1002; x_wconf 76' lang='grc' dir='ltr'>φύσις</span> <span class='ocrx_word' id='word_1_81' title='bbox 470 936 935 1007; x_wconf 80' lang='grc' dir='ltr'><strong>χαρακτηρίζεται</strong></span> <span class='ocrx_word' id='word_1_82' title='bbox 967 938 1056 988; x_wconf 82' lang='grc' dir='ltr'>τοῦ</span> <span class='ocrx_word' id='word_1_83' title='bbox 1101 937 1333 999; x_wconf 86' lang='grc' dir='ltr'>ἰαθέντος</span> <span class='ocrx_word' id='word_1_84' title='bbox 1354 937 1458 989; x_wconf 86' lang='grc' dir='ltr'>ἀπὸ</span> <span class='ocrx_word' id='word_1_85' title='bbox 1490 937 1580 987; x_wconf 76' lang='grc' dir='ltr'>τοῦ</span> <span class='ocrx_word' id='word_1_86' title='bbox 1617 935 1840 1006; x_wconf 84' lang='grc' dir='ltr'>ἀριθμοῦ</span> 
     </span>
    </p>
   </div>
   <div class='ocr_carea' id='block_1_13' title="bbox 281 1023 1841 1094">
    <p class='ocr_par' dir='ltr' id='par_1_13' title="bbox 281 1023 1841 1094">
     <span class='ocr_line' id='line_1_13' title="bbox 281 1023 1841 1094; baseline 0 -20"><span class='ocrx_word' id='word_1_87' title='bbox 281 1024 382 1091; x_wconf 83' lang='grc' dir='ltr'>τῆς</span> <span class='ocrx_word' id='word_1_88' title='bbox 419 1024 597 1093; x_wconf 80' lang='grc' dir='ltr'>ὥρας,</span> <span class='ocrx_word' id='word_1_89' title='bbox 631 1027 716 1094; x_wconf 82' lang='grc' dir='ltr'><strong>εἰη</strong></span> <span class='ocrx_word' id='word_1_90' title='bbox 747 1025 904 1093; x_wconf 81' lang='grc' dir='ltr'><strong>φύσις</strong></span> <span class='ocrx_word' id='word_1_91' title='bbox 928 1027 1025 1094; x_wconf 82' lang='grc' dir='ltr'><strong>τῆς</strong></span> <span class='ocrx_word' id='word_1_92' title='bbox 1055 1027 1245 1087; x_wconf 81' lang='grc' dir='ltr'>ἰάσεως</span> <span class='ocrx_word' id='word_1_93' title='bbox 1283 1025 1532 1094; x_wconf 79' lang='grc' dir='ltr'><strong>γινομένη</strong></span> <span class='ocrx_word' id='word_1_94' title='bbox 1559 1023 1633 1093; x_wconf 83' lang='grc' dir='ltr'><strong>τῷ</strong></span> <span class='ocrx_word' id='word_1_95' title='bbox 1662 1025 1841 1093; x_wconf 81' lang='grc' dir='ltr'>οἰκείῳ</span> 
     </span>
    </p>
   </div>
   <div class='ocr_carea' id='block_1_14' title="bbox 281 1109 1842 1182">
    <p class='ocr_par' dir='ltr' id='par_1_14' title="bbox 281 1109 1842 1182">
     <span class='ocr_line' id='line_1_14' title="bbox 281 1109 1842 1182; baseline 0 -20"><span class='ocrx_word' id='word_1_96' title='bbox 281 1114 345 1179; x_wconf 81' lang='grc' dir='ltr'>τῇ</span> <span class='ocrx_word' id='word_1_97' title='bbox 382 1112 697 1164; x_wconf 75' lang='grc' dir='ltr'>ἀναπαύσει</span> <span class='ocrx_word' id='word_1_98' title='bbox 730 1113 975 1182; x_wconf 82' lang='grc' dir='ltr'>ἀριθμῷ;</span> <span class='ocrx_word' id='word_1_99' title='bbox 1009 1113 1079 1164; x_wconf 85' lang='grc' dir='ltr'>Τὸ</span> <span class='ocrx_word' id='word_1_100' title='bbox 1120 1113 1174 1164; x_wconf 85' lang='grc' dir='ltr'>δὲ</span> <span class='ocrx_word' id='word_1_101' title='bbox 1215 1112 1500 1182; x_wconf 78' lang='grc' dir='ltr'>διαφθορᾶς</span> <span class='ocrx_word' id='word_1_102' title='bbox 1535 1109 1668 1163; x_wconf 74' lang='grc' dir='ltr'>εἶναι</span> <span class='ocrx_word' id='word_1_103' title='bbox 1691 1112 1842 1180; x_wconf 73' lang='grc' dir='ltr'>ψυχι-</span> 
     </span>
    </p>
   </div>
   <div class='ocr_carea' id='block_1_15' title="bbox 281 1185 1839 1270">
    <p class='ocr_par' dir='ltr' id='par_1_15' title="bbox 281 1185 1839 1270">
     <span class='ocr_line' id='line_1_15' title="bbox 281 1185 1839 1270; baseline 0.001 -22"><span class='ocrx_word' id='word_1_104' title='bbox 281 1199 414 1262; x_wconf 82' lang='grc' dir='ltr'>κῶν,</span> <span class='ocrx_word' id='word_1_105' title='bbox 446 1202 541 1251; x_wconf 80' lang='grc' dir='ltr'><strong>ἐπὶ</strong></span> <span class='ocrx_word' id='word_1_106' title='bbox 567 1200 711 1252; x_wconf 85' lang='grc' dir='ltr'>τέλει</span> <span class='ocrx_word' id='word_1_107' title='bbox 746 1194 818 1252; x_wconf 84' lang='grc' dir='ltr'>ὧν</span> <span class='ocrx_word' id='word_1_108' title='bbox 853 1200 1158 1270; x_wconf 82' lang='grc' dir='ltr'>ἐξεθέμεθα,</span> <span class='ocrx_word' id='word_1_109' title='bbox 1189 1185 1278 1252; x_wconf 57' lang='grc' dir='ltr'><strong>ὥτ’</strong></span> <span class='ocrx_word' id='word_1_110' title='bbox 1323 1200 1482 1252; x_wconf 78' lang='grc' dir='ltr'>αὑτοῦ</span> <span class='ocrx_word' id='word_1_111' title='bbox 1525 1201 1839 1270; x_wconf 89' lang='grc' dir='ltr'>εἰρημένων,</span> 
     </span>
    </p>
   </div>
   <div class='ocr_carea' id='block_1_16' title="bbox 277 1285 1840 1356">
    <p class='ocr_par' dir='ltr' id='par_1_16' title="bbox 277 1285 1840 1356">
     <span class='ocr_line' id='line_1_16' title="bbox 277 1285 1840 1356; baseline 0.004 -22"><span class='ocrx_word' id='word_1_112' title='bbox 277 1285 796 1355; x_wconf 78' lang='grc' dir='ltr'>ἀναγεγραμμένον,</span> <span class='ocrx_word' id='word_1_113' title='bbox 831 1287 1108 1356; x_wconf 81' lang='grc' dir='ltr'>ὁμωνυμία</span> <span class='ocrx_word' id='word_1_114' title='bbox 1141 1288 1412 1356; x_wconf 79' lang='grc' dir='ltr'>χρωμένου</span> <span class='ocrx_word' id='word_1_115' title='bbox 1450 1288 1581 1350; x_wconf 74' lang='grc' dir='ltr'>ἐστὶ,</span> <span class='ocrx_word' id='word_1_116' title='bbox 1606 1290 1697 1340; x_wconf 73' lang='grc' dir='ltr'><strong>καὶ</strong></span> <span class='ocrx_word' id='word_1_117' title='bbox 1727 1289 1840 1340; x_wconf 80' lang='grc' dir='ltr'>ἐτέ-</span> 
     </span>
    </p>
   </div>
   <div class='ocr_carea' id='block_1_17' title="bbox 282 1375 1764 1446">
    <p class='ocr_par' dir='ltr' id='par_1_17' title="bbox 282 1375 1764 1446">
     <span class='ocr_line' id='line_1_17' title="bbox 282 1375 1764 1446; baseline 0.003 -21"><span class='ocrx_word' id='word_1_118' title='bbox 282 1390 382 1442; x_wconf 90' lang='grc' dir='ltr'><strong>ραν</strong></span> <span class='ocrx_word' id='word_1_119' title='bbox 413 1375 580 1442; x_wconf 76' lang='grc' dir='ltr'>φύσιν</span> <span class='ocrx_word' id='word_1_120' title='bbox 609 1378 917 1442; x_wconf 72' lang='grc' dir='ltr'>εἰσάγοντος</span> <span class='ocrx_word' id='word_1_121' title='bbox 941 1376 1219 1446; x_wconf 81' lang='grc' dir='ltr'>τετάρτην,</span> <span class='ocrx_word' id='word_1_122' title='bbox 1253 1377 1386 1446; x_wconf 81' lang='grc' dir='ltr'>ὅπερ</span> <span class='ocrx_word' id='word_1_123' title='bbox 1415 1377 1472 1427; x_wconf 86' lang='grc' dir='ltr'><strong>οὐ</strong></span> <span class='ocrx_word' id='word_1_124' title='bbox 1505 1375 1764 1444; x_wconf 79' lang='grc' dir='ltr'>βούλεται.</span> 
     </span>
    </p>
   </div>
   <div class='ocr_carea' id='block_1_18' title="bbox 1951 411 3471 479">
    <p class='ocr_par' dir='ltr' id='par_1_18' title="bbox 1951 411 3471 479">
     <span class='ocr_line' id='line_1_18' title="bbox 1951 411 3471 479; baseline 0 -15"><span class='ocrx_word' id='word_1_125' title='bbox 1951 412 2194 465; x_wconf 85' lang='lat' dir='ltr'><strong>ritionem</strong></span> <span class='ocrx_word' id='word_1_126' title='bbox 2247 411 2510 464; x_wconf 74' lang='lat' dir='ltr'><strong>credidit?</strong></span> <span class='ocrx_word' id='word_1_127' title='bbox 2569 411 2706 478; x_wconf 89' lang='lat' dir='ltr'><strong>quod</strong></span> <span class='ocrx_word' id='word_1_128' title='bbox 2761 411 2805 464; x_wconf 91' lang='lat' dir='ltr'><strong>si</strong></span> <span class='ocrx_word' id='word_1_129' title='bbox 2862 425 2966 463; x_wconf 92' lang='lat' dir='ltr'><strong>non</strong></span> <span class='ocrx_word' id='word_1_130' title='bbox 3000 411 3154 465; x_wconf 90' lang='lat' dir='ltr'><strong>aliter</strong></span> <span class='ocrx_word' id='word_1_131' title='bbox 3185 427 3340 479; x_wconf 88' lang='lat' dir='ltr'><strong>quam</strong></span> <span class='ocrx_word' id='word_1_132' title='bbox 3376 427 3471 479; x_wconf 80' lang='lat' dir='ltr'><strong>per</strong></span> 
     </span>
    </p>
   </div>
   <div class='ocr_carea' id='block_1_19' title="bbox 1950 498 3472 565">
    <p class='ocr_par' dir='ltr' id='par_1_19' title="bbox 1950 498 3472 565">
     <span class='ocr_line' id='line_1_19' title="bbox 1950 498 3472 565; baseline 0.001 -15"><span class='ocrx_word' id='word_1_133' title='bbox 1950 499 2326 565; x_wconf 87' lang='lat' dir='ltr'><strong>apparitionem</strong></span> <span class='ocrx_word' id='word_1_134' title='bbox 2383 498 2735 564; x_wconf 86' lang='lat' dir='ltr'><strong>prodigiosam</strong></span> <span class='ocrx_word' id='word_1_135' title='bbox 2781 498 2998 551; x_wconf 84' lang='lat' dir='ltr'><strong>credere</strong></span> <span class='ocrx_word' id='word_1_136' title='bbox 3040 508 3264 565; x_wconf 81' lang='lat' dir='ltr'><strong>poterat,</strong></span> <span class='ocrx_word' id='word_1_137' title='bbox 3286 514 3472 552; x_wconf 89' lang='lat' dir='ltr'><strong>conse-</strong></span> 
     </span>
    </p>
   </div>
   <div class='ocr_carea' id='block_1_20' title="bbox 1949 585 3469 654">
    <p class='ocr_par' dir='ltr' id='par_1_20' title="bbox 1949 585 3469 654">
     <span class='ocr_line' id='line_1_20' title="bbox 1949 585 3469 654; baseline 0.001 -16"><span class='ocrx_word' id='word_1_138' title='bbox 1949 588 2127 653; x_wconf 94' lang='lat' dir='ltr'><strong>quitur</strong></span> <span class='ocrx_word' id='word_1_139' title='bbox 2152 587 2298 654; x_wconf 83' lang='lat' dir='ltr'><strong>juxta</strong></span> <span class='ocrx_word' id='word_1_140' title='bbox 2326 585 2533 638; x_wconf 89' lang='lat' dir='ltr'><strong>illorum</strong></span> <span class='ocrx_word' id='word_1_141' title='bbox 2563 587 2862 654; x_wconf 82' lang='lat' dir='ltr'><strong>Opinionem</strong></span> <span class='ocrx_word' id='word_1_142' title='bbox 2890 587 3049 639; x_wconf 89' lang='lat' dir='ltr'><strong>etiam</strong></span> <span class='ocrx_word' id='word_1_143' title='bbox 3079 586 3248 653; x_wconf 89' lang='lat' dir='ltr'><strong>ipsum</strong></span> <span class='ocrx_word' id='word_1_144' title='bbox 3271 587 3469 639; x_wconf 83' lang='lat' dir='ltr'><strong>anima-</strong></span> 
     </span>
    </p>
   </div>
   <div class='ocr_carea' id='block_1_21' title="bbox 1949 673 3466 742">
    <p class='ocr_par' dir='ltr' id='par_1_21' title="bbox 1949 673 3466 742">
     <span class='ocr_line' id='line_1_21' title="bbox 1949 673 3466 742; baseline 0.002 -16"><span class='ocrx_word' id='word_1_145' title='bbox 1949 673 2050 726; x_wconf 91' lang='lat' dir='ltr'><strong>lem</strong></span> <span class='ocrx_word' id='word_1_146' title='bbox 2098 673 2280 727; x_wconf 88' lang='lat' dir='ltr'><strong>fuisse.</strong></span> <span class='ocrx_word' id='word_1_147' title='bbox 2323 673 2481 741; x_wconf 77' lang='grc'><strong>277</strong></span> <span class='ocrx_word' id='word_1_148' title='bbox 2530 673 2632 727; x_wconf 88' lang='lat' dir='ltr'><strong>Sed</strong></span> <span class='ocrx_word' id='word_1_149' title='bbox 2674 677 2936 742; x_wconf 87' lang='lat' dir='ltr'><strong>quomodo</strong></span> <span class='ocrx_word' id='word_1_150' title='bbox 2984 690 3086 728; x_wconf 93' lang='lat' dir='ltr'><strong>non</strong></span> <span class='ocrx_word' id='word_1_151' title='bbox 3119 675 3331 742; x_wconf 91' lang='lat' dir='ltr'><strong>impium</strong></span> <span class='ocrx_word' id='word_1_152' title='bbox 3363 686 3466 741; x_wconf 91' lang='lat' dir='ltr'><strong>est,</strong></span> 
     </span>
    </p>
   </div>
   <div class='ocr_carea' id='block_1_22' title="bbox 1948 761 3467 831">
    <p class='ocr_par' dir='ltr' id='par_1_22' title="bbox 1948 761 3467 831">
     <span class='ocr_line' id='line_1_22' title="bbox 1948 761 3467 831; baseline 0.003 -17"><span class='ocrx_word' id='word_1_153' title='bbox 1948 769 1999 814; x_wconf 91' lang='lat' dir='ltr'><strong>et</strong></span> <span class='ocrx_word' id='word_1_154' title='bbox 2022 770 2213 828; x_wconf 82' lang='lat' dir='ltr'><strong>praeter</strong></span> <span class='ocrx_word' id='word_1_155' title='bbox 2236 763 2531 816; x_wconf 78' lang='lat' dir='ltr'><strong>evidentem</strong></span> <span class='ocrx_word' id='word_1_156' title='bbox 2574 763 2829 815; x_wconf 87' lang='lat' dir='ltr'><strong>rationem</strong></span> <span class='ocrx_word' id='word_1_157' title='bbox 2883 764 2946 816; x_wconf 89' lang='lat' dir='ltr'><strong>de</strong></span> <span class='ocrx_word' id='word_1_158' title='bbox 3005 763 3187 816; x_wconf 87' lang='lat' dir='ltr'><strong>mundi</strong></span> <span class='ocrx_word' id='word_1_159' title='bbox 3245 761 3467 831; x_wconf 82' lang='lat' dir='ltr'><strong>Opifice,</strong></span> 
     </span>
    </p>
   </div>
   <div class='ocr_carea' id='block_1_23' title="bbox 1946 849 3471 918">
    <p class='ocr_par' dir='ltr' id='par_1_23' title="bbox 1946 849 3471 918">
     <span class='ocr_line' id='line_1_23' title="bbox 1946 849 3471 918; baseline 0.004 -21"><span class='ocrx_word' id='word_1_160' title='bbox 1946 849 2084 916; x_wconf 91' lang='lat' dir='ltr'><strong>quod</strong></span> <span class='ocrx_word' id='word_1_161' title='bbox 2112 857 2236 902; x_wconf 87' lang='lat' dir='ltr'><strong>ante</strong></span> <span class='ocrx_word' id='word_1_162' title='bbox 2269 850 2437 916; x_wconf 81' lang='lat' dir='ltr'><strong>ipsum</strong></span> <span class='ocrx_word' id='word_1_163' title='bbox 2466 849 2645 902; x_wconf 91' lang='lat' dir='ltr'><strong>mundi</strong></span> <span class='ocrx_word' id='word_1_164' title='bbox 2687 849 2938 916; x_wconf 88' lang='lat' dir='ltr'><strong>Opilicem</strong></span> <span class='ocrx_word' id='word_1_165' title='bbox 2986 851 3153 918; x_wconf 78' lang='lat' dir='ltr'><strong>angeli</strong></span> <span class='ocrx_word' id='word_1_166' title='bbox 3181 851 3293 918; x_wconf 87' lang='lat' dir='ltr'><strong>ejus</strong></span> <span class='ocrx_word' id='word_1_167' title='bbox 3322 851 3471 903; x_wconf 85' lang='lat' dir='ltr'><strong>vide-</strong></span> 
     </span>
    </p>
   </div>
   <div class='ocr_carea' id='block_1_24' title="bbox 1944 937 3469 1008">
    <p class='ocr_par' dir='ltr' id='par_1_24' title="bbox 1944 937 3469 1008">
     <span class='ocr_line' id='line_1_24' title="bbox 1944 937 3469 1008; baseline 0.003 -19"><span class='ocrx_word' id='word_1_168' title='bbox 1944 937 2050 989; x_wconf 89' lang='lat' dir='ltr'><strong>rint</strong></span> <span class='ocrx_word' id='word_1_169' title='bbox 2084 952 2266 991; x_wconf 91' lang='lat' dir='ltr'><strong>sanum</strong></span> <span class='ocrx_word' id='word_1_170' title='bbox 2299 946 2350 992; x_wconf 89' lang='lat' dir='ltr'><strong>et</strong></span> <span class='ocrx_word' id='word_1_171' title='bbox 2378 937 2639 992; x_wconf 86' lang='lat' dir='ltr'><strong>sincerum</strong></span> <span class='ocrx_word' id='word_1_172' title='bbox 2687 939 2897 992; x_wconf 85' lang='lat' dir='ltr'><strong>modum</strong></span> <span class='ocrx_word' id='word_1_173' title='bbox 2920 939 3130 992; x_wconf 83' lang='lat' dir='ltr'><strong>vivendi</strong></span> <span class='ocrx_word' id='word_1_174' title='bbox 3165 956 3346 993; x_wconf 87' lang='lat' dir='ltr'><strong>eorum</strong></span> <span class='ocrx_word' id='word_1_175' title='bbox 3377 941 3469 1008; x_wconf 90' lang='lat' dir='ltr'><strong>qui</strong></span> 
     </span>
    </p>
   </div>
   <div class='ocr_carea' id='block_1_25' title="bbox 1944 1025 3472 1094">
    <p class='ocr_par' dir='ltr' id='par_1_25' title="bbox 1944 1025 3472 1094">
     <span class='ocr_line' id='line_1_25' title="bbox 1944 1025 3472 1094; baseline 0.003 -16"><span class='ocrx_word' id='word_1_176' title='bbox 1944 1033 2156 1092; x_wconf 88' lang='lat' dir='ltr'><strong>propter</strong></span> <span class='ocrx_word' id='word_1_177' title='bbox 2203 1027 2485 1094; x_wconf 87' lang='lat' dir='ltr'><strong>potentiam</strong></span> <span class='ocrx_word' id='word_1_178' title='bbox 2534 1025 2836 1080; x_wconf 87' lang='lat' dir='ltr'><strong>Servatoris</strong></span> <span class='ocrx_word' id='word_1_179' title='bbox 2883 1028 3127 1082; x_wconf 87' lang='lat' dir='ltr'><strong>meliores</strong></span> <span class='ocrx_word' id='word_1_180' title='bbox 3179 1029 3303 1082; x_wconf 85' lang='lat' dir='ltr'><strong>facti</strong></span> <span class='ocrx_word' id='word_1_181' title='bbox 3357 1029 3472 1083; x_wconf 83' lang='lat' dir='ltr'><strong>fue-</strong></span> 
     </span>
    </p>
   </div>
   <div class='ocr_carea' id='block_1_26' title="bbox 1946 1113 3474 1181">
    <p class='ocr_par' dir='ltr' id='par_1_26' title="bbox 1946 1113 3474 1181">
     <span class='ocr_line' id='line_1_26' title="bbox 1946 1113 3474 1181; baseline 0.003 -18"><span class='ocrx_word' id='word_1_182' title='bbox 1946 1115 2071 1174; x_wconf 87' lang='lat' dir='ltr'><strong>rint,</strong></span> <span class='ocrx_word' id='word_1_183' title='bbox 2120 1123 2300 1166; x_wconf 85' lang='lat' dir='ltr'><strong>contra</strong></span> <span class='ocrx_word' id='word_1_184' title='bbox 2343 1113 2667 1181; x_wconf 86' lang='lat' dir='ltr'><strong>Scripturam</strong></span> <span class='ocrx_word' id='word_1_185' title='bbox 2725 1115 2986 1168; x_wconf 83' lang='lat' dir='ltr'><strong>dicentem</strong></span> <span class='ocrx_word' id='word_1_186' title='bbox 3021 1131 3034 1166; x_wconf 88' lang='lat'><strong>:</strong></span> <span class='ocrx_word' id='word_1_187' title='bbox 3064 1134 3082 1166; x_wconf 78' lang='grc' dir='ltr'><strong>ι</strong></span> <span class='ocrx_word' id='word_1_188' title='bbox 3117 1116 3246 1169; x_wconf 83' lang='lat' dir='ltr'><strong>Num</strong></span> <span class='ocrx_word' id='word_1_189' title='bbox 3292 1117 3474 1170; x_wconf 72' lang='lat' dir='ltr'><strong>ocizul-</strong></span> 
     </span>
    </p>
   </div>
   <div class='ocr_carea' id='block_1_27' title="bbox 1946 1199 3470 1272">
    <p class='ocr_par' dir='ltr' id='par_1_27' title="bbox 1946 1199 3470 1272">
     <span class='ocr_line' id='line_1_27' title="bbox 1946 1199 3470 1272; baseline 0.005 -20"><span class='ocrx_word' id='word_1_190' title='bbox 1946 1199 2141 1253; x_wconf 90' lang='lat' dir='ltr'><strong>tabitnr</strong></span> <span class='ocrx_word' id='word_1_191' title='bbox 2169 1202 2326 1255; x_wconf 88' lang='lat' dir='ltr'><strong>homo</strong></span> <span class='ocrx_word' id='word_1_192' title='bbox 2351 1202 2402 1255; x_wconf 91' lang='lat' dir='ltr'><strong>in</strong></span> <span class='ocrx_word' id='word_1_193' title='bbox 2435 1201 2565 1255; x_wconf 88' lang='lat' dir='ltr'><strong>locis</strong></span> <span class='ocrx_word' id='word_1_194' title='bbox 2597 1203 2924 1266; x_wconf 77' lang='lat' dir='ltr'><strong>latentibus,,</strong></span> <span class='ocrx_word' id='word_1_195' title='bbox 2941 1211 2993 1256; x_wconf 91' lang='lat' dir='ltr'><strong>et</strong></span> <span class='ocrx_word' id='word_1_196' title='bbox 3017 1217 3117 1272; x_wconf 92' lang='lat' dir='ltr'><strong>ego</strong></span> <span class='ocrx_word' id='word_1_197' title='bbox 3150 1221 3252 1259; x_wconf 90' lang='lat' dir='ltr'><strong>non</strong></span> <span class='ocrx_word' id='word_1_198' title='bbox 3276 1205 3470 1259; x_wconf 84' lang='lat' dir='ltr'><strong>videbo</strong></span> 
     </span>
    </p>
   </div>
   <div class='ocr_carea' id='block_1_28' title="bbox 1945 1288 3472 1356">
    <p class='ocr_par' dir='ltr' id='par_1_28' title="bbox 1945 1288 3472 1356">
     <span class='ocr_line' id='line_1_28' title="bbox 1945 1288 3472 1356; baseline 0.005 -16"><span class='ocrx_word' id='word_1_199' title='bbox 1945 1302 2063 1340; x_wconf 91' lang='lat' dir='ltr'><strong>eum</strong></span> <span class='ocrx_word' id='word_1_200' title='bbox 2092 1288 2168 1340; x_wconf 68' lang='grc' dir='ltr'><strong>θυι</strong></span> <span class='ocrx_word' id='word_1_201' title='bbox 2214 1307 2233 1339; x_wconf 72' lang='grc' dir='ltr'>ι</span> <span class='ocrx_word' id='word_1_202' title='bbox 2267 1299 2320 1342; x_wconf 92' lang='lat' dir='ltr'><strong>et</strong></span> <span class='ocrx_word' id='word_1_203' title='bbox 2351 1305 2366 1342; x_wconf 86' lang='lat'><strong>:</strong></span> <span class='ocrx_word' id='word_1_204' title='bbox 2423 1307 2441 1340; x_wconf 82' lang='grc' dir='ltr'><strong>ι</strong></span> <span class='ocrx_word' id='word_1_205' title='bbox 2489 1290 2741 1344; x_wconf 88' lang='lat' dir='ltr'><strong>Dominus</strong></span> <span class='ocrx_word' id='word_1_206' title='bbox 2790 1301 3036 1346; x_wconf 91' lang='lat' dir='ltr'><strong>scrutans</strong></span> <span class='ocrx_word' id='word_1_207' title='bbox 3067 1307 3240 1356; x_wconf 85' lang='lat' dir='ltr'><strong>renes,</strong></span> <span class='ocrx_word' id='word_1_208' title='bbox 3267 1303 3318 1346; x_wconf 92' lang='lat' dir='ltr'><strong>et</strong></span> <span class='ocrx_word' id='word_1_209' title='bbox 3348 1308 3472 1347; x_wconf 86' lang='lat' dir='ltr'><strong>cor-</strong></span> 
     </span>
    </p>
   </div>
   <div class='ocr_carea' id='block_1_29' title="bbox 1946 1377 3471 1448">
    <p class='ocr_par' dir='ltr' id='par_1_29' title="bbox 1946 1377 3471 1448">
     <span class='ocr_line' id='line_1_29' title="bbox 1946 1377 3471 1448; baseline 0.005 -20"><span class='ocrx_word' id='word_1_210' title='bbox 1946 1379 2007 1428; x_wconf 88' lang='lat' dir='ltr'><strong>da</strong></span> <span class='ocrx_word' id='word_1_211' title='bbox 2037 1377 2115 1440; x_wconf 66' lang='lat'><strong>’9;</strong></span> <span class='ocrx_word' id='word_1_212' title='bbox 2157 1395 2174 1427; x_wconf 77' lang='grc' dir='ltr'>ι</span> <span class='ocrx_word' id='word_1_213' title='bbox 2205 1387 2258 1430; x_wconf 90' lang='lat' dir='ltr'><strong>et</strong></span> <span class='ocrx_word' id='word_1_214' title='bbox 2283 1392 2296 1427; x_wconf 89' lang='lat'><strong>:</strong></span> <span class='ocrx_word' id='word_1_215' title='bbox 2345 1396 2362 1428; x_wconf 80' lang='grc' dir='ltr'><strong>ι</strong></span> <span class='ocrx_word' id='word_1_216' title='bbox 2398 1378 2646 1432; x_wconf 89' lang='lat' dir='ltr'><strong>Dominus</strong></span> <span class='ocrx_word' id='word_1_217' title='bbox 2673 1393 2991 1448; x_wconf 86' lang='lat' dir='ltr'><strong>cognoscens</strong></span> <span class='ocrx_word' id='word_1_218' title='bbox 3011 1381 3353 1448; x_wconf 75' lang='lat' dir='ltr'><strong>cogitationes</strong></span> <span class='ocrx_word' id='word_1_219' title='bbox 3378 1383 3471 1436; x_wconf 86' lang='lat' dir='ltr'><strong>ho-</strong></span> 
     </span>
    </p>
   </div>
   <div class='ocr_carea' id='block_1_30' title="bbox 278 1467 3472 1544">
    <p class='ocr_par' dir='ltr' id='par_1_30' title="bbox 278 1467 3472 1544">
     <span class='ocr_line' id='line_1_30' title="bbox 278 1467 3472 1544; baseline 0.004 -27"><span class='ocrx_word' id='word_1_220' title='bbox 278 1467 513 1529; x_wconf 86' lang='lat' dir='ltr'><strong>miuum,</strong></span> <span class='ocrx_word' id='word_1_221' title='bbox 574 1468 829 1534; x_wconf 87' lang='lat' dir='ltr'><strong>quoniam</strong></span> <span class='ocrx_word' id='word_1_222' title='bbox 877 1483 1025 1521; x_wconf 73' lang='lat' dir='ltr'><strong>vana:</strong></span> <span class='ocrx_word' id='word_1_223' title='bbox 1077 1478 1197 1522; x_wconf 88' lang='lat' dir='ltr'><strong>sunt</strong></span> <span class='ocrx_word' id='word_1_224' title='bbox 1225 1469 1276 1521; x_wconf 65' lang='grc' dir='ltr'>η</span> <span class='ocrx_word' id='word_1_225' title='bbox 1307 1487 1324 1520; x_wconf 77' lang='grc' dir='ltr'><strong>ι</strong></span> <span class='ocrx_word' id='word_1_226' title='bbox 1362 1469 1638 1534; x_wconf 87' lang='lat' dir='ltr'><strong>Quomodo</strong></span> <span class='ocrx_word' id='word_1_227' title='bbox 1679 1469 1838 1521; x_wconf 88' lang='lat' dir='ltr'><strong>etiam</strong></span> <span class='ocrx_word' id='word_1_228' title='bbox 1883 1478 2061 1523; x_wconf 88' lang='lat' dir='ltr'><strong>servat</strong></span> <span class='ocrx_word' id='word_1_229' title='bbox 2103 1469 2230 1522; x_wconf 89' lang='lat' dir='ltr'><strong>illud</strong></span> <span class='ocrx_word' id='word_1_230' title='bbox 2273 1484 2288 1522; x_wconf 89' lang='lat'><strong>:</strong></span> <span class='ocrx_word' id='word_1_231' title='bbox 2325 1488 2344 1521; x_wconf 76' lang='grc' dir='ltr'>ι</span> <span class='ocrx_word' id='word_1_232' title='bbox 2376 1470 2474 1536; x_wconf 89' lang='lat' dir='ltr'><strong>Qui</strong></span> <span class='ocrx_word' id='word_1_233' title='bbox 2524 1472 2667 1526; x_wconf 88' lang='lat' dir='ltr'><strong>videt</strong></span> <span class='ocrx_word' id='word_1_234' title='bbox 2717 1474 2897 1526; x_wconf 86' lang='lat' dir='ltr'><strong>omnia</strong></span> <span class='ocrx_word' id='word_1_235' title='bbox 2947 1483 3072 1529; x_wconf 87' lang='lat' dir='ltr'><strong>ante</strong></span> <span class='ocrx_word' id='word_1_236' title='bbox 3111 1485 3284 1530; x_wconf 90' lang='lat' dir='ltr'><strong>ortum</strong></span> <span class='ocrx_word' id='word_1_237' title='bbox 3331 1475 3472 1544; x_wconf 88' lang='lat' dir='ltr'><strong>ipso-</strong></span> 
     </span>
    </p>
   </div>
   <div class='ocr_carea' id='block_1_31' title="bbox 277 1561 3473 1636">
    <p class='ocr_par' dir='ltr' id='par_1_31' title="bbox 277 1561 3473 1636">
     <span class='ocr_line' id='line_1_31' title="bbox 277 1561 3473 1636; baseline 0.005 -28"><span class='ocrx_word' id='word_1_238' title='bbox 277 1571 398 1610; x_wconf 87' lang='lat' dir='ltr'><strong>rum</strong></span> <span class='ocrx_word' id='word_1_239' title='bbox 427 1562 474 1621; x_wconf 81' lang='grc'>¹,</span> <span class='ocrx_word' id='word_1_240' title='bbox 520 1577 540 1608; x_wconf 75' lang='grc' dir='ltr'><strong>ι</strong></span> <span class='ocrx_word' id='word_1_241' title='bbox 575 1561 807 1613; x_wconf 81' lang='lat' dir='ltr'><strong>maxime</strong></span> <span class='ocrx_word' id='word_1_242' title='bbox 831 1561 875 1615; x_wconf 89' lang='lat' dir='ltr'><strong>si</strong></span> <span class='ocrx_word' id='word_1_243' title='bbox 906 1571 1092 1614; x_wconf 88' lang='lat' dir='ltr'><strong>natura</strong></span> <span class='ocrx_word' id='word_1_244' title='bbox 1130 1562 1295 1615; x_wconf 83' lang='lat' dir='ltr'><strong>sanati</strong></span> <span class='ocrx_word' id='word_1_245' title='bbox 1327 1562 1592 1629; x_wconf 81' lang='lat' dir='ltr'><strong>designata</strong></span> <span class='ocrx_word' id='word_1_246' title='bbox 1637 1563 1703 1614; x_wconf 92' lang='lat' dir='ltr'><strong>ab</strong></span> <span class='ocrx_word' id='word_1_247' title='bbox 1733 1562 1874 1614; x_wconf 70' lang='lat' dir='ltr'><strong>hora:</strong></span> <span class='ocrx_word' id='word_1_248' title='bbox 1910 1578 2145 1626; x_wconf 89' lang='lat' dir='ltr'><strong>numero,</strong></span> <span class='ocrx_word' id='word_1_249' title='bbox 2182 1564 2250 1617; x_wconf 88' lang='lat' dir='ltr'><strong>sit</strong></span> <span class='ocrx_word' id='word_1_250' title='bbox 2296 1573 2479 1619; x_wconf 86' lang='lat' dir='ltr'><strong>natura</strong></span> <span class='ocrx_word' id='word_1_251' title='bbox 2527 1566 2895 1620; x_wconf 90' lang='lat' dir='ltr'><strong>medicamenti</strong></span> <span class='ocrx_word' id='word_1_252' title='bbox 2932 1566 3068 1621; x_wconf 91' lang='lat' dir='ltr'><strong>facta</strong></span> <span class='ocrx_word' id='word_1_253' title='bbox 3107 1582 3326 1621; x_wconf 88' lang='lat' dir='ltr'><strong>numero</strong></span> <span class='ocrx_word' id='word_1_254' title='bbox 3383 1569 3473 1636; x_wconf 90' lang='lat' dir='ltr'><strong>qui</strong></span> 
     </span>
    </p>
   </div>
   <div class='ocr_carea' id='block_1_32' title="bbox 275 1648 3473 1723">
    <p class='ocr_par' dir='ltr' id='par_1_32' title="bbox 275 1648 3473 1723">
     <span class='ocr_line' id='line_1_32' title="bbox 275 1648 3473 1723; baseline 0.005 -27"><span class='ocrx_word' id='word_1_255' title='bbox 275 1648 730 1700; x_wconf 82' lang='lat' dir='ltr'><strong>accommodatus</strong></span> <span class='ocrx_word' id='word_1_256' title='bbox 777 1659 861 1702; x_wconf 92' lang='lat' dir='ltr'><strong>est</strong></span> <span class='ocrx_word' id='word_1_257' title='bbox 904 1650 968 1701; x_wconf 91' lang='lat' dir='ltr'><strong>ad</strong></span> <span class='ocrx_word' id='word_1_258' title='bbox 1001 1651 1268 1718; x_wconf 74' lang='lat' dir='ltr'><strong>quietem?</strong></span> <span class='ocrx_word' id='word_1_259' title='bbox 1315 1650 1461 1716; x_wconf 78' lang='lat' dir='ltr'><strong>Quod</strong></span> <span class='ocrx_word' id='word_1_260' title='bbox 1520 1665 1644 1704; x_wconf 82' lang='lat' dir='ltr'><strong>vero</strong></span> <span class='ocrx_word' id='word_1_261' title='bbox 1695 1653 1951 1720; x_wconf 88' lang='lat' dir='ltr'><strong>scriptum</strong></span> <span class='ocrx_word' id='word_1_262' title='bbox 1993 1662 2074 1707; x_wconf 85' lang='lat' dir='ltr'><strong>est</strong></span> <span class='ocrx_word' id='word_1_263' title='bbox 2108 1664 2324 1723; x_wconf 86' lang='lat' dir='ltr'><strong>propter</strong></span> <span class='ocrx_word' id='word_1_264' title='bbox 2380 1656 2769 1723; x_wconf 88' lang='lat' dir='ltr'><strong>corruptionem</strong></span> <span class='ocrx_word' id='word_1_265' title='bbox 2823 1671 3027 1721; x_wconf 92' lang='lat' dir='ltr'><strong>eorum,</strong></span> <span class='ocrx_word' id='word_1_266' title='bbox 3072 1657 3156 1723; x_wconf 90' lang='lat' dir='ltr'><strong>qui</strong></span> <span class='ocrx_word' id='word_1_267' title='bbox 3199 1668 3322 1710; x_wconf 91' lang='lat' dir='ltr'><strong>sunt</strong></span> <span class='ocrx_word' id='word_1_268' title='bbox 3353 1659 3473 1711; x_wconf 87' lang='lat' dir='ltr'><strong>ani-</strong></span> 
     </span>
    </p>
   </div>
   <div class='ocr_carea' id='block_1_33' title="bbox 274 1736 3544 1813">
    <p class='ocr_par' dir='ltr' id='par_1_33' title="bbox 274 1736 3544 1813">
     <span class='ocr_line' id='line_1_33' title="bbox 274 1736 3544 1813; baseline 0.005 -26"><span class='ocrx_word' id='word_1_269' title='bbox 274 1736 486 1802; x_wconf 84' lang='lat' dir='ltr'><strong>males,</strong></span> <span class='ocrx_word' id='word_1_270' title='bbox 547 1737 600 1789; x_wconf 92' lang='lat' dir='ltr'><strong>in</strong></span> <span class='ocrx_word' id='word_1_271' title='bbox 646 1738 750 1790; x_wconf 87' lang='lat' dir='ltr'><strong>line</strong></span> <span class='ocrx_word' id='word_1_272' title='bbox 803 1753 992 1792; x_wconf 87' lang='lat' dir='ltr'><strong>eorum</strong></span> <span class='ocrx_word' id='word_1_273' title='bbox 1040 1755 1156 1807; x_wconf 61' lang='lat' dir='ltr'><strong>quae</strong></span> <span class='ocrx_word' id='word_1_274' title='bbox 1199 1741 1535 1808; x_wconf 80' lang='lat' dir='ltr'><strong>exposuimus</strong></span> <span class='ocrx_word' id='word_1_275' title='bbox 1586 1742 1650 1794; x_wconf 87' lang='lat' dir='ltr'><strong>ab</strong></span> <span class='ocrx_word' id='word_1_276' title='bbox 1703 1756 1768 1796; x_wconf 85' lang='lat' dir='ltr'><strong>eo</strong></span> <span class='ocrx_word' id='word_1_277' title='bbox 1813 1743 1951 1795; x_wconf 85' lang='lat' dir='ltr'><strong>dicta</strong></span> <span class='ocrx_word' id='word_1_278' title='bbox 2003 1744 2185 1807; x_wconf 84' lang='lat' dir='ltr'><strong>luisse,</strong></span> <span class='ocrx_word' id='word_1_279' title='bbox 2225 1745 2572 1813; x_wconf 65' lang='lat' dir='ltr'><strong>mquivocatio</strong></span> <span class='ocrx_word' id='word_1_280' title='bbox 2607 1745 2803 1799; x_wconf 89' lang='lat' dir='ltr'><strong>utentis</strong></span> <span class='ocrx_word' id='word_1_281' title='bbox 2852 1757 2956 1811; x_wconf 91' lang='lat' dir='ltr'><strong>est,</strong></span> <span class='ocrx_word' id='word_1_282' title='bbox 2995 1755 3047 1800; x_wconf 89' lang='lat' dir='ltr'><strong>et</strong></span> <span class='ocrx_word' id='word_1_283' title='bbox 3087 1746 3475 1802; x_wconf 83' lang='lat' dir='ltr'><strong>introducentis</strong></span> <span class='ocrx_word' id='word_1_284' title='bbox 3536 1736 3544 1743; x_wconf 64' lang='grc'><strong>’</strong></span> 
     </span>
    </p>
   </div>
   <div class='ocr_carea' id='block_1_34' title="bbox 273 1828 1892 1899">
    <p class='ocr_par' dir='ltr' id='par_1_34' title="bbox 273 1828 1892 1899">
     <span class='ocr_line' id='line_1_34' title="bbox 273 1828 1892 1899; baseline 0.004 -21"><span class='ocrx_word' id='word_1_285' title='bbox 273 1828 436 1879; x_wconf 89' lang='lat' dir='ltr'><strong>aliam</strong></span> <span class='ocrx_word' id='word_1_286' title='bbox 498 1839 748 1894; x_wconf 84' lang='lat' dir='ltr'><strong>quartam</strong></span> <span class='ocrx_word' id='word_1_287' title='bbox 803 1842 1067 1892; x_wconf 88' lang='lat' dir='ltr'><strong>naturam,</strong></span> <span class='ocrx_word' id='word_1_288' title='bbox 1126 1832 1265 1898; x_wconf 87' lang='lat' dir='ltr'><strong>quod</strong></span> <span class='ocrx_word' id='word_1_289' title='bbox 1316 1833 1426 1899; x_wconf 90' lang='lat' dir='ltr'><strong>ipse</strong></span> <span class='ocrx_word' id='word_1_290' title='bbox 1458 1847 1558 1884; x_wconf 92' lang='lat' dir='ltr'><strong>non</strong></span> <span class='ocrx_word' id='word_1_291' title='bbox 1614 1835 1892 1899; x_wconf 85' lang='lat' dir='ltr'><strong>approbat.</strong></span> 
     </span>
    </p>
   </div>
   <div class='ocr_carea' id='block_1_35' title="bbox 343 1915 1833 1993">
    <p class='ocr_par' dir='ltr' id='par_1_35' title="bbox 343 1915 1833 1988">
     <span class='ocr_line' id='line_1_35' title="bbox 343 1915 1833 1988; baseline 0.003 -20"><span class='ocrx_word' id='word_1_292' title='bbox 343 1915 435 1968; x_wconf 83' lang='lat'><strong>60.</strong></span> <span class='ocrx_word' id='word_1_293' title='bbox 473 1934 491 1964; x_wconf 74' lang='grc' dir='ltr'><strong>ι</strong></span> <span class='ocrx_word' id='word_1_294' title='bbox 525 1915 697 1968; x_wconf 82' lang='grc' dir='ltr'>Τοῦτο</span> <span class='ocrx_word' id='word_1_295' title='bbox 723 1917 778 1968; x_wconf 85' lang='grc' dir='ltr'>δὲ</span> <span class='ocrx_word' id='word_1_296' title='bbox 811 1917 968 1969; x_wconf 79' lang='grc' dir='ltr'>πάλιν</span> <span class='ocrx_word' id='word_1_297' title='bbox 1010 1918 1251 1987; x_wconf 83' lang='grc' dir='ltr'>δεύτερον</span> <span class='ocrx_word' id='word_1_298' title='bbox 1282 1923 1497 1988; x_wconf 85' lang='grc' dir='ltr'>σημεῖον</span> <span class='ocrx_word' id='word_1_299' title='bbox 1533 1920 1778 1988; x_wconf 78' lang='grc' dir='ltr'>ἐποίησεν</span> <span class='ocrx_word' id='word_1_300' title='bbox 1808 1921 1833 1972; x_wconf 76' lang='grc' dir='ltr'><strong><em>ὁ</em></strong></span> 
     </span>
    </p>
   </div>
   <div class='ocr_carea' id='block_1_36' title="bbox 1940 1915 3468 1993">
    <p class='ocr_par' dir='ltr' id='par_1_36' title="bbox 2004 1925 3468 1993">
     <span class='ocr_line' id='line_1_36' title="bbox 2004 1925 3468 1993; baseline 0.004 -15"><span class='ocrx_word' id='word_1_301' title='bbox 2004 1926 2120 1980; x_wconf 80' lang='grc'><strong>60.‹</strong></span> <span class='ocrx_word' id='word_1_302' title='bbox 2153 1925 2258 1980; x_wconf 85' lang='lat' dir='ltr'><strong>Hoc</strong></span> <span class='ocrx_word' id='word_1_303' title='bbox 2283 1935 2454 1978; x_wconf 87' lang='lat' dir='ltr'><strong>autem</strong></span> <span class='ocrx_word' id='word_1_304' title='bbox 2479 1941 2662 1979; x_wconf 89' lang='lat' dir='ltr'><strong>rursus</strong></span> <span class='ocrx_word' id='word_1_305' title='bbox 2688 1926 2896 1993; x_wconf 86' lang='lat' dir='ltr'><strong>signum</strong></span> <span class='ocrx_word' id='word_1_306' title='bbox 2917 1927 3042 1981; x_wconf 92' lang='lat' dir='ltr'><strong>fecit</strong></span> <span class='ocrx_word' id='word_1_307' title='bbox 3065 1931 3356 1983; x_wconf 89' lang='lat' dir='ltr'><strong>secundum</strong></span> <span class='ocrx_word' id='word_1_308' title='bbox 3378 1928 3468 1984; x_wconf 78' lang='lat' dir='ltr'><strong>Je-</strong></span> 
     </span>
    </p>
   </div>
   <div class='ocr_carea' id='block_1_37' title="bbox 285 2003 1832 2077">
    <p class='ocr_par' dir='ltr' id='par_1_37' title="bbox 285 2003 1832 2077">
     <span class='ocr_line' id='line_1_37' title="bbox 285 2003 1832 2077; baseline 0.004 -23"><span class='ocrx_word' id='word_1_309' title='bbox 285 2003 520 2072; x_wconf 79' lang='grc' dir='ltr'>Ἰησοῦς,</span> <span class='ocrx_word' id='word_1_310' title='bbox 551 2005 722 2057; x_wconf 86' lang='grc' dir='ltr'>ἐλθὼν</span> <span class='ocrx_word' id='word_1_311' title='bbox 748 2007 812 2057; x_wconf 86' lang='grc' dir='ltr'><strong>ἐκ</strong></span> <span class='ocrx_word' id='word_1_312' title='bbox 841 2008 938 2075; x_wconf 82' lang='grc' dir='ltr'>τῆς</span> <span class='ocrx_word' id='word_1_313' title='bbox 982 2006 1231 2069; x_wconf 85' lang='grc' dir='ltr'>Ἰουδαίας</span> <span class='ocrx_word' id='word_1_314' title='bbox 1263 2009 1341 2069; x_wconf 91' lang='grc' dir='ltr'><strong>εἰς</strong></span> <span class='ocrx_word' id='word_1_315' title='bbox 1367 2008 1464 2077; x_wconf 81' lang='grc' dir='ltr'>τὴν</span> <span class='ocrx_word' id='word_1_316' title='bbox 1484 2008 1786 2064; x_wconf 90' lang='grc' dir='ltr'>Γαλιλαίαν.</span> <span class='ocrx_word' id='word_1_317' title='bbox 1813 2028 1832 2060; x_wconf 72' lang='grc' dir='ltr'>ι</span> 
     </span>
    </p>
   </div>
   <div class='ocr_carea' id='block_1_38' title="bbox 275 2092 1840 2164">
    <p class='ocr_par' dir='ltr' id='par_1_38' title="bbox 275 2092 1840 2164">
     <span class='ocr_line' id='line_1_38' title="bbox 275 2092 1840 2164; baseline 0.003 -22"><span class='ocrx_word' id='word_1_318' title='bbox 275 2092 348 2143; x_wconf 87' lang='lat' dir='ltr'><strong>Tb</strong></span> <span class='ocrx_word' id='word_1_319' title='bbox 376 2094 548 2161; x_wconf 76' lang='grc' dir='ltr'>ῥητὸν</span> <span class='ocrx_word' id='word_1_320' title='bbox 566 2092 864 2160; x_wconf 84' lang='grc' dir='ltr'>ἀμφίϐολόν</span> <span class='ocrx_word' id='word_1_321' title='bbox 887 2095 1018 2144; x_wconf 85' lang='grc' dir='ltr'>ἐστι·</span> <span class='ocrx_word' id='word_1_322' title='bbox 1056 2095 1301 2163; x_wconf 84' lang='grc' dir='ltr'>σημαίνει</span> <span class='ocrx_word' id='word_1_323' title='bbox 1324 2095 1428 2164; x_wconf 81' lang='grc' dir='ltr'>γὰρ</span> <span class='ocrx_word' id='word_1_324' title='bbox 1464 2095 1524 2146; x_wconf 98' lang='lat' dir='ltr'><strong>rb</strong></span> <span class='ocrx_word' id='word_1_325' title='bbox 1553 2096 1647 2163; x_wconf 86' lang='grc' dir='ltr'><strong>μὲν</strong></span> <span class='ocrx_word' id='word_1_326' title='bbox 1674 2096 1840 2148; x_wconf 88' lang='grc' dir='ltr'>τοιοῦ-</span> 
     </span>
    </p>
   </div>
   <div class='ocr_carea' id='block_1_39' title="bbox 273 2181 1839 2250">
    <p class='ocr_par' dir='ltr' id='par_1_39' title="bbox 273 2181 1839 2250">
     <span class='ocr_line' id='line_1_39' title="bbox 273 2181 1839 2250; baseline 0 -16"><span class='ocrx_word' id='word_1_327' title='bbox 273 2197 383 2242; x_wconf 87' lang='grc' dir='ltr'>τον,</span> <span class='ocrx_word' id='word_1_328' title='bbox 411 2182 479 2232; x_wconf 79' lang='grc' dir='ltr'><strong>ἐν</strong></span> <span class='ocrx_word' id='word_1_329' title='bbox 517 2182 584 2249; x_wconf 79' lang='grc' dir='ltr'>τῇ</span> <span class='ocrx_word' id='word_1_330' title='bbox 615 2181 722 2231; x_wconf 78' lang='grc' dir='ltr'>ἀπὸ</span> <span class='ocrx_word' id='word_1_331' title='bbox 751 2181 849 2249; x_wconf 78' lang='grc' dir='ltr'><strong>τῆς</strong></span> <span class='ocrx_word' id='word_1_332' title='bbox 901 2182 1153 2244; x_wconf 81' lang='grc' dir='ltr'>Ἰουδαίας</span> <span class='ocrx_word' id='word_1_333' title='bbox 1180 2185 1258 2244; x_wconf 87' lang='grc' dir='ltr'><strong>εἰς</strong></span> <span class='ocrx_word' id='word_1_334' title='bbox 1295 2184 1392 2250; x_wconf 79' lang='grc' dir='ltr'>τὴν</span> <span class='ocrx_word' id='word_1_335' title='bbox 1416 2182 1695 2234; x_wconf 86' lang='grc' dir='ltr'>Γαλιλαίαν</span> <span class='ocrx_word' id='word_1_336' title='bbox 1719 2185 1839 2234; x_wconf 86' lang='grc' dir='ltr'>ἐπι-</span> 
     </span>
    </p>
   </div>
   <div class='ocr_carea' id='block_1_40' title="bbox 274 2265 1840 2340">
    <p class='ocr_par' dir='ltr' id='par_1_40' title="bbox 274 2265 1840 2340">
     <span class='ocr_line' id='line_1_40' title="bbox 274 2265 1840 2340; baseline 0.002 -21"><span class='ocrx_word' id='word_1_337' title='bbox 274 2268 451 2336; x_wconf 78' lang='grc' dir='ltr'>δημίᾳ</span> <span class='ocrx_word' id='word_1_338' title='bbox 483 2270 512 2319; x_wconf 86' lang='grc' dir='ltr'>ὁ</span> <span class='ocrx_word' id='word_1_339' title='bbox 561 2267 768 2336; x_wconf 78' lang='grc' dir='ltr'>Ἰησοῦς</span> <span class='ocrx_word' id='word_1_340' title='bbox 805 2268 896 2319; x_wconf 79' lang='grc' dir='ltr'><strong>δύο</strong></span> <span class='ocrx_word' id='word_1_341' title='bbox 937 2272 1132 2336; x_wconf 83' lang='grc' dir='ltr'>σημεῖα</span> <span class='ocrx_word' id='word_1_342' title='bbox 1178 2271 1491 2338; x_wconf 82' lang='grc' dir='ltr'>πεποίηκεν,</span> <span class='ocrx_word' id='word_1_343' title='bbox 1533 2265 1604 2321; x_wconf 79' lang='grc' dir='ltr'>ὧν</span> <span class='ocrx_word' id='word_1_344' title='bbox 1630 2271 1690 2322; x_wconf 87' lang='lat' dir='ltr'><strong>rb</strong></span> <span class='ocrx_word' id='word_1_345' title='bbox 1716 2271 1840 2340; x_wconf 78' lang='grc' dir='ltr'>περὶ</span> 
     </span>
    </p>
   </div>
   <div class='ocr_carea' id='block_1_41' title="bbox 274 2354 1841 2428">
    <p class='ocr_par' dir='ltr' id='par_1_41' title="bbox 274 2354 1841 2428">
     <span class='ocr_line' id='line_1_41' title="bbox 274 2354 1841 2428; baseline 0.002 -22"><span class='ocrx_word' id='word_1_346' title='bbox 274 2355 364 2408; x_wconf 76' lang='grc' dir='ltr'><strong>τὸν</strong></span> <span class='ocrx_word' id='word_1_347' title='bbox 393 2355 518 2406; x_wconf 74' lang='grc' dir='ltr'>υἱὸν</span> <span class='ocrx_word' id='word_1_348' title='bbox 559 2354 658 2407; x_wconf 76' lang='grc' dir='ltr'><strong>τοῦ</strong></span> <span class='ocrx_word' id='word_1_349' title='bbox 705 2355 980 2422; x_wconf 78' lang='grc' dir='ltr'>βασιλικοῦ</span> <span class='ocrx_word' id='word_1_350' title='bbox 1024 2357 1266 2426; x_wconf 84' lang='grc' dir='ltr'>δεύτερόν</span> <span class='ocrx_word' id='word_1_351' title='bbox 1307 2360 1438 2409; x_wconf 84' lang='grc' dir='ltr'>ἐστι·</span> <span class='ocrx_word' id='word_1_352' title='bbox 1476 2358 1564 2408; x_wconf 75' lang='grc' dir='ltr'><strong>δύο</strong></span> <span class='ocrx_word' id='word_1_353' title='bbox 1596 2359 1700 2427; x_wconf 84' lang='grc' dir='ltr'>γὰρ</span> <span class='ocrx_word' id='word_1_354' title='bbox 1747 2375 1841 2428; x_wconf 90' lang='grc' dir='ltr'>ση-</span> 
     </span>
    </p>
   </div>
   <div class='ocr_carea' id='block_1_42' title="bbox 256 2431 1839 2516">
    <p class='ocr_par' dir='ltr' id='par_1_42' title="bbox 256 2431 1839 2516">
     <span class='ocr_line' id='line_1_42' title="bbox 256 2431 1839 2516; baseline 0.001 -20"><span class='ocrx_word' id='word_1_355' title='bbox 256 2431 260 2434; x_wconf 39' lang='grc'><em>”</em></span> <span class='ocrx_word' id='word_1_356' title='bbox 279 2445 454 2514; x_wconf 80' lang='grc' dir='ltr'>μείων</span> <span class='ocrx_word' id='word_1_357' title='bbox 491 2445 605 2514; x_wconf 83' lang='lat'><strong>(77)</strong></span> <span class='ocrx_word' id='word_1_358' title='bbox 636 2444 805 2496; x_wconf 74' lang='grc' dir='ltr'>ὄντων</span> <span class='ocrx_word' id='word_1_359' title='bbox 836 2445 870 2497; x_wconf 79' lang='grc' dir='ltr'><strong>ἃ.</strong></span> <span class='ocrx_word' id='word_1_360' title='bbox 895 2446 1142 2514; x_wconf 86' lang='grc' dir='ltr'>ἐποίησεν</span> <span class='ocrx_word' id='word_1_361' title='bbox 1191 2448 1246 2498; x_wconf 90' lang='grc' dir='ltr'><strong>ἐν</strong></span> <span class='ocrx_word' id='word_1_362' title='bbox 1288 2450 1350 2515; x_wconf 82' lang='grc' dir='ltr'>τῇ</span> <span class='ocrx_word' id='word_1_363' title='bbox 1404 2447 1650 2516; x_wconf 72' lang='grc' dir='ltr'>Γαλιλαίᾳ</span> <span class='ocrx_word' id='word_1_364' title='bbox 1683 2450 1710 2499; x_wconf 86' lang='grc' dir='ltr'><strong>ό</strong></span> <span class='ocrx_word' id='word_1_365' title='bbox 1740 2449 1839 2515; x_wconf 90' lang='grc' dir='ltr'>Ἰη-</span> 
     </span>
    </p>
   </div>
   <div class='ocr_carea' id='block_1_43' title="bbox 279 2533 1839 2603">
    <p class='ocr_par' dir='ltr' id='par_1_43' title="bbox 279 2533 1839 2603">
     <span class='ocr_line' id='line_1_43' title="bbox 279 2533 1839 2603; baseline 0.001 -18"><span class='ocrx_word' id='word_1_366' title='bbox 279 2534 424 2596; x_wconf 74' lang='grc' dir='ltr'>σοῦς,</span> <span class='ocrx_word' id='word_1_367' title='bbox 456 2534 516 2584; x_wconf 83' lang='grc' dir='ltr'><strong>τὸ</strong></span> <span class='ocrx_word' id='word_1_368' title='bbox 555 2533 804 2600; x_wconf 78' lang='grc' dir='ltr'>δεύτερον</span> <span class='ocrx_word' id='word_1_369' title='bbox 821 2534 1113 2601; x_wconf 87' lang='grc' dir='ltr'>πεποίηκεν</span> <span class='ocrx_word' id='word_1_370' title='bbox 1141 2533 1304 2586; x_wconf 87' lang='grc' dir='ltr'>ἐλθὼν</span> <span class='ocrx_word' id='word_1_371' title='bbox 1321 2535 1425 2586; x_wconf 85' lang='grc' dir='ltr'>ἀπὸ</span> <span class='ocrx_word' id='word_1_372' title='bbox 1456 2536 1550 2603; x_wconf 87' lang='grc' dir='ltr'>τῆς</span> <span class='ocrx_word' id='word_1_373' title='bbox 1586 2537 1839 2598; x_wconf 78' lang='grc' dir='ltr'>Ἰουδαίας</span> 
     </span>
    </p>
   </div>
   <div class='ocr_carea' id='block_1_44' title="bbox 277 2619 1838 2688">
    <p class='ocr_par' dir='ltr' id='par_1_44' title="bbox 277 2619 1838 2688">
     <span class='ocr_line' id='line_1_44' title="bbox 277 2619 1838 2688; baseline 0.003 -19"><span class='ocrx_word' id='word_1_374' title='bbox 277 2621 355 2680; x_wconf 83' lang='grc' dir='ltr'><strong>εἰς</strong></span> <span class='ocrx_word' id='word_1_375' title='bbox 397 2619 498 2688; x_wconf 76' lang='grc' dir='ltr'>τὴν</span> <span class='ocrx_word' id='word_1_376' title='bbox 553 2619 861 2670; x_wconf 67' lang='grc' dir='ltr'>Γαλιλαίαν*</span> <span class='ocrx_word' id='word_1_377' title='bbox 893 2621 982 2671; x_wconf 76' lang='grc' dir='ltr'>καὶ</span> <span class='ocrx_word' id='word_1_378' title='bbox 1019 2619 1172 2672; x_wconf 75' lang='grc' dir='ltr'>τοῦτό</span> <span class='ocrx_word' id='word_1_379' title='bbox 1204 2620 1265 2686; x_wconf 89' lang='grc' dir='ltr'><strong>γέ</strong></span> <span class='ocrx_word' id='word_1_380' title='bbox 1294 2624 1401 2672; x_wconf 86' lang='grc' dir='ltr'>ἐστι</span> <span class='ocrx_word' id='word_1_381' title='bbox 1429 2623 1489 2674; x_wconf 85' lang='grc' dir='ltr'><strong>τὸ</strong></span> <span class='ocrx_word' id='word_1_382' title='bbox 1529 2622 1708 2674; x_wconf 81' lang='grc' dir='ltr'>δεκτὸν</span> <span class='ocrx_word' id='word_1_383' title='bbox 1747 2623 1838 2674; x_wconf 75' lang='grc' dir='ltr'>καὶ</span> 
     </span>
    </p>
   </div>
   <div class='ocr_carea' id='block_1_45' title="bbox 276 2707 1837 2777">
    <p class='ocr_par' dir='ltr' id='par_1_45' title="bbox 276 2707 1837 2777">
     <span class='ocr_line' id='line_1_45' title="bbox 276 2707 1837 2777; baseline 0.003 -19"><span class='ocrx_word' id='word_1_384' title='bbox 276 2707 476 2776; x_wconf 83' lang='grc' dir='ltr'>ἀληθές</span> <span class='ocrx_word' id='word_1_385' title='bbox 510 2708 643 2776; x_wconf 79' lang='grc'>(78)⁶</span> <span class='ocrx_word' id='word_1_386' title='bbox 677 2708 738 2758; x_wconf 80' lang='grc' dir='ltr'><strong>οὑ</strong></span> <span class='ocrx_word' id='word_1_387' title='bbox 786 2708 892 2776; x_wconf 78' lang='grc' dir='ltr'>γὰρ</span> <span class='ocrx_word' id='word_1_388' title='bbox 919 2708 976 2759; x_wconf 85' lang='lat' dir='ltr'><strong>rb</strong></span> <span class='ocrx_word' id='word_1_389' title='bbox 1012 2709 1264 2777; x_wconf 86' lang='grc' dir='ltr'>πρότερον</span> <span class='ocrx_word' id='word_1_390' title='bbox 1312 2710 1416 2760; x_wconf 79' lang='grc' dir='ltr'><strong>ἀπὸ</strong></span> <span class='ocrx_word' id='word_1_391' title='bbox 1453 2710 1549 2777; x_wconf 83' lang='grc' dir='ltr'>τῆς</span> <span class='ocrx_word' id='word_1_392' title='bbox 1589 2711 1837 2772; x_wconf 84' lang='grc' dir='ltr'>Ἰουδαίας</span> 
     </span>
    </p>
   </div>
   <div class='ocr_carea' id='block_1_46' title="bbox 277 2797 1837 2869">
    <p class='ocr_par' dir='ltr' id='par_1_46' title="bbox 277 2797 1837 2869">
     <span class='ocr_line' id='line_1_46' title="bbox 277 2797 1837 2869; baseline 0.002 -22"><span class='ocrx_word' id='word_1_393' title='bbox 277 2798 356 2858; x_wconf 85' lang='grc' dir='ltr'><strong>εἰς</strong></span> <span class='ocrx_word' id='word_1_394' title='bbox 387 2798 488 2866; x_wconf 83' lang='grc' dir='ltr'>τὴν</span> <span class='ocrx_word' id='word_1_395' title='bbox 524 2797 816 2849; x_wconf 85' lang='grc' dir='ltr'>Γαλιλαίαν</span> <span class='ocrx_word' id='word_1_396' title='bbox 867 2797 1029 2848; x_wconf 86' lang='grc' dir='ltr'>ἐλθὼν</span> <span class='ocrx_word' id='word_1_397' title='bbox 1076 2798 1357 2866; x_wconf 88' lang='grc' dir='ltr'>πεποίηκε·</span> <span class='ocrx_word' id='word_1_398' title='bbox 1393 2799 1452 2850; x_wconf 84' lang='lat' dir='ltr'><strong>rb</strong></span> <span class='ocrx_word' id='word_1_399' title='bbox 1497 2799 1550 2850; x_wconf 84' lang='grc' dir='ltr'><strong>δέ</strong></span> <span class='ocrx_word' id='word_1_400' title='bbox 1584 2800 1837 2869; x_wconf 81' lang='grc' dir='ltr'>πρότερόν</span> 
     </span>
    </p>
   </div>
   <div class='ocr_carea' id='block_1_47' title="bbox 276 2886 1837 2959">
    <p class='ocr_par' dir='ltr' id='par_1_47' title="bbox 276 2886 1837 2959">
     <span class='ocr_line' id='line_1_47' title="bbox 276 2886 1837 2959; baseline 0.002 -21"><span class='ocrx_word' id='word_1_401' title='bbox 276 2888 392 2938; x_wconf 80' lang='grc' dir='ltr'>ἐστι</span> <span class='ocrx_word' id='word_1_402' title='bbox 422 2887 484 2938; x_wconf 79' lang='grc' dir='ltr'><strong>τὸ</strong></span> <span class='ocrx_word' id='word_1_403' title='bbox 518 2887 650 2954; x_wconf 79' lang='grc' dir='ltr'><strong>περί</strong></span> <span class='ocrx_word' id='word_1_404' title='bbox 665 2887 761 2955; x_wconf 87' lang='grc' dir='ltr'><strong>τὴν</strong></span> <span class='ocrx_word' id='word_1_405' title='bbox 785 2888 1078 2957; x_wconf 79' lang='grc' dir='ltr'>μεταϐολὴν</span> <span class='ocrx_word' id='word_1_406' title='bbox 1099 2889 1191 2941; x_wconf 82' lang='grc' dir='ltr'>τοῦ</span> <span class='ocrx_word' id='word_1_407' title='bbox 1222 2888 1406 2950; x_wconf 76' lang='grc' dir='ltr'>ὓδατος</span> <span class='ocrx_word' id='word_1_408' title='bbox 1435 2891 1512 2951; x_wconf 89' lang='grc' dir='ltr'><strong>εἰς</strong></span> <span class='ocrx_word' id='word_1_409' title='bbox 1533 2886 1688 2951; x_wconf 82' lang='grc' dir='ltr'>οἶνον,</span> <span class='ocrx_word' id='word_1_410' title='bbox 1705 2892 1837 2959; x_wconf 83' lang='grc' dir='ltr'>ὅπερ</span> 
     </span>
    </p>
   </div>
   <div class='ocr_carea' id='block_1_48' title="bbox 276 2976 1836 3045">
    <p class='ocr_par' dir='ltr' id='par_1_48' title="bbox 276 2976 1836 3045">
     <span class='ocr_line' id='line_1_48' title="bbox 276 2976 1836 3045; baseline 0.017 -3"><span class='ocrx_word' id='word_1_411' title='bbox 276 2977 500 3042; x_wconf 75' lang='grc' dir='ltr'>γέγονεν</span> <span class='ocrx_word' id='word_1_412' title='bbox 537 2979 594 3026; x_wconf 82' lang='grc' dir='ltr'><strong>ἐν</strong></span> <span class='ocrx_word' id='word_1_413' title='bbox 625 2979 691 3045; x_wconf 79' lang='grc' dir='ltr'>τῇ</span> <span class='ocrx_word' id='word_1_414' title='bbox 720 2976 996 3045; x_wconf 77' lang='grc' dir='ltr'>ἐπαύριον’</span> <span class='ocrx_word' id='word_1_415' title='bbox 1027 2978 1161 3045; x_wconf 72' lang='grc' dir='ltr'>ὅπερ</span> <span class='ocrx_word' id='word_1_416' title='bbox 1189 2977 1354 3028; x_wconf 63' lang='grc' dir='ltr'>αἴτιον</span> <span class='ocrx_word' id='word_1_417' title='bbox 1380 2978 1586 3042; x_wconf 62' lang='grc' dir='ltr'><strong>ἐγένετο</strong></span> <span class='ocrx_word' id='word_1_418' title='bbox 1612 2978 1701 3028; x_wconf 51' lang='grc' dir='ltr'>καὶ</span> <span class='ocrx_word' id='word_1_419' title='bbox 1731 2977 1836 3043; x_wconf 69' lang='lat'><strong>(79)</strong></span> 
     </span>
    </p>
   </div>
   <div class='ocr_carea' id='block_1_49' title="bbox 271 3064 1838 3134">
    <p class='ocr_par' dir='ltr' id='par_1_49' title="bbox 271 3064 1838 3134">
     <span class='ocr_line' id='line_1_49' title="bbox 271 3064 1838 3134; baseline 0 -18"><span class='ocrx_word' id='word_1_420' title='bbox 271 3064 367 3116; x_wconf 78' lang='grc' dir='ltr'>τοῦ</span> <span class='ocrx_word' id='word_1_421' title='bbox 407 3065 669 3133; x_wconf 83' lang='grc' dir='ltr'>Ἀνδρέαν</span> <span class='ocrx_word' id='word_1_422' title='bbox 699 3065 790 3116; x_wconf 83' lang='grc' dir='ltr'><strong>τὸν</strong></span> <span class='ocrx_word' id='word_1_423' title='bbox 819 3065 1043 3130; x_wconf 78' lang='grc' dir='ltr'>ἀδελφὸν</span> <span class='ocrx_word' id='word_1_424' title='bbox 1078 3065 1313 3134; x_wconf 90' lang='grc' dir='ltr'>Σίμωνος</span> <span class='ocrx_word' id='word_1_425' title='bbox 1349 3065 1569 3134; x_wconf 82' lang='grc' dir='ltr'>Πέτρου,</span> <span class='ocrx_word' id='word_1_426' title='bbox 1606 3065 1838 3132; x_wconf 88' lang='grc' dir='ltr'>πυθόμε-</span> 
     </span>
    </p>
   </div>
   <div class='ocr_carea' id='block_1_50' title="bbox 270 3153 1839 3223">
    <p class='ocr_par' dir='ltr' id='par_1_50' title="bbox 270 3153 1839 3223">
     <span class='ocr_line' id='line_1_50' title="bbox 270 3153 1839 3223; baseline 0 -18"><span class='ocrx_word' id='word_1_427' title='bbox 270 3170 358 3205; x_wconf 89' lang='grc' dir='ltr'><strong>νον</strong></span> <span class='ocrx_word' id='word_1_428' title='bbox 393 3153 500 3205; x_wconf 81' lang='grc' dir='ltr'>ποῦ</span> <span class='ocrx_word' id='word_1_429' title='bbox 541 3154 714 3221; x_wconf 84' lang='grc' dir='ltr'>μένει,</span> <span class='ocrx_word' id='word_1_430' title='bbox 761 3154 886 3223; x_wconf 78' lang='grc' dir='ltr'>περὶ</span> <span class='ocrx_word' id='word_1_431' title='bbox 932 3153 1159 3222; x_wconf 83' lang='grc' dir='ltr'>δεκάτην</span> <span class='ocrx_word' id='word_1_432' title='bbox 1193 3154 1338 3222; x_wconf 86' lang='grc' dir='ltr'>ὥραν</span> <span class='ocrx_word' id='word_1_433' title='bbox 1383 3153 1479 3220; x_wconf 80' lang='grc' dir='ltr'>τῆς</span> <span class='ocrx_word' id='word_1_434' title='bbox 1511 3153 1713 3221; x_wconf 80' lang='grc' dir='ltr'>ἡμέρας</span> <span class='ocrx_word' id='word_1_435' title='bbox 1746 3170 1839 3220; x_wconf 84' lang='grc' dir='ltr'>με·</span> 
     </span>
    </p>
   </div>
   <div class='ocr_carea' id='block_1_51' title="bbox 1937 2013 3471 2077">
    <p class='ocr_par' dir='ltr' id='par_1_51' title="bbox 1937 2013 3471 2077">
     <span class='ocr_line' id='line_1_51' title="bbox 1937 2013 3471 2077; baseline 0.003 -9"><span class='ocrx_word' id='word_1_436' title='bbox 1937 2028 2047 2077; x_wconf 85' lang='grc' dir='ltr'>ειιε,</span> <span class='ocrx_word' id='word_1_437' title='bbox 2071 2016 2289 2068; x_wconf 84' lang='lat' dir='ltr'><strong>veniens</strong></span> <span class='ocrx_word' id='word_1_438' title='bbox 2310 2029 2338 2066; x_wconf 89' lang='lat' dir='ltr'><strong>a</strong></span> <span class='ocrx_word' id='word_1_439' title='bbox 2357 2013 2534 2067; x_wconf 71' lang='lat' dir='ltr'><strong>Judaaa</strong></span> <span class='ocrx_word' id='word_1_440' title='bbox 2555 2015 2605 2068; x_wconf 93' lang='lat' dir='ltr'><strong>in</strong></span> <span class='ocrx_word' id='word_1_441' title='bbox 2628 2014 2899 2069; x_wconf 81' lang='lat' dir='ltr'><strong>Galilaeam</strong></span> <span class='ocrx_word' id='word_1_442' title='bbox 2927 2016 2968 2070; x_wconf 86' lang='grc'><strong>⁸.</strong></span> <span class='ocrx_word' id='word_1_443' title='bbox 3010 2034 3029 2068; x_wconf 74' lang='grc' dir='ltr'>ι</span> <span class='ocrx_word' id='word_1_444' title='bbox 3058 2017 3154 2071; x_wconf 82' lang='lat' dir='ltr'><strong>llic</strong></span> <span class='ocrx_word' id='word_1_445' title='bbox 3191 2029 3471 2072; x_wconf 80' lang='lat' dir='ltr'><strong>contextus</strong></span> 
     </span>
    </p>
   </div>
   <div class='ocr_carea' id='block_1_52' title="bbox 1936 2102 3467 2172">
    <p class='ocr_par' dir='ltr' id='par_1_52' title="bbox 1936 2102 3467 2172">
     <span class='ocr_line' id='line_1_52' title="bbox 1936 2102 3467 2172; baseline 0.004 -17"><span class='ocrx_word' id='word_1_446' title='bbox 1936 2111 2017 2155; x_wconf 92' lang='lat' dir='ltr'><strong>est</strong></span> <span class='ocrx_word' id='word_1_447' title='bbox 2047 2103 2362 2170; x_wconf 84' lang='lat' dir='ltr'><strong>ambiguus;</strong></span> <span class='ocrx_word' id='word_1_448' title='bbox 2403 2103 2563 2155; x_wconf 87' lang='lat' dir='ltr'><strong>habet</strong></span> <span class='ocrx_word' id='word_1_449' title='bbox 2615 2102 2754 2155; x_wconf 92' lang='lat' dir='ltr'><strong>enim</strong></span> <span class='ocrx_word' id='word_1_450' title='bbox 2798 2103 2954 2155; x_wconf 90' lang='lat' dir='ltr'><strong>talem</strong></span> <span class='ocrx_word' id='word_1_451' title='bbox 3001 2104 3467 2172; x_wconf 84' lang='lat' dir='ltr'><strong>significationem,</strong></span> 
     </span>
    </p>
   </div>
   <div class='ocr_carea' id='block_1_53' title="bbox 1937 2188 3466 2256">
    <p class='ocr_par' dir='ltr' id='par_1_53' title="bbox 1937 2188 3466 2256">
     <span class='ocr_line' id='line_1_53' title="bbox 1937 2188 3466 2256; baseline 0.004 -14"><span class='ocrx_word' id='word_1_452' title='bbox 1937 2191 2084 2256; x_wconf 83' lang='lat' dir='ltr'><strong>quasi</strong></span> <span class='ocrx_word' id='word_1_453' title='bbox 2117 2189 2270 2243; x_wconf 91' lang='lat' dir='ltr'><strong>Jesus</strong></span> <span class='ocrx_word' id='word_1_454' title='bbox 2303 2188 2408 2242; x_wconf 93' lang='lat' dir='ltr'><strong>duo</strong></span> <span class='ocrx_word' id='word_1_455' title='bbox 2436 2190 2583 2256; x_wconf 88' lang='lat' dir='ltr'><strong>signa</strong></span> <span class='ocrx_word' id='word_1_456' title='bbox 2614 2189 2820 2252; x_wconf 88' lang='lat' dir='ltr'><strong>fecerit,</strong></span> <span class='ocrx_word' id='word_1_457' title='bbox 2851 2204 2968 2242; x_wconf 92' lang='lat' dir='ltr'><strong>cum</strong></span> <span class='ocrx_word' id='word_1_458' title='bbox 3003 2191 3206 2244; x_wconf 86' lang='lat' dir='ltr'><strong>veniret</strong></span> <span class='ocrx_word' id='word_1_459' title='bbox 3235 2208 3260 2242; x_wconf 92' lang='lat' dir='ltr'><strong>a</strong></span> <span class='ocrx_word' id='word_1_460' title='bbox 3285 2193 3466 2247; x_wconf 67' lang='lat' dir='ltr'><strong>Judma</strong></span> 
     </span>
    </p>
   </div>
   <div class='ocr_carea' id='block_1_54' title="bbox 1939 2275 3466 2346">
    <p class='ocr_par' dir='ltr' id='par_1_54' title="bbox 1939 2275 3466 2346">
     <span class='ocr_line' id='line_1_54' title="bbox 1939 2275 3466 2346; baseline 0.004 -18"><span class='ocrx_word' id='word_1_461' title='bbox 1939 2277 1988 2329; x_wconf 92' lang='lat' dir='ltr'><strong>in</strong></span> <span class='ocrx_word' id='word_1_462' title='bbox 2018 2275 2308 2340; x_wconf 68' lang='lat' dir='ltr'><strong>Galilaeam,</strong></span> <span class='ocrx_word' id='word_1_463' title='bbox 2336 2290 2559 2342; x_wconf 90' lang='lat' dir='ltr'><strong>quorum</strong></span> <span class='ocrx_word' id='word_1_464' title='bbox 2593 2276 2800 2343; x_wconf 79' lang='lat' dir='ltr'><strong>signum</strong></span> <span class='ocrx_word' id='word_1_465' title='bbox 2833 2277 2898 2328; x_wconf 91' lang='lat' dir='ltr'><strong>de</strong></span> <span class='ocrx_word' id='word_1_466' title='bbox 2930 2277 3042 2329; x_wconf 86' lang='lat' dir='ltr'><strong>lilio</strong></span> <span class='ocrx_word' id='word_1_467' title='bbox 3072 2279 3236 2346; x_wconf 83' lang='lat' dir='ltr'><strong>reguli</strong></span> <span class='ocrx_word' id='word_1_468' title='bbox 3267 2281 3336 2332; x_wconf 93' lang='lat' dir='ltr'><strong>sit</strong></span> <span class='ocrx_word' id='word_1_469' title='bbox 3376 2295 3466 2334; x_wconf 90' lang='lat' dir='ltr'><strong>se-</strong></span> 
     </span>
    </p>
   </div>
   <div class='ocr_carea' id='block_1_55' title="bbox 1937 2363 3468 2433">
    <p class='ocr_par' dir='ltr' id='par_1_55' title="bbox 1937 2363 3468 2433">
     <span class='ocr_line' id='line_1_55' title="bbox 1937 2363 3468 2433; baseline 0.005 -19"><span class='ocrx_word' id='word_1_470' title='bbox 1937 2364 2161 2414; x_wconf 90' lang='lat' dir='ltr'><strong>cundum</strong></span> <span class='ocrx_word' id='word_1_471' title='bbox 2194 2377 2209 2414; x_wconf 91' lang='lat'><strong>:</strong></span> <span class='ocrx_word' id='word_1_472' title='bbox 2242 2373 2294 2414; x_wconf 89' lang='lat' dir='ltr'><strong>et</strong></span> <span class='ocrx_word' id='word_1_473' title='bbox 2327 2363 2467 2430; x_wconf 90' lang='lat' dir='ltr'><strong>quod</strong></span> <span class='ocrx_word' id='word_1_474' title='bbox 2498 2364 2600 2416; x_wconf 89' lang='lat' dir='ltr'><strong>duo</strong></span> <span class='ocrx_word' id='word_1_475' title='bbox 2629 2364 2777 2431; x_wconf 80' lang='lat' dir='ltr'><strong>signa</strong></span> <span class='ocrx_word' id='word_1_476' title='bbox 2804 2380 2922 2415; x_wconf 89' lang='lat' dir='ltr'><strong>cum</strong></span> <span class='ocrx_word' id='word_1_477' title='bbox 2958 2366 3064 2416; x_wconf 91' lang='lat' dir='ltr'><strong>sint</strong></span> <span class='ocrx_word' id='word_1_478' title='bbox 3106 2380 3223 2433; x_wconf 62' lang='lat' dir='ltr'><strong>quae</strong></span> <span class='ocrx_word' id='word_1_479' title='bbox 3278 2366 3468 2421; x_wconf 83' lang='lat' dir='ltr'><strong>fecerit</strong></span> 
     </span>
    </p>
   </div>
   <div class='ocr_carea' id='block_1_56' title="bbox 1935 2446 3468 2512">
    <p class='ocr_par' dir='ltr' id='par_1_56' title="bbox 1935 2446 3468 2512">
     <span class='ocr_line' id='line_1_56' title="bbox 1935 2446 3468 2512; baseline 0.002 -12"><span class='ocrx_word' id='word_1_480' title='bbox 1935 2447 2090 2501; x_wconf 70' lang='lat' dir='ltr'><strong>Jesus</strong></span> <span class='ocrx_word' id='word_1_481' title='bbox 2125 2448 2176 2499; x_wconf 93' lang='lat' dir='ltr'><strong>in</strong></span> <span class='ocrx_word' id='word_1_482' title='bbox 2215 2446 2458 2510; x_wconf 71' lang='lat' dir='ltr'><strong>Galilaea,</strong></span> <span class='ocrx_word' id='word_1_483' title='bbox 2499 2450 2784 2500; x_wconf 81' lang='lat' dir='ltr'><strong>secundum</strong></span> <span class='ocrx_word' id='word_1_484' title='bbox 2832 2447 3035 2512; x_wconf 81' lang='lat' dir='ltr'><strong>fecerit,</strong></span> <span class='ocrx_word' id='word_1_485' title='bbox 3078 2449 3292 2502; x_wconf 88' lang='lat' dir='ltr'><strong>veniens</strong></span> <span class='ocrx_word' id='word_1_486' title='bbox 3319 2465 3349 2502; x_wconf 87' lang='lat' dir='ltr'><strong>a</strong></span> <span class='ocrx_word' id='word_1_487' title='bbox 3373 2448 3468 2503; x_wconf 78' lang='lat' dir='ltr'><strong>.lu-</strong></span> 
     </span>
    </p>
   </div>
   <div class='ocr_carea' id='block_1_57' title="bbox 1936 2533 3456 2600">
    <p class='ocr_par' dir='ltr' id='par_1_57' title="bbox 1936 2533 3456 2600">
     <span class='ocr_line' id='line_1_57' title="bbox 1936 2533 3456 2600; baseline -0.001 -12"><span class='ocrx_word' id='word_1_488' title='bbox 1936 2538 2043 2588; x_wconf 87' lang='lat' dir='ltr'><strong>daea</strong></span> <span class='ocrx_word' id='word_1_489' title='bbox 2075 2535 2126 2587; x_wconf 93' lang='lat' dir='ltr'><strong>in</strong></span> <span class='ocrx_word' id='word_1_490' title='bbox 2165 2533 2429 2587; x_wconf 69' lang='lat' dir='ltr'><strong>Galilaeam</strong></span> <span class='ocrx_word' id='word_1_491' title='bbox 2457 2547 2469 2583; x_wconf 92' lang='lat'>:</span> <span class='ocrx_word' id='word_1_492' title='bbox 2507 2541 2688 2600; x_wconf 86' lang='lat' dir='ltr'><strong>estque</strong></span> <span class='ocrx_word' id='word_1_493' title='bbox 2724 2537 2821 2584; x_wconf 85' lang='lat' dir='ltr'><strong>hoc</strong></span> <span class='ocrx_word' id='word_1_494' title='bbox 2851 2545 3115 2600; x_wconf 86' lang='lat' dir='ltr'><strong>receptum</strong></span> <span class='ocrx_word' id='word_1_495' title='bbox 3150 2544 3204 2586; x_wconf 91' lang='lat' dir='ltr'><strong>et</strong></span> <span class='ocrx_word' id='word_1_496' title='bbox 3233 2549 3456 2597; x_wconf 90' lang='lat' dir='ltr'><strong>verum;</strong></span> 
     </span>
    </p>
   </div>
   <div class='ocr_carea' id='block_1_58' title="bbox 1936 2621 3467 2690">
    <p class='ocr_par' dir='ltr' id='par_1_58' title="bbox 1936 2621 3467 2690">
     <span class='ocr_line' id='line_1_58' title="bbox 1936 2621 3467 2690; baseline 0 -14"><span class='ocrx_word' id='word_1_497' title='bbox 1936 2637 2106 2690; x_wconf 85' lang='lat' dir='ltr'><strong>neque</strong></span> <span class='ocrx_word' id='word_1_498' title='bbox 2154 2623 2294 2675; x_wconf 89' lang='lat' dir='ltr'><strong>enim</strong></span> <span class='ocrx_word' id='word_1_499' title='bbox 2333 2635 2451 2674; x_wconf 84' lang='lat' dir='ltr'><strong>eum</strong></span> <span class='ocrx_word' id='word_1_500' title='bbox 2488 2622 2914 2689; x_wconf 78' lang='lat' dir='ltr'><strong>proﬁcisceretur</strong></span> <span class='ocrx_word' id='word_1_501' title='bbox 2941 2637 2968 2672; x_wconf 87' lang='lat' dir='ltr'><strong>a</strong></span> <span class='ocrx_word' id='word_1_502' title='bbox 3005 2621 3188 2675; x_wconf 65' lang='lat' dir='ltr'><strong>Judaza</strong></span> <span class='ocrx_word' id='word_1_503' title='bbox 3235 2625 3286 2674; x_wconf 94' lang='lat' dir='ltr'><strong>in</strong></span> <span class='ocrx_word' id='word_1_504' title='bbox 3325 2622 3467 2676; x_wconf 85' lang='lat' dir='ltr'><strong>Gali-</strong></span> 
     </span>
    </p>
   </div>
   <div class='ocr_carea' id='block_1_59' title="bbox 1936 2709 3469 2778">
    <p class='ocr_par' dir='ltr' id='par_1_59' title="bbox 1936 2709 3469 2778">
     <span class='ocr_line' id='line_1_59' title="bbox 1936 2709 3469 2778; baseline 0.001 -16"><span class='ocrx_word' id='word_1_505' title='bbox 1936 2711 2104 2772; x_wconf 58' lang='lat' dir='ltr'><strong>laeam,</strong></span> <span class='ocrx_word' id='word_1_506' title='bbox 2157 2711 2382 2778; x_wconf 89' lang='lat' dir='ltr'><strong>primum</strong></span> <span class='ocrx_word' id='word_1_507' title='bbox 2437 2711 2581 2773; x_wconf 86' lang='lat' dir='ltr'><strong>fecit,</strong></span> <span class='ocrx_word' id='word_1_508' title='bbox 2637 2713 2726 2763; x_wconf 86' lang='lat' dir='ltr'><strong>sed</strong></span> <span class='ocrx_word' id='word_1_509' title='bbox 2788 2711 3010 2776; x_wconf 88' lang='lat' dir='ltr'><strong>primum</strong></span> <span class='ocrx_word' id='word_1_510' title='bbox 3073 2709 3197 2763; x_wconf 87' lang='lat' dir='ltr'><strong>fecit</strong></span> <span class='ocrx_word' id='word_1_511' title='bbox 3255 2712 3469 2777; x_wconf 74' lang='lat' dir='ltr'><strong>quando</strong></span> 
     </span>
    </p>
   </div>
   <div class='ocr_carea' id='block_1_60' title="bbox 1937 2797 3462 2868">
    <p class='ocr_par' dir='ltr' id='par_1_60' title="bbox 1937 2797 3462 2868">
     <span class='ocr_line' id='line_1_60' title="bbox 1937 2797 3462 2868; baseline -0.001 -16"><span class='ocrx_word' id='word_1_512' title='bbox 1937 2801 2156 2852; x_wconf 89' lang='lat' dir='ltr'><strong>mulavit</strong></span> <span class='ocrx_word' id='word_1_513' title='bbox 2199 2815 2387 2868; x_wconf 87' lang='lat' dir='ltr'><strong>aquam</strong></span> <span class='ocrx_word' id='word_1_514' title='bbox 2424 2801 2474 2852; x_wconf 89' lang='lat' dir='ltr'><strong>in</strong></span> <span class='ocrx_word' id='word_1_515' title='bbox 2504 2801 2678 2850; x_wconf 88' lang='lat' dir='ltr'><strong>vinum</strong></span> <span class='ocrx_word' id='word_1_516' title='bbox 2717 2814 2731 2850; x_wconf 88' lang='lat'><strong>:</strong></span> <span class='ocrx_word' id='word_1_517' title='bbox 2767 2797 3070 2862; x_wconf 87' lang='lat' dir='ltr'><strong>factumque</strong></span> <span class='ocrx_word' id='word_1_518' title='bbox 3119 2807 3199 2850; x_wconf 85' lang='lat' dir='ltr'><strong>est</strong></span> <span class='ocrx_word' id='word_1_519' title='bbox 3249 2808 3462 2864; x_wconf 89' lang='lat' dir='ltr'><strong>postera</strong></span> 
     </span>
    </p>
   </div>
   <div class='ocr_carea' id='block_1_61' title="bbox 1936 2883 3465 2952">
    <p class='ocr_par' dir='ltr' id='par_1_61' title="bbox 1936 2883 3465 2952">
     <span class='ocr_line' id='line_1_61' title="bbox 1936 2883 3465 2952; baseline -0.001 -15"><span class='ocrx_word' id='word_1_520' title='bbox 1936 2885 2039 2950; x_wconf 86' lang='lat' dir='ltr'><strong>die,</strong></span> <span class='ocrx_word' id='word_1_521' title='bbox 2069 2884 2269 2952; x_wconf 83' lang='lat' dir='ltr'><strong>fuitque</strong></span> <span class='ocrx_word' id='word_1_522' title='bbox 2307 2886 2465 2937; x_wconf 84' lang='lat' dir='ltr'><strong>etiam</strong></span> <span class='ocrx_word' id='word_1_523' title='bbox 2494 2885 2546 2936; x_wconf 92' lang='lat' dir='ltr'><strong>in</strong></span> <span class='ocrx_word' id='word_1_524' title='bbox 2579 2899 2733 2936; x_wconf 88' lang='lat' dir='ltr'><strong>causa</strong></span> <span class='ocrx_word' id='word_1_525' title='bbox 2763 2897 2818 2935; x_wconf 93' lang='lat' dir='ltr'><strong>ut</strong></span> <span class='ocrx_word' id='word_1_526' title='bbox 2859 2883 3121 2945; x_wconf 83' lang='lat' dir='ltr'><strong>Andreas,</strong></span> <span class='ocrx_word' id='word_1_527' title='bbox 3180 2884 3344 2936; x_wconf 81' lang='lat' dir='ltr'><strong>frater</strong></span> <span class='ocrx_word' id='word_1_528' title='bbox 3377 2884 3465 2936; x_wconf 87' lang='lat' dir='ltr'><strong>Si-</strong></span> 
     </span>
    </p>
   </div>
   <div class='ocr_carea' id='block_1_62' title="bbox 1935 2972 3470 3040">
    <p class='ocr_par' dir='ltr' id='par_1_62' title="bbox 1935 2972 3470 3040">
     <span class='ocr_line' id='line_1_62' title="bbox 1935 2972 3470 3040; baseline -0.001 -13"><span class='ocrx_word' id='word_1_529' title='bbox 1935 2977 2104 3028; x_wconf 87' lang='lat' dir='ltr'><strong>monis</strong></span> <span class='ocrx_word' id='word_1_530' title='bbox 2138 2975 2298 3038; x_wconf 89' lang='lat' dir='ltr'><strong>Pelri,</strong></span> <span class='ocrx_word' id='word_1_531' title='bbox 2338 2975 2671 3040; x_wconf 78' lang='lat' dir='ltr'><strong>interrogans</strong></span> <span class='ocrx_word' id='word_1_532' title='bbox 2703 2972 2789 3024; x_wconf 92' lang='lat' dir='ltr'><strong>ubi</strong></span> <span class='ocrx_word' id='word_1_533' title='bbox 2839 2981 3096 3036; x_wconf 88' lang='lat' dir='ltr'><strong>maneret,</strong></span> <span class='ocrx_word' id='word_1_534' title='bbox 3143 2972 3287 3025; x_wconf 89' lang='lat' dir='ltr'><strong>circa</strong></span> <span class='ocrx_word' id='word_1_535' title='bbox 3323 2972 3470 3026; x_wconf 88' lang='lat' dir='ltr'><strong>deci-</strong></span> 
     </span>
    </p>
   </div>
   <div class='ocr_carea' id='block_1_63' title="bbox 1935 3060 3466 3127">
    <p class='ocr_par' dir='ltr' id='par_1_63' title="bbox 1935 3060 3466 3127">
     <span class='ocr_line' id='line_1_63' title="bbox 1935 3060 3466 3127; baseline 0 -13"><span class='ocrx_word' id='word_1_536' title='bbox 1935 3077 2073 3114; x_wconf 77' lang='lat' dir='ltr'><strong>mam</strong></span> <span class='ocrx_word' id='word_1_537' title='bbox 2108 3062 2208 3115; x_wconf 91' lang='lat' dir='ltr'><strong>diei</strong></span> <span class='ocrx_word' id='word_1_538' title='bbox 2239 3062 2421 3115; x_wconf 88' lang='lat' dir='ltr'><strong>horam</strong></span> <span class='ocrx_word' id='word_1_539' title='bbox 2459 3062 2598 3127; x_wconf 90' lang='lat' dir='ltr'><strong>apud</strong></span> <span class='ocrx_word' id='word_1_540' title='bbox 2639 3060 2915 3112; x_wconf 83' lang='lat' dir='ltr'><strong>Dominum</strong></span> <span class='ocrx_word' id='word_1_541' title='bbox 2956 3068 3196 3112; x_wconf 89' lang='lat' dir='ltr'><strong>maneret</strong></span> <span class='ocrx_word' id='word_1_542' title='bbox 3230 3060 3280 3126; x_wconf 68' lang='grc'>⁸;</span> <span class='ocrx_word' id='word_1_543' title='bbox 3327 3060 3466 3114; x_wconf 88' lang='lat' dir='ltr'><strong>scri-</strong></span> 
     </span>
    </p>
   </div>
   <div class='ocr_carea' id='block_1_64' title="bbox 1937 3146 3467 3217">
    <p class='ocr_par' dir='ltr' id='par_1_64' title="bbox 1937 3146 3467 3217">
     <span class='ocr_line' id='line_1_64' title="bbox 1937 3146 3467 3217; baseline 0 -15"><span class='ocrx_word' id='word_1_544' title='bbox 1937 3160 2083 3217; x_wconf 89' lang='lat' dir='ltr'><strong>ptum</strong></span> <span class='ocrx_word' id='word_1_545' title='bbox 2127 3160 2207 3203; x_wconf 91' lang='lat' dir='ltr'><strong>est</strong></span> <span class='ocrx_word' id='word_1_546' title='bbox 2248 3150 2436 3202; x_wconf 89' lang='lat' dir='ltr'><strong>enim:</strong></span> <span class='ocrx_word' id='word_1_547' title='bbox 2471 3165 2488 3198; x_wconf 82' lang='grc' dir='ltr'><strong>ι</strong></span> <span class='ocrx_word' id='word_1_548' title='bbox 2523 3148 2793 3200; x_wconf 84' lang='lat' dir='ltr'><strong>Postridie</strong></span> <span class='ocrx_word' id='word_1_549' title='bbox 2839 3149 3003 3200; x_wconf 87' lang='lat' dir='ltr'><strong>voluit</strong></span> <span class='ocrx_word' id='word_1_550' title='bbox 3041 3149 3190 3200; x_wconf 88' lang='lat' dir='ltr'><strong>exire</strong></span> <span class='ocrx_word' id='word_1_551' title='bbox 3236 3150 3289 3199; x_wconf 91' lang='lat' dir='ltr'><strong>in</strong></span> <span class='ocrx_word' id='word_1_552' title='bbox 3321 3146 3467 3202; x_wconf 88' lang='lat' dir='ltr'><strong>Gali-</strong></span> 
     </span>
    </p>
   </div>
   <div class='ocr_carea' id='block_1_65' title="bbox 271 3225 1833 3316">
    <p class='ocr_par' dir='ltr' id='par_1_65' title="bbox 271 3245 1833 3316">
     <span class='ocr_line' id='line_1_65' title="bbox 271 3245 1833 3316; baseline -0.001 -18"><span class='ocrx_word' id='word_1_553' title='bbox 271 3246 578 3314; x_wconf 82' lang='grc' dir='ltr'>μενηκέναι</span> <span class='ocrx_word' id='word_1_554' title='bbox 622 3245 774 3316; x_wconf 85' lang='grc' dir='ltr'><strong>παρά</strong></span> <span class='ocrx_word' id='word_1_555' title='bbox 820 3245 896 3314; x_wconf 84' lang='grc' dir='ltr'>τῷ</span> <span class='ocrx_word' id='word_1_556' title='bbox 938 3247 1142 3315; x_wconf 73' lang='grc' dir='ltr'>Κυρίῳσ</span> <span class='ocrx_word' id='word_1_557' title='bbox 1192 3247 1491 3315; x_wconf 87' lang='grc' dir='ltr'>γέγραπται</span> <span class='ocrx_word' id='word_1_558' title='bbox 1536 3246 1660 3314; x_wconf 69' lang='grc' dir='ltr'>γάρ*</span> <span class='ocrx_word' id='word_1_559' title='bbox 1703 3263 1721 3294; x_wconf 85' lang='grc' dir='ltr'><strong>ι</strong></span> <span class='ocrx_word' id='word_1_560' title='bbox 1758 3246 1833 3313; x_wconf 78' lang='grc' dir='ltr'><strong>Τῇ</strong></span> 
     </span>
    </p>
   </div>
   <div class='ocr_carea' id='block_1_66' title="bbox 1940 3225 3465 3316">
    <p class='ocr_par' dir='ltr' id='par_1_66' title="bbox 1940 3232 3465 3300">
     <span class='ocr_line' id='line_1_66' title="bbox 1940 3232 3465 3300; baseline 0 -12"><span class='ocrx_word' id='word_1_561' title='bbox 1940 3237 2106 3300; x_wconf 60' lang='lat' dir='ltr'><strong>latam,</strong></span> <span class='ocrx_word' id='word_1_562' title='bbox 2134 3245 2186 3290; x_wconf 90' lang='lat' dir='ltr'><strong>et</strong></span> <span class='ocrx_word' id='word_1_563' title='bbox 2218 3237 2416 3289; x_wconf 85' lang='lat' dir='ltr'><strong>invenit</strong></span> <span class='ocrx_word' id='word_1_564' title='bbox 2455 3234 2754 3300; x_wconf 89' lang='lat' dir='ltr'><strong>Philippum</strong></span> <span class='ocrx_word' id='word_1_565' title='bbox 2782 3234 2823 3286; x_wconf 82' lang='grc'><strong>⁸.</strong></span> <span class='ocrx_word' id='word_1_566' title='bbox 2857 3251 2876 3284; x_wconf 74' lang='grc' dir='ltr'><strong>ι</strong></span> <span class='ocrx_word' id='word_1_567' title='bbox 2911 3232 3015 3287; x_wconf 88' lang='lat' dir='ltr'><strong>Sed</strong></span> <span class='ocrx_word' id='word_1_568' title='bbox 3057 3234 3174 3287; x_wconf 88' lang='lat' dir='ltr'><strong>vide</strong></span> <span class='ocrx_word' id='word_1_569' title='bbox 3220 3249 3344 3288; x_wconf 87' lang='lat' dir='ltr'><strong>num</strong></span> <span class='ocrx_word' id='word_1_570' title='bbox 3384 3236 3465 3288; x_wconf 85' lang='lat' dir='ltr'><strong>iu-</strong></span> 
     </span>
    </p>
   </div>
   <div class='ocr_carea' id='block_1_67' title="bbox 267 3331 1835 3402">
    <p class='ocr_par' dir='ltr' id='par_1_67' title="bbox 267 3331 1835 3402">
     <span class='ocr_line' id='line_1_67' title="bbox 267 3331 1835 3402; baseline 0.001 -20"><span class='ocrx_word' id='word_1_571' title='bbox 267 3333 539 3400; x_wconf 75' lang='grc' dir='ltr'>ἐπαύριον</span> <span class='ocrx_word' id='word_1_572' title='bbox 583 3332 850 3401; x_wconf 77' lang='grc' dir='ltr'>ἠθέλησεν</span> <span class='ocrx_word' id='word_1_573' title='bbox 899 3331 1126 3394; x_wconf 81' lang='grc' dir='ltr'>ἐξελθεῖν</span> <span class='ocrx_word' id='word_1_574' title='bbox 1165 3336 1243 3394; x_wconf 88' lang='grc' dir='ltr'><strong>εἰς</strong></span> <span class='ocrx_word' id='word_1_575' title='bbox 1271 3334 1366 3402; x_wconf 79' lang='grc' dir='ltr'>τὴν</span> <span class='ocrx_word' id='word_1_576' title='bbox 1398 3332 1696 3392; x_wconf 88' lang='grc' dir='ltr'>Γαλιλαίαν,</span> <span class='ocrx_word' id='word_1_577' title='bbox 1744 3332 1835 3383; x_wconf 74' lang='grc' dir='ltr'><strong>καὶ</strong></span> 
     </span>
    </p>
   </div>
   <div class='ocr_carea' id='block_1_68' title="bbox 268 3417 1831 3488">
    <p class='ocr_par' dir='ltr' id='par_1_68' title="bbox 268 3417 1831 3488">
     <span class='ocr_line' id='line_1_68' title="bbox 268 3417 1831 3488; baseline -0.002 -18"><span class='ocrx_word' id='word_1_578' title='bbox 268 3421 520 3488; x_wconf 78' lang='grc' dir='ltr'>εὑρίσκει</span> <span class='ocrx_word' id='word_1_579' title='bbox 548 3419 834 3471; x_wconf 82' lang='grc' dir='ltr'>Φίλιππον.</span> <span class='ocrx_word' id='word_1_580' title='bbox 883 3438 900 3469; x_wconf 73' lang='grc' dir='ltr'><strong>ι</strong></span> <span class='ocrx_word' id='word_1_581' title='bbox 939 3421 1076 3486; x_wconf 86' lang='grc' dir='ltr'>Ὅρα</span> <span class='ocrx_word' id='word_1_582' title='bbox 1117 3419 1178 3488; x_wconf 84' lang='grc' dir='ltr'><strong>δὴ</strong></span> <span class='ocrx_word' id='word_1_583' title='bbox 1205 3421 1301 3488; x_wconf 81' lang='grc' dir='ltr'>τὴν</span> <span class='ocrx_word' id='word_1_584' title='bbox 1334 3419 1633 3487; x_wconf 89' lang='grc' dir='ltr'>οἰκονομίαν</span> <span class='ocrx_word' id='word_1_585' title='bbox 1666 3419 1710 3468; x_wconf 86' lang='grc' dir='ltr'><strong>εἰ</strong></span> <span class='ocrx_word' id='word_1_586' title='bbox 1745 3417 1831 3468; x_wconf 68' lang='grc' dir='ltr'>δε-</span> 
     </span>
    </p>
   </div>
   <div class='ocr_carea' id='block_1_69' title="bbox 268 3503 1837 3575">
    <p class='ocr_par' dir='ltr' id='par_1_69' title="bbox 268 3503 1837 3575">
     <span class='ocr_line' id='line_1_69' title="bbox 268 3503 1837 3575; baseline -0.003 -18"><span class='ocrx_word' id='word_1_587' title='bbox 268 3507 486 3574; x_wconf 74' lang='grc' dir='ltr'>νὰμεθα</span> <span class='ocrx_word' id='word_1_588' title='bbox 515 3507 731 3574; x_wconf 83' lang='grc' dir='ltr'>νοῆσαι,</span> <span class='ocrx_word' id='word_1_589' title='bbox 752 3506 828 3575; x_wconf 82' lang='grc' dir='ltr'>τῷ</span> <span class='ocrx_word' id='word_1_590' title='bbox 861 3506 954 3558; x_wconf 77' lang='grc' dir='ltr'><strong>καὶ</strong></span> <span class='ocrx_word' id='word_1_591' title='bbox 989 3503 1472 3574; x_wconf 80' lang='grc' dir='ltr'>ἐπισεσημειῶσθαι</span> <span class='ocrx_word' id='word_1_592' title='bbox 1502 3505 1589 3555; x_wconf 78' lang='grc' dir='ltr'><strong>τὸν</strong></span> <span class='ocrx_word' id='word_1_593' title='bbox 1621 3504 1837 3569; x_wconf 84' lang='grc' dir='ltr'>εὐαγγε-</span> 
     </span>
    </p>
   </div>
   <div class='ocr_carea' id='block_1_70' title="bbox 266 3591 1836 3665">
    <p class='ocr_par' dir='ltr' id='par_1_70' title="bbox 266 3591 1836 3665">
     <span class='ocr_line' id='line_1_70' title="bbox 266 3591 1836 3665; baseline -0.003 -19"><span class='ocrx_word' id='word_1_594' title='bbox 266 3595 456 3665; x_wconf 84' lang='grc' dir='ltr'>λιστὴν</span> <span class='ocrx_word' id='word_1_595' title='bbox 488 3595 626 3664; x_wconf 74' lang='grc' dir='ltr'>περὶ</span> <span class='ocrx_word' id='word_1_596' title='bbox 663 3594 753 3646; x_wconf 76' lang='grc' dir='ltr'>τοῦ</span> <span class='ocrx_word' id='word_1_597' title='bbox 787 3594 1030 3663; x_wconf 84' lang='grc' dir='ltr'>δεύτερον</span> <span class='ocrx_word' id='word_1_598' title='bbox 1066 3594 1218 3644; x_wconf 82' lang='grc' dir='ltr'>τοῦτο</span> <span class='ocrx_word' id='word_1_599' title='bbox 1255 3593 1314 3644; x_wconf 82' lang='grc' dir='ltr'><strong>τὸ</strong></span> <span class='ocrx_word' id='word_1_600' title='bbox 1357 3595 1573 3660; x_wconf 78' lang='grc' dir='ltr'>σημεῖον</span> <span class='ocrx_word' id='word_1_601' title='bbox 1624 3591 1836 3657; x_wconf 79' lang='grc' dir='ltr'>γεγονέ-</span> 
     </span>
    </p>
   </div>
   <div class='ocr_carea' id='block_1_71' title="bbox 266 3678 1835 3752">
    <p class='ocr_par' dir='ltr' id='par_1_71' title="bbox 266 3678 1835 3752">
     <span class='ocr_line' id='line_1_71' title="bbox 266 3678 1835 3752; baseline -0.004 -16"><span class='ocrx_word' id='word_1_602' title='bbox 266 3703 376 3747; x_wconf 81' lang='grc' dir='ltr'>ναι,</span> <span class='ocrx_word' id='word_1_603' title='bbox 402 3683 768 3744; x_wconf 83' lang='grc' dir='ltr'>κατελθόντος</span> <span class='ocrx_word' id='word_1_604' title='bbox 793 3684 898 3734; x_wconf 81' lang='grc' dir='ltr'><strong>ἀπὸ</strong></span> <span class='ocrx_word' id='word_1_605' title='bbox 914 3684 1010 3752; x_wconf 82' lang='grc' dir='ltr'>τῆς</span> <span class='ocrx_word' id='word_1_606' title='bbox 1048 3682 1298 3742; x_wconf 83' lang='grc' dir='ltr'>ἰουδαίας</span> <span class='ocrx_word' id='word_1_607' title='bbox 1327 3683 1404 3743; x_wconf 85' lang='grc' dir='ltr'>εἰς</span> <span class='ocrx_word' id='word_1_608' title='bbox 1429 3682 1523 3749; x_wconf 76' lang='grc' dir='ltr'><strong>τὴν</strong></span> <span class='ocrx_word' id='word_1_609' title='bbox 1555 3678 1835 3732; x_wconf 87' lang='grc' dir='ltr'>Γαλιλαίαν</span> 
     </span>
    </p>
   </div>
   <div class='ocr_carea' id='block_1_72' title="bbox 263 3766 1835 3840">
    <p class='ocr_par' dir='ltr' id='par_1_72' title="bbox 263 3766 1835 3840">
     <span class='ocr_line' id='line_1_72' title="bbox 263 3766 1835 3840; baseline -0.004 -16"><span class='ocrx_word' id='word_1_610' title='bbox 263 3772 356 3824; x_wconf 78' lang='grc' dir='ltr'>τοῦ</span> <span class='ocrx_word' id='word_1_611' title='bbox 391 3771 635 3840; x_wconf 82' lang='grc' dir='ltr'>Κυρίου.</span> <span class='ocrx_word' id='word_1_612' title='bbox 678 3770 962 3840; x_wconf 84' lang='grc' dir='ltr'>Ἐλέγομεν</span> <span class='ocrx_word' id='word_1_613' title='bbox 990 3771 1045 3822; x_wconf 76' lang='grc' dir='ltr'>δὲ</span> <span class='ocrx_word' id='word_1_614' title='bbox 1073 3772 1130 3821; x_wconf 83' lang='grc' dir='ltr'><strong>ἐν</strong></span> <span class='ocrx_word' id='word_1_615' title='bbox 1161 3773 1270 3830; x_wconf 87' lang='grc' dir='ltr'>τοῖς</span> <span class='ocrx_word' id='word_1_616' title='bbox 1299 3768 1551 3836; x_wconf 78' lang='grc' dir='ltr'>ἀνωτέρω</span> <span class='ocrx_word' id='word_1_617' title='bbox 1587 3766 1835 3818; x_wconf 82' lang='grc' dir='ltr'>δύνασθαι</span> 
     </span>
    </p>
   </div>
   <div class='ocr_carea' id='block_1_73' title="bbox 249 3845 1836 3928">
    <p class='ocr_par' dir='ltr' id='par_1_73' title="bbox 249 3845 1836 3928">
     <span class='ocr_line' id='line_1_73' title="bbox 249 3845 1836 3928; baseline -0.004 -17"><span class='ocrx_word' id='word_1_618' title='bbox 249 3845 361 3922; x_wconf 36' lang='grc' dir='ltr'>’τὰς</span> <span class='ocrx_word' id='word_1_619' title='bbox 390 3861 486 3912; x_wconf 74' lang='grc' dir='ltr'>δύο</span> <span class='ocrx_word' id='word_1_620' title='bbox 533 3862 619 3920; x_wconf 89' lang='grc' dir='ltr'><strong>εἰς</strong></span> <span class='ocrx_word' id='word_1_621' title='bbox 649 3859 746 3928; x_wconf 87' lang='grc' dir='ltr'>τὴν</span> <span class='ocrx_word' id='word_1_622' title='bbox 782 3857 934 3911; x_wconf 85' lang='grc' dir='ltr'>Κανᾶ</span> <span class='ocrx_word' id='word_1_623' title='bbox 975 3854 1063 3905; x_wconf 80' lang='grc' dir='ltr'><strong>τοῦ</strong></span> <span class='ocrx_word' id='word_1_624' title='bbox 1097 3860 1341 3927; x_wconf 78' lang='grc' dir='ltr'>Σωτῆρος</span> <span class='ocrx_word' id='word_1_625' title='bbox 1375 3857 1525 3926; x_wconf 79' lang='grc' dir='ltr'>ἡμῶν</span> <span class='ocrx_word' id='word_1_626' title='bbox 1552 3856 1836 3925; x_wconf 77' lang='grc' dir='ltr'>ἐπιδημίας</span> 
     </span>
    </p>
   </div>
   <div class='ocr_carea' id='block_1_74' title="bbox 264 3943 1835 4016">
    <p class='ocr_par' dir='ltr' id='par_1_74' title="bbox 264 3943 1835 4016">
     <span class='ocr_line' id='line_1_74' title="bbox 264 3943 1835 4016; baseline -0.004 -16"><span class='ocrx_word' id='word_1_627' title='bbox 264 3951 342 4009; x_wconf 83' lang='grc' dir='ltr'><strong>εἰς</strong></span> <span class='ocrx_word' id='word_1_628' title='bbox 384 3948 667 4016; x_wconf 75' lang='grc' dir='ltr'>σύμϐολον</span> <span class='ocrx_word' id='word_1_629' title='bbox 695 3945 1056 4014; x_wconf 79' lang='grc' dir='ltr'>λαμϐάνεσθαι</span> <span class='ocrx_word' id='word_1_630' title='bbox 1079 3947 1185 3997; x_wconf 86' lang='grc' dir='ltr'><strong>τῶν</strong></span> <span class='ocrx_word' id='word_1_631' title='bbox 1209 3946 1299 3997; x_wconf 76' lang='grc' dir='ltr'><strong>δύο</strong></span> <span class='ocrx_word' id='word_1_632' title='bbox 1329 3943 1486 3996; x_wconf 79' lang='grc' dir='ltr'>αὑτοῦ</span> <span class='ocrx_word' id='word_1_633' title='bbox 1514 3947 1589 4005; x_wconf 91' lang='grc' dir='ltr'><strong>εἰς</strong></span> <span class='ocrx_word' id='word_1_634' title='bbox 1613 3944 1706 4012; x_wconf 80' lang='grc' dir='ltr'><strong>τὴν</strong></span> <span class='ocrx_word' id='word_1_635' title='bbox 1736 3943 1835 4010; x_wconf 84' lang='grc' dir='ltr'><strong>γῆν</strong></span> 
     </span>
    </p>
   </div>
   <div class='ocr_carea' id='block_1_75' title="bbox 263 4031 1833 4106">
    <p class='ocr_par' dir='ltr' id='par_1_75' title="bbox 263 4031 1833 4106">
     <span class='ocr_line' id='line_1_75' title="bbox 263 4031 1833 4106; baseline -0.004 -20"><span class='ocrx_word' id='word_1_636' title='bbox 263 4037 604 4106; x_wconf 79' lang='grc' dir='ltr'>ἐπιδημιῶν,</span> <span class='ocrx_word' id='word_1_637' title='bbox 652 4036 773 4103; x_wconf 79' lang='grc' dir='ltr'>ἥτις</span> <span class='ocrx_word' id='word_1_638' title='bbox 815 4033 965 4102; x_wconf 77' lang='grc' dir='ltr'>παρὰ</span> <span class='ocrx_word' id='word_1_639' title='bbox 1002 4033 1061 4085; x_wconf 83' lang='grc' dir='ltr'>τὸ</span> <span class='ocrx_word' id='word_1_640' title='bbox 1103 4033 1284 4102; x_wconf 82' lang='grc' dir='ltr'>κτῆμα</span> <span class='ocrx_word' id='word_1_641' title='bbox 1329 4032 1488 4084; x_wconf 77' lang='grc' dir='ltr'>αὑτοῦ</span> <span class='ocrx_word' id='word_1_642' title='bbox 1539 4031 1833 4098; x_wconf 86' lang='grc' dir='ltr'>γεγονέναι,</span> 
     </span>
    </p>
   </div>
   <div class='ocr_carea' id='block_1_76' title="bbox 263 4121 1832 4192">
    <p class='ocr_par' dir='ltr' id='par_1_76' title="bbox 263 4121 1832 4192">
     <span class='ocr_line' id='line_1_76' title="bbox 263 4121 1832 4192; baseline -0.003 -16"><span class='ocrx_word' id='word_1_643' title='bbox 263 4125 558 4192; x_wconf 73' lang='grc' dir='ltr'>εἰληφότος</span> <span class='ocrx_word' id='word_1_644' title='bbox 592 4125 776 4176; x_wconf 82' lang='grc' dir='ltr'>πᾶσαν</span> <span class='ocrx_word' id='word_1_645' title='bbox 807 4122 1050 4187; x_wconf 77' lang='grc' dir='ltr'>ἐξουσίαν</span> <span class='ocrx_word' id='word_1_646' title='bbox 1080 4121 1153 4183; x_wconf 83' lang='grc' dir='ltr'>ὡς</span> <span class='ocrx_word' id='word_1_647' title='bbox 1178 4124 1234 4172; x_wconf 88' lang='grc' dir='ltr'><strong>ἐν</strong></span> <span class='ocrx_word' id='word_1_648' title='bbox 1253 4121 1459 4192; x_wconf 81' lang='grc' dir='ltr'>οὐρανῷ</span> <span class='ocrx_word' id='word_1_649' title='bbox 1485 4121 1574 4172; x_wconf 71' lang='grc' dir='ltr'><strong>καὶ</strong></span> <span class='ocrx_word' id='word_1_650' title='bbox 1603 4121 1693 4172; x_wconf 77' lang='grc' dir='ltr'>ἐπὶ</span> <span class='ocrx_word' id='word_1_651' title='bbox 1713 4121 1832 4189; x_wconf 88' lang='grc' dir='ltr'>γῆς,</span> 
     </span>
    </p>
   </div>
   <div class='ocr_carea' id='block_1_77' title="bbox 261 4206 1835 4282">
    <p class='ocr_par' dir='ltr' id='par_1_77' title="bbox 261 4206 1835 4282">
     <span class='ocr_line' id='line_1_77' title="bbox 261 4206 1835 4282; baseline -0.006 -16"><span class='ocrx_word' id='word_1_652' title='bbox 261 4214 423 4266; x_wconf 79' lang='grc' dir='ltr'>Κανᾶ</span> <span class='ocrx_word' id='word_1_653' title='bbox 446 4211 757 4282; x_wconf 81' lang='grc' dir='ltr'>ὠνομάσθη</span> <span class='ocrx_word' id='word_1_654' title='bbox 783 4211 915 4278; x_wconf 89' lang='grc'><strong>(80).</strong></span> <span class='ocrx_word' id='word_1_655' title='bbox 947 4211 1024 4278; x_wconf 81' lang='grc' dir='ltr'><strong>Τῇ</strong></span> <span class='ocrx_word' id='word_1_656' title='bbox 1060 4209 1154 4278; x_wconf 78' lang='grc' dir='ltr'><strong>μὲν</strong></span> <span class='ocrx_word' id='word_1_657' title='bbox 1194 4206 1284 4261; x_wconf 77' lang='grc' dir='ltr'>οὖν</span> <span class='ocrx_word' id='word_1_658' title='bbox 1314 4208 1548 4278; x_wconf 73' lang='grc' dir='ltr'>προτέρᾳ</span> <span class='ocrx_word' id='word_1_659' title='bbox 1580 4207 1835 4276; x_wconf 68' lang='grc' dir='ltr'>ἐπιδημίᾳ.</span> 
     </span>
    </p>
   </div>
   <div class='ocr_carea' id='block_1_78' title="bbox 265 4295 1836 4369">
    <p class='ocr_par' dir='ltr' id='par_1_78' title="bbox 265 4295 1836 4369">
     <span class='ocr_line' id='line_1_78' title="bbox 265 4295 1836 4369; baseline -0.006 -16"><span class='ocrx_word' id='word_1_660' title='bbox 265 4301 403 4369; x_wconf 83' lang='grc' dir='ltr'><strong>μετά</strong></span> <span class='ocrx_word' id='word_1_661' title='bbox 455 4300 523 4352; x_wconf 88' lang='lat' dir='ltr'><strong>rb</strong></span> <span class='ocrx_word' id='word_1_662' title='bbox 580 4299 807 4368; x_wconf 81' lang='grc' dir='ltr'>λουτρὸν</span> <span class='ocrx_word' id='word_1_663' title='bbox 860 4299 1006 4366; x_wconf 82' lang='grc' dir='ltr'>ἡμᾶς</span> <span class='ocrx_word' id='word_1_664' title='bbox 1045 4297 1316 4366; x_wconf 76' lang='grc' dir='ltr'>εὐφραίνει</span> <span class='ocrx_word' id='word_1_665' title='bbox 1366 4295 1836 4363; x_wconf 88' lang='grc' dir='ltr'>συνδιαιτωμένους</span> 
     </span>
    </p>
   </div>
   <div class='ocr_carea' id='block_1_79' title="bbox 262 4383 1834 4457">
    <p class='ocr_par' dir='ltr' id='par_1_79' title="bbox 262 4383 1834 4457">
     <span class='ocr_line' id='line_1_79' title="bbox 262 4383 1834 4457; baseline -0.004 -17"><span class='ocrx_word' id='word_1_666' title='bbox 262 4389 436 4457; x_wconf 84' lang='grc' dir='ltr'>αὐτῷ,</span> <span class='ocrx_word' id='word_1_667' title='bbox 491 4388 593 4440; x_wconf 73' lang='grc' dir='ltr'>καὶ</span> <span class='ocrx_word' id='word_1_668' title='bbox 645 4386 819 4448; x_wconf 76' lang='grc' dir='ltr'>διδοὺς</span> <span class='ocrx_word' id='word_1_669' title='bbox 849 4386 940 4438; x_wconf 81' lang='grc' dir='ltr'><strong>τοῦ</strong></span> <span class='ocrx_word' id='word_1_670' title='bbox 972 4388 1034 4438; x_wconf 87' lang='grc' dir='ltr'><strong>ἐκ</strong></span> <span class='ocrx_word' id='word_1_671' title='bbox 1068 4386 1164 4455; x_wconf 83' lang='grc' dir='ltr'>τῆς</span> <span class='ocrx_word' id='word_1_672' title='bbox 1195 4385 1468 4453; x_wconf 84' lang='grc' dir='ltr'>δυνάμεως</span> <span class='ocrx_word' id='word_1_673' title='bbox 1504 4383 1664 4434; x_wconf 75' lang='grc' dir='ltr'>αὐτοῦ</span> <span class='ocrx_word' id='word_1_674' title='bbox 1699 4383 1834 4434; x_wconf 81' lang='grc' dir='ltr'>οἴνου</span> 
     </span>
    </p>
   </div>
   <div class='ocr_carea' id='block_1_80' title="bbox 263 4471 1836 4544">
    <p class='ocr_par' dir='ltr' id='par_1_80' title="bbox 263 4471 1836 4544">
     <span class='ocr_line' id='line_1_80' title="bbox 263 4471 1836 4544; baseline -0.006 -15"><span class='ocrx_word' id='word_1_675' title='bbox 263 4481 430 4542; x_wconf 85' lang='grc' dir='ltr'>πιεῖν,</span> <span class='ocrx_word' id='word_1_676' title='bbox 489 4477 694 4537; x_wconf 81' lang='grc' dir='ltr'>ὕδατος</span> <span class='ocrx_word' id='word_1_677' title='bbox 729 4476 825 4543; x_wconf 85' lang='grc' dir='ltr'><strong>μὲν</strong></span> <span class='ocrx_word' id='word_1_678' title='bbox 869 4476 1233 4544; x_wconf 80' lang='grc' dir='ltr'>τυγχάνοντος,</span> <span class='ocrx_word' id='word_1_679' title='bbox 1266 4475 1350 4525; x_wconf 85' lang='grc' dir='ltr'><strong>ὅτε</strong></span> <span class='ocrx_word' id='word_1_680' title='bbox 1396 4471 1617 4540; x_wconf 74' lang='grc' dir='ltr'>ἧντλητο</span> <span class='ocrx_word' id='word_1_681' title='bbox 1648 4471 1836 4539; x_wconf 86' lang='grc' dir='ltr'>πρότε-</span> 
     </span>
    </p>
   </div>
   <div class='ocr_carea' id='block_1_81' title="bbox 266 4558 1834 4634">
    <p class='ocr_par' dir='ltr' id='par_1_81' title="bbox 266 4558 1834 4634">
     <span class='ocr_line' id='line_1_81' title="bbox 266 4558 1834 4634; baseline -0.007 -16"><span class='ocrx_word' id='word_1_682' title='bbox 266 4583 378 4634; x_wconf 85' lang='grc' dir='ltr'>ρον·</span> <span class='ocrx_word' id='word_1_683' title='bbox 427 4566 582 4617; x_wconf 77' lang='grc' dir='ltr'>οἴνου</span> <span class='ocrx_word' id='word_1_684' title='bbox 616 4564 676 4615; x_wconf 86' lang='grc' dir='ltr'>δὲ</span> <span class='ocrx_word' id='word_1_685' title='bbox 725 4563 1035 4631; x_wconf 87' lang='grc' dir='ltr'>γενομένου,</span> <span class='ocrx_word' id='word_1_686' title='bbox 1061 4564 1146 4614; x_wconf 83' lang='grc' dir='ltr'><strong>ὅτε</strong></span> <span class='ocrx_word' id='word_1_687' title='bbox 1189 4561 1316 4613; x_wconf 77' lang='grc' dir='ltr'>αὐτὸ</span> <span class='ocrx_word' id='word_1_688' title='bbox 1348 4559 1453 4628; x_wconf 85' lang='grc'><strong>(81)</strong></span> <span class='ocrx_word' id='word_1_689' title='bbox 1488 4558 1834 4627; x_wconf 85' lang='grc' dir='ltr'>μετεποίησεν</span> 
     </span>
    </p>
   </div>
   <div class='ocr_carea' id='block_1_82' title="bbox 273 4645 1832 4724">
    <p class='ocr_par' dir='ltr' id='par_1_82' title="bbox 273 4645 1832 4724">
     <span class='ocr_line' id='line_1_82' title="bbox 273 4645 1832 4724; baseline -0.006 -17"><span class='ocrx_word' id='word_1_690' title='bbox 273 4654 509 4724; x_wconf 78' lang='grc' dir='ltr'>Ἰησοῦς.</span> <span class='ocrx_word' id='word_1_691' title='bbox 549 4651 670 4705; x_wconf 75' lang='grc' dir='ltr'><strong>Καὶ</strong></span> <span class='ocrx_word' id='word_1_692' title='bbox 709 4651 817 4719; x_wconf 82' lang='grc' dir='ltr'>γὰρ</span> <span class='ocrx_word' id='word_1_693' title='bbox 845 4650 1057 4719; x_wconf 82' lang='grc' dir='ltr'>ἀληθῶς</span> <span class='ocrx_word' id='word_1_694' title='bbox 1096 4650 1200 4718; x_wconf 84' lang='grc' dir='ltr'><strong>πρὸ</strong></span> <span class='ocrx_word' id='word_1_695' title='bbox 1233 4650 1328 4718; x_wconf 80' lang='grc' dir='ltr'><strong>μὲν</strong></span> <span class='ocrx_word' id='word_1_696' title='bbox 1369 4645 1538 4715; x_wconf 88' lang='grc' dir='ltr'><strong>Ἰησοῦ</strong></span> <span class='ocrx_word' id='word_1_697' title='bbox 1586 4647 1618 4712; x_wconf 80' lang='grc' dir='ltr'>ἡ</span> <span class='ocrx_word' id='word_1_698' title='bbox 1647 4645 1832 4718; x_wconf 78' lang='grc' dir='ltr'>Γραφὴ</span> 
     </span>
    </p>
   </div>
   <div class='ocr_carea' id='block_1_83' title="bbox 260 4731 1826 4810">
    <p class='ocr_par' dir='ltr' id='par_1_83' title="bbox 260 4731 1826 4810">
     <span class='ocr_line' id='line_1_83' title="bbox 260 4731 1826 4810; baseline -0.005 -18"><span class='ocrx_word' id='word_1_699' title='bbox 260 4738 407 4810; x_wconf 80' lang='grc' dir='ltr'>ὕδωρ</span> <span class='ocrx_word' id='word_1_700' title='bbox 459 4736 556 4808; x_wconf 80' lang='grc' dir='ltr'><strong>ἦν’</strong></span> <span class='ocrx_word' id='word_1_701' title='bbox 594 4737 709 4790; x_wconf 83' lang='grc' dir='ltr'>ἀπὸ</span> <span class='ocrx_word' id='word_1_702' title='bbox 733 4737 790 4789; x_wconf 82' lang='grc' dir='ltr'>δὲ</span> <span class='ocrx_word' id='word_1_703' title='bbox 821 4736 914 4788; x_wconf 80' lang='grc' dir='ltr'><strong>τοῦ</strong></span> <span class='ocrx_word' id='word_1_704' title='bbox 969 4735 1139 4804; x_wconf 89' lang='grc' dir='ltr'><strong>Ἰησοῦ</strong></span> <span class='ocrx_word' id='word_1_705' title='bbox 1182 4731 1318 4795; x_wconf 84' lang='grc' dir='ltr'>οἶνος</span> <span class='ocrx_word' id='word_1_706' title='bbox 1353 4735 1484 4802; x_wconf 81' lang='grc' dir='ltr'>ἡμῖν</span> <span class='ocrx_word' id='word_1_707' title='bbox 1529 4731 1826 4801; x_wconf 80' lang='grc' dir='ltr'>γεγένηται.</span> 
     </span>
    </p>
   </div>
   <div class='ocr_carea' id='block_1_84' title="bbox 255 4815 1831 4898">
    <p class='ocr_par' dir='ltr' id='par_1_84' title="bbox 255 4815 1831 4898">
     <span class='ocr_line' id='line_1_84' title="bbox 255 4815 1831 4898; baseline -0.005 -18"><span class='ocrx_word' id='word_1_708' title='bbox 255 4815 339 4898; x_wconf 49' lang='grc' dir='ltr'><strong>’Τῇ</strong></span> <span class='ocrx_word' id='word_1_709' title='bbox 385 4829 444 4880; x_wconf 81' lang='grc' dir='ltr'>δὲ</span> <span class='ocrx_word' id='word_1_710' title='bbox 473 4825 718 4895; x_wconf 73' lang='grc' dir='ltr'>δευτέρᾳ</span> <span class='ocrx_word' id='word_1_711' title='bbox 749 4824 856 4894; x_wconf 72' lang='lat'><strong>(8’2)</strong></span> <span class='ocrx_word' id='word_1_712' title='bbox 889 4823 1146 4892; x_wconf 69' lang='grc' dir='ltr'>ἐπιδημίᾳ</span> <span class='ocrx_word' id='word_1_713' title='bbox 1195 4822 1413 4874; x_wconf 82' lang='grc' dir='ltr'>ἀπολύει</span> <span class='ocrx_word' id='word_1_714' title='bbox 1445 4820 1534 4872; x_wconf 80' lang='grc' dir='ltr'>τοῦ</span> <span class='ocrx_word' id='word_1_715' title='bbox 1583 4821 1831 4890; x_wconf 82' lang='grc' dir='ltr'>πυρετοῦ,</span> 
     </span>
    </p>
   </div>
   <div class='ocr_carea' id='block_1_85' title="bbox 1937 3321 3467 3393">
    <p class='ocr_par' dir='ltr' id='par_1_85' title="bbox 1937 3321 3467 3393">
     <span class='ocr_line' id='line_1_85' title="bbox 1937 3321 3467 3393; baseline -0.001 -15"><span class='ocrx_word' id='word_1_716' title='bbox 1937 3325 2169 3393; x_wconf 83' lang='lat' dir='ltr'><strong>telligere</strong></span> <span class='ocrx_word' id='word_1_717' title='bbox 2221 3325 2484 3392; x_wconf 78' lang='lat' dir='ltr'><strong>possimus</strong></span> <span class='ocrx_word' id='word_1_718' title='bbox 2536 3321 2884 3376; x_wconf 66' lang='lat' dir='ltr'><strong>(nconomiam</strong></span> <span class='ocrx_word' id='word_1_719' title='bbox 2919 3338 2930 3372; x_wconf 96' lang='lat'>:</span> <span class='ocrx_word' id='word_1_720' title='bbox 2964 3337 3026 3375; x_wconf 92' lang='lat' dir='ltr'><strong>eo</strong></span> <span class='ocrx_word' id='word_1_721' title='bbox 3074 3324 3214 3390; x_wconf 84' lang='lat' dir='ltr'><strong>quod</strong></span> <span class='ocrx_word' id='word_1_722' title='bbox 3264 3323 3467 3377; x_wconf 87' lang='lat' dir='ltr'><strong>notarit</strong></span> 
     </span>
    </p>
   </div>
   <div class='ocr_carea' id='block_1_86' title="bbox 1933 3411 3458 3480">
    <p class='ocr_par' dir='ltr' id='par_1_86' title="bbox 1933 3411 3458 3480">
     <span class='ocr_line' id='line_1_86' title="bbox 1933 3411 3458 3480; baseline -0.001 -13"><span class='ocrx_word' id='word_1_723' title='bbox 1933 3416 2091 3467; x_wconf 89' lang='lat' dir='ltr'><strong>etiam</strong></span> <span class='ocrx_word' id='word_1_724' title='bbox 2134 3415 2454 3480; x_wconf 85' lang='lat' dir='ltr'><strong>evangelista</strong></span> <span class='ocrx_word' id='word_1_725' title='bbox 2498 3413 2599 3466; x_wconf 87' lang='lat' dir='ltr'><strong>hoc</strong></span> <span class='ocrx_word' id='word_1_726' title='bbox 2655 3412 2942 3466; x_wconf 88' lang='lat' dir='ltr'><strong>secundum</strong></span> <span class='ocrx_word' id='word_1_727' title='bbox 2995 3413 3206 3480; x_wconf 86' lang='lat' dir='ltr'><strong>signum</strong></span> <span class='ocrx_word' id='word_1_728' title='bbox 3256 3411 3458 3466; x_wconf 87' lang='lat' dir='ltr'><strong>factum</strong></span> 
     </span>
    </p>
   </div>
   <div class='ocr_carea' id='block_1_87' title="bbox 1935 3498 3462 3556">
    <p class='ocr_par' dir='ltr' id='par_1_87' title="bbox 1935 3498 3462 3556">
     <span class='ocr_line' id='line_1_87' title="bbox 1935 3498 3462 3556; baseline 0.001 -4"><span class='ocrx_word' id='word_1_729' title='bbox 1935 3501 2097 3554; x_wconf 87' lang='lat' dir='ltr'><strong>fuisse</strong></span> <span class='ocrx_word' id='word_1_730' title='bbox 2124 3515 2245 3554; x_wconf 90' lang='lat' dir='ltr'><strong>cum</strong></span> <span class='ocrx_word' id='word_1_731' title='bbox 2276 3501 2618 3554; x_wconf 87' lang='lat' dir='ltr'><strong>descenderet</strong></span> <span class='ocrx_word' id='word_1_732' title='bbox 2663 3499 2918 3554; x_wconf 86' lang='lat' dir='ltr'><strong>Dominus</strong></span> <span class='ocrx_word' id='word_1_733' title='bbox 2948 3515 2977 3554; x_wconf 92' lang='lat' dir='ltr'><strong>a</strong></span> <span class='ocrx_word' id='word_1_734' title='bbox 3007 3498 3183 3554; x_wconf 67' lang='lat' dir='ltr'><strong>Judaaa</strong></span> <span class='ocrx_word' id='word_1_735' title='bbox 3231 3501 3281 3554; x_wconf 92' lang='lat' dir='ltr'><strong>in</strong></span> <span class='ocrx_word' id='word_1_736' title='bbox 3313 3499 3462 3556; x_wconf 85' lang='lat' dir='ltr'><strong>Gali-</strong></span> 
     </span>
    </p>
   </div>
   <div class='ocr_carea' id='block_1_88' title="bbox 1934 3589 3460 3654">
    <p class='ocr_par' dir='ltr' id='par_1_88' title="bbox 1934 3589 3460 3654">
     <span class='ocr_line' id='line_1_88' title="bbox 1934 3589 3460 3654; baseline -0.001 -11"><span class='ocrx_word' id='word_1_737' title='bbox 1934 3590 2105 3644; x_wconf 62' lang='lat' dir='ltr'><strong>laeam.</strong></span> <span class='ocrx_word' id='word_1_738' title='bbox 2140 3590 2378 3644; x_wconf 80' lang='lat' dir='ltr'><strong>Diximus</strong></span> <span class='ocrx_word' id='word_1_739' title='bbox 2406 3598 2581 3642; x_wconf 88' lang='lat' dir='ltr'><strong>autem</strong></span> <span class='ocrx_word' id='word_1_740' title='bbox 2616 3590 2670 3642; x_wconf 91' lang='lat' dir='ltr'><strong>in</strong></span> <span class='ocrx_word' id='word_1_741' title='bbox 2705 3589 3072 3654; x_wconf 89' lang='lat' dir='ltr'><strong>superioribus</strong></span> <span class='ocrx_word' id='word_1_742' title='bbox 3103 3591 3233 3642; x_wconf 94' lang='lat' dir='ltr'><strong>duos</strong></span> <span class='ocrx_word' id='word_1_743' title='bbox 3265 3589 3460 3642; x_wconf 83' lang='lat' dir='ltr'><strong>Serva-</strong></span> 
     </span>
    </p>
   </div>
   <div class='ocr_carea' id='block_1_89' title="bbox 1936 3675 3464 3743">
    <p class='ocr_par' dir='ltr' id='par_1_89' title="bbox 1936 3675 3464 3743">
     <span class='ocr_line' id='line_1_89' title="bbox 1936 3675 3464 3743; baseline -0.001 -11"><span class='ocrx_word' id='word_1_744' title='bbox 1936 3679 2065 3732; x_wconf 91' lang='lat' dir='ltr'><strong>toris</strong></span> <span class='ocrx_word' id='word_1_745' title='bbox 2088 3679 2253 3732; x_wconf 90' lang='lat' dir='ltr'><strong>nostri</strong></span> <span class='ocrx_word' id='word_1_746' title='bbox 2301 3679 2559 3731; x_wconf 85' lang='lat' dir='ltr'><strong>adventus</strong></span> <span class='ocrx_word' id='word_1_747' title='bbox 2605 3676 2658 3730; x_wconf 91' lang='lat' dir='ltr'><strong>in</strong></span> <span class='ocrx_word' id='word_1_748' title='bbox 2701 3676 2900 3730; x_wconf 89' lang='lat' dir='ltr'><strong>Canam</strong></span> <span class='ocrx_word' id='word_1_749' title='bbox 2953 3675 3121 3740; x_wconf 88' lang='lat' dir='ltr'><strong>accipi</strong></span> <span class='ocrx_word' id='word_1_750' title='bbox 3155 3690 3311 3742; x_wconf 87' lang='lat' dir='ltr'><strong>posse</strong></span> <span class='ocrx_word' id='word_1_751' title='bbox 3362 3689 3464 3743; x_wconf 86' lang='lat' dir='ltr'><strong>pro</strong></span> 
     </span>
    </p>
   </div>
   <div class='ocr_carea' id='block_1_90' title="bbox 1935 3762 3466 3831">
    <p class='ocr_par' dir='ltr' id='par_1_90' title="bbox 1935 3762 3466 3831">
     <span class='ocr_line' id='line_1_90' title="bbox 1935 3762 3466 3831; baseline -0.002 -13"><span class='ocrx_word' id='word_1_752' title='bbox 1935 3766 2137 3818; x_wconf 88' lang='lat' dir='ltr'><strong>duobus</strong></span> <span class='ocrx_word' id='word_1_753' title='bbox 2166 3765 2331 3831; x_wconf 88' lang='lat' dir='ltr'><strong>ipsius</strong></span> <span class='ocrx_word' id='word_1_754' title='bbox 2373 3778 2534 3830; x_wconf 89' lang='lat' dir='ltr'><strong>super</strong></span> <span class='ocrx_word' id='word_1_755' title='bbox 2566 3773 2758 3814; x_wconf 88' lang='lat' dir='ltr'><strong>terram</strong></span> <span class='ocrx_word' id='word_1_756' title='bbox 2802 3762 3113 3815; x_wconf 88' lang='lat' dir='ltr'><strong>adventibus</strong></span> <span class='ocrx_word' id='word_1_757' title='bbox 3148 3778 3161 3812; x_wconf 92' lang='lat'><strong>:</strong></span> <span class='ocrx_word' id='word_1_758' title='bbox 3192 3777 3309 3829; x_wconf 68' lang='lat' dir='ltr'><strong>quae</strong></span> <span class='ocrx_word' id='word_1_759' title='bbox 3341 3763 3466 3830; x_wconf 71' lang='lat' dir='ltr'><strong>qui-</strong></span> 
     </span>
    </p>
   </div>
   <div class='ocr_carea' id='block_1_91' title="bbox 1934 3847 3466 3918">
    <p class='ocr_par' dir='ltr' id='par_1_91' title="bbox 1934 3847 3466 3918">
     <span class='ocr_line' id='line_1_91' title="bbox 1934 3847 3466 3918; baseline -0.003 -14"><span class='ocrx_word' id='word_1_760' title='bbox 1934 3851 2050 3905; x_wconf 87' lang='lat' dir='ltr'><strong>dem</strong></span> <span class='ocrx_word' id='word_1_761' title='bbox 2083 3861 2243 3913; x_wconf 89' lang='lat' dir='ltr'><strong>terra,</strong></span> <span class='ocrx_word' id='word_1_762' title='bbox 2271 3851 2394 3916; x_wconf 89' lang='lat' dir='ltr'><strong>quia</strong></span> <span class='ocrx_word' id='word_1_763' title='bbox 2421 3850 2558 3902; x_wconf 85' lang='lat' dir='ltr'><strong>facta</strong></span> <span class='ocrx_word' id='word_1_764' title='bbox 2590 3851 2661 3902; x_wconf 91' lang='lat' dir='ltr'><strong>sit</strong></span> <span class='ocrx_word' id='word_1_765' title='bbox 2688 3850 2958 3918; x_wconf 81' lang='lat' dir='ltr'><strong>possessio</strong></span> <span class='ocrx_word' id='word_1_766' title='bbox 2982 3847 3116 3914; x_wconf 85' lang='lat' dir='ltr'><strong>ejus,</strong></span> <span class='ocrx_word' id='word_1_767' title='bbox 3145 3848 3232 3914; x_wconf 88' lang='lat' dir='ltr'><strong>qui</strong></span> <span class='ocrx_word' id='word_1_768' title='bbox 3258 3847 3466 3916; x_wconf 71' lang='lat' dir='ltr'><strong>accepit</strong></span> 
     </span>
    </p>
   </div>
   <div class='ocr_carea' id='block_1_92' title="bbox 1932 3937 3462 4008">
    <p class='ocr_par' dir='ltr' id='par_1_92' title="bbox 1932 3937 3462 4008">
     <span class='ocr_line' id='line_1_92' title="bbox 1932 3937 3462 4008; baseline 0.001 -19"><span class='ocrx_word' id='word_1_769' title='bbox 1932 3948 2248 4008; x_wconf 83' lang='lat' dir='ltr'><strong>potestatem</strong></span> <span class='ocrx_word' id='word_1_770' title='bbox 2279 3952 2512 4000; x_wconf 90' lang='lat' dir='ltr'><strong>omnem,</strong></span> <span class='ocrx_word' id='word_1_771' title='bbox 2546 3938 2616 3990; x_wconf 89' lang='lat' dir='ltr'><strong>ita</strong></span> <span class='ocrx_word' id='word_1_772' title='bbox 2647 3938 2698 3989; x_wconf 93' lang='lat' dir='ltr'><strong>in</strong></span> <span class='ocrx_word' id='word_1_773' title='bbox 2736 3946 2898 3998; x_wconf 89' lang='lat' dir='ltr'><strong>terra,</strong></span> <span class='ocrx_word' id='word_1_774' title='bbox 2921 3937 3361 4002; x_wconf 80' lang='lat' dir='ltr'><strong>quemadmolum</strong></span> <span class='ocrx_word' id='word_1_775' title='bbox 3409 3937 3462 3990; x_wconf 90' lang='lat' dir='ltr'><strong>in</strong></span> 
     </span>
    </p>
   </div>
   <div class='ocr_carea' id='block_1_93' title="bbox 1932 4021 3466 4091">
    <p class='ocr_par' dir='ltr' id='par_1_93' title="bbox 1932 4021 3466 4091">
     <span class='ocr_line' id='line_1_93' title="bbox 1932 4021 3466 4091; baseline -0.001 -11"><span class='ocrx_word' id='word_1_776' title='bbox 1932 4027 2068 4080; x_wconf 71' lang='lat' dir='ltr'><strong>coelo</strong></span> <span class='ocrx_word' id='word_1_777' title='bbox 2099 4027 2142 4089; x_wconf 81' lang='grc'>⁸,</span> <span class='ocrx_word' id='word_1_778' title='bbox 2181 4026 2379 4079; x_wconf 88' lang='lat' dir='ltr'><strong>idcirco</strong></span> <span class='ocrx_word' id='word_1_779' title='bbox 2410 4025 2564 4076; x_wconf 83' lang='grc' dir='ltr'><strong>Κανᾶ</strong></span> <span class='ocrx_word' id='word_1_780' title='bbox 2619 4023 2876 4091; x_wconf 86' lang='lat' dir='ltr'><strong>appellata</strong></span> <span class='ocrx_word' id='word_1_781' title='bbox 2909 4031 3010 4076; x_wconf 87' lang='lat' dir='ltr'><strong>est.</strong></span> <span class='ocrx_word' id='word_1_782' title='bbox 3064 4021 3243 4075; x_wconf 85' lang='lat' dir='ltr'><strong>Primo</strong></span> <span class='ocrx_word' id='word_1_783' title='bbox 3284 4023 3466 4091; x_wconf 86' lang='lat' dir='ltr'><strong>itaque</strong></span> 
     </span>
    </p>
   </div>
   <div class='ocr_carea' id='block_1_94' title="bbox 1933 4110 3460 4180">
    <p class='ocr_par' dir='ltr' id='par_1_94' title="bbox 1933 4110 3460 4180">
     <span class='ocr_line' id='line_1_94' title="bbox 1933 4110 3460 4180; baseline -0.001 -15"><span class='ocrx_word' id='word_1_784' title='bbox 1933 4115 2158 4166; x_wconf 88' lang='lat' dir='ltr'><strong>adventu</strong></span> <span class='ocrx_word' id='word_1_785' title='bbox 2191 4127 2285 4165; x_wconf 91' lang='lat' dir='ltr'><strong>nos</strong></span> <span class='ocrx_word' id='word_1_786' title='bbox 2320 4122 2436 4180; x_wconf 90' lang='lat' dir='ltr'><strong>post</strong></span> <span class='ocrx_word' id='word_1_787' title='bbox 2475 4113 2741 4164; x_wconf 86' lang='lat' dir='ltr'><strong>lavacrum</strong></span> <span class='ocrx_word' id='word_1_788' title='bbox 2791 4125 2911 4164; x_wconf 89' lang='lat' dir='ltr'><strong>cum</strong></span> <span class='ocrx_word' id='word_1_789' title='bbox 2964 4110 3079 4178; x_wconf 90' lang='lat' dir='ltr'><strong>ipso</strong></span> <span class='ocrx_word' id='word_1_790' title='bbox 3113 4110 3460 4164; x_wconf 84' lang='lat' dir='ltr'><strong>convivantes</strong></span> 
     </span>
    </p>
   </div>
   <div class='ocr_carea' id='block_1_95' title="bbox 1932 4197 3465 4266">
    <p class='ocr_par' dir='ltr' id='par_1_95' title="bbox 1932 4197 3465 4266">
     <span class='ocr_line' id='line_1_95' title="bbox 1932 4197 3465 4266; baseline -0.001 -14"><span class='ocrx_word' id='word_1_791' title='bbox 1932 4201 2218 4266; x_wconf 87' lang='lat' dir='ltr'><strong>exhilarat,</strong></span> <span class='ocrx_word' id='word_1_792' title='bbox 2252 4201 2408 4252; x_wconf 90' lang='lat' dir='ltr'><strong>etiam</strong></span> <span class='ocrx_word' id='word_1_793' title='bbox 2444 4199 2648 4253; x_wconf 87' lang='lat' dir='ltr'><strong>donans</strong></span> <span class='ocrx_word' id='word_1_794' title='bbox 2677 4206 2733 4250; x_wconf 92' lang='lat' dir='ltr'><strong>ut</strong></span> <span class='ocrx_word' id='word_1_795' title='bbox 2777 4198 3018 4251; x_wconf 88' lang='lat' dir='ltr'><strong>bibamus</strong></span> <span class='ocrx_word' id='word_1_796' title='bbox 3061 4212 3090 4251; x_wconf 90' lang='lat' dir='ltr'><strong>e</strong></span> <span class='ocrx_word' id='word_1_797' title='bbox 3127 4197 3253 4251; x_wconf 88' lang='lat' dir='ltr'><strong>vino</strong></span> <span class='ocrx_word' id='word_1_798' title='bbox 3284 4206 3465 4265; x_wconf 89' lang='lat' dir='ltr'><strong>poten-</strong></span> 
     </span>
    </p>
   </div>
   <div class='ocr_carea' id='block_1_96' title="bbox 1935 4284 3465 4357">
    <p class='ocr_par' dir='ltr' id='par_1_96' title="bbox 1935 4284 3465 4357">
     <span class='ocr_line' id='line_1_96' title="bbox 1935 4284 3465 4357; baseline -0.003 -14"><span class='ocrx_word' id='word_1_799' title='bbox 1935 4291 2019 4344; x_wconf 69' lang='lat' dir='ltr'><strong>tia:</strong></span> <span class='ocrx_word' id='word_1_800' title='bbox 2051 4304 2178 4355; x_wconf 59' lang='lat' dir='ltr'><strong>sua),</strong></span> <span class='ocrx_word' id='word_1_801' title='bbox 2206 4289 2345 4357; x_wconf 90' lang='lat' dir='ltr'><strong>quod</strong></span> <span class='ocrx_word' id='word_1_802' title='bbox 2371 4287 2586 4354; x_wconf 88' lang='lat' dir='ltr'><strong>quidem</strong></span> <span class='ocrx_word' id='word_1_803' title='bbox 2617 4299 2755 4354; x_wconf 88' lang='lat' dir='ltr'><strong>aqua</strong></span> <span class='ocrx_word' id='word_1_804' title='bbox 2783 4295 2900 4340; x_wconf 84' lang='lat' dir='ltr'><strong>erat</strong></span> <span class='ocrx_word' id='word_1_805' title='bbox 2941 4285 3150 4352; x_wconf 83' lang='lat' dir='ltr'><strong>quando</strong></span> <span class='ocrx_word' id='word_1_806' title='bbox 3183 4284 3465 4338; x_wconf 86' lang='lat' dir='ltr'><strong>haurieba-</strong></span> 
     </span>
    </p>
   </div>
   <div class='ocr_carea' id='block_1_97' title="bbox 1935 4373 3465 4444">
    <p class='ocr_par' dir='ltr' id='par_1_97' title="bbox 1935 4373 3465 4444">
     <span class='ocr_line' id='line_1_97' title="bbox 1935 4373 3465 4444; baseline -0.004 -13"><span class='ocrx_word' id='word_1_807' title='bbox 1935 4388 2020 4432; x_wconf 91' lang='lat' dir='ltr'><strong>tur</strong></span> <span class='ocrx_word' id='word_1_808' title='bbox 2048 4388 2238 4439; x_wconf 87' lang='lat' dir='ltr'><strong>antea;</strong></span> <span class='ocrx_word' id='word_1_809' title='bbox 2287 4376 2449 4444; x_wconf 75' lang='lat'><strong>278</strong></span> <span class='ocrx_word' id='word_1_810' title='bbox 2475 4375 2567 4428; x_wconf 91' lang='lat' dir='ltr'><strong>sed</strong></span> <span class='ocrx_word' id='word_1_811' title='bbox 2618 4375 2793 4426; x_wconf 91' lang='lat' dir='ltr'><strong>vinum</strong></span> <span class='ocrx_word' id='word_1_812' title='bbox 2826 4373 2968 4428; x_wconf 86' lang='lat' dir='ltr'><strong>facta</strong></span> <span class='ocrx_word' id='word_1_813' title='bbox 3001 4385 3102 4436; x_wconf 87' lang='lat' dir='ltr'><strong>est,</strong></span> <span class='ocrx_word' id='word_1_814' title='bbox 3134 4373 3342 4442; x_wconf 89' lang='lat' dir='ltr'><strong>quando</strong></span> <span class='ocrx_word' id='word_1_815' title='bbox 3371 4373 3465 4426; x_wconf 86' lang='lat' dir='ltr'><strong>im-</strong></span> 
     </span>
    </p>
   </div>
   <div class='ocr_carea' id='block_1_98' title="bbox 1937 4458 3462 4516">
    <p class='ocr_par' dir='ltr' id='par_1_98' title="bbox 1937 4458 3462 4516">
     <span class='ocr_line' id='line_1_98' title="bbox 1937 4458 3462 4516; baseline -0.003 0"><span class='ocrx_word' id='word_1_816' title='bbox 1937 4463 2158 4516; x_wconf 87' lang='lat' dir='ltr'><strong>mntavit</strong></span> <span class='ocrx_word' id='word_1_817' title='bbox 2214 4461 2358 4514; x_wconf 87' lang='lat' dir='ltr'><strong>illam</strong></span> <span class='ocrx_word' id='word_1_818' title='bbox 2423 4460 2599 4514; x_wconf 80' lang='lat' dir='ltr'><strong>Jesus.</strong></span> <span class='ocrx_word' id='word_1_819' title='bbox 2654 4461 2862 4514; x_wconf 88' lang='lat' dir='ltr'><strong>Etenim</strong></span> <span class='ocrx_word' id='word_1_820' title='bbox 2914 4475 3036 4515; x_wconf 89' lang='lat' dir='ltr'><strong>vere</strong></span> <span class='ocrx_word' id='word_1_821' title='bbox 3111 4470 3234 4514; x_wconf 91' lang='lat' dir='ltr'><strong>ante</strong></span> <span class='ocrx_word' id='word_1_822' title='bbox 3282 4458 3462 4512; x_wconf 71' lang='lat' dir='ltr'><strong>Iesum</strong></span> 
     </span>
    </p>
   </div>
   <div class='ocr_carea' id='block_1_99' title="bbox 1939 4546 3463 4618">
    <p class='ocr_par' dir='ltr' id='par_1_99' title="bbox 1939 4546 3463 4618">
     <span class='ocr_line' id='line_1_99' title="bbox 1939 4546 3463 4618; baseline -0.003 -14"><span class='ocrx_word' id='word_1_823' title='bbox 1939 4551 2212 4618; x_wconf 90' lang='lat' dir='ltr'><strong>Scriptura</strong></span> <span class='ocrx_word' id='word_1_824' title='bbox 2259 4556 2374 4602; x_wconf 89' lang='lat' dir='ltr'><strong>erat</strong></span> <span class='ocrx_word' id='word_1_825' title='bbox 2400 4563 2566 4616; x_wconf 88' lang='lat' dir='ltr'><strong>aqua;</strong></span> <span class='ocrx_word' id='word_1_826' title='bbox 2597 4549 2753 4601; x_wconf 91' lang='lat' dir='ltr'><strong>simul</strong></span> <span class='ocrx_word' id='word_1_827' title='bbox 2798 4558 2974 4601; x_wconf 87' lang='lat' dir='ltr'><strong>autem</strong></span> <span class='ocrx_word' id='word_1_828' title='bbox 3000 4556 3159 4616; x_wconf 91' lang='lat' dir='ltr'><strong>atque</strong></span> <span class='ocrx_word' id='word_1_829' title='bbox 3190 4550 3330 4602; x_wconf 86' lang='lat' dir='ltr'><strong>venit</strong></span> <span class='ocrx_word' id='word_1_830' title='bbox 3369 4546 3463 4600; x_wconf 76' lang='lat' dir='ltr'><strong>Je»</strong></span> 
     </span>
    </p>
   </div>
   <div class='ocr_carea' id='block_1_100' title="bbox 1937 4637 3460 4702">
    <p class='ocr_par' dir='ltr' id='par_1_100' title="bbox 1937 4637 3460 4702">
     <span class='ocr_line' id='line_1_100' title="bbox 1937 4637 3460 4702; baseline -0.004 -7"><span class='ocrx_word' id='word_1_831' title='bbox 1937 4656 2048 4702; x_wconf 92' lang='lat' dir='ltr'><strong>sus,</strong></span> <span class='ocrx_word' id='word_1_832' title='bbox 2077 4641 2211 4693; x_wconf 82' lang='lat' dir='ltr'><strong>facta</strong></span> <span class='ocrx_word' id='word_1_833' title='bbox 2249 4653 2331 4692; x_wconf 77' lang='lat' dir='ltr'><strong>esr</strong></span> <span class='ocrx_word' id='word_1_834' title='bbox 2371 4637 2522 4692; x_wconf 87' lang='lat' dir='ltr'><strong>nobis</strong></span> <span class='ocrx_word' id='word_1_835' title='bbox 2550 4639 2751 4695; x_wconf 87' lang='lat' dir='ltr'><strong>vinum.</strong></span> <span class='ocrx_word' id='word_1_836' title='bbox 2781 4638 3022 4693; x_wconf 89' lang='lat' dir='ltr'><strong>Secundo</strong></span> <span class='ocrx_word' id='word_1_837' title='bbox 3055 4652 3181 4691; x_wconf 90' lang='lat' dir='ltr'><strong>vero</strong></span> <span class='ocrx_word' id='word_1_838' title='bbox 3227 4638 3460 4690; x_wconf 88' lang='lat' dir='ltr'><strong>adventu</strong></span> 
     </span>
    </p>
   </div>
   <div class='ocr_carea' id='block_1_101' title="bbox 1935 4722 3461 4793">
    <p class='ocr_par' dir='ltr' id='par_1_101' title="bbox 1935 4722 3461 4793">
     <span class='ocr_line' id='line_1_101' title="bbox 1935 4722 3461 4793; baseline -0.005 -10"><span class='ocrx_word' id='word_1_839' title='bbox 1935 4729 2123 4784; x_wconf 87' lang='lat' dir='ltr'><strong>liberat</strong></span> <span class='ocrx_word' id='word_1_840' title='bbox 2177 4742 2206 4780; x_wconf 89' lang='lat' dir='ltr'><strong>a</strong></span> <span class='ocrx_word' id='word_1_841' title='bbox 2236 4727 2388 4793; x_wconf 87' lang='lat' dir='ltr'><strong>febri,</strong></span> <span class='ocrx_word' id='word_1_842' title='bbox 2447 4737 2683 4792; x_wconf 90' lang='lat' dir='ltr'><strong>tempore</strong></span> <span class='ocrx_word' id='word_1_843' title='bbox 2711 4725 2929 4793; x_wconf 84' lang='lat' dir='ltr'><strong>judicii,</strong></span> <span class='ocrx_word' id='word_1_844' title='bbox 2984 4726 3124 4792; x_wconf 86' lang='lat' dir='ltr'><strong>quod</strong></span> <span class='ocrx_word' id='word_1_845' title='bbox 3174 4723 3244 4775; x_wconf 90' lang='lat' dir='ltr'><strong>illi</strong></span> <span class='ocrx_word' id='word_1_846' title='bbox 3284 4738 3314 4774; x_wconf 87' lang='lat' dir='ltr'><strong>a</strong></span> <span class='ocrx_word' id='word_1_847' title='bbox 3351 4722 3461 4776; x_wconf 91' lang='lat' dir='ltr'><strong>Deo</strong></span> 
     </span>
    </p>
   </div>
   <div class='ocr_carea' id='block_1_102' title="bbox 1938 4811 3462 4886">
    <p class='ocr_par' dir='ltr' id='par_1_102' title="bbox 1938 4811 3462 4886">
     <span class='ocr_line' id='line_1_102' title="bbox 1938 4811 3462 4886; baseline -0.007 -12"><span class='ocrx_word' id='word_1_848' title='bbox 1938 4818 2297 4874; x_wconf 87' lang='lat' dir='ltr'><strong>concreditum</strong></span> <span class='ocrx_word' id='word_1_849' title='bbox 2324 4817 2424 4872; x_wconf 91' lang='lat' dir='ltr'><strong>fuit</strong></span> <span class='ocrx_word' id='word_1_850' title='bbox 2449 4825 2505 4871; x_wconf 89' lang='lat' dir='ltr'><strong>ut</strong></span> <span class='ocrx_word' id='word_1_851' title='bbox 2525 4817 2752 4886; x_wconf 86' lang='lat' dir='ltr'><strong>judicet,</strong></span> <span class='ocrx_word' id='word_1_852' title='bbox 2781 4815 3014 4869; x_wconf 88' lang='lat' dir='ltr'><strong>liberans</strong></span> <span class='ocrx_word' id='word_1_853' title='bbox 3039 4829 3067 4866; x_wconf 91' lang='lat' dir='ltr'><strong>a</strong></span> <span class='ocrx_word' id='word_1_854' title='bbox 3100 4811 3234 4866; x_wconf 90' lang='lat' dir='ltr'><strong>febri</strong></span> <span class='ocrx_word' id='word_1_855' title='bbox 3265 4820 3319 4864; x_wconf 90' lang='lat' dir='ltr'><strong>et</strong></span> <span class='ocrx_word' id='word_1_856' title='bbox 3338 4823 3462 4878; x_wconf 86' lang='lat' dir='ltr'><strong>per-</strong></span> 
     </span>
    </p>
   </div>
   <div class='ocr_carea' id='block_1_103' title="bbox 332 4942 3459 5017">
    <p class='ocr_par' dir='ltr' id='par_1_103' title="bbox 332 4942 3459 5017">
     <span class='ocr_line' id='line_1_103' title="bbox 332 4942 3459 5017; baseline -0.005 -4"><span class='ocrx_word' id='word_1_857' title='bbox 332 4962 382 4994; x_wconf 84' lang='grc'>⁶⁶</span> <span class='ocrx_word' id='word_1_858' title='bbox 402 4958 620 5013; x_wconf 85' lang='lat' dir='ltr'><strong>Jerem.</strong></span> <span class='ocrx_word' id='word_1_859' title='bbox 653 4970 810 5016; x_wconf 76' lang='lat' dir='ltr'><strong>xxiu,</strong></span> <span class='ocrx_word' id='word_1_860' title='bbox 839 4954 929 5006; x_wconf 75' lang='grc'><strong>24.</strong></span> <span class='ocrx_word' id='word_1_861' title='bbox 978 4953 1022 4983; x_wconf 77' lang='grc'><strong><em>⁸⁸</em></strong></span> <span class='ocrx_word' id='word_1_862' title='bbox 1047 4951 1180 5004; x_wconf 89' lang='lat' dir='ltr'><strong>Psal.</strong></span> <span class='ocrx_word' id='word_1_863' title='bbox 1208 4967 1297 5016; x_wconf 84' lang='lat' dir='ltr'><strong>vn,</strong></span> <span class='ocrx_word' id='word_1_864' title='bbox 1326 4951 1407 5003; x_wconf 85' lang='lat' dir='ltr'><strong>lt).</strong></span> <span class='ocrx_word' id='word_1_865' title='bbox 1486 4950 1501 4979; x_wconf 74' lang='grc'>⁸</span> <span class='ocrx_word' id='word_1_866' title='bbox 1526 4949 1664 5002; x_wconf 79' lang='lat' dir='ltr'><strong>Psal.</strong></span> <span class='ocrx_word' id='word_1_867' title='bbox 1692 4965 1840 5013; x_wconf 81' lang='lat' dir='ltr'><strong>xcm,</strong></span> <span class='ocrx_word' id='word_1_868' title='bbox 1860 4951 1943 5002; x_wconf 83' lang='lat' dir='ltr'><strong>ll.</strong></span> <span class='ocrx_word' id='word_1_869' title='bbox 2017 4950 2318 5017; x_wconf 78' lang='lat' dir='ltr'><strong>’Dan.xm,</strong></span> <span class='ocrx_word' id='word_1_870' title='bbox 2339 4951 2430 5004; x_wconf 74' lang='grc'><strong>42.</strong></span> <span class='ocrx_word' id='word_1_871' title='bbox 2503 4949 2524 4981; x_wconf 87' lang='grc'>³</span> <span class='ocrx_word' id='word_1_872' title='bbox 2544 4949 2698 5004; x_wconf 83' lang='lat' dir='ltr'><strong>Joan.</strong></span> <span class='ocrx_word' id='word_1_873' title='bbox 2722 4947 2898 5013; x_wconf 68' lang='lat'><strong>“7,54.</strong></span> <span class='ocrx_word' id='word_1_874' title='bbox 2975 4944 3166 5000; x_wconf 66' lang='lat' dir='ltr'><strong>‘Joan.</strong></span> <span class='ocrx_word' id='word_1_875' title='bbox 3187 4958 3226 5004; x_wconf 86' lang='grc' dir='ltr'>ι,</span> <span class='ocrx_word' id='word_1_876' title='bbox 3253 4942 3341 5007; x_wconf 80' lang='lat'><strong>38,</strong></span> <span class='ocrx_word' id='word_1_877' title='bbox 3369 4942 3459 4999; x_wconf 76' lang='lat'><strong>39.</strong></span> 
     </span>
    </p>
   </div>
   <div class='ocr_carea' id='block_1_104' title="bbox 261 5018 1221 5083">
    <p class='ocr_par' dir='ltr' id='par_1_104' title="bbox 261 5018 1221 5083">
     <span class='ocr_line' id='line_1_104' title="bbox 261 5018 1221 5083; baseline -0.011 0"><span class='ocrx_word' id='word_1_878' title='bbox 261 5032 286 5066; x_wconf 82' lang='grc'><strong>⁸</strong></span> <span class='ocrx_word' id='word_1_879' title='bbox 318 5030 453 5082; x_wconf 85' lang='lat' dir='ltr'><strong>ibid.</strong></span> <span class='ocrx_word' id='word_1_880' title='bbox 479 5027 578 5079; x_wconf 75' lang='grc'><strong>45.</strong></span> <span class='ocrx_word' id='word_1_881' title='bbox 665 5023 689 5051; x_wconf 78' lang='grc'><strong><em>⁸</em></strong></span> <span class='ocrx_word' id='word_1_882' title='bbox 711 5021 900 5074; x_wconf 85' lang='lat' dir='ltr'><strong>Matth.</strong></span> <span class='ocrx_word' id='word_1_883' title='bbox 929 5034 1115 5083; x_wconf 82' lang='lat' dir='ltr'><strong>xxvm,</strong></span> <span class='ocrx_word' id='word_1_884' title='bbox 1140 5018 1221 5072; x_wconf 80' lang='lat' dir='ltr'><strong>l8.</strong></span> 
     </span>
    </p>
   </div>
   <div class='ocr_carea' id='block_1_105' title="bbox 334 5148 1824 5230">
    <p class='ocr_par' dir='ltr' id='par_1_105' title="bbox 334 5148 1824 5230">
     <span class='ocr_line' id='line_1_105' title="bbox 334 5148 1824 5230; baseline -0.009 -16"><span class='ocrx_word' id='word_1_885' title='bbox 334 5163 449 5230; x_wconf 87' lang='lat'><strong>(77)</strong></span> <span class='ocrx_word' id='word_1_886' title='bbox 472 5160 677 5230; x_wconf 66' lang='lat' dir='ltr'><strong>Codex~</strong></span> <span class='ocrx_word' id='word_1_887' title='bbox 700 5155 1037 5230; x_wconf 73' lang='lat' dir='ltr'><strong>Bodleianns,</strong></span> <span class='ocrx_word' id='word_1_888' title='bbox 1058 5151 1146 5202; x_wconf 83' lang='grc' dir='ltr'><strong>δύο</strong></span> <span class='ocrx_word' id='word_1_889' title='bbox 1176 5152 1280 5220; x_wconf 79' lang='grc' dir='ltr'>γὰρ</span> <span class='ocrx_word' id='word_1_890' title='bbox 1309 5150 1544 5218; x_wconf 88' lang='grc' dir='ltr'>σημείων</span> <span class='ocrx_word' id='word_1_891' title='bbox 1567 5163 1582 5178; x_wconf 88' lang='grc'><strong>·</strong></span> <span class='ocrx_word' id='word_1_892' title='bbox 1614 5148 1824 5218; x_wconf 79' lang='lat' dir='ltr'><strong>Regius,</strong></span> 
     </span>
    </p>
   </div>
   <div class='ocr_carea' id='block_1_106' title="bbox 261 5221 1763 5294">
    <p class='ocr_par' dir='ltr' id='par_1_106' title="bbox 261 5221 1763 5294">
     <span class='ocr_line' id='line_1_106' title="bbox 261 5221 1763 5294; baseline 0.005 -18"><span class='ocrx_word' id='word_1_893' title='bbox 261 5221 744 5294; x_wconf 54' lang='grc' dir='ltr'>τδῖπέτιτοιοῦῖ)</span> <span class='ocrx_word' id='word_1_894' title='bbox 776 5221 1034 5294; x_wconf 70' lang='grc' dir='ltr'>σημείων·</span> <span class='ocrx_word' id='word_1_895' title='bbox 1072 5285 1096 5294; x_wconf 72' lang='lat'><strong><em>_</em></strong></span> <span class='ocrx_word' id='word_1_896' title='bbox 1192 5287 1203 5294; x_wconf 88' lang='lat'><em>_</em></span> <span class='ocrx_word' id='word_1_897' title='bbox 1338 5286 1350 5294; x_wconf 37' lang='grc' dir='ltr'>ι</span> <span class='ocrx_word' id='word_1_898' title='bbox 1399 5283 1441 5294; x_wconf 54' lang='grc'><em>,,</em></span> <span class='ocrx_word' id='word_1_899' title='bbox 1495 5280 1548 5294; x_wconf 51' lang='grc' dir='ltr'>Α,</span> <span class='ocrx_word' id='word_1_900' title='bbox 1638 5282 1673 5294; x_wconf 86' lang='lat'><strong>__</strong></span> <span class='ocrx_word' id='word_1_901' title='bbox 1753 5283 1763 5294; x_wconf 77' lang='grc'><strong>,</strong></span> 
     </span>
    </p>
   </div>
   <div class='ocr_carea' id='block_1_107' title="bbox 337 5280 1832 5368">
    <p class='ocr_par' dir='ltr' id='par_1_107' title="bbox 337 5280 1832 5368">
     <span class='ocr_line' id='line_1_107' title="bbox 337 5280 1832 5368; baseline -0.003 -28"><span class='ocrx_word' id='word_1_902' title='bbox 337 5280 450 5368; x_wconf 63' lang='lat'><strong>(18)</strong></span> <span class='ocrx_word' id='word_1_903' title='bbox 477 5296 672 5368; x_wconf 61' lang='lat' dir='ltr'><strong>codex</strong></span> <span class='ocrx_word' id='word_1_904' title='bbox 699 5280 1042 5349; x_wconf 56' lang='lat' dir='ltr'><strong>Bodleiauus,</strong></span> <span class='ocrx_word' id='word_1_905' title='bbox 1068 5285 1244 5337; x_wconf 82' lang='grc' dir='ltr'>δεκτὸν</span> <span class='ocrx_word' id='word_1_906' title='bbox 1271 5286 1362 5337; x_wconf 73' lang='grc' dir='ltr'><strong>καὶ</strong></span> <span class='ocrx_word' id='word_1_907' title='bbox 1389 5280 1608 5350; x_wconf 87' lang='grc' dir='ltr'>ἀληθές·</span> <span class='ocrx_word' id='word_1_908' title='bbox 1637 5282 1832 5347; x_wconf 73' lang='lat' dir='ltr'><strong>Regius</strong></span> 
     </span>
    </p>
   </div>
   <div class='ocr_carea' id='block_1_108' title="bbox 1941 5145 2901 5216">
    <p class='ocr_par' dir='ltr' id='par_1_108' title="bbox 1941 5145 2901 5216">
     <span class='ocr_line' id='line_1_108' title="bbox 1941 5145 2901 5216; baseline -0.002 -14"><span class='ocrx_word' id='word_1_909' title='bbox 1941 5149 2126 5216; x_wconf 81' lang='lat' dir='ltr'><strong>Regio,</strong></span> <span class='ocrx_word' id='word_1_910' title='bbox 2161 5149 2251 5200; x_wconf 90' lang='lat' dir='ltr'><strong>sed</strong></span> <span class='ocrx_word' id='word_1_911' title='bbox 2278 5148 2473 5216; x_wconf 86' lang='lat' dir='ltr'><strong>legitur</strong></span> <span class='ocrx_word' id='word_1_912' title='bbox 2500 5147 2554 5216; x_wconf 80' lang='lat' dir='ltr'><strong>in</strong></span> <span class='ocrx_word' id='word_1_913' title='bbox 2595 5145 2901 5216; x_wconf 87' lang='lat' dir='ltr'><strong>Bodleiano.</strong></span> 
     </span>
    </p>
   </div>
   <div class='ocr_carea' id='block_1_109' title="bbox 2003 5213 3265 5298">
    <p class='ocr_par' dir='ltr' id='par_1_109' title="bbox 2003 5213 3265 5298">
     <span class='ocr_line' id='line_1_109' title="bbox 2003 5213 3265 5298; baseline -0.011 -27"><span class='ocrx_word' id='word_1_914' title='bbox 2003 5213 2110 5285; x_wconf 74' lang='lat'><strong>(80)</strong></span> <span class='ocrx_word' id='word_1_915' title='bbox 2139 5215 2298 5268; x_wconf 80' lang='grc' dir='ltr'>Κανᾶ</span> <span class='ocrx_word' id='word_1_916' title='bbox 2319 5213 2648 5282; x_wconf 73' lang='grc' dir='ltr'>ὠνομάσθη.</span> <span class='ocrx_word' id='word_1_917' title='bbox 2685 5215 2728 5264; x_wconf 83' lang='lat' dir='ltr'><strong>A</strong></span> <span class='ocrx_word' id='word_1_918' title='bbox 2753 5225 2875 5298; x_wconf 72' lang='lat' dir='ltr'><strong>mp,</strong></span> <span class='ocrx_word' id='word_1_919' title='bbox 2903 5230 2922 5264; x_wconf 75' lang='grc' dir='ltr'><strong>ι</strong></span> <span class='ocrx_word' id='word_1_920' title='bbox 2955 5213 3205 5281; x_wconf 74' lang='lat' dir='ltr'><strong>possedit.</strong></span> <span class='ocrx_word' id='word_1_921' title='bbox 3243 5229 3265 5263; x_wconf 74' lang='grc' dir='ltr'><strong>ι</strong></span> 
     </span>
    </p>
   </div>
   <div class='ocr_carea' id='block_1_110' title="bbox 2005 5299 3465 5372">
    <p class='ocr_par' dir='ltr' id='par_1_110' title="bbox 2005 5299 3465 5372">
     <span class='ocr_line' id='line_1_110' title="bbox 2005 5299 3465 5372; baseline 0.001 -16"><span class='ocrx_word' id='word_1_922' title='bbox 2005 5305 2114 5372; x_wconf 87' lang='lat'>(8|)</span> <span class='ocrx_word' id='word_1_923' title='bbox 2137 5303 2460 5372; x_wconf 82' lang='lat' dir='ltr'><strong>Bodleianus</strong></span> <span class='ocrx_word' id='word_1_924' title='bbox 2491 5302 2656 5355; x_wconf 79' lang='lat' dir='ltr'><strong>codex</strong></span> <span class='ocrx_word' id='word_1_925' title='bbox 2681 5302 2833 5367; x_wconf 83' lang='grc' dir='ltr'>αὑτό,</span> <span class='ocrx_word' id='word_1_926' title='bbox 2867 5304 3061 5371; x_wconf 80' lang='lat' dir='ltr'><strong>Regius</strong></span> <span class='ocrx_word' id='word_1_927' title='bbox 3103 5311 3156 5353; x_wconf 81' lang='lat' dir='ltr'><strong>et</strong></span> <span class='ocrx_word' id='word_1_928' title='bbox 3213 5299 3465 5356; x_wconf 80' lang='lat' dir='ltr'><strong>Barbert-</strong></span> 
     </span>
    </p>
   </div>
   <div class='ocr_carea' id='block_1_111' title="bbox 1936 5371 2268 5429">
    <p class='ocr_par' dir='ltr' id='par_1_111' title="bbox 1936 5371 2268 5429">
     <span class='ocr_line' id='line_1_111' title="bbox 1936 5371 2268 5429; baseline -0.003 -5"><span class='ocrx_word' id='word_1_929' title='bbox 1936 5371 2055 5429; x_wconf 88' lang='lat' dir='ltr'><strong>nus.</strong></span> <span class='ocrx_word' id='word_1_930' title='bbox 2091 5371 2268 5424; x_wconf 86' lang='grc' dir='ltr'>αὐτόν.</span> 
     </span>
    </p>
   </div>
   <div class='ocr_carea' id='block_1_112' title="bbox 2008 5433 3403 5508">
    <p class='ocr_par' dir='ltr' id='par_1_112' title="bbox 2008 5433 3403 5508">
     <span class='ocr_line' id='line_1_112' title="bbox 2008 5433 3403 5508; baseline -0.001 -16"><span class='ocrx_word' id='word_1_931' title='bbox 2008 5438 2112 5508; x_wconf 73' lang='grc'>(82)</span> <span class='ocrx_word' id='word_1_932' title='bbox 2149 5436 2224 5505; x_wconf 81' lang='grc' dir='ltr'><strong>Τῇ</strong></span> <span class='ocrx_word' id='word_1_933' title='bbox 2261 5437 2326 5490; x_wconf 82' lang='grc' dir='ltr'>δὲ</span> <span class='ocrx_word' id='word_1_934' title='bbox 2353 5434 2611 5503; x_wconf 78' lang='grc' dir='ltr'>δευτέρᾳ.</span> <span class='ocrx_word' id='word_1_935' title='bbox 2645 5433 2700 5487; x_wconf 84' lang='lat' dir='ltr'><strong>In</strong></span> <span class='ocrx_word' id='word_1_936' title='bbox 2727 5434 2896 5506; x_wconf 75' lang='lat' dir='ltr'><strong>Regio</strong></span> <span class='ocrx_word' id='word_1_937' title='bbox 2930 5439 3112 5492; x_wconf 82' lang='lat' dir='ltr'><strong>codice</strong></span> <span class='ocrx_word' id='word_1_938' title='bbox 3142 5435 3284 5488; x_wconf 84' lang='lat' dir='ltr'><strong>deest</strong></span> <span class='ocrx_word' id='word_1_939' title='bbox 3321 5437 3403 5490; x_wconf 87' lang='grc' dir='ltr'>δέ.</span> 
     </span>
    </p>
   </div>
  </div>
