3828 6218
358 273 460 325 519
1757 260 1869 317 081

3534 241 3644 293 520

354 395 486 444 l'ecte
516 403 705 441 sanans
732 384 895 453 reguli
927 382 1114 446 lilium,
1141 381 1254 436 sive
1283 380 1530 446 Abrahae,
1577 381 1686 434 sive
1716 380 1859 449 prin-

2135 375 2221 426 τὸν
2254 372 2440 440 καιρὸν
2488 372 2581 440 τῆς
2631 371 2872 439 κρίσεως
2899 369 2976 437 ἢν
3007 357 3369 453 ἐπιστεύθη
3395 355 3644 453 ’κρίνειν

352 478 482 545 cipis
532 472 746 539 alicujus
790 445 887 538 qui
923 469 1135 538 regulus
1168 468 1486 524 nominetur.
1517 445 1583 523 Et
1608 445 1864 536 haecqui-

2130 461 2201 513 τοῦ
2250 459 2405 521 Θεοῦ,
2439 458 2682 512 ἀπολύων
2730 456 2829 509 τοῦ
2880 450 3190 526 πυρετοῦ,
3234 446 3349 500 καὶ
3394 445 3642 513 ἰώμενο(⁵

312 533 467 637 dem
516 533 678 614 veluti
720 533 1083 626 praetereundo
1132 554 1434 623 superiores
1474 533 1824 624 expositiones

2129 551 2232 612 λῶς
2262 549 2348 600 τὸν
2366 548 2466 610 τοῦ,
2485 545 2758 616 βασιλικοῦ
2794 546 2937 606 υἱὸν,
2966 543 3105 595 εἴτε
3158 533 3485 637 Ἀϐρααμ,
3524 533 3640 633 itte

351 664 573 719 quarum
599 648 845 716 quoniam
877 658 1139 699 memores
1162 659 1259 699 nos
1284 659 1402 699 esse
1429 653 1657 712 oportet,
1688 644 1863 698 dicen-

2128 639 2213 700 τός
2256 654 2393 699 τινος
2432 636 2834 706 ὀνομαζομένου
2870 629 3227 703 βασιλικοῦ.
3271 625 3403 678 Καὶ
3453 622 3640 676 ταῦτα

348 739 469 790 dum
502 747 582 789 est
632 735 744 788 ﬁeri
773 750 927 802 posse
956 744 1011 786 ut
1041 733 1215 787 omnis
1239 743 1487 786 creatura
1518 732 1776 801 duplicem
1805 731 1860 784 il-

2135 744 2156 789 ;
2183 726 2313 796 πρός
2340 742 2456 779 τινα
2473 727 2718 795 διήγησιν
2751 721 3157 793 παρεξιοῦσαν
3188 715 3326 786 (83)
3361 713 3480 775 τὰς
3511 727 3647 782 προ-

347 825 447 877 lius
477 829 756 876 adventum
804 821 942 875 hunc
970 822 1034 873 ad
1073 836 1129 875 se
1154 821 1468 874 consideret.
1521 818 1752 872 Proinde
1789 819 1859 871 in.

2134 832 2140 844 ι
2173 815 2294 866 ἐπεὶ
2340 814 2396 866 δὲ
2431 813 2735 883 μεμνῆσθαι
2765 813 2918 882 ἡμᾶς
2950 807 3169 863 αὐτῶν
3205 804 3342 876 (84)
3396 804 3513 865 δεῖ,
3552 803 3646 852 λε-

342 910 535 979 spicies
590 924 716 963 num
771 909 1079 978 principalis
1114 909 1372 962 dicendus
1403 908 1474 962 sit
1521 907 1621 960 hac
1664 906 1854 960 ratione

2131 946 2134 961 .
2163 906 2243 957 ὃτι
2269 902 2487 957 δυνατὸν
2533 902 2678 970 πάσῃ
2710 903 2779 970 τῇ
2805 902 3005 969 κτήσει
3037 894 3246 951 αὐτοῦ
3290 893 3409 962 τὴν
3441 888 3643 960 διττὴν

342 1002 566 1070 primus,
594 1013 821 1067 sequens
844 1013 969 1053 vero
998 999 1261 1052 secundus
1294 1011 1309 1048 :
1334 996 1465 1049 adeo
1492 1005 1548 1048 ut
1571 995 1623 1048 in
1668 994 1854 1063 princi-

2133 1012 2160 1047 ν
2191 993 2420 1046 νοεῖσθαι
2452 990 2766 1061 ἐπιδημίαν.
2829 987 3234 1056 Ἐπιστήσεις
3285 987 3354 1035 δέ
3388 982 3447 1035 εί
3496 997 3645 1050 προ-

342 1095 445 1162 pali
476 1093 837 1147 exhilarentur
861 1093 912 1145 hi
940 1092 1027 1159 qui
1055 1106 1174 1145 eum
1199 1091 1524 1158 receperint;
1550 1090 1600 1142 iu
1632 1088 1854 1143 secutum

2130 1085 2263 1153 ,ένην
2294 1084 2390 1151 μὲν
2407 1082 2545 1134 κατὰ
2576 1079 2733 1133 τοῦτο
2747 1077 2849 1148 τήν
2876 1075 3132 1148 πρώτην
3172 1071 3462 1135 λεκτέον,
3498 1070 3642 1162 ἑπο-

340 1160 467 1234 vero
500 1180 791 1233 liberentur
818 1181 888 1233 ab
919 1179 1060 1231 omni
1091 1178 1273 1231 morbo
1303 1186 1355 1232 et
1382 1176 1448 1230 ab
1482 1175 1661 1245 ignitis
1689 1175 1852 1228 inimi-

2171 1173 2225 1224 δὲ
2272 1170 2367 1241 τὴν
2413 1170 2689 1240 δευτέραν,
2728 1166 2870 1219 ὥστε
2902 1166 3006 1235 τὴν
3059 1164 3182 1234 μὲν
3241 1160 3643 1232 προηγουμέ-

340 1270 388 1322 ci
414 1269 624 1339 sagittis
661 1268 714 1321 hi
753 1267 840 1336 qui
883 1266 1164 1320 noluerant
1212 1274 1364 1317 antea
1402 1268 1466 1318 de
1490 1264 1606 1331 ejus
1638 1263 1758 1317 vino
1785 1263 1852 1318 bi-

2128 1260 2216 1328 85)
2257 1257 2636 1327 εὐφραίνεσθαι
2678 1256 2804 1316 τοὺς
2832 1251 3389 1324 παραδεξαμένους
3432 1247 3638 1339 αὑτὸν,

340 1338 493 1410 bere.
521 1358 581 1408 Et
610 1357 835 1423 primum
864 1356 1080 1424 quidem
1109 1353 1419 1407 miraculum
1448 1353 1729 1406 indivisum
1760 1360 1852 1415 est,

2126 1349 2348 1417 δευτέρᾳ
2377 1347 2553 1417 πάσης
2582 1345 2738 1397 νόσου
2775 1343 3170 1405 ἀπολύεσθαι,
3226 1341 3338 1393 καὶ
3369 1338 3496 1392 τῶν
3529 1355 3638 1391 πε-

340 1460 464 1497 nam
491 1444 647 1497 Cana:
670 1454 750 1497 est
778 1454 830 1496 et
854 1445 942 1511 qui
975 1458 1164 1511 aquam
1193 1443 1352 1495 vertit
1378 1442 1429 1494 in
1456 1442 1658 1506 vinum,
1689 1451 1743 1493 et
1773 1441 1852 1507 qui

2128 1436 2290 1505 μένων
2328 1434 2420 1486 τοῦ
2457 1432 2650 1503 ἐχθροῦ
2697 1432 2868 1501 βελῶν
2912 1432 3051 1492 τοὺς
3092 1429 3185 1499 μὴ
3224 1424 3640 1497 βουληθέντας

340 1533 563 1596 bibunt;
593 1532 882 1586 secundum
908 1547 1030 1585 vero
1058 1531 1370 1584 miraculum
1396 1531 1677 1597 quamdam
1704 1529 1852 1582 veluti

2131 1540 2218 1594 ρον
2269 1522 2360 1575 τοῦ
2406 1521 2545 1574 οἴνου
2606 1520 2773 1573 αὐτοῦ
2824 1523 2994 1572 πιεῖν.
3050 1519 3189 1572 Καὶ
3257 1517 3340 1571 τὰ
3380 1517 3493 1586 μὲν
3529 1514 3638 1585 τῆς

339 1622 728 1690 scparatiouem
780 1620 936 1673 habet
970 1635 985 1671 :
1024 1634 1148 1672 nam
1197 1618 1336 1672 lilius
1387 1616 1553 1684 reguli
1598 1626 1851 1686 aegrotans

2126 1629 2180 1681 ης
2202 1611 2474 1680 δυνάμεως
2524 1609 2798 1682 ἀμέριστά
2845 1611 3025 1672 ἐστιν⁹
3089 1610 3160 1660 ὲν
3204 1608 3392 1676 Κανᾷ
3446 1606 3570 1675 γὰρ
3606 1606 3638 1655 6

339 1685 444 1763 non
475 1718 589 1763 erat
624 1708 710 1762 ubi
742 1706 898 1761 Jcsus
928 1723 942 1758 :
979 1721 1081 1760 non
1108 1705 1249 1759 enim
1274 1712 1389 1758 erat
1423 1706 1474 1757 in
1498 1685 1665 1768 Cana,
1688 1706 1779 1758 sed
1811 1704 1851 1756 in

2122 1699 2206 1750 »τὸ
2225 1698 2363 1768 ὕδωρ
2391 1693 2552 1758 οἶνον,
2594 1698 2687 1750 καὶ
2711 1698 2761 1749 οἱ
2797 1698 3087 1760 πίνοντεςσ
3134 1695 3219 1749 τὰ
3248 1694 3316 1748 δὲ
3351 1695 3469 1764 τῆς
3497 1694 3634 1747 δευ-

338 1798 783 1865 Capharnaozet
835 1810 1015 1849 sermo
1064 1795 1272 1863 quidem
1329 1793 1584 1861 potentia:
1635 1807 1664 1845 a
1717 1793 1850 1846 Caua

2155 1786 2313 1838 οἱονεὶ
2341 1786 2450 1854 ἔχει
2472 1791 2594 1839 τινα
2624 1786 2913 1855 μερισμόν·
2942 1788 2974 1838 6
3003 1785 3133 1856 γὰρ
3166 1785 3279 1837 τοῦ
3311 1782 3632 1854 βασιλικοῦ

339 1885 627 1954 egreditur,
669 1897 788 1934 nam
817 1900 835 1933 ι
856 1880 1021 1936 Filius
1045 1890 1164 1934 tuus
1194 1880 1355 1933 vivit'
1376 1898 1394 1930 ι
1423 1879 1474 1933 in
1496 1879 1638 1933 Cana
1665 1878 1851 1932 dictum

2116 1874 2258 1927 ιοσῶν
2278 1876 2376 1927 οὐκ
2398 1870 2465 1944 ἦν
2490 1876 2622 1927 ὅπου
2672 1876 2904 1944 Ἰησοῦςο
2936 1875 3003 1927 οὐ
3037 1875 3171 1945 γὰρ
3204 1870 3288 1944 ἦν
3323 1876 3391 1926 ὲν
3432 1875 3628 1946 Κανᾷ,

337 1980 448 2036 est;
477 1986 610 2040 opus
639 1985 765 2024 vero
785 1970 1041 2023 sermonis
1067 1968 1357 2022 emciturin
1382 1968 1727 2036 Capharuao;
1757 1966 1849 2020 ἱΙΙί(

2119 1966 2162 2015 ὲν
2190 1962 2579 2033 Καφαρναούμ·
2613 1963 2707 2015 καὶ
2734 1963 2764 2015 6
2811 1964 2914 2032 μὲν
2945 1964 3057 2033 τῆς
3088 1964 3427 2033 δυνάμεως
3458 1962 3631 2030 λόγος

338 2059 480 2112 enim
512 2066 739 2126 agrotus
788 2057 951 2126 reguli
981 2056 1121 2110 illius
1169 2070 1416 2110 sermone
1476 2054 1600 2110 .lesu
1650 2068 1850 2110 curatus

2110 2054 2190 2123 ςῆς
2224 2055 2378 2106 Κανᾶ
2405 2052 2701 2123 ἐξέρχεταισ
2738 2050 2799 2103 τὺ
2831 2053 2965 2121 γάρ·
3001 2070 3022 2102 ι
3078 2052 3149 2104 Ὀ
3190 2052 3327 2114 υἱός
3363 2068 3470 2105 σου
3499 2051 3574 2123 ζῇ
3600 2069 3622 2104 ι

338 2154 418 2199 est
462 2162 480 2195 ι
510 2145 639 2198 hora
667 2144 886 2211 septima
917 2143 940 2174 ⁸
968 2159 983 2206 ;
1020 2160 1037 2193 ι
1086 2143 1485 2211 invenimusque
1517 2144 1654 2195 hunc
1692 2157 1721 2195 a
1751 2157 1850 2196 ser-

2113 2142 2210 2210 ανᾷ
2244 2142 2479 2211 εῐρηταιο
2527 2139 2586 2192 τὸ
2617 2138 2675 2190 δὲ
2702 2139 2797 2191 τοῦ
2832 2139 3003 2207 λόγου
3032 2140 3226 2210 ἔργον
3257 2142 3328 2192 ὲν
3365 2142 3625 2210 Καφαρ-

338 2246 497 2287 mone
539 2242 804 2296 curatum,
838 2231 922 2285 cui
973 2246 1075 2284 non
1129 2231 1416 2299 putabatur
1466 2229 1624 2286 Jesus
1652 2232 1850 2294 adesse,

2115 2247 2134 2281 ι
2164 2230 2389 2297 γίνεται·
2422 2229 2538 2281 ἐκεῖ
2563 2228 2674 2297 γὰρ
2698 2228 2872 2282 νοσῶν
2912 2232 2943 2282 6
2984 2229 3092 2283 τοῦ
3132 2230 3467 2300 βασιλικοῦ
3500 2230 3627 2295 υίὸς

260 2332 271 2340 ’
339 2330 496 2387 atque
516 2319 674 2373 etiam
714 2319 1038 2373 centurionis
1074 2333 1309 2376 servum.
1344 2321 1550 2374 Etenim
1583 2322 1766 2390 procul

2123 2316 2455 2387 ἐθεραπεύθη
2472 2316 2566 2369 τοῦ
2608 2318 2781 2387 Ἰησοῦ
2811 2316 2961 2370 κατὰ
2991 2316 3101 2387 τὴν
3136 2317 3413 2388 ἑϐδόμην
3431 2318 3620 2389 ὥραν·

339 2410 431 2463 illo
450 2423 568 2463 cum
594 2416 758 2473 esset,
782 2422 884 2461 non
907 2408 1255 2476 proﬁciscitur
1283 2410 1538 2465 Dominus
1561 2413 1628 2465 ad
1650 2413 1851 2465 domum

2112 2422 2145 2459 κν
2169 2405 2225 2458 δὲ
2253 2405 2394 2475 λόγῳ
2420 2405 2741 2477 εὑρίσκομεν
2767 2406 3212 2474 θεραπευθέντα
3238 2407 3368 2459 ἀπὸ
3396 2406 3481 2476 μὴ
3511 2424 3624 2459 πα-

337 2491 687 2554 centurionis,
720 2490 809 2557 qui
830 2490 1003 2544 dixit:
1039 2508 1056 2542 ι
1087 2492 1328 2555 Domine,
1358 2507 1458 2545 non
1484 2508 1599 2547 sum
1624 2494 1849 2559 idoneus,

2110 2510 2132 2545 γι
2161 2492 2505 2563 νομιζομένου
2527 2493 2674 2564 αὐτῷ
2699 2493 2795 2547 τοῦ
2818 2494 3029 2564 Ἰησοῦ,
3068 2495 3181 2548 καὶ
3208 2495 3321 2549 τὸν
3345 2495 3456 2549 τοῦ
3482 2498 3622 2549 ἑκα-

342 2587 402 2632 υι
427 2578 527 2632 sub
560 2587 754 2631 tectum
782 2592 955 2631 meum
1010 2578 1201 2639 intres,
1231 2583 1322 2633 sed
1368 2589 1570 2633 tantum
1612 2582 1698 2635 dic
1742 2595 1854 2636 ver-

2107 2580 2249 2649 ιρχου
2274 2580 2472 2633 δοῦλον·
2506 2582 2599 2635 καὶ
2628 2581 2737 2652 γὰρ
2762 2583 2857 2635 ἀπ’
2889 2582 3122 2635 ἐκείνου
3158 2584 3257 2647 εἰς
3279 2583 3396 2654 τὴν
3422 2584 3619 2637 οἰκίαν

343 2669 490 2731 bum,
515 2676 570 2720 et
591 2668 867 2721 sanabitur
888 2682 1018 2735 puer
1041 2681 1190 2721 meus
1216 2669 1237 2699 '
1266 2684 1282 2733 ;
1318 2686 1338 2720 ι
1367 2678 1584 2736 propter
1606 2671 1746 2738 quod
1787 2673 1855 2724 iu-

2102 2668 2473 2738 ἑκατοντάρχου
2488 2670 2547 2722 ού
2568 2670 2936 2741 παραγίνεται
2961 2671 2995 2722 6
3023 2671 3288 2742 Κύριος,
3316 2674 3614 2736 είπόντος*

344 2754 541 2823 quitad
564 2755 761 2822 ipsum:
791 2771 809 2806 ι
841 2755 1009 2818 Vade,
1036 2763 1167 2809 etut
1191 2755 1486 2821 credidisti,
1514 2757 1606 2812 ﬂat
1632 2758 1727 2813 tibi
1749 2758 1814 2814 ¹⁶.
1840 2776 1856 2811 ι

2109 2756 2224 2827 ἱριε,
2269 2755 2365 2809 οὐκ
2404 2759 2517 2827 ειμί
2553 2759 2755 2821 ἱκανὸς,
2789 2760 2879 2812 ἴνα
2917 2776 3031 2830 μου
3088 2761 3213 2815 ὑπὸ
3234 2763 3353 2833 τὴν
3402 2763 3621 2836 στέγην

344 2840 748 2897 Observavimus
797 2852 973 2896 autem
1033 2850 1283 2911 utrosque
1327 2854 1646 2913 aegrotantes
1684 2847 1738 2901 in
1766 2847 1856 2901 Ca-

2106 2846 2230 2918 θῃς,
2283 2847 2414 2900 ἀλλὰ
2464 2854 2621 2918 μόνον
2652 2851 2775 2902 εἰπὲ
2822 2849 2999 2922 λόγῳ,
3042 2853 3151 2906 καὶ
3208 2854 3531 2927 ἰαθήσεται
3586 2861 3618 2911 6

343 2933 582 3003 pbarnao
612 2931 788 2992 fuisse.
817 2932 1023 2986 scilicet
1048 2933 1213 3001 reguli
1257 2933 1415 2987 tilium
1459 2945 1512 2989 et
1539 2936 1855 2991 centurionis

2125 2948 2254 3005 μουο
2281 2953 2298 2987 ι
2333 2935 2412 2988 διό
2449 2953 2580 3006 φησι
2611 2939 2749 3008 πρὸς
2782 2940 2974 2994 αὐτόν’
3017 2960 3040 2994 ι
3087 2943 3372 3013 "Ta-care,
3406 2947 3509 2999 καὶ
3537 2948 3619 3011 ὡς

340 3034 571 3075 servum.
618 3020 755 3085 Quin
785 3033 972 3073 socrus
997 3020 1156 3074 etiam
1204 3020 1343 3074 Petri
1387 3031 1675 3090 prostrata,
1730 3022 1852 3077 febri

2102 3041 2285 3087 τευσας
2314 3026 2589 3097 γενηθήτω
2622 3044 2724 3081 σοι.
2762 3046 2781 3079 ι
2817 3030 3260 3102 Τετηρήκαμεν
3297 3035 3366 3090 δὲ
3391 3036 3497 3090 καὶ
3526 3039 3614 3095 ὅτι

340 3107 615 3160 laborabat
661 3109 712 3161 in
768 3107 1102 3176 Capharnao,
1156 3108 1305 3175 cujus
1360 3124 1547 3165 manus
1586 3125 1704 3165 cum
1744 3113 1852 3166 altis

2103 3114 2412 3188 ιφαρναοὺμ
2445 3115 2743 3186 ἀμφότεροι
2792 3113 2939 3188 ἦσαν
2968 3120 3323 3188 νοσοῦντες,
3360 3126 3395 3179 δ
3422 3143 3490 3179 τε
3512 3126 3615 3181 τοῦ

342 3196 527 3262 gisset,
585 3205 901 3264 prostratam
932 3197 1163 3257 sanavit.
1211 3196 1343 3252 adeo
1389 3208 1445 3252 ut
1473 3209 1651 3253 erecta
1710 3197 1854 3252 mini-

2102 3202 2347 3273 οντὰρχου
2396 3206 2521 3267 παῖς
2551 3205 2644 3258 καὶ
2671 3208 2701 3259 6
2745 3194 2842 3260 τοῦ
2875 3208 3183 3277 βασιλικοῦ
3216 3215 3382 3279 υίός.
3420 3217 3543 3271 Καὶ
3578 3219 3614 3289 ἡ

353 3292 542 3340 straret
558 3284 631 3337 illi
669 3282 732 3336 “.
797 3283 862 3336 Et
896 3284 947 3337 hi
982 3285 1193 3352 quidem
1248 3286 1335 3339 die
1361 3288 1650 3341 cx'sistente
1700 3288 1865 3342 curati

2104 3290 2207 3377 ερδι
2223 3291 2280 3343 δὲ
2302 3290 2505 3362 Πέτρου
2535 3292 2841 3365 βεδλημένη
2878 3297 3216 3369 ἐπύρεσσεν
3262 3303 3332 3355 ὲν
3363 3282 3616 3377 Καφαρζ

342 3371 492 3425 fuere
527 3373 579 3424 in
610 3370 943 3439 Capharnao,
971 3388 1092 3426 nam
1115 3374 1281 3442 reguli
1303 3375 1440 3429 lilius
1465 3375 1594 3429 hora
1620 3377 1854 3445 septima,

2103 3395 2153 3448 μ,
2175 3373 2242 3449 ἧς
2273 3377 2542 3447 ἁψάμενος
2574 3380 2672 3450 τῆς
2702 3381 2888 3451 χειρὸς
2915 3385 3123 3439 ἰάσατο
3157 3390 3276 3459 τὴν
3314 3370 3615 3463 βεϐλημέ-

346 3462 673 3515 ceuturionis
697 3471 874 3514 autem
907 3475 1091 3516 servus
1131 3472 1183 3516 et
1208 3462 1353 3517 Petri
1396 3479 1579 3518 socrus
1630 3475 1754 3519 ante
1781 3481 1858 3520 γε·

2118 3466 2192 3528 ὡς
2227 3465 2537 3535 ὲγερθεῐσαν
2568 3467 2835 3521 διακονεῖν
2867 3471 3052 3541 αὐτῷ.
3118 3478 3247 3530 Καὶ
3290 3474 3456 3533 οὗτοι
3494 3462 3616 3549 μὲν

345 3563 574 3616 spcram.
602 3570 620 3599 ι
646 3549 875 3617 Vespera
905 3563 1031 3604 vero
1068 3549 1229 3614 facta,
1262 3569 1280 3603 ι
1314 3551 1455 3617 iuxta
1486 3552 1857 3619 Matthazum"1

2101 3573 2169 3618 ας
2207 3553 2642 3626 ἐθεραπεύθησαν
2680 3559 2738 3609 ὲν
2771 3560 3205 3634 Καφαρναούμ·
3259 3569 3295 3620 6
3349 3570 3463 3639 μὲν
3511 3570 3613 3624 τοῦ

353 3652 371 3686 ι
402 3636 691 3690 attulerunt
724 3638 796 3690 illi
827 3655 845 3688 ι
876 3637 926 3690 in
955 3638 1269 3707 Capharnao
1297 3659 1312 3690 ι
1346 3642 1541 3696 multos
1570 3657 1599 3694 a
1629 3642 1865 3698 dzemone

2100 3643 2237 3696 λικοῦ
2257 3644 2368 3706 υίὸς
2391 3644 2534 3713 ὥραν
2561 3644 2815 3716 ἑϐδόμην,
2855 3653 2885 3701 6
2920 3650 2982 3703 δὲ
3018 3654 3128 3706 τοῦ
3165 3636 3612 3731 ἑκατοντάρχου

346 3737 561 3782 vexatos
583 3744 597 3779 :
627 3729 945 3798 spiritusque
965 3730 1116 3796 ejccit
1139 3746 1406 3797 sermone,
1426 3748 1714 3803 omnesque
1734 3735 1858 3790 male

2130 3735 2220 3786 καὶ
2254 3736 2287 3804 ἡ
2338 3733 2429 3786 τοῦ
2463 3734 2666 3804 Πέτρου
2736 3738 2980 3808 πενθερὰ
3036 3744 3160 3813 πρὸ
3220 3746 3340 3817 τῆς
3417 3729 3613 3819 ὀψίας,

345 3814 507 3884 279
540 3815 792 3870 habentes
816 3819 1038 3873 curavit.
1064 3837 1082 3870 ι
1110 3818 1337 3873 Tardius
1364 3834 1491 3889 ergo
1523 3822 1759 3892 quidam,
1785 3837 1857 3879 ce

2105 3821 2264 3884 νίαςδὲ
2288 3820 2599 3890 γενομένης.
2626 3839 2645 3894 ι
2678 3824 2819 3877 κατὰ
2843 3827 2940 3879 τὸν
2968 3814 3311 3899 Ματθαῖον,
3357 3855 3380 3888 ι
3404 3814 3478 3892 ἐν
3496 3841 3617 3892 Κα-

347 3905 508 3958 lerius
534 3904 621 3957 alii
655 3914 907 3958 curantur
933 3920 961 3959 a
987 3905 1109 3960 Jesu
1140 3924 1151 3958 :
1190 3907 1277 3974 qui
1310 3908 1451 3960 enim
1495 3924 1735 3977 vespere,
1762 3918 1859 3964 tar-

2109 3913 2248 3980 αοὺμ
2289 3911 2659 3980 προσήνεγκαν
2705 3913 2855 3983 αὐτῷ
2896 3916 3438 3993 δαιμονιζομένους
3477 3929 3619 3981 πολ-

346 3994 461 4046 dius
480 3995 959 4063 curautur,quippe
995 3995 1084 4062 qui
1119 3995 1183 4047 iis
1215 3995 1303 4063 qui
1330 3996 1380 4047 iu
1411 3995 1496 4050 die
1523 3999 1693 4050 curati
1729 4007 1858 4052 sunt

2106 4042 2108 4055 .
2136 4001 2229 4052 ml.
2247 3999 2489 4062 ἐξέϐαλλε
2504 4000 2570 4052 τὰ
2586 4001 2870 4070 πνεύματα
2888 4003 3064 4075 λόγῳ,
3090 4010 3198 4063 καὶ
3223 3994 3466 4078 πάντας
3480 4017 3618 4080 τοὺς

348 4080 626 4133 inferiores
650 4082 787 4143 sint;
823 4096 942 4133 nam
976 4096 1004 4131 a
1035 4082 1272 4133 dmmone
1314 4089 1592 4144 vexantur,
1627 4091 1683 4136 et
1736 4086 1860 4138 male

2104 4087 2151 4150 ὃς
2190 4087 2405 4156 ἔχοντας
2441 4087 2791 4158 ἐθεράπευσε.
2838 4092 3077 4162 Βράδιον
3116 4095 3224 4153 οὖν
3279 4119 3449 4168 τινες
3504 4106 3616 4159 ὑπὸ

349 4169 565 4222 habent.
604 4162 835 4221 Proinde
886 4168 1307 4222 contendendum
1344 4169 1497 4222 nobis
1536 4178 1635 4233 est,
1668 4181 1723 4223 ut
1755 4186 1861 4224 con-

2105 4172 2150 4224 δῦ
2168 4172 2573 4243 θεραπεύονται,
2598 4177 2690 4229 καὶ
2710 4176 2889 4247 ἕτεροι
2918 4182 3119 4251 τάχιον
3136 4201 3151 4214 ο
3191 4190 3252 4240 οἱ
3288 4162 3617 4260 γὰργὸψίας

346 4272 621 4326 gregemus
667 4257 781 4311 loca
822 4258 909 4311 ubi
935 4257 1136 4311 inventi
1171 4256 1318 4311 [dere
1340 4258 1428 4326 qui
1462 4261 1731 4315 curatione
1757 4274 1858 4330 ege

2107 4266 2211 4325 ἱιον,
2238 4262 2313 4324 ὡς
2341 4261 2615 4326 ἐλάττονες
2633 4263 2950 4335 (δαιμονῶσι
2975 4247 3116 4342 ἧὰρ,
3147 4292 3260 4329 και
3282 4247 3619 4349 έχδυσίκαῖ-

350 4349 497 4411 bant,
535 4348 923 4415 notandumque
968 4355 1047 4402 est
1094 4347 1284 4415 quibus
1331 4349 1380 4401 in
1426 4348 1552 4403 locis
1599 4349 1701 4403 alia
1740 4351 1862 4407 facta

2108 4352 2138 4421 ι)
2154 4350 2259 4403 τῶν
2274 4351 2382 4444 (86)
2404 4352 2507 4422 ήμέ
2517 4370 2613 4423 ρας
2629 4354 2935 4429 τεθεραπευ
2943 4360 3155 4428 μένων.
3169 4347 3620 4444 Φιλοτιμητέον

351 4432 549 4486 fuerint
583 4433 753 4500 signa.
797 4444 849 4487 et
878 4450 980 4486 non
1036 4448 1099 4488 ea
1144 4449 1261 4502 qua:
1306 4435 1371 4489 ad
1416 4446 1736 4505 aegrotantes
1764 4453 1863 4505 spc-

2111 4443 2377 4508 ιναγαγεῖν
2421 4443 2547 4501 τοὺς
2590 4444 2788 4508 τόπους
2829 4445 2961 4499 ἔνθα
3010 4450 3358 4525 εὑρέθησαν
3394 4432 3623 4516 οῖ’δεό-

352 4527 528 4573 ctant:
552 4519 709 4573 veluti
732 4522 781 4573 in
800 4522 1036 4575 Samaria
1056 4523 1260 4592 signum
1280 4533 1397 4577 erat
1416 4524 1542 4578 illud
1566 4540 1610 4577 ιι
1633 4525 1864 4596 Quinque

2109 4547 2124 4582 ι
2166 4528 2483 4601 θεραπείας,
2526 4531 2623 4583 καὶ
2670 4536 3001 4603 σημειωτέον
3048 4519 3110 4591 ὲν
3142 4519 3354 4610 ποίοις
3411 4550 3621 4615 τόποις

353 4612 493 4663 viros
534 4609 781 4673 habuisti,
820 4620 873 4663 et
900 4626 1037 4666 nunc
1065 4626 1225 4679 quem
1256 4613 1422 4667 habes
1444 4653 1460 4678 ,
1493 4629 1595 4667 non
1638 4624 1719 4668 est
1756 4624 1865 4670 tuus

2120 4617 2335 4709 léyovs
2376 4620 2595 4709 σημεῖα,
2627 4623 2722 4673 καὶ
2749 4622 2811 4674 οὐ
2858 4623 2928 4677 τὰ
2965 4628 3101 4697 περὶ
3137 4633 3293 4697 τοὺς
3350 4609 3618 4709 κάμνονξ

353 4700 433 4750 vir
463 4697 538 4763 ¹³;
577 4715 596 4747 ι
618 4706 891 4767 propterea
926 4716 1044 4753 cum
1074 4702 1431 4769 obstupuisset
1463 4703 1664 4763 mulier,
1694 4703 1825 4757 dixit
1854 4722 1865 4757 :

2106 4706 2195 4776 L87)
2215 4722 2228 4736 ο
2252 4701 2359 4760 οἷον
2396 4708 2454 4759 ὲν
2478 4710 2544 4779 τῇ
2568 4710 2852 4784 Σαμαρείᾳ
2875 4717 3106 4785 σημεῖον
3127 4713 3205 4789 ἦν
3237 4725 3315 4777 τό
3330 4742 3348 4759 ο
3377 4744 3400 4778 ι
3431 4697 3618 4783 iuvre

356 4806 374 4838 ι
419 4787 582 4841 Video
626 4797 677 4841 te
733 4788 1040 4854 prophetam
1073 4804 1221 4852 esse,
1260 4808 1278 4841 ι
1328 4790 1641 4857 civibusque
1678 4790 1808 4845 dicit
1856 4809 1868 4847 :

2100 4812 2169 4858 νας
2195 4796 2366 4866 ἔσχες,
2393 4798 2486 4850 καὶ
2517 4798 2614 4853 νῦν
2644 4801 2706 4856 ὃν
2737 4803 2880 4874 ἔχεις
2914 4805 3017 4858 οὐκ
3049 4787 3170 4860 ἐστι
3205 4827 3328 4867 σου
3375 4818 3568 4889 ἀνήρ’
3590 4839 3612 4874 ι

353 5030 403 5068 η
421 4947 621 5070 7:80.”.
644 4963 720 5014 tv,
746 4948 837 5003 50.
907 4949 930 4981 ⁸
963 4951 1088 5007 ibid.
1122 4951 1209 5007 52.
1282 4952 1304 4983 ’
1335 4950 1517 5005 Matth.
1546 4965 1663 5019 vul,
1684 4951 1738 5007 8.
1814 4952 1858 4983 ¹⁰

2099 4958 2123 5006 ι.
2198 4953 2238 4984 “
2272 4952 2435 5013 Marc.
2475 4971 2514 5020 ι,
2544 4957 2641 5018 50.
2720 4963 2764 4997 ι’
2792 4962 2981 5035 Matth.
3006 4978 3126 5030 vnt,
3156 4964 3268 5023 16.
3364 4973 3416 5006 ³³
3437 4972 3611 5031 toan.

426 5147 746 5242 (Battiade:
763 5147 1121 5242 Bodl-cianus,
1154 5144 1538 5218 παρεξιοῢσαν·
1598 5145 1795 5215 Regius
1825 5154 1880 5200 et

2077 5146 2777 5242 fode.xlBodleiant|s,
2814 5171 2865 5224 ot
2887 5167 2994 5242 γὰρ
3025 5164 3190 5242 ὀψίας
3206 5203 3225 5227 .
3248 5168 3301 5242 ﬁ
3339 5171 3589 5242 βράδιον

359 5183 1121 5284 εςιὶῖῖτίῖἶῖἱέξέταᾛὲἐῒὲὖὲἆῖἶ
1159 5183 1508 5218 ”“’¹’“”“’““’
1601 5183 1795 5215 ““’¹⁵“’⁹
1825 5183 1871 5200 “’“

396 5347 399 5348 ν
432 5282 539 5348 (84)
569 5281 741 5334 Codex
768 5283 1079 5337 Bodleianus
1097 5320 1114 5344 ,
1137 5280 1337 5333 αὐτῶν·
1380 5280 1576 5348 Regius
1599 5286 1651 5335 et
1683 5277 1871 5334 Barbe-

2109 5183 2405 5273 ἷὲιτξδξὲωδ
2418 5183 2777 5236 ””“¹θ¹³“¹¹⁸ν
2814 5183 2865 5254 2'-
2887 5183 2999 5289 τας
3025 5183 3184 5234 οψιας
3206 5203 3225 5227 .
3259 5183 3301 5239 η
3339 5183 3614 5242 βράδιον,

2112 5283 2162 5348 ⁸)
2186 5237 2384 5348 μᾶλλξν
2580 5233 2906 5348 Σεξιμονωσι
2930 5255 2962 5308 γ
3004 5252 3066 5306 ρ’
3109 5233 3204 5286 καὶ
3245 5237 3466 5307 ἔχουσι
3516 5260 3619 5297 κα..

432 5283 539 5348 (84)
569 5283 741 5334 Codex
768 5283 1079 5337 Bodleianus
1097 5320 1114 5344 ,
1137 5283 1337 5333 αὐτῶν·
1380 5283 1576 5348 Regius
1599 5286 1651 5335 et
1683 5283 1875 5334 Barbe-

363 5347 536 5422 riuus,
555 5350 774 5422 ἑαυτῶν.
1163 5417 1175 5422 _
1362 5416 1391 5422 Δ
1463 5418 1493 5422 __
1601 5416 1614 5422 _
1771 5415 1782 5422 _
1807 5416 1820 5422 _

1815 5293 1882 5334 le‘
1984 5284 2091 5345 κῶς
2186 5287 2384 5354 μᾶλλον
2580 5283 2906 5369 ὲὶἓῑικνηυν·
2942 5283 3029 5308 πτι-
3053 5283 3066 5298 ν
3111 5283 3140 5286 --
3192 5283 3198 5284 κ
3248 5283 3323 5307 νΑ

1815 5416 1820 5422 .
1982 5417 1994 5422 ,
2051 5352 2131 5420 (8ι
2179 5354 2283 5405 Kal
2311 5360 2384 5410 οὐ
2416 5362 2492 5418 τὰ
2538 5380 2678 5422 περ)
2711 5383 2853 5422 ns...
2880 5375 3225 5422 νήιινοντας,
3276 5370 3327 5422 ι..

847 5417 1308 5500 προηγουμένην.
1361 5416 1706 5472 Scribendum
1736 5415 1882 5470 vide-

2103 5375 2157 5471 ρ.)
2179 5375 2296 5439 nat.
2311 5375 2384 5410 ου
2408 5375 2492 5441 3a
2538 5380 2681 5445 περὶ
2711 5383 2853 5449 τοὺς
2880 5375 2951 5434 κά
2992 5383 3225 5431 νοντας.
3277 5375 3615 5431 Ferrarius

2116 5432 2187 5473 »ιιι
2216 5438 2307 5474 και
2328 5441 2438 5483 που
2468 5437 2547 5493 τὰ
2579 5452 2719 5500 περὶ
2746 5456 2871 5500 τοὺς
2901 5393 3213 5500 Jama;-

372 5434 549 5547 ωὲοξῇ
572 5434 1308 5553 ἕὲηᾷρριήςρμενην.
1361 5434 1706 5472 δοτιυεηαυω
1736 5434 1882 5470 Vtue-
1982 5434 2187 5488 tegebat
2216 5434 2307 5474 καὶ
2328 5434 2438 5483 ποῦ
2468 5437 2547 5493 τὰ
2579 5434 2871 5522 πξρίξᾷςς
2901 5434 3188 5516 κάμνοντας
