3828 6188
313 265 414 318 521

1345 263 1686 320 COMMENT.
1727 262 1790 317 IN
1829 263 2013 320 JOAN.
2051 265 2282 321 TOMUS
2313 265 2445 320 Xlll.

3357 269 3459 325 523

299 377 392 444 ,ἔφ’
415 367 457 440 ᾧ
483 371 572 424 καὶ
599 369 1010 438 καταπλαγεῖσα
1037 377 1070 445 ἡ
1099 375 1229 445 γυνή
1263 393 1390 445 φησι
1409 391 1424 406 ο
1461 394 1480 424 ι
1503 375 1720 444 Θεωρῶ,
1756 375 1838 426 ὅτι

1943 391 1962 423 ι
1999 374 2151 442 Agite
2174 414 2188 437 ,
2223 375 2400 428 videte
2459 375 2756 438 hominem,
2789 375 2878 443 qui
2934 375 3068 430 dixit
3102 376 3230 431 mihi
3277 381 3455 434 omnia

309 467 585 535 προφήτης
615 457 662 512 εἷ
694 460 756 512 σύ
775 477 790 490 ’
816 481 838 513 ι
871 467 985 526 τοῖς
1031 483 1088 517 τε
1118 466 1351 527 πολίταις
1393 464 1534 531 λέγει
1552 481 1566 495 ε
1609 484 1626 515 ι
1656 465 1835 526 Δεῦτε,

310 554 445 608 ἴδετε
492 552 766 620 ἄνθρωπον
814 551 873 613 ὃς
921 547 1041 604 εῖπέ
1078 571 1164 622 μοι
1208 555 1378 606 πάντα
1425 555 1523 606 ὅσα
1578 554 1834 620 ἐποίησα*

311 643 441 712 μήτι
467 635 620 702 οὗτός
650 643 792 692 ἐστιν
821 641 849 691 ὁ
881 643 1140 710 Χριστός;
1168 662 1184 691 ι
1221 641 1628 712 Παρατηρητέον
1666 642 1721 693 δὲ
1747 642 1838 693 καὶ

304 733 429 791 τοὺς
471 730 663 796 λόγους
715 729 898 794 αὑτοῦ,
930 731 1052 793 ποῦ,
1101 732 1190 783 καὶ
1233 731 1318 783 διὰ
1359 733 1438 793 τί,
1481 733 1570 783 καὶ
1602 732 1692 783 ὲπί
1733 731 1840 782 τίσι

307 821 713 888 πεπραγμένοις
751 818 1022 885 λέγονται·
1057 821 1158 871 ὑπὸ
1195 820 1298 889 γὰρ
1333 821 1500 888 μόνων
1542 820 1646 871 τῶν
1673 820 1840 871 τοιού-

303 923 409 958 των
460 909 891 976 παρατηρήσεων
942 910 1033 958 καὶ
1084 907 1370 971 ἐξετάσεων
1427 909 1523 969 τὰς
1561 908 1836 976 βασάνους,

304 994 556 1064 εὑρήσεις
589 995 732 1046 κατὰ
760 995 928 1064 βραχὺ
965 995 1088 1056 τοὺς
1115 995 1352 1064 καρποὺς
1377 994 1484 1045 τῶν
1517 995 1707 1058 πόνων,
1745 995 1841 1064 τὴν

303 1085 360 1133 ὲν
403 1081 658 1149 Ψαλμοῖς
716 1081 961 1146 εὐλογίαν
1035 1081 1324 1147 λέγουσανο
1371 1100 1394 1131 ι
1425 1082 1559 1144 Τοὺς
1607 1085 1842 1150 καρποὺς

302 1167 408 1217 τῶν
438 1168 618 1218 πόνων
660 1184 750 1219 σου
780 1171 1028 1234 φάγεσαι.
1049 1185 1068 1217 ι
1103 1168 1221 1218 Ἔτι
1261 1169 1392 1236 πρὸς
1427 1168 1505 1229 τὸ,
1547 1187 1563 1218 ι
1590 1169 1753 1220 Τοῦτο
1787 1169 1843 1222 δὲ

305 1256 461 1307 πάλιν
511 1256 762 1325 δεύτερον
815 1258 1034 1324 σημεῖον
1083 1257 1330 1326 ἐποίησεν
1361 1259 1389 1308 ό
1431 1257 1650 1325 Ἰησοῦς,
1682 1277 1700 1307 ι
1753 1258 1844 1310 καὶ

301 1345 456 1395 τοῦτο
505 1344 750 1407 λεκτέον,
794 1345 873 1396 ὅτι
902 1345 1134 1412 οὐδαμοῦ
1169 1346 1262 1414 μὲν
1286 1344 1567 1414 ὠνομάσθη
1610 1345 1742 1413 μόνα
1777 1347 1843 1399 τὰ

297 1435 501 1502 τέρατα
535 1433 678 1502 (88)·
711 1434 764 1484 εί
793 1449 891 1485 που
921 1433 1024 1501 γὰρ
1052 1433 1279 1499 λέγεται,
1315 1434 1448 1502 μετὰ
1475 1433 1580 1484 τῶν
1611 1433 1842 1501 σημείων

300 1523 739 1594 ἀναγέγραπται,
768 1522 1003 1592 ὡσπερεὶ
1041 1523 1152 1591 τῷ·
1190 1543 1207 1572 ι
1246 1523 1367 1576 Ἐὰν
1413 1523 1484 1592 μὴ
1529 1526 1722 1592 σημεῖα
1753 1523 1842 1575 καὶ

299 1614 498 1680 τέρατα
556 1612 734 1680 ἴδητε,
775 1612 838 1662 ού
873 1611 946 1680 μὴ
976 1610 1319 1680 πιστεύσητε·
1345 1629 1363 1662 ι
1400 1611 1657 1679 πολλαχοῦ
1684 1612 1740 1664 δὲ
1777 1612 1842 1663 τὰ

303 1701 500 1767 σημεῖα
544 1699 714 1766 χωρὶς
743 1697 849 1749 τῶν
878 1697 1114 1767 τεράτων
1157 1697 1374 1768 εὓρηται
1404 1699 1530 1767 (89),
1563 1699 1619 1750 ὃν
1648 1699 1840 1767 τρόπον

301 1789 390 1839 καὶ
414 1787 530 1839 νῦν.
568 1787 679 1838 Καὶ
710 1785 965 1855 ζητητέον
993 1803 1052 1848 γε
1081 1789 1126 1837 εί
1149 1785 1255 1855 ἔχει
1282 1787 1399 1838 τινὰ
1422 1788 1674 1858 διαφορὰν
1709 1787 1840 1856 πρὸς

299 1875 498 1943 ἄλληλα
540 1875 608 1926 τὰ
641 1874 849 1943 τέρατα,
873 1876 965 1925 καὶ
994 1875 1059 1926 τὰ
1093 1877 1312 1942 σημεῖα·
1343 1869 1496 1944 οἶμαι
1527 1876 1582 1928 δὲ
1608 1876 1705 1938 τὰς
1745 1876 1840 1944 μὲν

301 1961 639 2034 παραδόξους
691 1963 782 2014 καὶ
811 1961 1118 2030 τεραστίους
1167 1962 1415 2030 δυνάμεις
1464 1963 1581 2014 κατ’
1623 1963 1748 2014 αὐτὸ
1781 1962 1842 2013 τὸ

303 2053 626 2120 παράδοξον,
658 2053 753 2103 καὶ
780 2051 1072 2119 ἐκϐεϐηκὸς
1099 2051 1193 2119 τὴν
1223 2051 1518 2118 συνήθειαν,
1553 2051 1841 2118 θαυμάσιόν

300 2157 375 2201 τε,
403 2139 497 2192 καὶ
538 2139 680 2206 ὑπὲρ
711 2137 991 2204 ἄνθρωπον
1025 2137 1313 2204 γινόμενον,
1357 2137 1551 2205 τέρατα
1588 2136 1841 2204 ὀνομάζεη

303 2227 448 2278 dear
476 2227 549 2278 τὰ
573 2225 631 2276 δὲ
671 2224 939 2293 δηλωτικά
977 2241 1131 2275 τινων
1170 2223 1366 2292 ἑτέρων
1409 2221 1555 2291 παρὰ
1593 2223 1660 2274 τὰ
1702 2223 1840 2288 γινό-

304 2332 454 2385 μενα,
490 2317 698 2382 σημεῖα
726 2312 993 2378 λέγεσθαι.
1031 2313 1222 2380 Διόπερ
1259 2313 1348 2363 καὶ
1380 2311 1598 2363 ἐπὶτῶν
1630 2311 1702 2379 μὴ
1737 2327 1840 2362 πα-

304 2403 530 2472 ραδόξων
572 2403 633 2454 τὸ
677 2402 845 2470 ὄνομα
883 2399 975 2452 τοῦ
1035 2400 1250 2468 σημείου
1291 2399 1632 2467 εὑρίσκομεν·
1681 2400 1841 2467 ἤγουν

301 2496 424 2559 περὶ
459 2491 519 2542 τὸ
559 2492 784 2558 σημεῖον
822 2489 930 2556 (90)
970 2487 1180 2552 λέγεται
1214 2488 1316 2538 ὑπὸ
1356 2487 1445 2538 τοῦ
1473 2486 1602 2538 Θεοῦ
1635 2487 1689 2538 ὲν
1721 2487 1838 2538 τού-

301 2596 406 2640 τοις
426 2596 440 2608 ·
478 2599 495 2628 ι
520 2579 995 2648 Περιτμηθήσεται
1027 2577 1120 2646 τὴν
1155 2575 1328 2645 σάρκα
1367 2573 1518 2643 ὑμῶν
1555 2576 1657 2626 πᾶν
1686 2575 1840 2643 ἀρσε-

302 2669 462 2730 νικὸν,
505 2670 602 2721 καὶ
652 2667 1118 2736 περιτμηθήσεσθε
1171 2665 1264 2733 τὴν
1317 2665 1488 2732 σάρκα
1533 2663 1630 2730 τῆς
1684 2665 1841 2732 ἀκρο-

299 2759 515 2819 ϐυστίας
555 2757 734 2826 ὑμῶν,
765 2757 858 2807 καὶ
909 2754 1056 2806 ἔσται
1099 2755 1154 2806 ὲν
1194 2750 1395 2821 σημείῳ
1428 2751 1692 2820 Διαθήκης
1741 2751 1841 2804 ἀνὰ

304 2847 459 2915 μέσον
487 2845 622 2915 ἐμοῦ
653 2845 746 2896 καὶ
775 2843 945 2911 ὑμῶν.
972 2861 989 2892 ι
1026 2840 1266 2908 Οὐδαμοῦ
1297 2839 1350 2890 δὲ
1387 2840 1517 2907 μόνα
1547 2838 1613 2890 τὰ
1642 2839 1839 2907 τέρατα

299 2933 616 3002 ὠνομάσθηο
655 2932 882 3000 ἐπείπερ
924 2930 1022 2982 οὐκ
1054 2929 1165 2980 ἔστι
1197 2946 1246 2980 τι
1293 2927 1580 2996 παράδοξον
1621 2927 1839 2995 γενόμε-

615 3019 828 3087 Γραφῇ,
851 2982 896 3068 ιδ
940 3017 1013 3085 μή
1045 3018 1158 3067 ὲστι
1196 2982 1410 3082 σημεῖόν
1454 2982 1545 3065 κοῖι
1583 2982 1838 3081 σύμϐολον
1863 2982 1905 3038 C

298 3108 478 3177 ἑτέρου
527 3106 685 3174 παρὰ
729 3105 788 3156 τὸ
834 3101 1099 3170 αἰσθητῶς
1145 3099 1527 3168 γεγενημένον’
1575 3097 1648 3158 ὡς
1691 3097 1842 3167 εἴπερ

297 3193 362 3267 ἢν
408 3195 697 3266 τεράστιόν
738 3211 791 3244 τι
841 3192 1123 3259 γενόμενον
1167 3189 1226 3240 ού
1277 3186 1584 3255 συμϐολικὸν
1640 3186 1841 3255 ἑτέρου,

295 3285 603 3354 ἐγέγραπτο
641 3283 709 3335 ἂν
739 3281 897 3333 τοῦτο
927 3279 985 3330 τὸ
1024 3279 1184 3346 τέρας
1227 3275 1574 3344 πεποιηκέναι
1615 3275 1700 3326 τὸν
1741 3276 1843 3343 Ἰη-

297 3377 439 3440 σοῦν,
479 3377 535 3446 ἢ,
578 3375 718 3444 φέρε
757 3375 947 3435 εἰπεῖν,
988 3370 1217 3430 Μωσέα,
1255 3368 1289 3436 ἦ
1339 3384 1457 3419 τινα
1505 3366 1610 3419 τῶν
1657 3366 1838 3432 ἁγίων.

297 3467 419 3518 Ὅτε
473 3466 574 3533 μὲν
629 3457 724 3514 οὖν
769 3458 1122 3527 διδασκόμεθα
1171 3457 1274 3508 ἀπὸ
1319 3450 1418 3523 τῆς
1467 3453 1684 3522 Γραφῆς
1731 3454 1841 3507 δεῖν

294 3556 469 3627 ζητεῖν
524 3555 624 3618 τὸ,
689 3547 751 3603 οὗ
809 3550 1026 3619 σημεῖόν
1074 3551 1186 3600 ἐστι
1227 3546 1287 3598 τδ
1337 3545 1710 3613 γεγενημένον,
1754 3544 1842 3595 λέ-

292 3663 440 3712 γεται
459 3662 472 3674 ·
501 3663 520 3695 ι
545 3643 724 3695 Τοῦτο
747 3641 804 3692 δὲ
837 3639 995 3690 πάλιν
1023 3636 1262 3703 δεύτερον
1292 3636 1503 3703 σημεῖον
1527 3633 1773 3700 εποίησεν
1815 3632 1843 3682 ὁ

303 3734 502 3804 Ἰησοῦς
522 3749 536 3762 ·
572 3751 592 3783 ι
634 3731 725 3782 ὅτε
757 3729 814 3780 δὲ
841 3731 870 3779 ὁ
904 3724 1170 3794 βασιλικὸς
1195 3721 1500 3784 ὀνειδίζεται
1541 3721 1614 3782 ὡς
1657 3721 1753 3771 οὐκ
1779 3720 1843 3772 ἂν

289 3822 592 3876 πιστεύσων
627 3809 794 3889 χωρὶς
832 3817 929 3884 τῆς
973 3814 1102 3874 θέας
1144 3812 1248 3863 τῶν
1295 3810 1621 3879 παραδόξων,
1666 3809 1842 3861 οὐκέτι

288 3917 532 3984 λέγεται·
592 3933 614 3965 ι
659 3913 784 3964 Ἐὰν
839 3911 912 3980 μὴ
963 3911 1157 3978 σημεῖα
1194 3907 1358 3976 ἴδητε,
1395 3907 1453 3957 οὑ
1506 3905 1578 3974 μὴ
1632 3905 1844 3957 πιστεύ-

288 4019 413 4076 σητε
433 4022 447 4036 ο
479 4023 499 4056 ι
535 4004 598 4056 οὐ
637 4000 746 4069 γὰρ
774 3999 839 4051 τὰ
868 4001 1066 4066 σημεῖα
1096 3997 1348 4064 γινόμενα
1386 3993 1724 4063 προκαλεῖται
1752 3995 1843 4046 ἐπὶ

285 4099 342 4148 τὸ
371 4094 682 4155 πιστεύειν,
711 4084 744 4160 ᾖ
776 4088 974 4156 σημεῖά
993 4088 1154 4146 ἐστιν,
1180 4086 1272 4137 ὲὰν
1297 4084 1428 4152 τύχῃ
1450 4083 1508 4134 τὸ
1529 4085 1742 4152 σημεῖον
1769 4082 1840 4152 μὴ

282 4179 417 4237 εἶναι
449 4184 546 4236 καὶ
578 4179 772 4249 τέρας
805 4175 956 4228 ἀλλά·
984 4192 1002 4222 ι
1041 4173 1164 4224 Ἐὰν
1191 4173 1263 4242 μὴ
1295 4173 1490 4240 σημεῖα
1521 4172 1611 4223 καὶ⁷
1648 4171 1842 4240 τέρατα

1937 479 2266 532 quaecunque
2293 463 2390 517 feci
2422 478 2436 516 :
2462 464 2693 532 nunquid
2724 465 2810 518 hic
2839 473 2919 519 est
2940 467 3179 522 Christus
3206 469 3324 532 “to
3350 469 3460 525 0b-

1939 552 2194 606 servanda
2237 560 2356 603 sunt
2386 552 2543 603 etiam
2589 551 2747 604 verba
2769 552 2951 618 ipsius,
2983 555 3092 616 ubi,
3125 564 3177 606 et
3207 559 3459 623 quamob-

1933 654 2072 700 rem,
2101 648 2156 691 et
2200 649 2415 706 propter
2455 653 2573 705 qua:
2619 638 2756 691 facta
2814 639 3080 694 dicuntur.
3115 642 3224 696 Sub
3275 644 3454 698 talium

1939 727 2076 779 enim
2125 727 2290 778 solum
2327 726 2752 780 Observationum
2782 737 2836 781 et
2881 729 3302 797 disquisitionum
3333 749 3458 786 exa-

1938 816 2100 877 mine,
2128 815 2271 868 brevi
2307 814 2543 867 laborum
2596 815 2796 869 fructus
2841 820 3102 886 reperies,
3145 821 3460 876 benedictio-

1938 919 2058 958 nem
2089 904 2331 958 nimirum
2354 903 2405 956 in
2432 903 2654 957 Psalmis
2677 915 3015 960 memoratam
3043 909 3112 961 "z
3142 926 3160 958 ι
3195 909 3454 964 Laborum

1936 1002 2147 1046 tuorum
2190 993 2392 1062 fructus
2424 994 2688 1047 comedes.
2727 1012 2746 1044 ι
2792 994 3052 1050 Ρτιιειθι-οιι
3104 1000 3225 1055 huic
3271 1001 3409 1054 dicto
3439 1039 3456 1065 ,

1943 1098 1962 1130 ι
2003 1079 2110 1132 lloc
2157 1089 2328 1132 autem
2385 1094 2570 1132 rursus
2616 1080 2900 1133 secundum
2956 1083 3162 1150 signum
3213 1085 3335 1139 fecit
3366 1085 3458 1140 Je-

1939 1184 2030 1222 sus
2060 1168 2152 1230 “,i
2186 1170 2286 1222 hoc
2316 1169 2477 1221 etiam
2512 1169 2808 1223 addendum
2849 1181 2968 1234 est;
3001 1173 3183 1225 nullibi
3219 1176 3455 1242 prodigia

1939 1259 2046 1311 sola
2074 1258 2356 1320 nominari,
2379 1258 2469 1312 sed
2515 1259 2678 1312 sicubi
2709 1259 3028 1324 scribantur,
3066 1263 3256 1316 ascribi
3297 1267 3456 1318 etiam

1935 1343 2108 1408 signa,
2140 1342 2579 1410 quemadmodum
2626 1345 2676 1396 in
2714 1345 2796 1398 his
2837 1346 3053 1399 verbis:
3093 1364 3112 1397 ι
3146 1347 3257 1402 Nisi
3307 1353 3454 1419 signa

1939 1439 1990 1483 et
2016 1430 2248 1498 prodigia
2273 1431 2531 1493 videritis,
2560 1446 2661 1484 non
2703 1433 2931 1486 credetis
2967 1435 3007 1463 "
3037 1452 3050 1496 ;
3091 1453 3110 1484 ι
3155 1435 3459 1504 frequenter

1936 1533 2063 1572 vero
2093 1520 2238 1586 signa
2287 1520 2400 1573 sine
2436 1521 2687 1588 prodigiis
2723 1522 2968 1584 inveniri,
3016 1525 3454 1590 quemadmodum

1939 1609 2095 1660 etiam
2126 1608 2224 1662 hoc
2253 1608 2304 1660 in
2333 1607 2467 1661 loco.
2491 1606 2714 1661 Proinde
2735 1611 3074 1676 qumrendum
3099 1621 3204 1674 est,
3226 1613 3457 1667 habeant

1873 1687 1912 1738 Β
1939 1711 2104 1748 necne
2127 1695 2474 1749 diderentiam
2503 1696 2734 1764 aliquam
2770 1697 2906 1749 inter
2943 1712 3001 1751 se
3035 1700 3270 1768 prodigia
3301 1711 3354 1755 et
3384 1703 3458 1755 si-

1937 1801 2058 1855 gna,
2089 1795 2142 1839 et
2184 1787 2414 1839 arbitror
2458 1799 2516 1837 ea
2560 1784 2696 1838 facta
2725 1799 2841 1853 qua
2881 1796 3125 1853 superant
3154 1789 3455 1855 opinionem

1937 1886 2157 1940 qumque
2184 1871 2480 1940 prodigiosa
2505 1880 2649 1934 sunt,
2679 1885 2742 1925 eo
2768 1873 2908 1939 quod
2958 1873 3122 1940 ipsam
3154 1875 3454 1941 opinionem

1935 1970 1988 2013 et
2030 1960 2461 2014 consuetudinem
2513 1961 2974 2022 transcenderint,
3025 1962 3237 2030 sintque
3288 1963 3458 2016 admi-

1939 2051 2099 2103 randa
2128 2059 2179 2102 et
2207 2063 2361 2115 supra
2410 2049 2697 2112 hominem,
2739 2049 2973 2118 prodigia
3015 2051 3306 2114 nominari;
3341 2065 3457 2119 qua:

1939 2156 2064 2195 vero
2087 2139 2282 2207 aliquid
2311 2139 2533 2190 innuant
2558 2147 2819 2205 pmterea
2843 2153 2956 2204 quae
2983 2139 3132 2202 tiuut,
3159 2141 3306 2206 signa
3331 2141 3453 2194 dici.

1940 2228 2105 2292 Quam
2144 2227 2304 2279 etiam
2346 2225 2414 2278 ob
2440 2239 2649 2277 causam
2693 2239 2882 2277 nomen
2919 2226 3049 2292 signi
3099 2227 3362 2279 invenitur
3403 2226 3456 2279 in

1942 2315 2023 2368 bis
2045 2330 2163 2382 qua:
2193 2329 2294 2368 non
2320 2322 2434 2367 sunt
2465 2323 2654 2381 prater
2687 2314 3008 2380 opinionem,
3045 2313 3199 2366 veluti
3249 2313 3455 2381 signum

1941 2406 2248 2457 nominatur
2279 2419 2307 2455 a
2362 2403 2468 2456 Deo
2507 2403 2558 2456 in
2607 2402 2689 2456 his
2726 2417 2740 2454 :
2785 2419 2802 2452 ι
2849 2402 3267 2456 Circumcidetur
3309 2405 3456 2457 vobis

1938 2504 2094 2544 Omne
2122 2489 2488 2553 masculinum,
2520 2499 2572 2542 et
2599 2490 2987 2542 circumcidetis
3014 2504 3226 2542 carnem
3249 2505 3456 2558 praepu-

1940 2579 1993 2630 tii
2019 2579 2199 2640 vestri,
2223 2585 2276 2628 ct
2304 2579 2404 2629 erit
2443 2577 2492 2630 in
2531 2578 2736 2645 signum
2769 2575 3087 2630 Testamenti
3117 2578 3254 2630 inter
3281 2592 3366 2632 me
3405 2590 3460 2632 et

1939 2681 2029 2719 vos
2051 2666 2144 2718 ⁸⁸.»
2181 2666 2372 2718 Nullibi
2396 2673 2572 2717 autem
2605 2665 2713 2718 sola
2745 2666 2982 2734 prodigia
3018 2667 3288 2719 nominata
3315 2677 3456 2727 sunt,

1938 2753 2185 2819 quoniam
2238 2766 2340 2804 non
2381 2759 2462 2803 est
2498 2747 2694 2816 aliquid
2746 2751 3045 2816 paradoxon
3084 2750 3135 2801 in
3186 2749 3460 2818 Scriptura

1939 2841 2079 2908 quod
2110 2855 2214 2894 non
2250 2841 2316 2894 sit
2345 2840 2550 2906 signum
2577 2847 2632 2891 et
2659 2848 2779 2889 nota
2816 2837 3033 2890 alterius
3069 2837 3165 2898 rei,
3193 2847 3386 2904 praeter
3408 2837 3461 2888 id

1941 2929 2078 2998 quod
2106 2929 2422 2982 sensibiliter
2451 2929 2510 2979 tit
2536 2943 2549 2978 :
2581 2927 2829 2992 quoniam
2860 2925 2904 2978 si
2940 2924 3126 2977 fuisset
3174 2921 3459 2990 prodigiosi

1939 3017 2132 3084 aliquid
2178 3016 2374 3068 factum
2433 3015 2654 3066 alterius
2700 3014 2778 3065 rei
2824 3027 2926 3064 non
2978 3011 3171 3070 index,
3207 3009 3460 3074 scriptum

1942 3103 2127 3156 fuisset
2158 3104 2256 3155 hoc
2283 3101 2572 3169 prodigium
2602 3099 2790 3152 fecisse
2827 3097 3028 3160 losum,
3063 3095 3143 3150 vel
3175 3095 3375 3158 Mosen,
3405 3104 3464 3149 ut

1941 3191 2010 3245 ita
2050 3191 2239 3253 dicam,
2297 3189 2378 3242 vel
2423 3190 2648 3256 aliquem
2683 3194 3010 3240 sanctorum.
3055 3183 3278 3248 Quando
3303 3185 3465 3252 280

1941 3279 2412 3348 igituredocemur
2437 3291 2465 3328 a
2509 3275 2782 3343 Scriptura
2825 3283 3067 3341 Oportere
3112 3284 3348 3339 quaerere
3373 3286 3465 3324 cu-

1934 3367 2023 3436 jus
2054 3369 2258 3437 signum
2279 3368 2347 3422 sit
2371 3367 2421 3420 id
2465 3365 2602 3434 quod
2653 3363 2852 3417 factum
2883 3372 2985 3424 est,
3029 3361 3222 3414 dicitur
3255 3375 3272 3412 :
3313 3377 3331 3408 ι
3359 3361 3466 3414 lloc

1940 3467 2112 3511 autem
2166 3470 2350 3510 rursus
2400 3454 2691 3508 secundum
2738 3453 2940 3518 signum
2983 3449 3109 3503 l'ecit
3135 3447 3288 3503 Jesus
3316 3449 3402 3512 ¹⁹;
3439 3467 3459 3499 ι

1939 3547 2148 3614 quando
2171 3555 2348 3598 autem
2376 3542 2558 3610 regulo
2587 3555 2682 3594 ceu
2705 3539 2900 3608 probro
2925 3538 3082 3590 datur
3111 3535 3249 3603 quod
3295 3533 3468 3586 credi-

1941 3638 2090 3688 turus
2113 3649 2213 3687 non
2247 3633 2315 3686 sit
2342 3631 2543 3699 absque
2579 3631 2782 3683 visione
2813 3626 3194 3694 prodigiorum,
3219 3637 3322 3676 non
3349 3636 3466 3674 am.

1939 3725 2077 3792 ptius
2100 3723 2294 3775 dicitur
2327 3737 2342 3773 :
2373 3738 2390 3770 ι
2417 3717 2526 3772 Nisi
2548 3718 2696 3782 signa
2727 3713 2988 3776 videritis,
3021 3725 3123 3764 non
3155 3710 3416 3772 credetis;
3442 3727 3461 3758 ι

1941 3826 2043 3863 non
2095 3809 2236 3862 enim
2278 3807 2428 3872 signa
2460 3803 2598 3856 facta
2647 3799 2867 3852 invitant
2915 3798 2979 3849 ad
3029 3793 3381 3854 credendum,
3413 3793 3466 3842 in

1939 3905 2194 3966 quantum
2217 3895 2367 3962 signa
2391 3899 2535 3952 sunt,
2572 3890 2615 3942 si
2644 3891 2915 3953 contingat
2936 3892 2992 3936 ut
3019 3884 3224 3950 signum
3263 3894 3368 3932 non
3398 3880 3468 3932 sit

1939 3989 2096 4042 etiam
2120 3985 2448 4054 prodigium;
2475 3981 2566 4035 sed
2589 3980 2787 4034 dicitur
2814 3993 2829 4030 :
2859 3995 2877 4026 ι
2912 3974 3018 4027 Nisi
3043 3973 3187 4040 signa
3213 3979 3266 4023 et
3291 3970 3468 4036 prodi-

1938 4079 2026 4148 gia
2062 4077 2322 4137 videritis,
2356 4088 2458 4127 non
2488 4070 2719 4126 credetis
2740 4069 2784 4098 ’°
2817 4082 2831 4130 ;
2878 4083 2896 4115 ι
2931 4063 3083 4116 vobis
3123 4061 3332 4130 quidem
3361 4075 3468 4112 cre-

1939 4168 2187 4222 dentibus
2213 4174 2429 4233 propter
2449 4160 2766 4230 prodigium,
2781 4156 2935 4209 nobis
2958 4161 3130 4205 autem
3157 4158 3346 4218 prmter
3371 4148 3469 4200 hoc

285 4273 449 4344 ἴδητε,
487 4273 551 4324 ού
587 4270 670 4340 μὴ
727 4264 1049 4331 πιστεύσητε
1070 4300 1084 4324 ,
1113 4279 1130 4312 ι
1182 4261 1332 4330 ὑμῶν
1366 4261 1461 4328 μὲν
1489 4261 1841 4312 πιστευόντων

1943 4260 2101 4312 etiam
2140 4258 2391 4308 honorem
2419 4252 2490 4304 illi
2520 4245 2880 4302 deferentibus
2909 4249 3126 4310 propter
3167 4238 3290 4290 illud
3318 4237 3471 4303 cujus

283 4360 369 4414 διὰ
405 4362 468 4414 τὸ
495 4355 831 4429 παράδοξον,
862 4350 1017 4422 ἡμῶν
1053 4350 1108 4401 δὲ
1150 4349 1280 4418 πρὸς
1317 4347 1486 4415 τούτῳ
1517 4348 1608 4425 καὶ
1635 4347 1720 4400 διὰ
1759 4348 1837 4409 τὸ,

281 4445 342 4504 ὦ
369 4451 485 4503 ἔστι
519 4447 778 4517 σημεῖον,
804 4437 1182 4492 ἐπιτελούντων
1209 4435 1373 4504 αὐτῷ.
1409 4437 1664 4504 Ζητήσεις
1689 4436 1745 4486 δὲ
1783 4435 1841 4487 τὸ

281 4540 342 4593 ιν
363 4530 765 4608 ἑϐδομηκοστῷ
812 4529 1021 4596 ἑϐδόμῳ
1057 4524 1271 4594 ψαλμῷ,
1318 4542 1336 4573 ι
1375 4523 1460 4584 '0;
1487 4523 1633 4574 ἔθετο
1668 4523 1724 4575 ὲν
1752 4523 1843 4574 At.

513 4624 588 4677 τὰ
629 4620 836 4690 σημεῖα
878 4613 1062 4677 αὐτοῦ,
1111 4614 1208 4696 καὶ.
1235 4611 1302 4662 τὰ
1344 4610 1542 4680 τέρατα.
1576 4609 1735 4662 αὑτοῦ
1785 4611 1841 4662 ἐν

283 4716 449 4783 πεδίῳ
494 4713 760 4770 Τάνεως,
789 4725 806 4756 ι
855 4706 1076 4774 πότερον
1126 4703 1203 4771 τῷ
1245 4701 1578 4783 ὑποκειμένῳ
1606 4701 1842 4768 διαφέρει

280 4807 347 4856 τὰ
385 4781 590 4872 σημεῖα
644 4797 747 4851 καὶ
791 4794 1010 4863 τέρατα,
1055 4791 1087 4859 ἢ
1125 4791 1189 4842 τὰ
1222 4789 1376 4842 αὐτὰ.
1500 4789 1598 4859 μὲν
1645 4787 1842 4856 σημεῖὰ

282 4893 418 4954 ἐστι,
453 4891 688 4958 γέγονεν
718 4885 776 4936 ἐν
816 4881 1092 4949 Αἰγύπτῳ,
1125 4880 1217 4930 καὶ
1245 4875 1408 4943 αὐτῆς
1441 4873 1536 4938 τῆς
1572 4875 1838 4940 Αἰγύπτου

1943 4346 2068 4400 illud
2082 4351 2164 4397 est
2175 4343 2405 4410 signum.
2422 4339 2636 4404 Quares
2649 4343 2820 4386 autem
2840 4332 2890 4382 in
2908 4326 3294 4394 septuagesimo
3309 4323 3471 4391 septi-

1944 4449 2030 4487 mo
2047 4433 2266 4501 psalmo,
2293 4447 2311 4480 ι
2337 4428 2486 4481 Sicut
2509 4423 2770 4492 disposuit
2789 4422 2840 4474 in
2864 4417 3092 4486 Egypto
3105 4417 3254 4484 signa
3280 4429 3397 4478 sua,
3419 4421 3472 4467 et

1945 4516 2179 4586 prodigia
2208 4528 2300 4567 sua
2323 4513 2375 4564 in
2397 4523 2583 4578 campo
2607 4508 2866 4568 Taneos,»
2888 4514 3065 4556 utrum
3095 4502 3328 4570 subjecto
3350 4513 3471 4553 nec-

1944 4621 2013 4660 ne
2049 4603 2291 4657 diﬂ'erant
2320 4601 2471 4668 signa
2501 4607 2554 4652 et
2587 4595 2858 4666 prodigia;
2885 4607 2950 4643 an
2981 4590 3182 4648 eadem,
3214 4587 3264 4640 in
3305 4604 3471 4655 quan-

1949 4704 2056 4747 tum
2104 4694 2250 4760 signa
2294 4698 2453 4752 sunt,
2490 4686 2627 4739 facta
2685 4684 2792 4736 siut
2822 4683 2872 4734 in
2911 4679 3164 4747 Egypto,
3205 4677 3468 4760 eumipsa

1945 4783 2100 4836 etiam
2153 4757 2405 4846 )Egypt'u’s
2449 4774 2515 4828 ad
2563 4767 2910 4837 ititelllgibilia
2966 4765 3204 4830 quaedam
3251 4757 3468 4812 reduca-

1946 4881 2068 4934 tur;
2106 4870 2158 4921 in
2209 4875 2463 4934 quantum
2520 4870 2694 4914 autem
2757 4853 3014 4923 prodigia,
3072 4849 3212 4902 facta
3259 4849 3367 4899 sint
3416 4847 3468 4898 in

353 5027 394 5056 “
419 5011 582 5078 Joan.
617 5037 698 5083 iv,
729 5020 826 5083 19,
863 5017 951 5072 29.
1039 5016 1078 5047 "
1105 5014 1240 5068 Psal.
1269 5025 1472 5073 cxxvtt,
1503 5011 1555 5062 2.
1637 5012 1678 5042 ¹⁶
1702 5009 1852 5064 Joan.
1885 5027 1960 5077 tv,
1990 5010 2074 5062 54.
2147 5007 2186 5036 ⁸⁷
2215 5001 2456 5070 ibid._48.
2531 4996 2574 5027 ¹⁶
2598 4995 2789 5048 ches.
2843 4984 3062 5047 thtJO.
3140 4983 3179 5013 ¹⁹
3212 4979 3360 5033 10³11·
3395 4993 3468 5041 ιν.

283 5093 368 5147 54.
445 5096 490 5124 ’θ
519 5093 654 5144 ibid.
687 5087 781 5140 48.

355 5245 464 5312 <88)
485 5238 772 5308 οὐδαμοῦ
801 5236 915 5312 tut:
959 5231 1249 5312 ὠνομάσθη
1284 5224 1452 5312 ιέέϊα
1465 5222 1593 5312 1f”:
1606 5223 1843 5312 fere;

292 5291 511 5364 No‘v'tiin—
539 5291 827 5362 vtl‘uiitaxa't
875 5291 1250 5356 Testamentum
1285 5291 1408 5344 hac
1461 5291 1848 5364 obseruatione
2017 5291 2124 5354 (89)

1265 5359 1589 5424 “fama,
1640 5369 1851 5424 segniter
1951 5351 2340 5424 pei'auipijo‘ﬂts.

292 5375 839 5446 comprehendit,_iu
881 5386 984 5446 quo
1037 5367 1215 5446 τέρατα

294 5421 857 5511 reperies.
878 5421 1036 5511 Sectis
1060 5421 1107 5484 in'
1127 5427 1302 5511 Veteri.
1333 5421 1658 5511 Videenim
1683 5421 1849 5511 [:Jx‘od.

297 5487 856 5578 Ii',‘"2'i";"§i:'t't,"ét
881 5487 1066 5571 psalnt.
1108 5511 1218 5558 ην,
1256 5492 1328 5551 8;
1384 5487 1522 5541 lsai.
1565 5502 1726 5550 xxiv,
1755 5489 1850 5554 tu;

564 5604 798 5662 Ριιιοι..
828 5599 940 5655 (in.
975 5590 1122 5650 XIV.

1946 5215 2214 5278 suum?!)
2234 5231 2247 5272 ;
2271 5207 2527 5278 Ezechiel.
2557 5220 2653 5278 xu,
2681 5195 2983 5278 ilictdqel.
3007 5213 3062 5256 tt.
3097 5195 3471 5278 imiimi-nus,

2153 5265 2419 5354 ξξῖρηται.
2446 5275 2518 5326 Ita
2549 5275 2711 5327 codex
2739 5271 3077 5329 Budlcianus;
3108 5265 3328 5330 Regius,
3355 5278 3474 5328 per-

2023 5396 2383 5491 '(éitij'ftiifm
2411 5411 2538 5476 περὶ
2591 5407 2656 5491 τό
2703 5403 2966 5491 σημεῖον.
3019 5399 3238 5452 Videtur
3280 5396 3481 5461 legisse

1957 5475 2422 5553 Fc‘rt'aritts'ﬁvow
2462 5475 2564 5546 περ
2607 5475 2665 5526 τὸ
2698 5475 2933 5540 σημεῖον.

3136 5560 3209 5615 17
