3828 6194
349 344 445 398 551
1749 336 1860 391 ORI

2057 337 2063 386 ἱ
3468 318 3569 373 5⁸ὁῖ

355 452 568 513 Filium,
591 451 633 502 is
659 463 722 500 ne
746 446 954 498 Patrem
984 461 1002 492 ι
1031 444 1246 498 omnino
1278 463 1295 494 ι
1316 447 1528 514 quidem
1558 448 1714 503 habet
1736 449 1782 480 ⁸³
1811 467 1863 503 ε»

2055 451 2070 500 ι
2100 448 2190 500 καὶ
2228 445 2516 506 ένωθέντας
2565 440 2849 510 γινώσκειν
2885 435 3080 488 ἐκεῖνό
3129 447 3304 500 φασιν
3326 471 3341 493 ,
3395 425 3441 491 ᾧ
3474 433 3567 484 ἁν-

351 541 688 604 omuinoqne,
717 536 948 600 inquam,
978 535 1100 600 quia
1146 548 1320 601 neque
1367 538 1656 590 secundum
1689 538 1863 598 fidem,

2057 535 2272 605 ›ἀΘησαν
2298 533 2389 584 καὶ
2413 530 2838 597 κεκοινωνήκασι
2856 543 2869 554 ·
2919 524 3032 593 πρὸ
3075 521 3137 573 δὲ
3176 520 3280 588 τῆς
3310 517 3569 588 τοιαύτης

354 641 522 696 neque
565 625 848 679 secundum
893 625 1267 691 cognitionem.
1314 625 1444 679 Vide
1483 641 1607 680 vero
1649 643 1714 680 an
1767 643 1866 680 non

2059 639 2208 684 ›σεως
2234 621 2324 673 καὶ
2353 617 2644 678 κοινωνίας,
2673 615 2776 668 κᾶν
2801 614 2933 674 τοὺς
2963 611 3173 676 λόγους
3210 606 3571 704 καταλαμϐα-

354 695 456 770 alio
482 715 640 768 etiam
671 712 824 766 modo
851 711 1126 780 Scriptura
1176 713 1318 766 dicat
1367 729 1459 768 eos
1483 716 1573 782 qui
1605 716 1764 768 alicui
1797 717 1866 768 rei

2058 727 2098 762 ςι
2143 710 2267 779 περι
2310 724 2452 769 τινος
2472 745 2486 768 ,
2531 707 2591 757 οὐ
2638 703 3006 770 γινώσκουσιν
3054 700 3265 750 έκεῖνο.
3332 695 3393 748 '0
3441 695 3570 762 γοῦν

352 805 612 860 commisti
667 805 903 869 unitiqne
960 803 1173 864 fuerint,
1228 804 1372 856 illam
1425 819 1734 872 agnoscere,
1787 806 1864 858 cui

2062 799 2151 867 ῖὰμ
2182 798 2306 866 περὶ
2337 796 2433 864 τῆς
2461 793 2600 856 Εὔας
2623 793 2794 859 λέγων
2820 829 2835 854 ,
2873 809 2893 839 ι
2924 786 3110 840 Τοῦτο
3143 783 3247 836 νῦν
3275 783 3475 835 ὀστοῦν
3510 784 3574 886 εκ

353 894 613 948 commisti
661 893 856 945 fuerint
893 893 1540 960 communicaverintque;
1569 902 1692 946 ante
1721 893 1865 947 talem

2060 905 2077 938 ν
2104 885 2300 937 ὀστέων
2331 900 2448 952 μου,
2483 881 2576 933 καὶ
2606 879 2741 950 σὰρξ
2773 880 2838 930 ἐκ
2866 877 2970 945 τῆς
2998 873 3219 944 σαρκός
3251 887 3435 960 poma
3473 873 3572 960 οὐκ

350 995 479 1034 vero
508 981 778 1042 unionem,
809 989 858 1033 et
887 981 1336 1043 communionem,
1382 980 1592 1034 etiamsi
1641 982 1862 1034 ratione:

2061 993 2088 1026 ιι
2119 975 2216 1043 τὴν
2242 975 2500 1040 γυναῖκαο
2537 971 2625 1022 ὅτε
2657 968 2767 1038 γὰρ
2810 968 2950 1035 αὐτῇ
2986 961 3277 1031 ἐκολλήθη
3299 999 3314 1023 ,
3341 959 3573 1057 τότεφεῐ-

351 1070 524 1136 aliqua
554 1069 616 1121 de
647 1084 702 1122 re
731 1075 1102 1135 assequamur,
1121 1081 1222 1120 non
1249 1082 1536 1135 agnoscere
1558 1069 1724 1122 illam.
1745 1070 1863 1122 lliut

2055 1077 2165 1114 ται·
2203 1061 2412 1126 «Ἔγνω
2438 1059 2494 1110 δὲ
2531 1057 2699 1124 Ἀδὰμ
2723 1054 2868 1107 Εὕαν
2898 1054 3003 1124 τὴν
3032 1052 3287 1118 γυναῖκα
3323 1048 3512 1101 αὑτοῦ.
3550 1064 3567 1096 ι

353 1155 511 1224 285
543 1155 707 1208 Adam
747 1170 867 1207 cum
906 1154 1105 1208 diceret
1145 1154 1210 1208 de
1253 1155 1380 1218 Eva,
1416 1173 1435 1205 ι
1471 1157 1581 1210 Hoc
1626 1173 1767 1212 nunc
1819 1173 1865 1210 os

2065 1152 2086 1203 t
2113 1150 2166 1200 εἴ
2188 1149 2269 1211 τίς
2291 1165 2353 1215 γε
2384 1148 2715 1218 προσκόπτοι
2754 1143 2843 1198 διὰ
2870 1144 2933 1194 τὸ
2967 1137 3396 1210 παρειληφέναι
3431 1139 3577 1224 mea;

352 1257 418 1299 ex
444 1244 652 1298 ossibus
690 1243 840 1305 meis,
873 1252 924 1295 et
974 1256 1100 1296 caro
1147 1242 1211 1296 de
1250 1258 1412 1299 carne
1459 1261 1573 1298 mea
1600 1247 1664 1310 “,
1709 1266 1728 1297 ι
1778 1263 1864 1299 not

2074 1235 2170 1306 τὴν
2199 1237 2324 1304 περὶ
2347 1234 2479 1286 Θεοῦ
2511 1233 2712 1300 γνῶσιν
2742 1231 3108 1299 παράδειγμα
3138 1226 3206 1278 τὸ
3226 1265 3243 1289 ,
3275 1226 3499 1290 «Ἔγνω
3520 1223 3575 1275 δὲ

355 1330 676 1402 agnoscebat
704 1330 1017 1398 conjugem;
1061 1344 1182 1384 cum
1220 1345 1346 1386 vero
1384 1331 1458 1385 illi
1496 1334 1738 1397 adhazsit,
1773 1344 1863 1386 tun

2066 1324 2158 1394 Ξὰμ
2181 1325 2278 1394 τὴν
2318 1326 2545 1390 γυναῖκα
2591 1319 2756 1372 αὐτοῦ
2778 1359 2793 1384 ,
2838 1338 2856 1370 ι
2892 1317 3125 1387 πρῶτον
3155 1314 3263 1384 μὲν
3295 1313 3413 1383 τῷ,
3452 1331 3473 1364 ι
3506 1311 3578 1364 Τὸ

357 1420 554 1473 dictum
578 1428 659 1472 est
685 1420 808 1472 illud
835 1437 848 1472 :
887 1436 906 1468 ι
926 1419 1151 1486 Agnovit
1179 1430 1355 1473 autem
1384 1422 1552 1474 Adam
1575 1422 1735 1474 Evam
1759 1439 1869 1476 con.

2069 1413 2272 1482 στήριον
2301 1411 2453 1462 τοῦτο
2485 1410 2623 1478 μέγα
2649 1409 2798 1460 ἐστὶν
2829 1425 2848 1458 ι
2880 1407 3254 1475 ἐπιστησάτω
3274 1421 3291 1435 ·
3328 1403 3581 1474 δεύτερον

354 1510 533 1577 iugem
555 1523 704 1562 suam
724 1508 792 1561 ⁸⁸.
815 1525 840 1558 ι
870 1505 1019 1571 Quod
1047 1506 1092 1560 si
1119 1506 1239 1574 quis
1269 1507 1504 1572 irrideat,
1529 1512 1669 1578 quod
1693 1512 1759 1564 de
1792 1512 1862 1564 De

2077 1500 2478 1570 ἀντιπαραθέτω
2517 1499 2576 1550 τὸ
2603 1499 2730 1568 περὶ
2758 1498 2991 1567 ἄρρενος
3031 1495 3136 1548 καὶ
3165 1494 3398 1565 Θηλείας
3429 1493 3579 1561 λεγό-

359 1596 661 1666 cognitione
689 1605 978 1651 tractantes
999 1596 1363 1662 acceperimus
1407 1595 1534 1651 illud
1563 1599 1860 1668 exemplum

2070 1606 2144 1642 δον
2189 1589 2340 1658 παρὰ
2382 1588 2460 1656 τῷ
2506 1586 2813 1668 Ἀποστόλιρ
2839 1587 2932 1668 (τῇ
2992 1585 3140 1653 αὐτῇ
3186 1582 3339 1646 λέξει
3387 1583 3582 1652 χρῆται

366 1685 652 1754 «Cognovit
675 1695 848 1738 autem
873 1685 1036 1738 Adam
1063 1684 1222 1736 Evam
1247 1684 1526 1753 coniugem
1552 1667 1756 1748 suam,»
1777 1689 1878 1754 pri«

2065 1679 2112 1747 ρ).
2135 1676 2413 1746 ἀνθρώπου
2448 1676 2540 1727 καὶ
2569 1675 2773 1743 Κυρίου
2799 1667 2880 1738 [Ξ]
2911 1678 2954 1738 )·
2993 1691 3012 1723 ι
3055 1673 3120 1725 '0
3154 1669 3525 1740 κολλώμενος,
3559 1688 3577 1721 ι

364 1787 507 1826 mum
539 1772 754 1841 quidem
794 1771 918 1824 illud
950 1772 995 1824 is
1033 1779 1178 1823 notet
1207 1789 1219 1823 :
1255 1789 1273 1821 ι
1304 1770 1412 1826 Iloc
1441 1775 1750 1841 mysterium
1775 1790 1876 1826 tua-

2070 1768 2117 1818 st
2147 1767 2243 1834 (5),
2278 1784 2295 1815 ι
2331 1768 2394 1834 τῇ
2430 1764 2597 1834 πόρνῃ
2629 1763 2686 1814 ἓν
2711 1762 2874 1831 σῶμά
2901 1762 3026 1814 ἐστι
3051 1777 3066 1792 ο
3109 1761 3211 1813 καὶ
3240 1762 3272 1812 6
3305 1760 3582 1829 κολλώμεο

363 1874 525 1930 gnum
557 1869 638 1914 est
661 1859 739 1925 ";
778 1877 796 1911 ι
829 1859 1022 1912 deinde
1059 1867 1235 1912 autem
1272 1868 1498 1926 apponat
1550 1869 1603 1914 et
1650 1862 1875 1916 couferal

2071 1873 2077 1914 ς
2124 1855 2201 1924 τῷ
2238 1855 2424 1923 Κυρίῳ
2463 1853 2518 1904 ἒν
2554 1852 2771 1921 πνεῦμά
2819 1855 2990 1904 ἐστιν.
3036 1869 3056 1902 s
3111 1850 3446 1918 Ἐγνωκέτω
3487 1849 3583 1919 μὲν

367 1949 508 2020 quod
541 1949 738 2004 dicitur
770 1948 906 2016 apud
938 1946 1247 2015 Apostolum
1291 1949 1355 2000 de
1399 1962 1544 2002 mare
1591 1958 1646 2002 et
1691 1950 1879 2006 femina

2074 1947 2124 1997 ’ό
2146 1943 2474 2012 κολλώμενος
2505 1946 2569 2012 τῇ
2601 1942 2775 2011 πόρνῃ
2802 1941 2902 2010 τὴν
2932 1941 3179 2012 πόρνην,
3212 1942 3310 1994 καὶ
3335 1943 3365 1993 6
3394 1939 3586 1993 κολλώ-

365 2040 512 2109 (nam
536 2039 719 2092 eadem
752 2037 983 2092 dictione
1010 2036 1175 2088 utitur
1204 2035 1268 2086 de
1303 2037 1514 2091 homine
1537 2047 1590 2092 et
1610 2039 1677 2092 de
1707 2041 1877 2093 Domi-

2069 2051 2146 2097 νος
2176 2037 2240 2104 τῇ
2266 2033 2479 2101 γυναικὶ
2509 2031 2606 2101 τὴν
2633 2034 2889 2098 γυναῖκα,
2922 2030 3135 2100 μᾶλλον
3171 2030 3234 2082 δὲ
3264 2029 3460 2082 τούτου
3491 2029 3581 2082 καὶ

367 2131 503 2195 no),
556 2144 574 2177 ι
614 2126 712 2191 Qui
772 2126 1040 2189 adhaeret,
1073 2145 1092 2177 ›
1151 2126 1393 2194 inquiens
1413 2127 1476 2190 ⁵⁷,
1537 2130 1879 2193 «meretrici,

2069 2126 2155 2186 [ως
2181 2123 2458 2190 ὲγνωκέτω
2480 2124 2508 2174 6
2531 2120 2866 2189 κολλώμενος
2889 2119 2970 2188 τῷ
3003 2119 3209 2188 Κυρίῳ
3241 2119 3337 2170 τὸν
3360 2117 3581 2187 Κύριον.

364 2231 531 2270 unum
566 2225 647 2270 est
673 2230 904 2284 corpus;
932 2225 983 2270 et
1009 2216 1097 2284 qui
1121 2217 1359 2270 adhaeret
1389 2216 1632 2283 Domino,
1653 2233 1788 2272 unus
1809 2229 1876 2272 cs1

2091 2212 2146 2264 δὲ
2191 2211 2329 2264 τοῦθ’
2360 2211 2526 2272 οὕτως
2560 2209 2704 2277 ἔχει,
2747 2210 3040 2278 Φαρισαῖοι
3087 2209 3186 2260 τὸν
3231 2206 3457 2277 Πατέρα
3488 2206 3583 2259 οὒκ

363 2299 606 2367 spiritus.
631 2319 648 2352 ι
683 2298 865 2368 Itaque
893 2303 982 2370 qui
1031 2302 1266 2354 adhaeret
1321 2303 1606 2368 meretrici,
1643 2306 1875 2358 meretri-

2069 2317 2200 2366 εσαν,
2221 2299 2337 2352 οὐδὲ
2363 2300 2452 2351 τὸν
2481 2298 2626 2361 Υἰὸν,
2646 2299 2740 2351 καὶ
2756 2297 2968 2368 ἀληθὴς
2991 2293 3067 2367 ἦν
3091 2299 3121 2348 6
3170 2296 3354 2363 λέγων
3379 2313 3390 2326 ·
3421 2295 3581 2347 «Uine

367 2402 480 2441 cem
495 2399 776 2457 agnoscat;
801 2391 890 2456 qui
917 2391 1150 2446 adhaeret
1170 2392 1405 2462 conjugi,
1433 2393 1704 2462 coniugem
1731 2409 1879 2462 agno-

2071 2394 2088 2442 ὲ
2118 2391 2322 2450 οἴδατε,
2353 2387 2472 2440 οὕτε
2499 2388 2590 2439 τὸν
2622 2387 2838 2455 Πατέρα
2869 2404 2998 2455 μου.
3048 2405 3070 2438 ι
3102 2388 3170 2439 Et
3212 2387 3272 2438 δὲ
3307 2387 3383 2456 μὴ
3415 2384 3583 2448 οὕτως

369 2485 503 2540 seat,
534 2478 660 2542 imo,
691 2479 869 2546 potius
903 2495 1059 2546 quam
1092 2483 1216 2545 hoc,
1249 2482 1336 2549 qui
1372 2483 1604 2535 adhaeret
1645 2481 1881 2545 Domino,

2071 2479 2312 2548 λαμϐάνοι
2320 2494 2436 2546 μεν,
2453 2477 2594 2543 λέγω
2611 2476 2666 2527 δὲ
2692 2476 2834 2527 κατὰ
2853 2475 2955 2545 τὴν
2980 2475 3317 2528 τελευταίαν
3339 2475 3583 2544 ἐκδοχὴν,

369 2572 426 2617 et
455 2574 637 2618 sancte
688 2575 941 2630 agnoscat
968 2566 1266 2620 Dominum.
1300 2568 1450 2633 Quod
1500 2569 1543 2621 si
1585 2570 1696 2623 haec
1733 2570 1802 2622 ita
1835 2587 1881 2625 se

2073 2566 2402 2635 γινώσκειν,
2443 2565 2561 2616 ἀντὶ
2590 2564 2705 2628 τοῦ,
2739 2564 3168 2634 ἀνακεκρᾶσθαι
3195 2565 3296 2616 καὶ
3326 2563 3582 2632 ἡνῶσθαι,

372 2653 589 2714 habent,
618 2653 865 2706 Pharistei
905 2669 1006 2707 non
1040 2665 1230 2708 norant
1259 2669 1431 2722 neque
1481 2655 1687 2710 Patrem
1725 2673 1884 2726 neque

2071 2656 2276 2725 ιγείσθω
2304 2671 2386 2716 τις
2423 2654 2482 2705 τὸ
2503 2691 2518 2714 ,
2547 2671 2566 2703 ι
2605 2652 2715 2705 Νῦν
2739 2653 2798 2704 δὲ
2828 2653 3064 2720 γνόντες
3097 2654 3238 2705 Θεὸν
3257 2693 3275 2716 ,
3312 2654 3511 2722 μᾶλλον
3531 2652 3583 2706 δδ

372 2737 564 2792 Filium
584 2778 601 2804 ,
641 2753 896 2808 verusque
924 2752 1003 2795 est
1031 2755 1204 2796 sermo
1242 2742 1422 2796 dicens
1448 2741 1526 2796 "z
1559 2762 1577 2794 ι
1602 2743 1780 2812 Neque
1813 2761 1884 2800 me

2071 2743 2315 2803 υσθέντες
2342 2740 2559 2806 ὑπὸντοῦ
2585 2740 2749 2804 Θεοῦ,
2787 2759 2806 2792 ι
2842 2742 2942 2794 καὶ
2976 2741 3043 2794 τό
3063 2758 3079 2772 ·
3116 2760 3135 2792 ι
3168 2743 3362 2810 Ἔγνω
3389 2741 3583 2810 Κύριος

372 2828 543 2892 scitis,
579 2843 746 2898 neque
777 2831 984 2886 Patrem
1026 2847 1218 2886 meum.
1259 2851 1279 2886 ι
1325 2833 1380 2886 Si
1407 2848 1532 2886 vero
1593 2835 1694 2888 isto
1741 2835 1884 2889 tuodc

2075 2849 2118 2893 ις
2162 2832 2315 2892 δντας
2364 2829 2526 2882 αὐτοῦ
2552 2845 2566 2858 ο
2608 2847 2627 2880 ι
2660 2829 2804 2881 κατὰ
2846 2829 2962 2899 γὰρ
3005 2831 3164 2900 ἡμᾶς
3200 2830 3350 2898 ἔγνω
3390 2829 3587 2899 Κύριος

373 2931 478 2971 non
510 2932 856 2986 exponamus,
879 2919 1000 2974 dico
1024 2929 1198 2973 autem
1226 2921 1516 2974 secundum
1547 2920 1786 2973 ultimam
1818 2921 1885 2972 ἰιι·

2076 2939 2117 2983 ις
2139 2921 2294 2982 ὄντας
2327 2919 2486 2972 αὐτοῦ
2515 2918 2842 2988 ἀνακραθεὶς
2883 2921 3112 2985 αὐτοῖς,
3149 2922 3250 2974 καὶ
3297 2921 3588 2990 μεταδεδω-

375 3005 741 3075 telligentiam,
785 3009 1003 3062 verbum
1049 3027 1358 3079 agnoscere;
1403 3023 1498 3078 pro
1532 3023 1594 3063 co
1627 3007 1768 3078 quod
1813 3019 1887 3062 es!

376 3096 706 3118 ,ιη--..2----ε
743 3105 784 3118 ,ι
817 3098 954 3118 --με-ε
1017 3107 1237 3118 ______-.
1274 3100 1459 3118 -I!_-_a-
1488 3097 1611 3118 Sllul
1647 3116 1654 3118 ε
1704 3115 1717 3118 -
1751 3097 1887 3118 ιι-----

2075 3029 2104 3074 ις
2130 3011 2307 3072 αὐτοῖς
2332 3009 2431 3077 τῆς
2465 3008 2653 3062 ἑαυτοῦ
2684 3009 2986 3078 θειότητος,
3023 3013 3125 3064 καὶ
3159 3011 3473 3082 ἀνειληφὼς
3497 3011 3587 3064 αὓ-

371 3096 706 3150 commisceri
738 3105 790 3150 et
816 3098 976 3163 uniri,
1011 3107 1242 3167 exponat
1269 3100 1461 3168 aliquis
1487 3097 1611 3152 illud
1645 3116 1658 3151 :
1699 3115 1718 3148 t
1749 3097 1883 3152 Nunt

2073 3108 2141 3162 ig,
2163 3099 2238 3160 ὡς
2261 3100 2295 3166 ἡ
2327 3097 2420 3151 τοῦ
2447 3097 2776 3165 Εὐαγγελιου
2809 3098 2961 3162 λέξις
2990 3103 3188 3170 φησὶν,
3224 3104 3309 3164 εἰς
3339 3102 3440 3170 τὴν
3471 3103 3585 3152 ἑαυ-

375 3192 549 3238 autem
582 3196 932 3252 agnoscentes
985 3187 1168 3252 Deum,
1210 3187 1376 3256 magis
1427 3195 1604 3242 autem
1657 3187 1822 3255 agniti
1871 3201 1887 3240 ε

2076 3187 2090 3238 3
2115 3189 2289 3255 χεῖρα,
2318 3187 2374 3237 έν
2403 3187 2466 3254 τῇ
2499 3186 2640 3255 χειρὶ
2663 3185 2757 3237 τοῦ
2783 3187 3001 3256 Πατρὸς
3039 3189 3219 3241 ὄντων
3250 3189 3360 3242 τῶν
3394 3188 3472 3251 εἰς
3503 3187 3588 3239 τὸν

376 3268 484 3323 Deo
507 3271 582 3330 ⁸⁹;
619 3287 639 3321 ι
677 3279 732 3324 et
761 3271 889 3325 illud
919 3290 933 3324 :
982 3289 1001 3321 ι
1022 3273 1246 3340 Agnovit
1279 3271 1531 3325 Dominus
1553 3285 1647 3326 eos
1670 3269 1756 3338 qui
1779 3279 1888 3324 sunl

2075 3274 2220 3343 ιτῆρα
2262 3274 2730 3326 πεπιστευκότων·
2770 3274 2852 3326 διὸ
2898 3276 3000 3327 καὶ
3044 3279 3097 3328 εἰ
3137 3277 3215 3347 μὴ
3248 3278 3470 3330 πέσοιεν
3499 3277 3587 3327 ἀπ’

378 3350 580 3429 ejus".
605 3379 624 3411 ι
661 3359 866 3415 Judicio
904 3363 1042 3414 enim
1088 3376 1228 3422 meo,
1260 3361 1474 3431 agnovit
1519 3361 1770 3414 Dominus
1809 3373 1890 3412 eos

2075 3362 2186 3430 τῆς,
2210 3361 2430 3422 ἑαυτοὺς
2454 3361 2816 3430 μακρύνοντες
2840 3363 2954 3415 ἀπὸ
2978 3365 3086 3434 τῆς
3107 3367 3296 3436 χειρὸς
3319 3365 3414 3418 τοῦ
3437 3363 3587 3427 Θεοῦ,

381 3447 470 3514 qui
496 3455 620 3501 sunt
649 3447 784 3513 eju‘s,
819 3453 1126 3503 commistus
1152 3451 1274 3514 illis,
1309 3461 1358 3504 et
1390 3466 1539 3504 suam
1573 3451 1740 3518 ipsius
1765 3449 1893 3504 divi-

2077 3450 2515 3520 (ἁρπαγήσονται
2537 3466 2550 3479 ο
2584 3450 2756 3512 οὐδεὶς
2781 3451 2894 3520 γὰρ
2915 3451 3165 3520 ἁρπάζει
3189 3459 3255 3508 ὲκ
3283 3456 3385 3524 τῆς
3415 3453 3589 3523 χειρὸς

382 3537 606 3591 nitatem
658 3537 763 3591 illis
811 3538 1169 3606 participans,
1210 3553 1589 3608 assumensque
1638 3540 1801 3606 ipsos,
1847 3546 1894 3590 ul

2076 3539 2090 3590 3
2119 3537 2341 3606 Πατρός.
2367 3537 2518 3591 Μετὰ
2539 3537 2709 3590 ταῦτα
2723 3537 2984 3609 ζητήσεις
3002 3545 3085 3605 εἰς
3102 3545 3167 3595 τὸ
3182 3544 3341 3606 αὐτὸ,
3360 3541 3588 3610 λέγωδὲ,

383 3625 687 3694 evangeliea
712 3626 871 3680 lectio
897 3626 1076 3692 habet,
1102 3628 1150 3680 iu
1168 3643 1260 3682 sua
1289 3629 1455 3696 ipsius
1477 3642 1635 3681 manu
1664 3644 1679 3682 :
1709 3629 1895 3695 quippe

2078 3626 2165 3678 ῦτε
2183 3625 2279 3694 ἐμὲ
2293 3625 2483 3686 οἴδατε,
2497 3626 2613 3677 οὐδὲ
2629 3628 2690 3694 (ι’.
2708 3625 2855 3697 οὔτε)
2874 3629 2967 3680 τὸν
2985 3631 3214 3702 Πατέρα
3239 3650 3368 3701 μου,
3384 3652 3400 3681 ι
3417 3633 3466 3684 εἰ
3481 3630 3590 3682 ἔστι

384 3728 503 3766 cum
530 3714 582 3767 in
617 3714 860 3770 manibus
885 3716 994 3768 sint
1016 3715 1311 3784 Patris,qui
1330 3715 1669 3770 crediderunt
1694 3717 1746 3769 in
1776 3715 1896 3769 Ser-

2075 3715 2330 3767 νώσκοντά
2355 3731 2474 3767 τινα
2501 3715 2590 3768 τὸν
2615 3715 2748 3768 Θεὸν
2783 3717 2857 3785 μὴ
2890 3718 3199 3784 γινώσκειν
3223 3722 3318 3774 τὸν
3339 3721 3587 3789 Πατέρα·

381 3807 617 3854 vatoreut
647 3817 661 3853 :
709 3802 1052 3870 quamobrem
1083 3804 1246 3856 etiam
1285 3817 1386 3856 non
1423 3802 1714 3870 rapientur,
1742 3801 1796 3854 ni
1838 3801 1893 3854 ab

2082 3804 2188 3873 γὰρ
2211 3805 2377 3873 ’ἑτέρα
2409 3803 2570 3857 αὑτοῦ
2598 3804 2809 3858 ἐπίνοιά
2833 3809 2978 3870 εστι,
3012 3811 3142 3862 καθ’
3176 3811 3206 3864 ὃ
3233 3813 3356 3863 ἐστι
3385 3811 3589 3879 Πατὴρ.

384 3887 498 3954 ipsa
523 3887 716 3941 cadant
746 3888 1053 3958 clongantes
1077 3905 1134 3946 se
1154 3905 1185 3943 a
1211 3905 1369 3944 manu
1415 3891 1539 3955 Dei;
1567 3890 1741 3943 nullus
1761 3890 1896 3942 enim

2076 3887 2094 3936 t
2134 3887 2290 3955 ἑτέρα
2333 3888 2451 3938 καθ’
2479 3888 2506 3938 ὃ
2537 3891 2680 3940 ἐστιν
2707 3891 2736 3940 ό
2765 3890 2921 3954 Θεὸς,
2950 3895 3098 3963 τάχα
3130 3895 3251 3949 ἐστι
3280 3897 3406 3949 τινὰ
3431 3894 3588 3962 γινώ-

381 3991 474 4030 eas
505 3977 642 4043 rapit
677 3978 741 4031 de
772 3992 928 4031 manu
958 3979 1134 4032 Patris
1155 3979 1220 4035 “.
1258 3981 1382 4034 Post
1423 3980 1534 4034 haec
1587 3980 1822 4046 iuquires
1855 3979 1893 4029 in

2078 3993 2154 4030 ειν
2196 3977 2294 4046 μὲν
2339 3978 2428 4030 τὸν
2466 3977 2628 4041 Θεὸν,
2682 3979 2757 4048 μὴ
2800 3981 3105 4047 γινώσκειν
3137 3986 3195 4039 δὲ
3227 3989 3324 4040 τὸν
3352 3989 3590 4056 Πατέρα,

383 4064 512 4119 illud
563 4067 796 4129 dictum,
850 4069 1068 4136 «Neque
1120 4084 1203 4124 me
1245 4070 1434 4131 nostis,
1469 4082 1638 4136 neque
1693 4067 1895 4121 Patrem

2085 4066 2153 4136 ρὰ
2188 4065 2246 4117 τὸ
2273 4061 2409 4118 εἶναι
2433 4067 2592 4119 αὑτὸν
2627 4069 2790 4134 Θεὸν,
2825 4073 2901 4142 μὴ
2933 4073 3238 4139 γινώσκειν
3271 4077 3331 4128 δὲ
3359 4077 3451 4128 τὸν
3485 4078 3592 4128 Πα-

384 4168 559 4207 tneutn
585 4156 647 4217 ",
681 4173 698 4204 ι
738 4171 861 4208 num
905 4158 975 4208 sit
1013 4157 1201 4224 aliquis
1227 4159 1314 4224 qui
1362 4164 1614 4223 agnoscat
1659 4155 1822 4208 Deum
1853 4164 1896 4208 el

2080 4169 2155 4208 aa.
2199 4155 2362 4224 Φησὶν
2401 4152 2491 4208 οὖν
2538 4159 2568 4208 6
2614 4158 2805 4228 Σωτὴρ
2855 4162 2998 4230 μετὰ
3045 4164 3148 4233 τὴν
3181 4165 3486 4218 ἀνάστασιν
3529 4166 3592 4232 τῇ

387 4239 596 4295 Patrem
625 4258 730 4296 non
763 4256 1064 4310 cognoscat.
1099 4243 1232 4297 Nam
1255 4245 1297 4296 si
1337 4242 1436 4295 alia
1461 4242 1602 4294 illius
1632 4242 1775 4294 notio
1805 4252 1899 4302 est,

2084 4243 2220 4313 ιριᾳ·
2256 4261 2274 4292 ι
2308 4244 2541 4313 Πορεύου
2584 4245 2640 4298 δὲ
2674 4248 2809 4316 πρὸς
2839 4251 2968 4312 τοὺς
3009 4252 3284 4321 ἀδελφούς
3317 4271 3422 4324 μου
3449 4294 3464 4317 ,
3505 4253 3596 4304 καὶ

389 4330 443 4382 in
474 4340 724 4396 quantum
755 4333 930 4398 Pater,
964 4335 1062 4386 alia
1100 4335 1149 4386 iu
1179 4343 1434 4401 quantum
1469 4333 1635 4396 Deus,
1665 4331 1901 4385 fortassis

2086 4332 2126 4384 ιὲ
2161 4332 2370 4393 αὺτοῖς·
2410 4333 2716 4403 Πορεύομαι
2764 4337 2903 4406 πρὸς
2932 4339 3028 4391 τὸν
3071 4343 3303 4411 Πατέρα
3341 4360 3478 4412 μου,
3507 4342 3598 4394 καὶ

390 4417 585 4485 aliquis
626 4432 910 4487 cognoscat
929 4422 1327 4486 Deum,'nullaut
1358 4421 1527 4474 Patris
1553 4421 1902 4488 cognitionem

2089 4422 2229 4490 ιτέρα
2252 4419 2422 4491 ὑμῶν,
2449 4424 2541 4475 καὶ
2578 4425 2708 4477 Θεόν
2737 4443 2839 4494 μου
2858 4467 2874 4492 ,
2905 4431 3004 4482 καὶ
3043 4431 3184 4484 Θεὸν
3219 4432 3406 4501 ὑμῶν.
3444 4451 3461 4482 ι
3491 4431 3601 4484 Καὶ

390 4503 616 4566 habens,
640 4507 739 4559 nisi
766 4509 886 4574 quia
916 4513 986 4562 sit
1010 4511 1119 4576 ipse
1151 4510 1311 4562 Deus.
1336 4507 1388 4560 ln
1409 4508 1507 4576 iuit
1538 4507 1694 4576 igitur
1715 4505 1902 4560 Serva-

2093 4528 2127 4562 :t
2158 4527 2220 4577 γε
2246 4513 2356 4573 τοῖς
2397 4512 2718 4580 έτεροδόξοις
2749 4515 2823 4584 (4)
2857 4517 3042 4585 λέγειν
3076 4522 3472 4590 χαριζομένων
3512 4520 3605 4572 αὑ-

394 4605 502 4657 tor,
532 4603 652 4662 post
680 4599 1148 4656 resurrectionem.
1178 4597 1355 4650 Mariae
1382 4615 1395 4649 :
1435 4615 1452 4645 ι
1485 4595 1624 4650 Vade
1645 4607 1821 4648 autem
1844 4595 1906 4647 ad

2087 4603 2123 4663 ῖς
2145 4639 2160 4663 ,
2191 4603 2270 4653 ὅτι
2305 4602 2402 4654 οὐκ
2436 4601 2676 4669 ἔγνωσαν
2706 4605 2797 4657 τὸν
2844 4608 3074 4679 Πατέρα
3113 4613 3373 4682 Μωῡσῆς
3418 4610 3513 4664 καὶ
3551 4611 3599 4660 ot

393 4680 585 4736 fratres
611 4696 777 4749 meos,
813 4695 864 4738 et
912 4686 995 4738 dic
1027 4686 1169 4740 illis:
1199 4686 1346 4739 Vado
1374 4687 1438 4739 ad
1470 4687 1678 4739 Patrem
1711 4700 1905 4748 meum,

2093 4692 2303 4760 οφῆταιο
2330 4692 2462 4759 ὅπερ
2494 4693 2630 4761 τάχα
2663 4695 2763 4747 οὐκ
2791 4694 2938 4748 ἔστιν
2975 4699 3178 4763 ἀληθὲς
3205 4680 3436 4769 (δ),“δτι
3470 4698 3605 4753 πάν-

496 4819 542 4892 ⁸1
565 4818 583 4892 l
605 4817 843 4892 Joan._n,
869 4819 958 4874 ‘23.
1013 4847 1020 4854 -
1049 4822 1094 4892 'f
1128 4820 1457 4892 Gen._tt_,__25.
1564 4819 1772 4892 '_'_Gen._
1810 4835 1882 4892 t_v,
1913 4821 1962 4872 1.

2083 4819 2538 4892 ξᾼΕρΙιεεηνηὸᾶ.
2643 4824 2688 4854 ⁸⁷
2731 4825 2745 4876 l
2777 4824 2905 4881 Cor.
2937 4843 3015 4891 vt.
3054 4829 3146 4892 16,
3175 4831 3262 4883 17.
3370 4831 3418 4863 ⁸⁸
3442 4827 3595 4885 Joan.

389 4899 501 4952 ml,
527 4888 608 4941 19.
682 4888 727 4917 ³⁵⁹
748 4885 922 4940 Galat.
957 4903 1026 4951 tv,
1063 4890 1113 4943 9.
1187 4889 1290 4942 “ll
1320 4889 1454 4940 'I'iut.
1481 4903 1533 4950 tt,
1581 4888 1659 4942 l9.
1734 4889 1775 4918 ⁸¹
1807 4887 1901 4941 .Ioa

1321 4889 1454 4940 'I'iut.
1481 4903 1533 4950 tt,
1581 4888 1659 4942 l9.
1734 4889 1775 4918 ⁸¹
1807 4887 1962 4941 Joan.
1992 4905 2044 4954 ι,
2076 4888 2165 4951 28,
2189 4885 2278 4942 29.
2351 4889 2394 4920 ⁸³
2423 4887 2576 4942 Joau.
2610 4907 2720 4954 ναι,
2751 4893 2833 4945 19.

396 5090 976 5168 ιηέᾔεαίοιίρεξικαί,
1267 5164 1298 5168 _
1382 5165 1393 5168 _
2028 5090 2364 5168 [lentor-nues
2395 5106 2492 5144 ms.
2552 5090 2794 5168 Negandi
2848 5090 3182 5161 particulam
3234 5104 3600 5168 praetermisit

464 5030 537 5149 (ᾗ
579 5027 896 5110 ᾈνθρὼπου
926 5029 1020 5081 καὶ
1047 5031 1281 5095 Κυρίου.
1306 5028 1378 5082 Ita
1399 5028 1561 5083 codex
1593 5027 1922 5082 Bodleianus.

540 5113 656 5149 emo
683 5102 825 5148 deest
857 5097 968 5149 καί.

2097 5025 2169 5092 (5)
2206 5024 2377 5089 Ὅπερ
2422 5021 2571 5089 τάχα
2601 5025 2712 5077 οὐκ
2738 5025 2909 5078 ἔστιν
2932 5029 3184 5096 ἀληθές,
3225 5043 3343 5088 etc.
3385 5035 3477 5089 Sic
3515 5037 3601 5088 ha-

2089 5103 2152 5144 ειη
2179 5107 2364 5144 omnes
2395 5106 2492 5144 ms.
2552 5090 2794 5149 Nettandi
2848 5098 3176 5149 particulam
3234 5104 3600 5149 nt-aaterinisit

455 5151 546 5240 ἶᾷ)
570 5151 741 5240 Effugi:
772 5163 1228 5240 Deest;in_codice
1267 5164 1451 5240 Begio.
1489 5199 1538 5240 -Α
1623 5233 1636 5240 _
1715 5230 1728 5240 _
1805 5229 1817 5240 .
1906 5235 1917 5240 Α

2083 5159 2326 5238 arrar'tus,
2352 5168 2558 5240 etquae
2607 5151 3201 5240 p}oxittte:_sequuiitttr
3235 5151 3595 5240 'a’tiié'r'iégiil

489 5225 672 5304 4)_Ka:t
703 5232 829 5284 ἔστι
862 5225 1470 5304 τείτρῐς-ἐτεροδόῖοις.
1499 5229 1840 5304 Cerdoniani,
1870 5235 1922 5304 et

2085 5226 2518 5304 :riouius__autem
2565 5229 2804 5304 priorem
2833 5225 2984 5304 illani
3037 5237 3328 5304 pericopes
3389 5225 3597 5304 partvem

401 5293 756 5373 Marcionita,
776 5293 910 5373 quos
949 5293 1064 5373 hic;
1080 5293 1310 5363 lacessit,
1343 5293 1926 5373 ’ᾼη’μιουργόν“εοειιί-
2025 5294 2274 5373 neglexit.
2305 5293 2378 5373 Ἰςὸ
2403 5298 2512 5373 οιξνκ
2545 5294 2888 5363 retiuuimus,
2909 5301 2980 5373 ita
3005 5293 3444 5373 volente-sensu.
3471 5307 3598 5360 Loci

405 5366 757 5439 ttitn,pltristi
789 5363 999 5418 Patrem
1021 5367 1272 5439 ignotum
1295 5363 1671 5439 opinabantur.
1695 5364 1918 5432 Epipha~
2024 5371 2199 5439 autem
2250 5363 2571 5439 {OlillS‘hth
2602 5373 2684 5416 est
2737 5370 3014 5439 sententia
3067 5387 3081 5421 :
3119 5372 3198 5425 Ac
3243 5374 3598 5427 heterodoxis

406 5432 527 5510 nius
558 5431 689 5510 har.
720 5449 828 5510 .u._t,
857 5429 1073 5510 eam},
1096 5442 1306 5510 et_n.n,
1332 5429 1458 5510 cap.
1486 5435 1539 5486 2.
1567 5434 1681 5488 Mox
1715 5429 1811 5510 pro
1832 5445 1927 5497 χα-
2031 5429 2641 5510 (ιιιίιιειηβιξειὶῐξιειιιεε
2679 5435 2986 5489 concedere
3030 5454 3325 5510 possumus
3371 5441 3598 5510 Moysen

406 5495 940 5576 PfCoglvmv_at‘atoi5,
989 5495 1534 5576 legendunt’vid'etur
1589 5495 1918 5571 χαριζόμενοι

2085 5537 2086 5541 η
2117 5497 2398 5576 prophetas
2433 5495 2644 5550 Patrem
2687 5515 2796 5554 non
2833 5495 3160 5576 cognovisse
3195 5510 3358 5576 (quod
3412 5495 3597 5563 tanien

406 5497 696 5613 ριζοςλνων
734 5497 937 5558 αὐτοῖς,
992 5499 1272 5576 legendum
1325 5497 1534 5579 videtur
1589 5497 1918 5571 χαριζόμενοι

406 5579 536 5616 αυτο
559 5580 605 5628 ς,
638 5566 720 5622 vel
749 5565 1108 5632 χαριζομένων
1140 5565 1292 5631 ἡμων
1323 5569 1516 5626 αυτοῖς.

2117 5497 2398 5560 prophetas
2433 5497 2644 5550 Patrem
2687 5515 2796 5554 non
2833 5497 3160 5573 cognovisse
3195 5510 3358 5576 (quod
3412 5497 3598 5563 tanien

2094 5575 2257 5616 rtasse
2278 5576 2460 5617 verum
2501 5578 2608 5618 non
2633 5578 2755 5632 est;
2790 5586 2916 5628 nam
2961 5575 3006 5629 si
3037 5575 3256 5632 Patrem
3292 5593 3398 5654 non
3428 5591 3598 5650 agno-
