3828 6186
317 331 429 388 sar.
1110 354 1115 361 ·
1385 337 1735 403 COMMEN'I‘.
1764 301 1834 400 in
1868 346 1897 402 ι

1996 349 2054 402 Ν.
2086 348 2317 404 TOMUS
2354 348 2495 402 XIX.
3419 351 3523 406 53-!

326 471 436 517 τως
462 454 494 507 δ
526 453 601 527 μὴ
628 458 895 528 ἐγνωκὼς
930 468 1022 521 τδν
1047 468 1255 538 Πατέρα
1297 463 1393 517 οὐκ
1432 461 1568 530 ἔγνω
1598 465 1689 519 τὸν
1736 467 1863 520 Υξόν
1886 486 1898 499 ·

2004 478 2058 521 et
2103 468 2307 523 Patrem
2350 474 2602 530 vestrum,
2633 474 2686 519 et
2725 465 2886 534 Deum
2921 476 3125 525 meum,
3152 472 3209 518 et
3235 464 3400 519 Deum
3431 480 3539 522 ve-

332 547 365 601 ὸ
399 544 498 617 μὲν
525 545 635 617 γὰρ
661 547 793 613 Υἱὸς
830 551 979 621 ἔγνω
1004 556 1094 609 τὸν
1128 553 1364 622 Πατέρα,
1387 555 1415 606 ὁ
1449 552 1504 605 δὲ
1534 552 1786 624 θεράπων
1810 556 1898 609 τὸν

2000 567 2166 610 strum
2195 557 2260 610 ".
2284 574 2303 607 ι
2334 555 2409 609 Ac
2434 555 2674 622 profecto
2696 554 3045 624 gratilleando
3072 553 3175 608 illis
3205 554 3293 622 qui
3323 558 3391 611 ab
3422 557 3524 612 Ec-

337 635 545 707 Κύριον
567 653 581 668 ο
612 637 708 691 καὶ
732 639 927 712 ὥσπερ
946 644 1045 696 οὐκ
1069 644 1133 697 ἀν
1160 643 1519 714 ἀσεϐήσαιμεν
1534 644 1801 713 λέγοντες,
1819 647 1898 699 ὅτι

2000 648 2171 701 clesiae
2201 647 2427 699 decretis
2456 644 2734 706 dissident,
2788 645 2965 698 dicere
2997 658 3276 711 possumus
3308 644 3524 714 Moysen

335 728 373 780 ὁ
398 727 527 790 Υίὸς
554 727 653 780 οὐκ
684 728 826 797 έγνω
854 732 950 786 τὸν
973 734 1170 803 Κύριον
1190 750 1204 766 ·
1234 734 1361 797 Υἱὸς
1398 735 1504 806 γὰρ
1524 734 1598 787 ὣν
1619 737 1678 789 οὐ
1710 736 1889 789 πεπεί-

339 832 515 885 ραται
538 815 631 869 τοῦ
660 817 874 887 Πατρὸς
894 819 1150 873 δεσπότου
1168 839 1183 854 ο
1215 821 1354 874 οὕτω
1386 821 1670 893 τηροῦντες
1699 824 1786 876 τὸν
1806 824 1902 875 αὐο

337 904 440 956 τὸν
460 905 618 969 Θεὸν,
663 905 812 957 οὐδὲν
856 907 1056 960 ἄτοπον
1101 909 1502 980 παραδεξόμεθα
1532 911 1607 981 (6)
1639 911 1898 978 λέγοντες,

338 993 430 1046 ὃτι
468 994 548 1063 τῷ
582 994 681 1063 μὲν
709 995 823 1065 Υίῷ
867 995 1071 1065 ἔπρεπε
1100 998 1379 1065 γινώσκειν
1428 1001 1516 1053 τὸν
1548 1001 1758 1070 Πατέρα
1781 1039 1794 1062 ,
1827 999 1903 1069 τῷ

339 1080 405 1133 δὲ
430 1081 726 1150 θεράποντι
749 1082 839 1134 τὸν
882 1082 1102 1150 Κύριον,
1137 1087 1229 1138 καὶ⁵
1253 1086 1373 1138 οὔτε
1400 1089 1428 1139 ό
1473 1088 1718 1157 Θεράπων
1766 1087 1903 1155 ἔγνω

341 1171 439 1222 τὸν
483 1171 709 1241 Πατέρα
729 1211 744 1235 ,
772 1169 894 1223 οὔτε
925 1160 961 1222 δ’
995 1173 1120 1236 Υίὸς
1149 1175 1237 1226 τὸν
1262 1174 1481 1245 Κύριον.
1522 1175 1740 1247 Μυρίων
1774 1175 1902 1243 γοῦν

342 1261 524 1312 οὐσῶν
551 1261 729 1330 εὐχῶν
757 1261 1248 1332 ἀναγεγραμμένων
1276 1266 1334 1316 ὲν
1372 1267 1483 1327 τοῖς
1514 1265 1781 1333 Ψαλμοῖς,
1812 1265 1903 1317 καὶ

342 1357 460 1413 τοῖς
484 1353 815 1421 προφήταις,
849 1353 982 1406 ἀλλὰ
1009 1356 1100 1407 καὶ
1123 1355 1199 1423 τῷ
1219 1354 1384 1422 νόμῳ,
1416 1354 1476 1405 οὐ
1513 1354 1649 1406 πάνυ
1676 1370 1729 1405 τι
1752 1353 1904 1424 εὖρο-

351 1456 452 1512 μεν
472 1441 774 1511 εὐξάμενον
798 1443 874 1512 (7)
896 1460 1036 1508 τινα,
1060 1445 1151 1496 καὶ
1172 1444 1391 1511 λέγοντα
1409 1443 1498 1495 τὸν
1519 1443 1648 1496 Θεὸν
1664 1443 1899 1515 Πατέρα·

348 1531 579 1601 καὶγὰρ
623 1531 904 1602 εὐχόμενοι
941 1532 1018 1601 τῷ
1045 1532 1162 1600 Θεῷ
1199 1534 1258 1585 οὐ
1293 1533 1536 1601 λέγουσι,
1577 1532 1761 1600 Πάτερ
1786 1533 1859 1603 (8)
1883 1550 1898 1564 ο

347 1621 489 1688 τάχα
520 1621 644 1673 ἐπεὶ
679 1621 780 1673 οὐκ
801 1620 1040 1687 ἔγνωσαν
1068 1621 1157 1672 τὸν
1179 1620 1422 1690 Πατέρα·
1454 1620 1694 1690 εὔχονται
1721 1621 1777 1672 δὲ
1807 1621 1903 1673 αύ-

346 1708 426 1778 τῷ
447 1709 526 1770 ὡς
547 1708 672 1778 Θεῷ
695 1711 788 1762 καὶ
816 1710 1024 1779 Κυρίῳ,
1061 1710 1441 1779 περιμένοντες
1473 1710 1561 1762 τὸν
1587 1711 1647 1762 τὸ
1689 1710 1902 1778 πνεῦμα

348 1796 449 1865 τῆς
477 1797 752 1859 υἱοθεσίας
795 1797 1051 1866 ἐκχέοντα
1081 1798 1178 1850 οὐκ
1207 1797 1421 1851 ἔλαττον
1467 1798 1552 1850 ἐπ’
1592 1798 1825 1860 ἐκείνους
1864 1798 1896 1868 ἢ
1931 1779 1971 1833 Β

348 1887 440 1939 ἐπὶ
468 1888 598 1950 τούς
625 1888 763 1956 μετά
798 1889 896 1958 την
924 1889 1219 1959 παρουσίαν
1251 1889 1330 1950 εἰς
1357 1887 1486 1940 Θεὸν
1506 1889 1589 1964 δι’
1622 1886 1781 1941 αὐτοῦ
1808 1904 1897 1940 πι-

351 1974 640 2038 στεύοντας
666 1975 741 2044 (9)
767 1992 782 2006 ·
816 1978 864 2028 εἰ
914 1976 987 2047 μὴ
1018 1977 1124 2047 ἀρα
1153 1978 1187 2047 ἡ
1213 1976 1373 2046 νοητὴ
1415 1977 1594 2038 αὐτοῖς
1614 1977 1897 2046 γεγένηται

264 2066 269 2071 ’
350 2064 613 2134 ἐπιδημία
658 2066 923 2135 Χριστοῦ,
949 2068 1041 2119 καὶ
1085 2066 1237 2135 ἔσχον
1271 2068 1398 2118 ποτὲ
1435 2066 1797 2128 τελειωθέντες
1839 2066 1899 2118 τὸ

352 2152 446 2223 τῆς
471 2152 745 2216 υἱοθεσίας
772 2154 984 2224 πνεῦμα
1009 2174 1022 2186 ο
1048 2157 1105 2208 ὲν
1130 2155 1418 2226 ἀπορρήτῳ
1448 2155 1504 2207 δὲ
1546 2156 1639 2208 καὶ
1669 2157 1727 2208 οὐ
1757 2173 1896 2223 γνω-

359 2240 491 2303 στῶς
518 2244 684 2294 πᾶσιν
722 2243 905 2310 ἔλεγον
938 2245 969 2313 ἢ
1000 2244 1232 2316 ἔγραφον
1254 2246 1342 2297 τὸν
1369 2245 1499 2296 Θεὸν
1530 2245 1746 2315 Πατέρα
1765 2285 1780 2309 ,
1813 2245 1898 2299 ἵνα

362 2329 430 2399 μὴ
467 2331 923 2400 προκαταλάὁωσι
964 2333 1061 2403 τὴν
1109 2333 1194 2386 διὰ
1235 2333 1327 2385 τοῦ
1372 2331 1541 2403 Ἰησοῦ
1586 2333 1899 2403 ἐκκενουμέ-

357 2432 450 2485 νην
475 2417 583 2484 (10)
614 2420 778 2472 παντὶ
814 2419 893 2489 τῷ
931 2421 1117 2491 κόσμῳ
1159 2423 1343 2492 χάριν,
1379 2421 1581 2483 πάντας
1614 2421 1898 2483 καλοῦντος

359 2505 443 2556 ἐπὶ
470 2504 566 2576 τὴν
595 2504 887 2570 υἱοθεσίαν,
917 2509 1002 2560 ἴνα
1031 2508 1347 2579 διηγήσηται
1375 2508 1435 2560 τὸ
1465 2508 1629 2578 ὄνομα
1650 2507 1741 2560 τοῦ
1765 2508 1894 2561 Θεοῦ

357 2594 461 2654 τοῖς
487 2592 735 2662 ἀδελφοῖς
755 2595 940 2657 αὐτοῦ,
967 2598 1061 2650 καὶ
1080 2599 1136 2648 ὲν
1171 2597 1318 2667 μέσῳ
1346 2597 1659 2667 Ἐκκλησίας
1687 2599 1896 2669 ὑμνήσῃ

359 2677 443 2731 τὸν
470 2680 686 2750 Πατέρα
717 2682 858 2734 κατά
882 2682 943 2734 τὸ
975 2684 1380 2753 γεγραμμένον·
1420 2700 1440 2734 ι
1478 2685 1809 2753 Διηγήσομαι
1835 2684 1896 2736 τὸ

357 2766 518 2837 ὂνομά
558 2784 653 2821 σου
696 2774 810 2833 τοῖς
855 2771 1097 2839 ἀδελφοῖς
1141 2789 1260 2841 μου,
1310 2773 1366 2825 ὲν
1401 2771 1546 2841 μέσῳ
1584 2772 1894 2843 Ἐκκλησίας

356 2855 576 2928 ὑμνήσω
604 2876 682 2912 σε.
722 2878 742 2912 ι
781 2848 900 2913 Ὅτί
932 2860 1111 2930 μέντοι
1149 2877 1211 2928 γε
1245 2863 1273 2914 ὁ
1313 2862 1467 2924 αὐτός
1501 2864 1613 2914 ἐστι
1641 2862 1769 2923 Θεὸς
1790 2861 1895 2914 τῶν

360 2950 645 3018 προφητῶν
664 2987 679 3012 ,
714 2949 811 3002 καὶ
845 2950 938 3001 τοῦ
969 2950 1170 3019 κόσμου
1193 2950 1515 3021 δημιουργὸς
1536 2989 1551 3013 ,
1580 2950 1895 3019 πολλαχόθεν

361 3034 455 3102 μὲν
477 3033 591 3088 ἐστι
618 3034 893 3107 θεωρῆσαι
915 3053 930 3068 ’
965 3038 1124 3107 ἀργεῖ
1144 3037 1200 3089 δὲ
1234 3037 1327 3088 ἐπὶ
1365 3037 1454 3089 τοῦ
1490 3038 1745 3106 παρόντος
1768 3037 1897 3089 θεω-

361 3123 512 3191 ρῆσαι
539 3126 637 3197 τήν
671 3128 731 3178 τε
768 3127 1036 3194 Στεφάνου
1072 3128 1178 3181 ἀπὸ
1213 3128 1317 3180 τῶν
1352 3126 1603 3197 Πράξεων
1636 3128 1769 3198 πρὸς
1806 3128 1895 3180 τὸν

358 3209 478 3265 λαὸν
514 3214 876 3285 δημηγορίαν,
907 3204 1046 3267 οὕτω
1081 3215 1319 3283 λέγοντος
1339 3234 1352 3246 ·
1389 3236 1406 3266 ι
1432 3216 1649 3286 Ἄνδρες
1685 3215 1897 3282 ἀδελφοὶ

357 3300 446 3352 καὶ
493 3302 762 3372 πατέρες,
810 3302 1103 3356 ἁκούσατε’
1160 3304 1219 3357 '0
1268 3305 1395 3367 Θεὸς
1420 3305 1514 3374 τῆς
1554 3303 1707 3373 δόξης
1744 3302 1898 3372 ὤφθη

356 3388 431 3459 τῷ
490 3394 659 3462 πατρὶ
721 3391 875 3462 ήμῶν
933 3392 1177 3463 Ἀϐραὰμ
1236 3393 1347 3446 ὄντι
1406 3396 1462 3446 ὲν
1526 3397 1590 3463 τῇ
1658 3395 1900 3446 Μεσοπο-

356 3478 538 3551 ταμίᾳ,
607 3480 740 3552 πρὶν
793 3482 826 3550 ἢ
888 3481 1101 3550 οἰκῆσαι
1161 3482 1319 3534 αὐτὸν
1380 3483 1436 3534 ὲν
1491 3482 1707 3551 Χαρράν
1733 3498 1746 3511 ·
1807 3483 1898 3534 κοιλ⁸

355 3563 473 3621 εἷπε
508 3568 649 3640 πρὸς
709 3569 898 3622 αὐτόν·
939 3570 1153 3636 Ἔξελθε
1218 3572 1280 3622 ὲκ
1345 3571 1442 3638 τῆς
1499 3570 1599 3638 γῆς
1647 3586 1757 3632 σου,
1805 3571 1898 3621 καὶ

352 3652 418 3707 ἑκ
472 3656 575 3725 τῆς
627 3657 944 3724 συγγενείας
980 3674 1071 3710 σου
1097 3695 1111 3719 ,
1150 3676 1167 3707 ι
1210 3657 1302 3709 καὶ
1347 3657 1413 3708 τὰ
1459 3655 1615 3724 ὲξῆς’
1670 3656 1734 3708 δι’
1777 3656 1896 3708 ὅλου

336 3746 460 3817 ⁸γάρ
506 3734 800 3814 τοῦλόγου
835 3749 1233 3820 ἀναπιρῤήτως
1265 3747 1376 3798 ἐστι
1433 3747 1637 3814 μαθεῖν,
1671 3746 1759 3798 τὸν
1792 3745 1898 3797 τῶν

349 3832 649 3906 προφητῶν
690 3834 843 3899 Θεὸν,
877 3837 1094 3905 Πατέρα
1125 3832 1261 3888 εἶναι
1294 3833 1524 3904 Χριστοῦ
1570 3832 1769 3902 Ἰησοῦ,
1808 3835 1899 3885 καὶ

343 3922 418 3976 lx
454 3923 557 3993 τῆς
587 3922 730 3995 πρὸς
768 3923 1063 3993 Ῥωμαίους
1116 3922 1428 3990 Ἐπιστολῆς
1457 3920 1547 3972 τοῦ
1588 3921 1898 3974 ’Δποστόλου

340 4024 411 4078 ὃν
431 4025 673 4088 τούτοις·
710 4023 975 4088 «Παῦλος,
998 4024 1176 4087 δοῦλος
1205 4022 1434 4095 Χριστοῦ
1472 4023 1670 4092 Ἰησοῦ,
1711 4023 1899 4094 κλητὸς

324 4126 669 4192 «ἀπόστολος,
699 4128 1073 4198 ἀφωρισμένος
1091 4128 1168 4189 εἰς
1198 4124 1517 4195 Εὐαγγέλιον
1542 4126 1694 4188 Θεοῦ,
1713 4125 1741 4179 ὃ
1766 4143 1898 4196 προ-

320 4230 723 4307 ηπηγγείλατο
749 4229 837 4283 διὰ
865 4229 972 4282 τῶν
1013 4228 1298 4299 προφητῶν
1338 4227 1497 4280 αὐτοῦ
1554 4232 1610 4280 ἐν
1665 4229 1900 4299 Γραφαῑς

1997 745 2045 788 et
2091 734 2372 801 prophetas
2420 733 2623 785 Patrem
2676 747 2781 786 non
2833 733 3160 800 agnovisse:
3192 730 3355 802 286
3384 734 3524 802 quod

1999 810 2225 875 fortasse
2246 836 2429 875 verum
2461 835 2567 872 non
2600 829 2703 881 est,
2722 830 2995 888 propterea
3027 823 3167 890 quod
3189 825 3408 876 omnino
3435 822 3545 890 qui-

1998 909 2208 964 Patrem
2240 926 2341 963 non
2376 911 2543 972 novit,
2565 923 2731 977 neque
2764 909 2954 962 Filium
2981 909 3158 975 novit;
3186 909 3350 963 Filius
3378 911 3525 964 enim

2001 1000 2145 1053 novit
2169 999 2400 1059 Patrem,
2427 1014 2612 1052 servus
2641 1008 2815 1051 autem
2848 999 3161 1053 Dominum:
3185 1009 3238 1053 et
3259 1001 3522 1068 quemad-

2000 1092 2219 1144 modum.
2241 1094 2399 1159 impie
2438 1105 2539 1145 non
2579 1092 2879 1144 diceremus
2896 1091 3087 1145 Filium
3115 1108 3216 1147 non
3244 1094 3531 1164 agnovisse

2001 1180 2298 1244 Dominum,
2337 1180 2458 1248 quia
2492 1179 2658 1232 Filius
2706 1195 2824 1232 cum
2861 1179 2952 1244 sit,
2989 1195 3092 1234 non
3125 1185 3398 1249 experitur
3424 1182 3524 1236 Pa-

2001 1273 2130 1317 trem
2159 1266 2464 1330 dominum;
2502 1266 2572 1318 ita
2601 1273 2874 1318 servantes
2899 1269 3142 1319 eumdem
3176 1270 3361 1332 Deum,
3391 1269 3524 1324 nihii

1998 1352 2212 1406 absurdi
2243 1354 2582 1407 admittentus
2609 1354 2849 1409 dicentes
2879 1356 3068 1408 decere
3087 1367 3141 1408 ut
3172 1356 3334 1409 Filius
3363 1373 3533 1427 agno-

1997 1451 2111 1494 scat
2151 1440 2382 1506 Patrem,
2413 1456 2597 1496 servus
2655 1444 2937 1496 Dominum
2972 1461 2985 1495 :
3024 1455 3078 1497 et
3132 1459 3300 1513 neque
3338 1459 3534 1499 servus.

1998 1541 2245 1597 agnoscat
2283 1531 2517 1595 Patrem,
2556 1546 2725 1599 neque
2752 1531 2916 1586 Filius
2945 1532 3244 1588 Dominum.
3276 1534 3405 1589 Cum
3442 1536 3525 1588 in.

1999 1633 2235 1672 numerze
2274 1618 2434 1686 igitur
2455 1619 2794 1687 precationes
2825 1622 2877 1674 in
2904 1620 3129 1675 Psalmis
3154 1622 3261 1675 sint
3289 1622 3537 1690 scriptae,

1996 1718 2049 1761 et
2083 1709 2367 1776 prophetis.
2410 1718 2571 1776 atque
2623 1710 2780 1762 etiam
2816 1710 2949 1780 lege,
2987 1726 3088 1764 non
3132 1711 3412 1764 admodum
3442 1712 3543 1764 in-r

2001 1797 2241 1851 venimus
2263 1796 2491 1865 aliquem
2519 1796 2610 1865 qui
2636 1797 2796 1850 Deum
2816 1798 3042 1865 appellet
3067 1797 3277 1852 Patrem
3302 1814 3317 1863 ;
3349 1798 3522 1869 siqui-

1996 1888 2113 1939 dem
2152 1887 2483 1955 precationes
2507 1886 2613 1939 Deo
2637 1883 2920 1940 fundentes
2947 1901 3048 1939 non
3079 1887 3286 1951 dicunt,
3322 1886 3536 1941 Pater:

1995 1972 2257 2038 fortassis,
2304 1975 2552 2043 quoniam
2600 1988 2703 2028 non
2736 1984 3068 2042 agnoverunt
3108 1974 3359 2029 Patrem:
3396 1974 3521 2029 funt-

1995 2064 2125 2118 dunt
2151 2073 2326 2118 autem
2356 2063 2428 2116 illi
2458 2077 2643 2131 preces
2680 2063 2843 2117 veluti
2891 2063 3025 2129 Deo,
3067 2073 3121 2117 et
3152 2065 3398 2127 Domino,
3420 2078 3520 2117 ex-

1994 2160 2290 2222 spectantes
2315 2167 2456 2215 eum,
2487 2152 2574 2219 qui
2621 2151 2805 2205 ell'udit
2839 2151 3086 2218 spiritum
3112 2152 3412 2220 adoptionis
3451 2156 3518 2210 li-

1996 2241 2186 2294 liorum
2216 2240 2284 2303 “,
2313 2254 2416 2293 non
2452 2240 2625 2293 minus
2661 2246 2824 2300 super
2877 2238 2995 2293 illos
3027 2253 3184 2307 quam
3217 2256 3376 2309 super
3396 2256 3519 2298 ere--

1995 2331 2181 2384 dentes
2216 2343 2308 2397 per
2343 2343 2463 2380 eum
2516 2327 2569 2379 in
2606 2326 2795 2390 Deum,
2827 2335 2945 2393 post
2989 2328 3154 2394 ipsius
3191 2328 3517 2383 adventum:

1995 2416 2095 2469 nisi
2127 2415 2264 2470 forte
2308 2415 2687 2482 intelligibilem
2716 2416 2998 2468 adventum
3042 2414 3239 2469 Christi
3274 2415 3372 2484 ipsi
3420 2417 3521 2471 ha-

1994 2505 2239 2566 buerunt,
2268 2503 2499 2570 factique
2522 2503 2739 2571 perfecti
2767 2503 3065 2558 habuerunt
3087 2504 3373 2573 aliquando
3390 2505 3523 2561 ado-

1994 2584 2186 2659 ptionis
2231 2593 2519 2660 spiritum:
2554 2592 2688 2645 clam
2732 2602 2934 2657 autem,
2981 2604 3035 2646 et
3086 2608 3188 2647 non
3241 2596 3522 2653 mantl‘esw

1994 2679 2241 2733 omnibus
2269 2680 2514 2733 dicebant
2541 2678 2625 2733 vel
2651 2678 2957 2733 scribebant
3001 2678 3188 2745 Deum,
3211 2691 3264 2736 et
3285 2682 3518 2749 Patrem,

1992 2785 2060 2825 ne
2107 2778 2540 2839 praeoccuparem
2585 2771 2810 2840 gratiam
2848 2774 2941 2826 toti
2995 2772 3191 2827 mundo
3216 2789 3310 2843 per
3337 2772 3521 2830 Iesum

1992 2859 2231 2924 causam,
2261 2859 2351 2929 qui
2388 2875 2576 2915 omnes
2607 2861 2835 2915 vocabat
2890 2860 2956 2915 ad
3008 2861 3237 2915 ﬁliorum
3276 2863 3522 2931 adoptio-

1994 2963 2132 3014 ncm,
2168 2959 2224 3002 ut
2252 2961 2531 3004 enarraret
2579 2951 2670 3005 Dei
2710 2967 2905 3006 nomen
2940 2950 3195 3005 fratribus
3233 2954 3373 3015 suis,
3417 2952 3523 3005 Pa-

1921 3075 1962 3129 ϐ
1997 3047 2233 3104 tremque
2253 3038 2304 3089 in
2330 3037 2580 3129 Ecclesia
2607 3040 2779 3092 medio
2796 3039 3361 3097 laudaret,secundum
3383 3041 3524 3107 quod

1995 3125 2247 3192 scriptmn
2272 3132 2381 3177 est:
2404 3143 2422 3174 ι
2442 3123 2679 3178 Narrabo
2704 3139 2898 3179 nomen
2922 3135 3066 3178 tuum
3089 3126 3342 3181 fratribus
3366 3127 3519 3191 meis,

1996 3213 2046 3266 iu
2079 3214 2249 3266 medio
2273 3211 2518 3266 Ecclesia:
2541 3213 2767 3267 laudabo
2797 3223 2846 3268 te
2868 3214 2932 3268 ⁸⁸.
2955 3233 2973 3265 ι
2998 3214 3146 3280 Quod
3171 3217 3280 3283 ipse
3308 3216 3521 3283 quidem

1994 3305 2063 3355 sit
2095 3304 2232 3357 Deus
2270 3303 2666 3371 prophetarum,
2704 3302 2990 3370 mundique
3015 3315 3346 3370 procreatur,
3387 3303 3522 3358 ntul-

1997 3392 2063 3445 tis
2121 3406 2186 3444 ex
2242 3392 2370 3444 locis
2425 3392 2608 3445 videre
2658 3405 2966 3459 possumus;
3002 3393 3106 3459 sed
3149 3393 3202 3445 in
3236 3392 3518 3459 praesentia

1995 3482 2217 3538 suliieiat
2267 3483 2444 3536 videre
2497 3484 2806 3537 concionem
2859 3481 3114 3552 Stephani
3167 3500 3233 3538 ex
3281 3485 3429 3539 Actis
3454 3486 3521 3538 ad

1996 3572 2239 3642 populum
2265 3571 2406 3624 hune
2440 3571 2491 3623 in
2519 3571 2729 3623 modum
2775 3571 3002 3626 dicentis
3019 3572 3063 3603 “
3091 3588 3104 3625 :
3136 3590 3155 3623 ι
3194 3571 3298 3626 Viri
3333 3574 3522 3627 fratres

1994 3671 2046 3714 et
2072 3669 2273 3729 patres,
2294 3660 2472 3712 audite
2498 3673 2511 3708 :
2542 3656 2681 3711 Deus
2703 3659 2883 3728 gloria:
2911 3662 3153 3728 apparuit
3177 3661 3313 3728 patri
3337 3670 3520 3716 nostro

1996 3749 2240 3811 Ahraltm,
2268 3761 2386 3800 cum
2414 3756 2557 3800 esset
2584 3747 2634 3799 in
2661 3746 3060 3812 Mesopotamia,
3096 3757 3378 3814 antequam
3421 3749 3521 3802 ha-

1995 3836 2188 3890 bitaret
2207 3835 2258 3889 in
2282 3836 2485 3898 Chara;
2511 3834 2751 3902 dixitque
2767 3832 2832 3886 ad
2852 3849 2971 3887 eum
3001 3836 3298 3904 :Egredere
3326 3850 3356 3889 e
3381 3844 3523 3889 terra

1997 3934 2107 3987 tua,
2132 3935 2184 3978 et
2210 3937 2241 3977 e
2277 3922 2591 3991 cognatione
2633 3930 2743 3986 tua,
2771 3938 2791 3972 ι
2834 3929 2887 3974 et
2921 3936 3038 3990 qua:
3077 3931 3401 3989 sequuntur;
3427 3935 3524 3990 per

1996 4022 2156 4066 totam
2178 4012 2319 4065 enim
2339 4011 2633 4065 orationem
2665 4009 2798 4064 citra
2818 4009 3286 4063 contradictionem
3303 4022 3524 4062 cernere

1998 4101 2118 4155 licet
2151 4101 2525 4169 prephetarum
2556 4098 2717 4151 Deum
2761 4095 2969 4151 Patrem
2998 4112 3117 4151 esse
3151 4097 3346 4152 Christi
3372 4095 3519 4150 Jesu.

1998 4191 2136 4243 Idem
2152 4200 2372 4241 cernere
2397 4185 2554 4239 etiam
2577 4184 2698 4238 licet
2716 4199 2782 4240 ex
2810 4185 3045 4254 Apostoli
3070 4183 3301 4252 Epistola
3321 4184 3388 4238 ad
3413 4182 3522 4238 Ro-

1999 4278 2256 4340 tnanos,in
2280 4277 2361 4330 his
2375 4276 2418 4306 ⁸⁷
2438 4293 2454 4329 :
2477 4292 2496 4326 ι
2518 4274 2713 4329 Paulus
2725 4287 2912 4329 servus
2933 4272 3056 4329 Jesu
3077 4272 3522 4338 Christi,vocatus

347 4327 552 4395 ἁγίαις,
596 4329 728 4399 περὶ
768 4328 862 4381 τοῦ
887 4325 1015 4380 Υίοῦ
1056 4326 1215 4380 αὐτοῦ
1248 4324 1339 4378 τοῦ
1363 4326 1642 4394 γενομένου
1665 4327 1726 4377 ὲκ
1745 4326 1898 4394 σπέρ-

1999 4324 2991 4433 §§5"'..;.1...;.,'.;;.i.;g'.1'.;'..;'
3006 4324 3357 4427 esse...
3405 4324 3519 4426 os;

346 4440 521 4493 item:
549 4429 718 4482 Δαδὶδ
744 4427 887 4482 κατά
914 4429 1106 4499 σάρκα,
1134 4427 1225 4480 τοῦ
1266 4425 1561 4496 ὁρισθέντος
1602 4426 1727 4478 Υἱοῦ
1760 4424 1891 4478 Θεοῦ

360 4522 413 4576 δν
435 4527 687 4597 δυνάμει,
721 4526 859 4580 κατὰ
883 4526 1097 4595 Πνεῦμα
1124 4526 1439 4595 ἁγιωσύνης,
1470 4524 1528 4587 ἐξ
1563 4524 1897 4586 ἀναστάσεως

340 4633 559 4701 ’νεκρῶν
598 4629 774 4699 Ἰησοῦ
809 4627 1035 4698 Χριστοῦ
1076 4627 1169 4680 τοῦ
1190 4627 1389 4696 Κυρίου
1411 4625 1578 4693 ἡμῶν,
1606 4625 1670 4676 δι’
1696 4621 1757 4678 οὗ
1779 4625 1899 4677 ἑλά-

1997 4453 2135 4521 quod
2181 4462 2303 4506 ante
2340 4453 2658 4521 promiserat
2689 4468 2785 4520 per
2815 4452 3099 4520 prophetas
3130 4464 3255 4505 suos
3290 4450 3344 4503 in
3374 4448 3523 4503 Scri-

2000 4544 2171 4610 pturis
2203 4543 2403 4596 sanctis
2432 4542 2497 4596 de
2519 4540 2656 4596 Filio
2689 4555 2784 4594 suo
2818 4542 2994 4608 genito
3019 4553 3085 4593 ex
3112 4541 3314 4593 semine
3354 4537 3521 4591 David

2001 4632 2291 4687 secundum
2333 4640 2569 4695 carnem,
2603 4631 2871 4685 declarato
2916 4629 3052 4684 Filio
3096 4631 3185 4683 Dei
3227 4630 3280 4681 in
3324 4628 3523 4681 virtute

360 4729 519 4804 σομεν
550 4734 712 4804 χάριν
755 4733 846 4784 καὶ
879 4730 1190 4799 ἀποστολὴν,
1222 4730 1302 4790 είς
1333 4726 1568 4795 ὑπακοὴν
1597 4728 1823 4789 πίστεως
1847 4728 1898 4778 ὲν

2007 4723 2290 4777 secundum
2346 4720 2601 4787 Spiritum
2660 4718 3115 4780 sanctiﬁcationis,
3165 4732 3231 4768 ex
3281 4729 3346 4769 eo
3384 4717 3526 4781 quod

414 4822 466 4885 f’
487 4819 650 4875 Joan.
685 4834 776 4881 xx,
801 4819 887 4871 17.
963 4819 1008 4850 ⁸⁸
1033 4819 1183 4872 Boni.
1213 4831 1320 4876 vni,
1356 4815 1442 4868 25.
1518 4817 1560 4848 ⁸⁸
1587 4816 1725 4868 Psal.
1756 4831 1865 4879 ut,

2066 4813 2111 4842 ”
2141 4813 2259 4864 Aet.
2296 4826 2384 4871 vn,
2408 4809 2443 4861 Ξ
2471 4824 2586 4877 seq.
2660 4809 2703 4839 ⁸⁷
2738 4809 2892 4861 Rom.
2928 4822 2968 4871 ι,
2999 4806 3049 4870 1,
3082 4804 3118 4856 2
3152 4817 3266 4869 seq.

516 4912 793 4972 daremus,
821 4910 1043 4962 dandum
1069 4908 1542 4979 essetuttiqugnec
1570 4908 1759 4959 Filium
1792 4924 1879 4979 co-

1996 4901 2673 4979 Regitts,_rgatpaﬁsﬁdpsba,
2710 4902 2864 4979 male.
2911 4966 2949 4979 Ἀ
3005 4965 3037 4979 __
3076 4964 3087 4976 ⁸
3302 4964 3367 4979 η
3417 4965 3430 4979 ,

663 4964 792 5030 cuin
816 4979 1083 5044 cognitum
1117 4978 1183 5027 ab
1216 4964 1350 5038 ipsis
1381 4972 1592 5036 Filium,
1618 4983 1673 5026 et
1700 4977 1883 5028 vatici-

354 5044 828 5103 Ilisreelebratum
858 5043 1018 5097 fuisse
1051 5041 1307 5105 constet),
1342 5040 1508 5093 Filius
1544 5042 1740 5105 quippe
1787 5043 1885 5095 Pa-

2053 4964 2127 5105 (7)
2159 4964 2531 5038 Εηὺξάὶιενοίρζ
2574 4973 2664 5023 διο
2713 4971 2876 5022 codex
2908 4964 3262 5031 Bodleianus;
3302 4964 3520 5035 Regius,

1996 5043 2046 5095 εὐ
2081 5042 2293 5105 όμενον,
2322 5038 2479 5091 male.
2560 5104 2565 5105 ν
2809 5101 2833 5105 _
2888 5104 2891 5105 ν
2953 5099 2977 5105 _
3055 5102 3066 5105 _
3131 5098 3177 5105 __
3423 5100 3501 5105 __

342 5038 828 5103 'ilisreelebratum
858 5038 1018 5097 fuisse
1051 5041 1307 5106 constet),
1342 5040 1508 5093 Filius
1544 5042 1740 5108 quippe
1787 5043 1885 5095 Pa-

550 5111 854 5183 cognoscit,
905 5110 1128 5183 famulus
1173 5109 1380 5159 herum.
1428 5107 1885 5183 Quemarnnodm“

1996 5038 2293 5110 εὐξάμενον,
2322 5038 2479 5091 male.

2059 5108 2275 5183 (8W1-
2291 5106 2396 5174 πἰρ
2424 5104 2730 5183 sordeam
2747 5101 2841 5183 ξῶ
2861 5099 2985 5182 θεῷ
3007 5102 3078 5183 εὐ
3091 5098 3374 5183 ,λέπξξπξαιν
3414 5100 3527 5158 ηάσ

562 5166 753 5233 δεῖξαι-ο
791 5166 912 5244 licet
952 5175 1275 5244 Filiumnon
1311 5166 1637 5244 cognoscere
1668 5176 1886 5239 herum;
1992 5166 2227 5244 τερίδίο
2264 5166 2401 5244 hunc
2436 5166 2634 5244 locum,
2660 5172 2712 5244 in
2746 5169 2911 5244 [legio
2928 5169 3120 5244 codice
3143 5166 3408 5244 luxatum,
3439 5183 3526 5222 sa—

360 5234 479 5329 !Iain
512 5255 782 5329 quatenus
809 5243 1088 5321 Filiusest,
1123 5234 1597 5329 Pati-iiiptt'atenus
1620 5242 1778 5294 herus
1805 5234 1888 5294 est
1995 5234 2143 5329 ni'tla‘t‘i
2165 5242 2451 5329 restituunt
2479 5234 2984 5329 codd.'BOtlleiarctus
3003 5234 3431 5329 etABarBeZi'tttxs.

359 5298 776 5383 imperiuminon
813 5298 1122 5383 experitur:
1158 5306 1233 5356 ita
1268 5298 1440 5361 dicere
1464 5322 1762 5383 possumus
1794 5324 1890 5383 nee

2059 5310 2133 5383 (9)
2153 5310 2230 5360 Δι’
2249 5304 2432 5383 αὐτοῦ
2456 5304 2861 5383 πιστεύοντας.
2880 5302 2968 5357 Sic
2996 5304 3162 5383 codex
3188 5298 3524 5367 Bodleiauus,

362 5370 586 5435 latitulos
615 5370 935 5447 cognoscere
963 5374 1164 5447 Patrem
1191 5385 1209 5433 ;
1242 5384 1359 5423 nam
1382 5370 1659 5445 quatenus
1708 5376 1889 5429 famuli

1996 5370 2184 5447 optime
2201 5375 2468 5447 Liiegius,
2495 5373 2651 5447 male,
2673 5370 2760 5447 διά
2786 5377 2907 5436 τοὺς
2941 5370 3306 5447 πιστεύοντας.

334 5458 501 5514 ἐμοι,
528 5435 720 5502 herum
754 5451 1004 5511 quatenus
1042 5440 1206 5492 Pater
1236 5447 1339 5501 est,
1379 5435 1477 5499 ιῖοη
1518 5455 1889 5508 ουεηοεευυι,

2027 5435 2040 5447 ’
2065 5444 2172 5513 (ιο)
2203 5435 2693 5510 Ἒκίενοινμένην.
2720 5435 2947 5499 Omnino
2975 5436 3252 5508 legendum
3274 5435 3532 5506 ἐκχεομέ-

378 5594 397 5611 ’
420 5575 1003 5656 μιξεααρσδεεόμεθαο
1028 5571 1096 5624 ³⁸³
1121 5565 1287 5621 "ab"
1309 5580 1457 5639 Codex
1490 5573 1851 5633 ‘Bodietanus
1874 5592 1893 5638 ε

1998 5508 2111 5583 νην.
