3828 6190
345 318 452 375 εδδ

1745 309 1992 364 ORIGEN
1999 310 2056 362 IS

3448 300 3550 356 536

349 433 633 490 resurrexit
671 448 698 483 a
733 428 950 482 mortuis
991 427 1142 480 Jesus
1189 428 1432 482 Christus
1479 429 1730 482 Dominus
1770 443 1862 480 no-

1983 430 2093 480 τοῖσι
2115 431 2230 490 ¹τοῖς
2268 428 2490 494 ἔθνεσιν,
2526 429 2665 498 ὑπὲρ
2697 429 2790 482 τοῦ
2819 427 3100 496 ὀνόματος
3144 419 3343 483 αὐτοῦ,
3373 420 3433 472 ὲν
3473 415 3549 482 οἷς

349 535 482 590 star,
515 538 607 590 per
628 533 780 586 quem
809 517 1114 583 accepimus
1140 517 1365 583 gratiam
1400 527 1454 570 et
1487 518 1862 584 apostolatum,

349 625 406 666 ut
441 611 714 666 obediatur
737 607 854 660 tidei
885 607 936 658 in
964 605 1208 658 omnibus
1231 606 1494 674 gentibus,
1534 621 1628 673 pro
1656 605 1868 660 nomine

349 703 478 766 ejus,
508 701 557 752 in
581 697 770 766 quibus
798 695 927 748 estis
954 705 1006 748 et
1033 709 1128 747 vos
1150 696 1319 748 vocati
1349 693 1472 748 Jesu
1499 695 1692 749 Christi
1718 714 1730 748 :
1754 710 1868 749 om-

351 791 501 844 nibus
531 786 774 855 qui-sunt
812 785 1010 846 Romae,
1047 782 1251 836 dilectis
1273 783 1383 849 Dei,
1414 785 1615 837 vocalis
1642 785 1866 847 sanctis,

348 879 514 953 gratia
551 875 725 937 vobis,
757 883 805 927 et
842 890 939 940 pax
975 889 1002 925 a
1038 873 1142 926 Deo
1171 873 1328 926 Patre
1360 884 1544 928 nostro
1570 885 1622 927 et
1647 875 1869 928 Domino

346 964 468 1020 Jesu
501 964 733 1018 Christo.
767 982 784 1013 ι
810 962 884 1014 Ex
914 963 996 1016 his
1018 962 1156 1015 enim
1183 961 1354 1030 palam
1380 961 1664 1016 didicimus
1691 962 1870 1016 mundi

347 1063 780 1122 procreatorem,
842 1053 1006 1104 Deum
1062 1051 1480 1119 prophetarum,
1544 1061 1596 1105 et
1661 1051 1870 1105 Patrem

349 1140 569 1202 Christi,
602 1139 762 1192 Deum
803 1147 858 1192 et
897 1137 1103 1192 Patrem
1158 1147 1394 1191 nostrum
1436 1154 1570 1192 esse.
1617 1138 1869 1192 Pharisaei

349 1229 509 1297 igitur
542 1243 645 1282 non
677 1227 846 1280 solum
873 1227 1222 1294 cognitionem
1256 1241 1356 1278 non
1391 1225 1657 1280 habebant
1700 1228 1872 1280 Patris

349 1317 570 1382 Christi,
603 1318 693 1384 qui
726 1316 896 1384 legem
935 1315 1098 1375 dedit,
1142 1324 1401 1382 quatenus
1439 1315 1598 1369 Pater
1631 1327 1731 1381 est,
1779 1331 1872 1369 seu

348 1415 611 1472 quatenus
640 1404 812 1468 Deus;
847 1404 938 1457 sed
965 1416 1030 1456 ne
1053 1406 1188 1456 citra
1212 1406 1633 1456 controversiam
1661 1406 1872 1472 quidem

351 1493 448 1560 ipsi
483 1493 785 1552 credebant,
824 1501 1086 1558 quatenus
1123 1491 1280 1544 Pater
1323 1501 1440 1544 erat
1481 1489 1629 1556 Jesu,
1658 1502 1712 1546 et
1739 1492 1876 1548 Deus

351 1582 540 1650 ipsius,
582 1589 741 1648 atque
792 1579 950 1632 etiam
997 1579 1220 1633 fortasse
1266 1589 1529 1648 quatenus
1583 1583 1722 1638 Deus
1763 1593 1877 1636 erat

353 1671 442 1738 qui
479 1669 658 1722 omnia
690 1676 981 1722 creaverat.
1015 1668 1118 1722 Sed
1151 1686 1215 1723 ne
1241 1672 1510 1724 Christum
1546 1673 1757 1738 quidem
1789 1687 1877 1723 no-

354 1766 473 1810 rant
515 1775 529 1821 ;
581 1766 633 1810 et
686 1757 818 1810 bene
852 1757 1104 1810 Servator
1129 1771 1220 1810 eos
1254 1759 1544 1827 redarguit,
1585 1760 1766 1812 dicens
1795 1757 1871 1811 ⁶⁸ε

359 1865 379 1897 ι
408 1845 588 1914 Neque
619 1861 701 1899 me
724 1847 895 1911 scitis,
928 1861 1100 1914 neque
1119 1846 1327 1900 Patrem
1356 1863 1525 1899 meum
1555 1848 1720 1900 scitis.
1748 1867 1766 1898 ι
1796 1847 1881 1900 lti-

354 1951 511 2005 super
543 1935 654 1988 haec
683 1951 860 2003 quacro
886 1953 898 1989 :
925 1946 1096 1990 utruin
1135 1938 1237 1990 hoc
1263 1937 1616 2004 proloquium,
1654 1955 1670 1986 ι
1695 1938 1747 1991 Si
1777 1938 1878 1990 Pa-

357 2015 488 2092 trem
538 2039 709 2078 meum
754 2025 980 2086 sciretis,
1009 2035 1063 2078 et
1107 2041 1190 2079 me
1220 2026 1450 2090 sciretis,
1485 2044 1503 2076 ι
1546 2026 1681 2078 idem
1708 2027 1881 2080 valeat

357 2131 476 2176 cum
533 2115 643 2178 illo,
685 2132 702 2165 ι
745 2114 801 2168 Si
843 2129 926 2169 nie
959 2114 1193 2177 sciretis.
1229 2122 1281 2166 et
1313 2113 1524 2169 Patrem
1567 2129 1740 2166 meum
1777 2117 1882 2168 sci-

356 2204 506 2266 retis,
543 2221 562 2254 ι
599 2219 664 2256 an
698 2217 821 2256 non.
853 2201 915 2254 Et
941 2203 1170 2254 arbitror
1200 2202 1312 2255 hzec
1344 2202 1482 2254 inter
1515 2217 1573 2256 se
1596 2218 1698 2254 non
1719 2204 1881 2270 tequi-

354 2293 579 2361 pollere,
603 2308 666 2346 eo
698 2293 835 2360 quod
892 2291 980 2359 qui
1016 2291 1224 2344 Patrem
1264 2292 1525 2360 agnoscit,
1571 2293 1819 2345 ascendat
1851 2309 1881 2346 a

356 2382 656 2450 cognitione
705 2380 822 2433 Filii
872 2382 935 2432 ad
980 2379 1337 2447 cognitionem
1385 2377 1578 2440 Patris,
1627 2393 1725 2431 nec
1779 2379 1882 2432 alio

357 2471 511 2524 modo
559 2469 799 2521 videatur
847 2467 1002 2520 Pater
1051 2483 1208 2534 quant
1258 2467 1458 2520 visione
1508 2467 1669 2528 Filii;
1718 2484 1736 2516 ι
1783 2466 1880 2531 Qui

358 2559 496 2611 enim
543 2558 674 2611 vidit
724 2572 842 2620 me,
897 2556 1086 2624 inquit,
1135 2555 1263 2606 vidit
1295 2565 1347 2607 et
1395 2554 1603 2608 Patrem
1633 2555 1697 2620 ",
1727 2555 1882 2622 Lqui

361 2647 504 2702 misit
545 2661 626 2700 tne
656 2663 668 2707 ;
699 2660 794 2698 nec
832 2654 1004 2698 tamen
1045 2645 1269 2696 dixisset
1300 2659 1314 2695 :
1350 2642 1452 2709 Qui
1493 2645 1625 2697 vidit
1651 2643 1882 2708 Patrem,

362 2733 492 2785 vidit
523 2746 625 2794 me,
661 2731 911 2798 quoniam
944 2730 1032 2804 qui
1062 2729 1372 2783 Sermonem
1404 2729 1490 2782 Dei
1536 2730 1701 2794 videt,
1743 2731 1886 2786 videt

363 2821 547 2881 Deum,
603 2821 897 2873 ascendens
935 2835 963 2870 a
1000 2817 1132 2871 Filio
1170 2819 1235 2872 ad
1269 2819 1476 2871 Patrem
1520 2835 1536 2881 ;
1590 2818 1702 2872 fieri
1744 2822 1884 2874 enim

363 2909 545 2975 nequit
599 2918 655 2959 ιιι
703 2910 876 2961 videat
917 2908 1036 2975 quis
1085 2905 1244 2960 Deum
1294 2922 1397 2959 non
1450 2906 1653 2960 habens
1700 2908 1884 2964 ducem

1965 516 2082 566 ἐστε
2110 518 2199 567 καὶ
2228 517 2381 586 ὑμεῖς
2415 517 2596 586 κλητοὶ
2628 516 2799 587 Ἰησοῦ
2831 511 3106 584 Χριστοῦ·
3145 511 3286 562 πᾶσι
3315 509 3428 570 τοῖς
3458 504 3550 559 οὗ-

1967 621 2047 656 σιν
2076 608 2132 657 ὲν
2170 602 2348 676 Ῥώμῃ
2384 608 2679 675 ἀγαπητοῖς
2695 605 2852 667 Θεοῦ,
2891 603 3130 672 κλητοῖς
3158 599 3364 665 ἁγίοις,
3396 598 3554 668 χάρις

1967 695 2088 763 ὑμῖν
2110 695 2199 746 κα)⁵
2226 697 2409 764 εἰρήνη
2438 695 2544 748 ἀπὸ
2567 695 2701 747 Θεοῦ
2729 695 2946 763 Πατρὸς
2976 690 3168 760 ἡμῶν,
3199 688 3300 742 καὶ
3347 685 3551 755 Κυρίου

1979 783 2144 852 Ἰησοῦ
2174 783 2422 852 Χριστοῦ.
2471 802 2490 835 ι
2540 783 2729 851 Σαφῶς
2759 783 2869 851 γὰρ
2907 781 3022 834 ἀπὸ
3049 778 3268 830 τούτων
3302 774 3554 844 μεμαθή-

1967 889 2155 941 καμεν,
2195 873 2275 923 ὅτι
2307 874 2335 922 6
2362 873 2714 941 Δημιουργὸς,
2750 873 2845 923 καὶ
2877 869 3017 930 Θεὸς
3069 867 3186 919 τῶν
3233 862 3552 934 προφητῶν,

1967 962 2058 1012 καὶ
2092 961 2274 1030 Πατὴρ
2316 961 2407 1013 τοῦ
2440 961 2689 1031 Χριστοῦ,
2733 960 2865 1020 Θεός
2913 975 2975 1010 τε
3013 957 3112 1009 καὶ
3160 956 3358 1023 Πατὴρ
3404 953 3557 1022 ἡμῶν

1969 1053 2100 1103 ἐστι.
2154 1052 2427 1119 Φαρισαῖοι
2472 1051 2645 1102 τοίνυν
2676 1050 2737 1101 οὐ
2784 1049 2947 1118 μόνον
2991 1046 3210 1113 γνῶσιν
3255 1044 3360 1096 οὐκ
3395 1038 3556 1110 εἶχον,

1969 1139 2087 1191 οὔτε
2119 1141 2236 1192 καθ’
2263 1141 2291 1192 ὃ
2323 1141 2528 1210 Πατὴρ,
2567 1139 2839 1197 οὕτεκαθ⁹
2869 1139 2898 1191 6
2931 1137 3094 1198 Θεὸς,
3127 1134 3229 1186 τοῦ
3268 1132 3560 1194 δεδωκότος

1969 1227 2058 1279 τὸν
2085 1229 2242 1296 νόμον
2273 1229 2481 1297 Πατρὸς
2519 1227 2612 1279 τοῦ
2663 1226 2923 1296 Χριστοῦο
2962 1224 3082 1278 ἀλλ’
3126 1222 3244 1275 οὐδ’
3282 1221 3562 1280 ἐπίστευον

1971 1315 2118 1384 αὐτῷ
2147 1317 2584 1386 ὁμολογουμένως
2639 1317 2734 1384 μὲν
2789 1314 2916 1366 καθ’
2961 1313 2992 1364 ὃ
3039 1311 3244 1382 Πατὴρ
3275 1307 3346 1380 ἦν
3391 1308 3562 1380 Ἰησοῦ

1973 1406 2063 1458 καὶ
2095 1405 2222 1467 Θεὸς
2271 1406 2453 1467 αὑτοῦ,
2487 1405 2625 1473 τάχα
2657 1404 2714 1456 δὲ
2741 1404 2863 1456 καθ’
2898 1403 2927 1455 ὃ
2967 1405 2997 1454 6
3027 1402 3170 1462 Θεὸς
3198 1402 3228 1452 6
3253 1401 3450 1460 κτίσας
3497 1399 3565 1452 τά

1975 1494 2146 1548 πάντα
2175 1490 2259 1564 ἦν·
2298 1493 2407 1545 ἀλλ’
2431 1494 2550 1545 οὐδὲ
2589 1493 2678 1544 τὸν
2701 1492 2940 1561 Χριστὸν
2971 1490 3232 1559 ᾔδεισανο
3263 1490 3358 1540 κα).
3388 1487 3565 1551 καλῶς

1976 1584 2177 1651 ἐλέγχει
2221 1583 2464 1644 αὐτοὺςὸ
2508 1581 2696 1650 Σωτὴρ
2743 1581 2938 1647 λέγων’
2990 1598 3008 1629 ι
3055 1577 3203 1631 Οὔτε
3239 1579 3342 1647 ἐμὲ
3368 1578 3562 1638 οἴδατε,

1977 1671 2095 1724 οὔτε
2124 1673 2212 1724 τὸν
2237 1672 2448 1741 Πατέρα
2472 1689 2570 1740 μου
2604 1671 2799 1722 οἴδατε.
2843 1689 2860 1720 ι
2903 1668 3098 1720 Ταῦτα
3125 1666 3305 1735 ζητῶ,
3341 1667 3566 1738 πότερον

1981 1763 2087 1812 ἴσον
2113 1760 2326 1812 δύναται
2350 1759 2444 1827 τῷ,
2479 1779 2495 1809 ι
2521 1761 2582 1810 Εἰ
2611 1760 2708 1828 ἐμὲ
2741 1759 2940 1827 ᾔδειτε,
2965 1759 3066 1809 καὶ
3087 1757 3182 1808 τὸν
3209 1755 3433 1823 Πατέρα
3467 1771 3565 1824 μου

1980 1848 2043 1899 ἂν
2063 1847 2252 1918 ᾔδειτε,
2289 1867 2306 1898 ι
2339 1847 2418 1909 τὸ,
2453 1865 2470 1897 ι
2504 1848 2566 1898 Εἰ
2597 1847 2688 1898 τὸν
2723 1847 2946 1915 Πατέρα
2977 1861 3084 1913 μου
3109 1843 3320 1912 ᾔδειτε,
3355 1842 3448 1894 καὶ
3471 1840 3566 1909 ἐμὲ

1979 1937 2042 1990 ἂν
2063 1937 2254 2006 ᾔδειτε,
2298 1957 2316 1987 ι
2351 1935 2478 2005 ἧοΰ.
2515 1937 2624 1988 Καὶ
2649 1934 2893 2005 ἡγοῦμαι
2930 1935 3009 2004 μὴ
3050 1936 3171 1986 ἴσον
3199 1931 3379 1986 ταῦτα
3417 1931 3570 1983 δύνα-

1980 2026 2098 2078 σθαι
2144 2025 2404 2094 ἀλλήλοις,
2433 2025 2508 2094 τῷ
2536 2024 2844 2076 ἀναϐαίνειν
2875 2023 2986 2075 ἀπὸ
3036 2023 3143 2091 τῆς
3177 2020 3437 2089 γνώσεως
3478 2019 3569 2072 τοῦ

1980 2115 2106 2166 Υἱοῦ
2140 2116 2230 2167 ἐπὶ
2261 2117 2356 2185 τὴν
2389 2115 2584 2183 γνῶσιν
2615 2115 2708 2166 τοῦ
2735 2114 2950 2183 Πατρὸς
2981 2113 3080 2166 τὸν
3104 2111 3457 2178 γινώσκοντα
3482 2107 3569 2159 τὸν

1980 2204 2212 2273 Πατέρα,
2245 2205 2338 2256 καὶ
2389 2205 2462 2272 μὴ
2505 2203 2678 2264 ἄλλως
2727 2202 2963 2271 ὁρᾶσθαι
3008 2201 3106 2252 τὸν
3160 2198 3389 2268 Πατέρα
3417 2196 3451 2264 ἢ
3494 2193 3569 2264 τῷ

1980 2295 2199 2368 ὁρᾶσθαι
2233 2294 2318 2346 τὸν
2363 2293 2506 2344 Υἱόν·
2552 2292 2648 2344 ιὈ
2691 2291 2800 2362 γὰρ
2858 2289 3134 2360 ἑωρακὼς
3159 2327 3174 2350 ,
3214 2288 3403 2357 φησιν,
3453 2284 3566 2353 ἐμὲ,

1981 2385 2185 2454 ἑώρακε
2210 2385 2298 2434 τὸν
2329 2382 2544 2452 Πατέρα
2588 2400 2606 2430 ι
2645 2381 2736 2432 τὸν
2770 2380 3075 2448 πέμψαντά
3130 2395 3222 2446 με·
3273 2377 3375 2428 οὑκ
3409 2374 3474 2427 ἂν
3515 2372 3568 2424 δὲ

1981 2475 2182 2542 εἰρήκει
2203 2472 2279 2523 τό·
2299 2472 2353 2523 '0
2374 2469 2628 2540 ἑωρακὼς
2658 2469 2748 2521 τὸν
2772 2468 3022 2537 Πατέρα,
3044 2465 3271 2537 ἑώρακέ
3303 2480 3390 2534 με·
3425 2461 3569 2515 ἐπεί-

1983 2577 2084 2628 περ
2115 2563 2142 2611 ὁ
2181 2559 2267 2610 τὸν
2305 2559 2469 2624 Λόγον
2506 2557 2861 2626 τεθεωρηκὼς
2904 2555 3005 2606 τοῦ
3042 2553 3211 2617 Θεοῦ,
3250 2553 3447 2622 θεωρεῖ
3486 2550 3572 2604 τὸν

1983 2649 2130 2712 Θεὸν,
2163 2647 2462 2701 ἀναϐαίνων
2487 2647 2593 2699 ἀπὸ
2619 2645 2712 2698 τοῦ
2740 2646 2918 2711 Λόγου
2953 2645 3101 2714 πρὸς
3129 2645 3223 2696 τὸν
3253 2643 3408 2694 Θεόν·
3434 2641 3572 2709 ἀμή-

1985 2755 2136 2807 χανον
2161 2738 2217 2789 δέ
2232 2739 2343 2788 ἐστι
2376 2737 2448 2806 μὴ
2482 2735 2588 2787 ἀπὸ
2614 2734 2707 2786 τοῦ
2736 2734 2911 2800 Λόγου
2951 2728 3249 2802 θεωρῆσαι
3287 2731 3380 2783 τὸν
3421 2729 3567 2781 Θεόν·

1985 2829 2074 2880 καὶ
2100 2829 2128 2879 6
2156 2825 2368 2895 θεωρῶν
2397 2826 2492 2892 τὴν
2525 2825 2711 2890 σοψίαν
2744 2825 2810 2892 ἦν
2849 2822 3076 2875 ἔκτισεν
3103 2825 3135 2875 6
3164 2823 3302 2884 Θεὸς
3333 2820 3442 2886 πρὸ
3469 2818 3572 2872 τῶν

1987 2917 2188 2970 αἰώνων
2213 2918 2290 2978 εις
2307 2915 2438 2985 ἔργα
2471 2915 2656 2977 αὐτοῦ,
2675 2914 2962 2967 ἀναϐαίνει
2998 2914 3116 2966 ἀπὸ
3150 2912 3247 2966 τοῦ
3277 2910 3572 2979 ἐγνωκέναι

363 2995 552 3064 Λόγοι,
585 2995 716 3066 {seu
779 2994 1108 3061 Sermonem,
1163 3005 1216 3048 et
1263 2996 1452 3048 Filium
1499 2997 1590 3050 Dei
1622 2995 1678 3066 ε]
1715 3006 1768 3051 et
1798 3001 1883 3066 qui

1988 3005 2082 3074 τὴν
2110 3003 2294 3070 σοφίαν
2320 3003 2409 3054 ἐπὶ
2435 3002 2524 3054 τὸν
2543 3003 2756 3070 Πατέρα
2790 3002 2988 3069 αὐτῆς·
3026 3002 3303 3054 ἀδύνατον
3329 2999 3386 3050 δὲ
3412 2996 3574 3067 χωρὶς

366 3087 612 3155 cognovit
639 3087 985 3156 Sapientiam,
1033 3102 1190 3156 quam
1231 3087 1431 3140 creavit
1469 3088 1606 3142 Deus
1646 3099 1768 3144 ante
1793 3105 1891 3143 sa:-

361 3177 479 3230 cnla
509 3179 574 3230 ad
602 3193 765 3246 opera
791 3193 885 3232 sua
907 3178 976 3240 7’.
1009 3195 1036 3230 a
1067 3179 1369 3246 cognitione
1397 3180 1688 3249 Sapientiae
1713 3193 1893 3232 ascen-

366 3267 442 3320 dit
468 3268 532 3321 ad
562 3267 725 3336 ipsius
757 3268 1040 3332 Sapientiae
1065 3266 1274 3321 Patrem
1304 3289 1318 3324 ;
1347 3270 1461 3322 fieri
1494 3270 1652 3322 etiam
1690 3269 1888 3336 nequit,

367 3364 425 3410 ut
448 3357 564 3410 sine
593 3356 749 3421 hujus
777 3357 1059 3422 Sapientia:
1094 3358 1251 3410 ductu
1293 3358 1621 3426 intelligatur
1672 3357 1893 3424 Sapien.

370 3445 457 3502 tia:
487 3444 644 3496 Deus.
675 3442 822 3507 Quod
855 3442 990 3495 idem
1023 3442 1088 3495 de
1120 3444 1343 3498 veritate
1381 3445 1525 3498 dices
1561 3464 1574 3498 :
1617 3461 1719 3499 non
1753 3447 1891 3499 enim

370 3531 613 3599 intelligit
646 3532 838 3596 aliquis
873 3531 1056 3592 Deum,
1101 3531 1185 3585 vel
1222 3531 1364 3586 videt
1407 3533 1599 3600 ipsum,
1625 3544 1679 3587 et
1708 3545 1892 3602 postea

370 3619 688 3682 veritatem;
723 3619 810 3670 sed
847 3629 997 3670 antea
1031 3618 1334 3682 veritatem,
1369 3628 1425 3671 ut
1469 3620 1569 3674 isto
1620 3623 1772 3674 modo
1809 3636 1896 3674 ve-

369 3709 482 3760 niat
511 3707 578 3760 ad
605 3706 1060 3773 contemplandani
1083 3707 1394 3771 essentiam,
1427 3707 1508 3759 vel
1545 3708 1775 3760 essentia
1805 3724 1894 3760 su-

368 3797 631 3872 perierem
666 3797 957 3864 potentiam
1007 3807 1060 3848 et
1106 3806 1348 3848 naturam
1397 3796 1510 3848 Dei.
1548 3799 1626 3849 Ac
1657 3797 1896 3864 profecto

369 3875 614 3949 fortasse,
647 3884 1086 3952 quemadmodum
1134 3885 1328 3952 gradus
1371 3885 1584 3952 quidam
1635 3895 1789 3938 erant
1845 3886 1894 3937 in

371 3974 561 4039 templo
603 3988 697 4042 per
741 3988 871 4041 quos
911 3973 1305 4041 ingrediebatnr
1353 3975 1543 4042 aliquis
1595 3976 1645 4027 in
1697 3975 1892 4028 Sancta

1989 3095 2084 3164 τῆς
2101 3093 2286 3160 σοφίας
2319 3091 2674 3161 προσαγωγῆς
2709 3090 2820 3159 (ll)
2851 3089 3130 3158 νοηθῆναι
3153 3089 3246 3141 τὸν
3277 3089 3376 3157 τῆς
3394 3085 3575 3153 σοφίας

1989 3183 2136 3234 Θεόν.
2165 3182 2236 3232 Τὸ
2265 3182 2308 3232 δ’
2337 3181 2463 3233 αὐτὸ
2488 3182 2630 3248 ἐρεῖς
2651 3180 2743 3232 καὶ
2771 3179 2901 3247 περὶ
2930 3178 3037 3247 τῆς
3065 3179 3354 3248 ἀληθείας
3383 3176 3442 3228 οῦ
3473 3174 3576 3243 γὰρ

1991 3272 2099 3323 νοεῖ
2120 3287 2197 3331 τις
2224 3269 2312 3320 τὸν
2343 3267 2493 3331 Θεὸν,
2524 3267 2557 3336 ἢ
2605 3266 2798 3336 θεωρεῖ
2841 3265 3035 3330 αὐτὸν,
3084 3266 3189 3318 καὶ
3237 3265 3380 3335 μετά
3409 3262 3577 3315 ταῦτα

1991 3360 2086 3429 τὴν
2119 3358 2384 3427 ἀλήθειαν·
2413 3357 2543 3408 ἀλλά
2566 3356 2825 3426 πρότερον
2853 3356 2958 3428 τὴν
2985 3356 3284 3425 ἀλήθειαν,
3308 3355 3376 3406 ἵν’
3410 3353 3575 3414 οὕτως

1993 3447 2236 3518 ἒ>.θῃ.ὲπὶ
2253 3445 2312 3496 τὸ
2336 3446 2522 3496 ἐνιδεῖν
2539 3448 2608 3513 τῇί
2627 3445 2806 3513 οὐσία,
2832 3444 2866 3514 ἢ
2889 3446 2958 3512 τῇ
2983 3445 3334 3515 ὑπερέκεινα
3366 3442 3464 3510 τῆς
3488 3442 3577 3493 οὺ-

1995 3540 2110 3600 σίας
2137 3538 2377 3606 δυνάμει,
2402 3537 2492 3588 καί
2509 3535 2664 3602 φύσει
2684 3535 2777 3586 τοῦ
2803 3535 2964 3587 Θεοῦ.
3000 3538 3120 3589 Καὶ
3154 3536 3300 3604 τάχα
3318 3553 3382 3602 γε
3397 3533 3579 3602 ὥσπερ

1994 3629 2128 3680 κατά
2146 3627 2234 3679 τὸν
2259 3626 2382 3677 ναὸν
2406 3624 2703 3693 ἀναδαθμοί
2737 3641 2881 3686 τινες
2895 3621 3067 3694 ἦσαν,
3087 3627 3158 3678 δι’
3187 3622 3264 3679 ὢν
3300 3626 3473 3695 isi-That
3501 3639 3581 3683 τις

1994 3720 2070 3781 είς
2097 3718 2161 3770 τὰ
2185 3719 2344 3783 ’Ἅγια
2375 3715 2480 3767 τῶν
2511 3715 2698 3782 ἁγίων,
2731 3713 2908 3777 οὕτως
2935 3718 2986 3767 οἱ
3019 3717 3234 3779 πάντες
3259 3716 3418 3785 ἡμῶν
3451 3716 3577 3766 ἀνα-

1995 3807 2092 3860 ϐαθ
2102 3808 2188 3876 μοὶ
2209 3807 2236 3856 6
2252 3806 2552 3873 Μονογενής
2577 3806 2689 3856 ἐστι
2721 3805 2814 3856 τοῦ
2831 3804 2972 3856 Θεοῦ
2994 3806 3138 3877 (19)·
3157 3809 3255 3860 καὶ
3272 3806 3464 3875 ὥσπερ
3478 3803 3580 3856 τῶν

1994 3895 2315 3964 ἀναῦαθμῶν
2354 3898 2381 3946 6
2408 3895 2712 3961 Μονογενής
2735 3895 2852 3945 ἐστι
2887 3895 3119 3964 πρῶτος
3165 3897 3264 3948 ἐπὶ
3303 3897 3376 3948 τά
3413 3895 3580 3955 κάτω,

1995 3986 2026 4036 6
2050 3985 2103 4036 δὲ
2151 3984 2335 4036 τούτου
2375 3982 2648 4051 ἀνωτέρω,
2694 3983 2787 4033 καὶ
2826 3982 3008 4046 οὕτως
3037 3986 3249 4054 ἐφεξῆς
3291 3985 3457 4054 μέχρι
3490 3981 3579 4035 τοῦ

370 4070 697 4124 sanctorum,
734 4063 805 4114 ita
840 4075 1024 4115 omnes
1048 4064 1242 4130 gradus
1269 4065 1436 4116 nostri
1473 4066 1775 4132 nnigenitns
1813 4074 1883 4118 esl

1996 4073 2267 4124 ἀνωτάτω·
2311 4070 2477 4131 οὕτως
2527 4071 2575 4120 οἱ
2628 4071 2725 4138 μὲν
2772 4072 2978 4134 πάντες
3022 4074 3169 4126 εἰσιν
3221 4073 3528 4142 ἀναϐαθμοὶ
3556 4074 3584 4123 6

369 4149 534 4204 Filius
581 4151 670 4204 Dei
708 4166 723 4214 ;
763 4159 817 4204 et
863 4151 1000 4205 sicut
1043 4154 1243 4220 primus
1292 4153 1552 4220 graduum
1588 4152 1883 4220 Unigenitus

1997 4160 2196 4227 Σωτήρ·
2233 4158 2260 4208 6
2287 4157 2340 4209 δὲ
2371 4153 2478 4209 οἷον
2523 4157 2736 4226 πρῶτος
2784 4161 3090 4231 κατωτέρω
3138 4163 3202 4214 τὸ
3245 4161 3584 4233 ἀνθρώπινον

371 4249 454 4293 est
484 4241 536 4296 in
579 4242 734 4295 rebus
761 4241 962 4304 inferis,
989 4242 1153 4314 288
1177 4243 1406 4311 itemque
1427 4243 1688 4296 secundus
1725 4243 1883 4309 primc

1998 4247 2181 4308 αὑτοῦ,
2221 4241 2264 4312 ᾧ
2301 4246 2662 4308 ὲπιῦαίνοντες
2699 4246 2982 4316 ὁδεύομεν,
3014 4250 3115 4302 καὶ
3152 4250 3226 4303 τὰ
3257 4252 3390 4320 ἑξῆς
3421 4247 3580 4302 αὐτοῦ

373 4329 634 4395 superior,
670 4341 724 4382 et
749 4330 826 4382 sic
852 4331 1098 4398 deinceps
1129 4346 1295 4400 usque
1333 4332 1396 4383 ad
1426 4347 1729 4399 supremum
1771 4349 1784 4395 ;
1819 4332 1883 4384 sit

1997 4338 2141 4398 ὄντα,
2175 4337 2272 4404 τὴν
2296 4337 2472 4386 πᾶσαν
2494 4337 2550 4385 ὲν
2576 4339 2690 4396 τοῖς
2720 4335 2928 4387 ἀναϐαθ
2939 4341 3066 4406 μοῖς
3099 4339 3248 4404 ὁδὸν,
3274 4340 3417 4392 ὥστε
3452 4339 3582 4390 ἀνα-

372 4424 769 4488 omnes-gradus
791 4436 915 4479 sunt
941 4427 1225 4483 Servator:
1251 4430 1402 4499 cujus
1442 4431 1747 4493 humanitas
1779 4445 1883 4496 gra-

1994 4428 2149 4495 ϐῆναι
2191 4425 2256 4476 δι’
2288 4423 2445 4475 αὐτοῦ
2478 4424 2628 4486 ὄντος
2673 4427 2764 4476 καὶ
2796 4426 3063 4493 ἀγγέλου,
3106 4432 3207 4482 καὶ
3240 4431 3354 4482 τῶν
3386 4427 3586 4481 λοιπῶν

375 4511 476 4564 dus
501 4511 722 4567 inferior
746 4517 908 4572 veluti
934 4520 1136 4587 primus
1153 4530 1234 4574 est
1257 4539 1272 4579 :
1298 4535 1392 4589 per
1417 4521 1883 4589 quamgrailieutes

1993 4514 2282 4582 δυνάμεων.
2344 4513 2450 4564 Καὶ
2499 4513 2637 4564 κατά
2675 4512 2773 4574 τὰς
2806 4515 3057 4578 ἐπινοίας
3097 4519 3157 4571 δὲ
3202 4520 3374 4574 αὑτοῦ
3410 4521 3588 4588 (εἰπερ

373 4601 655 4655 emetimur
701 4617 910 4659 omnem
943 4609 1203 4676 graduum
1237 4610 1400 4672 viam,
1447 4619 1502 4662 et
1549 4610 1798 4676 deinceps
1837 4624 1883 4660 e:

1995 4603 2173 4671 ἕτερόν
2223 4603 2365 4652 ἐστιν
2417 4601 2531 4663 όδὸς
2571 4603 2664 4654 καὶ
2707 4601 2892 4674 θύρα),
2939 4611 3380 4679 προαπαντῆσαι
3415 4611 3496 4662 δεῖ
3523 4611 3586 4677 τῇ

374 4702 492 4758 quae
540 4690 664 4757 ipse,
687 4701 766 4746 est
792 4709 806 4755 ;
834 4693 902 4746 ita
941 4704 998 4749 ut
1037 4698 1387 4751 ascenilainns
1427 4713 1520 4762 per
1566 4697 1760 4765 ipsum,
1809 4711 1877 4764 qu

2002 4690 2123 4759 ὁδῷ,
2149 4691 2233 4744 ἵνα
2263 4689 2396 4759 μετά
2418 4689 2585 4741 ταῦτα
2602 4691 2772 4753 οὕτως
2805 4693 2992 4764 φθάσῃ
3023 4713 3109 4758 τις
3142 4699 3240 4749 ἐπὶ
3264 4700 3366 4767 τὴν
3395 4697 3586 4768 θύραν,

372 4774 606 4842 Angelus
633 4787 713 4830 est
735 4789 785 4831 et
810 4792 1016 4837 cantent:
1045 4786 1312 4851 potentim.
1342 4785 1478 4848 Quin
1501 4786 1662 4838 etiam
1689 4795 1883 4852 proptei

2005 4775 2096 4825 καὶ
2137 4775 2348 4844 ἄρχοντι
2392 4774 2691 4843 χρήσασθαι
2734 4777 2884 4846 αὑτῷ
2925 4780 3048 4832 καθ’
3090 4782 3120 4835 6
3164 4787 3381 4854 ποιμήν
3422 4787 3588 4847 ἐστιν,

378 4864 830 4921 considerationes
878 4871 943 4922 de
991 4870 1103 4937 ipso
1134 4870 1584 4938 (quandoquidem
1631 4871 1772 4924 aliud
1820 4887 1878 4926 es

2005 4866 2090 4916 ἵνα
2125 4881 2206 4925 τις
2231 4863 2426 4932 δυνηθῇ
2462 4865 2623 4916 αὑτοῦ
2661 4867 2970 4923 ἀπολαῦσαι
3005 4875 3100 4924 καὶ
3136 4874 3433 4942 βασιλέως,
3463 4876 3588 4927 ὄνα-

379 4956 460 5012 via
507 4966 562 5012 et
599 4955 736 5010 aliud
775 4958 1016 5026 ostium),
1045 4959 1271 5025 primum
1306 4973 1586 5026 pergamus
1635 4975 1728 5027 per
1762 4961 1883 5012 viau

2007 4954 2124 5005 σθαί
2145 4970 2201 5004 τε
2227 4953 2385 5004 αὑτοῦ
2402 4953 2614 5022 πρῶτον
2634 4957 2707 5018 ὡς
2730 4958 2929 5026 ἀμνοῦ,
2958 4962 3047 5014 ἵνα
3065 4963 3288 5033 πρῶτον
3309 4966 3420 5035 ἄρῃ
3436 4964 3592 5035 ἡμῶν

379 5058 593 5097 necesse
638 5053 738 5109 est,
782 5054 839 5109 ut
883 5058 1062 5113 postea
1097 5049 1199 5101 isto
1237 5050 1389 5100 modo
1425 5048 1792 5114 perveniamus
1831 5052 1883 5101 ac

2003 5047 2099 5115 τὴν
2141 5045 2426 5114 ἁμαρτίαν,
2468 5048 2562 5098 καὶ
2606 5050 2742 5117 μετά
2764 5051 2941 5105 ταῦτα
2969 5054 3448 5126 κεκαθαρισμένοι
3479 5055 3590 5125 (15)

379 5132 620 5196 ostium;
666 5142 719 5186 et
761 5135 825 5188 ad
869 5138 1115 5191 utendum
1163 5151 1244 5199 eo,
1275 5138 1537 5205 praecipue
1563 5139 1614 5189 in
1641 5147 1878 5202 quantun

2001 5140 2254 5207 φάγωμεν
2297 5136 2457 5188 αὑτοῦ
2506 5137 2604 5207 τῆς
2643 5140 2867 5209 σαρκὸς,
2899 5143 3001 5212 τῆς
3045 5145 3314 5215 ἀληθινῆς
3357 5145 3586 5217 τροφῆς

451 5287 497 5320 ⁸⁸
513 5287 798 5352 Joan.vul,
825 5292 910 5345 l9.
986 5293 1030 5324 "
1058 5291 1212 5346 Joan.
1239 5308 1351 5355 ιιν,
1379 5291 1430 5344 9.
1503 5295 1546 5324 ⁷ο
1568 5292 1720 5346 Prov.
1768 5306 1886 5354 vm,
1910 5291 1998 5342 ἓξ.

454 5427 567 5509 (ιιι
585 5430 997 5509 rimam-ﬁc-
1026 5431 1379 5509 scribente":
1414 5431 1782 5509 προαγωιῇςκ

2013 5424 2186 5509 code;
2204 5424 2545 5509 [Epdice-ianus.

467 5493 572 5561 (l2)
691 5492 1021 5574 ῃοῦογίεκῆς
1045 5499 1169 5572 ἐστ-ι
1193 5498 1302 5572 ’τοῦ
1341 5492 1503 5560 Θεοῦ,
1523 5492 1745 5574 eic._'Sic
1771 5498 1883 5574 lium

2083 5492 2386 5574 (ιδλρριιθι.
2418 5492 2615 5560 Regius
2651 5505 2707 5574 et
2752 5499 3112 5574 Earlier-inus,
3163 5499 3584 5574 κεκαθαρισμέο

393 5560 591 5629 locum,
623 5564 673 5616 in
710 5560 872 5632 Regio
904 5560 1085 5620 codice
1113 5566 1375 5626 vitiatum,
1421 5567 1640 5621 sanitati
1677 5567 1883 5621 reStitui

2013 5577 2125 5615 νοι·
2166 5560 2506 5629 Βοιιιειιιιιιιε,
2530 5565 2950 5639 κεκαθαρμένοι.
3098 5560 3112 5569 ’
3388 5560 3430 5576 ”
