3828 6188
307 317 391 374 54]
1280 309 1622 367 ΕΟΪιιΜΕΝΤ.
1665 312 1729 365 IN
1767 311 1792 366 -1

1898 313 1954 367 Ν.
1990 309 2225 367 TOMUS
2262 300 2405 359 XIX.

3335 316 3440 368 549.

307 427 622 498 πράττουσιν,
674 427 754 478 ὅτι
815 426 987 478 πάντα
1027 426 1061 479 ἃ
1107 427 1374 494 δεδύνηται
1422 425 1732 494 πεποίηκεν,
1785 429 1795 478 1‘

1920 442 2020 481 non
2048 427 2275 480 debeant
2308 431 2496 476 contra
2536 436 2628 478 eos
2663 425 2752 493 qui
2786 424 2986 491 judicio
3013 424 3284 478 hominum
3315 437 3441 484 sunt

301 520 487 578 ἐκεῖνος
525 516 583 566 οὐ
628 517 804 568 πάντα
849 513 956 580 οἷός
999 535 1054 570 τε
1093 515 1161 586 ἧν
1205 514 1536 569 ἀπαιτεῖσθαι
1571 517 1677 568 ἀπὸ
1721 515 1812 568 τοῦ

299 608 454 674 Λόγου
483 606 516 657 ἃ
539 605 872 658 ἀποδέδωκεν
921 606 1074 674 (αι’).
1122 604 1423 671 Ἀνέδλεψεν
1453 598 1542 654 οῦν
1576 605 1654 664 είς
1693 603 1814 664 τοὺς

299 693 561 762 βάλλοντας
589 692 668 752 εἰς
694 691 754 743 τὸ
781 693 1167 760 γαζοφυλάκιον
1193 693 1260 744 τά
1280 691 1422 760 δῶρα
1454 689 1628 744 αὐτῶν
1658 690 1815 743 πλου-

299 781 428 840 σίους
456 780 482 830 ό
529 778 748 846 Ἰησοῦςο
780 781 875 831 καὶ
903 779 1020 831 ἰδὼν
1053 780 1148 848 τὴν
1179 778 1434 847 πενιχράν
1466 779 1635 847 χήραν
1648 779 1815 830 λεπτὰ

297 865 536 937 βαλοῦσαν
575 864 684 934 (i5)
719 865 846 929 δύο,
866 867 1004 935 τάχα
1028 865 1102 934 τῷ
1129 867 1403 935 γνωστικῷ
1443 866 1587 935 τόπῳ
1613 868 1704 918 καὶ
1737 866 1814 936 τῷ

294 953 556 1024 πρακτικῷ
601 954 963 1024 ἁπλούστερον
1013 955 1138 1023 περὶ
1168 955 1274 1006 τῶν
1311 955 1465 1007 θείων
1501 954 1809 1024 φρονοῦσαν,

292 1043 373 1094 καὶ
398 1042 644 1108 ἀνάλογον
670 1042 882 1103 τούτοις
930 1041 1164 1110 βιοῦσαν,
1194 1039 1360 1094 εἶπεν
1399 1062 1418 1093 ι
1465 1042 1695 1110 Ἀληθῶς
1727 1043 1809 1095 λέ-

289 1151 360 1200 γω
389 1134 526 1202 ὑμῖν,
555 1133 634 1184 ὅτι
664 1133 696 1200 ή
729 1133 873 1202 χήρα
921 1138 952 1203 ή
1005 1137 1188 1205 πτωχὴ
1220 1135 1353 1206 αῦτη
1399 1137 1574 1187 πλεῖον
1603 1135 1812 1187 πάντων

287 1219 442 1272 ἔϐαλε.
483 1239 502 1269 ι
528 1220 633 1270 Kal.
683 1221 842 1273 τοῦτο
881 1219 1004 1274 εἷπε
1047 1223 1155 1290 (‘26)
1189 1223 1428 1294 καθορῶν
1463 1225 1581 1276 τίνα
1619 1223 1812 1288 τρόπον

286 1305 691 1358 πολλαπλασίονα
751 1307 1037 1377 δυνάμενοι
1090 1311 1270 1381 φέρειν
1321 1313 1398 1372 είς
1435 1312 1495 1362 τὸ
1533 1311 1724 1370 κοινὸν,
1761 1311 1809 1362 οξ

283 1395 389 1446 ὅσον
421 1397 508 1448 ἐπὶ
534 1397 597 1463 τῇ
636 1395 866 1464 δυνάμει
906 1399 1144 1451 πλούσιοι
1178 1401 1239 1450 ὲκ
1273 1399 1363 1451 τοῦ
1405 1399 1810 1468 περισσεύοντος

281 1480 444 1542 αὐτοῖς
467 1480 647 1532 ἐὸαλον
671 1481 751 1544 είς
781 1482 854 1534 τὰ
887 1483 1029 1554 δῶρα
1060 1484 1150 1536 τοῦ
1188 1485 1320 1536 Θεοῦ
1391 1485 1660 1554 ἐλάχιστον
1697 1485 1806 1553 (27)

283 1565 448 1634 μόριον
477 1563 548 1618 ὧν
574 1563 674 1618 οἷοί
703 1584 761 1618 τε
791 1564 935 1636 ἦσαν
960 1571 1342 1639 συνεισφέρειν.
1365 1571 1620 1623 Κατανόει
1642 1570 1694 1620 δὲ
1718 1571 1808 1622 καὶ⁸

279 1651 342 1702 τά
381 1651 471 1719 τῆς
509 1653 678 1721 χήρας
717 1654 1094 1725 ὑστερήματα,
1130 1657 1220 1708 καὶ
1251 1659 1329 1709 δτι
1359 1657 1652 1726 βιασαμένη
1679 1661 1804 1710 ἐαυ-

1915 518 2181 570 tenuiores
2210 531 2224 566 :
2267 526 2368 565 non
2403 515 2546 567 enim
2584 525 2760 569 certus
2789 525 2868 569 est
2900 515 3089 577 fidelis,
3124 515 3438 572 existimans

1911 621 1968 660 se
1996 607 2212 659 meliora
2247 612 2299 656 et
2339 604 2634 671 copiosiora
2667 604 2859 664 facere,
2892 603 3168 657 conferens
3205 607 3435 672 seipsum

1914 708 2032 745 cum
2064 693 2276 746 minima
2309 693 2608 759 agentibus,
2637 693 2778 758 quod
2803 691 2979 744 omnia
3003 705 3119 756 quae
3155 694 3324 759 potuit
3352 691 3436 745 fe-

1913 783 1987 836 cit
2019 800 2032 846 ;
2071 782 2153 834 vel
2183 783 2320 850 quod
2369 796 2463 848 per
2517 780 2852 844 Sermonem,
2891 790 2943 832 et
2984 779 3173 832 Filium
3207 781 3297 832 Dei
3333 794 3436 833 non

1912 880 2153 941 poterant
2178 871 2316 938 exigi
2349 871 2504 922 abeo
2532 871 2708 922 omnia
2739 883 2856 934 qum
2901 869 3145 921 reddidit.
3185 867 3437 932 Respexit

1911 974 2036 1030 ergo
2065 961 2130 1014 ad
2158 974 2250 1012 eos
2273 958 2460 1011 divites
2477 957 2651 1016 Jesus.
2679 957 2768 1023 qui
2797 971 3011 1008 munera
3038 971 3129 1008 sua
3155 955 3434 1008 mittebant

1911 1049 1963 1101 in
1995 1045 2421 1117 gazophylacium
2458 1061 2470 1096 :
2499 1054 2551 1098 et
2575 1044 2798 1095 intuitus
2815 1041 3188 1108 pauperculam
3219 1039 3431 1092 viduam

1909 1135 2112 1188 minuta
2144 1136 2245 1187 duo
2279 1134 2573 1184 mittentem
2627 1128 2904 1196 (fortassis
2947 1127 3271 1193 cogitantem
3299 1128 3430 1177 sitn-

1909 1222 2100 1289 plicius
2127 1221 2192 1274 de
2223 1219 2378 1272 rebus
2405 1217 2599 1271 divinis
2625 1212 3092 1280 contemplatione,
3117 1221 3170 1264 et
3197 1211 3428 1274 actione,

1907 1317 1961 1362 et
1987 1316 2376 1374 consequenter
2413 1305 2495 1358 his
2524 1304 2832 1368 viventem),
2867 1299 3004 1352 dixit
3046 1318 3057 1351 :
3103 1317 3122 1350 ι
3157 1299 3289 1352 Vere
3311 1299 3432 1352 dico

1906 1397 2060 1449 vobis
2091 1395 2305 1447 viduam
2358 1393 2496 1446 hanc
2545 1405 2830 1460 pauperem
2883 1388 3000 1456 plus
3045 1400 3200 1454 quam
3244 1401 3431 1440 omnes

1907 1483 2116 1535 misisse
2153 1482 2198 1513 ⁷⁸
2237 1499 2250 1534 :
2295 1499 2314 1531 ι
2342 1481 2483 1547 (μιοά
2539 1480 2669 1531 dixit
2709 1478 3003 1544 despiciens
3043 1476 3429 1542 quodammodo

1906 1567 2118 1631 divites,
2154 1569 2242 1635 qui
2294 1567 2458 1618 multo
2505 1565 2801 1632 c0piosiora
2860 1562 2999 1614 ferre
3048 1561 3100 1614 in
3144 1574 3430 1614 commune

1905 1655 2162 1719 valentes,
2213 1655 2354 1720 quod
2389 1655 2453 1706 ad
2484 1653 2774 1720 potentiam
2819 1651 3027 1714 attinet,
3064 1663 3129 1702 ex
3173 1663 3238 1703 eo
3282 1650 3426 1717 quod

277 1737 363 1808 τὴν
403 1739 567 1792 πάντα
604 1740 662 1792 ὃν
699 1737 850 1810 εἶχεν
893 1743 1006 1812 βίον
1038 1745 1258 1813 ἤνεγκεν
1290 1747 1368 1807 είς
1409 1745 1465 1797 τὸ
1497 1747 1552 1796 ὲν
1572 1745 1646 1813 τῷ
1679 1745 1795 1814 ἱερῷ

1904 1743 2008 1795 illis
2035 1742 2385 1806 redundabat,
2433 1741 2714 1795 mittebant
2755 1741 2806 1792 in
2847 1751 3064 1792 munera
3096 1739 3186 1793 Dei
3219 1748 3424 1806 partem

281 1825 668 1892 γαζοφυλάκιον,
699 1829 1081 1898 προσφέρουσα
1102 1831 1274 1883 πᾶσαν
1302 1831 1396 1899 τὴν
1429 1830 1647 1900 δύναμιν
1678 1833 1804 1882 ἑαυ-

275 1913 361 1980 τῆς
383 1912 453 1981 τῷ
469 1913 601 1983 Θεῷ.
639 1915 749 1966 Ἀεὶ
766 1917 947 1968 τοίνυν
967 1919 995 1968 ό
1025 1917 1245 1985 Ἰησοῦς,
1273 1917 1410 1970 κατὰ
1443 1920 1536 1986 μὲν
1554 1919 1645 1971 τὸν
1674 1921 1805 1972 Λου-

277 2001 383 2058 κᾶν,
414 2002 718 2054 ἀναϐλέπων
755 2006 843 2066 είς
868 2007 991 2066 τοὺς
1014 2005 1293 2072 βάλλοντας
1319 2009 1392 2068 είς
1413 2008 1470 2058 τὸ
1503 2006 1802 2075 γαζοφυλά-

277 2102 378 2137 κιον
402 2088 669 2151 πλουσίους
698 2090 766 2141 τὰ
800 2090 946 2161 δῶρα
979 2092 1172 2155 αὐτῶν,
1197 2095 1294 2162 ὁρᾷ
1313 2094 1404 2145 καὶ
1433 2097 1527 2162 τὴν
1549 2097 1802 2165 πενιχρὰν

276 2173 426 2240 χήραν
463 2173 750 2240 βάλλουσαν
785 2175 958 2228 λεπτά
1000 2177 1108 2228 δύο⁶
1160 2178 1296 2229 κατὰ
1339 2179 1394 2228 δὲ
1424 2180 1512 2230 τὸν
1560 2179 1799 2248 Μάρκον,

274 2260 423 2322 ἑστὼς
459 2263 732 2316 κατέναντι
765 2263 863 2315 τοῦ
893 2264 1280 2332 γαζοφυλακίου
1317 2266 1506 2334 θεωρεῖ
1537 2267 1652 2318 τίνα
1682 2269 1803 2336 τρό-

274 2365 362 2399 πον
390 2352 489 2411 πᾶς
514 2351 678 2414 ὁλαὸς
709 2352 897 2420 βάλλει
929 2354 1064 2406 κατὰ
1088 2353 1310 2421 δύναμιν
1349 2355 1437 2405 τὸν
1469 2355 1651 2424 νοητὸν
1678 2356 1801 2424 χαλ.

272 2433 356 2487 κδν
398 2440 472 2499 εἰς
499 2438 560 2490 τὸ
607 2437 1030 2507 γαζοφυλάκιονο
1078 2442 1168 2493 καὶ
1198 2442 1271 2502 ὡς
1313 2442 1467 2509 μόνος
1512 2442 1799 2512 δυνάμενος

272 2523 467 2590 βλέπειν
520 2529 644 2590 τοὺς
698 2529 1024 2592 πλουσίους,
1075 2525 1209 2580 εἶδεν
1271 2525 1356 2581 οἷά
1419 2547 1543 2582 ποτε
1614 2533 1796 2602 πτωχὴ

266 2612 396 2683 ψυχὴ
449 2616 538 2666 καὶ
585 2618 957 2687 ύστερουμένη
1023 2617 1130 2687 (28)
1188 2619 1364 2687 βάλλει
1411 2620 1506 2690 ὅλῃ
1558 2620 1793 2689 δυνάμει,

268 2702 351 2752 καὶ
383 2702 466 2753 διὰ
504 2704 655 2756 τοῦτο
685 2705 804 2774 (‘29)
838 2705 1180 2775 δικαιουμένη
1226 2708 1370 2776 παρὰ
1412 2711 1533 2770 τοὺς
1577 2710 1796 2773 πολλοὺς

266 2789 547 2854 πλουσίους.
583 2795 764 2864 Ἀπερ
795 2795 856 2846 ού
880 2798 990 2856 τοῖς
1013 2797 1230 2864 τυχοῦσι
1261 2797 1422 2864 λέγει,
1451 2799 1561 2850 ἀλλ’
1581 2799 1654 2863 ὥς
1690 2819 1793 2871 φη-

267 2892 341 2928 σιν
366 2879 392 2928 ὁ
419 2880 655 2949 Μάρκος,
699 2885 817 2944 τοῖς
863 2883 1127 2952 μαθηταῖς
1159 2885 1350 2937 αὐτοῦ·
1384 2887 1476 2938 καὶ
1525 2888 1618 2940 νῦν
1665 2889 1791 2959 γὰρ,

1903 1831 2174 1884 minimam
2219 1844 2400 1884 eorum
2443 1843 2560 1897 quae
2598 1829 2793 1882 inferre
2835 1836 3097 1894 poterant.
3135 1826 3424 1880 Considera

1901 1918 2057 1972 etiam
2085 1917 2254 1970 viduae
2283 1917 2553 1984 penurias,
2599 1925 2649 1968 et
2693 1916 2834 1982 quod
2867 1915 2971 1967 vim
3015 1915 3114 1967 sibi
3164 1915 3423 1976 inferens,

1901 2018 2109 2057 omnem
2140 2017 2299 2070 quam
2329 2002 2557 2054 habebat
2589 2003 2943 2055 substantiam
2981 2001 3163 2055 tulerit
3196 2001 3249 2054 in
3289 2010 3425 2055 tem-

1901 2092 2062 2159 plum,
2110 2091 2161 2143 in
2218 2090 2673 2159 gazOpliylacium,
2722 2089 2947 2144 offerens
2985 2105 3194 2143 omnem
3239 2101 3424 2158 poten-

1902 2183 2024 2232 tiam
2045 2195 2192 2232 suam
2227 2181 2354 2232 Deo.
2379 2179 2601 2244 Semper
2630 2179 2788 2245 igitur
2819 2178 2994 2237 Jesus.
3017 2179 3170 2244 juxta
3201 2179 3418 2244 Lucam,

1901 2268 2193 2334 respiciens
2232 2267 2285 2318 in
2313 2267 2504 2319 divites
2547 2267 2816 2319 mittentes
2855 2281 3074 2319 munera
3113 2267 3288 2318 suain
3330 2281 3424 2332 ga-

1899 2357 2287 2424 zophylacium,
2313 2355 2453 2408 videt
2475 2355 2634 2406 etiam
2666 2354 3034 2420 pauperculam
3060 2355 3270 2406 viduam
3299 2355 3423 2406 mit-

1899 2457 2094 2499 tentem
2129 2445 2332 2497 minuta
2362 2443 2487 2496 duo.
2524 2439 2679 2494 Juvta
2714 2441 2944 2494 Marcum
2982 2455 3128 2502 vero,
3171 2457 3289 2494 cum
3336 2457 3421 2495 se-

1895 2535 2032 2588 derit
2055 2549 2119 2587 ex
2151 2534 2373 2585 adverso
2403 2531 2783 2600 gamphylacii,
2829 2531 2968 2584 videt
3005 2545 3233 2596 quonam
3263 2531 3420 2582 modo

1893 2624 2065 2676 omnis
2089 2621 2310 2689 populus
2334 2620 2492 2671 mittit
2513 2635 2608 2685 pro
2626 2618 2826 2670 viribus
2844 2618 2953 2671 suis
2972 2633 3044 2670 aes
3065 2618 3342 2679 spirituale
3363 2619 3417 2670 in

1893 2711 2324 2780 gazophylacium
2350 2728 2362 2762 :
2391 2721 2464 2773 et,
2495 2719 2742 2775 tanquam
2770 2709 2860 2775 qui
2887 2708 3032 2761 solus
3054 2707 3232 2759 videre
3254 2708 3422 2773 possit

1893 2801 2105 2862 divites,
2151 2799 2292 2850 videt
2328 2813 2566 2863 qua-nam
2615 2796 2824 2848 tandem
2865 2796 3036 2847 mittat
3069 2795 3120 2846 in
3152 2794 3277 2846 illud
3321 2809 3418 2861 pro

1891 2888 2093 2940 viribus
2141 2887 2253 2938 suis
2302 2885 2461 2936 etiam
2513 2885 2686 2934 anima
2741 2882 3056 2949 paupercula
3106 2891 3160 2933 et
3201 2896 3417 2946 egena:

264 2967 707 3037 προσκαλούμενος
747 2972 874 3032 τοὺς
909 2971 1148 3039 μαθητὰς
1189 2973 1368 3035 αὑτοῦ,
1402 2975 1544 3042 λέγει
1573 2977 1750 3040 αὐτοῖς
1772 3018 1786 3041 ,

1898 2975 2046 3042 291
2088 2989 2206 3039 qua:
2238 2971 2364 3038 quia
2395 2971 2532 3038 quod
2560 2978 2731 3036 potest
2761 2969 2940 3028 mittit,
2973 2983 3078 3034 prae
3108 2967 3290 3019 multis
3335 2969 3420 3019 di-

261 3052 506 3108 διδάσκων
545 3058 788 3126 βλέπειν,
825 3063 921 3128 οὐχ
953 3061 1028 3123 ὼς
1073 3061 1256 3129 ὄψεται
1309 3064 1623 3134 ἄνθρωπος,
1679 3067 1788 3118 ἀλλ’

261 3141 329 3204 ὡς
357 3143 532 3212 ὄψεται
559 3149 586 3198 ὁ
609 3148 746 3209 Θεὸς
790 3148 1088 3218 (ἄνθρωπος
1143 3151 1248 3220 γὰρ
1295 3153 1478 3218 ὄψεται
1520 3155 1598 3216 εἰς
1633 3156 1794 3224 πρόσ-

255 3245 411 3294 ωπον,
431 3235 458 3284 ό
482 3235 537 3285 δὲ
567 3235 696 3298 Θεὸς
723 3235 916 3302 ὄψεται
936 3238 1012 3299 είς
1035 3238 1299 3306 καρδίαν),
1316 3240 1391 3290 τό·
1417 3257 1434 3289 ι
1458 3241 1622 3308 Ἀμὴν
1655 3241 1792 3308 λέγω

260 3317 395 3385 ὑμῖν,
429 3323 506 3372 ὅτι
539 3324 570 3390 ή
605 3325 752 3392 χήρα
775 3325 806 3390 ή
830 3323 1015 3392 πτωχὴ
1042 3323 1174 3394 αὕτη
1206 3326 1381 3378 πλεῖον
1403 3327 1610 3380 πάντων
1638 3329 1790 3381 ἔϐαλε

255 3406 353 3458 τῶν
383 3407 672 3476 βαλλόντων
722 3414 804 3472 είς
836 3412 894 3464 τὸ
921 3413 1328 3479 γαζοφυλάκιον,
1358 3433 1376 3464 ι
1411 3417 1501 3467 καὶ
1543 3416 1609 3467 τά
1646 3416 1787 3486 ἑξῆς.

257 3495 315 3546 Τί
338 3497 395 3566 δή
425 3515 512 3566 μοι
540 3500 714 3552 ταῦτα
739 3502 911 3552 πάντα
941 3501 1200 3568 βούλεται,
1229 3504 1577 3571 προκειμένου
1606 3505 1790 3574 διηγή-

253 3585 432 3637 σασθαι
461 3587 542 3649 τὸ,
590 3607 608 3638 ι
660 3587 845 3639 Ταῦτα
897 3589 962 3640 τὰ
1011 3592 1222 3659 ῥήματα
1255 3591 1288 3642 ἃ
1320 3592 1570 3660 ἐλάλησεν
1614 3594 1670 3643 ὲν
1713 3593 1788 3662 τῷ

251 3671 633 3745 γαζοφυλακίῳ,
670 3677 938 3729 διδάσκων
968 3680 1022 3729 ὲν
1049 3679 1123 3748 τῷ
1153 3679 1296 3749 ἱερῷ,
1328 3695 1346 3728 ›
1375 3678 1406 3748 ἢ
1430 3680 1784 3749 παραστῆσαι,

249 3763 324 3814 δτι
349 3765 558 3816 πάντων
598 3767 1062 3835 συνεισφερόντων
1105 3767 1162 3817 ὲν
1190 3766 1264 3834 τῷ
1290 3766 1663 3835 γαζοφυλακίῳ
1691 3767 1784 3820 τοῦ

251 3852 383 3921 ίεροῦ
428 3853 519 3904 τοῦ
564 3856 708 3926 ὑπὲρ
750 3855 841 3906 τοῦ
875 3854 1048 3906 κοινοῦ
1074 3854 1139 3905 τὰ
1169 3854 1426 3922 θρέψοντα
1462 3855 1583 3915 τοὺς
1605 3855 1786 3922 δεομέ-

247 3954 380 4000 νους,
416 3941 614 4009 μᾶλλον
670 3942 888 3993 πάντων
931 3943 1092 4010 ἐχρῆν
1132 3943 1220 3992 τὸν
1256 3942 1458 4008 Ἰησοῦν
1490 3942 1668 4011 φέρειν
1717 3942 1783 3993 τὰ

245 4024 620 4096 ὠφελήσαντα,
676 4030 821 4099 άπερ
873 4025 939 4098 ἦν
975 4018 1188 4099 ῥήματα
1233 4029 1374 4098 ζωῆς
1424 4031 1656 4092 αἰωνίου,
1690 4032 1782 4084 καὶ

243 4109 544 4165 διδασκαλία
578 4117 611 4183 ἡ
640 4116 770 4184 περὶ
809 4116 962 4178 Θεοῦ,
989 4119 1078 4169 καὶ
1103 4116 1326 4179 ὲαυτοῦ;
1361 4119 1465 4169 Καὶ
1498 4119 1689 4181 παντός
1718 4136 1780 4186 γε

245 4199 564 4267 νομίσματος
590 4203 1016 4273 τιμαλφέστερον
1043 4201 1108 4274 ἦν
1136 4205 1214 4268 τὸ,
1241 4222 1258 4253 ι
1301 4204 1436 4270 Ἐγὼ
1459 4207 1572 4273 είμι
1594 4207 1652 4258 τὸ
1670 4207 1781 4274 φῶς

1894 3065 2086 3116 vitibus
2125 3061 2450 3127 justilieatur
2481 3061 2659 3111 etiam.
2700 3057 2807 3108 Nec
2850 3057 2960 3109 hmc
2990 3058 3219 3123 loquitur
3261 3055 3418 3110 Jesus

1889 3151 2216 3218 vulgaribus,
2273 3150 2406 3208 sed,
2465 3146 2906 3214 quenmdmodmn
2958 3144 3166 3196 Marcus
3221 3146 3415 3212 inquit,

1888 3237 2162 3302 discipulis
2211 3236 2340 3286 suis.
2369 3231 2584 3285 Etenim
2622 3245 2760 3282 nunc
2807 3245 3113 3283 convocans
3153 3231 3217 3281 ad
3253 3246 3310 3285 se
3335 3233 3417 3284 di-

1889 3325 2116 3391 scipnlos
2162 3338 2306 3387 suos,
2350 3322 2476 3373 dicit
2503 3321 2604 3372 illis
2629 3319 2778 3381 illud,
2835 3321 3065 3371 edocens
3102 3334 3193 3372 eos
3225 3329 3282 3372 ut
3339 3321 3416 3373 vi-

1887 3416 2062 3476 deant,
2081 3429 2179 3465 non
2198 3411 2638 3480 quemadmodum
2668 3411 2847 3472 homo,
2863 3409 2952 3461 sed
2975 3409 3413 3474 quemadmodum

1885 3505 2030 3556 videt
2081 3503 2220 3555 Deus
2258 3503 2438 3571 (homo
2475 3500 2618 3554 enim
2648 3497 2791 3550 videt
2837 3501 2888 3551 in
2937 3497 3090 3557 facie.
3120 3497 3257 3550 Deus
3285 3512 3413 3551 vero

1885 3591 1937 3642 in
1957 3591 2114 3642 corde
2137 3591 2202 3656 ⁷⁸)
2232 3607 2245 3641 :
2273 3605 2293 3638 ι
2316 3590 2481 3641 Amen
2506 3590 2626 3641 dico
2653 3587 2800 3642 vobis
2827 3587 3034 3637 viduam
3064 3587 3199 3638 hanc
3218 3599 3414 3652 paupe-

1885 3692 1996 3730 rem
2023 3677 2140 3745 plus
2155 3677 2398 3730 omnibus
2421 3677 2646 3738 misisse,
2679 3675 2769 3741 qui
2793 3675 3048 3726 miserunt
3069 3677 3119 3727 in
3145 3677 3414 3744 gazophy-

1883 3766 2128 3827 lacium,»
2153 3775 2206 3818 et
2229 3781 2346 3832 qua:
2360 3774 2672 3832 sequuntur.
2690 3762 2791 3814 Sed
2805 3763 3286 3829 quidnam,qu:eso,
3309 3777 3411 3828 pn-

1885 3866 1962 3908 tas
1985 3870 2066 3908 me
2083 3856 2212 3908 velle
2229 3856 2326 3907 hoc
2355 3854 2506 3920 longo
2529 3852 2838 3922 hyperbato,
2863 3867 2980 3902 cum
2999 3852 3322 3918 propositum
3340 3849 3408 3901 sit

1880 3945 2007 3998 illud
2040 3945 2238 3996 dictum
2267 3958 2559 4007 exponere:
2585 3961 2601 3992 ι
2630 3942 2749 3994 llzec
2779 3939 2936 3992 verba
2961 3955 3076 4006 quae
3101 3940 3303 3991 locutus
3327 3947 3409 3990 est

1877 4032 2481 4101 Jesusingazophylacio
2503 4035 2696 4083 docens
2716 4033 2766 4082 in
2804 4029 3016 4097 templo,
3047 4046 3065 4078 ι
3099 4028 3198 4080 nisi
3227 4035 3408 4079 osten-

1880 4125 2003 4175 dere
2033 4121 2172 4189 quod
2207 4121 2456 4173 omnibus
2505 4117 2854 4170 inferentibus
2877 4119 2928 4168 in
2973 4114 3404 4184 gazophylaciqu

1883 4211 2059 4278 templi
2109 4225 2226 4278 quae
2278 4210 2330 4262 in
2377 4208 2644 4262 connnuni
2701 4207 2952 4258 alimento
2998 4204 3176 4257 futura
3227 4214 3404 4256 essent

242 4284 329 4337 τοῦ
361 4288 596 4358 κόσμου,
629 4311 648 4342 ι
703 4293 762 4343 ὲν
800 4292 877 4361 τῷ
913 4294 1283 4361 γαζοφυλακίῳ
1332 4295 1638 4363 εἰρημένον,
1687 4299 1778 4350 καὶ

1898 4299 2178 4366 :gentibns,
2208 4311 2425 4350 necesse
2461 4297 2530 4348 sit
2555 4295 2628 4346 uti
2654 4292 2807 4346 Jesus
2837 4293 3006 4359 magis
3037 4305 3195 4360 quam
3219 4303 3403 4342 omnes

240 4375 318 4436 τὸ,
349 4395 366 4426 ι
395 4379 455 4429 El
495 4381 599 4448 ἐμὲ
628 4382 828 4450 ᾔδειτε,
859 4384 950 4433 κα)¹
979 4384 1066 4434 τὸν
1095 4383 1309 4452 Πατέρα
1331 4400 1428 4451 μου
1460 4383 1522 4436 ἂν
1553 4385 1776 4453 ᾔδειτε,ι

1902 4387 2074 4438 nl’erat
2105 4401 2223 4453 qua:
2255 4385 2469 4438 utilitati
2497 4386 2603 4438 sint
2634 4385 2832 4444 futura.
2874 4397 3062 4448 nempe
3091 4382 3251 4434 verba
3283 4379 3403 4429 vita:

241 4463 328 4514 καὶ
354 4465 448 4518 ὅλα
477 4468 548 4519 τὰ
585 4468 730 4520 κατὰ
771 4469 861 4521 τὸν
899 4469 1075 4523 τόπον.
1114 4473 1222 4524 Καὶ
1253 4473 1282 4522 ὁ
1309 4473 1412 4532 πᾶς
1443 4488 1504 4538 γε
1528 4474 1632 4526 τῶν
1669 4474 1777 4526 λοι-

1898 4486 2108 4541 ιιιετηαι,
2158 4486 2212 4529 et
2260 4478 2516 4531 doctrina:
2566 4479 2630 4531 de
2660 4477 2788 4539 Deo,
2833 4486 2887 4527 et
2933 4475 2999 4526 de
3037 4488 3095 4526 se
3139 4469 3295 4538 ipso?
3325 4470 3401 4520 Ac

239 4552 347 4603 πῶν
379 4557 457 4616 είς
487 4558 549 4609 τὸ
581 4557 976 4626 γαζοφυλάκιον
1013 4561 1278 4629 φερόντων
1325 4561 1360 4612 ἃ
1397 4557 1534 4629 εἶχον
1559 4563 1773 4632 χρυσὸς,

1898 4565 2197 4633 ιριοηάίιιὶυε
2247 4567 2482 4633 profecto
2513 4567 2699 4635 quovis
2728 4566 3048 4618 numismate
3080 4563 3208 4614 illud
3258 4569 3395 4620 erat,

236 4639 450 4711 ψάμμος
478 4641 548 4714 ἦν
575 4647 734 4714 ὀλίγη
763 4647 837 4707 ὡς
876 4648 1009 4716 πρὸς
1031 4649 1097 4701 τά
1139 4648 1308 4716 Ἰησοῦ
1355 4650 1584 4717 ῥήματα·
1622 4651 1777 4716 σοφία

1940 4653 2047 4720 Ego
2073 4667 2187 4704 sum
2216 4652 2304 4704 lux
2328 4654 2590 4718 mundi”,
2627 4671 2646 4704 ι
2674 4654 2815 4720 quod
2861 4651 3058 4704 dictum
3089 4649 3184 4700 fuit
3223 4648 3272 4698 in
3303 4661 3397 4714 ga-

236 4731 336 4802 γὰρ
362 4729 430 4802 ἦν
454 4737 565 4797 πᾶς
599 4737 630 4786 ὁ
661 4735 814 4802 λόγος
843 4736 1004 4787 αὑτοῦ
1023 4754 1034 4766 ο
1075 4755 1092 4786 ι
1127 4738 1238 4797 Πᾶς
1265 4735 1318 4786 δὲ
1349 4737 1544 4804 χρυσὸς
1574 4739 1630 4789 ὲν
1657 4739 1773 4806 ὄψει

1898 4738 2184 4805 :npbylacio
2211 4757 2224 4791 :
2261 4748 2314 4791 et
2351 4740 2473 4791 illud
2501 4754 2515 4791 :
2549 4757 2568 4790 ι
2610 4739 2665 4792 Si
2715 4755 2796 4790 nte
2826 4739 3038 4790 sciretis
3060 4775 3076 4799 ,
3105 4745 3157 4786 et
3187 4734 3394 4785 Patrem

237 4821 419 4886 σοφίας
451 4823 682 4892 ψάμμος
710 4825 896 4893 ὀλίγη,
944 4825 1035 4877 καὶ
1079 4827 1152 4887 ὡς
1199 4825 1361 4890 πηλὸς
1403 4825 1770 4896 λογισθήσεται

1898 4844 2048 4880 neum
2083 4830 2292 4882 sciretis
2316 4829 2400 4888 ⁸¹;
2440 4849 2458 4880 ι
2496 4830 2588 4882 sed
2629 4839 2680 4881 et
2723 4830 2900 4878 omnia
2929 4841 3049 4893 qua:
3069 4833 3190 4876 sunt
3223 4824 3273 4874 in
3311 4822 3397 4871 illo

206 4905 462 4986 ,ἄργυρος
489 4913 734 4965 ὲναντίον
757 4913 944 4980 αὐτῆς.
987 4932 1005 4963 ι
1034 4915 1138 4965 Καὶ
1168 4913 1338 4964 ταῦτά
1358 4928 1418 4977 γε
1444 4915 1622 4981 σαφῶς
1653 4934 1772 4986 νοη-

1898 4931 1991 4969 uco
2015 4917 2312 4986 [splendida
2342 4917 2509 4987 sunt.]
2540 4919 2712 4983 Atque
2744 4930 2929 4969 aurum
2961 4926 3089 4966 sane
3123 4925 3278 4961 omne
3297 4923 3396 4960 un-

233 4991 449 5061 οήσεται
504 5003 624 5061 τοῖς
671 5002 984 5053 κατακούειν
1018 5002 1352 5071 μεμαθηκόσι
1395 5002 1493 5070 τῆς
1545 5008 1654 5066 τοῖς
1688 5024 1770 5059 τε-

1899 5021 2110 5060 erorum
2143 5007 2232 5074 qui
2281 5007 2330 5058 in
2391 5005 2767 5075 gazophylacio
2808 5003 3045 5056 ferebant
3079 5012 3193 5066 qme
3233 4995 3396 5050 habe-

337 5129 384 5162 "
408 5131 541 5188 Luc.
571 5150 684 5200 xxt,
718 5139 772 5191 '5.
849 5135 936 5188 ’ἰ
968 5137 1094 5204 Reg.
1119 5153 1228 5197 xw,
1260 5135 1311 5185 7.
1406 5134 1450 5164 ‘°
1481 5135 1633 5192 Joan.
1659 5155 1772 5208 vnt,
1802 5143 1887 5196 l2.
1979 5138 2022 5169 δι
2051 5137 2176 5191 ibid.
2204 5136 2289 5190 l9.

300 5241 437 5310 (ἓν)
467 5245 527 5296 Ἀ
561 5245 951 5297 ἀποδέδωκεν.
983 5243 1073 5297 Sic
1095 5239 1425 5310 recteAhubel
1444 5245 1611 5298 codex
1629 5247 1760 5301 Bod-

235 5308 456 5378 la'eiunus,
488 5311 686 5378 Regius
709 5327 834 5364 vero
862 5313 991 5364 ntale
1022 5311 1200 5378 omisit
1227 5308 1282 5358 δι.

233 5376 410 5495 κει)
439 5374 624 5432 Codex
655 5379 986 5441 Bodleianns,
1030 5375 1318 5446 βαλοῦσαν,
1369 5374 1588 5443 Regius,
1632 5379 1756 5447 βάλ-

357 5462 442 5496 αν.

300 5485 619 5574 ξξιῖίιϐοάθι
652 5513 973 5570 Bodleianns.
1011 5507 1148 5569 εἷπε,
1172 5507 1393 5574 Regius,
1426 5510 1613 5562 εἰπών.

304 5580 615 5649 (‘27)Codex
649 5581 974 5642 Bodleiunus,
1022 5578 1321 5643 ἐλάχιστον,
1369 5574 1582 5645 Regius,
1633 5581 1755 5635 ἐλα-

1863 5249 2042 5318 χίστη.

1933 5308 2040 5385 (28)
2080 5312 2250 5385 _Codd.
2295 5312 2714 5385 Rarberinusct
2761 5311 3098 5385 Rotlleianns,
3134 5308 3244 5385 o’:a't_
3265 5327 3393 5385 ποτε

1863 5375 2045 5464 πτωχὴ
2061 5378 2733 5464 ψυχὴααὶρύιστερουμένη.
2771 5381 2823 5433 In
2870 5379 3032 5446 Regio
3066 5392 3160 5442 pro
3191 5375 3280 5432 οἷα
3322 5380 3394 5432 le.

1862 5448 2095 5519 gomet.
2123 5448 2169 5519 et
2197 5448 2342 5519 deest
2365 5448 2525 5519 ψυχή.

1931 5518 2039 5622 ςὶθ)
2065 5515 2168 5568 Καὶ
2210 5515 2305 5568 διὰ
2345 5509 2532 5569 τοῦτο,
2567 5512 2622 5568 In
2651 5516 2832 5574 codice
2863 5513 3030 5584 Regio
3060 5509 3396 5570 desideratur

1862 5603 1968 5638 και.
