3828 6206
391 255 486 308 Si?

395 383 496 420 tum
527 361 758 417 valentes
805 367 976 410 autem
1024 369 1088 408 eo
1117 355 1257 422 quod
1290 353 1525 419 nollent;
1576 369 1695 406 nam
1732 355 1774 406 si
1821 368 1910 403 νο-
1939 359 1980 413 Α

392 456 556 505 lentes
585 465 687 503 non
722 455 983 515 poterant,
1010 445 1420 511 haudquaquam
1468 443 1572 494 illis
1621 442 1909 494 rationabi-

389 548 506 598 liter
537 545 846 595 diceretur:
893 557 910 588 ι
960 539 1013 590 In
1049 546 1266 604 peccato
1298 544 1476 589 vestro
1525 535 1844 588 moriemini.
1887 551 1905 583 ι

389 639 456 685 At
485 646 608 683 vero
647 629 839 696 aliquis
883 637 1066 679 contra
1099 626 1198 678 hoc
1251 625 1488 678 dicturus
1533 633 1658 676 est:
1693 623 1747 675 Si
1799 622 1910 674 haec

389 722 594 774 dicebat
634 733 734 769 non
765 716 1193 784 permanantibus
1222 715 1272 766 in
1310 714 1432 778 ﬁde,
1479 714 1746 782 quomodo
1794 711 1911 762 tali-

389 810 491 860 bus
521 806 650 858 dicit
683 822 695 856 :
726 823 743 854 ι
780 805 1038 868 Qumretis
1071 804 1198 857 me?
1245 822 1262 852 ι
1304 803 1432 854 Nam
1465 816 1703 865 quareret
1732 799 1910 852 Jesum

386 909 746 962 saepvnumero
793 903 875 947 est
903 895 1116 957 bonum,
1149 893 1288 960 quod
1321 893 1458 946 idem
1495 891 1606 944 fere
1639 891 1729 951 sit,
1772 889 1910 956 quod

387 997 623 1050 quaerere
671 983 982 1035 Sermonem
1008 1021 1022 1042 ,
1055 990 1107 1034 et
1136 983 1439 1043 veritatem,
1473 989 1527 1032 et
1574 979 1910 1046 sapientium.

391 1077 492 1128 Sed
544 1076 886 1142 respondebis
937 1077 1035 1128 hoc
1079 1075 1320 1135 verbum,
1371 1069 1764 1141 quzerere,dici
1819 1067 1916 1119 ali-

389 1164 602 1232 quando
631 1165 694 1216 de
726 1165 807 1216 his
832 1163 920 1229 qui
953 1163 1172 1215 insidias
1193 1170 1435 1223 struunt,
1470 1156 1912 1226 quemadmodum

391 1256 442 1306 iu
475 1253 563 1304 illo
589 1253 730 1305 dicto
757 1267 770 1305 :
806 1269 823 1300 ι
860 1251 1178 1316 Quazrebaut
1206 1265 1324 1303 eum
1359 1247 1712 1316 prehendere,
1743 1253 1795 1298 et
1823 1260 1916 1296 ne-

393 1358 480 1394 tno
515 1342 565 1392 in
599 1356 718 1393 eum
761 1340 940 1406 injecit
983 1355 1169 1391 manus
1195 1377 1210 1405 ,
1246 1339 1384 1406 quod
1414 1336 1645 1389 nomium
1687 1334 1916 1386 venisset

400 1429 528 1480 hora
559 1428 674 1493 ejus
703 1428 757 1492 ⁸;
799 1446 818 1479 ι
858 1438 911 1481 et
947 1429 996 1480 in
1030 1430 1126 1480 hoc
1159 1445 1218 1484 :_t
1257 1427 1386 1479 Novi
1413 1440 1508 1478 vos
1538 1423 1804 1476 Abraham
1833 1434 1917 1473 sc-

394 1531 511 1569 men
546 1531 682 1581 esse,
715 1519 807 1570 sed
843 1517 1082 1583 quaeritis
1119 1532 1199 1569 uie
1223 1514 1539 1575 interﬁcere,
1572 1512 1712 1581 quod
1741 1523 1917 1562 sermo

394 1619 540 1658 meus
587 1621 690 1658 non
740 1607 883 1673 capit
933 1606 984 1657 iu
1041 1605 1276 1668 vobis“;
1328 1621 1345 1654 ι
1383 1612 1436 1655 et
1489 1603 1540 1654 in
1585 1596 1918 1667 hoc:29&.

398 1711 415 1742 ι
451 1692 599 1743 Νυηο
629 1700 804 1744 autem
839 1693 1077 1760 qumritis
1130 1705 1212 1743 me
1261 1689 1579 1751 interﬁcere,
1625 1688 1911 1748 hominem,

394 1779 482 1844 qui
529 1779 733 1832 locutus
778 1794 895 1831 sum
944 1781 1226 1831 veritatem
1273 1777 1439 1839 vobis,
1477 1791 1634 1844 quam
1668 1775 1848 1827 audivi
1886 1789 1915 1826 a

396 1863 551 1918 Patre
581 1867 622 1919 ⁸.
675 1885 695 1918 ι
730 1866 898 1932 Quam
937 1868 1098 1920 etiam
1153 1865 1219 1917 ob
1273 1881 1489 1917 causam
1544 1864 1738 1916 dicitur
1788 1863 1915 1915 illud

394 1969 514 2008 eum
554 1969 658 2010 non
690 1956 824 2010 bene
856 1955 1235 2022 qumrentibus,
1305 1971 1323 2004 ι
1363 1954 1424 2006 Ει
1463 1953 1708 2020 quaeretis
1742 1967 1847 2014 me,
1893 1969 1912 2002 ι

395 2053 536 2122 quod
565 2049 892 2106 contrarium
944 2061 1046 2099 non
1077 2055 1160 2099 est
1206 2046 1253 2098 ei
1286 2045 1470 2097 dicto:
1519 2062 1536 2093 ι
1582 2044 1771 2097 Omnis
1825 2042 1914 2110 qui

395 2145 603 2211 quaerit,
653 2138 856 2194 invenit
893 2138 936 2188 ⁷.
995 2155 1013 2187 ›
1045 2137 1122 2189 Ac
1171 2145 1314 2189 certe
1352 2133 1664 2188 differentiae
1712 2147 1920 2200 semper

395 2242 520 2287 sunt
547 2228 896 2300 qumrentium
939 2224 1116 2279 Jesum
1145 2266 1158 2290 ,
1193 2240 1310 2278 cum
1349 2238 1536 2278 omnes
1561 2239 1664 2276 non
1692 2223 1916 2288 sincere,

395 2330 448 2373 et
478 2334 574 2388 pro
602 2333 694 2372 sua
740 2317 970 2384 ipsorum
1025 2312 1216 2374 salute,
1265 2320 1402 2365 etut
1449 2311 1516 2362 ab
1558 2323 1622 2362 eo
1648 2308 1920 2376 iuventur,

394 2414 634 2477 quaerant
666 2419 808 2460 eum.
841 2403 979 2457 Sunt
1032 2402 1174 2454 enim
1224 2400 1382 2466 aliqui
1431 2401 1726 2452 innumeris
1767 2413 1922 2467 argu-

397 2495 613 2558 mentis,
669 2506 785 2558 qua:
835 2491 903 2544 ab
950 2492 1172 2544 honesto
1226 2489 1573 2550 deﬂexerunt,
1631 2496 1922 2553 quaerentes

395 2578 575 2633 Iesum
607 2594 623 2629 :
653 2579 1000 2644 quamobrem
1046 2574 1142 2627 soli
1184 2582 1325 2626 recte
1355 2581 1657 2639 quaerentes
1684 2588 1802 2626 eum
1831 2588 1923 2642 pa-

398 2680 511 2719 cem
555 2665 908 2727 invenerunt;
941 2663 1030 2729 qui
1060 2663 1218 2715 etiam
1245 2663 1459 2730 pr0prie
1488 2662 1732 2716 dicentur
1753 2664 1921 2730 ipsum

397 2768 637 2824 Quaerere
661 2754 712 2806 in
740 2752 999 2820 principio
1042 2750 1386 2804 exsisteutem
1433 2749 1767 2814 Sermonem,
1799 2752 1924 2804 Ser-

401 2857 608 2898 monem
651 2843 790 2910 apud
824 2841 1006 2902 Deum,
1051 2847 1108 2891 ut
1143 2839 1280 2904 ipsos
1311 2838 1540 2892 adducat
1580 2840 1645 2892 ad
1690 2837 1920 2892 Patrem.

398 2934 666 2988 Assistens
709 2939 883 2984 autem
912 2928 999 2983 ille
1046 2927 1232 2994 Λόγος,
1263 2926 1338 2996 [id
1368 2935 1472 2992 est,
1504 2927 1638 2980 ratio
1665 2936 1720 2981 et
1761 2928 1926 2982 Filius
1950 2945 1992 3001 ο

405 3019 545 3090 Dei,j
597 3028 651 3073 et
683 3019 929 3072 notiones
971 3031 1279 3085 suggerens,
1328 3015 1425 3068 nisi
1456 3016 1716 3068 admissus
1744 3015 1924 3082 fuerit,

399 3111 635 3162 minatur
685 3122 744 3161 se
779 3107 1046 3160 abiturum
1072 3140 1090 3167 ,
1141 3114 1195 3156 et
1243 3103 1415 3160 dicit:
1451 3121 1469 3154 ι
1506 3103 1617 3172 Εκο
1667 3104 1843 3168 vado;
1901 3122 1921 3156 ι

399 3212 519 3251 eum
555 3195 708 3250 nobis
747 3203 952 3264 postea,
983 3194 1027 3248 si
1074 3195 1360 3246 abeuntem
1399 3191 1786 3260 quasierimus,
1823 3206 1926 3247 non

402 3283 714 3347 inventuris,
749 3285 842 3338 sed
869 3284 923 3337 in
969 3292 1193 3351 peccato
1245 3290 1428 3335 nostro
1455 3281 1749 3336 morituris.
1775 3282 1929 3337 Novit

402 3381 576 3425 autem
607 3385 636 3422 a
662 3383 766 3436 quo
801 3369 1044 3433 discedit,
1095 3378 1150 3421 et
1178 3368 1315 3434 apud
1365 3383 1521 3435 quem
1551 3378 1750 3436 manet,
1797 3385 1926 3423 nono

403 3458 524 3509 dum
555 3456 824 3516 inventus,
853 3465 912 3507 ut
939 3454 991 3506 in
1030 3464 1267 3521 tempore
1298 3455 1553 3520 quaesitus
1582 3456 1886 3509 inveniatur
1909 3475 1926 3510 ε

402 3545 594 3614 quibus
609 3543 845 3612 profecto
860 3544 960 3598 isto
978 3544 1133 3596 modo
1150 3543 1465 3598 habentibus
1483 3559 1627 3614 eum,
1644 3560 1740 3599 nec
1756 3547 1928 3601 adhuc

405 3633 552 3687 illum
596 3633 894 3686 videntibus
944 3633 1136 3686 dicitur
1184 3631 1360 3686 illud:
1415 3651 1434 3684 ι
1493 3632 1571 3686 Ne
1617 3635 1818 3689 dixeris
1871 3637 1925 3689 in

403 3725 562 3778 corde
592 3735 680 3776 tuo
712 3739 726 3776 :
766 3721 898 3788 Quis
922 3723 1178 3776 ascendet
1202 3723 1254 3774 in
1283 3723 1514 3776 caelum?
1543 3724 1644 3778 hoc
1671 3734 1753 3778 est
1777 3723 1928 3779 Chri-

403 3824 542 3867 stum
579 3813 839 3866 deducere
867 3827 882 3876 ;
913 3811 1031 3864 vel:
1067 3809 1196 3875 Quis
1228 3810 1513 3866 descendet
1554 3812 1607 3865 in
1638 3813 1929 3882 abyssum?

405 3904 505 3956 hoc
551 3911 634 3956 est
682 3903 954 3956 Christum
999 3915 1061 3954 ex
1095 3900 1317 3953 mortuis
1346 3901 1622 3956 reducere.
1672 3901 1775 3955 Sed
1803 3901 1928 3969 quid

402 3992 533 4044 dicit
559 3991 834 4058 Scriptura
862 3989 885 4041 ἲ
926 3988 1224 4040 Admodum
1247 4002 1409 4056 prope
1434 3996 1484 4041 te
1519 3997 1602 4041 est
1627 3988 1844 4042 verbum
1875 3989 1926 4040 iu

403 4094 496 4133 ore
531 4089 642 4142 tuo,
674 4089 728 4132 et
765 4078 817 4130 in
856 4081 1014 4131 corde
1051 4086 1142 4129 tuo
1168 4075 1208 4126 '.
1245 4093 1264 4126 ι
1292 4074 1518 4127 Proinde
1549 4075 1630 4128 bis
1667 4074 1931 4128 etiambe-

407 4167 567 4235 nigne
595 4167 848 4218 Servator
874 4163 1107 4216 ostendit
1130 4176 1250 4228 qua:
1281 4160 1346 4212 ad
1386 4173 1604 4225 regnum
1637 4161 1727 4214 Dei
1769 4161 1930 4227 perti-

406 4263 550 4318 nent,
569 4267 634 4306 ue
665 4260 906 4320 quaerant
927 4251 1053 4304 illud
1083 4259 1234 4303 extra
1263 4249 1486 4316 seipsos,
1511 4262 1681 4316 neque
1711 4250 1921 4304 dicant:
1957 4239 1999 4292 Ῑ)

411 4360 428 4391 ι
483 4343 614 4394 Ecce
661 4344 766 4405 hic,
814 4341 897 4392 vel
940 4354 1066 4394 ecce
1113 4338 1306 4400 illic';
1354 4356 1372 4388 ι
1411 4339 1581 4406 inquit
1612 4338 1753 4392 enim
1799 4339 1921 4397 eis:

411 4449 430 4481 ι
469 4429 705 4498 Regnum
737 4427 829 4481 Dei
864 4429 1000 4481 intra
1025 4441 1120 4480 vos
1145 4435 1228 4480 est
1257 4443 1272 4481 :
1299 4444 1318 4478 ι
1350 4439 1404 4480 et
1437 4427 1670 4494 quandiu
1709 4426 1923 4495 quidem

405 4531 679 4570 servamus
701 4508 892 4569 anima:
927 4525 1122 4569 nostra;
1150 4515 1396 4582 ingenita
1429 4516 1666 4568 veritatis
1693 4516 1921 4578 semina,

405 4608 626 4674 ejusque
679 4604 970 4673 principia,
1007 4619 1273 4670 nunquam
1306 4618 1334 4656 a
1387 4604 1537 4657 nobis
1583 4605 1809 4658 discedit
1840 4604 1926 4657 ille

404 4695 590 4761 Λόγος,
626 4693 702 4762 [id
734 4701 837 4756 est,
881 4691 1014 4744 ratio
1041 4701 1093 4744 et
1120 4691 1282 4744 Filius
1328 4689 1467 4760 Dei]
1515 4691 1662 4756 Quod
1693 4691 1738 4744 si
1779 4691 1929 4743 mali-

405 4784 492 4836 tia:
534 4781 882 4836 dissolutione
907 4782 1142 4850 corrupti
1192 4781 1470 4844 fuerimus,
1528 4791 1650 4834 tunc
1680 4779 1829 4833 nobis
1854 4780 1929 4833 di-

404 4882 591 4924 cturus
618 4880 701 4924 est
727 4888 742 4927 :
774 4889 794 4921 ι
824 4867 1005 4935 Vado;
1046 4889 1064 4922 ι
1106 4885 1206 4922 nou
1240 4870 1531 4923 inventuris
1558 4869 1724 4932 illum,
1745 4869 1928 4923 etiam.

401 4961 450 5013 si
479 4974 776 5027 quaeramus
804 4961 1054 5026 maxime,
1087 4959 1178 5013 sed
1221 4961 1272 5012 in
1303 4968 1519 5026 peccato
1559 4969 1743 5012 nostro
1768 4957 1926 5010 mori-

406 5048 562 5110 tur-is,
609 5048 953 5116 deprehensis
988 5051 1039 5104 in
1089 5064 1176 5112 co,
1205 5059 1257 5101 ct
1290 5051 1576 5117 assumptis
1625 5049 1690 5100 ab
1724 5048 1806 5100 his
1833 5047 1922 5114 qui

405 5136 631 5188 ordinati
681 5147 802 5190 sunt
850 5147 907 5190 ut
961 5149 1200 5208 repetant
1251 5141 1502 5203 auitnam,
1551 5137 1698 5205 juxta
1745 5136 1926 5207 digeri.

407 5232 510 5274 tem
542 5223 585 5254 ⁸⁸
619 5238 638 5276 :
675 5242 694 5274 ι
725 5225 997 5296 lusipie‘ns,
1027 5239 1183 5282 nocte
1206 5228 1305 5280 hac
1327 5226 1557 5279 animam
1587 5225 1682 5278 abs
1705 5233 1754 5276 te
1777 5232 1919 5275 tuam

506 5330 528 5360 ⁸
559 5328 710 5400 ἔρξαι.
749 5349 842 5400 vn,
887 5339 972 5392 '50.

405 5391 462 5423 α.
506 5335 528 5360 δ
559 5335 846 5423 ξένε-νει.
887 5339 986 5423 ’ὀρλ
1068 5340 1088 5369 ⁵
1123 5335 1276 5390 Joan.
1313 5352 1427 5399 vnt,
1473 5336 1557 5388 37.

412 5394 491 5445 El.
563 5396 606 5428 ¹⁶
637 5397 762 5454 Luc.
801 5394 892 5468 xit,
920 5409 1006 5460 20.

1747 231 2062 290 ORIGENIS

3551 208 3660 262 5.58

2010 349 2190 402 λεσθαι
2211 367 2222 379 ·
2261 351 2306 400 εἰ
2334 347 2439 416 γὰρ
2474 345 2784 414 βουλόμενοι
2815 341 2921 392 οὑκ
2962 335 3280 390 ἐδύναντο.
3311 327 3426 378 οὑκ
3456 323 3528 376 ἂν
3563 324 3655 374 εὑ-

2008 441 2175 506 λόγως
2229 412 2419 500 αὑτοῖς-
2450 412 2662 502 ἐλέγετο
2693 432 2786 484 τό·
2831 450 2850 480 t
2902 431 3001 480 Ἐν
3041 427 3116 493 τῇ
3159 416 3444 490 ἁμαρτίᾳ
3500 412 3658 506 ὑμῶν

2009 505 2379 582 ἀποθανεῖσθε.
2415 547 2432 578 ι
2479 527 2622 594 Ἐρεῖ
2654 524 2710 575 δέ
2742 539 2826 583 τις
2859 519 3009 587 πρὸς
3044 514 3253 568 τοῦτο·
3288 508 3487 575 Εἴπερ
3539 505 3656 566 τοῖς

2010 621 2298 690 ἐμμένουσι
2334 619 2408 687 τῷ
2441 617 2513 686 μὴ
2545 613 2822 667 πιστεύειν
2863 608 3051 662 ταῦτα
3089 603 3324 690 ἔλεγε,Δ
3352 597 3493 690 πῶς
3542 596 3658 690 τοῖς

2009 677 2264 766 τοιούτοις
2301 677 2555 772 φησίτό·
2595 720 2612 750 ι
2646 696 2928 768 Ζητήσετέ
2963 708 3078 762 με;
3117 710 3137 741 ι
3180 677 3496 752 Πολλαχοῦ
3547 681 3657 750 γὰρ

2011 794 2209 862 ἀγαθὸν
2241 793 2300 844 τὸ
2330 771 2509 860 ζητεῖν
2541 791 2630 841 τὸν
2677 785 2915 856 Ἰησοῦν,
2954 780 3180 834 ταυτόν
3213 792 3349 836 πως
3379 771 3659 862 τυγχάνον

2009 860 2087 953 τῷ
2113 884 2292 953 ζητεῖν
2336 883 2524 947 Λόγον,
2567 879 2661 930 καὶ
2701 876 2970 945 ἀλήθειαν
2996 913 3013 937 ,
3065 869 3176 922 καὶ
3227 865 3468 932 σοφίαν.
3517 860 3658 953 Ἀλλ’

2013 950 2176 1043 ἐρεῖς,
2208 973 2290 1024 ὅτι
2323 971 2414 1022 καὶ
2441 969 2566 1037 περὶ
2596 963 3070 1019 ἐπιϐουλευόντων
3109 956 3265 1009 ποτὲ⁹
3308 954 3546 1020 λέγεται
3599 950 3661 1002 τὸ

2017 1061 2195 1130 ζητεῖν
2214 1101 2227 1123 ,
2249 1060 2433 1126 ὥσπερ
2459 1059 2514 1108 ἐν
2545 1055 2621 1123 τῷ
2640 1071 2655 1086 ·
2693 1074 2710 1103 ι
2756 1052 3029 1119 Ἐζήτουν
3057 1047 3252 1101 αὑτὸν
3293 1043 3532 1101 πιάσαι,
3567 1041 3662 1090 καὶ

2012 1123 2181 1209 οὐδεὶς
2213 1123 2503 1198 ἐπέϐαλλεν
2535 1141 2623 1194 ἐπ’
2651 1141 2814 1193 αὑτὸν
2842 1139 2945 1207 τὴν
2976 1140 3184 1206 χεῖρα,
3215 1133 3310 1184 ὅτι
3345 1123 3512 1183 obitu)
3537 1125 3662 1195 ἐλη-

2013 1239 2156 1291 λύθει
2183 1241 2214 1308 ἠ
2243 1236 2358 1306 ῶρα
2389 1233 2550 1288 αὑτοῦ
2572 1248 2586 1262 ·
2615 1251 2637 1282 ›
2676 1231 2770 1282 καὶ
2803 1232 2861 1281 ἐν
2886 1227 2989 1296 τῷ·
3031 1245 3052 1275 ε
3080 1220 3262 1285 Οἶδα,
3303 1223 3397 1273 ὅτι
3429 1217 3663 1286 σπέρμα

2027 1305 2462 1394 Ἀϐραάμίὲστῆ
2525 1318 2660 1372 ἀλλὰ
2699 1315 2916 1386 ζητεῖτέ
2952 1331 3023 1379 με
3059 1311 3462 1369 ἀποκτεῖναι,
3501 1305 3662 1394 ἅτιῗὸ

2013 1393 2166 1478 λόγος
2193 1413 2220 1462 ὁ
2248 1409 2373 1478 ὲμὸς
2415 1409 2473 1460 οὑ
2503 1409 2669 1476 χωρεῖ
2695 1407 2752 1456 ὲν
2789 1405 2918 1472 ὑμῖν
2943 1418 2954 1429 ·
2985 1421 3004 1452 ι
3049 1400 3161 1452 καὶ
3214 1399 3281 1450 ὲν
3320 1397 3408 1466 τῷ
3430 1413 3444 1425 ·
3488 1414 3508 1445 ι
3546 1393 3661 1446 Νῦν

2013 1502 2068 1554 δὲ
2089 1499 2294 1568 ζητεῖτέ
2327 1515 2392 1567 με
2413 1498 2749 1558 ἀποκτεῖναι,
2783 1492 3112 1560 ἄνθρωπον,
3150 1489 3219 1551 ὃς
3245 1488 3358 1557 τὴν
3391 1484 3662 1556 ἀλήθειαν

2016 1591 2142 1657 ὑμῖν
2173 1587 2469 1655 λελάληκα,
2518 1585 2584 1653 ἣν
2625 1585 2835 1653 ἥκουσα
2869 1580 3029 1650 παρὰ
3076 1579 3187 1632 τοῦ
3224 1577 3486 1646 Πατρός.
3516 1595 3534 1625 ι
3571 1574 3661 1626 Διὺ

2016 1680 2107 1731 καὶ
2143 1678 2356 1745 λέγεται
2380 1677 2490 1737 τοῖς
2520 1674 2593 1744 μὴ
2633 1673 2816 1734 καλῶς
2854 1669 3095 1740 ζητοῦσι
3130 1668 3202 1720 τὸ
3224 1706 3242 1728 ,
3279 1685 3300 1717 ι
3334 1667 3457 1718 Καὶ
3493 1663 3661 1733 ζητή-

2017 1769 2135 1820 σετέ
2192 1784 2295 1836 με,
2333 1785 2352 1818 ο
2399 1766 2501 1816 οὑκ
2545 1761 2787 1815 ἐναντίον
2827 1759 2935 1829 τῷ·
2997 1778 3016 1808 ι
3057 1759 3192 1820 Πᾶς
3235 1760 3269 1809 ὁ
3327 1755 3522 1825 ζητῶν
3571 1755 3660 1806 εὑ-

2019 1858 2212 1927 ρίσκει.
2248 1874 2266 1905 ι
2306 1854 2415 1906 Καὶ
2448 1854 2532 1904 ἀεὶ
2570 1852 2625 1902 δὲ
2665 1849 2926 1920 διαφοραί
2983 1849 3100 1899 εἰσι
3171 1847 3298 1899 τῶν
3339 1845 3658 1915 ζητούντων

2017 1945 2105 1996 τὸν
2149 1941 2373 2012 Ἰησοῦν,
2406 1939 2466 1992 οὑ
2498 1939 2712 1991 πάντων
2743 1936 3017 2005 γνησίως,
3046 1936 3156 1988 καὶ
3188 1934 3348 2004 ὑπὲρ
3381 1933 3489 2001 τῆς
3524 1934 3653 1985 ἑαυ-

2016 2033 2121 2085 τῶν
2145 2029 2534 2099 σωτηρίας,κα“ι
2553 2027 2644 2079 τοῦ
2672 2025 3033 2094 ὠφεληθῆναι
3071 2025 3182 2076 ἀπ’
3208 2022 3394 2076 αὑτοῦ
3424 2020 3656 2092 ζητούν-

2016 2138 2121 2174 των
2180 2119 2356 2172 αὑτόν.
2407 2119 2528 2170 Εἰσὶ
2555 2117 2662 2185 γὰρ
2691 2115 2787 2167 καὶ
2839 2113 2990 2166 κατὰ
3033 2114 3263 2182 μυρίας
3308 2113 3655 2164 ἀποπεπτω-

2018 2210 2175 2272 κυίας
2214 2208 2304 2260 τοῦ
2341 2206 2504 2260 καλοῦ
2539 2205 2829 2275 προθέσεις
2863 2203 3188 2272 ζητοῦντες
3245 2203 3350 2254 τὸν
3398 2201 3613 2270 Ἰησοῦν
3636 2216 3652 2229 ·

2017 2300 2202 2368 διόπερ
2234 2297 2382 2366 μόνοι
2417 2297 2465 2347 οῑ
2499 2293 2674 2362 ὀρθῶς
2715 2291 3016 2362 ζητοῦντες
3055 2292 3244 2344 αὑτὸν
3287 2293 3526 2362 εἰρήνην
3564 2284 3652 2342 5'5-

2021 2403 2131 2459 ρον·
2147 2387 2194 2438 οἳ
2212 2386 2304 2438 καὶ
2324 2383 2524 2452 κυρίως
2551 2383 2777 2450 λέγοιντ’
2796 2382 2864 2434 ἂν
2882 2381 3060 2434 αὑτὸν
3081 2381 3292 2450 ζητεῖν
3313 2381 3411 2434 τὸν
3427 2383 3489 2433 ὲν
3510 2382 3652 2450 ἀρχῇ

2019 2478 2205 2542 Λόγον,
2237 2474 2368 2542 πρὸς
2395 2473 2482 2525 τὸν
2511 2471 2641 2524 Θεὸν
2689 2471 2886 2536 Λόγον,
2923 2472 3026 2523 καὶ
3077 2471 3179 2524 ἵνα
3217 2471 3438 2533 αὐτοὺς
3481 2487 3651 2541 προσ-

2021 2566 2140 2632 άγοι
2178 2563 2254 2632 τῷ
2287 2563 2473 2631 Πατρί.
2521 2562 2719 2631 Παρὼν
2773 2562 2855 2624 δὲ,
2907 2563 3007 2614 καὶ
3053 2561 3584 2631 ὲμὶφανταζόμενος
3624 2561 3652 2611 ό

2021 2656 2208 2722 Λόγος.
2243 2653 2377 2704 ἐπὰν
2415 2651 2488 2721 μὴ
2519 2651 2860 2721 παραδεχθῇ,
2889 2651 3131 2703 ἀπειλεῖ
3161 2651 3231 2703 τὸ
3260 2651 3533 2719 ὑπάγειν,
3559 2651 3652 2704 καὶ

2021 2743 2193 2810 λέγει·
2234 2760 2252 2792 ι
2291 2741 2428 2809 Ἐγὼ
2460 2743 2675 2808 ὑπάγω·
2703 2759 2721 2792 ι
2759 2740 2856 2794 καὶ
2887 2740 2988 2793 ἐὰν
3018 2781 3035 2805 ,
3072 2742 3438 2805 ἀπελθόντος
3466 2758 3532 2809 γε
3557 2741 3652 2794 αὑ·

2023 2829 2134 2893 τοῦ,
2164 2829 2407 2898 ζητῶμεν
2436 2829 2595 2881 αὑτὸν
2615 2865 2629 2890 ,
2662 2829 2762 2898 οὑχ
2805 2830 3140 2899 εὑρήσομεν
3191 2831 3394 2894 αὑτὸν,
3441 2829 3561 2884 ἀλλ’
3593 2829 3650 2883 ἐν

2023 2921 2087 2988 τῇ
2111 2918 2350 2989 ἁμαρτίᾳ
2385 2917 2538 2988 ἡμῶν
2586 2917 3040 2988 ἀποθανούμεθα.
3079 2915 3219 2972 Οἵδε
3255 2921 3318 2974 δὲ
3363 2921 3480 2974 ἀπὸ
3509 2921 3649 2982 τίνος

2024 3009 2239 3076 ὑπάγει,
2266 3009 2356 3061 καὶ
2387 3009 2492 3061 τίνι
2527 3009 2858 3076 παραμένει,
2898 3009 3152 3079 μηδέπω
3193 3011 3608 3082 εὑρισκόμενος
3631 3051 3647 3073 ,

2024 3099 2088 3151 ἵν’
2111 3100 2167 3150 ὲν
2201 3097 2372 3167 καιρῴ
2404 3098 2598 3168 εὑρεθῇ
2641 3097 2752 3167 (40)
2782 3096 3078 3168 ζητηθείς·
3111 3102 3219 3154 καὶ
3261 3105 3389 3164 τοῖς
3443 3118 3513 3169 γε
3565 3101 3649 3153 οὓς

2023 3203 2127 3249 τως
2158 3186 2363 3255 ἔχουσιν
2393 3185 2552 3240 αὑτὸν
2575 3226 2591 3252 ,
2633 3188 2728 3240 καὶ
2765 3187 2841 3256 μὴ
2873 3186 3322 3259 τεθεωρηκόσιν
3353 3190 3525 3243 αὑτὸν
3567 3188 3648 3242 λέ-

2023 3291 2194 3342 γεται·
2226 3294 2244 3325 ι
2283 3274 2373 3344 Μὴ
2402 3274 2561 3345 εἴπῃς
2606 3277 2662 3326 ὲν
2701 3276 2768 3344 τῇ
2802 3275 3012 3346 καρδίᾳ
3057 3294 3197 3330 σου·
3233 3278 3342 3341 Τίς
3377 3279 3650 3347 ἀναϐήσε-

2022 3382 2113 3417 ται
2145 3365 2222 3425 είς
2246 3364 2335 3416 τὸν
2365 3363 2622 3432 οὑρανόν;
2659 3363 2910 3418 τουτέστι
2953 3366 3218 3436 Χριστὸν
3259 3371 3610 3436 καταγαγεῖν
3630 3382 3648 3401 ο

2024 3453 2080 3521 ἢ,
2110 3452 2203 3514 Τίς
2235 3451 2599 3521 καταϐήσεται
2633 3451 2713 3514 εἰς
2742 3451 2842 3521 τὴν
2873 3451 3131 3506 ἄϐυσσον
3164 3470 3181 3519 ;
3214 3456 3485 3508 τουτέστι
3513 3457 3648 3525 Χρι-

2027 3540 2146 3593 στὸν
2184 3541 2245 3592 ὲκ
2274 3539 2479 3609 νεκρῶν
2507 3539 2836 3606 ἀναγαγεῖν·
2875 3539 3021 3592 ἀλλά
3058 3542 3118 3593 τί
3150 3542 3320 3610 λέγει
3346 3546 3382 3613 ἡ
3420 3543 3646 3614 Γραφής

2037 3627 2229 3694 Ἐγγύς
2264 3643 2357 3679 σου
2382 3625 2444 3677 τὸ
2469 3626 2618 3696 ῥῆμα
2655 3626 2862 3694 σφόδρα
2896 3628 2958 3680 ὲν
2989 3628 3074 3698 τῷ
3115 3631 3372 3700 στόματί
3403 3648 3528 3695 σου,
3557 3634 3649 3683 καὶ

2025 3718 2082 3767 ὲν
2112 3718 2179 3784 τῇ
2207 3714 2402 3784 καρδίᾳ
2433 3730 2548 3766 σου.
2590 3733 2610 3765 ι
2639 3715 2865 3777 Τούτοις
2905 3715 2967 3768 δὲ
3000 3718 3443 3790 φιλανθρώπως
3475 3724 3505 3774 ὁ
3538 3721 3649 3772 m-

2024 3803 2122 3874 τὴρ
2153 3803 2488 3857 ὑποδείκνυσι
2520 3803 2614 3856 καὶ
2641 3803 2709 3856 τὰ
2731 3805 2861 3872 περὶ
2887 3806 2993 3875 τῆς
3028 3807 3133 3860 τοῦ
3167 3808 3322 3862 Θεοῦ
3343 3809 3649 3878 βασιλείας,

2025 3896 2112 3949 ἵνα
2151 3895 2224 3965 μὴ
2273 3893 2504 3963 ζητῶσιν
2538 3893 2703 3964 αὐτὴν
2737 3893 2845 3958 ἐξω
2879 3897 3105 3952 ἑαυτῶν
3125 3939 3142 3964 ,
3190 3902 3342 3972 μηδὲ
3372 3901 3611 3969 λέγωσιν
3631 3915 3647 3930 ·

2031 4004 2050 4036 ι
2090 3985 2217 4038 Ἰδοὺ
2241 3978 2362 4047 ὦδε,
2383 3984 2416 4052 ἢ
2437 3983 2543 4036 ἰδοὺ
2570 3985 2704 4035 ἐκεῖ·
2727 4002 2745 4034 ι
2786 3985 2925 4053 φησι
2954 3987 3074 4057 γάρ
3101 3990 3342 4054 αὑτοῖς·
3385 4011 3406 4043 ι
3450 3993 3517 4044 Ἦ
3553 3991 3650 4060 βα-

2029 4073 2200 4126 σιλεία
2227 4072 2319 4125 τοῦ
2357 4072 2492 4124 Θεοό
2524 4073 2675 4134 ἐντὸς
2700 4073 2858 4142 ὑμῶν
2887 4077 3011 4128 ἔστι
3032 4093 3045 4106 ·
3079 4096 3099 4128 ι
3135 4082 3246 4132 καὶ
3281 4081 3418 4134 ὅσον
3446 4098 3513 4148 γε
3549 4079 3654 4132 σώ-

2029 4160 2188 4230 ζομεν
2224 4160 2293 4212 τὰ
2346 4159 2680 4229 ὲνσπαρέντα
2714 4161 2875 4231 ἡμῶν
2928 4167 2998 4234 τῇ
3033 4164 3196 4237 ψυχῇ
3236 4169 3349 4237 τῆς
3385 4169 3653 4238 ἀληθείας

2028 4251 2327 4322 σπέρματα,
2356 4249 2448 4301 καὶ
2477 4249 2576 4310 τὰς
2601 4249 2774 4319 ἀρχὰς
2802 4251 3001 4321 αὑτῆς,
3030 4255 3270 4309 οὐδέπω
3299 4258 3654 4329 ἀπελήλυθεν

2027 4344 2116 4410 ἀφ’
2142 4341 2294 4411 ἡμῶν
2322 4344 2350 4394 ὁ
2382 4341 2577 4406 Λόγος·
2631 4341 2726 4392 ὲάν
2762 4341 2820 4393 δὲ
2867 4343 2982 4395 ἀπὸ
3016 4345 3125 4413 τῆς
3179 4351 3344 4402 κατὰ
3395 4350 3501 4420 τὴν
3555 4367 3656 4403 κα-

2027 4434 2148 4486 κίαν
2173 4431 2374 4501 χύσεως
2393 4429 2796 4500 διαφθαρῶμεν,
2834 4432 2960 4484 τότε
3012 4436 3152 4503 ἡμῖν
3211 4441 3344 4508 ἐρεῖ
3365 4478 3382 4502 ,
3434 4459 3455 4490 ι
3479 4441 3656 4493 ’Υπάο

2027 4537 2106 4588 γω
2132 4559 2147 4581 ,
2187 4537 2204 4570 ι
2248 4519 2362 4580 ἵνα,
2417 4516 2518 4568 κᾶν
2553 4517 2803 4586 ζητῶμεν
2858 4519 3058 4583 αὑτὸν,
3101 4523 3219 4594 οὑχ
3265 4527 3652 4598 εὑρήσωμεν.

2028 4610 2139 4662 ἀλλ’
2181 4610 2238 4659 ὲν
2280 4609 2346 4676 τῇ
2392 4605 2632 4676 ἁμαρτίᾳ
2694 4606 2857 4677 ἡμῶν
2909 4609 3373 4685 ἀποθανούμεθα
3399 4655 3416 4681 ,
3477 4633 3654 4671 κατα-

2028 4695 2417 4766 λαμϐανόμενοι
2471 4697 2528 4746 ὲν
2571 4695 2708 4766 αὐτῇ
2729 4735 2744 4758 ,
2781 4697 2879 4748 καὶ
2911 4701 3522 4776 παραλαμϐανόμενοι
3549 4707 3657 4760 ὑπὸ

2027 4785 2224 4853 ταύτης
2271 4783 2374 4834 ὑπὸ
2415 4781 2524 4834 τῶν
2564 4784 2913 4854 τεταγμένων
2949 4788 3046 4839 ἐπὶ
3084 4789 3171 4859 τῷ
3236 4795 3516 4848 ἀπαιτεῖν
3554 4795 3653 4859 τὴν

2027 4837 2234 4942 ψυχὴᾷ’,
2302 4868 2439 4924 κατὰ
2487 4873 2577 4926 τὸν
2635 4837 2899 4926 εἰπόντα·
3565 4837 3652 4956 ’ἔτί

2030 4962 2181 5012 νυκτὶ
2215 4960 2500 5013 ἀπαιτοῦσι
2527 4962 2624 5034 τὴν
2657 4963 2833 5035 ψυχήν
2865 4982 2960 5018 σου
3010 4968 3126 5020 ἀπὸ
3157 4971 3296 5026 σοῦ,
3343 4993 3364 5024 ι
3400 4974 3486 5029 Οὐ
3543 4975 3650 5045 χρὴ

2029 5047 2084 5097 δὲ
2141 5046 2423 5116 παρελθεῖν
2473 5050 2825 5116 ἀνεξέταστον
2858 5052 2982 5105 οὑδὲ
3040 5056 3138 5108 καὶ
3192 5059 3263 5110 τό
3288 5075 3303 5089 ·
3361 5079 3384 5111 σ
3437 5061 3532 5115 Ἐν
3581 5063 3649 5130 τῇ

2032 5136 2270 5206 ἁμαρτίᾳ
2321 5137 2476 5206 ὑμῶν
2525 5143 2917 5200 ἀποθανεῖσθε·
2959 5164 2980 5198 ι
3040 5147 3090 5199 εί
3147 5148 3260 5216 μὲν
3323 5153 3652 5224 κοινότερον

2031 5225 2380 5294 λαμϐάνεται,
2412 5227 2575 5299 δῆλον
2594 5274 2610 5300 ,
2641 5238 2724 5292 ὅτι
2747 5239 2794 5290 ot
2822 5237 3139 5307 ἁμαρτωλοὶ
3171 5238 3238 5293 ὲν
3275 5244 3353 5312 τῇ
3377 5222 3652 5314 ’ἁμαρτίᾳ

1650 5336 1670 5365 ⁸
1694 5332 1842 5386 Joau.
1873 5335 2087 5401 vm,40.
2162 5337 2180 5365 ⁷
2215 5335 2403 5391 Matth.
2439 5355 2544 5411 vn,
2572 5348 2630 5405 8.
2710 5354 2731 5384 ⁸
2763 5351 2916 5406 Rom.
2948 5367 3003 5418 x,
3041 5349 3097 5416 6,
3123 5348 3158 5405 8

2162 5337 2180 5365 ⁷
2215 5335 2403 5391 Matth.
2439 5355 2544 5411 vn,
2572 5348 2630 5405 8.
2710 5354 2731 5384 ⁸
2763 5351 2916 5406 Rom.
2948 5367 3003 5418 x,
3041 5349 3097 5416 6,
3123 5348 3178 5405 8.
3269 5354 3294 5386 ’
3323 5352 3466 5408 Luc.
3503 5368 3645 5418 xvn,

479 5486 584 5553 (⁸ο)
614 5491 852 5559 εὑρεθῇ.
887 5498 1037 5551 Deest
1067 5495 1118 5547 in
1161 5493 1343 5548 codice
1367 5493 1548 5562 llcgio,
1581 5504 1636 5548 at
1663 5491 1851 5562 legitur
1879 5491 1929 5543 in
1954 5489 1991 5540 Β

742 5493 852 5559 εοῇ.
887 5498 1037 5551 Deest
1067 5495 1118 5547 in
1161 5493 1343 5548 codice
1367 5493 1548 5562 llcgio,
1581 5504 1636 5548 at
1663 5491 1851 5562 legitur
1879 5491 1929 5543 in
1954 5488 2254 5546 Bodleiano.
