3828 6190
279 249 398 304 549

1321 259 1663 315 ΟΟΜΜΕΝΤ.
1701 261 1765 314 ΙΝ
1797 259 1982 315 ΙΟΑΝ.
2020 261 2250 316 TOMUS
2278 263 2410 317 XIX.

3361 273 3460 331 550

273 363 473 416 αὐτῶν
496 363 914 430 ἀποθανοῦνται,
953 371 1002 422 οῖ
1034 372 1086 423 δὲ
1115 372 1303 425 δίκαιοι
1332 377 1387 427 ὲν
1419 375 1722 446 δικαιοσύνῃ
1747 394 1760 406 '
1791 396 1814 429 ε

1941 386 2202 443 repetunt.
2233 397 2251 428 ι
2282 379 2382 431 Sed
2413 394 2476 432 ne
2513 380 2612 434 hoc
2642 381 2856 448 quidem
2913 383 3141 450 dictum,
3178 404 3197 437 ι
3230 385 3286 442 In
3340 406 3458 460 pec-

270 450 337 504 δὲ
372 452 437 504 τὸ
479 472 496 504 ι
519 453 874 508 ἀποθανεῖσθε
908 476 926 507 ι
970 462 1109 512 κατά
1145 462 1232 512 τὸν
1269 463 1452 531 ἐχθρὸν
1485 465 1575 515 τοῦ
1608 465 1834 534 Χριστοῦ

275 540 524 594 θάνατον
553 543 908 612 λαμϐάνεται,
925 548 998 611 ὡς
1021 550 1113 601 τοῦ
1137 551 1268 620 πρὸς
1287 551 1507 604 θάνατον
1525 556 1835 624 ἡμαρτηκό-

268 645 372 691 τος
401 631 859 701 ἀποθνήσκοντος,
892 637 1068 704 δῆλον,
1091 639 1169 690 ὅτι
1196 637 1274 702 οἷς
1295 641 1460 694 ταῦτα
1491 643 1722 710 ἐλέγετο,
1744 647 1834 698 οὑ-

267 716 430 769 δέπω
452 721 936 791 άποτεθνήκεισαν.
954 729 1057 778 Καὶ
1077 728 1321 799 ζητήσεις
1345 733 1455 794 πῶς
1475 734 1520 784 εί
1541 735 1610 802 μὴ
1623 736 1836 787 πιστεύ-

269 823 500 870 σαντες,
542 810 624 861 ὄτι
674 811 810 874 ἔζων
844 815 1119 882 μέλλοντες
1148 836 1272 871 ποτε
1302 821 1674 875 ἀποθανεῖσθαι
1702 824 1828 891 (41)·

263 893 651 963 ἀπαντήσεται
687 899 743 950 δέ
775 919 856 963 τις
887 904 978 954 καὶ
1028 906 1160 974 πρὸς
1191 909 1344 960 τοῦτο
1385 910 1572 976 λέγων,
1599 913 1677 963 ὅτι
1714 915 1831 964 κατ’

263 982 457 1034 ἐκεῖνο
486 987 682 1055 καιροῦ
715 988 778 1040 τὸ
813 992 1031 1058 μηδέπω
1065 995 1329 1047 πιστεύειν
1359 998 1476 1049 οὐδὲ
1509 1000 1640 1071 πρὸς
1675 1000 1831 1052 θάνα-

259 1088 364 1124 τον
393 1075 705 1145 ἁμάρτημα
731 1074 817 1146 ἦν,
848 1082 940 1131 καὶ
971 1081 1102 1150 πρὸς
1133 1083 1224 1144 οὒς
1263 1087 1290 1136 ὁ
1321 1087 1506 1153 Λόγος,
1535 1089 1739 1141 οὑδέπω
1765 1090 1829 1142 τὰ

261 1162 415 1230 πρὸς
451 1162 682 1216 θάνατον
709 1168 1133 1236 ήμαρτήκεισαν,
1159 1172 1269 1224 ἀλλ’
1299 1174 1432 1236 ἔζων
1463 1177 1557 1245 μὲν
1585 1179 1640 1230 ἐν
1670 1180 1826 1230 ἀσθε-

260 1251 392 1339 νείᾳ
413 1253 716 1339 τῆςῌψυχῆς
750 1259 929 1319 αὐτοῖς
949 1260 1084 1328 (42)·
1106 1262 1204 1330 ήδὲ
1222 1263 1464 1316 ἀσθένεια
1493 1269 1666 1338 ἐκείνη
1696 1271 1827 1339 πρὸς

256 1337 505 1391 θάνατον
520 1337 608 1410 ἦν·
628 1343 717 1394 διὰ
734 1345 884 1396 τοῦτο
897 1346 986 1397 καὶ⁵
1000 1349 1027 1398 ό
1047 1350 1349 1419 ἰατρὸςμό),
1363 1351 1568 1417 βλέπων
1579 1337 1826 1427 ὀλεθρίως

255 1427 472 1489 αὐτοὺς
524 1431 920 1495 ἀσθενοῦντας,
971 1435 1148 1504 ἔλεγεν
1203 1441 1466 1507 ἀπογνοὺς
1515 1446 1686 1499 αὐτῶν
1727 1448 1824 1517 τὴν

254 1514 594 1583 θεραπείαν·
637 1537 655 1567 ι
693 1519 830 1585 Ἐγὼ
863 1522 1072 1588 ὑπάγω,
1119 1526 1210 1576 καὶ
1244 1525 1497 1597 ζητήσετέ
1531 1549 1595 1599 με
1616 1534 1740 1593 ,καὶ
1766 1514 1825 1587 έν

251 1605 328 1670 τῇ
367 1604 622 1673 ἁμαρτίᾳ
651 1605 803 1673 ὑμῶν
835 1608 1202 1662 ἀποθανεῖσθε.
1231 1629 1247 1661 ι
1277 1613 1508 1682 Εἴπομεν
1529 1616 1636 1682 (44)
1659 1617 1719 1687 δὴ
1739 1619 1817 1670 τό’

1937 475 2055 518 cato
2093 475 2268 519 vestro
2307 468 2624 532 moriemini,
2669 488 2686 520 ι
2717 472 2917 538 absque
2960 474 3205 542 indagine
3238 490 3457 545 praeter-

1935 556 2168 607 eundum
2233 565 2374 618 est;
2432 571 2554 608 nam
2615 558 2658 610 si
2722 562 3071 614 communiter
3123 565 3455 632 accipiatur,

1932 643 2274 710 perspicuum
2326 651 2406 694 est
2462 654 2765 710 peccatores
2829 647 2878 698 in
2932 658 3148 713 peccato
3197 666 3295 704 suo
3345 668 3457 702 mo-

1933 730 2168 790 rituros;
2220 729 2392 795 justos
2445 745 2567 784 vero
2619 733 2670 784 in
2725 748 2818 786 sua
2868 735 3070 802 justitia
3119 753 3134 788 :
3188 739 3268 790 sin
3304 754 3451 800 vero.

1937 839 1955 868 ο
2015 819 2362 881 moriemini,
2426 836 2443 868 ι
2494 821 2792 886 accipiatur
2839 822 2903 873 de
2951 834 3156 886 morte,
3211 839 3328 892 quae
3373 838 3454 878 est

1931 905 2141 958 inimica
2207 904 2448 968 Christi,
2521 913 2578 959 u'.
2645 907 2690 958 is
2754 918 2936 972 pereat
3006 911 3095 976 qui
3167 914 3231 963 ad
3307 929 3451 964 mor-

1931 1005 2032 1049 tem
2093 997 2380 1063 peccavit,
2435 997 2770 1063 perspicuum
2827 1009 2908 1050 est
2957 1001 3186 1052 nondum
3256 1003 3448 1068 periis-

1927 1099 1985 1138 se
2048 1099 2140 1138 eos
2200 1087 2390 1153 quibus
2450 1087 2560 1138 haec
2625 1087 2954 1139 dicebautur.
3011 1088 3229 1153 chres
3288 1092 3447 1143 etiam

1924 1188 2151 1240 quonam
2218 1184 2370 1241 pacto
2444 1174 2532 1241 qui
2616 1190 2717 1225 non
2791 1175 3121 1228 crediderant
3180 1193 3237 1230 se
3309 1181 3450 1233 vive-

1927 1276 1983 1313 re
2053 1261 2104 1313 iu
2171 1262 2524 1323 inﬁrmitate,
2593 1263 2836 1314 morituri
2913 1264 3018 1314 siut
3097 1265 3443 1332 aliquando;

1922 1349 2078 1418 295
2112 1352 2396 1416 praesertim
2434 1366 2548 1402 cum
2585 1351 2774 1414 aliquis
2817 1351 2867 1402 in
2917 1352 3100 1403 horum
3137 1353 3445 1408 defensioue

1922 1441 1989 1491 sit
2017 1454 2362 1506 responsurus
2397 1439 2814 1491 incredulitatem
2843 1439 2891 1490 iu
2926 1439 3012 1491 illo
3045 1449 3283 1506 tempore
3313 1457 3448 1494 non-

1921 1526 2041 1579 dum
2074 1525 2238 1578 fuisse
2282 1536 2556 1593 peccatum
2592 1527 2656 1577 ad
2702 1537 2965 1590 mortem;
2993 1537 3045 1579 et
3084 1527 3281 1582 idcirco
3330 1530 3446 1582 illus

1920 1624 2080 1677 penes
2125 1627 2257 1678 quos
2289 1611 2599 1678 loquebatur
2635 1612 2920 1676 Serv-ator,
2956 1613 3020 1663 ad
3071 1624 3292 1667 mortem
3338 1632 3443 1669 non

265 1691 432 1742 Ἐπεὶ
467 1693 501 1761 ἡ
548 1692 802 1746 ἀσθένεια
851 1696 1028 1765 ἐκείνη
1075 1695 1138 1767 ἧν
1174 1701 1353 1762 αὐτοῖς
1399 1679 1542 1770 πρὸς·
1577 1679 1814 1770 θάνατον,

1919 1714 2196 1768 peccasse:
2228 1700 2472 1752 vivebant
2498 1700 2570 1751 illi
2610 1710 2782 1752 tamen
2823 1702 2875 1752 in
2916 1700 3216 1755 inﬁrmitate
3253 1705 3443 1759 anima:

249 1777 362 1830 ἆτε
411 1780 681 1848 μαθόντες
722 1784 827 1834 ἀπὸ
870 1785 960 1835 τοῦ
1019 1787 1185 1854 Ἰησοῦ
1230 1789 1484 1860 διαφορὰν
1524 1793 1814 1856 ἀσθενείας,

247 1867 486 1932 ἠσθένει
534 1869 592 1921 δὲ
641 1871 733 1922 καὶ
761 1873 790 1922 ὁ
818 1872 1077 1942 Λάζαρος,
1108 1876 1217 1926 ἀλλ’
1244 1877 1354 1945 ᾔδει
1381 1881 1409 1930 ό
1435 1882 1630 1948 ίατρὸς,
1675 1885 1752 1935 ὅτι
1783 1887 1814 1953 ή

246 1956 522 2009 ἀσθένεια
556 1959 723 2010 αὑτοῦ
752 1961 810 2012 οὑ
844 1963 978 2031 πρὸς
1018 1963 1239 2018 θάνατον
1283 1963 1368 2036 ἦν·
1410 1970 1592 2041 διόπερ
1623 1975 1811 2042 φησίν·

253 2061 277 2094 σ
309 2044 465 2113 Αὕτη
514 2049 548 2116 ή
604 2048 854 2100 ἀσθένεια
904 2051 1001 2102 οὑκ
1043 2053 1154 2104 ἔστι
1209 2057 1341 2124 πρὸς
1385 2057 1622 2112 θάνατον’
1654 2081 1671 2112 ι
1718 2063 1816 2116 Διά

245 2131 442 2196 τοῦτο,
480 2136 586 2188 κᾶν
619 2137 1133 2208 ἁντιλαμϐανώμεθα
1165 2144 1272 2194 τῶν
1297 2145 1581 2200 ἀσθενειῶν
1615 2151 1815 2205 ἑαυτῶν

245 2219 658 2285 ἀσθενούντων,
680 2227 1028 2294 προσέχωμεν
1051 2232 1251 2298 μήποτε
1272 2233 1403 2302 πρὸς
1420 2234 1642 2288 θάνατον
1659 2238 1814 2290 ἀσθε-

243 2309 540 2396 νῄσωμεν.
575 2314 979 2384 μεταϐαλούσης
1001 2319 1098 2386 τῆς
1119 2320 1268 2372 νόσου
1300 2323 1405 2374 ἀπὸ
1428 2323 1518 2375 τοῦ
1544 2324 1620 2376 ἔτι
1649 2326 1812 2396 αὑτὴν

243 2393 402 2449 εἶναι
421 2398 682 2451 δύνασθαι
721 2401 830 2470 (45)
873 2405 964 2454 ἐπὶ
995 2405 1054 2455 τὸ
1077 2407 1306 2458 ἀνίατον.
1328 2410 1471 2478 ’Ἅμα
1489 2410 1542 2462 δὲ
1563 2393 1814 2478 σαφέστε-

243 2487 361 2558 ρόν
385 2499 506 2550 πως
534 2489 687 2540 ἔσται
725 2491 820 2543 καὶ
847 2492 934 2557 τὸ,
974 2511 992 2543 ι
1017 2495 1184 2546 Ὅπου
1212 2497 1317 2563 ἐγὼ
1348 2499 1554 2566 ὑπάγω,
1582 2503 1730 2570 ὑμεῖς
1749 2504 1809 2554 οὐ

241 2577 494 2629 δύνασθε
546 2578 738 2641 ἐλθεῖν,
771 2599 789 2630 ι
844 2582 1226 2652 ἐπιφερόμενον
1273 2587 1379 2654 τῷ·
1440 2606 1458 2637 ι
1486 2591 1593 2640 Καὶ
1644 2594 1700 2643 ὲν
1743 2595 1808 2661 τῇ

240 2667 509 2736 ἁμαρτίᾳ
549 2667 704 2735 ὑμῶν
738 2669 1084 2722 ἀποθανεῖσθε
1104 2689 1151 2722 ο»
1177 2675 1302 2726 ὅταν
1330 2675 1435 2744 γὰρ
1464 2677 1701 2748 ἀποθάνῃ
1729 2697 1810 2742 τις

238 2755 316 2806 ιν
350 2756 418 2822 τῇ
454 2755 643 2806 ἑαυτοῦ
688 2758 960 2827 ἁμαρτίᾳ,
1011 2760 1139 2810 ὅπου
1182 2762 1372 2828 ὑπάγει
1413 2765 1441 2815 ό
1497 2765 1715 2834 Ἰησοῦς,
1750 2769 1807 2820 οὺ

237 2843 485 2895 δύναται
518 2845 802 2897 ἀπελθεῖνο
839 2848 1010 2909 οὐδεὶς
1053 2849 1159 2918 γὰρ
1185 2852 1370 2920 νεκρὸς
1396 2853 1696 2906 ἀκολουθεῖν
1719 2854 1808 2908 δύ-

238 2946 420 2982 ναται
451 2930 530 2998 τῷ
587 2932 782 3000 Ἰησοῦ·
822 2948 840 2980 ι
904 2937 1039 2990 Οὺδὲ
1090 2937 1200 3006 γὰρ
1229 2939 1275 2988 οἱ
1317 2939 1493 3006 νεκροὶ
1542 2940 1804 2994 αίνέσουσί

235 3034 340 3082 σε,
377 3018 571 3089 Κύριε,
617 3021 738 3072 οὑδὲ
782 3020 979 3084 πάντες
1017 3026 1063 3075 οί
1109 3025 1514 3090 καταϐαίνοντες
1540 3031 1616 3090 είς
1647 3028 1801 3098 ᾅδου·

122 3156 124 3158 ,
235 3107 375 3159 ἀλλ’
410 3109 568 3177 ἡμεῖς
591 3110 642 3160 οῖ
674 3109 874 3173 ζῶντες
905 3112 1258 3181 εὑλογήσομεν
1294 3115 1383 3167 τὸν
1411 3115 1658 3184 Κύριον.»
1690 3119 1805 3170 Ἔτι

234 3194 399 3265 πρὸς
421 3194 517 3258 τὸ,
555 3215 575 3247 ι
613 3197 701 3248 Ἐν
725 3201 791 3266 τῇ
825 3199 1062 3268 ἁμαρτίᾳ
1087 3201 1236 3269 ὑμῶν
1255 3201 1622 3266 ἀποθανεῖσθε,
1651 3224 1670 3254 ι
1701 3222 1806 3258 πα-

237 3283 476 3354 ραθήσῃ
509 3283 570 3335 τὸ
598 3285 664 3335 ὲκ
706 3285 800 3336 τοῦ
857 3286 1110 3355 Ἰεζεκιὴλ
1150 3287 1318 3350 οὕτως
1359 3289 1502 3358 ἔχον·
1545 3292 1740 3362 «Ψυχὴ
1772 3295 1806 3362 ή

230 3373 682 3442 ἁμαρτάνουσα,
737 3373 876 3443 αὕτη
929 3375 1304 3428 ἀποθανεῖται·
1332 3395 1350 3426 ι
1429 3379 1648 3442 θάνατος
1700 3380 1806 3450 γὰρ

232 3463 434 3532 φυχῆς
482 3463 762 3532 apum-ta-
817 3460 968 3534 οἶμαι
1017 3466 1092 3528 δὲ,
1137 3467 1218 3518 ὄτι
1265 3469 1324 3520 οὐ
1368 3470 1532 3531 πᾶσα,
1585 3471 1696 3522 ἀλλ’
1739 3472 1805 3540 ἦν

231 3571 421 3623 φησιν
461 3555 715 3622 Ἰωάννης
736 3554 870 3623 πρὸς
894 3555 1116 3609 θάνατον
1136 3572 1149 3586 ·
1174 3556 1286 3626 ἁμα
1311 3558 1367 3610 δὲ
1383 3559 1473 3610 καὶ
1494 3559 1803 3625 διαστέλλει,

229 3645 332 3696 ὅτι
361 3661 448 3705 τις
481 3645 726 3712 ἁμαρτία
754 3643 978 3706 θάνατός
1002 3646 1113 3696 ἐστι
1133 3646 1327 3714 ψυχῆς,
1351 3648 1441 3699 καί
1462 3664 1544 3708 τις
1570 3649 1806 3718 ἁμαρτία

229 3731 508 3784 ἀσθένεια
538 3731 740 3800 αὐτῆς’
770 3731 908 3799 τάχα
936 3732 991 3784 δὲ
1018 3734 1109 3784 καὶ
1131 3735 1308 3802 τρίτον
1337 3751 1419 3796 τις
1459 3736 1692 3804 ἁμαρτία
1712 3735 1806 3806 ζη-

233 3818 352 3892 μῖα
395 3820 582 3889 ψυχῆς
606 3821 774 3882 ἐστιν,
797 3821 1037 3890 ἁμαρτία
1059 3821 1166 3890 (46)
1195 3821 1426 3891 δηλονότι
1462 3826 1525 3875 ὲκ
1565 3824 1683 3876 τοῦ’
1711 3826 1804 3877 «Τί

228 3910 669 3980 ὠφεληθήσεται
697 3909 998 3980 ἄνθρωπος,
1022 3910 1114 3962 ἐὰν
1136 3911 1252 3963 ὅλον
1276 3913 1364 3964 τὸν
1390 3912 1585 3982 κόσμον
1613 3916 1805 3986 κερδή-

227 4014 335 4074 σῃ,
368 4000 471 4069 τὴν
504 4000 562 4052 δὲ
593 3998 770 4068 ψυχὴν
801 3998 963 4050 αὑτοῦ
1001 3999 1254 4070 ἀπολέσῃ,
1285 4001 1317 4070 ἢ
1348 4001 1625 4071 ζημιωθῇ;
1653 4022 1670 4053 ι
1713 4005 1805 4056 καὶ

229 4092 304 4144 ἐκ
333 4088 434 4142 τοῦ
455 4107 469 4120 ·
513 4107 531 4137 ι
553 4089 621 4140 Εἴ
647 4105 790 4148 τινος
815 4088 875 4139 τὸ
904 4087 1060 4158 ἔργον
1087 4089 1500 4158 κατακαήσεται,
1534 4090 1806 4162 ζημιωθή-

229 4194 422 4231 σεται.
450 4195 470 4227 ι
511 4177 637 4237 Τοῖς
672 4175 770 4243 μὲν
804 4171 894 4228 οὖν
922 4177 978 4227 ὲν
1005 4179 1068 4244 τῇ
1097 4176 1333 4245 ἁμαρτίᾳ
1360 4177 1804 4248 ἀποθανουμένοις

229 4266 410 4336 φησίν
430 4281 442 4294 ·
488 4284 507 4315 t
541 4265 788 4331 Ὑπάγω,
821 4265 911 4316 καὶ
936 4264 1190 4334 ζητήσετέ
1219 4282 1304 4333 με,
1332 4268 1422 4319 καὶ¹
1460 4268 1518 4320 ὲν
1539 4271 1602 4337 τῇ
1631 4271 1803 4338 ἁμαρ-

1914 4266 2040 4319 idem
2088 4265 2296 4333 aliquod
2355 4265 2714 4318 inﬁrmitatem
2762 4279 2880 4318 esse
2947 4264 3060 4330 ejus
3106 4279 3121 4317 :

1916 1803 2025 1843 suae
2045 1829 2060 1854 ,
2089 1802 2305 1857 eratque
2335 1791 2614 1843 inﬁrmitas
2660 1790 2744 1842 illa
2775 1792 2840 1842 ad
2866 1801 3118 1843 mortem:
3161 1801 3436 1860 prepterca

1915 1879 2073 1932 etiam
2107 1881 2337 1933 medicus
2379 1881 2562 1932 videns
2594 1879 2711 1932 illos
2756 1881 2948 1933 misere
2979 1890 3330 1946 aagrotautes,
3359 1893 3438 1933 at-

1913 1982 2018 2035 que
2066 1969 2128 2020 de
2175 1967 2382 2020 illorum
2415 1967 2584 2020 salute
2643 1968 2951 2034 desperans,
2985 1968 3229 2021 dicebat:
3272 1987 3290 2018 ι
3329 1969 3437 2038 Ego

1914 2054 2066 2115 vado,
2094 2061 2148 2105 et
2179 2053 2428 2120 quaeretis
2463 2067 2575 2115 me,
2608 2061 2658 2105 et
2705 2053 2756 2104 iu
2786 2062 3006 2119 peccato
3035 2064 3210 2106 vestro
3239 2056 3436 2108 morie-

1913 2141 2063 2195 mini.
2103 2161 2122 2193 ι
2153 2142 2399 2195 Dicamus
2429 2141 2585 2209 igitur
2611 2141 2747 2207 quod
2778 2140 3062 2194 inﬁrmitas
3089 2141 3177 2193 illa
3212 2141 3314 2194 illis
3365 2143 3433 2196 ad

1911 2239 2132 2282 mortem
2162 2239 2304 2292 erat,
2340 2238 2587 2295 tanquam
2615 2242 2643 2279 a
2687 2227 2812 2281 Jesu
2860 2228 3033 2281 edocti
3083 2228 3432 2282 differentiam

1913 2318 2287 2372 inﬁrmitatis:
2326 2316 2694 2370 iuﬁrmabatur
2741 2330 2967 2383 namque
3018 2315 3290 2380 Lazarus,
3341 2318 3433 2370 sed

1911 2417 2132 2460 noverat
2179 2406 2414 2458 medicus
2460 2405 2820 2458 inﬁrmitatem
2867 2404 3020 2470 hujus
3063 2421 3167 2458 non
3204 2419 3324 2459 esse
3369 2407 3435 2459 ad

1909 2506 2166 2558 mortem;
2195 2496 2535 2562 quamobrem
2554 2493 2778 2562 inquit“
2806 2511 2861 2547 :t
2887 2493 3170 2548 luﬁrmitas
3202 2495 3312 2548 haec
3326 2511 3433 2548 nou

1907 2591 1987 2636 est
2033 2583 2098 2636 ad
2158 2593 2402 2636 mortem.
2443 2601 2462 2634 ι
2508 2583 2654 2638 lianc
2693 2583 2762 2636 ob
2817 2597 3036 2636 causam
3084 2585 3129 2636 si
3175 2585 3432 2651 suscipia-

1908 2685 2026 2725 mus
2051 2672 2388 2725 inﬁrmitates
2413 2671 2646 2739 ipsorum
2679 2671 3068 2739 :egrotantium,
3093 2671 3432 2725 adhibeamus

1908 2760 2140 2811 animum
2171 2774 2236 2812 ue
2261 2763 2474 2825 quando
2499 2757 2564 2811 ad
2599 2768 2826 2812 mortem
2873 2770 3220 2827 a‘grotemus,
3249 2763 3433 2814 morbo

1907 2845 2048 2898 facto
2086 2845 2490 2909 immedicabili,
2529 2860 2648 2900 cum
2694 2846 2866 2898 adhuc
2908 2860 3029 2912 spes
3074 2860 3192 2900 esse
3232 2857 3430 2914 posset.

1908 2931 2117 2985 Pariter
2148 2933 2308 2984 etiam
2351 2933 2586 2999 apertius
2625 2933 2851 2999 quodam
2884 2933 3038 2986 modo
3071 2935 3175 2986 crit
3216 2933 3314 2987 hoc
3351 2935 3433 2986 di-

1905 3029 2071 3082 ctum,
2108 3038 2126 3070 ι
2164 3019 2278 3082 Quo
2316 3034 2414 3087 ego
2440 3021 2573 3071 vado
2593 3058 2608 3082 ,
2649 3033 2747 3072 vos
2775 3035 2876 3072 non
2905 3021 3122 3088 potestis
3154 3022 3431 3084 venire",.

1904 3111 2046 3175 quod
2077 3109 2406 3176 subjuugitur
2437 3109 2540 3162 illis
2566 3110 2771 3162 verbis:
2803 3126 2821 3159 t
2851 3109 2916 3162 Et
2942 3111 2992 3164 in
3017 3121 3231 3178 peccato
3253 3122 3430 3166 vestro

1907 3198 2244 3262 moriemini;
2292 3216 2311 3249 ι
2371 3199 2582 3265 quando
2624 3197 2764 3251 enim
2807 3199 3033 3252 moritur
3078 3199 3197 3266 quis
3242 3199 3295 3252 iu
3331 3213 3424 3254 sur

1905 3287 2068 3355 ipsius
2091 3297 2336 3354 peccato,
2372 3302 2476 3355 quo
2502 3289 2644 3341 vadit
2693 3286 2848 3341 Jesus
2897 3303 3002 3341 nou
3039 3297 3213 3355 potest
3240 3289 3388 3341 abire
3413 3333 3425 3344 .

1904 3376 2077 3430 nullus
2105 3377 2246 3430 enim
2275 3386 2509 3430 mortuus
2551 3378 2700 3444 sequi
2735 3387 2909 3444 potest
2947 3376 3157 3441 Jesum,
3188 3379 3427 3445 quando-

1902 3466 2130 3533 quidem,
2163 3484 2182 3517 ι
2213 3465 2327 3518 Non
2358 3469 2551 3520 mortui
2579 3466 2865 3520 laudabunt
2891 3475 2962 3530 te,
2990 3467 3234 3530 Domine,
3260 3480 3427 3535 neque

1902 3568 2085 3608 omnes
2119 3553 2207 3621 qui
2235 3554 2560 3607 descendunt
2588 3554 2640 3607 iu
2672 3554 2968 3616 infernum;
2999 3554 3088 3606 sed
3120 3568 3213 3606 nos
3245 3554 3428 3606 viven-

1906 3653 1982 3697 tes
2006 3642 2334 3696 laudabimus
2367 3643 2642 3695 Dominum
2675 3642 2734 3695 ⁸³.
2772 3659 2792 3692 ›
2825 3642 2904 3694 Ad
2950 3640 3060 3694 haec
3100 3642 3222 3694 huic
3251 3641 3427 3704 dicto.

1907 3750 1925 3782 ι
1956 3730 2010 3784 lu
2037 3741 2253 3800 peccato
2299 3741 2474 3786 vestro
2513 3729 2846 3791 moriemini,
2885 3747 2903 3779 ι
2961 3729 3087 3782 illud
3127 3730 3422 3784 Ezechielis

1902 3805 2151 3889 adjunges
2171 3821 2311 3878 hunc
2345 3822 2398 3873 in
2431 3820 2643 3873 modum
2673 3834 2731 3873 se
2753 3821 2991 3874 habens:
3039 3837 3058 3870 ι
3091 3821 3281 3872 Anima
3307 3833 3432 3886 pec-

1902 3925 2062 3976 cans,
2103 3911 2212 3978 ipsa
2249 3911 2470 3963 moritur
2493 3909 2567 3960 “:
2607 3927 2626 3960 ι
2659 3924 2800 3962 mors
2838 3911 2978 3962 enim
3017 3909 3207 3962 animae
3237 3922 3428 3976 pecca-

1904 4008 2047 4062 tum;
2076 4014 2178 4052 nou
2211 4013 2367 4053 omne
2413 4008 2608 4062 tamen,
2638 4012 2755 4052 meo
2773 3998 2993 4066 judicio,
3025 4000 3116 4051 sed
3139 3998 3262 4051 illud
3287 3999 3428 4066 quod

1900 4087 2278 4142 dicitJuannes
2303 4089 2366 4141 ad
2400 4096 2620 4142 mortem
2651 4089 2690 4119 ³⁵
2730 4103 2743 4140 :
2785 4087 2874 4156 qui
2901 4088 3106 4155 pariter
3145 4087 3306 4140 etiam
3347 4087 3429 4140 di-

1903 4179 2120 4244 stinguit
2148 4188 2418 4245 peccatum
2464 4177 2675 4244 aliquod
2713 4185 2934 4230 mortem
2967 4189 3086 4230 esse
3116 4176 3306 4228 animae
3327 4212 3343 4241 ,
3371 4183 3428 4228 et

3182 4263 3427 4317 fortassis

227 4358 330 4426 τίς.
369 4354 531 4423 ὑμῶν
581 4350 958 4406 ἀποθανεῖσθε.
979 4356 1109 4406 ὅπου
1150 4355 1258 4420 ὲγὼ
1295 4356 1504 4424 ὑπάγω,
1547 4359 1700 4425 ὑμεῖς
1742 4357 1802 4408 οὑ

1914 4356 2060 4408 etiam
2108 4355 2265 4409 tertio
2313 4355 2469 4407 modo
2517 4360 2789 4421 peccatum
2832 4353 3042 4422 aliquod
3067 4353 3315 4406 damnum
3343 4361 3428 4405 est

226 4443 475 4498 δύνασθε
511 4443 687 4495 ὲλθεῖν
704 4458 718 4471 ·
744 4460 761 4491 ι
794 4441 870 4509 τῷ
895 4441 950 4493 δὲ
973 4443 1158 4512 Πέτρῳ
1176 4461 1190 4476 ο
1221 4462 1239 4492 ι
1267 4445 1436 4496 Ὅπου
1461 4445 1570 4511 ἐγὼ
1596 4445 1804 4512 ὑπάγω,

1901 4449 2123 4508 auiuue,
2152 4446 2290 4513 quod
2317 4445 2522 4498 scilicet
2559 4459 2620 4498 ex
2657 4459 2720 4498 eo
2756 4445 2922 4513 liquet
2958 4459 2973 4496 :
3013 4463 3030 4495 ι
3065 4445 3198 4510 Quid
3229 4446 3428 4498 utilita-

227 4536 296 4588 οὑ
333 4533 572 4587 δύνασαί
624 4547 713 4599 μοι
763 4530 857 4582 νῦν
905 4529 1288 4600 ἀκολουθῆσαι·
1330 4533 1706 4601 ἀκολουθήσεις
1753 4535 1808 4585 δὲ

1914 4536 1973 4590 lis
2002 4535 2215 4588 habebit
2243 4535 2432 4597 homo,
2459 4533 2502 4586 si
2535 4534 2841 4587 universum
2879 4535 3132 4586 mundum
3170 4535 3426 4594 lucretur,

229 4623 504 4692 ὕστερον
534 4639 554 4671 ι
597 4617 897 4688 ἐξεστιγὰρ
920 4619 1345 4688 μαθητευόμενον
1371 4620 1448 4689 τῷ
1479 4621 1678 4690 Ἰησοῦ,
1719 4621 1811 4673 νῦν

1914 4625 2095 4675 animat
2121 4637 2245 4675 vero
2272 4637 2381 4676 sua:
2417 4623 2790 4677 detrimentum
2844 4623 3075 4690 patiatur
3100 4623 3179 4673 "?
3214 4642 3233 4673 ι
3272 4633 3326 4675 et
3361 4639 3424 4675 ex

232 4712 342 4784 μιν
379 4712 458 4782 μὴ
493 4706 935 4780 παρεσκευάσθαι
954 4708 1062 4776 (47)
1103 4709 1234 4778 πρὸς
1263 4710 1324 4760 τὸ
1344 4709 1646 4761 ἀκολουθεῖν
1669 4710 1813 4779 αὑτῷ

1914 4727 2002 4764 eo:
2047 4728 2065 4760 t
2097 4711 2152 4765 Si
2182 4710 2333 4778 cujus
2360 4725 2492 4780 opus
2517 4719 2759 4764 exustum
2791 4711 2968 4774 fuerit,
2993 4710 3237 4762 damnum
3264 4712 3427 4764 babe-

311 4842 355 4875 “
385 4840 550 4895 Joan.
585 4855 664 4902 ιι,
699 4839 752 4891 4.
856 4841 899 4870 ⁸³
929 4839 1080 4894 Joan.
1112 4856 1226 4906 VIII,
1251 4840 1341 4893 2|.

232 4912 283 4946 ι⁶
304 4911 505 4964 Matth.
533 4924 647 4970 xvr,
677 4909 768 4961 26.

1452 4840 1495 4870 ¹⁸
1521 4841 1656 4895 Psal.
1700 4859 1850 4908 cxur,
1883 4845 1966 4910 l7,
1997 4845 2080 4898 18.
2157 4845 2199 4876 ¹⁴
2227 4843 2417 4898 Ezecb.
2449 4859 2599 4908 mn,
2636 4841 2724 4895 20.

2837 4842 2878 4874 ⁸³
2904 4841 2922 4894 l
2949 4839 3102 4895 Joau.
3134 4857 3186 4903 ν,
3222 4843 3311 4906 ιϐ,
3340 4841 3425 4898 l7.

308 5050 428 5116 (41)
465 5045 753 5101 Ferrarius
784 5045 1201 5116 videtur-legisse
1222 5041 1338 5116 πῷς
1381 5042 1430 5116 οἱ
1485 5042 1554 5110 μὴ
1587 5045 1804 5116 πιστεύ-

1914 5047 1995 5098 τοῦ
2028 5047 2290 5115 ἐτιαὺτὴν
2336 5044 2487 5113 ἰατὴν
2529 5043 2665 5099 εἶναι
2715 5043 2999 5106 δύνασθαι,
3056 5043 3137 5096 vel
3187 5046 3314 5112 quid
3353 5047 3429 5101 si-

229 5110 459 5180 σαντες,
485 5117 574 5168 ὅτι
614 5115 750 5178 ἔζων
779 5115 838 5165 ὲν
867 5112 1131 5184 ἀσθενείᾳ,
1169 5110 1420 5182 μέλλουσί
1448 5127 1570 5162 ποτε
1599 5113 1801 5169 ἀποθα-
1905 5117 2046 5184 mile,

225 5185 472 5241 νεῖσθαι.
623 5251 648 5254 μ
731 5247 751 5254 _
926 5247 941 5254 _
1095 5247 1143 5254 __
1342 5243 1355 5254 _
1413 5241 1439 5254 η

307 5253 424 5324 (4:3)
452 5251 695 5324 Αὺζοῖς.
731 5247 1029 5324 Legendum
1047 5243 1524 5324 νιχίιιεῑυεαὺτπῷντς

307 5255 401 5324 (42
452 5253 695 5314 Αὐτοῖς.
731 5253 1029 5312 Legendum
1059 5253 1524 5322 ι’ἱιιθῑυιχαῡτων.⁷
1550 5311 1563 5324 .

304 5253 424 5386 (45;
455 5320 577 5386 Kai‘
598 5321 632 5371 ό
667 5317 880 5386 ἱατρρς.
905 5315 1058 5386 Deest
1085 5315 1136 5386 in
1163 5309 1692 5386 codtce_Bodletano.

308 5376 1066 5458 (μ’)ῑᾶρμεζῘ-Ρέττιξι-ἰμε
1092 5379 1296 5458 legebat
1317 5376 1583 5458 εἴπωμεν.

309 5443 426 5526 (45)
458 5455 604 5508 Ἀπὸ
617 5443 854 5526 ’τοῦ-ἔτι
872 5447 1066 5526 μρτὴγ
1085 5443 1229 5526 εἶπαι
1259 5443 1566 5526 ιῖιξνασραι.
1597 5444 1800 5526 Legen:

1973 5183 2080 5248 (ιϐ)
2117 5180 2376 5248 Ἃμαρτία
2403 5177 2970 5247 δηλονότι.¹Λμαρτία
2997 5175 3208 5229 videtur
3233 5180 3434 5251 παριλ-

1903 5267 2235 5385 κεῢἸ)Νῆγ
2268 5315 2380 5382 μὲν
2399 5316 2483 5383 μὴ
2518 5312 3009 5382 παρεσκευάσθαι.
3046 5307 3290 5378 Negandi
3316 5332 3426 5384 par.

1909 5383 2144 5438 ticula‘iu
2177 5383 2420 5436 Fet-rario
2478 5399 2578 5435 non
2627 5389 2931 5448 comparet_;
2959 5390 3115 5448 quam
3155 5383 3442 5448 genuinam

1913 5463 2086 5504 tamen
2111 5451 2245 5504 ratio
2283 5459 2336 5505 et
2385 5452 2594 5506 codices
2651 5443 3001 5512 manuscripti
3047 5453 3102 5496 et
3159 5443 3446 5503 Pet-ionius

230 5509 367 5581 duiu
401 5509 636 5580 fortasse
669 5518 779 5573 ἀπὸ
810 5516 898 5568 τοῦ
927 5509 1239 5580 ἐτιίαθῆναι
1277 5509 1552 5578 δύνασθαι,
1576 5513 1656 5565 Vcl
1678 5509 1801 5565 άπὸ

1914 5521 2156 5572 clamant.
