3828 6194
235 279 353 338 657
1305 294 1651 350 (ΖΟΜΜΕΝΤ.
1693 294 1755 346 ΙΝ

1872 293 1977 349 AN.
2020 295 2251 350 TOMUS
2283 298 2423 350 XIX.
3334 311 3437 364 ΚΞΝ

228 394 387 454 κατὰ
414 394 510 458 τὰς
536 395 712 463 ὑγιεῖς
733 401 964 471 ἐκδοχὰς
984 406 1084 457 τῶν
1112 410 1449 478 προφητικῶν
1464 411 1651 484 λόγων,
1670 412 1772 464 οὔτε

1872 454 1880 467 _
1910 406 2237 469 Bethlehem,
2277 410 2710 476 proditurumque
2733 424 2796 463 ex
2833 411 2968 463 trihtt
2993 410 3145 475 Juda,
3170 414 3316 482 juxta
3346 436 3432 475 sa-

243 488 343 539 καὶ
356 501 417 573 πε
428 484 582 573 ρίτοῦ
601 485 838 542 θανάτου
858 492 1041 558 αὑτοῦ,
1059 495 1131 556 ὡς
1145 498 1327 550 ἑαυτὸν
1340 492 1383 565 ᾧ
1399 499 1614 569 εἴπομεν
1627 502 1772 571 τρόπι

1906 509 1999 548 nas
2036 495 2410 565 iutelligeutias
2449 498 2872 565 propheticorum
2908 515 3209 556 sermonum
3245 506 3320 573 ⁸¹;
3354 512 3435 562 sic

253 567 653 659 ἀπαλλάξᾳντος
695 573 790 627 τοῦ
825 577 973 646 ,βίου.
1026 585 1131 636 Καὶ
1159 585 1318 648 εἰκὸς,
1353 587 1431 639 ὅτι
1479 567 1692 659 ᾔδεισαν
1719 591 1772 641 τὸ

1904 581 1968 634 de
1995 591 2164 636 morte
2188 582 2354 650 ipsius
2385 584 2545 637 etiam
2574 596 2710 648 erat,
2749 588 2887 654 quod
2931 588 3172 643 Christus
3199 594 3431 659 seipsum

250 655 428 748 οὕτως
457 658 877 748 ᾃὲξελευσόμενον
927 671 1306 726 ἀπελεύσεσθαι
1348 679 1425 738 είς
1456 655 1633 748 χῖῦραν
1680 679 1802 731 ἔνθα

247 746 348 796 οὑκ
373 746 635 815 ἠδύναντο
682 755 936 819 γενέσθαι
964 760 1070 813 οὐδ’
1096 763 1143 813 οί
1172 764 1337 816 ταῦτα
1369 767 1625 829 νοοῦντες·
1665 768 1801 821 ὥστε

248 833 323 901 μὴ
350 836 491 925 κατὰ
522 836 581 889 τὺ
609 839 972 915 ἁπλούστερον
1005 848 1163 902 αὑτοῦ
1202 851 1310 920 (68)
1353 856 1642 925 εἰρηκέναι,
1669 858 1800 909 ἀλλά

1901 685 1930 723 e
1963 673 2066 724 vita
2121 670 2443 727 liberaturus
2486 683 2628 728 esset
2672 690 2735 728 eo
2771 677 2924 730 modo
2954 692 3058 746 quo
3082 678 3348 746 diximus;
3378 695 3434 737 et

1900 769 2043 812 certe
2069 760 2339 827 probabile
2363 770 2442 813 est
2470 775 2562 815 eos
2588 763 2909 818 intellexisse
2935 778 3076 829 eum,
3103 769 3191 834 qui
3234 770 3313 822 sic
3337 784 3433 823 ex-

1902 848 2076 900 iturus
2104 859 2263 913 esset,
2312 852 2574 903 abiturum
2607 852 2657 905 in
2684 852 2853 907 locum
2893 869 2996 923 qtto
3030 871 3095 910 ue
3128 858 3180 910 hi
3216 861 3430 927 quidem

245 924 391 976 κατά
437 942 563 980 τινα
617 931 749 1001 περὶ
812 934 1044 1004 Χριστοῦ
1106 941 1393 1009 παράδοσιν
1438 924 1524 996 τό·
1580 966 1597 996 ί
1659 949 1797 1017 Μήτι

242 1014 539 1068 ἀποκτενεῖ
592 1017 807 1083 ἑαυτὸν,
865 1023 944 1075 ὅτι
994 1025 1135 1093 λέγει
1160 1044 1172 1057 ·
1216 1030 1383 1082 Ὅπου
1426 1033 1534 1100 ἐγὼ
1579 1014 1794 1102 ὑπάγω,

241 1103 400 1171 ὑμεῖς
422 1106 482 1156 οὑ
510 1106 738 1162 δύνασθε
768 1110 939 1163 ἐλθεῖν
965 1130 979 1177 ;
1024 1135 1040 1164 ι
1077 1118 1184 1169 Καὶ
1221 1121 1267 1171 εἰ
1302 1120 1512 1188 λέγουσι
1540 1124 1595 1175 δὲ
1629 1126 1797 1179 ταῦτα

235 1192 284 1242 οἱ
327 1194 598 1258 Ἰουδαῖοι,
631 1198 983 1265 διστακτικῶς
1012 1206 1147 1258 αὑτά
1174 1224 1333 1273 φασι·
1361 1211 1420 1262 τὸ
1452 1212 1582 1282 γάρ·
1614 1234 1629 1265 ι
1654 1216 1794 1285 Μήτι

234 1280 532 1333 ἀποκτενεί
555 1283 778 1348 sant-6v;
813 1304 832 1336 ι
865 1288 1097 1342 τοιοῦτόν
1119 1294 1249 1344 ἐστι.
1277 1295 1379 1347 Καὶ
1409 1298 1466 1348 ού
1489 1280 1794 1368 θαυμαστὸν

233 1368 601 1435 ἀμφιόάλλειν
633 1372 828 1435 αὑτοὺς
859 1378 984 1445 περὶ
1016 1364 1265 1448 Χριστοῦ,
1285 1384 1370 1435 ὅτε
1391 1402 1451 1451 γε
1482 1387 1572 1438 καὶ
1595 1364 1664 1440 ⁷ὲν
1684 1393 1794 1452 τοῖς

229 1457 495 1528 ἀνωτέρω
522 1462 573 1512 οἱ
600 1463 665 1514 ὲκ
700 1452 791 1515 τοῦ
817 1465 972 1533 ὄχλου
1005 1467 1326 1534 ἀκούσαντες
1363 1476 1469 1527 τῶν
1502 1477 1670 1544 λόγων
1696 1479 1787 1531 τοῦ

239 1541 422 1614 Ἰησοῦ
480 1547 695 1616 ἔλεγον·
738 1569 758 1601 r
812 1548 978 1636 Οὗτός
1008 1558 1150 1612 ἐστιν
1183 1559 1448 1629 ἀληθῶςό
1478 1541 1786 1636 προφήτης·

226 1632 372 1686 ἄλλοι
408 1636 471 1687 δὲ
516 1637 732 1706 ἔλεγον·
777 1634 942 1705 Οὗτός
981 1645 1123 1698 ἐστιν
1158 1649 1185 1698 6
1228 1650 1483 1718 Χριστός·
1519 1632 1568 1706 οἱ
1679 1632 1789 1707 ἔλε-

1901 939 2012 990 Ιιωο
2040 938 2397 1007 intelligentes
2440 939 2705 1005 proficisci
2752 955 2969 1009 possent
3002 961 3015 996 :
3047 946 3181 1001 adeo
3217 957 3273 1001 ut
3325 944 3460 1004 non‘

1897 1026 2232 1094 simpliciter,
2265 1029 2357 1081 sed
2389 1029 2539 1096 juxta
2572 1031 2856 1097 quamdam
2898 1034 2961 1086 de
2996 1033 3210 1089 Christo
3262 1038 3429 1091 tradi-

1898 1118 2092 1172 tionem
2122 1119 2349 1172 dixerint
2382 1141 2392 1172 :
2435 1136 2453 1169 ι
2488 1118 2733 1188 Nunquid
2768 1122 3141 1177 interfecturus
3169 1136 3251 1180 est
3275 1129 3428 1195 seip-

1894 1219 2032 1269 sum,
2064 1207 2186 1274 quia
2234 1206 2363 1260 dicit
2398 1225 2410 1260 :
2456 1206 2571 1272 Quo
2594 1222 2691 1275 ego
2738 1210 2908 1268 vado.
2940 1226 3030 1265 vos
3070 1228 3172 1265 non
3206 1217 3427 1283 potestis

1893 1295 2072 1348 venire
2100 1295 2181 1347 ιιι
2208 1313 2227 1345 ι
2268 1294 2413 1359 Quod
2458 1295 2502 1348 si
2542 1296 2703 1349 etiam
2742 1297 2857 1351 haec
2905 1298 3192 1366 loquuntur
3231 1302 3422 1365 Judaei,

1893 1383 2133 1451 ambigue
2163 1384 2275 1437 hac
2319 1384 2637 1451 loquuntur;
2687 1399 2810 1438 nam
2862 1387 3081 1441 dicere:
3121 1407 3138 1439 ι
3171 1390 3423 1459 Nunquid

1891 1471 2271 1525 interfecturus
2295 1481 2375 1526 est
2399 1473 2664 1540 seipsum?
2697 1492 2715 1523 ι
2750 1475 2850 1528 tale
2881 1476 3126 1543 quiddam
3168 1491 3269 1536 est.
3310 1480 3420 1535 Nec

1891 1574 2019 1612 sane
2043 1560 2230 1612 tnirum
2281 1570 2359 1612 est
2395 1576 2487 1614 eos
2518 1564 2582 1614 de
2627 1561 2837 1615 Christo
2868 1564 3158 1634 ambigere,
3206 1573 3421 1636 quando

1890 1649 2050 1700 etiam
2080 1649 2129 1701 in
2157 1651 2538 1716 superioribus,
2568 1666 2684 1704 cum
2715 1652 2880 1706 turba:
2909 1655 3180 1709 audissent
3214 1673 3420 1713 sermo-

228 1739 355 1813 γον·
384 1726 487 1796 Μὴ
522 1727 633 1798 γὰρ
666 1729 731 1813 ex
764 1732 858 1801 τῆς
891 1732 1171 1798 Γαλιλαίας
1206 1740 1233 1789 6
1259 1741 1487 1807 Χριστὸς
1537 1742 1772 1813 ἐρχεταις

1889 1751 1980 1791 nes
2012 1735 2156 1801 Jesu,
2213 1738 2490 1792 dicerent:
2530 1757 2549 1790 ι
2585 1739 2680 1793 llic
2721 1752 2801 1793 est
2848 1756 2969 1794 vere
3001 1745 3252 1810 propheta
3280 1748 3414 1813 ille;

226 1812 390 1900 ρὺχή
414 1814 619 1884 Γραφὴ
644 1812 813 1878 εἶπεν,
835 1820 913 1871 ὅτι
939 1823 1001 1872 ὲκ
1031 1822 1343 1900 σπέρματος
1360 1829 1535 1896 Δαυῒδ,
1570 1812 1658 1884 καὶ
1681 1833 1786 1886 ἀπὸ

226 1899 483 1990 βηθλεὲμ
528 1905 628 1971 τῆς
681 1904 873 1976 κώμης
924 1910 1053 1962 ὅπου
1108 1908 1174 1982 ἦν
1237 1916 1428 1982 Δαυῒδ,
1477 1921 1505 1972 6
1555 1922 1784 1990 Χριστὸς

221 1986 481 2056 ἔρχεταις
535 2009 555 2041 ι
583 1993 671 2044 ὅτε
703 1995 794 2047 καὶ
828 2014 847 2045 α
881 1998 1080 2067 σχίσμα
1114 2003 1395 2073 γεγένηται
1434 2007 1490 2059 ὲν
1531 1986 1618 2078 rip
1645 2010 1782 2079 ὄχλῳ

218 2075 285 2128 δι’
305 2078 502 2130 αὑτόν.
531 2100 563 2168 7r
606 2081 763 2135 Ἀλλὰ
795 2086 887 2138 καὶ
917 2090 1030 2155 μετ’
1054 2089 1204 2158 ὀλίγα
1234 2085 1451 2148 ἐκείνων
1465 2075 1781 2168 γέγραπται,

219 2163 296 2256 ὅτι
322 2166 713 2256 ἀπεκρίθησαν
753 2173 802 2222 oi
840 2173 1135 2245 ὑπηρέται·
1172 2197 1190 2229 ι
1230 2163 1490 2236 Οὐδέποτε
1527 2163 1779 2256 ἐλάλησεν

217 2251 387 2343 οὕτως
414 2254 731 2325 ἄνθρωπος·
775 2279 792 2309 ι
820 2260 895 2323 ὡς
919 2264 1010 2316 καὶ
1039 2267 1162 2329 τοὺς
1175 2268 1490 2338 Φαρισαίους
1509 2251 1780 2343 εἰρηκέναι

214 2345 324 2404 τοῖς
349 2342 702 2413 θαυμάζουσι
724 2347 813 2399 τὸν
839 2347 992 2416 λόγον
1017 2354 1204 2406 αὑτοῦ·
1230 2373 1248 2404 ι
1275 2357 1363 2425 Μὴ
1385 2359 1476 2411 καὶ
1500 2342 1653 2429 ὑμεῖς
1683 2381 1779 2415 πε-

214 2428 517 2499 πλάνησθε;
538 2433 711 2500 μήτις
731 2435 794 2485 ὲκ
813 2435 918 2487 τῶν
928 2438 1195 2507 ἀρχόντων
1218 2443 1523 2498 ἐπίστευσεν
1536 2428 1611 2508 είς
1622 2449 1778 2501 αὑτὸν

211 2512 245 2580 ἢ
260 2514 324 2564 ἐκ
337 2515 448 2566 τῶν
467 2516 804 2585 Φαρισαίων;
826 2521 985 2591 ἀλλ’ἢ
1010 2526 1038 2574 6
1055 2524 1225 2595 ὄχλος(
1231 2522 1468 2597 69)οὗτος
1487 2534 1513 2584 6
1531 2533 1602 2603 μὴ
1621 2536 1777 2601 γινώ-

213 2617 353 2654 σκων
367 2603 457 2656 τὸν
490 2606 657 2674 νόμον
683 2609 941 2678 ἐπάρατοί
962 2613 1096 2668 εἰσιν
1111 2631 1125 2678 ;
1144 2632 1163 2666 ι
1178 2617 1262 2668 ὅτε
1278 2620 1369 2670 καὶ
1386 2620 1684 2692 Νικοδήμου
1703 2628 1778 2677 εί-

213 2692 456 2761 ρηκότος·
483 2712 506 2743 ι
525 2694 663 2765 Μὴὸ
685 2697 864 2767 Νόμος
881 2701 1035 2768 ήμῶν
1060 2704 1227 2773 κρίνει
1256 2706 1344 2760 τὸν
1369 2709 1662 2779 ἄνθρωπον,
1684 2714 1775 2767 ἐὰν

217 2782 288 2849 μὴ
320 2781 535 2852 ἀκούσῃ
586 2785 802 2854 πρῶτον
850 2793 977 2859 παρ’
1010 2793 1191 2857 αὑτοῦ,
1227 2796 1319 2846 καὶ
1358 2798 1466 2866 γνῷ
1508 2800 1560 2851 τί
1603 2805 1770 2865 ποιεῖ;

206 2869 620 2942 ἀπκρίθησαν·
647 2875 738 2945 Μὴ
772 2877 865 2928 καὶ
896 2880 957 2930 σὺ
986 2882 1048 2931 ὲκ
1070 2881 1166 2948 τῆς
1192 2883 1474 2948 Γαλιλαίας
1506 2883 1589 2952 si;
1620 2890 1772 2958 ἐρεύ-

1884 1824 1973 1877 alii
2019 1838 2144 1879 vero
2182 1824 2427 1879 dicelraut
2459 1843 2473 1877 :
2505 1826 2601 1880 llic
2644 1837 2726 1881 est
2762 1829 2851 1882 ille
2874 1828 3159 1897 Christus;
3195 1836 3413 1902 quidam

1885 1920 2055 1965 autem
2086 1913 2331 1968 dicebant
2360 1930 2373 1964 :
2413 1914 2673 1968 Nunmam
2696 1931 2758 1968 ex
2792 1914 3005 1971 Galilaaa
3041 1922 3286 1978 Christus
3318 1939 3415 1979 ve-

1885 2001 1993 2053 nit?
2019 2001 2202 2055 Nonne
2234 2002 2507 2070 Scriptura
2544 2004 2690 2066 dicit,
2726 2008 2954 2072 quodex
2986 2011 3189 2063 semine
3224 2014 3408 2078 David,

1883 2099 1936 2144 et
1973 2092 2037 2144 de
2073 2091 2377 2145 Bethlehem
2411 2093 2629 2146 castello
2671 2095 2757 2147 ubi
2799 2106 2913 2149 erat
2960 2097 3141 2162 David,
3168 2102 3410 2159 Christus

1883 2177 2093 2230 veniet?
2121 2196 2139 2227 ι
2175 2180 2384 2245 quando
2407 2179 2567 2231 etiam
2602 2198 2620 2229 ‹
2654 2180 2917 2235 dissensio
2943 2194 3058 2237 orta
3091 2197 3172 2240 est
3212 2190 3263 2241 in
3297 2199 3411 2243 tur-

1884 2265 1948 2317 ba
1983 2274 2196 2333 propter
2231 2281 2349 2318 eum
2383 2267 2448 2319 ³³.
2487 2286 2504 2317 ι
2541 2267 2645 2320 Sed
2676 2269 2835 2335 paulo
2890 2282 3007 2337 post
3039 2274 3120 2324 illa
3151 2279 3407 2345 scriptum

1881 2362 1961 2405 est
1990 2353 2325 2420 respondisse
2359 2353 2631 2407 ministros
2664 2371 2677 2405 :
2726 2372 2744 2404 ι
2780 2355 3057 2428 Nunquaut
3095 2363 3195 2416 isto
3253 2369 3408 2419 modo

1881 2442 2085 2496 locutus
2109 2450 2190 2494 est
2212 2442 2369 2495 homo
2393 2440 2437 2472 “
2468 2460 2479 2493 :
2516 2461 2533 2492 ι
2567 2445 2697 2497 adeo
2728 2452 2785 2496 ut
2818 2446 3066 2503 Pharisaei
3090 2452 3403 2507 admiranti-

1880 2532 1977 2586 bus
2011 2544 2307 2586 sermonem
2335 2533 2448 2598 eius
2477 2535 2705 2589 dixerint
2739 2554 2752 2591 :
2791 2539 2973 2597 LNum
3010 2555 3100 2594 vos
3126 2542 3283 2595 etiam
3310 2546 3407 2596 de,

1879 2622 2015 2688 cepti
2038 2621 2200 2674 estis?
2235 2638 2358 2674 num
2389 2623 2581 2691 aliquis
2602 2639 2665 2678 ex
2697 2641 2747 2685 ο»
2912 2627 3045 2692 .bus,
3071 2631 3151 2682 vel
3181 2645 3242 2682 ex
3266 2632 3408 2685 Ρὺιι..

1880 2709 2045 2763 τίεωῑε
2078 2710 2129 2761 in
2155 2724 2273 2762 eum
2306 2710 2570 2764 credidit?
2594 2713 2711 2765 Ann
2905 2731 2961 2767 aa
2989 2716 3120 2777 Ιιωίι,
3150 2733 3266 2784 qum
3295 2734 3399 2773 non

1877 2798 2117 2865 agnoscit
2159 2797 2353 2867 legem,
2417 2801 2739 2854 exsecrabile
2900 2812 2950 2855 :tt
2990 2805 3074 2857 πί
3119 2828 3136 2856 ι
3188 2811 3402 2873 quando

1874 2887 2032 2939 etiam
2059 2902 2174 2940 cum
2211 2888 2431 2941 dixisset
2465 2886 2781 2944 Nicodemus

205 2970 383 3023 νησον,
420 2962 519 3013 καὶ
557 2961 655 3025 ἴδε,
696 2963 777 3015 ὅτι
806 2966 869 3015 ἐκ
899 2966 994 3033 τῆς
1023 2968 1303 3032 Γαλιλαίας
1350 2976 1624 3044 προφήτης
1672 2978 1770 3031 οὑκ

1872 2971 2071 3041 iudicat
2116 2977 2402 3036 hominem,
2454 2977 2551 3029 nisi
2603 2980 2750 3044 prius
2786 2966 3033 3033 Qadierit
3075 2985 3141 3035 ab
3172 2985 3306 3051 ipso,
3346 2998 3403 3038 et

204 3044 504 3117 ἐξέρχεται,
534 3050 659 3102 οὑδὲ
687 3052 973 3121 ἐγείρεται.
1016 3074 1034 3105 ι
1070 3057 1191 3120 Πῶς
1216 3059 1271 3110 δὲ
1299 3060 1543 3116 ἐδύναντο
1574 3066 1769 3118 ἀπλού-

204 3150 391 3205 στερον
416 3142 564 3189 νοεῖν
594 3139 756 3190 αὑτὸν
782 3141 984 3194 ,ἑαυτὸν
1023 3144 1334 3215 ἀναιρήσειν
1361 3151 1409 3200 οί
1448 3152 1769 3216 ἀκούσαντες

201 3224 365 3277 αὐτοῦ
389 3225 682 3294 λέγοντος·
717 3247 735 3279 ι
784 3231 922 3297 Ἐγώ
951 3233 1067 3301 εἰμι
1101 3234 1161 3285 τὸ
1194 3235 1305 3302 φῶς
1336 3237 1427 3289 τοῦ
1458 3240 1659 3308 κόσμου
1683 3258 1695 3270 ·
1739 3244 1766 3294 6

200 3313 507 3368 ἀκολουθῶν
542 3333 636 3384 μοι
672 3318 732 3368 οὑ
771 3320 843 3387 μὴ
871 3323 1211 3393 περιπατήσῃ
1232 3326 1288 3376 ἐν
1310 3328 1374 3394 τῇ
1411 3328 1613 3396 σκοτίᾳ,
1653 3329 1764 3380 ἀλλ’

199 3402 303 3465 ἕξει
331 3404 392 3455 τό
422 3405 546 3473 φῶς
576 3406 676 3475 τῆς
717 3406 896 3476 ζωῆς;
934 3427 950 3459 ι
986 3411 1127 3479 Πρός
1153 3412 1210 3465 ὃν
1241 3414 1289 3464 ol
1310 3415 1586 3483 Φαρισαῖοι
1616 3420 1765 3487 εἰρή-

198 3508 371 3556 κασιν,
398 3495 481 3547 ὅτι
516 3517 535 3545 ι
580 3496 651 3547 Σὺ
684 3498 808 3565 περὶ
830 3499 1052 3550 σεαυτοῦ
1083 3504 1398 3568 μαρτυρεῖς·
1432 3506 1462 3573 ή
1493 3507 1760 3575 μαρτυρία

198 3593 286 3630 σου
316 3582 416 3632 οὑκ
438 3582 594 3634 ἔστιν
624 3582 858 3651 ἀληθής·
888 3579 969 3646 οἷς
1009 3587 1333 3656 ἀπεκρίνατο
1362 3591 1390 3641 ὁ
1445 3590 1646 3659 Ἰησοῦς
1673 3592 1759 3644 λέ-

192 3684 328 3732 γων·
364 3671 485 3722 Κᾶν
517 3669 635 3739 ἐγὼ
662 3673 918 3741 μαρτυρῶ
946 3674 1072 3742 περὶ
1121 3675 1377 3743 ἐμαυτοῦ,
1419 3680 1451 3745 ἡ
1493 3680 1759 3749 μαρτυρία

196 3773 294 3824 μου
331 3758 548 3827 ἀληθής
603 3760 768 3821 ἐστιν,
819 3761 899 3811 ὅτι
947 3758 1059 3814 οἶδα
1099 3762 1257 3815 πόθεν
1288 3760 1466 3833 ἦλθον,
1516 3769 1605 3819 καὶ
1660 3769 1757 3820 ποῦ

191 3847 401 3913 ὑπάγω.
453 3849 653 3917 Ὑμεῖς
713 3849 853 3902 κατά
903 3850 1001 3920 τὴν
1054 3851 1227 3923 σάρκα
1285 3853 1514 3923 κρίνετε,
1563 3856 1671 3923 ἐγὼ
1698 3860 1754 3912 οὑ

190 3936 354 4005 κρίνω
385 3937 610 3989 οὐδένα·
654 3939 746 3989 καὶ
776 3938 868 3991 ἐὰν
893 3939 1060 4008 κρίνω
1084 3941 1138 3992 δὲ
1164 3941 1291 4008 ἐγὼ,
1320 3945 1352 4011 ή
1388 3944 1616 4014 κρίσιςή
1650 3948 1754 4017 ἐμὴ

187 4024 392 4093 ἀληθής
423 4028 600 4085 ἐστιν,
638 4025 719 4075 ὅτι
756 4025 913 4093 μόνος
954 4027 1051 4078 οὐκ
1087 4031 1218 4095 είμὶ,
1266 4029 1377 4081 ἀλλ’
1421 4032 1548 4097 ἐγὼ,
1595 4035 1686 4085 καὶ
1726 4037 1753 4085 6

188 4114 406 4181 πέμψας
439 4131 512 4183 με
545 4116 761 4183 Πατήρ.
800 4117 905 4167 Καὶ
927 4117 984 4168 ἐν
1014 4117 1091 4185 τῷ
1121 4119 1288 4187 Νόμῳ
1316 4119 1370 4170 δὲ
1402 4120 1479 4188 τῷ
1509 4122 1752 4194 ὑμετέρῳ

185 4203 531 4271 γέγραπται,
579 4205 664 4255 ὅτι
703 4202 795 4254 δύο
838 4203 1133 4273 ἀνθρώπων
1170 4207 1201 4274 ή
1239 4208 1507 4276 μαρτυρία
1552 4210 1750 4281 ἀληθής

1873 3061 2178 3129 cognoverit
2205 3063 2330 3128 quid
2362 3061 2558 3114 faciat?
2602 3066 2992 3130 responderunt
3027 3083 3038 3118 :
3070 3068 3201 3123 Num
3233 3081 3285 3124 et
3338 3080 3392 3124 tu

1869 3153 2117 3208 Galilaeus
2140 3155 2231 3208 es?
2256 3153 2524 3220 Scrutare,
2555 3165 2608 3209 et
2635 3157 2751 3210 vide
2774 3158 2912 3224 quod
2964 3172 2990 3207 a
3030 3157 3244 3211 Galilwa
3274 3175 3393 3226 pro-

1866 3244 2024 3310 pheta
2058 3258 2158 3295 non
2184 3245 2450 3312 egreditur
2474 3259 2644 3311 neque
2670 3246 2836 3312 surgit
2857 3246 2920 3297 ⁸⁸.
2953 3265 2970 3295 ι
3000 3247 3102 3299 Sed
3129 3250 3391 3315 quomodo

1866 3330 2157 3398 simplicius
2185 3341 2428 3400 poterant
2461 3333 2757 3402 intelligere
2795 3334 3026 3387 futurum
3074 3346 3127 3388 ut
3158 3337 3387 3404 seipsum

1866 3420 2210 3483 interficeret,
2247 3421 2525 3475 audientes
2563 3436 2682 3474 eum
2716 3421 2977 3475 dicentem
3014 3440 3027 3475 :
3064 3444 3080 3473 ι
3121 3424 3228 3490 Ego
3274 3439 3388 3477 sum

1861 3504 1955 3560 lux
1981 3506 2159 3562 mundi
2191 3527 2204 3562 :
2237 3509 2324 3575 qui
2361 3510 2602 3577 sequitur
2630 3526 2734 3576 me,
2774 3526 3106 3579 nequaquam
3145 3513 3388 3566 ambula-

1860 3598 1996 3661 verit
2025 3600 2074 3649 in
2106 3599 2358 3661 tenebris,
2392 3598 2486 3653 sed
2518 3599 2729 3653 habebit
2772 3600 2946 3653 lumen
2992 3601 3112 3654 vitae
3145 3601 3223 3654 ’τί
3259 3620 3278 3654 ι
3308 3603 3387 3656 Ad
3494 3648 3507 3654 -

1858 3698 2015 3750 quem
2052 3683 2302 3737 Pharisaei
2344 3687 2627 3740 dixerunt:
2663 3704 2679 3735 ι
2715 3682 2789 3737 Tu
2836 3686 2900 3740 de
2938 3689 3105 3755 teipso
3136 3690 3389 3742 testifica»

1858 3773 1960 3834 ris;
2013 3774 2367 3825 testimonium
2399 3785 2540 3826 tuum
2590 3790 2693 3826 non
2739 3783 2817 3826 est
2848 3790 3050 3828 verum.
3095 3776 3388 3841 Respondit

1856 3858 2033 3919 Jesus,
2060 3868 2113 3912 ct
2146 3860 2279 3912 dixit
2309 3860 2387 3912 eis
2416 3876 2429 3911 :
2468 3860 2685 3913 Etiamsi
2725 3877 2823 3928 ego
2864 3863 3222 3914 testimonium
3266 3877 3387 3927 per-

1856 3945 2012 3997 hibeo
2036 3945 2102 3997 de
2150 3945 2376 4011 meipso,
2405 3958 2588 3998 verum
2634 3956 2713 3998 est
2775 3949 3131 4001 testimonium
3185 3962 3379 4009 meum,

1854 4032 1976 4098 quia
2011 4033 2121 4085 scio
2157 4034 2294 4085 unde
2328 4033 2502 4096 venio,
2538 4044 2590 4086 et
2615 4049 2719 4100 quo
2749 4037 2899 4088 vado.
2958 4036 3063 4090 Vos
3092 4038 3383 4091 secundum

1853 4135 2067 4173 carnem
2088 4119 2363 4187 judicatis,
2393 4137 2491 4190 ego
2528 4139 2630 4174 non
2654 4126 2833 4190 judico
2865 4138 3183 4193 quemquam
3211 4145 3223 4178 :
3252 4141 3378 4194 por-

1854 4224 1913 4262 ro
1935 4210 2093 4262 etiam
2122 4211 2163 4261 si
2183 4211 2411 4277 judicent
2446 4225 2563 4278 ego,
2586 4210 2844 4276 judicium
2873 4226 3044 4265 meum
3077 4227 3256 4266 verum
3279 4222 3379 4275 est,

184 4293 352 4346 ἔστιν·
383 4294 500 4360 ἐγώ
527 4296 649 4362 είμι
670 4297 698 4344 6
725 4293 1012 4362 μαρτυρῶν
1045 4295 1169 4363 περὶ
1206 4296 1469 4367 ἐμαυτοῦ,
1492 4300 1581 4350 καὶ
1614 4317 1750 4370 μαρ-

1872 4298 1973 4365 ιιιίιι
2000 4298 2143 4351 solus
2173 4313 2273 4350 non
2304 4313 2447 4361 sum;
2502 4301 2593 4351 sed
2619 4314 2735 4366 ego,
2768 4310 2823 4352 et
2848 4302 2938 4367 qui
2987 4302 3129 4354 misit
3169 4317 3251 4355 me
3278 4302 3380 4354 Pa-

181 4385 330 4450 τυρεί
364 4383 497 4451 περὶ
518 4379 660 4450 ἐμοῦ
685 4382 713 4432 6
745 4382 964 4450 πέμψας
988 4398 1052 4450 με
1076 4384 1103 4433 6
1126 4384 1328 4454 Πατήρ.
1368 4404 1387 4434 ›
1419 4385 1482 4435 Τί
1505 4386 1559 4437 δὲ
1596 4388 1748 4440 πιθα-

182 4468 267 4521 νὸν
295 4471 436 4540 πρὸς
482 4471 546 4523 τὸ
585 4472 900 4523 ἀποκτενεῖν
947 4472 1132 4526 ἑαυτὸν
1180 4474 1315 4541 μετᾶ
1355 4475 1475 4537 τοὺς
1519 4478 1744 4544 μεγαλο-

180 4557 475 4626 φυέστερον
525 4557 855 4626 εἰρημένους
897 4557 1081 4609 τοῦτον
1138 4560 1226 4610 τὸν
1269 4560 1467 4628 τρόπον
1523 4562 1739 4630 λόγους·

184 4660 201 4689 ι
236 4643 370 4696 οὔτε
424 4646 530 4715 ἐμὲ
579 4646 778 4707 οἴδατε,
828 4644 948 4696 οὒτε
990 4645 1078 4698 τὸν
1122 4647 1339 4716 Πατέρα
1391 4664 1526 4716 μου·
1565 4652 1612 4701 εί
1645 4653 1741 4720 ἐμὲ

177 4730 369 4798 ᾔδειτε,
405 4735 505 4786 καὶ
530 4732 627 4786 τὸν
661 4732 880 4803 Πατέρα
904 4749 1002 4801 μου
1031 4731 1093 4785 ἂν
1128 4734 1339 4803 ᾔδειτε;
1377 4752 1395 4783 ι
1435 4734 1592 4797 Εἰκὸς
1612 4737 1739 4806 γὰρ,

176 4819 252 4869 ὅτι
278 4822 493 4883 τούτοις
523 4821 733 4890 ὁμοίως
763 4818 1059 4888 ἐξεδέχοντο
1096 4823 1188 4874 καὶ
1218 4822 1279 4873 τό
1301 4837 1313 4849 ·
1357 4839 1373 4870 ι
1432 4821 1568 4888 Ἐγὼ
1602 4826 1740 4878 ὑπά-

176 4923 273 4974 γω,
302 4912 396 4962 καὶ⁴
425 4909 703 4979 ζητήσετέ
730 4925 817 4977 με,
844 4909 937 4960 καὶ
961 4910 1018 4961 ἐν
1048 4912 1110 4979 τῇ
1149 4907 1394 4978 ἁμαρτίᾳ
1426 4909 1579 4976 ὑμῶν
1606 4913 1740 4964 ἀπο·

178 4997 449 5050 θανεῖσθε·
511 5000 653 5052 ὅπου
692 4998 800 5064 ἐγὼ
851 4998 1057 5065 ὑπάγω,
1092 5000 1245 5069 ὑμεῖς
1283 4997 1344 5047 οὑ
1380 4996 1601 5050 δύνασθε
1653 5001 1738 5053 ὲλ-

178 5085 308 5139 θεῖν·
353 5106 372 5137 ι
404 5087 549 5158 πρὸς
568 5087 633 5139 ὃν
659 5086 751 5138 καὶ
779 5086 1126 5156 ἀπεκρίναντο
1150 5088 1199 5137 οί
1243 5084 1503 5135 Ἰουδαῖοι·
1540 5105 1557 5136 ι
1591 5088 1736 5158 Μήτι
1759 5080 1775 5101 ’

180 5172 464 5225 ἀποκτενεῖ
511 5170 728 5234 ἑαυτὸν,
774 5171 853 5222 ὅτι
913 5172 1081 5239 λέγει·
1141 5173 1312 5221 Ὅπου
1367 5167 1469 5230 ἐγὼ
1516 5169 1732 5236 ὑπάγω,

180 5257 324 5326 ὑμεῖς
355 5262 417 5315 οὑ
445 5260 687 5313 δύνασθε
715 5261 918 5323 ὲλθεῖν;
959 5278 977 5310 ι
1018 5262 1155 5313 Πάνυ
1190 5256 1249 5307 δὲ
1288 5254 1377 5304 καὶ
1412 5258 1737 5323 ἐμφαίνεται

247 5371 288 5400 ³⁸
322 5370 485 5424 Mich.
521 5385 577 5429 ν,
607 5369 674 5431 2;
706 5368 885 5421 Matth.
912 5384 967 5429 tt,
994 5369 1054 5436 6;
1090 5368 1244 5420 Joan.
1286 5363 1547 5436 Vtrum.“
1575 5364 1620 5436 ff
1648 5366 1808 5436 Joan.
1857 5386 1932 5428 ut.
1956 5370 2044 5421 22.
2119 5370 2326 5421 33.loau.
2366 5384 2457 5431 vn,
2489 5369 2557 5420 40
2579 5385 2693 5436 seq.

451 5411 497 5468 ἑξ
524 5411 674 5490 ista:
693 5411 885 5499 55:3;
913 5411 1549 5493 "hiantia",fa:"'8
1580 5411 1939 5496 inuitati:

184 5434 356 5491 ιῑ-ιιι

254 5546 362 5615 (68)
389 5546 613 5601 Αὐτοῦ.
642 5541 1002 5614 [ιθεο-αὑτούς.

1854 4396 1952 4439 ter.
1999 4386 2133 4451 Quin
2172 4397 2225 4440 et
2278 4388 2328 4439 in
2386 4386 2502 4455 lege
2544 4386 2702 4455 300
2733 4399 2907 4443 vestra
2963 4393 3218 4458 scriptum
3277 4400 3376 4452 est,

1850 4478 1989 4543 quod
2032 4478 2254 4530 duorum
2306 4478 2575 4530 hominum
2614 4479 2980 4533 testimonium
3014 4496 3195 4533 verum
3248 4490 3330 4534 cst
3362 4499 3377 4533 :

1851 4579 1946 4631 ego
1979 4579 2094 4616 sunt
2143 4566 2188 4617 is
2247 4566 2336 4631 qui
2387 4567 2748 4620 testimonium
2807 4568 2921 4619 fero
2952 4570 3016 4619 de
3069 4570 3290 4636 meipso,
3325 4580 3380 4621 et

1850 4655 2206 4707 testimonium
2229 4654 2330 4708 fert
2361 4656 2424 4709 de
2447 4672 2550 4721 me,
2576 4658 2666 4724 qui
2695 4657 2841 4710 misit
2863 4670 2947 4710 me
2965 4656 3121 4709 Pater
3135 4659 3194 4709 ³⁸.
3227 4675 3247 4706 ι
3270 4658 3381 4710 Cur

1849 4757 1974 4795 vero
2001 4742 2283 4795 verisimile
2332 4754 2466 4807 erat,
2513 4745 2652 4814 quod
2700 4745 2929 4812 seipsum
2995 4746 3376 4797 interfecturus

1846 4842 1987 4887 esset
2033 4842 2148 4900 post
2196 4843 2270 4886 tot
2303 4836 2464 4888 verba
2518 4843 2623 4887 tam
2656 4834 2933 4902 magnifice
2979 4849 3007 4884 a
3053 4846 3110 4886 se
3155 4835 3294 4888 hunc
3318 4836 3375 4888 in

1848 4908 2071 4971 modum
2109 4918 2293 4970 dicta:
2327 4935 2344 4968 ι
2374 4917 2554 4984 Neque
2596 4932 2680 4970 me
2718 4918 2884 4981 scitis,
2936 4931 3110 4984 neque
3161 4918 3372 4973 Patrem

1847 5020 2055 5071 meum;
2081 5006 2125 5059 si
2156 5021 2239 5059 me
2275 5004 2504 5065 sciretis,
2538 5006 2697 5058 etiam
2730 5004 2940 5059 Patrem
2991 5019 3167 5056 meum
3208 5006 3376 5060 seire-

1845 5097 1909 5147 tis
1936 5095 2010 5145 ³νῖ
2046 5111 2063 5143 ο
2099 5092 2361 5146 Credibile
2387 5092 2633 5144 enim‘est
2661 5104 2775 5155 eos,
2818 5090 3034 5157 perinde
3069 5099 3232 5155 atque
3262 5092 3375 5143 haec

1842 5183 2023 5244 verba,
2055 5181 2377 5233 intellexisse
2407 5179 2532 5231 illud
2564 5194 2575 5228 :
2616 5198 2634 5228 ‹
2668 5178 2781 5246 Ego
2826 5172 2995 5237 vado,
3016 5185 3069 5228 et
3118 5182 3375 5242 quaeret-is

1843 5279 1948 5326 me,
1977 5273 2028 5316 et
2069 5264 2119 5315 in
2151 5272 2368 5330 peccato
2394 5270 2569 5315 vestro
2593 5262 2924 5327 moriemini;
2959 5274 3066 5328 quo
3089 5274 3187 5326 ego
3216 5263 3376 5332 vado,

2767 5371 2810 5401 ³⁸
2842 5371 2970 5422 ibid.
3002 5365 3093 5419 ιδ.
3167 5366 3214 5401 ³⁸
3246 5369 3378 5423 ibid.

2016 5440 2054 5467 δι’
2086 5437 2233 5490 Joan.
2268 5451 2380 5497 \‘lll,
2416 5436 2493 5485 l9.

1925 5544 2030 5615 (69)
2061 5545 2340 5600 Ferrarius
2374 5544 2576 5599 videtur
2598 5546 2785 5613 legisse
2813 5549 2923 5601 ἀλλ·
2953 5548 2987 5616 ἢ
3025 5508 3125 5613 οὐχ
3144 5547 3174 5598 6
3204 5518 3386 5612 ὅχλος.

2920 2892 3048 2946 Num
3090 2898 3171 2947 lex
3222 2908 3399 2951 nostra
3489 2911 3499 2923 ‘
