3828 6192
243 326 357 385 561

1318 334 1664 390 COMMENT.
1704 334 1770 389 1N
1808 332 1998 388 JOAN.
2036 333 2265 389 TOMUS
2303 333 2439 388 XIX.

3332 334 3442 389 562

251 443 338 516 μὴ
358 442 535 511 καλῶς
569 444 884 517 ὲξειληφότι
911 450 972 503 τὸ
1001 434 1297 521 εἰρημένον,
1324 450 1483 520 φησίν
1501 468 1514 480 ·
1555 469 1573 502 ι
1603 451 1795 519 Ὕπαγε

1913 458 2026 502 esto
2055 449 2170 510 tibi,
2206 449 2443 513 Domine,
2479 448 2578 501 hoc
2628 462 2731 500 non
2784 447 2883 500 erit
2948 442 3039 499 tibi
3063 445 3139 511 ‘9;
3178 464 3198 497 ι
3232 453 3287 499 at
3316 460 3441 500 vero

259 533 436 585 ὀπίσω
483 550 608 602 μου,
642 535 891 602 Σατανᾶ,
922 539 1205 592 σκάνδαλον
1246 556 1342 609 μου
1380 535 1449 602 εἴ,
1480 541 1559 592 ὃτι
1602 542 1660 593 οὐ
1697 558 1819 610 φρο-

265 625 371 683 νεῖς
406 620 475 674 τὰ
504 621 599 675 τοῦ
648 623 813 689 Θεοῦ,
845 627 980 680 ἀλλά
1018 626 1084 680 τὰ
1113 626 1216 679 τῶν
1243 626 1554 697 ἀνθρώπων.
1595 647 1612 679 ι
1663 628 1818 681 Ἀλλά

267 714 364 763 καὶ
384 713 535 781 παρὰ
553 712 632 782 τῷ
652 714 855 785 Παύλῳ
883 716 1185 786 λεγόμενον·
1213 736 1230 767 ι
1271 716 1488 770 Ἑαυτὸν
1512 718 1815 788 παρέδωκεν

263 802 408 869 ὑπὲρ
449 799 605 870 ἡμῶν
654 801 846 854 θυσίαν
890 804 965 873 τῷ
1014 804 1148 874 Θεῷ,
1197 825 1214 856 ι
1260 806 1356 873 ὅρα
1389 807 1435 858 εί
1472 807 1542 876 μὴ
1583 806 1816 858 τοιοῦτον

262 891 430 941 ἐστιν.
459 888 645 952 υῦτως
674 891 805 958 γοῦν
828 893 1001 961 μόνως
1030 892 1227 964 δυνήσῃ
1256 894 1422 945 σῶσαι
1444 895 1600 947 αὐτὸν
1632 896 1709 957 είς
1727 893 1816 946 τὸν

257 975 433 1028 αἰῶνα
468 977 729 1045 ἀρχιερέα
752 979 893 1030 κατά
928 979 1023 1048 τὴν
1054 978 1201 1043 τάξιν
1237 978 1577 1048 Μελχισεδὲχ,
1610 980 1698 1032 καὶ
1727 979 1815 1032 τὸν

273 1066 471 1132 Ἀμνὸν
523 1066 617 1117 τοῦ
666 1066 801 1118 Θεοῦ
848 1067 937 1118 τὸν
988 1067 1203 1135 αῖροντα
1261 1068 1355 1136 τὴν
1408 1068 1671 1136 ἁμαρτίαν
1720 1065 1813 1119 τοῦ

255 1151 491 1219 κόσμου,
538 1154 974 1222 προσφερόμενον
1024 1155 1208 1207 θυσίαν
1251 1155 1325 1224 τῷ
1370 1156 1518 1223 Θεῷ,
1567 1157 1661 1223 οὐχ
1713 1155 1814 1207 ὑπὸ

256 1237 500 1300 ἀσεϐῶν,
546 1237 662 1291 ἀλλ’
707 1240 811 1291 ὑπὸ
852 1240 1146 1309 ἀρχιερέων
1206 1241 1436 1294 εὐσεϐῶν
1475 1243 1601 1311 (76).
1636 1242 1813 1294 Ταῦτα

259 1324 358 1391 μὲν
382 1321 481 1377 οὖν
510 1327 692 1394 ἡμεῖς,
721 1326 861 1379 κατά
884 1327 1104 1396 δύναμιν
1133 1328 1500 1396 βασανίζοντες
1528 1331 1585 1381 τὸ
1624 1329 1809 1400 βούλη-

256 1431 330 1482 μα
372 1414 490 1465 τῶν
532 1415 798 1481 λεγόντων
822 1416 883 1467 τό
904 1432 917 1445 ·
959 1434 977 1465 ι
1014 1418 1155 1486 Μήτι
1186 1419 1465 1469 ἀποκτενεῖ
1495 1418 1601 1481 ι77)
1633 1418 1808 1482 αὑτὸν,

250 1504 329 1554 ὅτι
354 1502 514 1569 λέγει
539 1520 553 1533 ο
592 1505 765 1555 Ὅπου
796 1504 905 1571 ἐγὼ
940 1506 1149 1572 ὑπάγω.
1191 1507 1343 1574 ὑμεῖς
1379 1507 1438 1557 οὑ
1473 1506 1694 1558 δύνασθε
1729 1506 1813 1557 ex-

250 1589 386 1653 θεῖν,
432 1608 451 1638 ι
494 1591 634 1658 μετὰ
663 1592 724 1642 τὸ
748 1592 1035 1658 ἀκηκοέναι
1062 1594 1382 1661 τηλικούτων
1418 1594 1523 1645 τῶν
1562 1611 1812 1663 προειρη-

255 1679 434 1746 μένων
467 1679 577 1729 ὑπὸ
597 1678 691 1730 τοῦ
721 1680 892 1749 Ἰησοῦ
919 1681 1105 1747 λόγων,
1141 1682 1522 1750 ὲκδεδὼκαμεν.
1558 1682 1712 1744 Εἰκὸς
1749 1682 1807 1735 δέ

1916 537 2164 592 δοτνίιιον
2196 538 2475 604 increpans
2497 551 2637 599 eum,
2673 536 2826 603 quasi
2857 550 2961 587 non
2987 534 3119 588 bene
3161 534 3437 589 intellexe-

1913 628 1983 681 rit
2014 631 2154 695 quod
2190 627 2387 680 dictum
2416 624 2609 690 fueral,
2642 624 2853 692 inquit:
2884 641 2904 674 ι
2946 618 3093 678 Vade
3138 634 3282 678 retro
3332 640 3436 687 me,

1912 717 2136 777 Satana,
2164 712 2471 768 scandalum
2496 712 2625 764 mihi
2651 726 2728 774 es,
2754 711 3004 778 quoniam
3031 727 3133 765 non
3162 712 3305 779 sapis
3322 728 3438 779 qua:

1912 804 2003 857 Dei
2033 810 2177 865 sunt,
2223 800 2313 854 sed
2344 796 2461 866 qua:
2507 806 2627 851 sunt
2680 797 2948 850 hominum
2981 797 3047 850 ".
3082 815 3102 847 ι
3131 797 3259 851 Vide
3313 813 3437 850 vero

1912 907 2082 945 annon
2114 889 2271 940 etiam
2293 886 2432 954 quod
2465 886 2601 952 apud
2625 883 2848 937 Paulum
2879 882 3075 939 dicitur
3100 885 3146 917 ⁸⁸
3175 902 3189 940 :
3224 902 3245 937 ι
3285 886 3431 953 Seip-

1911 994 2023 1032 sum
2055 977 2271 1029 tradidit
2301 987 2394 1041 pro
2427 973 2576 1027 nobis
2605 972 2831 1024 hostiam
2861 970 2989 1037 Deo,
3027 990 3045 1023 ι
3077 973 3147 1027 sit
3176 973 3298 1027 tale.
3344 974 3435 1027 Sic

1912 1066 2073 1135 igitur
2100 1063 2265 1116 solum
2292 1074 2509 1114 servare
2552 1059 2752 1126 poteris
2796 1073 3057 1112 summum
3102 1064 3433 1115 sacerdotem

1912 1153 1965 1206 in
1996 1150 2244 1205 saeculum
2280 1149 2567 1203 secundum
2597 1148 2836 1201 ordinem
2871 1146 3255 1202 Melchisedech
3281 1150 3350 1212 σί,
3382 1158 3435 1203 et

1909 1241 2115 1308 Agnum
2144 1238 2236 1292 Dei
2266 1236 2535 1291 tollentem
2564 1244 2840 1302 peccatum
2872 1235 3050 1288 mundi
3084 1232 3149 1297 ⁸¹,
3199 1235 3431 1291 oblatum

1912 1328 2135 1381 hostiam
2166 1326 2296 1389 Deo,
2325 1342 2425 1379 non
2457 1325 2523 1377 ab
2560 1322 2753 1391 impiis,
2778 1324 2870 1376 sed
2904 1338 2932 1376 a
2951 1324 3050 1390 piis
3075 1324 3429 1391 pontificibus.

1910 1416 2031 1469 llaec
2063 1418 2275 1484 quidem
2307 1429 2404 1468 nos
2436 1412 2749 1466 tradidimus
2789 1427 2884 1479 pro
2911 1413 3113 1466 viribus
3154 1413 3424 1481 explorau-

1909 1514 1988 1559 tes
2013 1505 2335 1573 propositum
2369 1502 2654 1556 dicentium
2685 1517 2698 1553 :
2735 1519 2753 1551 ι
2782 1499 3029 1567 Nunquid
3057 1500 3431 1554 interfecturus

1907 1599 1990 1644 est
2021 1591 2271 1656 seipsum,
2309 1588 2427 1656 quia
2466 1588 2595 1640 dicit
2624 1602 2639 1637 :
2670 1586 2784 1651 Quo
2807 1600 2905 1655 ego
2929 1588 3083 1648 vado,
3109 1602 3172 1640 eo
3197 1601 3294 1640 vos
3325 1603 3428 1639 non

1907 1680 2131 1746 potestis
2191 1679 2373 1731 venire
2407 1677 2492 1729 ":
2529 1692 2549 1728 ›
2577 1686 2854 1745 postquam
2913 1676 3241 1730 audivissent
3299 1678 3429 1731 tales

245 1782 400 1827 τινας
449 1768 894 1837 προσκόπτοντας
947 1771 1021 1831 ὡς
1078 1770 1397 1839 βεϐιασμένη
1442 1774 1503 1839 τῇ
1550 1772 1795 1841 ἑρμηνείᾳ

1909 1775 2187 1832 tantosque
2238 1772 2513 1819 sermones
2539 1778 2672 1832 quos
2720 1764 2964 1832 superius
3002 1765 3208 1817 dixerat
3254 1763 3425 1824 Jesus.

245 1854 457 1906 οἴεσθαι
503 1854 869 1925 ἁπλούστερον
923 1857 1113 1919 αὐτοὺς
1155 1857 1424 1927 εἰρηκέναι
1464 1859 1551 1910 τό·
1598 1877 1615 1908 ι
1664 1860 1806 1929 Μήτι

247 1943 546 1993 ἀποκτενεῖ
570 1945 777 2006 ἑαυτὸν,
817 1964 834 1994 ι
859 1946 932 2008 ὡς
956 1945 1045 1997 τοῦ
1076 1946 1169 2013 μὲν
1204 1946 1371 2014 Ἰησοῦ
1398 1947 1805 2009 ἀποκτενοῦντος

246 2030 461 2093 ἑαυτὸν,
496 2032 590 2082 καὶ
619 2033 873 2100 ἐσομένου
898 2035 953 2083 ὲν
983 2033 1131 2102 χώρᾳ
1150 2033 1254 2083 τῶν
1293 2034 1529 2095 ἑαυτοὺς
1549 2034 1803 2103 διαχειρι-

250 2119 529 2186 σαμένων,
589 2121 682 2171 κα).
716 2121 1187 2190 κολασθησομένων
1246 2122 1335 2172 ἐπὶ
1376 2122 1562 2190 τούτῳ,
1610 2122 1715 2173 τῶν
1750 2121 1804 2174 δὲ

259 2206 535 2259 Ἰουδαίων
573 2209 723 2277 παρὰ
766 2209 880 2276 (78)
920 2209 1074 2259 τοῦτο
1116 2208 1176 2260 οὐ
1217 2209 1519 2277 δυναμένων
1568 2211 1679 2261 ἐκεῖ
1717 2226 1805 2275 γε-

246 2295 451 2357 νέσθαι,
480 2297 635 2366 παρὰ
655 2298 713 2348 τὸ
744 2296 817 2366 μὴ
842 2297 917 2365 τῷ
939 2296 1081 2365 αὐτῷ
1114 2298 1325 2365 ἐνόχους
1348 2298 1537 2359 αὐτοὺς
1567 2298 1803 2364 γίνεσθαι

245 2386 371 2454 περὶ
410 2384 629 2437 ἑαυτῶν
664 2388 1028 2455 ἁμαρτήματι.
1077 2386 1231 2437 Ἀλλά
1274 2388 1368 2438 κα)⁸
1402 2388 1548 2439 αὐτοὶ
1589 2389 1805 2457 ἐπιστη-

248 2472 505 2525 σάτωσαν
540 2475 589 2524 εί
627 2472 874 2525 δύνανται
912 2475 959 2524 οἱ
1004 2473 1238 2525 Ἰουδαῖοι
1277 2475 1679 2543 ὑπονενοηκέναι
1714 2476 1802 2527 τὸν

255 2560 463 2627 Ἰησοῦν
511 2560 688 2613 ταῦτα
723 2560 997 2628 εἰρηκέναι
1030 2561 1213 2612 ἑαυτὸν
1257 2561 1687 2624 καταδικάζοντα,
1728 2562 1800 2624 ὡς

243 2649 687 2717 ἀπελευσόμενον
732 2652 811 2710 εἰς
850 2650 1011 2701 τόπον
1052 2651 1336 2711 κολάσεως,
1385 2650 1508 2703 ἔνθα
1550 2650 1647 2701 οὐκ
1684 2651 1799 2701 ἐδύ-

242 2751 398 2785 ναντο
445 2733 726 2801 γενέσθαι,
762 2736 883 2786 ὅσον
935 2736 1023 2786 ἐπὶ
1066 2737 1130 2803 τῇ
1181 2734 1367 2801 ὲκδοχῇ
1418 2732 1605 2802 ταύτῃ,
1647 2733 1800 2784 οἱονεὶ

248 2824 564 2890 κρείττονος
612 2823 723 2891 (79)
784 2824 978 2876 αὐτοῦ’
1027 2824 1059 2892 ἢ
1098 2823 1378 2875 ἀκόλουθον
1418 2823 1565 2875 ἔσται
1605 2822 1795 2890 λέγειν,

241 2911 342 2973 ὅτι,
366 2910 531 2981 εἴπερ
558 2912 714 2963 τοῦτο
733 2911 868 2963 νοῶν
910 2911 1137 2979 ἔφασκεν
1168 2915 1195 2964 ὁ
1233 2911 1451 2981 Ἰησοῦς,
1487 2912 1578 2964 καὶ
1616 2911 1797 2979 βουλό-

246 2986 401 3064 μενος
423 3000 624 3051 ἑαυτὸν
651 3001 986 3061 ἀποκτεῖναι,
1017 3001 1255 3069 κρεῖττον
1284 2998 1489 3067 ἐνόμιζε
1516 3000 1574 3051 τὸ
1611 2999 1793 3051 ἑαυτὸν

239 3060 482 3156 ἀναιρεῖν
503 3086 602 3138 τοῦ
634 3088 708 3156 μὴ
730 3087 885 3139 τοῦτο
921 3060 1109 3139 ποιεῖν.
1137 3087 1243 3140 Καὶ
1264 3090 1291 3139 ὁ
1328 3060 1632 3156 οίῖριικλέων
1672 3087 1794 3156 μέν·
1819 3060 1859 3116 C

239 3193 382 3242 τοιγε
412 3176 491 3237 ὡς
515 3174 884 3244 ἁπλούστερον
900 3175 1180 3245 είρημένου
1200 3175 1318 3226 τοῦ·
1354 3195 1370 3223 ι
1400 3177 1537 3243 Μήτι
1566 3177 1792 3227 ἀποκτε-

238 3270 320 3318 νεῖ
350 3266 576 3325 έαυτδν,
615 3284 632 3315 ι
672 3266 854 3332 φησὶν,
890 3265 970 3316 ὅτι
1010 3264 1256 3334 πονηρῶς
1292 3252 1701 3332 διαλογιζόμενοι
1744 3266 1791 3317 οί

249 3355 489 3405 Ἰουδαῖοι
523 3353 704 3405 ταῦτα
745 3352 944 3419 ἔλεγον,
991 3353 1080 3404 καὶ
1128 3352 1369 3421 μείζονας
1410 3352 1625 3413 ἑαυτοὺς
1665 3352 1794 3404 ἀπο-

237 3444 559 3513 φαινόμενοι
602 3442 695 3495 τοῦ
736 3442 1000 3510 Σωτῆρος,
1057 3443 1149 3493 κα)⁸
1197 3440 1671 3509 ὑπολαμϐάνοντες,
1713 3440 1793 3491 ὅτι

233 3531 386 3581 αὐτοὶ
423 3530 524 3598 μὲν
559 3528 943 3579 ἀπελεύσονται
972 3527 1104 3596 πρὸς
1123 3527 1211 3579 τὸν
1243 3526 1369 3579 Θεὸν
1396 3528 1473 3588 είς
1498 3527 1792 3579 ἀνάπαυσιν

232 3618 447 3669 αἰώνιον
468 3635 483 3649 σ
510 3621 544 3670 ὁ
574 3617 630 3669 δὲ
654 3617 839 3686 Σωτὴρ
860 3619 937 3678 εἰς
966 3615 1166 3685 φθοράν
1201 3616 1290 3667 καὶ
1320 3616 1398 3676 είς
1430 3615 1649 3667 θάνατον
1677 3617 1793 3667 ἑαυ-

231 3708 320 3758 τὸν
359 3706 868 3777 διαχειρισάμενος,
917 3706 1046 3755 ὅπου
1098 3704 1314 3764 ἑαυτοὺς
1354 3704 1449 3753 οὐκ
1499 3703 1790 3767 ἐλογίζοντο

231 3796 488 3847 ἀπελθεῖν
509 3811 523 3824 ·
564 3794 660 3845 καὶ
695 3793 883 3852 αὐταῖς
909 3790 1082 3854 λέξεσί
1112 3807 1289 3858 φησιν,
1314 3791 1392 3841 ὅτι
1421 3789 1582 3857 ᾤοντο
1616 3790 1788 3856 λέγειν

228 3882 317 3933 τὸν
342 3884 580 3950 Σωτῆρα
615 3883 665 3932 οἱ
712 3880 960 3935 Ἰουδαῖοι.
992 3880 1070 3931 ὅτι
1110 3879 1248 3945 Ἐγὼ
1276 3878 1502 3946 ἐμαυτὸν
1540 3878 1786 3948 διαχειρι-

232 3971 468 4039 σάμενος
500 3971 587 4030 εἰς
627 3967 831 4036 φθορὰν
866 3967 1039 4035 μέλλω
1083 3965 1418 4035 πορεύεσθαι,
1459 3967 1588 4017 ὅπου
1637 3969 1786 4035 ὑμεῖς

226 4059 284 4109 οὐ
319 4057 556 4111 δύνασθε
591 4056 785 4107 ἐλθεῖν.
825 4057 936 4107 Ούκ
959 4051 1072 4106 οἶδα
1100 4056 1155 4107 δὲ
1189 4054 1303 4115 πῶς
1341 4054 1477 4106 κατὰ
1506 4055 1592 4105 τὸν
1616 4055 1787 4106 εἰπόν·-

225 4160 325 4197 ταο
356 4164 375 4194 ι
425 4144 574 4213 Ἐγὼ
606 4146 721 4211 είμι
749 4144 809 4194 τὸ
840 4143 953 4210 φῶς
981 4142 1071 4194 τοῦ
1098 4144 1320 4211 κόσμου,
1364 4161 1381 4190 ι
1419 4142 1509 4193 καὶ
1544 4142 1608 4193 τὰ
1641 4142 1783 4209 ἑξῆς,

224 4228 290 4299 ἦν
325 4234 543 4297 λέγειν,
595 4232 680 4283 ὃτι
748 4230 886 4296 Ἐγὼ
933 4232 1159 4298 ἐμαυτὸν
1206 4231 1660 4299 διαχειρισάμενος
1708 4233 1785 4293 είς

224 4323 429 4390 φθορὰν
463 4322 652 4390 μέλλω
692 4319 1029 4388 πορεύεσθαι.
1076 4320 1197 4370 Ἐὰν
1236 4319 1291 4370 δέ
1318 4335 1399 4379 τις
1432 4318 1559 4388 λέγῃ
1595 4320 1665 4387 μὴ
1697 4320 1783 4370 τὸν
1816 4356 1857 4408 D

223 4409 451 4480 Σωτῆρα
479 4410 661 4463 ταῦτα
692 4408 985 4477 εἰρηκέναι.
1013 4410 1134 4469 τοὺς
1158 4407 1213 4458 δὲ
1239 4407 1513 4467 Ίουῖαίους
1534 4408 1779 4474 αύτὸθζθ)

224 4497 677 4567 ὑπονενοηκέναι,
711 4498 865 4564 δῆλον
910 4496 989 4546 ὅτι
1030 4498 1143 4563 ὲρεῖ
1187 4496 1309 4556 τοὺς
1367 4495 1643 4555 Ἰουδαίους
1688 4512 1781 4546 πε-

1905 1856 2166 1910 Credibile
2216 1864 2389 1909 autem
2435 1864 2515 1909 est
2565 1854 2823 1921 quosdam
2860 1853 3086 1910 oﬁ‘ensos
3130 1858 3227 1911 hac
3263 1859 3429 1909 inter-

1906 1946 2221 2012 pretatione,
2258 1953 2504 2009 tanquam
2542 1953 2748 2010 coacta,
2780 1944 3086 1998 existimare
3112 1960 3203 1999 eos
3228 1946 3429 2014 simpli-

1904 2035 2016 2088 cius
2049 2034 2275 2087 dixisse:
2306 2050 2324 2083 ι
2354 2032 2593 2101 Nunquid
2617 2033 2994 2089 interfecturus
3016 2043 3097 2088 est
3116 2036 3368 2103 seipsum,
3402 2057 3417 2086 ι

1903 2123 2122 2187 perinde
2153 2124 2298 2187 quasi
2323 2120 2478 2174 JeSIts
2501 2122 2878 2176 interfecturus
2912 2134 3054 2177 esset
3080 2124 3334 2191 seipsum,
3372 2135 3423 2177 et

1904 2208 2109 2260 futurus
2132 2209 2183 2259 in
2220 2208 2333 2260 loco
2359 2222 2538 2260 eorum
2568 2207 2656 2274 qui
2687 2208 2787 2260 sibi
2837 2209 2965 2274 ipsis
2993 2225 3180 2263 manus
3227 2211 3421 2262 intule-

1903 2297 2028 2359 rint,
2058 2306 2113 2350 et
2139 2300 2207 2349 ob
2233 2296 2334 2348 hoc
2356 2305 2477 2348 sunt
2518 2296 2792 2364 puniendi,
2822 2294 3017 2350 Judacis
3063 2312 3166 2349 non
3201 2292 3423 2348 valenti-

1901 2387 1999 2438 bus
2028 2386 2095 2438 ob
2138 2386 2237 2438 boe
2277 2385 2366 2437 illo
2406 2385 2503 2447 ire,
2552 2395 2831 2453 propterea
2880 2387 3020 2454 quod
3071 2385 3283 2438 obnoxii
3317 2400 3418 2439 non

1900 2483 2075 2526 essent
2106 2474 2177 2526 illi
2224 2482 2439 2542 peccato
2493 2475 2558 2527 de
2605 2477 2812 2542 scipsis.
2855 2479 2919 2527 At
2968 2489 3095 2529 vero
3135 2475 3188 2530 hi
3236 2485 3420 2529 notent

1900 2573 2024 2610 num
2053 2559 2255 2625 possint
2282 2557 2445 2613 Judaei
2478 2560 2815 2630 subcogitare
2847 2562 3025 2616 Jesum
3061 2563 3174 2616 lucc
3217 2563 3418 2617 dixisse

1897 2649 2335 2701 condemnautem
2363 2650 2613 2718 seipsum,
2641 2653 2796 2706 veluti
2833 2653 3191 2719 profecturum
3240 2652 3305 2703 ad
3339 2651 3417 2705 lo-

1897 2750 2014 2790 cum
2070 2740 2331 2806 supplicii,
2386 2755 2489 2807 quo
2537 2758 2639 2797 non
2694 2752 2935 2808 poterant
2990 2742 3061 2794 illi
3111 2741 3414 2808 proﬁcisci,

1895 2834 2146 2889 quantum
2190 2828 2377 2880 attinet
2410 2829 2473 2879 ad
2502 2829 2639 2882 hanc
2671 2829 3093 2898 intelligentiam,
3144 2829 3295 2896 quasi
3328 2828 3417 2883 Je-

1893 2923 1955 2964 su
2009 2912 2255 2965 meliores
2307 2928 2369 2967 ac
2420 2918 2813 2981 praslantiores
2863 2926 3077 2970 essent:
3112 2916 3191 2968 vel
3230 2930 3416 2969 conse-

1894 3011 2060 3064 quens
2088 3000 2190 3052 erit
2215 3001 2409 3059 dicere.
2458 3001 2659 3065 Jesum,
2705 3005 2748 3057 si
2779 3006 3090 3071 loquebatur
3129 3005 3227 3057 hoc
3266 3004 3413 3072 cogi-

1894 3095 2029 3149 tans,
2080 3094 2129 3137 et
2164 3089 2345 3141 volens
2389 3088 2546 3157 302
2598 3092 2829 3158 seipsum
2861 3093 3180 3156 interﬁcere,
3227 3094 3414 3148 melius

1891 3183 2077 3241 putare
2108 3177 2336 3243 seipsnm
2365 3178 2662 3232 interﬁcere
2695 3195 2852 3246 quam
2884 3196 2984 3232 non
3013 3194 3071 3234 se
3092 3181 3408 3237 interﬁcere.

1893 3260 2182 3316 lleracleon
2210 3278 2359 3324 sane,
2406 3265 2624 3330 perinde
2665 3267 2816 3335 quasi
2865 3267 2965 3320 hoc
3008 3268 3205 3322 dictum
3256 3267 3415 3323 fuerit

1888 3350 2182 3416 simplicius
2211 3369 2223 3403 :
2255 3371 2271 3402 ι
2312 3351 2560 3421 Nunquid
2594 3356 2972 3410 interfecturus
3000 3368 3081 3411 est
3105 3359 3359 3427 seipsum,
3385 3376 3406 3410 ο

1889 3439 2059 3506 inquit
2089 3441 2225 3507 quod
2258 3444 2480 3508 maligne
2534 3442 2824 3511 cogitantes
2862 3442 3029 3497 Judaei
3080 3447 3189 3500 haec
3220 3447 3408 3514 loque-

1889 3535 2090 3588 rentur,
2149 3528 2351 3595 seipsos
2397 3530 2553 3582 etiam
2601 3530 2935 3586 ostendentes
2967 3533 3082 3600 ipso
3130 3533 3411 3590 Servatore

1888 3614 2133 3681 majores,
2157 3624 2211 3667 et
2244 3616 2609 3671 existimantes
2639 3633 2696 3673 se
2725 3619 2936 3687 quidem
2972 3620 3300 3688 profecturos
3342 3622 3408 3675 ad

1886 3701 2047 3756 Deum
2079 3706 2128 3756 in
2152 3706 2386 3772 requiem
2419 3708 2830 3774 sempiternam;
2869 3709 3203 3762 Servatorem
3233 3717 3406 3763 autem

1886 3792 1950 3845 ad
1983 3794 2394 3859 corruptionem,
2428 3802 2480 3846 et
2511 3796 2572 3845 ad
2603 3802 2849 3855 mortem,
2900 3797 2947 3847 vi
2973 3796 3073 3849 sibi
3110 3796 3205 3864 ipsi
3237 3794 3404 3861 illata,

1885 3895 1988 3949 quo
2045 3882 2246 3945 seipsos
2322 3895 2423 3933 non
2482 3883 2852 3935 existimabant
2911 3881 3237 3950 profecturos
3289 3900 3304 3937 :
3352 3894 3407 3939 et

1886 3968 2071 4021 iisdem
2101 3969 2278 4022 verbis
2302 3968 2472 4035 inquit
2499 3968 2708 4024 Iudaeos
2733 3972 3041 4025 existimare
3069 3971 3405 4025 Servatorem‘

1886 4056 2097 4109 dicere:
2127 4056 2256 4123 Ego,
2296 4056 2422 4108 mihi
2468 4057 2563 4124 ipsi
2609 4058 2657 4110 vi
2704 4058 2870 4120 illata,
2907 4060 2970 4111 ad
3012 4061 3401 4127 corruptionem

1888 4145 2215 4210 profecturus
2247 4157 2384 4204 sum,
2411 4157 2516 4211 quo
2544 4160 2638 4198 vos
2664 4161 2765 4198 non
2794 4148 3012 4214 potesﬁs
3054 4149 3249 4202 venire.
3297 4142 3410 4203 Sed

1886 4233 2021 4283 haud
2054 4233 2166 4284 scio
2193 4248 2421 4300 quonam
2451 4243 2624 4299 pacto,
2648 4248 2770 4288 cum
2792 4236 3011 4289 dixisset
3037 4236 3221 4290 Jesus:
3251 4256 3267 4287 ι
3293 4236 3402 4305 Ego

1885 4335 1998 4371 sum
2042 4322 2125 4370 lux
2172 4321 2345 4372 numdi
2389 4321 2450 4381 “,
2514 4340 2533 4371 ι
2596 4334 2648 4375 et
2700 4337 2816 4389 qua:
2864 4334 3175 4390 sequuntur,
3240 4324 3404 4392 possit

1884 4408 2098 4462 dicere:
2129 4410 2259 4477 Ego,
2296 4410 2420 4462 mihi
2459 4411 2556 4477 ipsi
2582 4411 2630 4463 vi
2655 4410 2816 4477 illata,
2850 4411 3181 4479 profecturus
3206 4428 3319 4466 sum
3337 4413 3403 4465 ad

1878 4496 2281 4561 corruptionem.
2325 4495 2420 4548 Sin
2455 4512 2581 4549 vero
2624 4498 2764 4550 dicat
2804 4498 3014 4565 aliquis,
3065 4499 3399 4553 Servatorem

223 4589 561 4653 φρονηκέναι
618 4587 746 4653 περὶ
782 4585 965 4646 αὑτοῦ,
1013 4586 1092 4635 ὅτι
1126 4584 1430 4652 φθείρονται
1474 4584 1521 4633 οἱ
1564 4583 1781 4645 ἑαυτοὺς

1897 4597 1975 4634 ioc
2008 4599 2108 4634 non
2143 4585 2358 4647 dixisse,
2403 4586 2492 4638 sed
2538 4586 2633 4639 hoc
2663 4585 2865 4640 Judu-os
2903 4588 3283 4655 suchgitasse,
3316 4582 3398 4641 di—

219 4672 726 4743 διαχειρισάμενοι,
808 4674 898 4725 καὶ
951 4672 1099 4724 οὐδὲν
1152 4668 1313 4742 ἦττον
1381 4670 1545 4721 ἐποίει
1592 4672 1775 4734 ταῦτα,

222 4764 494 4815 πιστεύων
523 4762 921 4831 φθαρήσεσθαι,
958 4762 1047 4814 καὶ
1069 4758 1489 4827 κολασθήσεσθαι
1508 4775 1519 4787 ο
1555 4760 1686 4827 ὅπερ
1714 4756 1779 4828 ἦν

220 4851 357 4903 κατὰ
381 4852 567 4903 πάντα
598 4852 712 4919 (8|)
744 4850 960 4917 ἠλίθιον.

1873 4680 1957 4722 eet
1997 4671 2197 4723 scilicet
2238 4670 2443 4726 Judteos
2490 4674 2745 4742 cogitasse
2783 4675 2846 4728 de
2893 4689 2955 4728 eo
2987 4676 3125 4742 quod
3163 4689 3400 4728 corrum-

1882 4766 2076 4824 puntur
2105 4759 2193 4825 qui
2231 4759 2329 4812 sibi
2374 4761 2499 4827 ipsis
2540 4772 2760 4815 mortem
2810 4763 3170 4823 consciscunt;
3214 4771 3267 4813 et
3317 4761 3399 4813 nl-

1883 4848 2163 4901 liilontinus
2216 4846 2396 4901 Iesum
2440 4851 2551 4903 haec
2578 4849 2865 4914 facturum,
2906 4850 3112 4904 etiamsi
3163 4851 3397 4905 futurum

218 4943 468 4993 crederet
499 4951 559 4993 nt
587 4949 1022 5007 corrumperetur
1060 4949 1110 4992 et
1138 4938 1444 5006 puniretur;
1496 4936 1549 4985 id
1571 4938 1707 5000 quod
1735 4949 1847 4990 crat
1878 4937 2045 4988 modis
2068 4938 2309 4990 omnibus
2332 4936 2554 4990 fatuum.

286 5048 332 5080 “
381 5048 577 5098 Matth.
626 5062 735 5108 xw,
778 5046 865 5099 2‘2.
940 5046 983 5076 δ’
1024 5045 1152 5099 ibid.
1204 5042 1297 5093 23.
1373 5038 1417 5068 ⁸⁰
1448 5038 1642 5105 Ephcs.
1682 5057 1731 5106 ν,
1759 5044 1812 5096 2.

218 5112 263 5146 ⁵⁸
287 5114 415 5167 ibid.
438 5114 529 5166 12.

287 5223 396 5290 (76)
429 5222 626 5290 ϐοείοις
659 5220 986 5290 Bodleia'uns,
1028 5213 1322 5288 ἀρχιερέων
1356 5210 1610 5273 εὐσεϐῶν,
1671 5214 1772 5267 Re.

224 5286 974 5359 εῑιίείάρχιερέιρςερσβσῶς-
1026 5286 1102 5359 ,ζ.
1466 5344 1488 5359 .
1539 5343 1579 5359 ..
1664 5346 1675 5358 .

292 5358 401 5421 (77)
433 5343 623 5408 ifodéx
658 5343 964 5409 liodleianus
985 5392 999 5417 ,
1025 5352 1160 5417 Μήτι
1194 5344 1505 5406 ἀποκτενεῖ,
1539 5343 1769 5413 Regius,

224 5421 309 5482 Μὴ
338 5425 659 5475 ἀποκτενεῖ.
1118 5480 1124 5482 _
1191 5475 1226 5482 __
1313 5473 1323 5482 .

338 5425 659 5475 ἀποκτενεῖ.
1313 5473 1323 5482 ι

277 5423 403 5557 Ἴης)
426 5491 613 5544 Codex
648 5486 965 5557 Bodleianus,
997 5480 1148 5557 παρά,
1188 5475 1413 5557 {lc-371%,
1444 5478 1595 5551 περί.

294 5539 402 5623 ῐῗθ)
426 5539 798 5624 [ipsis—terve.
842 5553 923 5605 Sic
953 5539 1078 5604 'ntss:
1104 5556 1149 5598 et
1194 5542 1315 5605 illst:
1344 5539 1648 5603 Fct‘rui'ius.
1682 5550 1772 5613 qui

1883 5045 1923 5075 ⁸³
1970 5043 2107 5095 l’sal.
2149 5058 2257 5106 eux,
2290 5043 2343 5095 4.
2416 5043 2458 5073 5’
2487 5043 2637 5096 Joan.
2676 5056 2714 5104 t,
2752 5040 2838 5095 29.
2913 5040 3128 5096 "Joan.
3164 5059 3277 5111 vui,
3303 5047 3395 5102 22.

1875 5217 2053 5282 vertit,
2087 5236 2105 5267 ι
2143 5218 2289 5284 quasi
2314 5215 2467 5285 Jesus
2490 5215 2693 5285 melior,
2726 5230 2787 5268 ac
2819 5214 3154 5285 prastantior
3182 5229 3349 5285 esset,
3373 5239 3395 5274 ι

1877 5286 1965 5336 sed
2020 5283 2193 5337 tamen
2247 5283 2521 5351 legendum
2572 5283 2776 5335 videtur
2822 5283 3167 5353 κρείττονες,
3218 5293 3275 5337 et
3324 5283 3398 5342 ita

1875 5353 2007 5417 lego.

1946 5418 2054 5483 (80)
2078 5417 2254 5470 Codex
2278 5414 2609 5485 Bodleianus.
2642 5416 2802 5485 abrdf
2841 5415 3260 5485 Ιὶεείιιεεαύτῷ.

1946 5481 2055 5548 (8i)
2085 5486 2238 5536 Κατὰ
2266 5481 2471 5551 πάντα.
2509 5483 2659 5551 Deest
2691 5484 2739 5534 in
2774 5481 2942 5551 Regio
2966 5482 3171 5551 codice,
3212 5481 3312 5537 sed
3336 5485 3409 5539 le.

1880 5553 2019 5619 gitur
2049 5556 2098 5605 in
2136 5555 2401 5606 codicibus
2424 5548 2703 5602 Bodleiano
2733 5562 2783 5601 ct
2808 5548 3126 5604 Bai-hct'ino.
