  <div class='ocr_page' id='page_1' title='image "/cluster/home/n/w/nwhite01/storage/ocr_20150623/14 (Origen; pt. 4)/nyp.33433081862280/291.png"; bbox 0 0 3828 6248; ppageno 0'>
   <div class='ocr_carea' id='block_1_1' title="bbox 269 307 370 363">
    <p class='ocr_par' dir='ltr' id='par_1_1' title="bbox 269 307 370 363">
     <span class='ocr_line' id='line_1_1' title="bbox 269 307 370 363; baseline -0.01 0"><span class='ocrx_word' id='word_1_1' title='bbox 269 307 370 363; x_wconf 71' lang='lat'><strong>565</strong></span> 
     </span>
    </p>
   </div>
   <div class='ocr_carea' id='block_1_2' title="bbox 1702 295 2016 353">
    <p class='ocr_par' dir='ltr' id='par_1_2' title="bbox 1702 295 2016 353">
     <span class='ocr_line' id='line_1_2' title="bbox 1702 295 2016 353; baseline -0.01 -1"><span class='ocrx_word' id='word_1_2' title='bbox 1702 295 2016 353; x_wconf 71' lang='lat' dir='ltr'><strong>ORIGENIS</strong></span> 
     </span>
    </p>
   </div>
   <div class='ocr_carea' id='block_1_3' title="bbox 3506 262 3631 314">
    <p class='ocr_par' dir='ltr' id='par_1_3' title="bbox 3506 262 3631 314">
     <span class='ocr_line' id='line_1_3' title="bbox 3506 262 3631 314; baseline -0.008 0"><span class='ocrx_word' id='word_1_3' title='bbox 3506 262 3631 314; x_wconf 63' lang='lat'><strong>564</strong></span> 
     </span>
    </p>
   </div>
   <div class='ocr_carea' id='block_1_4' title="bbox 339 378 1851 487">
    <p class='ocr_par' dir='ltr' id='par_1_4' title="bbox 339 418 1851 487">
     <span class='ocr_line' id='line_1_4' title="bbox 339 418 1851 487; baseline -0.007 -8"><span class='ocrx_word' id='word_1_4' title='bbox 339 428 387 479; x_wconf 84' lang='lat'><strong>5.</strong></span> <span class='ocrx_word' id='word_1_5' title='bbox 421 446 437 474; x_wconf 79' lang='grc' dir='ltr'><strong>ι</strong></span> <span class='ocrx_word' id='word_1_6' title='bbox 468 426 531 477; x_wconf 82' lang='lat' dir='ltr'><strong>Et</strong></span> <span class='ocrx_word' id='word_1_7' title='bbox 559 422 761 476; x_wconf 86' lang='lat' dir='ltr'><strong>diccbat</strong></span> <span class='ocrx_word' id='word_1_8' title='bbox 792 420 891 472; x_wconf 81' lang='lat' dir='ltr'>illis</span> <span class='ocrx_word' id='word_1_9' title='bbox 923 439 933 470; x_wconf 89' lang='lat'><strong>:</strong></span> <span class='ocrx_word' id='word_1_10' title='bbox 967 418 1070 473; x_wconf 87' lang='lat' dir='ltr'><strong>Vos</strong></span> <span class='ocrx_word' id='word_1_11' title='bbox 1098 434 1163 472; x_wconf 77' lang='lat' dir='ltr'><strong>ex</strong></span> <span class='ocrx_word' id='word_1_12' title='bbox 1190 419 1410 471; x_wconf 80' lang='lat' dir='ltr'><strong>infernis</strong></span> <span class='ocrx_word' id='word_1_13' title='bbox 1451 420 1596 480; x_wconf 89' lang='lat' dir='ltr'><strong>estis,</strong></span> <span class='ocrx_word' id='word_1_14' title='bbox 1631 434 1727 487; x_wconf 82' lang='lat' dir='ltr'><strong>ego</strong></span> <span class='ocrx_word' id='word_1_15' title='bbox 1761 434 1789 470; x_wconf 91' lang='lat' dir='ltr'><strong>e</strong></span> <span class='ocrx_word' id='word_1_16' title='bbox 1820 420 1851 469; x_wconf 81' lang='grc' dir='ltr'><strong>Α</strong></span> 
     </span>
    </p>
   </div>
   <div class='ocr_carea' id='block_1_5' title="bbox 2114 378 3626 487">
    <p class='ocr_par' dir='ltr' id='par_1_5' title="bbox 2114 378 3626 487">
     <span class='ocr_line' id='line_1_5' title="bbox 2114 378 3626 487; baseline -0.013 -27"><span class='ocrx_word' id='word_1_17' title='bbox 2114 408 2196 460; x_wconf 65' lang='grc' dir='ltr'>ἰαὶ</span> <span class='ocrx_word' id='word_1_18' title='bbox 2210 408 2387 474; x_wconf 82' lang='grc' dir='ltr'>ἔλεγεν</span> <span class='ocrx_word' id='word_1_19' title='bbox 2416 406 2593 466; x_wconf 77' lang='grc' dir='ltr'>αὐτοῖς</span> <span class='ocrx_word' id='word_1_20' title='bbox 2613 420 2627 433; x_wconf 74' lang='grc'><strong>⁸</strong></span> <span class='ocrx_word' id='word_1_21' title='bbox 2678 403 2885 471; x_wconf 81' lang='grc' dir='ltr'>’Υμεῖς</span> <span class='ocrx_word' id='word_1_22' title='bbox 2919 399 2990 450; x_wconf 82' lang='grc' dir='ltr'>ὲκ</span> <span class='ocrx_word' id='word_1_23' title='bbox 3027 393 3175 487; x_wconf 45' lang='grc' dir='ltr'>τῶν</span> <span class='ocrx_word' id='word_1_24' title='bbox 3223 384 3424 440; x_wconf 82' lang='grc' dir='ltr'>κάτω</span> <span class='ocrx_word' id='word_1_25' title='bbox 3451 378 3626 484; x_wconf 64' lang='grc' dir='ltr'>ἐστὶ»</span> 
     </span>
    </p>
   </div>
   <div class='ocr_carea' id='block_1_6' title="bbox 268 506 1789 581">
    <p class='ocr_par' dir='ltr' id='par_1_6' title="bbox 268 506 1789 581">
     <span class='ocr_line' id='line_1_6' title="bbox 268 506 1789 581; baseline -0.009 -13"><span class='ocrx_word' id='word_1_26' title='bbox 268 514 508 581; x_wconf 82' lang='lat' dir='ltr'><strong>superuis</strong></span> <span class='ocrx_word' id='word_1_27' title='bbox 530 526 676 572; x_wconf 86' lang='lat' dir='ltr'><strong>sum;</strong></span> <span class='ocrx_word' id='word_1_28' title='bbox 703 522 793 560; x_wconf 88' lang='lat' dir='ltr'><strong>vos</strong></span> <span class='ocrx_word' id='word_1_29' title='bbox 816 523 881 560; x_wconf 80' lang='lat' dir='ltr'><strong>ex</strong></span> <span class='ocrx_word' id='word_1_30' title='bbox 906 508 1006 561; x_wconf 90' lang='lat' dir='ltr'><strong>hoc</strong></span> <span class='ocrx_word' id='word_1_31' title='bbox 1028 506 1225 559; x_wconf 84' lang='lat' dir='ltr'><strong>mundo</strong></span> <span class='ocrx_word' id='word_1_32' title='bbox 1249 507 1394 566; x_wconf 89' lang='lat' dir='ltr'><strong>estis,</strong></span> <span class='ocrx_word' id='word_1_33' title='bbox 1418 522 1513 574; x_wconf 79' lang='lat' dir='ltr'><strong>ego</strong></span> <span class='ocrx_word' id='word_1_34' title='bbox 1541 520 1646 557; x_wconf 87' lang='lat' dir='ltr'><strong>non</strong></span> <span class='ocrx_word' id='word_1_35' title='bbox 1674 519 1789 556; x_wconf 89' lang='lat' dir='ltr'><strong>sum</strong></span> 
     </span>
    </p>
   </div>
   <div class='ocr_carea' id='block_1_7' title="bbox 266 592 1787 660">
    <p class='ocr_par' dir='ltr' id='par_1_7' title="bbox 266 592 1787 660">
     <span class='ocr_line' id='line_1_7' title="bbox 266 592 1787 660; baseline -0.008 -5"><span class='ocrx_word' id='word_1_36' title='bbox 266 618 329 655; x_wconf 80' lang='lat' dir='ltr'><strong>ex</strong></span> <span class='ocrx_word' id='word_1_37' title='bbox 376 601 474 654; x_wconf 82' lang='lat' dir='ltr'><strong>hoc</strong></span> <span class='ocrx_word' id='word_1_38' title='bbox 514 595 710 650; x_wconf 87' lang='lat' dir='ltr'><strong>mundo</strong></span> <span class='ocrx_word' id='word_1_39' title='bbox 751 595 818 652; x_wconf 83' lang='grc'><strong>³⁸.</strong></span> <span class='ocrx_word' id='word_1_40' title='bbox 869 614 888 645; x_wconf 76' lang='grc' dir='ltr'><strong>ι</strong></span> <span class='ocrx_word' id='word_1_41' title='bbox 921 594 979 648; x_wconf 85' lang='lat' dir='ltr'><strong>In</strong></span> <span class='ocrx_word' id='word_1_42' title='bbox 1016 594 1374 660; x_wconf 68' lang='lat' dir='ltr'><strong>superioribus</strong></span> <span class='ocrx_word' id='word_1_43' title='bbox 1419 595 1575 648; x_wconf 88' lang='lat' dir='ltr'><strong>etiam</strong></span> <span class='ocrx_word' id='word_1_44' title='bbox 1613 592 1787 647; x_wconf 76' lang='lat' dir='ltr'><strong>dixit:</strong></span> 
     </span>
    </p>
   </div>
   <div class='ocr_carea' id='block_1_8' title="bbox 272 678 1786 750">
    <p class='ocr_par' dir='ltr' id='par_1_8' title="bbox 272 678 1786 750">
     <span class='ocr_line' id='line_1_8' title="bbox 272 678 1786 750; baseline -0.006 -13"><span class='ocrx_word' id='word_1_45' title='bbox 272 705 291 737; x_wconf 79' lang='grc' dir='ltr'>σ</span> <span class='ocrx_word' id='word_1_46' title='bbox 326 685 421 750; x_wconf 94' lang='lat' dir='ltr'><strong>Qui</strong></span> <span class='ocrx_word' id='word_1_47' title='bbox 452 691 532 734; x_wconf 89' lang='lat' dir='ltr'><strong>est</strong></span> <span class='ocrx_word' id='word_1_48' title='bbox 564 683 629 733; x_wconf 91' lang='lat' dir='ltr'><strong>de</strong></span> <span class='ocrx_word' id='word_1_49' title='bbox 661 690 819 739; x_wconf 84' lang='lat' dir='ltr'><strong>terra.</strong></span> <span class='ocrx_word' id='word_1_50' title='bbox 860 681 924 733; x_wconf 85' lang='lat' dir='ltr'><strong>de</strong></span> <span class='ocrx_word' id='word_1_51' title='bbox 955 690 1093 730; x_wconf 87' lang='lat' dir='ltr'><strong>terra</strong></span> <span class='ocrx_word' id='word_1_52' title='bbox 1120 689 1221 737; x_wconf 87' lang='lat' dir='ltr'><strong>est.</strong></span> <span class='ocrx_word' id='word_1_53' title='bbox 1251 687 1305 730; x_wconf 90' lang='lat' dir='ltr'><strong>et</strong></span> <span class='ocrx_word' id='word_1_54' title='bbox 1334 678 1399 730; x_wconf 90' lang='lat' dir='ltr'><strong>de</strong></span> <span class='ocrx_word' id='word_1_55' title='bbox 1435 691 1573 730; x_wconf 84' lang='lat' dir='ltr'><strong>terra</strong></span> <span class='ocrx_word' id='word_1_56' title='bbox 1620 678 1786 743; x_wconf 82' lang='lat' dir='ltr'><strong>loqui-</strong></span> 
     </span>
    </p>
   </div>
   <div class='ocr_carea' id='block_1_9' title="bbox 268 767 1787 839">
    <p class='ocr_par' dir='ltr' id='par_1_9' title="bbox 268 767 1787 839">
     <span class='ocr_line' id='line_1_9' title="bbox 268 767 1787 839; baseline -0.007 -13"><span class='ocrx_word' id='word_1_57' title='bbox 268 785 379 837; x_wconf 90' lang='lat' dir='ltr'><strong>tur;</strong></span> <span class='ocrx_word' id='word_1_58' title='bbox 419 774 507 839; x_wconf 94' lang='lat' dir='ltr'><strong>qui</strong></span> <span class='ocrx_word' id='word_1_59' title='bbox 536 787 565 823; x_wconf 91' lang='lat' dir='ltr'><strong>e</strong></span> <span class='ocrx_word' id='word_1_60' title='bbox 612 770 748 823; x_wconf 66' lang='lat' dir='ltr'><strong>caalo</strong></span> <span class='ocrx_word' id='word_1_61' title='bbox 780 771 940 831; x_wconf 89' lang='lat' dir='ltr'><strong>venit,</strong></span> <span class='ocrx_word' id='word_1_62' title='bbox 976 784 1133 836; x_wconf 83' lang='lat' dir='ltr'><strong>supra</strong></span> <span class='ocrx_word' id='word_1_63' title='bbox 1162 783 1346 820; x_wconf 89' lang='lat' dir='ltr'><strong>omnes</strong></span> <span class='ocrx_word' id='word_1_64' title='bbox 1402 777 1513 830; x_wconf 87' lang='lat' dir='ltr'><strong>est;</strong></span> <span class='ocrx_word' id='word_1_65' title='bbox 1570 778 1619 819; x_wconf 90' lang='lat' dir='ltr'><strong>et</strong></span> <span class='ocrx_word' id='word_1_66' title='bbox 1650 767 1787 834; x_wconf 79' lang='lat' dir='ltr'><strong>quod</strong></span> 
     </span>
    </p>
   </div>
   <div class='ocr_carea' id='block_1_10' title="bbox 266 858 1791 926">
    <p class='ocr_par' dir='ltr' id='par_1_10' title="bbox 266 858 1791 926">
     <span class='ocr_line' id='line_1_10' title="bbox 266 858 1791 926; baseline -0.004 -12"><span class='ocrx_word' id='word_1_67' title='bbox 266 864 395 916; x_wconf 86' lang='lat' dir='ltr'><strong>vidit</strong></span> <span class='ocrx_word' id='word_1_68' title='bbox 421 863 701 916; x_wconf 76' lang='lat' dir='ltr'><strong>etaudivit</strong></span> <span class='ocrx_word' id='word_1_69' title='bbox 752 862 853 915; x_wconf 83' lang='lat' dir='ltr'><strong>hoc</strong></span> <span class='ocrx_word' id='word_1_70' title='bbox 887 872 1111 914; x_wconf 86' lang='lat' dir='ltr'><strong>testatur</strong></span> <span class='ocrx_word' id='word_1_71' title='bbox 1145 862 1209 913; x_wconf 78' lang='grc'><strong>⁸⁸.</strong></span> <span class='ocrx_word' id='word_1_72' title='bbox 1252 878 1270 911; x_wconf 74' lang='grc' dir='ltr'><strong>ι</strong></span> <span class='ocrx_word' id='word_1_73' title='bbox 1311 859 1366 912; x_wconf 87' lang='lat' dir='ltr'><strong>Si</strong></span> <span class='ocrx_word' id='word_1_74' title='bbox 1410 858 1567 926; x_wconf 79' lang='lat' dir='ltr'><strong>igitur</strong></span> <span class='ocrx_word' id='word_1_75' title='bbox 1600 858 1684 924; x_wconf 86' lang='lat' dir='ltr'><strong>qui</strong></span> <span class='ocrx_word' id='word_1_76' title='bbox 1726 859 1791 908; x_wconf 89' lang='lat' dir='ltr'><strong>de</strong></span> 
     </span>
    </p>
   </div>
   <div class='ocr_carea' id='block_1_11' title="bbox 268 947 1788 1017">
    <p class='ocr_par' dir='ltr' id='par_1_11' title="bbox 268 947 1788 1017">
     <span class='ocr_line' id='line_1_11' title="bbox 268 947 1788 1017; baseline -0.007 -14"><span class='ocrx_word' id='word_1_77' title='bbox 268 964 405 1006; x_wconf 90' lang='lat' dir='ltr'><strong>terra</strong></span> <span class='ocrx_word' id='word_1_78' title='bbox 427 962 526 1014; x_wconf 90' lang='lat' dir='ltr'><strong>est,</strong></span> <span class='ocrx_word' id='word_1_79' title='bbox 570 952 635 1005; x_wconf 90' lang='lat' dir='ltr'><strong>de</strong></span> <span class='ocrx_word' id='word_1_80' title='bbox 665 960 806 1004; x_wconf 87' lang='lat' dir='ltr'><strong>terra</strong></span> <span class='ocrx_word' id='word_1_81' title='bbox 859 951 1124 1016; x_wconf 85' lang='lat' dir='ltr'><strong>loquitur;</strong></span> <span class='ocrx_word' id='word_1_82' title='bbox 1171 960 1222 1002; x_wconf 84' lang='lat' dir='ltr'><strong>et</strong></span> <span class='ocrx_word' id='word_1_83' title='bbox 1264 950 1353 1017; x_wconf 89' lang='lat' dir='ltr'><strong>qui</strong></span> <span class='ocrx_word' id='word_1_84' title='bbox 1384 962 1415 1000; x_wconf 90' lang='lat' dir='ltr'><strong>e</strong></span> <span class='ocrx_word' id='word_1_85' title='bbox 1461 947 1598 1000; x_wconf 68' lang='lat' dir='ltr'><strong>caelo</strong></span> <span class='ocrx_word' id='word_1_86' title='bbox 1627 947 1788 1005; x_wconf 84' lang='lat' dir='ltr'><strong>venit,</strong></span> 
     </span>
    </p>
   </div>
   <div class='ocr_carea' id='block_1_12' title="bbox 265 1040 1790 1107">
    <p class='ocr_par' dir='ltr' id='par_1_12' title="bbox 265 1040 1790 1107">
     <span class='ocr_line' id='line_1_12' title="bbox 265 1040 1790 1107; baseline -0.006 -14"><span class='ocrx_word' id='word_1_87' title='bbox 265 1043 403 1107; x_wconf 89' lang='lat' dir='ltr'><strong>quod</strong></span> <span class='ocrx_word' id='word_1_88' title='bbox 428 1041 562 1094; x_wconf 86' lang='lat' dir='ltr'><strong>vidit</strong></span> <span class='ocrx_word' id='word_1_89' title='bbox 594 1052 648 1094; x_wconf 85' lang='lat' dir='ltr'><strong>et</strong></span> <span class='ocrx_word' id='word_1_90' title='bbox 674 1040 893 1102; x_wconf 80' lang='lat' dir='ltr'><strong>audivit,</strong></span> <span class='ocrx_word' id='word_1_91' title='bbox 928 1041 1025 1091; x_wconf 88' lang='lat' dir='ltr'><strong>hoc</strong></span> <span class='ocrx_word' id='word_1_92' title='bbox 1079 1046 1323 1099; x_wconf 79' lang='lat' dir='ltr'><strong>testatur,</strong></span> <span class='ocrx_word' id='word_1_93' title='bbox 1380 1051 1585 1103; x_wconf 62' lang='lat' dir='ltr'><strong>quaeres</strong></span> <span class='ocrx_word' id='word_1_94' title='bbox 1616 1043 1790 1087; x_wconf 89' lang='lat' dir='ltr'><strong>utrum</strong></span> 
     </span>
    </p>
   </div>
   <div class='ocr_carea' id='block_1_13' title="bbox 266 1124 1796 1189">
    <p class='ocr_par' dir='ltr' id='par_1_13' title="bbox 266 1124 1796 1189">
     <span class='ocr_line' id='line_1_13' title="bbox 266 1124 1796 1189; baseline -0.007 -4"><span class='ocrx_word' id='word_1_95' title='bbox 266 1131 402 1185; x_wconf 81' lang='lat' dir='ltr'><strong>idem</strong></span> <span class='ocrx_word' id='word_1_96' title='bbox 437 1131 505 1182; x_wconf 85' lang='lat' dir='ltr'><strong>sit</strong></span> <span class='ocrx_word' id='word_1_97' title='bbox 531 1144 647 1184; x_wconf 84' lang='lat' dir='ltr'><strong>esse</strong></span> <span class='ocrx_word' id='word_1_98' title='bbox 674 1144 704 1181; x_wconf 90' lang='lat' dir='ltr'><strong>e</strong></span> <span class='ocrx_word' id='word_1_99' title='bbox 739 1139 877 1181; x_wconf 87' lang='lat' dir='ltr'><strong>terra</strong></span> <span class='ocrx_word' id='word_1_100' title='bbox 901 1137 954 1181; x_wconf 91' lang='lat' dir='ltr'><strong>et</strong></span> <span class='ocrx_word' id='word_1_101' title='bbox 985 1142 1100 1181; x_wconf 85' lang='lat' dir='ltr'><strong>esse</strong></span> <span class='ocrx_word' id='word_1_102' title='bbox 1128 1141 1192 1181; x_wconf 83' lang='lat' dir='ltr'><strong>ex</strong></span> <span class='ocrx_word' id='word_1_103' title='bbox 1225 1126 1468 1189; x_wconf 80' lang='lat' dir='ltr'><strong>infernis,</strong></span> <span class='ocrx_word' id='word_1_104' title='bbox 1527 1139 1591 1176; x_wconf 87' lang='lat' dir='ltr'><strong>an</strong></span> <span class='ocrx_word' id='word_1_105' title='bbox 1621 1124 1796 1175; x_wconf 84' lang='lat' dir='ltr'><strong>diver-</strong></span> 
     </span>
    </p>
   </div>
   <div class='ocr_carea' id='block_1_14' title="bbox 265 1212 1789 1278">
    <p class='ocr_par' dir='ltr' id='par_1_14' title="bbox 265 1212 1789 1278">
     <span class='ocr_line' id='line_1_14' title="bbox 265 1212 1789 1278; baseline -0.004 -10"><span class='ocrx_word' id='word_1_106' title='bbox 265 1228 404 1268; x_wconf 85' lang='lat' dir='ltr'><strong>sum.</strong></span> <span class='ocrx_word' id='word_1_107' title='bbox 442 1215 609 1269; x_wconf 85' lang='lat' dir='ltr'><strong>Simul</strong></span> <span class='ocrx_word' id='word_1_108' title='bbox 644 1224 820 1267; x_wconf 88' lang='lat' dir='ltr'><strong>autem</strong></span> <span class='ocrx_word' id='word_1_109' title='bbox 855 1214 1162 1267; x_wconf 84' lang='lat' dir='ltr'><strong>obscrvabis</strong></span> <span class='ocrx_word' id='word_1_110' title='bbox 1194 1212 1332 1278; x_wconf 89' lang='lat' dir='ltr'><strong>quod</strong></span> <span class='ocrx_word' id='word_1_111' title='bbox 1365 1212 1470 1265; x_wconf 91' lang='lat' dir='ltr'><strong>illic</strong></span> <span class='ocrx_word' id='word_1_112' title='bbox 1506 1228 1609 1263; x_wconf 89' lang='lat' dir='ltr'><strong>non</strong></span> <span class='ocrx_word' id='word_1_113' title='bbox 1643 1213 1789 1263; x_wconf 50' lang='lat' dir='ltr'><strong>dixe-</strong></span> 
     </span>
    </p>
   </div>
   <div class='ocr_carea' id='block_1_15' title="bbox 265 1301 1791 1369">
    <p class='ocr_par' dir='ltr' id='par_1_15' title="bbox 265 1301 1791 1369">
     <span class='ocr_line' id='line_1_15' title="bbox 265 1301 1791 1369; baseline -0.005 -11"><span class='ocrx_word' id='word_1_114' title='bbox 265 1303 337 1359; x_wconf 79' lang='lat' dir='ltr'><strong>rit</strong></span> <span class='ocrx_word' id='word_1_115' title='bbox 372 1320 385 1355; x_wconf 91' lang='lat'><strong>:</strong></span> <span class='ocrx_word' id='word_1_116' title='bbox 411 1302 510 1367; x_wconf 89' lang='lat' dir='ltr'><strong>Qui</strong></span> <span class='ocrx_word' id='word_1_117' title='bbox 538 1312 618 1357; x_wconf 89' lang='lat' dir='ltr'><strong>est</strong></span> <span class='ocrx_word' id='word_1_118' title='bbox 642 1318 671 1356; x_wconf 89' lang='lat' dir='ltr'><strong>c</strong></span> <span class='ocrx_word' id='word_1_119' title='bbox 701 1303 858 1366; x_wconf 68' lang='lat' dir='ltr'><strong>caalo,</strong></span> <span class='ocrx_word' id='word_1_120' title='bbox 889 1318 917 1357; x_wconf 91' lang='lat' dir='ltr'><strong>e</strong></span> <span class='ocrx_word' id='word_1_121' title='bbox 946 1304 1083 1356; x_wconf 86' lang='lat' dir='ltr'><strong>coelo</strong></span> <span class='ocrx_word' id='word_1_122' title='bbox 1106 1314 1209 1366; x_wconf 89' lang='lat' dir='ltr'><strong>est,</strong></span> <span class='ocrx_word' id='word_1_123' title='bbox 1234 1312 1287 1356; x_wconf 90' lang='lat' dir='ltr'><strong>et</strong></span> <span class='ocrx_word' id='word_1_124' title='bbox 1307 1316 1337 1355; x_wconf 88' lang='lat' dir='ltr'><strong>e</strong></span> <span class='ocrx_word' id='word_1_125' title='bbox 1364 1301 1499 1355; x_wconf 60' lang='lat' dir='ltr'><strong>caelo</strong></span> <span class='ocrx_word' id='word_1_126' title='bbox 1524 1301 1791 1369; x_wconf 85' lang='lat' dir='ltr'><strong>loquitur;</strong></span> 
     </span>
    </p>
   </div>
   <div class='ocr_carea' id='block_1_16' title="bbox 268 1390 1799 1448">
    <p class='ocr_par' dir='ltr' id='par_1_16' title="bbox 268 1390 1799 1448">
     <span class='ocr_line' id='line_1_16' title="bbox 268 1390 1799 1448; baseline -0.001 -4"><span class='ocrx_word' id='word_1_127' title='bbox 268 1407 389 1445; x_wconf 87' lang='lat' dir='ltr'><strong>nam</strong></span> <span class='ocrx_word' id='word_1_128' title='bbox 417 1390 660 1446; x_wconf 83' lang='lat' dir='ltr'><strong>fortassis</strong></span> <span class='ocrx_word' id='word_1_129' title='bbox 690 1392 942 1446; x_wconf 82' lang='lat' dir='ltr'><strong>Servatur</strong></span> <span class='ocrx_word' id='word_1_130' title='bbox 977 1408 1080 1448; x_wconf 91' lang='lat' dir='ltr'><strong>non</strong></span> <span class='ocrx_word' id='word_1_131' title='bbox 1119 1404 1233 1447; x_wconf 87' lang='lat' dir='ltr'><strong>erat</strong></span> <span class='ocrx_word' id='word_1_132' title='bbox 1254 1408 1283 1445; x_wconf 90' lang='lat' dir='ltr'><strong>e</strong></span> <span class='ocrx_word' id='word_1_133' title='bbox 1317 1392 1495 1447; x_wconf 73' lang='lat' dir='ltr'><strong>coelo:</strong></span> <span class='ocrx_word' id='word_1_134' title='bbox 1547 1407 1649 1445; x_wconf 86' lang='lat' dir='ltr'><strong>non</strong></span> <span class='ocrx_word' id='word_1_135' title='bbox 1683 1403 1799 1444; x_wconf 86' lang='lat' dir='ltr'><strong>erat.</strong></span> 
     </span>
    </p>
   </div>
   <div class='ocr_carea' id='block_1_17' title="bbox 265 1480 1797 1550">
    <p class='ocr_par' dir='ltr' id='par_1_17' title="bbox 265 1480 1797 1550">
     <span class='ocr_line' id='line_1_17' title="bbox 265 1480 1797 1550; baseline 0.003 -21"><span class='ocrx_word' id='word_1_136' title='bbox 265 1480 561 1547; x_wconf 65' lang='lat' dir='ltr'><strong>praesertim</strong></span> <span class='ocrx_word' id='word_1_137' title='bbox 623 1480 672 1532; x_wconf 91' lang='lat' dir='ltr'><strong>in</strong></span> <span class='ocrx_word' id='word_1_138' title='bbox 739 1490 991 1549; x_wconf 82' lang='lat' dir='ltr'><strong>quantum</strong></span> <span class='ocrx_word' id='word_1_139' title='bbox 1049 1492 1129 1535; x_wconf 87' lang='lat' dir='ltr'><strong>est</strong></span> <span class='ocrx_word' id='word_1_140' title='bbox 1187 1482 1566 1550; x_wconf 78' lang='lat' dir='ltr'><strong>primogenitus</strong></span> <span class='ocrx_word' id='word_1_141' title='bbox 1624 1483 1797 1539; x_wconf 81' lang='lat' dir='ltr'><strong>omnis</strong></span> 
     </span>
    </p>
   </div>
   <div class='ocr_carea' id='block_1_18' title="bbox 269 1570 1794 1635">
    <p class='ocr_par' dir='ltr' id='par_1_18' title="bbox 269 1570 1794 1635">
     <span class='ocr_line' id='line_1_18' title="bbox 269 1570 1794 1635; baseline 0.003 -16"><span class='ocrx_word' id='word_1_142' title='bbox 269 1577 530 1623; x_wconf 64' lang='lat' dir='ltr'><strong>creaturae</strong></span> <span class='ocrx_word' id='word_1_143' title='bbox 560 1570 625 1622; x_wconf 82' lang='grc'><strong>⁵⁷.</strong></span> <span class='ocrx_word' id='word_1_144' title='bbox 659 1570 806 1635; x_wconf 87' lang='lat' dir='ltr'><strong>Quod</strong></span> <span class='ocrx_word' id='word_1_145' title='bbox 838 1572 975 1623; x_wconf 90' lang='lat' dir='ltr'><strong>enim</strong></span> <span class='ocrx_word' id='word_1_146' title='bbox 1005 1572 1190 1625; x_wconf 85' lang='lat' dir='ltr'><strong>attinet</strong></span> <span class='ocrx_word' id='word_1_147' title='bbox 1225 1572 1289 1622; x_wconf 86' lang='lat' dir='ltr'><strong>ad</strong></span> <span class='ocrx_word' id='word_1_148' title='bbox 1341 1586 1548 1632; x_wconf 85' lang='lat' dir='ltr'><strong>vocem,</strong></span> <span class='ocrx_word' id='word_1_149' title='bbox 1599 1588 1625 1623; x_wconf 82' lang='grc' dir='ltr'><strong>ε</strong></span> <span class='ocrx_word' id='word_1_150' title='bbox 1650 1573 1794 1632; x_wconf 74' lang='lat' dir='ltr'><strong>rwlo,</strong></span> 
     </span>
    </p>
   </div>
   <div class='ocr_carea' id='block_1_19' title="bbox 269 1656 1798 1724">
    <p class='ocr_par' dir='ltr' id='par_1_19' title="bbox 269 1656 1798 1724">
     <span class='ocr_line' id='line_1_19' title="bbox 269 1656 1798 1724; baseline 0.002 -17"><span class='ocrx_word' id='word_1_151' title='bbox 269 1656 535 1709; x_wconf 85' lang='lat' dir='ltr'><strong>secundus</strong></span> <span class='ocrx_word' id='word_1_152' title='bbox 561 1656 717 1709; x_wconf 84' lang='lat' dir='ltr'><strong>homo</strong></span> <span class='ocrx_word' id='word_1_153' title='bbox 754 1665 889 1710; x_wconf 90' lang='lat' dir='ltr'><strong>este</strong></span> <span class='ocrx_word' id='word_1_154' title='bbox 927 1657 1084 1719; x_wconf 78' lang='lat' dir='ltr'><strong>coelo.</strong></span> <span class='ocrx_word' id='word_1_155' title='bbox 1120 1658 1563 1724; x_wconf 86' lang='lat' dir='ltr'><strong>quemadmodum</strong></span> <span class='ocrx_word' id='word_1_156' title='bbox 1607 1658 1798 1712; x_wconf 86' lang='lat' dir='ltr'><strong>alicubi</strong></span> 
     </span>
    </p>
   </div>
   <div class='ocr_carea' id='block_1_20' title="bbox 270 1742 1797 1808">
    <p class='ocr_par' dir='ltr' id='par_1_20' title="bbox 270 1742 1797 1808">
     <span class='ocr_line' id='line_1_20' title="bbox 270 1742 1797 1808; baseline 0.001 -11"><span class='ocrx_word' id='word_1_157' title='bbox 270 1742 469 1797; x_wconf 85' lang='lat' dir='ltr'><strong>Paulus</strong></span> <span class='ocrx_word' id='word_1_158' title='bbox 500 1744 628 1796; x_wconf 88' lang='lat' dir='ltr'><strong>dicit</strong></span> <span class='ocrx_word' id='word_1_159' title='bbox 666 1761 729 1797; x_wconf 65' lang='grc' dir='ltr'><strong>εει</strong></span> <span class='ocrx_word' id='word_1_160' title='bbox 779 1744 988 1797; x_wconf 89' lang='lat' dir='ltr'><strong>Primus</strong></span> <span class='ocrx_word' id='word_1_161' title='bbox 1038 1746 1195 1799; x_wconf 85' lang='lat' dir='ltr'><strong>homo</strong></span> <span class='ocrx_word' id='word_1_162' title='bbox 1236 1760 1267 1799; x_wconf 89' lang='lat' dir='ltr'><strong>e</strong></span> <span class='ocrx_word' id='word_1_163' title='bbox 1317 1753 1480 1808; x_wconf 89' lang='lat' dir='ltr'><strong>terra,</strong></span> <span class='ocrx_word' id='word_1_164' title='bbox 1515 1754 1797 1799; x_wconf 89' lang='lat' dir='ltr'><strong>terrenus:</strong></span> 
     </span>
    </p>
   </div>
   <div class='ocr_carea' id='block_1_21' title="bbox 271 1832 1802 1901">
    <p class='ocr_par' dir='ltr' id='par_1_21' title="bbox 271 1832 1802 1901">
     <span class='ocr_line' id='line_1_21' title="bbox 271 1832 1802 1901; baseline 0.003 -17"><span class='ocrx_word' id='word_1_165' title='bbox 271 1832 536 1886; x_wconf 85' lang='lat' dir='ltr'><strong>secundus</strong></span> <span class='ocrx_word' id='word_1_166' title='bbox 570 1835 730 1886; x_wconf 87' lang='lat' dir='ltr'><strong>homo</strong></span> <span class='ocrx_word' id='word_1_167' title='bbox 758 1848 787 1888; x_wconf 88' lang='lat' dir='ltr'><strong>e</strong></span> <span class='ocrx_word' id='word_1_168' title='bbox 816 1833 950 1887; x_wconf 77' lang='lat' dir='ltr'><strong>C(BIO</strong></span> <span class='ocrx_word' id='word_1_169' title='bbox 970 1834 1036 1888; x_wconf 81' lang='grc'><strong>⁸⁸.</strong></span> <span class='ocrx_word' id='word_1_170' title='bbox 1063 1852 1079 1883; x_wconf 77' lang='grc' dir='ltr'><strong>ι</strong></span> <span class='ocrx_word' id='word_1_171' title='bbox 1101 1836 1274 1901; x_wconf 85' lang='lat' dir='ltr'><strong>Atque</strong></span> <span class='ocrx_word' id='word_1_172' title='bbox 1301 1835 1458 1887; x_wconf 86' lang='lat' dir='ltr'><strong>etiam</strong></span> <span class='ocrx_word' id='word_1_173' title='bbox 1488 1838 1587 1889; x_wconf 90' lang='lat' dir='ltr'><strong>hoc</strong></span> <span class='ocrx_word' id='word_1_174' title='bbox 1614 1834 1663 1888; x_wconf 91' lang='lat' dir='ltr'><strong>in</strong></span> <span class='ocrx_word' id='word_1_175' title='bbox 1688 1834 1802 1889; x_wconf 91' lang='lat' dir='ltr'><strong>loco</strong></span> 
     </span>
    </p>
   </div>
   <div class='ocr_carea' id='block_1_22' title="bbox 274 1920 1804 1977">
    <p class='ocr_par' dir='ltr' id='par_1_22' title="bbox 274 1920 1804 1977">
     <span class='ocr_line' id='line_1_22' title="bbox 274 1920 1804 1977; baseline 0 -1"><span class='ocrx_word' id='word_1_176' title='bbox 274 1920 484 1976; x_wconf 86' lang='lat' dir='ltr'><strong>notabis</strong></span> <span class='ocrx_word' id='word_1_177' title='bbox 514 1931 687 1975; x_wconf 87' lang='lat' dir='ltr'><strong>utrum</strong></span> <span class='ocrx_word' id='word_1_178' title='bbox 716 1926 922 1977; x_wconf 86' lang='lat' dir='ltr'><strong>tandem</strong></span> <span class='ocrx_word' id='word_1_179' title='bbox 964 1922 1100 1976; x_wconf 88' lang='lat' dir='ltr'><strong>idem</strong></span> <span class='ocrx_word' id='word_1_180' title='bbox 1148 1922 1285 1975; x_wconf 88' lang='lat' dir='ltr'><strong>dicat</strong></span> <span class='ocrx_word' id='word_1_181' title='bbox 1317 1923 1538 1975; x_wconf 83' lang='lat' dir='ltr'><strong>dicendo</strong></span> <span class='ocrx_word' id='word_1_182' title='bbox 1578 1937 1590 1972; x_wconf 88' lang='lat'><strong>:</strong></span> <span class='ocrx_word' id='word_1_183' title='bbox 1634 1940 1651 1971; x_wconf 81' lang='grc' dir='ltr'><strong>ι</strong></span> <span class='ocrx_word' id='word_1_184' title='bbox 1704 1920 1804 1976; x_wconf 87' lang='lat' dir='ltr'><strong>Vos</strong></span> 
     </span>
    </p>
   </div>
   <div class='ocr_carea' id='block_1_23' title="bbox 273 2012 1798 2078">
    <p class='ocr_par' dir='ltr' id='par_1_23' title="bbox 273 2012 1798 2078">
     <span class='ocr_line' id='line_1_23' title="bbox 273 2012 1798 2078; baseline -0.003 -12"><span class='ocrx_word' id='word_1_185' title='bbox 273 2029 337 2066; x_wconf 75' lang='lat' dir='ltr'><strong>ex</strong></span> <span class='ocrx_word' id='word_1_186' title='bbox 374 2013 595 2067; x_wconf 83' lang='lat' dir='ltr'><strong>infernis</strong></span> <span class='ocrx_word' id='word_1_187' title='bbox 618 2014 768 2078; x_wconf 84' lang='lat' dir='ltr'><strong>estis,</strong></span> <span class='ocrx_word' id='word_1_188' title='bbox 806 2032 824 2063; x_wconf 74' lang='grc' dir='ltr'><strong>ι</strong></span> <span class='ocrx_word' id='word_1_189' title='bbox 855 2022 909 2067; x_wconf 87' lang='lat' dir='ltr'><strong>et</strong></span> <span class='ocrx_word' id='word_1_190' title='bbox 940 2028 954 2066; x_wconf 92' lang='lat'><strong>:</strong></span> <span class='ocrx_word' id='word_1_191' title='bbox 986 2029 1003 2061; x_wconf 80' lang='grc' dir='ltr'><strong>ι</strong></span> <span class='ocrx_word' id='word_1_192' title='bbox 1035 2012 1138 2065; x_wconf 80' lang='lat' dir='ltr'><strong>Vos</strong></span> <span class='ocrx_word' id='word_1_193' title='bbox 1170 2027 1232 2065; x_wconf 80' lang='lat' dir='ltr'><strong>ex</strong></span> <span class='ocrx_word' id='word_1_194' title='bbox 1260 2012 1359 2064; x_wconf 91' lang='lat' dir='ltr'><strong>hoc</strong></span> <span class='ocrx_word' id='word_1_195' title='bbox 1386 2012 1578 2066; x_wconf 87' lang='lat' dir='ltr'><strong>mundo</strong></span> <span class='ocrx_word' id='word_1_196' title='bbox 1602 2012 1752 2074; x_wconf 87' lang='lat' dir='ltr'><strong>estis,</strong></span> <span class='ocrx_word' id='word_1_197' title='bbox 1780 2030 1798 2061; x_wconf 75' lang='grc' dir='ltr'><strong>ι</strong></span> 
     </span>
    </p>
   </div>
   <div class='ocr_carea' id='block_1_24' title="bbox 276 2102 1802 2168">
    <p class='ocr_par' dir='ltr' id='par_1_24' title="bbox 276 2102 1802 2168">
     <span class='ocr_line' id='line_1_24' title="bbox 276 2102 1802 2168; baseline 0 -16"><span class='ocrx_word' id='word_1_198' title='bbox 276 2117 342 2153; x_wconf 86' lang='lat' dir='ltr'><strong>an</strong></span> <span class='ocrx_word' id='word_1_199' title='bbox 368 2103 631 2156; x_wconf 85' lang='lat' dir='ltr'><strong>diversum</strong></span> <span class='ocrx_word' id='word_1_200' title='bbox 662 2102 729 2153; x_wconf 91' lang='lat' dir='ltr'><strong>sit</strong></span> <span class='ocrx_word' id='word_1_201' title='bbox 749 2114 866 2154; x_wconf 91' lang='lat' dir='ltr'><strong>esse</strong></span> <span class='ocrx_word' id='word_1_202' title='bbox 891 2114 920 2152; x_wconf 92' lang='lat' dir='ltr'><strong>e</strong></span> <span class='ocrx_word' id='word_1_203' title='bbox 958 2111 1095 2153; x_wconf 86' lang='lat' dir='ltr'><strong>terra</strong></span> <span class='ocrx_word' id='word_1_204' title='bbox 1128 2103 1193 2152; x_wconf 88' lang='lat' dir='ltr'><strong>ab</strong></span> <span class='ocrx_word' id='word_1_205' title='bbox 1227 2116 1289 2153; x_wconf 88' lang='lat' dir='ltr'><strong>eo</strong></span> <span class='ocrx_word' id='word_1_206' title='bbox 1315 2103 1453 2168; x_wconf 80' lang='lat' dir='ltr'><strong>quod</strong></span> <span class='ocrx_word' id='word_1_207' title='bbox 1483 2109 1563 2153; x_wconf 89' lang='lat' dir='ltr'><strong>est</strong></span> <span class='ocrx_word' id='word_1_208' title='bbox 1594 2114 1707 2154; x_wconf 89' lang='lat' dir='ltr'><strong>esse</strong></span> <span class='ocrx_word' id='word_1_209' title='bbox 1738 2115 1802 2154; x_wconf 81' lang='lat' dir='ltr'><strong>ex</strong></span> 
     </span>
    </p>
   </div>
   <div class='ocr_carea' id='block_1_25' title="bbox 275 2191 1800 2258">
    <p class='ocr_par' dir='ltr' id='par_1_25' title="bbox 275 2191 1800 2258">
     <span class='ocr_line' id='line_1_25' title="bbox 275 2191 1800 2258; baseline -0.001 -12"><span class='ocrx_word' id='word_1_210' title='bbox 275 2194 382 2247; x_wconf 84' lang='lat' dir='ltr'><strong>hoc</strong></span> <span class='ocrx_word' id='word_1_211' title='bbox 408 2193 619 2245; x_wconf 88' lang='lat' dir='ltr'><strong>mundo.</strong></span> <span class='ocrx_word' id='word_1_212' title='bbox 662 2192 920 2245; x_wconf 88' lang='lat' dir='ltr'><strong>Similiter</strong></span> <span class='ocrx_word' id='word_1_213' title='bbox 966 2192 1123 2245; x_wconf 89' lang='lat' dir='ltr'><strong>etiam</strong></span> <span class='ocrx_word' id='word_1_214' title='bbox 1154 2191 1203 2242; x_wconf 91' lang='lat' dir='ltr'><strong>in</strong></span> <span class='ocrx_word' id='word_1_215' title='bbox 1246 2192 1328 2243; x_wconf 89' lang='lat' dir='ltr'><strong>his</strong></span> <span class='ocrx_word' id='word_1_216' title='bbox 1359 2191 1532 2244; x_wconf 69' lang='lat' dir='ltr'><strong>verbis</strong></span> <span class='ocrx_word' id='word_1_217' title='bbox 1559 2205 1800 2258; x_wconf 70' lang='lat' dir='ltr'><strong>quaeres:</strong></span> 
     </span>
    </p>
   </div>
   <div class='ocr_carea' id='block_1_26' title="bbox 280 2279 1806 2348">
    <p class='ocr_par' dir='ltr' id='par_1_26' title="bbox 280 2279 1806 2348">
     <span class='ocr_line' id='line_1_26' title="bbox 280 2279 1806 2348; baseline -0.003 -15"><span class='ocrx_word' id='word_1_218' title='bbox 280 2297 299 2333; x_wconf 80' lang='grc' dir='ltr'><strong>ι</strong></span> <span class='ocrx_word' id='word_1_219' title='bbox 330 2279 437 2348; x_wconf 76' lang='lat' dir='ltr'><strong>Ego</strong></span> <span class='ocrx_word' id='word_1_220' title='bbox 464 2295 493 2333; x_wconf 87' lang='lat' dir='ltr'><strong>e</strong></span> <span class='ocrx_word' id='word_1_221' title='bbox 527 2280 770 2347; x_wconf 87' lang='lat' dir='ltr'><strong>supernis</strong></span> <span class='ocrx_word' id='word_1_222' title='bbox 798 2294 935 2341; x_wconf 91' lang='lat' dir='ltr'><strong>sum,</strong></span> <span class='ocrx_word' id='word_1_223' title='bbox 963 2297 980 2327; x_wconf 77' lang='grc' dir='ltr'><strong>ι</strong></span> <span class='ocrx_word' id='word_1_224' title='bbox 1012 2288 1064 2332; x_wconf 89' lang='lat' dir='ltr'><strong>et</strong></span> <span class='ocrx_word' id='word_1_225' title='bbox 1090 2297 1101 2333; x_wconf 84' lang='lat'><strong>:</strong></span> <span class='ocrx_word' id='word_1_226' title='bbox 1140 2297 1157 2328; x_wconf 76' lang='grc' dir='ltr'><strong>ι</strong></span> <span class='ocrx_word' id='word_1_227' title='bbox 1194 2279 1301 2346; x_wconf 76' lang='lat' dir='ltr'><strong>Ego</strong></span> <span class='ocrx_word' id='word_1_228' title='bbox 1328 2295 1427 2330; x_wconf 89' lang='lat' dir='ltr'><strong>non</strong></span> <span class='ocrx_word' id='word_1_229' title='bbox 1462 2295 1576 2330; x_wconf 88' lang='lat' dir='ltr'><strong>sntn</strong></span> <span class='ocrx_word' id='word_1_230' title='bbox 1606 2294 1670 2332; x_wconf 78' lang='lat' dir='ltr'><strong>ex</strong></span> <span class='ocrx_word' id='word_1_231' title='bbox 1707 2279 1806 2331; x_wconf 87' lang='lat' dir='ltr'><strong>hoc</strong></span> 
     </span>
    </p>
   </div>
   <div class='ocr_carea' id='block_1_27' title="bbox 278 2368 1805 2437">
    <p class='ocr_par' dir='ltr' id='par_1_27' title="bbox 278 2368 1805 2437">
     <span class='ocr_line' id='line_1_27' title="bbox 278 2368 1805 2437; baseline -0.002 -14"><span class='ocrx_word' id='word_1_232' title='bbox 278 2371 491 2424; x_wconf 81' lang='lat' dir='ltr'><strong>mundo.</strong></span> <span class='ocrx_word' id='word_1_233' title='bbox 523 2370 772 2437; x_wconf 68' lang='lat' dir='ltr'><strong>inignum</strong></span> <span class='ocrx_word' id='word_1_234' title='bbox 796 2379 877 2421; x_wconf 90' lang='lat' dir='ltr'><strong>est</strong></span> <span class='ocrx_word' id='word_1_235' title='bbox 897 2369 1035 2421; x_wconf 88' lang='lat' dir='ltr'><strong>enim</strong></span> <span class='ocrx_word' id='word_1_236' title='bbox 1061 2378 1116 2421; x_wconf 88' lang='lat' dir='ltr'><strong>ut</strong></span> <span class='ocrx_word' id='word_1_237' title='bbox 1140 2368 1629 2436; x_wconf 82' lang='lat' dir='ltr'><strong>inspiciantttsquid</strong></span> <span class='ocrx_word' id='word_1_238' title='bbox 1650 2369 1719 2421; x_wconf 84' lang='lat' dir='ltr'><strong>sit</strong></span> <span class='ocrx_word' id='word_1_239' title='bbox 1740 2382 1805 2420; x_wconf 82' lang='lat' dir='ltr'><strong>ex</strong></span> 
     </span>
    </p>
   </div>
   <div class='ocr_carea' id='block_1_28' title="bbox 276 2456 1807 2526">
    <p class='ocr_par' dir='ltr' id='par_1_28' title="bbox 276 2456 1807 2526">
     <span class='ocr_line' id='line_1_28' title="bbox 276 2456 1807 2526; baseline -0.001 -15"><span class='ocrx_word' id='word_1_240' title='bbox 276 2460 518 2526; x_wconf 81' lang='lat' dir='ltr'><strong>supernis</strong></span> <span class='ocrx_word' id='word_1_241' title='bbox 537 2473 676 2524; x_wconf 84' lang='lat' dir='ltr'><strong>esse,</strong></span> <span class='ocrx_word' id='word_1_242' title='bbox 696 2468 750 2511; x_wconf 91' lang='lat' dir='ltr'><strong>et</strong></span> <span class='ocrx_word' id='word_1_243' title='bbox 769 2458 893 2525; x_wconf 88' lang='lat' dir='ltr'><strong>quid</strong></span> <span class='ocrx_word' id='word_1_244' title='bbox 916 2459 1107 2512; x_wconf 90' lang='lat' dir='ltr'><strong>sitnon</strong></span> <span class='ocrx_word' id='word_1_245' title='bbox 1131 2473 1250 2511; x_wconf 78' lang='lat' dir='ltr'><strong>esse</strong></span> <span class='ocrx_word' id='word_1_246' title='bbox 1272 2472 1338 2509; x_wconf 79' lang='lat' dir='ltr'><strong>ex</strong></span> <span class='ocrx_word' id='word_1_247' title='bbox 1363 2458 1461 2510; x_wconf 86' lang='lat' dir='ltr'><strong>hoc</strong></span> <span class='ocrx_word' id='word_1_248' title='bbox 1481 2459 1691 2511; x_wconf 87' lang='lat' dir='ltr'><strong>mundo.</strong></span> <span class='ocrx_word' id='word_1_249' title='bbox 1717 2456 1807 2509; x_wconf 68' lang='grc' dir='ltr'><strong>Υἱ-</strong></span> 
     </span>
    </p>
   </div>
   <div class='ocr_carea' id='block_1_29' title="bbox 278 2546 1808 2617">
    <p class='ocr_par' dir='ltr' id='par_1_29' title="bbox 278 2546 1808 2617">
     <span class='ocr_line' id='line_1_29' title="bbox 278 2546 1808 2617; baseline -0.002 -16"><span class='ocrx_word' id='word_1_250' title='bbox 278 2549 342 2601; x_wconf 84' lang='lat' dir='ltr'><strong>de</strong></span> <span class='ocrx_word' id='word_1_251' title='bbox 376 2548 536 2617; x_wconf 79' lang='lat' dir='ltr'><strong>igitur</strong></span> <span class='ocrx_word' id='word_1_252' title='bbox 568 2562 744 2601; x_wconf 89' lang='lat' dir='ltr'><strong>annon</strong></span> <span class='ocrx_word' id='word_1_253' title='bbox 774 2548 863 2615; x_wconf 91' lang='lat' dir='ltr'><strong>qui</strong></span> <span class='ocrx_word' id='word_1_254' title='bbox 907 2549 1196 2613; x_wconf 89' lang='lat' dir='ltr'><strong>assmnpsit</strong></span> <span class='ocrx_word' id='word_1_255' title='bbox 1219 2556 1394 2599; x_wconf 87' lang='lat' dir='ltr'><strong>ortum</strong></span> <span class='ocrx_word' id='word_1_256' title='bbox 1437 2562 1466 2599; x_wconf 90' lang='lat' dir='ltr'><strong>a</strong></span> <span class='ocrx_word' id='word_1_257' title='bbox 1502 2546 1723 2600; x_wconf 83' lang='lat' dir='ltr'><strong>materia</strong></span> <span class='ocrx_word' id='word_1_258' title='bbox 1755 2555 1808 2600; x_wconf 87' lang='lat' dir='ltr'><strong>et</strong></span> 
     </span>
    </p>
   </div>
   <div class='ocr_carea' id='block_1_30' title="bbox 280 2636 1806 2703">
    <p class='ocr_par' dir='ltr' id='par_1_30' title="bbox 280 2636 1806 2703">
     <span class='ocr_line' id='line_1_30' title="bbox 280 2636 1806 2703; baseline 0 -15"><span class='ocrx_word' id='word_1_259' title='bbox 280 2637 614 2702; x_wconf 84' lang='lat' dir='ltr'><strong>corporibus,</strong></span> <span class='ocrx_word' id='word_1_260' title='bbox 644 2650 709 2689; x_wconf 92' lang='lat' dir='ltr'><strong>eo</strong></span> <span class='ocrx_word' id='word_1_261' title='bbox 731 2637 868 2703; x_wconf 88' lang='lat' dir='ltr'><strong>quod</strong></span> <span class='ocrx_word' id='word_1_262' title='bbox 895 2636 1112 2689; x_wconf 72' lang='lat' dir='ltr'><strong>meliora</strong></span> <span class='ocrx_word' id='word_1_263' title='bbox 1149 2636 1443 2701; x_wconf 90' lang='lat' dir='ltr'><strong>reliquerit,</strong></span> <span class='ocrx_word' id='word_1_264' title='bbox 1472 2637 1593 2688; x_wconf 89' lang='lat' dir='ltr'><strong>site</strong></span> <span class='ocrx_word' id='word_1_265' title='bbox 1628 2644 1769 2688; x_wconf 88' lang='lat' dir='ltr'><strong>terra</strong></span> <span class='ocrx_word' id='word_1_266' title='bbox 1794 2654 1806 2688; x_wconf 87' lang='lat'>:</span> 
     </span>
    </p>
   </div>
   <div class='ocr_carea' id='block_1_31' title="bbox 280 2723 1809 2794">
    <p class='ocr_par' dir='ltr' id='par_1_31' title="bbox 280 2723 1809 2794">
     <span class='ocr_line' id='line_1_31' title="bbox 280 2723 1809 2794; baseline -0.001 -17"><span class='ocrx_word' id='word_1_267' title='bbox 280 2724 437 2794; x_wconf 79' lang='lat'><strong>303</strong></span> <span class='ocrx_word' id='word_1_268' title='bbox 464 2726 551 2792; x_wconf 90' lang='lat' dir='ltr'><strong>qui</strong></span> <span class='ocrx_word' id='word_1_269' title='bbox 584 2734 845 2793; x_wconf 86' lang='lat' dir='ltr'><strong>quatenus</strong></span> <span class='ocrx_word' id='word_1_270' title='bbox 883 2735 963 2779; x_wconf 91' lang='lat' dir='ltr'><strong>est</strong></span> <span class='ocrx_word' id='word_1_271' title='bbox 1013 2740 1041 2775; x_wconf 72' lang='grc' dir='ltr'>(ι</span> <span class='ocrx_word' id='word_1_272' title='bbox 1078 2734 1241 2790; x_wconf 88' lang='lat' dir='ltr'><strong>terra,</strong></span> <span class='ocrx_word' id='word_1_273' title='bbox 1277 2724 1342 2777; x_wconf 88' lang='lat' dir='ltr'><strong>de</strong></span> <span class='ocrx_word' id='word_1_274' title='bbox 1380 2734 1521 2777; x_wconf 86' lang='lat' dir='ltr'><strong>terra</strong></span> <span class='ocrx_word' id='word_1_275' title='bbox 1560 2723 1809 2791; x_wconf 86' lang='lat' dir='ltr'><strong>loquitur,</strong></span> 
     </span>
    </p>
   </div>
   <div class='ocr_carea' id='block_1_32' title="bbox 280 2812 1811 2880">
    <p class='ocr_par' dir='ltr' id='par_1_32' title="bbox 280 2812 1811 2880">
     <span class='ocr_line' id='line_1_32' title="bbox 280 2812 1811 2880; baseline -0.001 -14"><span class='ocrx_word' id='word_1_276' title='bbox 280 2813 441 2867; x_wconf 80' lang='lat' dir='ltr'><strong>altius</strong></span> <span class='ocrx_word' id='word_1_277' title='bbox 483 2813 682 2880; x_wconf 87' lang='lat' dir='ltr'><strong>aliquid</strong></span> <span class='ocrx_word' id='word_1_278' title='bbox 722 2813 911 2865; x_wconf 89' lang='lat' dir='ltr'><strong>intueri</strong></span> <span class='ocrx_word' id='word_1_279' title='bbox 959 2812 1038 2864; x_wconf 85' lang='lat' dir='ltr'><strong>vel</strong></span> <span class='ocrx_word' id='word_1_280' title='bbox 1074 2812 1251 2865; x_wconf 86' lang='lat' dir='ltr'><strong>dicere</strong></span> <span class='ocrx_word' id='word_1_281' title='bbox 1298 2826 1401 2865; x_wconf 85' lang='lat' dir='ltr'><strong>non</strong></span> <span class='ocrx_word' id='word_1_282' title='bbox 1446 2812 1667 2873; x_wconf 84' lang='lat' dir='ltr'><strong>valens;</strong></span> <span class='ocrx_word' id='word_1_283' title='bbox 1722 2813 1811 2880; x_wconf 88' lang='lat' dir='ltr'><strong>qui</strong></span> 
     </span>
    </p>
   </div>
   <div class='ocr_carea' id='block_1_33' title="bbox 281 2899 1813 2957">
    <p class='ocr_par' dir='ltr' id='par_1_33' title="bbox 281 2899 1813 2957">
     <span class='ocr_line' id='line_1_33' title="bbox 281 2899 1813 2957; baseline -0.003 0"><span class='ocrx_word' id='word_1_284' title='bbox 281 2903 420 2957; x_wconf 84' lang='lat' dir='ltr'><strong>idem</strong></span> <span class='ocrx_word' id='word_1_285' title='bbox 466 2904 625 2957; x_wconf 86' lang='lat' dir='ltr'><strong>etiam</strong></span> <span class='ocrx_word' id='word_1_286' title='bbox 654 2918 720 2955; x_wconf 78' lang='lat' dir='ltr'><strong>ex</strong></span> <span class='ocrx_word' id='word_1_287' title='bbox 773 2902 996 2955; x_wconf 80' lang='lat' dir='ltr'><strong>infernis</strong></span> <span class='ocrx_word' id='word_1_288' title='bbox 1042 2912 1124 2955; x_wconf 91' lang='lat' dir='ltr'><strong>est</strong></span> <span class='ocrx_word' id='word_1_289' title='bbox 1165 2918 1178 2954; x_wconf 90' lang='lat'><strong>:</strong></span> <span class='ocrx_word' id='word_1_290' title='bbox 1226 2915 1349 2954; x_wconf 88' lang='lat' dir='ltr'><strong>nam</strong></span> <span class='ocrx_word' id='word_1_291' title='bbox 1375 2899 1479 2953; x_wconf 88' lang='lat' dir='ltr'><strong>alia</strong></span> <span class='ocrx_word' id='word_1_292' title='bbox 1514 2909 1597 2953; x_wconf 82' lang='lat' dir='ltr'><strong>est</strong></span> <span class='ocrx_word' id='word_1_293' title='bbox 1641 2901 1813 2955; x_wconf 91' lang='lat' dir='ltr'><strong>consi-</strong></span> 
     </span>
    </p>
   </div>
   <div class='ocr_carea' id='block_1_34' title="bbox 1885 468 3627 563">
    <p class='ocr_par' dir='ltr' id='par_1_34' title="bbox 1885 468 3627 563">
     <span class='ocr_line' id='line_1_34' title="bbox 1885 468 3627 563; baseline -0.009 -15"><span class='ocrx_word' id='word_1_294' title='bbox 1885 498 1991 563; x_wconf 74' lang='grc' dir='ltr'>ἐγὼ</span> <span class='ocrx_word' id='word_1_295' title='bbox 2023 499 2086 548; x_wconf 86' lang='grc' dir='ltr'>ὲκ</span> <span class='ocrx_word' id='word_1_296' title='bbox 2122 496 2226 547; x_wconf 83' lang='grc' dir='ltr'><strong>τῶν</strong></span> <span class='ocrx_word' id='word_1_297' title='bbox 2260 496 2369 548; x_wconf 84' lang='grc' dir='ltr'><strong>ἄνω</strong></span> <span class='ocrx_word' id='word_1_298' title='bbox 2408 493 2557 563; x_wconf 80' lang='grc' dir='ltr'>εἰμί·</span> <span class='ocrx_word' id='word_1_299' title='bbox 2605 492 2771 561; x_wconf 80' lang='grc' dir='ltr'>ὑμεῖς</span> <span class='ocrx_word' id='word_1_300' title='bbox 2798 491 2870 541; x_wconf 84' lang='grc' dir='ltr'>ὲκ</span> <span class='ocrx_word' id='word_1_301' title='bbox 2898 484 3007 539; x_wconf 79' lang='grc' dir='ltr'>τοῦ</span> <span class='ocrx_word' id='word_1_302' title='bbox 3060 481 3342 546; x_wconf 83' lang='grc' dir='ltr'><strong>κόσμου</strong></span> <span class='ocrx_word' id='word_1_303' title='bbox 3394 468 3627 563; x_wconf 56' lang='grc' dir='ltr'><strong>τριξτῨυ</strong></span> 
     </span>
    </p>
   </div>
   <div class='ocr_carea' id='block_1_35' title="bbox 1886 560 3629 662">
    <p class='ocr_par' dir='ltr' id='par_1_35' title="bbox 1886 560 3629 662">
     <span class='ocr_line' id='line_1_35' title="bbox 1886 560 3629 662; baseline -0.016 -24"><span class='ocrx_word' id='word_1_304' title='bbox 1886 560 2024 647; x_wconf 76' lang='grc' dir='ltr'>ἐστὲ,</span> <span class='ocrx_word' id='word_1_305' title='bbox 2052 586 2160 653; x_wconf 76' lang='grc' dir='ltr'>ἐγὼ</span> <span class='ocrx_word' id='word_1_306' title='bbox 2181 586 2280 637; x_wconf 78' lang='grc' dir='ltr'><strong>οὐκ</strong></span> <span class='ocrx_word' id='word_1_307' title='bbox 2305 584 2419 653; x_wconf 75' lang='grc' dir='ltr'>εἰμὶ</span> <span class='ocrx_word' id='word_1_308' title='bbox 2463 560 2528 634; x_wconf 58' lang='grc' dir='ltr'><strong>εκ</strong></span> <span class='ocrx_word' id='word_1_309' title='bbox 2574 560 2670 634; x_wconf 70' lang='grc' dir='ltr'>τοῦ</span> <span class='ocrx_word' id='word_1_310' title='bbox 2710 579 2937 647; x_wconf 86' lang='grc' dir='ltr'>κόσμου</span> <span class='ocrx_word' id='word_1_311' title='bbox 2983 570 3273 662; x_wconf 63' lang='grc' dir='ltr'>τούτουέ</span> <span class='ocrx_word' id='word_1_312' title='bbox 3326 581 3353 616; x_wconf 69' lang='grc' dir='ltr'><strong><em>ι</em></strong></span> <span class='ocrx_word' id='word_1_313' title='bbox 3391 560 3535 662; x_wconf 41' lang='grc' dir='ltr'>βαι</span> <span class='ocrx_word' id='word_1_314' title='bbox 3552 560 3629 662; x_wconf 52' lang='grc' dir='ltr'>ἐν</span> 
     </span>
    </p>
   </div>
   <div class='ocr_carea' id='block_1_36' title="bbox 1884 656 3630 745">
    <p class='ocr_par' dir='ltr' id='par_1_36' title="bbox 1884 656 3630 745">
     <span class='ocr_line' id='line_1_36' title="bbox 1884 656 3630 745; baseline -0.009 -16"><span class='ocrx_word' id='word_1_315' title='bbox 1884 680 1995 739; x_wconf 87' lang='grc' dir='ltr'>τοῖς</span> <span class='ocrx_word' id='word_1_316' title='bbox 2026 676 2278 745; x_wconf 80' lang='grc' dir='ltr'><strong>ἀνωτέρω</strong></span> <span class='ocrx_word' id='word_1_317' title='bbox 2306 674 2454 736; x_wconf 75' lang='grc' dir='ltr'>ἔλεγε</span> <span class='ocrx_word' id='word_1_318' title='bbox 2487 673 2578 724; x_wconf 79' lang='grc' dir='ltr'>τό’</span> <span class='ocrx_word' id='word_1_319' title='bbox 2612 692 2631 721; x_wconf 79' lang='grc' dir='ltr'><strong>ι</strong></span> <span class='ocrx_word' id='word_1_320' title='bbox 2679 672 2739 723; x_wconf 92' lang='lat'><strong>&#39;0</strong></span> <span class='ocrx_word' id='word_1_321' title='bbox 2781 668 2861 723; x_wconf 85' lang='grc' dir='ltr'>ὣν</span> <span class='ocrx_word' id='word_1_322' title='bbox 2902 670 2973 719; x_wconf 86' lang='grc' dir='ltr'>ὲκ</span> <span class='ocrx_word' id='word_1_323' title='bbox 3008 664 3146 733; x_wconf 76' lang='grc' dir='ltr'><strong>τῆς</strong></span> <span class='ocrx_word' id='word_1_324' title='bbox 3183 659 3353 728; x_wconf 81' lang='grc' dir='ltr'>γῆς,</span> <span class='ocrx_word' id='word_1_325' title='bbox 3388 656 3482 745; x_wconf 53' lang='grc' dir='ltr'><strong>ἐξ</strong></span> <span class='ocrx_word' id='word_1_326' title='bbox 3511 656 3630 745; x_wconf 63' lang='grc' dir='ltr'><strong>τῆς</strong></span> 
     </span>
    </p>
   </div>
   <div class='ocr_carea' id='block_1_37' title="bbox 1888 741 3634 836">
    <p class='ocr_par' dir='ltr' id='par_1_37' title="bbox 1888 741 3634 836">
     <span class='ocr_line' id='line_1_37' title="bbox 1888 741 3634 836; baseline -0.017 -15"><span class='ocrx_word' id='word_1_327' title='bbox 1888 769 1987 836; x_wconf 83' lang='grc' dir='ltr'><strong>γῆς</strong></span> <span class='ocrx_word' id='word_1_328' title='bbox 2012 770 2147 831; x_wconf 79' lang='grc' dir='ltr'>ἐστι,</span> <span class='ocrx_word' id='word_1_329' title='bbox 2176 741 2271 817; x_wconf 68' lang='grc' dir='ltr'><strong>καὶ</strong></span> <span class='ocrx_word' id='word_1_330' title='bbox 2300 765 2362 815; x_wconf 80' lang='grc' dir='ltr'><strong>ἐκ</strong></span> <span class='ocrx_word' id='word_1_331' title='bbox 2390 763 2488 831; x_wconf 78' lang='grc' dir='ltr'>τῆς</span> <span class='ocrx_word' id='word_1_332' title='bbox 2511 764 2614 831; x_wconf 77' lang='grc' dir='ltr'>γῆς</span> <span class='ocrx_word' id='word_1_333' title='bbox 2641 762 2800 814; x_wconf 87' lang='grc' dir='ltr'>λαλεῖ</span> <span class='ocrx_word' id='word_1_334' title='bbox 2819 777 2833 790; x_wconf 78' lang='grc'><strong><em>⁸</em></strong></span> <span class='ocrx_word' id='word_1_335' title='bbox 2865 761 2895 811; x_wconf 93' lang='lat'><strong>6</strong></span> <span class='ocrx_word' id='word_1_336' title='bbox 2923 760 2993 809; x_wconf 78' lang='grc' dir='ltr'>ὲκ</span> <span class='ocrx_word' id='word_1_337' title='bbox 3025 752 3153 806; x_wconf 83' lang='grc' dir='ltr'>τοῦ</span> <span class='ocrx_word' id='word_1_338' title='bbox 3183 750 3263 802; x_wconf 76' lang='grc' dir='ltr'><strong>οὐ</strong></span> <span class='ocrx_word' id='word_1_339' title='bbox 3277 741 3486 818; x_wconf 82' lang='grc' dir='ltr'><strong>ρανοῦ</strong></span> <span class='ocrx_word' id='word_1_340' title='bbox 3519 743 3634 836; x_wconf 54' lang='grc' dir='ltr'><strong>ὲρξ</strong></span> 
     </span>
    </p>
   </div>
   <div class='ocr_carea' id='block_1_38' title="bbox 1889 830 3629 924">
    <p class='ocr_par' dir='ltr' id='par_1_38' title="bbox 1889 830 3629 924">
     <span class='ocr_line' id='line_1_38' title="bbox 1889 830 3629 924; baseline -0.016 -17"><span class='ocrx_word' id='word_1_341' title='bbox 1889 830 2112 924; x_wconf 36' lang='grc' dir='ltr'>γεὸ-μενος</span> <span class='ocrx_word' id='word_1_342' title='bbox 2156 854 2336 905; x_wconf 78' lang='grc' dir='ltr'>ἐπάνω</span> <span class='ocrx_word' id='word_1_343' title='bbox 2372 830 2586 903; x_wconf 76' lang='grc' dir='ltr'>πάντων</span> <span class='ocrx_word' id='word_1_344' title='bbox 2626 850 2812 901; x_wconf 75' lang='grc' dir='ltr'>ἐστίν’</span> <span class='ocrx_word' id='word_1_345' title='bbox 2868 846 2971 899; x_wconf 75' lang='grc' dir='ltr'>καὶ</span> <span class='ocrx_word' id='word_1_346' title='bbox 3028 843 3067 895; x_wconf 82' lang='grc' dir='ltr'><strong>ὃ</strong></span> <span class='ocrx_word' id='word_1_347' title='bbox 3134 837 3445 907; x_wconf 78' lang='grc' dir='ltr'>ἑώρακε,</span> <span class='ocrx_word' id='word_1_348' title='bbox 3516 830 3629 883; x_wconf 77' lang='grc' dir='ltr'>καὶ</span> 
     </span>
    </p>
   </div>
   <div class='ocr_carea' id='block_1_39' title="bbox 1890 925 3629 1015">
    <p class='ocr_par' dir='ltr' id='par_1_39' title="bbox 1890 925 3629 1015">
     <span class='ocr_line' id='line_1_39' title="bbox 1890 925 3629 1015; baseline -0.005 -17"><span class='ocrx_word' id='word_1_349' title='bbox 1890 948 2105 1015; x_wconf 71' lang='grc' dir='ltr'>ἤκουσε,</span> <span class='ocrx_word' id='word_1_350' title='bbox 2135 946 2289 997; x_wconf 75' lang='grc' dir='ltr'>τοῦτο</span> <span class='ocrx_word' id='word_1_351' title='bbox 2324 946 2606 1014; x_wconf 83' lang='grc' dir='ltr'>μαρτυρεῖ.</span> <span class='ocrx_word' id='word_1_352' title='bbox 2650 962 2667 993; x_wconf 73' lang='grc' dir='ltr'><strong>ι</strong></span> <span class='ocrx_word' id='word_1_353' title='bbox 2713 944 2779 994; x_wconf 77' lang='grc' dir='ltr'><strong>Εἰ</strong></span> <span class='ocrx_word' id='word_1_354' title='bbox 2831 941 3034 994; x_wconf 71' lang='grc' dir='ltr'>τοίνυν</span> <span class='ocrx_word' id='word_1_355' title='bbox 3088 938 3128 988; x_wconf 85' lang='grc' dir='ltr'>ὀ</span> <span class='ocrx_word' id='word_1_356' title='bbox 3166 936 3255 986; x_wconf 80' lang='grc' dir='ltr'>ὲκ</span> <span class='ocrx_word' id='word_1_357' title='bbox 3316 930 3446 998; x_wconf 80' lang='grc' dir='ltr'><strong>τῆς</strong></span> 
     </span>
    </p>
   </div>
   <div class='ocr_carea' id='block_1_40' title="bbox 1892 1014 3631 1104">
    <p class='ocr_par' dir='ltr' id='par_1_40' title="bbox 1892 1014 3631 1104">
     <span class='ocr_line' id='line_1_40' title="bbox 1892 1014 3631 1104; baseline -0.006 -19"><span class='ocrx_word' id='word_1_358' title='bbox 1892 1014 1955 1087; x_wconf 82' lang='grc' dir='ltr'>ὲκ</span> <span class='ocrx_word' id='word_1_359' title='bbox 1981 1036 2076 1104; x_wconf 78' lang='grc' dir='ltr'>τῆς</span> <span class='ocrx_word' id='word_1_360' title='bbox 2097 1036 2199 1102; x_wconf 81' lang='grc' dir='ltr'><strong>γῆς</strong></span> <span class='ocrx_word' id='word_1_361' title='bbox 2228 1033 2395 1094; x_wconf 83' lang='grc' dir='ltr'>λαλεῖ,</span> <span class='ocrx_word' id='word_1_362' title='bbox 2420 1034 2513 1086; x_wconf 75' lang='grc' dir='ltr'><strong>καὶ</strong></span> <span class='ocrx_word' id='word_1_363' title='bbox 2544 1036 2571 1085; x_wconf 97' lang='lat'><strong>6</strong></span> <span class='ocrx_word' id='word_1_364' title='bbox 2604 1034 2668 1083; x_wconf 83' lang='grc' dir='ltr'>ὲκ</span> <span class='ocrx_word' id='word_1_365' title='bbox 2701 1030 2799 1083; x_wconf 74' lang='grc' dir='ltr'>τοῦ</span> <span class='ocrx_word' id='word_1_366' title='bbox 2827 1026 3102 1098; x_wconf 79' lang='grc' dir='ltr'>οὐρανοῦ</span> <span class='ocrx_word' id='word_1_367' title='bbox 3147 1022 3559 1093; x_wconf 72' lang='grc' dir='ltr'><strong>ἐρχόμενος.</strong></span> <span class='ocrx_word' id='word_1_368' title='bbox 3593 1014 3631 1067; x_wconf 78' lang='grc' dir='ltr'><strong>δ</strong></span> 
     </span>
    </p>
   </div>
   <div class='ocr_carea' id='block_1_41' title="bbox 1894 1105 3632 1194">
    <p class='ocr_par' dir='ltr' id='par_1_41' title="bbox 1894 1105 3632 1194">
     <span class='ocr_line' id='line_1_41' title="bbox 1894 1105 3632 1194; baseline -0.01 -19"><span class='ocrx_word' id='word_1_369' title='bbox 1894 1124 2099 1194; x_wconf 82' lang='grc' dir='ltr'>ἑώρακε</span> <span class='ocrx_word' id='word_1_370' title='bbox 2153 1123 2245 1174; x_wconf 76' lang='grc' dir='ltr'><strong>καὶ</strong></span> <span class='ocrx_word' id='word_1_371' title='bbox 2281 1124 2498 1192; x_wconf 75' lang='grc' dir='ltr'>ἤκουσε,</span> <span class='ocrx_word' id='word_1_372' title='bbox 2534 1121 2695 1174; x_wconf 78' lang='grc' dir='ltr'>τοῦτο</span> <span class='ocrx_word' id='word_1_373' title='bbox 2731 1120 3048 1188; x_wconf 86' lang='grc' dir='ltr'>μαρτυρεῖ,</span> <span class='ocrx_word' id='word_1_374' title='bbox 3119 1112 3460 1181; x_wconf 80' lang='grc' dir='ltr'><strong>ζητήσεις</strong></span> <span class='ocrx_word' id='word_1_375' title='bbox 3499 1105 3632 1160; x_wconf 76' lang='grc' dir='ltr'>τοί-</span> 
     </span>
    </p>
   </div>
   <div class='ocr_carea' id='block_1_42' title="bbox 1894 1197 3630 1282">
    <p class='ocr_par' dir='ltr' id='par_1_42' title="bbox 1894 1197 3630 1282">
     <span class='ocr_line' id='line_1_42' title="bbox 1894 1197 3630 1282; baseline -0.008 -18"><span class='ocrx_word' id='word_1_376' title='bbox 1894 1230 1986 1264; x_wconf 91' lang='grc' dir='ltr'><strong>νυν</strong></span> <span class='ocrx_word' id='word_1_377' title='bbox 2021 1212 2242 1282; x_wconf 80' lang='grc' dir='ltr'>πότερόν</span> <span class='ocrx_word' id='word_1_378' title='bbox 2279 1228 2405 1262; x_wconf 85' lang='grc' dir='ltr'>ποτε</span> <span class='ocrx_word' id='word_1_379' title='bbox 2438 1209 2635 1263; x_wconf 85' lang='grc' dir='ltr'>ταυτόν</span> <span class='ocrx_word' id='word_1_380' title='bbox 2657 1211 2774 1260; x_wconf 75' lang='grc' dir='ltr'>ἐστι</span> <span class='ocrx_word' id='word_1_381' title='bbox 2800 1209 2864 1259; x_wconf 82' lang='grc' dir='ltr'><strong>τὸ</strong></span> <span class='ocrx_word' id='word_1_382' title='bbox 2892 1209 2962 1260; x_wconf 78' lang='grc' dir='ltr'>ὲκ</span> <span class='ocrx_word' id='word_1_383' title='bbox 2985 1206 3119 1276; x_wconf 81' lang='grc' dir='ltr'>τῆς</span> <span class='ocrx_word' id='word_1_384' title='bbox 3149 1204 3290 1271; x_wconf 80' lang='grc' dir='ltr'>γῆς</span> <span class='ocrx_word' id='word_1_385' title='bbox 3333 1197 3509 1253; x_wconf 80' lang='grc' dir='ltr'>εἶναι</span> <span class='ocrx_word' id='word_1_386' title='bbox 3536 1198 3630 1266; x_wconf 81' lang='grc' dir='ltr'>τῷ</span> 
     </span>
    </p>
   </div>
   <div class='ocr_carea' id='block_1_43' title="bbox 1895 1292 3627 1369">
    <p class='ocr_par' dir='ltr' id='par_1_43' title="bbox 1895 1292 3627 1369">
     <span class='ocr_line' id='line_1_43' title="bbox 1895 1292 3627 1369; baseline -0.006 -18"><span class='ocrx_word' id='word_1_387' title='bbox 1895 1302 1957 1353; x_wconf 86' lang='grc' dir='ltr'>ὲκ</span> <span class='ocrx_word' id='word_1_388' title='bbox 1993 1301 2095 1353; x_wconf 80' lang='grc' dir='ltr'>τῶν</span> <span class='ocrx_word' id='word_1_389' title='bbox 2124 1301 2268 1352; x_wconf 84' lang='grc' dir='ltr'>κάτω</span> <span class='ocrx_word' id='word_1_390' title='bbox 2291 1296 2447 1362; x_wconf 74' lang='grc' dir='ltr'>εἶναι,</span> <span class='ocrx_word' id='word_1_391' title='bbox 2470 1300 2502 1369; x_wconf 80' lang='grc' dir='ltr'>ἢ</span> <span class='ocrx_word' id='word_1_392' title='bbox 2524 1299 2731 1367; x_wconf 75' lang='grc' dir='ltr'>ἕτερον.</span> <span class='ocrx_word' id='word_1_393' title='bbox 2764 1297 2922 1365; x_wconf 61' lang='lat' dir='ltr'><strong>&quot;Atta.</strong></span> <span class='ocrx_word' id='word_1_394' title='bbox 2948 1296 3016 1347; x_wconf 81' lang='grc' dir='ltr'>δὲ</span> <span class='ocrx_word' id='word_1_395' title='bbox 3075 1292 3627 1362; x_wconf 73' lang='grc' dir='ltr'><strong>παρατηρήσεις,</strong></span> 
     </span>
    </p>
   </div>
   <div class='ocr_carea' id='block_1_44' title="bbox 1894 1378 3628 1453">
    <p class='ocr_par' dir='ltr' id='par_1_44' title="bbox 1894 1378 3628 1453">
     <span class='ocr_line' id='line_1_44' title="bbox 1894 1378 3628 1453; baseline -0.006 -13"><span class='ocrx_word' id='word_1_396' title='bbox 1894 1391 1972 1441; x_wconf 81' lang='grc' dir='ltr'><strong>ὅτι</strong></span> <span class='ocrx_word' id='word_1_397' title='bbox 2011 1390 2167 1440; x_wconf 78' lang='grc' dir='ltr'>κάκεῖ</span> <span class='ocrx_word' id='word_1_398' title='bbox 2201 1389 2298 1440; x_wconf 81' lang='grc' dir='ltr'><strong>οὐκ</strong></span> <span class='ocrx_word' id='word_1_399' title='bbox 2330 1384 2513 1439; x_wconf 75' lang='grc' dir='ltr'>εἶπενο</span> <span class='ocrx_word' id='word_1_400' title='bbox 2564 1387 2621 1439; x_wconf 88' lang='lat'><strong>&#39;0</strong></span> <span class='ocrx_word' id='word_1_401' title='bbox 2653 1386 2731 1437; x_wconf 83' lang='grc' dir='ltr'>ὣν</span> <span class='ocrx_word' id='word_1_402' title='bbox 2768 1388 2835 1438; x_wconf 78' lang='grc' dir='ltr'>ἐκ</span> <span class='ocrx_word' id='word_1_403' title='bbox 2873 1385 2976 1437; x_wconf 76' lang='grc' dir='ltr'>τοῦ</span> <span class='ocrx_word' id='word_1_404' title='bbox 3024 1381 3335 1453; x_wconf 77' lang='grc' dir='ltr'>οὐρανοῦ</span> <span class='ocrx_word' id='word_1_405' title='bbox 3388 1383 3469 1433; x_wconf 78' lang='grc' dir='ltr'>ὲκ</span> <span class='ocrx_word' id='word_1_406' title='bbox 3514 1378 3628 1431; x_wconf 77' lang='grc' dir='ltr'>τοῦ</span> 
     </span>
    </p>
   </div>
   <div class='ocr_carea' id='block_1_45' title="bbox 1895 1469 3631 1546">
    <p class='ocr_par' dir='ltr' id='par_1_45' title="bbox 1895 1469 3631 1546">
     <span class='ocr_line' id='line_1_45' title="bbox 1895 1469 3631 1546; baseline -0.005 -17"><span class='ocrx_word' id='word_1_407' title='bbox 1895 1478 2115 1546; x_wconf 71' lang='grc' dir='ltr'>οὐρανοῦ</span> <span class='ocrx_word' id='word_1_408' title='bbox 2150 1480 2282 1538; x_wconf 77' lang='grc' dir='ltr'>ἐστι,</span> <span class='ocrx_word' id='word_1_409' title='bbox 2310 1478 2402 1528; x_wconf 73' lang='grc' dir='ltr'><strong>καὶ</strong></span> <span class='ocrx_word' id='word_1_410' title='bbox 2422 1477 2486 1528; x_wconf 85' lang='grc' dir='ltr'><strong>ὲκ</strong></span> <span class='ocrx_word' id='word_1_411' title='bbox 2517 1479 2609 1530; x_wconf 80' lang='grc' dir='ltr'>τοῦ</span> <span class='ocrx_word' id='word_1_412' title='bbox 2646 1475 2887 1543; x_wconf 74' lang='grc' dir='ltr'>οὐρανοῦ</span> <span class='ocrx_word' id='word_1_413' title='bbox 2926 1473 3112 1526; x_wconf 84' lang='grc' dir='ltr'>λαλεῖ</span> <span class='ocrx_word' id='word_1_414' title='bbox 3134 1490 3151 1502; x_wconf 76' lang='grc' dir='ltr'><strong><em>ο</em></strong></span> <span class='ocrx_word' id='word_1_415' title='bbox 3208 1471 3392 1539; x_wconf 83' lang='grc' dir='ltr'>τάχα</span> <span class='ocrx_word' id='word_1_416' title='bbox 3428 1469 3562 1539; x_wconf 79' lang='grc' dir='ltr'><strong>γὰρ</strong></span> <span class='ocrx_word' id='word_1_417' title='bbox 3596 1469 3631 1521; x_wconf 80' lang='lat'><strong>6</strong></span> 
     </span>
    </p>
   </div>
   <div class='ocr_carea' id='block_1_46' title="bbox 1898 1560 3631 1635">
    <p class='ocr_par' dir='ltr' id='par_1_46' title="bbox 1898 1560 3631 1635">
     <span class='ocr_line' id='line_1_46' title="bbox 1898 1560 3631 1635; baseline -0.003 -18"><span class='ocrx_word' id='word_1_418' title='bbox 1898 1566 2081 1635; x_wconf 75' lang='grc' dir='ltr'>Σωτὴρ</span> <span class='ocrx_word' id='word_1_419' title='bbox 2104 1567 2201 1617; x_wconf 76' lang='grc' dir='ltr'><strong>οὐκ</strong></span> <span class='ocrx_word' id='word_1_420' title='bbox 2230 1568 2291 1616; x_wconf 77' lang='grc' dir='ltr'>ἐκ</span> <span class='ocrx_word' id='word_1_421' title='bbox 2318 1565 2409 1617; x_wconf 79' lang='grc' dir='ltr'>τοῦ</span> <span class='ocrx_word' id='word_1_422' title='bbox 2437 1564 2665 1635; x_wconf 75' lang='grc' dir='ltr'>οὐρανοῦ</span> <span class='ocrx_word' id='word_1_423' title='bbox 2703 1561 2795 1634; x_wconf 78' lang='grc' dir='ltr'>ἦν,</span> <span class='ocrx_word' id='word_1_424' title='bbox 2826 1565 3099 1634; x_wconf 85' lang='grc' dir='ltr'>μάλιστα</span> <span class='ocrx_word' id='word_1_425' title='bbox 3145 1560 3329 1615; x_wconf 82' lang='grc' dir='ltr'>καθὸ</span> <span class='ocrx_word' id='word_1_426' title='bbox 3361 1560 3631 1631; x_wconf 81' lang='grc' dir='ltr'>Πρωτό-</span> 
     </span>
    </p>
   </div>
   <div class='ocr_carea' id='block_1_47' title="bbox 1897 1649 3627 1724">
    <p class='ocr_par' dir='ltr' id='par_1_47' title="bbox 1897 1649 3627 1724">
     <span class='ocr_line' id='line_1_47' title="bbox 1897 1649 3627 1724; baseline -0.002 -18"><span class='ocrx_word' id='word_1_427' title='bbox 1897 1671 2049 1716; x_wconf 59' lang='lat' dir='ltr'><strong>coxo;</strong></span> <span class='ocrx_word' id='word_1_428' title='bbox 2082 1655 2255 1724; x_wconf 79' lang='grc' dir='ltr'>πάσης</span> <span class='ocrx_word' id='word_1_429' title='bbox 2284 1654 2510 1716; x_wconf 81' lang='grc' dir='ltr'><strong>κτίσεως</strong></span> <span class='ocrx_word' id='word_1_430' title='bbox 2536 1650 2621 1723; x_wconf 79' lang='grc' dir='ltr'><strong>ἦν.</strong></span> <span class='ocrx_word' id='word_1_431' title='bbox 2659 1655 2733 1706; x_wconf 84' lang='grc' dir='ltr'><strong>Τὸ</strong></span> <span class='ocrx_word' id='word_1_432' title='bbox 2767 1655 2919 1723; x_wconf 78' lang='grc' dir='ltr'>γάρ’</span> <span class='ocrx_word' id='word_1_433' title='bbox 2954 1654 3037 1705; x_wconf 75' lang='grc' dir='ltr'><strong><em>ἐκ</em></strong></span> <span class='ocrx_word' id='word_1_434' title='bbox 3080 1652 3225 1704; x_wconf 83' lang='grc' dir='ltr'>τοῦ</span> <span class='ocrx_word' id='word_1_435' title='bbox 3273 1649 3627 1717; x_wconf 77' lang='grc' dir='ltr'>οὐραγοῦ,</span> 
     </span>
    </p>
   </div>
   <div class='ocr_carea' id='block_1_48' title="bbox 1900 1740 3630 1816">
    <p class='ocr_par' dir='ltr' id='par_1_48' title="bbox 1900 1740 3630 1816">
     <span class='ocr_line' id='line_1_48' title="bbox 1900 1740 3630 1816; baseline -0.003 -18"><span class='ocrx_word' id='word_1_436' title='bbox 1900 1750 1927 1799; x_wconf 91' lang='lat'><strong>6</strong></span> <span class='ocrx_word' id='word_1_437' title='bbox 1952 1746 2190 1816; x_wconf 73' lang='grc' dir='ltr'>δεύτερος</span> <span class='ocrx_word' id='word_1_438' title='bbox 2214 1744 2493 1814; x_wconf 80' lang='grc' dir='ltr'>ἄνθρωπος</span> <span class='ocrx_word' id='word_1_439' title='bbox 2515 1741 2582 1814; x_wconf 77' lang='grc' dir='ltr'>ἦν</span> <span class='ocrx_word' id='word_1_440' title='bbox 2613 1745 2672 1807; x_wconf 76' lang='grc' dir='ltr'>ἐξ</span> <span class='ocrx_word' id='word_1_441' title='bbox 2692 1743 2935 1812; x_wconf 76' lang='grc' dir='ltr'>οὐρανοῦ</span> <span class='ocrx_word' id='word_1_442' title='bbox 2963 1761 2977 1772; x_wconf 90' lang='grc'><strong>·</strong></span> <span class='ocrx_word' id='word_1_443' title='bbox 3008 1744 3107 1806; x_wconf 82' lang='grc' dir='ltr'>ὡς</span> <span class='ocrx_word' id='word_1_444' title='bbox 3141 1743 3269 1795; x_wconf 77' lang='grc' dir='ltr'><strong>καὶ</strong></span> <span class='ocrx_word' id='word_1_445' title='bbox 3293 1743 3330 1793; x_wconf 85' lang='lat'><strong>6</strong></span> <span class='ocrx_word' id='word_1_446' title='bbox 3368 1740 3630 1805; x_wconf 81' lang='grc' dir='ltr'>Παῦλός</span> 
     </span>
    </p>
   </div>
   <div class='ocr_carea' id='block_1_49' title="bbox 1901 1831 3628 1904">
    <p class='ocr_par' dir='ltr' id='par_1_49' title="bbox 1901 1831 3628 1904">
     <span class='ocr_line' id='line_1_49' title="bbox 1901 1831 3628 1904; baseline -0.002 -17"><span class='ocrx_word' id='word_1_447' title='bbox 1901 1853 1999 1887; x_wconf 85' lang='grc' dir='ltr'><strong>που</strong></span> <span class='ocrx_word' id='word_1_448' title='bbox 2029 1836 2189 1903; x_wconf 74' lang='grc' dir='ltr'>φησίν</span> <span class='ocrx_word' id='word_1_449' title='bbox 2214 1852 2225 1863; x_wconf 94' lang='grc'><strong>·</strong></span> <span class='ocrx_word' id='word_1_450' title='bbox 2264 1853 2281 1884; x_wconf 78' lang='grc' dir='ltr'><strong>ι</strong></span> <span class='ocrx_word' id='word_1_451' title='bbox 2331 1835 2387 1886; x_wconf 86' lang='grc' dir='ltr'>ὐ</span> <span class='ocrx_word' id='word_1_452' title='bbox 2420 1834 2635 1904; x_wconf 78' lang='grc' dir='ltr'>πρῶτος</span> <span class='ocrx_word' id='word_1_453' title='bbox 2674 1834 2977 1904; x_wconf 81' lang='grc' dir='ltr'>ἄνθρωπος</span> <span class='ocrx_word' id='word_1_454' title='bbox 3027 1834 3112 1885; x_wconf 82' lang='grc' dir='ltr'>ὲκ</span> <span class='ocrx_word' id='word_1_455' title='bbox 3145 1833 3312 1901; x_wconf 78' lang='grc' dir='ltr'>γῆς,</span> <span class='ocrx_word' id='word_1_456' title='bbox 3361 1831 3628 1900; x_wconf 78' lang='grc' dir='ltr'>χοϊκόςο</span> 
     </span>
    </p>
   </div>
   <div class='ocr_carea' id='block_1_50' title="bbox 1901 1920 3629 1993">
    <p class='ocr_par' dir='ltr' id='par_1_50' title="bbox 1901 1920 3629 1993">
     <span class='ocr_line' id='line_1_50' title="bbox 1901 1920 3629 1993; baseline -0.002 -18"><span class='ocrx_word' id='word_1_457' title='bbox 1901 1926 1927 1975; x_wconf 93' lang='lat'><strong>6</strong></span> <span class='ocrx_word' id='word_1_458' title='bbox 1962 1923 2207 1993; x_wconf 78' lang='grc' dir='ltr'>δεύτερος</span> <span class='ocrx_word' id='word_1_459' title='bbox 2253 1922 2533 1991; x_wconf 81' lang='grc' dir='ltr'>ἄνθρωπος</span> <span class='ocrx_word' id='word_1_460' title='bbox 2562 1923 2622 1985; x_wconf 79' lang='grc' dir='ltr'><strong>ἐξ</strong></span> <span class='ocrx_word' id='word_1_461' title='bbox 2652 1920 2917 1993; x_wconf 80' lang='grc' dir='ltr'>οὐρανοῦ.</span> <span class='ocrx_word' id='word_1_462' title='bbox 2965 1940 2987 1972; x_wconf 75' lang='grc' dir='ltr'><strong>ι</strong></span> <span class='ocrx_word' id='word_1_463' title='bbox 3032 1922 3178 1973; x_wconf 76' lang='grc' dir='ltr'>Καὶ</span> <span class='ocrx_word' id='word_1_464' title='bbox 3255 1920 3495 1975; x_wconf 78' lang='grc' dir='ltr'>ἐνθάδε</span> <span class='ocrx_word' id='word_1_465' title='bbox 3561 1920 3629 1972; x_wconf 78' lang='grc' dir='ltr'><strong>δὲ</strong></span> 
     </span>
    </p>
   </div>
   <div class='ocr_carea' id='block_1_51' title="bbox 1902 2010 3630 2082">
    <p class='ocr_par' dir='ltr' id='par_1_51' title="bbox 1902 2010 3630 2082">
     <span class='ocr_line' id='line_1_51' title="bbox 1902 2010 3630 2082; baseline 0.001 -20"><span class='ocrx_word' id='word_1_466' title='bbox 1902 2013 2205 2080; x_wconf 78' lang='grc' dir='ltr'><strong>ἐπιστήσεις</strong></span> <span class='ocrx_word' id='word_1_467' title='bbox 2231 2012 2451 2082; x_wconf 80' lang='grc' dir='ltr'>πότερόν</span> <span class='ocrx_word' id='word_1_468' title='bbox 2476 2028 2603 2063; x_wconf 79' lang='grc' dir='ltr'>ποτε</span> <span class='ocrx_word' id='word_1_469' title='bbox 2628 2012 2800 2064; x_wconf 86' lang='grc' dir='ltr'>ταυτὸ</span> <span class='ocrx_word' id='word_1_470' title='bbox 2823 2011 2985 2079; x_wconf 83' lang='grc' dir='ltr'>λέγει</span> <span class='ocrx_word' id='word_1_471' title='bbox 3019 2013 3091 2063; x_wconf 76' lang='grc' dir='ltr'>ὲν</span> <span class='ocrx_word' id='word_1_472' title='bbox 3136 2010 3241 2081; x_wconf 78' lang='grc' dir='ltr'>τῷ</span> <span class='ocrx_word' id='word_1_473' title='bbox 3265 2028 3282 2040; x_wconf 85' lang='grc'><strong>·</strong></span> <span class='ocrx_word' id='word_1_474' title='bbox 3323 2029 3349 2061; x_wconf 81' lang='grc'><strong>«</strong></span> <span class='ocrx_word' id='word_1_475' title='bbox 3401 2011 3630 2081; x_wconf 81' lang='grc' dir='ltr'>’Υμεῖς</span> 
     </span>
    </p>
   </div>
   <div class='ocr_carea' id='block_1_52' title="bbox 1902 2099 3624 2170">
    <p class='ocr_par' dir='ltr' id='par_1_52' title="bbox 1902 2099 3624 2170">
     <span class='ocr_line' id='line_1_52' title="bbox 1902 2099 3624 2170; baseline 0.001 -19"><span class='ocrx_word' id='word_1_476' title='bbox 1902 2101 1964 2151; x_wconf 81' lang='grc' dir='ltr'>ὲκ</span> <span class='ocrx_word' id='word_1_477' title='bbox 1992 2099 2098 2150; x_wconf 85' lang='grc' dir='ltr'><strong>τῶν</strong></span> <span class='ocrx_word' id='word_1_478' title='bbox 2131 2100 2277 2152; x_wconf 79' lang='grc' dir='ltr'>κάτω</span> <span class='ocrx_word' id='word_1_479' title='bbox 2319 2100 2463 2161; x_wconf 80' lang='grc' dir='ltr'>ἐστὲ,</span> <span class='ocrx_word' id='word_1_480' title='bbox 2512 2121 2530 2151; x_wconf 71' lang='grc' dir='ltr'><strong>ι</strong></span> <span class='ocrx_word' id='word_1_481' title='bbox 2571 2101 2688 2163; x_wconf 73' lang='grc' dir='ltr'>καὶ,</span> <span class='ocrx_word' id='word_1_482' title='bbox 2729 2118 2748 2150; x_wconf 81' lang='grc' dir='ltr'><strong>ι</strong></span> <span class='ocrx_word' id='word_1_483' title='bbox 2815 2101 3026 2170; x_wconf 84' lang='grc' dir='ltr'>Ὑμεῖς</span> <span class='ocrx_word' id='word_1_484' title='bbox 3078 2102 3166 2154; x_wconf 71' lang='grc' dir='ltr'>ἐκ</span> <span class='ocrx_word' id='word_1_485' title='bbox 3217 2100 3461 2153; x_wconf 78' lang='grc' dir='ltr'>τούτου</span> <span class='ocrx_word' id='word_1_486' title='bbox 3514 2100 3624 2153; x_wconf 77' lang='grc' dir='ltr'>τοῦ</span> 
     </span>
    </p>
   </div>
   <div class='ocr_carea' id='block_1_53' title="bbox 1904 2184 3626 2258">
    <p class='ocr_par' dir='ltr' id='par_1_53' title="bbox 1904 2184 3626 2258">
     <span class='ocr_line' id='line_1_53' title="bbox 1904 2184 3626 2258; baseline 0.002 -19"><span class='ocrx_word' id='word_1_487' title='bbox 1904 2188 2103 2255; x_wconf 86' lang='grc' dir='ltr'>κόσμου</span> <span class='ocrx_word' id='word_1_488' title='bbox 2151 2187 2294 2250; x_wconf 80' lang='grc' dir='ltr'>ἐστὲ,</span> <span class='ocrx_word' id='word_1_489' title='bbox 2339 2207 2356 2238; x_wconf 74' lang='grc' dir='ltr'><strong>ι</strong></span> <span class='ocrx_word' id='word_1_490' title='bbox 2391 2189 2423 2257; x_wconf 77' lang='grc' dir='ltr'>ἢ</span> <span class='ocrx_word' id='word_1_491' title='bbox 2456 2188 2642 2258; x_wconf 72' lang='grc' dir='ltr'>ἔτερόν</span> <span class='ocrx_word' id='word_1_492' title='bbox 2681 2190 2802 2240; x_wconf 70' lang='grc' dir='ltr'>ἐστι</span> <span class='ocrx_word' id='word_1_493' title='bbox 2857 2189 2923 2241; x_wconf 85' lang='grc' dir='ltr'><strong>τὸ</strong></span> <span class='ocrx_word' id='word_1_494' title='bbox 2969 2184 3142 2241; x_wconf 81' lang='grc' dir='ltr'>εἶναι</span> <span class='ocrx_word' id='word_1_495' title='bbox 3188 2188 3275 2241; x_wconf 82' lang='grc' dir='ltr'>ὲκ</span> <span class='ocrx_word' id='word_1_496' title='bbox 3326 2189 3452 2257; x_wconf 76' lang='grc' dir='ltr'>τῆς</span> <span class='ocrx_word' id='word_1_497' title='bbox 3505 2188 3626 2256; x_wconf 75' lang='grc' dir='ltr'><strong>γῆς</strong></span> 
     </span>
    </p>
   </div>
   <div class='ocr_carea' id='block_1_54' title="bbox 1904 2270 3628 2349">
    <p class='ocr_par' dir='ltr' id='par_1_54' title="bbox 1904 2270 3628 2349">
     <span class='ocr_line' id='line_1_54' title="bbox 1904 2270 3628 2349; baseline 0.004 -23"><span class='ocrx_word' id='word_1_498' title='bbox 1904 2274 2051 2343; x_wconf 74' lang='grc' dir='ltr'>παρὰ</span> <span class='ocrx_word' id='word_1_499' title='bbox 2078 2274 2139 2325; x_wconf 85' lang='grc' dir='ltr'><strong>τὸ</strong></span> <span class='ocrx_word' id='word_1_500' title='bbox 2164 2270 2298 2329; x_wconf 82' lang='grc' dir='ltr'>εἶναι</span> <span class='ocrx_word' id='word_1_501' title='bbox 2323 2277 2387 2329; x_wconf 78' lang='grc' dir='ltr'>ὲκ</span> <span class='ocrx_word' id='word_1_502' title='bbox 2411 2276 2504 2327; x_wconf 78' lang='grc' dir='ltr'><strong>τοῦ</strong></span> <span class='ocrx_word' id='word_1_503' title='bbox 2534 2277 2741 2345; x_wconf 85' lang='grc' dir='ltr'><strong>κόσμου</strong></span> <span class='ocrx_word' id='word_1_504' title='bbox 2770 2277 3003 2333; x_wconf 83' lang='grc' dir='ltr'>τούτου.</span> <span class='ocrx_word' id='word_1_505' title='bbox 3040 2279 3135 2331; x_wconf 84' lang='grc' dir='ltr'>Τὸ</span> <span class='ocrx_word' id='word_1_506' title='bbox 3168 2279 3228 2332; x_wconf 73' lang='grc' dir='ltr'><strong>δ’</strong></span> <span class='ocrx_word' id='word_1_507' title='bbox 3260 2280 3494 2349; x_wconf 84' lang='grc' dir='ltr'>ὅμοιον</span> <span class='ocrx_word' id='word_1_508' title='bbox 3516 2277 3628 2349; x_wconf 76' lang='grc' dir='ltr'><strong>ζη-</strong></span> 
     </span>
    </p>
   </div>
   <div class='ocr_carea' id='block_1_55' title="bbox 1904 2366 3617 2438">
    <p class='ocr_par' dir='ltr' id='par_1_55' title="bbox 1904 2366 3617 2438">
     <span class='ocr_line' id='line_1_55' title="bbox 1904 2366 3617 2438; baseline 0.003 -21"><span class='ocrx_word' id='word_1_509' title='bbox 1904 2366 2087 2434; x_wconf 85' lang='grc' dir='ltr'>τήσεις</span> <span class='ocrx_word' id='word_1_510' title='bbox 2116 2367 2207 2417; x_wconf 73' lang='grc' dir='ltr'>καὶ</span> <span class='ocrx_word' id='word_1_511' title='bbox 2250 2368 2306 2418; x_wconf 84' lang='grc' dir='ltr'><strong>ἐν</strong></span> <span class='ocrx_word' id='word_1_512' title='bbox 2329 2366 2436 2435; x_wconf 77' lang='grc' dir='ltr'><strong>τῷ·</strong></span> <span class='ocrx_word' id='word_1_513' title='bbox 2472 2384 2489 2415; x_wconf 79' lang='grc' dir='ltr'><strong>ι</strong></span> <span class='ocrx_word' id='word_1_514' title='bbox 2536 2366 2676 2433; x_wconf 84' lang='grc' dir='ltr'><strong>Ἐγὼ</strong></span> <span class='ocrx_word' id='word_1_515' title='bbox 2702 2369 2768 2419; x_wconf 85' lang='grc' dir='ltr'><strong>ὲκ</strong></span> <span class='ocrx_word' id='word_1_516' title='bbox 2821 2369 2939 2421; x_wconf 84' lang='grc' dir='ltr'><strong>τῶν</strong></span> <span class='ocrx_word' id='word_1_517' title='bbox 2979 2370 3115 2422; x_wconf 74' lang='grc' dir='ltr'>ἄνω</span> <span class='ocrx_word' id='word_1_518' title='bbox 3171 2370 3353 2438; x_wconf 76' lang='grc' dir='ltr'>εἰμὶ,</span> <span class='ocrx_word' id='word_1_519' title='bbox 3396 2390 3418 2420; x_wconf 71' lang='grc' dir='ltr'><strong>ι</strong></span> <span class='ocrx_word' id='word_1_520' title='bbox 3467 2371 3617 2422; x_wconf 83' lang='grc' dir='ltr'>καί·</span> 
     </span>
    </p>
   </div>
   <div class='ocr_carea' id='block_1_56' title="bbox 1912 2454 3623 2526">
    <p class='ocr_par' dir='ltr' id='par_1_56' title="bbox 1912 2454 3623 2526">
     <span class='ocr_line' id='line_1_56' title="bbox 1912 2454 3623 2526; baseline 0.005 -22"><span class='ocrx_word' id='word_1_521' title='bbox 1912 2473 1929 2503; x_wconf 77' lang='grc' dir='ltr'><strong>ι</strong></span> <span class='ocrx_word' id='word_1_522' title='bbox 1984 2454 2121 2521; x_wconf 82' lang='grc' dir='ltr'><strong>Ἐγὼ</strong></span> <span class='ocrx_word' id='word_1_523' title='bbox 2158 2456 2257 2507; x_wconf 81' lang='grc' dir='ltr'>οὐκ</span> <span class='ocrx_word' id='word_1_524' title='bbox 2305 2456 2419 2523; x_wconf 72' lang='grc' dir='ltr'>εἰμὶ</span> <span class='ocrx_word' id='word_1_525' title='bbox 2466 2458 2529 2508; x_wconf 85' lang='grc' dir='ltr'>ὲκ</span> <span class='ocrx_word' id='word_1_526' title='bbox 2566 2455 2659 2508; x_wconf 80' lang='grc' dir='ltr'>τοῦ</span> <span class='ocrx_word' id='word_1_527' title='bbox 2713 2457 2933 2526; x_wconf 78' lang='grc' dir='ltr'>κόσμου</span> <span class='ocrx_word' id='word_1_528' title='bbox 2989 2458 3260 2511; x_wconf 79' lang='grc' dir='ltr'>τούτου.</span> <span class='ocrx_word' id='word_1_529' title='bbox 3320 2479 3343 2511; x_wconf 70' lang='grc' dir='ltr'><strong><em>ο</em></strong></span> <span class='ocrx_word' id='word_1_530' title='bbox 3408 2460 3623 2526; x_wconf 76' lang='grc' dir='ltr'>’Ἄξιον</span> 
     </span>
    </p>
   </div>
   <div class='ocr_carea' id='block_1_57' title="bbox 1906 2543 3622 2619">
    <p class='ocr_par' dir='ltr' id='par_1_57' title="bbox 1906 2543 3622 2619">
     <span class='ocr_line' id='line_1_57' title="bbox 1906 2543 3622 2619; baseline 0.005 -25"><span class='ocrx_word' id='word_1_531' title='bbox 1906 2543 2012 2613; x_wconf 81' lang='grc' dir='ltr'><strong>γὰρ</strong></span> <span class='ocrx_word' id='word_1_532' title='bbox 2045 2544 2167 2595; x_wconf 76' lang='grc' dir='ltr'>ἰδεῖν</span> <span class='ocrx_word' id='word_1_533' title='bbox 2199 2545 2250 2595; x_wconf 87' lang='grc' dir='ltr'><strong>τί</strong></span> <span class='ocrx_word' id='word_1_534' title='bbox 2295 2544 2354 2596; x_wconf 76' lang='grc' dir='ltr'>τὸ</span> <span class='ocrx_word' id='word_1_535' title='bbox 2398 2547 2463 2596; x_wconf 86' lang='grc' dir='ltr'>ὲκ</span> <span class='ocrx_word' id='word_1_536' title='bbox 2510 2544 2619 2597; x_wconf 85' lang='grc' dir='ltr'><strong>τῶν</strong></span> <span class='ocrx_word' id='word_1_537' title='bbox 2654 2546 2769 2599; x_wconf 79' lang='grc' dir='ltr'>ἄνω</span> <span class='ocrx_word' id='word_1_538' title='bbox 2814 2544 3006 2611; x_wconf 78' lang='grc' dir='ltr'>εἶναι,</span> <span class='ocrx_word' id='word_1_539' title='bbox 3064 2549 3190 2601; x_wconf 70' lang='grc' dir='ltr'><strong>καὶ</strong></span> <span class='ocrx_word' id='word_1_540' title='bbox 3258 2551 3329 2601; x_wconf 76' lang='grc' dir='ltr'>τι</span> <span class='ocrx_word' id='word_1_541' title='bbox 3391 2550 3467 2602; x_wconf 79' lang='grc' dir='ltr'>τὸ</span> <span class='ocrx_word' id='word_1_542' title='bbox 3536 2550 3622 2619; x_wconf 82' lang='grc' dir='ltr'>μὴ</span> 
     </span>
    </p>
   </div>
   <div class='ocr_carea' id='block_1_58' title="bbox 1908 2629 3620 2709">
    <p class='ocr_par' dir='ltr' id='par_1_58' title="bbox 1908 2629 3620 2709">
     <span class='ocr_line' id='line_1_58' title="bbox 1908 2629 3620 2709; baseline 0.006 -28"><span class='ocrx_word' id='word_1_543' title='bbox 1908 2632 1971 2681; x_wconf 78' lang='grc' dir='ltr'>ἐκ</span> <span class='ocrx_word' id='word_1_544' title='bbox 2009 2630 2102 2682; x_wconf 81' lang='grc' dir='ltr'>τοῦ</span> <span class='ocrx_word' id='word_1_545' title='bbox 2150 2632 2351 2700; x_wconf 85' lang='grc' dir='ltr'>κόσμου</span> <span class='ocrx_word' id='word_1_546' title='bbox 2402 2633 2591 2684; x_wconf 82' lang='grc' dir='ltr'>τούτου</span> <span class='ocrx_word' id='word_1_547' title='bbox 2652 2629 2817 2686; x_wconf 79' lang='grc' dir='ltr'>εἶναι.</span> <span class='ocrx_word' id='word_1_548' title='bbox 2876 2636 3035 2706; x_wconf 81' lang='grc' dir='ltr'>’Όρα</span> <span class='ocrx_word' id='word_1_549' title='bbox 3099 2638 3333 2691; x_wconf 75' lang='grc' dir='ltr'>τοίνυν</span> <span class='ocrx_word' id='word_1_550' title='bbox 3401 2640 3461 2691; x_wconf 76' lang='grc' dir='ltr'><strong>ει</strong></span> <span class='ocrx_word' id='word_1_551' title='bbox 3533 2640 3620 2709; x_wconf 80' lang='grc' dir='ltr'>μὴ</span> 
     </span>
    </p>
   </div>
   <div class='ocr_carea' id='block_1_59' title="bbox 1907 2719 3622 2798">
    <p class='ocr_par' dir='ltr' id='par_1_59' title="bbox 1907 2719 3622 2798">
     <span class='ocr_line' id='line_1_59' title="bbox 1907 2719 3622 2798; baseline 0.007 -28"><span class='ocrx_word' id='word_1_552' title='bbox 1907 2720 1936 2770; x_wconf 91' lang='lat'><strong>6</strong></span> <span class='ocrx_word' id='word_1_553' title='bbox 1961 2719 2056 2788; x_wconf 87' lang='grc' dir='ltr'><strong>τὴν</strong></span> <span class='ocrx_word' id='word_1_554' title='bbox 2082 2719 2189 2772; x_wconf 78' lang='grc' dir='ltr'><strong>ἀπὸ</strong></span> <span class='ocrx_word' id='word_1_555' title='bbox 2221 2720 2349 2790; x_wconf 72' lang='grc' dir='ltr'>ὕλης</span> <span class='ocrx_word' id='word_1_556' title='bbox 2376 2721 2589 2789; x_wconf 85' lang='grc' dir='ltr'>γένεσιν</span> <span class='ocrx_word' id='word_1_557' title='bbox 2620 2724 2718 2775; x_wconf 76' lang='grc' dir='ltr'><strong>καὶ</strong></span> <span class='ocrx_word' id='word_1_558' title='bbox 2752 2726 3048 2794; x_wconf 75' lang='grc' dir='ltr'>σωμάτων</span> <span class='ocrx_word' id='word_1_559' title='bbox 3089 2728 3502 2797; x_wconf 72' lang='grc' dir='ltr'>ἀνειληφὼς,</span> <span class='ocrx_word' id='word_1_560' title='bbox 3530 2729 3622 2798; x_wconf 81' lang='grc' dir='ltr'>τῷ</span> 
     </span>
    </p>
   </div>
   <div class='ocr_carea' id='block_1_60' title="bbox 1910 2809 3616 2887">
    <p class='ocr_par' dir='ltr' id='par_1_60' title="bbox 1910 2809 3616 2887">
     <span class='ocr_line' id='line_1_60' title="bbox 1910 2809 3616 2887; baseline 0.008 -28"><span class='ocrx_word' id='word_1_561' title='bbox 1910 2809 2349 2864; x_wconf 78' lang='grc' dir='ltr'><strong>καταλελοιπέναι</strong></span> <span class='ocrx_word' id='word_1_562' title='bbox 2402 2812 2470 2865; x_wconf 75' lang='grc' dir='ltr'>τὰ</span> <span class='ocrx_word' id='word_1_563' title='bbox 2528 2815 2845 2883; x_wconf 83' lang='grc' dir='ltr'>κρείττονα,</span> <span class='ocrx_word' id='word_1_564' title='bbox 2892 2816 2964 2868; x_wconf 79' lang='grc' dir='ltr'>ὲκ</span> <span class='ocrx_word' id='word_1_565' title='bbox 3016 2817 3141 2884; x_wconf 82' lang='grc' dir='ltr'>τῆς</span> <span class='ocrx_word' id='word_1_566' title='bbox 3206 2820 3342 2887; x_wconf 79' lang='grc' dir='ltr'>γῆς</span> <span class='ocrx_word' id='word_1_567' title='bbox 3403 2822 3616 2872; x_wconf 72' lang='grc' dir='ltr'>ἐστιν’</span> 
     </span>
    </p>
   </div>
   <div class='ocr_carea' id='block_1_61' title="bbox 1910 2896 3621 2978">
    <p class='ocr_par' dir='ltr' id='par_1_61' title="bbox 1910 2896 3621 2978">
     <span class='ocr_line' id='line_1_61' title="bbox 1910 2896 3621 2978; baseline 0.002 -32"><span class='ocrx_word' id='word_1_568' title='bbox 1910 2896 2052 2957; x_wconf 83' lang='grc' dir='ltr'>ὅστις</span> <span class='ocrx_word' id='word_1_569' title='bbox 2081 2898 2201 2949; x_wconf 81' lang='grc' dir='ltr'>ὅσον</span> <span class='ocrx_word' id='word_1_570' title='bbox 2232 2901 2374 2952; x_wconf 77' lang='grc' dir='ltr'>ἐστὶν</span> <span class='ocrx_word' id='word_1_571' title='bbox 2399 2901 2462 2952; x_wconf 80' lang='grc' dir='ltr'>ὲκ</span> <span class='ocrx_word' id='word_1_572' title='bbox 2495 2901 2593 2970; x_wconf 79' lang='grc' dir='ltr'>τῆς</span> <span class='ocrx_word' id='word_1_573' title='bbox 2622 2902 2748 2970; x_wconf 81' lang='grc' dir='ltr'>γῆς,</span> <span class='ocrx_word' id='word_1_574' title='bbox 2785 2903 2854 2954; x_wconf 86' lang='grc' dir='ltr'>ὲκ</span> <span class='ocrx_word' id='word_1_575' title='bbox 2885 2903 2997 2972; x_wconf 81' lang='grc' dir='ltr'>τῆς</span> <span class='ocrx_word' id='word_1_576' title='bbox 3034 2905 3165 2973; x_wconf 78' lang='grc' dir='ltr'>γῆς</span> <span class='ocrx_word' id='word_1_577' title='bbox 3204 2906 3420 2970; x_wconf 80' lang='grc' dir='ltr'>λαλεῖ,</span> <span class='ocrx_word' id='word_1_578' title='bbox 3461 2908 3621 2978; x_wconf 74' lang='grc' dir='ltr'><strong>ὑψη-</strong></span> 
     </span>
    </p>
   </div>
   <div class='ocr_carea' id='block_1_62' title="bbox 281 2983 1793 3063">
    <p class='ocr_par' dir='ltr' id='par_1_62' title="bbox 281 2991 1793 3055">
     <span class='ocr_line' id='line_1_62' title="bbox 281 2991 1793 3055; baseline -0.001 -10"><span class='ocrx_word' id='word_1_579' title='bbox 281 2993 486 3045; x_wconf 85' lang='lat' dir='ltr'><strong>deratio</strong></span> <span class='ocrx_word' id='word_1_580' title='bbox 526 3005 642 3047; x_wconf 88' lang='lat' dir='ltr'><strong>esse</strong></span> <span class='ocrx_word' id='word_1_581' title='bbox 686 3006 754 3045; x_wconf 80' lang='lat' dir='ltr'><strong>ex</strong></span> <span class='ocrx_word' id='word_1_582' title='bbox 800 2991 1058 3055; x_wconf 79' lang='lat' dir='ltr'><strong>infernis,</strong></span> <span class='ocrx_word' id='word_1_583' title='bbox 1102 2991 1204 3045; x_wconf 84' lang='lat' dir='ltr'><strong>alia</strong></span> <span class='ocrx_word' id='word_1_584' title='bbox 1236 3004 1354 3044; x_wconf 91' lang='lat' dir='ltr'><strong>esse</strong></span> <span class='ocrx_word' id='word_1_585' title='bbox 1404 3004 1435 3042; x_wconf 89' lang='lat' dir='ltr'><strong>e</strong></span> <span class='ocrx_word' id='word_1_586' title='bbox 1479 3000 1664 3044; x_wconf 90' lang='lat' dir='ltr'><strong>terra:</strong></span> <span class='ocrx_word' id='word_1_587' title='bbox 1712 3005 1793 3043; x_wconf 74' lang='lat' dir='ltr'><strong>vo:</strong></span> 
     </span>
    </p>
   </div>
   <div class='ocr_carea' id='block_1_63' title="bbox 2108 2983 3620 3063">
    <p class='ocr_par' dir='ltr' id='par_1_63' title="bbox 2108 2989 3620 3063">
     <span class='ocr_line' id='line_1_63' title="bbox 2108 2989 3620 3063; baseline 0.011 -26"><span class='ocrx_word' id='word_1_588' title='bbox 2108 3004 2125 3036; x_wconf 69' lang='grc' dir='ltr'><strong>ν</strong></span> <span class='ocrx_word' id='word_1_589' title='bbox 2154 3004 2202 3038; x_wconf 90' lang='grc' dir='ltr'><strong>τι</strong></span> <span class='ocrx_word' id='word_1_590' title='bbox 2238 2989 2309 3057; x_wconf 80' lang='grc' dir='ltr'><strong>μὴ</strong></span> <span class='ocrx_word' id='word_1_591' title='bbox 2336 2989 2628 3059; x_wconf 86' lang='grc' dir='ltr'>δυνάμενος</span> <span class='ocrx_word' id='word_1_592' title='bbox 2653 2991 2899 3059; x_wconf 79' lang='grc' dir='ltr'><strong>βλέπειν,</strong></span> <span class='ocrx_word' id='word_1_593' title='bbox 2939 2994 2977 3062; x_wconf 81' lang='grc' dir='ltr'>ἢ</span> <span class='ocrx_word' id='word_1_594' title='bbox 3011 2994 3163 3063; x_wconf 81' lang='grc' dir='ltr'>λέγε</span> <span class='ocrx_word' id='word_1_595' title='bbox 3178 3014 3264 3050; x_wconf 88' lang='grc' dir='ltr'>ιν.</span> <span class='ocrx_word' id='word_1_596' title='bbox 3317 2998 3391 3051; x_wconf 84' lang='lat'><strong>&#39;0</strong></span> <span class='ocrx_word' id='word_1_597' title='bbox 3424 2999 3481 3051; x_wconf 82' lang='grc' dir='ltr'><strong>δ’</strong></span> <span class='ocrx_word' id='word_1_598' title='bbox 3509 3000 3620 3052; x_wconf 82' lang='grc' dir='ltr'>αὐ-</span> 
     </span>
    </p>
   </div>
   <div class='ocr_carea' id='block_1_64' title="bbox 281 3076 1809 3145">
    <p class='ocr_par' dir='ltr' id='par_1_64' title="bbox 281 3076 1809 3145">
     <span class='ocr_line' id='line_1_64' title="bbox 281 3076 1809 3145; baseline 0.001 -17"><span class='ocrx_word' id='word_1_599' title='bbox 281 3076 422 3129; x_wconf 91' lang='lat' dir='ltr'><strong>enlm</strong></span> <span class='ocrx_word' id='word_1_600' title='bbox 455 3077 656 3145; x_wconf 77' lang='lat' dir='ltr'><strong>inferne</strong></span> <span class='ocrx_word' id='word_1_601' title='bbox 677 3117 693 3141; x_wconf 89' lang='lat'><strong>,</strong></span> <span class='ocrx_word' id='word_1_602' title='bbox 739 3078 1111 3131; x_wconf 85' lang='lat' dir='ltr'><strong>consideratur</strong></span> <span class='ocrx_word' id='word_1_603' title='bbox 1141 3078 1191 3129; x_wconf 94' lang='lat' dir='ltr'><strong>in</strong></span> <span class='ocrx_word' id='word_1_604' title='bbox 1222 3079 1451 3145; x_wconf 87' lang='lat' dir='ltr'><strong>quodam</strong></span> <span class='ocrx_word' id='word_1_605' title='bbox 1480 3077 1644 3132; x_wconf 88' lang='lat' dir='ltr'><strong>veluti</strong></span> <span class='ocrx_word' id='word_1_606' title='bbox 1676 3076 1809 3143; x_wconf 91' lang='lat' dir='ltr'><strong>loco,</strong></span> 
     </span>
    </p>
   </div>
   <div class='ocr_carea' id='block_1_65' title="bbox 281 3164 1813 3237">
    <p class='ocr_par' dir='ltr' id='par_1_65' title="bbox 281 3164 1813 3237">
     <span class='ocr_line' id='line_1_65' title="bbox 281 3164 1813 3237; baseline 0 -17"><span class='ocrx_word' id='word_1_607' title='bbox 281 3164 466 3220; x_wconf 84' lang='lat' dir='ltr'><strong>itidem</strong></span> <span class='ocrx_word' id='word_1_608' title='bbox 493 3167 545 3219; x_wconf 91' lang='lat' dir='ltr'><strong>in</strong></span> <span class='ocrx_word' id='word_1_609' title='bbox 580 3166 934 3237; x_wconf 74' lang='lat' dir='ltr'><strong>dogmatibus,</strong></span> <span class='ocrx_word' id='word_1_610' title='bbox 974 3176 1029 3220; x_wconf 90' lang='lat' dir='ltr'><strong>et</strong></span> <span class='ocrx_word' id='word_1_611' title='bbox 1073 3168 1126 3221; x_wconf 88' lang='lat' dir='ltr'><strong>in</strong></span> <span class='ocrx_word' id='word_1_612' title='bbox 1159 3168 1400 3222; x_wconf 86' lang='lat' dir='ltr'><strong>discursu</strong></span> <span class='ocrx_word' id='word_1_613' title='bbox 1436 3168 1630 3221; x_wconf 90' lang='lat' dir='ltr'><strong>mentis</strong></span> <span class='ocrx_word' id='word_1_614' title='bbox 1659 3186 1671 3221; x_wconf 91' lang='lat'><strong>:</strong></span> <span class='ocrx_word' id='word_1_615' title='bbox 1699 3182 1813 3220; x_wconf 86' lang='lat' dir='ltr'><strong>om-</strong></span> 
     </span>
    </p>
   </div>
   <div class='ocr_carea' id='block_1_66' title="bbox 283 3252 1811 3321">
    <p class='ocr_par' dir='ltr' id='par_1_66' title="bbox 283 3252 1811 3321">
     <span class='ocr_line' id='line_1_66' title="bbox 283 3252 1811 3321; baseline 0.001 -14"><span class='ocrx_word' id='word_1_616' title='bbox 283 3252 472 3321; x_wconf 84' lang='lat' dir='ltr'><strong>nisque</strong></span> <span class='ocrx_word' id='word_1_617' title='bbox 528 3252 765 3321; x_wconf 82' lang='lat' dir='ltr'><strong>profecto</strong></span> <span class='ocrx_word' id='word_1_618' title='bbox 823 3254 1018 3306; x_wconf 89' lang='lat' dir='ltr'><strong>talibus</strong></span> <span class='ocrx_word' id='word_1_619' title='bbox 1076 3253 1413 3321; x_wconf 81' lang='lat' dir='ltr'><strong>dogmatibus</strong></span> <span class='ocrx_word' id='word_1_620' title='bbox 1468 3264 1522 3308; x_wconf 91' lang='lat' dir='ltr'><strong>et</strong></span> <span class='ocrx_word' id='word_1_621' title='bbox 1571 3255 1811 3309; x_wconf 89' lang='lat' dir='ltr'><strong>discursu</strong></span> 
     </span>
    </p>
   </div>
   <div class='ocr_carea' id='block_1_67' title="bbox 284 3340 1813 3409">
    <p class='ocr_par' dir='ltr' id='par_1_67' title="bbox 284 3340 1813 3409">
     <span class='ocr_line' id='line_1_67' title="bbox 284 3340 1813 3409; baseline 0.002 -13"><span class='ocrx_word' id='word_1_622' title='bbox 284 3340 480 3396; x_wconf 86' lang='lat' dir='ltr'><strong>mentis</strong></span> <span class='ocrx_word' id='word_1_623' title='bbox 502 3351 657 3394; x_wconf 86' lang='lat' dir='ltr'><strong>utens</strong></span> <span class='ocrx_word' id='word_1_624' title='bbox 677 3356 798 3409; x_wconf 77' lang='lat' dir='ltr'><strong>qua:</strong></span> <span class='ocrx_word' id='word_1_625' title='bbox 825 3351 946 3395; x_wconf 87' lang='lat' dir='ltr'><strong>sunt</strong></span> <span class='ocrx_word' id='word_1_626' title='bbox 974 3357 1040 3396; x_wconf 82' lang='lat' dir='ltr'><strong>ex</strong></span> <span class='ocrx_word' id='word_1_627' title='bbox 1093 3343 1336 3406; x_wconf 80' lang='lat' dir='ltr'><strong>internis,</strong></span> <span class='ocrx_word' id='word_1_628' title='bbox 1364 3357 1431 3397; x_wconf 80' lang='lat' dir='ltr'><strong>ex</strong></span> <span class='ocrx_word' id='word_1_629' title='bbox 1464 3342 1688 3398; x_wconf 80' lang='lat' dir='ltr'><strong>infernis</strong></span> <span class='ocrx_word' id='word_1_630' title='bbox 1712 3351 1813 3399; x_wconf 90' lang='lat' dir='ltr'><strong>est.</strong></span> 
     </span>
    </p>
   </div>
   <div class='ocr_carea' id='block_1_68' title="bbox 286 3430 1814 3500">
    <p class='ocr_par' dir='ltr' id='par_1_68' title="bbox 286 3430 1814 3500">
     <span class='ocr_line' id='line_1_68' title="bbox 286 3430 1814 3500; baseline 0.001 -15"><span class='ocrx_word' id='word_1_631' title='bbox 286 3430 459 3500; x_wconf 73' lang='lat' dir='ltr'><strong>Atque</strong></span> <span class='ocrx_word' id='word_1_632' title='bbox 488 3434 648 3482; x_wconf 84' lang='lat' dir='ltr'><strong>etiam</strong></span> <span class='ocrx_word' id='word_1_633' title='bbox 694 3430 778 3483; x_wconf 85' lang='lat' dir='ltr'><strong>hic</strong></span> <span class='ocrx_word' id='word_1_634' title='bbox 814 3432 1040 3484; x_wconf 85' lang='lat' dir='ltr'><strong>mundus</strong></span> <span class='ocrx_word' id='word_1_635' title='bbox 1067 3431 1314 3495; x_wconf 78' lang='lat' dir='ltr'><strong>visibilis,</strong></span> <span class='ocrx_word' id='word_1_636' title='bbox 1346 3432 1645 3486; x_wconf 86' lang='lat' dir='ltr'><strong>materialis</strong></span> <span class='ocrx_word' id='word_1_637' title='bbox 1666 3433 1814 3486; x_wconf 78' lang='lat' dir='ltr'><strong>exsi-</strong></span> 
     </span>
    </p>
   </div>
   <div class='ocr_carea' id='block_1_69' title="bbox 289 3518 1816 3589">
    <p class='ocr_par' dir='ltr' id='par_1_69' title="bbox 289 3518 1816 3589">
     <span class='ocr_line' id='line_1_69' title="bbox 289 3518 1816 3589; baseline 0.001 -15"><span class='ocrx_word' id='word_1_638' title='bbox 289 3527 459 3583; x_wconf 79' lang='lat' dir='ltr'><strong>stens,</strong></span> <span class='ocrx_word' id='word_1_639' title='bbox 490 3527 703 3587; x_wconf 87' lang='lat' dir='ltr'><strong>propter</strong></span> <span class='ocrx_word' id='word_1_640' title='bbox 760 3532 853 3570; x_wconf 89' lang='lat' dir='ltr'><strong>eos</strong></span> <span class='ocrx_word' id='word_1_641' title='bbox 899 3521 987 3582; x_wconf 90' lang='lat' dir='ltr'><strong>qui</strong></span> <span class='ocrx_word' id='word_1_642' title='bbox 1024 3518 1282 3572; x_wconf 89' lang='lat' dir='ltr'><strong>materiali</strong></span> <span class='ocrx_word' id='word_1_643' title='bbox 1316 3520 1420 3571; x_wconf 88' lang='lat' dir='ltr'><strong>vita</strong></span> <span class='ocrx_word' id='word_1_644' title='bbox 1465 3530 1647 3589; x_wconf 79' lang='lat' dir='ltr'><strong>egent,</strong></span> <span class='ocrx_word' id='word_1_645' title='bbox 1699 3521 1816 3575; x_wconf 91' lang='lat' dir='ltr'><strong>loca</strong></span> 
     </span>
    </p>
   </div>
   <div class='ocr_carea' id='block_1_70' title="bbox 289 3608 1816 3679">
    <p class='ocr_par' dir='ltr' id='par_1_70' title="bbox 289 3608 1816 3679">
     <span class='ocr_line' id='line_1_70' title="bbox 289 3608 1816 3679; baseline 0.002 -20"><span class='ocrx_word' id='word_1_646' title='bbox 289 3608 505 3679; x_wconf 87' lang='lat' dir='ltr'><strong>quidem</strong></span> <span class='ocrx_word' id='word_1_647' title='bbox 536 3608 697 3662; x_wconf 83' lang='lat' dir='ltr'><strong>habet</strong></span> <span class='ocrx_word' id='word_1_648' title='bbox 729 3608 937 3662; x_wconf 86' lang='lat' dir='ltr'><strong>diversa</strong></span> <span class='ocrx_word' id='word_1_649' title='bbox 965 3626 978 3672; x_wconf 91' lang='lat'><strong>;</strong></span> <span class='ocrx_word' id='word_1_650' title='bbox 1024 3624 1142 3677; x_wconf 67' lang='lat' dir='ltr'><strong>qua!</strong></span> <span class='ocrx_word' id='word_1_651' title='bbox 1173 3623 1301 3662; x_wconf 90' lang='lat' dir='ltr'><strong>sane</strong></span> <span class='ocrx_word' id='word_1_652' title='bbox 1330 3609 1508 3661; x_wconf 88' lang='lat' dir='ltr'><strong>omnia</strong></span> <span class='ocrx_word' id='word_1_653' title='bbox 1540 3625 1816 3678; x_wconf 86' lang='lat' dir='ltr'><strong>compara-</strong></span> 
     </span>
    </p>
   </div>
   <div class='ocr_carea' id='block_1_71' title="bbox 290 3697 1820 3761">
    <p class='ocr_par' dir='ltr' id='par_1_71' title="bbox 290 3697 1820 3761">
     <span class='ocr_line' id='line_1_71' title="bbox 290 3697 1820 3761; baseline 0.001 -11"><span class='ocrx_word' id='word_1_654' title='bbox 290 3697 434 3754; x_wconf 87' lang='lat' dir='ltr'><strong>tione</strong></span> <span class='ocrx_word' id='word_1_655' title='bbox 490 3711 663 3750; x_wconf 87' lang='lat' dir='ltr'><strong>rerum</strong></span> <span class='ocrx_word' id='word_1_656' title='bbox 719 3697 1174 3761; x_wconf 86' lang='lat' dir='ltr'><strong>itnmaterialium,</strong></span> <span class='ocrx_word' id='word_1_657' title='bbox 1232 3708 1286 3754; x_wconf 86' lang='lat' dir='ltr'><strong>et</strong></span> <span class='ocrx_word' id='word_1_658' title='bbox 1336 3698 1704 3761; x_wconf 87' lang='lat' dir='ltr'><strong>invisibiliutn,</strong></span> <span class='ocrx_word' id='word_1_659' title='bbox 1766 3706 1820 3751; x_wconf 86' lang='lat' dir='ltr'><strong>et</strong></span> 
     </span>
    </p>
   </div>
   <div class='ocr_carea' id='block_1_72' title="bbox 291 3786 1820 3854">
    <p class='ocr_par' dir='ltr' id='par_1_72' title="bbox 291 3786 1820 3854">
     <span class='ocr_line' id='line_1_72' title="bbox 291 3786 1820 3854; baseline 0.001 -15"><span class='ocrx_word' id='word_1_660' title='bbox 291 3800 513 3854; x_wconf 86' lang='lat' dir='ltr'><strong>corpore</strong></span> <span class='ocrx_word' id='word_1_661' title='bbox 540 3787 857 3848; x_wconf 88' lang='lat' dir='ltr'><strong>carentium,</strong></span> <span class='ocrx_word' id='word_1_662' title='bbox 912 3786 1114 3840; x_wconf 80' lang='lat' dir='ltr'><strong>inferna</strong></span> <span class='ocrx_word' id='word_1_663' title='bbox 1141 3794 1287 3849; x_wconf 89' lang='lat' dir='ltr'><strong>sunt,</strong></span> <span class='ocrx_word' id='word_1_664' title='bbox 1328 3802 1433 3838; x_wconf 90' lang='lat' dir='ltr'><strong>non</strong></span> <span class='ocrx_word' id='word_1_665' title='bbox 1465 3795 1671 3839; x_wconf 87' lang='lat' dir='ltr'><strong>tantum</strong></span> <span class='ocrx_word' id='word_1_666' title='bbox 1704 3787 1820 3839; x_wconf 84' lang='lat' dir='ltr'><strong>loco</strong></span> 
     </span>
    </p>
   </div>
   <div class='ocr_carea' id='block_1_73' title="bbox 291 3875 1823 3944">
    <p class='ocr_par' dir='ltr' id='par_1_73' title="bbox 291 3875 1823 3944">
     <span class='ocr_line' id='line_1_73' title="bbox 291 3875 1823 3944; baseline 0.003 -19"><span class='ocrx_word' id='word_1_667' title='bbox 291 3882 542 3942; x_wconf 84' lang='lat' dir='ltr'><strong>quantum</strong></span> <span class='ocrx_word' id='word_1_668' title='bbox 600 3875 997 3944; x_wconf 88' lang='lat' dir='ltr'><strong>comparatione</strong></span> <span class='ocrx_word' id='word_1_669' title='bbox 1044 3877 1108 3931; x_wconf 84' lang='lat' dir='ltr'><strong>ad</strong></span> <span class='ocrx_word' id='word_1_670' title='bbox 1152 3889 1237 3928; x_wconf 88' lang='lat' dir='ltr'><strong>res</strong></span> <span class='ocrx_word' id='word_1_671' title='bbox 1290 3877 1602 3931; x_wconf 85' lang='lat' dir='ltr'><strong>invisibiles.</strong></span> <span class='ocrx_word' id='word_1_672' title='bbox 1645 3877 1823 3942; x_wconf 84' lang='lat' dir='ltr'><strong>Quan-</strong></span> 
     </span>
    </p>
   </div>
   <div class='ocr_carea' id='block_1_74' title="bbox 290 3964 1822 4021">
    <p class='ocr_par' dir='ltr' id='par_1_74' title="bbox 290 3964 1822 4021">
     <span class='ocr_line' id='line_1_74' title="bbox 290 3964 1822 4021; baseline 0 -2"><span class='ocrx_word' id='word_1_673' title='bbox 290 3970 401 4019; x_wconf 82' lang='lat' dir='ltr'><strong>tum</strong></span> <span class='ocrx_word' id='word_1_674' title='bbox 435 3973 607 4019; x_wconf 87' lang='lat' dir='ltr'><strong>autem</strong></span> <span class='ocrx_word' id='word_1_675' title='bbox 640 3965 691 4018; x_wconf 89' lang='lat' dir='ltr'><strong>in</strong></span> <span class='ocrx_word' id='word_1_676' title='bbox 727 3965 827 4018; x_wconf 89' lang='lat' dir='ltr'><strong>hoc</strong></span> <span class='ocrx_word' id='word_1_677' title='bbox 857 3964 1053 4019; x_wconf 90' lang='lat' dir='ltr'><strong>mundo</strong></span> <span class='ocrx_word' id='word_1_678' title='bbox 1082 3966 1197 4018; x_wconf 80' lang='lat' dir='ltr'><strong>loca</strong></span> <span class='ocrx_word' id='word_1_679' title='bbox 1226 3966 1402 4020; x_wconf 90' lang='lat' dir='ltr'><strong>mundi</strong></span> <span class='ocrx_word' id='word_1_680' title='bbox 1435 3968 1574 4020; x_wconf 84' lang='lat' dir='ltr'><strong>inter</strong></span> <span class='ocrx_word' id='word_1_681' title='bbox 1600 3981 1658 4021; x_wconf 87' lang='lat' dir='ltr'><strong>se</strong></span> <span class='ocrx_word' id='word_1_682' title='bbox 1679 3980 1822 4020; x_wconf 89' lang='lat' dir='ltr'><strong>com-</strong></span> 
     </span>
    </p>
   </div>
   <div class='ocr_carea' id='block_1_75' title="bbox 292 4053 1823 4125">
    <p class='ocr_par' dir='ltr' id='par_1_75' title="bbox 292 4053 1823 4125">
     <span class='ocr_line' id='line_1_75' title="bbox 292 4053 1823 4125; baseline 0.003 -19"><span class='ocrx_word' id='word_1_683' title='bbox 292 4053 524 4125; x_wconf 79' lang='lat' dir='ltr'><strong>paranda</strong></span> <span class='ocrx_word' id='word_1_684' title='bbox 564 4062 709 4119; x_wconf 88' lang='lat' dir='ltr'><strong>sunt,</strong></span> <span class='ocrx_word' id='word_1_685' title='bbox 745 4055 985 4125; x_wconf 63' lang='lat' dir='ltr'><strong>quaedam</strong></span> <span class='ocrx_word' id='word_1_686' title='bbox 1019 4054 1217 4109; x_wconf 78' lang='lat' dir='ltr'><strong>fuerint</strong></span> <span class='ocrx_word' id='word_1_687' title='bbox 1247 4055 1355 4109; x_wconf 90' lang='lat' dir='ltr'><strong>loca</strong></span> <span class='ocrx_word' id='word_1_688' title='bbox 1404 4055 1648 4122; x_wconf 79' lang='lat' dir='ltr'><strong>inferne,</strong></span> <span class='ocrx_word' id='word_1_689' title='bbox 1676 4071 1823 4124; x_wconf 69' lang='lat' dir='ltr'><strong>quae-</strong></span> 
     </span>
    </p>
   </div>
   <div class='ocr_carea' id='block_1_76' title="bbox 294 4144 1820 4212">
    <p class='ocr_par' dir='ltr' id='par_1_76' title="bbox 294 4144 1820 4212">
     <span class='ocr_line' id='line_1_76' title="bbox 294 4144 1820 4212; baseline -0.001 -14"><span class='ocrx_word' id='word_1_690' title='bbox 294 4144 417 4198; x_wconf 87' lang='lat' dir='ltr'><strong>dam</strong></span> <span class='ocrx_word' id='word_1_691' title='bbox 445 4158 675 4211; x_wconf 87' lang='lat' dir='ltr'><strong>superne</strong></span> <span class='ocrx_word' id='word_1_692' title='bbox 704 4162 717 4200; x_wconf 89' lang='lat'><strong>:</strong></span> <span class='ocrx_word' id='word_1_693' title='bbox 750 4154 902 4198; x_wconf 71' lang='lat' dir='ltr'><strong>terrae</strong></span> <span class='ocrx_word' id='word_1_694' title='bbox 946 4145 1087 4199; x_wconf 86' lang='lat' dir='ltr'><strong>enim</strong></span> <span class='ocrx_word' id='word_1_695' title='bbox 1123 4146 1361 4212; x_wconf 81' lang='lat' dir='ltr'><strong>proxima</strong></span> <span class='ocrx_word' id='word_1_696' title='bbox 1413 4144 1619 4199; x_wconf 86' lang='lat' dir='ltr'><strong>inferne</strong></span> <span class='ocrx_word' id='word_1_697' title='bbox 1678 4152 1820 4209; x_wconf 88' lang='lat' dir='ltr'><strong>sunt,</strong></span> 
     </span>
    </p>
   </div>
   <div class='ocr_carea' id='block_1_77' title="bbox 294 4231 1819 4302">
    <p class='ocr_par' dir='ltr' id='par_1_77' title="bbox 294 4231 1819 4302">
     <span class='ocr_line' id='line_1_77' title="bbox 294 4231 1819 4302; baseline 0.002 -18"><span class='ocrx_word' id='word_1_698' title='bbox 294 4231 530 4286; x_wconf 67' lang='lat' dir='ltr'><strong>coelestia</strong></span> <span class='ocrx_word' id='word_1_699' title='bbox 561 4248 687 4286; x_wconf 84' lang='lat' dir='ltr'><strong>vero</strong></span> <span class='ocrx_word' id='word_1_700' title='bbox 719 4248 969 4302; x_wconf 89' lang='lat' dir='ltr'><strong>superne,</strong></span> <span class='ocrx_word' id='word_1_701' title='bbox 1014 4234 1147 4287; x_wconf 88' lang='lat' dir='ltr'><strong>adeo</strong></span> <span class='ocrx_word' id='word_1_702' title='bbox 1174 4243 1231 4286; x_wconf 92' lang='lat' dir='ltr'><strong>ut</strong></span> <span class='ocrx_word' id='word_1_703' title='bbox 1260 4234 1359 4288; x_wconf 88' lang='lat' dir='ltr'><strong>hac</strong></span> <span class='ocrx_word' id='word_1_704' title='bbox 1403 4235 1606 4289; x_wconf 88' lang='lat' dir='ltr'><strong>ratione</strong></span> <span class='ocrx_word' id='word_1_705' title='bbox 1637 4234 1726 4302; x_wconf 91' lang='lat' dir='ltr'><strong>qui</strong></span> <span class='ocrx_word' id='word_1_706' title='bbox 1752 4248 1819 4287; x_wconf 81' lang='lat' dir='ltr'><strong>ex</strong></span> 
     </span>
    </p>
   </div>
   <div class='ocr_carea' id='block_1_78' title="bbox 1912 3072 3619 3158">
    <p class='ocr_par' dir='ltr' id='par_1_78' title="bbox 1912 3072 3619 3158">
     <span class='ocr_line' id='line_1_78' title="bbox 1912 3072 3619 3158; baseline 0.012 -36"><span class='ocrx_word' id='word_1_707' title='bbox 1912 3072 1999 3134; x_wconf 79' lang='grc' dir='ltr'><strong>τὸς</strong></span> <span class='ocrx_word' id='word_1_708' title='bbox 2032 3074 2123 3125; x_wconf 72' lang='grc' dir='ltr'><strong>καὶ</strong></span> <span class='ocrx_word' id='word_1_709' title='bbox 2159 3078 2220 3128; x_wconf 82' lang='grc' dir='ltr'>ὲκ</span> <span class='ocrx_word' id='word_1_710' title='bbox 2252 3077 2358 3129; x_wconf 86' lang='grc' dir='ltr'><strong>τῶν</strong></span> <span class='ocrx_word' id='word_1_711' title='bbox 2390 3079 2538 3132; x_wconf 81' lang='grc' dir='ltr'>κάτω</span> <span class='ocrx_word' id='word_1_712' title='bbox 2569 3079 2738 3133; x_wconf 76' lang='grc' dir='ltr'>ἐστίν.</span> <span class='ocrx_word' id='word_1_713' title='bbox 2780 3081 2961 3151; x_wconf 73' lang='grc' dir='ltr'>’Ἄλλη</span> <span class='ocrx_word' id='word_1_714' title='bbox 3022 3085 3343 3153; x_wconf 79' lang='grc' dir='ltr'>μέντοιγε</span> <span class='ocrx_word' id='word_1_715' title='bbox 3406 3091 3448 3158; x_wconf 83' lang='grc' dir='ltr'><strong>ή</strong></span> <span class='ocrx_word' id='word_1_716' title='bbox 3480 3089 3619 3142; x_wconf 75' lang='grc' dir='ltr'><strong>ἐπί-</strong></span> 
     </span>
    </p>
   </div>
   <div class='ocr_carea' id='block_1_79' title="bbox 1913 3166 3621 3253">
    <p class='ocr_par' dir='ltr' id='par_1_79' title="bbox 1913 3166 3621 3253">
     <span class='ocr_line' id='line_1_79' title="bbox 1913 3166 3621 3253; baseline 0.013 -40"><span class='ocrx_word' id='word_1_717' title='bbox 1913 3177 2028 3223; x_wconf 83' lang='grc' dir='ltr'>νοια</span> <span class='ocrx_word' id='word_1_718' title='bbox 2062 3166 2093 3232; x_wconf 79' lang='grc' dir='ltr'>ἡ</span> <span class='ocrx_word' id='word_1_719' title='bbox 2121 3166 2183 3216; x_wconf 73' lang='grc' dir='ltr'>ἐκ</span> <span class='ocrx_word' id='word_1_720' title='bbox 2206 3166 2312 3219; x_wconf 84' lang='grc' dir='ltr'><strong>τῶν</strong></span> <span class='ocrx_word' id='word_1_721' title='bbox 2346 3168 2512 3231; x_wconf 82' lang='grc' dir='ltr'>κάτω,</span> <span class='ocrx_word' id='word_1_722' title='bbox 2541 3170 2634 3222; x_wconf 77' lang='grc' dir='ltr'><strong>καὶ</strong></span> <span class='ocrx_word' id='word_1_723' title='bbox 2658 3170 2762 3238; x_wconf 74' lang='grc' dir='ltr'><strong>τῆς</strong></span> <span class='ocrx_word' id='word_1_724' title='bbox 2795 3172 2907 3240; x_wconf 79' lang='grc' dir='ltr'>γῆς</span> <span class='ocrx_word' id='word_1_725' title='bbox 2930 3189 2943 3201; x_wconf 88' lang='grc'><strong>·</strong></span> <span class='ocrx_word' id='word_1_726' title='bbox 2986 3173 3179 3228; x_wconf 81' lang='grc' dir='ltr'>κάτω</span> <span class='ocrx_word' id='word_1_727' title='bbox 3220 3178 3359 3251; x_wconf 80' lang='grc' dir='ltr'>γὰρ</span> <span class='ocrx_word' id='word_1_728' title='bbox 3397 3180 3621 3253; x_wconf 57' lang='grc' dir='ltr'><strong>ὥσπε</strong></span> 
     </span>
    </p>
   </div>
   <div class='ocr_carea' id='block_1_80' title="bbox 1913 3257 3615 3344">
    <p class='ocr_par' dir='ltr' id='par_1_80' title="bbox 1913 3257 3615 3344">
     <span class='ocr_line' id='line_1_80' title="bbox 1913 3257 3615 3344; baseline 0.012 -36"><span class='ocrx_word' id='word_1_729' title='bbox 1913 3257 2059 3325; x_wconf 84' lang='grc' dir='ltr'>τόπῳ</span> <span class='ocrx_word' id='word_1_730' title='bbox 2091 3259 2195 3310; x_wconf 69' lang='grc' dir='ltr'>τινὶ</span> <span class='ocrx_word' id='word_1_731' title='bbox 2223 3261 2439 3322; x_wconf 72' lang='grc' dir='ltr'>νοεῖται,</span> <span class='ocrx_word' id='word_1_732' title='bbox 2468 3257 2640 3321; x_wconf 76' lang='grc' dir='ltr'>οὕτως</span> <span class='ocrx_word' id='word_1_733' title='bbox 2688 3261 2786 3312; x_wconf 72' lang='grc' dir='ltr'><strong>καὶ</strong></span> <span class='ocrx_word' id='word_1_734' title='bbox 2813 3262 3101 3332; x_wconf 81' lang='grc' dir='ltr'>δόγμασι,</span> <span class='ocrx_word' id='word_1_735' title='bbox 3164 3269 3287 3322; x_wconf 65' lang='grc' dir='ltr'><strong>καὶ</strong></span> <span class='ocrx_word' id='word_1_736' title='bbox 3327 3271 3615 3344; x_wconf 77' lang='grc' dir='ltr'>διανοιᾳο</span> 
     </span>
    </p>
   </div>
   <div class='ocr_carea' id='block_1_81' title="bbox 1915 3345 3622 3432">
    <p class='ocr_par' dir='ltr' id='par_1_81' title="bbox 1915 3345 3622 3432">
     <span class='ocr_line' id='line_1_81' title="bbox 1915 3345 3622 3432; baseline 0.01 -34"><span class='ocrx_word' id='word_1_737' title='bbox 1915 3345 2007 3398; x_wconf 79' lang='grc' dir='ltr'>καὶ</span> <span class='ocrx_word' id='word_1_738' title='bbox 2037 3349 2142 3408; x_wconf 78' lang='grc' dir='ltr'><strong>πᾶς</strong></span> <span class='ocrx_word' id='word_1_739' title='bbox 2172 3363 2235 3414; x_wconf 88' lang='grc' dir='ltr'><strong>γε</strong></span> <span class='ocrx_word' id='word_1_740' title='bbox 2265 3349 2293 3399; x_wconf 91' lang='lat'><strong>6</strong></span> <span class='ocrx_word' id='word_1_741' title='bbox 2323 3346 2555 3409; x_wconf 81' lang='grc' dir='ltr'>τοιοῦτος</span> <span class='ocrx_word' id='word_1_742' title='bbox 2580 3347 2692 3417; x_wconf 73' lang='grc' dir='ltr'>(ΒΞ)</span> <span class='ocrx_word' id='word_1_743' title='bbox 2722 3349 2969 3419; x_wconf 85' lang='grc' dir='ltr'>δόγμασι</span> <span class='ocrx_word' id='word_1_744' title='bbox 3005 3356 3118 3407; x_wconf 79' lang='grc' dir='ltr'>καὶ</span> <span class='ocrx_word' id='word_1_745' title='bbox 3152 3357 3419 3429; x_wconf 79' lang='grc' dir='ltr'>διανοίᾳ</span> <span class='ocrx_word' id='word_1_746' title='bbox 3455 3361 3622 3432; x_wconf 81' lang='grc' dir='ltr'>χρώ-</span> 
     </span>
    </p>
   </div>
   <div class='ocr_carea' id='block_1_82' title="bbox 1918 3435 3615 3507">
    <p class='ocr_par' dir='ltr' id='par_1_82' title="bbox 1918 3435 3615 3507">
     <span class='ocr_line' id='line_1_82' title="bbox 1918 3435 3615 3507; baseline 0.012 -22"><span class='ocrx_word' id='word_1_747' title='bbox 1918 3452 2092 3505; x_wconf 81' lang='grc' dir='ltr'>μενος,</span> <span class='ocrx_word' id='word_1_748' title='bbox 2122 3435 2277 3487; x_wconf 79' lang='grc' dir='ltr'>ἄτινά</span> <span class='ocrx_word' id='word_1_749' title='bbox 2304 3436 2447 3487; x_wconf 79' lang='grc' dir='ltr'>ἐστιν</span> <span class='ocrx_word' id='word_1_750' title='bbox 2471 3437 2534 3488; x_wconf 81' lang='grc' dir='ltr'>ὲκ</span> <span class='ocrx_word' id='word_1_751' title='bbox 2562 3435 2670 3490; x_wconf 80' lang='grc' dir='ltr'><strong>τῶν</strong></span> <span class='ocrx_word' id='word_1_752' title='bbox 2698 3438 2877 3504; x_wconf 82' lang='grc' dir='ltr'>κάτω,</span> <span class='ocrx_word' id='word_1_753' title='bbox 2910 3444 2981 3495; x_wconf 80' lang='grc' dir='ltr'>ὲκ</span> <span class='ocrx_word' id='word_1_754' title='bbox 3012 3445 3144 3499; x_wconf 84' lang='grc' dir='ltr'><strong>τῶν</strong></span> <span class='ocrx_word' id='word_1_755' title='bbox 3187 3450 3380 3504; x_wconf 81' lang='grc' dir='ltr'>κάτω</span> <span class='ocrx_word' id='word_1_756' title='bbox 3419 3452 3615 3507; x_wconf 74' lang='grc' dir='ltr'>ἐστίν.</span> 
     </span>
    </p>
   </div>
   <div class='ocr_carea' id='block_1_83' title="bbox 1928 3523 3615 3613">
    <p class='ocr_par' dir='ltr' id='par_1_83' title="bbox 1928 3523 3615 3613">
     <span class='ocr_line' id='line_1_83' title="bbox 1928 3523 3615 3613; baseline 0.013 -38"><span class='ocrx_word' id='word_1_757' title='bbox 1928 3524 2082 3613; x_wconf 67' lang='grc' dir='ltr'>Ἀλλὰ</span> <span class='ocrx_word' id='word_1_758' title='bbox 2119 3526 2211 3577; x_wconf 79' lang='grc' dir='ltr'><strong>καὶ</strong></span> <span class='ocrx_word' id='word_1_759' title='bbox 2249 3525 2277 3574; x_wconf 88' lang='lat'><strong>6</strong></span> <span class='ocrx_word' id='word_1_760' title='bbox 2309 3523 2651 3613; x_wconf 66' lang='grc' dir='ltr'>δεικνύμενος</span> <span class='ocrx_word' id='word_1_761' title='bbox 2681 3528 2914 3597; x_wconf 83' lang='grc' dir='ltr'>κόσμος,</span> <span class='ocrx_word' id='word_1_762' title='bbox 2967 3533 3186 3600; x_wconf 80' lang='grc' dir='ltr'>ὑλικὸς</span> <span class='ocrx_word' id='word_1_763' title='bbox 3238 3542 3615 3613; x_wconf 82' lang='grc' dir='ltr'>γενόμενος,</span> 
     </span>
    </p>
   </div>
   <div class='ocr_carea' id='block_1_84' title="bbox 1916 3612 3619 3699">
    <p class='ocr_par' dir='ltr' id='par_1_84' title="bbox 1916 3612 3619 3699">
     <span class='ocr_line' id='line_1_84' title="bbox 1916 3612 3619 3699; baseline 0.014 -35"><span class='ocrx_word' id='word_1_764' title='bbox 1916 3612 2005 3664; x_wconf 81' lang='grc' dir='ltr'><strong>διὰ</strong></span> <span class='ocrx_word' id='word_1_765' title='bbox 2034 3613 2161 3675; x_wconf 76' lang='grc' dir='ltr'>τοὺς</span> <span class='ocrx_word' id='word_1_766' title='bbox 2204 3612 2487 3681; x_wconf 74' lang='grc' dir='ltr'><strong>δεηθέντας</strong></span> <span class='ocrx_word' id='word_1_767' title='bbox 2543 3615 2644 3683; x_wconf 75' lang='grc' dir='ltr'>τῆς</span> <span class='ocrx_word' id='word_1_768' title='bbox 2677 3616 2790 3685; x_wconf 71' lang='lat'><strong>{83)</strong></span> <span class='ocrx_word' id='word_1_769' title='bbox 2841 3619 3044 3675; x_wconf 82' lang='grc' dir='ltr'>ὲνύλου</span> <span class='ocrx_word' id='word_1_770' title='bbox 3112 3626 3323 3699; x_wconf 76' lang='grc' dir='ltr'>ζωῆς,</span> <span class='ocrx_word' id='word_1_771' title='bbox 3385 3612 3619 3697; x_wconf 76' lang='grc' dir='ltr'>τόπους</span> 
     </span>
    </p>
   </div>
   <div class='ocr_carea' id='block_1_85' title="bbox 1921 3702 3620 3797">
    <p class='ocr_par' dir='ltr' id='par_1_85' title="bbox 1921 3702 3620 3797">
     <span class='ocr_line' id='line_1_85' title="bbox 1921 3702 3620 3797; baseline 0.015 -43"><span class='ocrx_word' id='word_1_772' title='bbox 1921 3702 2149 3797; x_wconf 13' lang='grc' dir='ltr'>μενέξγχει</span> <span class='ocrx_word' id='word_1_773' title='bbox 2197 3702 2500 3797; x_wconf 75' lang='grc' dir='ltr'>διαφόρους,</span> <span class='ocrx_word' id='word_1_774' title='bbox 2555 3704 2862 3797; x_wconf 13' lang='grc' dir='ltr'>οἵτινεςνδὴ</span> <span class='ocrx_word' id='word_1_775' title='bbox 2895 3712 3126 3778; x_wconf 87' lang='grc' dir='ltr'>πάντες</span> <span class='ocrx_word' id='word_1_776' title='bbox 3168 3719 3267 3781; x_wconf 84' lang='grc' dir='ltr'>ὡς</span> <span class='ocrx_word' id='word_1_777' title='bbox 3305 3722 3431 3791; x_wconf 83' lang='grc' dir='ltr'>μὲν</span> <span class='ocrx_word' id='word_1_778' title='bbox 3461 3725 3620 3797; x_wconf 75' lang='grc' dir='ltr'>πρὸς</span> 
     </span>
    </p>
   </div>
   <div class='ocr_carea' id='block_1_86' title="bbox 1917 3791 3619 3874">
    <p class='ocr_par' dir='ltr' id='par_1_86' title="bbox 1917 3791 3619 3874">
     <span class='ocr_line' id='line_1_86' title="bbox 1917 3791 3619 3874; baseline 0.017 -32"><span class='ocrx_word' id='word_1_779' title='bbox 1917 3791 1985 3843; x_wconf 83' lang='grc' dir='ltr'>τὰ</span> <span class='ocrx_word' id='word_1_780' title='bbox 2012 3791 2166 3852; x_wconf 79' lang='grc' dir='ltr'>ἆῦλα,</span> <span class='ocrx_word' id='word_1_781' title='bbox 2197 3792 2289 3844; x_wconf 65' lang='grc' dir='ltr'><strong>καὶ¹</strong></span> <span class='ocrx_word' id='word_1_782' title='bbox 2337 3792 2404 3843; x_wconf 82' lang='grc' dir='ltr'>τὰ</span> <span class='ocrx_word' id='word_1_783' title='bbox 2432 3792 2657 3862; x_wconf 86' lang='grc' dir='ltr'>ἀόρατα,</span> <span class='ocrx_word' id='word_1_784' title='bbox 2694 3796 2790 3848; x_wconf 65' lang='grc' dir='ltr'><strong>καὶ</strong></span> <span class='ocrx_word' id='word_1_785' title='bbox 2837 3798 2911 3852; x_wconf 66' lang='grc' dir='ltr'>τὰ</span> <span class='ocrx_word' id='word_1_786' title='bbox 2942 3803 3269 3874; x_wconf 81' lang='grc' dir='ltr'>ἀσώματα</span> <span class='ocrx_word' id='word_1_787' title='bbox 3304 3813 3488 3867; x_wconf 82' lang='grc' dir='ltr'>κάτω</span> <span class='ocrx_word' id='word_1_788' title='bbox 3515 3791 3619 3869; x_wconf 45' lang='grc' dir='ltr'><strong>ἐζ-</strong></span> 
     </span>
    </p>
   </div>
   <div class='ocr_carea' id='block_1_87' title="bbox 1921 3879 3622 3972">
    <p class='ocr_par' dir='ltr' id='par_1_87' title="bbox 1921 3879 3622 3972">
     <span class='ocr_line' id='line_1_87' title="bbox 1921 3879 3622 3972; baseline 0.013 -40"><span class='ocrx_word' id='word_1_789' title='bbox 1921 3881 2022 3972; x_wconf 66' lang='lat' dir='ltr'><strong>civ,</strong></span> <span class='ocrx_word' id='word_1_790' title='bbox 2049 3880 2108 3931; x_wconf 79' lang='grc' dir='ltr'><strong>οὐ</strong></span> <span class='ocrx_word' id='word_1_791' title='bbox 2137 3879 2289 3972; x_wconf 80' lang='grc' dir='ltr'>τόσον</span> <span class='ocrx_word' id='word_1_792' title='bbox 2432 3882 2602 3972; x_wconf 86' lang='grc' dir='ltr'>τόπῳ,</span> <span class='ocrx_word' id='word_1_793' title='bbox 2630 3884 2754 3936; x_wconf 81' lang='grc' dir='ltr'>ὅσον</span> <span class='ocrx_word' id='word_1_794' title='bbox 2780 3888 2850 3955; x_wconf 81' lang='grc' dir='ltr'>τῇ</span> <span class='ocrx_word' id='word_1_795' title='bbox 2887 3889 3039 3958; x_wconf 84' lang='grc' dir='ltr'>πρὸς</span> <span class='ocrx_word' id='word_1_796' title='bbox 3070 3895 3155 3950; x_wconf 80' lang='grc' dir='ltr'>τὰ</span> <span class='ocrx_word' id='word_1_797' title='bbox 3186 3898 3449 3969; x_wconf 80' lang='grc' dir='ltr'>ἀόρατα</span> <span class='ocrx_word' id='word_1_798' title='bbox 3478 3923 3622 3972; x_wconf 81' lang='grc' dir='ltr'>συγ-</span> 
     </span>
    </p>
   </div>
   <div class='ocr_carea' id='block_1_88' title="bbox 1929 3970 3618 4061">
    <p class='ocr_par' dir='ltr' id='par_1_88' title="bbox 1929 3970 3618 4061">
     <span class='ocr_line' id='line_1_88' title="bbox 1929 3970 3618 4061; baseline 0.015 -42"><span class='ocrx_word' id='word_1_799' title='bbox 1929 3970 2132 4061; x_wconf 70' lang='grc' dir='ltr'>κρίσει·</span> <span class='ocrx_word' id='word_1_800' title='bbox 2161 3971 2303 4061; x_wconf 65' lang='grc' dir='ltr'><strong>Δι’ῧσον</strong></span> <span class='ocrx_word' id='word_1_801' title='bbox 2340 3970 2395 4023; x_wconf 76' lang='grc' dir='ltr'>δὲ</span> <span class='ocrx_word' id='word_1_802' title='bbox 2435 3971 2545 4061; x_wconf 51' lang='grc' dir='ltr'>(ξό)</span> <span class='ocrx_word' id='word_1_803' title='bbox 2585 3973 2679 4025; x_wconf 72' lang='grc' dir='ltr'><strong>ἐπὶ</strong></span> <span class='ocrx_word' id='word_1_804' title='bbox 2714 3973 2797 4042; x_wconf 84' lang='grc' dir='ltr'>τῷ</span> <span class='ocrx_word' id='word_1_805' title='bbox 2836 3975 3043 4048; x_wconf 84' lang='grc' dir='ltr'>κόσμῳ</span> <span class='ocrx_word' id='word_1_806' title='bbox 3085 3981 3327 4048; x_wconf 79' lang='grc' dir='ltr'>τόποις</span> <span class='ocrx_word' id='word_1_807' title='bbox 3372 3970 3618 4061; x_wconf 79' lang='grc' dir='ltr'>κόσμου</span> 
     </span>
    </p>
   </div>
   <div class='ocr_carea' id='block_1_89' title="bbox 1928 4056 3625 4139">
    <p class='ocr_par' dir='ltr' id='par_1_89' title="bbox 1928 4056 3625 4139">
     <span class='ocr_line' id='line_1_89' title="bbox 1928 4056 3625 4139; baseline 0.013 -30"><span class='ocrx_word' id='word_1_808' title='bbox 1928 4057 2393 4117; x_wconf 69' lang='grc' dir='ltr'>συνεξετάζεσθαι.</span> <span class='ocrx_word' id='word_1_809' title='bbox 2448 4056 2557 4113; x_wconf 81' lang='grc' dir='ltr'>εἷεν</span> <span class='ocrx_word' id='word_1_810' title='bbox 2609 4063 2674 4115; x_wconf 86' lang='grc' dir='ltr'>ἄν</span> <span class='ocrx_word' id='word_1_811' title='bbox 2711 4078 2864 4126; x_wconf 85' lang='grc' dir='ltr'>τινες</span> <span class='ocrx_word' id='word_1_812' title='bbox 2901 4065 3073 4118; x_wconf 76' lang='grc' dir='ltr'>τόποι</span> <span class='ocrx_word' id='word_1_813' title='bbox 3119 4073 3181 4123; x_wconf 82' lang='grc' dir='ltr'><strong>οἱ</strong></span> <span class='ocrx_word' id='word_1_814' title='bbox 3235 4078 3464 4139; x_wconf 82' lang='grc' dir='ltr'>κάτω,</span> <span class='ocrx_word' id='word_1_815' title='bbox 3503 4056 3625 4131; x_wconf 28' lang='grc' dir='ltr'>*καὶ</span> 
     </span>
    </p>
   </div>
   <div class='ocr_carea' id='block_1_90' title="bbox 1921 4145 3621 4227">
    <p class='ocr_par' dir='ltr' id='par_1_90' title="bbox 1921 4145 3621 4227">
     <span class='ocr_line' id='line_1_90' title="bbox 1921 4145 3621 4227; baseline 0.017 -31"><span class='ocrx_word' id='word_1_816' title='bbox 1921 4145 2067 4201; x_wconf 81' lang='grc' dir='ltr'>ἄλλοι</span> <span class='ocrx_word' id='word_1_817' title='bbox 2098 4145 2235 4197; x_wconf 76' lang='grc' dir='ltr'>ἄνωο</span> <span class='ocrx_word' id='word_1_818' title='bbox 2285 4145 2354 4197; x_wconf 82' lang='grc' dir='ltr'><strong>τὰ</strong></span> <span class='ocrx_word' id='word_1_819' title='bbox 2403 4145 2500 4212; x_wconf 84' lang='grc' dir='ltr'>μὲν</span> <span class='ocrx_word' id='word_1_820' title='bbox 2553 4147 2662 4216; x_wconf 85' lang='grc' dir='ltr'>γὰρ</span> <span class='ocrx_word' id='word_1_821' title='bbox 2691 4153 2959 4220; x_wconf 77' lang='grc' dir='ltr'>περίγεια</span> <span class='ocrx_word' id='word_1_822' title='bbox 3007 4158 3188 4212; x_wconf 81' lang='grc' dir='ltr'>κάτω</span> <span class='ocrx_word' id='word_1_823' title='bbox 3232 4164 3408 4227; x_wconf 74' lang='grc' dir='ltr'>ἐστὶ,</span> <span class='ocrx_word' id='word_1_824' title='bbox 3443 4169 3524 4223; x_wconf 75' lang='grc' dir='ltr'><strong>τὰ</strong></span> <span class='ocrx_word' id='word_1_825' title='bbox 3555 4170 3621 4224; x_wconf 70' lang='grc' dir='ltr'><strong>δὲ</strong></span> 
     </span>
    </p>
   </div>
   <div class='ocr_carea' id='block_1_91' title="bbox 1927 4234 3623 4315">
    <p class='ocr_par' dir='ltr' id='par_1_91' title="bbox 1927 4234 3623 4315">
     <span class='ocr_line' id='line_1_91' title="bbox 1927 4234 3623 4315; baseline 0.014 -28"><span class='ocrx_word' id='word_1_826' title='bbox 1927 4235 2146 4305; x_wconf 75' lang='grc' dir='ltr'>οὐράνια</span> <span class='ocrx_word' id='word_1_827' title='bbox 2178 4234 2314 4286; x_wconf 79' lang='grc' dir='ltr'>ἄνω·</span> <span class='ocrx_word' id='word_1_828' title='bbox 2349 4235 2425 4297; x_wconf 85' lang='grc' dir='ltr'><strong>ὡς</strong></span> <span class='ocrx_word' id='word_1_829' title='bbox 2463 4240 2603 4290; x_wconf 82' lang='grc' dir='ltr'>κατὰ</span> <span class='ocrx_word' id='word_1_830' title='bbox 2634 4241 2794 4293; x_wconf 79' lang='grc' dir='ltr'>τοῦτο</span> <span class='ocrx_word' id='word_1_831' title='bbox 2822 4244 2918 4296; x_wconf 82' lang='grc' dir='ltr'><strong>τὸν</strong></span> <span class='ocrx_word' id='word_1_832' title='bbox 2974 4247 3084 4315; x_wconf 81' lang='grc' dir='ltr'>μὲν</span> <span class='ocrx_word' id='word_1_833' title='bbox 3143 4253 3234 4306; x_wconf 80' lang='grc' dir='ltr'>ὲκ</span> <span class='ocrx_word' id='word_1_834' title='bbox 3269 4257 3407 4312; x_wconf 80' lang='grc' dir='ltr'>τῶν</span> <span class='ocrx_word' id='word_1_835' title='bbox 3447 4263 3623 4315; x_wconf 76' lang='grc' dir='ltr'>κάτω</span> 
     </span>
    </p>
   </div>
   <div class='ocr_carea' id='block_1_92' title="bbox 296 4304 1808 4405">
    <p class='ocr_par' dir='ltr' id='par_1_92' title="bbox 296 4318 1808 4386">
     <span class='ocr_line' id='line_1_92' title="bbox 296 4318 1808 4386; baseline 0.001 -13"><span class='ocrx_word' id='word_1_836' title='bbox 296 4318 516 4373; x_wconf 80' lang='lat' dir='ltr'><strong>infernis</strong></span> <span class='ocrx_word' id='word_1_837' title='bbox 544 4321 636 4383; x_wconf 87' lang='lat' dir='ltr'><strong>sit,</strong></span> <span class='ocrx_word' id='word_1_838' title='bbox 668 4320 715 4374; x_wconf 90' lang='lat' dir='ltr'><strong>is</strong></span> <span class='ocrx_word' id='word_1_839' title='bbox 734 4323 893 4375; x_wconf 86' lang='lat' dir='ltr'><strong>etiam</strong></span> <span class='ocrx_word' id='word_1_840' title='bbox 936 4323 1156 4376; x_wconf 88' lang='lat' dir='ltr'><strong>omnino</strong></span> <span class='ocrx_word' id='word_1_841' title='bbox 1181 4323 1250 4376; x_wconf 91' lang='lat' dir='ltr'><strong>sit</strong></span> <span class='ocrx_word' id='word_1_842' title='bbox 1280 4337 1343 4376; x_wconf 79' lang='lat' dir='ltr'><strong>ex</strong></span> <span class='ocrx_word' id='word_1_843' title='bbox 1369 4324 1469 4377; x_wconf 83' lang='lat' dir='ltr'><strong>hoc</strong></span> <span class='ocrx_word' id='word_1_844' title='bbox 1498 4323 1724 4386; x_wconf 88' lang='lat' dir='ltr'><strong>mundo;</strong></span> <span class='ocrx_word' id='word_1_845' title='bbox 1769 4336 1808 4373; x_wconf 71' lang='lat' dir='ltr'><strong>a‘</strong></span> 
     </span>
    </p>
   </div>
   <div class='ocr_carea' id='block_1_93' title="bbox 2110 4304 3622 4405">
    <p class='ocr_par' dir='ltr' id='par_1_93' title="bbox 2114 4315 3622 4405">
     <span class='ocr_line' id='line_1_93' title="bbox 2114 4315 3622 4405; baseline 0.025 -36"><span class='ocrx_word' id='word_1_846' title='bbox 2114 4338 2138 4382; x_wconf 86' lang='lat'><strong>;</strong></span> <span class='ocrx_word' id='word_1_847' title='bbox 2163 4315 2295 4372; x_wconf 77' lang='grc' dir='ltr'>εἶναι</span> <span class='ocrx_word' id='word_1_848' title='bbox 2327 4321 2392 4373; x_wconf 83' lang='grc' dir='ltr'>ὲκ</span> <span class='ocrx_word' id='word_1_849' title='bbox 2440 4321 2533 4373; x_wconf 80' lang='grc' dir='ltr'>τοῦ</span> <span class='ocrx_word' id='word_1_850' title='bbox 2580 4325 2789 4395; x_wconf 83' lang='grc' dir='ltr'>κόσμου</span> <span class='ocrx_word' id='word_1_851' title='bbox 2823 4330 3029 4384; x_wconf 85' lang='grc' dir='ltr'>τούτου</span> <span class='ocrx_word' id='word_1_852' title='bbox 3053 4351 3067 4363; x_wconf 88' lang='grc'><strong>·</strong></span> <span class='ocrx_word' id='word_1_853' title='bbox 3136 4338 3263 4393; x_wconf 71' lang='grc' dir='ltr'><strong>τὸν</strong></span> <span class='ocrx_word' id='word_1_854' title='bbox 3299 4344 3369 4397; x_wconf 83' lang='grc' dir='ltr'><strong>δὲ</strong></span> <span class='ocrx_word' id='word_1_855' title='bbox 3404 4349 3481 4401; x_wconf 81' lang='grc' dir='ltr'>ὲκ</span> <span class='ocrx_word' id='word_1_856' title='bbox 3513 4350 3622 4405; x_wconf 77' lang='grc' dir='ltr'>τοῦ</span> 
     </span>
    </p>
   </div>
   <div class='ocr_carea' id='block_1_94' title="bbox 297 4410 1823 4475">
    <p class='ocr_par' dir='ltr' id='par_1_94' title="bbox 297 4410 1823 4475">
     <span class='ocr_line' id='line_1_94' title="bbox 297 4410 1823 4475; baseline 0.002 -15"><span class='ocrx_word' id='word_1_857' title='bbox 297 4420 422 4461; x_wconf 87' lang='lat' dir='ltr'><strong>vero</strong></span> <span class='ocrx_word' id='word_1_858' title='bbox 451 4410 538 4475; x_wconf 91' lang='lat' dir='ltr'><strong>qui</strong></span> <span class='ocrx_word' id='word_1_859' title='bbox 565 4425 630 4463; x_wconf 81' lang='lat' dir='ltr'><strong>ex</strong></span> <span class='ocrx_word' id='word_1_860' title='bbox 662 4411 762 4464; x_wconf 85' lang='lat' dir='ltr'><strong>hoc</strong></span> <span class='ocrx_word' id='word_1_861' title='bbox 796 4412 989 4465; x_wconf 89' lang='lat' dir='ltr'><strong>mundo</strong></span> <span class='ocrx_word' id='word_1_862' title='bbox 1021 4411 1114 4475; x_wconf 89' lang='lat' dir='ltr'><strong>sit,</strong></span> <span class='ocrx_word' id='word_1_863' title='bbox 1148 4425 1251 4465; x_wconf 91' lang='lat' dir='ltr'><strong>non</strong></span> <span class='ocrx_word' id='word_1_864' title='bbox 1299 4411 1516 4465; x_wconf 89' lang='lat' dir='ltr'><strong>omnino</strong></span> <span class='ocrx_word' id='word_1_865' title='bbox 1546 4412 1616 4464; x_wconf 87' lang='lat' dir='ltr'><strong>sit</strong></span> <span class='ocrx_word' id='word_1_866' title='bbox 1641 4426 1702 4464; x_wconf 82' lang='lat' dir='ltr'><strong>ex</strong></span> <span class='ocrx_word' id='word_1_867' title='bbox 1740 4410 1823 4463; x_wconf 88' lang='lat' dir='ltr'><strong>in-</strong></span> 
     </span>
    </p>
   </div>
   <div class='ocr_carea' id='block_1_95' title="bbox 298 4496 1824 4568">
    <p class='ocr_par' dir='ltr' id='par_1_95' title="bbox 298 4496 1824 4568">
     <span class='ocr_line' id='line_1_95' title="bbox 298 4496 1824 4568; baseline 0.001 -17"><span class='ocrx_word' id='word_1_868' title='bbox 298 4496 481 4552; x_wconf 80' lang='lat' dir='ltr'><strong>fernis.</strong></span> <span class='ocrx_word' id='word_1_869' title='bbox 534 4498 664 4551; x_wconf 86' lang='lat' dir='ltr'><strong>Vide</strong></span> <span class='ocrx_word' id='word_1_870' title='bbox 714 4500 857 4553; x_wconf 90' lang='lat' dir='ltr'><strong>enim</strong></span> <span class='ocrx_word' id='word_1_871' title='bbox 907 4516 973 4554; x_wconf 89' lang='lat' dir='ltr'><strong>an</strong></span> <span class='ocrx_word' id='word_1_872' title='bbox 1014 4502 1290 4568; x_wconf 89' lang='lat' dir='ltr'><strong>municeps</strong></span> <span class='ocrx_word' id='word_1_873' title='bbox 1328 4514 1611 4567; x_wconf 85' lang='lat' dir='ltr'><strong>corporum</strong></span> <span class='ocrx_word' id='word_1_874' title='bbox 1648 4499 1824 4566; x_wconf 85' lang='lat' dir='ltr'><strong>aliquo</strong></span> 
     </span>
    </p>
   </div>
   <div class='ocr_carea' id='block_1_96' title="bbox 298 4590 1825 4659">
    <p class='ocr_par' dir='ltr' id='par_1_96' title="bbox 298 4590 1825 4659">
     <span class='ocr_line' id='line_1_96' title="bbox 298 4590 1825 4659; baseline 0.001 -17"><span class='ocrx_word' id='word_1_875' title='bbox 298 4598 453 4659; x_wconf 85' lang='lat' dir='ltr'><strong>pacto</strong></span> <span class='ocrx_word' id='word_1_876' title='bbox 481 4590 549 4643; x_wconf 91' lang='lat' dir='ltr'><strong>sit</strong></span> <span class='ocrx_word' id='word_1_877' title='bbox 573 4605 637 4643; x_wconf 75' lang='lat' dir='ltr'><strong>cx</strong></span> <span class='ocrx_word' id='word_1_878' title='bbox 668 4591 771 4646; x_wconf 85' lang='lat' dir='ltr'><strong>hoc</strong></span> <span class='ocrx_word' id='word_1_879' title='bbox 802 4594 1020 4655; x_wconf 89' lang='lat' dir='ltr'><strong>mundo,</strong></span> <span class='ocrx_word' id='word_1_880' title='bbox 1052 4609 1154 4647; x_wconf 90' lang='lat' dir='ltr'><strong>non</strong></span> <span class='ocrx_word' id='word_1_881' title='bbox 1202 4603 1377 4645; x_wconf 89' lang='lat' dir='ltr'><strong>tamen</strong></span> <span class='ocrx_word' id='word_1_882' title='bbox 1403 4608 1468 4646; x_wconf 81' lang='lat' dir='ltr'><strong>ex</strong></span> <span class='ocrx_word' id='word_1_883' title='bbox 1503 4590 1727 4644; x_wconf 82' lang='lat' dir='ltr'><strong>infernis</strong></span> <span class='ocrx_word' id='word_1_884' title='bbox 1752 4591 1825 4643; x_wconf 88' lang='lat' dir='ltr'><strong>lo-</strong></span> 
     </span>
    </p>
   </div>
   <div class='ocr_carea' id='block_1_97' title="bbox 299 4677 1823 4748">
    <p class='ocr_par' dir='ltr' id='par_1_97' title="bbox 299 4677 1823 4748">
     <span class='ocr_line' id='line_1_97' title="bbox 299 4677 1823 4748; baseline -0.003 -17"><span class='ocrx_word' id='word_1_885' title='bbox 299 4677 484 4731; x_wconf 84' lang='lat' dir='ltr'><strong>caliter</strong></span> <span class='ocrx_word' id='word_1_886' title='bbox 514 4692 528 4741; x_wconf 93' lang='lat'><strong>;</strong></span> <span class='ocrx_word' id='word_1_887' title='bbox 563 4686 923 4733; x_wconf 80' lang='lat' dir='ltr'><strong>verumtamen</strong></span> <span class='ocrx_word' id='word_1_888' title='bbox 958 4680 1070 4748; x_wconf 89' lang='lat' dir='ltr'><strong>ipse</strong></span> <span class='ocrx_word' id='word_1_889' title='bbox 1123 4681 1286 4733; x_wconf 82' lang='lat' dir='ltr'><strong>etiam</strong></span> <span class='ocrx_word' id='word_1_890' title='bbox 1330 4694 1394 4732; x_wconf 81' lang='lat' dir='ltr'><strong>cx</strong></span> <span class='ocrx_word' id='word_1_891' title='bbox 1444 4680 1670 4732; x_wconf 85' lang='lat' dir='ltr'><strong>infernis</strong></span> <span class='ocrx_word' id='word_1_892' title='bbox 1719 4687 1823 4742; x_wconf 83' lang='lat' dir='ltr'><strong>est,</strong></span> 
     </span>
    </p>
   </div>
   <div class='ocr_carea' id='block_1_98' title="bbox 299 4768 1815 4837">
    <p class='ocr_par' dir='ltr' id='par_1_98' title="bbox 299 4768 1815 4837">
     <span class='ocr_line' id='line_1_98' title="bbox 299 4768 1815 4837; baseline -0.002 -15"><span class='ocrx_word' id='word_1_893' title='bbox 299 4768 693 4836; x_wconf 84' lang='lat' dir='ltr'><strong>comparatione</strong></span> <span class='ocrx_word' id='word_1_894' title='bbox 749 4782 921 4822; x_wconf 90' lang='lat' dir='ltr'><strong>rerum</strong></span> <span class='ocrx_word' id='word_1_895' title='bbox 982 4785 1104 4837; x_wconf 63' lang='lat' dir='ltr'><strong>quae</strong></span> <span class='ocrx_word' id='word_1_896' title='bbox 1158 4778 1333 4822; x_wconf 86' lang='lat' dir='ltr'><strong>mente</strong></span> <span class='ocrx_word' id='word_1_897' title='bbox 1386 4769 1757 4836; x_wconf 89' lang='lat' dir='ltr'><strong>percipiuntur</strong></span> <span class='ocrx_word' id='word_1_898' title='bbox 1803 4786 1815 4819; x_wconf 90' lang='lat'><strong>:</strong></span> 
     </span>
    </p>
   </div>
   <div class='ocr_carea' id='block_1_99' title="bbox 297 4856 1820 4923">
    <p class='ocr_par' dir='ltr' id='par_1_99' title="bbox 297 4856 1820 4923">
     <span class='ocr_line' id='line_1_99' title="bbox 297 4856 1820 4923; baseline -0.003 -13"><span class='ocrx_word' id='word_1_899' title='bbox 297 4856 490 4912; x_wconf 86' lang='lat' dir='ltr'><strong>eteuim</strong></span> <span class='ocrx_word' id='word_1_900' title='bbox 543 4857 715 4911; x_wconf 85' lang='lat' dir='ltr'><strong>omnis</strong></span> <span class='ocrx_word' id='word_1_901' title='bbox 761 4859 1030 4922; x_wconf 87' lang='lat' dir='ltr'><strong>municeps</strong></span> <span class='ocrx_word' id='word_1_902' title='bbox 1076 4873 1259 4911; x_wconf 86' lang='lat' dir='ltr'><strong>eorum</strong></span> <span class='ocrx_word' id='word_1_903' title='bbox 1315 4871 1432 4923; x_wconf 72' lang='lat' dir='ltr'><strong>qua:</strong></span> <span class='ocrx_word' id='word_1_904' title='bbox 1475 4857 1720 4909; x_wconf 85' lang='lat' dir='ltr'><strong>videntur</strong></span> <span class='ocrx_word' id='word_1_905' title='bbox 1752 4856 1820 4916; x_wconf 75' lang='grc' dir='ltr'><strong>δ’,</strong></span> 
     </span>
    </p>
   </div>
   <div class='ocr_carea' id='block_1_100' title="bbox 224 4944 1821 5020">
    <p class='ocr_par' dir='ltr' id='par_1_100' title="bbox 224 4944 1821 5020">
     <span class='ocr_line' id='line_1_100' title="bbox 224 4944 1821 5020; baseline -0.005 -17"><span class='ocrx_word' id='word_1_906' title='bbox 224 5002 229 5003; x_wconf 63' lang='lat'><strong>,</strong></span> <span class='ocrx_word' id='word_1_907' title='bbox 299 4963 525 5020; x_wconf 66' lang='lat' dir='ltr'><strong>quaeque</strong></span> <span class='ocrx_word' id='word_1_908' title='bbox 558 4958 951 5014; x_wconf 78' lang='lat' dir='ltr'><strong>pcrtranseunt,</strong></span> <span class='ocrx_word' id='word_1_909' title='bbox 986 4959 1039 5003; x_wconf 91' lang='lat' dir='ltr'><strong>et</strong></span> <span class='ocrx_word' id='word_1_910' title='bbox 1081 4963 1200 5017; x_wconf 72' lang='lat' dir='ltr'><strong>quas</strong></span> <span class='ocrx_word' id='word_1_911' title='bbox 1229 4957 1353 5002; x_wconf 90' lang='lat' dir='ltr'><strong>sunt</strong></span> <span class='ocrx_word' id='word_1_912' title='bbox 1391 4944 1723 5015; x_wconf 83' lang='lat' dir='ltr'><strong>temperalia,</strong></span> <span class='ocrx_word' id='word_1_913' title='bbox 1756 4959 1821 4996; x_wconf 78' lang='lat' dir='ltr'><strong>ex</strong></span> 
     </span>
    </p>
   </div>
   <div class='ocr_carea' id='block_1_101' title="bbox 301 5035 1824 5109">
    <p class='ocr_par' dir='ltr' id='par_1_101' title="bbox 301 5035 1824 5109">
     <span class='ocr_line' id='line_1_101' title="bbox 301 5035 1824 5109; baseline -0.003 -19"><span class='ocrx_word' id='word_1_914' title='bbox 301 5038 520 5093; x_wconf 77' lang='lat' dir='ltr'><strong>infernis</strong></span> <span class='ocrx_word' id='word_1_915' title='bbox 568 5049 667 5100; x_wconf 86' lang='lat' dir='ltr'><strong>est,</strong></span> <span class='ocrx_word' id='word_1_916' title='bbox 701 5042 905 5095; x_wconf 82' lang='lat' dir='ltr'><strong>etiamsi</strong></span> <span class='ocrx_word' id='word_1_917' title='bbox 936 5042 1344 5109; x_wconf 87' lang='lat' dir='ltr'><strong>comparatione</strong></span> <span class='ocrx_word' id='word_1_918' title='bbox 1375 5037 1611 5091; x_wconf 87' lang='lat' dir='ltr'><strong>locorum</strong></span> <span class='ocrx_word' id='word_1_919' title='bbox 1663 5035 1732 5087; x_wconf 84' lang='lat' dir='ltr'><strong>sit</strong></span> <span class='ocrx_word' id='word_1_920' title='bbox 1758 5050 1824 5087; x_wconf 80' lang='lat' dir='ltr'><strong>ex</strong></span> 
     </span>
    </p>
   </div>
   <div class='ocr_carea' id='block_1_102' title="bbox 302 5124 1821 5200">
    <p class='ocr_par' dir='ltr' id='par_1_102' title="bbox 302 5124 1821 5200">
     <span class='ocr_line' id='line_1_102' title="bbox 302 5124 1821 5200; baseline -0.002 -22"><span class='ocrx_word' id='word_1_921' title='bbox 302 5129 542 5193; x_wconf 79' lang='lat' dir='ltr'><strong>supernis</strong></span> <span class='ocrx_word' id='word_1_922' title='bbox 576 5146 591 5181; x_wconf 91' lang='lat'><strong>:</strong></span> <span class='ocrx_word' id='word_1_923' title='bbox 625 5131 851 5198; x_wconf 87' lang='lat' dir='ltr'><strong>licetque</strong></span> <span class='ocrx_word' id='word_1_924' title='bbox 900 5131 1137 5200; x_wconf 83' lang='lat' dir='ltr'><strong>profecto</strong></span> <span class='ocrx_word' id='word_1_925' title='bbox 1171 5131 1468 5195; x_wconf 87' lang='lat' dir='ltr'><strong>cuicunque</strong></span> <span class='ocrx_word' id='word_1_926' title='bbox 1506 5124 1594 5193; x_wconf 85' lang='lat' dir='ltr'><strong>qui</strong></span> <span class='ocrx_word' id='word_1_927' title='bbox 1626 5138 1692 5177; x_wconf 81' lang='lat' dir='ltr'><strong>ex</strong></span> <span class='ocrx_word' id='word_1_928' title='bbox 1741 5125 1821 5176; x_wconf 89' lang='lat' dir='ltr'><strong>in-</strong></span> 
     </span>
    </p>
   </div>
   <div class='ocr_carea' id='block_1_103' title="bbox 303 5213 1825 5293">
    <p class='ocr_par' dir='ltr' id='par_1_103' title="bbox 303 5213 1825 5293">
     <span class='ocr_line' id='line_1_103' title="bbox 303 5213 1825 5293; baseline -0.003 -25"><span class='ocrx_word' id='word_1_929' title='bbox 303 5213 586 5293; x_wconf 69' lang='lat' dir='ltr'><strong>fernis,_et</strong></span> <span class='ocrx_word' id='word_1_930' title='bbox 629 5234 693 5272; x_wconf 82' lang='lat' dir='ltr'><strong>ex</strong></span> <span class='ocrx_word' id='word_1_931' title='bbox 731 5221 832 5275; x_wconf 82' lang='lat' dir='ltr'><strong>hoc</strong></span> <span class='ocrx_word' id='word_1_932' title='bbox 869 5221 1085 5283; x_wconf 83' lang='lat' dir='ltr'><strong>mundo.</strong></span> <span class='ocrx_word' id='word_1_933' title='bbox 1114 5229 1166 5273; x_wconf 85' lang='lat' dir='ltr'><strong>et</strong></span> <span class='ocrx_word' id='word_1_934' title='bbox 1189 5234 1218 5272; x_wconf 90' lang='lat' dir='ltr'><strong>e</strong></span> <span class='ocrx_word' id='word_1_935' title='bbox 1247 5229 1387 5272; x_wconf 90' lang='lat' dir='ltr'><strong>terra</strong></span> <span class='ocrx_word' id='word_1_936' title='bbox 1421 5214 1603 5278; x_wconf 83' lang='lat' dir='ltr'><strong>fuerit,</strong></span> <span class='ocrx_word' id='word_1_937' title='bbox 1636 5214 1825 5266; x_wconf 46' lang='lat' dir='ltr'><strong>immu‘</strong></span> 
     </span>
    </p>
   </div>
   <div class='ocr_carea' id='block_1_104' title="bbox 372 5346 1884 5418">
    <p class='ocr_par' dir='ltr' id='par_1_104' title="bbox 372 5347 1881 5418">
     <span class='ocr_line' id='line_1_104' title="bbox 372 5347 1881 5418; baseline -0.001 -16"><span class='ocrx_word' id='word_1_938' title='bbox 372 5349 417 5379; x_wconf 83' lang='lat'><strong>&quot;</strong></span> <span class='ocrx_word' id='word_1_939' title='bbox 439 5347 591 5402; x_wconf 80' lang='lat' dir='ltr'><strong>Joan.</strong></span> <span class='ocrx_word' id='word_1_940' title='bbox 615 5365 731 5416; x_wconf 89' lang='lat' dir='ltr'><strong>vm,</strong></span> <span class='ocrx_word' id='word_1_941' title='bbox 761 5352 847 5406; x_wconf 75' lang='grc'><strong>23.</strong></span> <span class='ocrx_word' id='word_1_942' title='bbox 924 5354 969 5384; x_wconf 80' lang='grc'><strong>⁸⁸</strong></span> <span class='ocrx_word' id='word_1_943' title='bbox 997 5352 1147 5407; x_wconf 81' lang='lat' dir='ltr'><strong>Joan.</strong></span> <span class='ocrx_word' id='word_1_944' title='bbox 1172 5369 1253 5418; x_wconf 88' lang='grc' dir='ltr'>ιιι,</span> <span class='ocrx_word' id='word_1_945' title='bbox 1280 5355 1366 5417; x_wconf 72' lang='grc'><strong>51,</strong></span> <span class='ocrx_word' id='word_1_946' title='bbox 1396 5356 1482 5407; x_wconf 76' lang='lat'><strong>32.</strong></span> <span class='ocrx_word' id='word_1_947' title='bbox 1557 5353 1597 5384; x_wconf 84' lang='grc'><strong>⁵⁷</strong></span> <span class='ocrx_word' id='word_1_948' title='bbox 1625 5350 1836 5406; x_wconf 88' lang='lat' dir='ltr'><strong>Coloss.</strong></span> <span class='ocrx_word' id='word_1_949' title='bbox 1867 5363 1881 5400; x_wconf 93' lang='grc' dir='ltr'><strong>ι</strong></span> 
     </span>
    </p>
   </div>
   <div class='ocr_carea' id='block_1_105' title="bbox 1069 5346 2581 5418">
    <p class='ocr_par' dir='ltr' id='par_1_105' title="bbox 1069 5346 2581 5418">
     <span class='ocr_line' id='line_1_105' title="bbox 1069 5346 2581 5418; baseline 0.003 -13"><span class='ocrx_word' id='word_1_950' title='bbox 1069 5369 1147 5407; x_wconf 77' lang='lat' dir='ltr'><strong>an.</strong></span> <span class='ocrx_word' id='word_1_951' title='bbox 1172 5369 1253 5418; x_wconf 88' lang='grc' dir='ltr'>ιιι,</span> <span class='ocrx_word' id='word_1_952' title='bbox 1280 5355 1366 5417; x_wconf 72' lang='grc'><strong>51,</strong></span> <span class='ocrx_word' id='word_1_953' title='bbox 1396 5356 1482 5407; x_wconf 76' lang='lat'><strong>32.</strong></span> <span class='ocrx_word' id='word_1_954' title='bbox 1557 5353 1597 5384; x_wconf 84' lang='grc'><strong>⁵⁷</strong></span> <span class='ocrx_word' id='word_1_955' title='bbox 1625 5350 1836 5406; x_wconf 88' lang='lat' dir='ltr'><strong>Coloss.</strong></span> <span class='ocrx_word' id='word_1_956' title='bbox 1867 5363 1905 5409; x_wconf 82' lang='grc' dir='ltr'><strong>ι,</strong></span> <span class='ocrx_word' id='word_1_957' title='bbox 1932 5346 2015 5400; x_wconf 79' lang='lat' dir='ltr'><strong>l5.</strong></span> <span class='ocrx_word' id='word_1_958' title='bbox 2091 5347 2136 5379; x_wconf 84' lang='grc'><strong>⁵⁸</strong></span> <span class='ocrx_word' id='word_1_959' title='bbox 2166 5349 2186 5401; x_wconf 89' lang='grc' dir='ltr'><strong>ι</strong></span> <span class='ocrx_word' id='word_1_960' title='bbox 2213 5349 2338 5403; x_wconf 86' lang='lat' dir='ltr'><strong>Cor.</strong></span> <span class='ocrx_word' id='word_1_961' title='bbox 2378 5368 2467 5418; x_wconf 69' lang='lat' dir='ltr'><strong>xv,</strong></span> <span class='ocrx_word' id='word_1_962' title='bbox 2491 5357 2581 5411; x_wconf 71' lang='grc'><strong>4⁸7.</strong></span> 
     </span>
    </p>
   </div>
   <div class='ocr_carea' id='block_1_106' title="bbox 380 5452 1830 5530">
    <p class='ocr_par' dir='ltr' id='par_1_106' title="bbox 380 5452 1830 5530">
     <span class='ocr_line' id='line_1_106' title="bbox 380 5452 1830 5530; baseline -0.007 -13"><span class='ocrx_word' id='word_1_963' title='bbox 380 5452 1047 5530; x_wconf 56' lang='lat' dir='ltr'><strong>(89)_00dex_l_larberinus</strong></span> <span class='ocrx_word' id='word_1_964' title='bbox 1082 5461 1403 5530; x_wconf 79' lang='lat' dir='ltr'><strong>in_margine</strong></span> <span class='ocrx_word' id='word_1_965' title='bbox 1451 5462 1608 5514; x_wconf 84' lang='lat' dir='ltr'><strong>habet</strong></span> <span class='ocrx_word' id='word_1_966' title='bbox 1660 5456 1830 5510; x_wconf 80' lang='grc' dir='ltr'>τοιού-</span> 
     </span>
    </p>
   </div>
   <div class='ocr_carea' id='block_1_107' title="bbox 310 5526 1415 5593">
    <p class='ocr_par' dir='ltr' id='par_1_107' title="bbox 310 5526 1415 5593">
     <span class='ocr_line' id='line_1_107' title="bbox 310 5526 1415 5593; baseline 0.005 -20"><span class='ocrx_word' id='word_1_967' title='bbox 310 5526 653 5593; x_wconf 43' lang='grc' dir='ltr'>τοιίιρῑςιιιιε</span> <span class='ocrx_word' id='word_1_968' title='bbox 676 5526 880 5593; x_wconf 56' lang='lat' dir='ltr'><strong>videtur</strong></span> <span class='ocrx_word' id='word_1_969' title='bbox 914 5527 1099 5593; x_wconf 79' lang='lat' dir='ltr'><strong>legisse</strong></span> <span class='ocrx_word' id='word_1_970' title='bbox 1120 5526 1415 5579; x_wconf 86' lang='lat' dir='ltr'><strong>Ferrarius.</strong></span> 
     </span>
    </p>
   </div>
   <div class='ocr_carea' id='block_1_108' title="bbox 382 5585 1794 5662">
    <p class='ocr_par' dir='ltr' id='par_1_108' title="bbox 382 5585 1794 5662">
     <span class='ocr_line' id='line_1_108' title="bbox 382 5585 1794 5662; baseline 0.004 -27"><span class='ocrx_word' id='word_1_971' title='bbox 382 5585 489 5651; x_wconf 78' lang='lat'><strong>(85)</strong></span> <span class='ocrx_word' id='word_1_972' title='bbox 517 5585 691 5641; x_wconf 79' lang='lat' dir='ltr'><strong>Codex</strong></span> <span class='ocrx_word' id='word_1_973' title='bbox 714 5585 1050 5656; x_wconf 68' lang='lat' dir='ltr'><strong>Bodleianiis,</strong></span> <span class='ocrx_word' id='word_1_974' title='bbox 1081 5593 1192 5662; x_wconf 80' lang='grc' dir='ltr'>τῆς·</span> <span class='ocrx_word' id='word_1_975' title='bbox 1224 5594 1438 5662; x_wconf 77' lang='lat' dir='ltr'><strong>Regius,</strong></span> <span class='ocrx_word' id='word_1_976' title='bbox 1470 5594 1610 5661; x_wconf 76' lang='grc' dir='ltr'>τούς,</span> <span class='ocrx_word' id='word_1_977' title='bbox 1641 5592 1794 5647; x_wconf 83' lang='lat' dir='ltr'><strong>male.</strong></span> 
     </span>
    </p>
   </div>
   <div class='ocr_carea' id='block_1_109' title="bbox 1924 4408 3621 4496">
    <p class='ocr_par' dir='ltr' id='par_1_109' title="bbox 1924 4408 3621 4496">
     <span class='ocr_line' id='line_1_109' title="bbox 1924 4408 3621 4496; baseline 0.027 -47"><span class='ocrx_word' id='word_1_978' title='bbox 1924 4412 2125 4478; x_wconf 75' lang='grc' dir='ltr'>κόσμου</span> <span class='ocrx_word' id='word_1_979' title='bbox 2176 4408 2364 4459; x_wconf 86' lang='grc' dir='ltr'>τούτου</span> <span class='ocrx_word' id='word_1_980' title='bbox 2418 4408 2490 4479; x_wconf 78' lang='grc' dir='ltr'>μὴ</span> <span class='ocrx_word' id='word_1_981' title='bbox 2521 4411 2738 4475; x_wconf 82' lang='grc' dir='ltr'>πάντως</span> <span class='ocrx_word' id='word_1_982' title='bbox 2777 4412 2924 4470; x_wconf 82' lang='grc' dir='ltr'>εἶναι</span> <span class='ocrx_word' id='word_1_983' title='bbox 2972 4423 3078 4474; x_wconf 69' lang='grc' dir='ltr'>καὶ</span> <span class='ocrx_word' id='word_1_984' title='bbox 3116 4427 3202 4480; x_wconf 78' lang='grc' dir='ltr'>ὲκ</span> <span class='ocrx_word' id='word_1_985' title='bbox 3247 4433 3387 4487; x_wconf 61' lang='grc' dir='ltr'><strong>⁴τῶν</strong></span> <span class='ocrx_word' id='word_1_986' title='bbox 3421 4440 3621 4496; x_wconf 79' lang='grc' dir='ltr'>κάτω.</span> 
     </span>
    </p>
   </div>
   <div class='ocr_carea' id='block_1_110' title="bbox 1934 4496 3627 4594">
    <p class='ocr_par' dir='ltr' id='par_1_110' title="bbox 1934 4496 3627 4594">
     <span class='ocr_line' id='line_1_110' title="bbox 1934 4496 3627 4594; baseline 0.037 -70"><span class='ocrx_word' id='word_1_987' title='bbox 1934 4498 1993 4594; x_wconf 40' lang='grc' dir='ltr'>ιο</span> <span class='ocrx_word' id='word_1_988' title='bbox 2025 4498 2132 4594; x_wconf 57' lang='grc' dir='ltr'><strong>γὰ-ρ</strong></span> <span class='ocrx_word' id='word_1_989' title='bbox 2163 4496 2382 4594; x_wconf 53' lang='grc' dir='ltr'>πῗλλίτης</span> <span class='ocrx_word' id='word_1_990' title='bbox 2426 4497 2531 4594; x_wconf 59' lang='grc' dir='ltr'><strong>των</strong></span> <span class='ocrx_word' id='word_1_991' title='bbox 2566 4502 2981 4594; x_wconf 58' lang='grc' dir='ltr'>σωμόιτωγῶρα</span> <span class='ocrx_word' id='word_1_992' title='bbox 3014 4512 3066 4563; x_wconf 73' lang='grc' dir='ltr'>εἰ</span> <span class='ocrx_word' id='word_1_993' title='bbox 3124 4515 3280 4573; x_wconf 76' lang='grc' dir='ltr'>ἔστι</span> <span class='ocrx_word' id='word_1_994' title='bbox 3326 4525 3449 4593; x_wconf 78' lang='grc' dir='ltr'>μέν</span> <span class='ocrx_word' id='word_1_995' title='bbox 3490 4545 3627 4594; x_wconf 85' lang='grc' dir='ltr'><strong>πως</strong></span> 
     </span>
    </p>
   </div>
   <div class='ocr_carea' id='block_1_111' title="bbox 1926 4585 3624 4675">
    <p class='ocr_par' dir='ltr' id='par_1_111' title="bbox 1926 4585 3624 4675">
     <span class='ocr_line' id='line_1_111' title="bbox 1926 4585 3624 4675; baseline 0.005 -38"><span class='ocrx_word' id='word_1_996' title='bbox 1926 4591 1988 4641; x_wconf 78' lang='grc' dir='ltr'>ὲκ</span> <span class='ocrx_word' id='word_1_997' title='bbox 2021 4586 2112 4638; x_wconf 80' lang='grc' dir='ltr'>τοῦ</span> <span class='ocrx_word' id='word_1_998' title='bbox 2157 4586 2357 4654; x_wconf 84' lang='grc' dir='ltr'>κόσμου</span> <span class='ocrx_word' id='word_1_999' title='bbox 2392 4585 2604 4649; x_wconf 80' lang='grc' dir='ltr'>τούτου,</span> <span class='ocrx_word' id='word_1_1000' title='bbox 2653 4590 2714 4641; x_wconf 78' lang='grc' dir='ltr'>οὐ</span> <span class='ocrx_word' id='word_1_1001' title='bbox 2756 4591 2864 4663; x_wconf 78' lang='grc' dir='ltr'>μὴν</span> <span class='ocrx_word' id='word_1_1002' title='bbox 2899 4597 2970 4650; x_wconf 77' lang='grc' dir='ltr'>ἐκ</span> <span class='ocrx_word' id='word_1_1003' title='bbox 3003 4599 3125 4655; x_wconf 81' lang='grc' dir='ltr'><strong>τῶν</strong></span> <span class='ocrx_word' id='word_1_1004' title='bbox 3156 4585 3470 4675; x_wconf 41' lang='grc' dir='ltr'><strong>τοπιξῶς</strong></span> <span class='ocrx_word' id='word_1_1005' title='bbox 3506 4585 3624 4669; x_wconf 62' lang='grc' dir='ltr'><strong>κάξ</strong></span> 
     </span>
    </p>
   </div>
   <div class='ocr_carea' id='block_1_112' title="bbox 1929 4674 3623 4773">
    <p class='ocr_par' dir='ltr' id='par_1_112' title="bbox 1929 4674 3623 4773">
     <span class='ocr_line' id='line_1_112' title="bbox 1929 4674 3623 4773; baseline -0.001 -44"><span class='ocrx_word' id='word_1_1006' title='bbox 1929 4692 2029 4729; x_wconf 84' lang='grc' dir='ltr'>τω·</span> <span class='ocrx_word' id='word_1_1007' title='bbox 2055 4674 2189 4743; x_wconf 82' lang='grc' dir='ltr'>πλὴν</span> <span class='ocrx_word' id='word_1_1008' title='bbox 2218 4674 2311 4727; x_wconf 70' lang='grc' dir='ltr'><strong>καὶ</strong></span> <span class='ocrx_word' id='word_1_1009' title='bbox 2342 4675 2521 4738; x_wconf 82' lang='grc' dir='ltr'>αὐτὸς,</span> <span class='ocrx_word' id='word_1_1010' title='bbox 2544 4676 2619 4740; x_wconf 83' lang='grc' dir='ltr'>ὡς</span> <span class='ocrx_word' id='word_1_1011' title='bbox 2656 4679 2794 4749; x_wconf 78' lang='grc' dir='ltr'>πρὸς</span> <span class='ocrx_word' id='word_1_1012' title='bbox 2829 4683 3141 4756; x_wconf 79' lang='grc' dir='ltr'>σύγκρισιν</span> <span class='ocrx_word' id='word_1_1013' title='bbox 3166 4696 3319 4750; x_wconf 71' lang='grc' dir='ltr'><strong>τῶν</strong></span> <span class='ocrx_word' id='word_1_1014' title='bbox 3348 4705 3623 4773; x_wconf 51' lang='grc' dir='ltr'><strong>νοητῶν,</strong></span> 
     </span>
    </p>
   </div>
   <div class='ocr_carea' id='block_1_113' title="bbox 1926 4764 3631 4852">
    <p class='ocr_par' dir='ltr' id='par_1_113' title="bbox 1926 4764 3631 4852">
     <span class='ocr_line' id='line_1_113' title="bbox 1926 4764 3631 4852; baseline 0.016 -38"><span class='ocrx_word' id='word_1_1015' title='bbox 1926 4769 1988 4819; x_wconf 73' lang='grc' dir='ltr'>ὲκ</span> <span class='ocrx_word' id='word_1_1016' title='bbox 2019 4765 2123 4817; x_wconf 85' lang='grc' dir='ltr'>τῶν</span> <span class='ocrx_word' id='word_1_1017' title='bbox 2154 4764 2300 4816; x_wconf 83' lang='grc' dir='ltr'>κάτω</span> <span class='ocrx_word' id='word_1_1018' title='bbox 2322 4780 2333 4793; x_wconf 89' lang='grc'><strong>·</strong></span> <span class='ocrx_word' id='word_1_1019' title='bbox 2366 4766 2457 4816; x_wconf 76' lang='grc' dir='ltr'>καὶ</span> <span class='ocrx_word' id='word_1_1020' title='bbox 2485 4765 2595 4835; x_wconf 82' lang='grc' dir='ltr'>γὰρ</span> <span class='ocrx_word' id='word_1_1021' title='bbox 2642 4772 2753 4833; x_wconf 79' lang='grc' dir='ltr'>πᾶς</span> <span class='ocrx_word' id='word_1_1022' title='bbox 2785 4773 2814 4823; x_wconf 92' lang='lat'><strong>6</strong></span> <span class='ocrx_word' id='word_1_1023' title='bbox 2844 4774 2957 4825; x_wconf 85' lang='grc' dir='ltr'><strong>τῶν</strong></span> <span class='ocrx_word' id='word_1_1024' title='bbox 2987 4775 3415 4852; x_wconf 81' lang='grc' dir='ltr'>βλεπομένων</span> <span class='ocrx_word' id='word_1_1025' title='bbox 3449 4764 3631 4849; x_wconf 52' lang='grc' dir='ltr'>Σκολίᾲ</span> 
     </span>
    </p>
   </div>
   <div class='ocr_carea' id='block_1_114' title="bbox 1924 4853 3630 4938">
    <p class='ocr_par' dir='ltr' id='par_1_114' title="bbox 1924 4853 3630 4938">
     <span class='ocr_line' id='line_1_114' title="bbox 1924 4853 3630 4938; baseline 0.014 -36"><span class='ocrx_word' id='word_1_1026' title='bbox 1924 4870 2039 4923; x_wconf 82' lang='grc' dir='ltr'>της,</span> <span class='ocrx_word' id='word_1_1027' title='bbox 2077 4853 2167 4904; x_wconf 72' lang='grc' dir='ltr'><strong>καὶ</strong></span> <span class='ocrx_word' id='word_1_1028' title='bbox 2189 4853 2625 4922; x_wconf 82' lang='grc' dir='ltr'>παρερχομένων,</span> <span class='ocrx_word' id='word_1_1029' title='bbox 2654 4858 2750 4909; x_wconf 71' lang='grc' dir='ltr'><strong>καὶ</strong></span> <span class='ocrx_word' id='word_1_1030' title='bbox 2778 4864 3174 4934; x_wconf 78' lang='grc' dir='ltr'>προσκαίρων,</span> <span class='ocrx_word' id='word_1_1031' title='bbox 3225 4875 3315 4928; x_wconf 84' lang='grc' dir='ltr'><strong>ἐκ</strong></span> <span class='ocrx_word' id='word_1_1032' title='bbox 3349 4880 3484 4933; x_wconf 86' lang='grc' dir='ltr'>τῶν</span> <span class='ocrx_word' id='word_1_1033' title='bbox 3510 4885 3630 4938; x_wconf 83' lang='grc' dir='ltr'><strong>κά.</strong></span> 
     </span>
    </p>
   </div>
   <div class='ocr_carea' id='block_1_115' title="bbox 1926 4943 3628 5032">
    <p class='ocr_par' dir='ltr' id='par_1_115' title="bbox 1926 4943 3628 5032">
     <span class='ocr_line' id='line_1_115' title="bbox 1926 4943 3628 5032; baseline 0.022 -37"><span class='ocrx_word' id='word_1_1034' title='bbox 1926 4961 2002 4996; x_wconf 86' lang='grc' dir='ltr'><strong>τω</strong></span> <span class='ocrx_word' id='word_1_1035' title='bbox 2031 4944 2163 5005; x_wconf 72' lang='grc' dir='ltr'>ἐστὶ,</span> <span class='ocrx_word' id='word_1_1036' title='bbox 2195 4943 2297 4995; x_wconf 83' lang='grc' dir='ltr'>κᾶν</span> <span class='ocrx_word' id='word_1_1037' title='bbox 2345 4947 2401 4995; x_wconf 84' lang='grc' dir='ltr'>ὲν</span> <span class='ocrx_word' id='word_1_1038' title='bbox 2451 4946 2735 5017; x_wconf 82' lang='grc' dir='ltr'>συγκρίσει</span> <span class='ocrx_word' id='word_1_1039' title='bbox 2788 4951 2975 5007; x_wconf 76' lang='grc' dir='ltr'>τόπων</span> <span class='ocrx_word' id='word_1_1040' title='bbox 3011 4957 3080 5007; x_wconf 77' lang='grc' dir='ltr'>ὲκ</span> <span class='ocrx_word' id='word_1_1041' title='bbox 3120 4961 3269 5016; x_wconf 83' lang='grc' dir='ltr'>τῶν</span> <span class='ocrx_word' id='word_1_1042' title='bbox 3310 4970 3628 5032; x_wconf 79' lang='grc' dir='ltr'>ἀνωτάτω</span> 
     </span>
    </p>
   </div>
   <div class='ocr_carea' id='block_1_116' title="bbox 1926 5032 3625 5121">
    <p class='ocr_par' dir='ltr' id='par_1_116' title="bbox 1926 5032 3625 5121">
     <span class='ocr_line' id='line_1_116' title="bbox 1926 5032 3625 5121; baseline 0.019 -37"><span class='ocrx_word' id='word_1_1043' title='bbox 1926 5033 2184 5121; x_wconf 70' lang='grc' dir='ltr'>τυγχανῃ,</span> <span class='ocrx_word' id='word_1_1044' title='bbox 2218 5032 2433 5121; x_wconf 61' lang='grc' dir='ltr'>Ἔξεστι</span> <span class='ocrx_word' id='word_1_1045' title='bbox 2463 5034 2712 5104; x_wconf 81' lang='grc' dir='ltr'>μέντοιγε</span> <span class='ocrx_word' id='word_1_1046' title='bbox 2744 5039 2837 5092; x_wconf 82' lang='grc' dir='ltr'><strong>τὸν</strong></span> <span class='ocrx_word' id='word_1_1047' title='bbox 2882 5043 2950 5096; x_wconf 83' lang='grc' dir='ltr'>ὲκ</span> <span class='ocrx_word' id='word_1_1048' title='bbox 2982 5044 3096 5098; x_wconf 83' lang='grc' dir='ltr'>τῶν</span> <span class='ocrx_word' id='word_1_1049' title='bbox 3134 5051 3364 5121; x_wconf 81' lang='grc' dir='ltr'>κάτω,</span> <span class='ocrx_word' id='word_1_1050' title='bbox 3402 5065 3516 5116; x_wconf 74' lang='grc' dir='ltr'><strong>καὶ</strong></span> <span class='ocrx_word' id='word_1_1051' title='bbox 3551 5068 3625 5121; x_wconf 75' lang='grc' dir='ltr'>ὲκ</span> 
     </span>
    </p>
   </div>
   <div class='ocr_carea' id='block_1_117' title="bbox 1924 5118 3626 5215">
    <p class='ocr_par' dir='ltr' id='par_1_117' title="bbox 1924 5118 3626 5215">
     <span class='ocr_line' id='line_1_117' title="bbox 1924 5118 3626 5215; baseline 0.025 -48"><span class='ocrx_word' id='word_1_1052' title='bbox 1924 5118 2016 5170; x_wconf 78' lang='grc' dir='ltr'>τοῦ</span> <span class='ocrx_word' id='word_1_1053' title='bbox 2042 5119 2241 5215; x_wconf 71' lang='grc' dir='ltr'>κόσμου</span> <span class='ocrx_word' id='word_1_1054' title='bbox 2274 5120 2485 5183; x_wconf 86' lang='grc' dir='ltr'>τούτου,</span> <span class='ocrx_word' id='word_1_1055' title='bbox 2538 5124 2633 5177; x_wconf 79' lang='grc' dir='ltr'>καὶ</span> <span class='ocrx_word' id='word_1_1056' title='bbox 2666 5129 2732 5180; x_wconf 80' lang='grc' dir='ltr'>ὲκ</span> <span class='ocrx_word' id='word_1_1057' title='bbox 2764 5128 2866 5197; x_wconf 82' lang='grc' dir='ltr'>τῆς</span> <span class='ocrx_word' id='word_1_1058' title='bbox 2891 5131 2997 5200; x_wconf 74' lang='grc' dir='ltr'>γῆς</span> <span class='ocrx_word' id='word_1_1059' title='bbox 3041 5118 3472 5215; x_wconf 76' lang='grc' dir='ltr'>μεταϐαλεῖν,</span> 
     </span>
    </p>
   </div>
   <div class='ocr_carea' id='block_1_118' title="bbox 1931 5209 3626 5309">
    <p class='ocr_par' dir='ltr' id='par_1_118' title="bbox 1931 5209 3626 5309">
     <span class='ocr_line' id='line_1_118' title="bbox 1931 5209 3626 5309; baseline 0.016 -49"><span class='ocrx_word' id='word_1_1060' title='bbox 1931 5209 2177 5276; x_wconf 83' lang='grc' dir='ltr'>γενέσθαι</span> <span class='ocrx_word' id='word_1_1061' title='bbox 2198 5212 2260 5263; x_wconf 78' lang='grc' dir='ltr'>ἐκ</span> <span class='ocrx_word' id='word_1_1062' title='bbox 2282 5210 2386 5264; x_wconf 80' lang='grc' dir='ltr'>τῶν</span> <span class='ocrx_word' id='word_1_1063' title='bbox 2410 5214 2542 5279; x_wconf 79' lang='grc' dir='ltr'>ἅνω,</span> <span class='ocrx_word' id='word_1_1064' title='bbox 2579 5218 2675 5273; x_wconf 71' lang='grc' dir='ltr'><strong>καὶ</strong></span> <span class='ocrx_word' id='word_1_1065' title='bbox 2703 5222 2903 5293; x_wconf 75' lang='grc' dir='ltr'>μηκέτι</span> <span class='ocrx_word' id='word_1_1066' title='bbox 2933 5226 2996 5277; x_wconf 79' lang='grc' dir='ltr'>ὲκ</span> <span class='ocrx_word' id='word_1_1067' title='bbox 3031 5226 3132 5278; x_wconf 82' lang='grc' dir='ltr'>τοῦ</span> <span class='ocrx_word' id='word_1_1068' title='bbox 3171 5209 3626 5309; x_wconf 45' lang='grc' dir='ltr'>κόσμου’πά-</span> 
     </span>
    </p>
   </div>
   <div class='ocr_carea' id='block_1_119' title="bbox 2662 5360 3167 5424">
    <p class='ocr_par' dir='ltr' id='par_1_119' title="bbox 2662 5360 3167 5424">
     <span class='ocr_line' id='line_1_119' title="bbox 2662 5360 3167 5424; baseline 0.004 -10"><span class='ocrx_word' id='word_1_1069' title='bbox 2662 5360 2708 5394; x_wconf 78' lang='grc'><strong>⁵⁹</strong></span> <span class='ocrx_word' id='word_1_1070' title='bbox 2737 5360 2777 5415; x_wconf 87' lang='grc' dir='ltr'><strong>ιι</strong></span> <span class='ocrx_word' id='word_1_1071' title='bbox 2799 5362 2925 5416; x_wconf 88' lang='lat' dir='ltr'><strong>Cor.</strong></span> <span class='ocrx_word' id='word_1_1072' title='bbox 2963 5377 3037 5424; x_wconf 88' lang='lat' dir='ltr'><strong>Iv,</strong></span> <span class='ocrx_word' id='word_1_1073' title='bbox 3069 5362 3167 5416; x_wconf 73' lang='lat' dir='ltr'><strong>i8.</strong></span> 
     </span>
    </p>
   </div>
   <div class='ocr_carea' id='block_1_120' title="bbox 1939 5454 3626 5547">
    <p class='ocr_par' dir='ltr' id='par_1_120' title="bbox 1939 5454 3626 5547">
     <span class='ocr_line' id='line_1_120' title="bbox 1939 5454 3626 5547; baseline 0 0"><span class='ocrx_word' id='word_1_1074' title='bbox 1939 5454 2128 5547; x_wconf 55' lang='grc' dir='ltr'><strong>,έθὲὶ</strong></span> <span class='ocrx_word' id='word_1_1075' title='bbox 2155 5458 2444 5547; x_wconf 44' lang='lat' dir='ltr'><strong>ETW.-</strong></span> <span class='ocrx_word' id='word_1_1076' title='bbox 2474 5475 2584 5520; x_wconf 73' lang='grc' dir='ltr'><strong>θιο·</strong></span> <span class='ocrx_word' id='word_1_1077' title='bbox 2618 5469 2929 5547; x_wconf 54' lang='lat' dir='ltr'><strong>uisendum</strong></span> <span class='ocrx_word' id='word_1_1078' title='bbox 2964 5470 3196 5547; x_wconf 56' lang='lat' dir='ltr'><strong>“90&#39;s:</strong></span> <span class='ocrx_word' id='word_1_1079' title='bbox 3226 5478 3394 5535; x_wconf 73' lang='grc' dir='ltr'>ὅσον</span> <span class='ocrx_word' id='word_1_1080' title='bbox 3418 5485 3487 5539; x_wconf 71' lang='grc' dir='ltr'><strong>δὲ</strong></span> <span class='ocrx_word' id='word_1_1081' title='bbox 3524 5488 3626 5547; x_wconf 77' lang='grc' dir='ltr'>δεῖ</span> 
     </span>
    </p>
   </div>
   <div class='ocr_carea' id='block_1_121' title="bbox 1935 5523 3624 5614">
    <p class='ocr_par' dir='ltr' id='par_1_121' title="bbox 1935 5523 3624 5614">
     <span class='ocr_line' id='line_1_121' title="bbox 1935 5523 3624 5614; baseline 0 0"><span class='ocrx_word' id='word_1_1082' title='bbox 1935 5523 2348 5614; x_wconf 52' lang='grc' dir='ltr'><strong>Ξῗῖλέῗὲέῖἐλιεξ</strong></span> <span class='ocrx_word' id='word_1_1083' title='bbox 2378 5530 2582 5614; x_wconf 54' lang='lat' dir='ltr'><strong>“me:</strong></span> <span class='ocrx_word' id='word_1_1084' title='bbox 2629 5523 2836 5614; x_wconf 56' lang='grc' dir='ltr'>ξόὲμου</span> <span class='ocrx_word' id='word_1_1085' title='bbox 2895 5523 3624 5614; x_wconf 55' lang='grc' dir='ltr'>συνεξετᾴξεσθαίῗεῖἔῦ</span> 
     </span>
    </p>
   </div>
   <div class='ocr_carea' id='block_1_122' title="bbox 1935 5590 3621 5690">
    <p class='ocr_par' dir='ltr' id='par_1_122' title="bbox 1935 5590 3621 5690">
     <span class='ocr_line' id='line_1_122' title="bbox 1935 5590 3621 5690; baseline 0.012 -45"><span class='ocrx_word' id='word_1_1086' title='bbox 1935 5590 1997 5645; x_wconf 77' lang='grc' dir='ltr'><strong>ἄν</strong></span> <span class='ocrx_word' id='word_1_1087' title='bbox 2031 5590 2389 5657; x_wconf 49' lang='grc' dir='ltr'>τινεςωιὸίΙιι</span> <span class='ocrx_word' id='word_1_1088' title='bbox 2411 5590 2604 5662; x_wconf 63' lang='lat' dir='ltr'><strong>codice</strong></span> <span class='ocrx_word' id='word_1_1089' title='bbox 2635 5590 3074 5668; x_wconf 34' lang='lat' dir='ltr'><strong>Bovilleiatioant&#39;e</strong></span> <span class='ocrx_word' id='word_1_1090' title='bbox 3097 5590 3237 5665; x_wconf 61' lang='grc' dir='ltr'>εἶέν</span> <span class='ocrx_word' id='word_1_1091' title='bbox 3252 5590 3621 5690; x_wconf 51' lang='grc' dir='ltr'><strong>Ῐέῶἱύἶ</strong></span> 
     </span>
    </p>
   </div>
  </div>
