3828 6222
363 268 459 319 567

1787 266 2098 324 ORIGENIS

3470 250 3568 306 διε

358 398 450 441 rar.
500 381 804 436 observabis
833 380 1028 433 dictum
1076 394 1194 434 esse
1234 382 1297 434 de
1330 381 1777 437 descendentibus
1820 385 1868 437 in

1976 382 2066 435 καὶ
2090 382 2215 449 γόνυ
2247 381 2356 449 (90)
2387 380 2745 449 καμπτόντων
2782 380 2843 431 ὲν
2873 376 2957 445 τῷ
2977 374 3220 445 ὀνόματι
3267 364 3465 439 Ἰησοῦ,
3495 384 3574 423 τι·

362 490 561 529 terram
594 474 827 536 verbum,
851 471 1117 533 precidem
1148 487 1167 524 :
1192 486 1415 540 namque
1444 488 1507 525 ex
1552 474 1635 525 his
1665 474 1754 539 qui
1785 489 1876 527 co—

359 580 472 618 ram
518 563 730 617 Christo
759 562 977 627 eadunt,
1027 562 1223 631 quique
1255 578 1389 630 genu
1441 562 1660 616 ﬂectunt
1699 564 1751 616 in
1782 577 1875 617 no.

358 652 497 704 mine
521 647 665 713 Jesu,
701 649 914 718 quidam
946 658 1124 713 antea,
1155 651 1366 717 quidam
1422 661 1540 720 post
1583 666 1761 705 coram
1810 664 1876 704 eo

355 740 537 791 cadent
569 753 583 799 ;
620 746 673 790 et
714 737 955 792 fortassis
989 738 1077 807 qui
1132 747 1253 791 sunt
1293 754 1453 805 super
1487 748 1701 800 terram,
1752 748 1874 793 ante

351 826 562 889 cadent,
585 835 636 878 et
674 833 795 878 ante
837 825 969 879 alios
998 826 1384 892 subjicientur:
1418 826 1674 879 malorum
1727 841 1872 880 nam-

348 927 450 980 que
477 922 558 966 est
591 914 775 967 ultimo
796 915 1018 979 subjici;
1043 929 1199 984 quam
1231 915 1298 966 ob
1322 929 1532 967 causam
1568 931 1587 964 ι
1611 914 1825 969 ultimus
1849 932 1867 965 ι

346 1006 504 1057 etiam
541 1022 559 1054 ε
590 1004 836 1057 inimicus
864 1004 1159 1057 abolebitur
1186 1019 1326 1058 mors
1347 1005 1411 1055 ⁷⁸.
1459 1022 1477 1054 ι
1509 1003 1697 1057 Postea
1729 1018 1873 1070 quae-

350 1107 437 1146 res
465 1108 587 1145 num
613 1094 1057 1160 quemadmodum
1088 1094 1321 1146 locorum
1347 1107 1466 1161 quae
1493 1100 1616 1146 sunt
1644 1092 1870 1154 inferne,

349 1197 414 1235 eo
441 1181 579 1250 quod
629 1182 837 1233 dicatur
884 1184 1009 1249 quid
1064 1181 1323 1244 infimum,
1376 1180 1450 1232 ita
1494 1180 1652 1241 etiam
1687 1192 1871 1231 eorum

345 1285 466 1338 quae
493 1280 616 1323 sunt
662 1284 892 1337 superne
922 1310 936 1331 ,
987 1270 1050 1321 sit
1088 1269 1383 1322 differentia
1417 1286 1429 1323 :
1470 1269 1625 1335 idque
1652 1281 1873 1333 praesero

349 1359 467 1420 tim,
502 1357 754 1424 quoniam
791 1357 933 1424 regni
972 1356 1223 1408 ccelorum
1267 1355 1547 1409 hmrcditas
1580 1354 1733 1408 nobis
1780 1354 1874 1407 ob-

350 1448 521 1513 tingat
556 1462 570 1498 ;
605 1447 694 1514 qui
726 1447 845 1499 caeli
877 1461 1061 1499 omnes
1086 1447 1398 1499 hmrcditate
1423 1444 1572 1498 nobis
1592 1443 1868 1511 obtingeu-

346 1544 429 1587 tes
457 1550 575 1587 cum
599 1537 707 1589 siut
730 1550 976 1603 superne,
1016 1550 1116 1587 non
1151 1534 1422 1600 aequaliter
1444 1540 1619 1586 tamen
1651 1533 1788 1585 inter
1816 1546 1872 1586 se

349 1625 546 1677 habent
572 1625 699 1678 illud
722 1640 965 1692 superne.
990 1624 1124 1688 Quin
1171 1624 1334 1677 etiam
1370 1624 1411 1676 si
1436 1624 1627 1675 anima:
1659 1630 1871 1690 propter

1975 471 2061 532 νὲς
2088 472 2183 539 μὲν
2226 469 2482 537 πρότερον
2513 468 2647 535 (91),
2680 465 2831 528 τινὲς
2879 465 2939 518 δὲ
2969 465 3212 531 ὓστερον
3241 457 3574 529 προσπεσοῦν-

1973 577 2059 613 ται
2092 558 2237 626 αὑτῷ
2261 575 2275 587 ⁸
2327 557 2421 609 καὶ
2466 555 2602 624 τάχα
2634 557 2680 607 oi
2712 556 2807 607 ἐπὶ
2855 554 2969 621 γῆς
2996 548 3437 621 προσπεσοῦνται,
3482 544 3571 598 καὶ

1973 648 2077 718 πρὸ
2102 648 2300 717 ἐτέρων
2333 643 2798 713 ὑποταχθήσονται
2825 642 2940 712 (92)
2966 658 2980 670 ’
3042 638 3326 709 χειρόνων
3370 636 3477 705 γὰρ
3516 634 3573 687 τὸ

1973 735 2189 805 ὕστερον
2217 732 2626 793 ὑποτάσσεσθαι,
2641 732 2719 784 διὸ
2753 732 2850 785 καὶ
2890 748 2910 780 ι
2949 729 3189 797 ἔσχατος
3214 725 3421 797 ἐχθρὸς
3443 740 3570 777 κατ-

1971 827 2212 895 αργεῖται
2241 825 2268 874 6
2293 822 2534 884 Θάνατος.
2566 840 2583 871 ι
2622 820 2780 875 Μετὰ
2831 819 3018 872 ταῦτα
3051 817 3327 889 ζητήσεις
3368 816 3438 878 εί,
3467 812 3570 865 ῶσ-

1972 936 2076 989 περ
2110 918 2225 970 ὲστὶ
2257 916 2360 969 τῶν
2403 917 2550 968 κάτω
2587 913 2824 983 διαφορὰ
2864 913 2956 965 διά
2986 912 3051 964 τὸ
3085 909 3361 979 λέγεσθαί
3396 925 3447 960 τι
3480 924 3574 960 κα·
3642 942 3651 949 -

1970 1008 2209 1068 τωτάτω,
2238 1006 2409 1068 οὑτως
2439 1006 2531 1058 καὶ
2561 1005 2668 1056 τῶν
2700 1004 2813 1057 ἄνω
2841 1002 3138 1072 διαφοραί·
3180 999 3433 1070 μάλιστα
3456 998 3573 1050 ἐπεὶ

1971 1090 2295 1160 κληρονομία
2324 1092 2438 1142 ἐστὶ
2460 1090 2730 1159 βασιλείας
2748 1091 2860 1158 (95)
2887 1087 3167 1159 οὐρανῶν·
3188 1087 3425 1139 πάντων
3446 1086 3572 1154 κλη-

1974 1181 2378 1250 ρονομουμένων
2408 1179 2652 1250 οὐρανῶν
2697 1179 2869 1232 ὄντων
2902 1179 3042 1242 ἄνω,
3094 1176 3210 1230 ἀλλ’
3244 1177 3353 1246 οὑχ
3379 1175 3572 1246 ὁμοίως

1970 1273 2193 1341 ἐχόντων
2220 1271 2278 1322 τὸ
2309 1267 2441 1322 εἶναι
2474 1270 2604 1323 ἄνω.
2655 1268 2817 1321 Ἀλλὰ
2848 1267 2945 1320 καὶ
2977 1267 3074 1318 ἐπὶ
3107 1270 3209 1336 τῆς
3249 1265 3459 1334 νοητῆς
3485 1280 3573 1316 κα-

1970 1360 2245 1419 ταϐάσεως
2263 1359 2371 1426 (94)
2390 1359 2487 1425 τῆς
2503 1357 2676 1425 ψυχῆς
2693 1357 2781 1408 διὰ
2792 1355 2890 1425 τὴν
2911 1357 3138 1417 κακίαν,
3151 1356 3251 1406 καὶ
3280 1354 3354 1405 τὰ
3373 1352 3571 1423 μοχθη-

1974 1448 2041 1518 ρὰ
2064 1448 2322 1516 δόγματα,
2352 1447 2445 1498 καὶ
2468 1445 2664 1515 νοητῆς
2686 1445 3011 1506 ἀναϐάσεως
3036 1444 3214 1512 αὐτῆς
3241 1443 3566 1511 ἐπιστήσας,

1970 1538 2067 1606 οὑχ
2110 1536 2291 1598 ἁπλῶς
2324 1535 2432 1603 (95)
2472 1535 2724 1604 εὑρήσεις
2768 1533 3039 1603 διαφοράν
3064 1549 3077 1562 ’
3128 1531 3421 1583 ὲπιπλεῖον
3464 1528 3571 1600 γὰρ

1971 1625 2169 1694 νοητῶς
2215 1622 2648 1676 καταϐαινουσῶν
2693 1624 2931 1693 νοήσεις.
2987 1623 3146 1689 Ἀμα
3181 1620 3243 1673 δὲ
3274 1621 3381 1689 ὅρα
3415 1621 3462 1671 εί
3497 1618 3568 1688 μὴ

345 1715 604 1768 malitiam
636 1725 689 1768 et
715 1690 874 1782 prava
898 1713 1053 1783 305
1076 1715 1341 1780 dogmata,
1365 1712 1744 1780 intelligibilem
1778 1725 1868 1764 no-

1973 1690 2385 1781 μυστικώτερον,
2438 1709 2531 1761 καὶ
2558 1709 2618 1760 οὑ
2658 1690 2924 1770 τοπικῶς,
2979 1707 3116 1780 περὶ
3163 1707 3272 1775 τῆς
3305 1706 3416 1776 (96)
3468 1706 3568 1775 Ἰη-

348 1803 552 1856 taveris
581 1803 919 1863 descensum,
965 1812 1019 1854 et
1072 1800 1451 1870 intelligibilem
1494 1799 1655 1867 ipsius
1689 1812 1873 1851 ascen-

346 1904 496 1952 sum,
546 1905 648 1944 nou
700 1903 918 1955 parvam
974 1890 1211 1942 invenies
1262 1887 1609 1941 differentiam
1650 1903 1665 1937 :
1716 1885 1874 1939 latius

346 1978 488 2029 enim
524 1977 890 2031 considerabis
933 1976 1333 2045 intelligibiliter
1365 1976 1761 2030 descendentes.
1790 1975 1876 2027 Si-

346 2064 455 2117 mul
483 2066 643 2141 etiam
686 2067 804 2119 vide
835 2081 898 2118 an
941 2080 1041 2118 non
1089 2066 1363 2118 sacratiori
1397 2065 1550 2117 modo
1578 2075 1627 2116 et
1660 2078 1762 2116 non
1800 2064 1875 2117 lo—

346 2154 533 2208 caliter
559 2155 823 2222 intelligas
846 2156 910 2207 de
939 2155 1111 2207 anima
1142 2153 1265 2209 Jesu
1296 2155 1421 2207 illud
1455 2170 1469 2205 :
1511 2172 1529 2204 ι
1559 2154 1654 2219 Qui
1684 2168 1872 2207 ascen-

345 2241 424 2293 dit
478 2255 638 2309 super
674 2255 859 2295 omnes
901 2242 1061 2296 cadus
1114 2243 1159 2273 ⁷⁸
1205 2260 1218 2293 :
1279 2261 1298 2293 ι
1362 2258 1480 2294 nam
1533 2241 1873 2309 intelligibilis

348 2342 620 2383 ascensus
657 2329 800 2382 illius
845 2331 1036 2383 animm
1088 2331 1222 2382 ultra
1276 2330 1432 2383 etiam
1481 2344 1667 2383 omnes
1710 2330 1873 2384 caelos

347 2418 620 2480 transiliit,
647 2415 882 2485 jamque,
916 2428 973 2469 ut
1011 2419 1079 2470 ita
1107 2418 1308 2479 dicam,
1334 2420 1399 2470 ad
1432 2418 1600 2485 ipsum
1634 2419 1875 2484 pervenit

345 2505 531 2560 Deum.
559 2507 937 2559 Verumtamen
971 2515 1161 2572 praeter
1189 2506 1327 2557 hunc
1360 2506 1623 2559 visibilem
1652 2516 1705 2559 et
1752 2522 1873 2561 seu—

345 2594 555 2647 sibilem
600 2595 873 2656 mundum,
914 2603 1241 2648 constantem
1290 2609 1319 2647 e
1353 2595 1488 2649 cmlo
1519 2604 1572 2647 et
1606 2605 1765 2658 terra,
1789 2595 1873 2648 vel

349 2698 379 2737 e
432 2682 586 2736 caelis
618 2692 673 2735 et
718 2691 877 2745 terra,
912 2692 994 2735 est
1018 2682 1183 2735 etiam
1239 2682 1380 2734 alius
1406 2684 1618 2749 quidam
1649 2684 1873 2737 mundus

348 2773 531 2840 inquo
581 2780 704 2825 sunt
727 2784 846 2839 qua:
880 2784 983 2823 non
1045 2770 1285 2824 videntur
1314 2789 1327 2824 :
1362 2780 1415 2824 et
1442 2772 1541 2824 hoc
1576 2780 1737 2824 totum
1793 2780 1874 2823 est

345 2860 573 2911 nmndus
622 2857 1041 2925 inaspectabilis,
1094 2858 1334 2933 ‘mundus
1365 2859 1455 2927 qui
1508 2874 1608 2912 non
1644 2860 1868 2922 videtur,

345 2948 578 3000 mundus
610 2947 955 3018 intelligibilis
992 2966 1005 2998 ε
1040 2947 1197 3014 cujus
1231 2949 1432 2999 visione
1480 2956 1533 3000 et
1576 2947 1868 3016 pulchritu-

1972 1801 2063 1852 σοῦ
2096 1799 2270 1869 ψυχῆς
2303 1800 2550 1859 ἀκούσεις
2580 1798 2669 1849 τό·
2725 1816 2745 1848 ‹
2771 1797 3011 1860 Ἀναϐὰς
3046 1798 3322 1868 ὑπεράνω
3355 1797 3567 1849 πάντων

1970 1888 2074 1940 τῶν
2107 1887 2363 1957 οὐρανῶν·
2394 1905 2412 1935 ι
2469 1888 2500 1954 ἡ
2550 1885 2658 1954 γὰρ
2703 1885 2870 1954 νοητὴ
2905 1885 3183 1948 ἀνάϐασις
3219 1884 3446 1954 ἐκείνης
3472 1885 3566 1953 τῆς

1969 1978 2143 2047 ψυχῆς
2174 1978 2591 2048 ὑπερπεπήδηκε
2618 1978 2711 2029 καὶ
2738 1979 2951 2040 πάντας
2977 1979 3110 2041 τοὺς
3134 1978 3429 2048 οὐρανοὺς,
3454 1978 3564 2041 καὶ,

1969 2068 2042 2129 ὡς
2071 2067 2212 2118 ἔστιν
2251 2069 2441 2128 εἰπεῖν,
2489 2067 2586 2136 ἤδη
2646 2066 2849 2134 ἔφθασε
2900 2066 3043 2136 πρὸς
3074 2066 3246 2121 αὑτὸν
3288 2067 3381 2119 τὸν
3416 2066 3562 2119 Θεόν.

1972 2155 2115 2224 Πλήν
2164 2154 2276 2205 ὲστί
2304 2171 2385 2216 τις
2419 2155 2511 2206 καὶ
2538 2155 2721 2223 ἕτερος
2752 2154 2905 2223 παρὰ
2939 2154 3036 2206 τὸν
3078 2154 3445 2224 δεικνύμενον
3475 2155 3566 2208 καὶ

1971 2243 2221 2311 αἰσθητὸν
2253 2244 2451 2310 κόσμον
2481 2242 2571 2293 τὸν
2607 2243 2919 2295 συνεστῶτα
2951 2241 3016 2307 se
3041 2243 3287 2313 οὐρανοῦ
3316 2244 3411 2296 καὶ
3441 2243 3562 2312 γῆς,

1970 2331 2261 2401 ἢοὺρανῶν
2294 2332 2385 2383 καὶ
2416 2331 2536 2399 γῆς,
2586 2331 2808 2401 κόσμος,
2845 2333 2907 2384 ὲν
2935 2325 2981 2399 ᾧ
3010 2334 3135 2385 ἐστι
3160 2332 3234 2386 τά
3263 2334 3341 2404 μὴ
3372 2333 3562 2404 βλεπόο

1975 2435 2126 2487 μενα,
2176 2420 2266 2470 καὶ
2319 2418 2434 2470 ὅλον
2465 2417 2622 2470 τοῦτο
2672 2419 2878 2488 κόσμος
2920 2421 3187 2491 ἀόρατος,
3248 2422 3459 2492 κόσμος
3502 2422 3561 2473 οὑ

1972 2507 2313 2576 βλεπόμενος,
2366 2508 2458 2560 καὶ
2505 2507 2691 2577 νοητὸς
2724 2509 2961 2578 κόσμος·
2997 2506 3063 2564 οὗ
3105 2514 3175 2582 τῇ
3210 2512 3334 2582 θέᾳ,
3362 2513 3456 2565 καὶ
3488 2511 3562 2582 τῷ

1971 2590 2152 2642 κάλλει
2180 2592 2449 2659 ὲνόψονται
2480 2594 2529 2643 οἱ
2568 2593 2799 2662 καθαροὶ⁵
2829 2597 2898 2664 τῇ
2933 2597 3168 2668 καρδίᾳ,
3197 2616 3562 2669 προευτρεπι-

1973 2677 2184 2745 ζόμενοι
2216 2677 2301 2730 διὰ
2343 2679 2435 2731 τοῦ
2471 2680 2661 2749 ὲνορᾷν
2693 2680 2843 2750 αὑτῷ
2878 2684 2976 2735 ἐπὶ
3030 2685 3095 2737 τὸ
3129 2686 3438 2754 μετελθεῖν,
3488 2686 3561 2749 ὣς

1971 2771 2014 2821 τ’
2050 2770 2113 2822 ἂν
2146 2770 2236 2823 καὶ
2261 2771 2420 2822 αὑτὸν
2464 2772 2615 2840 όρᾷν,
2671 2770 2746 2834 ὡς
2778 2773 3020 2842 ὁρᾶσθαι
3057 2776 3313 2843 πέφυκεν
3353 2779 3384 2829 6
3409 2777 3557 2842 Θεὸς,

1970 2856 2058 2908 τὸν
2086 2858 2233 2911 Θεόν.
2273 2860 2532 2928 Ζητήσεις
2556 2858 2611 2910 δὲ
2653 2861 2700 2910 εί
2733 2860 2878 2912 κατά
2898 2877 2957 2913 τι
2988 2862 3106 2915 τῶν
3139 2865 3560 2935 σημαινομένων

1970 2945 2185 3000 δύναται
2215 2949 2254 3027 ό
2275 2948 2618 3017 Πρωτότοκος
2663 2948 2845 3018 πάσης
2873 2951 3118 3016 κτίσεως
3163 2951 3308 3008 εἶναι
3338 2956 3557 3025 κόσμος,

344 3038 468 3090 dine
498 3034 739 3090 fruentur
771 3038 860 3106 qui
891 3052 1023 3104 puro
1056 3046 1181 3090 sunt
1209 3038 1386 3099 corde,
1418 3051 1521 3104 quo
1545 3036 1699 3102 hujus
1718 3052 1868 3089 mun-

1974 3036 2064 3087 καὶ
2094 3036 2319 3105 μάλιστα
2364 3035 2482 3087 καθ’
2508 3036 2536 3088 ὃ
2566 3037 2726 3104 σοφία
2768 3037 2920 3090 ἐστὶν
2954 3041 2990 3110 ή
3028 3041 3452 3108 πολυποίκιλος·
3483 3044 3559 3116 τῷ

345 3129 396 3181 di
430 3127 771 3197 intelligibilis
806 3129 1006 3182 visione
1026 3138 1184 3181 antea
1214 3128 1347 3180 bene
1375 3127 1543 3194 parati
1569 3136 1865 3193 penetrant,

344 3216 427 3270 vel
467 3218 531 3269 ad
564 3218 735 3283 ipsum
766 3215 931 3269 Deum
960 3216 1273 3278 videndum,
1299 3224 1556 3284 quatenus
1585 3215 1749 3267 videri
1778 3231 1869 3268 na-

344 3315 457 3357 tura
499 3313 668 3373 potest
709 3305 865 3359 Deus.
923 3304 1139 3371 lnsuper
1172 3305 1333 3358 etiam
1362 3318 1569 3372 quaeres
1626 3319 1691 3358 an
1722 3305 1868 3373 iuxta

347 3392 574 3459 aliquam
606 3393 1043 3459 significationem
1093 3393 1259 3460 possit
1289 3391 1673 3462 Primosenitus
1698 3394 1870 3449 omnis

344 3488 604 3531 creatura-
634 3478 676 3508 "
705 3492 820 3531 esse
844 3480 1091 3540 mundus,
1125 3488 1185 3532 et
1215 3481 1504 3545 praesertim
1533 3480 1584 3532 in
1614 3491 1867 3547 quantum

343 3565 728 3632 est‘sapientia
783 3565 1126 3620 multiformis
1177 3566 1221 3598 ⁷⁸
1255 3588 1265 3621 :
1300 3583 1365 3621 eo
1404 3568 1543 3621 enim
1579 3570 1717 3636 quod
1762 3570 1870 3623 sint

347 3656 398 3707 in
430 3656 688 3724 sapientia
718 3670 904 3709 omnes
954 3657 1027 3709 rei
1054 3655 1429 3724 cujuscunque_
1463 3658 1696 3712 rationes
1717 3659 1867 3728 juxta

344 3759 476 3813 quas
512 3743 653 3797 facta
687 3753 811 3797 sunt
855 3747 1029 3797 omnia
1078 3761 1194 3813 quae
1221 3745 1360 3800 facta
1386 3748 1531 3800 fuere
1559 3762 1588 3798 a
1628 3748 1755 3811 Deo,
1812 3757 1869 3801 ut

344 3834 515 3900 inquit
538 3833 797 3903 Propheta
826 3853 839 3887 :
868 3853 886 3885 ι
913 3836 1102 3891 Omnia
1134 3836 1185 3887 in
1234 3836 1490 3905 sapientia
1533 3834 1702 3891 fecisti
1736 3837 1802 3901 ⁷⁸,
1843 3856 1862 3887 ι

345 3926 395 3977 in
430 3927 542 3993 ipso
567 3927 727 3978 etiam
760 3927 986 3980 mundus
1017 3925 1197 3992 fuerit,
1228 3934 1376 3981 tanto
1419 3926 1747 3994 picturatior,
1775 3940 1865 3978 or-

343 4015 515 4068 uatinr
562 4026 719 4083 atque
770 4017 926 4069 etiam
973 4016 1309 4085 prmstantior
1361 4017 1555 4069 mundo
1603 4014 1864 4076 sensibili,

343 4114 542 4170 quanto
578 4103 712 4157 ratio
753 4103 927 4156 mundi
964 4105 1098 4158 nuda
1126 4104 1192 4156 ab
1217 4103 1360 4156 omni
1391 4102 1608 4154 materia
1649 4110 1866 4169 prmstat

342 4191 443 4243 ltoc
472 4191 667 4243 mundo
710 4191 1009 4251 materiato,
1044 4205 1148 4243 nou
1176 4202 1395 4258 propter
1418 4189 1691 4241 materiam
1711 4227 1725 4250 ,
1773 4189 1864 4240 sed

340 4278 742 4345 participatione
778 4280 916 4331 illius
938 4280 1129 4347 Λόγου,
1165 4276 1242 4349 [id
1268 4287 1350 4332 est
1401 4277 1539 4331 illius
1579 4276 1695 4331 Filii
1750 4276 1864 4338 Dei,

1967 3125 2072 3194 γάρ
2101 3121 2236 3177 εἶναι
2269 3126 2470 3188 πάντας
2516 3125 2824 3179 οὑτινοσοῦν
2870 3130 3004 3193 τοὶις
3047 3130 3270 3199 λόγους,
3322 3134 3559 3199 καθόὴ

1967 3215 2247 3283 γεγένηται
2291 3215 2468 3267 πάντα
2508 3215 2576 3267 τά
2607 3214 2710 3267 ὑπὸ
2740 3215 2834 3268 τοῦ
2864 3215 3008 3270 Θεοῦ
3034 3221 3096 3272 ὲν
3126 3224 3294 3294 σοφία
3327 3240 3555 3296 πεποιηο

1970 3299 2122 3367 μένα,
2149 3297 2221 3360 ὥς
2243 3314 2403 3368 φησιν
2426 3300 2454 3349 6
2474 3301 2754 3368 προφήτης
2774 3317 2787 3330 ⁸
2825 3320 2842 3351 ι
2872 3303 3068 3357 Πάντα
3100 3308 3161 3360 ἐν
3182 3309 3351 3381 σοφίᾳ
3372 3312 3558 3382 ὲποίηο

1968 3402 2082 3448 σας,
2110 3406 2126 3436 ι
2184 3388 2237 3437 ὲν
2284 3386 2429 3455 αὑτῷ
2478 3388 2561 3458 εἴη
2595 3387 2660 3441 ἂν
2704 3390 2799 3441 καὶ
2826 3391 2996 3455 αὑτὸς
3045 3396 3277 3467 κόσμος,
3317 3402 3556 3472 τοσούτῳ

1968 3473 2339 3545 ποικιλώτερος
2390 3473 2481 3526 τοῦ
2539 3475 2795 3544 αίσοητοῦ
2846 3480 3065 3550 κόσμου
3114 3487 3211 3538 καὶ
3256 3486 3553 3560 διαφέρων,

1914 3626 1921 3633 ο
1965 3563 2071 3630 ὅσῳ
2100 3562 2337 3631 διαφέρει
2365 3564 2564 3631 γυμνὸς
2610 3564 2791 3636 πάσης
2836 3567 2976 3639 ὕλης
3020 3572 3120 3625 τοῦ
3163 3576 3289 3628 ὅλου
3323 3579 3436 3644 (97)
3464 3579 3554 3632 κό-

1969 3666 2100 3719 σμου
2147 3651 2298 3718 λόγος
2345 3650 2436 3702 τοῦ
2486 3652 2669 3704 ἐνύλου
2705 3655 2939 3724 κόσμου,
2968 3661 3073 3713 οὑκ
3115 3665 3229 3717 ἀπὸ
3262 3667 3366 3736 τῆς
3397 3669 3549 3739 ὕλης,

1964 3740 2073 3792 ἀλλ’
2093 3741 2195 3792 ἀπὸ
2221 3740 2317 3808 τῆς
2344 3742 2570 3810 μετοχῆς
2592 3742 2683 3794 τοῦ
2709 3745 2911 3813 Λόγου,
2940 3751 3040 3802 καὶ
3066 3753 3169 3822 τῆς
3191 3757 3412 3824 σοφίας,
3442 3758 3551 3811 τῶν

1965 3827 2299 3897 κοσμούντων
2328 3829 2426 3898 τὴν
2453 3829 2580 3898 ὓλην
2605 3837 3065 3904 κεκοσμημένων.
3096 3844 3209 3897 Καὶ
3242 3846 3349 3915 ὃρα
3382 3850 3429 3900 εί
3460 3849 3547 3900 δύ⁴

1963 3931 2113 3967 ναται
2156 3917 2183 3966 6
2231 3915 2399 3981 λέγων
2420 3933 2455 4002 ’ῃ
2473 3934 2490 3965 ι
2514 3917 2624 3971 Οὑκ
2672 3921 2788 3989 εἰμὶ
2822 3923 2936 3989 ἐγὼ
2970 3928 3038 3979 ὲκ
3063 3928 3159 3981 τοῦ
3187 3933 3403 4002 κόσμου
3426 3935 3547 3986 τοὺ-

1962 4021 2075 4094 του,
2102 4006 2201 4094 »μή
2239 4003 2379 4094 ψυχὴ
2403 3999 2542 4094 εἶναι
2588 4005 2682 4058 τοῦ
2725 4008 2905 4078 Ἰησοῦ
2951 3999 3436 4093 ἐμπολιτευομένη
3474 4025 3549 4094 τῷ

1962 4092 2064 4159 ὅλῳ
2091 4091 2273 4181 κόσμῳ
2302 4091 2509 4159 ἐκείνῳ.
2540 4094 2646 4181 καὶ
2677 4096 2857 4181 πάντα
2885 4101 3053 4155 αὑτὸν
3100 4091 3547 4181 ἐμπεριερχομέξ-

1962 4196 2048 4248 νη,
2101 4180 2191 4270 καὶ
2232 4180 2637 4270 χειραγωγοὺσα
2661 4178 2931 4240 ὲπάὑτδν
2948 4193 3081 4255 τοὺς
3125 4178 3547 4270 μεμαῐὲητευμέ-

1962 4281 2101 4326 νους,
2126 4265 2203 4315 ὅτι
2236 4263 2379 4350 οὑδὲν
2406 4263 2514 4332 (98)
2549 4265 2660 4334 ἔχει
2691 4269 2900 4334 ἐκεῖνος
2943 4276 2974 4325 ό
3005 4263 3215 4348 κόσμος
3256 4263 3433 4349 κάτω,
3454 4263 3545 4350 ’ὡς

340 4364 433 4430 qui
485 4372 566 4417 est
606 4379 729 4417 vera
776 4365 954 4435 ratio,]
998 4375 1051 4418 et
1099 4348 1499 4434 participatione
1543 4365 1813 4432 sapientize
1846 4401 1861 4425 ,

1968 4354 2077 4405 οὑδὲ
2105 4353 2212 4421 (99)
2241 4348 2408 4414 οὗτος,
2442 4353 2515 4414 ὡς
2536 4356 2671 4422 πρὸς
2695 4358 2756 4410 τὸ
2779 4360 3009 4431 ἀκριϐὲς
3034 4366 3371 4440 ὲξετάζοντι,
3408 4348 3542 4432 ἄνω.

341 4465 459 4518 qua:
517 4451 767 4505 mundum
819 4464 872 4507 et
941 4462 1305 4509 ornamentum
1356 4452 1583 4506 aﬂ‘erunt
1626 4451 1861 4504 materia:

1968 4446 2085 4506 Πῶς
2110 4446 2214 4513 γὰρ
2244 4443 2459 4496 δύναται
2489 4445 2629 4514 ἔχειν
2660 4464 2713 4499 τι
2758 4450 2787 4500 6
2813 4452 3022 4523 κόσμος
3050 4453 3206 4522 οὗτος
3246 4462 3387 4530 ἄνω,
3416 4459 3477 4518 οὗ
3506 4470 3541 4537 ἡ

340 4536 572 4590 omnium
602 4552 719 4606 quae
751 4543 943 4594 tuuudo
977 4542 1220 4610 insignita
1253 4540 1465 4593 fuerint.
1490 4540 1566 4593 Ac
1595 4538 1713 4592 vide
1737 4552 1861 4590 num

1968 4534 2136 4594 κτίσις
2171 4531 2433 4601 καταϐολή
2476 4534 2620 4585 ἐστιν
2648 4535 2758 4604 (l);
2791 4541 2867 4591 Οὑ
2899 4543 3013 4614 γὰρ
3041 4547 3119 4609 ὡς
3153 4549 3349 4620 ἔτυχεν
3375 4531 3542 4608 ἀκουλ

392 4672 452 4715 .“¹⁸
480 4669 645 4724 lCor.
674 4683 761 4730 xv,
792 4668 879 4722 26.
950 4672 995 4700 ⁷⁸
1016 4670 1207 4738 Ephes.
1236 4684 1305 4731 tv,
1335 4669 1420 4723 10.

408 4783 516 4854 (90)
546 4785 652 4838 Καὶ
690 4786 852 4854 γόνυ.
877 4784 931 4837 lu
970 4784 1133 4854 Regio
1161 4786 1344 4854 cudice
1370 4785 1509 4854 deest
1537 4783 1650 4854 καί.

409 4847 517 4921 (91)
548 4847 722 4907 Codei
748 4847 1077 4916 Bodleiauus",
1116 4852 1375 4923 πρότερον
1397 4867 1408 4879 '
1470 4850 1682 4915 Regius,
1736 4847 1861 4916 ’πρό⁹

338 4938 497 4972 τεοοι.

400 4937 515 5054 ῗῧξ)
540 4986 712 5038 Codex
738 4986 1074 5050 Bodleianus,
1101 4984 1549 5055 ὑποταχθήσονται
1575 5000 1586 5011 ·
1642 4983 1853 5048 Regius,

339 5055 739 5106 ὑποτάσσονται.

410 5121 517 5189 (93)
543 5121 719 5189 Cede;
748 5123 1082 5187 Bodleianus,
1110 5121 1225 5174 ἐστὶ
1283 5120 1583 5189 βασιλεῖας’
1641 5116 1860 5183 Regius,

339 5187 488 5255 ἐστὶν
510 5190 543 5255 ή
568 5188 822 5252 βασιλεία.

411 5248 719 5320 (an'Codd.
763 5256 1079 5314 Bodleianus
1122 5267 1179 5312 et
1230 5254 1570 5316 Barberinus,
1625 5248 1859 5304 καταϐά-

342 5335 511 5392 σειξιςηῒ
547 5321 758 5392 fiscina.
798 5324 1016 5392 same.

410 5383 515 5456 (95)
543 5383 662 5453 οὐξι
686 5383 904 5456 ἁπλῶς.
922 5383 1023 5449 etc.
1046 5395 1136 5450 Sic
1163 5391 1493 5447 babetcodex
1522 5387 1855 5456 Bodleianus,

340 5451 479 5531 quod
511 5465 605 5528 per
628 5451 1003 5531 grammaticas
1024 5466 1166 5531 leges
1194 5472 1296 5531 non
1326 5458 1466 5531 licet.
1513 5456 1568 5508 In
1603 5455 1766 5531 [iegio
1800 5462 1855 5531 et

343 5515 658 5569 liarberino'
682 5519 884 5590 legitur,
942 5515 1259 5600 οὑχήἶᾶπλῶς
1312 5525 1554 5590 εὑρήσεις
1604 5515 1853 5588 διαῖροράν

1493 4670 1536 4701 ⁷⁷
1561 4666 1764 4722 Culoss.
1791 4682 1826 4730 ι,
1865 4665 1950 4720 15.

2013 4666 2060 4698 ἰθ
2085 4666 2274 4732 Epltcs.
2308 4682 2388 4731 Ill,
2417 4667 2503 4719 t0.
2592 4669 2638 4700 "
2666 4668 2810 4725 Psal.
2852 4690 2972 4742 CIII,
3007 4679 3104 4732 24-

1962 4780 2461 4861 ἐπιπλεῖονμοητῶς
2511 4783 2956 4861 καταβαινουσῶν
3020 4793 3258 4861 νοήσεις,
3313 4774 3543 4857 "huius

1966 4862 2143 4901 vorem
2171 4849 2378 4915 νοήσεις
2404 4855 2734 4915 expuugcbat
2757 4893 2771 4912 ,
2805 4858 2887 4906 vel
2922 4860 2995 4908 ita
3043 4849 3192 4914 certe:
3216 4849 3297 4914 Ἰε·
3318 4849 3539 4922 g,.}i.‘,’.',',

1966 4916 2355 5002 essentia,
2388 4916 2570 5002 esse;
2618 4920 2893 4999 εὑρήεειςν
2936 4929 3048 5002 ,και
3084 4882 3361 5002 διαφορὲν
3413 4940 3539 4994 ἐπι-

1965 4922 2228 4997 ceusebat.
2256 4922 2352 4994 ob}
2388 4922 2570 4979 ἁπλῶς
2618 4922 2893 4990 εὑρήσεις,
2950 4929 3048 4979 καὶ
3084 4922 3361 5002 διαφορᾶν
3413 4940 3540 4994 ἐπι·-

1963 4982 2139 5072 nisi?)
2162 4985 2831 5072 χοητωςῃκαταςὶαινουσῶν
2858 4994 3099 5072 νοήσεις.
3117 5063 3153 5072 __
3234 5067 3246 5072 _

1960 5050 2138 5168 τοὲθϋ)
2162 5050 2336 5104 Codex
2359 5051 2705 5118 Bodleiauus,
2751 5060 2881 5128 περὶ
2911 5050 3014 5130 τῆς
3043 5050 3075 5093 ·’
3117 5063 3347 5133 Regius,
3407 5074 3538 5143 περὶ

2166 5183 2564 5270 Ξοᾷᾲδλιουᾏιῃ
2594 5191 2779 5270 codice
2808 5194 3103 5270 Bodleiano
3133 5200 3291 5270 deest
3319 5204 3469 5261 ὅλου.

1961 5252 2142 5369 ὃτὲ98)
2166 5252 2341 5333 Codex
2375 5256 2716 5327 Bodleianus,
2750 5262 2832 5316 ὅτι
2860 5265 3018 5318 οὐδέν
3036 5282 3051 5296 ·
3080 5267 3133 5320 in
3160 5252 3534 5338 ιιὲέεᾶὖὲὲει

1963 5384 2331 5515 lu{Codex
2354 5391 2699 5463 Bodleianus,
2725 5398 2802 5464 ὡς
2827 5401 2949 5455 οὑδέ
2970 5418 2985 5433 ο
3015 5402 3067 5456 iu
3105 5401 3278 5471 Regio
3305 5409 3525 5465 omitti-

2026 5520 2098 5583 (l)
2129 5519 2207 5575 Οὖ
2244 5525 2279 5589 ὴ
2311 5527 2503 5591 κτίσις
2530 5537 2834 5606 κατασολή
2874 5539 3055 5594 ἐστιν.
3099 5539 3154 5592 in
3199 5538 3309 5596 ltac
3367 5561 3527 5611 voce,
