3828 6234
253 344 338 395 ὃίῖθ
1261 338 1607 394 ΟΟΜΜΕΝΤ.
1644 336 1709 392 ΙΝ
1746 338 1774 392 1

1881 337 1930 394 Ν.
1959 333 2193 392 TOMUS
2225 335 2364 392 XIX.

3290 332 3395 389 570

255 457 390 511 στέον
416 454 521 519 τοῦ,
567 474 586 506 ι
607 456 721 527 np?)
771 457 1072 528 καταϐολῆς
1098 458 1324 526 κόσμου·
1355 475 1373 508 ι
1421 456 1668 526 ἐπίτηδες
1690 454 1777 506 διὰ

1881 453 2043 521 possit
2073 451 2250 504 anima
2276 465 2395 505 esse
2438 450 2561 505 Jesu
2591 464 2709 521 qua!
2745 450 2871 506 dicit
2898 467 2913 504 :
2946 466 2966 503 ι
3011 450 3123 521 Ego
3149 465 3253 505 non
3277 465 3395 504 sum

260 544 485 612 τοιαύτην
519 543 590 611 (2)
616 543 859 597 ἐπίνοιαν
905 546 1213 598 πλασὰντων
1253 545 1416 614 ὄνομα
1458 545 1566 597 τῶν
1607 544 1771 611 ἁγίων

262 630 332 692 τὸ,
365 628 465 694 τῆς
483 626 822 693 καταϐολῆς.
854 632 1108 699 Καίτοιγε
1160 631 1404 684 ἐδύναντο
1446 632 1624 699 λέγειν
1669 631 1772 700 πρὸ

261 720 465 780 κτίσεως
488 718 707 787 κόσμου,
742 720 834 775 καὶ
876 719 950 789 μὴ
978 720 1275 790 χρήσασθαι
1315 720 1391 790 τῷ
1414 720 1512 789 τῆς
1541 722 1776 773 καταϐο-

254 807 362 875 λῆς
402 807 631 875 ὀνόματι.
676 808 834 870 Ὅλος
883 804 974 861 οὖν
1004 810 1033 859 6
1058 809 1275 879 κόσμος,
1314 809 1406 862 καὶ
1434 808 1502 861 τὰ
1541 810 1599 861 ὲν
1629 809 1774 879 αύτῷ

255 896 307 947 ὲν
333 894 587 964 καταϐολῇ
622 896 771 947 ἐστιν
792 911 808 927 ο
859 895 961 959 ἔξω
990 895 1047 947 δὲ
1078 896 1373 965 καταὸολῆς
1400 895 1600 965 κόσμου
1644 912 1775 949 παν-

251 984 333 1046 τὸς
354 984 576 1051 γίνονται
619 984 667 1036 al
697 984 793 1036 τοῦ
832 984 1002 1055 Ἰησοῦ
1033 987 1238 1055 γνήσιοι
1267 985 1516 1055 μαθηταὶ,
1543 983 1635 1047 οὓς
1659 984 1775 1048 ἑξε-

249 1073 421 1138 λέξατο
460 1074 521 1125 ὲκ
569 1071 664 1124 τοῦ
691 1074 919 1142 κόσμου,
968 1073 1054 1127 ἴνα
1083 1074 1273 1143 μηκέτι
1309 1067 1438 1126 ὦσιν
1466 1075 1530 1126 ὲκ
1561 1073 1652 1124 τοῦ
1685 1073 1775 1125 κό-

251 1177 393 1229 σμου,
422 1161 661 1230 αἴροντες
682 1161 782 1214 τὸν
809 1162 1033 1231 σταυρὸν
1064 1164 1287 1227 ἑαυτῶν,
1317 1162 1409 1215 καὶ
1435 1161 1775 1215 ἀκολουθοῦν-

242 1265 324 1310 τες
347 1247 505 1316 αὐτῷ.

1870 557 1934 595 οι
1964 542 2064 595 hoc
2091 542 2291 595 mundo
2316 540 2382 605 ⁸⁰,
2421 561 2438 593 ι
2466 555 2791 595 conversans
2835 541 2889 594 in
2922 541 3015 594 illo
3040 549 3151 594 toto
3177 540 3393 605 mundo,
3452 577 3466 592 .

1871 642 2187 696 omnemque
2230 643 2351 681 eum
2393 630 2743 698 perlustrans,
2777 645 3043 697 manuque
3087 629 3285 681 ducens
3327 628 3398 681 ad

1870 735 1989 774 eum
2016 733 2108 773 eos
2133 718 2222 787 qui
2269 718 2581 771 didicissem
2625 717 2751 771 nihil
2783 718 2989 772 inferne
3020 718 3214 772 habere
3241 732 3397 770 mun-

1873 811 1996 863 dum
2046 809 2191 862 illum
2240 807 2669 881 intel'ligihilem;
2728 807 3174 875 quemadmodum
3231 819 3402 873 neque

1872 896 1990 958 iste,
2022 896 2065 949 si
2100 895 2220 963 quis
2249 902 2494 953 accurate
2518 895 2825 962 perpendat,
2855 895 3141 962 quidquam
3173 906 3403 959 superne

1853 985 2052 1047 ,habet.
2083 987 2332 1054 Alioquin
2377 985 2641 1054 quomodo
2674 984 2900 1038 mundus
2930 985 3031 1038 iste
3061 984 3255 1038 habere
3300 983 3401 1036 ali-

1873 1076 1997 1142 quid
2018 1090 2246 1143 superne
2291 1082 2502 1142 potest,
2547 1073 2700 1143 cujus
2748 1073 2985 1127 conditio
3016 1083 3098 1127 est
3129 1072 3405 1141 dejectio?

1872 1163 2053 1231 Neque
2086 1163 2226 1217 enim
2277 1165 2569 1218 oscitanter
2597 1163 2874 1231 legendum
2926 1170 3007 1215 est
3037 1161 3190 1224 illud,
3226 1178 3246 1210 ι
3279 1170 3405 1214 ante

1878 1254 2225 1322 dejectionem
2255 1256 2434 1309 mundi
2464 1254 2538 1320 “,
2574 1272 2592 1304 ι
2642 1268 2761 1307 cum
2796 1252 2963 1306 sancti
3004 1251 3403 1310 convenienter.

243 1349 291 1391 et
340 1337 567 1391 studiose
617 1352 819 1392 nomen
850 1340 949 1394 hoc
973 1339 1069 1407 τῆς
1099 1337 1395 1407 καταϐολῆς
1434 1338 1570 1410 [hoc
1599 1348 1680 1393 est
1710 1341 2032 1412 dejectionis]
2073 1354 2287 1410 propter
2330 1343 2483 1396 talem
2516 1342 2912 1410 intelligentiam
2944 1339 3212 1394 ﬁnxerint.
3255 1339 3404 1392 Alio-

238 1432 355 1495 quin
378 1431 549 1483 dicere
573 1439 832 1497 poterant
860 1429 963 1498 πρὸ
992 1430 1217 1491 κτίσεως
1256 1428 1377 1499 [hoc
1412 1440 1495 1483 est
1529 1439 1647 1483 ante
1687 1432 2050 1502 conditionem]
2101 1433 2315 1496 mundi,
2358 1448 2457 1488 nec
2487 1435 2563 1486 uti
2603 1433 2899 1500 dejectionis
2930 1430 3206 1486 vocabulo.
3236 1428 3405 1483 Totus

240 1521 404 1587 itaque
443 1520 688 1579 mundus,
723 1528 787 1571 et
810 1532 926 1586 quae
957 1520 1008 1571 in
1048 1520 1159 1586 ipso
1193 1530 1338 1585 sunt,
1369 1522 1418 1574 in
1456 1521 1747 1589 dejectione
1787 1530 1948 1585 sunt;
1990 1533 2046 1575 at
2085 1536 2209 1576 vero
2260 1531 2409 1576 extra
2446 1523 2794 1590 dejectionem
2835 1522 2996 1575 totius
3035 1519 3213 1573 mundi
3246 1516 3407 1588 306

234 1613 482 1666 exsistunt
514 1613 767 1679 germani
799 1611 924 1666 Jesu
958 1610 1218 1679 discipuli,
1250 1628 1380 1680 quos
1413 1628 1443 1667 e
1468 1614 1662 1666 mundo
1682 1613 1930 1682 elegerat,
1957 1622 2133 1669 utnon
2160 1614 2381 1683 amplius
2409 1624 2588 1668 essent
2611 1629 2641 1668 e
2673 1614 2887 1680 mundo,
2921 1612 3161 1667 tollentes
3192 1623 3406 1665 crucem

235 1716 392 1763 suam,
423 1710 476 1753 et
500 1711 798 1768 sequentes
830 1715 950 1754 eum
973 1703 1037 1752 δ’.

294 1790 346 1845 6.
381 1806 400 1839 ι
423 1785 584 1842 Εἶπον
608 1785 705 1841 οὖν
729 1790 886 1858 ὑμῖν,
913 1790 992 1842 ὅτι
1012 1789 1356 1843 ἀποθανεῖσθε
1382 1792 1438 1842 ὲν
1458 1793 1574 1853 ταῖς
1600 1793 1775 1860 ἁμαρ-

210 1872 362 1940 τίαις
388 1878 538 1947 ὑμῶν
562 1894 575 1908 ⁸
630 1878 729 1930 ὲάν
781 1878 889 1948 γὰρ
917 1879 989 1947 μὴ
1034 1879 1370 1949 πιστεύσητε,
1400 1880 1477 1932 ὃτι
1511 1880 1617 1946 ἐγώ
1641 1883 1774 1950 είμι,

233 1965 567 2019 ἀποθανεῖσθε
634 1969 694 2018 ὲν
748 1969 872 2028 ταῖς
906 1967 1192 2036 ἁμαρτίαις
1220 1966 1386 2034 ὑμῶν.
1413 1985 1430 2017 ι
1464 1969 1595 2020 Πότε
1628 1966 1776 2021 εἶπεν

235 2055 400 2116 αὐτοῖς
421 2070 435 2083 ο
485 2072 503 2104 ι
526 2054 920 2106 Ἀποθανεῖσθε
976 2056 1032 2106 ὲν
1075 2057 1192 2116 ταῖς
1222 2056 1507 2124 ἁμαρτίαις
1556 2056 1724 2125 ὑμῶν,
1750 2077 1768 2109 ι

232 2142 265 2209 ἢ
296 2144 376 2195 ὅτε
403 2139 605 2210 ἔφασκε
625 2159 639 2172 ·
681 2162 700 2193 ι
727 2143 1035 2210 Ζητήσεσθέ
1057 2144 1133 2211 (5)
1161 2161 1247 2213 με,
1270 2144 1362 2196 καὶ
1387 2145 1444 2195 ὲν
1463 2147 1579 2206 ταῖς
1600 2147 1775 2215 ἁμαρ-

234 2233 360 2295 τίαις
391 2234 539 2302 ὑμῶν
588 2232 953 2285 ἀποθανεῖσθε
979 2249 993 2296 ;
1024 2252 1042 2283 ι
1088 2234 1151 2285 Τί
1193 2235 1249 2287 δὲ
1293 2235 1351 2287 τὺ
1394 2235 1556 2287 αἴτιον
1593 2234 1684 2287 τοῦ
1718 2237 1773 2286 ὲν

231 2323 341 2383 ταῖς
365 2321 660 2390 ἁμαρτίαις
692 2319 879 2376 αὐτῶν
905 2320 1261 2392 ἀποθνήσκειν
1288 2321 1618 2392 ἀνθρώπους,
1651 2323 1684 2393 ἢ
1716 2324 1775 2375 τὸ

238 2411 304 2480 μὴ
346 2410 635 2473 πιστεύειν,
688 2411 782 2462 ὅτι
820 2410 1021 2476 Ἰησοῦς
1070 2415 1212 2464 ἐστιν
1258 2413 1287 2463 6
1318 2414 1574 2481 Χριστός;
1618 2414 1775 2476 αὐτὸς

234 2498 332 2568 γάρ
377 2515 572 2568 φησιν·
632 2517 653 2550 ι
683 2499 821 2551 Ἐὰν
851 2498 925 2568 μὴ
974 2499 1309 2569 πιστεύσητε,
1365 2502 1444 2553 ὅτι
1492 2501 1599 2569 ὲγὼ
1641 2504 1772 2572 εἰμι,

233 2585 571 2639 ἀποθανεῖσθε
603 2588 665 2638 ὲν
701 2588 831 2649 ταῖς
864 2587 1152 2657 ἁμαρτίαις
1180 2588 1350 2657 ὑμῶν.
1373 2608 1391 2638 ι
1446 2590 1510 2641 Εί
1558 2589 1615 2641 δὲ
1641 2592 1669 2641 6
1700 2590 1773 2660 μὴ

234 2672 510 2736 πιστεύων,
540 2674 623 2726 ὅτι
665 2672 884 2740 Ἰησοῦς
926 2676 955 2725 6
981 2674 1209 2743 Χριστός
1240 2677 1403 2738 ἐστιν,
1437 2675 1773 2729 ἀποθανεῖται

230 2762 285 2813 ἐν
322 2764 439 2824 ταῖς
460 2763 776 2830 ἁμαρτίαις
821 2763 1031 2825 ἑαυτοῦ,
1062 2762 1233 2831 δῆλον,
1261 2764 1338 2815 ὅτι
1385 2765 1414 2815 6
1447 2765 1519 2834 μὴ
1546 2765 1776 2836 ἀποθνή-

233 2865 369 2901 σκων
397 2851 454 2902 ὲν
492 2852 615 2911 ταῖς
645 2849 943 2919 ἁμαρτίαις
974 2850 1134 2902 αὑτοῦ
1183 2852 1503 2916 πεπίστευκε
1541 2851 1616 2922 τῷ
1642 2854 1774 2923 Χρι-

231 2938 364 3007 στῷ’
404 2943 432 2992 6
471 2939 528 2990 δὲ
557 2938 929 3007 ἀποθνήσκων
973 2941 1029 2990 ἐν
1075 2942 1194 3001 ταῖς
1245 2941 1530 3010 ἁμαρτίαις
1566 2944 1773 3011 ἑαυτοῦ,

231 3024 325 3079 κᾶν
354 3025 484 3096 λέγῃ
528 3025 818 3079 πιστεύειν
845 3025 920 3094 τῷ
949 3025 1183 3094 Χριστῷ,
1231 3026 1303 3088 ὡς
1348 3028 1480 3097 πρὸς
1508 3028 1566 3080 τὸ
1587 3028 1779 3097 ἀληθὲς

225 3116 283 3167 ού
313 3117 673 3168 πεπίστευκεν
707 3112 894 3182 αὐτῷ·
943 3114 1036 3166 ὲὰν
1068 3113 1171 3184 γὰρ
1200 3115 1272 3184 (4)
1298 3114 1516 3184 λέγηται
1567 3118 1663 3185 μὲν
1689 3118 1777 3170 πί-

231 3219 357 3269 στις,
389 3204 557 3272 χωρὶς
584 3203 644 3255 δὲ
677 3203 862 3273 ἔργων
889 3202 1142 3273 τυγχάνῃ,
1177 3204 1340 3272 νεκρά
1363 3206 1506 3258 ἐστιν
1538 3208 1571 3274 ἡ
1602 3206 1779 3258 τοιαύ-

1946 1792 1996 1845 6.
2032 1810 2051 1843 ι
2097 1792 2214 1846 Dixi
2244 1808 2371 1862 ergo
2412 1794 2562 1848 vobis
2591 1793 2731 1861 quod
2761 1790 3058 1846 moriemini
3092 1791 3143 1843 in
3174 1787 3405 1857 peccatis

1877 1882 2072 1933 vestris
2097 1897 2111 1944 ;
2147 1881 2246 1935 nisi
2291 1881 2431 1934 enhn
2473 1881 2810 1935 credideritis
2839 1878 2976 1947 quod
3002 1894 3097 1947 ego
3122 1891 3261 1941 sum.
3287 1889 3405 1929 mo-

1809 2006 1851 2058 B
1879 1970 2087 2022 riemini
2122 1970 2172 2021 in
2201 1970 2433 2036 peccatis
2464 1970 2656 2023 vestris
2684 1970 2749 2023 ⁸³.
2789 1988 2807 2019 ι
2839 1968 3062 2058 Quando
3101 1964 3401 2058 dixit-illis:

1883 2077 1902 2107 ι
1934 2059 2230 2112 Moriemini
2290 2060 2342 2111 in
2385 2060 2620 2126 peccatis
2651 2059 2863 2120 vestris,
2903 2076 2921 2107 ι
2952 2055 3052 2109 nisi
3085 2055 3298 2123 quando
3325 2053 3406 2107 di-

1879 2146 1978 2208 xit,
2007 2164 2026 2197 ι
2068 2146 2327 2211 Quteretis
2364 2161 2469 2209 me,
2497 2147 2624 2199 etin
2656 2146 2888 2214 peccatis
2913 2145 3104 2198 vestris
3132 2142 3404 2196 moriemi-

1879 2233 1929 2286 ni
1986 2233 2074 2284 °‘?
2114 2251 2133 2283 ι
2169 2233 2304 2296 Quid
2341 2246 2468 2286 vero
2510 2242 2593 2284 est
2645 2233 2697 2285 in
2728 2246 2887 2285 causa
2925 2240 2976 2282 ut
3011 2230 3253 2283 homines
3287 2242 3404 2280 mo-

1879 2324 2084 2375 riantur
2104 2323 2155 2375 in
2184 2323 2412 2390 peccatis
2434 2322 2563 2384 suis,
2587 2321 2687 2373 nisi
2718 2335 2819 2373 non
2848 2319 3063 2373 credere
3085 2316 3263 2370 Jesum
3286 2330 3405 2369 esse

1878 2412 2199 2465 Christum?
2253 2411 2368 2480 ipse
2416 2413 2557 2464 enim
2602 2411 2775 2483 inquit
2808 2427 2821 2462 :
2853 2427 2872 2458 ι
2915 2407 3025 2461 Nisi
3075 2405 3407 2461 credideritis

1878 2502 2017 2570 quod
2043 2516 2140 2569 ego
2167 2501 2275 2566 ipse
2309 2516 2446 2560 sum,
2478 2499 2772 2552 moriemini
2802 2498 2852 2551 in
2883 2496 3111 2565 peccatis
3133 2494 3344 2550 vestris.
3382 2511 3402 2545 ι

1879 2591 2028 2656 Quod
2056 2590 2101 2644 si
2126 2591 2246 2658 quis
2269 2603 2373 2641 non
2425 2589 2595 2641 credit
2624 2587 2802 2641 Jesum
2831 2601 2948 2639 esse
2980 2586 3269 2647 Christum,
3294 2598 3409 2637 mo-

1880 2681 2015 2733 ritur
2064 2680 2115 2732 in
2166 2679 2395 2745 peccatis
2438 2678 2581 2740 suis;
2634 2678 2832 2730 scilicet
2880 2675 2969 2744 qui
3020 2689 3123 2727 non
3182 2674 3408 2726 moritur

1880 2771 1933 2823 in
1979 2769 2208 2838 peccatis
2261 2768 2410 2831 suis,
2459 2768 2503 2820 is
2533 2767 2744 2820 Christo
2789 2766 2978 2819 credit.
3031 2766 3102 2816 At
3152 2778 3277 2816 vero
3315 2761 3407 2830 qui

1881 2860 2103 2913 moritur
2132 2858 2184 2911 in
2218 2857 2452 2920 peccatis
2480 2857 2611 2917 suis,
2646 2855 2854 2909 etiamsi
2903 2855 3044 2908 dicat
3086 2868 3144 2905 se
3194 2850 3408 2904 Christo

1881 2947 2120 3009 credere,
2147 2953 2400 3012 quantum
2449 2943 2514 2997 ad
2544 2943 2819 2997 veritatem
2867 2942 2965 3009 ipsi
2999 2956 3102 2994 non
3144 2939 3407 3002 credidit;

1884 3049 2002 3087 nam
2045 3033 2257 3087 etiamsi
2306 3033 2513 3085 dicatur
2543 3030 2693 3094 ﬁdes,
2748 3031 2838 3083 sed
2878 3032 2949 3083 sit
2987 3032 3101 3083 sine
3132 3027 3406 3095 operibus,

1883 3121 2181 3187 huiusmodi
2214 3120 2345 3174 ﬁdes
2378 3128 2585 3173 mortua
2610 3127 2709 3183 est,
2748 3128 2805 3170 ut
2834 3118 3056 3185 legimus
3092 3117 3143 3169 in
3176 3114 3407 3179 Epistula

1882 3224 1998 3279 qua:
2042 3207 2224 3262 Jacobi
2262 3209 2472 3262 nomine
2517 3207 2890 3262 circumfertur
2939 3207 3004 3259 ⁸³.
3058 3206 3188 3268 Quis
3247 3205 3414 3273 igitur

223 3307 307 3362 τη,
345 3294 420 3356 ὡς
472 3294 530 3344 ὲν
560 3295 629 3361 τῇ
665 3291 947 3360 φερομένῃ
985 3290 1232 3344 Ἰακώϐου
1248 3292 1517 3363 Ἐπιστολῇ
1551 3294 1778 3360 ἀνέγνω-

1882 3307 2038 3366 putas
2063 3306 2147 3351 cst
2177 3298 2424 3358 credens,
2458 3298 2560 3352 nisi
2605 3297 2690 3349 ille
2716 3298 2805 3364 qui
2840 3310 2904 3349 eo
2947 3295 3187 3363 pervenit
3220 3303 3278 3347 ut
3302 3310 3408 3348 non

229 3400 341 3451 μεν.
373 3382 469 3444 Τίς
493 3378 588 3434 οὖν
622 3383 736 3450 ἄρα
774 3381 916 3432 ὲστὶν
945 3382 974 3432 6
1008 3380 1270 3434 πιστεύων
1301 3381 1332 3451 ἢ
1364 3384 1392 3433 6
1421 3383 1693 3446 πεπονθὼς
1720 3386 1783 3437 ὲκ

219 3471 308 3522 τοῦ
339 3470 648 3524 διακεῖσθαι
696 3468 845 3521 κατὰ
883 3468 972 3519 τὸν
1019 3467 1192 3536 λόγον,
1240 3470 1333 3522 καὶ
1382 3472 1786 3540 συμπεφυκέναι

222 3558 363 3627 αύτῴ
405 3559 467 3610 τὸ
517 3560 595 3628 μὴ
647 3557 1010 3627 ἐμπεσεῖσθαι
1042 3557 1126 3622 ἂν,
1171 3560 1291 3611 ὅσον
1338 3560 1434 3628 μὲν
1469 3562 1559 3613 ἐπὶ
1581 3562 1784 3627 τούτοις

217 3649 323 3709 τοῖς
370 3650 580 3718 ῥητοῖς,
636 3648 725 3708 είς
777 3646 846 3697 τά
900 3644 1160 3715 λεγόμενα
1202 3648 1335 3717 πρὸς
1383 3648 1603 3701 θάνατον
1649 3646 1785 3702 εἷναι

218 3736 591 3806 ἁμαρτήματα
621 3754 637 3800 ;
687 3737 818 3788 ὅσον
870 3735 924 3787 δὲ
974 3736 1064 3787 ἐπὶ
1089 3735 1201 3805 τῷ’
1243 3755 1260 3786 ι
1285 3738 1397 3799 Πᾶς
1426 3739 1454 3788 6
1500 3739 1782 3802 πιστεύων,

212 3824 289 3876 ὅτι
332 3824 540 3892 Ἰησοῦς
566 3824 858 3893 ὁΧριστός
885 3825 1050 3886 ἐστιν,
1080 3826 1144 3874 ὲκ
1162 3824 1254 3875 τοῦ
1282 3824 1413 3876 Θεοῦ
1434 3826 1731 3895 γεγένηται,
1760 3845 1779 3876 ι

214 3912 309 3980 οὐχ
343 3914 661 3982 ἁμαρτάνει
720 3911 984 3981 καὶπρὸς
1024 3912 1052 3963 ὅ
1097 3928 1147 3963 τι
1177 3911 1439 3980 δηποτοῦν
1487 3913 1592 3965 τῶν
1640 3914 1785 3984 παρά

210 4002 297 4055 τὸν
341 4004 505 4074 ὀρθὸν
536 4002 853 4073 γινομένων
880 4001 1068 4068 λόγον;
1120 4004 1238 4054 Ἔτι
1268 4003 1321 4053 δὲ
1361 4004 1553 4072 μᾶλλον
1581 4005 1785 4074 νοήσεις

208 4094 259 4146 τί
288 4097 437 4147 ἐστιν
456 4112 471 4125 ο
513 4114 534 4144 ι
559 4095 701 4146 Ἐἀν
733 4110 753 4143 ι
784 4091 889 4162 γὰρ
917 4110 934 4141 ι
966 4091 1039 4161 μὴ
1061 4091 1397 4159 πιστεύσητε,
1418 4094 1497 4145 ὅτι
1521 4093 1628 4160 ἐγώ
1651 4096 1784 4163 είμι,

208 4183 571 4237 ἀποθανεῖσθε
625 4185 689 4234 ἐν
737 4184 858 4242 ταῖς
906 4181 1193 4250 ἁμαρτίαις
1241 4180 1408 4249 ύμῶν,
1436 4203 1454 4232 ι
1508 4182 1543 4236 ἀ
1590 4185 1786 4237 ἐστινό

206 4274 564 4342 Πρωτότοκος
598 4272 797 4339 πάσης
841 4271 1069 4332 κτίσεως
1113 4271 1565 4340 ἀναλογιζόμενος.
1610 4267 1730 4325 Οἴον
1759 4276 1787 4325 6

203 4361 478 4414 πιστεύων
524 4363 582 4413 τί
627 4364 789 4412 ἐστιν
829 4361 863 4429 ἡ
912 4359 1239 4428 δικαιοσύνη,
1271 4360 1367 4412 ούκ
1409 4360 1472 4413 ἂν
1500 4362 1781 4433 ἀδικῆσαι·

202 4453 296 4504 καὶ
347 4454 440 4505 διὰ
475 4454 540 4505 τὸ
575 4451 994 4519 τεθεωρηκέναι
1024 4451 1140 4518 ἥτις
1170 4450 1312 4502 ἐστὶν
1358 4454 1391 4521 ἡ
1416 4453 1593 4520 σοφία,
1628 4470 1786 4505 πεπι-

202 4540 447 4605 στευκὼς
494 4542 583 4603 είς
636 4540 752 4608 τὴν
796 4538 1004 4605 σοφίαν,
1029 4539 1125 4590 οὐκ
1163 4539 1226 4591 ἄν
1262 4556 1314 4590 τι
1352 4540 1529 4610 μωρὸν
1557 4540 1717 4607 λέγοι,
1751 4542 1784 4609 ἢ

1882 3387 2058 3447 cadat,
2100 3393 2355 3452 quantum
2387 3385 2450 3436 ad
2483 3386 2594 3437 haec
2630 3387 2788 3437 verba
2817 3386 3068 3452 pertinet,
3112 3386 3162 3436 in
3191 3397 3251 3436 ea
3282 3397 3409 3451 pec-

1883 3483 1999 3528 cata
2023 3489 2139 3540 qua:
2167 3483 2294 3539 sunt
2332 3473 2400 3527 ad
2444 3484 2666 3527 mortem
2694 3474 2758 3537 ⁸⁸,
2792 3489 2855 3527 eo
2897 3476 3036 3541 quod
3085 3472 3302 3526 aﬂ'eclus
3338 3473 3410 3526 sit

1883 3564 2172 3618 secundum
2221 3562 2476 3615 rationem
2510 3570 2564 3615 et
2601 3563 2860 3615 coaluerit
2909 3578 3030 3615 cum
3077 3562 3186 3615 ea?
3239 3577 3409 3628 quan-

1884 3662 1994 3704 tum
2024 3666 2151 3704 vero
2177 3650 2241 3703 ad
2282 3649 2370 3702 illa
2400 3649 2555 3702 verba
2590 3666 2604 3701 :
2643 3667 2662 3698 ι
2701 3647 2884 3702 Omnis
2913 3650 3004 3717 qui
3027 3650 3398 3703 creditJesum

1882 3754 1999 3793 esse
2022 3739 2314 3800 Christum,
2352 3752 2417 3790 ex
2453 3736 2565 3789 Deo
2587 3745 2746 3789 natus
2776 3745 2856 3790 cst
2888 3736 2956 3801 ⁸⁷,
3004 3754 3021 3787 ι
3057 3747 3116 3789 ιιι
3157 3752 3258 3789 n0n
3289 3751 3413 3805 pec-

1884 3836 1969 3880 cet
2012 3827 2063 3878 iu
2107 3827 2212 3878 ullo
2241 3840 2423 3879 eorum
2461 3840 2578 3892 quae
2626 3825 2757 3877 ﬁunt
2808 3833 3002 3890 praeter
3025 3838 3220 3877 rectam
3251 3826 3411 3877 ratio-

1884 3915 2030 3967 nem?
2058 3913 2280 3982 Insuper
2302 3915 2550 3966 memoria
2582 3923 2824 3980 repetens
2846 3929 2928 3974 ea,
2959 3929 3073 3980 quae
3102 3922 3183 3966 est
3216 3912 3412 3967 Primo-

1884 4003 2094 4071 genitus
2116 4002 2293 4056 omnis
2320 4012 2582 4055 creatura:
2625 4003 2691 4065 ⁸⁸,
2739 4004 3107 4057 considerabis
3134 4003 3260 4071 quid
3291 4003 3363 4057 sit
3389 4018 3406 4058 ι

1891 4109 1908 4141 ι
1945 4090 2059 4145 Nisi
2109 4091 2442 4145 credideritis
2470 4091 2611 4159 quod
2662 4106 2761 4161 ego
2809 4108 2947 4154 sum,
3004 4092 3303 4146 moriemini
3355 4092 3406 4144 in

1884 4181 2117 4249 peccatis
2147 4181 2341 4235 vestris
2367 4182 2430 4233 ⁸⁸.
2478 4199 2498 4232 ι
2546 4181 2702 4235 Verbi
2739 4184 2930 4249 gratia,
2968 4182 3055 4250 qui
3083 4181 3246 4236 credit
3281 4182 3408 4249 quid

1885 4268 1953 4320 sit
1986 4268 2219 4336 justitia,
2246 4268 2496 4336 injuriam
2531 4284 2631 4321 non
2657 4268 2843 4323 inferet
2869 4286 2883 4331 ;
2912 4281 2966 4324 et
3007 4271 3092 4336 qui
3123 4272 3410 4325 crediderit

1885 4355 1935 4409 in
1964 4356 2301 4423 sapientiam,
2333 4356 2473 4424 quod
2501 4357 2637 4409 satis
2684 4358 2954 4425 explorate
2996 4360 3294 4427 perceperit
3321 4375 3413 4414 co-

1885 4445 2225 4513 gnoveritque
2264 4459 2403 4508 eam,
2465 4446 2511 4499 is
2558 4461 2654 4500 nec
2696 4446 2897 4500 l'atnum
2926 4448 3123 4516 aliquid
3171 4449 3414 4516 loquetur

1887 4548 1984 4587 nec
2023 4532 2199 4588 faciet.
2234 4534 2314 4589 Ad
2359 4535 2471 4588 haec
2516 4537 2605 4603 qui
2661 4537 2944 4590 crediderit
2985 4537 3169 4607 Λόγῳ,
3202 4536 3276 4608 [id
3331 4548 3414 4591 est

201 4631 429 4700 πράττοι
449 4647 465 4661 ·
509 4629 649 4681 ἐπεὶ
681 4628 714 4679 ὁ
754 4626 1043 4688 πιστεύσας
1067 4627 1141 4696 (5)
1183 4626 1258 4695 τῷ
1289 4629 1344 4679 ὲν
1372 4630 1510 4697 ἀρχῇ
1543 4630 1674 4698 πρὸς
1696 4628 1778 4681 τὸν

1886 4625 2072 4678 rationi
2126 4633 2180 4678 et
2224 4624 2357 4680 Filio
2392 4625 2519 4696 Dei]
2571 4627 2660 4693 qui
2707 4636 2823 4680 erat
2873 4628 2925 4680 in
2977 4628 3236 4696 principio
3273 4627 3412 4694 apud

200 4719 330 4773 Θεὸν
361 4720 553 4789 Λόγῳ,
582 4720 650 4770 ἐν
686 4715 773 4785 τῷ
806 4718 1249 4785 κατανενοηκέναι
1279 4718 1455 4779 αὑτὸν,
1486 4719 1630 4771 οὐδὲν
1662 4720 1782 4772 ἀλό-

1887 4715 2050 4768 Deum
2070 4715 2114 4746 ⁹⁰
2138 4731 2154 4779 ;
2180 4716 2300 4769 ιΙιιιιι
2351 4715 2491 4769 illius
2518 4716 2817 4784 cognitione
2846 4714 3058 4780 l'ruitur,
3084 4716 3216 4769 nihil
3248 4732 3275 4769 a
3328 4731 3414 4769 ra-

272 4848 317 4878 ⁸⁰
337 4844 499 4901 Ioan.
524 4851 655 4904 vm,
686 4842 784 4896 23.
861 4843 905 4875 “
940 4842 1091 4897 Joan.
1127 4860 1254 4908 xvn,
1279 4845 1379 4910 2i;
1410 4844 1603 4910 Ephes.
1632 4849 1754 4910 1,6;
1784 4850 1799 4899 Ι
1825 4848 1967 4903 Petr.
1996 4863 2034 4906 ι,
2057 4846 2145 4899 20.
2209 4845 2253 4875 θ’
2279 4842 2433 4897 Joan.
2465 4856 2553 4907 xv,
2580 4842 2680 4906 l9;
2710 4842 2874 4897 Marc.
2898 4842 3116 4910 νιιιηόό.
3187 4838 3233 4872 ⁸⁸
3255 4839 3412 4910 Joan.

200 4929 311 4976 vni,
336 4914 429 4967 26.
513 4911 565 4981 δέ
594 4911 740 4965 ibid.
775 4911 864 4964 21.
941 4910 986 4942 ⁸⁸
1015 4911 1126 4966 Jac.
1157 4929 1217 4978 ιι,
1242 4911 1329 4969 20.
1368 4908 1373 4910 “
1401 4908 1626 4966 “Rom.
1661 4908 1778 4981 τιίί

1918 4915 1996 4967 ⁸⁷1
2023 4915 2176 4969 Joan.
2203 4927 2255 4978 v,
2293 4915 2344 4967 1.
2418 4911 2463 4943 ⁸⁸
2481 4911 2683 4965 Coloss.
2717 4920 2755 4974 ι,
2786 4911 2871 4963 14.
2944 4908 3150 4962 ⁸³]οιιιι.
3183 4923 3298 4974 νιιι,
3321 4909 3411 4962 24.

204 4984 249 5014 ’⁸
273 4983 429 5035 Joan.
460 4996 505 5045 ι,
535 4979 596 5031 2.

209 5115 507 5184 καταϐολή,
539 5105 927 5184 patrocinium
967 5106 1208 5184 quaesivit
1239 5104 1497 5184 Origenes
1540 5104 1783 5184 opinioni

212 5200 335 5241 5mg,
370 5170 795 5249 qni'uiundnm
844 5170 1106 5249 conditum
1148 5170 1365 5249 ﬁngebat
1404 5170 1782 5249 eat-inermium

213 5236 557 5308 diversitate,
594 5255 732 5312 qua
768 5241 879 5312 ht_t_c
912 5239 1061 5305 dejici
1083 5245 1276 5312 ineritae
1307 5247 1462 5312 _snnt_.
1487 5236 1620 5291 Vide
1654 5240 1691 5293 Ι.
1724 5256 1782 5294 ιιι

217 5321 347 5385 Περὶ
386 5305 630 5384 ἀρχῶν-ξ
646 5322 781 5385 cap.
817 5305 1044 5385 ἄρηαι.
1069 5305 1540 5385 4,_et.0rigeni¢_ma
1567 5317 1779 5385 nostra,

217 5371 385 5445 lihfn,
415 5371 619 5451 adimi:
655 5371 754 5436 12‘,
785 5384 946 5425 num.
981 5371 1032 5431 2,
1062 5375 1142 5425 ubi
1188 5374 1248 5425 de
1292 5375 1497 5427 rutundo
1542 5374 1776 5426 disseri-

217 5466 345 5504 mus.
380 5453 657 5515 Hunnus.
762 5508 788 5515 _
829 5504 842 5515 ,
928 5501 943 5515 ι
1153 5506 1163 5515 ,
1335 5502 1390 5515 η,

380 5501 718 5585 ψ’έπίςηᾷες
750 5504 857 5585 ὃιᾲ
879 5501 1285 5585 τῂνῆτοιᾳύτηιε.
1334 5502 1429 5585 Sic
1466 5517 1617 5585 recte
1683 5507 1779 5585 με...

221 5569 489 5639 Μὶ-έοάυχ
514 5569 883 5633 Βόάιεῖεηιιε,
911 5569 966 5620 ἰιι
988 5569 1139 5637 Regio
1173 5582 1329 5624 autem
1361 5581 1419 5623 ct
1462 5574 1772 5628 Barberiue

1886 5124 2160 5178 perperam
2191 5110 2400 5178 legitur,
2440 5108 2683 5179 ἐπίτηδες
2714 5110 2961 5179 τοιαύτην
2991 5107 3230 5161 ἐπίνοιαν
3278 5108 3418 5162 πλα-

1888 5177 2089 5230 σάντων
2116 5177 2382 5248 όνομᾶτων
2406 5177 2591 5242 ἁγίων.
2916 5177 2924 5179 “

1917 5247 2035 5325 ~(5)
2082 5246 2251 5299 Codex
2293 5245 2624 5305 Bodleianus,
2681 5241 3006 5314 ζητήσεσθε·
3067 5241 3287 5309 Regius,
3332 5241 3425 5315 ζηο

2056 5380 2228 5448 Codex
2252 5376 2586 5448 Bodleianus,
2609 5374 2702 5429 ἐὰν
2728 5378 2833 5446 γάρ
2858 5377 3124 5448 -__Regius,
3148 5374 3354 5448 eavea.
