3828 6228
342 318 459 374 573

1392 333 1734 391 COMMENT.
1776 339 1842 392 IN
1879 338 2065 398 JOAN.
2109 344 2339 401 TOMUS
2376 350 2490 405 ΧΧ.
2594 352 2597 355 ’

3419 357 3513 411 5'14

334 431 444 499 τῆς
472 431 724 503 θεότητος
746 438 1084 512 κατοικῆσαι,
1102 444 1279 498 λαϐεῖν
1299 444 1537 517 νοήματα
1567 452 1762 522 πλήρη,
1781 456 1854 506 κα¹

1958 462 2168 513 .aniino
2197 461 2295 514 fuit
2321 464 2492 520 omnis
2528 465 2799 533 plenitudo
2838 468 3132 523 divinitatis
3173 469 3415 525 habitare
3447 471 3511 535 ".

335 521 409 572 ἶν’
444 521 622 584 οὕτως
658 526 813 589 εἴπω,
843 530 1031 594 ναστὰ,
1065 532 1155 582 καὶ
1208 534 1367 602 μηδὲν
1406 535 1590 604 ἔχοντα
1632 521 1891 604 διάκενον,

332 611 401 662 τὸ
454 612 788 680 Εὔαγγέλιον
823 617 897 687 (9)
952 621 1091 672 κατὰ
1142 623 1493 693 ἐξεταζόμενα
1528 628 1658 694 ἡμῖν
1691 630 1895 681 ἀποκα-

331 699 539 772 λυφθῇ,
572 706 668 756 καὶ
709 707 843 775 μήτε
883 710 1316 777 παραλειπόντων
1357 730 1407 765 τι
1438 717 1469 783 ή
1480 716 1591 783 μῶν
1613 717 1718 769 τῶν
1749 718 1892 771 δεόν-

328 807 445 844 των
511 793 893 860 ἐξετάζεσθαι,
954 800 1045 851 καὶ
1102 801 1556 872 ὑπομνηματικοῖς
1609 808 1890 878 γράμμασι

328 880 710 947 πιστεύεσθαι,
756 886 890 954 μήτε
922 887 997 949 ὡς
1040 889 1098 939 οὐ
1124 889 1242 959 χρὴ
1295 891 1699 957 πλεοναζόντων,
1755 900 1886 968 μήτε

326 969 821 1039 παρεκδεχομένων
867 975 957 1026 τὸν
986 976 1077 1027 τοῦ
1112 979 1355 1048 Σωτῆρος
1394 981 1546 1050 ἡμῶν
1571 984 1710 1037 νοῦν.
1761 987 1890 1049 Θεὸς

322 1054 423 1109 οὖν
451 1061 585 1127 ἡμῖν
633 1061 844 1130 πέμψαι
888 1065 1048 1117 αὐτὸν
1093 1066 1181 1118 τὸν
1234 1068 1398 1135 Λόγον
1446 1072 1630 1124 ἑαυτὸν
1673 1074 1888 1142 ἐμφανί-

321 1146 511 1209 ζοντα,
549 1148 639 1201 ἴνα
658 1151 754 1201 τοῦ
773 1151 964 1219 βάθους
983 1155 1165 1218 αὐτοῦ,
1186 1156 1518 1225 δωρουμένου
1543 1161 1634 1212 τοῦ
1658 1162 1882 1232 Πατρός,

321 1232 519 1288 θεαταὶ
548 1236 834 1306 γενώμεθα
850 1240 957 1308 (l0)
976 1242 988 1293 ἱ

391 1413 447 1465 2.
486 1410 655 1478 Οἶδα,
684 1415 771 1468 ὅτι
787 1417 1019 1486 σπέρμα
1052 1421 1287 1490 Ἀϐραάμ
1310 1426 1465 1488 ἐστε,
1492 1428 1647 1482 ἀλλὰ
1669 1429 1728 1494 In
1738 1431 1881 1485 τεῖτέ

306 1520 390 1571 με
419 1505 794 1570 ἀποκτεῖναι,
847 1508 933 1560 ὅτι
983 1513 1015 1563 ό
1057 1514 1232 1579 λόγος
1268 1517 1301 1565 ό
1336 1515 1472 1582 ἐμός
1509 1520 1578 1571 οὺ
1606 1521 1777 1586 χωρεῖ
1812 1522 1880 1573 ἐν

310 1593 479 1660 ὑμῖν.
512 1594 670 1658 Δόξει
720 1599 897 1666 μάχην
931 1601 1198 1668 περιέχειν
1226 1606 1333 1664 τοῖς
1363 1606 1434 1674 μὴ
1474 1608 1784 1661 κατανοοῦσι
1811 1612 1877 1664 τὰ

312 1685 701 1753 σημαινόμενα
759 1687 865 1738 ἀπὸ
907 1689 1020 1758 τῆς,
1077 1692 1324 1759 σπέρμα,
1373 1697 1570 1765 φωνῆς,
1608 1699 1699 1750 καὶ
1754 1700 1869 1769 τῆς,

306 1771 558 1836 τέκνον,
598 1775 680 1826 τό·
716 1772 877 1837 Οἶδα,
903 1776 990 1828 ὅτι
1018 1778 1248 1846 σπέρμα
1282 1762 1520 1852 Ἀϐραάῂ
1549 1786 1703 1849 ἐστε,
1735 1762 1870 1859 προς
1900 1762 1940 1815 Β

305 1861 374 1912 τὸ
402 1861 613 1924 εὐθέως
647 1864 1156 1934 ἐπενεχθησόμενον,
1206 1871 1297 1923 καὶ
1341 1872 1474 1941 πρὸς
1513 1877 1635 1938 τοὺς
1679 1879 1870 1941 αὐτοὺς

305 1950 628 2020 λεγόμενον·
687 1955 758 2005 Ei
807 1953 984 2007 τέκνα
1034 1957 1137 2009 τοῦ
1179 1959 1413 2028 Ἀϐραάμ
1448 1963 1603 2027 ἐστε,
1632 1966 1700 2018 τὰ
1730 1968 1870 2035 ἔργα

304 2041 417 2094 τοῦ
464 2044 718 2111 Ἀϐραὰμ
744 2044 979 2100 ποιεῖτε.
1016 2047 1107 2098 Ἵν¹
1140 2045 1230 2101 οὖν
1262 2050 1429 2102 ταῦτα
1462 2052 1725 2125 θεωρηθῇ,
1753 2056 1870 2109 ἴδω-

306 2148 412 2200 μεν
465 2133 687 2202 πρῶτον
717 2136 1039 2204 σωματικῶς
1072 2139 1377 2208 σπέρματος
1410 2144 1501 2195 καὶ
1543 2146 1726 2197 τέκνου
1757 2148 1867 2201 δια-

304 2220 505 2291 φοράν.
540 2222 654 2274 Καὶ
690 2224 859 2291 σαφές
894 2242 977 2291 γε,
1011 2226 1090 2277 ὅτι
1119 2228 1178 2279 τὺ
1210 2229 1304 2297 μὲν
1336 2230 1550 2300 σπέρμα
1581 2234 1729 2296 τινὰς
1755 2236 1864 2305 ἔχει

300 2311 436 2372 τοὺς
462 2311 658 2378 λόγους
685 2312 778 2365 τοῦ
815 2314 1122 2382 σπείροντος
1149 2317 1206 2368 ὲν
1244 2319 1437 2385 ἐαυτῷ,
1467 2322 1545 2372 ἔτι
1570 2324 1863 2392 ἡσυχάζον-

297 2413 406 2458 τας
444 2398 541 2450 καὶ
584 2399 995 2468 ἀποκειμένους·
1030 2403 1088 2454 τὸ
1119 2403 1173 2454 δὲ
1214 2405 1416 2468 τέκνον,
1453 2410 1862 2476 μεταϐάλλοντος

298 2484 401 2536 τοῦ
436 2484 759 2555 σπέρματος
790 2488 881 2539 καὶ
931 2491 1296 2560 ἐργασαμένου
1326 2495 1422 2564 τὴν
1464 2500 1861 2571 παρακειμένην

296 2573 455 2642 αὐτῷ
486 2573 621 2643 ὓλην
654 2575 763 2627 ἀπὸ
792 2577 889 2646 τῆς
908 2581 1175 2645 γυναικὸς,
1207 2582 1299 2633 καὶ
1325 2583 1431 2635 τῶν
1473 2586 1860 2659 ἐπισυναγομέ-

294 2678 411 2714 νων
437 2665 655 2733 τροφῶν
687 2666 988 2736 μορφωθὲν,
1013 2670 1104 2720 καὶ
1132 2672 1210 2732 εἰς
1249 2672 1455 2737 γένεσιν
1493 2676 1855 2744 εὐτρεπισθὲν,

294 2752 616 2818 ὑφίσταται·
647 2755 740 2805 καὶ⁵
784 2755 837 2806 εἴ
853 2773 901 2807 τι
935 2757 1093 2826 μέρος
1116 2759 1229 2811 ἐστὶ
1256 2762 1454 2830 κυρίως
1484 2766 1668 2818 τέκνον
1695 2769 1853 2833 τινὸς,

291 2841 377 2904 ὡς
412 2842 547 2911 πρὸς
578 2842 647 2894 τὰ
680 2844 983 2912 σωματικὰ,
1019 2849 1081 2898 ἐκ
1126 2848 1430 2918 σπέρματος
1460 2852 1683 2923 ὑπέστη·
1714 2858 1760 2908 εἰ
1799 2858 1855 2910 δέ

291 2946 351 2983 τι
382 2931 501 2984 ἐστὶ
536 2932 779 3003 σπέρμα,
827 2934 886 2985 οὐ
919 2935 1127 2998 πάντως
1168 2938 1349 2991 τέκνον
1380 2941 1601 3007 γίνεται.
1645 2946 1854 3000 Τούτων

1990 550 2230 614 accipere
2260 566 2449 607 sensus
2491 555 2697 621 plenos,
2752 568 2803 610 et
2850 567 2908 610 ut
2950 559 3020 610 ita
3060 558 3251 619 dicam,
3298 560 3510 625 solidos,

1989 637 2224 706 nihilque
2273 640 2423 693 vacui
2451 640 2706 696 habentes
2736 661 2751 697 :
2783 653 2839 697 ut
2894 645 3236 709 Evangelinm
3293 647 3432 714 quod
3482 661 3510 700 δ

1989 727 2141 779 nobis
2170 730 2525 795 examinatur,
2550 733 2919 787 inanifestetar
2945 750 2960 797 ;
3008 735 3140 787 nihil
3169 736 3323 790 nobis
3350 738 3508 789 omit-

1991 815 2223 871 tentibus
2263 832 2445 871 eorum
2475 834 2591 888 qua:
2634 822 2931 889 indaginem
2979 827 3253 892 requirant
3292 840 3507 894 quaeque

1985 906 2243 958 committi
2277 908 2505 962 debeant
2534 915 3067 968 commentationibus
3095 933 3109 979 ;
3158 930 3327 983 neque
3381 916 3506 969 item

1983 995 2420 1060 exuberantihus,
2450 1000 2541 1051 ubi
2573 1016 2675 1053 non
2705 1002 2777 1055 sit
2798 1018 2951 1072 opus,
2993 1019 3059 1057 ac
3083 1021 3147 1059 ne
3192 1014 3506 1074 perverten-

1986 1081 2122 1136 tibus
2151 1085 2361 1151 quidem
2391 1086 2688 1140 Servatoris
2719 1089 2882 1141 nostri
2908 1087 3031 1143 Jesu
3060 1100 3309 1145 mentem.
3336 1093 3505 1160 Atque

1984 1171 2181 1224 utinam
2230 1174 2365 1227 Deus
2406 1175 2561 1229 nobis
2605 1177 2780 1229 mittat
2831 1192 2981 1229 suum
3029 1179 3196 1246 ipsius
3250 1179 3504 1245 Verbum,

1979 1262 2118 1326 quod
2153 1262 2382 1329 seipsum
2435 1268 2701 1332 ostendat,
2737 1276 2793 1319 ut
2841 1268 3259 1335 profunditatem
3313 1269 3502 1337 ipsius,

1977 1349 2208 1404 donante
2230 1352 2407 1415 Patre,
2431 1355 2612 1408 videre
2642 1357 2909 1423 possimus
2932 1360 2945 1410 ι

2043 1442 2204 1510 308
2242 1443 2297 1494 2.
2343 1444 2479 1497 Novi
2528 1448 2661 1515 quod
2708 1448 2928 1501 Abralue
2984 1463 3155 1501 semen
3204 1448 3326 1500 estis
3354 1485 3369 1508 ,
3410 1447 3500 1500 sed

1974 1533 2203 1599 qmeritis
2233 1549 2310 1585 me
2341 1535 2645 1601 interﬁcere,
2670 1540 2913 1604 quoniam
2958 1553 3122 1590 sermo
3158 1553 3297 1589 meus
3324 1536 3494 1589 lorum

1975 1639 2076 1675 non
2123 1626 2275 1677 habet
2318 1626 2370 1676 in
2421 1627 2556 1679 vobis
2589 1628 2654 1680 ⁸⁷,
2690 1627 2786 1681 llic
2818 1637 3098 1681 contextus
3131 1646 3144 1679 :
3174 1626 3310 1679 Novi
3359 1627 3494 1694 quod

1972 1712 2190 1764 Abraha:
2224 1729 2394 1766 semen
2429 1718 2572 1778 estis,
2615 1717 2827 1770 videtur
2871 1733 2975 1772 non
3037 1716 3495 1771 considerantibus

1971 1801 2093 1866 quid
2124 1802 2382 1870 significet
2424 1817 2521 1855 vox
2545 1843 2558 1863 ,
2600 1821 2788 1869 semen,
2816 1813 2870 1859 et
2909 1806 3035 1873 quid
3065 1806 3332 1874 signiticet.
3366 1818 3489 1865 vox.

1968 1887 2126 1953 ﬁlius,
2157 1905 2391 1956 pugnare
2419 1906 2535 1944 cum
2570 1892 2659 1945 illo
2694 1901 2945 1947 contextu
2977 1893 3067 1960 qui
3103 1907 3222 1946 mox
3256 1891 3490 1946 inferen-

1968 1979 2065 2031 dus
2088 1989 2186 2040 est,
2211 1981 2403 2049 quique
2428 1983 2491 2034 ad
2520 1985 2730 2036 eosdem
2776 1983 2994 2047 dicitur,
3024 1998 3211 2051 nempe
3243 2006 3255 2038 :
3288 1982 3346 2037 Si
3392 1982 3491 2050 ﬁlii

1966 2068 2185 2121 Abrahae
2209 2071 2350 2131 estis,
2385 2087 2537 2138 opera
2559 2073 2781 2124 Abrahae
2812 2072 2966 2137 facile
2998 2072 3065 2124 ³⁸.
3117 2071 3183 2126 Ut
3222 2085 3347 2139 ergo
3378 2072 3491 2125 hare

1964 2158 2402 2225 considerentur,
2450 2163 2723 2214 videamus
2778 2161 2830 2213 in
2891 2162 3080 2229 primis
3144 2160 3491 2229 corporaliter

1965 2245 2055 2297 filii
2083 2256 2135 2299 et
2160 2248 2378 2300 seminis
2424 2246 2801 2301 dilferentiam.
2851 2249 2927 2302 Ac
2975 2257 3121 2302 certe
3152 2251 3485 2314 perspicuum

1962 2346 2043 2389 est
2066 2336 2201 2403 quod
2229 2351 2409 2390 semen
2444 2337 2583 2390 illius
2620 2337 2770 2404 cujus
2806 2346 2889 2391 est
2924 2351 3128 2399 semen,
3158 2338 3387 2389 rationes
3434 2337 3485 2388 in

1960 2424 2135 2490 seipse
2173 2427 2444 2481 contineat
2486 2428 2660 2479 adhuc
2707 2437 2992 2494 pausantes
3042 2435 3095 2479 et
3147 2426 3482 2478 reconditas:

1960 2513 2123 2567 filium
2152 2529 2279 2569 vero
2324 2517 2523 2569 exoriri
2570 2527 2620 2569 et
2659 2517 2967 2580 subsistere,
3013 2525 3213 2568 mmato
3258 2516 3484 2578 semine,

1957 2611 2010 2656 et
2039 2617 2292 2670 operante
2322 2607 2370 2658 in
2406 2607 2680 2658 materiam
2712 2607 2810 2659 sibi
2847 2606 3139 2673 appositam
3182 2605 3482 2666 amuliere,

1954 2700 2008 2745 et
2034 2706 2097 2745 ex
2126 2694 2460 2747 nutrimentis
2484 2695 2720 2747 collectis
2757 2697 3037 2747 formatum
3062 2732 3076 2757 ,
3118 2701 3172 2746 et
3206 2693 3271 2745 ad
3305 2703 3482 2744 ortum

1954 2781 2231 2849 diligenter
2259 2793 2627 2850 pra‘paratum.
2658 2782 2806 2848 Quod
2833 2783 2876 2836 si
2910 2782 3107 2849 aliquid
3148 2782 3372 2849 alicujus
3402 2790 3485 2833 est

1954 2867 2164 2934 proprie
2193 2868 2354 2931 filius,
2384 2872 2523 2935 quod
2551 2870 2614 2919 ad
2642 2868 2938 2935 corporalia
2963 2868 3174 2930 attinet,
3196 2883 3260 2920 ex
3280 2867 3482 2920 semine

1952 2962 2124 3007 ortum
2172 2964 2291 3017 est;
2337 2970 2456 3006 cum
2491 2965 2665 3006 tamen
2694 2955 2739 3006 si
2789 2953 2985 3019 aliquid
3019 2962 3100 3004 est
3143 2965 3344 3012 semen,
3377 2965 3479 3002 non

291 3020 356 3072 δὲ
386 3024 519 3090 ἡμῖν
557 3021 1082 3092 προδιαληφθέντων,
1134 3028 1180 3078 εἰ
1221 3029 1314 3096 μὲν
1348 3032 1663 3099 σωματικῶς
1694 3037 1854 3106 ἐχρῆν

1958 3043 2205 3095 continuo
2235 3043 2302 3093 sit
2327 3042 2482 3095 tilius.
2540 3042 2660 3093 llutc
2708 3057 2826 3094 cum
2873 3040 3072 3108 praefati
3121 3040 3394 3104 fuerimus,
3432 3042 3477 3094 si

288 3114 441 3164 νοεῖν
479 3112 558 3163 τό·
598 3109 761 3173 Οἶδα,
804 3112 891 3163 ὅτι
919 3113 1152 3181 σπέρμα
1212 3117 1450 3187 Ἀϐραάμ
1485 3122 1641 3186 ἐστε,
1683 3123 1854 3188 ἔδοξεν

287 3198 361 3252 ἂν
387 3199 605 3261 πάντως
632 3199 941 3251 ἀκολουθεῖν
961 3201 1020 3252 τὸ
1036 3204 1126 3255 καὶ
1145 3203 1305 3256 τέκνα
1325 3202 1458 3259 εἶναι
1484 3209 1574 3260 τοῦ
1612 3211 1855 3283 Ἀϐραὰμ

286 3286 435 3356 πρὸς
479 3286 573 3349 οὓς
607 3289 636 3340 ό
687 3288 862 3355 λόγος·
899 3292 1359 3360 συγχωρουμένου,
1403 3295 1480 3347 ὄτι
1514 3296 1591 3349 ἔτι
1637 3299 1853 3369 σπέρμα

285 3377 413 3428 ἐστὶ
462 3376 524 3428 τὸ
566 3377 778 3438 τέκνον,
812 3380 905 3430 καὶ⁹
935 3380 994 3430 οὐ
1046 3384 1183 3434 κατὰ
1224 3383 1282 3434 τὸ
1309 3385 1527 3455 ἀκριϐὲς
1562 3387 1847 3458 διδομένου.

298 3465 460 3516 Ἐπεὶ
481 3465 538 3517 δὲ
566 3466 675 3518 ἀπὸ
706 3466 868 3536 ἤθους
897 3470 1134 3538 κρίνεται
1167 3473 1259 3524 καὶ
1284 3472 1454 3543 ἔργων
1482 3474 1549 3527 τὰ
1576 3477 1737 3532 τέκνα
1758 3480 1848 3533 τοῦ

298 3554 578 3624 Ἀϐραὰμ,
615 3557 822 3624 μήποτε
852 3557 957 3607 ἀπό
998 3575 1155 3611 τινων
1201 3564 1578 3631 σπερματικῶν
1612 3566 1717 3635 (li)
1767 3568 1850 3621 λό-

281 3661 403 3711 γων
426 3645 1016 3712 συγκαταϐαλλομένων
1042 3648 1198 3711 τισὶν,
1222 3651 1296 3713 ὡς
1320 3647 1489 3720 οἶμαι,
1522 3654 1734 3724 ψυχαῖς,
1771 3659 1850 3711 δεῖ

277 3733 717 3804 χαρακτηρίζειν
745 3736 870 3798 τοὺς
901 3737 1056 3799 ὄντας
1088 3739 1301 3809 σπέρμα
1325 3742 1416 3794 τοῦ
1458 3745 1717 3816 Ἀϐραάμ.
1741 3750 1847 3801 Καὶ

276 3824 448 3892 εἴπερ
479 3822 614 3891 (12),
636 3823 712 3885 ὡς
738 3825 877 3876 κατὰ
902 3825 962 3876 τὸ
984 3828 1303 3896 σωματικὸν,
1330 3833 1389 3883 οὐ
1421 3832 1613 3897 πάντες
1641 3836 1846 3908 ἄνθρω-

276 3930 376 3965 ποι
434 3913 661 3982 σπέρμα
703 3914 809 3965 είσὶ
858 3914 950 3967 τοῦ
986 3917 1249 3988 Ἀϐραὰμ,
1281 3920 1420 3972 οὕτω
1475 3924 1613 3976 κατὰ
1640 3925 1708 3976 τὰ
1752 3928 1843 3981 νῦν

274 4002 650 4071 ἀποδιδόμενα
666 4003 792 4073 περὶ
807 4003 921 4066 τοῦ,
942 4005 1083 4067 τίνες
1097 4006 1202 4058 εἰσὶ
1224 4009 1437 4079 σπέρμα
1467 4011 1558 4064 τοῦ
1578 4014 1838 4086 Ἀϐραὰμ,

274 4093 463 4162 δῆλον,
500 4093 583 4144 ὅτι
615 4093 677 4144 οὐ
715 4092 912 4155 πάντες
945 4094 1214 4165 ἄνθρωποι
1243 4100 1377 4167 μετὰ
1404 4101 1571 4172 πάντη
1600 4121 1840 4176 σπερμα-

256 4182 449 4235 τικῶν
472 4181 649 4249 λόγων
689 4181 796 4234 τῶν
837 4185 1352 4256 ὲγκατασπαρέντων
1381 4190 1554 4245 αὐτῶν
1588 4196 1695 4264 (i5)
1725 4201 1841 4260 ταῖς

270 4274 480 4344 ψυχαῖς
519 4271 601 4341 τῷ
634 4272 736 4341 βίῳ
765 4272 872 4325 τῶν
917 4273 1212 4344 ἀνθρώπιον
1257 4279 1694 4357 ἐπιδεδημήκασι.
1731 4286 1838 4357 Τὴν

1953 3130 2165 3197 quidem
2195 3131 2543 3198 corporaliter
2581 3130 2955 3199 intelligendus
2981 3140 3122 3184 esset
3148 3131 3235 3184 ille
3258 3139 3477 3184 contex-

1954 3229 2036 3272 tus
2068 3236 2081 3271 :
2112 3216 2243 3272 Novi
2271 3223 2406 3287 quod
2439 3221 2659 3272 Abrahw
2682 3235 2850 3270 semen
2875 3222 2995 3273 eslis
3025 3258 3040 3281 ,
3085 3220 3211 3272 illud
3258 3220 3476 3273 omnino

1951 3308 2216 3361 videretur
2266 3308 2452 3375 sequi,
2504 3319 2558 3363 ut
2588 3310 2640 3362 hi
2694 3311 2886 3377 quibus
2943 3310 3257 3376 loquebatur
3294 3316 3475 3361 essent

1948 3395 2109 3448 etiam
2142 3395 2235 3448 filii
2264 3396 2509 3460 Abrahae;
2545 3412 2799 3451 concesso
2842 3399 2982 3466 quod
3011 3411 3189 3451 semen
3219 3397 3289 3450 sit
3313 3395 3471 3448 etiam

1948 3483 2106 3548 ﬁlius,
2134 3493 2316 3539 etnon
2345 3487 2466 3540 dato
2507 3487 2659 3554 juxta
2693 3497 2995 3541 accuratam
3046 3487 3468 3556 intelligentiam.

1947 3572 2049 3626 Sed
2070 3575 2320 3641 quoniam
2370 3590 2437 3628 ex
2483 3576 2721 3631 moribus
2765 3585 2820 3630 et
2874 3578 3121 3644 operibus
3161 3576 3472 3645 judicantur
3544 3624 3551 3633 .

1946 3661 2037 3713 lilii
2059 3660 2303 3724 Abrahze,
2334 3664 2452 3716 vide
2476 3679 2540 3716 ne
2567 3662 2703 3717 forte
2734 3664 3044 3733 designandi
3073 3666 3179 3719 sint
3222 3667 3311 3734 qui
3346 3676 3470 3719 sunt

1943 3763 2119 3802 semen
2147 3750 2373 3803 Ahraha:
2397 3766 2462 3803 ex
2509 3752 2809 3805 rationibus
2838 3754 3152 3819 quibusdam
3201 3754 3470 3807 seminati-

1942 3839 2060 3904 bus,
2090 3839 2282 3904 insitis,
2307 3850 2362 3892 ut
2391 3840 2595 3906 opinor,
2614 3841 2929 3908 quihusdam
2958 3843 3147 3896 animis
3180 3862 3192 3896 :
3219 3856 3271 3896 et
3291 3858 3469 3910 quem-

1940 3929 2242 3994 admodum,
2273 3928 2410 3996 quod
2441 3930 2506 3982 ad
2539 3945 2733 3997 corpus
2762 3934 2989 3996 attinet,
3025 3949 3129 3987 non
3164 3949 3350 3987 omnes
3373 3937 3470 3988 ho-

1940 4023 2109 4072 mines
2146 4032 2326 4072 semen
2350 4027 2472 4071 sunt
2495 4019 2740 4084 Abrahae;
2785 4020 2855 4088 ita
2896 4022 3044 4089 juxta
3092 4037 3153 4076 ea
3184 4038 3300 4091 quae
3328 4039 3466 4078 nunc

1938 4104 2300 4173 explicuimus,
2332 4108 2544 4174 quinam
2569 4108 2675 4161 sint
2697 4123 2877 4161 semen
2913 4111 3161 4174 Abrahae,
3190 4126 3255 4164 ne
3285 4112 3462 4165 homi-

1938 4211 2032 4250 nes
2058 4199 2264 4264 quidem
2290 4212 2476 4252 omnes
2517 4202 2849 4252 advenerunt
2887 4203 2952 4254 ad
3003 4201 3139 4255 hanc
3194 4204 3464 4257 hominum

1937 4285 2095 4338 vitam
2134 4302 2252 4339 cum
2276 4288 2569 4343 rationibus
2601 4292 2819 4344 omnino
2846 4291 3186 4346 seminalibus
3214 4293 3467 4360 ingenitis

271 4364 329 4415 δὲ
364 4362 578 4415 τούτων
617 4361 796 4414 αἰτίαν
833 4362 972 4416 κατὰ
1005 4365 1241 4433 μεγάλας
1271 4354 1475 4435 κρίσεις
1498 4372 1589 4423 καὶ
1625 4354 1837 4447 δυσδιτγ-

1958 4378 2047 4430 ntis
2092 4376 2370 4432 animabus
2398 4395 2413 4430 :
2442 4394 2665 4446 quorum
2707 4395 2921 4435 causam
2951 4421 2968 4449 ,
3021 4392 3238 4449 propter
3269 4394 3464 4448 magna

340 4516 394 4550 ⁹⁶
433 4515 650 4571 Coloss.
686 4530 746 4579 tt,
779 4515 834 4568 9.
911 4517 955 4547 97
984 4516 1142 4572 Joan.
1166 4534 1283 4584 rm,
1312 4522 1400 4576 57.
1473 4524 1517 4554 ⁹⁸
1549 4525 1676 4579 ibid.
1700 4527 1784 4581 59.

338 4648 425 4720 (9)
473 4647 546 4720 Τὸ
570 4647 962 4720 Ιέῗύαγῒέέιρν,
991 4659 1095 4720 etc.
1130 4648 1434 4720 Legendum
1473 4653 1689 4720 videtur
1716 4671 1833 4710 cum

262 4714 533 4791 [ferrario
584 4716 675 4791 ἵνα
714 4714 795 4791 τὸ-
813 4715 1137 4791 Εραγγέλιον
1187 4714 1436 4791 κάτὰῃτὰ
1473 4719 1835 4791 ἐξεταζόμενα

262 4789 406 4858 ἡμῖν
430 4782 821 4858 αποκαλυφθῇ.
851 4783 1070 4858 Revera
1088 4785 1139 4836 in
1170 4785 1449 4858 codicibus
1473 4782 1762 4858 Barherino
1784 4802 1837 4845 et

264 4851 588 4925 Bodleiano
641 4851 839 4918 legitur
875 4851 1255 4921 ἀποκαλυφθῇ,
1299 4856 1392 4906 sed
1425 4854 1478 4907 in
1509 4853 1673 4925 Regio
1699 4859 1830 4911 ἀπο-

262 4921 640 4991 καλυφθῆναι.

335 4985 458 5059 (ιο)
503 4985 719 5059 Beata!
764 4987 1077 5059 γενώμεθα.
1125 4985 1465 5059 Multa__post_
1494 4988 1619 5059 haec
1676 4993 1832 5048 verba

263 5054 467 5115 deesse
489 5054 1096 5128 conjectatFertarius.
1127 5055 1198 5128 At
1226 5054 1427 5128 nullum
1454 5054 1650 5108 hiatum
1668 5072 1832 5128 agno-

260 5136 428 5184 scunt
450 5120 676 5180 codices
713 5124 881 5175 nostri
915 5120 1288 5187 manuscripti.

338 5195 457 5275 tt!)
497 5192 752 5256 Μήποτε
782 5191 902 5275 ἀπό
920 5206 1097 5275 "re:
1114 5188 1540 5275 εἴπεριιεῖικῷνν
1572 5205 1675 5274 εις·
1709 5197 1833 5253 "me

259 5256 596 5331 abVOrigeue
624 5275 732 5331 non
757 5256 1160 5331 manentium,
1194 5259 1285 5307 sed
1308 5256 1694 5331 διαπορητικιῖκς
1716 5282 1837 5329 pro.

260 5335 393 5400 poni
432 5325 742 5400 n'otandutn
785 5337 891 5400 est.
928 5325 1353 5400 Maluit-nantem
1386 5337 1416 5374 a
1448 5325 1616 5381 mente
1640 5325 1832 5399 Orige-

257 5389 350 5452 iiis
380 5395 760 5457 aberraverit,
803 5393 893 5459 qui
924 5406 990 5444 ex
1031 5393 1134 5442 hoc
1161 5389 1283 5459 loco
1314 5404 1663 5459 prnpugnasse
1700 5389 1826 5455 eum

255 5466 464 5521 dixerit
480 5456 836 5544 sententiam
858 5459 1001 5511 illam
1020 5472 1138 5522 qua:
1157 5456 1446 5546 animasse);
1471 5456 1679 5546 traduce
1698 5481 1831 5546 pro-

275 5534 491 5601 mgnari
527 5530 746 5589 sciscit,
776 5540 937 5593 quam
961 5526 1235 5575 sexcentis
1286 5526 1394 5599 ipse
1421 5526 1543 5578 locis
1571 5526 1823 5589 obtrivit,

253 5550 295 5657 ίι
326 5620 356 5655 c
391 5601 596 5669 quippe
633 5596 879 5652 rationes
905 5593 1161 5658 quasdam
1207 5591 1504 5659 setnmales,
1537 5600 1825 5670 mysticas,

1936 4659 2125 4729 νοητὰς
2158 4669 2211 4713 et
2260 4664 2648 4731 πνευματικὰς,
2683 4669 2961 4735 agnoscit,
3020 4670 3216 4724 animis
3268 4672 3467 4730 inditas

1936 4738 2146 4805 propter
2173 4744 2358 4782 causas
2376 4745 2493 4797 quae
2518 4741 2904 4789 connexionem
2933 4740 3166 4805 ipsarum
3191 4752 3312 4791 cum
3343 4758 3468 4796 cor.

1935 4798 2174 4868 poribus
2205 4811 2625 4868 praecesserunt;
2655 4816 2772 4868 qua:
2826 4798 3058 4856 rationes
3107 4804 3148 4854 si
3197 4807 3465 4862 rationum

1936 4863 2268 4935 se_t_ninalium
2297 4863 2712 4935 Abrattatni,'vel
2742 4871 2836 4922 viri
2869 4871 3089 4924 alterius
3114 4870 3248 4935 justi
3276 4876 3471 4930 anime

1934 4932 2315 5001 adhaerentium
2348 4933 2572 5001 similes
2625 4937 2755 4999 sint,
2814 4946 2865 4990 et
2923 4932 3279 5001 excolantur,
3334 4940 3472 4996 ﬁlios

1934 4999 2358 5072 Ahrahami,_ve_l
2379 5000 2506 5072 justi
2542 5004 2761 5056 alterius
2795 5004 2892 5055 viri
2920 5018 3014 5057 eos
3042 4999 3303 5064 efﬁcient,
3331 5022 3472 5072 quo-

1941 5081 2053 5138 rum
2095 5067 2297 5138 _animis
2336 5068 2510 5138 insitae
2549 5082 2733 5131 erunt;
2771 5083 3112 5138 nequaquam
3159 5083 3293 5138 vero
3324 5067 3480 5132 intel-

1938 5133 2154 5204 ligendas
2175 5144 2296 5204 sunt
2320 5137 2549 5188 rationes
2571 5133 2868 5191 seminales'
2882 5133 3110 5204 paterno
3133 5136 3332 5186 semini
3356 5153 3483 5193 con-

1930 5202 2145 5270 junctze.
2197 5201 2342 5255 llanc
2388 5216 2506 5255 esse
2564 5216 2793 5257 mentem
2848 5201 3106 5269 Origenis
3135 5204 3488 5265 apertissime

1936 5270 2198 5345 evincitur
2243 5284 2306 5321 ex
2444 5286 2561 5345 qua:
2604 5286 2760 5345 supra
2804 5270 3053 5345 scripsit.
3084 5278 3383 5345 toomzmxnt
3433 5273 3493 5324 in

1934 5336 2119 5396 Joan.,
2152 5351 2294 5387 nunt.
2325 5337 2412 5389 45.
2444 5333 2566 5390 Haec
2607 5333 2703 5391 nos
2741 5340 2790 5391 in
2827 5333 3173 5403 Ot'iyeniqnis
3199 5333 3499 5398 diligenter

1936 5404 2325 5471 tractamnshh.
2362 5419 2421 5465 ll,
2452 5414 2636 5471 qnmst.
2673 5407 2724 5468 6,
2757 5421 2902 5471 num.
2927 5400 3004 5454 ’4.
3041 5400 3324 5452 Hun'rtus.

2028 5470 2111 5541 lg)
2149 5470 2529 5541 Εἶπερι-Ὲοιίιθ
2550 5474 2823 5541 legendum
2856 5470 3087 5541 ὣσπερ.

2028 5475 2092 5521 1‘2
2149 5475 2346 5537 Εἴπερ.
2372 5475 2529 5525 Forte
2550 5475 2823 5541 legendum
2856 5475 3087 5537 ὥσπερ.

2002 5475 2111 5615 ίίῖιζ
2141 5538 2318 5615 (ἴοι-ΙΨ(
2344 5539 2566 5615 Βθεξιιε,
2603 5540 2708 5594 τῶν
2728 5538 2915 5615 *αὐτῶν
2947 5530 3512 5615 ἔγκατασπαρέντων

1934 5605 2127 5669 αὐτῶν,
2153 5608 2243 5661 sed
2271 5609 2321 5663 in
2346 5605 2630 5663 Bodleiano
2661 5612 2807 5678 prius
2838 5605 3037 5659 αὐτῶν
3073 5615 3177 5656 non
3193 5610 3516 5667 comparet.
