3828 6224
353 308 457 363 5δὸ

1750 285 1906 344 OBIG
1916 282 2067 337 ENIS

3518 244 3626 295 53“

355 426 672 480 disseremus
702 435 821 476 cum
872 418 939 472 ad
979 411 1398 485 explorationem
1424 408 1569 462 illius
1598 413 1879 460 contextus
1906 434 1919 465 Α

2099 412 2140 485 ις
2166 394 2225 447 τό
2244 411 2256 423 ·
2289 388 2449 485 Οἶδα,
2472 389 2557 485 ὅτι
2580 386 2825 485 (ξπέρμα
3183 368 3306 421 ἐστ
3295 379 3344 464 ξ
3350 356 3622 485 ’,1⁸2212

364 512 769 583 pervenerimus.

361 568 586 660 ποιεῖτε.
627 598 759 666 Περὶ
800 595 1042 665 μέντοιγε
1088 589 1286 642 τέκνων
1345 582 1585 654 Ἀϐραὰμ
1628 580 1694 632 τὰ
1746 578 1879 648 ἔργα
1916 573 2007 627 τοῦ
2043 571 2286 642 Ἀϐραὰμ
2320 568 2641 627 ποιούντων,

357 695 600 768 ἐροῦμεν,
627 690 924 759 φθάσαντες
957 687 1047 738 ἐπὶ
1075 684 1171 753 τὴν
1202 682 1425 750 βάσανον
1449 676 1655 743 ἐκείνης
1678 673 1771 739 τῆς
1793 668 1956 733 λέξεω

424 788 477 841 5.
510 786 593 850 Εἰ,
609 798 733 850 ergo
769 780 859 848 qui
893 778 1050 831 fuerit
1077 775 1304 827 Abralne
1327 787 1528 831 semen,
1563 771 1685 821 licet
1724 765 1882 818 etiam

361 877 495 939 fieri,
526 854 932 940 sirdiligentiam
966 865 1235 923 adhibeat,
1265 861 1378 928 ejus
1409 861 1582 920 filius;
1623 854 1881 925 quemad-

359 966 571 1020 modum
617 964 759 1015 factu
817 956 1126 1010 facillimum
1172 960 1280 1013 est,
1332 948 1559 1002 utnulla
1591 944 1884 1015 diligentia,

359 1054 610 1120 nullaque
637 1049 843 1103 cultura
876 1043 1138 1102 adhibita,
1167 1044 1266 1094 lioc
1301 1040 1459 1092 etiam
1506 1036 1714 1104 perdat,
1749 1030 1886 1098 quod

360 1156 540 1198 semen
582 1141 805 1193 Abrahae
838 1142 975 1188 erat.
1010 1131 1176 1184 Porro
1209 1130 1261 1181 bi
1292 1129 1356 1181 ad
1386 1139 1521 1192 quos
1549 1132 1664 1176 crat
1690 1134 1886 1180 sermo,

361 1231 595 1286 nondum
645 1232 799 1280 erant
848 1221 1135 1288 deploratae
1179 1216 1323 1284 spei,
1378 1214 1575 1267 sciente
1626 1209 1749 1262 Jcsu
1798 1221 1889 1260 eos

362 1319 649 1373 etiamnum
682 1311 908 1365 Abrahm
938 1321 1117 1361 semen
1151 1318 1287 1366 esse,
1312 1317 1373 1355 ac
1400 1301 1610 1354 vidente
1640 1310 1732 1350 cos
1762 1309 1887 1347 nou-

366 1407 489 1459 dnm
541 1401 783 1456 amisisse
838 1397 1143 1449 facultatem
1189 1407 1303 1445 eam
1343 1404 1442 1457 qua
1485 1386 1599 1440 fieri
1650 1389 1894 1452 poterant

367 1494 593 1548 Abrahae
618 1490 749 1552 filii;
786 1498 1034 1554 tanquam
1061 1483 1203 1537 enim
1238 1479 1394 1532 facile
1440 1476 1581 1529 factu
1623 1481 1788 1533 esset,
1840 1481 1898 1522 ut

368 1589 715 1648 praeterquam
738 1575 877 1644 quod
903 1587 1083 1627 semen
1111 1577 1293 1623 essent
1316 1566 1563 1625 Abrahae,
1606 1562 1766 1615 etiam
1804 1560 1892 1611 filii

1988 446 2256 539 ἒὶῗτέκνα
2285 481 2389 533 τοῦ
2429 446 2670 544 impari};
2695 446 2865 532 eote,
2897 468 2979 519 τὰ
3006 464 3175 530 ἔργα
3206 454 3330 509 τοῦ
3371 446 3627 544 Ἄδραὰμ

2687 560 2828 614 Θεοῦ
2877 555 3166 614 διδόντος,
3219 538 3628 608 εὐκαιρότερον

1959 685 2017 729 ς..

2053 756 2103 809 5.
2135 754 2347 816 Ἔξεστι
2368 750 2540 802 τοίνυν
2571 745 2793 813 σπέρμα
2819 739 2916 793 τοῦ
2962 731 3253 804 Ἀϐραάμ
3275 722 3633 816 τυγχάνοντα

1988 841 2234 912 γενέσθαι
2276 837 2437 893 αὐτοῦ
2474 837 2543 888 δι’
2582 831 2905 901 ἐπιμελείας
2941 825 3047 879 καὶ
3087 822 3330 875 τέκνον.
3390 810 3634 865 Δυνατὸν

1989 899 2044 985 δὲ
2077 935 2168 985 καὶ
2189 931 2247 996 ἐξ
2273 926 2529 998 ἀμελείας
2550 926 2642 977 καὶ
2673 899 3078 989 άγεωργησίας
3117 907 3416 964 ἀπολέσαι
3454 902 3552 954 καὶ
3576 899 3637 951 τὸ

1992 1019 2128 1077 εἶναι
2170 1020 2331 1074 αὑτοῦ
2390 1018 2630 1087 σπέρμα.
2684 1004 2848 1064 Οὗτοι
2911 1007 3197 1077 μέντοιγε
3254 998 3346 1050 ἐτι
3398 991 3639 1046 ἐλπίδων

1992 1114 2128 1188 ἦσαν
2152 1115 2258 1183 (55)
2296 1112 2427 1183 πρὸς
2587 1109 2615 1158 ὁ
2645 1103 2828 1169 λόγος,
2864 1098 3079 1157 εἰδότος
3132 1090 3242 1144 τοῦ
3296 1081 3523 1186 Ἰησοῦ,
3556 1083 3638 1188 ἔτι

1997 1169 2216 1274 σπέρμα
2244 1169 2486 1268 ’ἕτιιῆσαν
2508 1194 2601 1248 τοῦ
2644 1189 2923 1261 Ἀϐραὰμ,
2965 1185 3070 1236 καὶ
3117 1169 3536 1274 θεωροῦντος,.
3560 1171 3643 1222 ὃτι

1996 1295 2199 1347 οὐδέπω
2230 1288 2659 1343 άπολωλέκεισαν
2699 1282 2759 1332 τὸ
2803 1274 3077 1329 δύνασθαι
3132 1266 3420 1337 γενέσθαι
3475 1261 3645 1313 τέκνα

1999 1384 2088 1435 τοῦ
2132 1378 2406 1450 Ἀϐραάμ·
2441 1376 2515 1436 ὼς
2541 1373 2649 1442 γὰρ
2675 1366 2907 1422 δυνατοῦ
2940 1364 3109 1423 ὖντος
3139 1357 3253 1410 τοῦ
3293 1354 3511 1414 αὐτοῦς
3550 1368 3644 1417 γεο

2002 1471 2182 1523 νέσθαι
2223 1468 2386 1519 τέκνα
2434 1463 2528 1515 τοῦ
2585 1458 2861 1527 Ἀϐραὰμ,
2911 1453 3060 1523 πρὸς
3121 1450 3194 1501 τὸ
3242 1444 3401 1498 εἶναι
3442 1441 3648 1501 αὐτοὺς

2003 1558 2237 1626 σπέρμα,
2267 1558 2426 1623 φησιν
2456 1550 2656 1610 αὐτοῖς’
2690 1548 2762 1598 Εί
2791 1543 2981 1597 τέκνα
3007 1538 3130 1592 τοῦ
3169 1530 3449 1602 haud};
3482 1530 3648 1588 ἐστε,

369 1623 722 1728 enicereiitur,
742 1623 940 1730 1inquit
984 1662 1049 1713 3ι1
1095 1672 1225 1711 eos:
1260 1655 1317 1709 Si
1343 1654 1444 1721 ﬁlii
1492 1652 1710 1703 Abrahae
1753 1652 1898 1711 estis,

2109 1623 2251 1713 ἔργα
2297 1643 2401 1696 τοῦ
2467 1638 2714 1705 Ἀϐραὰμ
2769 1632 3020 1686 ποιεῖτε.
3082 1630 3188 1691 Ὡς
3241 1626 3305 1678 δέ
3355 1623 3471 1675 εἰσί
3504 1636 3651 1679 τινες

373 1773 527 1823 opera
563 1755 785 1822 Abrahae
815 1753 996 1818 facite.
1029 1747 1100 1802 Ut
1122 1755 1297 1799 autem
1320 1751 1443 1797 sunt
1467 1741 1684 1808 quidam
1719 1752 1897 1792 semen

372 1845 617 1906 Abrahae,
652 1842 729 1896 sic
756 1837 843 1892 alii
874 1836 1191 1889 exsistentes
1217 1845 1419 1892 semen,
1451 1844 1553 1881 non
1579 1837 1700 1880 sunt
1722 1838 1902 1878 semen

373 1936 583 1988 dicente
615 1928 868 1985 Daniele:
906 1926 1088 1979 Semen
1118 1920 1388 1983 Chanaan,
1432 1927 1477 1970 et
1524 1933 1623 1969 non
1656 1915 1798 1969 Iuda
1818 1915 1858 1944 ¹¹
1886 1929 1902 1976 ;

374 2025 451 2079 sic
476 2022 564 2077 alii
593 2021 820 2074 aliorum
854 2024 995 2078 stitit,
1024 2024 1077 2068 et
1110 2029 1214 2067 non
1256 2020 1402 2074 sunt,
1435 2011 1647 2062 dicente
1685 2004 1906 2071 Sapien-

378 2111 489 2163 tia:
539 2107 725 2162 Semen
764 2102 1111 2158 exsecratione
1138 2100 1369 2151 devotum
1404 2096 1465 2147 ab
1505 2095 1651 2147 initio
1672 2094 1739 2147 ¹¹,
1773 2090 1907 2156 Quin

377 2198 537 2251 etiam
565 2194 649 2248 his
671 2193 947 2254 addemus,
976 2186 1115 2256 quod
1149 2194 1205 2238 ut
1249 2185 1301 2237 in
1338 2183 1496 2236 rebus
1546 2178 1911 2247 corporalibus

381 2300 540 2342 unum
566 2283 827 2338 interdum
864 2294 1045 2333 semen
1076 2277 1284 2347 operari
1337 2274 1534 2336 valens,
1569 2270 1736 2339 magis
1786 2282 1913 2336 pro-

382 2374 491 2428 ficit
523 2386 679 2440 quam
717 2368 883 2424 multa
917 2368 1120 2421 semina
1142 2405 1157 2430 ,
1194 2365 1270 2418 sic
1304 2375 1526 2416 cernere
1555 2366 1715 2412 etiam
1758 2358 1914 2409 liceat

384 2464 437 2516 in
465 2461 755 2516 seminibus
781 2457 1172 2527 spiritualibus.
1209 2455 1262 2507 ld
1290 2461 1465 2505 autem
1496 2449 1635 2517 quod
1680 2447 1800 2499 dico
1849 2459 1913 2498 ex

385 2551 470 2605 bis
498 2563 615 2617 qua:
642 2562 763 2602 mox
794 2546 1037 2599 dicentur
1058 2543 1279 2611 liquebit
1306 2558 1321 2606 ς
1355 2539 1605 2608 quoniam
1637 2537 1774 2589 enim
1824 2534 1913 2600 qui

389 2636 637 2699 seminat,
688 2633 920 2686 rationes
965 2645 993 2682 a
1035 2627 1327 2694 majoribus
1374 2632 1619 2688 acceptas
1656 2620 1707 2670 in
1739 2618 1917 2683 seipso

393 2724 551 2778 habet
571 2730 628 2776 et
655 2721 935 2788 ingenitas,
962 2716 1241 2784 aliquando
1267 2713 1477 2781 quidem
1524 2706 1775 2777 praevalet
1806 2704 1919 2770 ejus

394 2812 554 2875 ratio,
581 2810 739 2878 idque
770 2807 910 2873 quod
936 2806 1190 2874 gignitur,
1214 2802 1392 2855 editur
1414 2796 1691 2851 seminanti
1716 2793 1916 2855 simile;

2002 1710 2218 1802 σπέρμα
2245 1731 2338 1783 τοῦ
2372 1727 2640 1799 Ἀϐραάμ,
2669 1725 2847 1784 οῦτως
2872 1721 3053 1781 ἄλλοι,
3082 1718 3176 1779 ὡς
3209 1715 3334 1785 (54)
3366 1716 3397 1766 ό
3443 1710 3653 1778 Δανιὴλ

2004 1798 2164 1889 φησ-ιλ
2203 1820 2438 1884 Σπέρμα
2469 1798 2574 1867 τοῦ
2610 1811 2881 1879 Χαναὰμ,
2915 1807 3022 1860 καὶ
3058 1809 3191 1860 οὐκ
3269 1801 3512 1856 Ἰούδα·
3557 1798 3654 1850 καὶ

2003 1886 2168 1967 άλλοι,
2200 1908 2274 1969 ὡς
2302 1909 2333 1975 ἠ
2366 1905 2552 1972 Σοφία
2593 1901 2789 1972 φησίν·
2826 1899 3088 1966 Σπέρμα
3123 1894 3259 1966 (55)
3306 1886 3654 1957 autumatis-

2003 2016 2112 2053 νον
2150 1997 2247 2049 ἀπ’
2307 1993 2519 2061 ἀρχῆς.
2579 1991 2690 2044 Καὶ
2728 1991 2810 2052 είς
2856 1987 3042 2040 ταῦτα
3094 1985 3167 2037 δὲ
3226 1984 3522 2053 φήσομεν,
3571 1979 3654 2029 ὅτι

2007 2088 2151 2139 ὥσπε
2160 2104 2189 2155 ρ
2208 2082 2345 2137 κατὰ
2355 2083 2421 2136 τὰ
2441 2098 2516 2133 σω
2523 2080 2726 2151 ματικὰ
2750 2078 2863 2132 ἀπὸ
2884 2075 3115 2129 πολλῶν
3133 2090 3252 2127 σπε
3262 2089 3294 2143 ρ
3304 2071 3505 2141 μάτων
3518 2083 3654 2137 προ-

2010 2175 2194 2226 κόπτει
2249 2171 2443 2241 μᾶλλον
2480 2170 2770 2239 ἐνεργῆσαι
2821 2165 3059 2236 δυνηθὲν
3096 2163 3231 2215 ἐσθ’
3284 2163 3385 2214 ὅτε
3440 2161 3502 2212 ἓν
3543 2156 3654 2209 τῶν

2014 2262 2355 2332 σπερμάτων,
2376 2259 2546 2321 οὕτως
2580 2259 2722 2310 ἔστιν
2758 2257 2891 2308 ίδεῖν
2928 2255 3031 2307 καὶ
3069 2254 3199 2305 τῶν
3236 2247 3649 2320 πνευματικῶν

2017 2351 2352 2421 σπερμάτων.
2388 2350 2452 2401 ’Ὀ
2478 2348 2532 2399 δὲ
2561 2347 2704 2413 λέγω
2744 2345 2901 2396 ἔσται
2942 2344 3134 2410 σαφὲς
3182 2345 3255 2395 ὲκ
3309 2341 3430 2394 τῶν
3468 2339 3656 2407 λεχθη-

2019 2441 2254 2509 σομένων
2278 2455 2290 2469 ·
2332 2439 2451 2490 ἐπεὶ
2489 2437 2595 2506 γὰρ
2642 2435 2757 2505 ἔχει
2796 2436 2855 2487 ὲν
2909 2434 3107 2503 ἑαυτῷ
3172 2431 3566 2504 προγονικούς
3595 2445 3654 2481 τε

2018 2531 2109 2582 καὶ
2136 2529 2478 2595 συγγενικοὺς
2507 2527 2698 2593 λόγους
2723 2528 2752 2578 ό
2788 2526 3066 2595 σπείρων,
3108 2524 3213 2577 ὁτὲ
3252 2524 3362 2592 μὲν
3405 2523 3605 2592 κρατεῖ
3629 2524 3657 2573 ό

2017 2617 2176 2671 αὑτοῦ
2227 2617 2410 2683 λόγος,
2458 2616 2553 2668 καὶ
2615 2616 2975 2668 ἀποτίκτεται
3030 2613 3102 2666 τὸ
3166 2612 3536 2682 γεννώμενον
3580 2609 3658 2679 τῷ

2022 2706 2299 2775 σπείραντι
2340 2706 2542 2773 ὅμοιον,
2592 2704 2679 2756 ὁτὲ
2721 2702 2779 2755 δὲ
2817 2705 2847 2755 ό
2887 2703 3060 2770 λόγος
3101 2701 3213 2755 τοῦ
3272 2700 3524 2769 ἀδελφοῦ
3562 2697 3655 2753 τοῦ

2024 2794 2357 2864 σπείραντος,
2400 2794 2432 2862 ἢ
2479 2792 2573 2845 τοῦ
2616 2792 2825 2862 πατρὸς
2866 2791 2966 2843 τοῦ
3028 2793 3396 2863 σπείραντος
3440 2790 3579 2861 (56),
3623 2789 3657 2860 ἢ

394 2898 681 2968 aliquando
711 2910 840 2951 vero
869 2895 1006 2948 ratio
1033 2892 1216 2944 fratris
1247 2890 1361 2957 ejus
1396 2888 1484 2954 qui
1513 2884 1811 2944 seminavit,
1838 2880 1919 2933 vel

2099 2888 2113 2937 3
2152 2884 2291 2936 θείου
2339 2882 2432 2934 τοῦ
2483 2883 2825 2951 σπείραντος,
2877 2881 3060 2934 ἐνίοτε
3127 2884 3237 2935 καὶ
3273 2884 3520 2935 πάππου
3566 2880 3659 2934 τοῦ

394 2989 582 3057 patris,
609 2986 693 3041 vel
714 2985 977 3042 avunculi.
1004 2982 1135 3035 adde
1160 2981 1319 3034 etiam
1338 2978 1441 3041 avi,
1460 2973 1708 3045 praevalet
1731 2988 1745 3035 ;
1768 2984 1919 3038 quam

2099 2973 2355 3042 siparis-0;,
2390 2971 2516 3041 παρ’
2548 2970 2577 3022 ὃ
2608 2970 2850 3037 γίνονται
2891 2971 2944 3021 oi
2984 2970 3455 3040 ἀποτικτόμενοι
3487 2971 3661 3036 ὅμοιοι

394 3078 465 3130 ob
496 3089 737 3137 causam,
765 3073 852 3141 qui
887 3075 939 3124 in
980 3072 1150 3124 lucem
1175 3068 1424 3126 eduntur,
1456 3065 1701 3118 oriuntur
1733 3059 1814 3113 bis
1844 3057 1925 3112 vel

397 3165 507 3218 illis
532 3164 754 3218 similes.
786 3163 1022 3215 Cernere
1056 3174 1182 3213 vero
1208 3158 1368 3212 etiam
1399 3165 1480 3208 est
1512 3154 1770 3206 rationem
1800 3164 1928 3202 con-

394 3250 560 3321 jugis,
593 3251 676 3304 vel
707 3251 889 3303 fratris
919 3248 1053 3315 ejus,
1078 3246 1160 3299 vel
1190 3246 1275 3298 avi
1299 3244 1412 3309 ejus
1441 3240 1756 3309 praevalere,
1780 3237 1926 3302 juxta

398 3341 780 3394 concussiones
806 3353 924 3406 qua:
950 3345 1074 3391 sunt
1118 3336 1168 3388 in
1220 3332 1577 3393 mistionibus,
1613 3330 1738 3382 dum
1772 3326 1929 3381 simul

400 3440 589 3481 omnes
614 3439 848 3491 eousque
869 3424 1267 3484 concutiuntur,
1304 3418 1477 3487 quoad
1511 3415 1795 3486 praevaleat
1832 3413 1930 3467 ali-

401 3528 506 3582 qua
541 3514 677 3565 ratio
710 3512 1001 3566 seminatis.
1053 3509 1175 3562 Hmc
1223 3509 1382 3577 igitur
1430 3505 1822 3559 transferantur
1866 3503 1933 3554 ad

404 3601 633 3654 animam
663 3599 957 3653 seminibus
984 3597 1402 3675 intelligibilibus
1431 3594 1661 3663 plenam,
1683 3608 1803 3660 qnze
1839 3607 1932 3646 ve—

404 3691 583 3745 nerint
615 3704 643 3742 a
678 3690 1015 3756 quibusdam,
1065 3688 1152 3754 qui
1204 3697 1384 3755 patres
1413 3687 1527 3753 ejus
1557 3686 1828 3745 dicuntur,
1882 3693 1936 3736 et

405 3778 567 3832 veluti
589 3777 874 3832 seminales
889 3778 1131 3845 qutcdam
1156 3785 1364 3842 patrum
1397 3775 1632 3827 rationes
1656 3772 1937 3839 perfician-

409 3880 514 3934 tur,
543 3881 764 3940 propter
795 3867 1013 3922 multam
1051 3865 1398 3918 mobilitatem
1445 3862 1840 3931 agilitatemque
1883 3868 1937 3912 et

409 3960 761 4016 intensionem
792 3957 857 4010 ad
892 3956 1025 4008 tales
1048 3954 1460 4021 imaginationcs
1486 3950 1600 4017 ejus
1624 3951 1788 4018 partis
1819 3949 1925 3999 auio

410 4066 528 4114 mae,
558 4063 675 4118 Quae
713 4044 1148 4115 praestantissima
1193 4052 1311 4103 est;
1344 4055 1464 4108 qnze
1506 4041 1549 4093 si
1596 4039 1932 4099 excolantur,

409 4143 513 4193 erit
543 4136 734 4205 aliquis
766 4135 922 4198 filius,
957 4135 1042 4185 bic
1087 4131 1299 4198 quidem
1343 4129 1587 4191 Abralize,
1630 4126 1791 4195 314
1831 4125 1939 4179 Noe

2023 3060 2215 3124 τοῖσδε,
2245 3060 2278 3128 ἢ
2304 3058 2498 3111 τοῖσδε.
2530 3059 2686 3111 Ἐστι
2719 3059 2777 3111 δὲ
2817 3059 2951 3111 ἰδεῖν
2971 3060 3431 3131 ἐπικρατοῦντα
3458 3059 3660 3116 καὶτὸν

2025 3151 2179 3218 λόγον
2221 3149 2330 3220 (57)
2362 3150 2459 3219 τῆς
2502 3149 2780 3215 γυναικὸς,
2823 3149 2858 3219 ἢ
2912 3150 3012 3202 τοῦ
3068 3155 3305 3223 πατρὸς
3339 3158 3449 3225 τῆς
3478 3175 3663 3224 γυναι.

2029 3242 2138 3303 κὸς,
2178 3238 2210 3309 ἢ
2264 3237 2355 3291 τοῦ
2409 3236 2638 3305 ἀδελφοῦ
2695 3239 2893 3309 αὐτῆς,
2939 3241 2973 3309 ἢ
3013 3241 3120 3293 τοῦ
3160 3245 3418 3298 πάππου
3471 3249 3662 3318 αὐτῆς,

2031 3329 2167 3383 κατὰ
2205 3331 2328 3391 τοὺς
2377 3329 2434 3380 ὲν
2483 3330 2600 3390 ταῖς
2648 3327 2829 3397 μίξεσι
2883 3328 3217 3399 βρασμοὺς,
3261 3335 3389 3404 ἅμα
3449 3340 3665 3391 πάντων

2033 3417 2318 3486 σειομένων
2365 3416 2468 3478 ἕως
2524 3416 2877 3488 ἐπικρατήσῃ
2927 3434 3020 3479 τις
3070 3419 3193 3473 τῶν
3258 3425 3667 3495 σπερματικῶν

2031 3507 2220 3574 λόγων.
2255 3506 2435 3558 Ταῦτα
2463 3505 2526 3575 δὴ
2556 3505 2882 3574 μεταγέσθω
2916 3508 3015 3559 ἐπὶ
3054 3509 3165 3579 τὴν
3205 3513 3669 3584 πεπληρωμένην

2031 3596 2202 3664 ψυχὴν
2252 3593 2453 3663 νοητῶν
2511 3593 2865 3664 σπερμάτων,
2912 3594 3289 3666 ἐληλυθότων
3333 3602 3452 3654 ἀπό
3512 3618 3671 3655 τινων

2034 3683 2440 3753 ὀνομαζομένων
2471 3683 2722 3752 πατέρων
2749 3683 2944 3752 αὐτῆς,
2980 3687 3085 3738 καὶ
3117 3688 3185 3739 τὸ
3213 3691 3386 3760 παρὰ
3415 3694 3481 3743 τὸ
3506 3694 3668 3744 πολυο

2034 3775 2246 3844 κίνητον
2288 3775 2321 3843 ἢ
2368 3774 2648 3843 εὐκίνητον
2688 3774 2782 3827 τοῦ
2836 3777 3220 3845 ἡγεμονικοῦ,
3275 3784 3382 3833 καὶ
3427 3783 3530 3853 τὴν
3583 3786 3673 3837 ἐπὶ

2035 3862 2241 3915 τοιάσδε
2277 3861 2572 3929 φαντασίας
2618 3863 2907 3915 ἐπίστασιν
2949 3870 3467 3934 προκυπτέτωσαν
3511 3875 3675 3926 οἱονεὶ

2038 3950 2393 4019 σπερματικοί
2418 3967 2563 4011 τινες
2589 3950 2699 4003 τῶν
2734 3952 3001 4022 πατέρων
3038 3957 3227 4024 λόγοι,
3273 3954 3356 4012 ὧν
3386 3979 3674 4034 γεωργου-

2042 4041 2212 4109 μένων
2244 4040 2393 4092 έσται
2422 4057 2506 4103 τις
2540 4041 2752 4106 τέκνον,
2794 4046 2821 4095 ὁ
2848 4043 2907 4094 δὲ
2944 4046 3055 4113 μὲν
3088 4049 3191 4101 τοῦ
3255 4053 3551 4124 ’Λεραὰμ,
3583 4057 3679 4124 δῆ-

2038 4130 2125 4181 λον
2152 4129 2195 4181 δ’
2227 4130 2306 4181 ὃτι
2337 4130 2494 4191 αὐτὸς
2525 4129 2600 4181 ὢν
2630 4134 2726 4183 καὶ
2762 4131 2856 4184 τοῦ
2886 4134 3018 4186 Νῶε
3038 4153 3051 4165 ο
3089 4138 3269 4203 ἄλλος
3307 4098 3674 4198 δὲιτοῦΓ-Ῑίὲῶεδ.

411 4227 753 4280 nihilominus
785 4222 944 4275 etiam
974 4220 1148 4280 ﬁlius;
1179 4218 1268 4269 ille
1291 4232 1419 4268 vero
1450 4214 1592 4277 Noe;
1626 4230 1730 4266 nun
1766 4217 1835 4265 ita
1867 4223 1913 4265 ta

2099 4240 2137 4289 χ
2164 4219 2301 4271 ὥστε
2331 4220 2385 4271 δὲ
2418 4215 2555 4272 εἶναι
2583 4221 2680 4273 καὶ
2725 4222 2821 4274 τοῦ
2864 4224 3173 4296 Ἀϐραάμο
3230 4235 3335 4286 καὶ
3378 4236 3547 4298 ἄλλος
3586 4238 3680 4289 τοῦ

413 4330 533 4368 men
575 4323 634 4365 ut
664 4313 825 4365 etiam
854 4309 1083 4361 Abrahae
1113 4307 1181 4358 sit
1215 4306 1382 4371 tilius;
1414 4319 1595 4357 rursus
1623 4303 1757 4355 alius
1798 4302 1939 4355 Cha-

415 4418 579 4465 naan,
612 4409 665 4452 et
689 4400 817 4453 item
849 4397 982 4449 alius
1013 4394 1240 4461 alicujus
1278 4393 1566 4459 justorum,
1596 4392 1675 4444 vel
1711 4388 1931 4457 injusto-

419 4505 558 4543 rum.
586 4488 832 4540 Attamen
861 4498 957 4537 nec
982 4497 1102 4536 cum
1129 4481 1390 4536 similibus
1442 4480 1736 4547 iisdemque
1777 4479 1939 4531 semi-

417 4579 571 4631 nibus
591 4575 828 4629 venimus
855 4587 1059 4635 omnes,
1082 4586 1179 4624 nec
1204 4571 1362 4623 etiam
1388 4584 1584 4623 vacuus
1619 4569 1943 4623 salutaribus

415 4674 471 4719 et
495 4664 691 4721 sanctis
714 4661 1006 4717 seminibus
1039 4661 1181 4713 venit
1212 4659 1498 4728 quispiam.
1530 4658 1639 4713 Nisi
1674 4659 1812 4712 forte
1845 4661 1944 4714 bac

417 4756 471 4809 in
508 4770 564 4808 re
587 4755 706 4822 quis
732 4767 827 4806 nos
851 4750 1072 4813 refellat,
1104 4750 1406 4818 prmsidium
1437 4764 1463 4801 a
1498 4750 1603 4803 Deo
1625 4749 1946 4817 provenieus

419 4843 682 4896 adducens
715 4841 767 4894 in
803 4839 1056 4902 medium,
1081 4838 1222 4906 quod
1253 4851 1321 4891 ne
1352 4839 1417 4892 de
1445 4839 1691 4905 pessimis
1730 4838 1943 4905 quidem

418 4932 685 4998 desperat,
705 4929 797 4998 qui
827 4927 988 4981 nullis
1016 4927 1310 4981 seminibus
1343 4927 1558 4995 optimis
1582 4928 1633 4980 in
1660 4928 1820 4979 vitam
1859 4943 1948 4982 ve-

486 5024 533 5056 “
568 5022 701 5076 Dan.
728 5036 848 5085 xm,
879 5020 968 5074 56.
1040 5020 1086 5052 ³³
1109 5019 1233 5088 Sap.
1268 5034 1366 5083 xu,
1402 5020 1491 5072 ΙΙ.

485 5140 594 5218 (53)
621 5138 1043 5218 Ἔτι-ἐλπίδων
1067 5134 1246 5218 ἦσαν.
1274 5138 1352 5218 ξειι
1380 5137 1688 5218 .marg’inem
1731 5138 1946 5218 _cudiciS

426 5203 703 5285 Ba’rberini
763 5207 951 5275 legitur
986 5207 1065 5285 ἔτι
1093 5203 1679 5285 ἔντοςιέλπέδωνφῆσαν.
1731 5204 1951 5261 lluetius

424 5275 760 5343 scribendum
787 5270 989 5343 censet,
1014 5275 1091 5327 ἔτι
1122 5276 1213 5326 ἐπὶ
1240 5273 1462 5343 ἐλπίδων
1489 5270 1647 5343 ἦσαν.

429 5340 808 5468 agiagi?
838 5340 1179 5406 Bodleianus,
1213 5342 1380 5404 οὕτως
1403 5340 1547 5395 ἄλλοι
1578 5340 1726 5404 ὄντες
1747 5342 1847 5393 οὐκ
1878 5340 1952 5391 εί-

518 5474 765 5541 ᾅ5)ίιιιειιι
791 5475 952 5528 codex
980 5476 1319 5541 Bodleianns,
1354 5478 1445 5529 καὶ
1473 5476 1617 5529 ἄλλοι
1649 5475 1840 5538 ἄλλων,
1880 5473 1954 5535 ὡς

431 5538 464 5597 ἡ
495 5538 657 5604 Impia
686 5541 814 5606 φησι
833 5558 846 5570 ο
882 5544 1132 5610 Σπέρμα,
1163 5554 1268 5596 etc.

2045 4307 2281 4371 Χαναὰν,
2310 4309 2401 4360 καὶ
2433 4307 2589 4370 ἄλλος
2608 4310 2754 4372 τινὸς
2780 4310 2891 4361 τῶν
2918 4312 3192 4382 δικαίων,
3227 4322 3265 4391 ἢ
3299 4323 3421 4375 τῶι·
3452 4325 3680 4378 ἀδίκων.

2046 4397 2188 4466 Πλὴν
2227 4398 2287 4449 οὑ
2324 4397 2460 4467 μετὰ
2497 4398 2721 4467 ὁμοίων,
2757 4404 2853 4454 καὶ
2892 4404 3010 4456 τῶν
3071 4410 3274 4463 αὐτῶν
3324 4416 3684 4486 ἐληλύθαμεν

2045 4487 2240 4548 πάντες
2306 4486 2654 4556 σπερμάτων,
2723 4490 2840 4543 ἀλλ’
2878 4494 3006 4546 οὐδὲ
3051 4498 3309 4567 ὲλὴλυθέ
3381 4522 3473 4567 τις
3529 4508 3685 4570 κενὸς

2049 4577 2323 4646 σωτηρίων
2368 4578 2459 4629 καὶ
2499 4578 2670 4645 ἁγίων
2714 4571 3094 4653 σπερμάτων·
3140 4593 3193 4643 εί
3235 4592 3321 4664 μὴ
3358 4595 3477 4667 ἄρα
3510 4598 3686 4651 δυσω-

2050 4668 2216 4759 πησαι
2247 4684 2328 4759 τις
2368 4668 2533 4759 ἡμᾶς,
2570 4673 2667 4759 καὶ
2711 4677 2795 4739 είς
2840 4674 3006 4729 τοῦτο
3049 4679 3175 4749 ἅμα
3217 4689 3687 4759 παρατιθέμενος

2051 4753 2145 4824 τὴν
2195 4754 2300 4806 ἀπὸ
2332 4755 2426 4807 τοῦ
2471 4756 2610 4811 Θεοῦ
2660 4759 2950 4832 βοήθειαν,
3004 4766 3113 4820 οὐκ
3161 4736 3687 4842 ἀπογινώσκειδσαζ

2049 4842 2167 4937 οὐδὲ
2191 4844 2312 4937 τοὺς
2344 4844 2639 4937 κακίστους
2665 4852 2803 4924 (58),
2847 4858 2944 4908 καὶ
2979 4860 3161 4929 χωρὶς
3201 4862 3474 4933 ἀρίστων
3521 4884 3688 4937 σπερ-

2054 4932 2234 5001 μάτων
2266 4933 2682 5007 εἰσεληλυθότας
2730 4947 2813 5010 εἰς
2844 4946 2937 5000 τὸν
2991 4946 3132 5017 βίον,
3182 4932 3290 5005 καὶ
3350 4932 3688 5029 δυσωπῆσαι

2121 5141 2231 5225 (ξὸ)
2377 5144 2486 5223 ¹ιὀῦ
2509 5156 2752 5225 πατρὸς
2806 5158 2914 5214 τσῦ
2958 5156 3367 5224 σπείραντος.
3412 5161 3584 5216 Deest
3632 5161 3686 5216 in

2053 5210 2239 5295 “.59.?
2260 5210 2463 5295 ,ιέίῖἓίορ
2495 5226 2596 5295 Sed
2614 5210 2831 5295 fegi’tui
2850 5210 2910 5283 1.1
2938 5210 3261 5281 Bodleian...

2124 5277 2503 5396 fhKaltdr
2542 5277 3097 5363 aefgfﬁf'céuiée‘
3146 5277 3469 5353 Bodleiano
3530 5298 3689 5353 deest

2130 5384 2240 5481 ξὲε)
2269 5414 2449 5472 Codex

2097 5422 2240 5492 ,(58)
2269 5422 2449 5501 Codex
2483 5422 3007 5505 Bodleianuswbﬁé
3035 5435 3155 5496 τοὺς
3179 5431 3506 5500 κακίστους
3526 5452 3543 5468 ο
3579 5436 3686 5491 [ie-

2061 5495 2199 5549 SW3:
2223 5483 2316 5535 καὶ
2342 5501 2474 5549 τους
2507 5505 2826 5549 κακίϐτῆιιρ

2342 5489 2474 5555 τοὺς
2507 5489 2848 5577 κακίστους..
