3828 6248
223 289 310 346 589

1259 301 1602 358 COMMENT.
1644 302 1706 358 IN
1745 303 1930 360 .IOAN.
1961 302 2198 358 ‘TOMUS
2233 302 2343 355 XX.

3269 300 3370 356 590

229 413 293 477 ὡς
326 411 547 484 μηδέπω
593 407 713 469 οῦσι
764 420 976 484 τέκνοις
1022 421 1113 473 τοῦ
1170 422 1407 494 Ἀϐραὰμ
1446 423 1654 491 λέγεται
1679 426 1751 477 τό·

1865 423 2081 490 (quibus
2101 423 2286 482 etiam,
2327 427 2574 488 tanquam
2603 419 2692 488 qui
2729 434 2833 473 non
2859 429 3037 476 essent
3084 418 3175 472 filii
3206 419 3373 472 Abra-

229 506 290 558 Εἰ
309 503 486 557 τέκνα
512 504 618 558 τοῦ
656 507 904 578 Ἀϐραάμ
928 513 1081 574 ἐστε,
1116 512 1186 565 τὰ
1212 512 1351 581 ἔργα
1375 513 1478 566 τοῦ
1511 515 1756 582 Ἀϐραὰμ

224 593 431 646 ποιεῖτε
457 589 612 663 [52]),
635 599 930 669 παρίστησι
960 601 1018 653 τὸ
1044 603 1261 671 μηδέπω
1281 603 1495 666 τούτους
1520 606 1756 674 καρποὺς

223 682 358 752 ἔχειν
385 684 482 735 τοῦ
511 685 823 755 ἐληλυθέναι
856 689 988 758 πρὸς
1024 690 1112 743 τὸν
1148 692 1384 762 Σωτῆρα.
1429 692 1566 762 Πρὸς
1593 693 1647 745 δὲ
1669 693 1754 745 τὸν

219 772 386 835 οὔτως
413 774 765 842 ἀντιλέγοντα
791 778 1149 847 ἀπαντήσεται
1171 797 1271 843 τις,
1305 781 1375 851 μὴ
1406 781 1593 834 ταύτὸν
1621 778 1754 835 εἶναι

220 861 443 927 φάσκων
477 862 554 913 τόο
587 862 714 928 Πᾶς
746 867 779 916 ό
808 866 1071 930 ἀκούσας
1092 869 1244 933 παρὰ
1269 867 1370 919 τοῦ
1392 869 1633 936 Πατρός,
1659 871 1753 923 καὶ

210 947 438 1016 μαθὼν,
467 949 561 1018 τῷ·
590 951 702 1004 Καὶ
736 952 902 1018 ὑμεῖς
931 949 1041 1008 οὖν
1070 953 1108 1006 ἃ
1135 956 1430 1021 ἠκούσατε
1465 958 1618 1022 παρά
1651 957 1755 1010 τοῦ

215 1039 468 1105 Πατρός
511 1041 540 1091 6
584 1041 681 1110 μὲν
713 1041 821 1112 γὰρ
847 1043 978 1112 πρὸς
1002 1045 1060 1096 τὸ
1104 1044 1328 1097 ἀκοῦσαι
1357 1044 1503 1114 παρὰ
1524 1045 1614 1097 τοῦ
1643 1047 1755 1098 Πα-

212 1129 333 1200 τρὸς
368 1130 562 1199 μαθὼν
591 1133 808 1196 πάντως
837 1135 1046 1204 ἔρχεται
1078 1136 1210 1206 πρὸς
1236 1136 1324 1188 τὸν
1352 1137 1589 1207 Σωτῆρα’
1618 1140 1666 1190 οἱ
1697 1139 1754 1191 δὲ

210 1220 552 1284 ἀκούσαντες
603 1224 721 1292 μὲν,
771 1224 844 1294 μὴ
883 1227 1093 1288 πάντως
1136 1227 1189 1278 δὲ
1233 1228 1322 1279 καὶ
1367 1227 1752 1297 μεμαθηκότες,

207 1310 418 1362 οὐδέπω
457 1313 627 1364 τέκνα
652 1315 760 1366 εἰσὶ
784 1314 874 1366 τοῦ
915 1315 1174 1385 Ἀδραάμ.

271 1399 326 1452 8.
355 1400 773 1470 Πυνθανοίμεθα
799 1402 843 1454 δ’
871 1403 935 1455 ἂν
957 1404 1061 1455 τῶν
1083 1403 1177 1465 τὰς
1210 1403 1392 1469 φύσεις
1417 1406 1750 1473 εἰσαγόντων,

205 1491 294 1542 καὶ
323 1491 407 1552 εἰς
444 1488 531 1552 τὸ,
573 1490 654 1541 ὅτι
691 1490 744 1540 Ὀ
766 1491 950 1558 Λόγος
980 1494 1012 1543 ό
1034 1491 1170 1560 ἐμὸς
1199 1495 1270 1544 οὐ
1291 1493 1465 1560 χωρεῖ
1486 1495 1553 1546 ἐν
1594 1496 1750 1563 ὑμῖν,

203 1580 572 1633 ἀποδιδόντων
600 1579 740 1632 κατά
784 1580 1138 1649 Ἡρακλέωνα,
1164 1583 1242 1634 ὅτι
1269 1582 1353 1635 διὰ
1377 1583 1530 1635 τοῦτο
1559 1585 1618 1636 οὐ
1651 1603 1753 1654 χω-

204 1669 302 1738 ρεῖ,
327 1668 415 1719 ὅτι
443 1667 808 1736 ἀνεπιτήδειοι
829 1670 942 1736 ἦτοι
960 1670 1076 1721 κατ’
1092 1669 1270 1721 οὐσίαν
1297 1670 1482 1739 ἥκατά
1510 1671 1747 1741 γνώμην,

1861 513 1960 576 hae,
1993 512 2228 564 dicitur:
2263 508 2321 562 Si
2363 510 2460 577 ﬁlii
2495 511 2712 563 Abrahte
2759 511 2916 574 estis,
2954 526 3104 580 opera
3155 509 3372 563 Abraha

1855 602 2026 668 facile)
2055 602 2241 654 docere
2269 601 2364 654 hos
2405 601 2633 654 nondum
2661 599 2856 654 habere
2881 599 3084 654 fructus
3130 598 3372 653 veniendi

1861 690 1925 741 ad
1956 689 2314 744 Servatorem.
2353 689 2423 742 At
2454 704 2578 742 vero
2625 690 2690 743 ad
2719 690 2860 743 hunc
2890 688 2968 742 sic
3008 686 3373 741 contradicen-

1860 787 1962 832 tcm
1997 778 2333 847 respouidebit
2361 778 2515 844 alius,
2545 795 2648 834 non
2693 781 2830 834 idem
2874 793 2990 834 esse
3022 795 3038 832 :
3073 777 3250 831 Omnis
3285 772 3372 845 qui

1857 869 2055 920 audivit
2077 885 2130 920 a.
2155 868 2326 932 Patre,
2351 878 2398 922 et
2423 869 2629 931 didicit,
2683 884 2802 923 cum
2837 870 2922 924 bis
2947 869 3160 924 verbis:
3191 865 3256 919 Et
3285 881 3373 918 uos

1856 954 2031 1022 igitur,
2056 970 2169 1023 quae
2199 957 2464 1010 audivistis
2490 975 2520 1010 a
2554 955 2748 1009 Patre:
2774 957 2922 1010 illum
2954 970 3212 1024 namque,
3242 968 3376 1022 prte-

1857 1051 2094 1110 terquam
2133 1045 2270 1111 quod
2304 1059 2332 1097 a
2357 1043 2516 1100 Patre
2543 1046 2769 1098 audierit
2815 1054 2869 1098 et
2915 1045 3174 1107 didicerit.
3211 1043 3375 1098 etiam

1857 1133 2034 1186 venire
2055 1133 2120 1187 ad
2147 1132 2520 1197 Servatorem;
2554 1133 2653 1189 hos
2686 1148 2814 1188 vero
2855 1133 2944 1202 qui
2972 1133 3232 1186 audierint
3259 1132 3376 1200 qui-

1855 1220 1999 1286 dem,
2024 1221 2114 1275 sed
2144 1236 2246 1274 non
2276 1222 2489 1276 omnino
2506 1223 2786 1278 didicerint
2805 1225 2986 1288 etiam,
3010 1223 3239 1277 nondum
3257 1237 3375 1278 esse

1856 1309 2080 1364 Abrahae
2111 1311 2265 1366 filios.

1922 1398 1975 1454 8.
2011 1401 2115 1454 Sed
2157 1401 2547 1471 interrogentur
2579 1417 2608 1455 a
2642 1403 2795 1457 nobis
2837 1405 2926 1472 qui
2958 1411 3180 1458 naturas
3204 1403 3370 1458 intro-

1857 1487 2076 1548 ducunt.
2109 1490 2300 1558 quique
2335 1491 2385 1542 in
2415 1493 2514 1545 hoc
2533 1499 2782 1546 contextu
2807 1511 2818 1545 :
2840 1492 3018 1546 Sermo
3049 1508 3186 1546 meus
3205 1492 3372 1546 locum

1855 1593 1957 1629 non
1989 1577 2139 1630 habet
2177 1579 2230 1630 in
2254 1579 2396 1632 vobis"
2434 1579 2499 1642 ³⁸,
2525 1579 2675 1646 juxta
2707 1581 3083 1638 iieracieotiem
3105 1581 3374 1651 explicant

1853 1679 1970 1718 eum
2002 1667 2196 1721 idcirco
2233 1667 2402 1722 locum
2445 1669 2497 1722 in
2542 1670 2620 1724 eis
2669 1685 2771 1724 non
2813 1671 3024 1733 habere,
3085 1672 3212 1740 quia
3265 1673 3372 1724 sint

201 1757 316 1819 πῶς
345 1758 399 1808 οἱ
430 1757 798 1825 ἀνεπιτήδειοι
836 1758 953 1810 κατ’
987 1758 1166 1810 οὐσίαν
1206 1759 1438 1829 ῆκουσαν
1476 1760 1624 1829 παρὰ
1664 1760 1751 1813 τοῦ

1857 1764 2041 1809 natura
2086 1757 2167 1808 vel
2215 1758 2391 1812 animo
2433 1759 2695 1814 inhabiles
2743 1778 2757 1814 :
2797 1761 3058 1827 quomodo
3111 1759 3371 1815 inhabiles

204 1846 452 1915 Πατρός;
487 1845 650 1898 Ἀλλὰ
674 1847 766 1898 καί
790 1846 1010 1916 πότερόν
1038 1864 1162 1898 ποτε
1195 1849 1431 1918 πρόϐατα
1456 1841 1596 1902 οὗτοι
1619 1845 1753 1919 ἦσαν

201 1936 289 1987 τοῦ
327 1933 601 2004 Χριστοῦ,
630 1935 662 2003 ἢ
692 1934 955 2004 ἀλλότριοι
975 1935 1210 2004 ὑπῆρχον
1232 1936 1390 1988 αὑτοῦ
1413 1955 1427 2001 ;
1447 1938 1507 1990 El
1537 1938 1591 1989 δὲ
1618 1934 1754 2007 ἦσαν

201 2025 500 2093 ἀλλότριοι,
530 2022 648 2084 πῶς
672 2024 904 2093 ἡκουσαν
935 2026 1078 2094 παρά
1100 2025 1190 2078 τοῦ
1214 2027 1418 2096 Πατρὸς
1458 2028 1654 2094 σαφῶς,
1680 2027 1753 2090 ὡς

201 2115 426 2170 οἴονται.
483 2112 778 2182 λεγομένου
831 2113 964 2182 πρὸς
1007 2115 1130 2176 τοὺς
1173 2114 1494 2184 ἀλλοτρίους,
1528 2118 1608 2170 ὅτι
1653 2119 1755 2171 Διὰ

197 2199 372 2256 τοῦτο
411 2202 591 2272 ὑμεῖς
641 2204 750 2256 οὐκ
803 2204 1063 2266 ἀκούετε,
1097 2204 1186 2257 ὅτι
1226 2207 1334 2258 οὔκ
1359 2207 1494 2259 ἐστε
1518 2208 1586 2260 ἐκ
1638 2208 1754 2260 τῶν

200 2297 512 2361 προϐάτων
554 2296 674 2348 τῶν
720 2290 904 2362 etaim;
932 2294 978 2344 εἰ
1012 2293 1084 2362 μὴ
1130 2294 1235 2364 ἄρα
1261 2295 1554 2365 θλιϐόμενοι
1586 2299 1752 2368 ἑτέρῳ

199 2386 386 2453 ἀτόπῳ
413 2385 646 2445 ἑαυτοὺς
676 2381 1048 2453 περιίάλλουσι
1073 2381 1334 2449 λέγοντες,
1363 2384 1508 2453 παρὰ
1534 2385 1629 2454 μὲν
1661 2386 1751 2437 τοῦ

199 2473 414 2544 Πατρὸς
471 2472 768 2542 ἀκηκοέναι
819 2474 940 2534 τοὺς
969 2470 1293 2542 ἀλλοτρίους,
1329 2473 1402 2542 μὴ
1437 2475 1648 2527 ἀκούειν
1695 2475 1751 2527 δὲ

199 2566 326 2626 τοὺς
355 2564 560 2624 αὐτοὺς
584 2562 804 2624 τούτους
829 2561 976 2634 παρά
1000 2561 1090 2614 τοῦ
1118 2561 1382 2631 Σωτῆρος.
1412 2563 1472 2614 El
1497 2563 1540 2614 δ’
1567 2565 1749 2616 οἰκεῖοι

198 2653 294 2706 τοῦ
323 2653 581 2722 Σωτῆρος
619 2648 759 2722 ἦσαν
797 2652 1013 2721 καὶτῆς
1064 2651 1331 2720 μακαρίας
1363 2652 1588 2719 φύσεως,
1636 2654 1750 2716 πῶς

200 2742 426 2810 ἐζήτουν
459 2740 624 2793 αὑτὸν
669 2740 1001 2801 ἀποκτεῖναι,
1039 2740 1131 2792 καὶ
1171 2738 1284 2801 πῶς
1319 2742 1346 2792 6
1387 2739 1478 2792 τοῦ
1505 2741 1750 2812 Σωτῆρος

200 2834 358 2899 λόγος
379 2834 482 2884 οὑκ
509 2829 705 2900 ἐχώρει
739 2832 795 2881 έν
827 2832 1036 2893 αύτοίς;

271 2927 325 2977 9.
371 2922 830 2988 Ἀπεκρίθησαν,
878 2921 975 2972 καὶ
1028 2917 1200 2973 εἶπαν
1242 2920 1412 2984 αὐτῷ·
1466 2921 1516 2972 Ὁ
1562 2921 1750 2988 πατὴρ

199 3011 638 3080 ἡμῶνἈϐραάμ
675 3012 825 3063 ἐστι.
853 3010 1064 3073 Δόξαιεν
1093 3011 1156 3063 ἂν
1176 3010 1271 3080 τὴν
1302 3011 1583 3080 ἀπόκρισιν
1611 3006 1749 3063 οὗτοι

198 3101 532 3172 πεποιῆσθαι
559 3101 694 3153 πολὺ
723 3099 1092 3169 ταπεινότερον
1124 3098 1456 3168 ἐκδεξάμενοι
1484 3100 1608 3169 περὶ
1637 3099 1746 3163 τοῦ,

193 3189 285 3252 τίς
312 3189 494 3242 αὐτῶν
547 3185 617 3258 ἦν
644 3191 672 3241 6
707 3187 887 3256 πατὴρ
917 3187 1046 3257 (55),
1084 3187 1115 3255 ἢ
1161 3187 1234 3249 ὡς
1261 3189 1290 3238 6
1326 3187 1521 3256 Κύριος
1550 3187 1746 3254 έλεγενο

191 3281 222 3331 6
249 3279 356 3347 μὲν
390 3278 498 3348 γὰρ
522 3279 728 3347 Ἰησοῦς
758 3277 1038 3346 ἀναφέρων
1071 3277 1158 3327 ἐπὶ
1187 3276 1274 3327 τὸν
1301 3274 1428 3326 Θεὸν
1452 3275 1649 3342 ἔφασκε
1670 3276 1749 3327 τόν

189 3369 314 3421 Καὶ
357 3368 530 3437 ὑμεῖς
579 3363 693 3422 οὖν
739 3366 777 3418 ἃ
825 3366 1119 3431 ἠκούσατε
1166 3363 1321 3430 παρὰ
1364 3362 1466 3414 τοῦ
1508 3364 1750 3429 Πατρός,

189 3457 447 3510 ποιεῖτεο
477 3460 526 3510 οἱ
563 3457 620 3510 δὲ
648 3455 1026 3524 ταπεινότερον
1056 3453 1145 3505 τὸν
1192 3452 1280 3504 τοῦ
1317 3452 1495 3514 ἔθνους
1518 3469 1753 3522 παρομο-

185 3547 458 3616 λογοῦσιν
481 3545 592 3616 (54)
637 3545 846 3599 ἑαυτῶν
879 3544 1105 3612 πατέρα,
1149 3541 1416 3608 λέγοντεςο
1469 3541 1521 3592 Ὀ
1564 3539 1753 3606 πατὴρ

185 3635 380 3704 ἡμῶν
409 3635 655 3704 Ἁϐραάμ
700 3635 852 3688 ἐστι.
903 3633 1116 3701 Βοηθῶν
1154 3631 1197 3682 δ’
1235 3632 1298 3684 ἄν
1333 3647 1413 3692 τις
1443 3631 1638 3694 αὐτοῖς,
1679 3629 1753 3691 ὡς

181 3727 384 3790 καλῶς
423 3725 901 3794 ἀποκριναμένοις,
945 3723 1122 3791 φήσει,
1165 3722 1244 3772 ὅτι
1278 3720 1352 3782 ὡς
1392 3721 1614 3789 μέτριοι,
1663 3719 1754 3771 καὶ

188 3818 270 3886 μὴ
318 3817 562 3877 διδόντες
622 3815 834 3874 ἑαυτοῖς
887 3807 1023 3863 εἶναι
1073 3811 1206 3872 υἱοῖς
1259 3807 1415 3870 Θεοῦ,
1457 3808 1548 3860 τοῦ
1581 3807 1750 3877 Ἰησοῦ

180 3907 471 3972 λέγοντος·
505 3906 565 3956 Ἀ
595 3903 899 3970 ἠκούσατε
926 3899 1084 3965 παρὰ
1115 3897 1218 3952 τοῦ
1247 3897 1490 3963 Πατρός,
1521 3897 1750 3959 ποιεῖτε,

182 3997 286 4048 καὶ
313 3995 690 4064 ἀναφέροντος
705 3993 798 4044 ἐπὶ
821 3992 909 4043 τὸν
930 3989 1078 4052 Θεὸν,
1099 3990 1274 4056 φασίψ
1309 3989 1359 4040 Ὁ
1383 3987 1572 4055 πατὴρ
1592 3987 1753 4056 ἡμῶν

176 4084 447 4152 Ἀϐραάμ
473 4084 628 4136 ἐστι.
667 4082 834 4152 Δῆλον
861 4082 917 4134 δὲ
954 4081 1034 4134 ὅτι
1063 4082 1154 4134 καὶ
1180 4080 1334 4133 τοῦτο
1357 4079 1560 4132 εὐθύνει
1589 4082 1617 4132 6
1645 4081 1754 4132 Σω-

173 4177 317 4244 τὴρ,
347 4177 428 4238 ὡς
461 4172 682 4246 ψευδῶς
718 4172 1021 4242 εἰρημένον,
1060 4170 1145 4222 διὰ
1171 4171 1282 4222 τοῦ·
1317 4171 1387 4222 Εἰ
1423 4170 1599 4223 τέκνα
1650 4169 1753 4222 τοῦ

173 4262 446 4334 Ἀϐραάμ
488 4265 655 4327 ἐστε,
696 4262 769 4314 τὰ
795 4261 936 4330 ἔργα
980 4259 1084 4312 τοῦ
1114 4259 1353 4327 Ἀϐραὰμ
1379 4261 1610 4314 ποιεῖτε.
1644 4261 1754 4312 Οὐκ

1777 3054 1816 3110 C

1860 1854 2047 1899 natura
2082 1861 2110 1898 a
2141 1846 2300 1901 Patre
2343 1848 2663 1902 audierunt?
2713 1847 2815 1902 Sed
2858 1857 3034 1902 utrum
3076 1848 3284 1902 tandem
3315 1848 3369 1902 hi

1850 1946 2147 1992 erantoves
2178 1937 2394 2003 Christi,
2424 1954 2488 1993 an
2529 1939 2597 1992 ab
2617 1939 2732 2008 ipso
2757 1939 2954 1993 alieni?
2983 1938 3129 2004 Quod
3155 1940 3197 1995 si
3218 1950 3372 1994 erant

1850 2025 2032 2090 alieni,
2060 2027 2329 2094 quomodo
2357 2029 2641 2082 audierunt
2669 2044 2698 2082 a
2727 2028 2916 2092 Patre,
2943 2029 3140 2097 palam,
3178 2037 3236 2084 ut
3275 2045 3370 2097 pu-

1852 2125 1986 2181 tant,
2010 2115 2218 2171 dicente
2249 2119 2314 2172 ad
2338 2119 2538 2173 alienos
2572 2136 2588 2174 :
2625 2117 2847 2186 Propter
2867 2119 2961 2171 hoc
2987 2135 3074 2172 vos
3097 2135 3197 2172 non
3215 2121 3369 2173 audi-

1850 2206 1937 2268 tis,
1966 2207 2100 2264 quod
2139 2223 2240 2259 non
2282 2208 2396 2260 sitis
2435 2223 2497 2261 ea:
2543 2207 2716 2261 ovibus
2759 2208 2886 2259 meis
2929 2207 3013 2260 “1’
3067 2206 3180 2260 Nisi
3238 2208 3371 2261 forte

1850 2308 1968 2346 cum
2005 2305 2312 2363 urgeantur,
2365 2296 2418 2348 in
2462 2297 2605 2350 aliud
2642 2297 2930 2350 absurdum
2972 2296 3178 2364 seipsos
3203 2295 3371 2363 conii-

1849 2382 2014 2443 ciunt,
2053 2384 2289 2438 dicentes
2319 2399 2347 2437 a
2378 2383 2536 2439 Patre
2565 2385 2775 2452 quidem
2797 2384 3006 2439 audisse
3025 2385 3242 2446 alienos,
3273 2385 3368 2438 bos

1848 2486 1978 2527 vero
2003 2473 2146 2542 ipsos
2179 2488 2282 2528 non
2311 2475 2496 2528 audire
2537 2489 2567 2528 a
2604 2473 2904 2528 Servatore.
2938 2475 3044 2528 Sed
3067 2475 3110 2528 si
3147 2474 3371 2528 familia-

1849 2575 1934 2616 res
1985 2570 2139 2615 erant
2198 2561 2498 2617 Servatoris
2542 2601 2558 2626 ,
2617 2571 2671 2617 et
2721 2565 2891 2619 beatae
2949 2563 3091 2618 illius
3144 2574 3366 2625 naturae,

1848 2649 2112 2716 quomodo
2140 2651 2448 2720 quarebant
2474 2666 2595 2705 eum
2636 2653 2970 2719 interficere,
3010 2661 3066 2707 et
3106 2653 3368 2721 quomodo

1849 2740 2144 2796 Servatoris
2163 2756 2339 2796 sermo
2360 2755 2460 2795 non
2496 2740 2726 2797 habebat
2750 2742 2920 2797 locum
2953 2743 3009 2796 in
3039 2742 3157 2798 eis?

1916 2917 2072 2985 317
2130 2917 2180 2971 9.
2239 2916 2646 2984 Responderunt.
2706 2928 2753 2972 et
2813 2919 3050 2972 dixerunt
3101 2921 3182 2974 ei:
3213 2917 3372 2972 Pater

1850 3021 2022 3063 noster
2048 3011 2308 3062 Abraham
2337 3021 2408 3062 est
2455 3011 2521 3063 ".
2553 3009 2814 3065 Videntur
2846 3009 2900 3064 bi
2932 3008 3381 3079 abjectiuslonge

1851 3099 2174 3167 respondere
2222 3112 2380 3166 quam
2435 3099 2630 3154 dixerit
2686 3099 2941 3153 Dominus
2971 3138 2989 3162 ,
3041 3100 3371 3154 declarantes

1849 3191 1967 3256 quis
1995 3189 2232 3258 ipsorum
2263 3198 2407 3243 esset
2433 3201 2586 3256 pater
2610 3207 2624 3254 ;
2654 3191 2910 3257 siquidem
2934 3189 3089 3244 Jesus
3113 3191 3177 3243 ad
3208 3190 3368 3243 Deum

1851 3277 2084 3331 referens
2133 3279 2381 3332 dixerat:
2419 3279 2486 3332 Et
2529 3295 2612 3332 vos
2657 3281 2836 3347 igitur,
2883 3295 2996 3348 qua:
3037 3279 3310 3334 audivistis
3338 3297 3370 3331 a

1851 3365 2026 3430 Patre,
2053 3368 2207 3434 facile
2238 3369 2280 3400 ⁸³
2301 3384 2315 3420 :
2338 3371 2390 3422 hi
2416 3383 2540 3422 vero
2555 3370 2809 3436 abjectius
2833 3377 3032 3438 patrem
3049 3369 3282 3438 gentium
3305 3369 3369 3427 ".

1849 3465 2052 3525 patrem
2114 3471 2268 3510 suum
2312 3456 2562 3521 fatentur,
2637 3459 2872 3512 dicentes
2922 3459 3134 3515 :Pater
3202 3469 3372 3512 noster

1849 3546 2105 3598 Abraham
2147 3556 2220 3598 est
2254 3546 2317 3596 ³⁷.
2346 3546 2494 3613 Quod
2529 3547 2574 3600 si
2606 3548 2726 3615 quis
2760 3561 2853 3601 eos
2879 3548 3166 3602 defendens
3191 3585 3207 3611 ,
3251 3558 3370 3602 tan-

1850 3650 2004 3702 quam
2027 3635 2117 3702 qui
2149 3635 2281 3688 bene
2305 3637 2708 3703 responderint,
2745 3637 2904 3701 dicet,
2943 3636 3067 3692 Jesu
3115 3639 3321 3692 dicente
3353 3656 3366 3690 :

1853 3723 1979 3787 Quae
2028 3723 2298 3776 audivistis
2331 3721 2562 3788 aPatre,
2597 3724 2782 3791 facite,
2816 3733 2872 3776 et
2913 3725 3148 3778 voculam
3194 3724 3370 3777 Patris

1851 3797 2115 3866 referente
2139 3812 2205 3864 ad
2233 3813 2423 3878 Deum,
2454 3828 2546 3868 eos
2568 3813 2744 3867 dicere
2769 3834 2783 3868 :
2813 3813 2974 3866 Pater
3009 3825 3180 3866 noster
3200 3814 3370 3865 Abra--

1849 3904 1969 3953 ham
2010 3909 2106 3964 est,
2159 3914 2254 3954 ceu
2299 3904 2566 3956 modestos
2617 3911 2670 3956 et
2718 3902 2957 3956 nolentes
3003 3901 3103 3955 sibi
3140 3901 3372 3955 tribuere

1851 3985 1988 4052 quod
2019 3983 2109 4036 lilii
2145 3984 2234 4037 Dei
2279 3996 2478 4052 essent,
2518 3987 2854 4056 perspicuum
2885 3995 2968 4041 est
3003 3986 3103 4040 hoc
3146 3987 3303 4040 etiam
3338 4003 3368 4038 a

1851 4071 2130 4126 Servatore
2164 4073 2379 4142 corrigi,
2411 4088 2508 4127 ceu
2541 4073 2674 4128 falso
2698 4074 2919 4138 dictum,
2946 4073 3032 4128 bis
3063 4073 3274 4127 verbis:
3308 4073 3371 4128 Si

1849 4160 1946 4228 ﬁlii
1977 4162 2194 4216 Abrahae
2213 4163 2352 4225 estis,
2379 4178 2532 4231 opera
2562 4162 2788 4216 Abrahae
2811 4163 2988 4231 facite.
3020 4162 3202 4231 Neque
3240 4177 3370 4217 vero

1852 4248 2080 4303 absurde
2100 4258 2291 4317 praeter
2314 4249 2425 4304 hac
2452 4257 2660 4318 quaret
2695 4250 2853 4303 etiam
2889 4249 3083 4317 aliquis
3108 4236 3372 4318 quomodo

169 4353 411 4417 ἀτόπως
438 4354 501 4406 δὲ
539 4353 636 4404 καὶ
665 4350 798 4420 πρὸς
832 4349 1000 4402 ταῦτα
1043 4349 1266 4417 ζητήσαι
1288 4365 1368 4410 τις
1400 4347 1484 4411 ἂν,
1520 4350 1597 4402 ὅτι
1638 4348 1751 4412 πῶς

1857 4337 2126 4402 Senator,
2148 4336 2236 4403 qui
2262 4335 2342 4390 eis
2367 4350 2432 4390 ne
2458 4336 2579 4390 filiis
2607 4335 2822 4403 quidem
2860 4350 2978 4391 esse
3000 4335 3226 4390 Abrahae
3247 4351 3374 4390 cou-

169 4441 334 4494 κατὰ
354 4443 450 4495 τὸν
480 4437 714 4509 Σωτῆρά
737 4438 868 4499 ἐστι,
901 4437 972 4507 μὴ
991 4433 1496 4503 συγκατατιθέμενον
1514 4430 1646 4486 εἶναι
1665 4435 1754 4487 αὒ-

167 4532 319 4592 τοὺς
337 4532 512 4584 τέκνα
543 4526 642 4579 τοῦ
671 4520 936 4596 Ἀϐραὰμ,
954 4523 1014 4576 τὸ
1039 4523 1213 4590 λέγειν
1237 4523 1430 4585 αὐτοῖς·
1458 4523 1564 4576 Καὶ
1587 4522 1752 4591 ὑμεῖς

169 4614 308 4673 οὖν
350 4620 390 4673 ᾰ
423 4619 734 4687 ἠκούσατε
765 4613 921 4681 παρὰ
957 4611 1058 4665 τοῦ
1081 4611 1324 4677 Πατρός,
1360 4611 1588 4668 ποιεῖτε.
1620 4612 1750 4663 ἀνα-

170 4710 511 4779 φερομένου
545 4705 666 4768 τοῦ,
700 4703 855 4770 παρὰ
891 4701 994 4755 τοῦ
1033 4699 1276 4766 Πατρός,
1312 4701 1401 4753 ἐπὶ
1423 4701 1512 4753 τὸν
1536 4701 1680 4753 Θεόν·
1723 4702 1752 4751 6

170 4797 306 4865 γὰρ
341 4799 417 4868 μὴ
445 4795 526 4848 ὢν
553 4794 742 4846 τέκνον
767 4790 859 4845 τοῦ
887 4789 1132 4859 Ἀϐραὰμ
1158 4787 1293 4840 κατά
1311 4787 1534 4856 μίμησιν
1557 4787 1752 4857 ἀρετῆς

173 4887 492 4939 ὁποιανοῦν
532 4883 642 4936 τῶν
681 4881 790 4951 (55)
839 4879 974 4949 μετὰ
1015 4878 1104 4930 τὸν
1129 4876 1394 4945 Ἀϐραὰμ,
1425 4875 1635 4943 ψεκτὸς,
1679 4875 1753 4936 ὡς

175 4969 364 5035 οὗτοι,
411 4973 560 5043 πρὸς
602 4969 695 5032 οὓς
738 4971 766 5021 6
808 4967 980 5034 λόγος,
1025 4964 1198 5032 πολλῷ
1258 4963 1448 5032 μᾶλλον
1495 4963 1591 5014 οὐκ
1642 4963 1754 5013 ἐστι

184 5062 388 5114 τέκνον
419 5062 519 5114 τοῦ
542 5059 698 5112 Θεοῦ.
731 5059 872 5126 Ὅρα
893 5055 949 5107 δὲ
972 5054 1018 5105 εἰ
1056 5054 1146 5105 καὶ
1167 5052 1300 5122 πρὸς
1321 5051 1473 5103 τοῦτο
1492 5049 1754 5119 δυνάμεθα

186 5147 379 5216 λέγειν
410 5151 517 5220 (ὅτι
553 5148 655 5199 οὐκ
681 5144 914 5215 εἴρηται·
936 5141 1042 5192 Kal
1072 5137 1235 5207 ὑμεῖς
1274 5135 1384 5190 οὖν
1407 5136 1443 5189 ἂ
1465 5137 1755 5203 ἠκούσατε

1858 4424 2098 4489 cedebat,
2123 4424 2299 4479 dicere
2319 4433 2496 4492 posset
2524 4439 2540 4477 :
2573 4424 2632 4477 Et
2649 4441 2736 4478 vos
2756 4426 2934 4494 igitur,
2959 4441 3073 4495 qua:
3103 4425 3372 4480 audivistis

1855 4532 1884 4568 ι
1913 4514 2088 4582 Patre,
2127 4516 2281 4583 facite
2304 4553 2320 4579 ,
2343 4515 2505 4568 relata
2542 4529 2672 4571 voce
2709 4514 2883 4569 Patris
2924 4517 2989 4570 ad
3013 4515 3178 4570 Deum
3209 4531 3224 4568 :
3251 4531 3372 4569 nam

1854 4605 1945 4672 qui
1974 4604 2199 4657 Abrahae
2241 4603 2381 4657 ﬁlius
2414 4618 2518 4658 non
2549 4613 2663 4667 est,
2693 4604 3045 4672 qualicunque
3071 4605 3227 4660 modo
3267 4608 3374 4658 vir-

1857 4702 2018 4746 tutem
2046 4703 2373 4762 posterorum
2401 4693 2920 4756 Abrahaeimitando,
2943 4695 2990 4748 is
3014 4692 3374 4760 vituperabilis

1855 4784 2069 4851 perinde
2098 4795 2257 4851 atque
2278 4784 2330 4837 hi
2363 4783 2426 4836 ad
2467 4797 2600 4851 quos
2641 4793 2723 4836 est
2753 4797 2964 4846 sermo,
3006 4781 3171 4836 nmlto
3204 4782 3376 4850 magis

1855 4887 1956 4925 non
1981 4872 2082 4925 erit
2111 4871 2246 4926 filius
2284 4871 2395 4925 Dei.
2443 4871 2668 4925 Proinde
2709 4868 2832 4923 vide
2870 4885 2937 4923 an
2970 4869 3131 4922 etiam
3169 4869 3236 4923 ad
3274 4869 3378 4923 hoc

1855 4961 2030 5014 dicere
2055 4960 2315 5026 possimus
2344 4959 2615 5028 (quoniam
2645 4972 2746 5011 non
2789 4958 2986 5010 dictum
3015 4955 3115 5008 fuit
3147 4971 3162 5006 :
3193 4953 3261 5008 Et
3293 4973 3378 5008 vos

1855 5050 2028 5118 igitur,
2063 5065 2177 5118 qua:
2213 5051 2480 5103 audivistis
2508 5064 2536 5101 a
2572 5047 2729 5100 Patre
2773 5055 2970 5107 vestro,
3005 5044 3090 5098 vel
3142 5059 3173 5098 a
3230 5055 3377 5114 patre

1858 5149 2060 5204 nostro,
2108 5140 2222 5202 sed,
2249 5157 2280 5190 a
2312 5137 2512 5208 Patre),
2537 5138 2675 5206 quod
2703 5137 2824 5189 licet
2855 5133 3048 5200 aliquis
3099 5135 3170 5186 sit
3210 5145 3381 5202 pater,

266 5287 314 5318 ³³
343 5283 498 5339 Joan.
542 5295 661 5342 vut,
690 5278 786 5332 57.
864 5271 910 5303 ³³
937 5269 1098 5324 Joan.
1119 5286 1175 5331 Χ,
1194 5267 1284 5320 26.
1357 5267 1401 5298 ‘l’
1427 5266 1576 5322 Joan.
1604 5284 1718 5332 vm,

1915 5271 1958 5303 ³³
1987 5273 2112 5326 ibid.
2135 5271 2224 5326 58.
2297 5271 2342 5303 ³⁸
2361 5271 2492 5325 Gen.
2519 5285 2649 5331 xvn,
2672 5268 2725 5329 4,
2747 5267 2799 5320 5.
2873 5265 2915 5296 ³⁷
2942 5263 3098 5322 Joan.
3133 5282 3254 5331 vm,
3293 5267 3382 5320 '59.

161 5393 173 5406 ‘
269 5403 378 5469 (δέ)
408 5400 589 5458 Codex
608 5389 974 5469 Βράιεξίεεηυε-
1001 5385 1227 5469 sese???
1253 5381 1468 5469 iis???

255 5452 374 5542 (55)
403 5452 589 5530 663a
646 5456 1004 5518 Bodleianus,
1052 5462 1210 5513 recte,
1260 5453 1465 5521 πατήρ·
1529 5452 1748 5520 lli-gius,

177 5534 382 5613 2”???»
674 5600 766 5613 .-μ
803 5586 1123 5613 nmmum...
1177 5585 1568 5613 s.....-x-..-.-:-...

229 5585 540 5694 (Hymen)
576 5600 766 5662 codex
803 5586 1146 5651 Bodleianus,
1175 5585 1590 5657 ἀνομολογοῦσιν,

1922 5388 2029 5452 (55)
2059 5385 2215 5438 Κατὰ
2246 5387 2494 5452 μίμησιν
2523 5381 2731 5450 ἀρετῆς
2761 5380 3087 5452 όᾳτοιανοῦν
3110 5383 3258 5452 τῶν,
3285 5393 3387 5434 etv.

1856 5447 1944 5508 Sic
1975 5447 2110 5508 hunc
2141 5447 2330 5516 locum,
2360 5447 2409 5505 in
2438 5483 2442 5487 ~
2469 5447 2739 5506 codicibus
2773 5447 2941 5513 Regio
2986 5457 3051 5500 et
3109 5449 3396 5504 Barberino

1857 5523 2112 5588 laxatum,
2145 5523 2356 5576 sanitati
2386 5521 2615 5577 restituit
2641 5516 2976 5574 Bodleianus.
