3828 6188
267 314 366 368 593

1290 314 1630 371 COMMENT.
1674 316 1738 370 IN
1774 315 1957 372 JOAN.
1997 310 2236 371 TOMUS
2277 302 2390 366 XX.

3305 327 3402 383 594

273 445 358 490 τες
405 430 499 498 τὴν
547 428 821 499 ἡμετέραν
871 431 989 500 γῆν,
1043 432 1124 499 ἐφ’
1167 432 1231 502 ἢν
1261 433 1415 496 δείξει
1458 435 1587 503 ἡμῖν
1625 436 1777 504 γῆνό

1879 437 2018 500 estis,
2054 447 2230 503 opera.
2246 427 2467 490 Abralue
2504 437 2685 504 facite;
2719 437 2797 492 sic
2821 437 2959 492 enim
3005 437 3396 505 perveniemus,

271 519 394 580 Θεὸς
440 519 529 588 τὴν
577 518 790 586 ἀληθῶς
833 522 1052 590 ἀγαθὴν,
1107 523 1197 575 καὶ
1249 523 1409 586 ὅντως
1461 523 1674 594 πολλὴν,
1723 525 1788 595 ἢν

271 609 371 663 ἀπὸ
411 607 608 678 Κυρίου
647 607 742 660 τοῦ
793 609 923 662 Θεοῦ
973 611 1166 682 πρέπει
1215 611 1440 664 δίδοσθαι
1485 615 1595 675 τοῖς
1633 616 1785 682 ποιή-

271 714 389 750 σασι
443 698 502 748 τὸ
541 698 1006 767 προστεταγμένον
1053 699 1108 752 ὲν
1150 698 1245 767 τῷ’
1292 699 1526 762 Ἔξελθε
1567 699 1634 751 ἐκ
1680 698 1787 767 τῆς

269 784 372 856 τῆς
430 798 578 839 σουο
642 787 736 838 καὶ
791 786 866 849 ὡς
932 788 1307 851 καταλιπόντες
1361 789 1669 857 συγγένειαν
1723 791 1783 842 οὐ

265 875 425 945 καλὴν
489 876 569 938 είς
625 874 776 938 ἔθνος
839 875 1068 945 ἐσόμεθα
1136 879 1292 948 μέγα,
1361 879 1451 930 καὶ
1518 877 1692 947 μεῖζον
1751 877 1784 946 ἢ

265 965 397 1016 κατὰ
447 964 782 1032 ἀνθρώπους·
839 968 932 1019 καὶ⁹
978 967 1050 1030 ὡς
1099 969 1592 1037 καταφρονήσαντες
1641 967 1784 1019 οῖκου

262 1054 460 1123 πατρὸς
518 1054 618 1106 οὐκ
679 1054 975 1117 ἐπαινετοῦ,
1035 1055 1512 1125 εὐλογηθησόμεθα,
1561 1054 1786 1124 μεγαλυ-

260 1142 475 1210 νομένου
541 1141 633 1194 τοῦ
696 1143 950 1212 ὀνόματος
1015 1144 1194 1214 ἡμῶν,
1249 1145 1511 1214 γινόμενοι
1567 1145 1786 1215 εὐλογη-

258 1233 335 1282 rei.
386 1231 477 1282 ἐπὶ
519 1231 791 1294 τοσοῦτον,
839 1234 913 1294 ὡς
958 1235 1078 1292 τοὺς
1120 1234 1214 1303 μὲν
1258 1234 1597 1301 εὑλογοῦντας
1643 1235 1784 1304 ἡμᾶς

257 1319 585 1386 εὐλογεῖσθαι
636 1322 740 1373 ὑπὸ
786 1321 878 1373 τοῦ
919 1322 1070 1384 Θεοῦ,
1113 1324 1235 1385 τοὺς
1281 1323 1335 1376 δὲ
1382 1325 1785 1394 καταρωμένους

257 1407 354 1460 ὑπὸ
390 1411 638 1478 κατάραν
667 1410 908 1472 ἔσεσθαι,
943 1414 1119 1464 πᾶσάν
1149 1430 1205 1464 τε
1239 1414 1338 1482 γῆς
1377 1413 1542 1483 φυλὴν
1570 1415 1625 1464 ἐν
1656 1414 1783 1482 ἡμῖν

252 1496 615 1562 εὐλογεῖσθαι·
650 1498 737 1549 ὅτε
767 1499 858 1550 καὶ
886 1499 1011 1568 περὶ
1052 1499 1206 1567 ἡμῶν
1243 1501 1379 1552 εἴποι
1427 1500 1491 1552 ἂν
1521 1502 1548 1552 6
1597 1499 1777 1566 λόγος’

266 1585 612 1651 Έπορεύθη,
663 1589 737 1647 ὡς
776 1587 984 1656 εἴρηται
1026 1589 1150 1658 περὶ
1189 1588 1459 1658 Ἀϐραάμο
1500 1589 1606 1641 Καὶ
1655 1589 1784 1640 ἐπο-

249 1674 418 1739 ρεύθη
459 1674 728 1742 Ἀϐραὰμ,
771 1674 1028 1741 καθάπερ
1058 1675 1351 1742 ἐλάλησεν
1375 1675 1528 1740 αὐτῷ
1553 1676 1776 1743 Κύριος.

1883 523 2005 591 quia
2038 517 2412 589 reliquerimus
2449 531 2640 577 terram
2677 533 2928 589 nostram,
2955 527 3019 577 ad
3053 539 3168 578 eam
3200 534 3395 578 terram

1886 627 2044 680 quam
2074 611 2230 666 nobis
2270 613 2511 666 ostendet
2550 613 2837 668 Dominus:
2868 628 3056 683 nempe
3093 615 3159 666 ad
3201 623 3393 670 terram

1883 716 2006 757 vere
2036 704 2222 756 bonam
2246 715 2475 771 vereque
2503 704 2718 756 multam
2746 741 2762 767 ,
2793 717 2948 772 quam
2977 703 3255 759 εἰ)οωίηο
3290 706 3396 760 Deo

1884 791 1998 844 dari
2051 805 2149 860 par
2198 799 2278 844 est
2329 792 2410 845 his
2457 792 2544 860 qui
2597 790 2929 860 quodjubet
2977 792 3030 846 in
3083 792 3175 847 illo
3219 795 3393 859 dicto,

1884 880 2138 948 Egredere
2170 881 2234 934 de
2269 891 2405 934 terra
2427 891 2537 944 tua,
2576 883 2894 950 peregerint.
2912 876 3050 943 Quin
3067 878 3230 936 etiam
3274 897 3396 937 tan-

1883 983 2041 1036 quam
2075 969 2162 1037 qui
2196 970 2562 1038 reliquerimus
2614 971 2982 1038 cognationem
3013 985 3117 1023 non
3162 971 3391 1036 bonam,

1883 1056 2082 1110 erimus
2129 1056 2180 1109 in
2214 1066 2420 1126 gentem
2473 1070 2715 1124 magnam
2768 1057 2834 1122 ",
2875 1070 3096 1126 eamque
3138 1053 3394 1125 majorem

1882 1156 2038 1212 quam
2083 1145 2397 1199 hominum:
2431 1153 2792 1214 tanquamqne
2853 1145 2942 1212 qui
2997 1145 3394 1212 despexerimus

1881 1234 2092 1287 domum
2150 1234 2316 1302 patris
2362 1233 2750 1298 illaudabilem,
2799 1233 3191 1295 benedicemur,
3235 1233 3396 1304 319

1881 1321 2218 1391 magniﬁcam
2302 1325 2510 1378 nomine
2566 1331 2778 1387 nostro,
2830 1332 2882 1378 et
2923 1325 2989 1377 ad
3045 1330 3240 1377 tantam
3301 1327 3394 1378 be-

1881 1410 2232 1464 nedictionem
2263 1412 2654 1477 pervenientes,
2691 1420 2749 1465 nt
2778 1411 2858 1465 vel
2884 1410 3036 1465 nobis
3060 1425 3272 1480 quoque
3301 1412 3393 1466 be-

1879 1496 2187 1551 nedicentes
2215 1510 2244 1548 a
2277 1498 2496 1551 Domino
2523 1499 2922 1564 benedicantur,
2947 1499 3200 1568 uobisque
3227 1497 3392 1553 male-

1880 1585 2139 1651 dicentes,
2168 1586 2302 1640 diris
2331 1580 2706 1652 devoveantitr,
2735 1597 2894 1656 atque
2911 1588 3067 1642 etiam
3092 1603 3276 1643 omnes
3310 1587 3390 1642 fa-

1879 1673 2035 1727 miliae
2068 1683 2222 1728 terra:
2264 1674 2317 1728 in
2352 1675 2502 1729 nobis
2533 1676 2913 1730 benedicentur
2940 1695 2954 1730 :
2986 1677 3194 1746 quando
3231 1677 3391 1731 etiam

250 1757 406 1831 Οἶμαι
448 1762 528 1825 δὲ,
578 1763 658 1815 ὃτι
687 1765 746 1815 ὲν
773 1767 890 1826 ταῖς
925 1765 1132 1833 ἀρχαῖς,
1161 1766 1251 1817 καὶ
1281 1765 1370 1817 ἐπὶ
1401 1765 1562 1816 ποσὸν
1599 1765 1627 1815 6
1658 1762 1777 1816 Λὼτ

1879 1761 1943 1814 de
1977 1763 2130 1817 nobis
2164 1778 2344 1818 sermo
2390 1765 2476 1819 ille
2507 1766 2710 1819 dicetur
2741 1783 2756 1820 :
2783 1766 3033 1835 Egressus
3078 1776 3183 1830 est,
3216 1777 3273 1822 ut
3307 1767 3390 1822 di-

247 1849 426 1916 ἕψεται
467 1853 627 1919 ἡμῖν,
665 1846 725 1904 οὗ
757 1850 1016 1920 σύμϐολον
1054 1849 1119 1922 ἦν
1145 1851 1235 1903 τόο
1281 1852 1387 1904 Καὶ
1431 1851 1610 1919 ᾤχετο
1653 1853 1776 1920 μετ’

245 1938 422 1992 αὐτοῦ
449 1939 611 2002 Λὼτ,
644 1940 736 1992 καὶ
777 1940 1147 2003 ἐπανελθόντες
1185 1943 1262 2004 είς
1291 1941 1392 2009 γῆν
1423 1941 1635 1994 Χαναὰν
1673 1941 1776 1993 διο-

244 2029 496 2098 δεύσομεν
535 2029 644 2100 τὴν
691 2031 793 2100 γῆν
823 2031 924 2094 ἕως
956 2031 1047 2084 τοῦ
1087 2032 1249 2084 τόπου
1279 2031 1488 2100 Συχὲμ,
1535 2030 1672 2083 οὕτω
1711 2034 1775 2101 τῇ

241 2117 490 2170 ἀναϐάσει
522 2117 634 2187 τῆς
680 2119 912 2181 διανοίας
954 2119 1358 2188 προκόπτοντες,
1404 2121 1505 2182 ἕως
1546 2121 1778 2189 ἔλθωμεν

243 2207 328 2258 sui.
360 2208 457 2277 τὴν
486 2205 628 2278 δρῦν
657 2208 756 2277 τὴν
785 2208 1006 2278 ὑψηλὴν,
1049 2209 1142 2260 καὶ
1177 2209 1464 2276 ὀφθήσεται
1494 2211 1622 2278 ἡμῖν
1665 2209 1777 2262 Κύ-

249 2312 354 2365 ριος
374 2297 402 2347 6
427 2297 582 2359 Θεὸς,
610 2297 644 2348 6
671 2297 851 2364 ὀφθεὶς
883 2297 959 2366 τῷ
993 2296 1255 2367 Ἀϐραὰμ,
1288 2299 1378 2349 καὶ
1404 2297 1778 2365 ὲπαγγελεῖται

245 2387 364 2455 περὶ
397 2387 495 2456 τὴν
539 2386 756 2456 ὑψηλὴν
794 2385 941 2457 δρῦν,
989 2387 1091 2455 γῆν
1122 2387 1296 2439 δοῦναι
1345 2387 1421 2456 τῷ
1467 2386 1636 2457 νοητῷ
1679 2388 1778 2456 τῆς

243 2473 408 2545 ψυχῆς
453 2477 617 2545 ήμῶν
673 2476 960 2545 σπέρματι.
999 2475 1100 2528 Τοῦ
1130 2477 1186 2529 δὲ
1211 2477 1493 2547 νοήσαντός
1522 2478 1632 2529 ἐστι
1681 2478 1771 2531 τό·

246 2567 424 2634 Ἔργα
473 2567 584 2620 τοῦ
638 2566 880 2634 Ἀϐραὰμ
924 2565 1155 2628 ποιεῖτε,
1193 2567 1284 2618 καὶ
1329 2566 1389 2618 τὸ
1438 2565 1776 2636 οίκοδομῆσαι

242 2654 620 2726 θυσιαστήριον
671 2655 888 2724 Κυρίῳ,
934 2655 1009 2724 τῷ
1039 2656 1168 2707 ὅπου
1197 2656 1230 2723 ἡ
1278 2655 1448 2725 ὑψηλὴ
1495 2655 1623 2726 δρῦς
1667 2658 1778 2708 ἐπι-

242 2746 542 2816 φαινομένῳ
573 2745 676 2797 καὶ
701 2746 849 2814 ἡμῖν,
881 2744 969 2796 καὶ
1007 2743 1139 2812 μετὰ
1160 2744 1325 2796 ταῦτα
1348 2745 1640 2814 ἀποστῆναι
1671 2746 1776 2798 ἀπὸ

239 2832 329 2884 τοῦ
373 2833 538 2885 τόπου
594 2832 698 2902 τῆς
741 2832 946 2901 ὑψηλῆς
995 2831 1149 2901 δρυὸς
1181 2832 1252 2895 ὡς
1287 2832 1376 2884 ἐπὶ
1421 2833 1479 2884 τὸ
1511 2833 1651 2902 ὅρος,
1685 2835 1775 2886 καὶ

237 2922 324 2973 τοῦ
357 2922 515 2993 ὅρους
545 2921 694 2973 κατὰ
735 2920 833 2981 τὰς
885 2920 1140 2982 ἀνατολὰς
1169 2921 1265 2990 τῆς
1307 2921 1502 2991 Βαιθὴλ
1530 2922 1577 2991 (ὃ
1611 2923 1775 2993 ἑρμη-

241 3010 443 3064 νεύεται
489 3008 664 3074 οἶκος
696 3011 896 3074 Θεοῦ),
927 3009 1050 3062 ἔνθα
1078 3012 1256 3080 στήσει
1288 3009 1473 3063 ἑαυτοῦ
1515 3011 1610 3081 τὴν
1641 3029 1772 3081 σκη-

1877 1861 2020 1904 ctum
2066 1863 2146 1906 est
2173 1855 2238 1909 de
2258 1855 2524 1908 Abraham
2546 1854 2626 1910 “z
2660 1855 2727 1908 Et
2750 1871 2980 1926 egressus
3003 1864 3078 1910 est
3109 1857 3388 1921 Abraham,

1875 1939 2302 2006 quemadmodum
2324 1941 2523 1995 loculus
2563 1941 2611 1994 si
2648 1942 2812 2011 fuerat
2845 1943 3111 1998 Dominus.
3135 1945 3390 2000 Existimo

1875 2038 2050 2082 autem
2080 2029 2316 2083 futurum
2363 2043 2419 2084 ut
2460 2033 2512 2085 in
2561 2033 2836 2102 principio,
2861 2043 2915 2088 et
2954 2033 3258 2102 aliquandiu
3291 2035 3391 2090 Lot

1877 2132 1972 2172 nos
2017 2131 2290 2186 sequatur,
2318 2121 2466 2187 cujus
2513 2133 2632 2175 nota
2672 2121 2800 2175 illud
2845 2122 2985 2177 fuit:
3017 2121 3083 2175 Et
3111 2123 3388 2177 ambulavit

1877 2221 1990 2258 cum
2011 2223 2068 2260 eo
2096 2206 2187 2259 Lor
2210 2208 2274 2272 ⁸⁷,
2304 2219 2356 2263 et
2379 2211 2660 2263 redeuntes
2687 2211 2736 2264 in
2760 2209 3008 2264 Chanaan
3039 2213 3388 2279 pertransibi-

1878 2309 1994 2348 mus
2021 2295 2307 2364 regionem,
2333 2311 2498 2366 usque
2528 2299 2596 2351 ad
2620 2299 2790 2352 locum
2817 2300 3060 2364 Sichem;
3092 2301 3170 2355 sic
3195 2313 3387 2355 ascen-

1875 2385 2023 2438 sione
2048 2385 2383 2453 cogitationis
2420 2387 2780 2454 protlcientes,
2824 2390 2994 2442 donec
3022 2391 3387 2456 perveniamus

1876 2470 1942 2523 ad
1970 2485 2222 2538 quercum
2255 2471 2436 2525 altam.
2473 2473 2743 2527 Videbitur
2766 2475 2925 2527 etiam
2956 2475 3106 2529 nobis
3136 2475 3388 2532 Dominus

1877 2556 2031 2620 Deus,
2084 2559 2172 2626 qui
2215 2560 2358 2612 visus
2393 2569 2477 2613 est
2521 2559 2768 2624 Abrahae,
2825 2576 2886 2614 ac
2942 2563 3215 2629 promittet
3245 2565 3386 2618 circa

1871 2660 2122 2712 quercum
2173 2646 2332 2700 altam
2387 2649 2578 2702 semini
2622 2649 2932 2718 intelligihili
2974 2651 3160 2704 anima:
3199 2660 3390 2706 nostra:

1873 2735 1999 2788 dare
2027 2742 2242 2789 terram.
2274 2736 2440 2791 Porro
2471 2739 2534 2791 ad
2571 2753 2690 2792 eum
2743 2741 2830 2806 qui
2868 2740 2978 2795 haec
3008 2742 3166 2796 verba
3209 2743 3389 2796 cousi-

1873 2823 2136 2876 deraverit
2163 2842 2177 2878 :
2216 2823 2382 2890 Opera
2412 2826 2628 2880 Abrahae
2660 2827 2812 2894 facite
2833 2828 2895 2894 “,
2928 2831 3155 2898 pertinet
3176 2845 3388 2899 quoque

1871 2923 2017 2962 aram
2065 2911 2330 2965 aediﬁcare
2377 2914 2597 2967 Domino
2620 2914 2697 2980 ”;
2750 2915 2990 2981 Domino,
3031 2918 3266 2986 inquam,
3294 2919 3384 2986 qui

1873 2998 2024 3051 nobis
2048 3011 2257 3066 quoque
2282 3011 2519 3069 apparet,
2536 3004 2622 3056 ubi
2644 3015 2730 3056 est
2748 3017 2978 3072 quercus
3009 3006 3150 3071 alta;
3178 3015 3386 3074 postea-

235 3100 346 3168 γὴν,
371 3101 470 3170 τῆς
507 3101 611 3170 μὲν
638 3072 862 3168 ’Βαιθὴλγ
886 3097 959 3160 ὡς
981 3099 1072 3150 ἐπὶ
1109 3072 1248 3150 κατὰ
1287 3072 1580 3161 θάλασσαν,
1595 3098 1692 3167 τῆς
1718 3072 1774 3151 δὲ

1878 3100 1974 3151 qne
2018 3089 2270 3152 recedere~
2299 3103 2329 3140 a
2374 3090 2491 3142 loco
2520 3091 2638 3143 altae
2686 3105 2935 3158 quercus,
2960 3094 3110 3162 quasi
3139 3072 3206 3146 ad
3237 3109 3385 3149 ιιιοιιο

246 3188 431 3255 ’Λγγαὶ
472 3188 585 3258 (63)
615 3187 695 3250 ὡς
736 3187 828 3239 ἐπὶ
854 3189 970 3238 κατ’
999 3186 1264 3252 ἀνατολὰςξ
1303 3187 1669 3257 (ἑρμηνεύεται
1719 3188 1774 3240 δὲ

1878 3183 1999 3238 tem,
2022 3186 2076 3228 et
2106 3191 2134 3227 τι
2166 3188 2342 3230 monte
2367 3177 2432 3230 ad
2458 3179 2714 3232 orientem
2744 3179 2926 3234 Bethel
2951 3182 3116 3250 (quod
3141 3183 3186 3236 si
3217 3183 3384 3237 inter-

245 3277 433 3345 Ἀγγαὶ
474 3274 740 3346 ἑορταὶ),
780 3276 870 3328 καὶ¹
900 3275 974 3338 ὡς
1015 3275 1324 3345 προκόπτων
1365 3293 1428 3343 γε
1471 3278 1499 3328 ό
1544 3277 1772 3340 τοιοῦτος

1878 3263 2114 3328 preteris,
2135 3271 2416 3317 estdomus
2448 3265 2584 3335 Dei),
2615 3269 2704 3321 ubi
2736 3269 2860 3336 ﬁget
2884 3272 3168 3324 tentorium
3197 3287 3380 3337 suum;

231 3365 370 3432 μετὰ
407 3364 582 3417 ταῦτα
613 3362 864 3433 δεύτερον
904 3365 1240 3434 οἰκοδομήσει
1275 3363 1350 3432 τῷ
1380 3365 1564 3434 Κυρίῳ
1595 3364 1774 3417 θυσια-

1878 3347 2300 3420 Bctheanideut
2330 3363 2574 3421 tauquam
2604 3358 2666 3410 ad
2697 3370 2863 3422 tuere,
2899 3361 3059 3426 Angte
3102 3375 3226 3415 vero
3265 3370 3382 3414 tan-

224 3454 479 3523 στήριον·
523 3453 632 3524 ἤδη
685 3452 780 3504 καὶ
841 3452 1201 3505 ἐπικαλεῖσθαι
1236 3452 1520 3522 δυνάμενος
1566 3453 1656 3504 ἐπὶ
1699 3451 1773 3522 τῷ

1878 3453 2025 3506 quam
2059 3443 2125 3494 ad
2147 3443 2403 3496 orientem
2433 3444 2498 3514 (si
2529 3445 2891 3512 interpreteris
2911 3450 3049 3502 enim
3081 3450 3260 3518 Angaz,
3289 3465 3380 3506 so-

220 3543 449 3612 ὀνόματι
479 3543 578 3596 τοῦ
626 3542 852 3613 Κυρίου,
891 3544 983 3595 καὶ
1018 3543 1142 3611 ἑξῆς
1170 3543 1409 3613 ἀπαίρων
1441 3543 1706 3605 κάκεῖθεν,
1745 3546 1772 3595 6

1878 3540 1960 3584 nat
2001 3529 2341 3598 festivitates),
2382 3543 2541 3600 atque
2587 3535 2633 3588 is
2679 3534 2916 3602 profecto
2957 3551 3052 3592 ceu
3103 3540 3382 3608 proﬁciens

214 3631 481 3702 ἐσόμενος
507 3632 703 3686 τέκνον
741 3631 831 3683 τοῦ
869 3631 1125 3702 Ἀϐραὰμ,
1159 3633 1436 3702 γενόμενός
1473 3649 1585 3694 πως
1614 3649 1772 3702 στρα-

1878 3630 1984 3689 post
2030 3623 2142 3676 haec
2198 3639 2408 3678 rursum
2458 3625 2678 3680 Domino
2725 3627 3006 3683 aediﬁcabit
3040 3645 3227 3695 aram;
3271 3633 3381 3700 jam

213 3717 621 3790 τηγικώτερος,
656 3719 754 3770 καὶ
791 3719 988 3781 συνιεὶς
1019 3720 1151 3789 πρὸς
1180 3721 1332 3780 ὅσους
1372 3719 1650 3788 πολεμίους
1679 3721 1771 3772 αὐ-

210 3809 306 3863 τὸν
349 3809 894 3880 παρασκευάσασθαι
955 3809 1063 3873 δεῖ,
1114 3808 1543 3880 στρατοπεδεύσει
1596 3812 1652 3863 ἐν
1703 3812 1767 3880 τῇ

211 3901 428 3970 ἐρήμῳο
477 3899 630 3968 μετὰ
662 3897 834 3950 ταῦτα
866 3901 1056 3967 πεῖραν
1098 3898 1252 3968 λιμοῦ
1297 3899 1514 3967 λήψεται
1559 3896 1649 3950 τοῦ
1683 3899 1770 3950 ἐπὶ

205 3991 305 4060 τῆς
355 3989 490 4060 γῆς,
536 3991 643 4042 καὶ
696 3990 775 4050 εἰς
824 3988 920 4058 τὴν
968 3989 1230 4054 Αἴγυπτον
1284 3987 1640 4057 καταϐήσεται
1677 3986 1768 4039 τοῦ

203 4082 553 4150 παροικῆσαι
590 4077 709 4146 (64)
756 4079 886 4138 ἐκεῖ,
931 4077 1013 4128 ἵνα
1055 4077 1126 4146 μὴ
1160 4077 1251 4129 καὶ
1287 4075 1446 4128 αὐτοῦ
1477 4076 1770 4148 κατισχύσῃ

202 4171 230 4221 6
259 4169 420 4239 λιμὸς
445 4171 478 4222 6
508 4167 812 4236 ἐνισχῦσας
846 4167 938 4219 ἐπὶ
975 4167 1070 4235 τῆς
1114 4168 1243 4235 γῆς’
1276 4169 1366 4220 καὶ
1412 4168 1769 4237 καταϐήσεται

1878 4161 2059 4216 famem
2086 4174 2256 4217 ortam
2287 4165 2338 4217 in
2369 4175 2512 4219 terra
2538 4167 2752 4232 sentiet,
2771 4169 2823 4222 in
2855 4168 3141 4239 Egyptum
3165 4172 3384 4226 descen-

197 4257 277 4318 είς
313 4257 619 4323 Αἴγυπτον
669 4253 803 4322 μετὰ
841 4254 940 4322 τῆς
984 4252 1327 4322 εὐπροσώπου
1359 4255 1542 4306 ἑαυτοῦ
1583 4271 1766 4321 γυναι-

1878 4251 1976 4316 det,
2006 4251 2118 4306 illic
2142 4253 2494 4320 habitaturus,
2515 4271 2584 4310 ne
2613 4257 2891 4311 adversum
2913 4273 3124 4328 quoque
3156 4275 3213 4313 se
3243 4273 3380 4328 pra:-

197 4343 313 4407 κὸς,
357 4345 664 4412 συνθήκας
692 4341 838 4403 τινὰς
861 4341 1132 4410 τιθέμενος
1173 4340 1278 4409 (65)
1309 4342 1442 4411 πρὸς
1471 4342 1653 4408 αὐτὴν,
1684 4342 1769 4395 ἵνα

1878 4340 2040 4394 valeat
2086 4341 2272 4407 fames,
2296 4360 2413 4412 quae
2440 4359 2598 4414 super
2643 4355 2836 4402 terram
2884 4349 3250 4415 prazvaluerit;
3287 4350 3381 4402 de-

194 4435 372 4504 ἐαυτῷ
403 4435 526 4504 (66)
567 4433 646 4485 δι’
684 4431 849 4500 αὐτὴν
885 4432 935 4482 οἱ
978 4429 1254 4497 Αἰγύπτιοι
1281 4432 1492 4502 ἡμέρως
1533 4432 1770 4501 χρήσων-

1878 4433 2189 4499 tcendetque
2218 4433 2268 4484 in
2313 4433 2595 4502 Aﬂgyptum
2628 4450 2748 4490 cum
2780 4436 2999 4506 conjuge
3037 4452 3129 4492 sua
3157 4440 3383 4507 eleganti

189 4538 298 4586 ται,
334 4527 438 4577 καὶ
479 4525 767 4590 γένωνται
804 4522 862 4571 ὲν
893 4519 1145 4589 Αἰγύπτῳ
1188 4520 1333 4588 αὐτῷ
1382 4520 1645 4589 πρόϐατα,
1677 4520 1768 4572 καὶ

1878 4518 2060 4584 forma,
2085 4521 2250 4588 pactis
2277 4523 2587 4588 quibusdam
2617 4539 2738 4579 cum
2778 4526 2890 4593 ipsa
2936 4529 3254 4594 constitutis,
3278 4543 3385 4600 quo

192 4612 422 4680 μόσχοι,
454 4613 562 4664 καὶ
609 4610 758 4673 ὄνοι,
798 4608 892 4661 καὶ
945 4609 1162 4672 παῖδες,
1203 4608 1294 4660 καὶ
1334 4607 1636 4670 παιδίσκαι,
1675 4609 1771 4660 καὶ

1878 4619 1929 4659 se
1959 4618 2230 4662 mansuete
2259 4609 2494 4679 [Egyptii
2540 4613 2678 4667 illius
2716 4629 2880 4668 causa
2907 4625 3146 4682 utantur,
3171 4618 3382 4686 simque

188 4701 430 4770 ἡμίονοι,
460 4701 571 4754 καὶ
606 4698 870 4768 κάμηλοι,
913 4699 1038 4767 περὶ
1081 4690 1155 4752 ὧν
1197 4697 1420 4751 ἑκάστου
1464 4697 1572 4766 (67)
1606 4695 1768 4765 σοφοῦ

1878 4697 1942 4750 illi
1969 4698 2020 4750 in
2062 4696 2289 4769 Ευριο
2322 4715 2472 4762 oves,
2503 4713 2556 4755 et
2591 4703 2760 4768 vituli,
2785 4715 2840 4757 et
2870 4705 3026 4771 asini,
3069 4718 3122 4761 et
3148 4708 3304 4772 servi,
3333 4717 3386 4761 et

1868 3713 2025 3767 etiam
2058 3713 2306 3768 invocare
2335 3714 2520 3768 valens
2550 3718 2600 3768 in
2629 3718 2839 3770 nomine
2871 3717 3094 3784 Domini,
3121 3736 3214 3788 per
3236 3725 3382 3777 ordi-

1868 3817 2094 3871 nemque
2123 3805 2244 3858 inde
2265 3805 2494 3870 solvens,
2519 3808 2610 3874 qui
2641 3806 2848 3862 futurus
2867 3819 2949 3864 est
2973 3810 3110 3865 ﬁlius
3133 3813 3378 3879 Abrahae,

1867 3889 2043 3944 factus
2074 3891 2254 3958 aliquo
2299 3893 2456 3946 modo
2484 3894 2712 3950 ducendi
2741 3897 3006 3952 exercitus
3030 3900 3270 3966 peritior,
3301 3901 3384 3954 in-

1868 3978 2213 4048 telligensque
2237 3982 2298 4032 ad
2333 3992 2464 4049 quot
2488 3983 2622 4036 bella
2644 3985 2874 4052 seipsum
2898 4001 3196 4056 praeparare
3220 4003 3382 4057 opor-

1871 4081 2000 4137 teat,
2049 4077 2516 4129 castrametahilur
2559 4079 2610 4130 in
2671 4077 2990 4145 solitudine;
3035 4089 3214 4148 postea
3261 4097 3382 4136 cum

256 4836 308 4869 “
347 4837 499 4892 Gen.
545 4833 724 4899 xu,2,
754 4835 810 4889 3.
885 4831 1083 4886 “ibid.
1112 4834 1168 4886 4.
1239 4831 1282 4864 ⁸⁷
1312 4831 1437 4886 ibid.
1463 4834 1497 4885 ι
1525 4847 1639 4901 seq.
1713 4831 1760 4864 ⁸⁸
1781 4843 1934 4886 Joan.
1961 4827 2180 4904 “11,39.
2251 4831 2297 4862 δ’
2323 4830 2457 4885 Gen.
2490 4848 2583 4897 xu,
2608 4833 2637 4884 7
2667 4846 2777 4900 seq.

262 4951 379 5021 (63)
408 4954 512 5021 Ἁγ-

205 5020 401 5070 ’Δγγάε
411 5037 450 5070 ι.

599 4951 665 5012 ι,
719 4957 841 5018 etc.
885 4948 942 5001 ln
989 4949 1171 5018 codice
1219 4949 1379 5017 Regio
1444 4950 1526 5003 bis
1575 4950 1765 5018 legitur
1868 4950 1956 5003 bet
1989 4949 2178 5010 Hat‘na,
2208 4960 2260 5002 et
2295 4951 2541 5018 Arabum,
2575 4965 2691 5015 qua:
2715 4950 2861 5016 Alay.
2896 4948 3148 5005 "UE'I'IUS.

263 5015 450 5086 γγάει.
478 5015 490 5021 ⁷
521 5015 586 5071 lu
643 5017 932 5086 codicibus
975 5015 1079 5086 τῶν
1127 5017 1179 5068 0'
1224 5015 1412 5084 legitur
1471 5015 1757 5085 aliquando

1935 5021 2045 5087 (66)
2077 5019 2182 5071 Τοῦ
2206 5016 2570 5087 παροικῆσαιΣ
2599 5019 2686 5069 Sic
2739 5018 2896 5068 habet
2929 5025 3094 5070 codex
3141 5019 3380 5074 Bodleia-

203 5084 386 5156 ῘΛγγεί
418 5101 521 5140 seu
567 5085 795 5156 Ἀγγαί,
821 5085 1264 5156 quemadmodum
1297 5094 1464 5156 exstat
1504 5084 1765 5156 in'codice

1878 5084 2095 5156 aus_;r’ini
2120 5087 2299 5156 lt_egio_
2307 5089 2452 5156 deest
2486 5084 2596 5137 τοῦ.

199 5149 518 5223 Boilieiano.
553 5149 657 5207 seti
691 5149 902 5223 ἶΑγγέ,
937 5162 992 5202 ιιι
1014 5149 1211 5223 Gentes.
1243 5166 1338 5214 xu,
1369 5152 1422 5223 8,
1483 5154 1764 5223 aliquando

1878 5221 1881 5223 γ
1911 5152 2042 5223 ,(65)
2065 5149 2238 5206 Cede}
2270 5153 2578 5205 Bodleiauus
2612 5167 2706 5220 pro
2734 5150 3004 5222 τιθέμενος
3057 5155 3216 5209 habet
3270 5173 3385 5211 συν-

203 5222 316 5293 Γαιζ,
346 5234 408 5277 ιιι
434 5221 767 5293 Jos.§vr_r,2,
786 5229 1010 5293 etsaepe
1033 5217 1326 5293 hoclibro;
1351 5217 1626 5293 aliquando
1641 5221 1763 5286 Διά,

1878 5217 2098 5293 δέελέῖδῆ

207 5299 260 5340 ut
285 5284 309 5344 ί
337 5293 502 5346 Esdr.
533 5306 604 5354 ιι,
629 5289 742 5348 28;
768 5285 1080 5354 ,ειιψωηειο
1127 5285 1224 5346 Δῖ,
1273 5296 1331 5336 ιιι
1371 5284 1419 5354 ιι
1458 5285 1611 5354 Esdr.
1670 5284 1764 5351 vn,

1926 5284 2041 5354 (66)
2073 5289 2192 5340 Ἵνα
2219 5285 2425 5349 ἐαυτῷ,
2460 5294 2564 5341 etc.
2598 5285 2687 5336 Sic
2716 5287 2870 5338 habet
2915 5290 3080 5340 codex
3150 5287 3390 5344 Bodleia-

214 5358 292 5429 ξῖ,
323 5372 375 5412 et
414 5348 717 5426 aliquando
731 5348 970 5429 ΑΓαίίιιι
1002 5348 1192 5429 Jeretn.
1216 5367 1360 5429 x_t.tx,
1391 5351 1443 5402 5.
1475 5350 1532 5429 Id
1559 5348 1761 5429 derixat

1880 5348 1990 5429 ius;
2019 5348 2212 5429 Regius
2241 5348 2402 5429 Vero,
2431 5368 2738 5420 perperam,
2771 5353 2853 5406 ἵνα
2901 5355 3074 5424 ἑαυτῷ
3104 5356 3169 5407 δι’
3218 5359 3388 5429 αὐτὴν

210 5425 462 5493 Origene,-
492 5421 522 5478 εξ
557 5435 683 5484 ,υτ-ε,
717 5421 959 5485 [erutus
988 5428 1084 5493 est,
1113 5421 1393 5493 quod_nou
1430 5425 1632 5493 patitur
1662 5421 1760 5473 He-

1878 5427 1907 5477 ιί
1933 5421 2205 5493 Αἰγύπτιοι
2237 5421 2538 5493 χρήσονται.

213 5485 386 5549 tte-fma
416 5494 694 5561 scriptura
731 5495 860 5561 31m,
905 5485 998 5561 Δ(Ζιιὶ
1049 5486 1381 5561 consentiunt
1431 5487 1689 5561 Oultelog
1707 5499 1762 5542 et

1931 5485 2035 5561 (67')
2062 5485 2607 5555 Codex'Bodlciauus,
2634 5489 2856 5543 ἑκάστου
2879 5505 2891 5519 ο
2937 5489 3153 5558 Regius,
3191 5493 3384 5548 ἑκατέ·

216 5559 488 5621 Jonatban,
527 5550 1102 5631 Tagasitrsgetisyrus
1131 5557 1412 5631 interpres?
1443 5558 1614 5608 codex
1659 5555 1758 5631 βυ-
1865 5550 1987 5631 ρωζΛ

209 5631 490 5682 maritanus
520 5635 575 5680 et
611 5621 1028 5677 Samaritarutu
1069 5621 1466 5690 interpretatio,
1492 5637 1620 5693 quae
1665 5625 1762 5677 ha—
