3828 6210
431 271 534 326 595

1857 257 2169 315 ORICENIS

3571 253 3674 307 596

431 383 660 445 ancilla,
689 390 743 436 et
779 380 923 442 muli,
948 387 999 431 ct
1027 376 1238 442 cameli,
1267 376 1331 429 de
1358 377 1549 445 quibus
1580 375 1816 444 singulis,
1846 375 1928 426 ali-

2091 388 2216 434 ,vog,
2262 371 2352 424 καὶ
2394 370 2480 421 ἐπὶ
2524 369 2588 421 τὰ
2638 368 2776 438 βάθη
2822 369 2925 437 τῆς
2961 365 3213 437 Γωφῆς
3271 362 3674 432 ἐπισταμένως

427 474 582 540 cujus
601 471 870 537 sapientis,
895 479 946 522 et
969 469 1056 536 qui
1085 468 1342 536 profunda
1366 468 1650 536 Scriptura
1674 467 1829 520 docte
1856 481 1944 532 pe-

425 569 634 614 netrare
671 559 860 626 possit,
891 559 1117 611 oﬁicium
1142 559 1245 612 erit
1278 558 1458 610 dicere
1487 574 1502 610 :
1535 566 1588 610 et
1613 557 1771 626 320
1801 565 1945 609 certe

421 649 716 717 generatim
749 663 958 702 omnem
1000 650 1228 703 Abraba
1271 649 1545 702 historiam
1588 648 1942 714 explorantes,

419 747 472 788 et
508 754 836 808 quacunque
869 741 933 793 de
965 741 1078 808 ipso
1122 750 1245 794 sunt
1273 741 1489 807 scripta,
1527 754 1642 808 qua
1672 753 1832 791 unum
1864 738 1944 790 di-

420 837 590 888 cunt,
639 837 693 881 et
737 829 878 883 aliud
932 829 1194 892 iunuunt,
1245 827 1550 896 spirituales
1601 825 1945 894 spiritualiter

418 915 596 968 omnia
641 915 821 969 facere
867 917 1199 972 conabimur.
1222 915 1354 971 Vide
1383 930 1510 970 vero
1532 931 1598 969 an
1625 929 1726 968 non
1761 923 1944 982 aperte

417 1019 483 1058 ex
507 1005 590 1058 his
617 1020 735 1073 qua
760 1007 810 1058 in
833 1007 935 1060 hoc
963 1007 1080 1061 loco
1100 1006 1480 1076 indagavimus,
1502 1014 1710 1059 constet
1738 1006 1944 1074 sapien-

419 1095 488 1148 tis
533 1096 806 1164 cujusdam
859 1110 1000 1158 esse,
1044 1105 1098 1150 et
1147 1098 1288 1152 omni
1336 1097 1533 1149 virtute
1585 1096 1781 1157 ornati,
1827 1093 1940 1147 ﬁeri

415 1185 644 1240 Ahralta
689 1186 848 1240 ﬁlius.
889 1187 1023 1253 Quid
1063 1188 1202 1242 enim
1241 1203 1374 1257 opus
1411 1197 1491 1242 est
1534 1187 1709 1241 dicere
1744 1195 1938 1255 quanta

413 1290 548 1343 opus
573 1276 644 1329 sit
675 1276 958 1344 sapientia,
1004 1287 1060 1332 ut
1084 1278 1306 1332 Abraha
1331 1292 1491 1344 opera
1523 1277 1938 1339 consideremus,

415 1375 722 1436 quantaque
764 1381 898 1434 opus
935 1368 1005 1421 sit
1051 1371 1305 1435 potentia,
1339 1377 1396 1423 ut
1422 1384 1481 1423 ea
1509 1367 1807 1422 faciamus?
1836 1367 1936 1422 Sed

415 1453 556 1520 quali
579 1454 842 1522 sapientia
873 1455 1120 1524 qualique
1140 1457 1376 1524 polentia
1399 1470 1633 1524 egemus,
1660 1455 1761 1508 nisi
1787 1454 1940 1508 Chri-

414 1542 502 1602 sti,
531 1541 622 1610 qui
665 1552 748 1597 est
793 1545 880 1597 Dei
931 1539 1167 1613 polentia
1197 1553 1250 1598 et
1279 1544 1367 1598 Dei
1407 1544 1670 1612 sapientia
1695 1544 1779 1597 ὀἳ
1808 1543 1937 1597 Cum

413 1643 541 1699 ergo
570 1632 825 1699 scriptum
853 1633 956 1686 sit:
984 1633 1044 1686 Si
1067 1632 1165 1699 ﬁlii
1197 1633 1412 1686 Abrahw
1433 1634 1744 1700 estis,opera
1771 1633 1938 1686 Abra-

2048 461 2262 528 φθὰνειν
2305 460 2594 528 δυναμένου
2639 459 2802 529 ἔργον
2833 457 2904 511 ἂν
2944 456 3041 526 εἴη
3089 455 3329 521 λέγειν·
3370 444 3475 505 καὶ
3503 453 3672 516 ἁπαξ-

2044 552 2227 614 απλῶς
2268 568 2329 618 γε
2389 552 2564 603 πᾶσαν
2605 548 2702 618 τὴν
2751 546 2899 600 κατά
2950 546 3053 597 τὸν
3098 541 3386 612 Ἀϐραὰμ
3429 540 3675 612 ἱστορίαν

2045 641 2442 711 βασανίζοντες,
2487 641 2580 694 καὶ
2619 639 2715 692 ὅλα
2752 639 2824 691 τά
2860 637 3000 707 περὶ
3048 633 3237 689 αὑτοῦ
3291 631 3675 702 γεγραμμένα

2043 734 2194 786 ἅτινά
2223 735 2364 785 ἐστιν
2393 729 2853 800 ἀλληγορούμενα,
2883 727 2962 790 ὡς
2991 720 3404 794 πνευματωιώ⁸
3426 739 3676 792 πνευμα-

2040 822 2204 884 τικῶς
2255 823 2424 874 ποιεῖν
2477 817 2866 890 πειρασόμεθα.
2918 818 3074 886 ’Όρα
3123 814 3190 867 δὲ
3243 815 3298 866 εί
3352 813 3437 882 μὴ
3487 813 3676 880 σαφῶς

2040 910 2146 963 ἀπὸ
2177 909 2276 977 τῆς
2303 908 2596 972 ἐξετάσεως
2627 906 2734 958 τῶν
2763 903 2909 957 κατά
2941 903 3042 956 τὸν
3087 902 3280 955 τόπον
3327 899 3677 969 παρίσταται

2042 1001 2169 1069 ἡμῖν
2190 998 2323 1066 (68),
2348 999 2428 1050 ὅτι
2459 995 2618 1064 σοφοῦ
2643 1010 2806 1056 τινος,
2833 994 2932 1046 καὶ
2964 992 3132 1060 πάσῃ
3164 991 3359 1059 ἀρετῇ
3394 1006 3678 1059 κεκοσμη-

2044 1090 2200 1158 μένου
2235 1088 2295 1139 τὸ
2323 1087 2571 1155 γενέσθαι
2607 1085 2701 1137 τοῦ
2747 1083 3008 1153 ’Δϐραάμ
3053 1081 3298 1133 τέκνον.
3331 1080 3404 1130 Τί
3451 1079 3568 1149 γὰρ
3598 1079 3678 1132 δεῖ

2040 1178 2215 1245 λέγειν
2243 1179 2372 1246 ὅσης
2396 1176 2584 1244 σοφίας
2615 1175 2891 1246 χρῄζομεν
2920 1175 3007 1235 είς
3036 1172 3109 1224 τὸ
3152 1171 3377 1241 νοῆσαι
3420 1170 3493 1222 τὰ
3541 1170 3675 1239 ἔργα

2039 1267 2130 1320 τοῦ
2185 1266 2460 1338 Ἀϐραὰμ,
2498 1265 2591 1318 καὶ
2639 1266 2772 1334 ὅσης
2828 1263 3135 1332 δυνάμεως
3189 1263 3282 1323 είς
3326 1260 3396 1312 τὸ
3447 1260 3675 1328 ποιῆσαι

2038 1357 2205 1424 αὑτάς
2233 1357 2392 1419 Ποίας
2417 1356 2474 1408 δὲ
2506 1356 2716 1424 σοφίας,
2757 1355 2790 1423 ἦ
2833 1354 3000 1416 ποίας
3045 1353 3375 1422 δυνάμεως
3405 1351 3672 1421 δεόμεθα,

2012 1449 2070 1516 «ἢ
2105 1447 2353 1518 Χριστοῦ,
2386 1447 2442 1508 ὃς
2470 1447 2584 1498 ἐστι
2615 1445 2750 1497 Θεοῦ
2783 1445 3021 1514 δύναμις
3073 1443 3232 1512 (69),
3268 1443 3376 1496 καὶ
3417 1441 3561 1494 Θεοῦ
3593 1459 3678 1495 σο-

2040 1535 2166 1602 φίας
2205 1534 2276 1586 Τὸ
2309 1536 2404 1603 μὲν
2437 1530 2528 1586 οὖν
2558 1533 2946 1603 γεγραμμένον
2987 1531 3159 1584 ἐστίν
3180 1548 3195 1560 ·
3229 1534 3311 1584 Εἰ
3344 1531 3540 1584 τέκνα
3571 1526 3676 1584 τοῦ

2054 1621 2289 1690 Ἀϐραάμ
2314 1623 2470 1685 ἐστε,
2495 1623 2567 1674 τὰ
2597 1622 2741 1690 ἔργα
2769 1623 2876 1675 τοῦ
2918 1621 3200 1689 Ἀϐραὰμ
3247 1621 3520 1674 ποιεῖτε·
3550 1623 3676 1674 axo-

410 1718 488 1769 Ιιιιο
518 1719 752 1786 facile",
783 1722 1306 1788 consequenterhuic
1327 1723 1560 1776 dixeris:
1589 1720 1642 1775 Si
1671 1721 1764 1775 ﬁlii
1792 1721 1928 1776 lsaat

2091 1712 2238 1774 ιύθως
2288 1713 2329 1765 δ’
2369 1711 2435 1765 ἂν
2486 1715 2638 1782 παρά
2687 1710 2847 1763 τοῦτο
2903 1712 3140 1773 εἴποις·
3207 1712 3283 1764 Εἰ
3361 1711 3537 1766 τέκνα
3581 1711 3673 1765 τοῦ

412 1809 563 1870 estis,
598 1809 754 1864 facite
783 1824 942 1879 opera
974 1810 1155 1875 Isaac;
1187 1810 1538 1880 similiterque
1576 1812 1639 1866 de
1667 1811 1854 1876 Jacoh,
1885 1821 1939 1865 et

409 1899 475 1950 de
500 1898 724 1964 singulis
743 1898 940 1952 sanctis
974 1902 1229 1966 patribus.
1254 1899 1446 1954 Contra
1474 1900 1666 1969 singuli
1707 1915 1936 1967 peccan—

411 1993 490 2039 tes
525 1989 813 2056 generatim
859 1989 1073 2056 quidem
1121 1989 1214 2041 ﬁlii
1252 1997 1374 2042 sunt
1420 1988 1637 2051 diaboli,
1682 1989 1932 2056 quoniam

409 2074 513 2140 Qui
538 2075 666 2143 facit
689 2086 972 2141 peccatum,
1002 2093 1064 2129 ea:
1103 2077 1306 2130 diabolo
1341 2087 1493 2129 natus
1523 2087 1596 2129 est
1618 2077 1662 2108 "
1689 2093 1703 2142 ;
1733 2077 1937 2143 private

407 2178 534 2218 vero
565 2164 645 2218 vel
667 2163 820 2229 Cain,
856 2163 936 2217 vel
961 2163 1150 2226 Cham,
1179 2164 1260 2217 vel
1292 2165 1560 2226 Chanaan,
1592 2163 1673 2218 vel
1708 2163 1936 2217 Pharao-

408 2255 510 2320 nis,
557 2253 641 2308 vel
680 2253 1191 2316 Nabuchodonosor,
1235 2254 1320 2306 vel
1361 2253 1586 2319 alicujus
1624 2253 1931 2322 impiorum.

404 2345 807 2412 Consequenter
852 2346 1011 2398 etiam
1055 2345 1138 2398 his
1185 2345 1356 2408 dices,
1391 2358 1819 2413 unumquemque
1867 2360 1933 2398 ex

405 2433 506 2486 hac
524 2435 633 2487 vita
659 2434 972 2502 migrantem
995 2433 1257 2502 proﬁcisci
1284 2434 1347 2486 ad
1373 2448 1497 2486 suos
1519 2442 1695 2500 patres
1719 2448 1734 2496 ;
1765 2434 1934 2486 omni-

405 2521 506 2574 bus
552 2521 694 2574 enim
725 2521 1027 2576 hominibus
1070 2521 1451 2574 decedentibus
1483 2536 1513 2574 e
1541 2523 1666 2582 vita,
1701 2535 1803 2574 non
1834 2522 1931 2576 soli

404 2611 711 2664 Abrahamo
732 2613 834 2665 dici
868 2613 1192 2667 censendum
1221 2622 1304 2665 est
1333 2633 1346 2667 :
1379 2611 1455 2664 Tu
1478 2622 1649 2665 autem
1674 2613 1740 2664 ad
1763 2623 1931 2678 patres

403 2710 517 2754 tuas
551 2701 645 2754 ibis
663 2701 731 2765 ⁸³,
764 2701 971 2755 etiamsi
999 2717 1100 2756 non
1123 2703 1368 2756 omnibus
1389 2701 1690 2756 hominibus
1712 2702 1932 2754 addatur

403 2787 556 2851 illud,
583 2804 699 2841 cum
729 2803 874 2856 pace.
916 2789 986 2842 At
1016 2802 1142 2842 vero
1175 2788 1446 2856 perfectis,
1476 2789 1664 2857 hisque
1694 2789 1781 2855 qui
1823 2787 1931 2854 spi-

403 2876 670 2931 ritualiter
703 2878 930 2946 longavi
961 2877 1181 2941 fuerint,
1212 2878 1338 2931 illud
1375 2878 1537 2932 etiam
1587 2878 1831 2931 additur:
1864 2875 1928 2929 lu

397 2977 657 3022 senectute
680 2972 812 3022 bona
845 2968 933 3033 “;
975 2969 1400 3036 quandoquidem
1450 2967 1663 3022 canities
1703 2967 1924 3020 homini-

399 3057 490 3110 bus
513 3066 588 3111 est
613 3057 888 3125 prudentia
909 3056 978 3121 ⁵⁵,
1012 3067 1066 3111 et
1090 3073 1278 3111 corona
1305 3058 1631 3126 gloriationis
1677 3065 1751 3108 est
1781 3071 1925 3109 sene-

397 3155 549 3207 ctus:
580 3155 634 3199 et
655 3146 819 3214 gloria
850 3146 995 3201 veris
1017 3161 1080 3200 ac
1105 3147 1300 3200 divinis
1327 3147 1543 3200 senibus
1570 3145 1794 3200 canities
1822 3145 1922 3198 illa

394 3244 520 3290 sunt
550 3251 668 3304 qua
701 3247 880 3292 mente
909 3245 1221 3299 cernuntur,
1257 3237 1400 3304 ipsos
1424 3245 1696 3290 ornantes.

2051 1803 2227 1855 Ἰσαάκ
2269 1804 2417 1866 ἐστε,
2469 1803 2534 1855 τά
2575 1802 2711 1873 ἔργα
2760 1801 2856 1854 τοῦ
2917 1801 3130 1855 Ἰσαὰκ
3185 1805 3450 1855 ποιεῖτε·
3502 1803 3574 1855 τά
3620 1803 3673 1855 δέ

2036 1895 2188 1963 ὅμοια
2221 1893 2313 1945 καὶ
2364 1894 2488 1964 περ).
2531 1892 2622 1944 τοῦ
2677 1891 2896 1956 Ἰακὼϐ,
2943 1892 3048 1946 ml.
3103 1893 3243 1956 ἑνὸς
3283 1892 3536 1948 ἑκάστου
3567 1893 3672 1947 τῶν

2034 1983 2200 2050 ἁγίων
2237 1983 2501 2052 πατέρων.
2547 1982 2658 2035 Καὶ
2703 1982 2770 2034 ἐκ
2815 1982 2929 2034 τῶν
2987 1983 3290 2036 ἐναντίων
3347 1983 3411 2036 δὲ
3444 1984 3674 2046 ἕκαστος

2033 2074 2138 2126 τῶν
2165 2073 2576 2142 ἁμαρτανόντων
2607 2073 2841 2140 γενικῶς
2875 2073 2982 2142 μὲν
3013 2074 3240 2127 τέκνον
3277 2075 3411 2127 ἐστὶ
3440 2073 3538 2128 τοῦ
3563 2074 3674 2128 δια-

2033 2162 2215 2214 ϐόλον·
2263 2162 2381 2214 ἐπεὶ
2425 2161 2549 2226 Πᾶς
2589 2164 2622 2214 ὀ
2658 2160 2850 2214 ποιῶν
2890 2161 3018 2228 τὴν·
3068 2163 3413 2232 ἁμαρτίαν
3455 2165 3526 2217 ἐκ
3569 2162 3672 2216 τοῦ

2032 2252 2305 2304 διαϐόλου
2339 2249 2710 2319 γεγέννηται·
2746 2249 2847 2319 ἤδη
2895 2249 2957 2302 δέ
2993 2250 3107 2303 καὶ
3156 2251 3526 2323 ἰδικώτερον,
3558 2253 3667 2323 ἦτοι

2032 2341 2123 2393 τοῦ
2156 2341 2312 2403 Κάῖν,
2342 2342 2374 2410 ἦ
2415 2338 2508 2391 τοῦ
2539 2339 2689 2408 Χάμ,
2719 2339 2753 2408 ἢ
2781 2339 2878 2392 τοῦ
2911 2341 3195 2405 Χαναὰν,
3226 2343 3265 2413 ἢ
3299 2344 3405 2396 τοῦ
3447 2343 3666 2414 Φαραὼ,

2031 2431 2185 2502 ἢτοῦ
2231 2431 2713 2499 Ναϐουχοδονόσορ,
2752 2431 2786 2498 ἡ
2825 2445 2980 2492 τινος
3031 2431 3162 2484 τῶν
3225 2434 3482 2488 ἀσεϐῶν.
3537 2435 3667 2487 Τού-

2029 2540 2138 2585 τοις
2181 2522 2238 2575 δέ
2289 2520 2590 2584 ἀκολούθως
2633 2523 2814 2590 ἐρεῖς,
2859 2521 2948 2572 ὅτι
3008 2521 3282 2588 ἕκαστος
3323 2526 3666 2578 ἀπαλλαττό-

2033 2629 2188 2680 μενος
2211 2613 2302 2665 τοῦ
2337 2613 2450 2682 βίου
2488 2616 2674 2667 τούτου
2705 2615 3101 2670 ἀπελεύσεται
3144 2621 3304 2691 πρὸς
3335 2623 3472 2685 τοὺς
3506 2623 3661 2683 ίδίους

2028 2703 2290 2773 πατέρας·
2322 2705 2598 2773 νομιστέον
2624 2705 2732 2776 γὰρ
2762 2707 2825 2759 ού
2861 2707 3025 2778 μόνῳ
3056 2710 3152 2779 τῷ
3197 2711 3499 2783 Ἀϐραὰμ,
3531 2712 3670 2764 ἀλλὰ·

2028 2791 2120 2842 καὶ
2151 2794 2310 2844 πᾶσιν
2359 2792 2662 2862 ἀνθρώποις
2707 2795 2976 2863 λέγεσθαι
3018 2800 3182 2870 πρὸς
3230 2804 3308 2872 τῇ
3347 2802 3521 2872 ἐξόδῳ
3566 2801 3657 2855 τό·

2027 2882 2108 2934 Σὺ
2142 2883 2208 2934 δὲ
2237 2884 2542 2950 ἀπελεύσῃ
2576 2886 2721 2952 πρὸς
2752 2887 2900 2951 τοὺς
2944 2891 3250 2958 πατέρας
3282 2910 3413 2948 σου
3432 2912 3446 2924 ·
3484 2895 3658 2947 οὐκέτι

2025 2971 2079 3022 δὲ
2127 2976 2286 3025 πᾶσιν
2325 2973 2658 3044 ἀνθρώποις,
2709 2975 2847 3028 ἀλλά
2896 2979 3106 3047 μόνοις
3158 2987 3288 3046 τοῖς
3337 2986 3522 3053 ἁγίοις
3563 2984 3654 3036 τό·

2020 3062 2166 3128 μετὰ
2201 3063 2470 3129 είρήνης·
2517 3069 2626 3127 τοῖς
2666 3066 2725 3118 δὲ
2773 3069 3297 3142 τετελειωμένοις,
3347 3079 3450 3130 καὶ
3499 3095 3654 3130 πνευο

2027 3152 2263 3220 ματικῶς
2295 3155 2696 3224 μακροημέροις
2735 3160 3078 3229 γενομένοις
3121 3167 3232 3218 καὶ
3266 3167 3373 3219 τό·
3416 3167 3654 3236 Τραρείς

2021 3241 2089 3293 ἐν
2113 3242 2261 3311 γήρᾳ
2295 3244 2454 3308 καλῷ
2473 3262 2486 3274 ·
2519 3246 2747 3318 ἐπείπερ
2781 3251 2988 3304 Πολιά
3010 3253 3166 3308 ἐστι
3207 3259 3530 3326 φρόνησις
3558 3261 3651 3312 dr-

395 3329 668 3424 θρώποις,
715 3331 808 3383 καὶ
850 3330 1142 3424 στέφανος
1182 3330 1527 3398 καυχήσεως
1574 3330 1784 3400 γῆρας·
1819 3335 1911 3386 καὶ
1939 3334 2061 3398 δόξα
2089 3339 2198 3399 τοῖς
2221 3337 2485 3407 ἀληθινοῖς
2513 3341 2607 3392 καὶ
2636 3339 2804 3404 θείοις
2835 3346 3286 3421 πρεσϐυτέροις
3316 3355 3379 3407 αι
3422 3353 3646 3424 κοσμοῦ-

397 3436 482 3474 σαι
507 3420 699 3482 αύτοὺς
727 3421 909 3490 νοηταὶ
936 3421 1131 3472 πολιαί.

463 3511 548 3565 Η.
579 3512 731 3565 Nunc
758 3521 928 3565 autem
963 3513 1190 3581 quwritis
1219 3529 1298 3566 me
1318 3515 1618 3582 interﬁcere,
1647 3517 1916 3581 hominem,

391 3603 479 3669 qui
499 3604 762 3656 veritatem
782 3604 984 3658 locutus
1009 3622 1120 3659 sum
1143 3604 1465 3674 uobis,quam
1487 3607 1659 3659 audivi
1679 3625 1709 3660 α
1730 3607 1835 3661 Deo
1849 3611 1913 3662 ⁸⁸.

391 3692 568 3748 Iesum
602 3692 692 3761 qui
722 3703 965 3761 quarunt
999 3695 1333 3762 interficere,
1362 3696 1608 3764 quoniam
1638 3697 1773 3751 Deus
1813 3714 1915 3752 non

394 3783 732 3848 interﬁcitur,
773 3783 983 3838 etiamsi
1042 3784 1380 3848 interﬁcient,
1410 3785 1675 3840 hominem
1710 3787 1915 3842 interﬁ-

391 3873 552 3926 cient.
592 3873 741 3939 Quod
769 3874 814 3928 si
843 3884 1089 3942 quarunt
1133 3875 1454 3938 interﬁcere,
1487 3885 1540 3930 et
1567 3879 1800 3930 nondum
1834 3877 1916 3930 in-

390 3961 676 4025 terliciant,
705 3963 924 4016 insidias
977 3962 1050 4015 illi
1099 3962 1258 4016 veluti
1313 3964 1513 4017 homini
1547 3973 1774 4026 struunt,
1809 3982 1912 4019 non

387 4050 551 4105 Deum
573 4049 693 4104 esse
714 4051 1105 4112 existimantes,
1127 4049 1210 4101 cui
1236 4059 1512 4103 struuntur
1540 4053 1761 4106 insidia.
1780 4053 1912 4106 Nam

388 4141 564 4196 nullus
595 4141 907 4196 existimans
925 4141 1088 4193 Deum
1116 4152 1236 4192 esse
1258 4138 1345 4192 cui
1391 4146 1666 4191 struuntur
1687 4141 1910 4206 insidia,

387 4231 604 4284 insidias
646 4231 722 4284 illi
757 4238 1005 4283 strueret.
1045 4227 1280 4281 Cernere
1325 4240 1453 4280 vero
1501 4226 1622 4281 licet
1655 4230 1909 4296 quosdam

387 4317 564 4384 aliquo
620 4319 776 4370 modo
808 4331 1017 4385 semper
1051 4314 1296 4371 Sermoni
1342 4324 1609 4372 struentes
1663 4319 1907 4384 insidias,

382 4410 631 4480 quoniam
681 4407 984 4461 interﬁcere
1022 4416 1264 4474 quarunt
1291 4421 1409 4462 eum
1438 4416 1492 4462 et
1538 4407 1713 4462 delere
1742 4425 1756 4461 :
1790 4417 1904 4461 tan-

385 4513 543 4567 quam
577 4499 843 4552 hominem
878 4498 1047 4566 ipsum
1090 4496 1212 4567 (hoc
1245 4507 1327 4550 est
1361 4499 1644 4550 humanum
1671 4507 1723 4550 et
1765 4513 1907 4552 mor-

2091 3517 2177 3569 11.
2216 3517 2342 3570 Νῦν
2373 3516 2439 3568 δὲ
2470 3515 2686 3582 ζητεῖτέ
2706 3537 2784 3587 με
2829 3521 2952 3593 (70)
2999 3527 3396 3586 ἀποκτεῖναι
3438 3533 3653 3599 ἅνθρω-

2020 3623 2160 3671 πον,
2229 3607 2294 3671 ὃς
2349 3607 2461 3674 τὴν
2521 3607 2815 3672 ἀλήθειαν
2883 3613 3051 3681 ὑμῖν
3127 3621 3508 3689 λελάληκα,
3576 3621 3655 3688 ἢν

2018 3695 2250 3763 ἤκουσα
2287 3695 2444 3762 παρὰ
2485 3695 2590 3749 τοῦ
2621 3698 2790 3751 Θεοῦ.
2827 3703 2894 3752 Οἱ
2933 3702 3271 3774 ζητοῦντες
3300 3713 3650 3774 ἀποκτεῖναι,

2017 3784 2134 3834 ἐπεὶ
2181 3783 2312 3845 Θεὸς
2367 3783 2467 3834 οὐκ
2514 3783 2941 3851 ἀποκτίννυται,
2991 3793 3114 3847 κᾶν
3168 3798 3650 3863 ἀποκτιννύωσιν,

2017 3870 2294 3940 ἄνθρωπον
2335 3870 2768 3924 ἀποκτιννύουσι.
2806 3875 2936 3928 Κᾶν
2972 3879 3250 3950 ζητῶσιν
3287 3887 3622 3940 ἀποκτεῖναι
3635 3925 3650 3951 ,

2021 3959 2180 4028 μήπω
2217 3959 2646 4023 ἀποκτιννύντες,
2676 3961 2798 4031 οὐχὶ
2830 3963 2978 4019 Θεὸν
3011 3973 3374 4041 νομίζοντες
3408 3973 3575 4040 εἶναι,
3613 3969 3658 4044 ᾧ

2015 4047 2464 4112 ἐπιϐουλεύουσιν,
2488 4049 2559 4111 ὡς
2589 4050 2865 4122 ἀνθρώπῳ
2898 4057 3405 4121 ἐπιϐουλεύουσιν
3426 4085 3440 4098 ·
3479 4069 3654 4132 οὐδεὶς

2013 4136 2118 4207 γὰρ
2161 4138 2469 4207 πειθόμενος
2515 4135 2649 4191 εἶναι
2682 4141 2816 4194 Θεὸν
2848 4145 3085 4213 τοῦτον,
3137 4147 3192 4220 ᾧ
3251 4157 3658 4221 ἐπιϐουλεύει.

2011 4227 2380 4318 ἐπιϐουλεῦσαι
2411 4227 2477 4318 ἀν
2521 4229 2690 4298 αὐτῷ.
2723 4232 2884 4285 Ἐστι
2919 4235 2986 4288 δέ
3039 4257 3174 4305 πως
3215 4247 3318 4300 ἀεὶ
3356 4249 3478 4318 (Ἠ)
3520 4250 3657 4302 θεω-

2011 4316 2168 4386 ρῆσαι
2200 4319 2321 4380 τοὺς
2365 4317 2442 4386 τῷ
2467 4318 2624 4389 Λόγῳ
2661 4319 2756 4372 τοῦ
2800 4322 2946 4377 Θεοῦ
2989 4316 3527 4403 ἐπιϐουλεύοντας,
3578 4341 3662 4394 ὃτι

2008 4408 2314 4502 ἀποιιτεῖναι
2337 4408 2575 4502 ζητοῦσι,
2719 4412 3063 4483 ἐξαφανίσαι
3100 4427 3327 4499 αὑτὸν,
3354 4432 3664 4502 ἄνθρωπον

2007 4497 2185 4591 αὑτὸν,
2218 4498 2487 4591 τουτέστιν
2520 4500 2859 4572 ἀνθρώπινον
2896 4507 3020 4579 (72)
3044 4551 3061 4574 ,
3108 4519 3226 4570 καὶ
3265 4497 3485 4591 θνητὸν
3519 4518 3664 4577 εἶναι

382 4586 692 4657 talem)esse
713 4585 1113 4640 existimantes:
1137 4584 1227 4653 qui
1247 4583 1324 4638 vel
1354 4585 1718 4638 humaniorem
1743 4585 1907 4654 ipsius

2091 4589 2484 4682 θλαμϐἀνοντες,
2523 4594 2557 4664 ἢ
2600 4595 2695 4648 καὶ
2740 4595 2818 4665 τῷ
2855 4583 3394 4682 ἀνθρωπινωτέριέ»
3447 4615 3659 4678 αὐτοῦ,

379 4687 609 4746 partem,
659 4684 732 4740 et,
759 4675 900 4744 quod
949 4673 1177 4739 videtur,
1211 4673 1500 4728 invadunt:
1529 4674 1683 4744 321
1715 4676 1806 4728 sed
1849 4683 1906 4728 ut

2091 4718 2093 4728 .
2121 4680 2428 4752 βλεπομένῳ
2459 4684 2811 4740 ἐπιτίθενται·
2849 4688 2942 4743 ἵνα
2970 4665 3051 4746 -δὲ
3099 4699 3216 4751 καὶ

378 4781 571 4836 corpus
630 4767 793 4822 etiam
848 4764 1125 4820 Sermonis
1168 4764 1513 4832 interﬁciant,
1569 4767 1900 4835 perspicuum

2091 4769 2260 4862 adsita:
2305 4771 2399 4823 τοῦ
2447 4774 2623 4843 Λόγου
2673 4777 2861 4847 σαφῶς
2908 4782 3070 4854 (75),
3121 4789 3224 4842 ὅτι
3281 4795 3444 4862 μετά
3480 4795 3662 4850 ταῦτα

376 4864 459 4910 est
480 4870 571 4911 eos
601 4865 720 4923 post
743 4854 855 4909 hac
881 4854 1108 4924 amplius
1134 4855 1332 4924 aliquid
1366 4855 1547 4911 facere
1581 4870 1684 4909 non
1724 4869 1898 4923 posse.

2091 4856 2146 4908 ἐν
2205 4857 2453 4914 δύνανται
2517 4865 2740 4948 ποιῆσαι
2804 4854 3540 4957 περισσότερονδΔιόπερ
3593 4884 3660 4937 οὐ

445 4972 492 5002 ⁸⁸
543 4971 564 5024 1
591 4971 716 5026 Cor.
748 4987 789 5036 ι,
812 4972 901 5029 24.
1001 4972 1045 5004 ⁸⁸
1069 4971 1224 5028 Joan.
1249 4988 1366 5037 VIII,
1389 4973 1478 5029 39.
1551 4972 1636 5027 "l
1664 4971 1818 5027 Joan.
1848 4985 1928 5034 III,

377 5036 422 5069 ⁵⁸
443 5038 598 5095 Joan.
621 5055 730 5105 vui,
761 5041 848 5093 ιο.

2091 4973 2281 5030 "Gen.
2315 4990 2402 5042 xv,
2436 4979 2530 5038 15.
2605 4984 2652 5017 ⁸⁸
2679 4983 2806 5057 Sap.
2840 5001 2921 5054 Iv,
2950 4987 3008 5044 9.
3091 4992 3142 5024 ⁵⁸
3173 4993 3372 5053 Prov.
3402 5015 3529 5067 va,
3561 5001 3652 5056 ⁸51.

445 5147 554 5216 (68)
597 5149 773 5216 Ἡμῖν.
809 5149 921 5204 Νοη
953 5161 1224 5218 comparet
1256 5153 1307 5205 in
1346 5151 1528 5207 codice
1556 5149 1865 5204 Bodleiano.

447 5216 553 5247 mm
596 5218 740 5247 non:
772 5219 1014 5247 κήυκα.-
1081 5219 1212 5247 0-..:
1270 5223 1407 5247 am.-.
1467 5221 1516 5247 ι..
1568 5219 1750 5247 ..ηδςηη
1802 5217 1902 5247 Dn,

2091 5148 2803 5247 3%)nCodexul19dleianus,
2849 5163 3052 5247 eam,
3102 5167 3188 5232 ὡς
3241 5173 3653 5247 ἀνθρώπινον.

447 5217 553 5310 (69)
596 5218 740 5271 Θεοῦ
769 5219 1032 5289 δύναμις.
1079 5217 1213 5273 Θεοῦ
1267 5223 1413 5275 deest
1465 5221 1518 5274 in
1566 5219 1751 5274 codice
1801 5217 1905 5272 Re-

2091 5217 2457 5310 qu-RDSEim‘O
2483 5231 2524 5310 ᾗ
2562 5217 2946 5310 strage-19.,
2984 5217 3054 5289 ad
3083 5217 3650 5310 65.553.722.25?

379 5299 562 5422 8K1.70)
592 5352 822 5422 Ζητεῒτέ
846 5371 941 5422 με.
972 5353 1062 5408 Sic
1095 5365 1238 5410 recte
1268 5355 1428 5410 habet
1459 5355 1630 5411 codex
1662 5352 1903 5408 Bodleia-

2101 5287 2409 5347 Bodleianil
2497 5287 2524 5314 ~'
2569 5287 2655 5290 ""'
2701 5287 2778 5305 π’
2871 5303 2898 5317 -.
2932 5287 2946 5299 ·
3030 5287 3052 5289 έ·
3084 5287 3441 5310 "'*‘o'--~---
3484 5287 3644 5327 w._..r

2091 5365 2212 5409 ntus
2233 5368 2335 5412 est.
2417 5311 2614 5371 esum
2636 5309 2684 5363 οἱ
2716 5306 2807 5361 καὶ
2831 5321 2934 5376 τῳ)
2963 5313 3100 5370 me"
3133 5313 3307 5376 ‘1“0d
3334 5313 3656 5371 Fert-artua

383 5420 990 5558 "urinm'sggigsdfzfc‘
1145 5499 1249 5558 etc.
1281 5489 1337 5542 ln
1361 5501 1540 5547 coutce
1564 5489 1729 5558 Regio
1751 5485 1902 5542 deest
1996 5422 2444 5558 sil(?gricﬁtil;€.
2481 5439 2805 5529 Legendum
2827 5445 3038 5502 ﬁdem“
3070 5445 3282 5514 an“,
3317 5457 3383 5504 et
3437 5453 3522 5508 iu
3572 5453 3654 5508 le-

381 5565 514 5606 πως.
557 5553 692 5617 quod
722 5565 894 5608 exstat
931 5559 982 5609 in
1003 5555 1306 5612 Bodleiano.
