3828 6186
263 273 376 333 597

1309 277 1650 335 COMMENT.
1689 274 1754 330 IN
1790 271 1974 330 JOAN.
2017 267 2246 325 TOMUS
2280 263 2389 318 XX.

3320 235 3424 293 598

266 385 537 456 φοϐητέον
565 385 696 455 ἡμῖν
721 385 828 441 ἀπὸ
854 387 960 440 τῶν
981 386 1087 456 (74)
1103 385 1530 441 ,ἀποκτιννύντων
1550 385 1609 438 τὸ
1634 386 1804 454 ςῶμα,

1909 378 2252 446 Quamobrem
2285 388 2387 428 non
2436 377 2516 425 est
2564 367 2714 422 nobis
2763 358 3052 456 timendum
3111 352 3419 456 abhis-qui

240 475 415 557 εμετά
437 475 497 526 δέ
521 475 695 526 ταῦτα
729 476 803 544 μὴ
833 479 1057 546 ἐχόντων
1083 475 1451 546 περισσότερόν
1472 492 1525 526 τι
1559 473 1800 542 ποιῆσαι·

242 566 390 635 (οὐδὲ
412 565 674 635 φοϐητέον
702 566 810 618 ἀπὸ
855 566 959 618 τῶν
985 565 1395 618 ἀποκτεινόντων
1409 564 1468 615 τὸ
1506 561 1679 632 σῶμα,
1710 561 1804 631 τὴν

240 607 333 748 (δὲ
356 607 552 723 ψῦχὴνι
573 652 664 704 τοῦ
677 654 848 720 Λόγου
879 656 952 724 μὴ
972 653 1270 724 δυναμένων
1284 607 1740 704 ἀποκτεῖναιῗάλν
1759 607 1806 700 ἐι

257 742 513 806 τοιοῦτός
536 742 616 804 τίς
642 745 756 794 ἐστι
791 744 961 810 λόγος,
995 743 1128 794 ὥστε
1159 742 1252 794 καὶ
1276 741 1334 794 τὸ
1365 740 1517 808 σῶμα
1537 739 1694 792 αὐτοῦ
1716 738 1806 790 καὶ

253 834 360 901 τὴν
405 833 613 900 ψυχὴν,
648 832 726 902 τῷ
755 833 877 898 ἄξια
910 830 1044 886 εἶναι
1073 833 1336 894 ἀπωλείας
1362 830 1681 884 ἀπόλλυσθαι
1713 829 1801 882 δύ-

252 923 490 982 νασθαι,
533 922 796 992 φοϐητέον
844 923 931 974 τὸν
976 923 1258 991 δυνάμενον
1307 921 1432 972 Θεὸν
1463 921 1627 986 Λόγον
1667 918 1802 990 (75),

252 1008 358 1061 καί
387 1008 571 1078 ψυχὴν
602 1010 694 1060 καὶ
722 1008 878 1077 σῶμα
906 1010 1178 1071 ἀπολέσαι,
1216 1009 1307 1061 καὶ
1346 1007 1673 1074 ἐξαφανίσαι,
1700 1006 1805 1058 εἴτε

253 1097 318 1148 ἐν
351 1097 579 1166 γεέννῃ,
608 1098 716 1148 εἴτε
752 1098 896 1159 ὅπως
935 1097 1204 1166 βούλεται·
1253 1099 1280 1148 6
1323 1095 1517 1163 Κύριος
1561 1094 1666 1164 γὰρ
1704 1095 1806 1164 Ἰη-

256 1186 394 1247 σοῦς
427 1186 620 1238 ἀναλοῖ
649 1185 725 1255 τῷ
758 1187 1022 1255 πνεύματι
1062 1187 1154 1238 τοῦ
1195 1187 1447 1255 στόματος
1485 1184 1590 1253 (76)
1627 1183 1804 1245 αὐτοῦ,

252 1274 355 1326 καὶ
393 1277 672 1344 καταργεῖ
713 1277 778 1344 τῇ
826 1276 1106 1345 ἐπιφανείᾳ
1147 1275 1243 1343 τῆς
1287 1275 1573 1343 παρουσίας
1621 1270 1806 1324 ἐαυτοῦ

250 1362 352 1413 τὸν
397 1363 780 1432 ἀντικείμενον
819 1363 991 1430 λόγον,
1019 1364 1109 1415 καὶ
1137 1361 1477 1431 ἐπαιρόμενον
1513 1363 1602 1413 ἐπὶ
1641 1360 1810 1413 πάντα

251 1451 567 1520 λεγόμενον
605 1452 738 1504 Θεὸν
779 1452 812 1522 ἢ
853 1452 1113 1521 σέϐασμα.
1147 1452 1250 1502 Kal.
1291 1449 1504 1519 ζητοῦσι
1547 1467 1608 1518 γε
1646 1443 1805 1515 οὗτοι,

253 1539 405 1610 πρὸς
432 1538 533 1601 οὓς
570 1541 599 1591 6
629 1541 803 1606 λόγος,
837 1541 1144 1593 ἀποκτεῖναι
1175 1538 1446 1608 ἄνθρωπον
1475 1539 1532 1601 ὃς
1559 1538 1652 1608 τὴν
1685 1538 1810 1610 ἀλή-

252 1626 422 1678 θειαν
481 1627 793 1696 λελάληκεν,
831 1628 896 1696 ἣν
945 1629 1137 1697 ἤκουσε
1179 1627 1324 1696 παρὰ
1381 1626 1472 1678 τοῦ
1517 1626 1668 1689 Θεοῦ,
1718 1627 1809 1680 καὶ

1908 439 2360 530 occiduntcorpus
2383 459 2450 522 ⁸⁷,
2482 456 2609 510 nihil
2636 449 2824 520 reliqui
2851 457 3028 518 postea
3055 443 3193 512 quod
3221 439 3421 494 faciant
3491 448 3494 453 '

1907 558 2197 616 habentes;
2227 563 2395 618 neque
2424 545 2712 600 timendum
2751 549 2835 596 est
2857 539 2921 590 ab
2949 535 3029 590 bis
3055 531 3145 601 qui
3173 530 3421 584 occidunt

1909 659 2119 714 corpus,
2153 641 2384 695 animam
2415 650 2540 688 vero
2564 628 2836 686 Sermohis
2869 624 3165 681 interllcere
3194 634 3296 674 non
3322 631 3420 671 va-

1908 705 2018 787 lent
2047 747 2062 785 :
2094 733 2185 785 sed
2234 730 2278 782 si
2317 725 2575 794 quispiam
2619 730 2698 776 est
2728 715 2983 789 ejusmodi
3036 724 3230 775 sermo,
3271 705 3421 776 cujus

1909 836 2103 889 corpus
2126 827 2182 872 et
2211 818 2384 869 anima
2417 813 2564 883 perdi
2589 810 2816 878 possint,
2839 806 2962 874 quia
2987 802 3097 856 sint
3127 798 3420 868 perditione

1909 909 2086 976 digna,
2117 904 2376 958 timendus
2399 910 2479 956 est
2508 899 2597 951 Del
2621 896 2826 956 Sermo,
2849 891 2936 959 qui
2957 896 3129 958 potest
3153 895 3206 940 et
3231 897 3421 976 corpus

1908 969 2220 1047 etianimam
2267 990 2489 1058 perdere
2546 995 2598 1039 et
2629 983 2821 1036 delere.
2858 980 2969 1034 sive
3000 977 3052 1029 in
3091 974 3325 1042 gehenna
3349 969 3418 1034 ⁸⁸,

1910 1085 2019 1137 sive
2060 1095 2164 1149 quo
2207 1057 2510 1132 eirlubitum
2561 1073 2759 1126 fuerit:
2791 1067 3041 1121 Dominus
3085 1062 3224 1116 enim
3267 1057 3420 1113 .lesus

1909 1174 2150 1229 c0uticiet
2179 1170 2363 1238 spiritu
2389 1165 2496 1220 oris
2518 1163 2620 1228 sui,
2647 1156 2946 1215 etabolebit
2969 1153 3208 1208 claritate
3227 1150 3422 1238 adven-

1913 1271 1996 1314 tus
2027 1259 2108 1312 sui
2141 1232 2436 1312 sermonem
2473 1252 2610 1304 hunc
2639 1247 2739 1302 sibi
2793 1239 3176 1300 adversarium,
3203 1245 3257 1289 et
3295 1232 3422 1289 επε-

1912 1357 2113 1403 rentem
2142 1359 2199 1398 se
2230 1345 2507 1398 adversum
2538 1351 2747 1391 omnem
2789 1333 2878 1402 qui
2908 1331 3102 1386 dicitur
3149 1328 3305 1387 Deus,
3333 1331 3424 1376 aut

1913 1454 2103 1494 numen
2128 1438 2195 1490 ⁸⁸.
2228 1437 2294 1490 Ει
2320 1447 2447 1489 sane
2489 1432 2543 1484 bi
2569 1429 2631 1482 ad
2679 1440 2811 1496 quos
2846 1431 2927 1478 est
2965 1433 3158 1482 sermo,
3182 1422 3426 1485 quaerunt

1914 1526 2209 1580 interﬁcere
2257 1521 2559 1581 hominem,
2605 1515 2694 1585 qui
2743 1512 3019 1567 veritatem
3068 1507 3272 1560 locutus
3319 1509 3422 1564 est,

1911 1631 2065 1684 quam
2098 1613 2298 1666 audivit
2322 1621 2376 1664 et
2404 1607 2606 1675 accepit
2636 1621 2664 1657 a
2707 1603 2830 1656 Deo.
2869 1597 3085 1653 Etiamsi
3112 1591 3425 1663 simpliciter

248 1715 487 1785 εἴληφε.
518 1716 637 1768 Κᾶν
667 1682 1025 1786 ἀπλούοτερὸν
1079 1682 1315 1786 μέντοιγε
1359 1715 1496 1768 κατὰ
1530 1715 1616 1768 τὸν
1654 1682 1810 1768 τόπον

1911 1682 2079 1758 locum
2110 1703 2248 1756 hunc
2279 1701 2707 1765 interpretemur,
2748 1699 2925 1759 aperte
2952 1688 3205 1742 Servator
3247 1682 3424 1738 docuit

247 1801 728 1871 ἐκλαμϐάνωμεν,
764 1803 944 1870 σαφῶς
974 1803 1200 1865 ἐδίδαξεν
1226 1804 1253 1854 6
1281 1803 1483 1872 Σωτὴρ,
1512 1803 1590 1855 ὅτι
1621 1804 1678 1856 τὸ
1717 1803 1812 1874 ζη-

246 1888 533 1958 τούμενον
575 1889 686 1940 ’ὑπὸ
733 1889 992 1940 Ἰουδαίων
1024 1889 1114 1940 ἐπὶ
1162 1888 1238 1958 τῷ
1268 1888 1608 1957 ἀναιρεθῆναι
1657 1889 1811 1942 αὑτὸν

247 1977 399 2041 Θεὸς
441 1978 547 2030 οὐκ
578 1974 646 2048 ἦν
676 1977 817 2047 (77),
861 1977 992 2029 ἀλλὰ
1023 1977 1316 2047 ἅνθρωπος,
1345 1978 1400 2040 ὃς
1427 1978 1516 2030 καὶ
1557 1978 1808 2048 ἀνῃρέθη.

246 2068 397 2120 Θεὸν
429 2067 545 2138 γὰρ
595 2068 705 2136 (78)
749 2067 806 2118 οὐ
856 2065 1065 2135 Θεμιτὸν
1105 2066 1452 2138 ἀποθνήσκειν
1481 2067 1681 2134 λέγειν’
1711 2067 1814 2120 διό-

249 2173 373 2226 περ
408 2157 438 2208 6
467 2157 526 2206 ἐν
558 2156 699 2226 ἀρχῇ
732 2155 864 2225 πρὸς
900 2155 988 2206 τὸν
1013 2155 1141 2208 Θεὸν
1167 2157 1353 2223 Λόγος,
1388 2158 1530 2218 ὅστις
1567 2157 1657 2208 καὶ
1687 2156 1814 2217 Θεὸς

246 2247 444 2312 Λόγος
503 2241 593 2315 ἦν,
643 2246 741 2296 οὐκ
805 2244 1054 2300 ἀπέθανε.
1107 2247 1362 2314 Ζητήσεις
1414 2246 1498 2309 δὲ,
1548 2245 1666 2297 ἐπεὶ
1718 2245 1812 2312 γέ-

260 2351 539 2413 γραπται,
590 2335 670 2385 ὅτι
699 2335 727 2384 6
755 2334 939 2400 Λόγος
969 2333 1122 2399 σὰρξ
1151 2333 1396 2402 ἐγένετο,
1433 2333 1650 2400 πότερόν
1688 2351 1813 2386 ποτε

250 2425 281 2476 6
327 2423 636 2492 γενόμενος
672 2419 805 2490 σὰρξ
833 2421 999 2488 Λόγος
1029 2420 1106 2490 τῷ
1141 2421 1415 2488 γεγονέναι
1447 2421 1595 2490 σὰρξ,
1631 2421 1814 2489 γέγονε

251 2512 361 2562 καὶ
395 2509 709 2579 ἄνθρωπος,
750 2509 782 2577 ἢ
815 2509 875 2560 οὐ
918 2509 1137 2576 γέγονεν
1165 2509 1457 2578 ἄνθρωπος.
1494 2511 1554 2560 El
1587 2509 1681 2579 μὲν
1709 2509 1814 2580 γὰρ

247 2597 492 2668 γέγονεν
530 2598 841 2668 ἄνθρωπος,
886 2598 1097 2652 δύναται
1145 2598 1302 2660 αὐτὸς
1341 2598 1630 2667 ἐζητῆσθαι
1660 2598 1812 2651 ἀναι-

251 2689 529 2760 ρεθῆναιο
569 2689 617 2741 εί
661 2688 718 2740 δέ
765 2686 837 2757 μὴ
878 2686 1092 2754 γέγονεν
1145 2685 1420 2756 ἄνθρωπος
1441 2727 1455 2748 ,
1489 2687 1580 2739 καὶ
1607 2687 1634 2738 6
1665 2687 1813 2754 γενό-

253 2793 433 2848 μενος
478 2777 616 2848 σὰρξ
656 2777 824 2844 Λόγος
852 2775 950 2828 οὐκ
989 2774 1284 2845 ἀναιρεθεὶς
1315 2775 1646 2845 ἀπεκατέστη
1667 2813 1681 2836 ,
1721 2775 1813 2828 καὶ

247 2867 704 2920 ἀποκαθίσταται
743 2865 950 2934 ἑκάστῳ
978 2865 1066 2917 ἐπὶ
1095 2863 1248 2916 τοῦτο
1288 2864 1420 2934 ὅπερ
1461 2859 1526 2933 ἦν
1561 2863 1686 2933 πρὶν
1721 2879 1812 2930 γε-

246 2952 494 3020 γένηται
525 2950 681 3021 σάρξ.

1911 1795 2049 1860 quod
2077 1793 2120 1846 is
2144 1804 2297 1858 quem
2326 1785 2629 1857 quaerebant
2649 1781 2815 1837 Judaei
2857 1786 2915 1831 ut
2938 1775 3094 1830 morti
3127 1774 3421 1834 traderent,

1912 1884 2046 1936 Deus
2069 1896 2168 1934 non
2193 1888 2330 1940 erat,
2359 1878 2448 1931 sed
2474 1876 2650 1936 homo,
2682 1871 2769 1939 qui
2791 1868 2949 1924 etiam
2983 1863 3296 1920 interfectus
3319 1869 3421 1916 est.

1909 1971 2036 2024 Nam
2074 1971 2234 2023 Deum
2272 1968 2446 2020 dicere
2475 1963 2605 2016 mori
2647 1959 2794 2014 nefas
2814 1966 2924 2019 est;
2950 1963 3004 2010 et
3027 1953 3167 2007 hanc
3194 1952 3261 2004 ob
3292 1964 3422 2003 eau-

1909 2077 2019 2114 sam
2075 2060 2298 2113 Verbum
2341 2055 2466 2108 illud
2521 2051 2660 2120 quod
2713 2056 2828 2102 erat
2877 2047 2929 2098 in
2980 2041 3240 2112 principio
3285 2038 3420 2107 apud

1911 2150 2092 2212 Deum,
2122 2148 2258 2214 quod
2281 2147 2436 2198 etiam
2463 2143 2597 2196 Deus
2620 2139 2846 2194 Verbum
2870 2144 3008 2198 erat,
3027 2146 3128 2185 non
3155 2138 3421 2184 mortuum

1912 2239 2028 2290 fuit.
2059 2237 2161 2290 Sed
2195 2249 2419 2303 qureres,
2457 2230 2703 2298 quoniam
2749 2228 3003 2294 scriptum
3035 2224 3106 2276 sit
3137 2239 3151 2274 :
3203 2220 3420 2273 Verbum

1911 2343 2030 2380 caro
2066 2327 2254 2393 factum
2272 2334 2365 2383 est,
2388 2335 2565 2378 utrum
2589 2319 2793 2372 tandem
2811 2316 3042 2369 Verbum
3060 2324 3183 2364 caro
3205 2308 3420 2371 factum,

1911 2425 1974 2465 eo
2005 2412 2139 2478 quod
2176 2411 2368 2462 factum
2420 2407 2489 2460 sit
2538 2419 2681 2468 caro,
2719 2402 2915 2456 factum
2944 2400 3101 2453 etiam
3129 2397 3197 2450 sit
3243 2397 3420 2460 homo,

1912 2509 2000 2552 aut
2029 2514 2131 2550 non
2162 2497 2233 2550 sit
2263 2496 2452 2548 factmn
2481 2494 2670 2547 homo:
2703 2505 2821 2544 nam
2849 2489 2893 2544 si
2917 2488 3114 2542 factum
3138 2497 3218 2540 est
3243 2485 3424 2546 homo,

1911 2596 2082 2655 potest
2121 2587 2287 2653 ipsum
2343 2583 2504 2652 qua-ri
2543 2590 2601 2634 ut
2649 2578 3029 2641 interﬁciatur;
3059 2574 3197 2643 quod
3240 2573 3287 2627 si
3319 2585 3422 2625 non

1911 2677 2068 2730 fuerit
2099 2676 2290 2727 factum
2316 2675 2493 2735 homo,
2523 2672 2747 2725 Verbum
2776 2670 2932 2723 etiam
2954 2681 3080 2720 caro
3103 2663 3296 2718 factum
3319 2677 3422 2717 non

1915 2763 2270 2824 interfectum,
2299 2763 2604 2814 restitutum
2631 2769 2739 2823 est;
2767 2767 2993 2825 suntque
3020 2753 3228 2822 singula
3260 2752 3425 2821 ipsius

1914 2851 2156 2904 restituta
2192 2850 2258 2903 ad
2287 2849 2385 2902 hoc
2407 2848 2544 2916 quod
2574 2855 2690 2899 erat
2720 2854 2997 2913 antequam
3024 2842 3175 2895 ﬁeret
3205 2853 3354 2894 caro.

323 3017 428 3095 ié.
477 3017 658 3094 Τοῦτο
701 3041 941 3109 Ἀϐραὰμ
983 3042 1089 3092 οὐκ
1142 3039 1400 3106 ἐποίησε.
1443 3040 1512 3092 Τὸ
1559 3038 1810 3110 μηδαμῶς

1979 3028 2062 3081 12.
2095 3026 2206 3080 Hoc
2235 3026 2494 3077 Abraham
2537 3039 2637 3076 non
2660 3023 2776 3090 fecit
2801 3022 2866 3077 °°.
2899 3023 3046 3088 Quod
3087 3020 3231 3074 nullo
3268 3017 3424 3073 modo

245 3130 488 3185 δυνατὸν
526 3129 831 3200 πραχθῆναι
874 3129 948 3197 τῷ
1000 3128 1274 3198 Ἀϐραὰμ,
1319 3130 1366 3180 εί
1411 3128 1483 3198 μὴ
1528 3129 1813 3198 πεποίηκεν

261 3221 557 3291 Ἀϐραὰμ,
584 3220 660 3282 ὡς
701 3219 908 3288 ἐτυχεν,
959 3216 1287 3285 ἀναιρεῖσθαι
1329 3216 1462 3280 δόξει
1511 3216 1598 3268 τό·
1640 3216 1813 3269 Τοῦτο

261 3314 532 3380 Ἀϐραὰμ
563 3314 675 3365 οὐκ
704 3310 1017 3376 ἐποίησεν·
1051 3307 1249 3360 εἴποιεν
1274 3305 1377 3376 γὰρ
1412 3305 1475 3357 ἂν
1505 3303 1635 3375 πρὸς
1661 3303 1813 3356 τοῦτό

248 3419 449 3463 τινες,
489 3402 571 3452 ὅτι
631 3398 808 3469 μάτην
847 3397 1059 3464 λέγεται
1099 3395 1185 3448 τό”
1221 3395 1393 3447 Τοῦτο
1432 3393 1665 3460 Ἀϐραὰμ
1706 3393 1813 3445 οὐκ

251 3491 586 3556 ἐποίησεν,
616 3488 776 3556 εἴπερ
817 3487 915 3538 οὐκ
957 3484 1172 3553 ἐποίησε
1202 3483 1260 3535 τὸ
1305 3481 1560 3552 μηδαμῶς
1599 3481 1815 3549 γενόμε-

253 3597 364 3634 νον
405 3577 548 3630 κατά
589 3577 679 3629 τὸν
722 3575 906 3645 χρόνον
938 3573 1124 3627 αὐτοῦ·
1170 3571 1229 3624 οὐ
1260 3570 1364 3640 γὰρ
1410 3569 1638 3636 ἐγεγόνει
1679 3567 1816 3620 κατὰ

249 3668 360 3722 τὸν
406 3664 599 3734 χρόνον
649 3661 812 3715 αὑτοῦ
846 3663 874 3713 6
923 3659 1147 3729 Ἰησοῦς·
1185 3657 1295 3710 ἀλλ’
1345 3656 1463 3707 ἐπεὶ
1508 3655 1593 3706 τό·
1642 3654 1814 3707 Τοῦτο

265 3756 530 3823 Ἀϐραὰμ
567 3755 679 3805 οὐκ
722 3753 1021 3817 ἐποίησεν,
1058 3749 1214 3802 οἱονεὶ
1250 3749 1306 3800 ἐν
1341 3747 1542 3815 ἐπαίνῳ
1577 3744 1814 3814 ὑειτολαμ⁸

253 3845 416 3899 ϐάνω
471 3841 724 3911 εἰρῆσθαι
760 3839 836 3909 τῷ
883 3841 1009 3906 περ)⁸
1060 3836 1148 3890 τοῦ
1191 3836 1458 3905 Ἀϐραὰμ,
1503 3834 1701 3903 εἴποιμ’
1727 3833 1811 3897 ἂν,

251 3931 340 3984 ὅτι
377 3930 530 3982 κατά
563 3929 654 3982 τὸν
678 3927 957 3992 διδάξαντα
976 3926 1142 3993 Λόγον
1168 3924 1255 3976 τόο
1299 3922 1536 3991 Ἀϐραὰμ
1565 3926 1596 3975 ὁ
1626 3922 1814 3989 πατὴρ
1838 3978 1844 3983 ,

251 4021 438 4090 ὑμῶν
493 4017 938 4088 ἠγαλλιάσατο,
994 4018 1069 4069 ἶν’
1120 4016 1216 4083 ιδῃ
1267 4015 1378 4081 τὴν
1421 4012 1643 4081 ἡμέραν
1701 4012 1813 4080 τὴν

249 4107 446 4176 ἐμὴν,
492 4104 597 4158 καὶ
625 4100 764 4166 εἶδε,
811 4103 906 4156 καὶ
932 4102 1140 4170 ἐχάρη,
1174 4101 1286 4153 ἐστὶ
1315 4100 1373 4153 τὸ
1403 4100 1670 4168 γεγονέναι
1718 4101 1814 4170 μὲν

252 4200 357 4252 κα)⁸
389 4197 489 4249 ἐπὶ
517 4193 616 4246 τοῦ
663 4193 907 4264 Ἀϐραὰμ
933 4192 1207 4262 ἄνθρωπον
1238 4191 1493 4244 λαλοῦντα
1525 4190 1588 4260 ἢν
1620 4191 1812 4260 ηκουσε

250 4286 423 4354 παρά
461 4283 562 4336 τοῦ
607 4283 740 4336 Θεοῦ
787 4281 1054 4350 ἀλήθειαν,
1094 4281 1152 4333 οὐ
1184 4280 1286 4350 μὴν
1330 4279 1613 4350 ἐζητῆσθαι
1657 4280 1814 4334 αὐτὸν

249 4375 584 4450 ἀνῃρῆσθαι
626 4371 731 4423 ὑπὸ
785 4370 878 4423 τοῦ
918 4369 1176 4441 Ἀϐραάμ.
1220 4372 1327 4422 Kal.
1389 4370 1688 4439 ἐπίστησον,
1734 4371 1813 4422 ὅτι

249 4469 363 4520 οὐκ
417 4465 574 4516 ἐστιν
620 4461 708 4513 ὅτε
753 4463 780 4512 6
812 4461 946 4512 κατὰ
994 4461 1080 4513 τὸν
1125 4461 1325 4531 Ἰησοῦν
1366 4461 1632 4531 τροπικῶς
1671 4461 1817 4516 νοού-

254 4572 433 4626 μενος
489 4550 776 4620 ἄνθρωπος
827 4549 925 4601 οὐκ
971 4550 1225 4619 ἐπεδήμει
1265 4550 1342 4620 τῷ
1387 4551 1503 4621 βίῳ,
1549 4551 1638 4604 καὶ
1680 4551 1816 4621 μετὰ

250 4647 393 4706 τοὺς
418 4643 522 4710 τῆς
551 4638 681 4710 περὶ
707 4637 867 4689 αὐτοῦ
899 4638 1130 4708 ἱστορίας
1161 4639 1394 4708 χρόνους,
1417 4641 1508 4692 καὶ
1533 4640 1809 4710 πρότερον.

251 4731 430 4786 Κατά
470 4727 634 4780 τοῦτο
661 4726 717 4778 δὲ
749 4727 924 4795 οἴομαι
968 4725 1142 4777 πάντα
1173 4725 1277 4795 (79)
1310 4726 1412 4780 τὸν
1447 4727 1602 4790 ἅπαξ
1645 4744 1814 4795 φωτι-

249 4819 534 4880 σθέντα,
587 4813 687 4868 καὶ
743 4813 1108 4881 γευσάμενον
1162 4812 1377 4880 δωρεᾶς
1427 4815 1778 4882 ἐπουρανίου
1797 4857 1811 4881 ,

1908 3118 2134 3171 Abrahae
2173 3115 2326 3167 facile
2379 3114 2515 3165 factu
2561 3121 2700 3176 erat,
2745 3111 2788 3164 si
2821 3126 2922 3165 non
2979 3110 3103 3164 fecit
3136 3108 3422 3168 Abraham,

1911 3207 2066 3272 idque
2098 3215 2280 3272 poStea
2312 3200 2565 3267 contigit,
2593 3199 2860 3252 destruere
2884 3205 3041 3266 atque
3065 3197 3323 3264 abrogare
3348 3195 3426 3246 vi-

1910 3293 2062 3346 detur
2117 3292 2253 3344 hunc
2304 3298 2644 3342 contextum:
2689 3285 2797 3339 Hoc
2838 3286 3096 3338 Abraham
3141 3299 3242 3337 non
3282 3283 3422 3352 fecit,

1911 3381 2219 3449 quibusdam
2252 3379 2314 3431 ad
2346 3379 2447 3431 hoc
2471 3376 2709 3439 dicturis,
2732 3375 2925 3428 frustra
2948 3373 3051 3427 dici
3077 3391 3091 3426 :
3125 3371 3236 3426 Hoc
3258 3373 3424 3426 Abra-

1912 3475 2030 3523 ham
2058 3484 2154 3520 non
2183 3469 2323 3536 fecit,
2357 3467 2401 3520 si
2430 3467 2480 3519 id
2508 3465 2649 3518 nullo
2689 3465 2842 3518 modo
2886 3464 2997 3518 fieri
3033 3471 3240 3533 poterat
3269 3471 3424 3515 atate

1911 3559 2136 3612 Abrahte
2164 3573 2178 3610 :
2212 3571 2312 3610 non
2345 3556 2482 3610 enim
2511 3563 2665 3608 natus
2692 3564 2809 3607 erat
2837 3554 3060 3608 Abrahae
3080 3562 3312 3620 tempore
3336 3550 3423 3604 Je-

1912 3663 2020 3702 sus.
2051 3645 2154 3700 Sed
2203 3647 2432 3698 dicerem
2460 3658 2557 3713 ego
2587 3643 2857 3713 (quoniam
2915 3642 3075 3695 veluti
3117 3643 3171 3695 in
3216 3640 3423 3695 laudem

1911 3736 2012 3788 dici
2045 3735 2270 3788 Abrahae
2305 3735 2492 3801 opinor
2518 3733 2631 3786 haec
2658 3732 2854 3786 verba:
2890 3729 3000 3784 Hoc
3033 3731 3289 3783 Abraham
3323 3745 3423 3782 non

1912 3824 2069 3894 fecit),
2098 3823 2247 3890 juxta
2277 3823 2570 3876 doctrinam
2614 3819 2914 3874 Servatoris
2949 3819 3186 3872 docentis
3235 3832 3298 3870 ac
3340 3817 3423 3870 di-

1912 3917 2081 3967 centis
2108 3930 2122 3965 :
2151 3912 2407 3966 Abraham
2437 3921 2581 3978 pater
2615 3920 2775 3963 uester
2813 3909 3087 3962 exsultavit
3132 3917 3186 3959 ut
3233 3907 3419 3959 videret

1911 4005 2045 4057 diem
2087 4019 2272 4067 meum,
2309 4011 2355 4055 et
2403 4002 2550 4064 uidit,
2579 4000 2737 4069 322
2765 4010 2811 4054 et
2851 4000 3050 4069 gauisus
3075 4006 3152 4052 est
3173 3996 3238 4061 ⁸⁸,
3260 3995 3423 4048 fuisse

1912 4093 2069 4148 etiam
2119 4091 2344 4145 Abrahae
2391 4100 2625 4159 tempore
2659 4090 2949 4154 hominem,
2986 4089 3077 4156 qui
3125 4085 3424 4148 veritatem,

1911 4197 2068 4250 quam
2116 4195 2146 4234 a
2199 4181 2307 4234 Deo
2353 4181 2604 4243 audisset,
2650 4179 3003 4248 loqueretur:
3044 4189 3200 4244 quem
3251 4181 3426 4227 tamen

1913 4272 2178 4324 Abraham
2222 4269 2640 4324 interﬁciendum
2682 4283 2786 4322 non
2839 4266 3056 4320 curarit.
3089 4262 3156 4318 Et
3201 4263 3428 4317 observa

1843 4332 1888 4387 θ
1913 4361 2051 4431 quod
2097 4362 2277 4424 homo,
2307 4358 2398 4430 qui
2431 4360 2630 4427 trapice
2669 4357 2982 4427 intelligitur
3023 4356 3075 4408 in
3100 4351 3224 4407 Jesu
3247 4389 3262 4416 ,
3293 4365 3427 4404 nun-

1909 4465 2064 4519 quam
2097 4465 2198 4503 non
2235 4449 2506 4502 advenerit
2533 4449 2582 4502 in
2606 4449 2742 4502 hanc
2761 4447 2948 4512 vitam,
2973 4453 3026 4499 et
3049 4452 3169 4513 post
3190 4451 3425 4510 tempora

1910 4541 2146 4593 historia:
2171 4540 2252 4594 sui
2288 4539 2454 4608 ipsius
2481 4547 2535 4593 et
2575 4546 2750 4592 antea.
2777 4537 2923 4590 Hanc
2951 4537 3018 4590 ob
3045 4546 3262 4588 causam
3313 4530 3424 4583 fieri

1909 4647 2012 4684 non
2037 4647 2192 4699 posse
2215 4631 2479 4695 existimo,
2512 4639 2570 4685 ut
2592 4630 2765 4684 omnis
2803 4628 2891 4696 qui
2922 4624 3075 4680 semel
3107 4624 3428 4676 illuminatus

1910 4721 2087 4789 fuerit,
2120 4723 2304 4790 quique
2338 4723 2528 4774 donum
2555 4719 2749 4774 cwfeste
2770 4717 3067 4786 gustaverit,
3095 4725 3141 4766 et
3173 4713 3427 4780 particeps

1910 4810 2080 4878 [actus
2113 4811 2264 4879 fuerit
2309 4810 2535 4879 Spiritus
2577 4809 2775 4872 sancti,
2823 4807 3194 4876 gustaveritque
3236 4802 3426 4854 bonum

323 4963 377 4994 "’
413 4959 612 5014 Matth.
635 4971 694 5020 κ,
722 4954 812 5009 98.
886 4954 932 4986 ⁵⁸
958 4953 1088 5008 ibid.
1163 4953 1206 4983 "
1231 4953 1270 5005 11
1297 4951 1483 5006 Thess.
1511 4968 1571 5015 ιι,
1597 4954 1651 5016 3,
1672 4953 1726 5007 4.
1801 4953 1810 4983 ⁴

1909 4966 2028 5005 oan.
2058 4964 2174 5013 \‘ltl,
2200 4949 2292 5005 40.
2361 4947 2406 4979 ⁸³
2437 4945 2566 5001 ibid.
2589 4944 2674 4999 56.

328 5069 634 5146 (74)‘_'A_:z6
665 5065 799 5121 τῶν.
835 5066 996 5120 Deest
1023 5066 1076 5117 in
1103 5063 1280 5117 codice
1304 5063 1487 5134 Regio,
1509 5064 1599 5120 sed
1623 5065 1812 5134 legitur

248 5146 311 5200 in
341 5140 680 5196 Bodleiano.

331 5195 454 5281 (75)
497 5203 780 5281 er_rarius
804 5195 1174 5281 legebateeoﬁ
1203 5198 1392 5281 Λόγον.

329 5265 458 5346 (76)
492 5273 806 5346 Στόματος.
844 5265 1072 5346 codices
1105 5281 1283 5346 t'unnes
1323 5266 1516 5322 habent
1547 5265 1810 5336 σώματος.

254 5331 358 5401 sed
389 5331 700 5397 certissime
729 5331 1007 5405 legendum
1037 5331 1316 5405 στόματος.

333 5395 452 5478 (τῖ)
475 5411 657 5478 Codex
690 5395 905 5478 Regius,
945 5395 1191 5478 adﬂet-:2;
1215 5401 1314 5478 οὐκ
1338 5395 1424 5478 ᾖν.

360 5465 453 5540 78)
497 5476 648 5530 Θεὸν
673 5465 800 5540 reip:
834 5471 893 5540 Ιιι
913 5468 1098 5540 codice
1129 5465 1288 5540 Regio
1323 5465 1471 5522 deest
1503 5471 1628 5539 γάρ.

360 5486 429 5533 78
497 5486 648 5530 Θεὸν
673 5486 800 5540 γάρ.
834 5486 888 5522 ιιι
913 5486 1098 5519 cource
1129 5486 1288 5533 ncgw
1323 5486 1471 5522 aeesr
1503 5486 1628 5539 γαρ.

332 5486 453 5618 (79)
473 5542 636 5599 Κατὰ
662 5539 832 5593 τοῦτο
860 5533 930 5586 δὲ
956 5532 1146 5597 οἴομαι
1187 5533 1401 5589 πάντα.
1423 5547 1528 5594 etc.
1585 5539 1675 5593 sic
1717 5537 1814 5591 ha-

1911 5065 2041 5117 bent
2061 5077 2188 5116 mss.
2213 5063 2280 5114 Λι
2309 5059 2588 5112 Ferrarius
2610 5057 2800 5125 legisse
2821 5055 3063 5125 videtur,
3089 5050 3241 5125 κατὰ
3269 5049 3426 5125 τοῦτο

1913 5133 1970 5184 δὲ
1997 5131 2248 5184 ἀδύνατον
2264 5127 2440 5195 οῐομαι
2467 5119 2810 5195 πάντα,ἐιε.,
2835 5123 2970 5195 quod
2993 5119 3254 5195 consentit
3281 5119 3426 5173 Pauli

1915 5202 2088 5253 verbis
2112 5196 2272 5250 Hebr.
2303 5187 2376 5254 vi,
2405 5195 2457 5252 4,
2500 5193 2772 5246 ’Λδύνατον
2798 5187 2902 5258 γὰρ
2947 5191 3070 5252 τοὺς
3094 5187 3237 5249 ἅπαξ
3268 5204 3429 5254 φωτιν-

1915 5267 2152 5328 σθέντας,
2183 5273 2312 5322 etc.,
2351 5276 2412 5312 ex
2443 5265 2634 5327 quibus
2656 5259 3202 5328 ansam‘arripuerunt
3224 5267 3430 5328 Veteres

1914 5323 2126 5403 quidam
2140 5323 2442 5403 reﬁciendae
2462 5323 2626 5403 hujus
2659 5325 2938 5403 Epistom,_
2955 5323 3102 5403 q'rmsi
3131 5337 3274 5401 .qua:

1913 5390 2140 5456 vatianis
2165 5390 2367 5450 faveret
2397 5412 2409 5446 :
2439 5390 2647 5450 sed'eos
2677 5390 2864 5446 refellit
2903 5390 3248 5448 Belial-minus
3291 5390 3381 5443 lib.
3409 5406 3428 5446 ι

1918 5471 1993 5524 De
2023 5467 2182 5523 Verbo
2204 5466 2318 5527 Dei,
2346 5478 2461 5528 cap.
2492 5471 2580 5533 Π,
2611 5471 2861 5524 “omnia.
