3820 6218
391 290 491 346 599

395 404 488 455 Dei
523 401 741 460 verbum,
793 414 852 448 ac
891 396 1096 448 uirtutes
1131 391 1296 461 futuri
1335 394 1533 454 swruli,
1560 402 1603 446 et
1649 392 1908 455 exciderit,
1939 400 1981 452 Α

390 493 557 543 denuo
580 494 854 552 reponatur
873 499 962 550 per
990 483 1357 549 paenitentiam,
1379 485 1441 534 ab
1469 483 1665 550 integro
1700 482 1909 547 cruciﬁ-

388 593 509 646 gens
535 575 730 628 sibimet
763 571 859 640 ipsi
893 569 1087 641 Filium
1119 570 1227 631 Dei,
1256 580 1302 622 et
1333 569 1614 635 infamous,
1656 568 1758 633 vel,
1790 578 1909 620 ante

390 664 710 732 cruciﬁgens,
743 662 846 724 vel,
876 664 1042 712 denuo
1071 660 1374 727 cruciﬁgens
1410 657 1600 709 Filium
1630 657 1746 721 Dei,
1770 656 1911 725 infa-

390 755 710 824 mnnsque".
738 754 846 807 sive
878 762 1159 821 antequam
1182 749 1473 819 corporalis
1499 748 1796 802 Scrvatoris
1817 762 1912 800 no-

391 849 483 900 stri
517 850 770 900 adventus
798 845 1035 899 historiis
1077 844 1441 901 mandaretur,
1471 840 1578 893 sive
1620 848 1758 905 post.
1789 838 1903 891 Non

391 938 530 989 enim
557 936 646 1004 qui
671 950 811 988 nunc
842 943 961 1002 post
988 934 1447 995 illuminatioucm,
1477 940 1773 998 e:eteraque
1818 928 1908 981 Dei

390 1030 444 1082 in
473 1045 528 1084 se
554 1027 804 1082 beneﬁcia
834 1035 1041 1096 peccat,
1068 1025 1258 1078 Filium
1293 1025 1385 1077 Dei
1427 1024 1600 1077 denuo
1649 1020 1910 1088 cruciﬁgit

390 1128 607 1188 propter
624 1114 839 1185 peccata
859 1116 923 1169 ad
945 1130 1058 1184 qua:
1082 1113 1458 1174 recurritmihil
1479 1112 1754 1182 perﬁciens
1770 1110 1911 1163 illius

392 1206 615 1261 actionis
630 1220 745 1274 qua:
768 1202 1103 1258 communius
1127 1201 1322 1254 dicitur
1348 1189 1664 1267 corpoi'alis,
1697 1198 1760 1251 ad
1792 1212 1908 1251 eru-

390 1293 710 1361 cillgendum
743 1290 933 1345 Filium
964 1289 1051 1342 Dei
1080 1307 1092 1343 :
1128 1304 1230 1343 non
1262 1289 1396 1341 idem
1420 1295 1593 1341 autem
1624 1286 1787 1340 etiam
1817 1300 1910 1337 an-

393 1394 476 1437 tea
507 1382 691 1445 ﬂeret;
721 1390 775 1434 et
800 1379 887 1450 qui
914 1387 1117 1447 peccat,
1152 1388 1425 1447 postquam
1474 1376 1699 1430 audierit
1733 1375 1909 1428 divina

391 1471 571 1534 verba,
596 1478 748 1523 antea
793 1467 1131 1521 cruciﬁxerat
1159 1466 1349 1520 Filium
1396 1465 1508 1518 Dei.
1550 1464 1699 1531 Quod
1743 1465 1786 1518 si
1824 1464 1908 1516 cui

392 1561 567 1629 placet
597 1559 877 1615 admittere
906 1558 1042 1626 quod
1070 1557 1123 1610 in
1165 1555 1311 1610 Actis
1343 1554 1487 1608 Pauli
1521 1555 1775 1621 scriptum
1805 1562 1906 1617 est,

393 1660 643 1721 unquam
668 1665 694 1702 a
719 1650 1001 1704 Servatore
1022 1647 1216 1702 dictum
1242 1664 1255 1698 :
1281 1645 1456 1699 Denuo
1481 1645 1633 1698 debeo
1654 1644 1905 1710 rruri/igi,

394 1745 439 1796 is
462 1740 900 1809 quemadmodum
924 1746 1041 1807 post
1065 1743 1351 1791 adventum
1381 1733 1613 1787 admittit
1639 1731 1786 1795 illud,
1810 1730 1903 1782 De-

397 1847 499 1885 nuo
532 1829 685 1883 debeo
731 1827 983 1897 cruciﬁgi,
1009 1828 1086 1881 sic
1116 1834 1171 1879 et
1196 1835 1320 1878 ante
1361 1823 1643 1875 adventum
1671 1820 1913 1874 admittet

393 1921 567 1975 locum
594 1920 863 1975 habuisse.
898 1917 1107 1986 quando
1150 1915 1332 1968 eadem
1362 1926 1519 1965 causa
1555 1921 1633 1964 est
1659 1909 1865 1962 dicendi
1896 1925 1910 1961 :

391 2009 515 2064 1am
545 2009 700 2064 debeo
725 2007 977 2076 cruciﬁgi.
1003 2004 1112 2060 Cur
1133 2005 1275 2058 enim
1300 2019 1403 2057 non
1427 2002 1585 2054 etiam
1609 2009 1765 2052 antea
1793 2012 1914 2050 cru-

394 2099 584 2156 ciﬁxus
613 2107 713 2162 est,
745 2110 800 2150 nt
836 2093 1219 2164 cruciﬁgendus
1265 2101 1345 2146 est
1372 2088 1584 2145 denuo?
1614 2089 1746 2142 Vide
1788 2101 1914 2140 vero

394 2206 464 2245 an
495 2206 597 2244 non
628 2200 829 2241 tantum
864 2194 1193 2252 sanctorum,
1227 2183 1314 2251 qui
1349 2191 1468 2250 post
1489 2179 1686 2233 Christi
1719 2179 1915 2230 adven-

396 2288 508 2333 tum
556 2278 722 2341 l‘uere,
773 2277 842 2331 sit
889 2291 987 2327 vox
1039 2274 1168 2327 illa:
1223 2272 1347 2325 Cum
1389 2268 1592 2324 Christo
1637 2269 1914 2336 cruciﬁxus

394 2384 508 2423 sum
531 2368 596 2431 ⁸³,
643 2367 734 2421 sed
768 2380 915 2434 aeque
959 2365 1022 2418 ad
1070 2363 1275 2432 priores
1319 2362 1481 2415 etiam
1533 2359 1817 2429 pertineat,
1849 2374 1915 2411 ne

395 2452 613 2507 diﬂ'erre
634 2452 871 2505 dicamus
891 2459 1124 2512 sanctos,
1156 2448 1244 2518 qui
1269 2455 1387 2517 post
1408 2446 1602 2501 Christi
1627 2446 1910 2499 adventum

395 2539 567 2602 fuere,
589 2554 618 2593 a
645 2538 843 2607 Moyse,
865 2548 917 2593 et
944 2539 1233 2608 prophetis,
1252 2547 1306 2591 et
1336 2534 1670 2605 patriarehis.
1689 2535 1799 2588 Vox
1826 2535 1910 2587 illa

393 2644 639 2697 quoque:
674 2626 796 2681 Vivo
826 2644 936 2696 ego,
960 2644 1060 2680 non
1089 2627 1309 2691 amplius
1335 2640 1446 2694 ego,
1479 2630 1566 2677 sed
1596 2624 1711 2676 visit
1755 2624 1807 2676 in
1836 2640 1913 2677 me

393 2716 626 2772 Christus
648 2715 714 2783 “,
737 2730 883 2783 teque
924 2718 1081 2769 etiam
1112 2716 1324 2770 dicatur
1369 2728 1472 2767 tuon
1502 2711 1670 2766 solum
1698 2712 1762 2766 de
1790 2726 1915 2765 ssn—

392 2806 495 2861 ctis
522 2805 610 2874 qui
638 2813 754 2873 post
794 2804 988 2859 Christi
1022 2804 1307 2857 adventum
1344 2801 1514 2863 fuere,
1545 2815 1724 2854 verum
1752 2800 1911 2855 etiam

395 2897 462 2948 de
485 2894 568 2948 his
596 2894 684 2961 qui
708 2902 884 2947 antea.
913 2892 1147 2946 Observo
1173 2892 1332 2945 etiam
1355 2900 1408 2943 et
1432 2890 1533 2943 hoc
1562 2890 1760 2942 dictum
1788 2888 1912 2941 Ser-

394 2983 592 3045 vatoris
615 3000 632 3035 :
665 2982 801 3035 Deus
845 2982 1124 3043 Abraham,
1159 2992 1205 3033 et
1233 2980 1367 3033 Deus
1391 2979 1563 3045 Isaac,
1581 2987 1628 3032 et
1653 2978 1792 3032 Deus
1811 2977 1910 3030 Ja-
1936 3016 1979 3073 Ο

393 3071 483 3123 cob
496 3087 518 3137 ;
541 3070 677 3124 Deus
697 3080 867 3123 autem
890 3087 986 3123 non
1002 3079 1073 3123 est
1097 3079 1435 3135 mortuorum,
1451 3069 1539 3121 sed
1559 3068 1826 3121 viventium
1843 3067 1908 3130 ⁸⁸,

393 3177 519 3215 num
547 3161 685 3217 forte
706 3160 991 3225 Abraham,
1015 3159 1159 3216 Isaac
1178 3169 1231 3214 et
1250 3158 1431 3222 Jacob,
1459 3168 1672 3228 propter
1690 3159 1790 3213 hoc
1805 3158 1914 3212 sint

393 3252 655 3315 viventes,
676 3251 923 3318 quoniam
944 3260 998 3305 et
1021 3251 1119 3318 ipsi
1139 3265 1256 3305 cum
1273 3249 1486 3304 Christo
1508 3248 1805 3318 consepulti
1823 3263 1910 3303 re-

393 3349 774 3405 surrexerunt;
797 3355 899 3394 non
919 3339 1133 3393 omnino
1159 3348 1332 3391 tamen
1359 3338 1650 3407 corporalis
1676 3338 1912 3407 sepultu-

396 3446 467 3484 ra:
496 3428 643 3494 Jesu,
671 3429 750 3482 vel
779 3427 1067 3497 corporalis
1117 3426 1520 3482 resurrectionis
1560 3425 1674 3491 ejus
1716 3426 1907 3480 instar.

396 3518 786 3572 llaeehacteuus
807 3517 871 3570 de
886 3530 949 3570 eo
977 3515 1113 3584 quod
1131 3524 1242 3569 est:
1264 3515 1374 3569 Hoc
1404 3516 1660 3568 Abraham
1690 3531 1792 3568 non
1831 3516 1910 3583 {e-

396 3607 484 3659 cil.
516 3604 673 3677 323
704 3605 836 3671 Quid
866 3614 1038 3658 autem
1073 3604 1172 3657 hoc
1202 3616 1282 3658 est
1314 3604 1474 3671 aliud,
1525 3604 1624 3658 nisi
1673 3619 1913 3673 quaerere

393 3690 695 3745 interﬁcere
742 3694 1006 3745 hominem
1062 3694 1148 3763 qui
1193 3693 1463 3746 veritatem
1500 3693 1707 3746 locutus
1754 3692 1913 3746 fuerit

394 3794 551 3848 quam
576 3795 606 3832 a
644 3780 753 3834 Deo
782 3780 1056 3835 audierit?
1101 3779 1383 3835 Tradimus
1415 3780 1553 3833 enim
1581 3789 1635 3834 et
1663 3781 1911 3834 docemus

393 3884 661 3939 nunquam
698 3868 927 3925 defuisse
954 3871 1157 3925 sanctis
1188 3869 1522 3939 spiritualem
1552 3868 1677 3924 Jesu
1710 3867 1911 3923 adven-

395 3966 502 4010 tum
537 3968 693 4028 atque
722 3958 1187 4028 dispensationem.
1224 3959 1375 4026 Quod
1425 3959 1471 4013 si
1519 3960 1653 4026 haec,
1693 3961 1912 4028 perinde

393 4059 553 4118 atque
579 4052 633 4104 in
664 4050 781 4104 aliis
805 4051 1278 4116 consideravimus,
1309 4049 1374 4102 ad
1415 4063 1627 4101 sensum
1656 4050 1910 4118 πηοεοεί-

393 4153 515 4195 cum
546 4140 846 4204 reduxeris,
885 4140 1023 4192 alius
1059 4139 1171 4193 haec
1216 4139 1391 4192 omnia
1428 4137 1581 4204 hujus
1611 4137 1710 4191 loci
1759 4139 1905 4191 silui.

392 4227 517 4281 liter
553 4229 843 4295 explanare
896 4227 1141 4291 tentabit,
1200 4227 1264 4280 ad
1311 4224 1589 4292 mysticum
1639 4224 1908 4278 Abraham

1818 275 2131 333 ORIGENIS
2170 270 2173 275 ’

3512 256 3623 318 θω

2006 392 2260 461 μέτοχόν
2291 406 2353 443 τε
2379 388 2695 457 γενηθέντα
2724 386 3091 452 ηνεύματος
3122 378 3333 447 ἁγίου,
3368 375 3473 428 καὶ
3516 391 3613 429 κα-

2007 483 2121 535 λὸν
2172 480 2531 551 γευσάμενον
2576 476 2726 531 Θεοῦ
2766 474 2966 542 ῥῆμα,
3005 466 3306 536 δυνάμεις
3358 481 3427 517 τε
3471 464 3618 532 μέλη

2006 576 2217 638 λον-τος
2259 572 2484 637 αἰῶνος,
2520 570 2615 623 καὶ
2658 562 3143 634 παραπεσόν-τα,
3200 556 3406 609 πάλιν
3469 554 3618 607 dra-

2008 661 2281 721 καινίζειν
2311 659 2521 713 ἑαυτὸν
2563 661 2650 722 εὶς
2687 654 3028 725 μετάνοιαν
3073 647 3233 718 (80),
3284 645 3427 712 ἢτοι
3473 661 3615 711 πίοι

2008 749 2373 817 σταυροῦντα
2391 787 2406 811 ,
2459 749 2497 814 ἢ
2555 740 3070 808 ἀνασπαυροῦντα
3129 737 3253 790 τὸν
3325 733 3471 787 Υιὸν
3512 732 3619 787 τοῦ

2011 838 2175 901 Θεοῦ,
2203 837 2301 889 καὶ
2344 830 2967 903 παραδειγματίζοντα,
3004 825 3127 879 εἴτε
3177 822 3296 893 πρὸ
3329 823 3438 891 τῆς
3476 824 3621 874 ἱστο-

2011 929 2271 998 ρουμένης
2304 924 2613 995 σωματικῆς
2640 921 2735 974 τοῦ
2776 919 3042 989 Σωτῆρος
3077 915 3252 986 ἡμῶν
3292 913 3618 984 ἐπιδημίας,

2007 1017 2115 1069 εἴτε
2160 1018 2254 1069 καὶ
2294 1015 2531 1084 ὕστερον.
2564 1014 2638 1064 Οὐ
2687 1011 2798 1081 γὰρ
2828 1011 2858 1061 ό
2895 1007 3003 1078 μὲν
3036 1005 3136 1059 νῦν
3179 1002 3337 1075 μετὰ
3371 1004 3468 1056 τὸν
3508 1020 3620 1071 φω-

2007 1107 2193 1177 τισμὸν
2234 1107 2324 1159 καὶ
2362 1105 2459 1168 τὰς
2489 1102 2682 1165 λοιπὰς
2724 1103 2807 1164 εἰς
2844 1100 3015 1153 αὑτὸν
3058 1096 3160 1149 τοῦ
3218 1095 3367 1148 Θεοῦ
3401 1095 3625 1165 εὐεργε-

2010 1199 2127 1261 σίας
2163 1196 2485 1266 ἁμαρτάνων
2520 1194 2859 1262 ἀνασταυροῖ
2888 1190 2987 1243 τὸν
3025 1189 3162 1242 Υίδν
3210 1186 3315 1239 τοῦ
3359 1186 3497 1239 Θεοῦ
3537 1187 3622 1240 διὰ

2006 1286 2112 1339 τῶν
2148 1287 2289 1339 ἰδίων
2320 1284 2752 1355 ἁμαρτημάτων,
2782 1282 2868 1351 ἐφ’
2897 1281 2936 1334 ἁ
2975 1278 3505 1349 ἐπαλινδρόμησεν,
3534 1279 3623 1331 οὓς

2006 1378 2093 1431 δὲν
2137 1377 2231 1447 τῆς
2275 1376 2571 1445 κοινότερον
2619 1371 2923 1443 λεγομένης
2959 1369 3317 1440 σωματικῆς
3376 1368 3519 1440 πρὸς
3563 1370 3624 1422 τὸ

2008 1467 2310 1538 σταυρῶσαι
2341 1468 2429 1520 τὸν
2462 1467 2589 1519 Υἱὸν
2627 1463 2723 1517 τοῦ
2766 1461 2904 1515 Θεοῦ
2954 1461 3271 1533 ἐνεργείας
3313 1461 3619 1515 ἐπιτελῶν

2006 1558 2122 1626 οὐχὶ
2151 1556 2207 1609 δὲ
2239 1554 2332 1609 καὶ
2371 1556 2632 1625 πρότερον
2663 1552 2825 1605 τοῦτο
2864 1551 3112 1619 ἐγίνετο,
3159 1552 3271 1604 καὶ
3307 1552 3338 1603 ό
3372 1550 3624 1621 ἁμαρτά-

2008 1662 2111 1697 νων
2149 1644 2285 1713 μετὰ
2328 1643 2386 1695 τὸ
2415 1640 2645 1695 ἀκοῦσαι
2685 1639 2847 1691 θείων
2877 1638 3065 1706 λόγων
3103 1636 3509 1710 προεσταύρου
3533 1635 3624 1688 τὸν

1942 1712 1982 1764 Β
2011 1734 2133 1786 Υἱὸν
2156 1712 2253 1785 τοῦ
2290 1730 2442 1784 Θεοῦ.
2477 1730 2545 1783 Εἴ
2573 1747 2651 1799 τῳ
2683 1729 2738 1781 δὲ
2772 1727 2930 1796 φίλον
2961 1725 3413 1797 παραδέξασθαι
3459 1725 3520 1779 τὸ
3565 1727 3621 1779 ἐν

2008 1824 2126 1883 ταῖς
2155 1820 2364 1872 Παύλου
2388 1817 2655 1889 Πρὰξεσιν
2685 1817 2796 1889 (81)
2826 1816 3387 1887 ἀναγεγραμμένον,
3414 1816 3492 1879 ὡς
3521 1814 3621 1867 ὑπὸ

2008 1907 2099 1959 τοῦ
2154 1908 2393 1977 Σωτῆρος
2456 1907 2771 1977 εἰρημένον·
2814 1907 3090 1959 Ἄνωθεν
3150 1904 3377 1973 μέλλω
3436 1919 3616 1958 σταυ-

2003 1997 2268 2066 ροῦσθαι,
2311 1992 2461 2058 οὗτος
2486 1996 2561 2060 ὡς
2590 1996 2727 2062 μετὰ
2757 1996 2858 2066 τὴν
2883 1994 3215 2066 ἐπιδημίαν
3246 1994 3617 2065 παραδέχεται

2009 2088 2097 2138 τό·
2126 2089 2371 2139 Ἅνωθεν
2410 2084 2613 2153 μέλλω
2644 2083 3078 2151 σταυροῦσθαι
3126 2084 3455 2153 γινόμενον,
3486 2083 3622 2140 οὕτω

2011 2179 2101 2230 καὶ
2132 2177 2232 2247 πρὸ
2262 2177 2360 2245 τῆς
2390 2177 2707 2247 ἐπιδημίας,
2750 2177 2881 2229 ὅταν
2913 2176 2991 2230 τὰ
3029 2177 3188 2231 αὐτὰ
3227 2177 3387 2232 αίτια
3420 2178 3620 2247 γίνεται

2011 2266 2099 2320 τοῦ
2154 2266 2399 2333 λέγεσθαι
2439 2266 2533 2318 ἁνο
2566 2265 2707 2332 Ἤδη
2751 2264 2966 2334 μέλλω
3013 2268 3463 2334 σταυροῦσθαι
3482 2307 3497 2332 ,
3537 2267 3619 2322 διὰ

2009 2358 2060 2409 τί
2085 2358 2189 2427 γὰρ
2238 2356 2382 2424 οὐχὶ,
2431 2356 2505 2418 ὡς
2541 2355 2744 2410 ἄνωθεν
2800 2355 2993 2425 μέλλει
3057 2357 3485 2429 σταυροῦσθαι,
3529 2358 3618 2411 uel.

2012 2447 2266 2518 πρότερον
2292 2444 2626 2517 ἐσταύρωτας
2651 2446 2792 2515 Ὅρα
2814 2444 2872 2497 δὲ
2904 2446 2956 2498 εί
2998 2445 3087 2517 μὴ
3128 2448 3323 2518 μόνων
3349 2448 3460 2501 τῶν
3490 2448 3616 2519 μετὰ

2009 2537 2105 2606 τὴν
2152 2537 2443 2606 παρουσίαν
2487 2536 2631 2588 ἐστὶν
2679 2534 2850 2602 ἁγίων
2888 2538 2928 2607 ἡ
2985 2539 3158 2609 φωνή
3185 2555 3199 2568 ·
3259 2537 3350 2605 Τῷ
3394 2539 3617 2607 Χριστῷ

2010 2626 2519 2692 συνεσταύρωμαι,
2548 2624 2682 2677 ἁλλὰ
2728 2624 2840 2695 (82)
2877 2626 2982 2678 καὶ
3034 2626 3157 2681 τῶν
3192 2629 3506 2700 προτέρων,
3539 2629 3615 2682 ίνα

1993 2714 2086 2782 μὴ
2133 2714 2405 2783 διαφέρειν
2454 2711 2697 2781 λέγωμεν
2748 2713 2880 2777 τοὺς
2937 2715 3099 2784 μετὰ
3154 2716 3264 2788 τὴν
3319 2719 3614 2789 παρουσίαν

2009 2803 2212 2870 ἁγίους,
2239 2802 2531 2865 Μωῦσέως,
2568 2803 2663 2854 καὶ
2693 2801 2805 2856 τῶν
2846 2802 3177 2875 προφητῶν
3214 2808 3359 2876 (83),
3390 2809 3485 2861 καὶ
3519 2825 3613 2860 πα-

2008 2890 2299 2962 τριαρχῶν.
2332 2891 2440 2944 Καὶ
2465 2890 2525 2943 τό
2545 2908 2558 2921 ·
2589 2890 2682 2942 Ζῶ
2713 2891 2922 2946 οὐκέτι
2965 2878 3118 2962 ἑτῶ,
3170 2893 3244 2963 ζῇ
3286 2894 3359 2949 δὲ
3396 2896 3467 2949 ἐν
3492 2896 3610 2967 ἐμοι

2010 2981 2273 3048 Χριστὸς,
2306 2980 2542 3048 λεγέσθω
2563 2980 2637 3053 μὴ
2653 2980 2814 3054 μόνον
2834 2979 2951 3033 ὑπὸ
2963 2987 3090 3035 τῶν
3115 2982 3269 3053 μετὰ
3286 2983 3393 3054 τὴν
3416 3005 3609 3059 παρου-

2014 3071 2150 3135 σίαν,
2189 3069 2321 3123 ἁλλὰ
2364 3069 2457 3123 καὶ
2501 3070 2607 3123 ὑπὸ
2648 3070 2756 3124 τῶν
2801 3074 3136 3144 προτέρων.
3197 3077 3501 3149 Ἑφίστημι
3556 3077 3605 3131 δέ

2011 3160 2103 3212 καὶ
2126 3158 2230 3228 τῷο
2262 3158 2402 3224 Θεὸς
2432 3159 2693 3225 Ἀϐραὰμ,
2724 3159 2825 3211 καὶ
2859 3160 3022 3228 Θεὸς
3072 3164 3314 3231 Ἰσαὰκ,
3344 3168 3443 3222 καὶ
3478 3167 3608 3233 Θεὸς

2022 3247 2239 3301 Ἰακὼϐο
2285 3247 2425 3313 Θεὸς
2456 3246 2524 3299 δὲ
2570 3250 2680 3301 οὐκ
2728 3249 2865 3302 ἐστι
2929 3255 3212 3322 νεκρῶν,
3250 3258 3421 3313 ἀλλὰ
3478 3258 3605 3320 ζὼν.

2009 3354 2144 3401 των,
2176 3337 2442 3407 εἰρημένῳ
2476 3337 2579 3389 ὑπὸ
2605 3336 2699 3389 τοῦ
2728 3338 3022 3411 Σωτῆρος,
3072 3347 3299 3418 μήποτε
3333 3348 3425 3401 διὰ
3465 3348 3603 3401 τοῦτο

2010 3426 2202 3490 ζῶντές
2245 3430 2377 3478 εἰσιν
2429 3426 2711 3498 Ἀϐραὰμ,
2750 3429 2986 3495 Ἰσαὰκ,
3038 3435 3147 3487 καὶ
3208 3437 3446 3505 Ἰακὼό,
3498 3438 3605 3491 ἐπεὶ

2008 3517 2101 3570 καὶ
2170 3516 2319 3568 αὐτοὶ
2386 3518 2741 3586 συνταφέντες
2800 3519 2883 3589 τῷ
2959 3524 3208 3597 Χριστῷ
3285 3529 3607 3598 συνανέστη-

2011 3621 2107 3657 σαν
2161 3603 2266 3672 (84)
2304 3603 2477 3673 αὐτῷ,
2517 3605 2577 3656 οὐ
2635 3606 2854 3670 πάντως
2902 3612 3061 3666 κατὰ
3132 3618 3243 3688 τὴν
3302 3617 3608 3689 σωματικὴν

2007 3691 2100 3744 τοῦ
2145 3692 2315 3762 Ἰησοῦ
2363 3692 2557 3762 ταφὴν,
2601 3692 2633 3764 ἢ
2677 3698 3013 3770 σωματικὴν
3073 3704 3385 3759 ἀνάστασιν
3424 3706 3603 3759 αὐτοῦ.

2009 3782 2191 3836 Ταῦτα
2244 3783 2377 3854 πρὸς
2424 3783 2484 3839 τό
2507 3800 2520 3813 ·
2572 3783 2749 3837 Τοῦτο
2809 3786 3095 3862 Ἀϐραὰμ
3157 3799 3280 3851 οὐκ
3342 3798 3604 3864 ἐποίησε.

2009 3873 2074 3924 Τί
2099 3872 2154 3924 δὲ
2182 3872 2335 3924 τοῦτο
2364 3872 2477 3942 ἢτὸ
2499 3871 2676 3941 ζητεῖν
2708 3873 3051 3934 ἀποκτεῖναι
3085 3884 3390 3957 ἄνθρωπον
3417 3888 3475 3950 ὃς
3512 3886 3607 3957 vi}!

2011 3962 2259 4033 ἀλήθειαν
2298 3961 2604 4025 λελάληκεν,
2619 3963 2684 4033 ἣν
2701 3959 2838 4028 ﬁxae
2849 3981 2913 4021 σε
2931 3974 3103 4044 παρὰ
3115 3975 3217 4029 τοῦ
3244 3977 3385 4031 Θεοῦ
3408 3995 3423 4043 ;
3452 3979 3606 4032 Ἀπο-

2008 4053 2216 4123 δίδομεν
2256 4053 2385 4125 γὰρ,
2416 4054 2491 4117 ὡς
2525 4057 2632 4131 ἄρα
2672 4057 2816 4110 κατὰ
2844 4060 2945 4113 τὸν
2979 4064 3211 4135 Ἰησοῦν
3264 4069 3606 4140 πνευματικὴ

2007 4141 2282 4211 οἰκονομία
2305 4144 2403 4196 οὐκ
2448 4142 2591 4195 ἔστιν
2623 4144 2855 4209 ὃτε¹τοῖς
2883 4149 3082 4218 ἁγίοις
3115 4158 3223 4211 οὐκ
3260 4155 3355 4230 ἦν.
3398 4159 3523 4213 Ἐὰν
3553 4156 3610 4213 δὶ

2006 4233 2279 4305 ἀναγάγῃς
2299 4232 2470 4285 ταῦτα
2503 4233 2711 4303 (ὥσπερ
2766 4238 3246 4317 ὑπονενοήκαμεν
3287 4252 3348 4304 ἐν
3373 4250 3608 4316 Δἄλλοις).

394 4331 457 4370 ea
492 4315 751 4379 referens,
783 4315 979 4370 omissa
1040 4314 1241 4382 vulgari
1289 4313 1600 4383 explanandi
1629 4326 1908 4369 consuetu-

2051 4341 2189 4393 τερος
2202 4323 2348 4394 παρὰ
2375 4323 2747 4414 τὸκοινότερον
2771 4329 2866 4382 ἐπὶ
2891 4313 3337 4411 μυστικώτερον
3366 4313 3613 4414 Ἀϐραὰμ

398 4408 541 4475 dine,
569 4422 815 4477 quaerens
842 4407 1028 4461 horum
1060 4406 1385 4476 singulorum
1416 4408 1870 4475 consequentiam.

462 4585 550 4641 i3.
612 4582 712 4638 Vos
746 4583 920 4651 facitis
967 4599 1121 4652 opera
1165 4585 1324 4648 patris
1368 4584 1517 4637 vestri
1556 4584 1622 4634 “.
1658 4583 1806 4649 Quod
1843 4586 1908 4638 ad

396 4676 593 4729 dictum
625 4675 727 4729 hoc
756 4674 962 4737 attinet,
1000 4672 1201 4727 clarum
1250 4689 1351 4725 non
1386 4683 1466 4727 est
1511 4688 1667 4742 quem
1702 4684 1904 4742 patrem

389 4762 717 4829 Iudaeorum,
756 4765 842 4833 qui
896 4764 998 4816 sibi
1044 4763 1398 4826 crediderant,
1434 4765 1627 4832 quique
1678 4764 1904 4817 nondum

389 4865 715 4923 agnoverant
749 4852 1048 4917 veritatem,
1101 4854 1230 4906 velit
1273 4854 1487 4908 dicere:
1518 4855 1605 4908 .ad
1637 4856 1734 4909 hos
1765 4855 1904 4909 enim

2010 4414 2206 4483 ὁμοίως
2222 4413 2407 4502 πάντα
2433 4413 2498 4502 τὰ
2532 4414 2673 4468 κατὰ
2702 4415 2794 4469 τὸν
2818 4418 2994 4475 τόπον
3032 4423 3381 4496 ἐξομαλίσαι
3425 4413 3613 4502 πειρά.

2014 4517 2161 4553 σεται
2192 4500 2299 4569 (85)
2331 4500 2504 4570 ζητῶν
2533 4502 2630 4572 τὴν
2665 4504 2901 4561 ἑκάστου
2935 4512 3163 4567 τούτων
3188 4500 3541 4572 ἀκολουθίαν,

2084 4589 2167 4641 15.
2204 4589 2383 4680 Ὑμεῖς
2432 4590 2646 4645 ποιεῖτε
2678 4593 2752 4646 τὰ
2792 4595 2944 4665 ἔργα
2988 4603 3104 4655 τοῦ
3154 4609 3401 4677 πατρὸς
3428 4609 3608 4680 ὑμῶν.

2013 4680 2170 4731 Ὅσον
2192 4679 2281 4731 ἐπὶ
2312 4679 2386 4748 τῷ
2414 4680 2559 4751 ρητῷ
2582 4682 2755 4755 τούτῳ
2786 4687 2889 4740 οὐκ
2924 4690 3049 4745 ἔστι
3090 4699 3279 4767 σαφὲς
3316 4701 3445 4754 τίνα
3472 4679 3612 4754 θέλει

2010 4771 2180 4821 εἰπεῖν
2211 4769 2417 4838 πατέρα
2458 4770 2565 4823 τῶν
2593 4779 3052 4836 πεπιστευκότων
3100 4786 3268 4859 αὐτῷ
3316 4791 3610 4857 Ἰουδαίων,

2011 4856 2103 4909 καὶ
2134 4855 2352 4924 μηδέπω
2376 4857 2687 4924 ἐγνωκότων
2712 4862 2811 4931 τὴν
2839 4863 3117 4937 ἀλήθειαν
3146 4890 3163 4904 ο
3226 4855 3375 4947 πρὸς
3419 4855 3611 4942 αὐτοὺς

458 4994 505 5026 ⁸⁸
532 4995 691 5050 Hebr.
718 5008 788 5058 vr,
810 4994 843 5047 ι
874 5010 986 5064 seq.
1059 4994 1104 5026 ⁸³
1134 4993 1305 5049 Galat.
1334 5011 1395 5059 ιι,
1428 4996 1513 5051 l9.
1588 4994 1786 5048 “ibid.
1816 4992 1906 5047 ΞΟ.

2051 4992 2236 5047 Matth.
2268 4993 2510 5056 “11,32.
2584 4997 2631 5028 ⁸⁵
2653 4997 2808 5057 Joan.
2840 5018 2963 5066 vut.
2991 5008 3087 5062 Η.

459 5133 571 5204 (80)
597 5135 881 5205 Perpersm
935 5136 987 5190 in
1017 5136 1198 5189 codice
1228 5135 1396 5202 Regio
1419 5137 1611 5202 legitur
1662 5150 1906 5205 παραπεο

392 5202 579 5265 σόντας
602 5204 760 5256 πάλιν
781 5203 1160 5271 ἁνακαινισμδν
1179 5209 1346 5257 ποιεῖν
1400 5205 1603 5258 ἑαυτῶν
1634 5207 1712 5268 είς
1741 5202 1909 5273 ’μετά-

389 5285 535 5323 νοιαν
542 5307 555 5322 ο

422 5335 570 5414 ,(89)
609 5339 702 5414 Ἐν
731 5339 857 5414 τοῖς
878 5343 1115 5414 Harij
1167 5340 1441 5414 Πρᾴξεσι.
1486 5341 1766 5414 existumat
1808 5337 1909 5414 Pe-

390 5405 595 5480 rionius
619 5405 922 5480 legendum,
949 5405 1254 5480 llévpou,_et
1280 5411 1390 5480 hanc
1422 5412 1581 5480 verba
1608 5409 1767 5480 Petro
1788 5407 1907 5480 ,Ηί-

391 5469 479 5520 hui
516 5471 582 5521 ab
617 5469 911 5541 Hegesippo
935 5469 1325 5530 asserit.'Certe
1351 5475 1491 5529 Petri
1522 5479 1651 5531 Acta
1682 5477 1749 5529 ab
1787 5474 1909 5527 Ilie—

390 5545 1237 5623 ronvmogeornmemoranturlib.
1271 5543 1342 5594 De
1380 5546 1561 5623 strips.
1592 5544 1773 5623 eccles:
1803 5541 1907 5623 sed

396 5610 573 5659 tamen
599 5604 731 5660 nihil
764 5615 945 5674 muto;
975 5624 1096 5665 nam
1123 5611 1371 5665 Actorum
1413 5604 1565 5667 Pauli
1608 5613 1808 5668 mentio
1832 5608 1912 5680 ﬁt

2003 5133 2407 5256 1usurum
2434 5132 2720 5205 Origenem
2753 5138 2846 5195 lib.
2880 5157 2897 5195 ι
2935 5146 3085 5213 Περὶ
3123 5150 3373 5220 ἀρχῶν,
3400 5168 3531 5225 cap.
3555 5156 3611 5211 2.

2444 5270 2623 5333 Codex
2647 5274 2855 5355 Regius
2889 5292 3192 5361 perperam
3229 5289 3407 5346 habet
3467 5292 3604 5365 ἅμα,

2072 5338 2154 5407 (85
2198 5339 2305 5407 Kal
2335 5356 2452 5392 των
2475 5354 2815 5407 προφητων.
2854 5347 2988 5406 Haec
3021 5355 3193 5407 verba
3232 5375 3347 5407 nec
3368 5363 3424 5407 in
3456 5367 3604 5407 cum.

2067 5338 2305 5418 ("8‘5)-_Kul
2335 5338 2452 5392 τῶν
2475 5338 2815 5418 προφητ-ᾤι
2854 5338 3193 5409 Haec'verba
3230 5338 3424 5417 333's}.

2000 5406 2375 5493 cellgodl‘eialno
2404 5406 2676 5493 thec‘apud
2708 5414 3036 5493 Ferrarium
3072 5406 3374 5492 nihili}.

2069 5471 2181 5603 ἓξὲξ
2198 5474 2380 5599 ἓὲἓὲξ

2004 5541 2181 5679 ego?)
2198 5541 2376 5599 Codex
2408 5541 2758 5625 Bodleianus,
2788 5541 3451 5638 πειρὰσὲταιόἾῖεξίιιε,
3489 5581 3600 5623 πει-
