  <div class='ocr_page' id='page_1' title='image "/cluster/home/n/w/nwhite01/storage/ocr_20150623/14 (Origen; pt. 4)/nyp.33433081862280/310.png"; bbox 0 0 3820 6196; ppageno 0'>
   <div class='ocr_carea' id='block_1_1' title="bbox 213 290 313 342">
    <p class='ocr_par' dir='ltr' id='par_1_1' title="bbox 213 290 313 342">
     <span class='ocr_line' id='line_1_1' title="bbox 213 290 313 342; baseline -0.01 0"><span class='ocrx_word' id='word_1_1' title='bbox 213 290 313 342; x_wconf 75' lang='grc' dir='ltr'><strong>θυι</strong></span> 
     </span>
    </p>
   </div>
   <div class='ocr_carea' id='block_1_2' title="bbox 1259 292 2342 373">
    <p class='ocr_par' dir='ltr' id='par_1_2' title="bbox 1259 292 2342 373">
     <span class='ocr_line' id='line_1_2' title="bbox 1259 292 2342 373; baseline 0.002 -26"><span class='ocrx_word' id='word_1_2' title='bbox 1259 294 1603 350; x_wconf 76' lang='lat' dir='ltr'><strong>COMMENT.</strong></span> <span class='ocrx_word' id='word_1_3' title='bbox 1637 293 1700 347; x_wconf 83' lang='lat' dir='ltr'><strong>IN</strong></span> <span class='ocrx_word' id='word_1_4' title='bbox 1731 292 1918 349; x_wconf 75' lang='lat' dir='ltr'><strong>JOAN.</strong></span> <span class='ocrx_word' id='word_1_5' title='bbox 1953 293 2342 373; x_wconf 22' lang='lat' dir='ltr'><strong>TOMUS‘XX.</strong></span> 
     </span>
    </p>
   </div>
   <div class='ocr_carea' id='block_1_3' title="bbox 3276 292 3380 347">
    <p class='ocr_par' dir='ltr' id='par_1_3' title="bbox 3276 292 3380 347">
     <span class='ocr_line' id='line_1_3' title="bbox 3276 292 3380 347; baseline 0 0"><span class='ocrx_word' id='word_1_6' title='bbox 3276 292 3380 347; x_wconf 68' lang='lat'><strong>603</strong></span> 
     </span>
    </p>
   </div>
   <div class='ocr_carea' id='block_1_4' title="bbox 203 403 1758 481">
    <p class='ocr_par' dir='ltr' id='par_1_4' title="bbox 203 403 1758 481">
     <span class='ocr_line' id='line_1_4' title="bbox 203 403 1758 481; baseline 0.005 -23"><span class='ocrx_word' id='word_1_7' title='bbox 203 404 320 473; x_wconf 74' lang='grc' dir='ltr'>γὰρ</span> <span class='ocrx_word' id='word_1_8' title='bbox 365 403 540 457; x_wconf 85' lang='grc' dir='ltr'>ταῦτα</span> <span class='ocrx_word' id='word_1_9' title='bbox 569 406 750 460; x_wconf 80' lang='grc' dir='ltr'>πάντα</span> <span class='ocrx_word' id='word_1_10' title='bbox 781 410 934 478; x_wconf 80' lang='grc' dir='ltr'>φησὶ,</span> <span class='ocrx_word' id='word_1_11' title='bbox 981 410 1070 463; x_wconf 78' lang='grc' dir='ltr'><strong>καὶ</strong></span> <span class='ocrx_word' id='word_1_12' title='bbox 1102 412 1148 462; x_wconf 82' lang='grc' dir='ltr'><strong>εί</strong></span> <span class='ocrx_word' id='word_1_13' title='bbox 1196 411 1266 480; x_wconf 79' lang='grc' dir='ltr'>μὴ</span> <span class='ocrx_word' id='word_1_14' title='bbox 1310 412 1598 481; x_wconf 73' lang='grc' dir='ltr'><strong>ἐπεφέρετο</strong></span> <span class='ocrx_word' id='word_1_15' title='bbox 1646 412 1758 481; x_wconf 87' lang='grc' dir='ltr'>μετ’</span> 
     </span>
    </p>
   </div>
   <div class='ocr_carea' id='block_1_5' title="bbox 1861 403 3374 481">
    <p class='ocr_par' dir='ltr' id='par_1_5' title="bbox 1861 409 3374 480">
     <span class='ocr_line' id='line_1_5' title="bbox 1861 409 3374 480; baseline 0.001 -18"><span class='ocrx_word' id='word_1_16' title='bbox 1861 411 1972 465; x_wconf 69' lang='lat' dir='ltr'><strong>haec</strong></span> <span class='ocrx_word' id='word_1_17' title='bbox 2010 412 2185 466; x_wconf 85' lang='lat' dir='ltr'><strong>omnia</strong></span> <span class='ocrx_word' id='word_1_18' title='bbox 2221 412 2473 480; x_wconf 93' lang='lat' dir='ltr'><strong>loquitur,</strong></span> <span class='ocrx_word' id='word_1_19' title='bbox 2507 419 2562 465; x_wconf 91' lang='lat' dir='ltr'><strong>et</strong></span> <span class='ocrx_word' id='word_1_20' title='bbox 2591 411 2701 466; x_wconf 75' lang='lat' dir='ltr'><strong>nisi</strong></span> <span class='ocrx_word' id='word_1_21' title='bbox 2727 419 2843 479; x_wconf 86' lang='lat' dir='ltr'><strong>post</strong></span> <span class='ocrx_word' id='word_1_22' title='bbox 2878 425 3043 479; x_wconf 89' lang='lat' dir='ltr'><strong>pauca</strong></span> <span class='ocrx_word' id='word_1_23' title='bbox 3075 409 3374 465; x_wconf 82' lang='lat' dir='ltr'><strong>intulisset:</strong></span> 
     </span>
    </p>
   </div>
   <div class='ocr_carea' id='block_1_6' title="bbox 203 493 1758 567">
    <p class='ocr_par' dir='ltr' id='par_1_6' title="bbox 203 493 1758 567">
     <span class='ocr_line' id='line_1_6' title="bbox 203 493 1758 567; baseline 0.005 -21"><span class='ocrx_word' id='word_1_24' title='bbox 203 493 368 561; x_wconf 70' lang='grc' dir='ltr'>ὀλίγα</span> <span class='ocrx_word' id='word_1_25' title='bbox 417 495 482 547; x_wconf 79' lang='grc' dir='ltr'><strong>τό</strong></span> <span class='ocrx_word' id='word_1_26' title='bbox 500 512 513 525; x_wconf 76' lang='grc'><strong>⁸</strong></span> <span class='ocrx_word' id='word_1_27' title='bbox 561 497 745 564; x_wconf 83' lang='grc' dir='ltr'>Ὑμεῖς</span> <span class='ocrx_word' id='word_1_28' title='bbox 787 500 858 551; x_wconf 74' lang='grc' dir='ltr'><strong>ἐκ</strong></span> <span class='ocrx_word' id='word_1_29' title='bbox 902 499 1006 553; x_wconf 85' lang='grc' dir='ltr'><strong>τοῦ</strong></span> <span class='ocrx_word' id='word_1_30' title='bbox 1059 501 1274 567; x_wconf 75' lang='grc' dir='ltr'>πατρὸς</span> <span class='ocrx_word' id='word_1_31' title='bbox 1320 503 1423 555; x_wconf 77' lang='grc' dir='ltr'><strong>τοῦ</strong></span> <span class='ocrx_word' id='word_1_32' title='bbox 1485 502 1758 554; x_wconf 88' lang='grc' dir='ltr'>διαϐόλου</span> 
     </span>
    </p>
   </div>
   <div class='ocr_carea' id='block_1_7' title="bbox 200 581 1760 658">
    <p class='ocr_par' dir='ltr' id='par_1_7' title="bbox 200 581 1760 658">
     <span class='ocr_line' id='line_1_7' title="bbox 200 581 1760 658; baseline 0.006 -25"><span class='ocrx_word' id='word_1_33' title='bbox 200 581 373 645; x_wconf 74' lang='grc' dir='ltr'>ἐστὲ,</span> <span class='ocrx_word' id='word_1_34' title='bbox 405 584 507 636; x_wconf 75' lang='grc' dir='ltr'>καὶ</span> <span class='ocrx_word' id='word_1_35' title='bbox 546 586 651 650; x_wconf 85' lang='grc' dir='ltr'>τὰς</span> <span class='ocrx_word' id='word_1_36' title='bbox 671 587 983 656; x_wconf 80' lang='grc' dir='ltr'><strong>ἐπιθυμίας</strong></span> <span class='ocrx_word' id='word_1_37' title='bbox 1015 591 1116 642; x_wconf 85' lang='grc' dir='ltr'><strong>τοῦ</strong></span> <span class='ocrx_word' id='word_1_38' title='bbox 1139 591 1354 657; x_wconf 74' lang='grc' dir='ltr'>πατρὸς</span> <span class='ocrx_word' id='word_1_39' title='bbox 1378 590 1538 658; x_wconf 84' lang='grc' dir='ltr'>ὑμῶν</span> <span class='ocrx_word' id='word_1_40' title='bbox 1565 592 1760 644; x_wconf 82' lang='grc' dir='ltr'>θέλετε</span> 
     </span>
    </p>
   </div>
   <div class='ocr_carea' id='block_1_8' title="bbox 199 674 1758 750">
    <p class='ocr_par' dir='ltr' id='par_1_8' title="bbox 199 674 1758 750">
     <span class='ocr_line' id='line_1_8' title="bbox 199 674 1758 750; baseline 0.005 -26"><span class='ocrx_word' id='word_1_41' title='bbox 199 674 432 740; x_wconf 85' lang='grc' dir='ltr'>ποιεῖν,</span> <span class='ocrx_word' id='word_1_42' title='bbox 467 675 568 728; x_wconf 81' lang='grc' dir='ltr'>κᾶν</span> <span class='ocrx_word' id='word_1_43' title='bbox 605 677 790 743; x_wconf 68' lang='grc' dir='ltr'>σαφῶς</span> <span class='ocrx_word' id='word_1_44' title='bbox 810 679 906 730; x_wconf 79' lang='grc' dir='ltr'>οὐκ</span> <span class='ocrx_word' id='word_1_45' title='bbox 935 679 1255 748; x_wconf 78' lang='grc' dir='ltr'>ἐγνώκειμεν</span> <span class='ocrx_word' id='word_1_46' title='bbox 1290 682 1349 732; x_wconf 87' lang='grc' dir='ltr'>τὸ</span> <span class='ocrx_word' id='word_1_47' title='bbox 1400 681 1633 750; x_wconf 74' lang='grc' dir='ltr'>βούλημα</span> <span class='ocrx_word' id='word_1_48' title='bbox 1667 680 1758 732; x_wconf 90' lang='grc' dir='ltr'><strong>τοῦ</strong></span> 
     </span>
    </p>
   </div>
   <div class='ocr_carea' id='block_1_9' title="bbox 198 765 1759 836">
    <p class='ocr_par' dir='ltr' id='par_1_9' title="bbox 198 765 1759 836">
     <span class='ocr_line' id='line_1_9' title="bbox 198 765 1759 836; baseline 0.006 -21"><span class='ocrx_word' id='word_1_49' title='bbox 198 765 532 834; x_wconf 72' lang='grc' dir='ltr'>εἰρημένου.</span> <span class='ocrx_word' id='word_1_50' title='bbox 567 767 641 818; x_wconf 78' lang='grc' dir='ltr'><strong>Οὐ</strong></span> <span class='ocrx_word' id='word_1_51' title='bbox 672 767 979 836; x_wconf 74' lang='grc' dir='ltr'>θαυμαστὸν</span> <span class='ocrx_word' id='word_1_52' title='bbox 1021 769 1078 820; x_wconf 84' lang='grc' dir='ltr'>δὲ</span> <span class='ocrx_word' id='word_1_53' title='bbox 1123 771 1170 822; x_wconf 83' lang='grc' dir='ltr'><strong>εί</strong></span> <span class='ocrx_word' id='word_1_54' title='bbox 1208 772 1315 833; x_wconf 77' lang='grc' dir='ltr'>τοῖς</span> <span class='ocrx_word' id='word_1_55' title='bbox 1352 773 1759 824; x_wconf 74' lang='grc' dir='ltr'><strong>πεπιστευκόσιν</strong></span> 
     </span>
    </p>
   </div>
   <div class='ocr_carea' id='block_1_10' title="bbox 198 855 1755 931">
    <p class='ocr_par' dir='ltr' id='par_1_10' title="bbox 198 855 1755 931">
     <span class='ocr_line' id='line_1_10' title="bbox 198 855 1755 931; baseline 0.004 -25"><span class='ocrx_word' id='word_1_56' title='bbox 198 855 360 924; x_wconf 79' lang='grc' dir='ltr'>αὐτῷ</span> <span class='ocrx_word' id='word_1_57' title='bbox 409 857 706 918; x_wconf 82' lang='grc' dir='ltr'><strong>Ἰουδαίοις,</strong></span> <span class='ocrx_word' id='word_1_58' title='bbox 734 857 956 928; x_wconf 82' lang='grc' dir='ltr'><strong>μηδέπω</strong></span> <span class='ocrx_word' id='word_1_59' title='bbox 981 860 1217 928; x_wconf 84' lang='grc' dir='ltr'>μείνασιν</span> <span class='ocrx_word' id='word_1_60' title='bbox 1242 860 1400 912; x_wconf 79' lang='grc' dir='ltr'>αὑτοῦ</span> <span class='ocrx_word' id='word_1_61' title='bbox 1428 863 1482 912; x_wconf 85' lang='grc' dir='ltr'>ὲν</span> <span class='ocrx_word' id='word_1_62' title='bbox 1498 862 1580 931; x_wconf 78' lang='grc' dir='ltr'>τῷ</span> <span class='ocrx_word' id='word_1_63' title='bbox 1599 863 1755 931; x_wconf 72' lang='grc' dir='ltr'>λόγῳ,</span> 
     </span>
    </p>
   </div>
   <div class='ocr_carea' id='block_1_11' title="bbox 199 945 1758 1018">
    <p class='ocr_par' dir='ltr' id='par_1_11' title="bbox 199 945 1758 1018">
     <span class='ocr_line' id='line_1_11' title="bbox 199 945 1758 1018; baseline 0.006 -23"><span class='ocrx_word' id='word_1_64' title='bbox 199 945 292 996; x_wconf 77' lang='grc' dir='ltr'><strong>ἵνα</strong></span> <span class='ocrx_word' id='word_1_65' title='bbox 334 946 564 1014; x_wconf 82' lang='grc' dir='ltr'>ἀληθῶς</span> <span class='ocrx_word' id='word_1_66' title='bbox 617 947 780 999; x_wconf 66' lang='grc' dir='ltr'>αὺτοῦ</span> <span class='ocrx_word' id='word_1_67' title='bbox 821 948 1075 1016; x_wconf 77' lang='grc' dir='ltr'><strong>γένωνται</strong></span> <span class='ocrx_word' id='word_1_68' title='bbox 1131 949 1380 1018; x_wconf 78' lang='grc' dir='ltr'>μαθηταὶ,</span> <span class='ocrx_word' id='word_1_69' title='bbox 1428 952 1518 1003; x_wconf 78' lang='grc' dir='ltr'>καὶ</span> <span class='ocrx_word' id='word_1_70' title='bbox 1565 953 1758 1018; x_wconf 83' lang='grc' dir='ltr'>γνῶσιν</span> 
     </span>
    </p>
   </div>
   <div class='ocr_carea' id='block_1_12' title="bbox 194 1033 1760 1110">
    <p class='ocr_par' dir='ltr' id='par_1_12' title="bbox 194 1033 1760 1110">
     <span class='ocr_line' id='line_1_12' title="bbox 194 1033 1760 1110; baseline 0.006 -27"><span class='ocrx_word' id='word_1_71' title='bbox 194 1033 299 1103; x_wconf 82' lang='grc' dir='ltr'><strong>τὴν</strong></span> <span class='ocrx_word' id='word_1_72' title='bbox 333 1035 626 1104; x_wconf 75' lang='grc' dir='ltr'>ἀλήθειαν,</span> <span class='ocrx_word' id='word_1_73' title='bbox 667 1038 756 1088; x_wconf 74' lang='grc' dir='ltr'><strong>ἐπὶ</strong></span> <span class='ocrx_word' id='word_1_74' title='bbox 784 1037 858 1105; x_wconf 83' lang='grc' dir='ltr'><strong>τῷ</strong></span> <span class='ocrx_word' id='word_1_75' title='bbox 884 1038 1295 1109; x_wconf 85' lang='grc' dir='ltr'>ὲλευθερωθῆναι</span> <span class='ocrx_word' id='word_1_76' title='bbox 1323 1041 1410 1091; x_wconf 82' lang='grc' dir='ltr'><strong>ὑπ’</strong></span> <span class='ocrx_word' id='word_1_77' title='bbox 1433 1039 1615 1110; x_wconf 77' lang='grc' dir='ltr'>αὐτῆς,</span> <span class='ocrx_word' id='word_1_78' title='bbox 1651 1042 1760 1094; x_wconf 72' lang='grc' dir='ltr'>ἕλε-</span> 
     </span>
    </p>
   </div>
   <div class='ocr_carea' id='block_1_13' title="bbox 195 1121 1756 1196">
    <p class='ocr_par' dir='ltr' id='par_1_13' title="bbox 195 1121 1756 1196">
     <span class='ocr_line' id='line_1_13' title="bbox 195 1121 1756 1196; baseline 0.004 -23"><span class='ocrx_word' id='word_1_79' title='bbox 195 1139 261 1189; x_wconf 88' lang='grc' dir='ltr'>γε</span> <span class='ocrx_word' id='word_1_80' title='bbox 297 1121 368 1175; x_wconf 85' lang='grc' dir='ltr'><strong>τό</strong></span> <span class='ocrx_word' id='word_1_81' title='bbox 387 1139 403 1151; x_wconf 76' lang='grc' dir='ltr'><strong>ο</strong></span> <span class='ocrx_word' id='word_1_82' title='bbox 455 1123 645 1190; x_wconf 87' lang='grc' dir='ltr'>Ὑμεῖς</span> <span class='ocrx_word' id='word_1_83' title='bbox 683 1124 898 1176; x_wconf 80' lang='grc' dir='ltr'>ποιεῖτε</span> <span class='ocrx_word' id='word_1_84' title='bbox 930 1127 1001 1177; x_wconf 87' lang='grc' dir='ltr'>τὰ</span> <span class='ocrx_word' id='word_1_85' title='bbox 1027 1125 1169 1194; x_wconf 81' lang='grc' dir='ltr'>ἔργα</span> <span class='ocrx_word' id='word_1_86' title='bbox 1195 1127 1294 1180; x_wconf 87' lang='grc' dir='ltr'><strong>τοῦ</strong></span> <span class='ocrx_word' id='word_1_87' title='bbox 1324 1127 1540 1194; x_wconf 80' lang='grc' dir='ltr'>πατρὸς</span> <span class='ocrx_word' id='word_1_88' title='bbox 1576 1128 1756 1196; x_wconf 86' lang='grc' dir='ltr'>ὑμῶν,</span> 
     </span>
    </p>
   </div>
   <div class='ocr_carea' id='block_1_14' title="bbox 195 1213 1758 1286">
    <p class='ocr_par' dir='ltr' id='par_1_14' title="bbox 195 1213 1758 1286">
     <span class='ocr_line' id='line_1_14' title="bbox 195 1213 1758 1286; baseline 0.006 -23"><span class='ocrx_word' id='word_1_89' title='bbox 195 1214 318 1274; x_wconf 77' lang='grc' dir='ltr'>καὶ,</span> <span class='ocrx_word' id='word_1_90' title='bbox 353 1213 438 1276; x_wconf 85' lang='grc' dir='ltr'>ὡς</span> <span class='ocrx_word' id='word_1_91' title='bbox 473 1215 533 1264; x_wconf 85' lang='grc' dir='ltr'>ὲν</span> <span class='ocrx_word' id='word_1_92' title='bbox 567 1216 678 1274; x_wconf 84' lang='grc' dir='ltr'>τοῖς</span> <span class='ocrx_word' id='word_1_93' title='bbox 702 1213 825 1282; x_wconf 79' lang='grc' dir='ltr'><strong>ἑξῆς</strong></span> <span class='ocrx_word' id='word_1_94' title='bbox 855 1215 1184 1284; x_wconf 80' lang='grc' dir='ltr'>ἐπιφέρεται,</span> <span class='ocrx_word' id='word_1_95' title='bbox 1211 1217 1270 1268; x_wconf 90' lang='grc' dir='ltr'><strong>τό</strong></span> <span class='ocrx_word' id='word_1_96' title='bbox 1289 1233 1302 1247; x_wconf 78' lang='grc' dir='ltr'><strong>ο</strong></span> <span class='ocrx_word' id='word_1_97' title='bbox 1347 1219 1526 1286; x_wconf 81' lang='grc' dir='ltr'><strong>Ὑμεῖς</strong></span> <span class='ocrx_word' id='word_1_98' title='bbox 1563 1220 1630 1271; x_wconf 79' lang='grc' dir='ltr'>ἐκ</span> <span class='ocrx_word' id='word_1_99' title='bbox 1656 1219 1758 1272; x_wconf 87' lang='grc' dir='ltr'><strong>τοῦ</strong></span> 
     </span>
    </p>
   </div>
   <div class='ocr_carea' id='block_1_15' title="bbox 193 1305 1758 1379">
    <p class='ocr_par' dir='ltr' id='par_1_15' title="bbox 193 1305 1758 1379">
     <span class='ocr_line' id='line_1_15' title="bbox 193 1305 1758 1379; baseline 0.004 -23"><span class='ocrx_word' id='word_1_100' title='bbox 193 1305 442 1370; x_wconf 80' lang='grc' dir='ltr'>πατρὸς</span> <span class='ocrx_word' id='word_1_101' title='bbox 474 1305 583 1357; x_wconf 89' lang='grc' dir='ltr'><strong>τοῦ</strong></span> <span class='ocrx_word' id='word_1_102' title='bbox 609 1305 885 1360; x_wconf 85' lang='grc' dir='ltr'>διαϐόλου</span> <span class='ocrx_word' id='word_1_103' title='bbox 913 1307 1071 1360; x_wconf 84' lang='grc' dir='ltr'>ἐστέ.</span> <span class='ocrx_word' id='word_1_104' title='bbox 1098 1309 1212 1361; x_wconf 80' lang='grc' dir='ltr'>Κᾶν</span> <span class='ocrx_word' id='word_1_105' title='bbox 1236 1309 1342 1379; x_wconf 75' lang='grc' dir='ltr'>γὰρ</span> <span class='ocrx_word' id='word_1_106' title='bbox 1387 1311 1588 1378; x_wconf 83' lang='grc' dir='ltr'>ἀπηνὲς</span> <span class='ocrx_word' id='word_1_107' title='bbox 1625 1308 1758 1364; x_wconf 80' lang='grc' dir='ltr'>εἶναι</span> 
     </span>
    </p>
   </div>
   <div class='ocr_carea' id='block_1_16' title="bbox 192 1393 1758 1468">
    <p class='ocr_par' dir='ltr' id='par_1_16' title="bbox 192 1393 1758 1468">
     <span class='ocr_line' id='line_1_16' title="bbox 192 1393 1758 1468; baseline 0.005 -25"><span class='ocrx_word' id='word_1_108' title='bbox 192 1393 332 1462; x_wconf 80' lang='grc' dir='ltr'>δοκῇ</span> <span class='ocrx_word' id='word_1_109' title='bbox 368 1393 437 1444; x_wconf 81' lang='grc' dir='ltr'>τὸ</span> <span class='ocrx_word' id='word_1_110' title='bbox 473 1393 682 1445; x_wconf 85' lang='grc' dir='ltr'>τοιοῦτο</span> <span class='ocrx_word' id='word_1_111' title='bbox 710 1395 993 1463; x_wconf 85' lang='grc' dir='ltr'>λεγόμενον</span> <span class='ocrx_word' id='word_1_112' title='bbox 1024 1398 1149 1466; x_wconf 75' lang='grc' dir='ltr'>περὶ</span> <span class='ocrx_word' id='word_1_113' title='bbox 1184 1398 1610 1450; x_wconf 86' lang='grc' dir='ltr'>πεπιστευκότων</span> <span class='ocrx_word' id='word_1_114' title='bbox 1663 1399 1758 1468; x_wconf 75' lang='grc' dir='ltr'>μὲν</span> 
     </span>
    </p>
   </div>
   <div class='ocr_carea' id='block_1_17' title="bbox 190 1482 1759 1557">
    <p class='ocr_par' dir='ltr' id='par_1_17' title="bbox 190 1482 1759 1557">
     <span class='ocr_line' id='line_1_17' title="bbox 190 1482 1759 1557; baseline 0.004 -24"><span class='ocrx_word' id='word_1_115' title='bbox 190 1482 377 1552; x_wconf 82' lang='grc' dir='ltr'>αὐτῷ,</span> <span class='ocrx_word' id='word_1_116' title='bbox 407 1485 508 1535; x_wconf 74' lang='grc' dir='ltr'>καὶ</span> <span class='ocrx_word' id='word_1_117' title='bbox 537 1483 978 1553; x_wconf 83' lang='grc' dir='ltr'>μαθητευθέντων</span> <span class='ocrx_word' id='word_1_118' title='bbox 1007 1503 1141 1549; x_wconf 87' lang='grc' dir='ltr'>πως,</span> <span class='ocrx_word' id='word_1_119' title='bbox 1176 1487 1236 1538; x_wconf 76' lang='grc' dir='ltr'>οὐ</span> <span class='ocrx_word' id='word_1_120' title='bbox 1283 1486 1384 1557; x_wconf 81' lang='grc' dir='ltr'>μὴν</span> <span class='ocrx_word' id='word_1_121' title='bbox 1425 1487 1521 1556; x_wconf 68' lang='grc' dir='ltr'>ἤδη</span> <span class='ocrx_word' id='word_1_122' title='bbox 1551 1487 1759 1556; x_wconf 82' lang='grc' dir='ltr'>ἀληθῶς</span> 
     </span>
    </p>
   </div>
   <div class='ocr_carea' id='block_1_18' title="bbox 190 1575 1759 1649">
    <p class='ocr_par' dir='ltr' id='par_1_18' title="bbox 190 1575 1759 1649">
     <span class='ocr_line' id='line_1_18' title="bbox 190 1575 1759 1649; baseline -0.006 -20"><span class='ocrx_word' id='word_1_123' title='bbox 190 1591 302 1645; x_wconf 86' lang='grc' dir='ltr'><strong>χρη</strong></span> <span class='ocrx_word' id='word_1_124' title='bbox 311 1575 677 1644; x_wconf 81' lang='grc' dir='ltr'>ματισάντων</span> <span class='ocrx_word' id='word_1_125' title='bbox 707 1575 957 1646; x_wconf 84' lang='grc' dir='ltr'>μαθητῶν</span> <span class='ocrx_word' id='word_1_126' title='bbox 985 1576 1077 1629; x_wconf 90' lang='grc' dir='ltr'><strong>τοῦ</strong></span> <span class='ocrx_word' id='word_1_127' title='bbox 1112 1576 1300 1647; x_wconf 83' lang='grc' dir='ltr'><strong>Ἰησοῦ,</strong></span> <span class='ocrx_word' id='word_1_128' title='bbox 1335 1581 1478 1648; x_wconf 83' lang='grc' dir='ltr'>ὅμως</span> <span class='ocrx_word' id='word_1_129' title='bbox 1503 1596 1759 1649; x_wconf 77' lang='grc' dir='ltr'>κατανοη-</span> 
     </span>
    </p>
   </div>
   <div class='ocr_carea' id='block_1_19' title="bbox 187 1666 1756 1739">
    <p class='ocr_par' dir='ltr' id='par_1_19' title="bbox 187 1666 1756 1739">
     <span class='ocr_line' id='line_1_19' title="bbox 187 1666 1756 1739; baseline 0.003 -21"><span class='ocrx_word' id='word_1_130' title='bbox 187 1667 318 1718; x_wconf 81' lang='grc' dir='ltr'>τέον</span> <span class='ocrx_word' id='word_1_131' title='bbox 349 1666 454 1718; x_wconf 76' lang='grc' dir='ltr'>καὶ</span> <span class='ocrx_word' id='word_1_132' title='bbox 484 1668 548 1718; x_wconf 81' lang='grc' dir='ltr'>τὸ</span> <span class='ocrx_word' id='word_1_133' title='bbox 577 1669 636 1720; x_wconf 85' lang='grc' dir='ltr'>ὲν</span> <span class='ocrx_word' id='word_1_134' title='bbox 666 1671 728 1738; x_wconf 81' lang='grc' dir='ltr'><strong>τῇ</strong></span> <span class='ocrx_word' id='word_1_135' title='bbox 768 1667 1035 1739; x_wconf 78' lang='grc' dir='ltr'>Καθολικῇ</span> <span class='ocrx_word' id='word_1_136' title='bbox 1080 1670 1355 1739; x_wconf 84' lang='grc' dir='ltr'>Ἐπιστολῇ</span> <span class='ocrx_word' id='word_1_137' title='bbox 1381 1670 1481 1723; x_wconf 79' lang='grc' dir='ltr'><strong>ὑπὸ</strong></span> <span class='ocrx_word' id='word_1_138' title='bbox 1521 1671 1756 1724; x_wconf 78' lang='grc' dir='ltr'>Ἰωάννου</span> 
     </span>
    </p>
   </div>
   <div class='ocr_carea' id='block_1_20' title="bbox 190 1758 1756 1830">
    <p class='ocr_par' dir='ltr' id='par_1_20' title="bbox 190 1758 1756 1830">
     <span class='ocr_line' id='line_1_20' title="bbox 190 1758 1756 1830; baseline 0.004 -19"><span class='ocrx_word' id='word_1_139' title='bbox 190 1760 509 1830; x_wconf 81' lang='grc' dir='ltr'>εἰρημένον</span> <span class='ocrx_word' id='word_1_140' title='bbox 557 1759 684 1829; x_wconf 68' lang='grc' dir='ltr'><strong>περ’(¹</strong></span> <span class='ocrx_word' id='word_1_141' title='bbox 728 1758 854 1812; x_wconf 79' lang='grc' dir='ltr'>υἱῶν</span> <span class='ocrx_word' id='word_1_142' title='bbox 897 1760 1050 1824; x_wconf 85' lang='grc' dir='ltr'>Θεοῦ,</span> <span class='ocrx_word' id='word_1_143' title='bbox 1097 1762 1186 1814; x_wconf 80' lang='grc' dir='ltr'><strong>καὶ</strong></span> <span class='ocrx_word' id='word_1_144' title='bbox 1237 1763 1364 1816; x_wconf 80' lang='grc' dir='ltr'>υἱῶν</span> <span class='ocrx_word' id='word_1_145' title='bbox 1401 1764 1656 1816; x_wconf 89' lang='grc' dir='ltr'>διαϐόλου.</span> <span class='ocrx_word' id='word_1_146' title='bbox 1697 1767 1756 1818; x_wconf 84' lang='lat'><strong>&#39;0</strong></span> 
     </span>
    </p>
   </div>
   <div class='ocr_carea' id='block_1_21' title="bbox 189 1848 1756 1920">
    <p class='ocr_par' dir='ltr' id='par_1_21' title="bbox 189 1848 1756 1920">
     <span class='ocr_line' id='line_1_21' title="bbox 189 1848 1756 1920; baseline 0.005 -20"><span class='ocrx_word' id='word_1_147' title='bbox 189 1848 399 1901; x_wconf 84' lang='grc' dir='ltr'>ποιῶν</span> <span class='ocrx_word' id='word_1_148' title='bbox 429 1850 566 1920; x_wconf 81' lang='grc' dir='ltr'>γὰρ,</span> <span class='ocrx_word' id='word_1_149' title='bbox 597 1849 748 1919; x_wconf 74' lang='grc' dir='ltr'>φησὶ,</span> <span class='ocrx_word' id='word_1_150' title='bbox 771 1850 884 1915; x_wconf 80' lang='grc' dir='ltr'>τὴν</span> <span class='ocrx_word' id='word_1_151' title='bbox 919 1851 1204 1918; x_wconf 78' lang='grc' dir='ltr'>ἁμαρτίαν</span> <span class='ocrx_word' id='word_1_152' title='bbox 1239 1853 1304 1904; x_wconf 83' lang='grc' dir='ltr'>ἐκ</span> <span class='ocrx_word' id='word_1_153' title='bbox 1339 1852 1442 1905; x_wconf 86' lang='grc' dir='ltr'><strong>τοῦ</strong></span> <span class='ocrx_word' id='word_1_154' title='bbox 1484 1853 1756 1908; x_wconf 86' lang='grc' dir='ltr'>διαϐόλου</span> 
     </span>
    </p>
   </div>
   <div class='ocr_carea' id='block_1_22' title="bbox 187 1938 1757 2010">
    <p class='ocr_par' dir='ltr' id='par_1_22' title="bbox 187 1938 1757 2010">
     <span class='ocr_line' id='line_1_22' title="bbox 187 1938 1757 2010; baseline 0.003 -19"><span class='ocrx_word' id='word_1_155' title='bbox 187 1938 398 2003; x_wconf 78' lang='grc' dir='ltr'>ἐστὶν,</span> <span class='ocrx_word' id='word_1_156' title='bbox 431 1939 525 1991; x_wconf 82' lang='grc' dir='ltr'>ὅτι</span> <span class='ocrx_word' id='word_1_157' title='bbox 567 1940 669 2008; x_wconf 73' lang='grc' dir='ltr'><strong>ἀπ’</strong></span> <span class='ocrx_word' id='word_1_158' title='bbox 697 1940 937 2008; x_wconf 81' lang='grc' dir='ltr'>ἁρχῆςό</span> <span class='ocrx_word' id='word_1_159' title='bbox 975 1940 1245 2006; x_wconf 85' lang='grc' dir='ltr'>διάϐολος</span> <span class='ocrx_word' id='word_1_160' title='bbox 1280 1943 1609 2010; x_wconf 79' lang='grc' dir='ltr'>ἁμαρτάνει.</span> <span class='ocrx_word' id='word_1_161' title='bbox 1657 1946 1757 2010; x_wconf 78' lang='grc' dir='ltr'><strong>Εἰς</strong></span> 
     </span>
    </p>
   </div>
   <div class='ocr_carea' id='block_1_23' title="bbox 189 2028 1758 2100">
    <p class='ocr_par' dir='ltr' id='par_1_23' title="bbox 189 2028 1758 2100">
     <span class='ocr_line' id='line_1_23' title="bbox 189 2028 1758 2100; baseline 0.004 -20"><span class='ocrx_word' id='word_1_162' title='bbox 189 2029 386 2082; x_wconf 85' lang='grc' dir='ltr'>τοῦτο</span> <span class='ocrx_word' id='word_1_163' title='bbox 416 2028 830 2096; x_wconf 66' lang='grc' dir='ltr'>ἐνεφανερώθη</span> <span class='ocrx_word' id='word_1_164' title='bbox 859 2033 892 2082; x_wconf 85' lang='grc' dir='ltr'><em>ὁ</em></span> <span class='ocrx_word' id='word_1_165' title='bbox 916 2030 1044 2094; x_wconf 84' lang='grc' dir='ltr'><strong>Υίὸς</strong></span> <span class='ocrx_word' id='word_1_166' title='bbox 1066 2031 1168 2084; x_wconf 82' lang='grc' dir='ltr'><strong>τοῦ</strong></span> <span class='ocrx_word' id='word_1_167' title='bbox 1202 2031 1363 2094; x_wconf 87' lang='grc' dir='ltr'>Θεοῦ,</span> <span class='ocrx_word' id='word_1_168' title='bbox 1397 2033 1493 2084; x_wconf 86' lang='grc' dir='ltr'>ἵνα</span> <span class='ocrx_word' id='word_1_169' title='bbox 1513 2035 1670 2100; x_wconf 80' lang='grc' dir='ltr'>λύσῃ</span> <span class='ocrx_word' id='word_1_170' title='bbox 1690 2035 1758 2087; x_wconf 80' lang='grc' dir='ltr'>τὰ</span> 
     </span>
    </p>
   </div>
   <div class='ocr_carea' id='block_1_24' title="bbox 188 2117 1758 2190">
    <p class='ocr_par' dir='ltr' id='par_1_24' title="bbox 188 2117 1758 2190">
     <span class='ocr_line' id='line_1_24' title="bbox 188 2117 1758 2190; baseline 0.002 -18"><span class='ocrx_word' id='word_1_171' title='bbox 188 2120 348 2186; x_wconf 68' lang='grc' dir='ltr'>ἔργα</span> <span class='ocrx_word' id='word_1_172' title='bbox 402 2118 515 2172; x_wconf 88' lang='grc' dir='ltr'><strong>τοῦ</strong></span> <span class='ocrx_word' id='word_1_173' title='bbox 563 2118 859 2172; x_wconf 86' lang='grc' dir='ltr'>διαϐόλου.</span> <span class='ocrx_word' id='word_1_174' title='bbox 890 2117 1014 2184; x_wconf 86' lang='grc' dir='ltr'><em>Πᾶς</em></span> <span class='ocrx_word' id='word_1_175' title='bbox 1042 2123 1075 2173; x_wconf 84' lang='grc' dir='ltr'><em>ὁ</em></span> <span class='ocrx_word' id='word_1_176' title='bbox 1101 2122 1518 2190; x_wconf 78' lang='grc' dir='ltr'><strong>γεγεννημένος</strong></span> <span class='ocrx_word' id='word_1_177' title='bbox 1558 2123 1625 2174; x_wconf 75' lang='grc' dir='ltr'>ἐκ</span> <span class='ocrx_word' id='word_1_178' title='bbox 1655 2123 1758 2175; x_wconf 87' lang='grc' dir='ltr'><strong>τοῦ</strong></span> 
     </span>
    </p>
   </div>
   <div class='ocr_carea' id='block_1_25' title="bbox 193 2206 1761 2280">
    <p class='ocr_par' dir='ltr' id='par_1_25' title="bbox 193 2206 1761 2280">
     <span class='ocr_line' id='line_1_25' title="bbox 193 2206 1761 2280; baseline 0.003 -22"><span class='ocrx_word' id='word_1_179' title='bbox 193 2207 360 2260; x_wconf 84' lang='grc' dir='ltr'>Θεοῦ</span> <span class='ocrx_word' id='word_1_180' title='bbox 390 2206 693 2274; x_wconf 77' lang='grc' dir='ltr'><strong>ἁμαρτίαν</strong></span> <span class='ocrx_word' id='word_1_181' title='bbox 736 2208 806 2259; x_wconf 89' lang='grc' dir='ltr'>οὐ</span> <span class='ocrx_word' id='word_1_182' title='bbox 845 2206 1142 2280; x_wconf 25' lang='lat' dir='ltr'><strong>natea-ﬁn</strong></span> <span class='ocrx_word' id='word_1_183' title='bbox 1191 2207 1421 2276; x_wconf 84' lang='grc' dir='ltr'>σπέρμα</span> <span class='ocrx_word' id='word_1_184' title='bbox 1462 2209 1642 2263; x_wconf 85' lang='grc' dir='ltr'>αὐτοῦ</span> <span class='ocrx_word' id='word_1_185' title='bbox 1693 2211 1761 2262; x_wconf 79' lang='grc' dir='ltr'>ἐν</span> 
     </span>
    </p>
   </div>
   <div class='ocr_carea' id='block_1_26' title="bbox 190 2295 1758 2366">
    <p class='ocr_par' dir='ltr' id='par_1_26' title="bbox 190 2295 1758 2366">
     <span class='ocr_line' id='line_1_26' title="bbox 190 2295 1758 2366; baseline 0.002 -18"><span class='ocrx_word' id='word_1_186' title='bbox 190 2295 370 2360; x_wconf 80' lang='grc' dir='ltr'>αὐτῷ</span> <span class='ocrx_word' id='word_1_187' title='bbox 398 2296 596 2364; x_wconf 83' lang='grc' dir='ltr'>μένει,</span> <span class='ocrx_word' id='word_1_188' title='bbox 627 2297 724 2350; x_wconf 71' lang='grc' dir='ltr'>καὶ</span> <span class='ocrx_word' id='word_1_189' title='bbox 762 2299 834 2350; x_wconf 90' lang='grc' dir='ltr'>οὐ</span> <span class='ocrx_word' id='word_1_190' title='bbox 885 2295 1126 2351; x_wconf 88' lang='grc' dir='ltr'>δύναται</span> <span class='ocrx_word' id='word_1_191' title='bbox 1168 2297 1532 2366; x_wconf 78' lang='grc' dir='ltr'>ἁμαρτάνειν,</span> <span class='ocrx_word' id='word_1_192' title='bbox 1573 2299 1658 2351; x_wconf 80' lang='grc' dir='ltr'>ὅτι</span> <span class='ocrx_word' id='word_1_193' title='bbox 1691 2300 1758 2352; x_wconf 77' lang='grc' dir='ltr'>ἐκ</span> 
     </span>
    </p>
   </div>
   <div class='ocr_carea' id='block_1_27' title="bbox 189 2384 1760 2454">
    <p class='ocr_par' dir='ltr' id='par_1_27' title="bbox 189 2384 1760 2454">
     <span class='ocr_line' id='line_1_27' title="bbox 189 2384 1760 2454; baseline 0.001 -16"><span class='ocrx_word' id='word_1_194' title='bbox 189 2386 306 2439; x_wconf 82' lang='grc' dir='ltr'><strong>τοῦ</strong></span> <span class='ocrx_word' id='word_1_195' title='bbox 348 2384 506 2438; x_wconf 86' lang='grc' dir='ltr'>Θεοῦ</span> <span class='ocrx_word' id='word_1_196' title='bbox 530 2385 896 2454; x_wconf 77' lang='grc' dir='ltr'>γεγέννηται.</span> <span class='ocrx_word' id='word_1_197' title='bbox 932 2386 1034 2438; x_wconf 85' lang='grc' dir='ltr'>Ἐν</span> <span class='ocrx_word' id='word_1_198' title='bbox 1068 2387 1251 2451; x_wconf 83' lang='grc' dir='ltr'>τούτῳ</span> <span class='ocrx_word' id='word_1_199' title='bbox 1284 2386 1506 2454; x_wconf 69' lang='grc' dir='ltr'>φανερά</span> <span class='ocrx_word' id='word_1_200' title='bbox 1535 2388 1661 2439; x_wconf 85' lang='grc' dir='ltr'>ἐστι</span> <span class='ocrx_word' id='word_1_201' title='bbox 1690 2387 1760 2440; x_wconf 88' lang='grc' dir='ltr'>τὰ</span> 
     </span>
    </p>
   </div>
   <div class='ocr_carea' id='block_1_28' title="bbox 190 2474 1761 2541">
    <p class='ocr_par' dir='ltr' id='par_1_28' title="bbox 190 2474 1761 2541">
     <span class='ocr_line' id='line_1_28' title="bbox 190 2474 1761 2541; baseline 0.001 -13"><span class='ocrx_word' id='word_1_202' title='bbox 190 2477 392 2528; x_wconf 80' lang='grc' dir='ltr'>τέκνα</span> <span class='ocrx_word' id='word_1_203' title='bbox 421 2475 530 2527; x_wconf 88' lang='grc' dir='ltr'><strong>τοῦ</strong></span> <span class='ocrx_word' id='word_1_204' title='bbox 569 2474 738 2536; x_wconf 83' lang='grc' dir='ltr'>Θεοῦ,</span> <span class='ocrx_word' id='word_1_205' title='bbox 772 2475 866 2527; x_wconf 83' lang='grc' dir='ltr'><strong>καὶ</strong></span> <span class='ocrx_word' id='word_1_206' title='bbox 893 2476 964 2527; x_wconf 87' lang='grc' dir='ltr'>τὰ</span> <span class='ocrx_word' id='word_1_207' title='bbox 987 2475 1162 2528; x_wconf 81' lang='grc' dir='ltr'>τέκνα</span> <span class='ocrx_word' id='word_1_208' title='bbox 1182 2475 1284 2528; x_wconf 91' lang='grc' dir='ltr'><strong>τοῦ</strong></span> <span class='ocrx_word' id='word_1_209' title='bbox 1317 2476 1590 2529; x_wconf 85' lang='grc' dir='ltr'>διαϐόλου</span> <span class='ocrx_word' id='word_1_210' title='bbox 1607 2493 1620 2505; x_wconf 76' lang='grc' dir='ltr'><strong>ο</strong></span> <span class='ocrx_word' id='word_1_211' title='bbox 1647 2476 1761 2541; x_wconf 85' lang='grc' dir='ltr'><strong>πᾶς</strong></span> 
     </span>
    </p>
   </div>
   <div class='ocr_carea' id='block_1_29' title="bbox 193 2564 1761 2635">
    <p class='ocr_par' dir='ltr' id='par_1_29' title="bbox 193 2564 1761 2635">
     <span class='ocr_line' id='line_1_29' title="bbox 193 2564 1761 2635; baseline 0 -15"><span class='ocrx_word' id='word_1_212' title='bbox 193 2570 227 2620; x_wconf 86' lang='grc' dir='ltr'><em>ὁ</em></span> <span class='ocrx_word' id='word_1_213' title='bbox 253 2565 358 2635; x_wconf 83' lang='grc' dir='ltr'>μὴ</span> <span class='ocrx_word' id='word_1_214' title='bbox 385 2564 474 2617; x_wconf 83' lang='grc' dir='ltr'>ὢν</span> <span class='ocrx_word' id='word_1_215' title='bbox 513 2564 749 2628; x_wconf 82' lang='grc' dir='ltr'>δίκαιος</span> <span class='ocrx_word' id='word_1_216' title='bbox 785 2566 894 2616; x_wconf 83' lang='grc' dir='ltr'>οὐκ</span> <span class='ocrx_word' id='word_1_217' title='bbox 942 2565 1110 2617; x_wconf 81' lang='grc' dir='ltr'>ἐστιν</span> <span class='ocrx_word' id='word_1_218' title='bbox 1141 2566 1208 2617; x_wconf 83' lang='grc' dir='ltr'>ἐκ</span> <span class='ocrx_word' id='word_1_219' title='bbox 1248 2565 1352 2618; x_wconf 88' lang='grc' dir='ltr'><strong>τοῦ</strong></span> <span class='ocrx_word' id='word_1_220' title='bbox 1391 2567 1554 2630; x_wconf 85' lang='grc' dir='ltr'>Θεοῦ,</span> <span class='ocrx_word' id='word_1_221' title='bbox 1605 2568 1702 2620; x_wconf 77' lang='grc' dir='ltr'>καὶ</span> <span class='ocrx_word' id='word_1_222' title='bbox 1728 2571 1761 2620; x_wconf 88' lang='grc' dir='ltr'><strong>ό</strong></span> 
     </span>
    </p>
   </div>
   <div class='ocr_carea' id='block_1_30' title="bbox 187 2653 1761 2725">
    <p class='ocr_par' dir='ltr' id='par_1_30' title="bbox 187 2653 1761 2725">
     <span class='ocr_line' id='line_1_30' title="bbox 187 2653 1761 2725; baseline 0.002 -18"><span class='ocrx_word' id='word_1_223' title='bbox 187 2656 274 2725; x_wconf 82' lang='grc' dir='ltr'>μὴ</span> <span class='ocrx_word' id='word_1_224' title='bbox 315 2654 581 2724; x_wconf 73' lang='grc' dir='ltr'>ἀγαπῶν</span> <span class='ocrx_word' id='word_1_225' title='bbox 605 2654 714 2706; x_wconf 87' lang='grc' dir='ltr'>τὸν</span> <span class='ocrx_word' id='word_1_226' title='bbox 737 2654 996 2721; x_wconf 68' lang='grc' dir='ltr'>ἀδελφὸν</span> <span class='ocrx_word' id='word_1_227' title='bbox 1021 2653 1220 2708; x_wconf 82' lang='grc' dir='ltr'>αὑτοῦ.</span> <span class='ocrx_word' id='word_1_228' title='bbox 1253 2655 1368 2706; x_wconf 87' lang='grc' dir='ltr'>Τῶν</span> <span class='ocrx_word' id='word_1_229' title='bbox 1389 2656 1560 2725; x_wconf 76' lang='grc' dir='ltr'>ῥητῶν</span> <span class='ocrx_word' id='word_1_230' title='bbox 1589 2657 1761 2710; x_wconf 80' lang='grc' dir='ltr'>τοίνυν</span> 
     </span>
    </p>
   </div>
   <div class='ocr_carea' id='block_1_31' title="bbox 192 2742 1761 2814">
    <p class='ocr_par' dir='ltr' id='par_1_31' title="bbox 192 2742 1761 2814">
     <span class='ocr_line' id='line_1_31' title="bbox 192 2742 1761 2814; baseline 0.002 -20"><span class='ocrx_word' id='word_1_231' title='bbox 192 2744 418 2797; x_wconf 80' lang='grc' dir='ltr'>τούτων</span> <span class='ocrx_word' id='word_1_232' title='bbox 443 2742 620 2806; x_wconf 85' lang='grc' dir='ltr'>οῦτως</span> <span class='ocrx_word' id='word_1_233' title='bbox 659 2743 907 2812; x_wconf 80' lang='grc' dir='ltr'>ἐχόντων,</span> <span class='ocrx_word' id='word_1_234' title='bbox 940 2743 1264 2811; x_wconf 85' lang='grc' dir='ltr'>κατανόησον</span> <span class='ocrx_word' id='word_1_235' title='bbox 1288 2745 1333 2794; x_wconf 80' lang='grc' dir='ltr'><strong>εί</strong></span> <span class='ocrx_word' id='word_1_236' title='bbox 1368 2745 1438 2814; x_wconf 80' lang='grc' dir='ltr'>μὴ</span> <span class='ocrx_word' id='word_1_237' title='bbox 1469 2746 1647 2812; x_wconf 76' lang='grc' dir='ltr'>σαφῶς</span> <span class='ocrx_word' id='word_1_238' title='bbox 1689 2746 1761 2797; x_wconf 77' lang='grc' dir='ltr'>εἴ-</span> 
     </span>
    </p>
   </div>
   <div class='ocr_carea' id='block_1_32' title="bbox 197 2828 1762 2904">
    <p class='ocr_par' dir='ltr' id='par_1_32' title="bbox 197 2828 1762 2904">
     <span class='ocr_line' id='line_1_32' title="bbox 197 2828 1762 2904; baseline 0.001 -20"><span class='ocrx_word' id='word_1_239' title='bbox 197 2849 399 2904; x_wconf 77' lang='grc' dir='ltr'>ρηται,</span> <span class='ocrx_word' id='word_1_240' title='bbox 435 2832 519 2884; x_wconf 85' lang='grc' dir='ltr'>ὃτι</span> <span class='ocrx_word' id='word_1_241' title='bbox 553 2829 678 2896; x_wconf 85' lang='grc' dir='ltr'><strong>Πᾶς</strong></span> <span class='ocrx_word' id='word_1_242' title='bbox 707 2833 740 2884; x_wconf 89' lang='grc' dir='ltr'><strong>ό</strong></span> <span class='ocrx_word' id='word_1_243' title='bbox 770 2828 952 2884; x_wconf 82' lang='grc' dir='ltr'>ποιῶν</span> <span class='ocrx_word' id='word_1_244' title='bbox 983 2829 1094 2896; x_wconf 77' lang='grc' dir='ltr'>τὴν</span> <span class='ocrx_word' id='word_1_245' title='bbox 1122 2831 1404 2898; x_wconf 75' lang='grc' dir='ltr'>ἁμαρτίαν</span> <span class='ocrx_word' id='word_1_246' title='bbox 1427 2833 1493 2886; x_wconf 81' lang='grc' dir='ltr'>ἐκ</span> <span class='ocrx_word' id='word_1_247' title='bbox 1522 2833 1624 2884; x_wconf 89' lang='grc' dir='ltr'><strong>τοῦ</strong></span> <span class='ocrx_word' id='word_1_248' title='bbox 1649 2833 1762 2886; x_wconf 88' lang='grc' dir='ltr'>δια-</span> 
     </span>
    </p>
   </div>
   <div class='ocr_carea' id='block_1_33' title="bbox 193 2921 1762 2994">
    <p class='ocr_par' dir='ltr' id='par_1_33' title="bbox 193 2921 1762 2994">
     <span class='ocr_line' id='line_1_33' title="bbox 193 2921 1762 2994; baseline -0.001 -16"><span class='ocrx_word' id='word_1_249' title='bbox 193 2926 396 2978; x_wconf 76' lang='grc' dir='ltr'>ϐόλου</span> <span class='ocrx_word' id='word_1_250' title='bbox 430 2923 636 2975; x_wconf 84' lang='grc' dir='ltr'>ἐστίν·</span> <span class='ocrx_word' id='word_1_251' title='bbox 685 2922 806 2974; x_wconf 80' lang='grc' dir='ltr'>ὅσον</span> <span class='ocrx_word' id='word_1_252' title='bbox 841 2921 1094 2990; x_wconf 80' lang='grc' dir='ltr'>ποιοῦμεν</span> <span class='ocrx_word' id='word_1_253' title='bbox 1129 2922 1414 2992; x_wconf 84' lang='grc' dir='ltr'>ἁμαρτίας,</span> <span class='ocrx_word' id='word_1_254' title='bbox 1441 2924 1643 2976; x_wconf 75' lang='grc' dir='ltr'>οὐδέπω</span> <span class='ocrx_word' id='word_1_255' title='bbox 1668 2925 1762 2994; x_wconf 76' lang='grc' dir='ltr'><strong>τὴν</strong></span> 
     </span>
    </p>
   </div>
   <div class='ocr_carea' id='block_1_34' title="bbox 1870 499 3378 566">
    <p class='ocr_par' dir='ltr' id='par_1_34' title="bbox 1870 499 3378 566">
     <span class='ocr_line' id='line_1_34' title="bbox 1870 499 3378 566; baseline 0.001 -15"><span class='ocrx_word' id='word_1_256' title='bbox 1870 499 1970 551; x_wconf 81' lang='lat' dir='ltr'><strong>Vos</strong></span> <span class='ocrx_word' id='word_1_257' title='bbox 2003 515 2065 552; x_wconf 71' lang='lat' dir='ltr'><strong>ex</strong></span> <span class='ocrx_word' id='word_1_258' title='bbox 2085 511 2228 564; x_wconf 89' lang='lat' dir='ltr'><strong>patre</strong></span> <span class='ocrx_word' id='word_1_259' title='bbox 2255 499 2463 552; x_wconf 86' lang='lat' dir='ltr'><strong>diabolo</strong></span> <span class='ocrx_word' id='word_1_260' title='bbox 2492 501 2636 563; x_wconf 88' lang='lat' dir='ltr'><strong>estis,</strong></span> <span class='ocrx_word' id='word_1_261' title='bbox 2658 511 2706 554; x_wconf 90' lang='lat' dir='ltr'><strong>et</strong></span> <span class='ocrx_word' id='word_1_262' title='bbox 2735 501 2992 552; x_wconf 89' lang='lat' dir='ltr'><strong>desideria</strong></span> <span class='ocrx_word' id='word_1_263' title='bbox 3031 500 3194 566; x_wconf 87' lang='lat' dir='ltr'><strong>patris</strong></span> <span class='ocrx_word' id='word_1_264' title='bbox 3222 499 3378 552; x_wconf 77' lang='lat' dir='ltr'><strong>vestri</strong></span> 
     </span>
    </p>
   </div>
   <div class='ocr_carea' id='block_1_35' title="bbox 1861 587 3378 656">
    <p class='ocr_par' dir='ltr' id='par_1_35' title="bbox 1861 587 3378 656">
     <span class='ocr_line' id='line_1_35' title="bbox 1861 587 3378 656; baseline 0.001 -17"><span class='ocrx_word' id='word_1_265' title='bbox 1861 587 2012 640; x_wconf 83' lang='lat' dir='ltr'><strong>vultis</strong></span> <span class='ocrx_word' id='word_1_266' title='bbox 2071 589 2239 655; x_wconf 76' lang='lat' dir='ltr'><strong>facere</strong></span> <span class='ocrx_word' id='word_1_267' title='bbox 2285 588 2352 652; x_wconf 77' lang='grc'><strong>⁸⁷,</strong></span> <span class='ocrx_word' id='word_1_268' title='bbox 2393 604 2460 642; x_wconf 92' lang='lat' dir='ltr'><strong>ne</strong></span> <span class='ocrx_word' id='word_1_269' title='bbox 2505 603 2642 642; x_wconf 91' lang='lat' dir='ltr'><strong>nunc</strong></span> <span class='ocrx_word' id='word_1_270' title='bbox 2689 589 2901 656; x_wconf 88' lang='lat' dir='ltr'><strong>quidem</strong></span> <span class='ocrx_word' id='word_1_271' title='bbox 2947 602 3378 656; x_wconf 80' lang='lat' dir='ltr'><strong>agnosceremus,</strong></span> 
     </span>
    </p>
   </div>
   <div class='ocr_carea' id='block_1_36' title="bbox 1861 676 3376 744">
    <p class='ocr_par' dir='ltr' id='par_1_36' title="bbox 1861 676 3376 744">
     <span class='ocr_line' id='line_1_36' title="bbox 1861 676 3376 744; baseline -0.001 -14"><span class='ocrx_word' id='word_1_272' title='bbox 1861 677 2046 730; x_wconf 78' lang='lat' dir='ltr'><strong>saltem</strong></span> <span class='ocrx_word' id='word_1_273' title='bbox 2087 687 2290 744; x_wconf 88' lang='lat' dir='ltr'><strong>aperte,</strong></span> <span class='ocrx_word' id='word_1_274' title='bbox 2341 678 2618 730; x_wconf 84' lang='lat' dir='ltr'><strong>consilium</strong></span> <span class='ocrx_word' id='word_1_275' title='bbox 2679 677 2966 744; x_wconf 75' lang='lat' dir='ltr'><strong>loquentis.</strong></span> <span class='ocrx_word' id='word_1_276' title='bbox 3019 676 3126 730; x_wconf 82' lang='lat' dir='ltr'><strong>Nec</strong></span> <span class='ocrx_word' id='word_1_277' title='bbox 3182 677 3376 729; x_wconf 87' lang='lat' dir='ltr'><strong>mirum</strong></span> 
     </span>
    </p>
   </div>
   <div class='ocr_carea' id='block_1_37' title="bbox 1860 765 3378 835">
    <p class='ocr_par' dir='ltr' id='par_1_37' title="bbox 1860 765 3378 835">
     <span class='ocr_line' id='line_1_37' title="bbox 1860 765 3378 835; baseline 0.001 -15"><span class='ocrx_word' id='word_1_278' title='bbox 1860 766 2098 835; x_wconf 77' lang='lat' dir='ltr'><strong>profecto</strong></span> <span class='ocrx_word' id='word_1_279' title='bbox 2124 767 2170 821; x_wconf 89' lang='lat' dir='ltr'><strong>si</strong></span> <span class='ocrx_word' id='word_1_280' title='bbox 2202 769 2266 820; x_wconf 87' lang='lat' dir='ltr'><strong>ad</strong></span> <span class='ocrx_word' id='word_1_281' title='bbox 2297 782 2388 823; x_wconf 92' lang='lat' dir='ltr'><strong>eos</strong></span> <span class='ocrx_word' id='word_1_282' title='bbox 2423 765 2654 831; x_wconf 77' lang='lat' dir='ltr'><strong>Iudaeos,</strong></span> <span class='ocrx_word' id='word_1_283' title='bbox 2683 768 2773 834; x_wconf 92' lang='lat' dir='ltr'><strong>qui</strong></span> <span class='ocrx_word' id='word_1_284' title='bbox 2805 768 2852 820; x_wconf 92' lang='lat' dir='ltr'><strong>ei</strong></span> <span class='ocrx_word' id='word_1_285' title='bbox 2887 767 3244 830; x_wconf 79' lang='lat' dir='ltr'><strong>crediderant,</strong></span> <span class='ocrx_word' id='word_1_286' title='bbox 3275 781 3378 822; x_wconf 88' lang='lat' dir='ltr'><strong>nec</strong></span> 
     </span>
    </p>
   </div>
   <div class='ocr_carea' id='block_1_38' title="bbox 1865 857 3375 926">
    <p class='ocr_par' dir='ltr' id='par_1_38' title="bbox 1865 857 3375 926">
     <span class='ocr_line' id='line_1_38' title="bbox 1865 857 3375 926; baseline -0.001 -14"><span class='ocrx_word' id='word_1_287' title='bbox 1865 871 2034 912; x_wconf 85' lang='lat' dir='ltr'><strong>tamen</strong></span> <span class='ocrx_word' id='word_1_288' title='bbox 2071 867 2268 912; x_wconf 90' lang='lat' dir='ltr'><strong>tantum</strong></span> <span class='ocrx_word' id='word_1_289' title='bbox 2301 858 2553 926; x_wconf 89' lang='lat' dir='ltr'><strong>temporis</strong></span> <span class='ocrx_word' id='word_1_290' title='bbox 2583 859 2634 910; x_wconf 91' lang='lat' dir='ltr'><strong>in</strong></span> <span class='ocrx_word' id='word_1_291' title='bbox 2674 872 2918 912; x_wconf 86' lang='lat' dir='ltr'><strong>sermone</strong></span> <span class='ocrx_word' id='word_1_292' title='bbox 2969 857 3082 924; x_wconf 86' lang='lat' dir='ltr'><strong>ejus</strong></span> <span class='ocrx_word' id='word_1_293' title='bbox 3128 872 3375 925; x_wconf 88' lang='lat' dir='ltr'><strong>perman-</strong></span> 
     </span>
    </p>
   </div>
   <div class='ocr_carea' id='block_1_39' title="bbox 1863 947 3378 1018">
    <p class='ocr_par' dir='ltr' id='par_1_39' title="bbox 1863 947 3378 1018">
     <span class='ocr_line' id='line_1_39' title="bbox 1863 947 3378 1018; baseline -0.001 -18"><span class='ocrx_word' id='word_1_294' title='bbox 1863 957 2042 1001; x_wconf 90' lang='lat' dir='ltr'><strong>serant</strong></span> <span class='ocrx_word' id='word_1_295' title='bbox 2067 957 2124 1002; x_wconf 93' lang='lat' dir='ltr'><strong>ut</strong></span> <span class='ocrx_word' id='word_1_296' title='bbox 2163 964 2288 1003; x_wconf 88' lang='lat' dir='ltr'><strong>vere</strong></span> <span class='ocrx_word' id='word_1_297' title='bbox 2335 948 2503 1018; x_wconf 85' lang='lat' dir='ltr'><strong>ipsius</strong></span> <span class='ocrx_word' id='word_1_298' title='bbox 2557 948 2678 1000; x_wconf 75' lang='lat' dir='ltr'><strong>iacti</strong></span> <span class='ocrx_word' id='word_1_299' title='bbox 2734 947 2982 1014; x_wconf 82' lang='lat' dir='ltr'><strong>discipuli</strong></span> <span class='ocrx_word' id='word_1_300' title='bbox 3031 953 3378 1014; x_wconf 80' lang='lat' dir='ltr'><strong>agnoscerent</strong></span> 
     </span>
    </p>
   </div>
   <div class='ocr_carea' id='block_1_40' title="bbox 1860 1033 3378 1100">
    <p class='ocr_par' dir='ltr' id='par_1_40' title="bbox 1860 1033 3378 1100">
     <span class='ocr_line' id='line_1_40' title="bbox 1860 1033 3378 1100; baseline -0.001 -13"><span class='ocrx_word' id='word_1_301' title='bbox 1860 1038 2157 1100; x_wconf 80' lang='lat' dir='ltr'><strong>veritatem,</strong></span> <span class='ocrx_word' id='word_1_302' title='bbox 2185 1047 2240 1090; x_wconf 90' lang='lat' dir='ltr'><strong>ut</strong></span> <span class='ocrx_word' id='word_1_303' title='bbox 2268 1038 2336 1091; x_wconf 85' lang='lat' dir='ltr'><strong>ab</strong></span> <span class='ocrx_word' id='word_1_304' title='bbox 2363 1052 2427 1091; x_wconf 88' lang='lat' dir='ltr'><strong>ea</strong></span> <span class='ocrx_word' id='word_1_305' title='bbox 2469 1037 2842 1098; x_wconf 87' lang='lat' dir='ltr'><strong>liberarentur,</strong></span> <span class='ocrx_word' id='word_1_306' title='bbox 2884 1036 3078 1088; x_wconf 80' lang='lat' dir='ltr'><strong>dixerit</strong></span> <span class='ocrx_word' id='word_1_307' title='bbox 3118 1051 3132 1087; x_wconf 90' lang='lat'><strong>:</strong></span> <span class='ocrx_word' id='word_1_308' title='bbox 3170 1033 3266 1087; x_wconf 87' lang='lat' dir='ltr'><strong>Vos</strong></span> <span class='ocrx_word' id='word_1_309' title='bbox 3294 1033 3378 1100; x_wconf 77' lang='lat' dir='ltr'><strong>fa:-</strong></span> 
     </span>
    </p>
   </div>
   <div class='ocr_carea' id='block_1_41' title="bbox 1861 1121 3375 1194">
    <p class='ocr_par' dir='ltr' id='par_1_41' title="bbox 1861 1121 3375 1194">
     <span class='ocr_line' id='line_1_41' title="bbox 1861 1121 3375 1194; baseline -0.003 -16"><span class='ocrx_word' id='word_1_310' title='bbox 1861 1129 1978 1180; x_wconf 89' lang='lat' dir='ltr'><strong>citis</strong></span> <span class='ocrx_word' id='word_1_311' title='bbox 2011 1144 2162 1194; x_wconf 86' lang='lat' dir='ltr'><strong>opera</strong></span> <span class='ocrx_word' id='word_1_312' title='bbox 2188 1129 2350 1194; x_wconf 87' lang='lat' dir='ltr'><strong>patris</strong></span> <span class='ocrx_word' id='word_1_313' title='bbox 2380 1128 2533 1181; x_wconf 81' lang='lat' dir='ltr'><strong>uestri</strong></span> <span class='ocrx_word' id='word_1_314' title='bbox 2565 1127 2608 1158; x_wconf 78' lang='lat'><strong>“</strong></span> <span class='ocrx_word' id='word_1_315' title='bbox 2651 1143 2666 1186; x_wconf 87' lang='lat'><strong>;</strong></span> <span class='ocrx_word' id='word_1_316' title='bbox 2697 1135 2750 1179; x_wconf 89' lang='lat' dir='ltr'><strong>et</strong></span> <span class='ocrx_word' id='word_1_317' title='bbox 2782 1125 2907 1178; x_wconf 91' lang='lat' dir='ltr'><strong>illud</strong></span> <span class='ocrx_word' id='word_1_318' title='bbox 2944 1125 3121 1188; x_wconf 87' lang='lat' dir='ltr'><strong>etiam,</strong></span> <span class='ocrx_word' id='word_1_319' title='bbox 3148 1123 3288 1190; x_wconf 84' lang='lat' dir='ltr'><strong>quod</strong></span> <span class='ocrx_word' id='word_1_320' title='bbox 3321 1121 3375 1174; x_wconf 89' lang='lat' dir='ltr'><strong>in</strong></span> 
     </span>
    </p>
   </div>
   <div class='ocr_carea' id='block_1_42' title="bbox 1861 1215 3373 1288">
    <p class='ocr_par' dir='ltr' id='par_1_42' title="bbox 1861 1215 3373 1288">
     <span class='ocr_line' id='line_1_42' title="bbox 1861 1215 3373 1288; baseline -0.004 -16"><span class='ocrx_word' id='word_1_321' title='bbox 1861 1219 2202 1285; x_wconf 87' lang='lat' dir='ltr'><strong>sequentibus</strong></span> <span class='ocrx_word' id='word_1_322' title='bbox 2227 1219 2562 1288; x_wconf 77' lang='lat' dir='ltr'><strong>subjungitur</strong></span> <span class='ocrx_word' id='word_1_323' title='bbox 2587 1236 2601 1272; x_wconf 91' lang='lat'><strong>:</strong></span> <span class='ocrx_word' id='word_1_324' title='bbox 2630 1217 2732 1270; x_wconf 85' lang='lat' dir='ltr'><strong>Vos</strong></span> <span class='ocrx_word' id='word_1_325' title='bbox 2747 1233 2810 1270; x_wconf 78' lang='lat' dir='ltr'><strong>ex</strong></span> <span class='ocrx_word' id='word_1_326' title='bbox 2831 1226 2976 1282; x_wconf 81' lang='lat' dir='ltr'><strong>patre</strong></span> <span class='ocrx_word' id='word_1_327' title='bbox 3001 1215 3203 1268; x_wconf 82' lang='lat' dir='ltr'><strong>diabolo</strong></span> <span class='ocrx_word' id='word_1_328' title='bbox 3231 1215 3373 1268; x_wconf 83' lang='lat' dir='ltr'><strong>estis.</strong></span> 
     </span>
    </p>
   </div>
   <div class='ocr_carea' id='block_1_43' title="bbox 1861 1300 3374 1373">
    <p class='ocr_par' dir='ltr' id='par_1_43' title="bbox 1861 1300 3374 1373">
     <span class='ocr_line' id='line_1_43' title="bbox 1861 1300 3374 1373; baseline -0.006 -14"><span class='ocrx_word' id='word_1_329' title='bbox 1861 1307 2110 1373; x_wconf 80' lang='lat' dir='ltr'><strong>Quamvis</strong></span> <span class='ocrx_word' id='word_1_330' title='bbox 2136 1308 2277 1360; x_wconf 88' lang='lat' dir='ltr'><strong>enim</strong></span> <span class='ocrx_word' id='word_1_331' title='bbox 2305 1307 2649 1359; x_wconf 89' lang='lat' dir='ltr'><strong>inhumanum</strong></span> <span class='ocrx_word' id='word_1_332' title='bbox 2683 1305 2786 1358; x_wconf 89' lang='lat' dir='ltr'><strong>hoc</strong></span> <span class='ocrx_word' id='word_1_333' title='bbox 2813 1304 3008 1357; x_wconf 90' lang='lat' dir='ltr'><strong>dictum</strong></span> <span class='ocrx_word' id='word_1_334' title='bbox 3042 1302 3285 1354; x_wconf 90' lang='lat' dir='ltr'><strong>videatur</strong></span> <span class='ocrx_word' id='word_1_335' title='bbox 3307 1300 3374 1351; x_wconf 85' lang='lat' dir='ltr'><strong>ad</strong></span> 
     </span>
    </p>
   </div>
   <div class='ocr_carea' id='block_1_44' title="bbox 1861 1389 3378 1466">
    <p class='ocr_par' dir='ltr' id='par_1_44' title="bbox 1861 1389 3378 1466">
     <span class='ocr_line' id='line_1_44' title="bbox 1861 1389 3378 1466; baseline -0.005 -16"><span class='ocrx_word' id='word_1_336' title='bbox 1861 1413 1954 1452; x_wconf 84' lang='lat' dir='ltr'><strong>eos</strong></span> <span class='ocrx_word' id='word_1_337' title='bbox 1994 1398 2081 1466; x_wconf 86' lang='lat' dir='ltr'><strong>qui</strong></span> <span class='ocrx_word' id='word_1_338' title='bbox 2129 1399 2175 1450; x_wconf 89' lang='lat' dir='ltr'><strong>ei</strong></span> <span class='ocrx_word' id='word_1_339' title='bbox 2203 1396 2555 1461; x_wconf 86' lang='lat' dir='ltr'><strong>crediderant,</strong></span> <span class='ocrx_word' id='word_1_340' title='bbox 2602 1397 2795 1464; x_wconf 91' lang='lat' dir='ltr'><strong>quique</strong></span> <span class='ocrx_word' id='word_1_341' title='bbox 2827 1393 3003 1460; x_wconf 82' lang='lat' dir='ltr'><strong>aliquo</strong></span> <span class='ocrx_word' id='word_1_342' title='bbox 3035 1391 3189 1444; x_wconf 89' lang='lat' dir='ltr'><strong>modo</strong></span> <span class='ocrx_word' id='word_1_343' title='bbox 3217 1389 3284 1444; x_wconf 79' lang='lat' dir='ltr'><strong>ab</strong></span> <span class='ocrx_word' id='word_1_344' title='bbox 3314 1404 3378 1443; x_wconf 88' lang='lat' dir='ltr'><strong>co</strong></span> 
     </span>
    </p>
   </div>
   <div class='ocr_carea' id='block_1_45' title="bbox 1862 1479 3377 1550">
    <p class='ocr_par' dir='ltr' id='par_1_45' title="bbox 1862 1479 3377 1550">
     <span class='ocr_line' id='line_1_45' title="bbox 1862 1479 3377 1550; baseline -0.007 -8"><span class='ocrx_word' id='word_1_345' title='bbox 1862 1489 2036 1542; x_wconf 90' lang='lat' dir='ltr'><strong>edocti</strong></span> <span class='ocrx_word' id='word_1_346' title='bbox 2067 1486 2298 1550; x_wconf 78' lang='lat' dir='ltr'><strong>fuerant,</strong></span> <span class='ocrx_word' id='word_1_347' title='bbox 2332 1501 2438 1540; x_wconf 84' lang='lat' dir='ltr'><strong>non</strong></span> <span class='ocrx_word' id='word_1_348' title='bbox 2481 1494 2656 1538; x_wconf 88' lang='lat' dir='ltr'><strong>tamen</strong></span> <span class='ocrx_word' id='word_1_349' title='bbox 2684 1499 2748 1537; x_wconf 90' lang='lat' dir='ltr'><strong>eo</strong></span> <span class='ocrx_word' id='word_1_350' title='bbox 2774 1497 2937 1550; x_wconf 89' lang='lat' dir='ltr'><strong>usque</strong></span> <span class='ocrx_word' id='word_1_351' title='bbox 2967 1491 3025 1534; x_wconf 89' lang='lat' dir='ltr'><strong>ut</strong></span> <span class='ocrx_word' id='word_1_352' title='bbox 3055 1495 3178 1533; x_wconf 87' lang='lat' dir='ltr'><strong>vere</strong></span> <span class='ocrx_word' id='word_1_353' title='bbox 3219 1479 3377 1532; x_wconf 85' lang='lat' dir='ltr'><strong>disci-</strong></span> 
     </span>
    </p>
   </div>
   <div class='ocr_carea' id='block_1_46' title="bbox 1861 1576 3379 1646">
    <p class='ocr_par' dir='ltr' id='par_1_46' title="bbox 1861 1576 3379 1646">
     <span class='ocr_line' id='line_1_46' title="bbox 1861 1576 3379 1646; baseline -0.008 -17"><span class='ocrx_word' id='word_1_354' title='bbox 1861 1577 1965 1646; x_wconf 86' lang='lat' dir='ltr'><strong>puli</strong></span> <span class='ocrx_word' id='word_1_355' title='bbox 1999 1576 2192 1631; x_wconf 84' lang='lat' dir='ltr'><strong>Christi</strong></span> <span class='ocrx_word' id='word_1_356' title='bbox 2222 1578 2547 1639; x_wconf 87' lang='lat' dir='ltr'><strong>dicerentur,</strong></span> <span class='ocrx_word' id='word_1_357' title='bbox 2587 1583 2819 1626; x_wconf 85' lang='lat' dir='ltr'><strong>attamen</strong></span> <span class='ocrx_word' id='word_1_358' title='bbox 2869 1584 3087 1624; x_wconf 87' lang='lat' dir='ltr'><strong>necesse</strong></span> <span class='ocrx_word' id='word_1_359' title='bbox 3125 1579 3208 1622; x_wconf 91' lang='lat' dir='ltr'><strong>est</strong></span> <span class='ocrx_word' id='word_1_360' title='bbox 3245 1581 3379 1620; x_wconf 86' lang='lat' dir='ltr'><strong>con-</strong></span> 
     </span>
    </p>
   </div>
   <div class='ocr_carea' id='block_1_47' title="bbox 1860 1657 3379 1721">
    <p class='ocr_par' dir='ltr' id='par_1_47' title="bbox 1860 1657 3379 1721">
     <span class='ocr_line' id='line_1_47' title="bbox 1860 1657 3379 1721; baseline -0.007 -1"><span class='ocrx_word' id='word_1_361' title='bbox 1860 1668 2154 1721; x_wconf 86' lang='lat' dir='ltr'><strong>sideremus</strong></span> <span class='ocrx_word' id='word_1_362' title='bbox 2199 1665 2324 1718; x_wconf 79' lang='lat' dir='ltr'><strong>illud</strong></span> <span class='ocrx_word' id='word_1_363' title='bbox 2373 1681 2399 1717; x_wconf 90' lang='lat' dir='ltr'><strong>a</strong></span> <span class='ocrx_word' id='word_1_364' title='bbox 2428 1663 2630 1716; x_wconf 79' lang='lat' dir='ltr'><strong>Joanne</strong></span> <span class='ocrx_word' id='word_1_365' title='bbox 2659 1662 2710 1714; x_wconf 92' lang='lat' dir='ltr'><strong>in</strong></span> <span class='ocrx_word' id='word_1_366' title='bbox 2734 1660 3007 1714; x_wconf 81' lang='lat' dir='ltr'><strong>Catholica</strong></span> <span class='ocrx_word' id='word_1_367' title='bbox 3039 1657 3269 1721; x_wconf 80' lang='lat' dir='ltr'><strong>EpiStola</strong></span> <span class='ocrx_word' id='word_1_368' title='bbox 3299 1659 3379 1710; x_wconf 89' lang='lat' dir='ltr'><strong>di-</strong></span> 
     </span>
    </p>
   </div>
   <div class='ocr_carea' id='block_1_48' title="bbox 1855 1743 3378 1818">
    <p class='ocr_par' dir='ltr' id='par_1_48' title="bbox 1855 1743 3378 1818">
     <span class='ocr_line' id='line_1_48' title="bbox 1855 1743 3378 1818; baseline -0.008 -12"><span class='ocrx_word' id='word_1_369' title='bbox 1855 1765 1994 1807; x_wconf 85' lang='lat' dir='ltr'><strong>ctum</strong></span> <span class='ocrx_word' id='word_1_370' title='bbox 2031 1755 2094 1806; x_wconf 87' lang='lat' dir='ltr'><strong>de</strong></span> <span class='ocrx_word' id='word_1_371' title='bbox 2125 1753 2243 1805; x_wconf 89' lang='lat' dir='ltr'><strong>liliis</strong></span> <span class='ocrx_word' id='word_1_372' title='bbox 2285 1751 2392 1813; x_wconf 87' lang='lat' dir='ltr'><strong>Dei,</strong></span> <span class='ocrx_word' id='word_1_373' title='bbox 2448 1751 2616 1818; x_wconf 88' lang='lat' dir='ltr'><strong>deque</strong></span> <span class='ocrx_word' id='word_1_374' title='bbox 2657 1749 2779 1802; x_wconf 88' lang='lat' dir='ltr'><strong>ﬁliis</strong></span> <span class='ocrx_word' id='word_1_375' title='bbox 2820 1745 3038 1800; x_wconf 84' lang='lat' dir='ltr'><strong>diaboli.</strong></span> <span class='ocrx_word' id='word_1_376' title='bbox 3093 1743 3195 1806; x_wconf 81' lang='lat' dir='ltr'><strong>Qui</strong></span> <span class='ocrx_word' id='word_1_377' title='bbox 3237 1758 3378 1795; x_wconf 84' lang='lat' dir='ltr'><strong>com-</strong></span> 
     </span>
    </p>
   </div>
   <div class='ocr_carea' id='block_1_49' title="bbox 1855 1835 3376 1906">
    <p class='ocr_par' dir='ltr' id='par_1_49' title="bbox 1855 1835 3376 1906">
     <span class='ocr_line' id='line_1_49' title="bbox 1855 1835 3376 1906; baseline -0.006 -13"><span class='ocrx_word' id='word_1_378' title='bbox 1855 1844 2008 1893; x_wconf 89' lang='lat' dir='ltr'><strong>mittit</strong></span> <span class='ocrx_word' id='word_1_379' title='bbox 2035 1843 2198 1902; x_wconf 89' lang='lat' dir='ltr'><strong>enim,</strong></span> <span class='ocrx_word' id='word_1_380' title='bbox 2231 1841 2419 1906; x_wconf 86' lang='lat' dir='ltr'><strong>inquit,</strong></span> <span class='ocrx_word' id='word_1_381' title='bbox 2447 1850 2726 1905; x_wconf 75' lang='lat' dir='ltr'><strong>peccatum,</strong></span> <span class='ocrx_word' id='word_1_382' title='bbox 2767 1853 2830 1889; x_wconf 79' lang='lat' dir='ltr'><strong>ea:</strong></span> <span class='ocrx_word' id='word_1_383' title='bbox 2866 1835 3075 1886; x_wconf 82' lang='lat' dir='ltr'><strong>diabolo</strong></span> <span class='ocrx_word' id='word_1_384' title='bbox 3113 1841 3212 1894; x_wconf 81' lang='lat' dir='ltr'><strong>est,</strong></span> <span class='ocrx_word' id='word_1_385' title='bbox 3242 1848 3376 1900; x_wconf 85' lang='lat' dir='ltr'><strong>quo-</strong></span> 
     </span>
    </p>
   </div>
   <div class='ocr_carea' id='block_1_50' title="bbox 1856 1919 3377 1995">
    <p class='ocr_par' dir='ltr' id='par_1_50' title="bbox 1856 1919 3377 1995">
     <span class='ocr_line' id='line_1_50' title="bbox 1856 1919 3377 1995; baseline -0.008 -12"><span class='ocrx_word' id='word_1_386' title='bbox 1856 1934 1993 1983; x_wconf 80' lang='lat' dir='ltr'><strong>niam</strong></span> <span class='ocrx_word' id='word_1_387' title='bbox 2020 1931 2081 1982; x_wconf 89' lang='lat' dir='ltr'><strong>ab</strong></span> <span class='ocrx_word' id='word_1_388' title='bbox 2109 1931 2254 1983; x_wconf 88' lang='lat' dir='ltr'><strong>initio</strong></span> <span class='ocrx_word' id='word_1_389' title='bbox 2288 1928 2522 1980; x_wconf 78' lang='lat' dir='ltr'><strong>diabolus</strong></span> <span class='ocrx_word' id='word_1_390' title='bbox 2560 1937 2750 1995; x_wconf 81' lang='lat' dir='ltr'><strong>peccat.</strong></span> <span class='ocrx_word' id='word_1_391' title='bbox 2787 1925 2864 1977; x_wconf 78' lang='lat' dir='ltr'><strong>Ad</strong></span> <span class='ocrx_word' id='word_1_392' title='bbox 2893 1925 2988 1975; x_wconf 78' lang='lat' dir='ltr'><strong>hoc</strong></span> <span class='ocrx_word' id='word_1_393' title='bbox 3013 1923 3254 1989; x_wconf 87' lang='lat' dir='ltr'><strong>apparuit</strong></span> <span class='ocrx_word' id='word_1_394' title='bbox 3284 1919 3377 1972; x_wconf 79' lang='lat' dir='ltr'><strong>Fi—</strong></span> 
     </span>
    </p>
   </div>
   <div class='ocr_carea' id='block_1_51' title="bbox 1853 2011 3376 2082">
    <p class='ocr_par' dir='ltr' id='par_1_51' title="bbox 1853 2011 3376 2082">
     <span class='ocr_line' id='line_1_51' title="bbox 1853 2011 3376 2082; baseline -0.007 -10"><span class='ocrx_word' id='word_1_395' title='bbox 1853 2022 1955 2072; x_wconf 86' lang='lat' dir='ltr'><strong>lius</strong></span> <span class='ocrx_word' id='word_1_396' title='bbox 1986 2020 2096 2082; x_wconf 90' lang='lat' dir='ltr'><strong>Dei,</strong></span> <span class='ocrx_word' id='word_1_397' title='bbox 2123 2029 2176 2072; x_wconf 87' lang='lat' dir='ltr'><strong>ut</strong></span> <span class='ocrx_word' id='word_1_398' title='bbox 2208 2019 2453 2070; x_wconf 82' lang='lat' dir='ltr'><strong>dissoluat</strong></span> <span class='ocrx_word' id='word_1_399' title='bbox 2480 2031 2630 2081; x_wconf 86' lang='lat' dir='ltr'><strong>opera</strong></span> <span class='ocrx_word' id='word_1_400' title='bbox 2657 2015 2867 2068; x_wconf 83' lang='lat' dir='ltr'><strong>diaboli.</strong></span> <span class='ocrx_word' id='word_1_401' title='bbox 2913 2013 3091 2067; x_wconf 86' lang='lat' dir='ltr'><strong>Omnis</strong></span> <span class='ocrx_word' id='word_1_402' title='bbox 3130 2011 3219 2078; x_wconf 88' lang='lat' dir='ltr'><strong>qui</strong></span> <span class='ocrx_word' id='word_1_403' title='bbox 3280 2026 3376 2062; x_wconf 90' lang='lat' dir='ltr'><strong>na-</strong></span> 
     </span>
    </p>
   </div>
   <div class='ocr_carea' id='block_1_52' title="bbox 1855 2101 3376 2172">
    <p class='ocr_par' dir='ltr' id='par_1_52' title="bbox 1855 2101 3376 2172">
     <span class='ocr_line' id='line_1_52' title="bbox 1855 2101 3376 2172; baseline -0.009 -12"><span class='ocrx_word' id='word_1_404' title='bbox 1855 2117 1938 2160; x_wconf 82' lang='lat' dir='ltr'><strong>tas</strong></span> <span class='ocrx_word' id='word_1_405' title='bbox 1979 2115 2052 2159; x_wconf 87' lang='lat' dir='ltr'><strong>est</strong></span> <span class='ocrx_word' id='word_1_406' title='bbox 2087 2121 2152 2159; x_wconf 79' lang='lat' dir='ltr'><strong>ea:</strong></span> <span class='ocrx_word' id='word_1_407' title='bbox 2186 2105 2311 2169; x_wconf 87' lang='lat' dir='ltr'><strong>Deo,</strong></span> <span class='ocrx_word' id='word_1_408' title='bbox 2349 2113 2613 2172; x_wconf 87' lang='lat' dir='ltr'><strong>peccatum</strong></span> <span class='ocrx_word' id='word_1_409' title='bbox 2657 2118 2760 2154; x_wconf 87' lang='lat' dir='ltr'><strong>non</strong></span> <span class='ocrx_word' id='word_1_410' title='bbox 2801 2101 3094 2160; x_wconf 87' lang='lat' dir='ltr'><strong>committit,</strong></span> <span class='ocrx_word' id='word_1_411' title='bbox 3137 2102 3376 2166; x_wconf 87' lang='lat' dir='ltr'><strong>quoniam</strong></span> 
     </span>
    </p>
   </div>
   <div class='ocr_carea' id='block_1_53' title="bbox 1855 2196 3377 2263">
    <p class='ocr_par' dir='ltr' id='par_1_53' title="bbox 1855 2196 3377 2263">
     <span class='ocr_line' id='line_1_53' title="bbox 1855 2196 3377 2263; baseline -0.007 -14"><span class='ocrx_word' id='word_1_412' title='bbox 1855 2212 2024 2249; x_wconf 82' lang='lat' dir='ltr'><strong>semen</strong></span> <span class='ocrx_word' id='word_1_413' title='bbox 2063 2196 2223 2263; x_wconf 78' lang='lat' dir='ltr'><strong>ipsius</strong></span> <span class='ocrx_word' id='word_1_414' title='bbox 2263 2197 2315 2246; x_wconf 92' lang='lat' dir='ltr'><strong>in</strong></span> <span class='ocrx_word' id='word_1_415' title='bbox 2349 2211 2406 2247; x_wconf 93' lang='lat' dir='ltr'><strong>eo</strong></span> <span class='ocrx_word' id='word_1_416' title='bbox 2429 2204 2622 2254; x_wconf 85' lang='lat' dir='ltr'><strong>manet,</strong></span> <span class='ocrx_word' id='word_1_417' title='bbox 2645 2201 2692 2244; x_wconf 89' lang='lat' dir='ltr'><strong>et</strong></span> <span class='ocrx_word' id='word_1_418' title='bbox 2723 2207 2821 2242; x_wconf 91' lang='lat' dir='ltr'><strong>non</strong></span> <span class='ocrx_word' id='word_1_419' title='bbox 2856 2201 3015 2256; x_wconf 77' lang='lat' dir='ltr'><strong>potest</strong></span> <span class='ocrx_word' id='word_1_420' title='bbox 3057 2204 3280 2254; x_wconf 81' lang='lat' dir='ltr'><strong>peccare,</strong></span> <span class='ocrx_word' id='word_1_421' title='bbox 3319 2203 3377 2240; x_wconf 90' lang='lat' dir='ltr'><strong>eo</strong></span> 
     </span>
    </p>
   </div>
   <div class='ocr_carea' id='block_1_54' title="bbox 1855 2275 3376 2354">
    <p class='ocr_par' dir='ltr' id='par_1_54' title="bbox 1855 2275 3376 2354">
     <span class='ocr_line' id='line_1_54' title="bbox 1855 2275 3376 2354; baseline -0.007 -16"><span class='ocrx_word' id='word_1_422' title='bbox 1855 2287 1988 2354; x_wconf 73' lang='lat' dir='ltr'><strong>quod</strong></span> <span class='ocrx_word' id='word_1_423' title='bbox 2027 2299 2090 2338; x_wconf 76' lang='lat' dir='ltr'><strong>ex</strong></span> <span class='ocrx_word' id='word_1_424' title='bbox 2119 2285 2223 2337; x_wconf 87' lang='lat' dir='ltr'><strong>Deo</strong></span> <span class='ocrx_word' id='word_1_425' title='bbox 2255 2295 2406 2335; x_wconf 82' lang='lat' dir='ltr'><strong>natus</strong></span> <span class='ocrx_word' id='word_1_426' title='bbox 2435 2291 2532 2336; x_wconf 87' lang='lat' dir='ltr'><strong>est.</strong></span> <span class='ocrx_word' id='word_1_427' title='bbox 2575 2281 2634 2334; x_wconf 82' lang='lat' dir='ltr'><strong>In</strong></span> <span class='ocrx_word' id='word_1_428' title='bbox 2671 2280 2765 2332; x_wconf 83' lang='lat' dir='ltr'><strong>hoc</strong></span> <span class='ocrx_word' id='word_1_429' title='bbox 2810 2279 3069 2345; x_wconf 76' lang='lat' dir='ltr'><strong>manifesti</strong></span> <span class='ocrx_word' id='word_1_430' title='bbox 3112 2287 3232 2329; x_wconf 85' lang='lat' dir='ltr'><strong>sunt</strong></span> <span class='ocrx_word' id='word_1_431' title='bbox 3278 2275 3376 2342; x_wconf 77' lang='lat' dir='ltr'><strong>ﬁlii</strong></span> 
     </span>
    </p>
   </div>
   <div class='ocr_carea' id='block_1_55' title="bbox 1857 2366 3373 2442">
    <p class='ocr_par' dir='ltr' id='par_1_55' title="bbox 1857 2366 3373 2442">
     <span class='ocr_line' id='line_1_55' title="bbox 1857 2366 3373 2442; baseline -0.008 -14"><span class='ocrx_word' id='word_1_432' title='bbox 1857 2376 1976 2439; x_wconf 87' lang='lat' dir='ltr'><strong>Dei,</strong></span> <span class='ocrx_word' id='word_1_433' title='bbox 2001 2386 2046 2428; x_wconf 88' lang='lat' dir='ltr'><strong>et</strong></span> <span class='ocrx_word' id='word_1_434' title='bbox 2083 2375 2180 2442; x_wconf 88' lang='lat' dir='ltr'><strong>filii</strong></span> <span class='ocrx_word' id='word_1_435' title='bbox 2211 2374 2406 2426; x_wconf 89' lang='lat' dir='ltr'><strong>diaboli</strong></span> <span class='ocrx_word' id='word_1_436' title='bbox 2455 2387 2473 2424; x_wconf 92' lang='lat'><strong><em>:</em></strong></span> <span class='ocrx_word' id='word_1_437' title='bbox 2505 2372 2668 2425; x_wconf 87' lang='lat' dir='ltr'><strong>omnis</strong></span> <span class='ocrx_word' id='word_1_438' title='bbox 2697 2371 2781 2439; x_wconf 85' lang='lat' dir='ltr'><strong>qui</strong></span> <span class='ocrx_word' id='word_1_439' title='bbox 2811 2384 2910 2420; x_wconf 91' lang='lat' dir='ltr'><strong>non</strong></span> <span class='ocrx_word' id='word_1_440' title='bbox 2944 2367 3070 2435; x_wconf 81' lang='lat' dir='ltr'><strong>facit</strong></span> <span class='ocrx_word' id='word_1_441' title='bbox 3097 2366 3373 2433; x_wconf 81' lang='lat' dir='ltr'><strong>justitiam,</strong></span> 
     </span>
    </p>
   </div>
   <div class='ocr_carea' id='block_1_56' title="bbox 1859 2458 3429 2530">
    <p class='ocr_par' dir='ltr' id='par_1_56' title="bbox 1859 2458 3429 2530">
     <span class='ocr_line' id='line_1_56' title="bbox 1859 2458 3429 2530; baseline -0.004 -14"><span class='ocrx_word' id='word_1_442' title='bbox 1859 2483 1957 2518; x_wconf 82' lang='lat' dir='ltr'><strong>non</strong></span> <span class='ocrx_word' id='word_1_443' title='bbox 1993 2476 2067 2518; x_wconf 88' lang='lat' dir='ltr'><strong>est</strong></span> <span class='ocrx_word' id='word_1_444' title='bbox 2100 2481 2162 2518; x_wconf 77' lang='lat' dir='ltr'><strong>ex</strong></span> <span class='ocrx_word' id='word_1_445' title='bbox 2198 2463 2324 2527; x_wconf 83' lang='lat' dir='ltr'><strong>Deo,</strong></span> <span class='ocrx_word' id='word_1_446' title='bbox 2362 2473 2407 2515; x_wconf 84' lang='lat' dir='ltr'><strong>et</strong></span> <span class='ocrx_word' id='word_1_447' title='bbox 2440 2463 2530 2530; x_wconf 85' lang='lat' dir='ltr'><strong>qui</strong></span> <span class='ocrx_word' id='word_1_448' title='bbox 2562 2477 2659 2513; x_wconf 90' lang='lat' dir='ltr'><strong>non</strong></span> <span class='ocrx_word' id='word_1_449' title='bbox 2687 2459 2853 2527; x_wconf 79' lang='lat' dir='ltr'><strong>diligit</strong></span> <span class='ocrx_word' id='word_1_450' title='bbox 2887 2458 3102 2524; x_wconf 86' lang='lat' dir='ltr'><strong>fratrem</strong></span> <span class='ocrx_word' id='word_1_451' title='bbox 3134 2473 3284 2510; x_wconf 83' lang='lat' dir='ltr'><strong>suum</strong></span> <span class='ocrx_word' id='word_1_452' title='bbox 3310 2458 3370 2510; x_wconf 86' lang='grc'><strong>⁶⁹.</strong></span> <span class='ocrx_word' id='word_1_453' title='bbox 3426 2521 3429 2524; x_wconf 96' lang='lat'><em>_</em></span> 
     </span>
    </p>
   </div>
   <div class='ocr_carea' id='block_1_57' title="bbox 1858 2550 3374 2620">
    <p class='ocr_par' dir='ltr' id='par_1_57' title="bbox 1858 2550 3374 2620">
     <span class='ocr_line' id='line_1_57' title="bbox 1858 2550 3374 2620; baseline -0.003 -15"><span class='ocrx_word' id='word_1_454' title='bbox 1858 2555 2058 2620; x_wconf 81' lang='lat' dir='ltr'><strong>Quibus</strong></span> <span class='ocrx_word' id='word_1_455' title='bbox 2091 2553 2268 2606; x_wconf 77' lang='lat' dir='ltr'><strong>verbis</strong></span> <span class='ocrx_word' id='word_1_456' title='bbox 2317 2553 2394 2606; x_wconf 92' lang='lat' dir='ltr'><strong>sic</strong></span> <span class='ocrx_word' id='word_1_457' title='bbox 2443 2551 2782 2614; x_wconf 77' lang='lat' dir='ltr'><strong>habentibus,</strong></span> <span class='ocrx_word' id='word_1_458' title='bbox 2824 2550 3102 2602; x_wconf 86' lang='lat' dir='ltr'><strong>considera</strong></span> <span class='ocrx_word' id='word_1_459' title='bbox 3151 2565 3218 2602; x_wconf 89' lang='lat' dir='ltr'><strong>an</strong></span> <span class='ocrx_word' id='word_1_460' title='bbox 3273 2564 3374 2604; x_wconf 93' lang='lat' dir='ltr'><strong>non</strong></span> 
     </span>
    </p>
   </div>
   <div class='ocr_carea' id='block_1_58' title="bbox 1859 2643 3376 2713">
    <p class='ocr_par' dir='ltr' id='par_1_58' title="bbox 1859 2643 3376 2713">
     <span class='ocr_line' id='line_1_58' title="bbox 1859 2643 3376 2713; baseline -0.005 -15"><span class='ocrx_word' id='word_1_461' title='bbox 1859 2657 2042 2713; x_wconf 89' lang='lat' dir='ltr'><strong>aperte</strong></span> <span class='ocrx_word' id='word_1_462' title='bbox 2093 2647 2292 2699; x_wconf 79' lang='lat' dir='ltr'><strong>dictum</strong></span> <span class='ocrx_word' id='word_1_463' title='bbox 2333 2645 2438 2698; x_wconf 86' lang='lat' dir='ltr'><strong>sit:</strong></span> <span class='ocrx_word' id='word_1_464' title='bbox 2466 2643 2645 2696; x_wconf 84' lang='lat' dir='ltr'><strong>Omnis</strong></span> <span class='ocrx_word' id='word_1_465' title='bbox 2683 2643 2773 2710; x_wconf 86' lang='lat' dir='ltr'><strong>qui</strong></span> <span class='ocrx_word' id='word_1_466' title='bbox 2797 2643 3066 2694; x_wconf 71' lang='lat' dir='ltr'><strong>committit</strong></span> <span class='ocrx_word' id='word_1_467' title='bbox 3093 2653 3376 2707; x_wconf 81' lang='lat' dir='ltr'><strong>peccatum,</strong></span> 
     </span>
    </p>
   </div>
   <div class='ocr_carea' id='block_1_59' title="bbox 1859 2732 3376 2798">
    <p class='ocr_par' dir='ltr' id='par_1_59' title="bbox 1859 2732 3376 2798">
     <span class='ocr_line' id='line_1_59' title="bbox 1859 2732 3376 2798; baseline -0.001 -15"><span class='ocrx_word' id='word_1_468' title='bbox 1859 2749 1923 2784; x_wconf 79' lang='lat' dir='ltr'><strong>ea:</strong></span> <span class='ocrx_word' id='word_1_469' title='bbox 1945 2733 2152 2786; x_wconf 86' lang='lat' dir='ltr'><strong>diabolo</strong></span> <span class='ocrx_word' id='word_1_470' title='bbox 2181 2742 2278 2788; x_wconf 85' lang='lat' dir='ltr'><strong>est.</strong></span> <span class='ocrx_word' id='word_1_471' title='bbox 2306 2732 2532 2786; x_wconf 83' lang='lat' dir='ltr'><strong>Proinde</strong></span> <span class='ocrx_word' id='word_1_472' title='bbox 2565 2733 2613 2784; x_wconf 92' lang='lat' dir='ltr'><strong>in</strong></span> <span class='ocrx_word' id='word_1_473' title='bbox 2642 2739 2899 2798; x_wconf 89' lang='lat' dir='ltr'><strong>quantum</strong></span> <span class='ocrx_word' id='word_1_474' title='bbox 2927 2737 3199 2796; x_wconf 86' lang='lat' dir='ltr'><strong>peccatum</strong></span> <span class='ocrx_word' id='word_1_475' title='bbox 3230 2745 3376 2784; x_wconf 80' lang='lat' dir='ltr'><strong>com-</strong></span> 
     </span>
    </p>
   </div>
   <div class='ocr_carea' id='block_1_60' title="bbox 1859 2820 3481 2886">
    <p class='ocr_par' dir='ltr' id='par_1_60' title="bbox 1859 2820 3481 2886">
     <span class='ocr_line' id='line_1_60' title="bbox 1859 2820 3481 2886; baseline 0 -14"><span class='ocrx_word' id='word_1_476' title='bbox 1859 2822 2136 2886; x_wconf 87' lang='lat' dir='ltr'><strong>mittimus,</strong></span> <span class='ocrx_word' id='word_1_477' title='bbox 2161 2822 2391 2876; x_wconf 90' lang='lat' dir='ltr'><strong>nondum</strong></span> <span class='ocrx_word' id='word_1_478' title='bbox 2405 2823 2651 2874; x_wconf 77' lang='lat' dir='ltr'><strong>exuimus</strong></span> <span class='ocrx_word' id='word_1_479' title='bbox 2665 2831 2837 2875; x_wconf 89' lang='lat' dir='ltr'><strong>ortum</strong></span> <span class='ocrx_word' id='word_1_480' title='bbox 2851 2836 2914 2876; x_wconf 76' lang='lat' dir='ltr'><strong>ex</strong></span> <span class='ocrx_word' id='word_1_481' title='bbox 2929 2821 3154 2885; x_wconf 91' lang='lat' dir='ltr'><strong>diabolo,</strong></span> <span class='ocrx_word' id='word_1_482' title='bbox 3171 2820 3375 2873; x_wconf 85' lang='lat' dir='ltr'><strong>etiamsi</strong></span> <span class='ocrx_word' id='word_1_483' title='bbox 3477 2825 3481 2830; x_wconf 73' lang='lat'><strong>‘</strong></span> 
     </span>
    </p>
   </div>
   <div class='ocr_carea' id='block_1_61' title="bbox 1861 2910 3379 2976">
    <p class='ocr_par' dir='ltr' id='par_1_61' title="bbox 1861 2910 3379 2976">
     <span class='ocr_line' id='line_1_61' title="bbox 1861 2910 3379 2976; baseline -0.001 -13"><span class='ocrx_word' id='word_1_484' title='bbox 1861 2913 2080 2966; x_wconf 88' lang='lat' dir='ltr'><strong>credere</strong></span> <span class='ocrx_word' id='word_1_485' title='bbox 2111 2912 2164 2964; x_wconf 93' lang='lat' dir='ltr'><strong>in</strong></span> <span class='ocrx_word' id='word_1_486' title='bbox 2195 2910 2375 2964; x_wconf 85' lang='lat' dir='ltr'><strong>Jesum</strong></span> <span class='ocrx_word' id='word_1_487' title='bbox 2401 2910 2807 2975; x_wconf 78' lang='lat' dir='ltr'><strong>existimemur;</strong></span> <span class='ocrx_word' id='word_1_488' title='bbox 2852 2920 2909 2963; x_wconf 90' lang='lat' dir='ltr'><strong>et</strong></span> <span class='ocrx_word' id='word_1_489' title='bbox 2933 2923 3258 2976; x_wconf 87' lang='lat' dir='ltr'><strong>consequens</strong></span> <span class='ocrx_word' id='word_1_490' title='bbox 3293 2919 3379 2962; x_wconf 89' lang='lat' dir='ltr'><strong>est</strong></span> 
     </span>
    </p>
   </div>
   <div class='ocr_carea' id='block_1_62' title="bbox 195 2991 1758 3089">
    <p class='ocr_par' dir='ltr' id='par_1_62' title="bbox 195 3011 1758 3080">
     <span class='ocr_line' id='line_1_62' title="bbox 195 3011 1758 3080; baseline -0.001 -11"><span class='ocrx_word' id='word_1_491' title='bbox 195 3019 261 3069; x_wconf 78' lang='grc' dir='ltr'>ὲκ</span> <span class='ocrx_word' id='word_1_492' title='bbox 292 3012 406 3066; x_wconf 86' lang='grc' dir='ltr'><strong>τοῦ</strong></span> <span class='ocrx_word' id='word_1_493' title='bbox 433 3013 681 3064; x_wconf 81' lang='grc' dir='ltr'>διαϐόλου</span> <span class='ocrx_word' id='word_1_494' title='bbox 713 3015 923 3078; x_wconf 82' lang='grc' dir='ltr'>γένεσιν</span> <span class='ocrx_word' id='word_1_495' title='bbox 952 3011 1347 3080; x_wconf 85' lang='grc' dir='ltr'>ἀπεδυσάμεθα,</span> <span class='ocrx_word' id='word_1_496' title='bbox 1369 3013 1469 3066; x_wconf 73' lang='grc' dir='ltr'>κᾶν</span> <span class='ocrx_word' id='word_1_497' title='bbox 1496 3015 1758 3067; x_wconf 81' lang='grc' dir='ltr'>πιστεύειν</span> 
     </span>
    </p>
   </div>
   <div class='ocr_carea' id='block_1_63' title="bbox 1861 2991 3378 3089">
    <p class='ocr_par' dir='ltr' id='par_1_63' title="bbox 1863 2991 3378 3089">
     <span class='ocr_line' id='line_1_63' title="bbox 1863 2991 3378 3089; baseline -0.007 -26"><span class='ocrx_word' id='word_1_498' title='bbox 1863 3010 1967 3063; x_wconf 87' lang='lat' dir='ltr'><strong>hoc</strong></span> <span class='ocrx_word' id='word_1_499' title='bbox 1999 3006 2103 3060; x_wconf 92' lang='lat' dir='ltr'><strong>dici</strong></span> <span class='ocrx_word' id='word_1_500' title='bbox 2135 3021 2164 3058; x_wconf 89' lang='lat' dir='ltr'><strong>a</strong></span> <span class='ocrx_word' id='word_1_501' title='bbox 2188 3003 2310 3059; x_wconf 88' lang='lat' dir='ltr'><strong>Jesu</strong></span> <span class='ocrx_word' id='word_1_502' title='bbox 2340 3002 2554 3066; x_wconf 78' lang='lat' dir='ltr'><strong>Judaeis,</strong></span> <span class='ocrx_word' id='word_1_503' title='bbox 2577 3003 2668 3072; x_wconf 87' lang='lat' dir='ltr'><strong>qui</strong></span> <span class='ocrx_word' id='word_1_504' title='bbox 2691 3003 2740 3058; x_wconf 92' lang='lat' dir='ltr'><strong>ei</strong></span> <span class='ocrx_word' id='word_1_505' title='bbox 2755 3002 3092 3089; x_wconf 79' lang='lat' dir='ltr'><strong>crediderant</strong></span> <span class='ocrx_word' id='word_1_506' title='bbox 3115 2991 3147 3055; x_wconf 71' lang='grc' dir='ltr'><strong>τ’</strong></span> <span class='ocrx_word' id='word_1_507' title='bbox 3165 2999 3265 3054; x_wconf 82' lang='lat' dir='ltr'><strong>Vos</strong></span> <span class='ocrx_word' id='word_1_508' title='bbox 3292 3001 3378 3068; x_wconf 84' lang='lat' dir='ltr'><strong>fa-</strong></span> 
     </span>
    </p>
   </div>
   <div class='ocr_carea' id='block_1_64' title="bbox 189 3087 1758 3168">
    <p class='ocr_par' dir='ltr' id='par_1_64' title="bbox 189 3087 1750 3168">
     <span class='ocr_line' id='line_1_64' title="bbox 189 3087 1750 3168; baseline -0.012 -12"><span class='ocrx_word' id='word_1_509' title='bbox 189 3107 270 3168; x_wconf 79' lang='grc' dir='ltr'><strong>είς</strong></span> <span class='ocrx_word' id='word_1_510' title='bbox 293 3101 405 3154; x_wconf 77' lang='grc' dir='ltr'><strong>τὸν</strong></span> <span class='ocrx_word' id='word_1_511' title='bbox 431 3095 640 3168; x_wconf 82' lang='grc' dir='ltr'>Ἰησοῦν</span> <span class='ocrx_word' id='word_1_512' title='bbox 666 3092 1010 3163; x_wconf 78' lang='grc' dir='ltr'>νομιζώμεθα</span> <span class='ocrx_word' id='word_1_513' title='bbox 1033 3090 1125 3142; x_wconf 79' lang='grc' dir='ltr'><strong>καὶ</strong></span> <span class='ocrx_word' id='word_1_514' title='bbox 1159 3089 1310 3142; x_wconf 86' lang='grc' dir='ltr'>τοῦτο</span> <span class='ocrx_word' id='word_1_515' title='bbox 1337 3087 1614 3141; x_wconf 85' lang='grc' dir='ltr'>ἀκόλουθόν</span> <span class='ocrx_word' id='word_1_516' title='bbox 1641 3090 1750 3139; x_wconf 75' lang='grc' dir='ltr'>ἐστι</span> 
     </span>
    </p>
   </div>
   <div class='ocr_carea' id='block_1_65' title="bbox 1861 3087 3370 3168">
    <p class='ocr_par' dir='ltr' id='par_1_65' title="bbox 1861 3087 3370 3156">
     <span class='ocr_line' id='line_1_65' title="bbox 1861 3087 3370 3156; baseline 0.003 -18"><span class='ocrx_word' id='word_1_517' title='bbox 1861 3089 1972 3140; x_wconf 73' lang='lat' dir='ltr'><strong>citis</strong></span> <span class='ocrx_word' id='word_1_518' title='bbox 2008 3105 2160 3156; x_wconf 81' lang='lat' dir='ltr'><strong>opera</strong></span> <span class='ocrx_word' id='word_1_519' title='bbox 2195 3089 2357 3156; x_wconf 83' lang='lat' dir='ltr'><strong>patris</strong></span> <span class='ocrx_word' id='word_1_520' title='bbox 2394 3089 2580 3149; x_wconf 79' lang='lat' dir='ltr'><strong>uestri,</strong></span> <span class='ocrx_word' id='word_1_521' title='bbox 2621 3087 2924 3140; x_wconf 86' lang='lat' dir='ltr'><strong>relationem</strong></span> <span class='ocrx_word' id='word_1_522' title='bbox 2972 3090 3199 3143; x_wconf 83' lang='lat' dir='ltr'><strong>habente</strong></span> <span class='ocrx_word' id='word_1_523' title='bbox 3241 3103 3370 3142; x_wconf 87' lang='lat' dir='ltr'><strong>voce</strong></span> 
     </span>
    </p>
   </div>
   <div class='ocr_carea' id='block_1_66' title="bbox 190 3175 1752 3263">
    <p class='ocr_par' dir='ltr' id='par_1_66' title="bbox 190 3175 1752 3263">
     <span class='ocr_line' id='line_1_66' title="bbox 190 3175 1752 3263; baseline -0.012 -17"><span class='ocrx_word' id='word_1_524' title='bbox 190 3193 268 3263; x_wconf 84' lang='grc' dir='ltr'>τῷ</span> <span class='ocrx_word' id='word_1_525' title='bbox 305 3189 577 3258; x_wconf 78' lang='grc' dir='ltr'>λέγεσθαι</span> <span class='ocrx_word' id='word_1_526' title='bbox 625 3188 738 3246; x_wconf 86' lang='grc' dir='ltr'>τοῖς</span> <span class='ocrx_word' id='word_1_527' title='bbox 782 3180 1190 3234; x_wconf 80' lang='grc' dir='ltr'>πεπιστευκόσιν</span> <span class='ocrx_word' id='word_1_528' title='bbox 1227 3178 1488 3240; x_wconf 82' lang='grc' dir='ltr'>Ἰουδαίοις</span> <span class='ocrx_word' id='word_1_529' title='bbox 1525 3176 1626 3228; x_wconf 81' lang='grc' dir='ltr'><strong>ὑπὸ</strong></span> <span class='ocrx_word' id='word_1_530' title='bbox 1661 3175 1752 3227; x_wconf 84' lang='grc' dir='ltr'><strong>τοῦ</strong></span> 
     </span>
    </p>
   </div>
   <div class='ocr_carea' id='block_1_67' title="bbox 190 3264 1752 3351">
    <p class='ocr_par' dir='ltr' id='par_1_67' title="bbox 190 3264 1752 3351">
     <span class='ocr_line' id='line_1_67' title="bbox 190 3264 1752 3351; baseline -0.013 -16"><span class='ocrx_word' id='word_1_531' title='bbox 190 3281 389 3351; x_wconf 80' lang='grc' dir='ltr'>Ἰησοῦ</span> <span class='ocrx_word' id='word_1_532' title='bbox 412 3297 425 3310; x_wconf 74' lang='grc' dir='ltr'><strong>ο</strong></span> <span class='ocrx_word' id='word_1_533' title='bbox 470 3275 655 3344; x_wconf 83' lang='grc' dir='ltr'>Ὑμεῖς</span> <span class='ocrx_word' id='word_1_534' title='bbox 685 3269 902 3324; x_wconf 83' lang='grc' dir='ltr'>ποιεῖτε</span> <span class='ocrx_word' id='word_1_535' title='bbox 939 3269 1010 3322; x_wconf 86' lang='grc' dir='ltr'>τὰ</span> <span class='ocrx_word' id='word_1_536' title='bbox 1032 3269 1172 3335; x_wconf 77' lang='grc' dir='ltr'>ἔργα</span> <span class='ocrx_word' id='word_1_537' title='bbox 1199 3267 1302 3320; x_wconf 89' lang='grc' dir='ltr'><strong>τοῦ</strong></span> <span class='ocrx_word' id='word_1_538' title='bbox 1331 3266 1546 3331; x_wconf 85' lang='grc' dir='ltr'>πατρὸς</span> <span class='ocrx_word' id='word_1_539' title='bbox 1572 3264 1752 3332; x_wconf 81' lang='grc' dir='ltr'>ὑμῶν,</span> 
     </span>
    </p>
   </div>
   <div class='ocr_carea' id='block_1_68' title="bbox 190 3351 1750 3437">
    <p class='ocr_par' dir='ltr' id='par_1_68' title="bbox 190 3351 1750 3437">
     <span class='ocr_line' id='line_1_68' title="bbox 190 3351 1750 3437; baseline -0.013 -14"><span class='ocrx_word' id='word_1_540' title='bbox 190 3365 623 3437; x_wconf 71' lang='grc' dir='ltr'>ἀναφερομένου</span> <span class='ocrx_word' id='word_1_541' title='bbox 651 3361 744 3414; x_wconf 87' lang='grc' dir='ltr'><strong>τοῦ</strong></span> <span class='ocrx_word' id='word_1_542' title='bbox 773 3358 994 3425; x_wconf 84' lang='grc' dir='ltr'>πατρός</span> <span class='ocrx_word' id='word_1_543' title='bbox 1019 3357 1108 3408; x_wconf 76' lang='grc' dir='ltr'><strong>ἐπὶ</strong></span> <span class='ocrx_word' id='word_1_544' title='bbox 1145 3355 1234 3407; x_wconf 83' lang='grc' dir='ltr'>τὸν</span> <span class='ocrx_word' id='word_1_545' title='bbox 1264 3353 1518 3414; x_wconf 80' lang='grc' dir='ltr'>διάϐολον,</span> <span class='ocrx_word' id='word_1_546' title='bbox 1548 3353 1630 3404; x_wconf 81' lang='grc' dir='ltr'><strong>διὰ</strong></span> <span class='ocrx_word' id='word_1_547' title='bbox 1660 3351 1718 3403; x_wconf 84' lang='grc' dir='ltr'><strong>τό</strong></span> <span class='ocrx_word' id='word_1_548' title='bbox 1736 3367 1750 3383; x_wconf 76' lang='grc' dir='ltr'><strong>ο</strong></span> 
     </span>
    </p>
   </div>
   <div class='ocr_carea' id='block_1_69' title="bbox 204 3441 1756 3527">
    <p class='ocr_par' dir='ltr' id='par_1_69' title="bbox 204 3441 1756 3527">
     <span class='ocr_line' id='line_1_69' title="bbox 204 3441 1756 3527; baseline -0.01 -19"><span class='ocrx_word' id='word_1_549' title='bbox 204 3457 415 3527; x_wconf 60' lang='grc' dir='ltr'>’.ιμεῖς</span> <span class='ocrx_word' id='word_1_550' title='bbox 457 3456 523 3506; x_wconf 82' lang='grc' dir='ltr'>ἐκ</span> <span class='ocrx_word' id='word_1_551' title='bbox 564 3452 668 3505; x_wconf 89' lang='grc' dir='ltr'><strong>τοῦ</strong></span> <span class='ocrx_word' id='word_1_552' title='bbox 711 3447 930 3516; x_wconf 88' lang='grc' dir='ltr'>πατρὸς</span> <span class='ocrx_word' id='word_1_553' title='bbox 972 3446 1076 3499; x_wconf 88' lang='grc' dir='ltr'><strong>τοῦ</strong></span> <span class='ocrx_word' id='word_1_554' title='bbox 1113 3445 1386 3497; x_wconf 80' lang='grc' dir='ltr'>διαϐόλου</span> <span class='ocrx_word' id='word_1_555' title='bbox 1410 3442 1566 3495; x_wconf 87' lang='grc' dir='ltr'>ἐστέ.</span> <span class='ocrx_word' id='word_1_556' title='bbox 1610 3441 1671 3493; x_wconf 80' lang='lat' dir='ltr'><strong>El</strong></span> <span class='ocrx_word' id='word_1_557' title='bbox 1701 3442 1756 3493; x_wconf 81' lang='grc' dir='ltr'>δὲ</span> 
     </span>
    </p>
   </div>
   <div class='ocr_carea' id='block_1_70' title="bbox 191 3532 1756 3610">
    <p class='ocr_par' dir='ltr' id='par_1_70' title="bbox 191 3532 1756 3610">
     <span class='ocr_line' id='line_1_70' title="bbox 191 3532 1756 3610; baseline -0.011 -10"><span class='ocrx_word' id='word_1_558' title='bbox 191 3549 311 3610; x_wconf 77' lang='grc' dir='ltr'><strong>πᾶς</strong></span> <span class='ocrx_word' id='word_1_559' title='bbox 350 3547 381 3596; x_wconf 88' lang='grc' dir='ltr'>ὁ</span> <span class='ocrx_word' id='word_1_560' title='bbox 415 3543 580 3594; x_wconf 69' lang='grc' dir='ltr'>ποιῶν</span> <span class='ocrx_word' id='word_1_561' title='bbox 606 3542 704 3609; x_wconf 83' lang='grc' dir='ltr'>τὴν</span> <span class='ocrx_word' id='word_1_562' title='bbox 738 3538 1004 3607; x_wconf 81' lang='grc' dir='ltr'>ἁμαρτίαν</span> <span class='ocrx_word' id='word_1_563' title='bbox 1036 3538 1097 3587; x_wconf 84' lang='grc' dir='ltr'>ὲκ</span> <span class='ocrx_word' id='word_1_564' title='bbox 1119 3533 1208 3587; x_wconf 89' lang='grc' dir='ltr'><strong>τοῦ</strong></span> <span class='ocrx_word' id='word_1_565' title='bbox 1231 3533 1464 3586; x_wconf 88' lang='grc' dir='ltr'>διαϐόλου</span> <span class='ocrx_word' id='word_1_566' title='bbox 1492 3532 1621 3591; x_wconf 77' lang='grc' dir='ltr'>ἐστὶ,</span> <span class='ocrx_word' id='word_1_567' title='bbox 1653 3533 1756 3593; x_wconf 82' lang='grc' dir='ltr'><strong>πᾶς</strong></span> 
     </span>
    </p>
   </div>
   <div class='ocr_carea' id='block_1_71' title="bbox 189 3621 1754 3706">
    <p class='ocr_par' dir='ltr' id='par_1_71' title="bbox 189 3621 1754 3706">
     <span class='ocr_line' id='line_1_71' title="bbox 189 3621 1754 3706; baseline -0.01 -16"><span class='ocrx_word' id='word_1_568' title='bbox 189 3640 222 3690; x_wconf 84' lang='grc' dir='ltr'><strong>ό</strong></span> <span class='ocrx_word' id='word_1_569' title='bbox 265 3636 358 3706; x_wconf 74' lang='grc' dir='ltr'>μὴ</span> <span class='ocrx_word' id='word_1_570' title='bbox 401 3632 479 3684; x_wconf 88' lang='grc' dir='ltr'><strong>ῶν</strong></span> <span class='ocrx_word' id='word_1_571' title='bbox 529 3632 592 3683; x_wconf 83' lang='grc' dir='ltr'>ἐκ</span> <span class='ocrx_word' id='word_1_572' title='bbox 628 3629 722 3682; x_wconf 84' lang='grc' dir='ltr'><strong>τοῦ</strong></span> <span class='ocrx_word' id='word_1_573' title='bbox 773 3626 1010 3680; x_wconf 85' lang='grc' dir='ltr'>διαϐόλου</span> <span class='ocrx_word' id='word_1_574' title='bbox 1062 3625 1121 3676; x_wconf 85' lang='grc' dir='ltr'>οὐ</span> <span class='ocrx_word' id='word_1_575' title='bbox 1171 3625 1310 3674; x_wconf 87' lang='grc' dir='ltr'>ποιεῖ</span> <span class='ocrx_word' id='word_1_576' title='bbox 1341 3623 1437 3690; x_wconf 84' lang='grc' dir='ltr'>τὴν</span> <span class='ocrx_word' id='word_1_577' title='bbox 1474 3621 1754 3691; x_wconf 87' lang='grc' dir='ltr'>ἁμαρτίαν.</span> 
     </span>
    </p>
   </div>
   <div class='ocr_carea' id='block_1_72' title="bbox 193 3708 1755 3788">
    <p class='ocr_par' dir='ltr' id='par_1_72' title="bbox 193 3708 1755 3788">
     <span class='ocr_line' id='line_1_72' title="bbox 193 3708 1755 3788; baseline -0.012 -9"><span class='ocrx_word' id='word_1_578' title='bbox 193 3724 372 3778; x_wconf 82' lang='grc' dir='ltr'>Ἀλλὰ</span> <span class='ocrx_word' id='word_1_579' title='bbox 429 3723 526 3775; x_wconf 77' lang='grc' dir='ltr'><strong>καὶ</strong></span> <span class='ocrx_word' id='word_1_580' title='bbox 573 3720 732 3788; x_wconf 81' lang='grc' dir='ltr'>εἴπερ</span> <span class='ocrx_word' id='word_1_581' title='bbox 782 3719 861 3778; x_wconf 84' lang='grc' dir='ltr'><strong>εἰς</strong></span> <span class='ocrx_word' id='word_1_582' title='bbox 903 3715 1056 3767; x_wconf 86' lang='grc' dir='ltr'>τοῦτο</span> <span class='ocrx_word' id='word_1_583' title='bbox 1102 3712 1408 3782; x_wconf 70' lang='grc' dir='ltr'>ἐφανερώθη</span> <span class='ocrx_word' id='word_1_584' title='bbox 1445 3714 1473 3763; x_wconf 85' lang='grc' dir='ltr'><strong>ό</strong></span> <span class='ocrx_word' id='word_1_585' title='bbox 1510 3711 1630 3772; x_wconf 83' lang='grc' dir='ltr'>Υἱὸς</span> <span class='ocrx_word' id='word_1_586' title='bbox 1665 3708 1755 3761; x_wconf 88' lang='grc' dir='ltr'><strong>τοῦ</strong></span> 
     </span>
    </p>
   </div>
   <div class='ocr_carea' id='block_1_73' title="bbox 193 3798 1757 3878">
    <p class='ocr_par' dir='ltr' id='par_1_73' title="bbox 193 3798 1757 3878">
     <span class='ocr_line' id='line_1_73' title="bbox 193 3798 1757 3878; baseline -0.013 -8"><span class='ocrx_word' id='word_1_587' title='bbox 193 3815 363 3878; x_wconf 84' lang='grc' dir='ltr'>Θεοῦ,</span> <span class='ocrx_word' id='word_1_588' title='bbox 397 3814 493 3865; x_wconf 85' lang='grc' dir='ltr'>ἵνα</span> <span class='ocrx_word' id='word_1_589' title='bbox 515 3810 654 3878; x_wconf 77' lang='grc' dir='ltr'>λύσῃ</span> <span class='ocrx_word' id='word_1_590' title='bbox 678 3807 746 3859; x_wconf 80' lang='grc' dir='ltr'>τὰ</span> <span class='ocrx_word' id='word_1_591' title='bbox 775 3806 907 3874; x_wconf 78' lang='grc' dir='ltr'>ἔργα</span> <span class='ocrx_word' id='word_1_592' title='bbox 931 3804 1020 3856; x_wconf 86' lang='grc' dir='ltr'><strong>τοῦ</strong></span> <span class='ocrx_word' id='word_1_593' title='bbox 1044 3803 1298 3866; x_wconf 89' lang='grc' dir='ltr'>διαϐόλου,</span> <span class='ocrx_word' id='word_1_594' title='bbox 1321 3803 1440 3854; x_wconf 85' lang='grc' dir='ltr'>ὅσον</span> <span class='ocrx_word' id='word_1_595' title='bbox 1465 3800 1666 3851; x_wconf 80' lang='grc' dir='ltr'>οὐδέπω</span> <span class='ocrx_word' id='word_1_596' title='bbox 1691 3798 1757 3850; x_wconf 80' lang='grc' dir='ltr'><strong>τὰ</strong></span> 
     </span>
    </p>
   </div>
   <div class='ocr_carea' id='block_1_74' title="bbox 193 3891 1758 3974">
    <p class='ocr_par' dir='ltr' id='par_1_74' title="bbox 193 3891 1758 3974">
     <span class='ocr_line' id='line_1_74' title="bbox 193 3891 1758 3974; baseline -0.012 -16"><span class='ocrx_word' id='word_1_597' title='bbox 193 3909 256 3957; x_wconf 80' lang='grc' dir='ltr'>ἐν</span> <span class='ocrx_word' id='word_1_598' title='bbox 288 3906 434 3974; x_wconf 81' lang='grc' dir='ltr'>ἡμῖν</span> <span class='ocrx_word' id='word_1_599' title='bbox 465 3901 654 3952; x_wconf 74' lang='grc' dir='ltr'>ἔλυσεν</span> <span class='ocrx_word' id='word_1_600' title='bbox 689 3898 826 3965; x_wconf 69' lang='grc' dir='ltr'>ἔργα</span> <span class='ocrx_word' id='word_1_601' title='bbox 860 3894 950 3946; x_wconf 89' lang='grc' dir='ltr'><strong>τοῦ</strong></span> <span class='ocrx_word' id='word_1_602' title='bbox 980 3892 1239 3952; x_wconf 84' lang='grc' dir='ltr'>διαϐόλου,</span> <span class='ocrx_word' id='word_1_603' title='bbox 1270 3891 1346 3960; x_wconf 84' lang='grc' dir='ltr'>τῷ</span> <span class='ocrx_word' id='word_1_604' title='bbox 1387 3891 1458 3960; x_wconf 80' lang='grc' dir='ltr'>μὴ</span> <span class='ocrx_word' id='word_1_605' title='bbox 1496 3905 1758 3959; x_wconf 87' lang='grc' dir='ltr'>παρεστη-</span> 
     </span>
    </p>
   </div>
   <div class='ocr_carea' id='block_1_75' title="bbox 199 3977 1754 4058">
    <p class='ocr_par' dir='ltr' id='par_1_75' title="bbox 199 3977 1754 4058">
     <span class='ocr_line' id='line_1_75' title="bbox 199 3977 1754 4058; baseline -0.012 -13"><span class='ocrx_word' id='word_1_606' title='bbox 199 3995 361 4045; x_wconf 81' lang='grc' dir='ltr'>κέναι</span> <span class='ocrx_word' id='word_1_607' title='bbox 395 3989 556 4058; x_wconf 77' lang='grc' dir='ltr'>ήμᾶς</span> <span class='ocrx_word' id='word_1_608' title='bbox 583 3986 807 4044; x_wconf 78' lang='grc' dir='ltr'>ἑαυτοὺς</span> <span class='ocrx_word' id='word_1_609' title='bbox 835 3981 1106 4050; x_wconf 83' lang='grc' dir='ltr'>τῷ⁹λύοντι</span> <span class='ocrx_word' id='word_1_610' title='bbox 1135 3980 1198 4032; x_wconf 84' lang='grc' dir='ltr'><strong>τὰ</strong></span> <span class='ocrx_word' id='word_1_611' title='bbox 1224 3979 1352 4050; x_wconf 76' lang='grc' dir='ltr'>ἔργα</span> <span class='ocrx_word' id='word_1_612' title='bbox 1379 3978 1470 4030; x_wconf 89' lang='grc' dir='ltr'><strong>τοῦ</strong></span> <span class='ocrx_word' id='word_1_613' title='bbox 1495 3977 1754 4038; x_wconf 88' lang='grc' dir='ltr'>διαϐόλου,</span> 
     </span>
    </p>
   </div>
   <div class='ocr_carea' id='block_1_76' title="bbox 194 4065 1758 4142">
    <p class='ocr_par' dir='ltr' id='par_1_76' title="bbox 194 4065 1758 4142">
     <span class='ocr_line' id='line_1_76' title="bbox 194 4065 1758 4142; baseline -0.013 -7"><span class='ocrx_word' id='word_1_614' title='bbox 194 4082 424 4134; x_wconf 65' lang='grc' dir='ltr'>οὐδέπω</span> <span class='ocrx_word' id='word_1_615' title='bbox 457 4072 779 4142; x_wconf 72' lang='grc' dir='ltr'>ἀπεθέμεθα</span> <span class='ocrx_word' id='word_1_616' title='bbox 807 4072 865 4123; x_wconf 81' lang='grc' dir='ltr'>τὸ</span> <span class='ocrx_word' id='word_1_617' title='bbox 891 4067 1026 4122; x_wconf 81' lang='grc' dir='ltr'>εἶναι</span> <span class='ocrx_word' id='word_1_618' title='bbox 1052 4069 1211 4122; x_wconf 84' lang='grc' dir='ltr'>τέκνα</span> <span class='ocrx_word' id='word_1_619' title='bbox 1244 4066 1332 4119; x_wconf 85' lang='grc' dir='ltr'><strong>τοῦ</strong></span> <span class='ocrx_word' id='word_1_620' title='bbox 1365 4065 1621 4126; x_wconf 89' lang='grc' dir='ltr'>διαϐόλου,</span> <span class='ocrx_word' id='word_1_621' title='bbox 1655 4065 1758 4116; x_wconf 85' lang='grc' dir='ltr'><strong>ἀπὸ</strong></span> 
     </span>
    </p>
   </div>
   <div class='ocr_carea' id='block_1_77' title="bbox 194 4153 1758 4238">
    <p class='ocr_par' dir='ltr' id='par_1_77' title="bbox 194 4153 1758 4238">
     <span class='ocr_line' id='line_1_77' title="bbox 194 4153 1758 4238; baseline -0.013 -13"><span class='ocrx_word' id='word_1_622' title='bbox 194 4173 310 4224; x_wconf 86' lang='grc' dir='ltr'><strong>τῶν</strong></span> <span class='ocrx_word' id='word_1_623' title='bbox 341 4165 587 4238; x_wconf 90' lang='grc' dir='ltr'>καρπῶν</span> <span class='ocrx_word' id='word_1_624' title='bbox 628 4160 1096 4228; x_wconf 78' lang='grc' dir='ltr'>ἐπιγινωσκόμενοι</span> <span class='ocrx_word' id='word_1_625' title='bbox 1126 4159 1265 4220; x_wconf 84' lang='grc' dir='ltr'>τίνος</span> <span class='ocrx_word' id='word_1_626' title='bbox 1305 4157 1464 4226; x_wconf 77' lang='grc' dir='ltr'>ἐσμὲν</span> <span class='ocrx_word' id='word_1_627' title='bbox 1493 4155 1627 4206; x_wconf 79' lang='grc' dir='ltr'>υίοίο</span> <span class='ocrx_word' id='word_1_628' title='bbox 1670 4153 1758 4206; x_wconf 75' lang='grc' dir='ltr'><strong>καὶ</strong></span> 
     </span>
    </p>
   </div>
   <div class='ocr_carea' id='block_1_78' title="bbox 193 4244 1754 4321">
    <p class='ocr_par' dir='ltr' id='par_1_78' title="bbox 193 4244 1754 4321">
     <span class='ocr_line' id='line_1_78' title="bbox 193 4244 1754 4321; baseline -0.012 -8"><span class='ocrx_word' id='word_1_629' title='bbox 193 4265 264 4312; x_wconf 73' lang='grc' dir='ltr'>ἐκ</span> <span class='ocrx_word' id='word_1_630' title='bbox 301 4258 526 4312; x_wconf 76' lang='grc' dir='ltr'>τούτων</span> <span class='ocrx_word' id='word_1_631' title='bbox 571 4252 815 4321; x_wconf 78' lang='grc' dir='ltr'>μέντοιγε</span> <span class='ocrx_word' id='word_1_632' title='bbox 850 4249 1005 4316; x_wconf 79' lang='grc' dir='ltr'>δῆλόν</span> <span class='ocrx_word' id='word_1_633' title='bbox 1040 4249 1214 4310; x_wconf 73' lang='grc' dir='ltr'>ἐστιν,</span> <span class='ocrx_word' id='word_1_634' title='bbox 1252 4247 1330 4298; x_wconf 85' lang='grc' dir='ltr'>ὅτι</span> <span class='ocrx_word' id='word_1_635' title='bbox 1379 4247 1438 4297; x_wconf 78' lang='grc' dir='ltr'>οὐ</span> <span class='ocrx_word' id='word_1_636' title='bbox 1474 4244 1558 4296; x_wconf 78' lang='grc' dir='ltr'><strong>διὰ</strong></span> <span class='ocrx_word' id='word_1_637' title='bbox 1592 4260 1754 4296; x_wconf 86' lang='grc' dir='ltr'>κατα-</span> 
     </span>
    </p>
   </div>
   <div class='ocr_carea' id='block_1_79' title="bbox 198 4333 1760 4418">
    <p class='ocr_par' dir='ltr' id='par_1_79' title="bbox 198 4333 1760 4418">
     <span class='ocr_line' id='line_1_79' title="bbox 198 4333 1760 4418; baseline -0.014 -14"><span class='ocrx_word' id='word_1_638' title='bbox 198 4349 416 4418; x_wconf 77' lang='grc' dir='ltr'>σκευὴν</span> <span class='ocrx_word' id='word_1_639' title='bbox 447 4345 563 4414; x_wconf 77' lang='grc'><strong>(86)</strong></span> <span class='ocrx_word' id='word_1_640' title='bbox 596 4343 708 4403; x_wconf 78' lang='grc' dir='ltr'>υἱός</span> <span class='ocrx_word' id='word_1_641' title='bbox 744 4340 824 4401; x_wconf 85' lang='grc' dir='ltr'><strong>τίς</strong></span> <span class='ocrx_word' id='word_1_642' title='bbox 856 4341 968 4390; x_wconf 77' lang='grc' dir='ltr'>ἐστι</span> <span class='ocrx_word' id='word_1_643' title='bbox 1008 4336 1245 4388; x_wconf 85' lang='grc' dir='ltr'>διαϐόλου</span> <span class='ocrx_word' id='word_1_644' title='bbox 1265 4373 1280 4398; x_wconf 97' lang='grc'><strong>,</strong></span> <span class='ocrx_word' id='word_1_645' title='bbox 1313 4334 1429 4386; x_wconf 80' lang='grc' dir='ltr'>οὐδὲ</span> <span class='ocrx_word' id='word_1_646' title='bbox 1469 4333 1554 4386; x_wconf 84' lang='grc' dir='ltr'><strong>διὰ</strong></span> <span class='ocrx_word' id='word_1_647' title='bbox 1586 4333 1646 4384; x_wconf 77' lang='grc' dir='ltr'><strong>τὸ</strong></span> <span class='ocrx_word' id='word_1_648' title='bbox 1671 4333 1760 4384; x_wconf 87' lang='grc' dir='ltr'>οῦ-</span> 
     </span>
    </p>
   </div>
   <div class='ocr_carea' id='block_1_80' title="bbox 193 4419 1758 4504">
    <p class='ocr_par' dir='ltr' id='par_1_80' title="bbox 193 4419 1758 4504">
     <span class='ocr_line' id='line_1_80' title="bbox 193 4419 1758 4504; baseline -0.013 -13"><span class='ocrx_word' id='word_1_649' title='bbox 193 4456 312 4500; x_wconf 79' lang='grc' dir='ltr'><strong>τως</strong></span> <span class='ocrx_word' id='word_1_650' title='bbox 334 4428 862 4504; x_wconf 58' lang='grc' dir='ltr'>ἂδημιουργῆσθαι,</span> <span class='ocrx_word' id='word_1_651' title='bbox 889 4427 998 4487; x_wconf 77' lang='grc' dir='ltr'>υἱός</span> <span class='ocrx_word' id='word_1_652' title='bbox 1019 4443 1098 4486; x_wconf 82' lang='grc' dir='ltr'><strong>τις</strong></span> <span class='ocrx_word' id='word_1_653' title='bbox 1122 4421 1416 4493; x_wconf 84' lang='grc' dir='ltr'>ἀνθρώποις</span> <span class='ocrx_word' id='word_1_654' title='bbox 1439 4423 1648 4488; x_wconf 87' lang='grc' dir='ltr'>λέγεται</span> <span class='ocrx_word' id='word_1_655' title='bbox 1669 4419 1758 4472; x_wconf 85' lang='grc' dir='ltr'><strong>τοῦ</strong></span> 
     </span>
    </p>
   </div>
   <div class='ocr_carea' id='block_1_81' title="bbox 196 4510 1759 4590">
    <p class='ocr_par' dir='ltr' id='par_1_81' title="bbox 196 4510 1759 4590">
     <span class='ocr_line' id='line_1_81' title="bbox 196 4510 1759 4590; baseline -0.015 -8"><span class='ocrx_word' id='word_1_656' title='bbox 196 4527 370 4581; x_wconf 78' lang='grc' dir='ltr'>Θεοῦο</span> <span class='ocrx_word' id='word_1_657' title='bbox 397 4526 498 4579; x_wconf 72' lang='grc' dir='ltr'>καὶ</span> <span class='ocrx_word' id='word_1_658' title='bbox 525 4521 702 4590; x_wconf 81' lang='grc' dir='ltr'>δῆλον,</span> <span class='ocrx_word' id='word_1_659' title='bbox 729 4520 808 4570; x_wconf 84' lang='grc' dir='ltr'>ὅτι</span> <span class='ocrx_word' id='word_1_660' title='bbox 831 4516 1043 4568; x_wconf 81' lang='grc' dir='ltr'>δύναται</span> <span class='ocrx_word' id='word_1_661' title='bbox 1071 4515 1226 4566; x_wconf 82' lang='grc' dir='ltr'>ὁπότε</span> <span class='ocrx_word' id='word_1_662' title='bbox 1255 4513 1365 4572; x_wconf 76' lang='grc' dir='ltr'>υίὸς</span> <span class='ocrx_word' id='word_1_663' title='bbox 1398 4511 1488 4563; x_wconf 86' lang='grc' dir='ltr'><strong>τοῦ</strong></span> <span class='ocrx_word' id='word_1_664' title='bbox 1522 4510 1759 4562; x_wconf 81' lang='grc' dir='ltr'>διαϐόλου</span> 
     </span>
    </p>
   </div>
   <div class='ocr_carea' id='block_1_82' title="bbox 193 4597 1762 4684">
    <p class='ocr_par' dir='ltr' id='par_1_82' title="bbox 193 4597 1762 4684">
     <span class='ocr_line' id='line_1_82' title="bbox 193 4597 1762 4684; baseline -0.014 -15"><span class='ocrx_word' id='word_1_665' title='bbox 193 4615 473 4684; x_wconf 76' lang='grc' dir='ltr'>γενέσθαι</span> <span class='ocrx_word' id='word_1_666' title='bbox 507 4610 624 4670; x_wconf 77' lang='grc' dir='ltr'>υίὸς</span> <span class='ocrx_word' id='word_1_667' title='bbox 656 4607 750 4658; x_wconf 88' lang='grc' dir='ltr'><strong>τοῦ</strong></span> <span class='ocrx_word' id='word_1_668' title='bbox 779 4603 930 4657; x_wconf 86' lang='grc' dir='ltr'>Θεοῦ·</span> <span class='ocrx_word' id='word_1_669' title='bbox 968 4604 1100 4671; x_wconf 83' lang='grc' dir='ltr'>ὅπερ</span> <span class='ocrx_word' id='word_1_670' title='bbox 1130 4601 1292 4668; x_wconf 79' lang='grc' dir='ltr'>σαφὲς</span> <span class='ocrx_word' id='word_1_671' title='bbox 1315 4601 1404 4651; x_wconf 77' lang='grc' dir='ltr'>καὶ</span> <span class='ocrx_word' id='word_1_672' title='bbox 1443 4601 1470 4651; x_wconf 83' lang='grc' dir='ltr'><strong>ὁ</strong></span> <span class='ocrx_word' id='word_1_673' title='bbox 1497 4597 1762 4658; x_wconf 83' lang='grc' dir='ltr'>Ματθαῖος</span> 
     </span>
    </p>
   </div>
   <div class='ocr_carea' id='block_1_83' title="bbox 195 4686 1758 4766">
    <p class='ocr_par' dir='ltr' id='par_1_83' title="bbox 195 4686 1758 4766">
     <span class='ocr_line' id='line_1_83' title="bbox 195 4686 1758 4766; baseline -0.015 -8"><span class='ocrx_word' id='word_1_674' title='bbox 195 4707 356 4756; x_wconf 83' lang='grc' dir='ltr'>ποιεῖ</span> <span class='ocrx_word' id='word_1_675' title='bbox 411 4697 750 4766; x_wconf 70' lang='grc' dir='ltr'>ἀναγράφων</span> <span class='ocrx_word' id='word_1_676' title='bbox 805 4694 892 4745; x_wconf 79' lang='grc' dir='ltr'><strong>τὸν</strong></span> <span class='ocrx_word' id='word_1_677' title='bbox 953 4691 1175 4759; x_wconf 84' lang='grc' dir='ltr'>Σωτῆρα</span> <span class='ocrx_word' id='word_1_678' title='bbox 1227 4687 1392 4748; x_wconf 63' lang='grc' dir='ltr'>οὖτως</span> <span class='ocrx_word' id='word_1_679' title='bbox 1459 4686 1758 4756; x_wconf 76' lang='grc' dir='ltr'>εἰρηκέναιο</span> 
     </span>
    </p>
   </div>
   <div class='ocr_carea' id='block_1_84' title="bbox 194 4774 1753 4850">
    <p class='ocr_par' dir='ltr' id='par_1_84' title="bbox 194 4774 1753 4850">
     <span class='ocr_line' id='line_1_84' title="bbox 194 4774 1753 4850; baseline -0.014 -3"><span class='ocrx_word' id='word_1_680' title='bbox 194 4793 570 4850; x_wconf 80' lang='grc' dir='ltr'>ἰΙκούσατε,</span> <span class='ocrx_word' id='word_1_681' title='bbox 606 4784 694 4836; x_wconf 84' lang='grc' dir='ltr'>ὅτι</span> <span class='ocrx_word' id='word_1_682' title='bbox 734 4782 966 4849; x_wconf 74' lang='grc' dir='ltr'><strong>ἐρῤέΟηο</strong></span> <span class='ocrx_word' id='word_1_683' title='bbox 991 4775 1331 4842; x_wconf 67' lang='grc' dir='ltr'>Ἀγαπήσεις</span> <span class='ocrx_word' id='word_1_684' title='bbox 1368 4775 1473 4828; x_wconf 85' lang='grc' dir='ltr'>τὸν</span> <span class='ocrx_word' id='word_1_685' title='bbox 1506 4774 1753 4841; x_wconf 79' lang='grc' dir='ltr'>πλησίω</span> 
     </span>
    </p>
   </div>
   <div class='ocr_carea' id='block_1_85' title="bbox 196 4861 1766 4932">
    <p class='ocr_par' dir='ltr' id='par_1_85' title="bbox 196 4861 1766 4932">
     <span class='ocr_line' id='line_1_85' title="bbox 196 4861 1766 4932; baseline -0.004 -13"><span class='ocrx_word' id='word_1_686' title='bbox 196 4885 353 4932; x_wconf 85' lang='grc' dir='ltr'>σου,</span> <span class='ocrx_word' id='word_1_687' title='bbox 384 4870 491 4922; x_wconf 69' lang='grc' dir='ltr'><strong>καὶ</strong></span> <span class='ocrx_word' id='word_1_688' title='bbox 505 4865 792 4932; x_wconf 82' lang='grc' dir='ltr'>μισήσεις</span> <span class='ocrx_word' id='word_1_689' title='bbox 822 4862 921 4912; x_wconf 81' lang='grc' dir='ltr'>τὸν</span> <span class='ocrx_word' id='word_1_690' title='bbox 943 4861 1154 4926; x_wconf 77' lang='grc' dir='ltr'>ἐχθρόν</span> <span class='ocrx_word' id='word_1_691' title='bbox 1181 4876 1312 4911; x_wconf 86' lang='grc' dir='ltr'>σου.</span> <span class='ocrx_word' id='word_1_692' title='bbox 1350 4862 1490 4928; x_wconf 71' lang='grc' dir='ltr'><strong>Ἐγὼ</strong></span> <span class='ocrx_word' id='word_1_693' title='bbox 1529 4864 1593 4913; x_wconf 76' lang='grc' dir='ltr'><strong>δὲ·</strong></span> <span class='ocrx_word' id='word_1_694' title='bbox 1618 4865 1766 4928; x_wconf 70' lang='grc' dir='ltr'>λέγω</span> 
     </span>
    </p>
   </div>
   <div class='ocr_carea' id='block_1_86' title="bbox 197 4945 1765 5027">
    <p class='ocr_par' dir='ltr' id='par_1_86' title="bbox 197 4945 1765 5027">
     <span class='ocr_line' id='line_1_86' title="bbox 197 4945 1765 5027; baseline 0.013 -30"><span class='ocrx_word' id='word_1_695' title='bbox 197 4958 395 5027; x_wconf 56' lang='lat' dir='ltr'><strong>{mtr-</strong></span> <span class='ocrx_word' id='word_1_696' title='bbox 461 4950 758 5021; x_wconf 74' lang='grc' dir='ltr'>Ἀγαπᾶτε</span> <span class='ocrx_word' id='word_1_697' title='bbox 810 4949 920 5016; x_wconf 88' lang='grc'><strong>(87)</strong></span> <span class='ocrx_word' id='word_1_698' title='bbox 962 4950 1102 5008; x_wconf 82' lang='grc' dir='ltr'>τοὺς</span> <span class='ocrx_word' id='word_1_699' title='bbox 1157 4945 1397 5011; x_wconf 81' lang='grc' dir='ltr'><strong>ἐχθροὺς</strong></span> <span class='ocrx_word' id='word_1_700' title='bbox 1437 4945 1618 5014; x_wconf 64' lang='grc' dir='ltr'><strong>ὑμῶν’</strong></span> <span class='ocrx_word' id='word_1_701' title='bbox 1674 4948 1765 5000; x_wconf 67' lang='grc' dir='ltr'><strong>καὶ</strong></span> 
     </span>
    </p>
   </div>
   <div class='ocr_carea' id='block_1_87' title="bbox 197 5037 1771 5114">
    <p class='ocr_par' dir='ltr' id='par_1_87' title="bbox 197 5037 1771 5114">
     <span class='ocr_line' id='line_1_87' title="bbox 197 5037 1771 5114; baseline -0.01 -10"><span class='ocrx_word' id='word_1_702' title='bbox 197 5047 642 5114; x_wconf 69' lang='grc' dir='ltr'>προσεύχεσθε</span> <span class='ocrx_word' id='word_1_703' title='bbox 696 5039 844 5107; x_wconf 85' lang='grc' dir='ltr'>ὑπὲρ</span> <span class='ocrx_word' id='word_1_704' title='bbox 889 5038 1007 5092; x_wconf 81' lang='grc' dir='ltr'><strong>τῶν</strong></span> <span class='ocrx_word' id='word_1_705' title='bbox 1048 5037 1374 5090; x_wconf 67' lang='grc' dir='ltr'>διωκόντων</span> <span class='ocrx_word' id='word_1_706' title='bbox 1408 5037 1576 5106; x_wconf 83' lang='grc' dir='ltr'>ὑμᾶς,</span> <span class='ocrx_word' id='word_1_707' title='bbox 1617 5037 1771 5104; x_wconf 81' lang='grc' dir='ltr'>ὅπως</span> 
     </span>
    </p>
   </div>
   <div class='ocr_carea' id='block_1_88' title="bbox 197 5125 1768 5209">
    <p class='ocr_par' dir='ltr' id='par_1_88' title="bbox 197 5125 1768 5209">
     <span class='ocr_line' id='line_1_88' title="bbox 197 5125 1768 5209; baseline -0.017 -15"><span class='ocrx_word' id='word_1_708' title='bbox 197 5139 481 5209; x_wconf 73' lang='grc' dir='ltr'>γένησθε</span> <span class='ocrx_word' id='word_1_709' title='bbox 520 5133 640 5187; x_wconf 81' lang='grc' dir='ltr'>υἱοὶ</span> <span class='ocrx_word' id='word_1_710' title='bbox 673 5132 776 5184; x_wconf 82' lang='grc' dir='ltr'><strong>τοῦ</strong></span> <span class='ocrx_word' id='word_1_711' title='bbox 813 5128 1041 5196; x_wconf 71' lang='grc' dir='ltr'>Πατρός</span> <span class='ocrx_word' id='word_1_712' title='bbox 1062 5125 1239 5192; x_wconf 78' lang='grc' dir='ltr'>ὑμῶν,</span> <span class='ocrx_word' id='word_1_713' title='bbox 1286 5127 1390 5179; x_wconf 87' lang='grc' dir='ltr'><strong>τοῦ</strong></span> <span class='ocrx_word' id='word_1_714' title='bbox 1432 5129 1500 5179; x_wconf 85' lang='grc' dir='ltr'>ἐν</span> <span class='ocrx_word' id='word_1_715' title='bbox 1526 5128 1644 5192; x_wconf 85' lang='grc' dir='ltr'>τοῖς</span> <span class='ocrx_word' id='word_1_716' title='bbox 1671 5129 1768 5180; x_wconf 79' lang='grc' dir='ltr'><strong>οὐ-</strong></span> 
     </span>
    </p>
   </div>
   <div class='ocr_carea' id='block_1_89' title="bbox 199 5216 1764 5296">
    <p class='ocr_par' dir='ltr' id='par_1_89' title="bbox 199 5216 1764 5296">
     <span class='ocr_line' id='line_1_89' title="bbox 199 5216 1764 5296; baseline -0.015 -11"><span class='ocrx_word' id='word_1_717' title='bbox 199 5228 446 5296; x_wconf 77' lang='grc' dir='ltr'>ρανοῒς.</span> <span class='ocrx_word' id='word_1_718' title='bbox 495 5221 869 5295; x_wconf 78' lang='grc' dir='ltr'>Προσεύχεσθε</span> <span class='ocrx_word' id='word_1_719' title='bbox 918 5219 1050 5286; x_wconf 76' lang='grc' dir='ltr'>γὰρ,</span> <span class='ocrx_word' id='word_1_720' title='bbox 1102 5218 1180 5267; x_wconf 84' lang='grc' dir='ltr'>ὅτι</span> <span class='ocrx_word' id='word_1_721' title='bbox 1226 5217 1290 5267; x_wconf 81' lang='grc' dir='ltr'>ἐκ</span> <span class='ocrx_word' id='word_1_722' title='bbox 1326 5216 1438 5280; x_wconf 90' lang='grc' dir='ltr'>τοῦ,</span> <span class='ocrx_word' id='word_1_723' title='bbox 1499 5219 1764 5284; x_wconf 80' lang='grc' dir='ltr'>’Λγαπᾶτε</span> 
     </span>
    </p>
   </div>
   <div class='ocr_carea' id='block_1_90' title="bbox 1851 3176 3372 3244">
    <p class='ocr_par' dir='ltr' id='par_1_90' title="bbox 1851 3176 3372 3244">
     <span class='ocr_line' id='line_1_90' title="bbox 1851 3176 3372 3244; baseline 0.002 -18"><span class='ocrx_word' id='word_1_724' title='bbox 1851 3176 2017 3242; x_wconf 87' lang='lat' dir='ltr'><strong>patris</strong></span> <span class='ocrx_word' id='word_1_725' title='bbox 2053 3177 2117 3228; x_wconf 90' lang='lat' dir='ltr'><strong>ad</strong></span> <span class='ocrx_word' id='word_1_726' title='bbox 2153 3176 2451 3238; x_wconf 88' lang='lat' dir='ltr'><strong>diabolum,</strong></span> <span class='ocrx_word' id='word_1_727' title='bbox 2505 3185 2718 3244; x_wconf 89' lang='lat' dir='ltr'><strong>pr0pter</strong></span> <span class='ocrx_word' id='word_1_728' title='bbox 2769 3177 2894 3230; x_wconf 90' lang='lat' dir='ltr'><strong>illud</strong></span> <span class='ocrx_word' id='word_1_729' title='bbox 2931 3193 2945 3228; x_wconf 90' lang='lat'><strong>:</strong></span> <span class='ocrx_word' id='word_1_730' title='bbox 2996 3176 3092 3228; x_wconf 82' lang='lat' dir='ltr'><strong>Vos</strong></span> <span class='ocrx_word' id='word_1_731' title='bbox 3127 3192 3190 3228; x_wconf 80' lang='lat' dir='ltr'><strong>ea:</strong></span> <span class='ocrx_word' id='word_1_732' title='bbox 3225 3187 3372 3243; x_wconf 86' lang='lat' dir='ltr'><strong>patre</strong></span> 
     </span>
    </p>
   </div>
   <div class='ocr_carea' id='block_1_91' title="bbox 1853 3266 3372 3339">
    <p class='ocr_par' dir='ltr' id='par_1_91' title="bbox 1853 3266 3372 3339">
     <span class='ocr_line' id='line_1_91' title="bbox 1853 3266 3372 3339; baseline 0.005 -21"><span class='ocrx_word' id='word_1_733' title='bbox 1853 3266 2057 3320; x_wconf 88' lang='lat' dir='ltr'><strong>diabolo</strong></span> <span class='ocrx_word' id='word_1_734' title='bbox 2093 3270 2235 3323; x_wconf 88' lang='lat' dir='ltr'><strong>estis.</strong></span> <span class='ocrx_word' id='word_1_735' title='bbox 2275 3269 2427 3334; x_wconf 85' lang='lat' dir='ltr'><strong>Quod</strong></span> <span class='ocrx_word' id='word_1_736' title='bbox 2463 3268 2506 3320; x_wconf 90' lang='lat' dir='ltr'><strong>si</strong></span> <span class='ocrx_word' id='word_1_737' title='bbox 2543 3269 2714 3321; x_wconf 91' lang='lat' dir='ltr'><strong>omnis</strong></span> <span class='ocrx_word' id='word_1_738' title='bbox 2749 3269 2838 3337; x_wconf 91' lang='lat' dir='ltr'><strong>qui</strong></span> <span class='ocrx_word' id='word_1_739' title='bbox 2873 3271 3150 3323; x_wconf 88' lang='lat' dir='ltr'><strong>committit</strong></span> <span class='ocrx_word' id='word_1_740' title='bbox 3184 3287 3372 3339; x_wconf 89' lang='lat' dir='ltr'><strong>pecca-</strong></span> 
     </span>
    </p>
   </div>
   <div class='ocr_carea' id='block_1_92' title="bbox 1854 3356 3372 3426">
    <p class='ocr_par' dir='ltr' id='par_1_92' title="bbox 1854 3356 3372 3426">
     <span class='ocr_line' id='line_1_92' title="bbox 1854 3356 3372 3426; baseline 0.006 -19"><span class='ocrx_word' id='word_1_741' title='bbox 1854 3362 1986 3419; x_wconf 89' lang='lat' dir='ltr'><strong>tum,</strong></span> <span class='ocrx_word' id='word_1_742' title='bbox 2018 3356 2176 3426; x_wconf 69' lang='grc'><strong>324</strong></span> <span class='ocrx_word' id='word_1_743' title='bbox 2201 3366 2283 3411; x_wconf 89' lang='lat' dir='ltr'><strong>est</strong></span> <span class='ocrx_word' id='word_1_744' title='bbox 2321 3373 2383 3410; x_wconf 82' lang='lat' dir='ltr'><strong>ex</strong></span> <span class='ocrx_word' id='word_1_745' title='bbox 2424 3357 2659 3420; x_wconf 88' lang='lat' dir='ltr'><strong>diabolo;</strong></span> <span class='ocrx_word' id='word_1_746' title='bbox 2705 3359 2876 3412; x_wconf 91' lang='lat' dir='ltr'><strong>omnis</strong></span> <span class='ocrx_word' id='word_1_747' title='bbox 2919 3359 3008 3426; x_wconf 92' lang='lat' dir='ltr'><strong>qui</strong></span> <span class='ocrx_word' id='word_1_748' title='bbox 3051 3375 3156 3412; x_wconf 92' lang='lat' dir='ltr'><strong>non</strong></span> <span class='ocrx_word' id='word_1_749' title='bbox 3198 3371 3279 3415; x_wconf 86' lang='lat' dir='ltr'><strong>est</strong></span> <span class='ocrx_word' id='word_1_750' title='bbox 3307 3379 3372 3415; x_wconf 82' lang='lat' dir='ltr'><strong>ex</strong></span> 
     </span>
    </p>
   </div>
   <div class='ocr_carea' id='block_1_93' title="bbox 1857 3443 3374 3512">
    <p class='ocr_par' dir='ltr' id='par_1_93' title="bbox 1857 3443 3374 3512">
     <span class='ocr_line' id='line_1_93' title="bbox 1857 3443 3374 3512; baseline 0.004 -16"><span class='ocrx_word' id='word_1_751' title='bbox 1857 3443 2085 3506; x_wconf 88' lang='lat' dir='ltr'><strong>diabolo,</strong></span> <span class='ocrx_word' id='word_1_752' title='bbox 2117 3460 2222 3497; x_wconf 91' lang='lat' dir='ltr'><strong>non</strong></span> <span class='ocrx_word' id='word_1_753' title='bbox 2261 3445 2538 3497; x_wconf 89' lang='lat' dir='ltr'><strong>committit</strong></span> <span class='ocrx_word' id='word_1_754' title='bbox 2563 3454 2854 3512; x_wconf 90' lang='lat' dir='ltr'><strong>peccatum.</strong></span> <span class='ocrx_word' id='word_1_755' title='bbox 2886 3446 3021 3510; x_wconf 87' lang='lat' dir='ltr'><strong>Quin</strong></span> <span class='ocrx_word' id='word_1_756' title='bbox 3051 3448 3206 3500; x_wconf 89' lang='lat' dir='ltr'><strong>etiam</strong></span> <span class='ocrx_word' id='word_1_757' title='bbox 3235 3450 3278 3501; x_wconf 92' lang='lat' dir='ltr'><strong>si</strong></span> <span class='ocrx_word' id='word_1_758' title='bbox 3309 3450 3374 3502; x_wconf 90' lang='lat' dir='ltr'><strong>ad</strong></span> 
     </span>
    </p>
   </div>
   <div class='ocr_carea' id='block_1_94' title="bbox 1858 3533 3372 3602">
    <p class='ocr_par' dir='ltr' id='par_1_94' title="bbox 1858 3533 3372 3602">
     <span class='ocr_line' id='line_1_94' title="bbox 1858 3533 3372 3602; baseline 0.003 -17"><span class='ocrx_word' id='word_1_759' title='bbox 1858 3534 1959 3585; x_wconf 90' lang='lat' dir='ltr'><strong>hoc</strong></span> <span class='ocrx_word' id='word_1_760' title='bbox 2005 3534 2246 3600; x_wconf 86' lang='lat' dir='ltr'><strong>apparuit</strong></span> <span class='ocrx_word' id='word_1_761' title='bbox 2279 3533 2440 3586; x_wconf 75' lang='lat' dir='ltr'><strong>FilLus</strong></span> <span class='ocrx_word' id='word_1_762' title='bbox 2489 3533 2609 3596; x_wconf 86' lang='lat' dir='ltr'><strong>Dei,</strong></span> <span class='ocrx_word' id='word_1_763' title='bbox 2649 3542 2707 3586; x_wconf 92' lang='lat' dir='ltr'><strong>ut</strong></span> <span class='ocrx_word' id='word_1_764' title='bbox 2755 3533 2922 3586; x_wconf 87' lang='lat' dir='ltr'><strong>solvat</strong></span> <span class='ocrx_word' id='word_1_765' title='bbox 2956 3550 3112 3602; x_wconf 86' lang='lat' dir='ltr'><strong>opera</strong></span> <span class='ocrx_word' id='word_1_766' title='bbox 3148 3536 3372 3602; x_wconf 87' lang='lat' dir='ltr'><strong>diaboli,</strong></span> 
     </span>
    </p>
   </div>
   <div class='ocr_carea' id='block_1_95' title="bbox 1858 3621 3374 3691">
    <p class='ocr_par' dir='ltr' id='par_1_95' title="bbox 1858 3621 3374 3691">
     <span class='ocr_line' id='line_1_95' title="bbox 1858 3621 3374 3691; baseline 0.005 -18"><span class='ocrx_word' id='word_1_767' title='bbox 1858 3622 1978 3688; x_wconf 90' lang='lat' dir='ltr'><strong>quia</strong></span> <span class='ocrx_word' id='word_1_768' title='bbox 2033 3621 2156 3674; x_wconf 91' lang='lat' dir='ltr'><strong>huic</strong></span> <span class='ocrx_word' id='word_1_769' title='bbox 2209 3636 2316 3674; x_wconf 90' lang='lat' dir='ltr'><strong>non</strong></span> <span class='ocrx_word' id='word_1_770' title='bbox 2369 3621 2764 3675; x_wconf 87' lang='lat' dir='ltr'><strong>exhibuerimus</strong></span> <span class='ocrx_word' id='word_1_771' title='bbox 2807 3637 2905 3676; x_wconf 89' lang='lat' dir='ltr'><strong>nos</strong></span> <span class='ocrx_word' id='word_1_772' title='bbox 2958 3623 3099 3691; x_wconf 90' lang='lat' dir='ltr'><strong>ipsos</strong></span> <span class='ocrx_word' id='word_1_773' title='bbox 3151 3627 3374 3680; x_wconf 87' lang='lat' dir='ltr'><strong>solventi</strong></span> 
     </span>
    </p>
   </div>
   <div class='ocr_carea' id='block_1_96' title="bbox 1857 3709 3377 3779">
    <p class='ocr_par' dir='ltr' id='par_1_96' title="bbox 1857 3709 3377 3779">
     <span class='ocr_line' id='line_1_96' title="bbox 1857 3709 3377 3779; baseline 0.005 -18"><span class='ocrx_word' id='word_1_774' title='bbox 1857 3724 2016 3776; x_wconf 82' lang='lat' dir='ltr'><strong>Opera</strong></span> <span class='ocrx_word' id='word_1_775' title='bbox 2055 3709 2281 3774; x_wconf 86' lang='lat' dir='ltr'><strong>diaboli,</strong></span> <span class='ocrx_word' id='word_1_776' title='bbox 2327 3711 2561 3764; x_wconf 88' lang='lat' dir='ltr'><strong>nondum</strong></span> <span class='ocrx_word' id='word_1_777' title='bbox 2604 3711 2942 3779; x_wconf 88' lang='lat' dir='ltr'><strong>deposuimus</strong></span> <span class='ocrx_word' id='word_1_778' title='bbox 2987 3729 3103 3767; x_wconf 89' lang='lat' dir='ltr'><strong>esse</strong></span> <span class='ocrx_word' id='word_1_779' title='bbox 3146 3715 3235 3767; x_wconf 92' lang='lat' dir='ltr'><strong>ﬁlii</strong></span> <span class='ocrx_word' id='word_1_780' title='bbox 3267 3717 3377 3768; x_wconf 90' lang='lat' dir='ltr'><strong>dia-</strong></span> 
     </span>
    </p>
   </div>
   <div class='ocr_carea' id='block_1_97' title="bbox 1858 3799 3376 3870">
    <p class='ocr_par' dir='ltr' id='par_1_97' title="bbox 1858 3799 3376 3870">
     <span class='ocr_line' id='line_1_97' title="bbox 1858 3799 3376 3870; baseline 0.003 -18"><span class='ocrx_word' id='word_1_781' title='bbox 1858 3799 1995 3862; x_wconf 90' lang='lat' dir='ltr'><strong>boli;</strong></span> <span class='ocrx_word' id='word_1_782' title='bbox 2035 3800 2156 3867; x_wconf 88' lang='lat' dir='ltr'><strong>quia</strong></span> <span class='ocrx_word' id='word_1_783' title='bbox 2203 3801 2269 3854; x_wconf 90' lang='lat' dir='ltr'><strong>ab</strong></span> <span class='ocrx_word' id='word_1_784' title='bbox 2313 3800 2561 3868; x_wconf 83' lang='lat' dir='ltr'><strong>Operibus</strong></span> <span class='ocrx_word' id='word_1_785' title='bbox 2607 3801 2938 3870; x_wconf 80' lang='lat' dir='ltr'><strong>agnoscimur</strong></span> <span class='ocrx_word' id='word_1_786' title='bbox 2981 3803 3130 3870; x_wconf 86' lang='lat' dir='ltr'><strong>cujus</strong></span> <span class='ocrx_word' id='word_1_787' title='bbox 3175 3803 3264 3856; x_wconf 89' lang='lat' dir='ltr'><strong>ﬁlii</strong></span> <span class='ocrx_word' id='word_1_788' title='bbox 3303 3805 3376 3856; x_wconf 90' lang='lat' dir='ltr'><strong>si-</strong></span> 
     </span>
    </p>
   </div>
   <div class='ocr_carea' id='block_1_98' title="bbox 1857 3889 3380 3961">
    <p class='ocr_par' dir='ltr' id='par_1_98' title="bbox 1857 3889 3380 3961">
     <span class='ocr_line' id='line_1_98' title="bbox 1857 3889 3380 3961; baseline 0.003 -19"><span class='ocrx_word' id='word_1_789' title='bbox 1857 3905 2002 3953; x_wconf 82' lang='lat' dir='ltr'><strong>mus;</strong></span> <span class='ocrx_word' id='word_1_790' title='bbox 2035 3905 2100 3941; x_wconf 80' lang='lat' dir='ltr'><strong>ex</strong></span> <span class='ocrx_word' id='word_1_791' title='bbox 2125 3890 2317 3958; x_wconf 88' lang='lat' dir='ltr'><strong>quibus</strong></span> <span class='ocrx_word' id='word_1_792' title='bbox 2347 3889 2504 3942; x_wconf 89' lang='lat' dir='ltr'><strong>etiam</strong></span> <span class='ocrx_word' id='word_1_793' title='bbox 2536 3891 2870 3958; x_wconf 89' lang='lat' dir='ltr'><strong>perspicuum</strong></span> <span class='ocrx_word' id='word_1_794' title='bbox 2899 3900 2999 3955; x_wconf 84' lang='lat' dir='ltr'><strong>est,</strong></span> <span class='ocrx_word' id='word_1_795' title='bbox 3029 3907 3133 3944; x_wconf 93' lang='lat' dir='ltr'><strong>non</strong></span> <span class='ocrx_word' id='word_1_796' title='bbox 3163 3903 3380 3961; x_wconf 88' lang='lat' dir='ltr'><strong>pr0pter</strong></span> 
     </span>
    </p>
   </div>
   <div class='ocr_carea' id='block_1_99' title="bbox 1857 3977 3377 4049">
    <p class='ocr_par' dir='ltr' id='par_1_99' title="bbox 1857 3977 3377 4049">
     <span class='ocr_line' id='line_1_99' title="bbox 1857 3977 3377 4049; baseline 0.003 -20"><span class='ocrx_word' id='word_1_797' title='bbox 1857 3978 2119 4045; x_wconf 80' lang='lat' dir='ltr'><strong>Opiﬁcium</strong></span> <span class='ocrx_word' id='word_1_798' title='bbox 2163 3979 2387 4046; x_wconf 90' lang='lat' dir='ltr'><strong>aliquem</strong></span> <span class='ocrx_word' id='word_1_799' title='bbox 2431 3977 2620 4030; x_wconf 89' lang='lat' dir='ltr'><strong>diaboli</strong></span> <span class='ocrx_word' id='word_1_800' title='bbox 2665 3979 2827 4031; x_wconf 91' lang='lat' dir='ltr'><strong>ﬁlium</strong></span> <span class='ocrx_word' id='word_1_801' title='bbox 2872 3993 3006 4042; x_wconf 88' lang='lat' dir='ltr'><strong>esse,</strong></span> <span class='ocrx_word' id='word_1_802' title='bbox 3046 3995 3218 4048; x_wconf 89' lang='lat' dir='ltr'><strong>neque</strong></span> <span class='ocrx_word' id='word_1_803' title='bbox 3257 3982 3377 4049; x_wconf 90' lang='lat' dir='ltr'><strong>quia</strong></span> 
     </span>
    </p>
   </div>
   <div class='ocr_carea' id='block_1_100' title="bbox 1858 4067 3377 4135">
    <p class='ocr_par' dir='ltr' id='par_1_100' title="bbox 1858 4067 3377 4135">
     <span class='ocr_line' id='line_1_100' title="bbox 1858 4067 3377 4135; baseline 0.003 -15"><span class='ocrx_word' id='word_1_804' title='bbox 1858 4068 1934 4120; x_wconf 89' lang='lat' dir='ltr'><strong>sic</strong></span> <span class='ocrx_word' id='word_1_805' title='bbox 1964 4077 2170 4121; x_wconf 88' lang='lat' dir='ltr'><strong>creatus</strong></span> <span class='ocrx_word' id='word_1_806' title='bbox 2193 4067 2369 4129; x_wconf 81' lang='lat' dir='ltr'><strong>fuerit,</strong></span> <span class='ocrx_word' id='word_1_807' title='bbox 2405 4067 2543 4120; x_wconf 88' lang='lat' dir='ltr'><strong>ﬁlius</strong></span> <span class='ocrx_word' id='word_1_808' title='bbox 2568 4067 2824 4135; x_wconf 90' lang='lat' dir='ltr'><strong>quispiam</strong></span> <span class='ocrx_word' id='word_1_809' title='bbox 2855 4067 2908 4120; x_wconf 91' lang='lat' dir='ltr'><strong>in</strong></span> <span class='ocrx_word' id='word_1_810' title='bbox 2947 4069 3246 4123; x_wconf 90' lang='lat' dir='ltr'><strong>hominibus</strong></span> <span class='ocrx_word' id='word_1_811' title='bbox 3273 4071 3377 4125; x_wconf 90' lang='lat' dir='ltr'><strong>dici</strong></span> 
     </span>
    </p>
   </div>
   <div class='ocr_carea' id='block_1_101' title="bbox 1858 4156 3378 4226">
    <p class='ocr_par' dir='ltr' id='par_1_101' title="bbox 1858 4156 3378 4226">
     <span class='ocr_line' id='line_1_101' title="bbox 1858 4156 3378 4226; baseline 0.001 -16"><span class='ocrx_word' id='word_1_812' title='bbox 1858 4158 1948 4210; x_wconf 87' lang='lat' dir='ltr'><strong>Dei</strong></span> <span class='ocrx_word' id='word_1_813' title='bbox 1981 4175 1992 4209; x_wconf 92' lang='lat'>:</span> <span class='ocrx_word' id='word_1_814' title='bbox 2024 4157 2128 4208; x_wconf 91' lang='lat' dir='ltr'><strong>imo</strong></span> <span class='ocrx_word' id='word_1_815' title='bbox 2165 4156 2499 4210; x_wconf 82' lang='lat' dir='ltr'><strong>manifestum</strong></span> <span class='ocrx_word' id='word_1_816' title='bbox 2526 4165 2606 4210; x_wconf 90' lang='lat' dir='ltr'><strong>est</strong></span> <span class='ocrx_word' id='word_1_817' title='bbox 2633 4157 2772 4224; x_wconf 90' lang='lat' dir='ltr'><strong>quod</strong></span> <span class='ocrx_word' id='word_1_818' title='bbox 2803 4156 2891 4225; x_wconf 85' lang='lat' dir='ltr'><strong>qui</strong></span> <span class='ocrx_word' id='word_1_819' title='bbox 2918 4157 3194 4226; x_wconf 89' lang='lat' dir='ltr'><strong>aliquando</strong></span> <span class='ocrx_word' id='word_1_820' title='bbox 3219 4159 3378 4212; x_wconf 88' lang='lat' dir='ltr'><strong>fuerit</strong></span> 
     </span>
    </p>
   </div>
   <div class='ocr_carea' id='block_1_102' title="bbox 1857 4243 3380 4312">
    <p class='ocr_par' dir='ltr' id='par_1_102' title="bbox 1857 4243 3380 4312">
     <span class='ocr_line' id='line_1_102' title="bbox 1857 4243 3380 4312; baseline 0.001 -16"><span class='ocrx_word' id='word_1_821' title='bbox 1857 4244 2046 4297; x_wconf 91' lang='lat' dir='ltr'><strong>diaboli</strong></span> <span class='ocrx_word' id='word_1_822' title='bbox 2076 4244 2242 4306; x_wconf 88' lang='lat' dir='ltr'><strong>ﬁlius,</strong></span> <span class='ocrx_word' id='word_1_823' title='bbox 2278 4243 2409 4296; x_wconf 80' lang='lat' dir='ltr'><strong>elﬁci</strong></span> <span class='ocrx_word' id='word_1_824' title='bbox 2454 4244 2621 4311; x_wconf 90' lang='lat' dir='ltr'><strong>possit</strong></span> <span class='ocrx_word' id='word_1_825' title='bbox 2650 4243 2787 4296; x_wconf 86' lang='lat' dir='ltr'><strong>ﬁlius</strong></span> <span class='ocrx_word' id='word_1_826' title='bbox 2829 4243 2938 4297; x_wconf 90' lang='lat' dir='ltr'><strong>Dei.</strong></span> <span class='ocrx_word' id='word_1_827' title='bbox 2972 4245 3025 4297; x_wconf 92' lang='lat' dir='ltr'><strong>ld</strong></span> <span class='ocrx_word' id='word_1_828' title='bbox 3053 4245 3192 4312; x_wconf 92' lang='lat' dir='ltr'><strong>quod</strong></span> <span class='ocrx_word' id='word_1_829' title='bbox 3220 4247 3380 4299; x_wconf 87' lang='lat' dir='ltr'><strong>etiam</strong></span> 
     </span>
    </p>
   </div>
   <div class='ocr_carea' id='block_1_103' title="bbox 1859 4331 3378 4394">
    <p class='ocr_par' dir='ltr' id='par_1_103' title="bbox 1859 4331 3378 4394">
     <span class='ocr_line' id='line_1_103' title="bbox 1859 4331 3378 4394; baseline 0.003 -10"><span class='ocrx_word' id='word_1_830' title='bbox 1859 4333 2132 4386; x_wconf 71' lang='lat' dir='ltr'><strong>Matthaeus</strong></span> <span class='ocrx_word' id='word_1_831' title='bbox 2165 4333 2305 4385; x_wconf 83' lang='lat' dir='ltr'><strong>hunc</strong></span> <span class='ocrx_word' id='word_1_832' title='bbox 2347 4331 2400 4384; x_wconf 89' lang='lat' dir='ltr'><strong>in</strong></span> <span class='ocrx_word' id='word_1_833' title='bbox 2433 4332 2646 4386; x_wconf 86' lang='lat' dir='ltr'><strong>modum</strong></span> <span class='ocrx_word' id='word_1_834' title='bbox 2687 4331 3006 4394; x_wconf 82' lang='lat' dir='ltr'><strong>manifestat,</strong></span> <span class='ocrx_word' id='word_1_835' title='bbox 3049 4332 3378 4388; x_wconf 87' lang='lat' dir='ltr'><strong>Servatorem</strong></span> 
     </span>
    </p>
   </div>
   <div class='ocr_carea' id='block_1_104' title="bbox 1860 4420 3378 4492">
    <p class='ocr_par' dir='ltr' id='par_1_104' title="bbox 1860 4420 3378 4492">
     <span class='ocr_line' id='line_1_104' title="bbox 1860 4420 3378 4492; baseline 0.001 -17"><span class='ocrx_word' id='word_1_836' title='bbox 1860 4422 2053 4475; x_wconf 83' lang='lat' dir='ltr'><strong>dixisse</strong></span> <span class='ocrx_word' id='word_1_837' title='bbox 2103 4420 2392 4474; x_wconf 86' lang='lat' dir='ltr'><strong>scribens:</strong></span> <span class='ocrx_word' id='word_1_838' title='bbox 2443 4421 2676 4473; x_wconf 80' lang='lat' dir='ltr'><strong>Audistis</strong></span> <span class='ocrx_word' id='word_1_839' title='bbox 2731 4422 2922 4474; x_wconf 85' lang='lat' dir='ltr'><strong>dictum</strong></span> <span class='ocrx_word' id='word_1_840' title='bbox 2971 4438 3080 4475; x_wconf 87' lang='lat' dir='ltr'><strong>esse</strong></span> <span class='ocrx_word' id='word_1_841' title='bbox 3117 4437 3136 4474; x_wconf 89' lang='lat'><strong><em>:</em></strong></span> <span class='ocrx_word' id='word_1_842' title='bbox 3186 4422 3378 4492; x_wconf 88' lang='lat' dir='ltr'><strong>Diliges</strong></span> 
     </span>
    </p>
   </div>
   <div class='ocr_carea' id='block_1_105' title="bbox 1859 4509 3376 4574">
    <p class='ocr_par' dir='ltr' id='par_1_105' title="bbox 1859 4509 3376 4574">
     <span class='ocr_line' id='line_1_105' title="bbox 1859 4509 3376 4574; baseline 0.005 -16"><span class='ocrx_word' id='word_1_843' title='bbox 1859 4509 2150 4574; x_wconf 72' lang='lat' dir='ltr'><strong>proximum</strong></span> <span class='ocrx_word' id='word_1_844' title='bbox 2189 4516 2328 4558; x_wconf 77' lang='lat' dir='ltr'><strong>tuum</strong></span> <span class='ocrx_word' id='word_1_845' title='bbox 2351 4547 2364 4571; x_wconf 94' lang='lat'><strong>,</strong></span> <span class='ocrx_word' id='word_1_846' title='bbox 2403 4519 2452 4561; x_wconf 87' lang='lat' dir='ltr'><strong>et</strong></span> <span class='ocrx_word' id='word_1_847' title='bbox 2504 4510 2624 4561; x_wconf 85' lang='lat' dir='ltr'><strong>odio</strong></span> <span class='ocrx_word' id='word_1_848' title='bbox 2673 4509 2874 4564; x_wconf 79' lang='lat' dir='ltr'><strong>habebis</strong></span> <span class='ocrx_word' id='word_1_849' title='bbox 2913 4511 3176 4564; x_wconf 84' lang='lat' dir='ltr'><strong>inimicum</strong></span> <span class='ocrx_word' id='word_1_850' title='bbox 3215 4523 3376 4566; x_wconf 81' lang='lat' dir='ltr'><strong>tuum.</strong></span> 
     </span>
    </p>
   </div>
   <div class='ocr_carea' id='block_1_106' title="bbox 1862 4596 3382 4666">
    <p class='ocr_par' dir='ltr' id='par_1_106' title="bbox 1862 4596 3382 4666">
     <span class='ocr_line' id='line_1_106' title="bbox 1862 4596 3382 4666; baseline 0.003 -18"><span class='ocrx_word' id='word_1_851' title='bbox 1862 4598 1927 4648; x_wconf 84' lang='lat' dir='ltr'><strong>At</strong></span> <span class='ocrx_word' id='word_1_852' title='bbox 1953 4611 2042 4663; x_wconf 82' lang='lat' dir='ltr'><strong>ego</strong></span> <span class='ocrx_word' id='word_1_853' title='bbox 2071 4597 2188 4648; x_wconf 86' lang='lat' dir='ltr'><strong>dico</strong></span> <span class='ocrx_word' id='word_1_854' title='bbox 2212 4596 2350 4648; x_wconf 81' lang='lat' dir='ltr'><strong>vobis</strong></span> <span class='ocrx_word' id='word_1_855' title='bbox 2383 4613 2400 4652; x_wconf 88' lang='lat'><strong><em>:</em></strong></span> <span class='ocrx_word' id='word_1_856' title='bbox 2430 4597 2642 4666; x_wconf 87' lang='lat' dir='ltr'><strong>Diligite</strong></span> <span class='ocrx_word' id='word_1_857' title='bbox 2667 4599 2901 4651; x_wconf 87' lang='lat' dir='ltr'><strong>inimicos</strong></span> <span class='ocrx_word' id='word_1_858' title='bbox 2928 4609 3137 4664; x_wconf 86' lang='lat' dir='ltr'><strong>vestros,</strong></span> <span class='ocrx_word' id='word_1_859' title='bbox 3163 4609 3209 4652; x_wconf 88' lang='lat' dir='ltr'><strong>et</strong></span> <span class='ocrx_word' id='word_1_860' title='bbox 3237 4612 3382 4654; x_wconf 87' lang='lat' dir='ltr'><strong>orate</strong></span> 
     </span>
    </p>
   </div>
   <div class='ocr_carea' id='block_1_107' title="bbox 1863 4685 3382 4756">
    <p class='ocr_par' dir='ltr' id='par_1_107' title="bbox 1863 4685 3382 4756">
     <span class='ocr_line' id='line_1_107' title="bbox 1863 4685 3382 4756; baseline 0.005 -23"><span class='ocrx_word' id='word_1_861' title='bbox 1863 4698 1956 4750; x_wconf 86' lang='lat' dir='ltr'><strong>pro</strong></span> <span class='ocrx_word' id='word_1_862' title='bbox 1979 4685 2389 4751; x_wconf 76' lang='lat' dir='ltr'><strong>persequentibus</strong></span> <span class='ocrx_word' id='word_1_863' title='bbox 2411 4701 2515 4749; x_wconf 86' lang='lat' dir='ltr'><strong>vos,</strong></span> <span class='ocrx_word' id='word_1_864' title='bbox 2544 4695 2598 4737; x_wconf 85' lang='lat' dir='ltr'><strong>ut</strong></span> <span class='ocrx_word' id='word_1_865' title='bbox 2628 4687 2742 4738; x_wconf 87' lang='lat' dir='ltr'><strong>sitis</strong></span> <span class='ocrx_word' id='word_1_866' title='bbox 2765 4687 2864 4754; x_wconf 78' lang='lat' dir='ltr'><strong>ﬁlii</strong></span> <span class='ocrx_word' id='word_1_867' title='bbox 2890 4687 3068 4740; x_wconf 84' lang='lat' dir='ltr'><strong>Patris</strong></span> <span class='ocrx_word' id='word_1_868' title='bbox 3104 4689 3258 4740; x_wconf 79' lang='lat' dir='ltr'><strong>vestri</strong></span> <span class='ocrx_word' id='word_1_869' title='bbox 3293 4691 3382 4756; x_wconf 87' lang='lat' dir='ltr'><strong>qui</strong></span> 
     </span>
    </p>
   </div>
   <div class='ocr_carea' id='block_1_108' title="bbox 1864 4771 3380 4843">
    <p class='ocr_par' dir='ltr' id='par_1_108' title="bbox 1864 4771 3380 4843">
     <span class='ocr_line' id='line_1_108' title="bbox 1864 4771 3380 4843; baseline 0.003 -19"><span class='ocrx_word' id='word_1_870' title='bbox 1864 4773 1918 4824; x_wconf 83' lang='lat' dir='ltr'><strong>in</strong></span> <span class='ocrx_word' id='word_1_871' title='bbox 1939 4771 2076 4825; x_wconf 73' lang='lat' dir='ltr'><strong>cadis</strong></span> <span class='ocrx_word' id='word_1_872' title='bbox 2115 4781 2191 4825; x_wconf 86' lang='lat' dir='ltr'><strong>est</strong></span> <span class='ocrx_word' id='word_1_873' title='bbox 2215 4773 2282 4825; x_wconf 80' lang='grc' dir='ltr'><strong>⁷ο.</strong></span> <span class='ocrx_word' id='word_1_874' title='bbox 2311 4771 2470 4827; x_wconf 85' lang='lat' dir='ltr'><strong>Orate</strong></span> <span class='ocrx_word' id='word_1_875' title='bbox 2495 4775 2657 4838; x_wconf 90' lang='lat' dir='ltr'><strong>enim,</strong></span> <span class='ocrx_word' id='word_1_876' title='bbox 2682 4776 2804 4842; x_wconf 86' lang='lat' dir='ltr'><strong>quia</strong></span> <span class='ocrx_word' id='word_1_877' title='bbox 2844 4783 3054 4828; x_wconf 89' lang='lat' dir='ltr'><strong>orantes</strong></span> <span class='ocrx_word' id='word_1_878' title='bbox 3081 4789 3177 4843; x_wconf 93' lang='lat' dir='ltr'><strong>pro</strong></span> <span class='ocrx_word' id='word_1_879' title='bbox 3200 4791 3380 4843; x_wconf 85' lang='lat' dir='ltr'><strong>perse-</strong></span> 
     </span>
    </p>
   </div>
   <div class='ocr_carea' id='block_1_109' title="bbox 1863 4867 3386 4928">
    <p class='ocr_par' dir='ltr' id='par_1_109' title="bbox 1863 4867 3386 4928">
     <span class='ocr_line' id='line_1_109' title="bbox 1863 4867 3386 4928; baseline 0.003 -17"><span class='ocrx_word' id='word_1_880' title='bbox 1863 4867 2148 4923; x_wconf 65' lang='lat' dir='ltr'><strong>quentibus</strong></span> <span class='ocrx_word' id='word_1_881' title='bbox 2181 4879 2291 4924; x_wconf 86' lang='lat' dir='ltr'><strong>vus,</strong></span> <span class='ocrx_word' id='word_1_882' title='bbox 2331 4875 2388 4914; x_wconf 89' lang='lat' dir='ltr'><strong>et</strong></span> <span class='ocrx_word' id='word_1_883' title='bbox 2428 4867 2672 4916; x_wconf 87' lang='lat' dir='ltr'><strong>inimicus</strong></span> <span class='ocrx_word' id='word_1_884' title='bbox 2727 4873 2926 4916; x_wconf 79' lang='lat' dir='ltr'><strong>vestros</strong></span> <span class='ocrx_word' id='word_1_885' title='bbox 2974 4878 3153 4917; x_wconf 84' lang='lat' dir='ltr'><strong>amore</strong></span> <span class='ocrx_word' id='word_1_886' title='bbox 3203 4878 3386 4928; x_wconf 77' lang='lat' dir='ltr'><strong>prose-</strong></span> 
     </span>
    </p>
   </div>
   <div class='ocr_carea' id='block_1_110' title="bbox 1866 4947 3386 5017">
    <p class='ocr_par' dir='ltr' id='par_1_110' title="bbox 1866 4947 3386 5017">
     <span class='ocr_line' id='line_1_110' title="bbox 1866 4947 3386 5017; baseline 0.001 -19"><span class='ocrx_word' id='word_1_887' title='bbox 1866 4959 2108 5013; x_wconf 85' lang='lat' dir='ltr'><strong>quentes,</strong></span> <span class='ocrx_word' id='word_1_888' title='bbox 2142 4948 2232 5001; x_wconf 84' lang='lat' dir='ltr'><strong>ﬁlii</strong></span> <span class='ocrx_word' id='word_1_889' title='bbox 2264 4947 2564 5002; x_wconf 75' lang='lat' dir='ltr'><strong>cmmemini</strong></span> <span class='ocrx_word' id='word_1_890' title='bbox 2597 4949 2768 5003; x_wconf 86' lang='lat' dir='ltr'><strong>Patris</strong></span> <span class='ocrx_word' id='word_1_891' title='bbox 2796 4951 3050 5012; x_wconf 74' lang='lat' dir='ltr'><strong>cmlestis,</strong></span> <span class='ocrx_word' id='word_1_892' title='bbox 3075 4951 3118 5004; x_wconf 89' lang='lat' dir='ltr'><strong>si</strong></span> <span class='ocrx_word' id='word_1_893' title='bbox 3151 4950 3268 5017; x_wconf 86' lang='lat' dir='ltr'><strong>quis</strong></span> <span class='ocrx_word' id='word_1_894' title='bbox 3293 4965 3386 5001; x_wconf 89' lang='lat' dir='ltr'><strong>an-</strong></span> 
     </span>
    </p>
   </div>
   <div class='ocr_carea' id='block_1_111' title="bbox 1869 5035 3384 5105">
    <p class='ocr_par' dir='ltr' id='par_1_111' title="bbox 1869 5035 3384 5105">
     <span class='ocr_line' id='line_1_111' title="bbox 1869 5035 3384 5105; baseline 0.002 -16"><span class='ocrx_word' id='word_1_895' title='bbox 1869 5047 1948 5090; x_wconf 89' lang='lat' dir='ltr'><strong>tea</strong></span> <span class='ocrx_word' id='word_1_896' title='bbox 1975 5053 2041 5089; x_wconf 77' lang='lat' dir='ltr'><strong>ex</strong></span> <span class='ocrx_word' id='word_1_897' title='bbox 2070 5036 2222 5090; x_wconf 85' lang='lat' dir='ltr'><strong>vobis</strong></span> <span class='ocrx_word' id='word_1_898' title='bbox 2249 5051 2353 5089; x_wconf 87' lang='lat' dir='ltr'><strong>non</strong></span> <span class='ocrx_word' id='word_1_899' title='bbox 2384 5035 2544 5089; x_wconf 75' lang='lat' dir='ltr'><strong>fuerit</strong></span> <span class='ocrx_word' id='word_1_900' title='bbox 2571 5038 2710 5091; x_wconf 91' lang='lat' dir='ltr'><strong>illius</strong></span> <span class='ocrx_word' id='word_1_901' title='bbox 2736 5039 2892 5092; x_wconf 84' lang='lat' dir='ltr'><strong>ﬁlius.</strong></span> <span class='ocrx_word' id='word_1_902' title='bbox 2920 5039 3178 5105; x_wconf 85' lang='lat' dir='ltr'><strong>Quoniam</strong></span> <span class='ocrx_word' id='word_1_903' title='bbox 3209 5048 3384 5092; x_wconf 88' lang='lat' dir='ltr'><strong>autem</strong></span> 
     </span>
    </p>
   </div>
   <div class='ocr_carea' id='block_1_112' title="bbox 1871 5126 3386 5194">
    <p class='ocr_par' dir='ltr' id='par_1_112' title="bbox 1871 5126 3386 5194">
     <span class='ocr_line' id='line_1_112' title="bbox 1871 5126 3386 5194; baseline 0 -14"><span class='ocrx_word' id='word_1_904' title='bbox 1871 5127 2134 5181; x_wconf 80' lang='lat' dir='ltr'><strong>manifesti</strong></span> <span class='ocrx_word' id='word_1_905' title='bbox 2187 5137 2308 5180; x_wconf 84' lang='lat' dir='ltr'><strong>sunt</strong></span> <span class='ocrx_word' id='word_1_906' title='bbox 2340 5127 2432 5179; x_wconf 88' lang='lat' dir='ltr'><strong>ﬁlii</strong></span> <span class='ocrx_word' id='word_1_907' title='bbox 2469 5129 2580 5192; x_wconf 83' lang='lat' dir='ltr'><strong>Dei,</strong></span> <span class='ocrx_word' id='word_1_908' title='bbox 2611 5137 2665 5182; x_wconf 89' lang='lat' dir='ltr'><strong>et</strong></span> <span class='ocrx_word' id='word_1_909' title='bbox 2695 5129 2785 5181; x_wconf 81' lang='lat' dir='ltr'><strong>ﬁlii</strong></span> <span class='ocrx_word' id='word_1_910' title='bbox 2830 5129 3045 5190; x_wconf 89' lang='lat' dir='ltr'><strong>diaboli,</strong></span> <span class='ocrx_word' id='word_1_911' title='bbox 3075 5135 3290 5194; x_wconf 84' lang='lat' dir='ltr'><strong>propter</strong></span> <span class='ocrx_word' id='word_1_912' title='bbox 3331 5126 3386 5180; x_wconf 82' lang='lat' dir='ltr'><strong>id</strong></span> 
     </span>
    </p>
   </div>
   <div class='ocr_carea' id='block_1_113' title="bbox 1867 5215 3382 5286">
    <p class='ocr_par' dir='ltr' id='par_1_113' title="bbox 1867 5215 3382 5286">
     <span class='ocr_line' id='line_1_113' title="bbox 1867 5215 3382 5286; baseline -0.003 -14"><span class='ocrx_word' id='word_1_913' title='bbox 1867 5223 2006 5286; x_wconf 88' lang='lat' dir='ltr'><strong>quod</strong></span> <span class='ocrx_word' id='word_1_914' title='bbox 2054 5217 2296 5286; x_wconf 79' lang='lat' dir='ltr'><strong>superius</strong></span> <span class='ocrx_word' id='word_1_915' title='bbox 2325 5215 2523 5269; x_wconf 88' lang='lat' dir='ltr'><strong>dictum</strong></span> <span class='ocrx_word' id='word_1_916' title='bbox 2546 5226 2628 5272; x_wconf 87' lang='lat' dir='ltr'><strong>est</strong></span> <span class='ocrx_word' id='word_1_917' title='bbox 2651 5216 2717 5272; x_wconf 90' lang='lat' dir='ltr'><strong>de</strong></span> <span class='ocrx_word' id='word_1_918' title='bbox 2747 5216 2943 5272; x_wconf 82' lang='lat' dir='ltr'><strong>diaboli</strong></span> <span class='ocrx_word' id='word_1_919' title='bbox 2983 5217 3125 5281; x_wconf 86' lang='lat' dir='ltr'><strong>ﬁliis,</strong></span> <span class='ocrx_word' id='word_1_920' title='bbox 3153 5227 3382 5283; x_wconf 80' lang='lat' dir='ltr'><strong>nempe:</strong></span> 
     </span>
    </p>
   </div>
   <div class='ocr_carea' id='block_1_114' title="bbox 280 5351 1758 5427">
    <p class='ocr_par' dir='ltr' id='par_1_114' title="bbox 280 5351 1758 5427">
     <span class='ocr_line' id='line_1_114' title="bbox 280 5351 1758 5427; baseline -0.007 -7"><span class='ocrx_word' id='word_1_921' title='bbox 280 5369 330 5402; x_wconf 82' lang='grc'><strong>⁸⁷</strong></span> <span class='ocrx_word' id='word_1_922' title='bbox 351 5366 517 5422; x_wconf 79' lang='lat' dir='ltr'><strong>Joan.</strong></span> <span class='ocrx_word' id='word_1_923' title='bbox 549 5377 669 5427; x_wconf 73' lang='lat' dir='ltr'><strong>vnn,</strong></span> <span class='ocrx_word' id='word_1_924' title='bbox 692 5359 780 5412; x_wconf 71' lang='grc'><strong>44.</strong></span> <span class='ocrx_word' id='word_1_925' title='bbox 854 5356 898 5388; x_wconf 81' lang='grc'><strong>⁸⁸</strong></span> <span class='ocrx_word' id='word_1_926' title='bbox 921 5353 1057 5407; x_wconf 87' lang='lat' dir='ltr'><strong>ibid.</strong></span> <span class='ocrx_word' id='word_1_927' title='bbox 1081 5353 1165 5405; x_wconf 76' lang='grc' dir='ltr'><strong>Η.</strong></span> <span class='ocrx_word' id='word_1_928' title='bbox 1235 5352 1278 5385; x_wconf 84' lang='lat'>“</span> <span class='ocrx_word' id='word_1_929' title='bbox 1300 5352 1320 5404; x_wconf 91' lang='lat' dir='ltr'><strong>l</strong></span> <span class='ocrx_word' id='word_1_930' title='bbox 1341 5351 1492 5408; x_wconf 86' lang='lat' dir='ltr'><strong>Joan.</strong></span> <span class='ocrx_word' id='word_1_931' title='bbox 1521 5371 1600 5416; x_wconf 83' lang='lat' dir='ltr'><strong>tu,</strong></span> <span class='ocrx_word' id='word_1_932' title='bbox 1631 5355 1758 5410; x_wconf 85' lang='lat' dir='ltr'><strong>8-l0</strong></span> 
     </span>
    </p>
   </div>
   <div class='ocr_carea' id='block_1_115' title="bbox 1861 5351 2397 5427">
    <p class='ocr_par' dir='ltr' id='par_1_115' title="bbox 1861 5353 2397 5420">
     <span class='ocr_line' id='line_1_115' title="bbox 1861 5353 2397 5420; baseline -0.011 -9"><span class='ocrx_word' id='word_1_933' title='bbox 1861 5359 1892 5389; x_wconf 64' lang='grc' dir='ltr'><strong>ὀ</strong></span> <span class='ocrx_word' id='word_1_934' title='bbox 1909 5357 2095 5410; x_wconf 75' lang='lat' dir='ltr'><strong>Matth.</strong></span> <span class='ocrx_word' id='word_1_935' title='bbox 2118 5370 2171 5416; x_wconf 87' lang='lat' dir='ltr'><strong>v,</strong></span> <span class='ocrx_word' id='word_1_936' title='bbox 2191 5353 2262 5406; x_wconf 67' lang='grc'><strong>45</strong></span> <span class='ocrx_word' id='word_1_937' title='bbox 2283 5366 2397 5420; x_wconf 88' lang='lat' dir='ltr'><strong>seq.</strong></span> 
     </span>
    </p>
   </div>
   <div class='ocr_carea' id='block_1_116' title="bbox 281 5501 1770 5640">
    <p class='ocr_par' dir='ltr' id='par_1_116' title="bbox 281 5501 1770 5640">
     <span class='ocr_line' id='line_1_116' title="bbox 281 5501 1770 5640; baseline -0.007 -71"><span class='ocrx_word' id='word_1_938' title='bbox 281 5519 408 5640; x_wconf 45' lang='grc' dir='ltr'><strong>(δέ)</strong></span> <span class='ocrx_word' id='word_1_939' title='bbox 445 5512 660 5592; x_wconf 49' lang='lat' dir='ltr'><strong>abditi</strong></span> <span class='ocrx_word' id='word_1_940' title='bbox 682 5501 1088 5567; x_wconf 80' lang='grc' dir='ltr'>κατασκευήν,</span> <span class='ocrx_word' id='word_1_941' title='bbox 1112 5511 1206 5556; x_wconf 87' lang='lat' dir='ltr'><strong>etc.</strong></span> <span class='ocrx_word' id='word_1_942' title='bbox 1244 5502 1454 5558; x_wconf 81' lang='lat' dir='ltr'><strong>Jactum</strong></span> <span class='ocrx_word' id='word_1_943' title='bbox 1490 5506 1587 5560; x_wconf 87' lang='lat' dir='ltr'><strong>huc</strong></span> <span class='ocrx_word' id='word_1_944' title='bbox 1645 5520 1770 5560; x_wconf 87' lang='lat' dir='ltr'><strong>con-</strong></span> 
     </span>
     <span class='ocr_line' id='line_1_117' title="bbox 281 5584 766 5640; baseline -0.019 0"><span class='ocrx_word' id='word_1_945' title='bbox 281 5605 301 5640; x_wconf 81' lang='grc' dir='ltr'><strong>ι</strong></span> <span class='ocrx_word' id='word_1_946' title='bbox 369 5584 766 5640; x_wconf 81' lang='lat' dir='ltr'><strong>’aleuttniauos.</strong></span> 
     </span>
    </p>
   </div>
   <div class='ocr_carea' id='block_1_117' title="bbox 211 5583 766 5645">
    <p class='ocr_par' dir='ltr' id='par_1_117' title="bbox 211 5583 766 5645">
     <span class='ocr_line' id='line_1_118' title="bbox 211 5583 766 5645; baseline -0.025 0"><span class='ocrx_word' id='word_1_947' title='bbox 211 5583 303 5645; x_wconf 70' lang='grc' dir='ltr'>ιτεὶ</span> <span class='ocrx_word' id='word_1_948' title='bbox 341 5583 766 5641; x_wconf 59' lang='lat' dir='ltr'><strong>valettliniauos.</strong></span> 
     </span>
    </p>
   </div>
   <div class='ocr_carea' id='block_1_118' title="bbox 1947 5499 3380 5576">
    <p class='ocr_par' dir='ltr' id='par_1_118' title="bbox 1947 5499 3380 5576">
     <span class='ocr_line' id='line_1_119' title="bbox 1947 5499 3380 5576; baseline 0.006 -19"><span class='ocrx_word' id='word_1_949' title='bbox 1947 5507 2061 5576; x_wconf 12' lang='lat' dir='ltr'><strong>(R7),</strong></span> <span class='ocrx_word' id='word_1_950' title='bbox 2095 5499 2383 5572; x_wconf 65' lang='lat' dir='ltr'><strong>‘Araadre.</strong></span> <span class='ocrx_word' id='word_1_951' title='bbox 2435 5502 2508 5557; x_wconf 86' lang='lat' dir='ltr'><strong>Ita</strong></span> <span class='ocrx_word' id='word_1_952' title='bbox 2575 5509 2742 5563; x_wconf 77' lang='lat' dir='ltr'><strong>codex</strong></span> <span class='ocrx_word' id='word_1_953' title='bbox 2792 5505 3140 5572; x_wconf 83' lang='lat' dir='ltr'><strong>Bodleianus,</strong></span> <span class='ocrx_word' id='word_1_954' title='bbox 3180 5503 3380 5576; x_wconf 68' lang='lat' dir='ltr'><strong>Regius</strong></span> 
     </span>
    </p>
   </div>
   <div class='ocr_carea' id='block_1_119' title="bbox 1871 5575 2366 5641">
    <p class='ocr_par' dir='ltr' id='par_1_119' title="bbox 1871 5575 2366 5641">
     <span class='ocr_line' id='line_1_120' title="bbox 1871 5575 2366 5641; baseline -0.01 -14"><span class='ocrx_word' id='word_1_955' title='bbox 1871 5591 2018 5636; x_wconf 76' lang='lat' dir='ltr'><strong>vero,</strong></span> <span class='ocrx_word' id='word_1_956' title='bbox 2043 5575 2366 5641; x_wconf 61' lang='grc' dir='ltr'>ἁγαπῆεατε.</span> 
     </span>
    </p>
   </div>
  </div>
