3820 6228
369 334 470 385 Μῖό

1748 307 1903 365 ORIG
1912 302 2060 359 ENIS

3470 271 3580 328 00-5

369 449 472 512 Qui
499 443 760 499 committit
792 449 1054 505 peccatum
1095 452 1160 490 ea:
1191 435 1396 488 diabolo
1439 444 1510 486 est
1537 429 1582 464 "
1609 447 1623 497 ;
1663 432 1727 483 de
1753 428 1874 482 [iliis

2092 439 2094 446 ι
2119 418 2355 489 ἐχθροὺς,
2383 414 2474 468 καὶ
2505 405 2877 482 προσεύχεσθε
2915 395 3204 512 6fkpf1iiw
3220 388 3590 512 finienti“:

369 551 492 590 vero
524 533 607 586 Dei
649 547 663 583 :
698 528 874 580 Omnis
909 528 995 594 qui
1041 535 1191 577 natus
1239 534 1312 577 est
1347 539 1408 576 ex
1453 521 1578 582 Deo,
1616 527 1874 587 peccatum

371 640 470 674 non
497 620 777 679 committit,
808 617 1050 684 quoniam
1089 630 1256 666 semen
1297 615 1457 678 ipsius
1502 612 1556 663 iu
1598 627 1654 662 eo
1685 615 1875 670 manet,

369 720 412 760 et
441 723 538 760 nou
565 712 720 772 potest
750 719 975 770 peccare,
1009 719 1065 754 eo
1096 702 1230 768 quod
1278 716 1341 752 ea:
1391 699 1492 750 Deo
1536 708 1686 750 natus
1717 706 1788 749 est
1812 697 1876 757 ⁷⁸,

370 795 696 864 perspicuum
724 803 804 845 est
833 794 1097 845 hominem
1154 805 1366 843 onmem
1409 788 1495 856 qui
1535 784 1880 854 compleverit

371 885 653 946 rationem,
678 882 757 934 vel
796 881 958 936 lilium
991 881 1100 941 Dei,
1135 881 1214 933 vel
1246 879 1409 932 lilium
1449 879 1641 932 diaboli
1673 892 1791 932 esse
1813 876 1878 929 ⁷³.

372 970 476 1021 Aut
509 967 648 1020 enim
681 966 964 1020 committit
995 974 1288 1034 peccatum,
1319 975 1407 1018 aut
1437 981 1538 1019 non
1566 964 1878 1018 committit:

371 1073 489 1111 cum
520 1057 650 1110 nihil
701 1057 765 1110 sit
827 1058 962 1109 inter
993 1056 1326 1110 committere
1367 1065 1640 1122 peccatum
1685 1065 1736 1110 et
1780 1070 1882 1108 non

371 1146 700 1199 committere
749 1157 1072 1213 peccatum;
1129 1154 1182 1198 et
1239 1146 1281 1198 si
1348 1146 1558 1214 quidem
1609 1155 1882 1214 peccatum

374 1236 675 1302 comtmttit,
726 1234 916 1291 diabsli
969 1245 1050 1288 est
1100 1252 1114 1302 ;
1164 1235 1244 1290 sin
1297 1251 1422 1290 vero
1473 1247 1740 1304 peccatum
1783 1251 1883 1290 non

373 1329 675 1393 committit,
695 1342 756 1380 ex
794 1327 898 1379 Deo
926 1334 1076 1378 natus
1101 1335 1198 1377 est.
1229 1324 1517 1393 Conjuncta
1556 1335 1678 1377 sunt
1711 1333 1884 1377 autem

375 1416 720 1470 enuntiationi
771 1416 953 1469 horum
1003 1416 1066 1468 de
1109 1414 1232 1467 ﬁliis
1276 1416 1365 1466 Dei
1413 1423 1466 1466 et
1511 1413 1629 1466 [iliis
1674 1413 1886 1479 diaboli,

377 1521 496 1574 quae
521 1506 573 1560 in
603 1506 831 1574 Epistola
870 1505 984 1573 ipsa
1016 1505 1266 1558 dicuntur
1314 1505 1378 1558 de
1417 1503 1502 1556 his
1546 1503 1634 1571 qui
1680 1511 1802 1556 sunt
1837 1504 1887 1554 in

381 1596 513 1650 Filio
545 1597 658 1655 Dei.
685 1596 853 1663 deque
881 1596 962 1648 his
996 1597 1082 1662 qui
1115 1610 1214 1648 non
1245 1595 1491 1648 viderunt
1517 1608 1633 1647 eum
1659 1610 1673 1647 :
1707 1592 1888 1647 Omnis

379 1685 542 1746 enim,
573 1684 759 1750 inquit,
794 1684 881 1746 qui
907 1684 962 1736 in
989 1698 1048 1735 eo
1087 1691 1289 1743 manet,
1319 1698 1418 1733 non
1443 1691 1617 1749 peccat
1650 1697 1669 1744 ;
1710 1691 1756 1734 et
1783 1697 1890 1733 om-

382 1775 462 1827 nis
499 1772 587 1840 qui
618 1781 812 1840 peccat,
839 1789 938 1826 nou
969 1773 1097 1825 uidit
1141 1773 1304 1838 ipsum
1340 1771 1409 1816 "1
1447 1772 1608 1840 Igitur
1643 1771 1687 1823 si
1721 1771 1891 1823 oumis

379 1862 469 1931 qui
501 1861 550 1914 in
589 1860 678 1914 illo
708 1871 903 1921 manet,
930 1875 1030 1913 non
1054 1871 1260 1928 peccat;
1293 1859 1382 1926 qui
1417 1867 1620 1927 peccat,
1650 1872 1754 1912 non
1789 1873 1894 1909 ma-

383 1962 472 2004 net
502 1951 553 2004 in
589 1949 753 2004 Filio:
780 1959 832 2003 et
863 1951 905 2003 si
930 1951 1103 2004 omnis
1137 1951 1225 2018 qui
1268 1959 1472 2018 peccat,
1513 1963 1616 2001 non
1652 1947 1888 2012 viditjip-

382 2056 500 2094 sum
521 2056 534 2104 ;
557 2042 646 2109 qui
665 2041 792 2094 vidit
816 2041 1006 2107 ipsum,
1036 2055 1138 2093 non
1161 2048 1361 2107 peccat.
1389 2038 1591 2092 Pariter
1611 2038 1713 2091 hoc
1734 2038 1893 2090 etiam

386 2131 593 2184 notabis
628 2130 752 2198 quid
793 2130 890 2183 sibi
928 2129 1051 2183 velit
1086 2128 1316 2183 Joannes
1349 2129 1528 2182 dicens
1558 2147 1570 2180 :
1597 2125 1772 2180 Omnis
1809 2125 1896 2194 qui

384 2227 582 2287 peccat,
618 2235 718 2271 non
750 2221 871 2271 vidit
909 2221 1096 2285 ipsum,
1133 2219 1284 2285 quasi
1319 2218 1400 2270 his
1431 2216 1626 2280 verbis,
1658 2217 1781 2269 uidit
1823 2217 1898 2284 ip-

385 2324 499 2361 sum
512 2308 580 2371 ",
608 2309 831 2362 iunuens
847 2323 1053 2375 semper
1066 2308 1266 2374 aliquos
1284 2321 1399 2360 esse
1415 2321 1567 2373 posse
1583 2306 1669 2374 qui
1692 2306 1899 2360 videant

384 2396 540 2470 325
564 2396 752 2450 Filium
789 2396 898 2458 Dei,
925 2397 1119 2463 quique
1145 2410 1208 2447 ex
1243 2394 1415 2462 ipsius
1450 2394 1651 2446 visione
1686 2391 1900 2458 partici-

387 2493 513 2552 pent
541 2486 826 2554 potentiam
861 2497 1128 2550 nunquam
1162 2481 1431 2548 peccandi.
1478 2480 1736 2532 Praeterea
1757 2479 1901 2531 dices

391 2575 500 2628 htec
531 2575 733 2627 verba:
776 2571 874 2625 Vos
908 2573 1074 2639 facitis
1119 2587 1273 2636 opera
1308 2570 1468 2637 patris
1509 2571 1660 2622 vestri
1699 2569 1766 2630 ⁷³,
1808 2567 1902 2620 ali-

388 2666 598 2732 quando
645 2663 857 2732 quidem
910 2661 1011 2713 dici
1052 2661 1117 2712 ad
1169 2659 1300 2712 tilias
1347 2659 1574 2720 diaboli,
1622 2657 1903 2724 aliquando

390 2767 517 2806 vero
543 2754 606 2805 ad
642 2753 777 2807 ﬁlios
809 2749 899 2804 Dei
936 2766 950 2801 :
983 2764 1072 2816 qut
1128 2757 1342 2815 peccata
1393 2761 1617 2814 namque
1663 2747 1902 2801 commit-

393 2851 530 2904 tunt,
557 2857 713 2910 opera
743 2844 914 2910 patris
936 2839 1015 2891 sui
1043 2837 1234 2891 diaboli
1279 2837 1648 2898 committunt;
1697 2845 1751 2888 at
1777 2851 1905 2889 vero

392 2933 482 3000 qui
511 2932 761 3000 prazclare
805 2946 862 2985 se
903 2936 1118 3000 gerunt,
1173 2941 1333 2994 opera
1379 2927 1573 2979 faciunt
1615 2925 1788 2979 Patris
1825 2924 1901 2978 sui

1974 513 2002 563 6
2032 479 2104 579 pi)
2127 479 2484 577 ’πρότερον
2528 479 2621 555 τοῦ
2663 504 2722 552 ὲν
2760 494 3020 564 οὐρανοῖς
3353 479 3591 579 ὕστερον

1974 565 2134 652 uti-=65
2166 565 2366 665 γινεῖεαι
2398 565 2542 656 ὐῑός.
2572 592 2694 644 Ὅτι
2733 587 2793 640 δὲ
2827 585 2922 636 διὰ
2966 580 3027 632 τό
3071 575 3226 646 (88)·
3274 570 3375 624 Ἐν
3407 565 3592 665 anm

1977 658 2188 759 φανερά.
2208 690 2319 740 ὲστι
2347 686 2411 738 τὰ
2435 685 2566 753 ἔργα
2595 680 2691 732 τοῦ
2713 674 2877 736 Θεοῦ,
2917 671 3015 725 ιιια)⁸
3044 667 3126 759 τὰ
3159 665 3316 759 ἔργα
3339 658 3595 759 τοῦ-δια-

1977 747 2150 841 δόλοῦ,
2183 747 2568 846 προειρημένον
2602 768 2710 838 (89)
2738 765 2871 835 περὶ
2907 762 3008 830 μὲν
3037 755 3162 810 τῶν
3199 750 3307 804 τοῦ
3330 747 3593 846 διαὸόὶιου

1976 839 2194 931 τέκνων,
2229 839 2308 920 δτι
2341 839 2621 916 -Ὄ-ποιῶν
2652 857 2767 924 τὴν
2790 851 3107 923 ἁμαρτίαν
3139 846 3217 898 ἐκ
3243 842 3362 896 τοῦ
3387 839 3593 892 διαϐό-

1977 963 2087 1013 λου
2115 957 2244 1010 ἐστι
2263 972 2278 987 ’
2309 955 2434 1023 περὶ
2456 952 2512 1003 δὲ
2539 949 2648 1001 τῶν
2675 946 2767 1000 τοῦ
2789 941 2953 1003 Θεοῦ,
2988 940 3080 991 ὅτι
3113 933 3258 998 Πᾶς
3305 933 3342 984 ὁ
3388 944 3600 1023 ’μετεν-

1979 1048 2230 1116 νημένος
2274 1041 2342 1098 ἐκ
2385 1017 2494 1096 τοῦ
2545 1039 2693 1094 Θεοῦ
2748 1032 3064 1104 ἁμαρτίαν
3123 1028 3206 1079 οὐ
3264 1021 3455 1116 ποιεῖ,
3508 1017 3600 1070 ὅτι

1981 1111 2210 1205 σέιέρμα
2246 1133 2427 1188 αὑτοῦ
2477 1132 2544 1184 ἐν
2589 1126 2748 1191 αὐτῷ
2793 1124 2991 1193 μένει,
3039 1116 3158 1170 καὶ
3198 1116 3278 1167 οὐ
3338 1111 3602 1205 δύναται

1982 1198 2351 1295 ἁμαρτάνειν,
2401 1223 2488 1274 ὅτι
2529 1221 2597 1272 ἐκ
2623 1216 2730 1268 τοῦ
2761 1213 2912 1267 Θεοῦ
2952 1207 3367 1295 γεγέννηξςιις
3403 1198 3600 1295 σαεξὲςν

1983 1287 2062 1368 ὅτι
2091 1287 2194 1376 πᾶς
2227 1312 2525 1382 ἄνθρωπος,
2562 1297 3068 1375 συμπεπληρωκὼς
3100 1294 3205 1346 τὸν
3240 1291 3438 1382 ὶιόξιόν,
3483 1287 3603 1382 ᾖτοι

1984 1404 2164 1456 τέκνον
2188 1401 2280 1454 τοῦ
2310 1399 2441 1452 Θεοῦ
2469 1399 2634 1457 ἐστιν,
2664 1393 2697 1463 ἢ
2744 1392 2938 1444 τέκνον
2971 1385 3078 1439 τοῦ
3136 1380 3413 1436 διαϐόλου
3434 1393 3448 1407 ⁸
3486 1378 3606 1445 ἦτοι

1986 1493 2091 1563 γὰρ
2122 1494 2262 1544 ποιεῖ
2292 1488 2579 1560 ἁμαρτίαν,
2631 1481 2974 1556 ἢὰμαρτίαν
3031 1476 3103 1528 οὐ
3164 1475 3349 1563 ποιεῖ,
3388 1467 3607 1563 οὐδενὸς

1987 1557 2131 1644 όντος
2155 1557 2350 1651 μεταξῦ
2387 1557 2480 1629 τοῦ
2511 1577 2680 1631 ποιεῖν
2709 1568 2991 1641 ἁμαρτίαν
3029 1565 3140 1618 καὶ
3180 1562 3285 1616 τοῦ
3321 1557 3608 1651 ἁμαρτίαν

1994 1675 2065 1744 μὴ
2096 1647 2262 1726 ποιεῖν
2282 1687 2295 1701 ’
2329 1670 2421 1722 καὶ
2450 1670 2497 1720 εἰ
2530 1667 2624 1735 μὲν
2649 1665 2793 1717 ποιεῖ
2821 1657 3153 1730 ἁμαρτίαν,
3183 1655 3256 1706 ὲκ
3268 1651 3394 1744 pro?
3423 1647 3607 1744 διαϐό-

1989 1737 2076 1816 λου
2110 1762 2276 1814 ἐστίν·
2307 1759 2431 1811 εἰδὲ
2459 1753 2729 1825 ἁμαρτίαν
2758 1751 2818 1802 οὐ
2854 1749 3033 1809 ποιεῖ,
3074 1747 3149 1796 ὲκ
3192 1740 3298 1795 τοῦ
3337 1737 3480 1792 Θεοῦ
3513 1753 3608 1804 γε·

1988 1851 2480 1924 γέννηται.¹Ἐχεται
2503 1846 2557 1898 δὲ
2580 1845 2678 1912 τῆς
2702 1844 2759 1894 ὲν
2770 1839 2990 1901 τούτοις
3030 1835 3184 1906 ’περὶ⁸
3218 1833 3446 1884 τέκνων
3474 1826 3609 1879 Θεοῦ

1990 1916 2080 1993 ita}.
2109 1916 2305 1990 τεκνων
2325 1916 2565 1987 διαϐόλου
2593 1930 2927 1997 ἀποφάσεως
2962 1926 3042 1977 τὰ
3066 1925 3132 1975 ὲν
3165 1923 3240 1990 τῇ
3275 1919 3425 1988 αὐτῇ
3463 1916 3610 1968 Ἐπι-

1992 2031 2147 2101 στολῇ
2175 2028 2436 2096 λεγόμενα
2461 2023 2587 2091 περὶ
2618 2020 2727 2072 τῶν
2747 2019 2920 2070 ὄντων
2950 2017 3014 2067 ὲν
3049 2011 3139 2082 τῷ
3176 2008 3304 2079 Υἱῷ
3336 2007 3436 2060 τοῦ
3453 2003 3609 2101 Θεοῦ,

1992 2123 2081 2174 καὶ
2109 2095 2216 2170 τῶν
2251 2095 2324 2187 μη
2355 2112 2672 2183 ἑωρακότων
2717 2107 2881 2160 αὐτόν
2907 2121 2923 2135 ⁸
2961 2102 3109 2169 Πᾶς
3166 2099 3328 2187 γὰρ,
3355 2096 3544 2187 φησὶν,

1993 2210 2062 2262 ἐν
2089 2183 2471 2271 αὐτῷτμένων
2503 2201 2616 2265 οὐχ
2654 2193 2989 2264 ἁμαρτάνει
3011 2207 3028 2220 ο
3082 2190 3196 2242 καὶ
3246 2186 3376 2250 πᾶς
3431 2183 3544 2271 (9D)

1994 2267 2338 2364 ἁμαρτάνων
2375 2290 2484 2354 οὐχ
2514 2285 2769 2352 ἑώρακεν
2814 2279 3036 2334 αὐτόν.
3078 2272 3313 2329 Οὐκοῦν
3346 2273 3399 2323 εί
3431 2270 3540 2330 πᾶς

1995 2355 2052 2436 εὖ
2075 2355 2217 2450 αῦτῷ
2264 2378 2435 2449 μένων
2455 2375 2552 2442 οὐχ
2577 2370 2880 2442 ἁμαρτάνει
2909 2367 3066 2437 (91),
3105 2365 3138 2416 6
3173 2360 3524 2432 ἁμαρτάνων
3549 2355 3607 2450 οὗ

2000 2476 2146 2544 μένει
2191 2446 2373 2537 ’ὲνντῷ
2403 2464 2552 2533 Υίῷο
2604 2463 2697 2516 καὶ
2741 2463 2790 2512 εἰ
2837 2461 2950 2520 πᾶς
3024 2459 3058 2509 6
3109 2453 3470 2525 ἁμαρτάνων
3515 2446 3609 2515 οὐχ

1998 2540 2231 2634 ἁιῦρακεν
2255 2557 2432 2618 αὐτὸν,
2459 2557 2486 2608 ὁ
2503 2550 2760 2622 ἑωρακὼς
2781 2547 2950 2601 αὐτὸν
2966 2547 3084 2614 οὐχ
3100 2540 3610 2634 ἁμαρτάνειῙΑμα

1996 2653 2053 2704 δὲ
2073 2624 2176 2703 ’καὶ
2224 2643 2544 2717 σημειώσεις
2572 2641 2682 2711 (9Ξ)
2710 2638 2763 2690 τί
2802 2634 2944 2689 νοῶν
2982 2637 3015 2686 ὁ
3050 2633 3338 2701 Ἰωάννης
3367 2625 3492 2717 εἷπε
3506 2624 3595 2717 τό.⁸

1999 2737 2120 2803 Πᾶς
2151 2740 2182 2790 δ
2209 2712 2550 2804 ἁμαρτάνων
2573 2731 2683 2795 οὐχ
2708 2725 2979 2792 ἑώρακεν
2997 2721 3240 2787 αὐτὸν,
3263 2719 3358 2772 διὰ
3386 2718 3466 2770 τό’
3484 2712 3610 2768 Ἑώ-

1994 2841 2175 2894 pcter
2198 2821 2397 2884 αὑτὸν,
2425 2817 2498 2880 ὡς
2533 2817 2619 2868 ἁεὶ
2647 2813 2969 2881 δυναμένων
3001 2807 3168 2862 εἶναι
3211 2807 3330 2859 τῶν
3359 2804 3606 2875 ὁρώντων

2000 2919 2088 2970 τὸν
2115 2916 2241 2968 Υίὸν
2273 2911 2363 2964 τοῦ
2394 2907 2547 2968 Θεοῦ,
2577 2907 2671 2959 καὶ
2699 2907 2763 2957 ὲκ
2790 2903 2888 2956 τοῦ
2933 2900 3276 2972 ἑωρακέναι
3315 2896 3482 2950 αὐτὸν
3517 2909 3606 2962 με’

396 2985 526 3076 ὑεῖ..
543 3020 646 3075 Sed
677 2985 948 3088 probabile
985 3027 1069 3075 est
1105 2985 1346 3071 vluturttm
1397 3025 1453 3070 ut
1492 3017 1682 3086 aliquis
1727 3031 1790 3070 ex
1825 3017 1901 3071 his

2092 3000 2441 3074 ,αμ6ανόντων
2495 2995 2772 3064 δυνάμεως
2818 2992 2966 3062 πρὸς
3001 2990 3076 3042 τὸ
3116 2986 3406 3060 μηδαμῶς
3438 2985 3610 3088 ἁμαρ·

396 3121 684 3175 moveatur,
709 3110 948 3178 cogitans
978 3127 1044 3163 an
1069 3107 1310 3161 faciendo
1335 3107 1469 3161 bona
1496 3116 1550 3161 et
1580 3105 1712 3160 mala
1752 3121 1902 3160 seor-

395 3215 534 3264 sum,
560 3201 695 3253 idem
731 3211 943 3268 prapter
969 3199 1102 3250 bona
1135 3196 1274 3250 lilius
1305 3196 1420 3259 Dei,
1447 3205 1501 3248 et
1529 3204 1748 3264 propter
1772 3195 1902 3249 mala

397 3289 535 3342 ﬁlius
556 3289 746 3342 diaboli
775 3303 892 3342 esse
914 3287 1099 3355 possit.
1138 3285 1241 3338 Sed
1270 3285 1372 3338 hoc
1396 3284 1906 3352 praeterquam'quod

397 3376 834 3430 absurdissimum
854 3385 952 3439 est,
979 3390 1080 3429 non
1111 3374 1348 3428 innuitur
1369 3390 1434 3428 ex
1460 3374 1633 3428 dictis.
1658 3373 1908 3426 Enuntiat

400 3478 622 3530 namque
637 3461 863 3517 Joannes
887 3465 1022 3530 quod
1046 3464 1407 3530 unusquisque
1426 3463 1514 3531 qui
1537 3478 1597 3516 ex
1630 3463 1734 3516 Deo
1755 3473 1909 3516 natus

399 3563 502 3618 est,
524 3561 791 3620 peccatum
811 3568 915 3605 non
941 3552 1116 3616 faciat,
1138 3551 1278 3620 quod
1298 3567 1476 3605 semen
1497 3551 1638 3605 illius
1662 3553 1711 3605 in
1736 3553 1911 3618 seipso

401 3637 610 3700 habeat,
641 3652 737 3691 nec
769 3652 922 3704 posse
945 3639 1084 3691 hunc
1125 3650 1377 3704 peccare,
1427 3651 1490 3690 eo
1528 3638 1666 3705 quod
1705 3652 1766 3690 ex
1805 3637 1911 3691 Deo

402 3735 559 3780 natus
590 3726 692 3779 sit:
723 3725 900 3780 Omnis
923 3728 1096 3795 igitur,
1135 3728 1222 3793 qui
1252 3743 1316 3780 ea:
1346 3727 1448 3780 Deo
1477 3737 1625 3780 natus
1658 3737 1757 3791 est,
1795 3744 1913 3795 pec-

401 3823 572 3867 catum
601 3829 700 3865 non
727 3815 990 3870 committit
1038 3815 1104 3878 7';
1160 3829 1256 3868 nec
1315 3823 1489 3867 tamen
1536 3825 1787 3882 scriptum
1833 3824 1912 3869 est

401 3903 541 3972 quod
561 3903 736 3956 omnis
765 3913 920 3956 natus
945 3917 1007 3956 ex
1030 3903 1244 3958 diabolo
1271 3942 1287 3967 ,
1319 3904 1578 3970 justitiam
1624 3919 1727 3956 non
1766 3919 1913 3958 com-

405 3997 598 4062 mittit;
627 3997 719 4051 sed
745 4013 759 4049 :
785 3996 885 4061 Qui
913 3995 1178 4048 committit
1199 4003 1478 4060 peccatum,
1502 4010 1564 4046 ea:
1591 3993 1794 4046 diabolo
1818 4003 1912 4047 est.

405 4085 608 4139 Rursus
638 4101 738 4138 non
766 4083 1205 4153 quemadmodum
1236 4083 1434 4134 dictum
1479 4091 1558 4135 est
1584 4099 1600 4136 :
1637 4082 1739 4144 Qui
1781 4098 1917 4133 com-

406 4177 558 4227 mittit
583 4183 865 4241 peccatum,
894 4188 956 4224 ex
975 4171 1176 4223 diabolo
1199 4181 1270 4222 est
1306 4171 1374 4231 ⁷⁷,
1407 4170 1480 4222 ita
1513 4171 1766 4236 scriptum
1791 4180 1873 4222 est
1898 4187 1912 4224 :

409 4261 508 4326 Qui
551 4261 834 4314 committit
871 4259 1155 4326 justitiam,
1197 4269 1262 4308 ex
1311 4255 1418 4308 Deo
1465 4265 1566 4309 est.
1627 4256 1694 4310 Et
1730 4256 1918 4310 adhibe

2004 3097 2198 3149 τάνειν.
2240 3093 2360 3143 Ἔτι
2391 3090 2598 3158 φήσεις,
2643 3087 2746 3145 ὅτι,
2788 3082 2997 3150 ’Υμεῖς
3049 3080 3298 3135 ποιεῖτε
3355 3078 3430 3131 τὰ
3476 3075 3611 3142 ἔργα

2006 3186 2108 3239 τοῦ
2165 3180 2380 3248 πατρὸς
2436 3177 2597 3245 ὑμῶν
2621 3216 2636 3239 ,
2687 3174 2776 3226 ὁτὲ
2819 3172 2922 3242 μὲν
2956 3171 3186 3240 λέγοιτ’
3218 3172 3293 3227 ἂν
3324 3168 3466 3238 πρὸς
3495 3165 3611 3223 τοὺς

2007 3276 2151 3336 υἱοὺς
2180 3271 2271 3324 τοῦ
2303 3267 2542 3321 διαϐόλου
2564 3304 2579 3328 ,
2622 3264 2710 3316 ὁτὲ
2770 3263 2910 3332 πρὸς
2943 3263 3088 3326 τοὺς
3128 3262 3295 3324 υἱοὺς
3329 3257 3426 3312 τοῦ
3459 3254 3607 3308 Θεοῦ.

2009 3366 2070 3416 Ol
2106 3362 2203 3432 μὲν
2232 3359 2338 3428 γὰρ
2368 3355 2762 3426 ἁμαρτάνοντες
2802 3349 3035 3404 ποιοῦσι
3089 3351 3168 3404 τὰ
3218 3351 3369 3422 ἔργα
3393 3347 3486 3400 τοῦ
3517 3361 3612 3396 πα-

2009 3453 2130 3525 τρὸς
2168 3448 2341 3502 αὐτῶν
2387 3444 2666 3498 διαϐόλουο
2715 3443 2764 3493 οἱ
2819 3440 2878 3492 δὲ
2917 3440 3359 3512 κατορθοῦντες
3408 3433 3612 3490 ποιοῦσι

2009 3519 2078 3592 τά
2109 3539 2240 3608 ἔργα
2269 3533 2358 3587 τοῦ
2391 3530 2598 3601 [ἰατρὸς
2647 3527 2827 3582 αὐτῶν
2876 3527 3054 3580 Θεοῦ.
3096 3528 3275 3589 Εἰκὸς
3305 3527 3366 3579 δὲ
3405 3526 3470 3576 ὲκ
3502 3519 3615 3573 τούο

2010 3643 2113 3679 των
2137 3624 2254 3677 τινὰ
2286 3617 2684 3691 κινηθήσεσθαι,
2719 3615 2793 3686 μὴ
2827 3615 2941 3686 ἄρα
2963 3616 3219 3684 δύνηται
3239 3617 3356 3687 (95)
3379 3617 3408 3668 6
3435 3610 3614 3674 αὐτὸς,

2010 3718 2086 3787 τῷ
2123 3717 2288 3768 ποιεῖν
2318 3709 2493 3778 ἀγαθὰ
2524 3708 2614 3760 καὶ
2646 3705 2862 3776 πονηρὰ
2921 3706 3075 3776 ἔργα
3117 3709 3236 3762 ἁνὰ
3286 3707 3472 3778 μέρος,
3526 3701 3616 3754 διὰ

2017 3806 2111 3875 μὲν
2152 3804 2218 3856 τὰ
2247 3799 2421 3868 ἁγαθὰ
2451 3798 2635 3850 τέκνον
2660 3791 2798 3846 εἶναι
2846 3794 3018 3858 Θεοῦ,
3056 3796 3159 3850 διὰ
3192 3797 3256 3850 δὲ
3291 3796 3363 3849 τὰ
3401 3789 3620 3846 ἐναντία

2014 3896 2194 3948 τέκνον
2238 3893 2328 3946 τοῦ
2372 3889 2633 3944 διαϐόλου.
2675 3886 2837 3938 Ἀλλὰ
2877 3887 3054 3939 τοῦτο
3084 3888 3240 3958 πρὸς
3277 3886 3362 3956 τῷ
3413 3879 3620 3948 ἀλογώ-

2014 4002 2167 4038 τατον
2203 3979 2336 4036 εἶναι
2368 3981 2426 4032 οὐ
2466 3977 2715 4047 δηλοῦται
2765 3974 2880 4029 ἁπό
2907 3975 3030 4028 τῶν
3076 3976 3304 4047 ῥητῶν.
3366 3969 3624 4040 Ἀποφαί-

2016 4087 2158 4124 νεται
2183 4069 2287 4138 γὰρ
2321 4068 2348 4118 6
2381 4065 2654 4131 Ἰωάννης,
2706 4063 2790 4114 ὃτι
2837 4064 2953 4125 πᾶς
3011 4060 3060 4116 δ’
3100 4063 3530 4133 γεγεννημένος
3561 4060 3623 4108 ὲκ

2017 4158 2107 4210 τοῦ
2123 4156 2252 4209 Θεοῦ
2271 4152 2534 4224 ἁμαρτίαν
2555 4150 2617 4203 οὐ
2638 4151 2799 4211 ποιεῖ,
2823 4151 2907 4200 ὃτι
2926 4150 3181 4222 σπέρμα
3197 4151 3378 4204 αὐτοῦ
3403 4152 3462 4203 ὲν
3482 4145 3625 4216 αὐτῷ

2022 4249 2184 4318 μένει,
2230 4245 2321 4298 καὶ
2347 4244 2405 4296 οὐ
2432 4241 2649 4294 δύναται
2694 4239 3074 4311 ἁμαρτάνειν,
3113 4245 3207 4296 ὅτι
3256 4245 3330 4296 ὲκ
3363 4241 3461 4294 τοῦ
3495 4238 3625 4291 Θεοῦ

409 4352 642 4404 animum
693 4352 758 4404 ad
806 4349 1130 4403 dilferentias
1182 4345 1640 4416 propositionum,
1685 4359 1901 4412 quonant

2092 4337 2340 4405 ίέννηται.
2368 4330 2490 4397 Πᾶς
2532 4329 2709 4383 τοίνυν
2737 4332 2769 4383 ὀ
2800 4333 3210 4399 γεννώμενος
3241 4335 3317 4386 ἐκ
3351 4331 3462 4384 τοῦ
3485 4326 3631 4384 Θεοῦ

410 4450 564 4509 pacto
589 4455 706 4494 cum
733 4440 874 4494 omni
910 4437 1180 4504 diligentia
1201 4453 1230 4490 a
1252 4435 1455 4490 Joanne
1491 4437 1647 4490 dicta:
1676 4434 1872 4490 fuerint
1897 4453 1914 4490 :

412 4529 544 4583 adeo
569 4538 627 4580 ut
647 4529 867 4581 miretur
890 4527 1080 4594 aliquis
1100 4525 1359 4593 quomodo
1389 4525 1920 4592 irreprehensibiliter

419 4636 474 4680 et
517 4628 572 4673 ut
597 4620 810 4690 quidam
841 4619 1099 4681 dicerent,
1126 4617 1422 4680 dialectice,
1448 4615 1552 4668 illis
1576 4629 1701 4669 usus
1739 4613 1917 4678 luerit,

412 4705 608 4761 similia
631 4719 739 4760 non
791 4707 1018 4761 atl'erens
1053 4707 1118 4759 de
1170 4706 1252 4759 his
1293 4705 1381 4773 qui
1427 4713 1550 4758 sunt
1603 4719 1666 4756 ex
1716 4703 1925 4757 diabolo

414 4801 581 4871 deque
614 4801 695 4855 his
733 4801 820 4868 qui
854 4807 977 4854 sunt
1015 4813 1078 4852 ex
1114 4797 1278 4851 .Deo:
1311 4795 1556 4849 similiter
1597 4807 1722 4846 vero
1765 4801 1920 4845 estu-

413 4890 578 4954 lisset,
600 4892 645 4945 si
675 4893 994 4961 scripsisset,
1031 4886 1494 4959 quemadmodum,
1527 4883 1628 4948 Qui
1660 4892 1920 4950 peccatum

414 4982 697 5046 committit,
725 4998 788 5036 ea;
822 4983 1027 5034 diabolo
1051 4987 1151 5043 ut;
1172 4976 1381 5043 ita,Qui
1399 4973 1657 5045 justitiam
1675 4973 1920 5025 commit-

2018 4424 2300 4494 ἁμαρτίαν
2343 4423 2412 4474 οὐ
2453 4419 2637 4473 ποιεῖ’
2669 4419 2730 4471 οὐ
2767 4419 2875 4488 μὴν
2909 4421 3299 4491 γέγραπται,
3337 4425 3425 4477 δτι
3461 4423 3568 4482 πᾶς
3604 4419 3633 4468 ὁ

2020 4513 2402 4584 γεγεννημένος
2430 4511 2494 4563 ὲκ
2519 4509 2609 4562 τοῦ
2650 4509 2898 4562 διαϐόλου
2936 4508 3335 4584 δικαιοσύνην
3369 4514 3434 4566 οὑ
3469 4509 3630 4563 ποιεῖ·

2021 4599 2132 4651 ἁλλ’
2155 4599 2208 4649 '0
2228 4594 2407 4649 ποιῶν
2435 4595 2549 4661 τὴν
2576 4596 2865 4664 ἁμαρτίαν
2895 4596 2968 4651 ἐκ
2993 4601 3115 4654 τοῦ
3138 4602 3452 4656 διαϐόλου
3477 4597 3633 4653 ἐστί.

2019 4687 2182 4741 Πάλιν
2208 4686 2324 4754 οὐχὶ
2352 4685 2535 4756 ὣσπερ
2560 4685 2773 4756 εἴρηται
2793 4704 2808 4719 ο
2849 4686 2915 4738 '0
2940 4690 3154 4744 ποιῶν
3176 4693 3306 4760 τὴν
3335 4690 3634 4762 ἁμαρτίαν

2017 4777 2085 4828 ἐκ
2131 4775 2234 4827 τοῦ
2271 4773 2544 4826 διαϐόλου
2577 4775 2768 4840 ἐστὶν,
2816 4774 2995 4839 οὕτως
3043 4781 3529 4854 ἀναγέγραπται·
3576 4780 3632 4832 '0

2020 4864 2182 4916 ποιῶν
2205 4863 2302 4931 τὴν
2319 4862 2657 4936 δικαιοσύνην
2678 4868 2742 4920 ὲκ
2761 4866 2852 4919 τοῦ
2878 4866 3020 4921 Θεοῦ
3051 4871 3213 4926 ἐστι.
3246 4875 3370 4927 Καὶ
3392 4873 3632 4943 πρόσχες

2021 4954 2138 5014 ταῖς
2170 4951 2444 5022 διαφοραῖς
2473 4953 2581 5008 τῶν
2610 4957 2926 5029 προτάσεων
2950 4995 2968 5020 ,
3017 4960 3161 5016 τίνα
3225 4965 3445 5035 τρόπον
3497 4960 3633 5033 μετὰ

477 5141 520 5172 ⁷⁸
551 5140 1066 5207 lJoan.ttI,8et10.
1135 5141 1180 5172 ⁷⁸
1206 5139 1332 5194 ibid.
1359 5138 1414 5192 9.
1482 5136 1528 5168 ⁷⁸
1551 5133 1779 5190 ἰὺὶἀ.10.
1858 5133 1901 5164 ’⁸

2092 5132 2132 5187 5.
2204 5133 2248 5164 "
2266 5131 2396 5186 ibid.
2430 5134 2520 5189 Η.
2595 5139 2683 5194 ⁷⁸1
2709 5140 2863 5198 Joau.
2891 5137 3058 5200 Itt,9.
3140 5142 3197 5174 "
3225 5143 3371 5198 ibid.
3402 5141 3461 5197 8.

485 5263 732 5342 (38)"011
762 5275 829 5328 δὲ
854 5275 949 5328 διὰ
973 5277 1057 5338 τό,
1082 5284 1186 5330 etc.
1235 5272 1289 5326 In
1347 5271 1527 5342 codice
1563 5267 1729 5342 Regio
1786 5265 1934 5342 deest

419 5330 722 5417 “gmw?”
760 5359 861 5396 non
899 5345 1019 5417 legit
1046 5330 1354 5417 'Ferrarius
1409 5339 1573 5417 ἔργα,
1609 5330 1701 5390 sed
1749 5330 1931 5394 τέκνα»

420 5406 612 5479 justiti
634 5406 785 5479 loan.
809 5427 886 5479 ιιι,
920 5406 1004 5475 tl),
1033 5412 1173 5479 quod
1209 5419 1406 5463 rectum
1439 5406 1667 5479 videtur.

495 5475 601 5545 (5}?)
629 5475 800 5545 (iudex
816 5475 1225 5545 _liegius,'male,
1245 5475 1659 5545 προειρημένων.

496 5539 608 5673 ἓξ)οξ
626 5541 730 5620 ιςαι
760 5541 890 5605 πᾶς.
912 5539 978 5596 Ῑιι
1001 5547 1178 5622 codice
1198 5539 1358 5609 Regio
1387 5539 1530 5594 deest
1550 5542 1660 5624 καί.

521 5605 606 5673 9i,
635 5606 807 5660 (λούει
843 5611 1180 5673 Bodletanus,
1225 5621 1384 5673 recte,
1418 5611 1446 5660 ὁ
1487 5612 1542 5662 ὲν
1574 5626 1660 5661 αυτ

521 5605 608 5673 9i)
635 5605 807 5660 Codex
843 5611 1180 5673 Bodleiauus,
1225 5605 1384 5673 recte,
1418 5611 1446 5660 6
1487 5612 1542 5662 ὲν
1574 5608 1716 5674 αὐτῷ
1763 5607 1931 5672 μένων

2023 5261 2119 5346 οῦχ
2147 5260 2444 5348 ἁμαρτάνει
2465 5280 2479 5294 ·
2511 5265 2723 5341 Regius
2748 5282 3027 5348 perperam
3060 5269 3245 5326 habet
3277 5273 3310 5325 6
3344 5275 3408 5325 ὲν
3448 5269 3631 5324 αὐτῶν

2024 5331 2120 5400 οὐχ
2151 5331 2474 5400 ἁμαρτάνει.

2091 5398 2622 5483 (είῖλξημερώσεις.
2659 5414 2760 5476 Sic
2788 5410 2949 5474 codex
2979 5403 3372 5472 Bodleiantts,’
3419 5406 3626 5475 Regius

2026 5481 2514 5544 νετρμσηεμειωσῃ.

2094 5528 2516 5622 fagi-amni.
2585 5549 2689 5615 Sic
2743 5557 2910 5622 codex
2973 5541 3352 5610 Bodleianus;
3419 5543 3621 5612 Regius

2027 5617 2168 5666 vero,
2199 5601 2439 5661 δύναται.
