3820 6248
274 296 384 353 6υῦ
1339 315 1679 373 COMMENT.
1717 318 1784 372 IN
1820 319 2006 376 JOAN.
2041 318 2274 376 TOMUS
2308 314 2422 374 XX.
3363 332 3464 389 606

278 417 462 514 πασης
499 420 799 494 ἀκριϐείας
829 431 906 502 τῷ
950 433 1161 506 Ἰωάννῃ
1192 433 1444 506 εἴρηνται·
1475 435 1600 489 ὥστ’
1622 435 1687 491 ἂν
1720 437 1827 491 θαυ-

1945 439 2026 503 ιίι,
2061 453 2125 494 ex
2156 439 2262 492 Deo
2286 443 2407 506 est;
2451 441 2533 497 vel
2573 443 2642 508 si,
2674 442 3111 512 quemadmodum
3133 446 3459 514 scripserat:

281 509 462 580 μάσαι
492 515 616 568 τινα
651 517 774 581 πῶς
810 521 1081 593 ἀλήπτως,
1115 525 1225 588 καὶ,
1251 525 1323 588 ὡς
1355 527 1418 579 ἂν
1444 527 1642 581 εῐποιέν
1673 545 1814 591 τινες

1947 530 2126 584 Omnis
2145 530 2233 599 qui
2260 537 2410 584 natus
2427 540 2502 585 est
2530 550 2594 587 ea:
2614 509 2742 598 Deo,
2761 546 3024 602 peccatum
3047 551 3144 588 non
3173 537 3460 600 committit,

281 603 651 669 διαλεκτικῶς
715 607 1006 680 ἐξήνεγκεν
1052 614 1213 678 αὐτὰς
1235 655 1249 678 ,
1300 615 1371 686 μὴ
1411 616 1477 670 τὰ
1527 618 1683 688 ὃμοια
1738 620 1824 687 (94

1943 618 2241 686 scripsisset
2269 634 2282 670 :
2314 615 2500 674 Omnis
2523 622 2612 690 qui
2650 633 2803 677 natus
2827 631 2909 676 est
2950 640 3014 678 ex
3046 623 3272 682 diabolo.
3299 625 3460 692 justi-

281 695 813 766 προσενεγκάμενος
847 702 973 771 περὶ
1003 701 1106 754 τῶν
1140 706 1200 755 ἐκ
1224 703 1316 756 τοῦ
1339 705 1598 772 διαϐόλου,
1631 711 1720 762 καὶ
1740 711 1827 763 τῶι

1945 705 2070 757 tiam
2127 721 2228 760 non
2288 709 2594 764 committit.
2639 709 2827 766 Annon
2868 713 3029 765 etiam
3076 713 3462 781 sapientissime

278 785 354 838 ἐκ
390 785 495 839 τοῦ
525 786 689 841 Θεοῦ’
721 791 924 860 ὁμοίως
972 792 1016 844 δ’
1043 792 1106 845 ἂν
1137 794 1441 864 ἐξήνεγκεν,
1497 799 1544 850 εί
1594 800 1846 870 ἐπεποιή-

273 893 374 927 κει
398 917 415 940 ,
457 877 648 949 ὥσπερ
690 879 778 931 τό·
828 881 880 932 Ὀ
907 880 1088 933 ποιῶν
1142 881 1255 950 τὴν
1308 884 1592 952 ἁμαρτίαν
1637 887 1703 939 ἐκ
1741 888 1844 941 τοῦ

271 963 587 1020 διαϐόλου
627 968 831 1032 ἐστὶν,
861 970 1060 1034 οὕτως·
1091 974 1150 1026 ’0
1195 973 1358 1027 ποιῶν
1385 975 1480 1046 τὴν
1511 976 1846 1048 δικαιοσύνην

278 1057 351 1108 ὲκ
383 1055 487 1108 τοῦ
516 1057 652 1110 Θεοῦ
687 1061 864 1112 ἐστιν·
901 1061 932 1132 ἢ
965 1063 1012 1113 εί
1044 1062 1152 1132 (95)
1184 1061 1368 1134 ὥσπερ
1409 1065 1722 1134 ἀνέγραφεν,
1765 1069 1844 1119 ὅτι

283 1143 413 1210 Πᾶς
444 1148 482 1198 ό
521 1146 956 1216 γεγεννημένος
1007 1150 1074 1202 ἐκ
1123 1152 1226 1204 τοῦ
1274 1153 1419 1206 Θεοῦ
1459 1154 1740 1222 ἁμαρτίαν
1774 1157 1844 1208 οὺ

1941 793 2222 848 admodum
2250 796 2423 862 posuit
2449 797 2667 850 verbum
2697 807 2854 870 διῄει
2874 800 3181 852 vocabulum
3228 800 3460 869 genitus;

1939 881 2156 933 verbum
2196 890 2270 935 eu
2301 883 2497 936 dictum
2538 886 2603 939 de
2636 901 2699 938 eo
2723 887 2813 954 qui
2850 901 2914 940 ex
2959 889 3167 942 diabolo
3210 899 3310 950 est,
3355 905 3456 944 non

1940 983 2138 1035 ponens
2175 969 2243 1024 de
2285 971 2368 1025 bis
2409 972 2500 1040 qui
2549 987 2614 1027 ex
2663 973 2770 1028 Deo
2821 985 2981 1037 sunt;
3045 985 3098 1028 et
3145 976 3456 1030 vocabulum

1938 1059 2134 1126 genitus
2163 1060 2417 1127 scriptum
2442 1061 2507 1115 de
2529 1062 2612 1116 bis
2636 1063 2723 1129 qui
2742 1073 2863 1116 sunt
2887 1079 2950 1116 ex
2979 1065 3108 1128 Deo,
3126 1080 3228 1118 non
3256 1080 3458 1134 ponens

1941 1146 2114 1200 dehis
2138 1149 2226 1215 qui
2257 1157 2462 1202 suntex
2499 1150 2751 1205 diabolo?
2799 1151 2999 1204 Extulit
3037 1153 3176 1205 enim
3222 1168 3342 1207 eum
3367 1154 3457 1221 qui

1937 1251 2001 1289 ex
2032 1236 2136 1290 Deo
2171 1246 2272 1301 est,
2296 1237 2606 1292 vocabulum
2632 1241 2836 1308 genitus
2867 1255 3067 1306 ponens
3097 1241 3160 1296 de
3190 1258 3252 1296 eo
3277 1260 3290 1307 ;
3319 1241 3456 1310 quod

1936 1325 1980 1377 si
2006 1325 2162 1378 etiam
2192 1326 2258 1378 de
2276 1326 2492 1380 diabolo
2512 1329 2792 1394 posuisset,
2822 1327 2970 1396 pejus
3003 1329 3248 1394 quiddam
3276 1339 3457 1382 osten-

1936 1431 2094 1470 surus
2118 1425 2234 1470 erat
2255 1431 2412 1484 quam
2443 1417 2485 1469 si
2511 1417 2754 1480 dixisset,
2797 1427 2870 1469 est
2898 1431 2961 1468 ea:
2986 1417 3194 1469 diabolo
3243 1433 3263 1470 :
3300 1427 3458 1486 atque

1935 1507 2094 1560 etiam
2123 1507 2165 1560 si
2185 1507 2451 1576 posuisset
2481 1507 2698 1561 verbum
2725 1516 2802 1560 est
2833 1509 2897 1560 de
2919 1521 2982 1561 eo
3013 1509 3100 1575 qui
3130 1517 3211 1560 est
3233 1523 3295 1562 ex
3327 1507 3456 1574 Deo,

281 1236 476 1298 ποιεῖ,
533 1238 851 1308 ἐπεποιήκει
891 1238 981 1291 τόο
1010 1241 1122 1302 Πᾶς
1162 1243 1190 1294 6
1226 1244 1609 1312 γεγεννημένος
1660 1245 1722 1296 ἐκ
1751 1244 1842 1297 τοῦ

277 1323 541 1376 διαϐόλου
570 1324 920 1396 δικαιοσύνην
950 1326 1009 1378 οὐ
1039 1329 1196 1380 ποιεῖ.
1237 1331 1456 1399 Μήποτε
1501 1331 1557 1383 δὲ
1607 1333 1697 1385 καὶ
1724 1332 1800 1401 τῷ
1823 1374 1838 1400 ,

276 1410 483 1474 ἐστὶν,
523 1412 798 1482 εἰρημένῳ
830 1413 923 1466 ἐπὶ
953 1413 1047 1466 τοῦ
1083 1417 1145 1468 ἐκ
1171 1417 1264 1469 τοῦ
1306 1417 1569 1483 διαϐόλου,
1606 1420 1678 1490 μὴ
1710 1437 1842 1491 χρη-

276 1500 528 1571 σάμενος
560 1503 656 1554 ἐπὶ
683 1503 788 1555 τῶν
816 1504 881 1556 ἐκ
905 1505 997 1558 τοῦ
1025 1505 1180 1568 Θεοῦ,
1211 1506 1242 1576 ἢ
1277 1506 1371 1576 τῷ,
1401 1509 1837 1577 γεγεννημένος,

275 1591 769 1662 ἀναγεγραμμένῳ
798 1594 889 1645 ἐπὶ
912 1595 1018 1648 τῶν
1039 1597 1101 1648 ἐκ
1122 1596 1213 1648 τοῦ
1242 1597 1396 1658 Θεοῦ,
1429 1596 1502 1667 μὴ
1538 1599 1827 1668 συγχρησά-

1935 1596 2376 1663 quemadmodum
2407 1596 2581 1663 posuit
2631 1595 2697 1648 de
2736 1609 2801 1650 eo
2844 1595 2934 1661 qui
2983 1610 3046 1648 ex
3095 1597 3318 1650 diabolo.
3351 1607 3452 1662 est.

275 1697 449 1749 μενος
472 1681 694 1733 ἐπὶτῶν
715 1683 777 1734 ἐκ
803 1681 894 1734 τοῦ
914 1683 1175 1747 διαϐόλου,
1200 1686 1340 1737 πάνυ
1358 1684 1633 1753 σοφώτατα
1654 1687 1827 1752 ἐξέδω-

1936 1686 2109 1737 minus
2133 1695 2443 1738 ostensurus
2486 1683 2656 1736 fuerat
2700 1688 2767 1743 de
2802 1699 2868 1744 eo
2920 1685 3008 1751 qui
3055 1698 3118 1738 ex
3155 1687 3260 1739 Deo
3299 1695 3456 1740 natus

272 1787 372 1822 κεν
395 1787 411 1834 ;
465 1770 679 1840 Ἐπῆρε
707 1770 815 1840 γὰρ
842 1771 932 1824 τὸν
958 1773 1021 1824 ἐκ
1051 1773 1141 1826 τοῦ
1171 1773 1301 1825 Θεοῦ
1327 1775 1709 1844 γεγεννημένον
1739 1777 1827 1830 τά-

1932 1782 2035 1836 est,
2072 1787 2190 1826 cum
2235 1773 2388 1842 longe
2440 1773 2628 1826 melius
2653 1773 2724 1826 sit
2757 1774 2988 1844 genitum
3023 1773 3188 1828 fuisse
3239 1789 3302 1829 ex
3349 1777 3454 1831 Deo

269 1860 372 1924 ξας
404 1861 498 1912 ἐπ’
521 1861 712 1913 αὑτοῦ·
748 1863 902 1932 ὅπερ,
937 1864 983 1914 εί
1011 1864 1102 1916 καὶ
1129 1863 1218 1915 ἐπὶ
1246 1863 1336 1917 τοῦ
1379 1865 1442 1916 ἐκ
1471 1865 1562 1916 τοῦ
1595 1865 1827 1919 διαϐόλου

1931 1877 2088 1931 quam
2110 1878 2174 1917 ex
2204 1862 2308 1918 Deo
2328 1877 2464 1916 esse.
2489 1861 2649 1932 326
2669 1863 2772 1916 Sed
2805 1864 2947 1917 dicet
2983 1863 3173 1931 aliquis
3199 1868 3452 1934 quasdam

265 1949 493 2020 εἴρητο,
524 1955 711 2022 χεῖρον
737 1951 801 2005 ἄν
823 1968 874 2003 τι
901 1952 1140 2021 ἐνέφαινε
1178 1952 1293 2023 (96)
1321 1955 1465 2027 παρὰ
1492 1956 1572 2019 τὸ,
1612 1957 1703 2010 Ἐκ
1731 1957 1827 2010 τοῦ

1930 1961 2204 2008 creaturas
2229 1968 2348 2007 esse
2371 1967 2436 2006 ex
2465 1953 2594 2016 Deo,
2617 1967 2734 2020 qua:
2762 1953 2980 2007 omnino
3007 1955 3195 2022 genita:
3221 1973 3322 2009 non
3345 1959 3454 2011 sint

268 2040 573 2092 διαϐόλου
601 2040 802 2093 ἐστίν·
833 2041 966 2094 ἀλλὰ
997 2042 1089 2094 κα)⁴
1127 2041 1280 2113 εἴπερ
1303 2043 1376 2106 ὡς
1404 2045 1494 2097 ἐπὶ
1528 2046 1618 2098 τοῦ
1649 2047 1710 2099 ἐκ
1739 2048 1827 2100 τοῦ

1928 2056 1992 2094 ex
2037 2041 2165 2103 Deo,
2217 2042 2415 2108 basque
2462 2041 2680 2092 omnino
2727 2038 3008 2095 inferiores
3046 2057 3165 2098 esse
3210 2045 3453 2100 omnibus

264 2126 531 2180 διαϐόλου
563 2125 720 2191 ἔταξε
752 2127 832 2192 τὸ,
868 2128 1018 2190 ἐστὶ,
1048 2129 1359 2200 ἐπεποιήκει
1396 2131 1484 2182 ἐπὶ
1516 2132 1606 2184 τοῦ
1649 2133 1710 2184 ἐκ
1739 2133 1827 2185 τοῦ

1928 2142 2045 2196 qua:
2067 2143 2095 2180 a
2116 2129 2220 2181 Deo
2252 2128 2494 2180 dicantur
2529 2129 2704 2195 genita
2730 2141 2868 2181 esse.
2905 2131 2981 2183 Ac
3007 2143 3152 2186 certe
3176 2149 3293 2188 cum
3329 2150 3452 2200 per-

273 2215 438 2279 Θεοῦ,
469 2215 694 2268 ἔλαττον
720 2215 785 2268 ἂν
819 2217 946 2286 περὶ
982 2216 1072 2269 τὸν
1152 2215 1214 2267 ἐκ
1254 2217 1344 2269 τοῦ
1390 2219 1524 2274 Θεοῦ
1575 2219 1827 2291 παρίστη,

1932 2215 2137 2268 veneris
2166 2215 2229 2268 ad
2257 2215 2605 2269 differentiam
2637 2218 2778 2270 illam
2801 2233 2918 2286 quae
2945 2230 3028 2273 est
3065 2222 3202 2274 inter
3231 2237 3351 2277 esse
3383 2240 3450 2280 ex

277 2304 462 2374 πολλῷ
501 2305 812 2375 κρείττονος
870 2307 1219 2374 τυγχάνοντος
1261 2309 1352 2361 τοῦ
1395 2311 1739 2380 γεγεννῆσθαι
1771 2315 1827 2363 ἐκ

1929 2304 2159 2366 diabolo,
2185 2311 2238 2356 et
2268 2305 2408 2356 inter
2441 2306 2675 2372 genitum
2700 2322 2821 2362 esse
2846 2324 2909 2362 ex
2944 2311 3070 2374 Deo,
3094 2326 3298 2379 quan-es
3325 2330 3447 2368 num

279 2393 372 2446 τοῦ
403 2393 540 2447 Θεοῦ
574 2393 725 2464 παρὰ
753 2395 813 2447 τὸ
852 2390 986 2447 εἶναι
1018 2397 1081 2447 ἐκ
1118 2396 1210 2448 τοῦ
1246 2396 1398 2450 Θεοῦ.
1441 2399 1600 2468 Φήσει
1627 2399 1679 2451 δέ
1704 2417 1784 2461 τις
1813 2443 1827 2465 ,

1930 2394 2064 2446 forte
2086 2395 2277 2460 aliquis
2299 2395 2368 2448 sit
2391 2397 2478 2462 qui
2505 2397 2663 2449 etiam
2696 2412 2758 2450 ex
2785 2399 2994 2454 diabolo
3026 2404 3096 2456 sit
3125 2414 3299 2468 natus,
3329 2420 3448 2460 cum

285 2486 370 2538 ὅτι
400 2485 526 2538 τινὰ
552 2485 664 2538 τῶν
690 2486 999 2555 κτισμάτων
1049 2487 1164 2538 ἐστὶ
1211 2488 1304 2556 μὲν
1352 2490 1416 2540 ἐκ
1458 2489 1549 2542 τοῦ
1591 2491 1743 2552 Θεοῦ,
1769 2494 1827 2546 οὐ

1926 2483 2142 2536 omnino
2165 2485 2251 2551 qui
2276 2485 2346 2536 sit
2365 2485 2686 2568 exdiabolo,
2715 2503 2819 2542 non
2842 2493 3095 2544 continuo
3120 2495 3276 2548 etiam
3299 2505 3450 2549 natus

289 2575 394 2644 μὴν
423 2574 746 2643 γεγέννηται
775 2577 838 2625 ἐκ
861 2573 954 2627 τοῦ
971 2574 1124 2637 Θεοῦ,
1145 2576 1234 2628 καὶ
1249 2575 1458 2640 πάντως
1485 2578 1652 2631 ταῦτα
1675 2579 1827 2633 ἐλάτ-

1927 2572 1995 2624 sit
2031 2587 2096 2625 ex
2141 2573 2349 2627 diabolo
2382 2591 2397 2628 ε
2428 2583 2482 2628 ει
2511 2591 2720 2630 rursum
2753 2594 2876 2631 num
2908 2581 3191 2650 sitaliquis
3221 2598 3284 2637 ex
3317 2583 3445 2650 Deo,

280 2679 408 2715 τονα
455 2662 571 2730 ἔχει
601 2662 755 2726 τάξιν
794 2665 852 2715 ἐν
878 2663 956 2731 τῷ
993 2663 1152 2715 παντὶ
1186 2664 1291 2716 τῶν
1311 2667 1653 2736 γεγεννῆσθαι
1685 2668 1827 2736 λεγο-

1925 2662 2012 2728 qui
2044 2677 2145 2716 non
2171 2664 2330 2715 etiam
2367 2666 2584 2718 omnino
2606 2680 2670 2719 ex
2699 2666 2808 2722 Deo
2829 2671 2901 2723 sit
2921 2681 3078 2725 natus
3107 2689 3121 2736 ;
3164 2689 3284 2728 cum
3312 2677 3354 2728 si
3379 2678 3449 2730 sit

284 2754 459 2822 μένων
487 2755 552 2805 ἐκ
585 2753 678 2806 τοῦ
720 2754 874 2806 Θεοῦ.
908 2754 1015 2806 Καὶ
1041 2755 1320 2824 γενόμενός
1351 2773 1412 2823 γε
1439 2757 1574 2809 κατὰ
1600 2759 1696 2829 τὴν
1718 2760 1827 2812 δια-

1925 2753 2117 2820 aliquis
2140 2768 2205 2808 ex
2233 2755 2359 2820 Deo,
2389 2771 2493 2810 non
2521 2759 2738 2813 omnino
2764 2762 2834 2814 sit
2865 2763 3023 2816 etiam
3049 2776 3207 2820 natus
3236 2782 3303 2822 ex
3319 2768 3445 2823 Deo.

283 2845 476 2914 φορὰν,
513 2843 792 2896 τουτέστιν
823 2845 900 2921 ἐκ-
916 2844 1007 2896 τοῦ
1047 2845 1315 2910 διαϐόλου,
1337 2847 1369 2916 ἢ
1393 2849 1736 2918 γεγεννῆσθαι
1765 2853 1827 2904 ἐκ

1925 2838 2158 2895 Proinde
2216 2842 2477 2898 formatur
2516 2846 2918 2918 delineaturque
2952 2854 3040 2921 qui
3081 2865 3238 2910 natus
3263 2867 3345 2912 est
3381 2874 3447 2913 ex

280 2933 375 2987 τοῦ
402 2933 564 2996 Θεοῦ,
599 2933 853 3004 ζητήσεις
888 2919 1086 3003 μήποτ’
1115 2935 1226 2986 ἐστι
1255 2952 1334 2998 τις
1375 2938 1404 2988 6
1448 2937 1538 2990 καὶ
1580 2954 1827 3008 γεγεννη-

1928 2929 2054 2992 Deo,
2091 2930 2135 2983 si
2159 2941 2432 2998 peccatum
2468 2951 2572 2990 non
2613 2941 2928 3005 committat,
2969 2919 3035 2996 eo
3085 2947 3224 3010 quod
3263 2961 3443 3000 semen

287 3025 444 3095 μένος
488 3027 553 3076 ἐκ
599 3025 694 3076 τοῦ
729 3024 996 3087 διαϐόλου,
1029 3025 1175 3088 ὅστις
1206 3026 1415 3090 πάντως
1459 3029 1550 3080 καὶ
1581 3028 1724 3080 ἔστιν
1764 3031 1826 3082 ἐκ

1927 3017 2018 3072 Dei
2045 3019 2096 3072 in
2116 3021 2228 3090 ipso
2249 3033 2476 3090 maneat,
2495 3034 2548 3079 et
2565 3041 2594 3079 a
2619 3029 2850 3095 potentia
2875 3029 2965 3084 Dei
2988 3033 3039 3085 in
3066 3047 3125 3087 se
3149 3031 3442 3091 exsisteute

282 3114 375 3168 τοῦ
400 3114 671 3177 διαϐόλου,
695 3113 757 3165 οὐ
790 3114 1002 3176 πάντως
1038 3114 1129 3167 τοῦ
1173 3115 1340 3180 ὄντος,
1365 3117 1426 3168 ἐκ
1464 3116 1557 3169 τοῦ
1587 3117 1824 3171 διαϐόλου

1926 3113 2159 3180 ingenita
2194 3113 2298 3164 vim
2322 3112 2512 3167 habeat
2537 3115 2588 3167 in
2619 3126 2882 3184 posterum
2908 3135 3010 3174 non
3048 3125 3320 3189 peccandi.
3352 3127 3442 3179 Di-

279 3203 712 3274 γεγεννημένουο
749 3204 840 3256 καὶ
873 3204 1031 3256 πάλιν
1077 3205 1190 3256 ἐστί
1233 3223 1315 3268 τις
1355 3207 1417 3258 ἐκ
1445 3207 1538 3259 τοῦ
1571 3207 1723 3270 Θεοῦ,
1766 3210 1824 3260 οὐ

1925 3201 2066 3254 citur
2082 3201 2244 3254 etiam
2279 3205 2332 3255 in
2373 3213 2614 3259 extremo
2643 3206 2795 3274 hujus
2832 3208 3080 3276 Epistola:
3105 3229 3118 3266 :
3147 3211 3329 3268 Omnis
3355 3217 3445 3286 qui

279 3293 495 3356 πάντως
545 3294 642 3345 καὶ
691 3295 1078 3364 γεγεννημένος
1132 3296 1194 3346 ἐκ
1239 3295 1332 3347 τοῦ
1373 3295 1536 3348 Θεοῦ⁸
1567 3297 1743 3349 οὐκέτι
1771 3297 1825 3349 δὲ

278 3383 480 3445 παντὸς
504 3382 600 3435 τοῦ
633 3382 786 3445 ὄντος
834 3384 898 3435 ἐκ
951 3383 1044 3435 τοῦ
1101 3383 1231 3436 Θεοῦ
1259 3423 1273 3448 ,
1326 3386 1710 3456 γεγεννημένου
1763 3388 1826 3440 ἐκ

275 3473 376 3525 τοῦ
431 3473 588 3526 Θεοῦ.
635 3473 1109 3543 Χαρακτηρίζεται
1155 3473 1334 3542 μέντοι
1379 3476 1409 3526 6
1447 3474 1826 3545 γεγεννημένος

275 3563 344 3614 ἐκ
372 3560 470 3614 τοῦ
501 3561 636 3614 Θεοῦ
667 3561 746 3630 τῷ
787 3562 1055 3631 ἁμαρτίαν
1098 3563 1157 3614 οὐ
1191 3566 1376 3629 ποιεῖν,
1405 3563 1492 3616 διὰ
1515 3563 1574 3616 τό
1611 3565 1824 3634 σπέρμα

269 3650 370 3704 τοῦ
401 3649 538 3702 Θεοῦ
585 3653 644 3704 ἐν
680 3651 829 3718 αὐτῷ
868 3651 1064 3720 μένειν,
1114 3652 1204 3704 καὶ
1254 3651 1358 3704 ἀπὸ
1391 3653 1487 3722 τῆς
1511 3652 1714 3705 ἐκείνου
1735 3653 1822 3705 δυ·

268 3739 493 3810 νάμεως
540 3739 951 3810 ἐνυπαρχούσης
1006 3740 1151 3809 αὐτῷ
1202 3741 1540 3810 ἐγγινομένου
1585 3741 1677 3794 τοῦ
1724 3761 1824 3812 μη-

268 3827 390 3881 κέτι
419 3827 686 3880 δύνασθαι
721 3829 1066 3898 ἁμαρτάνειν.
1101 3830 1209 3882 Καὶ
1253 3831 1310 3884 ἐν
1354 3832 1464 3892 τοῖς
1507 3831 1824 3894 τελευταίοις

267 3917 324 3971 δὲ
350 3919 576 3985 λέγεται
607 3919 707 3988 τῆς
741 3919 1066 3988 Ἐπιστολῆς,
1091 3920 1170 3972 ὃτι
1200 3919 1323 3986 Πᾶς
1354 3924 1386 3974 ό
1407 3924 1824 3992 γεγεννημένος

265 4008 332 4060 ἐκ
385 4008 500 4062 τοῦ
547 4008 698 4062 Θεοῦ
750 4010 864 4076 οὐχ
921 4008 1252 4078 ἁμαρτάνει,
1287 4010 1442 4065 ἀλλὰ
1489 4015 1521 4066 ὁ
1558 4031 1823 4082 γεγεννη-

261 4096 451 4162 μένος
479 4095 554 4147 ἐκ
586 4094 694 4147 τοῦ
726 4094 872 4147 Θεοῦ
909 4096 1068 4162 τηρεῖ
1118 4097 1349 4162 ἑαυτὸν,
1376 4100 1470 4152 καὶ
1501 4103 1533 4153 ὁ
1567 4102 1824 4169 πονηρὸς

265 4187 375 4254 οὐχ
416 4183 672 4238 ἅπτεται
702 4185 905 4237 αὑτοῦ.
939 4186 1000 4236 Ei
1033 4184 1088 4237 δέ
1119 4188 1148 4238 6
1184 4187 1453 4258 γεννηθεὶς
1487 4190 1550 4242 ἐκ
1575 4190 1666 4243 τοῦ
1691 4192 1821 4244 Θεοῦ

258 4279 422 4346 τηρεῖ
449 4273 680 4337 ἐαυτὸν,
712 4276 805 4327 καὶ
844 4277 872 4327 6
915 4274 1142 4345 πονηρός
1187 4278 1281 4346 οὐχ
1319 4277 1541 4333 ἅπτεται
1568 4280 1726 4333 αὐτοῦ
1750 4322 1764 4346 ,
1793 4284 1822 4334 6

1925 3301 2074 3344 natus
2097 3302 2168 3345 est
2201 3308 2265 3346 ex
2295 3292 2425 3358 Deo,
2463 3311 2563 3348 non
2586 3309 2783 3363 peccat;
2819 3301 2906 3353 sed
2932 3303 3020 3370 qui
3044 3304 3241 3371 genitus
3269 3316 3343 3360 est
3382 3323 3448 3364 es

1923 3381 2050 3446 Deo,
2093 3391 2256 3436 servat
2284 3386 2536 3452 seipsum,
2565 3396 2612 3439 et
2654 3389 2821 3442 malus
2866 3407 2966 3444 non
3010 3396 3176 3462 tangit
3213 3411 3327 3448 eum
3375 3399 3438 3451 ⁷⁸.

1924 3471 2058 3542 [(98)
2097 3471 2248 3537 Quod
2287 3474 2332 3527 si
2378 3475 2422 3528 is
2477 3477 2567 3541 qui
2616 3492 2680 3530 ex
2719 3479 2826 3532 Deo
2859 3491 3013 3534 natus
3058 3495 3169 3548 est,
3213 3485 3440 3554 seipsum

1925 3571 2103 3616 tuetur
2148 3572 2202 3616 et
2239 3573 2440 3628 servat,
2480 3581 2577 3620 nec
2628 3569 2929 3636 improbus,
2969 3572 3020 3624 id
3063 3584 3142 3627 est
3182 3575 3439 3643 diabolus,

1922 3650 2093 3718 ipsum
2114 3652 2384 3722 attingit,]
2424 3655 2512 3720 qui
2540 3655 2777 3723 seipsum
2804 3672 2910 3711 non
2947 3671 3156 3726 servat,
3200 3677 3267 3716 ne
3306 3666 3443 3720 malo

1921 3738 2014 3793 illo
2047 3747 2314 3809 tangatur,
2350 3757 2452 3794 non
2501 3745 2711 3810 genitus
2748 3756 2829 3800 est
2870 3761 2936 3801 ex
2981 3750 3120 3813 Deo;
3162 3761 3215 3806 et
3271 3757 3443 3808 omnis

1922 3841 2076 3895 quem
2119 3829 2282 3898 tangit
2323 3830 2529 3893 malus,
2573 3830 2663 3882 ille
2701 3849 2804 3886 non
2845 3837 3053 3903 genitus
3087 3849 3166 3892 est
3195 3855 3258 3893 ex
3299 3840 3440 3905 Deo;

1924 3916 2092 3984 tangit
2117 3927 2292 3971 autem
2322 3919 2494 3973 malus
2515 3920 2602 3974 ille
2629 3937 2720 3976 eos
2738 3925 2826 3991 qui
2858 3926 3061 3994 seipsos
3082 3943 3184 3981 non
3207 3939 3438 3984 servant.

1921 4006 2180 4073 Quoniam
2203 4023 2329 4063 vero
2362 4009 2430 4063 iis
2450 4025 2566 4079 qua:
2585 4012 2650 4066 de
2671 4013 2937 4068 Abraham
2964 4016 3105 4071 dicta
3131 4027 3271 4082 sunt,
3296 4020 3442 4075 nullo

1919 4097 2061 4150 facto
2102 4097 2410 4162 intervallo,
2456 4099 2556 4153 hoc
2608 4100 2872 4155 infertur:
2907 4101 3007 4157 Vos
3071 4105 3242 4173 facitis
3289 4124 3440 4176 opera

1918 4187 2080 4253 patri:
2127 4185 2280 4238 vestri
2319 4187 2386 4251 τ’,
2443 4188 2810 4256 quaerebamus
2854 4206 2978 4244 num
3044 4193 3180 4248 forte
3228 4206 3441 4264 propter

1919 4277 2146 4343 primum
2190 4277 2420 4330 Abrahae
2471 4277 2648 4330 datum
2707 4281 3010 4334 mandatum
3045 4282 3148 4338 boc
3187 4267 3438 4352 scriptum

258 4367 336 4438 μὴ
379 4366 578 4437 τηρῶν
607 4365 816 4432 ἑαυτὸν,
851 4367 916 4418 ἶν’
942 4369 970 4419 6
995 4367 1223 4437 πονηρὸς
1254 4367 1414 4421 αὐτοῦ
1460 4369 1531 4440 μή
1570 4371 1818 4442 ἅπτηται,

1925 4364 2008 4417 sit.
2031 4365 2265 4418 Primum
2297 4380 2526 4434 namque
2545 4368 2778 4422 divinum
2798 4370 3100 4424 mandatum
3132 4374 3195 4426 ad
3225 4388 3341 4427 eum
3362 4375 3441 4430 sic

253 4461 316 4512 οὐ
347 4456 687 4526 γεγέννηται
722 4456 786 4508 ἐκ
826 4455 919 4508 τοῦ
952 4456 1116 4509 Θεοῦ·
1153 4458 1245 4510 καὶ
1280 4460 1386 4516 πᾶς
1433 4455 1493 4513 οῦ
1527 4461 1748 4514 ἅπτεται
1792 4463 1821 4515 6

254 4545 508 4616 πονηρὸς
529 4581 546 4606 ,
575 4537 729 4606 οὗτος
760 4545 820 4596 οὐ
854 4543 1164 4612 γεγέννηται
1191 4545 1254 4598 ἐκ
1278 4545 1372 4598 τοῦ
1401 4545 1562 4599 Θεοῦ·
1597 4549 1817 4603 ἅπτεται

248 4637 309 4690 δὲ
335 4637 370 4688 6
405 4631 653 4704 πονηρὸς
677 4632 784 4686 τῶν
823 4631 897 4703 μὴ
923 4633 1220 4703 τηρούντων
1251 4635 1486 4698 ἑαυτούς.
1534 4637 1680 4689 Ἐπεὶ
1709 4638 1816 4708 (97)

246 4727 310 4780 δέ
357 4727 482 4788 τοῖς
543 4723 673 4794 περὶ
707 4723 801 4776 τοῦ
843 4723 1105 4795 Ἀϐραὰμ,
1151 4724 1357 4788 οὐδενὸς
1395 4727 1676 4796 γενομένου
1725 4743 1816 4797 με·

247 4815 392 4878 ταξὺ
450 4811 859 4882 διαλείμματος,
893 4813 1198 4882 ἐπιφέρεται
1239 4816 1330 4867 τό⁹
1383 4816 1574 4884 Ὑμεῖς
1603 4816 1814 4870 ποιεῖτε

247 4901 326 4956 τὰ
359 4901 515 4968 ἔργα
547 4898 655 4951 τοῦ
697 4898 917 4965 πατρὸς
946 4898 1127 4967 ὑμῶν,
1159 4898 1452 4970 ἐζητοῦμεν
1487 4905 1687 4972 μήποτε
1729 4904 1815 4956 διὰ

247 4991 354 5063 τὴν
397 4988 483 5059 τῷ
533 4986 782 5058 Ἀϐραὰμ
824 4987 1041 5059 πρώτην
1075 4989 1356 5058 δεδομένην
1395 4991 1608 5062 ἐντολὴν
1659 4993 1814 5046 τοῦτο

249 5079 707 5148 ἀναγέγραπται.
747 5077 805 5130 '0
833 5076 1043 5147 πρῶτος
1073 5077 1128 5129 δέ
1157 5079 1532 5148 χρηματισμὸς
1557 5079 1689 5149 πρὸς
1713 5083 1780 5134 αὑ
1797 5111 1811 5120 .

1919 4453 2113 4508 habet:
2141 4454 2396 4523 Egredere
2427 4456 2489 4508 de
2516 4465 2653 4510 terra
2691 4468 2800 4521 tua,
2829 4468 2877 4513 et
2909 4460 2972 4512 de
3000 4463 3303 4529 cognatione
3325 4474 3436 4528 tua,

1915 4552 1961 4595 et
1991 4543 2053 4594 de
2075 4543 2224 4595 domo
2245 4543 2408 4610 patris
2431 4545 2528 4608 tui,
2555 4555 2600 4596 et
2631 4546 2756 4599 vade
2774 4549 2842 4599 ad
2867 4559 3056 4601 terram
3085 4567 3238 4618 quam
3262 4567 3432 4604 osten-

1915 4631 2036 4682 dam
2066 4631 2154 4682 tibi
2176 4631 2240 4682 ⁸ο.
2273 4631 2598 4702 Exivitergo
2637 4634 2906 4689 Abraham
2961 4639 3026 4690 de
3068 4639 3226 4692 domo
3273 4639 3440 4707 patris

1917 4721 2023 4784 sui,
2050 4721 2191 4788 quod
2211 4735 2312 4774 non
2334 4719 2526 4776 fecisse
2551 4726 2936 4778 convincuntur
2955 4726 3010 4779 bi
3038 4729 3139 4794 qui-
3156 4729 3443 4796 reprehen-

1918 4809 2114 4860 duntur
2152 4822 2216 4862 eo
2255 4809 2397 4877 quod
2434 4826 2535 4864 non
2592 4812 2731 4865 bene
2767 4814 3039 4866 dixerint:
3072 4811 3236 4865 Pater
3280 4824 3447 4866 noster

1915 4895 2174 4948 Abraham
2194 4907 2265 4950 est
2295 4897 2372 4962 “;
2409 4913 2528 4950 nam
2573 4899 2616 4953 si
2653 4899 2744 4952 ﬁlii
2768 4899 3001 4952 Abrahae
3035 4897 3251 4949 faciunt
3295 4912 3453 4964 opera

1914 4987 2163 5051 Abrabm,
2189 4999 2241 5040 et
2277 4988 2320 5041 si
2351 4988 2578 5056 primum
2598 5003 2728 5056 opus
2752 4999 2832 5043 est
2854 4987 3010 5042 exire
3044 4985 3117 5036 de
3161 4997 3304 5038 terra
3340 5001 3461 5045 sua.

1915 5077 2058 5130 etde
2087 5077 2243 5130 domo
2281 5079 2447 5144 patris
2483 5077 2587 5139 sui,
2619 5085 2674 5129 et
2705 5072 2980 5145 proﬁcisci
3018 5071 3083 5123 ad
3118 5085 3250 5124 eam
3274 5079 3469 5124 terram

247 5169 346 5223 τὸν
401 5166 584 5231 οὕτως
621 5165 764 5236 ἔχει’
802 5167 1039 5230 Ἔξελθε
1068 5169 1133 5221 ἐκ
1162 5167 1271 5234 τῆς
1300 5166 1409 5235 γῆς
1444 5185 1581 5232 σου,
1627 5171 1720 5222 καὶ
1744 5173 1812 5224 ἐκ

1925 5182 2070 5236 quam
2097 5167 2170 5220 illi
2191 5168 2421 5221 ostendit
2464 5167 2629 5234 Deos,
2677 5177 2732 5222 et
2755 5169 2895 5223 banc
2938 5162 3015 5216 ob
3049 5173 3291 5213 oausam
3317 5159 3374 5212 hi
3408 5161 3478 5214 ad

320 5308 372 5341 ’³
414 5304 435 5358 1
465 5304 626 5360 Joan.
656 5304 822 5370 v.18.
894 5306 939 5337 ⁷⁸
965 5303 1114 5360 Joan.
1146 5319 1261 5368 vm,
1290 5304 1378 5361 41.
1452 5307 1498 5338 ⁸⁸
1525 5305 1658 5360 Gen.
1682 5309 1820 5374 xn,l

1925 5309 1963 5341 ⁸¹
1992 5307 2146 5362 Joan.
2177 5320 2292 5367 vnt,
2321 5303 2407 5358 39.

325 5418 450 5521 ἐξὲξ
482 5418 673 5521 Ξοδθπ
706 5414 1259 5521 ¹ξ⁰⁶¹ἓ³¹ἶᾶξκκῗέἧδέ
1282 5415 1622 5521 ἯἚὶεέἛλ

1947 5418 2291 5521 .(⁹⁷).⁶ξξί¹εκ
2327 5417 2662 5521 βαδιείαιξιξξν
2689 5402 3348 5521 assistam"
3401 5404 3504 5458 ““’

477 5488 627 5565 idem
651 5487 813 5565 codex
838 5485 1148 5565 Bodleiatrus
1177 5483 1257 5534 εἰη
1294 5481 1524 5565 Regius:
1546 5485 1643 5538 ὅτι.
1695 5556 1708 5565 _
1762 5557 1772 5565 _

1925 5481 2474 5565 gitishetnﬂarberj‘nus,
2504 5481 2660 5565 male,
2687 5487 2810 5539 ἐπεὶ
2857 5481 2934 5565 δὲ,
2957 5481 3330 5565 τοῖέςῃτξξεξςιε

327 5542 450 5626 Ῐ96)
472 5554 656 5626 ροὰςι
681 5553 1013 5626 Bodleianus,
1044 5553 1244 5626 simae,
1274 5542 1458 5621 χεῖρον
1495 5542 1561 5607 ἄν
1597 5571 1644 5607 τι
1693 5556 1802 5610 ὲνέ..

1925 5542 1940 5558 ’
1973 5555 2081 5624 (98)
2103 5555 2244 5623 llaec,
2266 5572 2296 5612 a
2317 5542 2565 5611 Ferrario
2591 5542 3015 5625 przeternussa,
3034 5560 3067 5599 e
3090 5542 3374 5596 Pcrionio
3399 5554 3520 5606 sup-

257 5617 455 5694 φαίνε’⁶
485 5621 703 5692 Regius,
743 5621 920 5692 εἴρητο
941 5617 1020 5685 ἂν,
1044 5617 1103 5671 τί
1112 5617 1384 5684 ἐνέφαινε.

1925 5617 2180 5680 ilevimus.
