3820 6220
342 254 448 313 609

1375 272 1720 329 COMMENT‘.
1753 276 1815 329 IN
1853 275 2039 334 JOAN.
2078 276 2306 335 TOMUS
2340 280 2451 339 XX.

3381 291 3484 347 610

338 377 592 454 κρίναντο
609 380 901 447 "elutius-5.;
921 383 1027 456 γὰρ
1059 389 1338 459 πρότερον·
1363 392 1595 460 Σπέρμα
1638 394 1845 463 Ἁϐραάλ

1974 405 2131 452 antea
2161 399 2420 454 dixissent
2447 417 2461 454 :
2489 400 2672 456 Semen
2695 401 2917 457 Abralue
2937 417 3114 457 sumus
3155 404 3220 469 “,
3252 412 3307 462 et
3331 410 3482 478 quasi

333 465 527 533 ἐσμεν
547 505 560 529 ,
610 469 704 521 καὶ
746 468 857 524 οἷον
900 475 1054 528 τοῦτο
1098 481 1411 548 τρανὰτερον
1453 481 1871 554 ὁμολογήσαντες

332 554 423 607 διὰ
442 554 565 608 ’ποῦ’
587 557 649 609 '0
678 560 868 628 πατὴρ
891 563 1056 631 ἡμῶν
1077 566 1322 636 Ἁϐραάμ
1345 569 1530 636 ἐστιν,
1551 571 1870 636 ἀκούσαντες

332 642 474 713 πρὸς
503 645 661 699 τοῦτο
685 647 746 701 τό
762 667 776 680 ’
826 653 892 704 ει
923 653 1099 705 ’τέκνα
1131 656 1234 710 τοῦ
1280 656 1525 728 Ἀϐραάμ
1573 660 1710 715 ἐστε
1729 701 1744 726 ,
1797 663 1870 717 τὰ

328 731 476 799 ἔργα
509 734 616 803 τοῦ
667 737 917 808 Ἀϐραὰμ
957 743 1170 797 ποιεῖτε
1186 783 1201 808 ,
1249 745 1461 817 μείζονα
1494 751 1585 803 τοῦ
1627 752 1868 823 ’Δϐραάμ

325 820 679 889 ὁμολογοῦσιν
707 826 910 881 ἑαυτῶν
935 825 1069 883 εῖναι
1098 832 1190 885 τὸν
1215 835 1420 907 πατέρα
1443 837 1700 905 λέγοντες
1721 820 1867 896 δΕνα

327 909 556 976 πατέρα
596 910 815 982 ἔχομεν
847 917 951 970 τὸν
984 921 1148 975 Θεόν.
1185 923 1333 992 Τάχα
1353 925 1408 978 δὲ
1432 927 1517 981 διὰ
1543 928 1602 981 τὸ
1636 930 1741 983 τῶν
1775 933 1865 984 ἀν-

324 998 563 1091 θρώπων
603 1003 759 1091 τινας
793 1006 891 1075 μὲν
920 1005 1054 1063 εἶναι
1091 1013 1155 1065 ὲκ
1209 1014 1301 1067 τοῦ
1346 1016 1583 1071 διαϐόλου
1605 1059 1620 1083 ,
1655 1021 1865 1091 ἑτέρους

318 1085 377 1139 δὲ
405 1090 768 1160 γεγεννῆσθαι
805 1094 868 1145 ἐκ
896 1095 989 1148 τοῦ
1020 1097 1171 1163 Θεοῦ,
1205 1102 1405 1167 πάντας
1428 1106 1491 1158 ἀν
1511 1107 1674 1174 ὑγιῶς
1695 1085 1863 1178 λέγοι-

320 1192 423 1245 μεν
459 1179 591 1242 τοὺς
631 1180 707 1252 μὴ
759 1188 1182 1258 γεγεννημένους
1231 1192 1295 1245 ἐκ
1332 1194 1424 1246 τοῦ
1457 1196 1607 1262 Θεοῦ,
1636 1199 1699 1251 ἐκ
1733 1216 1861 1269 πορ-

316 1272 466 1336 νείας
515 1277 895 1347 γεγεννῆσθαι.
956 1281 1028 1333 Οὑ
1065 1282 1173 1353 γὰρ
1227 1286 1290 1338 ὲκ
1336 1286 1579 1359 νύμφης,
1625 1291 1736 1343 ἀλλ’
1797 1295 1860 1346 ἐκ

311 1361 521 1433 πόρνης
564 1365 669 1435 τῆς
712 1366 841 1439 ὑλης
876 1369 970 1434 οὓς
1001 1374 1162 1443 γεννᾷ
1196 1374 1271 1444 (7)
1309 1379 1337 1429 6
1379 1378 1675 1451 διάϐολοςῆ
1720 1386 1861 1436 ποιεῖ

309 1453 435 1513 τοὺς
473 1452 537 1516 ἐξ
574 1454 768 1521 αὑτοῦ,
807 1458 999 1523 οἵτινες
1024 1461 1117 1515 καὶ
1144 1466 1255 1527 τοῖς
1279 1472 1597 1537 σωματικοῖς
1625 1489 1858 1541 προσπε-

309 1539 610 1609 πονθότες,
650 1544 746 1598 καὶ
796 1547 1199 1618 προσηλωμένοι
1249 1552 1533 1610 κολλῶνται
1581 1561 1644 1629 τῇ
1669 1539 1856 1634 -πόρνῃ

308 1627 447 1702 ὕλῃ,
490 1634 779 1702 γενόμενοι
816 1635 949 1706 πρὸς
997 1637 1160 1709 αὐτὴν
1198 1640 1255 1693 ἓν
1291 1643 1443 1713 σῶμα
1465 1684 1480 1709 ,
1514 1627 1722 1701 τῶνηὲκ

1970 485 2067 540 hoc
2098 489 2429 542 manifestius
2469 491 2700 546 confessi
2729 490 2954 546 fuissent
2983 508 3078 563 per
3116 494 3244 551 illud
3278 516 3293 552 :
3321 501 3485 570 328

1967 572 2126 628 Pater
2147 588 2321 630 noster
2356 579 2613 633 Abraham
2646 592 2718 635 est
2746 585 2811 649 ⁸⁸,
2856 601 2975 639 cum
3007 587 3071 638 ad
3103 586 3229 640 illud
3260 603 3481 656 respon-

1965 663 2076 717 deri
2105 667 2432 721 audivissent
2461 683 2476 721 :
2508 668 2568 723 Si
2590 671 2691 737 ﬁlii
2716 673 2933 727 Abrahae
2964 676 3108 740 estis,
3140 693 3295 745 opera
3323 680 3483 734 Abra-

1963 749 2043 803 hae
2067 750 2243 819 facile,
2279 754 2531 823 majorem
2572 757 2873 815 Abrahamo
2920 778 3073 817 suum
3104 765 3334 833 ipsorum
3383 784 3480 836 pa-

1965 848 2098 892 trem
2156 840 2389 895 fatentur
2445 844 2726 900 dicentes:
2760 847 2930 902 Unum
2983 861 3184 919 patrem
3233 856 3478 910 habemus

1962 927 2123 981 Deum
2151 929 2215 983 ⁸⁸.
2249 930 2325 985 Ac
2352 930 2597 990 fortassis
2633 951 2697 989 eo
2724 940 2862 1005 quod
2903 940 3064 1009 aliqui
3099 942 3472 1019 hominessint

1961 1028 2024 1069 ex
2051 1017 2280 1083 diabolo,
2312 1020 2400 1073 alii
2429 1036 2556 1076 vero
2582 1023 2687 1077 orti
2718 1039 2781 1078 ex
2810 1026 2937 1092 Deo,
2960 1044 3144 1084 omnes
3164 1044 3308 1086 recte
3331 1017 3476 1090 dice-

1960 1119 2136 1161 remus
2156 1108 2244 1175 qui
2271 1110 2435 1177 geniti
2465 1124 2528 1164 ex
2558 1113 2664 1167 Deo
2681 1129 2782 1168 non
2815 1127 3015 1184 essent,
3040 1134 3102 1176 ex
3127 1131 3309 1191 stupro
3329 1135 3476 1181 ortos

1956 1193 2142 1250 fuisse.
2168 1196 2279 1252 Non
2313 1201 2452 1254 enim
2477 1216 2544 1255 ex
2568 1217 2791 1272 sponsa,
2830 1207 2922 1260 sed
2954 1223 3019 1262 ex
3048 1215 3331 1269 meretrice
3356 1231 3474 1268 ma-

1959 1284 2087 1338 teria
2108 1286 2291 1353 gignit,
2319 1288 2401 1342 vel
2424 1301 2567 1343 creat
2597 1292 2837 1347 diabolus
2857 1309 2949 1350 eos
2970 1298 3056 1365 qui
3080 1300 3148 1352 ab
3178 1300 3291 1369 ipso
3315 1314 3432 1357 sunt
3452 1322 3467 1357 :

1954 1373 2041 1438 qui
2074 1374 2232 1427 etiam
2265 1375 2541 1432 immodice
2566 1377 2761 1446 aﬂ‘ecti,
2787 1392 2839 1436 et
2863 1382 3000 1437 anisi
3033 1386 3187 1441 rebus
3216 1404 3468 1459 corpora-

1952 1460 2092 1516 libus
2130 1464 2523 1532 agglulinantur
2564 1471 2834 1524 meretrici
2872 1475 3143 1540 materias,
3178 1476 3300 1532 facti
3346 1494 3468 1534 cum

1953 1549 2066 1617 ipsa
2108 1568 2272 1605 unum
2324 1568 2515 1622 corpus
2545 1572 2561 1608 :
2591 1571 2710 1610 cum
2762 1559 2813 1612 bi
2874 1562 2962 1628 qui
3010 1576 3074 1615 ex
3113 1564 3216 1617 Deo
3272 1565 3467 1621 fuerint

1951 1638 2133 1705 geniti,
2167 1653 2197 1692 a
2229 1642 2509 1696 meretrice
2539 1645 2758 1698 materia
2787 1647 3056 1711 recedant,
3113 1658 3272 1716 atque
3301 1655 3465 1706 etiam

304 1713 438 1769 Θεοῦ
469 1721 894 1791 γεγεννημένων
926 1708 1298 1795 ἀφισταμένων
1331 1708 1426 1801 τῆς
1448 1736 1647 1806 πόρνης
1685 1736 1845 1808 ὕλης,

1953 1726 2344 1795 agglutinentur
2395 1729 2636 1797 Domino,
2687 1734 2817 1786 uniti
2872 1735 3114 1791 Sermoni
3154 1738 3229 1793 illi
3286 1740 3466 1810 quiin

304 1804 777 1878 καὶοκολλωμένων
798 1810 876 1881 τῷ
896 1813 1098 1885 Κυρίῳ,
1115 1818 1207 1869 καὶ
1225 1819 1515 1890 ὲνουμένων
1535 1804 1611 1894 τῷ
1631 1828 1688 1879 ὲν
1712 1804 1848 1899 ἀρχῇ

303 1894 438 1965 πρὸς
464 1895 560 1948 τὸν
593 1897 732 1950 Θεὸν
763 1900 938 1972 Λόγῳ,
971 1904 1064 1957 καὶ
1085 1908 1147 1976 τῇ
1172 1909 1327 1979 σοφία
1355 1910 1535 1975 αὑτοῦ,
1559 1914 1626 1984 ῆν
1644 1894 1851 1971 missi}

302 1984 472 2055 ἀρχὴν
492 1986 637 2042 ὀδὼν
658 1988 821 2042 αὑτοῦ
853 1992 932 2055 εἰς
960 1992 1095 2063 ἔργα
1120 1991 1302 2059 αὑτοῦ,
1330 2000 1413 2051 ἵνα.
1438 2002 1692 2068 γένωνται
1719 2006 1849 2077 πρὸς

301 2071 467 2143 αὐτὴν
483 2074 544 2127 ἓν
566 2076 816 2163 Ῠπνεῦμα·
840 2079 902 2132 ’0
928 2082 1043 2148 μὲν
1062 2083 1165 2155 γὰρ
1186 2087 1552 2157 κολλώμενος
1571 2091 1643 2160 τῇ
1662 2071 1846 2163 πόρνῃ

299 2160 367 2214 ἐν
404 2162 578 2231 σῶμά
636 2166 827 2221 ἐστιν·
870 2172 904 2222 ὁ
936 2170 1005 2222 δὲ
1046 2172 1411 2243 κολλώμενος
1455 2179 1532 2244 τῷ
1555 2160 1746 2249 Κυρίῴ

301 2254 532 2322 πνεῦμά
565 2256 764 2310 ἐστιν.

374 2342 458 2396 15.
498 2339 699 2397 Εἶπεν
722 2347 922 2413 αὐτοῖς
954 2352 988 2403 ὁ
1029 2350 1268 2420 Ἰησοῦςο
1302 2358 1372 2409 Et
1404 2360 1437 2411 ό
1477 2360 1613 2426 Θεὸς
1658 2361 1846 2431 πατὴρ

300 2430 461 2499 ὑμῶν
490 2429 571 2502 ἦν
590 2472 609 2497 ,
652 2434 917 2503 ἠγαπᾶτε
953 2438 1028 2491 ἂν
1058 2442 1178 2509 ἐμέ·
1207 2445 1318 2512 ἐγὼ
1350 2448 1457 2515 γὰρ
1478 2448 1545 2502 ἐκ
1578 2452 1679 2504 τοῦ
1701 2429 1844 2508 Θεοῦ

300 2520 578 2587 ἐξῆλθον.
616 2523 719 2576 καί
751 2525 892 2591 ἥκω.
938 2528 1188 2601 Ἐπείπερ
1226 2535 1272 2585 οἱ
1322 2533 1418 2598 τὰς
1472 2537 1657 2606 φύσεις
1699 2543 1844 2596 εἰσά-

302 2623 482 2674 γοντες
515 2608 591 2681 (8)
640 2611 875 2681 χρῶνται
911 2614 989 2685 τῷ
1026 2618 1224 2687 ῥήματι
1286 2623 1453 2693 τούτῳ
1508 2626 1841 2699 διηγούμενοι

302 2697 446 2761 αὐτὸ,
485 2698 569 2751 ὅτι
599 2700 700 2762 Ὣς
722 2703 915 2755 οἰκεῖον
936 2704 1000 2756 ἂν
1026 2707 1173 2775 ὑμῶν
1210 2710 1300 2761 καὶ
1330 2713 1546 2781 ἀδελφὸν
1577 2697 1840 2786 ἐπέγνωτε

303 2803 387 2856 με,
424 2788 559 2842 ἀλλὰ
591 2790 698 2842 καὶ
724 2791 799 2853 ὡς
834 2792 961 2846 ἴδιον
982 2796 1293 2866 ὴγαπήσατε
1325 2800 1390 2854 ἂν
1418 2803 1538 2872 ἐμὲ,
1573 2807 1620 2861 εί
1648 2809 1676 2859 6
1713 2808 1840 2873 Θεὸς

298 2875 468 2948 πατὴρ
497 2879 663 2949 ὑμῶν
712 2875 808 2949 ἦν·
858 2883 1218 2954 ὲπαπορητέον
1242 2888 1408 2954 οὕτως
1439 2893 1571 2962 πρὸς
1608 2897 1799 2962 αὑτούς
1821 2917 1835 2930 ·

296 2959 398 3017 Ἦν
431 2967 519 3019 ὅτε
550 2967 773 3029 Παῦλος
809 2969 983 3038 ἐμίσει
1020 2971 1106 3023 τὸν
1142 2975 1361 3043 Ἰησοῦν·
1387 2959 1560 3049 ἐμίσει
1594 2984 1647 3036 δὲ
1680 2959 1837 3041 αὑτὸν
1863 3004 1904 3060 C

298 3051 381 3106 ὅτε
414 3055 633 3127 ἐπόρθει
655 3095 670 3119 ,
711 3058 803 3109 καὶ
832 3059 1017 3111 ἐδίωκε
1055 3063 1152 3131 τὴν
1202 3064 1517 3137 Ἐκκλησίαν
1555 3072 1646 3125 τοῦ
1680 3074 1832 3140 Θεοῦ,

296 3142 385 3195 καὶ
433 3144 718 3213 ἀληθεύων
770 3162 833 3213 γε
883 3147 1062 3216 ἔλεγεν
1106 3153 1251 3223 αὑτῷ
1300 3157 1328 3208 6
1378 3159 1586 3227 πρῶτος
1625 3180 1836 3233 χρημα-

292 3231 508 3303 σεισμός·
572 3234 778 3289 Σαοὺλ
803 3273 818 3297 ,
875 3239 1091 3301 Σαοὺλ,
1142 3243 1199 3294 τί
1239 3262 1316 3313 με
1358 3246 1579 3314 διώκεις
1601 3231 1834 3314 [Είλπεν

292 3316 380 3374 οὖν
406 3322 477 3392 (9)
499 3324 704 3394 ἀληθὲς
728 3326 790 3377 τό
806 3342 819 3353 ·
842 3327 909 3379 El
935 3330 968 3380 ὁ
992 3328 1133 3395 Θεὸς
1163 3332 1353 3400 πατὴρ
1384 3335 1541 3402 ὑμῶν
1567 3335 1662 3408 ἦν,
1688 3342 1832 3411 ήγα-

291 3409 436 3464 πᾶτε
469 3412 544 3465 ἂν
577 3414 686 3482 ἐμέ
706 3432 719 3445 ·
748 3415 925 3484 δῆλον,
959 3419 1041 3469 ὅτι
1071 3420 1162 3472 καὶ
1194 3422 1252 3474 τὸ
1278 3423 1448 3495 τούτῳ
1489 3409 1832 3502 ἀντιπρέᾡον

291 3503 434 3554 ἐστὶν
503 3504 689 3570 ὑγιές·
746 3506 810 3557 El
854 3508 928 3576 μὴ
991 3509 1232 3576 ἠγαπᾶτέ
1291 3530 1356 3583 με
1387 3553 1403 3576 ,
1455 3516 1570 3586 οὐχὶ
1622 3521 1650 3572 6
1704 3521 1833 3586 Θεὸς

291 3590 467 3661 πατὴρ
508 3592 664 3661 ὑμῶν
704 3589 791 3663 ἦν.
849 3596 1053 3649 Οὐκοῦν
1088 3597 1195 3650 τῶν
1244 3601 1317 3672 μὴ
1379 3603 1707 3671 ἀγαπώντων
1743 3611 1831 3665 τὸν

296 3679 499 3749 Ἰησοῦν
532 3684 635 3736 οὐκ
668 3683 819 3736 ἔστιν
857 3686 886 3737 6
910 3685 1039 3749 Θεὸς
1068 3689 1273 3760 πατήρο
1309 3691 1513 3757 Παῦλος
1543 3695 1598 3748 δὲ
1635 3693 1700 3767 ἧν
1742 3700 1830 3754 ὅτε

236 3798 239 3801 ν
280 3767 378 3820 οὐκ
422 3771 617 3838 ἠγάπα
653 3772 747 3825 τὸν
778 3773 980 3842 Ἰησοῦν
1004 3790 1019 3805 ’
1065 3771 1132 3846 ἦν
1168 3778 1273 3849 ἀρα
1308 3781 1491 3852 καιρὸς
1520 3785 1606 3837 ὅτε
1641 3788 1668 3839 6
1702 3788 1830 3853 Θεὸς

278 3853 486 3909 Παύλου
547 3859 738 3929 πατὴρ
807 3861 907 3913 οὑκ
962 3857 1065 3932 ἦν·
1138 3866 1196 3916 οὑ
1254 3867 1408 3935 φύσει
1465 3869 1572 3940 ἄρα
1625 3874 1828 3940 Παῦλος

276 3943 407 3997 Θεοῦ
451 3946 571 4009 υίὸς
608 3944 716 4019 ἦν,
766 3947 880 4001 ἀλλ’
915 3950 1134 4024 ὕστερον
1171 3954 1355 4024 γέγονε
1393 3958 1522 4011 Θεοῦ
1554 3963 1694 4024 υἱόςο
1740 3966 1827 4018 ὅτε

274 4036 364 4087 καὶ
420 4036 598 4105 ὑγιῶς
656 4037 724 4090 ἂν
773 4040 1174 4113 προσελάϐομεν
1206 4045 1313 4114 (10)
1351 4047 1410 4099 τὸ
1445 4048 1726 4106 ἀκόλουθον
1750 4054 1826 4125 τῷ

273 4124 558 4195 ἡγουμένῳ
618 4126 717 4179 τοῦ
782 4131 1116 4201 συνημμένου
1168 4133 1409 4201 λέγοντος
1428 4175 1443 4199 .
1484 4138 1563 4191 ὅτι
1588 4179 1603 4203 ,
1671 4124 1825 4196 Ἀλλά

1949 1814 2210 1884 principio
2240 1827 2356 1872 erat
2388 1821 2524 1887 apud
2568 1819 2730 1876 Deum
2762 1823 2829 1889 ⁸⁷,
2868 1834 2922 1877 et
2966 1826 3239 1895 sapientite
3280 1831 3464 1898 ipsius,

1948 1920 2103 1970 quam
2130 1909 2325 1961 creavit
2351 1911 2664 1978 principium
2698 1912 2902 1968 viarum
2943 1931 3156 1971 suarum
3203 1922 3269 1972 ad
3304 1935 3464 1988 opera

1947 2007 2041 2045 sua
2066 1992 2142 2056 '3;
2182 2003 2240 2047 ut
2276 1997 2386 2049 sint
2411 2011 2529 2049 cum
2566 1998 2677 2067 ipsa
2724 2015 2860 2055 unus
2892 2003 3110 2070 spiritus
3145 2022 3159 2058 :
3191 2006 3294 2070 Qui
3320 2008 3461 2060 enim

1946 2081 2301 2148 agglutinetur
2336 2087 2609 2149 meretrici,
2664 2104 2822 2141 unum
2867 2102 2940 2143 est
2982 2108 3207 2161 corpus;
3236 2098 3322 2165 qui
3346 2113 3462 2151 uero

1945 2171 2293 2239 agglutinatur
2318 2172 2556 2239 Domino,
2604 2191 2736 2230 unus
2769 2180 2981 2246 spiritus
3006 2190 3084 2235 est
3115 2183 3183 2236 ⁸⁹.

2011 2347 2103 2405 i5.
2132 2347 2272 2401 Dixit
2300 2349 2407 2403 illis
2433 2349 2625 2404 Iesus:
2656 2351 2718 2406 Si
2751 2352 2890 2407 Deus
2927 2365 3073 2422 pater
3112 2368 3272 2411 uester
3308 2369 3457 2427 esset,

1941 2436 2218 2505 diliget-etis
2253 2439 2428 2507 utique
2467 2454 2579 2502 me;
2628 2455 2719 2508 ego
2759 2445 2895 2495 enim
2945 2459 3012 2497 ea:
3054 2445 3158 2499 Deo
3214 2449 3369 2512 exivi,
3408 2459 3458 2504 et

1940 2528 2086 2580 venio
2113 2528 2183 2582 ”.
2215 2528 2469 2595 Quoniam
2510 2532 2599 2600 qui
2644 2541 2859 2587 naturas
2897 2535 3268 2601 introducunt,
3300 2547 3461 2593 utun-

1942 2626 2027 2669 tur
2050 2618 2151 2672 hoc
2183 2627 2349 2685 textu,
2380 2632 2692 2675 enarrantes
2738 2624 2909 2691 ipsum
2932 2663 2947 2687 ,
3012 2623 3095 2696 [ac
3141 2628 3185 2681 si
3233 2628 3458 2685 dixisset

1937 2703 2089 2759 Iesus
2115 2705 2173 2777 :]
2203 2706 2473 2776 Tanquam
2502 2721 2749 2781 agitatum
2782 2712 2930 2768 vobis
2960 2729 3022 2769 ac
3046 2716 3264 2771 fratrem
3289 2733 3454 2787 agno-

1937 2796 2144 2851 vissetis
2177 2812 2280 2863 me,
2309 2810 2466 2869 atque
2495 2805 2652 2859 veluti
2690 2807 2961 2873 proprium
2994 2807 3315 2863 dilexissetis
3347 2826 3451 2876 me,

1938 2886 1980 2939 si
2017 2888 2152 2941 Deus
2198 2898 2350 2967 pater
2393 2902 2572 2947 vester
2600 2904 2740 2948 esset
2756 2878 2785 2959 ς’
2826 2898 3082 2950 movenda
3113 2907 3236 2951 sunt
3268 2910 3452 2954 contra

1936 2977 2080 3041 ipsos
2107 2978 2263 3032 dubia
2312 2980 2452 3034 hunc
2482 2983 2534 3035 in
2570 2987 2781 3037 modum
2817 3003 2831 3037 :
2860 2996 2975 3038 erat
3004 2988 3216 3053 quando
3256 2987 3451 3044 Paulus

1935 3066 2117 3119 oderat
2145 3066 2324 3121 Jesum
2352 3086 2366 3133 ;
2400 3084 2625 3137 eumque
2657 3075 2861 3136 oderat,
2890 3089 3009 3126 cum
3041 3076 3451 3143 depopularetur

1932 3163 1982 3205 et
2015 3165 2419 3221 persequeretur
2447 3157 2738 3211 Ecclesiam
2784 3160 2920 3223 Dei,
2958 3176 3185 3230 veraque
3216 3179 3448 3220 narrans

1931 3243 2140 3295 tlirebat
2173 3244 2247 3296 illi
2280 3247 2502 3310 pritnum
2537 3245 2626 3300 Dei
2671 3249 2946 3302 oraculum
2988 3267 3003 3303 :
3032 3249 3209 3314 Saule,
3253 3249 3446 3319 Saule,

1927 3331 2054 3399 quid
2094 3347 2172 3384 me
2206 3319 2518 3400 persequeris
2545 3336 2637 3389 "‘l
2667 3335 2722 3390 Si
2768 3353 2893 3406 ergo
2935 3353 3113 3392 verum
3152 3350 3234 3394 est
3278 3342 3444 3397 illud:

1930 3419 1991 3472 Si
2023 3419 2161 3474 Deus
2201 3431 2348 3488 pater
2376 3432 2537 3476 vester
2578 3436 2724 3485 esset,
2750 3427 3028 3495 diligentis
3075 3429 3245 3499 utique
3276 3446 3353 3483 me
3381 3431 3446 3496 ⁸¹,

1927 3510 2259 3577 perspicuum
2293 3522 2375 3567 est
2395 3528 2605 3582 quoque
2635 3515 2778 3580 illud,
2816 3520 2963 3595 quod
3013 3533 3131 3571 cum
3180 3519 3282 3573 hoc
3321 3535 3446 3575 con-

1925 3597 2168 3660 vertitur,
2193 3608 2394 3651 rectum
2424 3615 2543 3654 esse
2568 3619 2582 3656 :
2611 3601 2666 3655 Si
2690 3618 2773 3657 me
2794 3618 2894 3656 nou
2915 3605 3219 3673 diligeretis,
3248 3621 3445 3675 nequa-

1926 3695 2082 3748 quam
2113 3681 2253 3738 Deus
2297 3697 2447 3753 pater
2501 3697 2674 3743 vester
2720 3700 2882 3743 esset.
2935 3691 3078 3760 Ergo
3122 3692 3262 3747 Deus
3294 3706 3446 3763 pater

1924 3784 2031 3824 non
2079 3782 2163 3824 est
2206 3788 2386 3827 eorum
2415 3775 2505 3843 qui
2550 3791 2651 3829 non
2686 3777 2904 3844 diligunt
2961 3779 3139 3832 Jesum
3171 3798 3185 3833 :
3217 3799 3445 3852 eumque

1928 3868 2132 3924 tempus
2179 3861 2342 3917 fuerit
2397 3879 2501 3932 quo
2551 3865 2744 3921 Paulus
2798 3883 2900 3921 non
2943 3870 3194 3937 diligebat
3236 3872 3441 3940 Jesum,

1922 3950 2161 4017 sequitur
2184 3964 2393 4018 quoque
2423 3962 2626 4019 tempus
2649 3951 2812 4007 fuisse
2840 3970 2945 4022 quo
2961 3956 3099 4010 Deus
3117 3968 3265 4025 pater
3294 3959 3437 4013 Pauli
3488 3973 3504 3990 '

1920 4053 2024 4092 non
2067 4048 2219 4105 erat;
2261 4053 2368 4093 non
2391 4054 2517 4109 ergo
2553 4051 2738 4095 natura
2763 4040 2956 4097 Paulus
2983 4054 3099 4099 erat
3141 4047 3231 4102 Dei
3276 4048 3434 4112 ﬁlius,

1919 4128 2008 4183 sed
2035 4137 2216 4195 postea
2243 4127 2411 4183 factus
2433 4140 2514 4184 est
2542 4131 2629 4184 Dei
2678 4131 2815 4184 Illius
2837 4149 2853 4183 :
2873 4135 3084 4200 quando
3107 4137 3263 4189 etiam
3296 4149 3438 4192 recte

273 4212 376 4281 μὴν
409 4214 438 4264 6
475 4213 614 4276 Θεὸς
638 4253 654 4276 ,
700 4207 744 4266 ὧ
795 4215 971 4267 Παῦλε
993 4254 1008 4278 ,
1058 4219 1235 4288 πατήρ
1283 4236 1372 4273 σου
1409 4223 1570 4275 ἐστίν’
1611 4226 1822 4298 ἀγαπᾷς

1945 4232 2304 4274 ιεειιιιιει-οιηυε
2327 4220 2379 4274 id
2422 4221 2561 4288 quod
2591 4222 2853 4288 sequitur,
2893 4224 3017 4277 illud
3049 4227 3188 4292 quod
3221 4242 3424 4293 praece-

269 4298 372 4369 ἀρα
425 4301 519 4354 τὸν
547 4305 551 4308 ’
583 4302 816 4371 Ἰησοῦν.
868 4304 1022 4358 Ἀλλά
1048 4307 1141 4358 καὶ
1175 4307 1280 4377 πρὸ
1328 4308 1433 4362 τῶν
1487 4311 1688 4381 χρόνων
1720 4315 1818 4384 τῆς

1945 4310 1996 4361 lit
2020 4311 2355 4377 coniunctum
2383 4313 2565 4365 dicens
2595 4331 2608 4365 :
2632 4314 2812 4381 Atqui,
2839 4328 2873 4367 ο
2904 4314 3085 4381 Paule,
3112 4316 3249 4370 Deus
3286 4328 3437 4385 pater

267 4390 499 4454 πίστεως
520 4392 743 4446 Παύλου
767 4394 995 4463 ἀληθοῦς
1014 4395 1159 4458 ὄντος
1180 4396 1291 4449 τοῦ·
1309 4400 1376 4451 Ei
1402 4402 1435 4452 ό
1463 4401 1602 4467 Θεὸς
1625 4404 1816 4473 πατὴρ

1945 4407 1999 4453 st
2017 4408 2153 4463 tuus,
2171 4398 2345 4469 diligis
2361 4415 2486 4468 ergo
2504 4400 2705 4456 Iesum.
2725 4404 2860 4468 Quin
2881 4404 3039 4457 etiam
3054 4415 3180 4459 aute
3199 4415 3429 4476 tempora

265 4481 428 4549 ὑμῶν
456 4481 573 4551 ἦν,
610 4483 878 4551 ἀγαπᾶτε
921 4484 997 4537 ἂν
1040 4484 1175 4553 ἐμὲ,
1205 4485 1367 4554 ὑγιῶς
1409 4484 1475 4560 ἦν
1500 4492 1815 4562 προσλαϐεῖν

1945 4490 2037 4542 itlei
2068 4488 2254 4555 Pauli,
2290 4505 2411 4544 cum
2448 4506 2626 4544 verum
2648 4503 2787 4547 esset
2830 4497 2957 4548 illud
2989 4513 3004 4549 :
3031 4494 3090 4549 Si
3120 4495 3257 4550 Deus
3288 4508 3435 4562 pater

264 4571 421 4625 οἱονεὶ
449 4574 687 4640 λέγοντα
712 4572 799 4624 τὸν
830 4573 1050 4641 Ἰησοῦν.
1095 4574 1248 4628 Ἀλλά
1278 4576 1383 4647 μὴν
1423 4578 1520 4649 ἐμὲ
1551 4580 1647 4633 οὐκ
1684 4584 1815 4651 ἀγα-

1945 4579 2076 4649 ι29
2102 4590 2261 4634 vester
2279 4590 2425 4646 esset,
2457 4581 2733 4650 diligentis
2760 4585 2930 4651 utique
2975 4600 3072 4648 me,
3107 4596 3247 4640 recte
3285 4602 3433 4640 assu-

266 4662 400 4729 πᾷς’
432 4663 536 4717 οὑκ
577 4661 693 4730 ἄρα
732 4663 759 4714 6
789 4661 916 4727 Θεὸς
948 4664 1124 4732 πατήρ
1172 4680 1263 4716 σου
1312 4666 1484 4731 ἐστὶν,
1528 4662 1572 4722 ὦ
1612 4670 1807 4726 Παῦλε.

1945 4683 2057 4722 ruere
2089 4679 2263 4736 posset
2294 4668 2447 4724 Jesus
2476 4670 2693 4724 dicens:
2729 4670 2908 4739 Atqui,
2934 4688 2966 4725 o
2996 4671 3179 4735 Paule,
3216 4688 3301 4726 tne
3326 4688 3427 4727 nou

264 4749 397 4802 Πότε
420 4750 477 4803 δὲ
507 4753 536 4802 6
570 4751 709 4812 Θεὸς
747 4752 923 4822 πατὴρ
961 4752 1164 4819 γίνεταί
1188 4769 1326 4817 τινος
1344 4793 1357 4816 ,
1390 4756 1422 4827 ἢ
1452 4757 1574 4809 ὅταν
1601 4762 1809 4836 τηρήσῃ

1950 4759 2100 4828 ἱιίαἰε,
2131 4774 2232 4811 non
2253 4773 2377 4826 ergo
2403 4770 2554 4827 pater
2578 4769 2698 4813 tuus
2721 4762 2854 4814 Deus
2879 4771 2980 4814 est.
3005 4763 3222 4825 Quando
3251 4774 3427 4817 autem

261 4853 343 4900 τις
370 4838 470 4901 τὰς
503 4838 729 4901 ἐντολάς
752 4855 767 4903 ;
794 4839 861 4890 δι’
885 4838 949 4902 ἃς
974 4841 1034 4892 ού
1066 4840 1318 4911 πρότερον
1342 4842 1413 4895 ὢν
1456 4862 1537 4909 τις
1578 4848 1688 4912 υἱὸς
1716 4850 1806 4903 τοῦ

1945 4856 2047 4903 Deus
2075 4848 2295 4902 elﬁcitur
2318 4850 2536 4917 alicujus
2563 4859 2730 4916 pater,
2759 4849 2857 4901 nisi
2881 4850 3088 4916 quando
3112 4849 3301 4915 aliquis
3314 4865 3426 4903 ser-

264 4926 321 4991 ὲν
348 4930 460 4990 τοῖς
504 4929 759 4998 οὐρανοῖς
786 4928 989 4997 Πατρὸς
1027 4927 1228 4994 γίνεται
1259 4931 1417 4984 αὑτοῦ
1444 4935 1553 4997 υἱός
1570 4952 1585 4967 ·
1609 4937 1694 4989 ὅτε
1717 4939 1809 4992 κα)⁵

1945 4941 2112 4994 averit
2155 4941 2394 4992 mandata
2421 4941 2674 5008 lquibus,
2701 4954 2817 4992 cum
2843 4949 2993 4991 antea
3028 4955 3130 4992 non
3164 4950 3305 4993 esset.
3330 4940 3427 4996 ali-

261 5013 292 5065 6
314 5016 498 5087 πατὴρ
525 5019 609 5078 εἰς
640 5015 991 5083 ἀναγέννησιν
1019 5014 1161 5068 ἄγων
1183 5016 1382 5083 τοῦτον,
1400 5021 1473 5084 ὡς
1507 5023 1617 5087 υἱὸς
1647 5025 1805 5080 αὑτοῦ

1947 5029 2028 5081 uis
2081 5028 2219 5082 ﬁlius
2273 5027 2444 5081 Patris
2489 5028 2741 5086 caelestis,
2769 5026 2991 5080 eiiicitur
3036 5027 3198 5093 ipsius
3245 5028 3422 5097 ﬁlius;

332 5129 379 5205 ξ’
411 5130 572 5183 Joan.
610 5144 751 5205 “IL,
779 5131 893 5205 33._
941 5128 989 5205 ξ’
1034 5129 1160 5183 ibid.
1193 5129 1289 5205 _69.
1360 5135 1406 5166 ⁸⁸
1444 5136 1570 5189 ibid.
1603 5135 1691 5193 M.
1762 5140 1845 5195 ⁸⁷ὲ

1945 5160 1985 5196 1.
2023 5159 2063 5205 ι,
2099 5143 2153 5194 2.
2225 5143 2270 5173 ⁸⁸
2311 5143 2459 5194 Prov.
2499 5157 2613 5203 vm,
2643 5140 2732 5194 22.
2805 5141 2850 5173 ⁸⁸
2887 5140 2908 5193 ι
2952 5140 3076 5194 Cor.
3107 5152 3181 5203 νε,
3213 5140 3301 5204 i6,
3341 5142 3425 5199 Π.

263 5196 495 5252 "Joan.
532 5213 656 5261 νηί,
687 5197 773 5250 62.
852 5198 895 5231 "
930 5199 1048 5250 Act.
1079 5212 1151 5259 ts,
1182 5196 1235 5248 ι.

334 5290 630 5379 (lyr/tne
654 5289 760 5379 οἶς
805 5287 1006 5359 γεννᾷ.
1066 5286 1342 5343 Ferrarius
1396 5288 1621 5358 legebat,
1665 5288 1798 5363 ὕλης

1945 5294 2198 5350 ΜιῐΙἮΓῘΟζ
2241 5294 2437 5379 quique
2466 5295 2712 5379 homines
2738 5295 3256 5379 quosdamjbo'rtu
3290 5312 3434 5379 ὀίω

267 5357 823 5431 γεγΥᾷοῦςτεννᾷ,-“
940 5422 1030 5431 ,,
1271 5421 1364 5431 ...
1458 5357 1532 5431 μ.
1607 5424 1621 5431 -
1754 5357 1765 5363 ⁷

1945 5357 2309 5431 νευματικούς,
2333 5357 2461 5414 alios
2490 5357 2780 5430 ψυχικούςξ
2824 5368 2957 5419 alios
3005 5362 3218 5425 ὑλικούς
3272 5366 3437 5422 doce-

335 5411 409 5497 (εῑ
439 5411 505 5479 οι
520 5411 636 5491 hic
664 5411 1798 5515 φῖέσειςξέετξιρξξςλῗξιξτιιέῑιίξπξινειεξ

1945 5411 2134 5515 άπιέὲ
2148 5411 2995 5515 λιιιτέρμ’-ηξεῃεῖ’.εμπ-υς,
3039 5468 3043 5472 ,

1967 5497 2047 5567 (9)7
2064 5498 2243 5567 Εἶπεν
2270 5498 2401 5567 οὖν·ζ
2426 5497 2568 5564 Lego
2591 5496 2744 5567 εἴπερ
2762 5496 2874 5555 οὖν.

274 5490 545 5559 tam'sgpe
580 5490 759 5555 v'ex'at,
792 5493 996 5568 quique
1016 5491 1211 5569 aliquos
1238 5490 1328 5543 Dei
1371 5492 1507 5544 illios
1534 5491 1603 5543 ita
1650 5490 1795 5548 nasci
1967 5490 2040 5566 (9)
2064 5490 2243 5550 Εἶπεν
2270 5490 2397 5550 οὔκ.
2426 5497 2569 5576 Lego
2591 5496 2744 5567 εἴπερ
2762 5496 2874 5555 οὖν.

274 5561 587 5626 sciscebant,
615 5571 674 5616 ut
714 5560 811 5614 ﬁlii
841 5557 1033 5611 diaboli
1086 5557 1194 5611 ﬁert
1224 5573 1331 5612 non
1382 5570 1613 5627 possent,
1668 5571 1723 5616 et
1769 5577 1800 5617 e
1970 5564 2079 5633 (10)
2111 5566 2339 5636 Legebat
2364 5564 2638 5620 Ferrarius
2670 5569 3091 5637 προσλάϐωμεν.

274 5557 587 5626 sciscebant,
615 5571 674 5616 ut
714 5560 811 5614 ﬁlii
841 5557 1033 5611 diaboli
1086 5557 1194 5611 ﬁeri
1224 5573 1331 5612 non
1382 5570 1613 5627 possent,
1668 5571 1723 5616 et
1769 5577 1800 5617 e
