3820 6214
396 258 490 312 6H

1804 243 2116 301 ORIGEMS

3508 236 3610 288 ΜΞ

397 378 607 446 quando
641 377 796 432 etiam
846 379 994 439 pater
1037 370 1233 424 ducens
1269 370 1404 423 hunc
1452 368 1516 421 ad
1563 369 1914 434 regeneratio-

2029 363 2247 430 Γίνεται,
2283 364 2372 415 καὶ
2401 361 2718 433 χρηματίζει
2752 360 2870 428 (ll)
2897 357 3156 412 τοιούτου
3198 352 3415 421 πατήρ.
3456 350 3610 401 Ἐστι

399 483 539 532 nem,
569 465 714 532 quasi
758 473 903 530 paler
936 461 1096 529 ipsius
1136 461 1377 524 eflicitur,
1409 470 1462 514 et
1503 459 1726 514 habetur
1751 459 1913 527 ipsius

397 567 566 623 pater.
608 553 697 605 His
753 549 1036 619 adiungere
1080 564 1356 617 possumus
1383 562 1499 615 quae
1542 547 1593 600 in
1633 547 1914 614 Evangelio

395 644 673 698 secundum
700 640 992 692 Matthaeum
1016 641 1207 707 scripta
1231 647 1355 692 Sunt
1377 638 1516 690 hunc
1533 638 1583 689 in
1608 638 1813 689 modum
1838 637 1911 692 "z

394 731 621 783 Audistis
637 733 826 780 dictum
849 740 988 780 esse:
1011 727 1201 796 Diliges
1225 729 1512 794 proximum
1541 740 1702 789 tuum,
1724 736 1772 779 et
1795 727 1914 779 odio

395 821 597 872 habebis
623 819 884 871 inimicum
922 826 1086 872 tuum.
1126 819 1192 870 At
1237 833 1327 886 ego
1363 818 1477 870 dico
1505 818 1643 870 vobis
1669 832 1686 867 :
1710 816 1916 884 Diligite

391 910 622 964 inimicos
645 921 852 968 vestros,
870 915 915 958 et
942 915 1081 959 orate
1107 923 1198 972 pro
1225 906 1304 959 his
1318 907 1404 974 qui
1424 922 1507 958 vos
1527 917 1911 973 persequuntur,

393 1011 444 1053 ut
475 1000 584 1052 sitis
609 998 705 1065 ﬁlii
740 995 912 1048 Patris
941 995 1089 1047 vestri
1110 995 1195 1062 qui
1218 995 1271 1045 in
1301 994 1439 1048 caelis
1470 1006 1562 1048 est.
1590 994 1794 1048 Adhibe
1830 1011 1917 1048 au-

394 1098 495 1142 tent
523 1088 752 1140 animum
781 1086 842 1139 ad
879 1085 1000 1137 illud
1041 1103 1054 1138 :
1093 1084 1160 1138 Ut
1195 1087 1305 1139 sitis
1331 1086 1428 1152 filii
1459 1084 1628 1138 Patris
1654 1086 1802 1138 vestri
1830 1085 1916 1152 qui

389 1179 446 1230 in
478 1177 616 1230 cretis
645 1185 738 1238 est,
772 1175 1055 1228 ostendens
1077 1174 1214 1240 quod
1241 1176 1332 1242 qui
1361 1183 1510 1227 antea
1543 1190 1641 1227 non
1681 1173 1915 1228 estfilins

392 1267 530 1320 illius
543 1265 713 1319 Patris
733 1265 819 1332 qui
836 1274 916 1317 est
940 1264 988 1316 in
1013 1264 1176 1326 caelis,
1202 1265 1388 1318 deinde
1416 1265 1556 1319 illius
1573 1263 1827 1318 efﬁciatur
1851 1263 1914 1316 fi-

392 1355 512 1412 lius.
527 1355 758 1422 Cumque
778 1355 1053 1420 diligenter
1067 1355 1428 1408 observaveris
1449 1355 1570 1406 illud
1591 1354 1760 1416 vestri,
1778 1352 1915 1420 quod

392 1443 602 1495 additur
629 1442 882 1496 vocabulo
921 1441 1096 1494 Patris
1128 1443 1229 1509 (sic
1261 1442 1400 1495 enim
1442 1441 1694 1508 scriptum
1729 1448 1828 1504 est,
1860 1448 1915 1492 ut

391 1532 502 1584 sitis
534 1531 632 1598 ﬁlii
661 1529 834 1584 Patris
865 1535 1058 1601 vestri),
1084 1529 1286 1600 quaeres
1327 1541 1505 1584 utrum
1532 1528 1822 1597 simplicius
1848 1527 1914 1580 il-

392 1624 482 1681 lud
515 1624 712 1677 dictum
744 1622 831 1683 sit,
866 1637 931 1674 an
974 1621 1312 1689 peccantibus
1355 1617 1744 1686 exemplaribus
1771 1616 1915 1670 addi-

2010 453 2064 504 δέ
2093 451 2455 520 προσαχθῆναι
2479 453 2555 514 εἰς
2585 450 2756 504 ταῦτα
2788 449 2904 502 ἀπὸ
2924 447 3037 500 τῶν
3065 445 3253 505 οῦτως
3286 443 3346 493 ἐν
3378 439 3457 508 τῷ
3473 441 3608 508 ιατά

2009 542 2280 595 Ματθαῖον
2311 542 2619 610 Εὐαγγελίῳ
2650 538 3086 610 γεγραμμένων·
3123 533 3463 587 Ἠκούσατε
3484 568 3500 594 ,
3523 529 3608 584 ὅτι

2009 629 2243 697 ἐρῤἐθη’
2283 629 2636 696 Ἀγαπήσεις
2669 628 2777 680 τὸν
2799 624 3082 690 πλησίον
3121 637 3273 684 σου,
3303 619 3406 670 καὶ
3441 619 3611 686 μισ-ή-

2010 736 2136 784 σεις
2150 721 2254 772 τὸν
2269 720 2480 786 ἐχθρόν
2497 734 2632 772 σου.
2659 716 2808 784 Ἐγὼ
2825 714 2897 767 δὲ
2917 712 3080 781 λέγω
3099 709 3256 779 ὑμῖν
3270 725 3286 738 ·
3321 708 3610 774 Ἀγαπὰτε

2011 810 2149 875 τοὺς
2183 809 2430 878 ἐχθροὺς
2467 808 2662 877 ὑμῶν,
2689 806 2791 859 καὶ
2827 802 3269 871 προσεύχεσθε
3313 797 3470 862 ὑπὲρ
3499 795 3613 848 τῶν

2011 899 2335 951 διωκόντων
2372 895 2542 965 ὑμᾶς,
2575 896 2734 958 ὅπως
2766 892 3035 961 γένησθε
3068 888 3197 942 υἱοὶ
3235 884 3350 938 τοῦ
3382 883 3611 948 Πατρός

2010 987 2172 1056 ὑμῶν
2213 986 2316 1039 τοῦ
2354 987 2422 1039 ἐν
2456 983 2749 1051 οὐρανοῖς.
2801 980 3056 1050 Πρόσχες
3103 976 3224 1046 γὰρ
3257 972 3374 1043 τῷο
3416 973 3608 1036 Ὅπως

2010 1075 2262 1143 γένησθε
2300 1075 2413 1128 υἱοὶ
2447 1072 2553 1125 τοῦ
2580 1069 2811 1136 Πατρὸς
2844 1067 3018 1135 ὑμῶν
3057 1065 3176 1118 τοῦ
3206 1064 3282 1115 ἐν
3310 1059 3607 1128 οίιρανοῖς,

2011 1165 2338 1236 ἐμφαίνοντι,
2372 1165 2451 1216 ὅτι
2474 1165 2534 1215 οὐ
2563 1161 2826 1231 πρότερόν
2859 1175 2944 1220 τις
2976 1155 3054 1208 ὢν
3081 1154 3206 1216 υἱὸς
3236 1149 3333 1203 τοῦ
3366 1152 3424 1202 ἐν
3452 1149 3608 1219 οὖρα-

2012 1258 2119 1318 νοῖς
2142 1255 2346 1324 Πατρὸς
2373 1252 2576 1320 γίνεται
2605 1249 2767 1304 αὑτοῦ
2801 1247 2940 1309 υἱός.
2985 1241 3318 1312 Ἐπιμελῶς
3353 1240 3412 1292 δὲ
3441 1240 3606 1308 τηρήη

2012 1360 2109 1406 σας
2143 1344 2384 1412 καὶπερὶ
2429 1342 2521 1394 τοῦ
2571 1337 2976 1410 προσκειμένου
3023 1333 3108 1404 τῷ
3131 1371 3148 1395 ,
3205 1330 3318 1385 τοῦ
3359 1330 3604 1396 Πατρός,

2011 1435 2143 1504 ὅπερ
2169 1433 2332 1493 ἐστὶν,
2356 1430 2519 1499 ὑμῶν
2555 1430 2890 1499 (γέγραπται
2921 1425 3035 1496 γάρ
3057 1441 3072 1454 '
3115 1425 3332 1486 Ὅπως
3354 1419 3607 1488 γένησθε

2012 1523 2124 1577 υἱοὶ
2151 1522 2254 1576 τοῦ
2279 1520 2502 1588 Πατρός
2525 1515 2736 1588 ὑμῶνγ
2757 1511 3024 1585 ζητήσεις
3050 1514 3295 1582 πότερον
3316 1509 3606 1564 ἁπλούστε-

2015 1631 2105 1685 ρον
2135 1615 2363 1684 εῐρηται,
2392 1613 2424 1682 ἢ
2449 1610 2554 1662 τῶν
2598 1608 2953 1678 ἀντιγράφων
2984 1601 3419 1674 ἡμαρτημένων
3450 1601 3606 1669 πρόσ-

394 1727 501 1766 tmn
525 1714 594 1766 sit
621 1714 744 1766 illud
777 1714 948 1766 vestri.
974 1712 1113 1766 Nihil
1133 1712 1271 1764 enim
1303 1710 1690 1778 quassisscmus,
1714 1707 1758 1760 si
1779 1707 1915 1760 scri-

2029 1721 2183 1757 ιειται
2241 1703 2320 1764 τὸ,
2354 1701 2533 1770 ὑμῶν·
2568 1699 2722 1752 οὐδὲν
2753 1698 2865 1768 γὰρ
2897 1695 3277 1765 ἐζητήσαμεν
3298 1689 3386 1754 ἂν,
3423 1691 3470 1741 εἰ
3493 1688 3606 1757 ἐγέ-

393 1815 536 1874 ptum
571 1805 758 1858 luisset
787 1825 799 1857 :
832 1801 898 1856 Ut
929 1804 1040 1856 sitis
1067 1802 1163 1870 ﬁlii
1192 1801 1365 1854 Patris
1402 1801 1546 1854 illius
1578 1800 1663 1868 qui
1694 1799 1748 1851 in
1777 1799 1914 1851 ctelis

391 1907 466 1950 est
493 1912 512 1950 :
541 1907 594 1949 et
615 1894 902 1964 praesertim
932 1893 1179 1959 quoniam
1202 1893 1446 1944 videntur
1469 1891 1576 1942 hare
1605 1902 1911 1956 repugnare,

393 1997 452 2040 ut
473 1986 666 2054 aliquis
696 1983 765 2038 sit
795 1981 932 2035 filius
965 1995 1066 2034 non
1106 1980 1420 2048 simpliciter
1464 1977 1636 2030 Patris
1662 1976 1798 2028 illius
1827 1977 1914 2042 qui

391 2089 477 2131 est
505 2077 555 2127 in
585 2074 755 2138 cmlis,
776 2071 865 2127 sed
894 2072 972 2124 sui
1000 2070 1163 2138 patris
1195 2087 1209 2122 :
1239 2084 1358 2121 nam
1381 2067 1424 2121 si
1453 2076 1532 2120 est
1561 2075 1708 2134 pater
1731 2064 1910 2133 ipsius,

396 2180 498 2217 non
521 2164 744 2217 efﬁcitur
801 2170 981 2230 postea
1027 2160 1163 2213 filius
1228 2157 1436 2226 ipsius;
1471 2157 1551 2210 sin
1595 2170 1720 2208 vero
1753 2154 1914 2222 ipsius

393 2256 534 2308 (ilius
571 2254 814 2315 efﬁcitur,
839 2265 938 2304 non
964 2260 1077 2304 erat
1099 2257 1254 2301 antea
1282 2247 1445 2316 ipsius
1469 2255 1637 2314 pater.
1679 2243 1805 2297 lllud
1839 2243 1913 2297 si-

395 2347 499 2398 mul
545 2345 869 2404 observabis,
893 2357 956 2396 eo
984 2340 1120 2407 quod
1160 2353 1224 2392 ex
1261 2338 1342 2392 his
1369 2337 1456 2404 qui
1485 2344 1770 2390 censentur
1793 2346 1913 2386 cre-

394 2437 538 2497 dere,
563 2436 775 2502 quidam
800 2435 940 2488 servi
977 2431 1106 2494 Dei,
1143 2442 1350 2482 rursum
1395 2424 1485 2478 alii
1533 2424 1779 2476 dicantur
1821 2422 1915 2475 filii

395 2523 510 2587 Dei,
535 2539 600 2574 an
635 2521 770 2576 forte
801 2535 900 2573 non
925 2518 1289 2587 qualecunque
1317 2513 1640 2575 mandatum,
1660 2511 1750 2565 sed
1769 2524 1913 2578 quaa-

393 2613 515 2666 dam
535 2627 629 2680 per
641 2609 1005 2664 excellentiam
1032 2606 1284 2674 prmelare
1306 2613 1423 2658 acta
1447 2601 1646 2664 faciant
1664 2601 1912 2669 aliquem,

394 2702 486 2771 qui
515 2717 576 2754 ea
613 2700 823 2764 obierit,
852 2697 985 2751 efﬁci
1032 2695 1194 2749 ﬁlium
1243 2694 1356 2747 Dei.
1396 2691 1746 2758 Quamobrem
1795 2703 1913 2742 cum

396 2791 450 2844 in
489 2789 730 2843 Matlhaeo
753 2786 911 2841 multa
947 2787 1052 2838 sint
1078 2786 1236 2849 dicta,
1263 2782 1389 2835 illud
1413 2781 1632 2834 observa
1663 2792 1677 2830 :
1712 2777 1775 2832 Ut
1800 2778 1914 2830 sitis

395 2881 494 2950 ﬁlii
529 2879 703 2932 Patris
721 2876 893 2938 vestri,
926 2877 1012 2944 qui
1035 2875 1094 2928 in
1121 2873 1256 2928 caelis
1281 2882 1378 2934 est,
1415 2868 1553 2945 quod
1585 2867 1916 2935 subiungitur

2009 1810 2215 1864 γραπτο
2238 1809 2252 1824 ·
2295 1792 2479 1856 Ὅπως
2515 1789 2771 1857 γένησθε
2805 1787 2926 1839 υἱοὶ
2963 1784 3080 1838 τοῦ
3126 1783 3375 1848 Πατρτ’ς
3411 1780 3514 1832 τοῦ
3543 1780 3606 1830 ἐν

2010 1879 2309 1948 οὐρανοῖς·
2344 1879 2436 1930 καὶ
2465 1876 2696 1947 μάλιστα
2735 1876 2861 1928 ἐπεὶ
2893 1874 3052 1926 δοκεί
3102 1872 3297 1941 μάχην
3339 1867 3606 1938 περιέχειν

2009 1973 2068 2024 τὸ
2105 1970 2340 2039 γίνεσθαι
2365 1968 2476 2021 υἱόν
2500 1985 2618 2019 τινα
2648 1967 2745 2036 οὐχ
2774 1965 2969 2028 ἁπλῶς
2995 1963 3100 2016 τοῦ
3140 1966 3200 2016 ἐν
3229 1963 3483 2032 οὐρανοῖς
3505 1962 3606 2011 Πα-

2010 2061 2150 2132 τρδς,
2181 2059 2312 2113 ἀλλά
2331 2057 2422 2110 τοῦ
2451 2057 2578 2110 ἰδίου
2593 2056 2828 2127 Πατρός.
2849 2056 2914 2107 El
2949 2055 3058 2124 μὲν
3085 2053 3206 2122 γὰρ
3235 2050 3409 2104 αὐτοῦ
3437 2051 3605 2121 πατήρ

2011 2151 2173 2210 ἐστιν,
2207 2149 2302 2216 οὐχ
2331 2146 2552 2216 ὕστερον
2579 2146 2788 2212 γίνεται
2821 2142 2996 2196 αὑτοῦ
3028 2142 3155 2206 υἱός
3183 2159 3197 2172 ·
3232 2143 3283 2193 εἰ
3319 2141 3377 2194 δὲ
3408 2141 3604 2208 γίνεται

2010 2237 2168 2290 αὑτοῦ
2192 2236 2326 2301 υἱὸς,
2355 2236 2451 2287 οὑκ
2471 2231 2537 2304 ἦν
2562 2232 2726 2286 αὐτοῦ
2756 2233 2966 2302 πατήρ.
3009 2232 3180 2302 "Apul
3215 2231 3276 2283 δὲ
3302 2230 3616 2298 ἐπιστήσεις

2010 2327 2094 2379 διὰ
2123 2326 2184 2378 τὸ
2212 2342 2357 2387 τινας
2389 2325 2484 2394 μὲν
2512 2323 2618 2377 τῶν
2646 2325 3092 2378 πεπιστευκέναι
3124 2323 3506 2394 νομιζομένων
3528 2321 3603 2374 λέ-

2010 2414 2195 2482 γεσθαι
2220 2413 2429 2475 δούλους
2453 2412 2546 2464 τοῦ
2575 2412 2730 2477 Θεοῦ,
2759 2413 2986 2484 ἐτέρους
3019 2414 3088 2467 δὲ
3120 2413 3489 2485 χρηματίζειν
3513 2413 3600 2467 αὖ·

2010 2503 2102 2556 τοῦ
2127 2503 2303 2566 υἱοὺς,
2337 2502 2540 2570 μήποτε
2572 2501 2668 2570 οὐχ
2696 2502 2729 2570 ἡ
2766 2501 3017 2571 τυχοῦσα
3049 2502 3257 2574 ἐντολὴ
3283 2547 3298 2563 ,
3333 2504 3469 2557 ἀλλά
3493 2522 3599 2556 τινα

2011 2591 2127 2644 κατ’
2166 2590 2436 2660 ἐξαίρετον
2477 2589 2887 2659 κατορθούμενα
2927 2591 3168 2644 ποιοῦσι
3214 2593 3471 2660 γενέσθαι
3499 2594 3600 2644 υἱὸν

2010 2679 2140 2732 Θεοῦ
2186 2679 2274 2732 τὸν
2320 2677 2754 2748 κατορθώσαντα.
2801 2680 3033 2734 Πολλῶν
3091 2682 3233 2750 γοῦν
3282 2685 3342 2736 ἐν
3371 2683 3448 2753 τῷ
3473 2683 3599 2737 κατά

2010 2768 2274 2822 Ματθαῖον
2298 2767 2613 2838 εἰρημένων,
2637 2771 2855 2840 παρατή
2865 2788 2953 2840 ρει
2970 2772 3040 2825 τό
3066 2788 3083 2802 ο
3122 2774 3334 2839 ὀπως
3359 2772 3599 2842 γένησθε

2009 2858 2123 2913 υἱοὶ
2156 2858 2259 2912 τοῦ
2291 2857 2506 2925 πατρὸς
2535 2857 2699 2926 ὑμῶν
2734 2860 2844 2914 τοῦ
2883 2861 2959 2914 ἐν
3005 2863 3335 2930 οὐρανοῖς,
3366 2864 3396 2916 ὃ
3422 2863 3594 2930 ἐπιφέ-

397 2943 503 3022 illis
536 2965 709 3020 verbis
742 2983 754 3018 :
792 2962 900 3032 Ego
940 2943 1110 3015 autem
1142 2962 1257 3014 dico
1295 2959 1432 3012 vobis
1458 2974 1476 3011 :
1507 2943 1715 3025 Diligite
1741 2956 1914 3008 inimi-

2029 2964 2160 3048 σεται
2195 2946 2306 3048 βξ)
2336 2945 2442 3048 τιῖν
2475 2947 2629 3048 ,Ἐγὼ
2670 2946 2738 2999 δὲ
2773 2948 2935 3016 λέγω
2975 2952 3176 3020 ὐμῖνο
3235 2943 3599 3022 Ἀγαπήσατε

395 3074 480 3112 cos
507 3068 720 3118 vestros,
761 3064 807 3107 et
840 3063 983 3106 orate
1011 3067 1100 3117 pro
1143 3051 1221 3102 his
1259 3049 1348 3118 qui
1391 3064 1476 3101 vos
1525 3051 1912 3114 persequuntur.

399 3146 578 3200 Elucet
606 3147 746 3198 enim
795 3140 1080 3196 similitudo
1110 3153 1234 3207 erga
1276 3137 1464 3199 Deum,
1499 3143 1658 3203 atque
1696 3134 1917 3187 imitatio

401 3236 564 3306 ipsius
592 3232 860 3303 diligentis
889 3229 1065 3286 omnia
1095 3228 1236 3281 entia
1257 3265 1272 3291 ,
1296 3234 1351 3280 et
1388 3225 1519 3279 nihil
1565 3223 1917 3278 abominantis

398 3341 578 3382 eorum
599 3340 716 3393 qua:
741 3322 880 3384 fecit.
903 3329 956 3374 et
996 3317 1239 3370 omnibus
1277 3313 1540 3384 parcentis
1569 3309 1916 3383 (quandoqui-

401 3417 518 3471 dem
556 3415 720 3483 ipsius
753 3409 958 3464 Domini
989 3408 1280 3460 animarum
1305 3401 1530 3457 amantis
1554 3409 1678 3456 sunt
1698 3398 1914 3468 omnia),

402 3509 453 3560 in
482 3520 546 3559 eo
573 3505 660 3572 qui
696 3501 867 3570 diligit
899 3500 1142 3554 inimicos
1180 3510 1322 3558 suos,
1352 3503 1406 3547 et
1434 3501 1683 3561 precatur
1705 3504 1798 3557 pro
1836 3489 1915 3542 his

403 3595 493 3664 qui
522 3585 905 3662 persequuntur
935 3604 1078 3644 eum.
1096 3583 1286 3640 Verum
1311 3582 1573 3652 quomodo
1606 3579 1916 3633 convenien-

403 3693 482 3737 ter
533 3682 934 3749 subjungeretur
961 3676 1124 3732 illud:
1161 3672 1226 3727 Ut
1271 3674 1382 3727 sitis
1415 3671 1510 3739 ﬁlii
1553 3669 1710 3738 330
1745 3666 1914 3720 Patris

401 3773 549 3828 vestri
571 3771 659 3840 qui
689 3771 744 3823 in
778 3768 914 3820 caelis
936 3775 1036 3832 est,
1059 3765 1162 3818 illis
1194 3763 1366 3818 verbis
1404 3779 1417 3814 :
1458 3761 1661 3813 Dictum
1693 3768 1805 3814 est:
1834 3755 1914 3811 Ne

399 3863 684 3918 committas
711 3860 1020 3913 adulterium
1045 3869 1063 3908 :
1085 3867 1134 3908 at
1163 3870 1252 3924 ego
1272 3853 1386 3904 dico
1412 3850 1548 3904 vobis
1574 3868 1591 3902 :
1617 3848 1916 3916 Quicunque

399 3952 650 4019 aspexerit
695 3949 956 4002 mulierem
1007 3947 1074 3999 ad
1127 3940 1580 4010 concupiscendam
1625 3952 1757 4000 eam,
1801 3935 1914 4002 jam

400 4045 711 4096 adulterium
749 4039 997 4093 commisit
1028 4037 1082 4089 in
1128 4036 1278 4087 corde
1319 4045 1413 4082 suo
1443 4043 1557 4080 cum
1586 4042 1646 4079 ea
1661 4025 1729 4086 ",
1758 4031 1916 4090 atque

401 4134 504 4189 illis
517 4135 580 4186 de
597 4129 889 4199 perditione
901 4125 1060 4178 unius
1074 4121 1520 4179 membrorum,ne
1540 4123 1706 4167 totum
1722 4125 1915 4178 corpus

399 4228 716 4295 conjiciatur
741 4226 792 4276 in
821 4216 1154 4290 gehennam?
1178 4213 1315 4278 Quin
1349 4212 1506 4264 etiam
1537 4208 1581 4261 si
1609 4213 1729 4274 post
1754 4204 1912 4295 illud:

2012 3036 2150 3100 τοὺς
2182 3034 2427 3102 ἐχθροὺς
2460 3033 2625 3102 ὑμῶν
2644 3074 2657 3096 ,
2683 3036 2781 3088 καὶ
2826 3037 3278 3109 προσεύχεσθε
3314 3041 3466 3110 ὑπὲρ
3494 3038 3598 3094 τῶν

2012 3126 2336 3179 διωκόντων
2359 3122 2526 3192 ὑμᾶς.
2565 3126 2673 3177 Καὶ
2700 3126 2805 3196 γὰρ
2838 3129 3194 3197 ἐμφαίνεται
3238 3135 3273 3203 ἡ
3311 3133 3447 3204 πρὸς
3481 3133 3598 3184 Θεὸν

2011 3214 2256 3284 ὁμοιότης
2299 3213 2392 3265 καὶ
2459 3212 2684 3283 μίμησις
2743 3215 2912 3268 αὑτοῦ
2984 3218 3339 3286 ἀγαπῶντος
3379 3221 3447 3276 τά
3484 3221 3597 3274 ὄντα

2013 3305 2204 3366 πάντα,
2225 3303 2316 3354 καὶ
2343 3301 2500 3371 μηδὲν
2528 3301 2955 3373 βδελυσσομένου
2980 3301 3066 3360 ὧν
3099 3312 3358 3381 ἐποίησε,
3381 3315 3472 3364 καὶ
3497 3327 3598 3379 φει-

2011 3393 2228 3462 δομένου
2252 3392 2460 3446 πάντων
2480 3390 2727 3464 (ἐπείπερ
2749 3393 2916 3446 αὑτοῦ
2944 3397 3049 3449 τοῦ
3087 3401 3402 3471 φιλοψύχου
3424 3399 3598 3453 δεσπό-

2012 3499 2101 3534 του
2134 3481 2246 3532 ἐστὶ
2283 3480 2350 3534 τὰ
2382 3479 2628 3550 πάντα),’
2646 3482 2704 3533 ἐν
2736 3481 2815 3551 τῷ
2857 3485 3171 3551 ἀγαπῶντι
3207 3491 3340 3552 τοὺς
3391 3490 3596 3560 ἐχθροὺς

2013 3569 2231 3632 ἐαυτοῦ,
2261 3570 2353 3622 καὶ
2391 3570 2803 3642 προσευχομένῳ
2841 3573 2991 3644 ὑπὲρ
3020 3576 3148 3631 τῶν
3180 3580 3488 3632 διωκόντων
3513 3579 3599 3630 αὺ-

2011 3661 2120 3713 τόν.
2151 3659 2272 3722 Πῶς
2291 3659 2333 3711 δ’
2362 3659 2424 3712 ἂν
2440 3660 2704 3730 ἁρμοστὸν
2722 3653 2807 3731 ’ζῆν
2823 3661 3254 3736 ἐπιφερόμενον
3285 3670 3349 3721 τό
3368 3687 3381 3698 ·
3416 3670 3598 3731 Ὅπως

2013 3749 2261 3820 γένησθε
2285 3747 2398 3800 υἱοὶ
2442 3746 2545 3799 τοῦ
2583 3747 2810 3811 Πατρός
2840 3749 3019 3816 ὑμῶν
3054 3755 3178 3808 τοῦ
3206 3757 3279 3808 ἐν
3312 3753 3594 3824 οἰξρανοῐς.

2011 3839 2106 3909 τίὲν
2149 3837 2406 3905 ἐρῤέθψ
2439 3838 2519 3889 οὐ
2548 3837 2892 3903 μοιχεύσεις
2913 3855 2927 3867 ⁸
2971 3841 3104 3909 ἐγὼ
3151 3845 3225 3898 δὲ
3262 3846 3420 3914 λέγω
3450 3845 3595 3913 ὑμῖν,

2012 3927 2097 3980 ὅτι
2135 3925 2255 3990 Πᾶς
2287 3927 2318 3977 ό
2345 3923 2589 3988 βλέπων
2627 3924 2880 3991 γυναῖκα
2904 3931 3070 3995 πρὸς
3102 3935 3180 3987 τὸ
3218 3934 3594 4003 ἐπιθυμῆσαι,

2011 4019 2124 4086 ἤδη
2163 4017 2510 4085 ἐμοίχευσεν
2544 4017 2735 4081 αὐτὴν
2769 4015 2838 4068 ἐν
2875 4017 2955 4086 τῆ
2994 4025 3237 4093 καρδίᾳ
3278 4027 3487 4088 αὐτοῦ,
3515 4025 3598 4078 καὶ

2011 4109 2118 4167 τοῖς
2143 4105 2266 4175 περὶ
2293 4105 2388 4172 τῆς
2416 4100 2683 4163 ἀπωλείας
2707 4100 2823 4164 ἐνδς
2844 4103 2956 4156 τῶν
2992 4109 3216 4176 μελῶν,
3247 4112 3391 4182 ὑπὲρ
3414 4111 3504 4164 τοῦ
3532 4109 3612 4180 μὴ’

2009 4194 2125 4248 ὅλον
2168 4196 2245 4255 εἰς
2291 4189 2796 4260 γέεννανηάπελθεῖν
2840 4194 2903 4244 τὸ
2951 4196 3175 4268 σῶμα;
3217 4203 3384 4256 Ἀλλὰ
3430 4203 3519 4255 καὶ
3557 4202 3601 4253 εί

635 4324 708 4366 est
740 4277 962 4379 antiquis
1000 4323 1019 4360 :
1055 4303 1174 4358 Non
1206 4277 1501 4369 ipejerabis,
1551 4295 1638 4350 sed
1667 4292 1914 4362 persolves

2029 4283 2303 4379 E“5¢é95_7°
2343 4280 2459 4379 (mi
2492 4277 2613 4379 Titi"
2649 4280 2884 4379 Ἐρῤέίζη
2927 4284 3074 4379 ξοῖς
3118 4290 3402 4357 ἀρχαίοις
3427 4307 3442 4321 ο
3488 4291 3598 4341 Οὐκ

401 4405 619 4458 Domino
626 4403 922 4469 juramenta
948 4406 1037 4448 tua
1065 4401 1155 4458 ;at
1177 4406 1267 4458 ego
1291 4388 1406 4440 dico
1434 4385 1607 4438 vobis:
1631 4383 1709 4438 Ne
1732 4381 1918 4469 iuratis
1941 4411 1952 4423 ι

402 4494 608 4546 omnino
626 4465 698 4551 λδ,
723 4485 1125 4553 subjungeretur
1151 4493 1166 4530 :
1196 4475 1262 4529 Ut
1296 4474 1410 4527 sitis
1433 4471 1529 4539 ﬁlii
1567 4469 1742 4523 Patris
1772 4465 1919 4519 vestri

401 4581 489 4648 qui
512 4579 564 4630 in
589 4575 725 4628 uelis
745 4583 816 4626 est
839 4571 905 4635 ",
933 4567 1151 4621 multum
1184 4560 1418 4632 profecto
1440 4553 1741 4612 oﬂ'endiculi
1769 4567 1834 4605 ex
1862 4564 1921 4603 se

402 4644 648 4732 iecisset;
673 4679 811 4721 nunc
845 4673 1041 4722 autem.
1077 4667 1132 4711 ut
1163 4656 1250 4710 ille
1288 4655 1442 4708 Pater
1466 4648 1696 4706 cmlestis
1721 4644 1920 4701 exoriri

402 4762 564 4816 solem
590 4757 717 4812 facit
758 4767 916 4821 super
959 4747 1125 4802 malos
1145 4756 1200 4799 et
1233 4745 1400 4799 bonos
1429 4741 1496 4805 ",
1527 4740 1604 4794 sic
1630 4735 1916 4804 unusquiso

401 4861 505 4915 que
539 4845 762 4899 filiorum
792 4839 884 4894 Dei
908 4835 1238 4891 dilectionem
1273 4831 1322 4884 in
1344 4827 1626 4896 semetipso
1651 4822 1809 4877 veluti
1833 4835 1918 4874 so-

2015 4373 2402 4439 ἐπιορκήσεις,
2428 4367 2754 4434 ἀποδώσεις
2781 4370 2849 4421 δὲ
2876 4370 2961 4436 τῷ
2983 4375 3202 4442 Κυρίῳ
3221 4379 3369 4444 τοὺς
3397 4379 3602 4445 ὅρκους

2013 4476 2127 4516 σου
2143 4477 2156 4491 ·
2181 4461 2291 4528 ἐγὼ
2310 4459 2376 4512 δὲ
2408 4458 2559 4527 λέγω
2581 4456 2745 4525 ὑμῖν,
2800 4458 2888 4527 μὴ
2911 4463 3154 4532 ὀμόσαι
3176 4466 3365 4534 ὅλως·
3391 4488 3410 4520 ι
3451 4468 3601 4534 ὅπως

2015 4550 2263 4620 γένησθε
2292 4549 2404 4602 υἱοὶ
2434 4547 2537 4600 τοῦ
2559 4547 2787 4613 [Iatde
2813 4548 2989 4614 ὑμῶν
3016 4555 3140 4608 τοῦ
3170 4557 3246 4609 ἐν
3275 4557 3404 4624 τοῖς
3437 4560 3603 4624 obpa-

2013 4638 2160 4702 νοῖς,
2174 4638 2393 4705 »πολλὴν
2403 4634 2468 4688 ἂν
2477 4633 2697 4688 αὐτόθεν
2713 4636 3004 4708 ἐνεποίησε
3034 4651 3400 4719 προσκοπήν·
3422 4649 3535 4702 νυνὶ
3549 4653 3602 4701 δε

2015 4726 2199 4795 ὥσπερ
2212 4725 2239 4775 ὁ
2252 4724 2308 4775 ἐν
2322 4725 2429 4784 τοῖς
2440 4723 2499 4774 οὐ
2508 4725 2683 4792 ρανοῖς
2704 4724 2895 4796 Πατὴρ
2914 4728 3220 4788 ἀνατέλλει
3237 4737 3335 4791 τὸν
3349 4737 3496 4808 ἥλιον
3518 4738 3604 4789 ἐπὶ

2014 4813 2275 4884 πονηροὺς
2306 4810 2396 4863 καὶ
2419 4809 2670 4880 ἀγαθοὺς,
2711 4813 2885 4878 οὕτως
2909 4816 3162 4888 ἕκαστος
3189 4826 3306 4879 τῶν
3336 4827 3470 4881 υἱῶν
3499 4825 3602 4896 (ﬂ)

468 4963 516 4996 ⁹¹
541 4961 721 5016 Matth.
750 4973 802 5024 γ,
829 4953 1011 5011 4545.
1083 4951 1128 4984 ⁸³
1154 4948 1284 5005 ibid.
1321 4947 1505 5002 27-”.
1574 4942 1620 4975 "
1643 4940 1773 4996 ibid.
1802 4938 1894 5002 '55,

2077 4934 2121 4964 ³⁸
2156 4932 2286 4986 ibid.
2315 4930 2406 4985 45.
2477 4930 2525 4963 ³⁸
2563 4930 2694 4986 ibid.

474 5091 1078 5170 (Η)Καὶχρημαζίζει.
1121 5090 1210 5170 Sic
1260 5090 1424 5170 codex
1486 5078 1920 5143 Bodleianus;in

405 5155 586 5222 codice
620 5155 792 5220 autem
832 5155 1001 5222 Regio
1025 5163 1170 5214 deest
1194 5155 1306 5210 καί.

475 5180 586 5221 dice
620 5180 792 5220 autem
838 5180 912 5216 ne
953 5180 1001 5215 Io
1025 5180 1170 5214 (lceat
1194 5180 1306 5210 και.

475 5235 583 5300 (l2)
610 5235 783 5288 Codex
811 5180 1146 5290 Bodfeianus.
1175 5227 1202 5278 ὃ
1235 5223 1575 5292 ἐπιφέρεται·
1630 5218 1683 5272 in
1733 5213 1918 5270 codice

414 5301 578 5368 Regio
599 5305 744 5354 deest
767 5301 813 5354 ὅ.

478 5357 586 5436 (ἷὸ)
626 5369 794 5442 Ἀλλά
813 5369 907 5442 καὶ
936 5368 988 5420 ει
1017 5362 1467 5442 ἐπε-φέρετοηεὲε.
1497 5357 1619 5442 ‘Hoc
1664 5362 1921 5442 estttmup‘u

412 5419 748 5502 pariliiiapud
765 5419 1032 5488 auditores
1055 5419 1362 5502 oﬂ'en'disset
1389 5427 1649 5502 Christus,
1683 5423 1725 5476 si
1763 5419 1921 5502 verba

2025 5076 2442 5152 persolves,_etct
2469 5071 2629 5152 {latio
2653 5079 2924 5152 est._q_uia
2953 5093 3021 5133 ea
3057 5087 3238 5139 verba
3293 5083 3603 5141 similitudi-

2024 5140 2144 5196 nem
2177 5142 2450 5196 continent
2481 5140 2653 5212 Patris
2681 5153 2738 5196 et
2768 5140 3038 5212 filiorum,
3067 5153 3167 5207 Dei
3207 5164 3265 5208 et
3291 5140 3600 5212 hominum;

2021 5221 2159 5288 atOea
2187 5225 2250 5263 ex
2286 5193 2441 5277 parte
2467 5207 2669 5290 similes

2017 5276 2396 5360 peiera'reuton
2441 5286 2649 5360 potest,
2705 5281 2960 5342 homines
3002 5276 3214 5343 'autem
3251 5276 3518 5360 'pusSuut.
3553 5301 3605 5342 et

2020 5345 2092 5400 sa:
2127 5359 2159 5398 e
2187 5345 2406 5398 faciunt.
2440 5345 2698 5400 HUETIUS.

2092 5363 2201 5481 iit)
2225 5414 2399 5466 Codex
2425 5413 2646 5481 Regius,
2681 5430 2698 5481 ι

2116 5413 2201 5483 14)
2225 5414 2399 5491 Codex}
2425 5413 2646 5482 Regius,
2681 5430 3001 5489 perperam,
3025 5427 3122 5480 τὸν
3144 5427 3265 5480 υἱόν
3284 5444 3300 5458 ο
3355 5426 3603 5481 Bodleia-

416 5485 536 5580 ili-«5
805 5485 1114 5580 difﬂari;
1153 5496 1518 5580 νεειτίλινιιίη
1537 5494 1792 5580 causa
1822 5485 1924 5580 ‘1‘}:
2024 5485 2426 5580 2231:3311”
2680 5485 2860 5556 Mi",
2881 5504 2938 5550 ει
2965 5485 3048 5552 sic
3071 5498 3199 5566 ιεείι
3238 5494 3606 5552 πεττπίιιειίο

415 5551 1114 5625 σαυὶυιιιὶεεσιεὐιειίιιιιήειι
1133 5551 1384 5624 antiquis}
1408 5560 1523 5615 Non
1540 5551 1809 5630 pejorabis,
1837 5555 1924 5608 sed
2023 5565 2122 5607 suo
2144 5551 2342 5604 codice.
