3820 6268
299 327 424 380 613

1347 333 1686 388 ΟΟΜΜΕΝΤ.
1724 332 1786 386 IN
1819 331 2008 389 .iOA‘N.
2043 331 2273 388 TOMUS
2312 333 2424 390 XX.

3351 343 3454 394 614

298 443 410 496 τοῦ
468 443 640 509 Θεοῦ,
718 447 879 501 οἱονεὶ
937 448 1082 503 ἥλιον
1135 451 1192 502 ἐν
1251 451 1419 521 ἐαυτῷ
1482 451 1576 522 τὴν
1631 452 1839 518 ἀγάπην

1944 451 2042 503 lem
2069 451 2286 514 habens,
2318 451 2452 503 hanc
2479 451 2672 504 exoriri
2713 444 2840 504 facit
2884 450 3042 503 etiam
3084 465 3240 520 super
3263 452 3451 515 malos,

293 531 470 600 ἔχων,
527 533 730 604 ταύτην
785 533 1060 589 ἀνατέλλει
1113 541 1202 590 καὶ
1238 537 1330 591 ἐπὶ
1370 542 1650 608 πονηροὺς,
1701 539 1840 592 ἐπὰν

292 621 570 690 ἁγαπήσῃ
615 623 737 686 τοὺς
791 624 980 677 ἐαυτοῦ
1031 625 1269 696 ἐχθρούς.
1317 627 1423 679 Καὶ
1462 629 1616 680 πάλιν
1658 626 1838 696 ὥσπερ

293 707 492 778 βρέχει
521 705 618 760 ἐπὶ
645 710 876 774 δικαίους
904 715 992 767 καὶ
1026 709 1254 778 ἀδίκους,
1300 715 1465 777 οὕτως
1501 715 1658 767 οἱονεὶ
1692 715 1839 768 ὑετόν

289 812 424 848 τινα
469 797 570 867 τὴν
621 800 917 870 προσευχὴν
959 805 986 854 ὁ
1020 803 1168 870 ἅγιος
1209 803 1544 872 καταπέμπει
1592 804 1680 855 ἐπὶ
1718 804 1840 866 τοὺς

290 887 456 939 κάτω
482 905 586 939 που
617 890 972 957 τυγχάνοντας
994 930 1008 954 ,
1049 892 1134 945 διὰ
1174 894 1232 946 τὸ
1277 892 1482 945 διώκειν
1524 893 1712 956 αὑτὸν,
1748 893 1840 945 καὶ

289 975 436 1045 περὶ
474 976 584 1028 τῶν
608 979 860 1033 τοιούτων
885 981 1314 1051 προσευχόμενος.
1349 982 1525 1052 Ταῦτα
1557 981 1650 1051 μὲν
1673 985 1748 1044 εἰς
1780 983 1840 1034 τὸ

290 1063 582 1118 ὑποπεσὸν
606 1068 736 1136 ἡμῖν
764 1069 1120 1138 τρανωοῆναι,
1146 1072 1207 1123 τό
1237 1079 1252 1096 ⁸
1288 1073 1357 1126 El
1395 1075 1427 1126 ό
1474 1071 1612 1136 Θεὸς
1651 1069 1840 1138 πατὴρ

285 1152 491 1221 ὑμῶν,
511 1155 781 1222 ἠγαπᾶτε
800 1156 874 1209 ἂν
896 1157 1015 1224 ἐμέ.

371 1239 462 1294 16.
510 1242 736 1312 Ἰδωμεν
755 1245 811 1296 δὲ
855 1247 1029 1309 καὶ,τό
1049 1262 1064 1277 ο
1103 1245 1244 1315 Ἐγὼ
1267 1247 1332 1300 ἐκ
1360 1247 1462 1300 τοῦ
1491 1247 1634 1301 Θεοῦ
1668 1249 1842 1316 ἐξῆλ-

287 1331 428 1392 θον,
465 1330 570 1382 καὶ
598 1332 750 1397 ἥκω⁸
784 1335 862 1396 είς
891 1334 919 1386 ὃ
941 1336 1198 1405 χρήσιμόν
1227 1353 1312 1406 μοι
1335 1337 1575 1404 φαίνεται
1607 1337 1837 1406 παραθέ-

289 1418 427 1471 σθαι
455 1420 520 1472 τὺ
549 1423 614 1473 ἐκ
656 1423 882 1490 Μιχαίου
922 1424 1088 1488 οὕτως
1117 1425 1234 1495 ἔχον
1255 1443 1269 1456 ⁸
1311 1428 1620 1480 Ἀκούσατε
1638 1468 1652 1490 ,
1684 1429 1836 1490 λαοὶ,

282 1511 558 1576 λόγους,
590 1511 690 1562 καὶ
717 1513 1048 1580 προσεχέτω
1075 1515 1112 1580 ἡ
1155 1515 1230 1581 γῆ
1253 1553 1267 1577 ,
1309 1515 1402 1567 καὶ
1433 1515 1646 1580 πάντες
1684 1519 1736 1568 οὶ
1773 1517 1840 1568 ἐν

285 1598 458 1666 αὐτῇ
477 1640 491 1662 ,
527 1600 626 1651 καὶ
669 1599 836 1653 ἔσται
865 1604 1070 1668 Κύριος
1098 1603 1164 1655 ἐν
1201 1603 1340 1672 ὑμῖν
1378 1607 1462 1670 εις
1502 1607 1834 1672 μαρτύριον,

286 1689 520 1755 Κύριος
551 1688 631 1754 ἐξ
660 1689 826 1744 οἴκου
856 1689 1220 1760 ἁγίουαύτοῦ
1243 1705 1258 1723 ο
1301 1691 1444 1745 διότι
1475 1692 1600 1746 ἰδοὺ
1634 1695 1840 1760 Κύριος

1940 554 2058 592 cum
2077 554 2197 592 suos
2225 539 2386 606 ipsius
2407 539 2647 594 dilexerit
2671 541 2932 593 inimicos.
2948 540 3022 592 Ac
3045 553 3249 593 rursum
3271 556 3447 608 quent-

1940 633 2219 685 admodum
2255 632 2384 698 pluit
2418 634 2551 686 Deus
2583 649 2738 701 super
2764 633 2936 702 juslos
2965 643 3018 688 et
3043 631 3264 700 iniustos
3283 633 3351 696 ",
3381 636 3451 686 ita

1942 732 2169 786 sanctus,
2195 723 2349 776 veluti
2373 723 2598 791 pluviam
2631 726 2907 790 quamdam
2938 725 3164 778 demittit
3198 727 3451 793 precatio-

1942 825 2058 862 nem
2090 825 2248 878 super
2277 826 2368 863 eos
2395 825 2482 877 qut
2523 818 2762 864 deorsum
2792 819 3002 879 degunt,
3035 826 3099 865 eo
3137 813 3273 879 quod
3309 811 3451 863 illum

1939 901 2404 967 persequebantur,
2437 915 2531 968 pro
2567 899 2757 954 talibus
2795 902 2952 954 etiam
2983 916 3156 953 orans.
3190 900 3309 954 Haec
3333 901 3452 968 qui-

1941 985 2056 1039 dem
2087 987 2136 1039 in
2178 987 2321 1048 illud,
2352 987 2488 1057 quod
2531 987 2656 1039 mihi
2690 987 3071 1054 explanandum
3113 987 3297 1041 incidit
3327 995 3350 1047 ιε
3393 984 3452 1040 St

1944 1073 2076 1127 Deus
2111 1086 2256 1143 puter
2278 1085 2436 1128 vester
2471 1083 2622 1141 esset,
2668 1075 2950 1144 diligeretis
2979 1077 3152 1145 utique
3179 1092 3256 1129 me
3279 1074 3344 1129 ’⁸.

2008 1246 2092 1301 i6.
2122 1245 2402 1302 Videamus
2427 1262 2550 1301 vero
2577 1257 2628 1302 et
2663 1248 2785 1301 illud
2815 1265 2829 1300 :
2867 1247 2972 1316 Ego
3001 1266 3063 1303 ea:
3097 1250 3201 1304 Deo
3229 1253 3378 1316 exivi,
3404 1263 3452 1306 et

1939 1341 2081 1392 venio
2110 1337 2174 1401 ”,
2207 1353 2324 1391 cum
2354 1353 2458 1406 quo
2482 1338 2719 1392 conferre
2751 1338 2875 1392 illud
2905 1337 3130 1392 Michaeze
3158 1340 3282 1394 utile
3305 1343 3450 1395 vide-

1943 1436 2028 1479 tur
2050 1427 2125 1480 sic
2153 1426 2353 1479 habens
2379 1443 2392 1478 :
2421 1425 2624 1488 Audite,
2664 1426 2855 1493 pepuli,
2897 1442 3165 1486 sermones.
3195 1436 3244 1481 et
3283 1437 3448 1482 atten-

1939 1517 2026 1568 dat
2061 1524 2218 1576 terra,
2252 1524 2299 1567 et
2340 1531 2508 1568 omnes
2542 1517 2627 1584 qui
2654 1517 2707 1568 in
2733 1531 2790 1568 ea
2829 1525 2968 1579 sunt,
3000 1525 3048 1568 et
3080 1519 3172 1569 erit
3205 1517 3451 1580 Dominus

1942 1607 2082 1659 testis
2119 1615 2295 1658 contra
2315 1621 2423 1669 vos,
2463 1605 2730 1668 Dominus,
2763 1607 2992 1674 inquam,
3018 1608 3080 1660 de
3098 1607 3246 1659 domn
3274 1617 3450 1660 sancta

1941 1709 2055 1745 sua.
2077 1694 2206 1748 Ecce
2231 1696 2490 1763 egreditur
2516 1694 2764 1747 Dominus
2799 1697 2860 1747 de
2883 1695 2993 1749 loco
3012 1712 3124 1760 suo,
3155 1705 3204 1749 et
3245 1699 3447 1749 descen-

284 1778 688 1846 ἐκπορεύεται
711 1781 778 1832 ἐκ
804 1781 906 1834 τοῦ
930 1782 1110 1833 τόπου
1136 1782 1365 1843 ἑαυτοῦ,
1397 1783 1490 1835 καὶ
1520 1781 1838 1846 καταϐήσε-

1943 1787 2113 1849 det,-et
2140 1786 2353 1839 calcabit
2391 1801 2540 1853 super
2573 1784 2770 1840 excelsa
2807 1796 2975 1846 terrw,
3000 1796 3044 1838 et
3077 1786 3451 1838 commorebms-

285 1885 408 1930 ται,
442 1869 548 1921 καὶ
573 1869 910 1932 ἐπιϐήσεται
935 1871 1030 1922 ἐπὶ
1060 1876 1130 1924 τὰ
1163 1872 1285 1938 ὕψη
1318 1871 1423 1939 τῆς
1448 1871 1574 1940 γῆς,
1599 1873 1693 1925 καὶ
1729 1889 1837 1926 σα-

282 1956 668 2021 λευθήσεται
689 1958 760 2010 τὰ
784 1959 887 2025 ὄρη
917 1959 1282 2013 ὑποκάτωθεν
1306 1961 1505 2024 αὐτοῦ,
1522 1963 1616 2014 καὶ
1645 1965 1702 2014 αἱ
1726 1980 1840 2014 κοι-

282 2043 484 2109 λάδες
516 2045 875 2110 τακήσονται
910 2047 988 2111 ὡς
1015 2047 1190 2113 κηρὸς
1225 2049 1338 2100 ἀπὸ
1377 2048 1687 2115 προσώπου
1729 2066 1837 2102 πυ-

282 2135 418 2200 ρὸς,
468 2135 570 2186 καὶ
611 2135 692 2199 ὠς
718 2135 868 2201 ὕδωρ
897 2137 1362 2204 καταφερόμενον
1396 2138 1464 2188 ἐν
1493 2125 1803 2189 καταϐάσει
1822 2154 1835 2168 ο

286 2224 387 2275 καὶ
446 2224 557 2294 δρα
610 2225 815 2292 μήποτε
873 2225 1172 2293 ίσοδυναμεϊ
1219 2225 1303 2277 τό·
1359 2225 1645 2292 Ἐξῆλθον
1689 2233 1841 2294 παρὰ

286 2313 398 2366 τοῦ
433 2313 610 2376 Θεοῦ,
641 2313 718 2380 τῷ
741 2329 754 2342 ⁸
783 2314 994 2379 Κύριος
1033 2315 1396 2382 ἐκπορεύεται
1430 2316 1495 2368 ἐκ
1530 2315 1634 2368 τοῦ
1662 2320 1839 2369 τόπου

287 2402 490 2455 αϐτοῦ
512 2419 530 2434 ο
554 2402 678 2454 ἐπεὶ
701 2403 787 2454 ὅτε
814 2405 841 2455 ὁ
870 2403 991 2464 Υἱὸς
1017 2405 1072 2454 ἐν
1096 2403 1170 2472 τῷ
1197 2405 1364 2473 Πατρί
1391 2405 1551 2465 ἐστιν,
1581 2406 1636 2456 ἐν
1667 2407 1837 2473 μορφῇ

288 2492 432 2545 Θεοῦ
467 2493 764 2562 ὑπάρχων,
806 2494 930 2562 πρὶν
963 2495 1146 2546 ἑαυτὸν
1191 2493 1446 2556 κενῶσαι,
1481 2495 1637 2546 οἱονεὶ
1685 2495 1840 2557 τόπος

290 2582 469 2635 αὐτοῦ
500 2585 651 2634 ἐστιν
679 2585 706 2635 ὁ
727 2582 883 2645 Θεόςο
911 2583 1000 2634 καὶ
1026 2581 1077 2634 εἴ
1092 2582 1174 2645 τίς
1201 2599 1262 2648 γε
1296 2584 1476 2652 νοήσαι
1509 2583 1598 2634 τὸν
1627 2583 1730 2653 πρὸ
1751 2583 1840 2634 τοῦ

289 2671 538 2723 κενῶσαι
573 2670 762 2723 ἑαυτὸν
797 2671 854 2723 ἐν
885 2673 948 2739 τῇ
979 2671 1347 2740 προηγουμένη
1387 2671 1685 2738 ὑπάρχοντα
1710 2669 1840 2723 Θεοῦ

294 2762 512 2830 μορφῇ,
531 2760 720 2828 ὄψεται
749 2761 840 2812 τὸν
863 2760 1080 2828 μηδέπω
1103 2757 1442 2829 ἐξεληλυθότα
1463 2761 1564 2812 ὑπὸ
1588 2760 1680 2812 τοῦ
1709 2760 1839 2813 Θεοῦ

291 2848 426 2900 Υίδν
463 2849 632 2900 αὐτοῦ
654 2887 669 2911 ,
697 2850 789 2900 καὶ
828 2849 1026 2919 Κύριον
1057 2848 1145 2901 τὸν
1185 2850 1399 2919 μηδέπω
1430 2849 1841 2918 ἐκπορευόμενον

291 2936 358 2989 ἐκ
379 2935 487 2989 τοῦ
514 2936 682 2989 τόπου
721 2937 911 2990 ἑαυτοῦ
934 2955 947 2968 ·
983 2937 1116 2990 ἐπὰν
1147 2938 1204 2989 δέ
1232 2937 1407 3009 ἐκείνῃ
1436 2941 1499 3008 τῇ
1527 2939 1840 2990 καταστάσει

292 3027 388 3080 τοῦ
434 3027 572 3080 Υίοῦ
607 3027 871 3098 συγκρίνῃ
902 3028 998 3098 τὴν
1040 3029 1101 3079 ἐκ
1140 3027 1231 3078 τοῦ
1268 3026 1602 3095 ἀνειληφέναι
1629 3026 1722 3095 τὴν
1749 3025 1840 3078 τοῦ

1939 1879 2021 1920 tur
2045 1880 2235 1924 montes
2269 1871 2359 1924 sub
2383 1871 2494 1934 illo,
2534 1881 2579 1923 et
2609 1871 2762 1923 valles
2799 1870 3068 1939 liquescent
3098 1873 3230 1924 sicut
3274 1888 3390 1924 cera
3418 1889 3449 1923 ιι

1937 1961 2066 2027 [acie
2084 1961 2236 2026 ignis,
2265 1973 2309 2012 et
2337 1961 2468 2012 sicut
2495 1977 2626 2028 aqua
2647 1976 2760 2026 qua:
2788 1961 3090 2012 descendens
3115 1976 3204 2025 per
3227 1976 3448 2026 preceps

1935 2049 2159 2112 defertur
2197 2049 2260 2112 ¹;
2303 2057 2356 2102 et
2405 2050 2518 2102 vide
2568 2064 2632 2101 an
2695 2049 2832 2102 forte
2876 2049 3205 2118 asquipolleat
3252 2051 3378 2103 illud
3429 2064 3447 2103 :

1940 2134 2086 2188 Exivi
2116 2151 2148 2186 a
2195 2134 2319 2198 Deo,
2345 2151 2460 2189 cum
2506 2136 2594 2189 illo
2623 2153 2636 2188 :
2669 2136 2912 2190 Dominus
2948 2140 3203 2205 egreditur
3241 2137 3304 2190 de
3340 2139 3449 2190 loco

1935 2239 2047 2286 suo,
2077 2226 2321 2292 quoniam
2349 2225 2557 2293 quando
2578 2225 2739 2278 Filius
2779 2227 2828 2278 in
2876 2224 3032 2280 Patre
3068 2235 3170 2288 est,
3205 2228 3255 2280 in
3285 2227 3451 2280 forma

1939 2312 2026 2366 Dei
2080 2313 2338 2367 exsistens
2366 2352 2381 2376 ,
2413 2321 2690 2382 antequam
2747 2315 2973 2388 sqipsum
3031 2314 3257 2378 inaniat,
3291 2314 3452 2370 veluti

1939 2401 2083 2456 locus
2109 2401 2272 2469 ipsius
2304 2413 2384 2455 est
2427 2403 2598 2466 Deus;
2629 2413 2682 2454 et
2711 2404 2753 2457 si
2794 2405 2912 2470 quis
2961 2404 3253 2457 consideret
3280 2404 3450 2471 ipsum

1937 2492 2272 2546 exsistentem
2325 2491 2376 2543 in
2432 2491 2706 2558 principali
2746 2492 2834 2544 illa
2885 2494 2972 2545 Dei
3010 2491 3204 2553 forma,
3255 2492 3453 2546 videbit

1940 2581 2166 2634 nondum
2190 2594 2457 2650 egressum
2489 2595 2516 2633 a
2551 2581 2656 2634 Deo
2680 2582 2868 2634 Filium
2899 2582 3081 2650 ipsius,
3101 2593 3150 2636 et
3177 2581 3452 2635 Dominum

1939 2671 2166 2724 nondum
2195 2671 2542 2740 egredientem
2586 2672 2650 2724 de
2683 2671 2796 2724 loco
2833 2685 2964 2732 suo;
2994 2686 3112 2724 cum
3147 2685 3276 2725 vero
3329 2686 3448 2725 cum

1939 2761 2038 2814 hoc
2067 2769 2202 2813 statu
2234 2761 2513 2814 contulerit
2541 2769 2732 2815 statum
2758 2762 2892 2814 illius
2917 2762 3004 2829 qui
3032 2761 3259 2828 seipsum
3283 2761 3454 2813 inani-

1938 2849 2034 2913 vit,
2069 2864 2130 2902 ex
2157 2863 2219 2903 eo
2244 2850 2381 2917 quod
2409 2850 2630 2903 formam
2661 2852 2802 2904 servi
2826 2852 3182 2918 assumpserit,
3204 2850 3455 2918 intelliget

1939 2937 2198 3002 quomodo
2221 2935 2384 2989 Filius
2431 2937 2523 2990 Dei
2575 2939 2785 3002 exierit,
2809 2949 2863 2992 et
2905 2939 3108 2992 venerit
3147 2939 3211 2990 ad
3244 2952 3360 3002 nos,
3389 2954 3453 2992 ac

1940 3026 2092 3096 331
2129 3027 2289 3080 veluti
2318 3036 2466 3082 exlra
2493 3043 2610 3082 eum
2651 3031 2739 3097 qui
2773 3030 2914 3083 misit
2939 3031 3105 3095 illum,
3135 3030 3303 3084 factus
3334 3031 3452 3084 {ue--

291 3115 490 3170 δούλου
539 3116 752 3185 μορφὴν
798 3116 983 3168 ἐαυτὸν
1021 3112 1353 3176 κενώσαντα,
1397 3115 1609 3182 συνήσει
1659 3114 1770 3175 πῶς
1816 3115 1839 3164 δ

1943 3115 2048 3178 rit;
2081 3117 2288 3169 etiamsi
2319 3117 2423 3168 alio
2467 3119 2622 3170 modo
2673 3133 2774 3170 non
2829 3119 3086 3172 dimiserit
3113 3119 3255 3172 illum
3281 3119 3450 3174 solum

292 3206 423 3266 Υἱὸς
459 3206 556 3258 τοῦ
588 3205 724 3258 Θεοῦ
750 3203 956 3274 ἐξῆλθε,
987 3205 1078 3256 καὶ
1098 3198 1196 3274 ἧκε
1222 3203 1352 3272 πρὸς
1384 3204 1543 3271 ἡμᾶς,
1568 3202 1659 3254 καὶ
1684 3202 1840 3254 οἱονεὶ

292 3297 398 3360 ἔξω
434 3296 731 3366 γεγένηται
754 3294 846 3346 τοῦ
878 3293 1180 3363 πέμψαντος
1207 3291 1362 3343 αὐτόν
1387 3308 1396 3320 ·
1431 3293 1477 3342 el
1501 3291 1590 3343 καὶ
1619 3292 1732 3342 κατ’
1757 3290 1842 3344 ἄλο

293 3384 384 3436 λον
411 3384 622 3452 τρόπον
651 3384 751 3434 οὐκ
784 3382 986 3450 ἀφῆκεν
1017 3380 1172 3432 αὐτὸν
1205 3379 1357 3448 μόνον
1397 3381 1426 3432 ὁ
1469 3377 1679 3448 Πατὴρ,
1711 3377 1841 3431 ἀλλὰ

298 3474 417 3543 μετ’
456 3471 615 3524 αὐτοῦ
643 3474 779 3533 ἐστι,
809 3471 901 3523 καὶ
930 3470 1070 3522 ἐστιν
1099 3471 1154 3520 ἐν
1181 3467 1258 3536 τῷ
1272 3467 1401 3536 Υίῷ,
1422 3466 1604 3537 ὥσπερ
1630 3467 1719 3520 καὶ
1749 3467 1840 3518 αὐ-

295 3563 391 3624 τὸς
433 3564 493 3614 ἐν
520 3561 597 3630 τῷ
637 3560 834 3630 Πατρί.
865 3560 972 3612 Καὶ
1016 3560 1063 3610 εί
1097 3558 1169 3628 μὴ
1205 3557 1322 3609 κατ’
1353 3555 1504 3610 ἄλλον
1543 3573 1606 3624 γε
1649 3557 1841 3625 τρόπον

296 3652 530 3720 νοήσαις
575 3645 712 3701 εἶναι
753 3648 846 3700 τὸν
878 3647 1002 3699 Υἱὺν
1046 3647 1101 3697 ἐν
1142 3645 1218 3715 τῷ
1257 3645 1457 3716 Πατρὶ,
1503 3645 1575 3707 ὼς
1609 3640 1674 3714 ἦν
1715 3644 1840 3714 πρὶν

294 3738 492 3807 ἐξέλθῃ
527 3739 636 3790 ἀπὸ
661 3737 755 3790 τοῦ
787 3735 940 3799 Θεοῦ,
969 3735 1106 3800 δόξει
1144 3735 1408 3805 περιέχειν
1449 3734 1620 3804 μάχην
1653 3732 1713 3786 τὸ
1749 3735 1840 3786 καὶ

293 3825 682 3894 ἐξεληλυθέναι
729 3824 836 3876 ἀπὸ
870 3821 963 3876 τοῦ
1003 3822 1134 3876 Θεοῦ
1155 3862 1171 3888 ,
1199 3823 1292 3876 καὶ
1321 3818 1454 3875 εἶναι
1483 3822 1572 3874 τὸν
1599 3821 1841 3892 ἐξεληλυ-

296 3913 430 3968 Θότα
473 3915 586 3967 ἀπὸ
616 3911 710 3965 τοῦ
748 3911 915 3976 Θεοῦ,
939 3911 1018 3964 ἐτι
1050 3912 1106 3964 ἐν
1143 3911 1219 3982 τῷ
1261 3909 1394 3980 Θεῷ.
1432 3910 1607 3962 ’Ἄλλοι
1649 3910 1706 3962 δὲ
1741 3911 1835 3962 τόο

306 4003 615 4070 Ἐξῆλθον
643 4003 759 4055 ἀπὸ
787 4001 892 4054 τοῦ
925 4001 1086 4065 Θεοῦ,
1115 4001 1431 4072 διηγήσαντο
1459 4000 1576 4054 ἀντὶ
1605 3999 1716 4064 τοῦ,
1748 4001 1841 4052 Γε-

295 4095 570 4164 γέννημαι
598 4092 708 4144 ἀπὸ
733 4090 825 4143 τοῦ
847 4090 977 4144 Θεοῦ
996 4107 1009 4121 ·
1045 4087 1123 4154 οἷς
1150 4090 1421 4144 ἀκολουθεῖ
1447 4091 1509 4142 ἐκ
1534 4090 1632 4158 τῆς
1662 4089 1839 4152 οὐσίας

295 4184 537 4251 φάσκειν
583 4180 678 4232 τοῦ
723 4180 932 4248 Πατρὸς
972 4179 1318 4249 γεγεννῆσθαι
1353 4179 1444 4232 τὸν
1486 4179 1644 4243 Υίὺν,
1683 4178 1840 4231 οἱονεὶ

299 4273 654 4344 μειουμένου,
679 4271 772 4324 καὶ
800 4270 1068 4333 λείποντος
1088 4273 1150 4339 τῇ
1170 4270 1342 4339 οὐσίᾳ,
1363 4263 1396 4340 ᾖ
1426 4269 1680 4339 πρότερον
1707 4263 1838 4336 εἶχε,

295 4362 388 4415 τοῦ
425 4361 586 4425 Υίοῦ,
633 4359 768 4412 ἐπὰν
794 4358 1043 4428 ἐγέννησε
1073 4359 1161 4410 τὸν
1193 4357 1312 4410 Υίόν
1331 4373 1343 4386 ·
1390 4357 1517 4409 ὡσεὶ
1545 4357 1726 4426 νοήσαι
1756 4373 1838 4419 τις

295 4453 457 4505 τοῦτο
486 4453 586 4504 καὶ
610 4451 702 4502 ἐπὶ
730 4425 841 4501 τῶν
873 4425 1196 4517 ἐγκυμόνων.
1241 4445 1534 4499 ’Δκολουθεϊ
1569 4425 1631 4498 δέ
1666 4448 1842 4509 αὐτοῖς
1871 4425 1915 4480 D

299 4543 390 4594 καὶ
423 4541 591 4610 σῶμα
620 4538 798 4606 λέγειν
827 4537 914 4590 τὸν
940 4537 1152 4608 Πατέρα
1183 4536 1274 4589 καὶ
1303 4535 1390 4588 τὸν
1421 4535 1563 4599 Υἱδν,
1598 4536 1688 4588 καὶ
1723 4536 1839 4606 διῃ-

301 4631 503 4701 ρῆσθαι
535 4630 628 4682 τὸν
663 4629 904 4696 Πατέρα,
935 4628 1073 4696 ἅπερ
1104 4627 1217 4678 ἐστὶ
1254 4625 1488 4693 δόγματα
1521 4623 1837 4693 ἀνθρώπων,

303 4721 424 4788 μηδ’
454 4721 596 4788 δναρ
623 4717 778 4786 φύσιν
806 4717 1027 4787 ἀόρατον
1053 4717 1143 4769 καὶ
1167 4713 1444 4782 ἀσώματον
1460 4707 1840 4783 ’πεφαντασμέ.

300 4825 426 4874 νων,
463 4805 636 4862 οὖσαν
664 4807 863 4877 κυρίως
886 4805 1089 4858 οὐσίαν·
1122 4799 1264 4857 οὗτοι
1298 4802 1354 4855 δὲ
1379 4802 1530 4870 δῆλον
1558 4803 1637 4854 ὅτι
1661 4802 1716 4853 ἐν
1745 4818 1840 4854 σω-

303 4899 523 4968 ματικῷ
547 4897 697 4964 τόπῳ
723 4895 944 4947 δώσουσι
975 4895 1061 4947 τὸν
1086 4893 1322 4962 Πατέρα,
1361 4891 1451 4942 καὶ
1479 4891 1566 4943 τὸν
1595 4889 1718 4942 Υίδν
1755 4890 1839 4943 τό-

1943 3203 2115 3268 Pater,
2137 3206 2224 3258 sed
2254 3213 2334 3258 est
2357 3221 2473 3259 cum
2504 3207 2615 3272 ipso
2634 3209 2720 3271 qui
2751 3210 2907 3262 etiam
2928 3219 3007 3261 est
3037 3210 3085 3260 in
3110 3209 3456 3277 Filio,quem—

1942 3293 2219 3346 admodum
2255 3292 2418 3348 Filius
2452 3306 2533 3349 est
2557 3296 2606 3348 in
2652 3295 2830 3350 Patre.
2867 3295 2958 3349 Sin
2983 3310 3109 3350 vero
3146 3311 3247 3349 non
3283 3298 3456 3350 consi-

1942 3380 2208 3435 deraveris
2256 3381 2360 3435 alio
2405 3383 2558 3435 modo
2593 3398 2714 3438 esse
2759 3382 2952 3436 Filium
2994 3384 3047 3436 in
3094 3381 3248 3436 Patre
3294 3398 3453 3449 quam

1941 3477 2056 3520 erat
2096 3477 2374 3538 antequam
2425 3471 2593 3524 exiret
2635 3487 2662 3524 a
2709 3471 2837 3536 Deo,
2864 3471 3126 3525 videbitur
3159 3486 3452 3541 repugnare

1941 3568 2207 3624 egressum
2236 3572 2352 3612 esse
2381 3573 2411 3611 a
2444 3560 2567 3619 Deo.
2604 3570 2656 3614 et
2685 3574 2952 3630 egressum
2987 3576 3015 3613 a
3063 3561 3170 3613 Deo
3215 3576 3329 3615 esse
3357 3562 3453 3614 ad-

1943 3646 2046 3700 huc
2079 3646 2129 3698 in
2180 3647 2303 3702 Deo.
2338 3646 2594 3700 Cteterum
2633 3649 2728 3702 alii
2752 3649 2878 3702 illud
2913 3666 2927 3700 :
2965 3649 3117 3703 Exivi
3141 3667 3174 3702 a
3201 3649 3327 3712 Deo,
3355 3665 3450 3703 ex-

1939 3741 2226 3801 posuerunt
2271 3749 2364 3801 pro
2415 3748 2478 3788 eo
2517 3736 2650 3802 quod
2677 3745 2782 3799 est,
2823 3736 3042 3790 Genitus
3071 3751 3184 3791 sum
3210 3751 3273 3790 ex
3305 3736 3446 3790 Deo:

1941 3831 2073 3886 quos
2115 3820 2350 3886 sequitur
2380 3819 2568 3874 Filium
2601 3821 2776 3875 dicere
2800 3837 2863 3876 ex
2896 3823 3184 3876 substantia
3221 3825 3450 3890 genitutn

1942 3907 2102 3964 fuisse
2129 3908 2325 3973 Patris,
2357 3909 2516 3962 veluti
2549 3910 2814 3974 diminuti,
2841 3920 2890 3964 et
2909 3912 3135 3965 carentis
3158 3911 3449 3964 substantia

1939 3996 2057 4051 Filii
2083 4011 2237 4065 quam
2259 4006 2378 4051 ante
2406 3997 2649 4062 habebat,
2685 3997 2893 4066 quando
2932 3999 3196 4068 generavit
3227 3998 3448 4052 Filium:

1942 4095 2190 4155 tanquam
2220 4088 2264 4142 si
2293 4087 2652 4142 consideraret
2680 4087 2872 4156 aliquis
2901 4087 3002 4140 hoc
3035 4088 3192 4141 etiam
3224 4087 3275 4140 in
3319 4102 3454 4155 prae-

1940 4177 2242 4247 gnantibus.
2276 4175 2628 4244 Consequitur
2673 4185 2844 4229 autem
2877 4175 2994 4231 illos
3038 4177 3215 4230 dicere
3243 4175 3450 4229 Patrem

1940 4277 1994 4322 et
2027 4267 2216 4322 Filium
2248 4281 2438 4337 corpus
2461 4281 2598 4330 esse,
2625 4280 2686 4320 ac
2726 4265 3116 4321 Patremodividi
3149 4283 3165 4320 :
3208 4280 3326 4336 qua
3359 4267 3456 4320 do-

1940 4367 2113 4426 gvnata
2161 4358 2426 4413 hominum
2474 4365 2598 4412 sunt
2643 4371 2824 4411 eorum
2851 4357 2936 4426 qui
2967 4369 3034 4411 ne
3073 4371 3167 4425 per
3192 4357 3454 4411 somnium

1941 4446 2148 4514 quidem
2197 4459 2372 4498 rerum
2417 4459 2534 4513 quae
2562 4444 2737 4498 animo
2787 4452 3096 4506 cernuntur,
3119 4452 3170 4496 et
3205 4442 3454 4509 incorpoo

1942 4550 2085 4590 ream
2113 4543 2352 4589 naturam
2385 4533 2524 4602 (quae
2551 4535 2762 4604 proprie
2789 4543 2870 4589 est
2915 4533 3228 4600 substantia)
3267 4532 3455 4600 imagi-

1943 4627 2050 4678 nati
2073 4633 2226 4678 sunt:
2260 4624 2397 4678 unde
2418 4625 2578 4678 etiam
2601 4623 2932 4692 perspicuum
2957 4631 3039 4675 est
3071 4621 3167 4674 bos
3194 4621 3245 4673 in
3263 4633 3450 4686 corpo-

1941 4713 2038 4766 rali
2067 4712 2188 4766 loco
2211 4710 2418 4766 Patrem
2452 4727 2569 4767 esse
2606 4718 2846 4775 daturos,
2870 4719 2922 4764 et
2961 4709 3150 4761 Filium
3181 4709 3460 4759 immutata

1942 4801 2076 4869 loco,
2109 4815 2174 4855 ex
2199 4801 2314 4855 loco
2340 4802 2402 4856 ad
2434 4802 2567 4856 hanc
2588 4802 2745 4854 vitam
2780 4797 3074 4860 devenisse,
3099 4809 3196 4847 nec
3230 4803 3462 4848 mutasse

1943 4900 2136 4945 statum
2158 4906 2223 4944 ex
2246 4899 2405 4956 statu,
2445 4899 2504 4944 ut
2535 4905 2630 4944 nos
2665 4885 2991 4957 interpretati
3027 4894 3230 4936 sumus.

302 4966 401 5045 πον
430 4966 502 5045 ἐκ
525 4991 691 5043 τόπου
721 4987 1015 5058 ἀμείψαντα
1051 4981 1371 5056 σωματικῶς
1401 4982 1840 5050 ἐπιδεδημηκέναι
1862 4983 1938 5053 τῷ
1970 4983 2087 5054 βίῳ,
2119 4987 2213 5037 καὶ
2244 4985 2361 5054 οὐχὶ
2391 4983 2710 5038 κατάστασιν
2749 4983 2812 5034 ἐκ
2845 4973 3251 5031 καταστάσεως,
3286 4966 3475 5036 ὥσπερ

302 5082 464 5152 ἡμεῖς
496 5078 870 5149 ἐξειλήφαμεν.

376 5195 462 5247 17.
489 5191 644 5245 Οὐδὲ
668 5191 774 5259 γὰρ
797 5190 894 5243 ἀπ’
926 5186 1172 5257 ἐμαυτοῦ
1196 5180 1464 5244 ἐλήλυθα
1485 5219 1500 5244 ,
1528 5182 1659 5234 ἀλλ’
1697 5183 1844 5238 ἐκεῖ.

304 5286 408 5350 νός
447 5300 529 5354 με
557 5281 887 5336 ἀπέστειλε.
918 5278 1091 5332 Ταῦτα
1122 5271 1326 5342 νομίζω
1355 5269 1625 5336 λέγεσθαι,
1651 5271 1724 5334 ὣς
1762 5291 1840 5326 τι-

309 5389 408 5424 νων
436 5372 534 5438 ἀφ’
564 5369 768 5422 ἑαυτῶν
797 5366 1086 5437 ἐρχομένων
1107 5401 1121 5425 ,
1158 5356 1254 5412 καὶ
1306 5356 1374 5424 μὴ
1423 5357 1841 5427 ἀπεσταλμένων

2014 5183 2098 5238 17.
2140 5181 2314 5249 Neque
2337 5181 2472 5233 enim
2508 5195 2538 5230 a
2563 5177 2851 5243 memstipso
2877 5167 3026 5228 ueni,
3055 5162 3144 5252 sed
3169 5157 3256 5210 ille
3290 5169 3496 5252 memi—

1943 5275 2008 5325 sit
2034 5273 2074 5324 ⁸.
2120 5268 2238 5321 Haec
2275 5268 2502 5320 arbitror
2533 5265 2634 5319 dici
2665 5261 2895 5334 perinde
2931 5251 3096 5320 quasi
3129 5261 3164 5299 a
3199 5249 3507 5334 semetipsis

1945 5360 2153 5415 veniant
2182 5355 2412 5425 quidam,
2453 5369 2554 5408 non
2591 5355 2736 5409 missi
2762 5369 2792 5407 a
2828 5349 3041 5406 Patre,
3072 5328 3410 5391 doctrinam,
3436 5325 3523 5378 vel

374 5613 417 5642 ’⁷
436 5609 622 5664 Matth.
649 5621 699 5675 v,
727 5605 811 5658 45.
894 5601 934 5632 ’⁸
951 5597 1087 5652 Joan.
1113 5604 1223 5653 Vllt,
1262 5587 1351 5644 ιη.
1438 5592 1489 5623 ⁹⁹
1519 5591 1640 5648 ibid.
1715 5595 1729 5624 ¹
1767 5594 1836 5648 Mi

1966 5613 2004 5658 ι,
2039 5594 2150 5646 2-4.
2221 5592 2409 5648 ’Joan.
2459 5608 2572 5654 vni,
2619 5593 2706 5645 6‘2.
