3820 6218
354 316 457 372 619

361 537 424 574 ω)
452 513 665 584 propriis
692 501 996 574 loquitur“.
1023 498 1154 552 Cum
1181 494 1320 548 enim
1349 485 1705 546 mendacium,
1730 479 1868 540 quod
1970 473 2070 540 ψεῦ

1272 582 1283 584 -
1396 581 1407 584 -
1986 562 2063 584 ηπ

363 613 412 664 in
438 569 654 672 singulis
678 569 1052 650 mentientibus
1082 586 1238 649 inest,
1272 581 1522 648 loquitur,
1549 591 1614 628 ex
1641 569 1870 641 propriis

363 689 646 751 mendaciis
663 685 911 754 loquitur.
926 678 1060 744 Quin
1087 676 1244 729 etiam
1277 671 1323 724 si
1354 673 1465 723 haec
1491 665 1650 720 verba
1681 679 1694 714 :
1735 658 1872 712 Men-

361 787 465 839 dax
495 791 588 842 est,
612 787 661 830 et
688 785 832 843 pater
856 771 965 838 ejus
989 767 1054 830 '°,
1090 780 1154 818 eo
1191 762 1413 820 referas,
1441 765 1499 808 ut
1525 761 1876 818 unumquem-

361 890 462 945 que
491 871 845 942 proferentem
876 857 1208 914 mendacium
1237 867 1300 905 ex
1329 865 1423 903 suo
1451 846 1614 914 ipsius
1643 853 1756 904 ore,
1796 837 1876 889 di-

362 926 456 1020 eas
482 926 597 1015 esse
625 966 826 1025 patrem
852 949 964 1016 ejus
989 943 1245 1000 mendacii
1297 938 1436 1008 quod
1475 933 1729 1001 loquitur,
1779 926 1876 979 hu-

362 1049 583 1120 iusmodi
608 1058 735 1100 sane
763 1037 1045 1108 assignatio
1075 1031 1299 1088 absurda
1339 1043 1438 1081 non
1466 1025 1603 1079 crit.‘
1616 1021 1718 1074 Sed
1739 1017 1876 1070 dicta

367 1108 476 1196 haec
505 1135 664 1207 335.
689 1140 844 1186 sunto
879 1125 1035 1180 veluti
1067 1117 1356 1190 adiacentia
1395 1108 1724 1182 amphiboliae
1752 1121 1879 1161 con-

367 1240 542 1284 textus
579 1223 731 1278 nobis
761 1215 1005 1285 expositi.

431 1317 518 1370 ‘20.
546 1313 812 1383 [Sequitur
835 1308 962 1378 (26‘)
983 1325 996 1358 :
1017 1305 1081 1358 Et
1102 1301 1355 1357 desideria
1379 1300 1540 1367 patris
1560 1294 1713 1350 vestri
1731 1291 1882 1346 vultis

372 1407 535 1473 facere
563 1380 996 1470 “.iEnarrantes
1037 1393 1122 1445 illa
1154 1389 1312 1443 verba
1340 1403 1354 1438 :
1387 1384 1485 1438 Vos
1527 1380 1698 1451 facitis
1734 1392 1885 1447 opera

371 1494 533 1560 patris
558 1489 714 1544 vestri
734 1489 799 1550 ",
829 1483 1202 1539 antevertimus
1225 1477 1380 1531 etiam
1403 1475 1457 1528 in
1485 1474 1582 1526 hos
1609 1470 1886 1532 disserere,

375 1558 676 1652 frequenter
721 1576 912 1644 alioqui
951 1573 1252 1640 colligentes
1291 1581 1406 1634 qua:
1432 1563 1583 1617 nobis
1613 1559 1758 1614 utilia
1780 1558 1889 1612 visa

376 1674 585 1726 fuerant
626 1669 691 1722 ad
734 1663 1146 1723 enarrationem;
1176 1654 1396 1726 proinde
1420 1652 1532 1705 sine
1570 1663 1726 1702 causa
1751 1659 1892 1699 nunc

376 1762 476 1813 hoc
507 1758 560 1811 in
591 1755 709 1808 loco
740 1765 843 1806 non
873 1746 1298 1803 immorabimur.
1337 1740 1486 1806 Quod
1513 1739 1557 1790 si
1591 1736 1708 1804 quis
1744 1742 1891 1788 ortus

377 1849 540 1903 fuerit
567 1861 631 1900 ex
661 1841 894 1902 diabolo,
921 1853 985 1892 eo
1011 1835 1149 1904 quod
1179 1832 1481 1888 committat
1512 1833 1806 1896 peccaturo,
1841 1831 1893 1876 et

377 1937 607 1991 hunc-ab
635 1933 723 1987 illo
760 1939 933 1985 ortum
967 1941 1071 1980 non
1103 1921 1411 1981 aboleverit,
1448 1918 1536 1972 hic
1565 1931 1669 1970 non
1711 1926 1892 1975 unum,

375 2026 466 2081 sed
491 2025 643 2093 plura
672 2017 934 2076 desideria
968 2014 1089 2067 talis
1110 2011 1276 2082 patris
1305 2009 1416 2062 vult
1437 2007 1646 2069 facere;
1671 2015 1896 2070 cumque

376 2109 635 2167 desideria
659 2122 774 2177 qua:
799 2111 920 2160 sunt
950 2103 1001 2156 in
1022 2099 1267 2154 omnibus
1292 2096 1412 2150 ﬁliis
1440 2093 1650 2154 diaboli,
1678 2106 1898 2144 nascan-

379 2212 508 2255 tura
527 2197 802 2252 desideriis
829 2208 945 2262 quae
969 2199 1091 2245 sunt
1113 2188 1164 2242 in
1199 2183 1429 2247 diabolo,
1456 2182 1788 2252 perspicuum
1819 2186 1899 2231 est

379 2290 637 2347 desideria
683 2286 822 2339 illius
861 2295 979 2336 esse
1025 2275 1356 2347 prudentiam
1405 2271 1643 2325 materia:
1685 2278 1737 2322 et
1777 2282 1900 2322 cor-

382 2379 666 2451 ruptionis,
684 2389 816 2444 quas
844 2369 1060 2440 proprie
1086 2365 1326 2420 inimicas
1351 2361 1544 2415 dixerit
1573 2358 1762 2426 aliquis
1785 2371 1903 2410 esse

382 2446 633 2526 adversus
660 2465 846 2518 Deum.
875 2461 1049 2526 Atque
1074 2455 1242 2509 caedes
1265 2451 1496 2519 quidem,
1517 2457 1572 2501 et
1603 2446 1901 2515 injustitias,

382 2570 437 2614 et
466 2556 761 2613 avaritiam,
790 2551 833 2604 si
866 2547 985 2615 quis
1011 2545 1154 2598 dicat
1175 2542 1316 2594 illius
1334 2551 1452 2592 esse
1472 2536 1756 2597 desideria,
1789 2547 1906 2600 quae

383 2652 640 2719 generem
669 2638 928 2696 desideria
952 2637 1036 2690 his
1063 2633 1254 2688 similia
1289 2632 1342 2684 in
1366 2629 1488 2682 filiis
1514 2627 1650 2694 ejus,
1673 2640 1776 2678 non
1801 2625 1908 2678 dis-

385 2714 638 2791 sentanea
683 2727 950 2797 loquitur;
987 2733 1146 2789 atque
1191 2720 1349 2772 etiam
1383 2715 1700 2786 generaliter
1732 2714 1909 2768 dicere

388 2819 774 2882 immunditias,
805 2823 1008 2869 natura:
1046 2809 1120 2863 illi
1152 2805 1448 2876 purissima:
1477 2803 1771 2858 contrarias
1811 2815 1908 2854 ex-

387 2915 660 2970 sistentes,
701 2918 824 2958 esse
855 2900 994 2954 illius
1037 2893 1316 2956 desideria,
1350 2906 1378 2943 a
1420 2891 1612 2957 quibus
1645 2887 1909 2942 desideria

391 3004 765 3072 ingenerentur
812 2989 1003 3046 diaboli
1049 2985 1172 3040 ﬁliis
1213 2985 1279 3036 ad
1327 2996 1412 3035 res
1451 2978 1766 3042 immundae,
1809 2992 1910 3030 non

391 3066 608 3161 gravate
638 3081 1022 3137 admittendum
1051 3083 1165 3137 est;
1196 3072 1376 3125 dicere
1408 3071 1568 3123 etiam
1596 3066 1912 3120 fornicatio-

394 3160 536 3245 nem,
563 3177 646 3231 vel
671 3171 1008 3233 adulterium,
1039 3165 1121 3219 vel
1145 3179 1376 3218 amorem
1401 3161 1684 3215 obscenum
1708 3160 1762 3212 in
1792 3173 1916 3226 pue-

396 3287 504 3334 ros,
532 3267 613 3322 vel
635 3262 931 3322 mollitiem,
959 3272 1079 3312 esse
1100 3256 1237 3310 illius
1261 3252 1601 3316 desiderium,
1626 3249 1778 3302 facile
1797 3248 1918 3316 quis

397 3361 557 3414 etiam
587 3351 875 3409 admiserit.
900 3348 1048 3413 Quod
1073 3345 1116 3400 si
1139 3344 1342 3397 dubitet
1368 3339 1486 3408 quis
1509 3351 1734 3406 quonam
1769 3343 1920 3404 pacto

402 3453 516 3506 haec
560 3445 822 3499 desideria
862 3441 914 3492 in
965 3435 1267 3491 hominibus
1313 3432 1556 3487 oriantur
1585 3443 1612 3482 a
1644 3426 1920 3482 desideriis

402 3550 522 3606 quia
542 3542 668 3587 sunt
692 3532 744 3584 in
775 3527 884 3589 illo.
931 3532 1184 3588 quantum
1227 3521 1293 3572 ad
1335 3519 1493 3571 verba
1523 3515 1728 3577 attinet,
1761 3515 1919 3568 veluti

403 3604 652 3697 quiddam
676 3615 970 3674 universale
989 3612 1241 3668 doceatur
1257 3609 1320 3664 de
1346 3604 1620 3662 desideriis
1647 3617 1765 3672 qua:
1801 3609 1924 3656 sunt

404 3691 460 3772 in
488 3709 808 3775 hominibus,
835 3705 975 3776 quod
1004 3703 1169 3757 velint
1188 3699 1430 3754 homines
1459 3695 1715 3748 desideria
1761 3691 1926 3761 patris

405 3808 490 3864 sui
513 3805 709 3870 facere,
725 3800 848 3870 quia
871 3797 1045 3853 omnia
1067 3808 1183 3862 quae
1206 3797 1396 3861 praeter
1418 3788 1585 3858 legem
1603 3785 1924 3847 desiderant,

407 3908 562 3953 antea
601 3890 792 3948 fuerint
820 3886 1135 3943 desiderium
1172 3881 1337 3950 patris
1365 3881 1446 3932 sui
1495 3875 1624 3947 (tale
1666 3874 1806 3928 enim
1847 3879 1931 3924 est

406 3992 546 4057 quod
572 3984 804 4038 dicitur:
833 3977 896 4031 Et
919 3974 1170 4030 desideria
1191 3971 1353 4038 patris
1370 3967 1520 4020 vestri
1543 3966 1691 4019 vultis
1716 3961 1929 4032 facere),

411 4056 475 4130 ad
505 4077 618 4128 hac
639 4068 919 4125 dicendum
955 4073 1036 4118 est
1071 4059 1336 4115 diabolum
1387 4056 1690 4109 desiderare
1723 4061 1780 4103 nt
1814 4065 1933 4105 cor-

410 4168 708 4228 rumpatur,
739 4152 883 4207 verbi
931 4148 1119 4218 gratia,
1165 4145 1253 4198 hic
1296 4157 1446 4210 puer,
1487 4141 1574 4194 illa
1618 4137 1931 4192 adulterium

411 4225 726 4306 committat,
754 4243 808 4296 hi
837 4238 1206 4296 fornicentur;
1247 4240 1299 4283 et
1328 4231 1438 4282 lucc
1467 4227 1813 4281 desiderando
1857 4225 1936 4278 in-

1735 265 2042 327 ORiGEMS

362 423 732 484 mentientibus
748 415 846 469 hoc
865 412 1100 464 dictum:
1127 404 1254 459 Cum
1278 401 1506 470 loquitur
1525 393 1867 452 inendacium,
1904 389 1938 442 Α
1970 383 2128 434 ἰδίων

3486 215 3596 271 620

2173 373 2368 430 λαλεῖ·
2423 368 2482 422 τὸ
2522 365 2627 436 γὰρ
2669 363 2727 414 ἐν
2775 355 3011 420 ἑκάστῳ
3045 344 3173 436 τῶν
3208 332 3596 436 ’ψευδομένοΐθ

2041 421 2496 531 ῦνδοςέπαν-λαλῇ,
2534 421 2608 508 ἐκ,
2626 453 2732 506 τῶν
2772 448 2928 500 ἰδίων
2959 438 3061 492 τοῦ
3108 430 3371 502 ψεύδους
3414 421 3596 531 λαλὶἴ.

1986 509 2153 614 EAM;
2167 558 2258 610 καὶ
2284 554 2371 606 τό·
2412 509 2685 609 Egeriam};
2715 536 2896 591 ἐστὶν
2933 534 2966 584 ό
3008 522 3234 588 πατὴρ
3269 509 3599 614 αὑτοῦᾈᾶν

1976 653 2167 721 ἐνέγκῃ
2194 647 2299 717 (27)
2326 599 2514 695 tati—1e
2535 599 2764 721 uagi?"
2788 627 2897 721 ’⁵δῖ
2915 599 3602 721 προῗεῗόῗεῖοἶ

1977 691 2167 721 νηηι,
2195 691 2297 717 \_-,
2328 691 2411 695 ,ην

1977 746 2039 796 ἐκ
2063 741 2319 807 στόματος
2359 727 2546 782 ἐαυτοῦ
2596 719 2811 788 πατέρα
2844 709 2994 766 εἶναι
3021 699 3093 758 οὗ
3125 701 3300 754 λαλεῖ
3338 691 3600 763 ψεύδους,

3009 797 3021 807 ·
3159 793 3171 807 ν
3251 789 3436 807 ιλ---
3493 779 3599 807 v-\

2617 779 2770 865 ἔσται
2799 808 2836 874 ἡ
2862 797 3109 864 τοιαύτη
3146 789 3459 846 ἀπόδοσις.
3493 779 3606 832 Καὶ

1977 836 2068 887 καὶ
2095 833 2191 884 οὐκ
2232 821 2484 883 ἁπίθανός
2520 833 2578 869 τε

3420 874 3607 924 ἐκκειο

1977 873 2384 987 ξιξτῖ
2409 873 2789 978 παρακείμενα
2823 873 2896 963 τῇ
2922 880 3260 959 ἀμφιϐολίᾳ
3281 873 3388 928 τοῦ

1985 1011 2141 1082 μένου
2162 984 2291 1076 ἡμῖν
2320 997 2478 1071 ῥητοῦ
2511 994 2621 1062 (28)
2649 984 2916 1058 εἰρήσθω.

1988 1411 2296 1518 εἰρήκαμεν,
2343 1411 2664 1504 πολλαχόθεν
2719 1429 2790 1481 τὰ
2843 1423 3111 1494 φανέντα
3162 1417 3315 1487 ἡμῖν
3378 1415 3462 1473 εἰς
3518 1411 3618 1478 τὴν

1989 1497 2229 1608 ἐᾷἓηὲησὶν
2272 1497 2987 1601 γρήσιμαησυναγαγόντες,
3042 1511 3161 1563 οὒκ
3221 1503 3481 1570 εὐλόγως
3526 1497 3619 1552 νῦν

1992 1591 2468 1700 προσδιατριίιξκομεν
2493 1616 2571 1686 τῷ
2593 1616 2764 1683 τόπῳ.
2795 1609 2949 1677 Πλὴν
2981 1599 3163 1664 εἷ’τις
3195 1598 3286 1668 τῷ
3318 1597 3504 1649 ποιεῖν
3524 1591 3621 1661 τὴν

1920 1715 1962 1768 Β
1991 1684 2260 1790 ἁμαρτίαν.
2280 1684 2342 1766 ἐκ
2367 1684 2458 1764 τοῦ
2486 1684 2727 1762 διαϐόλου
2754 1700 3132 1770 γεγέννηται,
3164 1691 3273 1744 καὶ
3303 1686 3385 1758 μὴ
3417 1684 3624 1753 κατήρη

1989 1825 2121 1880 γησε
2155 1807 2248 1877 τὴν
2289 1804 2382 1856 ἀπ’
2424 1799 2631 1852 ἐκείνου
2680 1794 2900 1862 γένεσιν
2943 1788 3011 1851 ἐξ
3058 1779 3311 1844 ἐαυτοῦ,
3363 1773 3522 1836 οὗτος
3561 1773 3622 1825 ού

1994 1864 2141 1970 μίαν,
2172 1864 2304 1949 ἀλλὰ
2333 1892 2577 1950 πλείονας
2620 1881 2921 1951 ἐπιθυμίας
2959 1878 3072 1930 τοῦ
3111 1871 3391 1927 τοιούτου
3420 1864 3626 1937 πατρὸς

1993 1952 2160 2040 ποιεῖν
2184 1982 2372 2041 ἐθέλει,
2399 1978 2493 2031 καὶ¹
2529 1975 2638 2026 τῶν
2674 1974 2730 2024 ἐν
2760 1967 2933 2022 παντῆ⁸
2968 1962 3090 2033 υἱῷ
3122 1957 3402 2014 διαϐόλου
3440 1952 3626 2007 ἐπιθυ-

1997 2075 2130 2146 μιῶν
2152 2071 2256 2124 ἀπὺ
2283 2068 2386 2120 τῶν
2412 2069 2466 2119 ἐν
2488 2064 2566 2133 τῷ
2589 2059 2818 2128 διαϐόλῳ
2842 2052 3193 2124 ἐπιθυμιῶν
3233 2045 3626 2118 γεννωμένων,

1999 2137 2182 2234 σαφές,
2212 2163 2293 2214 ὅτι
2338 2159 2395 2211 αί
2433 2155 2638 2208 ἐκείνου
2677 2149 2978 2218 ἐπιθυμίαι
3026 2143 3325 2216 φρόνημα
3357 2139 3495 2208 ῦλης
3525 2137 3629 2189 εἰσὶ

2110 2254 2328 2324 φθορᾶς,
2357 2249 2421 2311 ἃς
2445 2245 2646 2316 κυρίως
2671 2241 2872 2311 ἔχθρας
2898 2239 3059 2290 εἴποι
3084 2253 3188 2298 τις
3215 2235 3289 2287 ἂν
3321 2227 3471 2284 εἶναι
3498 2228 3628 2298 πρὸς

1999 2319 2146 2399 Θεόνν.
2177 2319 2367 2402 Φόνους
2411 2338 2505 2408 μέν
2556 2331 2649 2386 οὖν
2689 2332 2786 2384 καὶ
2836 2327 3104 2390 ἀδικίας,
3150 2325 3260 2379 καὶ
3314 2319 3630 2383 πλεονεξίας

2003 2501 2059 2579 ἐν
2093 2525 2220 2582 υίοίς
2260 2517 2418 2571 αὐτοῦ
2457 2510 2845 2584 παραπλησίας
2871 2506 3135 2567 ταύταις
3171 2503 3510 2573 ἐπιθυμίας,
3537 2501 3633 2552 οὐκ

2004 2611 2344 2682 ἀπεμφαίνει,
2371 2606 2502 2660 ἀλλὰ
2531 2603 2626 2656 καὶ
2661 2598 2902 2668 γενικῶς
2938 2597 3338 2666 ἀκαθαρσίας
3364 2598 3435 2664 τῇ
3478 2592 3632 2661 φύσει

2007 2702 2244 2762 ἐναντίας
2269 2694 2638 2766 τυγχανούσας
2663 2695 2730 2760 τῇ
2754 2689 3127 2759 καθαρότητι
3151 2688 3352 2756 λέγειν
3383 2682 3522 2740 εἶναι
3538 2684 3633 2747 τὰς

2008 2791 2210 2843 ἐκείνου
2237 2785 2544 2854 ἐπιθυμίας,
2571 2784 2660 2851 ἀφ’
2689 2776 2764 2836 ὧν
2797 2783 2855 2833 αἱ
2884 2779 3040 2849 πρὸς
3075 2779 3157 2831 τὰ
3182 2778 3492 2848 ἀκάθαρτα
3522 2777 3635 2826 ἐπι-

2009 2881 2192 2951 θυμίαι
2224 2878 2456 2946 γίνονται
2497 2873 2705 2934 τέκνοις
2734 2870 2834 2923 τοῦ
2880 2871 3198 2938 διαϐόλου,
3257 2871 3322 2923 ού
3359 2867 3636 2938 δυσπαράο

2011 2969 2192 3023 δεκτόν
2216 2969 2327 3018 ἐστι
2350 2963 2490 3016 τόδε·
2519 2963 2612 3014 καὶ
2644 2960 2906 3031 πορνείαν
2938 2959 3151 3028 λέγειν
3186 2956 3341 3012 εἶναι
3379 2959 3479 3029 τὴν
3509 2957 3637 3009 Exsi-

2013 3076 2101 3114 νου
2130 3055 2437 3126 ἐπιθυμίαν,
2467 3054 2500 3122 ἢ
2537 3051 2806 3121 μοιχείαν,
2831 3050 2867 3119 ἢ
2915 3051 3386 3121 παιδοφθορίαν,
3415 3049 3450 3119 ἢ
3479 3047 3634 3118 μαλα-

2012 3146 2272 3215 κίανβθ),
2288 3146 2385 3196 οὐκ
2411 3143 2644 3212 εὐχερῶς
2669 3141 2733 3193 ἄν
2747 3158 2834 3202 τις
2856 3142 3286 3210 παραδέξοιτο.
3311 3140 3435 3194 Κᾶν
3469 3140 3633 3208 ἀπορῇ

2013 3238 2128 3300 πῶς
2159 3237 2214 3289 αί
2251 3233 2528 3303 ἐπιθυμίαι
2571 3227 2732 3284 αὗται
2764 3231 2838 3286 ,ἐν
2871 3230 3233 3302 ἀνθρώποις
3291 3231 3409 3284 ἀπὸ
3451 3227 3556 3282 τῶν
3584 3229 3637 3279 ἐν

2017 3323 2200 3392 ἐκείνῳ
2223 3321 2457 3388 γίνονται
2482 3317 2804 3387 ἐπιθυμιῶν,
2836 3317 2971 3369 ὅσον
3002 3321 3117 3372 ἐπὶ
3147 3325 3225 3392 τῇ
3269 3319 3446 3385 λέξει,
3487 3317 3640 3370 οἱονεὶ

2017 3411 2294 3466 καθολικοῦ
2310 3427 2449 3471 τινος
2468 3409 2876 3478 παρισταμένου
2897 3407 3025 3479 (5i)
3050 3429 3130 3464 πε
3141 3412 3201 3481 pl.
3221 3412 3344 3464 τῶν
3369 3413 3429 3463 ἐν
3447 3406 3642 3480 ἀνθρώ-

2019 3519 2137 3564 ποις
2165 3498 2478 3569 ἐπιθυμιῶν,
2525 3498 2599 3561 ὼς
2641 3498 2750 3567 ἄρα
2793 3497 3070 3553 θέλουσιν
3125 3504 3181 3554 οί
3233 3502 3527 3573 ἄνθρωποι
3551 3498 3641 3560 τὰς

2022 3590 2306 3660 ἐπιθυμίας
2339 3587 2430 3640 τοῦ
2469 3587 2672 3657 πατρὸς
2703 3587 2889 3640 αὐτῶν
2939 3595 3170 3657 ποιεῖν,
3207 3593 3364 3645 ὥστε
3400 3593 3576 3646 πάντα
3612 3589 3646 3643 ἃ

2022 3680 2337 3751 ἐπιθυμοῦσι
2357 3678 2701 3749 παρανόμως,
2727 3678 3010 3748 πρότερον
3047 3683 3382 3755 ἐπιθυμίας
3405 3680 3542 3736 εἶναι
3560 3678 3648 3734 τοῦ

2024 3768 2224 3838 πατρὸς
2253 3765 2454 3818 αὐτῶνο
2488 3765 2724 3818 τοιοῦτον
2761 3765 2872 3836 γάρ
2907 3767 3042 3822 ἐστι
3099 3773 3194 3824 τό·
3237 3774 3360 3826 Kal
3395 3773 3504 3838 τὰς
3531 3773 3652 3824 ean-

2026 3858 2234 3926 θυμίας
2263 3855 2367 3908 τοῦ
2408 3853 2628 3922 πατρὸς
2653 3852 2822 3923 ὑμῶν
2865 3855 3098 3913 θέλετε
3144 3864 3365 3917 ποιεῖν
3385 3881 3401 3895 ·
3443 3863 3651 3915 λεκτέον

2026 3951 2082 4004 δέ
2120 3948 2252 4018 πρὸς
2295 3947 2482 4010 ταῦτα,
2526 3947 2607 3998 ὃτι
2647 3949 2676 3998 ὁ
2722 3946 2983 4012 διάϐολος
3042 3953 3344 4024 ἐπιθυμεῖ
3388 3956 3654 4026 φθαρῆναι

2027 4037 2194 4100 τόνδε,
2231 4037 2360 4106 φέρε
2385 4038 2575 4098 είπεῖν,
2591 4036 2682 4087 τὸν
2704 4037 2896 4100 παῖδα,
2919 4040 3030 4092 καὶ
3058 4047 3459 4116 μοιχευθῆναι
3481 4045 3653 4115 τήνδε.

2039 4085 2194 4100 ’ν’-ν
2241 4085 2354 4106 I'r'
2389 4085 2522 4088 ""'-
2562 4085 2575 4098 ν
2712 4085 2896 4100 “⁷“⁷“⁷“ν
2921 4085 3030 4092 --νη
3058 4085 3168 4112 Γ.-.
3213 4085 3343 4099 --.μ
3375 4085 3459 4099 ,,,,,
3492 4085 3532 4099 ,,
3559 4085 3622 4097 η,

2030 4130 2122 4182 καὶ
2143 4126 2428 4196 πορνεῦσαι
2461 4127 2665 4193 τούσδε,
2701 4129 2798 4180 καὶ
2831 4129 3060 4184 τούτων
3103 4085 3427 4208 ἐπῒθυμῶν
3452 4085 3658 4207 ἐμποῑεί

2031 4220 2140 4280 τοῖς
2180 4217 2487 4286 δυναμένοις
2514 4215 2661 4286 αὐτῷ
2693 4218 3187 4291 ὑπηρετήσασθαι
3233 4228 3546 4300 ἐπιθυμίαν
3572 4226 3660 4280 τοῦ

415 4349 669 4404 generare
699 4305 782 4386 his
807 4329 894 4397 qui
927 4326 1104 4380 valent
1140 4322 1216 4374 illi
1248 4319 1489 4386 obsequi,
1514 4315 1828 4371 desiderium
1863 4314 1910 4368 fa

2097 4305 2285 4404 ιι-’ῐγσαιἱ
2311 4305 2450 4375 ἅπερ
2483 4309 2684 4368 ἐκεῖνος
2725 4309 3037 4380 ἐνεργῆσαι
3091 4315 3408 4385 βούλεταιο
3439 4321 3568 4373 ὥστ’
3601 4319 3663 4372 ἂν

418 4403 590 4478 ciendi
634 4435 750 4487 qua:
779 4418 864 4470 ille
909 4415 1090 4483 cupiat
1131 4409 1303 4463 eflici:
1345 4415 1404 4460 ut
1433 4407 1532 4459 hac
1560 4406 1770 4458 ratione
1800 4403 1940 4458 dicat

419 4513 610 4582 aliquis
634 4507 900 4563 diabolum
928 4502 1352 4558 committentem
1393 4495 1822 4557 fornicationem,
1850 4500 1942 4546 aut

421 4602 758 4660 adulterium,
810 4595 961 4666 prius
1015 4589 1268 4646 fornicari
1323 4596 1379 4641 et
1422 4587 1570 4656 prius
1622 4584 1940 4638 adulterium

422 4693 752 4749 committere
782 4701 940 4756 quam
967 4683 1253 4738 hominem.
1296 4677 1438 4731 Idem
1478 4676 1640 4729 etiam
1687 4673 1832 4727 dices
1879 4672 1945 4725 de

424 4783 564 4837 omni
592 4787 846 4849 peccato:
884 4773 1027 4827 verbi
1051 4770 1240 4840 gratia,
1273 4765 1510 4821 diabolus
1538 4770 1812 4830 argentum
1842 4773 1944 4811 non

426 4847 707 4930 desiderat,
740 4874 794 4916 at
815 4872 956 4916 amat
973 4859 1177 4928 argenti
1203 4855 1422 4925 cupidos
1448 4850 1640 4910 facere,
1667 4847 1948 4914 facereque

429 4961 669 5016 homines
723 4968 898 5010 rerum
944 4949 1296 5006 materialium
1337 4941 1616 4998 affectibus
1643 4936 1899 4991 obnoxios
1932 4951 1946 4987 :

535 5099 578 5128 δ’
606 5097 757 5152 Joan.
795 5107 920 5159 vm,
953 5089 1042 5145 Η.
1116 5089 1160 5120 ⁸⁸
1192 5087 1323 5142 ibid.
1395 5083 1439 5114 "
1461 5079 1591 5136 ibid.
1663 5076 1708 5107 ³³
1734 5074 1861 5128 ibid.
1891 5072 1977 5126 41.

510 5232 638 5297 (26‘)
659 5230 878 5287 Uncinis
903 5229 1100 5282 inclusa
1119 5227 1171 5280 in
1193 5225 1374 5280 Graeco
1397 5221 1786 5297 nondeguntur‘.
1809 5215 1954 5294 Eptr.

446 5283 824 5434 iride):
856 5297 1186 5357 Bodleianus,
1217 5302 1378 5357 recte,
1407 5291 1470 5344 ἂν
1497 5283 1720 5357 ἐνέγκῃο
1745 5283 1957 5353 Regius,

453 5500 464 5512 ,
650 5420 828 5512 Codex
853 5433 1207 5512 .Bodleianus,
1251 5430 1446 5499 optime
1465 5468 1478 5491 ,
1525 5424 1683 5498 ῥητοῦ
1703 5440 1718 5454 ο
1748 5420 1962 5491 Regius,

451 5501 664 5566 insulse,
700 5508 764 5556 ἐκ
789 5502 902 5556 τοῦ.

521 5567 627 5638 (29)
654 5558 830 5626 Codex
858 5568 1189 5632 Bodleianus,
1213 5566 1452 5632 φάσκειν·
1478 5562 1690 5630 Regius,
1723 5558 1919 5624 φάσκῃ.

2038 4396 2175 4450 κατὰ
2197 4396 2349 4448 τοῦτο
2377 4397 2462 4448 τὸν
2496 4395 2820 4467 ἐνεργοῦντα
2862 4401 2972 4471 τὴν
3009 4411 3333 4476 πορνείαν,
3363 4413 3400 4482 ἢ
3429 4413 3529 4483 τὴν
3556 4429 3668 4482 μοι-

2039 4487 2184 4558 χείαν
2215 4487 2471 4557 πρότερον
2511 4487 2685 4555 λέγειν
2725 4489 2820 4542 τοῦ
2859 4492 3186 4564 ἀνθρώπου
3234 4505 3540 4574 πορνεύειν
3579 4503 3670 4556 καὶ

2045 4575 2328 4666 μοιχεύειν.
2356 4575 2428 4628 Τὸ
2452 4577 2493 4628 δ’
2515 4577 2644 4629 αὐτὸ
2669 4579 2762 4631 καὶ
2786 4581 2916 4649 περὶ
2941 4585 3150 4658 πάσης
3178 4592 3484 4666 ἁμαρτίας
3507 4596 3666 4665 ἐρεῖς.

2042 4662 2151 4718 οἷον
2191 4666 2427 4729 διάϐολος
2465 4668 2741 4738 ἀργυρίων
2772 4671 2872 4739 μὲν
2911 4675 3022 4727 οὐκ
3056 4662 3376 4753 ἐπιθυμεῖ,
3416 4662 3673 4753 ἐπιθυμεῖ

2046 4756 2102 4808 δέ
2125 4756 2478 4828 φιλαργύρους
2501 4759 2719 4827 ποιῆσαι
2736 4776 2750 4790 ο
2788 4762 2888 4813 καὶ
2912 4771 3297 4838 προσπαθεῖς
3324 4778 3447 4840 τοῖς
3475 4776 3674 4838 ὑλικοίς

2050 4847 2358 4916 πράγμασι·
2402 4847 2600 4916 ταύτην
2639 4849 2696 4902 δὲ
2741 4850 2844 4920 τὴν
2889 4855 3220 4930 ἐπιθυμίαν
3247 4867 3431 4919 αὐτοῦ
3464 4867 3674 4920 θέλουσι

2054 4938 2220 4988 ποιεῖν
2251 4936 2299 4989 oi
2321 4937 2419 4989 οὐκ
2457 4937 2629 5002 ἄλλως
2663 4938 2699 5009 ἢ
2737 4939 2818 5011 τῷ
2848 4941 3035 5001 θέλειν
3079 4951 3489 5020 φιλοῦντεςτδ
3510 4955 3678 5028 ἀργύ-

2124 5203 2818 5294 ςπεριοιεῐεεξεξειιεεεθηιιξν
2861 5213 3172 5294 μειλακιαν-
3212 5219 3470 5294 Resina.
3511 5221 3682 5290 μαλα-

2057 5273 2120 5326 κό
2188 5288 2217 5323 τ
2259 5310 2271 5324 .
2618 5277 2630 5293 ο
2764 5278 2777 5294 .
2861 5271 2875 5282 -
2912 5282 2937 5294 ,,
3094 5271 3098 5272 ν
3216 5271 3470 5308 την-ἶ,
3511 5271 3636 5290 rw,

2213 5271 2550 5410 εριδέἓῖίεξῖδε
2578 5287 3342 5410 interemissent"
3381 5309 3448 5345 ου
3487 5292 3681 5362 δυσιε-

3032 5361 3556 5497 ῗέιῗρῖἓξξιμέγου.
3581 5426 3684 5481 Pe-

2433 5483 2716 5620 ;grbaaic
2740 5491 2947 5560 reddit,
2997 5478 3070 5550 Ut
3101 5478 3162 5551 ii
3199 5478 3555 5554 animo;
3583 5478 3688 5550 oti-
