3820 6196
205 213 240 265 :‘l
1138 212 1481 269 COMMENT.
1516 214 1579 267 IN
1610 213 1796 271 JOAN.
1822 216 2051 272 ’ΥΟΜίἔὸ
2083 219 2197 273 XX.
3134 212 3237 267 σεε

208 340 268 377 ον.
292 321 462 390 Διόπερ
484 317 769 386 ἀναγκαῖόν
798 323 937 376 ἐστιν
964 323 1260 392 ἐφιστάνειν
1296 327 1436 395 ἡμᾶς
1472 328 1629 380 πᾶσιν
1655 327 1696 383 Α

1726 326 1863 391 quod
1887 326 2050 392 ipsius
2080 326 2393 381 desiderium
2422 326 2597 380 facere
2626 323 2895 378 voluani
2934 322 3022 392 qui
3048 338 3237 391 argen-

205 409 233 473 ⁷ς
250 409 433 476 θέλομεν
468 410 653 467 ποιεῖν,
683 409 775 460 καὶ
800 409 1082 474 ἐξετάζειν,
1112 415 1313 482 μήποτε
1353 414 1381 466 δ
1416 413 1630 485 θέλομεν

1727 421 1839 464 tum
1873 429 1975 466 non
2001 415 2153 467 aliter
2180 429 2334 481 quam
2356 413 2510 483 335
2532 414 2799 467 voluntate
2827 418 3021 465 amant.
3044 411 3237 477 Quam-

205 502 303 551 κεῖν
329 499 382 549 ἐκ
416 496 515 547 τῶν
558 496 650 549 τοῦ
675 497 914 551 διαϐόλου
942 499 1235 570 ἐπιθυμιῶν
1256 505 1428 554 ἐστιν·
1463 504 1547 557 ἵνα
1569 505 1631 557 ἐκ

205 590 236 639 ὦ
257 584 608 655 τεθεωρηκέναι
646 585 711 638 τὰ
752 589 813 639 ἐκ
841 587 945 639 τῶν
968 588 1058 641 τοῦ
1077 589 1311 644 διαϐόλου
1339 593 1631 662 ἐπιθυμιῶν

205 672 437 744 ιυσώμεθα
472 674 640 727 θέλειν
680 679 847 729 ποιεῖν
876 680 1073 742 ἐκεῖνα,
1115 681 1306 743 εἰδότες
1345 682 1514 734 πάντα
1544 682 1631 736 τὸν

206 766 338 816 λοντα
361 764 517 815 ποιεῖν
542 763 641 827 τὰς
660 765 752 817 τοῦ
782 766 1019 821 διαϐόλου
1044 770 1324 841 ἐπιθυμίας
1345 774 1407 825 ἐκ
1432 776 1631 846 πατρὸς

207 875 231 908 ν
268 854 491 925 οὐδαμῶς
534 849 669 908 εἶναι
708 856 860 919 Θεοῦ,
889 858 1128 912 διαϐόλου
1154 860 1208 913 δέ
1244 863 1512 930 γεγονέναι
1549 865 1634 917 τέ-

205 964 269 1009 ον,
295 945 375 998 καὶ
405 945 506 997 ἀπὸ
537 946 630 999 τοῦ
675 947 842 999 θέλειν
882 953 1049 1002 ποιεῖν
1083 951 1177 1014 τὰς
1218 953 1499 1023 ἐπιθυμίας
1541 955 1630 1008 τοῦ

205 1038 348 1108 ἴρονος
384 1035 769 1106 μορφοὺμενον,
795 1038 886 1091 καὶ
913 1041 1026 1093 κατ’
1052 1042 1229 1096 εἰκόνα
1252 1044 1521 1113 γινόμενον
1541 1045 1631 1099 τοῦ

205 1125 346 1196 νηροῦ
370 1126 591 1196 πατρὸς,
615 1128 708 1195 ἀφ’
733 1121 791 1180 οὗ
824 1127 1083 1198 ἔρχονται,
1108 1132 1197 1185 καὶ
1217 1134 1496 1188 τυποῦνται
1537 1137 1631 1206 μὲν

205 1216 313 1266 ιίνου
337 1214 440 1282 (52)
469 1213 564 1266 τοῦ
601 1213 780 1283 χοϊκοῦ
815 1218 1046 1281 εἰκόνες’
1086 1221 1290 1291 πρῶτος
1330 1222 1434 1294 γὰρ
1458 1225 1633 1293 χοῖκὸς

205 1308 310 1366 εἶνος
343 1302 417 1373 τῷ
461 1303 674 1374 πρῶτος
717 1302 1119 1372 ἀποπεπτωκὼς
1157 1310 1259 1363 τῶν
1300 1315 1629 1382 κρειττόνων,

205 1432 209 1443 ,
243 1391 648 1462 ἐπιτεθυμηκὼς
690 1395 878 1467 ἐτέρας
909 1398 1053 1468 παρὰ
1080 1398 1169 1468 τὴν
1204 1400 1472 1470 κρείττονα
1495 1402 1633 1472 ζωῆς

205 1481 274 1549 ὴν,
315 1479 460 1543 ἄξιος
500 1481 779 1549 γεγονέναι
814 1483 905 1536 τοῦ
937 1484 1103 1555 ἀρχὴν
1146 1487 1301 1539 αὐτὸν
1342 1484 1474 1543 εἶναι
1503 1491 1631 1561 (55),

205 1585 228 1620 ε
272 1568 603 1638 κτίσματος,
644 1570 765 1624 οὔτε
802 1575 1113 1644 ποιήματος,
1148 1575 1279 1629 ἀλλὰ
1328 1577 1632 1648 πλάσματος

205 1659 320 1728 ρίου,
343 1662 705 1730 πεποιημένον
730 1662 1205 1731 ἐγκαταπαίζεσθαι
1232 1667 1332 1720 ὑπὸ
1350 1668 1453 1721 τῶν
1472 1671 1630 1740 ἀγγέ-

205 1768 211 1790 ι
249 1749 425 1802 αὑτοῦ.
462 1751 578 1804 Καὶ
612 1751 765 1821 ἡμῶν
796 1753 851 1805 δὲ
887 1754 919 1824 ἡ
950 1758 1318 1829 προηγουμένη
1348 1761 1628 1825 ὑπόστασις

205 1858 244 1891 ιν
284 1840 338 1891 ἐν
368 1838 445 1908 τῷ
482 1840 608 1892 κατ’
642 1840 817 1895 εἰκόνα
855 1843 947 1896 τοῦ
986 1845 1285 1909 κτίσαντοςθ
1316 1848 1424 1918 ἡδὲ
1453 1849 1511 1914 ἐξ
1542 1854 1625 1904 αἰ-

205 1946 220 1988 ;
245 1930 299 1979 ἐν
326 1926 401 1998 τῷ
433 1928 695 1997 ληφθέντι
717 1929 820 1982 ἀπὸ
852 1931 941 1984 τοῦ
966 1932 1058 2002 χοῦ
1080 1934 1175 2004 τῆς
1209 1936 1310 2007 γῆς
1332 1937 1622 2009 πλάσματι·

217 2016 261 2066 εἰ
304 2015 420 2084 μὲν,
455 2013 651 2084 ὥσπερ
688 2017 1051 2085 ἐπιλαθόμενοι
1079 2021 1173 2090 τῆς
1198 2021 1255 2072 ἐν
1296 2024 1421 2092 ἡμῖν
1450 2026 1626 2094 κρείτι-

205 2119 242 2164 ις
272 2103 472 2166 οὐσίας,
518 2103 871 2175 ὐποτάξωμεν
915 2106 1131 2172 ἑαυτοὺς
1172 2109 1245 2179 τῷ
1275 2111 1377 2165 ἀπὸ
1414 2113 1503 2166 τοῦ
1532 2113 1625 2184 χοῦ

207 2202 383 2262 σματι,
428 2195 525 2247 καὶ⁹
570 2195 629 2247 τὸ
668 2198 905 2266 κρεῖττον
952 2197 1049 2268 τὴν
1097 2199 1273 2253 εἰκόνα
1320 2201 1411 2254 τοῦ
1450 2203 1627 2271 χοϊκοῦ

205 2299 311 2333 εται
328 2298 341 2311 °
376 2285 424 2335 εἰ
453 2283 539 2345 δὲ,
565 2285 806 2347 συνέντες
832 2286 891 2338 τὸ
918 2287 1132 2357 ποιηθὲν
1165 2291 1279 2341 κατ’
1302 2290 1482 2344 εἰκόνα
1498 2292 1626 2363 (54),

206 2371 260 2421 τὸ
289 2370 492 2441 ληφθέν
518 2373 634 2426 ἀπὸ
665 2374 756 2426 τοῦ
791 2374 885 2443 χοῦ
925 2376 1021 2445 τῆς
1058 2377 1177 2447 γῆς,
1205 2378 1311 2431 δλοι
1334 2380 1630 2450 προσνεύω-

213 2460 343 2529 πρὸς
362 2461 564 2515 τοῦτον
586 2463 719 2532 (55),
743 2458 802 2518 οὗ
830 2468 949 2517 κατ’
975 2467 1152 2519 εἰκόνα
1175 2467 1486 2538 γεγόναμεν,
1515 2471 1630 2523 ἐσό⁴

205 2565 226 2598 ι
268 2549 361 2600 καὶ
400 2550 531 2602 καθ’
561 2550 811 2621 ὁμοίωσιν
835 2551 987 2617 Θεοῦ,
1013 2557 1185 2608 πᾶσαν
1212 2556 1307 2625 τὴν
1336 2557 1465 2627 πρὸς
1502 2558 1630 2629 ῦλην

215 2635 437 2704 σώματα
483 2654 529 2689 π
540 2638 886 2707 ροσπάθειαν,
931 2642 1021 2693 καὶ
1063 2642 1158 2712 τὴν
1201 2643 1335 2712 πρός
1373 2661 1490 2696 τινα
1525 2644 1630 2697 τῶν

239 2725 502 2792 ὁμοίωσιν
556 2727 955 2795 ἀπολείψαντες.
1010 2730 1157 2783 Ἐπεὶ
1201 2731 1255 2783 δέ
1298 2731 1434 2785 κατὰ
1485 2732 1630 2796 θείας

205 2812 296 2879 ρᾶς
315 2816 348 2882 ἡ
376 2815 545 2867 ἐπιθυ
558 2814 653 2885 μία
673 2815 780 2885 (56)
802 2816 906 2869 τῶν
934 2816 1109 2887 μέσων
1132 2819 1293 2882 ἐστὶν,
1319 2820 1414 2873 οὐκ
1434 2821 1628 2885 εἰδυίας

224 2901 559 2975 Ἑλληνικὴν
597 2905 705 2956 τῶν
746 2906 1143 2975 σημαινομένων
1195 2907 1343 2979 παρὰ
1395 2911 1504 2972 τοῖς
1558 2910 1625 2963 τὰ
1653 2933 1696 2991 c

205 2990 296 3043 ὖτα
336 2992 699 3065 διαρθροῦσιν
756 2995 1049 3065 ἀκρίϐειαν,
1101 2997 1174 3060 ῶς
1214 2998 1260 3049 τ’
1306 2997 1370 3051 ἂν
1419 2999 1478 3051 τὸ
1535 3001 1627 3070 μὲν

209 3082 286 3132 ἴον
317 3080 585 3151 βούλησιν
613 3082 871 3152 ὀνομάσαι
894 3085 1024 3155 ('57),
1048 3085 1112 3155 ἢν
1142 3086 1399 3156 ὁρίζονται
1420 3087 1629 3157 εῦλογον

207 3186 281 3220 ιν·
311 3171 376 3223 τὸ
412 3171 474 3224 δὲ
515 3171 720 3239 φαῦλον
754 3174 1058 3242 ἐπιθυμίαν,
1080 3175 1145 3244 ἦν
1167 3193 1323 3243 φασιν
1346 3177 1455 3248 (58)
1494 3174 1628 3231 εἴναι

207 3276 259 3310 ον
282 3259 496 3330 ὄρεξιν,
521 3261 560 3332 ἢ
601 3261 832 3331 σφοδρὰν
872 3262 1066 3332 ὄρεξιν,
1101 3263 1330 3329 λεκτέον,
1370 3266 1451 3318 ὅτι
1486 3269 1630 3319 πᾶσα

207 3349 298 3418 ςτὴ
324 3349 496 3416 φύσις
526 3350 632 3414 τὰς
656 3351 941 3422 ἐπιθυμίας
977 3351 1070 3404 τοῦ
1107 3352 1231 3406 ἰδίου
1265 3355 1465 3425 πατρὸς
1491 3355 1627 3409 θέλει

207 3457 234 3489 ν
252 3456 268 3470 ’
301 3439 505 3511 ὥσπερ
548 3442 646 3494 καὶ
670 3444 814 3494 πᾶσα
836 3445 974 3495 ποιεῖ
993 3443 1061 3494 τὰ
1091 3443 1221 3513 ἔργα
1248 3442 1338 3497 τοῦ
1377 3445 1504 3498 ίδίου
1528 3464 1629 3500 πα-

242 3530 337 3582 τοῦ
379 3531 486 3600 μὲν
522 3530 759 3601 πρώτως
786 3531 891 3601 (39)
922 3531 1072 3600 ἁγίου
1110 3534 1317 3604 Πατρὸς
1343 3534 1627 3605 ἀγεννήτου

207 3617 452 3682 ὶνοντοςο
485 3615 654 3682 οὗτος
687 3619 743 3671 δέ
779 3621 920 3673 ἐστιν
949 3624 977 3674 ό
1001 3621 1159 3685 Θεός’
1192 3620 1284 3674 τοῦ
1324 3622 1377 3675 δὲ
1406 3621 1628 3693 πρώτως

207 3706 292 3757 δοῦ
329 3709 585 3779 πατρὸς,
622 3706 679 3771 ἐξ
715 3708 921 3771 οὐδενὸς
946 3710 1094 3771 ὄντος
1120 3711 1345 3781 πατρόςο
1375 3712 1490 3763 οὐδὲ
1521 3712 1627 3782 γὰρ

207 3796 330 3862 τησέ
377 3814 472 3859 τις
509 3799 577 3850 ἐν
623 3796 767 3865 αὐτῷ
808 3798 988 3868 πατὴρ
1022 3798 1118 3868 τὴν
1155 3799 1428 3870 πονηρίαν,
1460 3800 1570 3853 ἀλλ’
1593 3802 1626 3868 ἡ

207 3886 318 3937 θεοῦ
348 3886 622 3957 ἐκτροπὴ
649 3887 967 3955 γεγέννηκεν
993 3888 1175 3958 αὑτήν.
1204 3888 1275 3940 Τὸ
1303 3889 1398 3959 μὲν
1419 3885 1510 3943 οὖν
1533 3891 1626 3943 νῦν

207 3973 447 4043 ῖόμενον
476 3974 635 4027 κατὰ
666 3974 756 4027 τό·
787 3975 893 4028 Καί
924 3978 1026 4041 τὰς
1050 3977 1357 4044 ἐπιθυμίας
1377 3978 1481 4031 τοῦ
1513 3996 1623 4032 πα-

208 4066 400 4132 ὺμῶν
436 4066 663 4119 θέλετε
693 4065 900 4129 ποιεῖν,
947 4065 1146 4135 σαφῶς,
1179 4068 1259 4120 ὅτι
1304 4067 1622 4139 ἀναφέρεται

207 4152 292 4205 τὸν
323 4152 630 4214 διάϐολον,
659 4154 1042 4224 προειρημένου
1061 4154 1151 4208 τοῦ
1169 4172 1182 4185 ·
1216 4155 1405 4224 Ὑμεῖς
1427 4158 1494 4210 ἐκ
1519 4158 1623 4211 τοῦ

1724 500 1902 555 obrem
1949 503 2125 555 omnia
2166 517 2281 568 qua:
2320 505 2486 555 acturi
2515 515 2715 563 sumus,
2740 499 3074 568 inspiciamus
3091 514 3237 565 onor.

1727 601 1800 645 tet
1830 601 1884 645 et
1914 592 2298 659 examinemus,
2328 606 2395 647 ne
2422 593 2557 646 forte
2585 593 2726 660 quod
2765 592 2940 645 facere
2974 590 3236 650 volumus,

1726 681 1793 733 sit
1817 696 1883 734 ex
1931 681 2203 735 desideriis
2236 682 2429 734 diaboli
2455 699 2467 734 :
2494 690 2551 735 ut
2582 697 2699 733 cum
2731 680 3016 734 viderimus
3048 679 3239 733 diaboli

1727 773 2008 834 desideria,
2038 773 2341 825 desinamus
2368 772 2500 826 \‘elle
2531 786 2590 824 ea
2620 772 2813 831 facere,
2857 769 3082 823 scientes
3127 783 3239 818 mu-

1726 876 1847 915 nem
1876 863 1964 930 qui
1995 861 2193 916 diaboli
2238 860 2499 915 desideria
2554 861 2730 913 iacere
2761 857 3005 922 voluerit,
3039 872 3103 911 ex
3133 860 3239 911 Deo

1727 953 1882 1006 Patre
1909 953 2309 1022 haudquaquam
2339 966 2455 1006 esse
2482 965 2659 1021 posse,
2692 951 2781 1005 sed
2835 949 3031 1004 factum
3080 949 3237 1002 fuisse

1728 1042 1920 1096 diaboli
1954 1041 2136 1103 ﬁlium,
2162 1050 2320 1110 atque
2339 1041 2496 1096 etiam
2529 1039 2808 1095 formatum
2839 1047 2893 1094 et
2938 1038 3131 1092 factum
3172 1036 3237 1090 ad

1728 1131 2005 1199 imaginem
2038 1129 2157 1183 mali
2185 1129 2369 1199 patris,
2392 1142 2456 1184 eo
2484 1128 2621 1197 quod
2651 1128 2775 1181 velit
2802 1126 2998 1195 pejoris
3032 1126 3239 1181 deside-

1729 1220 1805 1271 ria
1840 1219 2036 1279 facere,
2066 1233 2094 1271 a
2119 1233 2223 1286 quo
2255 1215 2659 1285 proﬁciscuntur
2696 1214 3094 1282 l‘ormautnrque
3127 1221 3235 1265 ter-

1730 1309 1916 1363 restris
1942 1308 2083 1362 illius
2110 1307 2367 1374 imagines
2396 1323 2410 1360 :
2440 1305 2642 1373 primus
2670 1306 2811 1365 enim
2848 1313 3093 1356 terrenus
3125 1301 3235 1363 ille,

1728 1410 1793 1449 eo
1817 1397 1953 1464 quod
1978 1396 2179 1465 primus
2206 1396 2451 1463 delapsus
2484 1394 2641 1446 fuerit
2662 1406 2690 1445 a
2728 1393 2885 1446 rebus
2908 1389 3236 1456 melioribus,

1729 1498 1779 1541 et
1808 1487 2183 1541 desideraverit
2212 1486 2432 1539 alteram
2457 1484 2619 1537 vitam
2662 1492 2855 1552 praeter
2895 1483 3056 1535 vitam
3104 1496 3239 1549 pra:-

1731 1576 2059 1637 stantiorem,
2087 1574 2274 1642 dignus
2302 1570 2472 1626 factus
2500 1570 2597 1624 l'uit
2616 1581 2673 1623 ut
2692 1579 2831 1624 esset
2859 1571 3174 1639 principium
3190 1570 3239 1602 ⁵³

1730 1682 1829 1719 nou
1861 1673 2135 1729 creaturae,
2159 1678 2258 1716 non
2288 1661 2485 1729 operis,
2509 1660 2598 1713 sed
2621 1658 2852 1728 ﬁgmenti
2873 1657 3098 1721 Domini,
3126 1659 3236 1711 iac-

1726 1766 1810 1810 tus
1835 1763 1893 1808 ut
1913 1754 2218 1808 illuderetur
2249 1752 2315 1805 ab
2342 1750 2544 1821 angelis
2573 1749 2705 1819 eius.
2740 1749 2925 1802 Nostra
2947 1762 3072 1802 vero
3094 1750 3238 1815 priu-

1721 1841 1902 1910 cipalis
1930 1840 2222 1895 substantia
2254 1839 2304 1892 in
2329 1854 2388 1893 ea
2418 1846 2566 1904 parte
2592 1844 2694 1902 est,
2719 1851 2836 1904 qua:
2881 1838 2946 1888 ad
2989 1836 3234 1890 similitu-

1720 1932 1895 1988 dinem
1924 1942 2004 1986 est
2042 1930 2341 1992 Creatoris;
2368 1929 2527 1983 altera
2569 1943 2694 1981 vero
2744 1942 2807 1981 ex
2856 1927 3005 1996 culpa
3053 1926 3105 1979 in
3141 1928 3235 1994 lig-

1724 2031 1922 2085 meuto,
1954 2024 2092 2091 quod
2132 2037 2160 2075 e
2192 2021 2404 2089 pulvere
2439 2026 2594 2071 terra:
2620 2027 2700 2071 est
2729 2027 3015 2086 sumptum.
3065 2016 3238 2083 Atque

1725 2110 1963 2180 equidem
1995 2110 2036 2163 si
2066 2108 2212 2163 obliti
2241 2108 2401 2162 veluti
2432 2107 2737 2163 substantiae
2763 2106 3013 2169 melioris,
3039 2119 3156 2175 qua!
3181 2106 3233 2156 in

1725 2200 1877 2252 nobis
1899 2207 2002 2261 est,
2024 2198 2071 2250 ei
2107 2198 2354 2266 ﬁgmento
2373 2198 2512 2265 quod
2545 2204 2626 2250 est
2648 2209 2678 2248 e
2704 2194 2936 2262 pulvere,
2983 2194 3233 2247 subdide-

1724 2289 1888 2341 rimus
1911 2301 2006 2341 nos
2039 2287 2201 2355 ipsos,
2240 2300 2363 2354 pars
2391 2287 2549 2339 etiam
2579 2282 2908 2353 praestantior
2952 2283 3232 2351 imaginem

1728 2377 1919 2430 terreni
1944 2383 2148 2438 sumet;
2178 2375 2257 2428 sin
2294 2389 2421 2429 vero
2462 2374 2815 2443 intelligentes
2855 2372 2990 2439 quod
3035 2371 3231 2425 factum

1724 2475 1805 2519 est
1831 2466 1895 2517 ad
1936 2465 2242 2530 imaginem,
2269 2473 2322 2518 et
2345 2462 2485 2532 quod
2526 2470 2789 2527 sumptum
2834 2470 2976 2514 este
3014 2460 3236 2526 pulvere

1728 2552 2342 2619 teﬂm,inclinaverimus
2371 2552 2435 2605 ad
2485 2553 2621 2605 hunc
2662 2551 2725 2604 ad
2764 2549 2911 2616 cujus
2952 2550 3232 2616 imaginem

1728 2641 1850 2696 facti
1900 2657 2102 2706 sumus,
2150 2641 2347 2694 eriznus
2377 2641 2532 2695 etiam
2560 2640 2624 2693 ad
2650 2640 3046 2693 similitudinem
3092 2640 3181 2693 Dei
3213 2657 3230 2701 ;

1725 2728 1867 2782 omni
1919 2730 2192 2783 all’ectione
2238 2743 2358 2798 erga
2412 2728 2684 2782 materiam
2732 2738 2783 2781 et
2830 2742 2953 2795 erga
2992 2743 3231 2798 corpora,

1730 2828 1883 2887 atque
1910 2820 2065 2873 etiam
2096 2833 2221 2887 erga
2245 2818 2469 2885 aliquem
2495 2832 2676 2871 eorum
2709 2817 2793 2885 qui
2834 2825 2953 2869 sunt
2979 2818 3042 2869 ad
3083 2818 3234 2869 simi-

1727 2907 2025 2971 litudinem,
2052 2907 2266 2961 abolita.
2298 2905 2555 2971 Quoniam
2599 2916 2770 2959 autem
2817 2905 3070 2976 ἐπιθυμία
3112 2904 3235 2977 [hoc

1726 3008 1807 3052 est
1839 2994 2177 3065 desiderium]
2230 2994 2534 3049 indiﬁerens
2564 3003 2646 3049 est
2683 2997 2733 3047 in
2767 2996 3055 3062 Scripturis
3098 2996 3234 3047 divi-

1726 3088 1827 3151 nis,
1857 3103 1960 3141 non
1992 3086 2399 3155 agnoscentibus
2428 3092 2724 3140 accuratam
2751 3085 3119 3140 vocabulorum
3161 3086 3233 3137 si-

1726 3177 2111 3245 gniﬁcationem
2143 3193 2174 3230 a
2204 3178 2470 3246 gentibus,
2502 3177 2587 3243 qui
2613 3174 2887 3243 diligenter
2915 3174 3231 3236 disseruero,

1729 3265 1991 3330 traditam,
2041 3268 2130 3334 qui
2188 3268 2249 3319 τὸ
2290 3267 2494 3320 ἀστεῖον
2526 3266 2667 3337 {hoc
2717 3273 2826 3325 est,
2888 3264 3024 3331 quod
3081 3264 3235 3315 indu-

1725 3354 1930 3417 strium,
1967 3356 2363 3425 studiosumque
2391 3354 2494 3426 est]
2517 3355 2781 3408 nominent
2813 3352 3049 3422 βούλημα
3105 3351 3230 3422 [hoc

1725 3454 1806 3497 est
1832 3444 2197 3516 voluntatem],
2224 3459 2341 3499 eam
2364 3444 2676 3497 deﬁnientes
2703 3444 2989 3513 appetitum
3039 3444 3188 3497 ration
3212 3439 3228 3491 i

1724 3543 2167 3597 consentaneum;
2208 3533 2346 3602 quod
2406 3546 2533 3586 vero
2576 3531 2766 3585 malum
2828 3540 2928 3594 est,
2977 3529 3227 3598 ἐπιθυμία

1726 3622 1849 3691 [hoc
1878 3632 1958 3675 est
1978 3620 2342 3691 desiderium,]
2367 3621 2503 3689 quod
2528 3620 2713 3674 dicunt
2741 3631 2856 3674 esse
2883 3620 3168 3686 appetitum
3198 3634 3230 3669 a

1726 3712 1932 3764 ra:ione
1976 3709 2227 3771 alienum,
2258 3710 2340 3763 vel
2382 3710 2742 3762 vehementem
2784 3708 3104 3775 appetitum;
3153 3705 3233 3759 di-

1723 3801 1943 3854 cendum
1970 3808 2054 3851 est
2078 3813 2286 3852 omnem
2318 3808 2557 3850 naturam
2583 3796 2809 3865 genitam
2842 3795 3101 3847 desideria
3136 3808 3229 3859 pa-

1723 3891 1819 3942 tris
1853 3888 1933 3942 sui
1965 3888 2096 3942 velle
2138 3887 2349 3940 facere:
2399 3884 2835 3952 quemadmodum
2864 3883 3022 3936 etiam
3059 3883 3233 3935 omnis

1724 3990 1908 4034 natura
1953 3980 2077 4034 facit
2116 3992 2273 4047 opera
2307 3978 2471 4045 patris
2506 3976 2609 4039 sui,
2640 3976 2692 4028 in
2718 3973 2903 4042 primis
2929 3973 3140 4042 quidem
3167 3972 3230 4024 il-

1724 4070 1823 4124 lius
1835 4069 2006 4124 Patris
2028 4068 2216 4131 sancti,
2251 4066 2468 4136 iugcniti
2486 4065 2813 4130 exsistentis,
2834 4064 2921 4131 qui
2948 4073 3029 4118 est
3055 4064 3224 4126 Deus;

1724 4162 1866 4215 illius
1897 4175 2023 4215 vero
2056 4160 2107 4214 in
2140 4159 2327 4228 primis
2358 4158 2479 4211 mali
2511 4157 2696 4224 patris,
2722 4155 2881 4225 336
2905 4154 2993 4222 qui
3021 4168 3083 4206 ex
3115 4154 3229 4205 nul-

216 4262 253 4306 ς
286 4243 412 4295 τοῦ
446 4242 749 4295 διαϐόλου
778 4241 935 4305 ἐστὲ,
969 4244 1060 4296 καὶ
1088 4243 1467 4314 ἐπιφερομένου
1494 4246 1584 4299 τοῦ
1603 4263 1616 4277 ·
1650 4230 1693 4285 Ῑ)

1726 4250 1771 4301 lo
1807 4258 1887 4302 est
1921 4258 2090 4317 patre.
2122 4250 2315 4317 quippe
2358 4249 2411 4301 in
2463 4261 2566 4314 quo
2593 4246 2767 4299 nullus
2793 4254 2941 4313 pater
2970 4243 3228 4310 eﬁ'ecerit,

209 4347 309 4393 θος
329 4331 860 4397 ἀνθρωποκτόνος
890 4328 968 4398 ἦν
998 4332 1095 4385 ἀπ’
1128 4332 1332 4401 ἀρχῆς.
1360 4334 1467 4386 Καὶ
1491 4336 1622 4405 πρὸς

1726 4347 1776 4392 ιιι
1824 4337 2135 4392 subsisteret
2157 4337 2411 4402 pravitas,
2444 4335 2535 4388 sed
2564 4334 2774 4387 aversio
2794 4347 2823 4386 a
2851 4332 2958 4386 Deo
2985 4334 3229 4402 genuerit

209 4439 253 4471 ιν
283 4421 416 4472 οὐδ⁹
456 4420 539 4472 ἂν
578 4420 640 4472 οὐ
671 4421 828 4488 μόνον
862 4420 968 4472 τῶν
1004 4423 1066 4475 ἐκ
1086 4422 1177 4476 τοῦ
1202 4423 1458 4486 διαϐόλου,
1491 4426 1621 4479 ἀλλὰ

1726 4444 1855 4485 eam.
1884 4427 2035 4494 Quod
2079 4427 2239 4495 igitur
2267 4442 2405 4480 nunc
2456 4426 2807 4479 examinatum
2846 4439 2875 4475 a
2921 4424 3072 4476 nobis
3123 4430 3226 4485 est,

209 4526 259 4559 »ν
290 4510 366 4561 ἐκ
396 4508 507 4561 τοῦ
540 4508 706 4570 Θεοῦ,
745 4507 911 4575 ὑγιῶς
937 4508 1141 4581 λεχθείη
1170 4512 1255 4564 τό·
1286 4512 1398 4577 Τὰς
1427 4513 1621 4567 timav-

1726 4532 1944 4584 nempe:
1985 4516 2051 4569 Et
2088 4517 2341 4569 desideria
2375 4516 2540 4581 patris
2584 4514 2735 4567 vestri
2766 4512 2921 4566 uultis
2965 4513 3130 4580 facere
3157 4512 3225 4574 “,

209 4597 321 4651 τοῦ
371 4595 638 4663 πατρὸς
671 4595 839 4665 ὑμῶν
884 4598 1079 4651 θέλετε
1126 4598 1329 4655 ποιεῖν.
1369 4601 1619 4668 Ᾱέγονται

1726 4605 2046 4675 perspicuum
2074 4612 2157 4659 est
2186 4604 2252 4657 ad
2278 4603 2540 4658 diabolum
2582 4602 2790 4666 rel'erri,
2836 4616 2958 4656 cum
2984 4601 3226 4668 superius

209 4730 304 4787 Iob
330 4748 440 4791 ιι..
465 4730 574 4784 14.
653 4731 700 4762 ⁸⁸
714 4728 867 4784 Joan.
894 4745 1009 4791 vui,
1037 4731 1124 4787 M.

219 4839 430 4891 Codex
463 4834 716 4903 Regius,
743 4833 1032 4888 τυποῦνται
1050 4837 1099 4887 οἱ
1120 4838 1341 4900 ἐκείνου.
1367 4839 1608 4896 Bodleia-

1726 4842 1988 4908 Iupiditati
2020 4850 2187 4892 autem
2215 4841 2524 4892 contrariam
2554 4856 2659 4893 esse
2685 4841 2859 4908 dicunt
2894 4840 3219 4902 voluntatem,

232 4909 291 4982 in
322 4917 558 4982 textu._
674 4971 714 4982 ﬁ
797 4970 811 4982 .
978 4969 992 4982 θ
1065 4970 1091 4982 η
1140 4968 1163 4982 _
1710 4906 2189 4982 quigest‘gppe‘titio
2211 4909 2398 4982 rationi
2428 4906 3067 4982 consentanea._llusrt03.

219 4976 386 5047 [dim
436 4970 650 5047 codex~
673 4970 899 5047 Regius,
934 4968 1265 5047 aureis-tvm.
1354 5041 1365 5047 _

1726 4968 1889 5047 '_(58)
1930 4968 2366 5047 ’Eatiavylarﬁr
2392 4991 2594 5043 φασιν.
2627 4985 2726 5026 etc.
2774 4974 2960 5047 Cicero
2972 4973 3215 5047 __1'_itsciil,

209 5042 332 5094 Τοῦ
396 5040 652 5115 χοζκοξῑ
697 5036 976 5115 λήψεται·
1000 5038 1173 5115 εἰδὲ,
1221 5041 1530 5115 συνέντες-μ
1548 5044 1615 5115 τὸ

1726 5036 1810 5098 liii.
1841 5059 1897 5096 lli
1928 5062 1941 5096 :
1982 5036 2445 5115 Alteraeupidim's,
2489 5058 2601 5109 qua!
2633 5053 2762 5115 recte
2799 5042 2901 5115 vel_
2924 5041 3080 5115 libido
3117 5043 3220 5115 dici

210 5129 250 5164 ν
282 5103 439 5163 καθ’
467 5109 727 5160 εικόνα.
771 5103 894 5157 llaec
928 5103 1293 5160 desiderantur
1336 5111 1387 5162 in
1419 5103 1615 5166 codici-
1717 5125 1895 5179 palest,
1923 5125 2034 5178 quia
2057 5121 2132 5161 est
2163 5103 2512 5161 iminoderata'
2536 5109 2774 5177 appetitio
2820 5109 3013 5171 apinali
3045 5112 3219 5176 magni

210 5181 317 5229 τοῖο
356 5187 422 5229 et
447 5174 811 5229 Barberiﬂo-
1720 5182 1855 5229 boni.
1888 5177 2070 5229 rationi
2098 5194 2194 5227 non
2220 5176 2583 5229 obtemperans.
2614 5176 2853 5227 Laertius
2876 5176 2930 5226 in
2966 5172 3168 5228 Zenone
3198 5192 3219 5229 :

209 5181 317 5232 eaio
356 5187 422 5232 et
448 5181 535 5229 Ba
545 5181 811 5226 rberino.

219 5197 317 5243 m0
356 5197 422 5232 el.
449 5197 811 5229 Darncrtuu.

220 5249 430 5303 Codex
466 5242 714 5309 Regius,
750 5235 1128 5309 gpoo'vstiwpcv
1160 5243 1250 5294 ἐπὶ
1270 5243 1471 5296 τοῦτον,

224 5300 425 5368 codex
462 5300 705 5384 Regia-5,
750 5300 829 5384 ἦν,
853 5300 1131 5379 ἐπιθυμία,
1160 5311 1315 5384 male.

219 5384 576 5446 Βούλησιν
610 5375 1220 5446 ,ὀνομάσαιν-ῗίνηειο.
1273 5378 1511 5431 Laertius
1558 5380 1611 5431 in

239 5455 311 5505 de
346 5439 847 5515 Stoicisluqueps
898 5452 910 5486 :
948 5439 1031 5515 Τῇ
1082 5442 1142 5493 δὲ
1178 5445 1441 5515 ἐπιθυμία
1465 5448 1610 5515 ἐναν-

211 5504 323 5574 ισὶν
348 5514 499 5570 εἶναι
532 5510 639 5577 τήν
669 5504 943 5573 βούλησιν,
973 5505 1147 5563 οὖσαν
1174 5504 1390 5580 εῦλογὸν
1411 5504 1605 5583 ’ὄρεξινο

1720 5172 1855 5235 boni.
1885 5172 2070 5229 rationi
2098 5194 2194 5227 non
2220 5172 2853 5242 obtemperans'XLaertius
2876 5176 2930 5226 in
2966 5172 3168 5228 Zenone
3198 5192 3219 5231 :

1728 5242 2086 5315 Ἐπιθυμίαδέ
2108 5242 2450 5315 ἐστινάλογος
2475 5243 2672 5315 δρεξις’
2731 5241 2998 5315 cupiditas
3046 5251 3214 5299 autem

1714 5325 1783 5366 est
1825 5310 2057 5379 appetitio
2083 5310 2269 5361 rationi
2300 5325 2399 5379 non
2421 5310 2755 5379 cou'sentieus.
2785 5310 2857 5361 lo.

1783 5376 2168 5448 (59)’Πρώζως.
2193 5379 2244 5428 lu
2273 5378 2455 5448 codice
2482 5378 2644 5448 Regio
2675 5377 2757 5448 hic
2793 5385 2845 5428 et
2890 5376 3042 5448 intra
3087 5379 3217 5429 scri-

1704 5443 1936 5529 ptumlest
1960 5443 2187 5515 πρῶτος,
2215 5445 2365 5498 male.
2391 5443 2585 5500 Ibidetti
2598 5461 2692 5513 pro
2721 5444 3002 5514 ἀγεννήτου
3028 5443 3220 5512 legitur

1709 5520 1979 5585 ἁγενὴτου.
