3820 6214
398 233 505 289 θὲὂ

398 354 593 405 dictum
618 350 685 403 sit
709 365 720 399 :
764 346 858 399 Vos
883 362 944 398 ea:
964 353 1107 412 patre
1133 322 1338 395 diabolo
1378 343 1519 407 estis,
1554 351 1607 395 et
1631 341 1917 411 subjunga-
1947 353 1987 401 Α

399 454 482 495 tur
501 461 514 497 :
544 441 641 494 Ille
656 438 908 490 homicida
925 444 1034 487 erat
1055 436 1117 486 ab
1135 433 1304 486 initio.
1324 433 1458 498 Quin
1478 433 1639 487 etiam
1658 434 1721 487 ad
1740 449 1920 486 unum-

394 544 676 600 quemque,
706 527 815 580 sive
855 526 900 577 is
942 525 1102 579 fuerit
1148 540 1211 580 ex
1255 523 1486 586 diabolo,
1525 523 1633 577 sive
1671 538 1735 575 ex
1792 523 1915 586 Deo,

393 628 537 672 recte
565 617 803 670 dicetur:
834 613 1099 667 Desideria
1135 616 1297 683 patris
1347 615 1498 667 vestri
1539 613 1687 666 vultis
1726 612 1916 674 facere.

391 708 648 761 Dicuntur
676 704 815 757 enim
841 703 1001 756 etiam
1037 703 1127 756 Dei
1174 704 1413 771 quaedam
1464 717 1583 757 esse
1630 702 1915 766 desideria,

390 799 493 851 isto
540 796 695 850 modo
725 796 803 849 sic
834 795 991 848 dictis
1031 793 1389 847 voluntatibus
1432 793 1633 862 ipsius;
1686 792 1825 845 unde
1867 793 1917 844 in

394 888 598 942 decimo
643 897 830 941 octavo
874 886 1073 954 psalmo
1098 886 1142 917 ⁸⁸
1183 885 1378 939 dictum
1415 896 1495 939 est
1524 899 1537 937 :
1566 884 1774 938 Iudicia
1811 884 1916 936 Do-

389 980 513 1033 mini
545 995 686 1042 vera,
715 976 1005 1045 justificata
1064 977 1119 1029 in
1179 975 1431 1043 idipsum;
1483 974 1734 1028 desideria
1769 988 1920 1040 super

389 1084 574 1121 aurum
608 1078 656 1120 et
686 1068 904 1135 lapidem
932 1065 1208 1134 pretiosum
1232 1064 1475 1118 multum.
1510 1064 1657 1130 Quod
1684 1063 1725 1116 si
1753 1064 1916 1126 legas,

391 1143 748 1211 desiderabilia
768 1171 921 1224 super
956 1170 1139 1207 aurum
1164 1163 1213 1207 et
1244 1155 1461 1223 lapidem
1481 1155 1757 1222 pretiosum
1786 1154 1920 1207 mul-

391 1259 520 1309 tum,
549 1256 606 1299 ut
644 1245 882 1312 quaedam
918 1243 1114 1295 habent
1139 1242 1484 1308 exemplaria,
1520 1243 1663 1296 dices
1710 1241 1917 1295 deside-

391 1316 576 1390 rabilia
608 1335 765 1400 digna
786 1348 904 1388 esse
928 1342 983 1385 ut
1009 1332 1206 1400 aliquis
1228 1334 1488 1386 desideret
1514 1348 1608 1397 ca;
1641 1333 1777 1386 sicut
1805 1331 1916 1383 lau-

392 1427 604 1488 dabilia,
638 1434 696 1478 ut
724 1424 1038 1485 laudentur;
1083 1432 1136 1474 et
1166 1422 1464 1489 diligiliilia,
1510 1432 1564 1476 ut
1607 1421 1912 1489 diligantur.

394 1516 460 1571 Ut
489 1517 648 1583 igitur
677 1513 956 1568 benedicta
995 1512 1160 1582 magis
1202 1527 1231 1565 a
1269 1512 1378 1565 Deo
1421 1512 1820 1575 benedicuntur,
1862 1521 1917 1565 et

392 1604 669 1673 diligibilia
719 1604 887 1673 magis
914 1618 945 1656 a
980 1604 1089 1656 Deo
1119 1602 1428 1670 diliguntur,
1458 1600 1536 1654 sic
1564 1602 1723 1655 etiam
1775 1602 1914 1655 desi-

390 1695 646 1750 derabilia
690 1692 1062 1747 rationabilius
1092 1691 1257 1744 multo
1299 1704 1328 1742 a
1380 1691 1486 1744 Deo
1521 1690 1912 1755 desiderantur,
1946 1677 1986 1729 Β

390 1787 685 1851 candidius,
712 1796 763 1839 et
787 1786 837 1837 in
863 1786 1073 1845 bonam,
1098 1792 1154 1835 ut
1174 1781 1399 1835 diximus
1427 1783 1690 1850 superius,
1713 1791 1914 1852 partem

390 1878 711 1948 accipientes
756 1876 1047 1945 ἐπιθυμίαν
1112 1874 1242 1946 [hoc
1305 1885 1388 1928 est
1418 1874 1795 1947 desiderium,]
1836 1876 1919 1928 di-

390 1980 543 2022 cente
591 1968 753 2021 etiam
806 1967 1130 2020 Servatore:
1179 1964 1447 2018 Desiderio
1489 1965 1771 2018 desideravi
1819 1964 1915 2019 hoc

394 2055 595 2109 Pascha
641 2054 957 2107 manducare
996 2052 1274 2118 vobiscum,
1320 2062 1592 2121 antequam
1630 2053 1805 2120 patiar
1847 2053 1911 2108 ⁸⁸.

391 2144 539 2209 Quod
565 2158 689 2196 vero
711 2144 869 2197 etiam
902 2144 953 2195 in
982 2142 1170 2196 malam
1201 2151 1405 2210 partem
1442 2152 1683 2196 sumatur
1711 2144 1914 2198 deside-

390 2233 548 2296 rium,
576 2232 786 2286 etiamsi
824 2233 1067 2287 sullicere
1116 2239 1292 2299 potest
1334 2246 1568 2299 praesens
1608 2243 1912 2295 contextus.

389 2337 544 2393 quem
575 2337 716 2378 nunc
744 2331 1055 2388 tractamus,
1079 2324 1423 2377 nihilominus
1449 2332 1621 2378 tamen
1649 2324 1734 2378 ille
1754 2326 1911 2380 etiam

390 2411 660 2465 addendus
686 2420 799 2466 est:
833 2411 934 2476 Qui
974 2411 1250 2479 inspexerit
1290 2410 1555 2465 mulierem
1595 2414 1662 2465 ad
1710 2416 1915 2467 deside-

390 2500 610 2551 randum
649 2514 784 2563 eam,
807 2498 921 2565 jam
949 2498 1262 2551 adulteria-nt
1290 2499 1343 2550 in
1388 2500 1540 2551 corde
1574 2516 1667 2553 suo
1699 2517 1817 2553 cum
1853 2519 1913 2555 ea

390 2588 731 2641 commisit".
770 2586 937 2641 Porro
963 2588 1053 2655 qui
1100 2589 1389 2653 desiderat,
1435 2604 1539 2643 non
1595 2592 1812 2645 omnino
1861 2593 1914 2644 id

391 2679 530 2748 quod
548 2680 699 2732 abest
715 2679 996 2743 desiderat,
1018 2678 1457 2747 quemadmodum
1486 2695 1656 2749 neque
1674 2682 1911 2750 quivult,

393 2774 439 2827 is
463 2772 678 2828 Ouinino
700 2772 936 2826 absentia
966 2772 1095 2825 vult.
1123 2771 1233 2826 Hoc
1255 2783 1432 2827 autem
1461 2775 1910 2842 praznmnivimus,

392 2870 610 2929 propter
652 2860 913 2914 desideria
966 2859 1058 2914 Dei
1107 2869 1162 2915 et
1212 2859 1569 2929 perlecturum
1624 2861 1908 2917 desideria.

391 2951 641 3021 Quisquis
671 2965 800 3020 ergo
829 2950 1054 3019 alicujus
1080 2949 1219 3003 ﬁlius
1247 2949 1428 3015 fuerit,
1468 2951 1514 3004 is
1544 2950 1702 3004 etiam
1744 2953 1909 3018 patris
1938 2989 1978 3046 ε

392 3044 470 3098 sui
497 3042 759 3096 desideria
787 3041 896 3094 vult
938 3040 1148 3105 facere;
1186 3041 1375 3109 suique
1421 3042 1588 3109 patris
1627 3054 1786 3111 Opera
1828 3041 1908 3094 fa-

392 3134 483 3187 cit.
514 3131 660 3203 [(40)
694 3131 785 3185 Sic
810 3130 949 3184 enim
990 3131 1155 3185 etiam
1196 3129 1472 3193 Servatur,
1518 3141 1574 3186 et
1616 3132 1788 3187 Patris
1828 3133 1909 3187 sui

396 3223 659 3277 desideria
712 3220 820 3274 vult
867 3221 1143 3288 perlicere,
1184 3232 1239 3275 ct
1284 3220 1517 3287 ejusdem
1552 3236 1712 3289 opera
1756 3222 1911 3292 perti-

392 3314 484 3366 cit.
537 3312 774 3380 Itemque
838 3311 1042 3378 peccati
1089 3310 1261 3373 ﬁlius,
1310 3320 1366 3365 et
1414 3311 1725 3379 perditionis
1772 3312 1909 3366 [ilius

391 3402 559 3469 patris
606 3401 689 3454 sui
740 3400 1117 3468 cupiditatibus
1163 3401 1382 3455 obedire
1447 3401 1591 3467 vult,
1640 3401 1911 3469 patrisque

392 3494 473 3546 sui
513 3506 673 3560 opera
702 3490 938 3562 eﬂicitz]
970 3491 1291 3559 omninoque
1336 3493 1386 3545 in
1433 3502 1692 3559 potestate
1730 3503 1907 3548 nostra

391 3592 505 3647 est,
549 3582 640 3651 qui
695 3597 879 3637 sumus
939 3583 1214 3646 homines,
1268 3582 1350 3635 vel
1403 3583 1532 3650 Dei,
1584 3584 1666 3638 vel
1712 3585 1908 3639 diaboli

388 3687 582 3740 opera,
624 3681 677 3727 et
724 3686 929 3740 eaque
966 3670 1244 3735 volumus,
1310 3670 1522 3737 facere,
1582 3674 1697 3728 sive
1767 3675 1908 3730 desi-

389 3764 593 3817 derium
674 3763 747 3817 sit
817 3761 994 3817 Patris
1062 3764 1230 3816 nostri
1285 3763 1408 3816 boni
1469 3763 1731 3828 calcatis,
1795 3766 1909 3819 sive

383 3851 541 3922 337
566 3851 781 3915 diaboli,
827 3851 917 3921 qui
964 3860 1046 3906 est
1096 3852 1344 3905 inimicus
1373 3852 1480 3918 illi;
1520 3862 1574 3907 et
1608 3854 1652 3908 si
1693 3853 1906 3922 quidem

386 3943 610 3996 facimus
634 3955 793 4011 opera
832 3940 947 4007 Dei,
979 3940 1329 4008 volumusque
1366 3940 1481 4007 ejus
1517 3942 1782 3997 desideria
1824 3942 1905 3996 la-

382 4047 529 4096 cere,
558 4032 649 4085 lilii
671 4045 855 4085 sumus
878 4030 1008 4095 Dei;
1031 4030 1114 4083 sin
1141 4037 1269 4083 vero
1297 4044 1412 4096 qua:
1434 4029 1623 4083 diaboli
1651 4040 1772 4084 sunt
1793 4032 1900 4100 agi-

383 4138 504 4177 mus
532 4122 772 4175 volentes
802 4132 920 4187 qua
962 4118 1052 4171 ille
1082 4118 1347 4171 desiderat
1398 4116 1606 4183 facere,
1645 4135 1711 4174 ex
1759 4132 1908 4188 patre

380 4210 592 4265 diabolo
619 4223 820 4263 sumus.
852 4204 1205 4272 Quamobrem
1233 4207 1571 4275 inspiciamus
1606 4222 1713 4262 non
1735 4210 1903 4264 solum

1767 223 1921 278 ORIG
1931 222 2080 276 ENIS

3509 221 3614 274 6’26

2016 344 2121 413 γάρ
2154 360 2293 406 τινες
2338 341 2473 395 εἶναι
2506 344 2596 396 καὶ
2635 342 2770 396 Θεοῦ
2810 338 3147 410 ἐπιθυμίαι,
3190 334 3615 406 ὀνομαζομένων

2017 430 2177 484 αὐτοῦ
2200 431 2306 483 τῶν
2344 430 2660 502 βουλήσεων.
2706 432 2794 483 Ἐν
2830 429 2967 505 γοῦν
3002 426 3080 497 ιη’
3110 423 3325 495 ψαλμῷ
3359 424 3613 494 εἴρηται·

2022 521 2097 574 Τὰ
2141 521 2387 590 κρίματα
2433 522 2647 588 Κυρίου
2683 520 2795 590 (ιι)
2829 516 3127 584 ἀληθινὰ,
3180 513 3618 580 δεδικαιωμένα

2015 611 2109 664 ἐπὶ
2144 611 2206 663 τὸ
2230 612 2398 664 αὐτὰ
2431 610 2754 680 ἐπιθυμητὰ
2801 607 2961 674 ὑπὲρ
2995 604 3281 673 χρυσίον
3314 603 3415 655 καὶ
3446 604 3619 657 λίθον

2016 701 2202 769 τίμιον
2242 704 2461 754 πολύν·
2517 700 2636 766 κᾶν,
2681 698 2757 762 ὣς
2803 714 2930 750 τινα
2981 695 3043 748 δὲ
3090 694 3209 747 τῶν
3261 692 3616 763 ἀντιγράφων

2016 791 2125 860 ἔχει
2159 791 2290 861 (42),
2379 807 2392 821 ο
2434 790 2514 844 Τὰ
2540 789 2959 858 ἐπιθυμήματα
2990 787 3157 854 ὑπὲρ
3216 784 3489 852 χρυσίον
3522 786 3618 840 καὶ

2013 883 2183 936 λίθον
2204 883 2392 951 τίμιον
2422 882 2636 944 πολὺν,
2667 882 2881 951 φήσεις,
2925 881 3013 932 ὅτι
3057 878 3132 930 τὰ
3166 873 3620 946 ἐπιθυμητὰ(ίῶ

2015 973 2107 1026 τοῦ
2127 971 2451 1045 ἐπιθυμῆσαί
2500 988 2620 1024 τινα
2655 971 2832 1023 αὐτῶν
2862 968 2996 1034 ἄξιά
3027 970 3214 1029 ἐστιν,
3245 965 3325 1028 ὡς
3370 965 3442 1019 τὰ
3472 964 3620 1018 εὐλο-

2014 1062 2152 1133 γητὰ
2172 1060 2260 1113 τοῦ
2286 1061 2622 1132 εὐλογῆσθαι,
2644 1061 2738 1113 καὶ
2761 1060 2827 1113 τὰ
2848 1057 3129 1129 ἀγαπητά
3152 1055 3255 1109 τοῦ
3276 1055 3617 1123 ἀγαπᾶσθαι.

2018 1152 2220 1221 Ὥσπερ
2253 1148 2344 1204 οὖν
2367 1153 2433 1206 τά
2462 1151 2729 1221 εὐλογητά
2750 1151 2861 1223 (44)
2899 1150 3115 1220 μᾶλλον
3150 1146 3265 1200 ὑπὸ
3295 1146 3437 1200 Θεοῦ
3470 1146 3619 1199 εὐλο-

2014 1244 2202 1309 γεῖται,
2231 1242 2323 1294 καὶ
2352 1241 2419 1293 τὰ
2447 1242 2699 1312 ἀγαπητά
2744 1242 2948 1311 μᾶλλον
2984 1238 3099 1291 ὑπὸ
3133 1237 3283 1291 Θεοῦ
3318 1239 3620 1306 ἀγαπᾶται,

2013 1326 2148 1379 οὓτω
2174 1328 2264 1379 καὶ¹
2290 1326 2356 1379 τά
2380 1328 2685 1398 ἐπιθυμητά
2714 1328 2919 1399 μᾶλλον
2946 1327 3015 1380 ἂν
3054 1327 3173 1379 ὑπὸ
3206 1325 3354 1379 Θεοῦ
3394 1326 3623 1396 εὐλογώ-

2010 1432 2161 1484 τερον
2171 1415 2322 1468 ἐπιθυ
2329 1417 2520 1488 μηθείη
2538 1418 2667 1488 (43),
2686 1420 3270 1489 εὐγνωμονέστερονὴ
3281 1418 3402 1488 μῶν
3411 1419 3625 1472 ἀκουόν-

2010 1523 2134 1568 των,
2167 1506 2240 1568 ὼς
2268 1509 2691 1579 προειρήκαμεν,
2722 1509 2824 1579 τῆς
2849 1509 3208 1579 ἐπιθυμίαςο
3246 1509 3347 1561 καὶ
3378 1511 3408 1562 6
3437 1508 3623 1581 Σωτήρ

2012 1595 2066 1648 δέ
2094 1614 2282 1667 φησιν·
2329 1600 2625 1668 Ἐπιθυμίᾳ
2668 1601 3031 1668 ἐπεθύμησα
3064 1601 3263 1654 τοῦτο
3303 1601 3375 1654 τὸ
3414 1600 3623 1670 Πάσχα

2012 1687 2216 1756 φαγεῖν
2236 1690 2361 1755 μεθ’
2390 1687 2573 1757 ὑμῶν,
2595 1689 2709 1756 πρὸ
2738 1689 2845 1743 τοῦ
2869 1707 2952 1759 με
2977 1691 3240 1745 παθεῖν.
3276 1691 3423 1763 Περὶ
3451 1692 3507 1745 δὲ
3534 1692 3623 1745 τοῦ

2013 1777 2105 1827 καὶ
2154 1777 2357 1846 φαύλην
2402 1773 2538 1830 εἶναι
2584 1776 2886 1847 ἐπιθυμίαν
2931 1779 3110 1849 ἀρκεῖ
3165 1778 3274 1850 μὲν
3325 1780 3425 1832 καὶ
3471 1780 3532 1832 τὸ
3568 1782 3624 1832 ἐν

2013 1864 2163 1934 χερσὶ
2197 1865 2381 1936 ρητόνσ
2413 1867 2561 1920 οὐδὲν
2592 1867 2650 1919 δὲ
2676 1863 2841 1939 ἦττον
2872 1869 3252 1939 παραθετέον
3284 1871 3383 1923 καὶ
3404 1870 3496 1923 τόο
3523 1872 3624 1937 ‘Oc

2014 1955 2089 2007 ἂν
2106 1956 2392 2024 ἐπιϐλέψῃ
2414 1958 2664 2025 γυναῖκα
2684 1958 2835 2026 πρὸς
2866 1958 2937 2012 τὸ
2967 1961 3378 2030 ἐπιθυμῆσαι
3409 1961 3619 2029 αὐτὴν,

2014 2046 2125 2115 ἤδη
2171 2048 2518 2117 ἐμοίχευσεν
2557 2050 2751 2119 αὐτὴν
2774 2053 2847 2104 ἐν
2887 2051 2969 2120 τῇ
3024 2053 3268 2120 καρδίᾳ
3306 2054 3515 2108 αὐτοῦ.
3549 2056 3622 2109 Οὐ

2014 2137 2223 2199 πάντως
2249 2137 2305 2189 δὲ
2330 2139 2357 2189 6
2381 2138 2658 2209 ἐπιθυμῶν
2696 2140 2935 2203 ἀπόντος
2977 2143 3271 2212 ἐπιθυμεῖ
3290 2160 3306 2174 ο
3350 2144 3430 2209 ὡς
3456 2145 3573 2198 οὐδὲ
3593 2147 3622 2196 6

2015 2225 2323 2297 βουλόμενος
2363 2228 2573 2293 πάντως
2614 2230 2686 2282 τὰ
2730 2230 2944 2283 ἀπόντα
3005 2232 3310 2302 βούλεται.
3347 2235 3519 2288 Τοῦτο
3565 2235 3619 2289 δὲ

2014 2317 2554 2388 προεθεραπεύσαμεν
2592 2319 2679 2372 διὰ
2710 2321 2780 2373 τὰ
2808 2321 3157 2392 ἐπιθυμητὰ
3183 2324 3304 2395 (46)
3344 2325 3439 2379 τοῦ
3468 2324 3618 2389 Θεοῦ,

2013 2410 2105 2460 καὶ
2131 2408 2226 2471 τὰς
2253 2408 2357 2461 τῶν
2383 2408 2597 2462 τελείων
2645 2409 2976 2480 ἐπιθυμίας.
3020 2415 3157 2479 Πᾶς
3210 2412 3310 2469 οὖν
3343 2416 3458 2479 υἱός
3483 2432 3619 2479 τινος

2011 2497 2107 2560 τὰς
2133 2498 2420 2567 ἐπιθυμίας
2463 2500 2554 2553 τοῦ
2599 2501 2801 2572 πατρὸς
2841 2504 3061 2557 ἑαυτοῦ
3102 2505 3265 2561 θέλει
3309 2511 3504 2570 ποιεῖν,
3535 2507 3622 2561 καὶ

2013 2590 2118 2651 πᾶς
2143 2589 2252 2651 υἱός
2276 2606 2417 2653 τινος
2436 2594 2577 2643 ποιεῖ
2600 2591 2668 2644 τὰ
2694 2591 2831 2662 ἔργα
2854 2593 2953 2646 τοῦ
2980 2600 3217 2668 πατρὸς
3246 2600 3441 2653 αὑτοῦ.
3474 2599 3620 2651 θῦπι

2011 2680 2116 2750 γὰρ
2148 2679 2239 2732 καὶ
2263 2682 2291 2732 6
2321 2680 2506 2750 Σωτὴρ
2536 2680 2636 2742 τὰς
2675 2682 2983 2753 ἐπιθυμίας
3017 2688 3129 2741 τοῦ
3176 2689 3404 2761 Πατρδς
3438 2688 3619 2743 ἐαυτοῦ

2013 2768 2150 2822 θέλει
2175 2771 2360 2834 ποιεῖν,
2380 2770 2469 2822 καὶ
2495 2773 2639 2823 ποιεῖ
2654 2771 2722 2824 τὰ
2744 2772 2884 2843 ἔργα
2898 2775 3003 2842 τοῦ
3026 2778 3161 2830 Πατ
3171 2779 3270 2850 ρὸς
3287 2780 3504 2833 ἐαυτοῦ.
3519 2780 3619 2833 Καὶ

2010 2860 2038 2910 ὁ
2082 2856 2359 2927 ἄνθρωπος
2402 2858 2499 2926 τῆς
2547 2860 2848 2930 ἁμαρτίας,
2903 2865 2935 2916 6
2992 2866 3127 2930 υἱὸς
3187 2870 3298 2940 τῆς
3350 2869 3617 2935 ἀπωλείας

2011 2946 2104 3009 τὰς
2134 2947 2421 3017 ἐπιθυμίας
2457 2949 2549 3002 τοῦ
2590 2953 2797 3022 πατρὸς
2845 2954 3060 3008 ἑαυτοῦ
3105 2957 3265 3014 θέλει
3304 2967 3501 3027 ποιεῖν,
3532 2963 3617 3018 καὶ

2012 3041 2149 3091 ποιεί
2181 3039 2249 3092 τά
2293 3039 2427 3110 ἔργα
2467 3040 2559 3094 τοῦ
2590 3043 2797 3114 πατρὸς
2832 3048 3052 3103 ἑαυτοῦ
3073 3068 3090 3081 ⁸
3131 3053 3236 3107 καὶ
3265 3055 3356 3125 ἐφ’
3387 3055 3542 3127 ἡμῶν
3564 3056 3616 3109 δὲ

2009 3128 2115 3180 τῶν
2160 3128 2451 3201 ἀνθρώπων
2492 3132 2708 3195 πάντως
2751 3134 2822 3188 τά
2872 3136 3030 3208 ἔργα
3089 3144 3223 3215 ἦτοι
3264 3146 3409 3199 Θεοῦ
3460 3135 3644 3209 ἐστιν,’

2008 3218 2040 3287 ἢ
2098 3216 2359 3279 διαϐόλου,
2418 3217 2511 3271 καὶ
2558 3217 2594 3271 ἃ
2649 3218 2880 3290 θέλομεν
2934 3232 3175 3293 ποιεῖν,
3248 3233 3375 3304 ἦτοι
3439 3233 3615 3288 ἐπιθυο

2011 3309 2105 3379 μία
2142 3310 2254 3398 ἐστὶ
2287 3308 2379 3398 τοῦ
2427 3308 2627 3375 ἀγαθοῦ
2670 3312 2728 3363 ἐν
2767 3314 3040 3386 οὐρανοῖς
3090 3323 3326 3396 Πατρὸς
3365 3327 3540 3398 ήμῶν,
3580 3326 3610 3396 ἢ

2006 3398 2097 3451 τοῦ
2142 3397 2333 3468 ἐχθροῦ
2361 3398 2505 3467 αὐτῷ
2549 3399 2824 3455 διαϐόλου·
2862 3407 2967 3460 καὶ
3006 3413 3065 3463 εί
3108 3414 3217 3483 μὲν
3256 3397 3523 3488 ποιοῦμεν
3551 3417 3617 3470 τὰ

2006 3492 2138 3562 ἔργα
2168 3491 2260 3544 τοῦ
2290 3491 2444 3555 Θεοῦ,
2492 3494 2584 3547 καὶ
2628 3494 2858 3566 θέλομεν
2914 3501 3031 3567 τὰς
3083 3508 3407 3581 ἐπιθυμίας
3461 3511 3617 3565 αὐτοῦ

2007 3586 2197 3648 ποιεῖν,
2236 3583 2339 3636 υἱοί
2388 3586 2551 3649 ἐσμεν
2596 3585 2688 3638 τοῦ
2721 3587 2860 3640 Θεοῦ
2881 3605 2897 3619 ·
2930 3594 2986 3644 εἰ
3021 3594 3088 3647 δὲ
3131 3599 3208 3653 τὰ
3243 3601 3343 3655 τοῦ
3374 3603 3615 3657 διαϐόλου

2007 3675 2332 3744 πράττομεν,
2363 3674 2603 3738 θέλοντες
2630 3676 2666 3729 ἃ
2699 3678 2913 3742 ἐκεῖνος
2956 3683 3255 3759 ἐπιθυμεῖ
3308 3697 3505 3757 ποιεῖν,
3551 3696 3617 3748 ἐκ

2003 3761 2095 3813 τοῦ
2134 3762 2333 3832 πατρὸς
2378 3762 2468 3816 τοῦ
2500 3763 2742 3818 διαϐόλου
2790 3767 2992 3838 ἐσμέν.
3043 3774 3485 3853 Ἐπιστήσωμεν
3526 3778 3618 3837 οὖν

2006 3853 2079 3924 μή
2112 3853 2267 3921 μόνον
2307 3848 2386 3918 οἷς
2428 3854 2706 3944 ποιοῦμεν,
2737 3858 2878 3913 ἀλλὰ
2933 3866 3040 3918 καὶ
3090 3864 3184 3934 οἷς
3232 3848 3487 3944 θέλομεν.
3511 3872 3619 3927 Αῠ-

2001 3960 2196 4014 ταρκες
2225 3944 2331 4015 γάρ
2362 3947 2440 4008 εἰς
2471 3946 2532 3998 τὸ
2579 3942 2718 4000 εἶναι
2767 3949 2864 4002 τοῦ
2912 3953 3193 4014 διαϐόλου
3248 3942 3379 4017 υἱὸν
3403 3967 3467 4018 τὸ
3514 3965 3616 4019 κᾶν

2005 4033 2175 4125 θέλειν
2220 4034 2381 4088 αὑτοῦ
2432 4039 2600 4091 ποιεῖν
2642 4037 2743 4100 τὰς
2795 4042 3159 4116 ἐπιθυμίας·
3202 4056 3306 4107 καὶ
3342 4056 3487 4125 τάχα
3532 4056 3616 4109 διὰ

2003 4123 2155 4215 τοῦτο
2182 4126 2318 4194 μετά
2340 4127 2400 4180 τό
2417 4144 2431 4157 ·
2464 4126 2645 4195 Ὑμεῖς
2674 4130 2901 4186 ποιεῖτε
2931 4137 3013 4191 τὰ
3050 4143 3215 4211 ἔργα
3242 4146 3357 4201 τοῦ
3396 4123 3618 4215 πατρὸς

2002 4214 2181 4307 ὐμῷνν
2237 4217 2443 4307 εἴρηται
2500 4218 2589 4307 τό)
2636 4222 2745 4285 Τὰς
2809 4223 3161 4298 ἐπιθυμίας
3221 4238 3340 4292 τοῦ
3399 4214 3621 4307 πατρὸς

380 4312 504 4365 quae
523 4298 749 4365 agimus,
784 4288 969 4348 verum
996 4293 1159 4347 etiam
1189 4308 1307 4361 qua:
1328 4294 1592 4350 volumus.
1641 4295 1710 4351 Ut
1756 4299 1898 4353 enim

2066 4304 2391 4395 ιῶγηθέλετε
2424 4306 2639 4359 ,ποιεῖν’
2675 4308 2763 4360 ἵνα
2799 4288 3108 4385 μάθωμεν,
3132 4288 3283 4386 ’ὃτς
3307 4288 3365 4377 ξι

382 4389 575 4457 aliquis
594 4388 666 4441 sit
682 4385 878 4441 diaboli
908 4384 1073 4449 illius,
1109 4383 1301 4439 sullicit
1329 4386 1411 4438 vel
1440 4385 1611 4441 solum
1662 4386 1796 4442 velle
1833 4388 1899 4440 it-

381 4481 481 4535 lius
507 4481 762 4536 desideria
787 4478 992 4544 facere;
1022 4487 1076 4532 et
1098 4477 1343 4532 fortassis
1359 4479 1517 4533 etiam
1536 4480 1634 4534 hac
1653 4480 1719 4534 de
1738 4495 1900 4535 causa

381 4584 497 4640 post
525 4573 686 4625 illud:
721 4569 819 4624 Vos
847 4570 1021 4637 facitis
1054 4582 1207 4636 opera
1231 4570 1393 4636 patris
1436 4575 1583 4623 vestri
1606 4569 1672 4636 ⁵⁸,
1703 4569 1898 4626 dictum

378 4674 498 4716 est:
528 4661 799 4715 Desideria
830 4660 991 4727 patris
1013 4658 1163 4711 uestri
1188 4658 1338 4712 vultis
1364 4658 1532 4728 facere
1555 4659 1636 4724 ης
1673 4670 1728 4714 ιιι
1777 4661 1900 4715 hinc

376 4753 648 4809 discamus
674 4765 772 4805 nos
803 4764 923 4804 esse
955 4748 1152 4803 diaboli
1186 4749 1343 4813 ﬁlios,
1383 4750 1427 4802 si
1458 4750 1537 4804 vel
1562 4749 1730 4804 solum
1763 4751 1896 4804 veli-

376 4856 496 4897 mus
537 4844 711 4897 l'acere
740 4854 858 4911 qua:
888 4836 1127 4895 diabolus
1170 4838 1457 4895 desiderat.
1506 4840 1575 4892 At
1622 4838 1897 4907 aptissime

2004 4393 2339 4486 νονπθέλομεν
2384 4397 2552 4447 ποιεῖν
2580 4395 2726 4468 ἀπερ
2760 4402 3047 4486 ἐπιθυμεῖ
3080 4412 3113 4463 6
3167 4412 3458 4479 διάϐολος,
3491 4393 3625 4486 xpu-

2008 4485 2297 4578 ματιοῦμεν
2321 4485 2560 4578 διαδόλου
2599 4488 2721 4578 υἱοί.
2758 4477 3147 4556 Πιθανώτατα
3177 4504 3230 4557 δ’
3258 4507 3332 4560 ἄν
3360 4477 3449 4569 τις

2003 4573 2171 4664 ταῦτα
2208 4573 2383 4664 λέγοι,
2409 4573 2482 4636 ὡς
2521 4573 2629 4645 ἄρα
2658 4577 2821 4645 ἀρκεῖ
2866 4583 3016 4652 πρὸς
3055 4589 3124 4641 τὺ
3162 4587 3321 4646 εἷναι
3361 4595 3482 4649 υἱὸν
3514 4573 3625 4664 (ᾸΠ)

2002 4661 2133 4714 Θεοῦ
2174 4662 2234 4715 τὸ
2270 4661 2439 4756 θέλειν
2476 4664 2638 4717 αὐτοῦ
2667 4670 2841 4721 ποιεῖν
2869 4670 2977 4748 τὰς
3018 4677 3370 4752 ἐπιθυμίας,
3400 4661 3623 4756 κᾶνμῆ

2002 4756 2175 4824 προσῇ
2203 4753 2373 4825 τούτῳ
2420 4760 2594 4810 ποιεῖν
2632 4757 2701 4811 τὰ
2732 4758 2873 4829 ἔργα
2925 4764 3030 4818 τοῦ
3083 4771 3237 4825 Θεοῦ
3265 4791 3282 4805 ο
3339 4776 3488 4830 ἀλλά
3536 4753 3626 4830 iis;

2002 4845 2173 4911 κτέον,
2201 4845 2280 4898 ὅτι
2310 4846 2517 4920 ἀνάγκη
2549 4851 2640 4904 τὸν
2672 4851 2900 4908 θέλοντα
2931 4864 3121 4914 ποιεῖν
3149 4864 3264 4929 τὰς
3317 4867 3627 4939 ἐπιθυμίας

436 4980 483 5013 ³³
500 4976 651 5036 Vers.
673 4978 758 5044 ιο,
777 4979 861 5034 Η.
935 4978 981 5010 ⁸⁸
1000 4978 1134 5033 Luc.
1165 4992 1297 5042 uti,
1314 4974 1401 5032 15.
1474 4976 1517 5007 "
1535 4975 1718 5030 Matth.
1753 4990 1805 5041 v,
1825 4978 1908 5036 28.

2066 4981 2198 5038 loan.
2224 5000 2336 5049 vin,
2363 4984 2455 5040 41.
2528 4989 2573 5022 ⁹⁹
2603 4989 2733 5045 ibid.
2762 4992 2853 5049 44.

446 5116 555 5196 (ιιι)
583 5116 706 5171 Hac
734 5131 763 5170 a
784 5112 1030 5172 Ferrario
1060 5117 1433 5185 praetermissa,
1450 5127 1480 5168 e
1503 5112 1747 5167 Perionio
1769 5124 1895 5180 sup-

379 5183 688 5386 “Erigat:
715 5252 915 5322 Κυρίου
937 5253 1101 5307 codex
1137 5250 1332 5321 Regius
1359 5251 1518 5306 habet
1546 5247 1639 5303 τοῦ
1667 5247 1819 5303 Θεοῦ.

469 5320 536 5372 42
580 5322 680 5386 Ὦς
700 5337 827 5374 τινα
846 5321 913 5374 δὲ
938 5320 1053 5375 τῶν
1078 5319 1441 5386 ἀντιγράφων
1468 5319 1611 5386 ἔχει,
1638 5329 1743 5373 etc.
1784 5317 1819 5370 Η

469 5317 556 5389 42)
580 5322 680 5386 Ὦς
700 5317 827 5389 arri
846 5321 913 5374 δὲ
938 5320 1053 5375 τῶν
1078 5317 1441 5389 ἀηιᾷράφων
1468 5319 1611 5389 ἔχει,
1638 5329 1743 5373 etc.
1769 5317 1893 5389 ﬂo-

380 5387 464 5458 die
493 5387 720 5442 universi
748 5388 856 5441 τῶν
886 5388 941 5443 0'
987 5390 1196 5444 codices
1218 5387 1431 5443 habent
1485 5387 1809 5458 ἐπιθυμητά,
1838 5393 1893 5438 et

382 5454 842 5520 interpretationes
861 5471 1062 5522 omnes,
1094 5471 1196 5509 una
1229 5465 1443 5525 excepta
1468 5454 1731 5521 Arabica,
1776 5470 1892 5524 quae

384 5535 499 5572 cum
532 5522 693 5573 altera
724 5525 822 5576 hac
849 5525 1073 5579 lectione
1097 5526 1381 5579 consentit.
1426 5528 1674 5582 Hunnus.
1946 5532 1959 5546 '

2070 5115 2199 5208 $65)1
2210 5117 2403 5208 Epdes
2460 5120 2682 5208 βοείας,
2739 5128 3157 5208 ἐπιθυμήματα
3192 5182 3212 5208 ,
3278 5145 3484 5206 Bodlei
3558 5165 3625 5203 us

1998 5196 2148 5261 vero,
2158 5187 2503 5261 ἐπιθυμητὰ.

2198 5253 2536 5378 llgeufcodex
2563 5261 2787 5348 Regius,
2820 5270 3214 5347 εὐλογήματα.

2254 5341 2334 5381 em
2364 5332 2530 5387 codex
2563 5334 2783 5405 Regius,
2820 5341 3214 5418 ἐπιθυμήματι

2193 5391 2338 5450 Idem
2394 5404 2566 5458 (30an
2598 5404 2823 5460 Regius.
2870 5427 3189 5460 uernarum-

2254 5341 2335 5418 em
2364 5332 2530 5418 cedes
2563 5334 2783 5418 Regius,
2820 5332 3265 5418 ἐπιθυμήματα.

2062 5390 2173 5528 ᾕξ)
2193 5391 2338 5450 Idem
2394 5404 2580 5488 codex.
2598 5390 2843 5474 [ὶὲκίιιὲξ
2862 5390 3619 5497 *ἐπιμήματιι

2157 5462 2376 5530 )Codex
2400 5467 2723 5532 Bodleianus
2753 5478 2897 5548 υἱόν,
2937 5483 3169 5555 Regius,
3205 5491 3355 5548 υἱοί.
