3820 6214
215 322 251 372 :5
1153 339 1493 396 COMMENT.
1536 343 1596 395 ΙΝ
1634 342 1723 400 JO.

1747 343 1817 397 .N.
1855 343 2082 398 TOMUS
2118 341 2202 395 XX
2215 383 2226 395 .
3155 347 3255 400 623

215 431 496 527 Bessum).
531 446 712 495 ποιεῖν
742 447 805 499 τὰ
838 449 968 518 ἔργα
1003 451 1092 502 τοῦ
1125 448 1284 504 Θεοῦ·
1323 457 1382 506 οὐ
1427 457 1532 527 γὰρ
1564 459 1652 527 μό·
1678 466 1723 519 Α

1751 459 1870 525 quis
1907 459 1971 508 ad
2012 459 2123 510 haec
2162 455 2358 509 diceret
2385 457 2622 510 sufﬁcere
2654 457 2834 516 etiam,
2858 465 2914 507 ut
2955 453 3117 510 simus
3165 459 3253 510 filii

215 522 318 614 ιτδ
347 522 522 586 θέλειν,
572 531 711 585 ἀλλά
751 537 840 588 καὶ
887 540 946 589 τὸ
994 543 1256 610 ἐνεργεῖν,
1299 545 1372 606 ὣς
1422 522 1580 614 φησιν
1619 548 1648 598 ὁ

1749 522 1862 609 uei,
1887 546 2016 600 velle
2043 545 2298 598 desideria
2326 545 2465 598 illius
2495 545 2687 606 facere,
2711 545 2915 598 etiamsi
2937 559 3091 612 opera
3119 545 3257 600 illius

215 613 354 677 ιῦλος,
392 617 450 669 ὲκ
493 620 586 672 τοῦ
639 624 772 677 Θεοῦ
816 629 976 691 ἐστιν,
1027 632 1280 700 ἑπομένου
1325 635 1532 696 πάντως
1572 636 1646 705 τῷ

1749 649 1849 688 non
1891 633 2145 686 faciamus
2174 650 2188 698 ;
2218 633 2307 686 sed
2336 634 2613 686 dicendum
2640 644 2721 687 est
2752 633 2889 702 quod
2933 647 3148 686 necesse
3188 635 3256 687 sit

215 702 280 772 λῷ
322 704 474 759 θέλειν
508 710 605 764 τοῦ
648 715 876 784 συζύγου
927 720 1071 789 αὐτῷ
1121 721 1226 791 (48)
1255 724 1517 791 ἐνεργεῖνο
1555 702 1644 778 καλ

1748 723 1795 777 ei
1845 722 1933 791 qui
1977 723 2100 776 velit
2131 722 2395 776 desideria
2436 722 2525 776 Dei
2575 721 2770 784 facere,
2815 731 2869 774 ut
2909 723 3066 774 etiam
3099 721 3256 778 faciat

215 810 239 861 ρ
263 793 378 859 τοῖς
407 797 672 864 ἀγαπῶσι
697 803 800 856 τὸν
829 806 972 858 Θεὸν
1007 808 1196 862 πάντα
1235 812 1510 880 συνεργεῖ
1535 813 1641 881 (49)

1745 825 1905 877 opera
1936 809 2064 873 Dei;
2096 825 2199 863 non
2246 809 2386 862 enim
2439 809 2609 862 solum
2658 810 2808 872 velle,
2859 823 3038 862 verum
3095 811 3251 862 etiam

247 884 472 950 ἀγαθὸν,
507 892 600 942 καὶ
645 893 742 945 οὐκ
781 893 845 947 ἂν
879 897 1037 948 καλὸν
1077 898 1242 951 θέλειν
1272 901 1450 963 ἀτελὲς
1487 903 1641 955 ἐᾶσαι
1744 919 1755 970 ι

1744 903 2015 970 perﬁcere,
2061 911 2118 955 ut
2145 901 2308 970 inquit
2348 900 2538 954 Paulus
2556 901 2618 959 ⁵ο,
2633 916 2693 955 ex
2727 903 2830 958 Deo
2860 911 2976 966 est;
3011 917 3127 955 cum
3155 903 3252 957 hoc

215 971 360 1026 totch
397 977 565 1030 πάντα
607 979 745 1032 καλὰ
782 981 916 1036 λίαν.
963 985 1097 1038 Ἀλλ’
1141 988 1256 1039 οὐδὲ
1304 989 1640 1060 ἐπινοηθῆναι

1741 991 1937 1046 bonum
1964 990 2099 1044 velle
2131 1000 2384 1058 sequatur
2410 993 2622 1046 omnino
2650 993 2904 1060 operatio,
2945 992 3104 1046 veluti
3134 1007 3246 1056 sua,

215 1078 338 1114 αται
383 1065 537 1117 καλὸν
580 1067 748 1122 θέλειν
792 1073 864 1141 μὴ
904 1076 1319 1146 συνεζευγμένης
1365 1080 1460 1149 τῆς
1505 1083 1640 1134 κατά

1741 1087 1798 1130 ιιι
1834 1080 1902 1133 ita
1932 1079 2124 1141 dicam,
2155 1080 2383 1147 coniux:
2420 1079 2752 1147 Diligenlibus
2777 1081 2918 1134 enim
2953 1079 3113 1132 Deum
3139 1097 3247 1132 om-

216 1149 354 1202 οῦτω
389 1153 554 1207 θέλειν
590 1157 866 1227 ἐνεργείας
893 1163 1055 1232 καλῆς
1081 1166 1153 1234 τῷ
1179 1166 1323 1236 καλῷ
1350 1168 1534 1222 θέλειν.
1577 1172 1637 1223 Ἡ

1742 1165 1828 1217 nia
1853 1175 2189 1230 coeperantur
2208 1167 2262 1218 iu
2290 1166 2475 1220 bonum
2495 1168 2536 1197 ⁶¹
2565 1185 2578 1232 ;
2609 1183 2705 1221 nec
2738 1170 2874 1222 Deus
2902 1168 3122 1222 omnino
3158 1167 3250 1221 bo-

216 1255 360 1307 τοιγε
402 1243 530 1312 πρὸς
555 1245 632 1314 τῷ
664 1246 832 1301 θέλειν
869 1251 1130 1321 ἐνέργεια,
1168 1254 1267 1307 κᾶν
1306 1258 1636 1326 ἐμποδίζοιτο

1736 1268 1862 1306 ιιιιιιι
1909 1254 2062 1318 velle,
2107 1255 2472 1322 imperfectum
2531 1259 2687 1320 sinet,
2749 1260 2834 1324 qui
2887 1259 3012 1312 facit
3069 1260 3244 1311 omnia

254 1329 631 1419 τῆςγΠρονοίας
659 1336 886 1404 εὐλόγως
920 1340 1188 1404 πολλάκις,
1215 1345 1300 1396 ὅτε
1335 1347 1470 1416 ὑπέρ
1498 1365 1635 1412 τινος
1733 1356 1762 1393 ο

1737 1356 1889 1408 Opera
1927 1344 2076 1397 valde
2105 1345 2236 1398 bona
2263 1346 2325 1396 °'.
2351 1346 2484 1411 Quin
2519 1361 2584 1400 ne
2609 1348 2896 1416 excogitari
2922 1348 3131 1416 quidem
3152 1365 3245 1419 po-

215 1417 402 1480 ολικῶς
433 1423 775 1494 χρησίμου,ἢ
819 1428 963 1489 ὅπως
1007 1431 1130 1482 ποτὲ
1177 1435 1437 1503 χρησίμου
1480 1439 1632 1506 χρεία

1736 1439 1838 1484 test
1883 1433 2073 1486 bonum
2117 1434 2272 1497 velle,
2312 1449 2412 1489 non
2451 1436 2730 1502 conjuncta
2763 1439 2813 1489 in
2847 1438 2932 1490 tali
2977 1417 3243 1492 voluntate

215 1506 491 1561 κόπτεσθαι
513 1511 574 1562 τὸ
607 1513 745 1564 κατὰ
775 1515 834 1566 τὸ
855 1515 1020 1570 θέλειν
1048 1520 1105 1571 τὸ
1131 1524 1304 1591 χεῖρον
1336 1524 1506 1593 ἔργον.
1540 1527 1631 1590 Εἰς

1733 1520 2036 1586 Operatione
2067 1521 2201 1576 bona
2220 1522 2356 1579 bono
2378 1523 2528 1580 velle.
2557 1526 2695 1578 Sane
2718 1528 2950 1590 operatio
2972 1528 3101 1582 velle
3120 1543 3240 1582 con-

215 1612 269 1646 τα
301 1596 356 1647 δὲ
404 1601 432 1650 ὁ
471 1600 774 1666 ’Πρακλέων
816 1606 973 1674 φησί’
1026 1628 1043 1656 ι
1075 1610 1214 1678 Πρὸς
1262 1613 1350 1675 οὓς
1390 1617 1418 1667 ό
1457 1615 1626 1684 λόγος,

1732 1606 1908 1674 juncta
1935 1619 2034 1672 est,
2059 1611 2264 1665 etiamsi
2299 1613 2608 1681 plerumque
2635 1615 2824 1668 rationi
2869 1616 3240 1676 convenienter

215 1685 293 1752 τῆς
322 1687 504 1748 οὐσίας
548 1689 638 1741 τοῦ
679 1691 916 1744 διαϐόλου
952 1690 1119 1762 ἦσαν’
1141 1718 1158 1748 ι
1191 1700 1263 1764 ὡς
1311 1703 1497 1773 ἐτέρας
1538 1705 1626 1758 οὖ-

1731 1698 2046 1766 impediatur
2070 1716 2099 1753 a
2127 1701 2482 1768 Providentia,
2511 1705 2718 1772 quando
2758 1720 2853 1774 pro
2904 1706 3078 1774 aliqua
3120 1706 3237 1760 uni-

223 1774 329 1866 (ευ)
357 1775 454 1866 τῆς
473 1778 564 1829 τοῦ
592 1780 832 1833 διαϐόλου
857 1784 1040 1850 οὐσίας
1062 1795 1204 1860 παρά
1221 1792 1314 1863 τὴν
1333 1793 1438 1845 τῶν
1467 1797 1630 1862 ἁγίων
1659 1784 1703 1843 Β

1731 1791 1913 1844 versali
1947 1793 2192 1856 utilitate,
2227 1794 2306 1848 vel
2331 1809 2427 1862 pro
2449 1796 2804 1864 qualicunque
2831 1797 3076 1860 utilitate,
3108 1813 3237 1866 opus

215 1861 320 1921 κῶν
349 1865 532 1923 οὐσίαν
553 1883 565 1896 ⁸
596 1869 776 1942 ὅμοιον
805 1871 858 1926 δὲ
888 1878 944 1927 ὲν
973 1877 1140 1946 τούτῳ
1186 1861 1282 1948 μοι
1315 1861 1626 1936 πεπονθέναι
1722 1907 1723 1912 η

1725 1887 1803 1930 est
1826 1879 2130 1949 interrumpi
2156 1895 2288 1949 opus
2309 1861 2559 1948 deterius,
2584 1861 2868 1939 secundum
2891 1885 3233 1941 voluntatem.

216 1975 337 2009 εται
367 1959 442 2028 τῷ
475 1960 665 2028 ἑτέραν
691 1961 874 2013 οὐσίαν
905 1962 1156 2029 φάσκοντι
1182 1966 1451 2035 ὀφθαλμοῦ
1487 1985 1624 2037 παρ-
1723 1998 1724 2005 η

1726 1963 1824 2018 Sed
1858 1967 1908 2018 in
1955 1966 2068 2030 hac
2121 1969 2294 2035 inquit
2335 1967 2665 2024 Heracleon:
2703 1990 2720 2022 ι
2746 1971 2832 2036 Hi,
2885 1973 2947 2026 ad
2987 1989 3117 2039 quos
3157 1985 3234 2028 est

215 2064 349 2109 ρτος,
397 2050 492 2099 καὶ
539 2051 726 2120 ἑτέραν
775 2052 1029 2120 ὁρῶντος
1070 2055 1160 2106 καὶ
1208 2055 1391 2124 ἑτέραν
1445 2057 1623 2108 οὐσίαν
1719 2073 1723 2106 ι

1724 2068 1912 2113 sermo,
1939 2069 2002 2108 ex
2031 2057 2325 2111 substantia
2356 2058 2549 2112 diaboli
2576 2068 2760 2125 erant;
2791 2079 2809 2112 ι
2841 2060 3060 2128 perinde
3085 2062 3232 2129 quasi

216 2155 250 2200 ης
286 2139 720 2208 παρακουούσης,
750 2143 840 2194 καὶ
867 2141 1029 2208 ὑγιῶς
1053 2143 1364 2213 ἀκουούσης.
1405 2146 1489 2206 Ὠς
1518 2146 1621 2215 γὰρ
1719 2168 1724 2192 ι

1720 2144 1910 2198 diaboli
1933 2147 2220 2200 substantia
2247 2148 2451 2202 diversa
2482 2149 2551 2204 sit
2583 2152 2647 2203 ab
2675 2151 2904 2202 essentia
2928 2161 3228 2205 sanctorum

215 2225 385 2286 ούτοις
433 2228 616 2297 οὐχὶή
660 2229 814 2281 οὐσία
859 2229 1134 2300 διάφορος,
1181 2233 1311 2286 ἀλλά
1357 2250 1408 2284 τι
1457 2234 1621 2286 αἴτιον
1717 2253 1723 2286 ι

1721 2235 2020 2302 ugelorum
2056 2237 2275 2291 rationis
2303 2249 2560 2304 compote.
2601 2239 2677 2291 Ac
2717 2239 2846 2290 mihi
2877 2239 3050 2292 simile
3075 2241 3229 2307 quid-

215 2315 488 2385 υμϐέόηκε
546 2317 637 2369 τοῦ
691 2320 1036 2388 παρακούειν,
1079 2323 1171 2374 καὶ
1211 2322 1302 2374 τοῦ
1359 2326 1615 2393 παρορᾷν,
1717 2344 1723 2376 ι

1721 2326 1837 2376 llam
1863 2323 1912 2376 in
1944 2325 2040 2376 boc
2067 2338 2252 2390 passus
2285 2324 2446 2379 fuisse
2467 2326 2694 2388 videtur,
2722 2336 2879 2394 atque
2910 2327 2996 2381 ille
3030 2331 3115 2396 qui
3146 2329 3229 2382 (ιι-

219 2425 248 2468 ς
277 2408 479 2469 παντὸς
513 2408 603 2460 τοῦ
642 2411 935 2476 πεφυκότος
973 2413 1110 2479 λόγῳ
1147 2414 1555 2483 παρακολουθεῖν
1585 2415 1616 2482 ἡ
1714 2426 1727 2455 π

1721 2426 1922 2468 versam
1952 2415 2236 2468 essentiam
2271 2417 2400 2469 dicit
2426 2431 2540 2470 esse
2568 2417 2704 2470 oculi
2731 2419 2842 2471 sani
2873 2427 2928 2472 et
2950 2419 3085 2472 oculi
3114 2433 3229 2486 per-

215 2496 516 2566 ικολουθικὴ
553 2499 703 2549 οὐσία
743 2501 775 2568 ἡ
814 2501 943 2570 αὐτή
990 2503 1151 2567 ἐστιν,
1193 2503 1298 2554 εἴτε
1332 2503 1618 2572 παραδέχε-
1715 2516 1723 2566 1

1718 2515 1893 2566 peram
1923 2503 2178 2568 videntis;
2215 2514 2266 2558 et
2295 2505 2516 2558 alteram
2553 2520 2672 2560 esse
2701 2509 2982 2562 essentiam
3017 2508 3226 2561 auditus

215 2585 298 2635 τὸν
345 2585 523 2651 λόγον,
572 2586 682 2638 εἴτε
731 2589 972 2641 ἀνανεύει
1019 2591 1148 2661 πρὸς
1189 2591 1375 2648 αὐτόν’
1417 2592 1470 2644 τί
1509 2593 1615 2664 γὰρ
1711 2605 1723 2631 ‘

1713 2589 1904 2650 vitiati,
1941 2591 2162 2644 alteram
2207 2591 2418 2646 auditus
2469 2595 2605 2648 sani.
2640 2594 2708 2652 Ut
2735 2595 2875 2649 enim
2907 2598 2958 2648 in
2989 2596 3071 2649 his
3121 2610 3221 2649 non

215 2673 317 2741 ἒρει
367 2673 454 2740 ἐφ’
497 2673 655 2742 ἡμῶν
701 2675 806 2726 τῶν
855 2676 1145 2746 ἀνθρώπων
1185 2678 1244 2729 τὸ
1285 2681 1612 2749 παρακολου-
1711 2693 1723 2731 ι

1717 2679 1942 2731 essentia
1972 2679 2198 2742 diversa,
2241 2682 2332 2734 sed
2376 2695 2536 2736 causa
2589 2684 2825 2750 quaedam
2877 2685 3117 2751 contigit,
3169 2695 3225 2737 ut

215 2778 237 2810 ν
268 2759 364 2812 τοῦ
397 2761 472 2829 μὴ
514 2762 1050 2830 παρακολουθοῦντος,
1078 2767 1174 2817 οὐκ
1207 2767 1270 2818 ἂν
1299 2767 1508 2837 ἔχοιμεν
1538 2773 1612 2822 εί·
1707 2781 1723 2817 ε

1714 2768 1918 2820 auditus
1945 2767 2231 2839 oculusque
2260 2770 2604 2837 vitiarentur;
2641 2773 2716 2825 sic
2748 2772 3106 2841 cujuscunque
3135 2789 3222 2826 na-

233 2852 282 2900 εἰ
322 2851 418 2900 καὶ
461 2849 600 2918 μετά
627 2850 685 2901 τὸ
720 2852 948 2904 συνιέναι
976 2853 1080 2904 τῶν
1108 2855 1418 2925 εἰρημένων,
1459 2861 1487 2911 6
1514 2860 1610 2928 μέν
1709 2866 1741 2908 ιι

1712 2866 1826 2908 tura
1852 2857 1959 2926 apti
2006 2859 2070 2911 ad
2102 2861 2485 2926 assequendam
2521 2863 2783 2914 rationem
2812 2864 3035 2916 essentia
3075 2878 3220 2916 asse-

215 2938 468 3006 πικρίνας
514 2939 866 3005 συγκατέθετο
901 2941 978 3010 τῷ
1021 2942 1284 3012 λεγομένῳ
1319 2946 1445 3014 (51),
1490 2949 1518 2999 ὁ
1554 2948 1608 2999 δὲ
1705 2959 1723 2997 ί

1715 2946 1902 3010 cntiva,
1946 2946 2129 2999 eadem
2181 2958 2295 3010 est;
2351 2949 2459 3003 sive
2507 2950 3070 3015 rationem-admittat,
3113 2951 3223 3007 sive

220 3044 316 3078 υσε
363 3028 502 3096 πρὸς
532 3028 680 3079 αὐτό.
725 3029 984 3092 Πολλάκις
1011 3031 1064 3082 δὲ
1095 3031 1312 3100 εἴπομεν
1343 3035 1472 3102 (52),
1502 3037 1600 3098 ὃτι,
1635 3085 1673 3102 η
1706 3047 1728 3084 ε

1713 3047 1820 3084 eam
1851 3043 2056 3087 renuat.
2086 3035 2221 3100 Quid
2244 3039 2381 3092 enim
2415 3039 2464 3089 in
2497 3038 2646 3091 nobis
2670 3040 2968 3093 hominibus
3009 3039 3221 3093 diﬂ‘erat

215 3113 520 3183 υγχωρηθῇ
554 3111 709 3164 τοῦτο
739 3113 799 3164 τὸ
840 3114 1108 3176 ἀδύνατον,
1138 3115 1273 3183 λέγω
1299 3118 1352 3169 δὲ
1385 3120 1443 3170 τὸ
1471 3115 1603 3172 εἶναι
1631 3111 1674 3146 υ
1707 3135 1723 3172 ι

1707 3122 1785 3173 vis
1813 3121 1897 3173 illa
1924 3137 2040 3189 qum
2069 3133 2306 3175 assecuta
2322 3134 2424 3186 est,
2449 3125 2514 3177 ab
2543 3139 2603 3176 ea
2630 3139 2744 3191 qum
2774 3141 2873 3178 non
2900 3129 3215 3194 assequitur,

215 3221 241 3264 ς
282 3203 503 3272 ἑτέρας,
527 3204 625 3259 καὶ
655 3202 993 3255 ἀνεπίδεκτον
1026 3205 1128 3256 τῶν
1166 3207 1473 3275 κρειττόνων
1517 3211 1604 3262 τὸν
1704 3209 1723 3262 Ι

1707 3209 1841 3262 baud
1869 3211 2108 3278 equidem
2152 3212 2326 3264 dicere
2359 3225 2577 3278 queam;
2628 3215 2836 3267 etiamsi
2890 3214 3050 3282 338
3099 3225 3215 3283 post

215 3291 319 3350 λον,
357 3291 492 3360 περὶ
534 3290 632 3358 μὲν
674 3290 873 3341 ἐκείνου
916 3291 1376 3361 ἀπελογησάμεθα,
1410 3296 1483 3357 ὡς
1518 3297 1605 3348 οὐ·
1703 3309 1723 3346 ιι

1706 3296 1960 3349 dictorum
1999 3298 2395 3365 intelligentiam
2450 3301 2583 3352 alter
2633 3303 2844 3368 quidem
2884 3317 2946 3356 ea
3000 3304 3214 3359 laudans

215 3399 220 3425 ι
253 3377 434 3430 αἰτίου
461 3378 560 3446 τῆς
589 3378 868 3446 πονηρίας,
897 3378 956 3429 τὸ
983 3377 1038 3428 δὲ
1067 3378 1308 3448 ἔγκλημα
1333 3381 1408 3450 τῷ
1446 3384 1603 3436 αὐτὸν
1702 3398 1723 3435 a

1707 3385 2004 3450 acquiescat
2038 3386 2197 3449 dicto,
2231 3387 2363 3440 alter
2405 3401 2528 3441 vero
2573 3388 2698 3441 illud
2744 3402 2947 3445 renuat.
2998 3393 3066 3446 At
3108 3393 3215 3448 fre-

221 3485 380 3520 σαντι
426 3468 524 3519 καὶ
567 3467 1019 3536 δημιουργήσαντι
1069 3469 1427 3538 προσάψομεν,
1471 3473 1601 3542 ὅπερ
1699 3487 1729 3540 q

1708 3481 1921 3540 quenter
1977 3475 2239 3541 diximus,
2289 3478 2330 3530 si
2381 3492 2687 3531 concessum
2743 3480 2899 3536 fuerit
2954 3486 3216 3539 essentias

215 3557 414 3610 πάντων
447 3553 811 3609 ἀτοπώτατον.
845 3554 1105 3624 Πρόδηλον
1133 3556 1187 3607 δὲ
1221 3557 1279 3609 τὸ
1304 3561 1600 3629 παράλογον
1700 3577 1723 3614 ε

1703 3577 1816 3615 esse
1844 3563 2099 3628 diversas,
2128 3567 2266 3633 quod
2300 3567 2411 3620 ﬁeri
2440 3572 2646 3636 nequit,
2684 3572 3002 3639 minimeque
3039 3589 3211 3627 rerum

238 3645 320 3713 τῷ
361 3646 758 3714 κατανοήσαντι
799 3645 978 3714 ψυχῶν
1016 3647 1360 3718 ἀνθρωπίνων
1395 3651 1596 3713 οὐσίαν,
1697 3667 1746 3718 pi

1702 3656 2058 3718 praestantium
2087 3671 2331 3723 capacem
2361 3660 2622 3712 diabolum
2655 3676 2790 3724 esse,
2817 3662 3045 3716 futurum
3075 3679 3210 3725 esse,

215 3733 452 3793 νιδόντι,
495 3733 577 3785 ὅτι
623 3733 894 3801 ἀμήχανόν
942 3736 1106 3795 ἐστιν,
1155 3734 1338 3805 ὥσπερ
1381 3736 1597 3806 σώματα
1698 3757 1723 3791 ιι

1703 3750 1752 3791 ιιι
1791 3741 1876 3794 ille
1903 3756 1932 3794 a
1973 3743 2124 3798 nobis
2157 3744 2480 3808 defendatur,
2511 3749 2726 3815 perinde
2755 3752 2904 3816 quasi
2939 3753 3211 3818 pravitatis

230 3822 478 3889 σώματα
527 3817 663 3872 εἶναι
705 3821 1006 3892 ἀνθρώπινα
1053 3824 1238 3893 ἐτέρας
1283 3827 1373 3877 καὶ
1412 3827 1598 3897 ἐτέρας
1697 3844 1738 3879 ιιι

1699 3844 1798 3881 non
1833 3831 1902 3882 sit
1927 3841 2140 3896 auctor;
2173 3843 2350 3885 notam
2389 3835 2625 3902 alioquin
2655 3839 2914 3893 inusturis
2940 3817 2990 3892 ei
3025 3842 3112 3907 qui
3144 3842 3207 3892 il-

221 3949 237 3971 ,
286 3909 447 3961 οὕτω
489 3909 584 3962 καὶ
612 3908 786 3977 ψυχὰς
817 3911 960 3981 παρὰ
998 3912 1191 3980 ψυχας,
1235 3914 1324 3964 καὶ
1360 3917 1596 3983 νοητικὸν
1695 3917 1726 3968 lt

1696 3917 1798 3969 lum
1819 3920 2038 3982 creavit,
2070 3921 2266 3989 quique
2299 3924 2395 3991 ipsi
2435 3927 2722 3978 essentiam
2756 3938 2837 3981 est
2867 3930 3086 3996 largitus
3113 3948 3126 3994 ;
3154 3931 3204 3982 id

221 3999 291 4050 τὸ
325 3999 607 4066 νοητικὸν,
644 3999 735 4058 καὶ
761 3999 820 4050 τὸ
853 4000 1178 4070 διανοητικὸν
1211 4002 1356 4072 παρά
1384 4003 1442 4054 τὸ
1484 4005 1596 4057 δια-
1693 4021 1722 4073 q

1697 4007 1828 4073 quod
1853 4009 2083 4063 omnium
2115 4012 2549 4068 absurdissimum
2590 4025 2689 4068 est.
2725 4017 2999 4072 Manifesta
3029 4031 3205 4072 autem

215 4089 300 4140 όν.
355 4088 438 4139 Τὸ
471 4087 530 4138 δὲ
567 4089 746 4156 ὅμοιον
791 4089 931 4157 ἐρεῖς
983 4090 1074 4142 καὶ¹
1105 4091 1194 4141 ἐπὶ
1222 4091 1314 4143 τοῦ
1361 4092 1590 4161 λογικοῦ,
1691 4111 1719 4148 e

1696 4097 1794 4148 erit
1826 4097 2122 4152 absurditas
2153 4101 2374 4156 intuenti
2412 4105 2756 4159 humanarum
2791 4110 3084 4161 animarum
3118 4126 3204 4163 es-

215 4217 222 4229 .
248 4177 374 4229 τῶν
401 4178 465 4227 ὲν
491 4179 556 4244 τῇ
586 4176 726 4244 ψυχῇ
751 4177 1040 4246 δυνάμεων,
1064 4179 1161 4246 τῆς
1181 4195 1238 4230 τε
1263 4185 1592 4252 μνημονικῆς
1690 4200 1723 4237 84

1694 4185 1932 4248 sentiam,
1978 4197 2033 4240 et
2077 4188 2371 4258 inspicienti
2416 4195 2553 4258 quod
2606 4198 3044 4263 quemadmodum
3093 4201 3202 4253 fieri

225 4283 256 4327 ς
298 4264 495 4326 οὕτως
539 4266 923 4334 φανταστικῆς·
971 4267 1176 4336 ἀνάγκη
1224 4269 1355 4338 γὰρ,
1395 4272 1442 4321 εί
1474 4274 1588 4324 ὲτεο
1689 4288 1733 4323 tu

1694 4275 1867 4340 nequit
1892 4287 1946 4327 ut
1974 4291 2192 4345 corpora
2225 4281 2450 4334 humana
2476 4287 2638 4351 magis
2662 4300 2817 4352 quam
2843 4287 2942 4340 alia
2975 4289 3202 4342 bumana

215 4357 263 4418 ες
316 4355 446 4421 (55)
493 4355 638 4405 ἐστιν
685 4355 962 4422 ἄνθρωπός
989 4373 1071 4418 τις
1114 4358 1236 4426 παρ’
1265 4359 1463 4428 ἕτερον,
1499 4363 1587 4414 καὶ
1617 4390 1658 4443 D
1688 4373 1723 4410 Cl

1689 4373 1924 4427 corpora,
1960 4365 2068 4416 sint
2113 4367 2328 4421 alterius
2358 4379 2410 4422 et
2440 4371 2656 4427 alterius
2675 4377 2940 4439 essentias,
2975 4377 3045 4430 ita
3085 4379 3197 4432 fieri

215 4447 367 4506 ενεῖς
418 4439 561 4494 εἶναι
589 4442 686 4504 τὰς
717 4443 812 4510 τῆς
843 4443 1016 4512 ψυχῆς
1049 4444 1316 4513 δυνάμεις,
1352 4447 1443 4498 καὶ
1473 4451 1586 4500 ἑτε-
1617 4439 1647 4443 ”
1688 4463 1723 4499 ιι

1694 4463 1788 4502 non
1817 4466 1970 4518 posse
1993 4462 2048 4505 ut
2073 4457 2261 4510 animae
2293 4461 2458 4527 magis
2481 4475 2636 4529 quam
2669 4466 2784 4517 alia:
2809 4467 3017 4529 animae,
3045 4477 3096 4520 et
3117 4483 3202 4522 res

248 4529 440 4591 εἶναι,
482 4529 614 4597 φέρε
648 4528 837 4587 εἰπεῖν,
863 4531 958 4596 τὴν
989 4532 1334 4599 μνημονικὴν,
1364 4535 1454 4584 καὶ
1483 4536 1582 4604 τὴν
1685 4540 1749 4590 ad

1689 4540 1749 4590 ad
1777 4539 2094 4594 intellectum
2129 4556 2375 4613 spectans
2420 4553 2584 4616 magis
2611 4568 2768 4620 quam
2812 4570 2898 4608 res
2927 4557 2991 4608 ad
3042 4558 3189 4612 intel-

215 4619 404 4686 τικὴν,
435 4618 587 4685 παρά
626 4617 723 4684 τὴν
761 4617 1108 4687 διανοητικὴν.
1148 4620 1498 4683 Ἐξεταζέσθω
1525 4625 1579 4675 δὲ
1683 4625 1723 4678 le

1683 4625 1876 4678 lectum
1924 4642 2186 4697 spectans,
2225 4645 2280 4687 et
2326 4637 2405 4689 vis
2443 4617 2705 4707 cngitandi
2731 4644 2895 4711 magis
2921 4659 3077 4711 quam
3111 4647 3186 4698 vis

215 4731 224 4768 :
260 4710 415 4777 περὶ
445 4708 667 4771 τούτων,
709 4707 744 4758 ἂ
783 4709 973 4776 ὁμοίως
1011 4709 1076 4761 ἂν
1106 4711 1290 4778 νοήσαι
1332 4713 1422 4763 καὶ
1465 4714 1580 4765 δια-
1681 4729 1723 4765 ct

1689 4715 1964 4781 cogitandi,
1990 4719 2058 4772 sit
2089 4719 2306 4775 alterius
2324 4727 2580 4778 essentia;
2617 4727 2756 4780 Idem
2780 4707 2922 4784 dices
2937 4707 3108 4785 ctiam
3133 4735 3197 4786 de

215 4818 263 4868 ,-
324 4798 482 4849 ὥστε
529 4797 621 4847 καὶ
655 4797 1036 4866 παραπλησίως
1079 4799 1579 4870 συγκαταθέσθαι,ῆ
1681 4817 1723 4852 et

1688 4817 1744 4852 eo
1771 4805 1908 4870 quod
1951 4809 2168 4862 rationis
2209 4822 2288 4864 est
2325 4829 2558 4879 compos,
2599 4827 2652 4868 et
2692 4820 2756 4870 de
2798 4821 3047 4884 potentiis
3083 4837 3196 4887 qua:

219 4909 277 4952 ν,
311 4890 350 4957 ἢ
388 4887 683 4939 ἀνανεῦσαι
710 4887 769 4936 ὃν
799 4903 954 4952 φασιν
994 4889 1183 4938 ἐκεῖνοι
1211 4891 1579 4955 πνευματικὸν,
1683 4904 1727 4942 ιιι

1687 4902 1804 4944 sunt
1833 4893 1884 4946 in
1911 4897 2122 4962 anima;
2161 4915 2344 4968 nempe
2379 4905 2442 4954 de
2472 4906 2700 4971 potentia
2735 4909 3016 4971 memoriae,
3048 4920 3100 4961 et
3134 4911 3195 4962 de

223 5023 378 5090 iilip.
415 5037 477 5083 ιι,
510 5021 594 5076 13.
705 5021 746 5055 ⁸³
777 5019 928 5075 Rom.
963 5037 1076 5085 vm,
1109 5022 1197 5075 28.
1271 5025 1313 5052 θ’
1345 5025 1475 5078 Gen.
1508 5045 1554 5090 ι,
1589 5031 1673 5083 51.

216 5134 501 5216 Callicles"
526 5133 845 5216 Bodl-cianus
890 5145 942 5186 et
991 5136 1344 5216 [.larlicrinus,
1393 5139 1568 5208 αὐτῷ·
1679 5145 2102 5216 monstravimus.
2131 5145 2262 5216 Cum
2300 5161 2426 5216 ergo
2458 5149 2548 5201 lib.
2577 5166 2654 5210 ιιι,
2686 5169 2825 5205 unm.
2876 5156 2960 5216 37,
3016 5169 3192 5213 contra

219 5243 232 5261 ,
277 5202 442 5265 αὐτό,
476 5203 616 5282 [orte
651 5202 924 5268 legendum
957 5201 1137 5282 αὐτοῦ,ζ
1193 5269 1224 5282 η
1261 5270 1274 5282 ⁸
1511 5201 1522 5208 ’
1678 5209 1727 5262 ϐε

1681 5209 1879 5282 Celsum
1910 5214 2017 5282 haec
2041 5213 2240 5282 scripta
2263 5201 2532 5282 reliquerit
2555 5201 2653 5271 {Oi-
2689 5201 2863 5273 551:6;

224 5270 421 5325 Codex
482 5270 702 5340 Regius,
753 5274 1054 5338 συνεργεῖν·
1102 5269 1426 5335 Bodleianus,
1462 5292 1575 5329 συν.
1677 5296 1732 5330 κο

1677 5281 1766 5330 καὶ
1797 5278 1935 5344 ἆγιοι
1960 5269 2172 5364 ἀγγελοὶ
2199 5281 2356 5364 ἀλλης
2371 5269 2501 5360 ξείσὶ
2785 5269 3171 5364 ’ξιὰιέᾱοοῐιᾘέ

1018 5403 1028 5414 .
1115 5403 1127 5427 Ι
1293 5407 1305 5423 ’
1355 5407 1366 5422 ι
1678 5364 1808 5408 σεως
1838 5347 2157 5427 παρὰητοιὺς
2183 5351 2284 5427 ,ἐπὶ
2316 5347 2450 5427 ’γῆς’
2485 5347 2681 5427 πάντας
2729 5347 2993 5427 δαίμονας,
3045 5347 3187 5416 Vtile-

224 5410 324 5476 Ὧς
355 5409 574 5490 ἐτέρας
604 5403 814 5467 οὔσης.
838 5415 939 5457 etc.
972 5403 1212 5468 Ejusdem
1250 5407 1429 5490 οὐσίας
1454 5426 1574 5463 esse
1679 5427 1728 5467 tu

1351 5407 1429 5470 ἔας
1454 5426 1574 5463 esse
1679 5403 1949 5490 ιιιΓ-ξρῦσιν
1983 5403 2283 5490 ιίίειιιῖιιὶεευ
2311 5403 2573 5490 ιιὶιόὐσίᾳ.
2611 5403 2858 5489 libanu;

223 5498 250 5535 s
281 5491 372 5534 est
437 5479 712 5559 Uftgen'cs
764 5485 1080 5559 quaecunque
1122 5476 1332 5559 praedita
1387 5492 1569 5559 essent

1215 5476 1332 5559 idi‘tn
1387 5492 1569 5559 essent
1877 5483 2408 5559 gotleXJSOllleiattus,
2443 5476 2723 5559 εἰρημένῳ.

215 5591 223 5604 _
264 5539 1055 5624 Carporis'soluua-discrimen
1091 5539 1311 5624 aliquod
1343 5547 1565 5624 angelos

1235 5544 1311 5620 od
1343 5547 1565 5624 angelos
1742 5539 1850 5624 (ῧὶξῖ
1871 5550 2037 5624 βρύει(
2065 5552 2274 5624 Regius,
2301 5539 2738 5624 εἴποιμὲνξῗιιιιὶυ.

250 5605 554 5676 άςυιιῖυιιθε
583 5605 890 5668 constituit,
917 5617 971 5658 ut
1016 5609 1065 5657 in
1113 5605 1439 5674 ()rigem'um's~
1467 5616 1562 5668 de.

1278 5605 1439 5664 uanisw
1467 5616 1562 5668 (ίαν
1743 5605 1848 5686 (55)
1877 5617 2015 5673 ldetu
2041 5605 2203 5677 codex
2230 5605 2458 5688 Ιίυξςιιιε,⁸
2476 5605 2786 5692 ἑτέρούσιος.
