3820 6216
386 386 488 444 {$27

391 498 620 571 potentia
661 494 735 545 sic
768 483 1104 554 imaginandi.

388 569 598 646 homine
635 581 848 634 alterius
871 587 950 630 est
976 572 1304 633 substantim,
1332 569 1547 621 alterius
1573 578 1776 633 quoque
1807 578 1892 627 ge-

388 679 530 734 neris
562 685 774 727 necesse
801 678 881 721 est
911 680 1028 719 esse
1070 663 1254 714 animm
1291 659 1570 728 potentias,
1601 665 1652 708 et
1681 665 1893 721 genere,

388 779 438 818 ιιι
465 765 536 818 ita
568 762 759 820 dicam,
796 754 1006 808 dilI’erre
1038 751 1304 804 memoria:
1334 745 1614 814 potentiam
1647 757 1675 794 a
1708 754 1897 792 memo-

391 855 480 903 τῖλε
522 848 749 914 polentia
790 854 842 896 et
885 839 1214 896 discurrendi
1264 834 1546 904 potentiam
1585 847 1612 883 a
1667 827 1895 896 potentia

388 934 731 990 discurrendi.
781 930 880 983 Sed
926 927 1086 982 certis
1121 939 1362 992 agamus,
1407 918 1648 986 exemplo
1692 923 1898 968 utentes

387 1038 567 1079 eorum
599 1037 712 1090 qua:
739 1018 984 1073 similiter
1018 1013 1312 1082 intelligunt
1358 1019 1411 1064 et
1456 1009 1788 1062 discurrunt:
1822 1002 1894 1053 ita

388 1123 448 1166 nt
476 1127 608 1164 unus
645 1106 936 1175 spiritualis
963 1105 1095 1157 alter
1127 1102 1428 1163 terrestris,
1479 1106 1535 1149 ut
1575 1095 1646 1148 illi
1680 1094 1899 1160 loquun-

389 1217 497 1263 tur,
529 1199 767 1254 similiter
813 1194 1189 1253 assentiantur,
1237 1190 1316 1243 vel
1357 1185 1715 1241 assensionem
1767 1179 1901 1233 inhi-

392 1293 574 1350 beant,
604 1297 690 1339 aut
725 1269 1200 1345 almuantfutrum
1241 1279 1354 1332 haec
1385 1273 1670 1329 similitudo
1712 1269 1822 1322 fuit.
1849 1267 1900 1319 in

392 1376 619 1429 diversis
643 1374 908 1433 essentiis,
940 1387 1003 1422 an
1030 1369 1202 1438 potius
1227 1365 1396 1433 passio
1419 1361 1608 1416 similis
1637 1359 1753 1418 fuit,
1775 1368 1902 1422 quo-

395 1467 534 1518 niam
555 1465 604 1518 id
633 1461 715 1515 cui
739 1455 1207 1526 contingitpassio,
1229 1461 1343 1505 erat
1364 1450 1600 1519 ejusdem
1630 1442 1902 1499 essentize?

395 1557 567 1622 Atque
601 1551 842 1620 equidem
875 1549 918 1601 si
950 1549 1195 1600 dixerunt
1225 1543 1432 1595 easdem
1479 1540 1674 1607 figuras
1719 1532 1906 1600 imagi-

397 1645 688 1703 nationum,
735 1649 787 1693 et
843 1634 1225 1696 assensionum,
1274 1641 1326 1685 et
1368 1627 1805 1684 rccordationum,
1853 1631 1905 1673 et

398 1734 731 1786 discursuum
783 1727 949 1780 factas
993 1724 1155 1776 fuisse
1199 1721 1250 1773 in
1295 1719 1378 1774 his
1406 1732 1521 1786 qua:
1549 1714 1775 1770 essentia
1806 1709 1905 1764 dif-

1769 350 2078 411 OlllGENlS

1150 479 1204 533 Si
1254 478 1392 530 enim
1441 477 1597 530 homo
1643 489 1749 542 pra:
1795 473 1894 522 alio

2035 468 2085 518 αἰ
2109 465 2165 516 ὃν
2193 465 2425 529 λέγουσιν
2449 455 2584 512 εἶναι
2614 456 2796 525 χοῖκόν
2826 453 2936 521 (54)
2958 467 2972 480 ·
3011 445 3134 517 ἄρα
3168 444 3288 542 γὰρ
3316 439 3392 538 tb-

3491 325 3600 379 (-28

1994 555 2208 621 πλήσιον
2232 528 2286 604 ὲν
2308 551 2573 618 διαφόροις
2601 538 3088 614 γέγονενούσίαις,
3113 535 3149 602 ἦ
3177 533 3272 583 διὰ
3295 529 3460 581 τοῦτο
3486 528 3592 621 (5:5)

1993 617 2359 714 παραπλήσιον
2407 617 2594 707 γέγονε
2645 639 2705 689 τὸ
2759 633 2961 692 πάθος,
3006 626 3145 680 ἐπεὶ
3191 621 3496 714 όμοούσιον
3531 617 3597 688 ἦν

1992 705 2144 784 τοῦτο
2168 705 2274 799 (ὅθ)
2304 723 2345 796 ᾧ
2375 705 2681 796 συμϐέϐηκε
2707 725 2768 774 τὸ
2800 720 3006 782 πάθος;
3048 716 3132 767 Τὸ
3167 714 3275 782 μὲν
3305 705 3404 762 οὖν
3437 710 3600 776 φάναι

1994 824 2112 883 τοὺς
2137 821 2324 882 αὐτοὺς
2351 818 2550 878 τύπους
2584 811 2913 882 φαντασιῶν,
2957 807 3058 860 καὶ
3094 799 3601 870 συγκαταθέσεων,

1996 913 2087 964 καὶ
2105 912 2441 980 διανοήσεων,
2469 908 2562 959 καὶ
2596 922 2696 974 μνη
2707 900 3020 973 μονεύσεων
3051 893 3364 962 γεγονέναι
3401 893 3463 942 ἐν
3491 892 3600 951 τοῖς

1997 978 2332 1068 έτεροουσίοις
2361 996 2468 1064 (57)
2507 993 2694 1058 ἄλογον
2713 1007 2726 1020 ·
2759 989 2820 1040 τὸ
2844 987 2901 1039 δὲ
2930 986 2990 1035 ἐν
3026 984 3152 1043 τοῖς
3183 978 3602 1068 ὁμοουσίοιςμὲκ

2000 1090 2186 1160 μέρους
2223 1087 2294 1147 ὼς
2334 1083 2481 1152 παρᾶ
2520 1081 2691 1132 ταῦτα
2722 1072 2861 1128 εἶναί
2895 1087 3021 1124 τινα
3053 1069 3162 1121 καὶ
3209 1067 3388 1133 ἄλλην
3415 1064 3603 1115 οὐσίαν

1998 1148 2260 1235 ἐνιαύτοῖς
2296 1148 2512 1239 ἠλίθιον.
2555 1162 3084 1236 Παραστησάτωσαν
3134 1152 3258 1222 γὰρ
3305 1149 3465 1220 παρὰ
3506 1148 3603 1210 τὰς

1996 1269 2242 1336 δυνάμεις
2286 1263 2481 1324 ταύτας
2535 1259 2725 1327 ἑτέραν
2772 1253 2896 1306 τινὰ
2942 1249 3151 1304 οὐσίαν
3208 1245 3294 1315 μὴ
3351 1243 3602 1304 νοοῦσαν,

2002 1332 2138 1426 μηδὲ-
2156 1349 2544 1418 διανοουμένην,
2591 1344 2724 1413 μηδέ
2767 1338 3170 1410 μεμνημένην,
3209 1332 3356 1403 μηδὲ
3405 1348 3603 1399 φαντα-

2001 1443 2294 1512 σιουμένην,
2333 1441 2389 1490 ἐν
2428 1433 2506 1498 οἷς
2550 1450 2712 1502 φασιν
2757 1427 2900 1483 εἶναι
2942 1426 3376 1496 πνευματικοῖς
3421 1422 3604 1492 κρείτ-

1999 1549 2120 1586 τονα
2149 1531 2245 1599 τῆς
2281 1528 2520 1594 νοούσης,
2558 1524 2651 1576 καὶ
2682 1519 3120 1588 διανοουμένης·
3160 1515 3198 1585 ἢ
3237 1516 3299 1566 ἐν
3335 1514 3454 1574 τοῖς
3499 1516 3606 1581 χοῖ-

2001 1625 2114 1684 κοῖς
2171 1621 2284 1689 ἢτοι
2335 1615 2540 1684 ὁμοίαν,
2593 1613 2625 1681 ἦ
2673 1611 2929 1681 χείρονα·
2979 1606 3119 1658 οὐδὲ
3189 1603 3330 1689 γὰρῌ
3373 1603 3606 1689 φήσουσι

2001 1686 2288 1780 κρείττονα.
2323 1702 2458 1754 Ἀλλ’
2499 1699 2643 1760 εἰκὸς
2682 1696 2882 1756 αὐτοὺς
2929 1693 3116 1761 ἐρεῖν,
3148 1691 3262 1751 ὅτι,
3297 1687 3492 1756 ὥσπερ
3532 1686 3609 1736 ἐν·

400 1822 594 1884 l'erant,
630 1818 853 1871 alienmn
880 1822 962 1868 est
993 1828 1021 1864 a
1052 1805 1286 1873 ratione;
1322 1809 1404 1862 sin
1434 1821 1558 1860 vero
1596 1803 1770 1856 dicent
1818 1814 1907 1854 eos

2035 1771 2206 1864 έχεται
2233 1791 2338 1844 ἀπὸ
2365 1790 2462 1857 τῆς
2485 1787 2650 1855 αὐτῆς
2676 1781 2980 1853 σφραγῖδος
3015 1779 3244 1848 ὁμοίως
3280 1776 3606 1845 τυπωθῆναι

399 1912 488 1978 qui
518 1917 640 1963 sunt
664 1904 896 1975 ejusdem
927 1903 1189 1966 essentia,
1219 1898 1494 1968 quamdam
1520 1903 1572 1948 et
1598 1893 1752 1944 aliam
1781 1891 1830 1943 in
1853 1905 1908 1942 se

402 2002 597 2054 habere
645 1995 926 2050 essentiam
976 1990 1340 2061 particularem
1387 1986 1453 2038 ab
1488 1984 1591 2037 illis
1623 1982 1904 2040 diversam,

403 2089 604 2140 fatuum
633 2085 750 2138 erit.
783 2081 1073 2136 Ostendam
1113 2079 1250 2132 enim
1295 2083 1486 2144 praeter
1523 2074 1618 2124 has
1648 2069 1907 2138 potentias

402 2176 620 2227 a!tcram
652 2171 925 2238 quamdam
959 2167 1241 2222 essentiam
1272 2179 1371 2216 non
1403 2161 1796 2228 intelligentem,
1821 2171 1911 2209 ne-

403 2279 506 2331 que
534 2262 978 2320 considerantem,
1027 2271 1196 2324 neque
1256 2252 1698 2312 rcminiscentem,
1742 2261 1912 2313 neque

405 2352 801 2420 imaginantem,
822 2362 939 2402 esse
965 2347 1016 2400 in
1045 2346 1126 2398 his
1152 2358 1283 2411 quos
1303 2339 1600 2409 spirituales
1629 2335 1909 2404 appellant,

405 2451 459 2494 et
485 2442 536 2493 in
564 2442 646 2493 his
671 2455 802 2507 quos
829 2445 1125 2498 terrestres,
1161 2433 1424 2486 meliorem
1453 2428 1687 2497 potentia
1716 2425 1913 2480 intelli-

404 2530 582 2600 gendi,
614 2537 771 2594 atque
808 2525 1093 2594 cogitandi,
1142 2521 1222 2574 vel
1267 2519 1514 2580 similem,
1541 2518 1619 2569 vel
1647 2514 1912 2584 peiorem;

407 2630 578 2682 neque
606 2615 744 2667 enim
773 2611 963 2664 dicturi
992 2619 1115 2663 sunt
1143 2607 1433 2660 meliorem.
1479 2603 1580 2657 Sed
1637 2610 1912 2654 consenta-

409 2716 562 2756 neum
589 2708 668 2752 est
695 2714 786 2751 eos
813 2699 1061 2760 dicturos,
1091 2691 1526 2762 quemadmodum
1557 2689 1832 2752 contingit,
1863 2697 1918 2738 ut

411 2803 474 2842 ex
513 2787 695 2840 eodem
726 2783 897 2853 sigillo
922 2783 1164 2836 similiter
1196 2779 1528 2848 imprimatur
1545 2776 1811 2829 dissimilis
1836 2789 1918 2826 es-

413 2877 602 2936 sentia,
633 2884 755 2944 puta
784 2874 918 2934 auri,
944 2872 1166 2939 argenti.
1200 2870 1396 2929 stanni,
1431 2867 1651 2936 plumbi,
1679 2879 1733 2919 et
1763 2879 1914 2926 cerae,

411 2965 488 3016 sic
529 2961 679 3013 facile
708 2961 846 3012 factu
895 2973 1010 3010 esse
1039 2969 1097 3010 ut
1131 2973 1193 3010 ex
1242 2958 1425 3009 iisdem
1459 2954 1921 3022 imaginationibus

2002 1881 2099 1950 τὴν
2131 1878 2373 1946 ἀνόμοιον
2409 1873 2591 1926 οὐσίαν
2633 1870 2835 1941 χρυσοῦ
2885 1869 2984 1921 καὶ
3019 1867 3318 1938 ἀργύρου,
3348 1865 3446 1917 καὶ
3476 1880 3605 1916 κασα

2007 1969 2229 2038 σιτέρου.
2258 1967 2350 2018 καὶ
2385 1963 2646 2034 μολίϐδου,
2674 1961 2770 2014 καὶ
2808 1958 3015 2028 κηροῦ,
3048 1958 3211 2010 οὕτω
3239 1957 3473 2009 δυνατὸν
3503 1956 3608 2009 ἀπὸ

2003 2059 2108 2110 τῶν
2147 2055 2318 2107 αὐτῶν
2354 2053 2463 2120 (58)
2507 2051 2817 2120 φαντασιῶν
2848 2051 2983 2112 τοὺς
3039 2047 3486 2117 παραπλησίους
3516 2048 3605 2112 ἐγ-

2007 2144 2248 2212 γενέσθαι
2276 2144 2472 2202 τύπους
2525 2144 2637 2202 τοῖς
2681 2141 2738 2191 ἐν
2782 2139 3083 2208 διαφόροις
3136 2138 3365 2196 οὐσίαις
3407 2135 3606 2203 τυγχά-

2007 2252 2182 2295 νουσι,
2226 2232 2316 2284 καὶ
2368 2229 2880 2298 φαντασιουμένοις·
2916 2229 2984 2279 τὸ
3035 2228 3087 2280 δ’
3134 2229 3336 2296 ὅμοιον
3371 2226 3468 2278 καὶ
3518 2224 3606 2276 ἐπὶ

2006 2323 2252 2384 διανοίας,
2279 2323 2370 2373 καὶ
2398 2321 2648 2389 νοήσεως,
2687 2319 2780 2370 καὶ
2817 2317 3277 2386 μνημονεύσεως
3323 2317 3601 2384 φήσουσιν.

2020 2414 2151 2464 Ἀλλ’
2187 2414 2285 2480 ὅρα
2328 2412 2560 2480 μήποτε,
2595 2409 2695 2461 κᾶν
2725 2409 2866 2461 πάνυ
2905 2406 3155 2470 πιθανὸς
3202 2401 3349 2459 εἶναι
3388 2407 3418 2457 δ
3455 2405 3603 2471 λόγος

2009 2501 2155 2566 οὗτος
2207 2505 2364 2572 δοκῇ.
2415 2499 2775 2571 συναρπάζειν
2839 2499 3081 2568 μᾶλλον,
3131 2498 3235 2550 καὶ
3291 2496 3603 2563 σοφίζεσθαι

2010 2595 2222 2646 δύναται
2258 2591 2321 2644 ἂν
2350 2591 2546 2660 ὁμοίως
2577 2591 2686 2656 (59)
2716 2588 3266 2658 παραϐεϐλημένος,
3315 2589 3462 2655 ἥπερ
3504 2588 3606 2637 πεί-

2012 2685 2120 2735 θειν
2153 2682 2239 2735 τὸν
2282 2679 2518 2749 ἀκριϐῶς
2567 2678 2644 2746 τῷ
2697 2677 3131 2748 παραδείγματι
3194 2679 3598 2746 ἐπιστήσαντα·

2013 2772 2102 2824 ἐπὶ
2137 2771 2232 2839 μὲν
2257 2769 2362 2839 γὰρ
2389 2769 2485 2836 τῆς
2512 2767 2716 2828 εἰκόνος
2749 2766 2858 2834 ἔχω
2899 2766 3113 2831 δεῖξαι,
3162 2768 3251 2818 ὃτι
3291 2767 3352 2817 ἐν
3375 2765 3554 2834 χρυσῷ
3576 2765 3606 2814 ό

2011 2860 2172 2920 τύπος
2199 2857 2365 2927 (60),ό
2402 2858 2457 2908 ἐν
2485 2855 2727 2925 ἀργύρῳ,
2841 2857 2943 2923 μὲν
2971 2858 3004 2908 ὁ
3043 2856 3266 2918 τύπος,
3319 2855 3602 2926 παραπλή-

2016 2965 2126 3010 σιος
2165 2947 2430 2999 δείκνυται
2458 2945 2554 3012 τὴν
2605 2945 2839 3012 ἰδιότητα
2887 2944 2990 2996 τοῦ
3041 2947 3106 2995 ἐν
3145 2945 3346 3016 χρυσῷ
3395 2942 3602 3012 γεγονέ-

412 3049 778 3116 imprimantur
803 3046 978 3114 ﬁgurae
1007 3045 1058 3096 in
1084 3044 1318 3098 diversas
1345 3041 1502 3111 339
1526 3043 1782 3095 essentias
1825 3041 1917 3092 ha-

2035 3055 2122 3099 ραι,
2157 3034 2301 3104 παρὰ
2340 3033 2416 3104 τῷ
2460 3036 2516 3086 ἐν
2546 3033 2770 3104 ἀργύρῳ
2815 3035 3196 3090 τετυπῶσθαι
3220 3075 3236 3099 ,
3283 3038 3322 3106 ἢ
3355 3039 3474 3098 cui;
3503 3035 3603 3087 λοι-

417 3138 657 3189 ιιειιιίὺιιε
678 3145 728 3186 et
755 3132 1182 3201 imaginantibus,
1208 3131 1378 3184 simile
1399 3132 1554 3183 etiam
1577 3131 1641 3183 de
1661 3129 1918 3194 discursu,

415 3229 479 3279 de
513 3225 850 3291 intelligentia
880 3231 935 3274 et
966 3221 1352 3274 reminiscentia
1387 3219 1595 3272 dicturi.
1632 3219 1700 3272 At
1719 3217 1837 3270 vide
1858 3231 1923 3269 ne

416 3316 572 3375 forte,
598 3313 804 3366 etiamsi
835 3309 1116 3363 admodum
1153 3308 1518 3376 persuasibilis
1547 3309 1657 3360 haec
1686 3307 1924 3359 videatur

419 3404 609 3463 oratio,
634 3400 900 3466 corripere
920 3399 1084 3465 magis
1109 3412 1173 3450 ac
1215 3396 1458 3464 decipere
1487 3397 1561 3448 sic
1591 3395 1776 3448 collata
1803 3409 1925 3462 pos-

422 3493 679 3555 sitquam
725 3488 1039 3553 persuadere
1088 3486 1160 3537 illi
1203 3484 1291 3551 qui
1344 3483 1638 3551 exemplum
1685 3494 1927 3536 accurate

423 3577 705 3629 adnotarit.
737 3575 813 3627 Ac
848 3575 911 3626 de
933 3571 1158 3640 imagine
1193 3572 1316 3625 illud
1354 3573 1561 3639 quidem
1591 3586 1799 3639 possum
1840 3587 1929 3626 os-

425 3663 639 3715 tendere
660 3663 797 3728 quod
825 3662 986 3726 llgura
1013 3659 1062 3711 in
1101 3672 1246 3716 auro,
1281 3671 1383 3726 qua
1410 3658 1611 3710 ratione
1639 3659 1801 3726 ligura
1822 3668 1924 3720 est,

422 3752 608 3805 similis
635 3751 707 3804 illi
729 3751 908 3818 tignrte
931 3763 1046 3815 qua:
1073 3756 1154 3800 est
1183 3748 1233 3800 in
1275 3756 1512 3816 argento,
1553 3749 1925 3817 proprietatem

421 3841 680 3905 ostendat,
703 3854 798 3892 cur
819 3837 952 3892 facta
981 3838 1050 3890 sit
1073 3838 1244 3906 potius
1269 3837 1320 3890 in
1343 3852 1470 3891 auro
1494 3853 1650 3904 quam
1675 3838 1927 3905 impressa

423 3935 492 3984 sit
519 3931 573 3985 in
600 3939 812 3999 argento
838 3927 920 3982 vel
954 3927 1005 3979 in
1036 3925 1241 3980 caeteris
1271 3924 1741 3990 materiis.'Quare
1773 3925 1930 3978 vicis-

425 4023 523 4074 sim
549 4019 700 4072 nobis
732 4016 1008 4070 ostendant
1039 4013 1111 4067 illi
1140 4014 1510 4081 pr0prietatem
1539 4012 1652 4078 ejus
1677 4014 1814 4080 quod
1837 4013 1930 4064 ad-

428 4109 569 4162 misit
597 4107 844 4175 majorem
868 4104 1108 4172 liguram,
1136 4103 1218 4155 vel
1239 4102 1514 4161 minorem,
1547 4101 1627 4154 vel
1657 4101 1884 4154 intimam
1915 4118 1930 4164 ;

427 4213 490 4252 ao
517 4203 718 4252 tentent
749 4194 932 4247 saltem
973 4191 1177 4260 nugari,
1205 4204 1266 4242 ac
1299 4189 1643 4258 circumloqui
1669 4190 1930 4242 diversam

429 4285 711 4340 essentiam
764 4284 1045 4352 figurarum
1094 4279 1490 4346 suscipientium
1554 4277 1796 4331 similiter
1833 4279 1933 4330 im-

2019 3129 2144 3188 παῖς
2203 3124 2382 3185 ὕλαις·
2433 3121 2574 3175 οὔτω
2626 3122 2803 3174 τοίνυν
2871 3123 3016 3191 ἡμῖν
3080 3126 3602 3196 παραστησάτωσαν

2022 3216 2206 3284 ἰδίωμα
2249 3213 2339 3264 τοῦ
2381 3211 2664 3280 δεξαμένου
2697 3209 2868 3262 τύπον
2907 3211 3156 3280 μείζονα
3191 3215 3310 3280 (6i)
3334 3257 3349 3279 ,
3378 3215 3412 3284 ἢ
3459 3213 3601 3266 ἐλάτ-

2017 3325 2160 3369 τονα,
2187 3307 2220 3376 ἦ
2251 3305 2654 3373 ὑποδεέστερον·
2695 3302 2789 3354 καὶ
2821 3306 3280 3375 πειραθήτωσαν
3310 3306 3416 3359 κᾶν
3460 3322 3601 3374 περι-

2019 3397 2232 3466 λαλῆσαι
2261 3395 2356 3464 τὴν
2393 3393 2498 3446 τῶν
2541 3390 2845 3459 δεξαμένων
2887 3393 2996 3463 τὴν
3033 3394 3331 3464 ἀνάμιξιν
3372 3394 3479 3446 τῶν
3515 3391 3602 3445 τύ·

2021 3502 2133 3537 πων
2167 3482 2546 3554 παραπλησίως
2593 3481 2848 3550 διάφορον
2889 3483 3135 3535 οὐσίαν·
3191 3485 3275 3553 μὴ
3321 3485 3434 3553 γὰρ
3475 3498 3604 3550 παρ-

2027 3575 2291 3634 ιστάντες,
2337 3569 2730 3638 ἀποφανοῦνται
2786 3570 2910 3638 μὲν,
2964 3572 3078 3624 οὐκ
3137 3573 3491 3638 ἀποδείξουσι
3534 3570 3605 3622 δέ.

2023 3661 2261 3716 Τοσαῦτα
2301 3662 2390 3714 καὶ
2423 3661 2555 3730 πρὸς
2593 3659 2688 3710 τὸν
2729 3659 3130 3730 Ἡρακλέωνος
3166 3663 3336 3731 λόγον
3378 3663 3611 3721 εἰπόντος

2024 3753 2107 3804 τό·
2149 3753 2241 3803 Ἐκ
2277 3749 2379 3802 τοῦ
2429 3749 2646 3814 πατρὸς
2683 3749 2788 3802 τοῦ
2838 3750 3173 3819 διαϐόλου,
3222 3755 3350 3806 ἀντὶ
3402 3751 3512 3812 τοῦ,
3555 3752 3614 3801 ἐκ

2025 3841 2121 3908 τῆς
2159 3840 2339 3901 ούσίας
2365 3837 2456 3890 τοῦ
2485 3839 2688 3909 πατρὸς
2734 3839 2830 3891 τοῦ
2861 3839 3137 3896 διαϐόλου
3188 3844 3308 3914 (62)
3363 3841 3607 3913 εἰρήσθω·

2025 3929 2189 3980 Πάλιν
2235 3931 2311 3990 είς
2348 3929 2441 3980 τό·
2491 3928 2598 3992 Τὰς
2638 3929 2954 3996 ἐπιθυμίας
3011 3933 3132 3986 τοῦ
3183 3935 3418 3999 πατρὸς
3461 3929 3614 3997 ὑμῶν

2027 4017 2219 4068 θέλετε
2249 4014 2450 4076 ποιεῖν,
2483 4014 2839 4066 διαστέλλεται
2871 4014 3065 4083 λέγων
3103 4020 3204 4073 τὸν
3249 4018 3499 4072 διάϐολον
3543 4015 3612 4083 μὴ

2027 4102 2164 4170 ἔχειν
2204 4100 2424 4170 θέλημα,
2467 4101 2577 4154 ἀλλ’
2609 4101 2938 4171 ἐπιθυμίας·
2980 4106 3089 4158 καὶ
3135 4107 3478 4176 ἐμφαίνεται
3521 4101 3611 4152 αύ-

2029 4189 2254 4242 τόθεντὺ
2281 4189 2586 4259 ἀδιανόητον
2615 4189 2724 4259 (65)
2763 4189 2859 4242 τοῦ
2902 4191 3114 4258 λόγου·
3171 4195 3359 4248 θέλειν
3406 4193 3512 4262 γὰρ
3552 4190 3619 4242 τὰ

2033 4279 2236 4349 πονηρὰ
2263 4281 2365 4343 πᾶς
2396 4281 2460 4332 ἄν
2484 4297 2566 4342 τις
2601 4280 2934 4350 ὁμολογήσαι
2983 4284 3233 4340 ἐκεῖνον.
3269 4284 3528 4349 Συνάξεις
3565 4281 3624 4338 δὲ.

433 4373 788 4437 pressionem;
834 4369 972 4436 quod
1019 4381 1138 4420 cum
1173 4381 1272 4420 non
1301 4365 1653 4430 exhibuerint,
1688 4367 1917 4420 enuntia-

2035 4368 2124 4420 καὶ
2150 4367 2326 4430 αὐτὸς,
2359 4369 2406 4418 εί
2434 4368 2526 4420 καὶ
2550 4369 2640 4419 ἐπὶ
2664 4367 2755 4421 τοῦ
2781 4368 2894 4438 (64)
2930 4373 3227 4441 παρόντος
3261 4379 3324 4428 ἐν
3356 4371 3626 4446 προχείρῳ

434 4466 561 4514 bunt
586 4462 814 4529 quidem,
840 4459 932 4512 sed
970 4472 1071 4510 non
1106 4457 1558 4511 demOnstralmnt.
1590 4454 1854 4509 Hactenus
1873 4457 1935 4509 de

436 4551 772 4610 lleracleone,
800 4548 886 4615 qui
925 4546 1188 4614 exposuit,
1217 4561 1280 4598 ex
1299 4553 1446 4613 patre
1486 4535 1714 4606 diabolo,
1749 4557 1842 4611 pro
1871 4536 1934 4596 eo

433 4640 570 4707 quod
593 4649 694 4700 est,
724 4652 786 4690 ex
811 4635 1099 4692 substantia
1127 4634 1288 4702 patris
1311 4632 1538 4696 diaboli;
1562 4633 1650 4700 qui
1675 4646 1856 4685 rursus
1883 4630 1934 4684 in

437 4732 538 4782 hoc
562 4729 780 4793 dictum,
805 4726 1059 4779 desideria
1080 4727 1244 4793 patris
1270 4724 1421 4778 vestri
1446 4723 1596 4777 vultis
1623 4721 1812 4790 facere,
1841 4719 1942 4773 dis-

435 4828 581 4888 putat
603 4820 782 4872 dicens
811 4815 1076 4868 diabolum
1102 4829 1202 4868 non
1239 4813 1434 4866 habere
1462 4812 1807 4872 voluntatem,
1846 4809 1937 4862 sed

433 4909 691 4962 desideria
713 4923 729 4970 ;
751 4905 898 4972 cujus
917 4905 1043 4958 dicti
1071 4903 1367 4956 absurditas
1394 4910 1606 4969 apparet
1630 4915 1694 4953 ex
1716 4913 1793 4961 se,
1819 4902 1940 4952 dum

503 4999 614 5068 (54)
634 4999 862 5051 Χοῖκόν.
883 4996 1044 5068 Quem
1071 5006 1124 5048 et
1144 4995 1319 5048 ὑλικόν
1347 4993 1678 5064 appellabant
1697 5029 1714 5054 ,
1739 5000 1793 5044 et
1817 5007 1942 5061 σαρ-

435 5065 604 5135 κιγᾲόν,
629 5078 679 5119 et
700 5068 896 5135 γήϊνον.
925 5065 1180 5135 Hunnus,

505 5134 615 5197 (55)
638 5129 737 5186 Διὰ
757 5129 947 5192 τοῦτο.
977 5134 1130 5186 Deest
1154 5132 1206 5189 in
1243 5131 1422 5184 codice
1447 5129 1749 5188 Bodleiano.

507 5203 616 5276 (ἕρ)
639 5202 816 5276 (ξιιόωι
841 5201 1151 5276 βοάίείιιιιιιε
1174 5199 1330 5276 habet
1356 5197 1542 5267 τούτῳ.

641 5269 816 5344 βοάᾳ
840 5268 1408 5344 Ιίςρίιιεηὲτερουσίος.

445 5332 858 5454 Buﬁgjaﬁgrdm
882 5339 1035 5390 Deest
1062 5338 1112 5390 in
1143 5332 1320 5390 codice
1344 5335 1526 5402 Regio,
1553 5335 1642 5387 sed
1666 5333 1857 5401 legitur
1889 5332 1940 5386 in

485 5420 742 5456 mlletatlo.

511 5474 618 5537 (59)
668 5473 763 5523 “Ar
811 5472 1037 5537 ὁμοίως.
1091 5471 1247 5524 Forte
1294 5471 1564 5536 legendum
1594 5509 1610 5532 ,
1664 5468 1942 5538 ἀνομοίως.

445 5537 776 5613 !|lltlellI,-ut)_i
802 5541 976 5613 codex“
1004 5538 1314 5613 Bodleianus
1339 5537 1490 5592 habet
1537 5539 1676 5609 ἢπερ
1721 5537 1944 5598 πείθειν,

448 5604 634 5671 legitur
655 5605 704 5654 in
739 5603 902 5670 Regio
926 5603 1076 5671 εἴπερ
1109 5604 1297 5654 πείθει.

515 5669 1107 5738 (εξο)ὀτιὲν·χρινσῴ’ό
1145 5674 1342 5735 τύπος,
1382 5683 1482 5725 etc.
1539 5673 1656 5728 llzcc
1702 5673 1944 5726 inti-irata

2035 4457 2132 4508 ούκ
2166 4455 2354 4525 ἔχομεν
2378 4455 2730 4524 παραθέσθαι,
2760 4458 2812 4509 et
2845 4475 2952 4511 που
2998 4462 3063 4513 ὲν
3094 4467 3167 4533 τῇ
3202 4466 3406 4535 Γραφῇ
3444 4463 3504 4514 τὸ
3535 4460 3620 4511 θέ-

2033 4549 2161 4598 λειν
2189 4545 2277 4596 ἐπὶ
2306 4544 2398 4596 τοῦ
2427 4544 2666 4596 διαϐόλου
2704 4547 2988 4600 τέτακται.
3037 4552 3210 4605 Μετὰ
3249 4553 3434 4607 ταῦτὰ
3466 4565 3621 4620 φησιν

2034 4635 2062 4685 ό
2099 4633 2404 4703 Ἡρακλέων
2445 4632 2520 4695 ὡς
2568 4633 2674 4702 ἄρα
2718 4633 2893 4687 ταῦτα
2946 4639 3185 4708 εἴρηται
3223 4644 3290 4696 ού
3335 4644 3475 4713 πρὸς
3505 4641 3624 4699 τοὺς

2038 4723 2190 4788 φύσει
2221 4721 2312 4774 τοῦ
2347 4722 2587 4775 διαϐόλου
2624 4725 2792 4785 υἱοὺς,
2831 4727 2962 4789 τοὺς
2998 4733 3270 4796 χοῖκοὺς,
3320 4733 3462 4787 ἀλλὰ
3493 4727 3623 4800 πρὸς

2037 4814 2156 4873 τοὺς
2181 4811 2437 4880 ψυχικοὺς
2466 4813 2608 4865 θέσει
2638 4815 2786 4876 υἱοὺς
2816 4815 3080 4871 διαϐόλου
3122 4824 3501 4892 γενομένους·
3534 4819 3623 4885 ἀφ’

2035 4893 2108 4952 ὧν
2134 4902 2199 4968 τῇ
2238 4901 2391 4967 φύσει
2421 4901 2667 4956 δύνανταί
2695 4921 2840 4965 τινες
2867 4908 2966 4959 καὶ
3000 4907 3160 4964 θέσει
3186 4913 3303 4965 υίοὶ
3333 4910 3474 4964 Θεοῦ
3506 4923 3628 4979 χρη·

2045 5001 2332 5061 ευιιιειιιιαξ
2368 4994 2444 5047 sic
2468 4995 2656 5060 legisse
2677 4997 2886 5050 videtur
2919 4999 3260 5061 Ferrarius.
3310 5007 3440 5058 ὐτι
3496 5004 3525 5054 ό
3572 5002 3624 5051 ὲν

2045 5045 2432 5142 χροιῇ-τέρα.
2466 5045 2653 5132 ὲεᾷὲῖ
2671 5045 2897 5136 διέπει,
2921 5045 2940 5129 :
2967 5045 3440 5142 ustas."
3457 5045 3627 5142 sapa;

2045 5129 2266 5201 πλῄσιος
2315 5129 2601 5201 δείκνυται,
2633 5129 2768 5195 σιὰ,
2799 5129 2922 5201 qua:
2956 5129 3097 5193 liiihi
3154 5129 3500 5195 tamenvnon
3539 5129 3624 5191 ὶδι-

2041 5195 2328 5251 tislaciuat.
2351 5199 2456 5252 Nos
2475 5199 2643 5276 locum
2672 5195 2839 5268 hunc,
2866 5206 2996 5259 dum
3031 5221 3334 5264 succurrat
3367 5208 3624 5276 (Edipus,

2041 5279 2146 5316 non
2182 5276 2472 5330 tangemus.
2507 5267 2768 5324 Hunnus.

2111 5332 2220 5470 (61)
2254 5333 2428 5414 Codex
2455 5335 2669 5400 Regius,
2700 5339 3017 5408 κρείττονα.

2134 5402 2219 5467 62)
2255 5405 2361 5455 Του
2393 5403 2691 5459 διαϐόλου.
2725 5411 2890 5465 Deest
2939 5413 2997 5468 in

2046 5468 2059 5520 l
2113 5402 2219 5480 (βῖ)
2255 5403 2361 5483 Τοῦ
2393 5403 2691 5484 διαᾷόλου.
2725 5402 2890 5465 Deest
2939 5413 2997 5468 in
3036 5415 3222 5470 codice
3289 5417 3490 5486 Regio,
3536 5411 3624 5468 sed

2065 5485 2234 5520 eattttr
2263 5487 2312 5520 tn
2341 5472 2649 5520 Bodleiano.

2065 5472 2234 5535 egitur
2263 5472 2312 5523 in
2341 5472 2649 5526 Bodleiano.

2247 5541 2420 5621 (Ipdex
2450 5540 2664 5621 Regius,
2699 5543 3006 5621 διανόητον,
3047 5552 3209 5607 male.

2119 5606 2224 5677 (64)
2254 5607 2389 5661 Idem
2423 5606 2588 5664 codex
2621 5609 2847 5683 Regius,
2879 5606 2937 5672 ἐξ
3090 5606 3210 5689 τοῦ,
3235 5623 3449 5679 omisso
3473 5619 3583 5674 καί.
