3820 6190
215 304 252 355 ις)
701 369 714 380 ε
1165 303 1506 359 COMMENT.
1551 303 1612 357 IN
1653 304 1815 359 JOAN
1883 305 2115 360 TOMUS
2153 306 2262 360 XX.

3187 316 3287 371 030

215 419 378 475 ιτίσαι.
405 417 513 470 Καί
550 420 682 489 φησί
713 437 796 488 γε,
825 423 904 474 ὅτι
935 422 1080 491 παρά
1110 423 1183 490 τῷ
1211 421 1547 491 ἠγαπηκέναι
1577 421 1670 485 τὰς

1776 425 2014 479 omnibus
2042 425 2092 476 in
2119 423 2364 480 confesso
2398 436 2480 483 est
2509 428 2655 480 illum
2699 429 2832 482 mala
2863 430 3010 489 velle.
3063 432 3291 502 Colliges

216 506 426 574 ιθυμίας
456 507 551 558 τοῦ
594 509 857 572 διαϐόλου,
890 513 980 563 καὶ
1010 516 1194 574 ποιεῖν,
1223 512 1380 564 τέκνα
1408 507 1548 565 οὗτοι
1579 514 1670 567 τοῦ

213 595 372 646 ιϐόλου
412 595 668 659 γίνονται,
700 599 758 649 οὐ
790 599 941 666 φύσει
968 598 1190 651 τοιοῦτοι
1229 601 1402 662 ὄντεςο
1435 603 1526 654 καὶ
1561 603 1673 653 δια-

213 683 406 733 ἑλλεται
433 685 507 745 ὡς
537 685 645 754 ἄρα
667 688 863 758 τριχῶς
889 689 967 740 δεῖ
988 689 1197 741 ἀκούειν
1227 691 1323 758 τῆς
1355 691 1490 742 κατὰ
1514 691 1672 745 τέκνα

213 771 449 838 ›μασξας,
482 774 698 842 πρῶτον
736 778 922 844 φύσει,
972 779 1212 849 δεύτερον
1243 779 1457 850 γνώμῃ,
1498 782 1672 851 τρίτον

213 862 280 931 ἴα.
335 882 351 911 ι
383 863 490 915 Καὶ
523 863 681 931 φύσει
717 866 831 936 μὲν,
862 869 1020 938 φησὶ,
1059 870 1169 922 ἐστὶ
1206 871 1264 921 τὸ
1293 872 1538 940 γεννηθὲν
1573 871 1673 924 ὑπό

214 969 275 1014 Io;
333 954 621 1024 γεννητοῦ,
667 957 694 1008 ὃ
747 959 838 1010 καὶ
892 959 1088 1027 κυρίως
1159 960 1341 1029 τέκνον
1397 961 1668 1014 καλεῖται·

214 1041 324 1112 μῦμῃ
363 1043 438 1105 δὲ,
481 1046 572 1096 ὅτε
602 1047 662 1098 τὸ
710 1047 927 1117 θέλημά·
955 1065 1036 1110 τις
1073 1048 1234 1100 ποιῶν
1280 1067 1418 1109 τινος
1456 1050 1541 1102 διὰ
1579 1051 1671 1121 τὴν

211 1131 325 1182 ποῦ
371 1133 616 1203 γνώμην,
646 1138 828 1190 τέκνον
860 1141 1061 1192 ἐκείνου
1101 1135 1159 1196 οῦ
1192 1143 1330 1191 ποιεῖ
1376 1140 1434 1191 τὸ
1471 1140 1673 1209 θέλημα

211 1224 408 1274 λεῖται⁸
455 1226 581 1293 ἀξίᾳ
634 1227 718 1290 δὲ,
765 1229 886 1280 καθ’
930 1229 958 1281 ό
999 1229 1208 1298 λέγεταί
1257 1247 1396 1292 τινες
1455 1231 1673 1301 γεέννης

211 1329 321 1370 ινα,
371 1315 465 1364 καὶ
511 1315 764 1378 σκότους,
813 1319 904 1370 καὶ
937 1319 1187 1388 ἀνομίας,
1215 1321 1306 1373 καὶ
1347 1321 1536 1388 ὄφεων,
1583 1322 1674 1373 καὶ

211 1399 349 1454 δνῶν
395 1406 726 1472 γεννήματα.
772 1408 844 1457 Oti
889 1407 993 1477 γὰρ
1036 1410 1212 1476 γεννᾷ,
1253 1411 1415 1476 φησί,
1454 1410 1674 1462 τοιαῦτά

212 1508 245 1540 α
297 1493 409 1560 (65)
456 1496 521 1562 τῇ
579 1494 781 1544 ἑαυτῶν
832 1493 1014 1562 φύσει·
1065 1496 1354 1565 φθοροποιά
1409 1499 1535 1569 γάρ,
1582 1500 1672 1552 καὶ

209 1579 486 1634 ιλξσκοντα
528 1584 652 1644 τοὺς
693 1583 1051 1652 ὲμϐληθέντας
1082 1587 1158 1646 είς
1195 1588 1361 1638 αύτάο
1400 1587 1512 1641 ἀλλ’
1554 1589 1671 1640 ἐπεὶ

209 1667 368 1732 ναξαν
425 1667 491 1720 τὰ
543 1671 761 1722 ἐκείνων
813 1673 964 1740 ἔργα,
1017 1675 1174 1726 τέκνα
1219 1679 1391 1731 αὐτῶν
1413 1679 1688 1750 etamen!

1772 514 1926 567 etiam
1959 521 2013 564 tu
2043 514 2173 580 ipse,
2197 513 2401 567 etiamsi
2439 516 2488 568 in
2517 517 2799 584 praesentia
2829 534 2930 571 non
2958 518 3025 571 sit
3049 504 3198 574 nobis
3225 525 3292 576 ad

1774 616 1962 654 manus
1987 603 2123 670 quod
2157 601 2206 652 in
2241 603 2470 656 medium
2498 606 2841 668 adducamus,
2893 621 2956 658 an
3005 607 3196 663 alicubi
3240 611 3290 663 iu

1772 689 2043 757 Scriptura
2079 691 2306 756 positum
2335 692 2405 745 sit
2439 694 2774 760 vocabulum,
2803 696 2946 760 relle,
2978 697 3041 759 de
3062 695 3291 751 diabolo.

1774 779 1944 846 lnquit
1972 780 2130 832 etiam
2167 788 2282 847 post
2319 784 2428 834 hrec
2453 781 2738 835 Heracleon
2776 785 2886 837 haec
2920 785 3057 839 dicta
3103 787 3292 850 fuisse,

1773 883 1874 921 non
1915 871 1978 921 ad
2013 878 2254 922 terrenos
2292 879 2481 923 natura
2521 869 2834 926 exsistentes
2885 873 3078 928 diaboli
3137 876 3292 938 filios,

1771 961 1861 1012 sed
1901 961 1964 1011 ad
1993 975 2086 1013 eos
2113 960 2204 1028 qui
2240 970 2363 1013 sunt
2394 960 2672 1024 animales,
2717 963 2888 1037 factos
2937 965 3125 1018 diaboli
3161 965 3294 1019 filios

1774 1047 2067 1114 positione;
2095 1063 2158 1100 ex
2187 1048 2380 1116 quibus
2403 1059 2623 1117 possunt
2651 1050 2862 1116 quidam
2894 1060 3078 1104 natura
3117 1063 3169 1107 et
3197 1068 3293 1121 po-

1773 1139 1963 1192 sitione
2000 1140 2090 1192 lilii
2123 1138 2214 1192 Dei
2248 1153 2384 1194 esse.
2423 1138 2598 1208 lnquit
2620 1148 2870 1206 przrterea
2898 1143 2995 1194 hos
3037 1143 3148 1196 fleri
3181 1144 3293 1196 dia-

1775 1230 1903 1293 boli,
1928 1244 1991 1283 eo
2019 1229 2157 1297 quod
2187 1228 2467 1284 dilexerint
2518 1228 2820 1296 faciantque
2858 1231 3050 1284 diaboli
3081 1232 3290 1285 deside-

1774 1320 1872 1382 ria,
1901 1334 2020 1371 cum
2048 1328 2231 1372 natura
2261 1319 2562 1387 huiusmodi
2588 1335 2689 1372 non
2717 1320 2842 1374 sint.
2873 1321 3109 1388 Disputat
3132 1323 3288 1375 etiam

1774 1409 2090 1462 vocabulum
2119 1407 2342 1460 filiorum
2371 1409 2628 1461 trifariam
2673 1409 2889 1477 intelligi
2919 1410 3110 1464 debere
3139 1428 3154 1475 ;
3183 1413 3292 1478 pri-

1774 1513 1915 1550 mum
1947 1507 2154 1558 natura,
2181 1497 2405 1552 alterum
2432 1503 2724 1562 voluntate,
2757 1499 2965 1553 tertium
3017 1500 3287 1570 dignitate.

1779 1605 1797 1638 ι
1831 1586 2046 1650 Natura,
2097 1587 2288 1655 inquit,
2341 1587 2468 1642 illud
2491 1590 2720 1657 estquod
2751 1590 2986 1658 genitum
3008 1598 3088 1644 est
3111 1604 3141 1643 a
3163 1605 3293 1658 quo-

1772 1676 1891 1728 dam
1920 1677 2119 1744 genito,
2151 1681 2290 1746 quod
2321 1679 2478 1732 etiam
2511 1679 2724 1747 proprie
2759 1679 2893 1732 filius
2918 1689 3173 1742 vocatur;
3200 1695 3293 1733 vo-

209 1757 399 1827 ,αύτην
458 1759 512 1810 δὲ
574 1738 852 1831 διαστολὴν
888 1738 1164 1825 δεδωκὼς,
1210 1766 1327 1817 οὐδὲ
1379 1738 1670 1818 καθἰόπό-

1776 1763 1972 1816 luntate
2002 1780 2148 1826 vero,
2177 1781 2294 1818 cum
2323 1767 2443 1834 quis
2470 1767 2792 1820 voluntatem
2824 1767 3020 1821 faciens
3047 1768 3290 1834 alicujus,

209 1866 214 1886 ι
247 1848 364 1918 (66)
402 1850 509 1901 ἀπὸ
555 1850 661 1902 τῶν
705 1852 928 1920 Γραφῶν
970 1856 1380 1924 παρεμυθήσατο
1413 1857 1506 1928 τὴν
1541 1859 1670 1912 ἰδίαν

210 1957 400 2008 γησιν.
435 1941 695 2010 Εἴποιμεν
741 1943 784 1994 δ’
821 1942 885 1994 ἂν
937 1944 1066 2012 πρὸς
1112 1945 1299 2007 αὑτὸν,
1341 1947 1452 2010 ὃτι,
1501 1949 1548 1998 εἰ
1595 1948 1668 2018 μὴ

207 2047 316 2092 τει,
367 2031 501 2083 ἀλλὰ
555 2031 678 2100 ἀξία
727 2031 943 2101 γεέννης
983 2032 1145 2084 τέκνα
1194 2034 1538 2104 ὀνομάζεται,
1578 2037 1670 2088 καλ⁸

207 2120 388 2181 ἲτους,
427 2121 520 2172 καὶ
555 2121 804 2189 ἀνομίας,
842 2120 1152 2190 (φθοροποιὰ
1196 2123 1301 2190 γὰρ
1342 2123 1539 2182 ταῦτα,
1579 2123 1670 2175 καὶ

207 2211 486 2263 ιλίσκοντα
515 2211 710 2279 μᾶλλον
733 2211 874 2279 ᾗπερ
897 2211 1262 2278 συνιστάνταο)
1289 2211 1402 2273 πῶς
1421 2211 1448 2261 6
1468 2211 1670 2274 Παῦλός

207 2301 256 2351 τί
294 2318 396 2351 που
429 2301 521 2352 τό³
561 2301 773 2366 Ἦμεθα
815 2299 990 2365 φύσει
1026 2299 1201 2352 τέκνα
1227 2298 1430 2366 ὀργῆς,
1463 2301 1541 2366 ὡς
1573 2303 1669 2354 καὶ

219 2389 461 2451 ,ιοιποί;
493 2389 563 2438 Ἦ
601 2387 900 2453 λεγέτωσαν
930 2390 1079 2456 ἡμῖν,
1118 2388 1192 2450 ὼς
1226 2390 1324 2440 οὐκ
1365 2389 1505 2442 ἔστιν
1544 2391 1672 2444 ἀνα-

207 2479 387 2539 τικὸν,
445 2477 540 2529 καὶ
601 2475 825 2544 μάλιστα
891 2476 1006 2527 κατ’
1053 2475 1208 2527 αὑτὸν
1278 2476 1585 2547 φθοροποιὸν
1636 2481 1670 2548 ἡ

206 2567 285 2634 'ij,
327 2561 396 2635 ἦς
425 2565 592 2634 ὀργῆς
627 2563 737 2633 (67)
769 2564 929 2615 τέκνα
962 2563 1155 2632 ἥμεθα.
1187 2563 1349 2616 Πάλιν
1381 2566 1556 2634 φησὶν,
1590 2566 1670 2616 ὅτι

205 2672 291 2707 ινα
317 2653 411 2706 τοῦ
450 2653 690 2706 διαϐόλου
716 2653 858 2719 λέγει
890 2652 982 2703 νῦν
1010 2653 1250 2715 τούτους,
1281 2655 1376 2722 οὐχ
1403 2655 1481 2705 ὅτι
1513 2657 1670 2723 γεννᾷ

206 2763 278 2806 ας
327 2747 355 2796 6
391 2743 663 2806 διάϐολος,
719 2741 829 2794 ἀλλ’
859 2743 938 2794 ὅτι
989 2743 1053 2794 τὰ
1108 2741 1242 2810 ἔργα
1291 2743 1380 2793 τοῦ
1431 2742 1668 2794 διαϐόλου

206 2834 408 2895 οῦντες
438 2831 792 2900 ὼμοιὼθησαν
847 2829 1011 2899 αὐτῷ.
1043 2830 1194 2898 Πόσῳ
1231 2831 1285 2882 δὲ
1320 2830 1518 2897 βέλτιον
1545 2834 1668 2900 περὶ

206 2941 346 2974 ντων
391 2921 500 2972 τῶν
550 2919 641 2971 τοῦ
691 2920 932 2972 διαϐόλου
997 2919 1194 2970 τέκνων
1245 2919 1395 2970 τοῦτο
1441 2920 1667 2987 ἀποφαί-

212 3013 345 3074 Θαι,
395 3011 470 3073 ὡς
519 3009 881 3078 ὁμοιουμένων
927 3008 1071 3077 αύτῷ
1116 3008 1192 3078 τῷ
1237 3011 1402 3060 ποιεῖν
1432 3008 1497 3059 τὰ
1537 3009 1670 3079 ἔργα

203 3101 311 3161 τοῦ,
354 3099 448 3152 καὶ
476 3099 536 3150 ού
569 3097 658 3149 διὰ
695 3098 792 3168 τὴν
819 3098 1021 3161 οὐσίαν,
1052 3096 1146 3150 καὶ
1183 3095 1278 3165 τὴν
1315 3083 1667 3166 κατασκευὴν,

203 3211 210 3235 ι
283 3192 454 3260 χωρὶς
515 3188 690 3258 ἔργων
711 3227 726 3251 ,
774 3188 971 3239 τέκνων
1031 3185 1268 3238 διαϐόλου
1318 3186 1669 3256 χρηματιζόν-

204 3300 268 3343 δῖ

1773 1852 1931 1904 animi
1957 1853 2036 1905 sui
2059 1852 2283 1920 judicio.
2326 1853 2469 1906 illius
2508 1854 2670 1912 filius.
2701 1852 2851 1920 cujus
2881 1853 3007 1906 facit
3052 1853 3293 1907 volunta-

1777 1950 1903 2004 tem,
1944 1951 2203 2006 vocatur;
2245 1950 2512 2009 postremo
2544 1941 2819 2010 dignitate,
2852 1941 3000 2008 juxta
3035 1939 3170 2008 quod
3207 1940 3292 1994 di-

1773 2039 1963 2082 cuntur
1995 2030 2210 2096 quidam
2244 2031 2494 2098 gehcnna:
2545 2030 2672 2093 filii,
2721 2039 2774 2084 et
2832 2030 3194 2091 tenebrarum,
3240 2040 3292 2082 et

1775 2117 2084 2185 iniquitatis,
2116 2127 2169 2170 et
2195 2121 2540 2186 serpentium,
2573 2128 2626 2173 et
2667 2118 2964 2186 viperarum
2993 2118 3288 2186 pr0genies.

1774 2208 1884 2262 Non
1914 2209 2052 2262 enim
2082 2218 2335 2278 generant
2362 2211 2494 2271 haec,
2523 2208 2711 2276 inquit,
2743 2207 2864 2260 talia
2907 2210 3146 2276 quaedam
3193 2223 3285 2261 sua

1775 2297 2005 2363 ipsormn
2033 2307 2252 2362 natura;
2279 2295 2436 2366 35.0
2456 2311 2574 2349 cum
2603 2295 2776 2362 potius
2791 2304 3152 2362 corrumpant,
3173 2310 3292 2349 con-

1773 2394 2085 2451 sumanlque
2109 2399 2202 2440 eos
2229 2387 2316 2453 qui
2340 2387 2390 2438 in
2416 2400 2475 2438 se
2502 2383 2721 2452 conjecti
2759 2387 2954 2440 fuerint
2981 2401 2998 2450 ;
3030 2384 3120 2438 sed
3153 2397 3288 2452 quo-

1775 2473 1912 2524 niam
1939 2472 2204 2527 effecerint
2231 2475 2437 2527 illorum
2463 2490 2639 2542 opera,
2666 2491 2847 2530 eorum
2873 2477 2961 2530 filii
2984 2487 3284 2531 vocantur.»

1775 2561 1920 2615 lianc
1950 2573 2125 2616 autem
2159 2563 2510 2618 differentiam
2545 2582 2662 2619 cum
2711 2567 2936 2629 dederit,
2969 2580 3191 2635 cumque
3224 2582 3288 2620 ne

1775 2649 2031 2704 tantulum
2077 2652 2288 2719 quidem
2331 2669 2478 2707 suam
2511 2655 2871 2708 narrationem
2903 2671 2968 2707 ex
2997 2656 3288 2724 Scriptnris

1772 2739 2116 2803 confirmarit,
2165 2743 2598 2808 respondebimus
2641 2743 2712 2794 illi
2753 2761 2766 2796 :
2818 2742 2874 2795 Si
2918 2758 3021 2797 non
3070 2756 3284 2806 natura,

1771 2827 1862 2880 sed
1883 2827 2135 2896 dignitate
2165 2841 2422 2882 vocantur
2448 2831 2700 2897 gehennae
2725 2831 2816 2884 filii
2847 2844 2900 2884 et
2929 2832 3286 2894 tenebrarum,

1771 2926 1824 2969 et
1852 2917 2148 2984 iniquitatis
2177 2920 2317 2986 (nam
2351 2920 2461 2972 haec
2487 2931 2848 2987 corrumpunt,
2882 2931 2935 2973 et
2973 2931 3288 2974 consumunt

1772 3007 1940 3072 magis
1971 3021 2124 3072 quam
2159 3009 2516 3076 confirmant),
2545 3013 2808 3076 quomodo
2836 3010 3024 3062 Paulus
3060 3011 3284 3077 quodam

1773 3093 1886 3146 loco
1914 3094 1958 3124 ⁸³
1989 3094 2090 3146 hoc
2119 3094 2291 3162 inquit
2315 3114 2329 3150 :
2368 3096 2571 3150 Natura
2592 3114 2798 3150 eramus
2822 3099 2918 3163 lilii
2941 3098 3053 3160 ira’,
3083 3097 3212 3150 sicut
3238 3107 3286 3150 et

1772 3184 1990 3237 ca'teri?
2033 3185 2279 3251 Alioquin
2331 3187 2511 3240 dicant
2561 3189 2711 3240 nobis
2755 3189 2884 3240 iram
2929 3187 3096 3250 illam,
3136 3187 3287 3254 cujus

1775 3287 1873 3324 nos
1905 3283 2096 3326 natura
2131 3274 2221 3327 filii
2247 3289 2478 3339 eramus,
2510 3292 2610 3328 non
2650 3292 2977 3342 consumere,
3025 3287 3078 3330 et
3115 3291 3180 3329 ex
3229 3292 3287 3329 se

205 3373 365 3425 xime
413 3387 518 3424 non
579 3383 941 3453 corrumpere.
973 3369 1200 3422 Rursum
1245 3367 1412 3433 inquit
1452 3365 1646 3418 diaboli
1697 3365 1832 3418 filios
1865 3381 1894 3417 a
1927 3364 2049 3420 Jesu
2097 3367 2196 3421 hoc
2238 3367 2353 3420 loco
2395 3370 2490 3422 hos
2541 3370 2663 3434 dici,
2719 3385 2821 3422 non
2867 3371 3004 3438 quod
3051 3370 3287 3427 diabolus

204 3477 338 3529 ιιιοε
382 3469 623 3530 generet,
673 3459 762 3511 sed
811 3459 950 3526 quod
995 3457 1186 3510 diaboli
1252 3472 1410 3525 opera
1451 3455 1706 3508 facientes
1756 3455 2029 3509 assimilati
2072 3456 2268 3509 fuerint
2324 3457 2442 3524 ipsi.
2493 3460 2556 3510 At
2602 3475 2722 3512 vero
2764 3468 2955 3526 quanto
2998 3461 3182 3514 melius
3223 3463 3287 3516 de

210 3550 380 3602 nibus
405 3547 603 3600 diaboli
653 3546 777 3599 filiis
823 3547 923 3599 hoc
963 3545 1279 3608 censuisset,
1327 3545 1524 3615 idcirco
1551 3557 1643 3596 eos
1667 3544 1858 3596 diaboli
1885 3544 2021 3599 filios
2051 3545 2256 3607 haberi,
2299 3548 2419 3614 quia
2476 3547 2552 3599 illi
2591 3546 2848 3600 assimiles
2891 3547 2998 3600 sint
3047 3547 3288 3603 facienda

203 3657 288 3694 era
317 3642 460 3707 ejus,
493 3656 598 3692 non
625 3654 718 3706 per
748 3639 1056 3701 essentiam,
1107 3653 1276 3704 neque
1317 3653 1410 3706 per
1439 3637 1778 3698 creationem,
1810 3638 1860 3690 in
1890 3652 1993 3705 qua
2021 3638 2159 3690 nulla
2183 3647 2307 3691 sunt
2329 3639 2526 3705 opera?

203 3735 277 3787 ll.
324 3731 582 3794 Ἐκεῖνος
611 3728 1084 3793 ἀνθρωποκτόνος
1113 3723 1190 3794 ἦν
1209 3727 1305 3778 ἀπ’
1334 3725 1540 3793 ἀρχῆς,
1576 3724 1671 3775 καὶ

209 3825 291 3891 τῇ
327 3821 585 3888 ἀληθείᾳ
618 3821 728 3886 οὐχ
758 3817 1026 3883 ἕστηκεν,
1062 3817 1146 3868 ὅτι
1176 3818 1282 3868 οὐκ
1327 3817 1492 3868 ἐστιν
1535 3815 1674 3881 ἀλή-

203 3933 239 3968 ςι
281 3915 360 3966 ἐν
384 3910 566 3974 αὐτῷ.
607 3909 754 3961 Ἐπεί
796 3907 909 3960 ἐστί
939 3924 1021 3968 τις
1058 3904 1352 3976 κοινότερον
1394 3905 1670 3976 ἀνθρωπο-

205 4022 334 4065 νος,
387 4000 674 4054 όπώσποτε
711 3995 1018 4059 ἀπεκτονὼς
1057 3995 1349 4065 ἄνθρωπον,
1389 3995 1530 4056 ὅστις
1559 3995 1672 4046 ἐστὶ

246 4094 457 4163 μέσος,
499 4088 617 4140 καθ’
657 4087 684 4139 ὃ
718 4087 810 4138 καὶ
849 4085 990 4154 ζήλῳ
1030 4084 1161 4136 Θεοῦ
1209 4084 1497 4152 πεποίηκεν
1525 4085 1552 4134 6
1582 4084 1670 4133 Φι·

203 4203 221 4245 ;
281 4179 624 4239 ἀποκτείνας
670 4176 758 4228 τὸν
805 4173 1532 4244 Ἰσραηλίτηνπορνεύοντα,
1578 4171 1669 4223 καὶ

1843 3727 1932 3778 21.
1972 3725 2070 3778 Ille
2091 3727 2350 3779 homicida
2385 3737 2492 3779 erat
2518 3729 2580 3778 ab
2613 3727 2779 3789 initio,
2805 3728 2923 3778 etin
2949 3728 3158 3780 veritate
3187 3743 3288 3779 non

1771 3815 1926 3874 stetit,
1949 3814 2074 3880 quia
2103 3830 2202 3866 non
2241 3823 2313 3866 est
2351 3816 2533 3866 veritas
2559 3814 2613 3865 in
2642 3831 2699 3866 eo
2726 3816 2792 3867 “.
2833 3814 3087 3878 Quoniam
3129 3829 3289 3882 gene-

1775 3899 1928 3951 ratim
1961 3900 2216 3952 homicida
2245 3910 2329 3952 est
2359 3900 2445 3952 ille
2473 3901 2560 3966 qui
2606 3903 3080 3968 quomodocunque
3121 3901 3288 3952 homi-

1777 4003 1896 4042 nem
1923 3989 2242 4042 interfecerit
2269 4006 2283 4052 ;
2311 3991 2397 4056 qui
2433 3991 2693 4043 homicida
2717 3990 3004 4058 aliquando
3029 3991 3184 4042 etiam
3207 4001 3289 4044 est

1775 4078 2100 4142 indifferens,
2131 4079 2273 4146 juxta
2312 4081 2358 4132 id
2389 4081 2527 4147 quod
2558 4080 2715 4132 etiam
2746 4079 2868 4132 fecit
2907 4078 3150 4142 Phinees,
3195 4082 3286 4149 qui

1773 4169 1887 4221 zelo
1911 4168 1999 4222 Dei
2025 4183 2296 4230 accensus,
2329 4168 2615 4222 lsraelitam
2639 4166 3286 4232 interfecitfornicantem,
3363 4228 3372 4241 ι

235 4271 596 4329 Μαδιανῖτιν,
623 4265 1056 4336 ἀνθρωποκτόνος
1097 4263 1155 4315 ού
1191 4262 1401 4331 ψεκτῶς
1439 4262 1546 4330 (68)
1575 4264 1668 4331 ρη-

1776 4269 1820 4313 et
1853 4259 2184 4312 Madianitam
2213 4259 2290 4322 “;
2319 4256 2468 4324 juxta
2519 4258 2658 4327 quod
2687 4267 2743 4310 et
2791 4257 2950 4310 David
2979 4260 3136 4311 etiam
3168 4259 3289 4310 abs-

210 4379 347 4414 εται
395 4360 494 4411 καὶ
531 4359 558 4408 6
589 4355 746 4407 Δαυτδ
784 4355 840 4404 ὲν
875 4353 1089 4422 ὀνόματι
1141 4353 1339 4422 Κυρίου
1387 4351 1492 4402 τῶν
1523 4349 1670 4402 δυνά-

203 4472 257 4506 ›ν
292 4449 442 4503 Θεοῦ
481 4448 573 4498 ἐπὶ
601 4446 695 4506 τῆς
734 4443 1074 4514 παρατάξεως
1106 4441 1314 4511 Ἰσραὴλ
1339 4441 1427 4492 τὸν
1457 4439 1665 4500 Γολιάθ,

204 4541 389 4613 ητέον
439 4538 539 4607 τὴν
593 4533 842 4604 ἀληθινὴν
899 4531 1176 4600 ἀνθρώπου
1224 4530 1396 4599 ζωὴν,
1443 4529 1535 4580 καὶ
1580 4528 1668 4579 τὸν

203 4630 368 4682 ντίον
408 4627 582 4696 ταύτῃ
617 4624 837 4676 θάνατον
867 4619 1062 4673 αὐτοῦ’
1105 4621 1191 4672 ἵνα
1229 4618 1386 4688 νοηθῇ
1427 4621 1454 4670 6
1477 4617 1669 4685 ψεκτὸς

209 4715 596 4790 ρωποκτόνος.
626 4714 730 4764 Καὶ
758 4712 877 4763 ὅσον
912 4711 1006 4779 μὲν
1045 4711 1136 4760 ἐπὶ
1172 4709 1268 4777 τῆς
1297 4707 1526 4777 ἱστορίας
1565 4708 1669 4776 φή.

203 4829 220 4872 ς
265 4810 368 4861 τὸν
408 4805 608 4873 Ἀδὰμ,
641 4803 734 4854 καὶ
761 4801 854 4870 τὴν
896 4799 1034 4852 Εὕαν
1071 4800 1189 4850 ὅσον
1224 4797 1318 4866 οὐχ
1347 4797 1669 4866 ὴμαρτήκει-

269 4894 354 4964 μὴ
405 4889 738 4961 ἀνῃρῆσθαι·
859 4887 914 4970 δὲ
967 4887 1143 4955 ἡμέρα
1189 4884 1380 4970 ἔφαγον
1431 4885 1532 4937 ἀπὸ
1582 4883 1672 4935 τοῦ

203 4975 584 5048 λγορευμένου
631 4972 803 5036 ξύλου,
849 4969 1043 5032 εὐθέως
1091 4971 1181 5022 καὶ
1219 4969 1547 5038 τεθνηκέναι,
1577 4971 1674 5022 οὐκ

204 5085 279 5118 ου
327 5065 482 5126 τινὸς
525 5063 936 5124 ἀποκτείναντος
981 5061 1172 5119 αὐτοὺς
1209 5059 1358 5128 ἢτοῦ
1404 5060 1674 5130 ἀνθρωπο-

206 5174 317 5210 νου
353 5152 625 5215 διαϐόλου,
668 5152 753 5203 ὅτε
783 5150 880 5221 τὴν
910 5150 1048 5203 Εὕαν
1086 5148 1172 5202 διὰ
1201 5147 1292 5198 τοῦ
1340 5147 1509 5216 ὄφεως
1535 5151 1673 5218 ἠπά-

205 5297 236 5325 ³
267 5292 479 5360 Ephes.
519 5306 577 5353 ιι,
615 5289 668 5342 3.

204 5404 316 5474 65)
348 5404 532 5458 Codex
573 5401 768 5470 Regius
792 5440 808 5466 ,
853 5399 1020 5452 ταῦτά
1045 5413 1161 5450 τινα
1178 5412 1192 5426 ·
1218 5395 1528 5452 Dodleianus
1550 5414 1673 5456 vero

203 5483 534 5603 3883::th
559 5537 891 5597 Bodleianns,
919 5533 1052 5603 κατᾲ
1081 5529 1344 5603 τδ-πόςον.

204 5597 317 5678 ⁵6⁸7)
351 5606 714 5676 Φθορίποιὸν
743 5607 778 5672 ἠ
804 5601 964 5669 ὀργὴ,
1017 5597 1087 5666 ἧς
1133 5599 1321 5668 (Σργῆς.
1370 5602 1425 5655 In
1485 5602 1664 5656 codice

1770 4363 1875 4415 que
1927 4349 2312 4416 vituperatione
2337 4348 2540 4401 dicetur
2568 4347 2853 4410 homicida,
2873 4347 2961 4416 qui
2998 4348 3050 4400 in
3077 4349 3288 4402 nomine

1772 4437 1974 4492 Domini
2019 4438 2108 4491 Dei
2140 4439 2393 4491 virtutum
2421 4451 2600 4490 coram
2632 4438 2747 4491 acie
2771 4437 2982 4491 lsraelis
3020 4437 3288 4490 interfecit

1771 4527 1980 4582 Golialh
2009 4528 2075 4594 “,
2109 4528 2444 4592 qumendum
2499 4540 2578 4584 est
2621 4544 2863 4598 quaenam
2926 4529 2995 4582 sit
3058 4529 3288 4582 hominis

1771 4631 1894 4670 vera
1944 4617 2046 4669 vita
2077 4633 2091 4680 ;
2146 4628 2200 4670 et
2253 4632 2460 4670 rursum
2497 4633 2613 4685 qua:
2647 4621 2716 4672 sit
2767 4617 2920 4685 hujus
2952 4632 3114 4678 mors,
3151 4633 3286 4670 vera.-

1772 4707 1892 4759 vita:
1921 4708 2183 4759 contraria
2212 4724 2227 4771 ;
2254 4716 2306 4759 ut
2332 4707 2686 4775 intelligamus
2717 4708 2964 4774 quisnam
2991 4707 3058 4758 sit
3085 4707 3286 4772 vitupe-

1774 4795 1956 4849 rabilis
1987 4796 2270 4851 homicida.
2301 4798 2368 4850 Et
2395 4795 2647 4863 quantuni
2675 4795 2886 4862 quidem
2913 4794 2977 4846 ad
3007 4795 3282 4846 historiam

1772 4888 2020 4955 pertinet,
2069 4889 2213 4941 dices
2244 4887 2410 4940 Adam
2449 4896 2500 4938 et
2543 4885 2703 4937 Evam
2748 4884 2928 4935 tandiu
2975 4883 3286 4935 interfectos

1769 4991 1870 5027 non
1895 4976 2314 5043 fuisse,quandiu
2340 4990 2439 5028 non
2460 4981 2835 5042 peccaverunt;
2865 4985 2984 5023 mox
3013 4983 3136 5023 vero
3161 4985 3284 5038 per-

1769 5064 1892 5117 iisse
1940 5065 1990 5116 in
2030 5078 2093 5116 ea
2131 5064 2214 5116 die
2272 5078 2372 5129 qua
2417 5063 2480 5115 de
2523 5061 2662 5128 ligno
2701 5058 2861 5112 vetito
2908 5058 3282 5122 comederunt;

1770 5154 1911 5206 nullo
1943 5153 2044 5206 alio
2077 5150 2426 5205 interﬁcientc
2451 5166 2562 5214 eos,
2588 5166 2744 5219 quam
2768 5149 3028 5203 homicida
3057 5149 3146 5203 illo
3173 5151 3284 5201 dia-

776 5285 983 5341 “Joan.
1004 5300 1117 5345 vni,
1135 5282 1223 5334 Η.
1297 5281 1340 5313 ⁸⁸
1367 5282 1520 5336 Νιιω.
1539 5300 1661 5350 xxv,

1776 5283 1810 5336 ἰ.
1887 5281 2122 5351 “lReg.
2168 5299 2295 5348 xvtt,
2333 5282 2421 5347 45,
2453 5281 2538 5337 5L

1776 5402 1946 5478 Regio
1964 5400 2112 5478 deest
2147 5399 2178 5476 ᾖ
2201 5398 2424 5478 ὀρχήηοι
2453 5413 2546 5478 pro
2564 5393 2628 5478 ἧς
2655 5397 2840 5478 legitur

1844 5465 1952 5533 (οε)
1988 5465 2433 5534 ΨεκεῶςέϐιιιΙεξι
2454 5465 2682 5534 Regius,
2711 5465 2921 5534 ψεκτός,
2955 5474 3006 5519 et.
3042 5478 3157 5519 mox
3186 5476 3285 5526 pro

1776 5537 1864 5589 ἐπὶ
1895 5536 1990 5605 τῆς
2017 5533 2360 5606 παρατάξεως
2382 5532 2709 5606 habet—mp6
2726 5532 2942 5598 τάξεως.
