3820 6216
359 304 452 361 651

361 420 501 484 bolo,
530 417 739 488 quando
775 414 934 467 Evam
970 411 1172 478 decepit
1202 427 1296 480 per
1321 421 1642 479 serpentem,
1676 420 1726 465 et
1767 412 1872 465 Eva
1903 418 1944 471 Α

361 512 506 562 dedit
541 509 653 559 viro
678 506 741 556 de
766 503 926 570 ligno,
951 512 1004 553 et
1037 502 1269 554 comedit
1314 501 1414 554 vir.
1447 500 1709 567 Quantum
1748 517 1873 555 vero

362 601 425 651 ad
452 595 786 663 profundiora
820 595 1085 658 dogmata,
1135 592 1181 642 si
1226 592 1648 645 consideraveris
1674 592 1871 644 dictum

360 686 514 740 illud:
551 684 671 737 Non
702 683 1006 741 moriar,sed
1035 682 1218 743 vivam,
1242 692 1285 735 et
1310 682 1559 734 enarrabo
1583 698 1736 747 apera
1774 682 1877 733 Do-

356 774 481 825 mini
503 773 565 831 ⁶⁷,
597 781 650 821 et
678 770 802 822 illud
834 786 863 823 a
890 771 1175 823 Servatore
1204 770 1400 824 dictum
1435 772 1497 823 ad
1531 770 1873 834 Sadducanos,

353 861 705 916 occultissime
747 860 848 922 his,
899 859 986 926 qui
1018 860 1158 927 quod
1190 860 1387 913 dictum
1436 870 1553 913 erat
1587 861 1877 929 intelligere

357 951 590 1016 quirent,
623 948 674 999 in
706 945 994 1014 Evangelia
1028 962 1057 998 a
1098 946 1344 1000 Mattlueo
1372 948 1565 1000 tradito
1584 948 1627 979 ⁸⁸
1652 963 1665 999 :
1694 947 1769 1001 De
1792 965 1873 1001 re-

356 1039 668 1091 surrectione
700 1050 1016 1089 mortuorum
1051 1053 1225 1090 antron
1269 1037 1461 1106 legistis
1500 1040 1638 1105 quod
1682 1039 1874 1093 dictum

354 1136 427 1179 est
452 1127 590 1180 vobis
620 1145 651 1178 a
680 1126 808 1190 Dea,
842 1126 928 1193 qui
964 1128 1075 1178 ait:
1119 1126 1227 1196 Ego
1266 1143 1376 1181 sum
1431 1127 1561 1181 Deus
1594 1130 1873 1193 Abraham,

355 1214 506 1285 341
542 1225 587 1269 et
612 1214 747 1268 Deus
778 1213 952 1276 Isaac,
978 1226 1025 1267 et
1056 1214 1190 1268 Deus
1236 1216 1396 1269 Iacob
1431 1219 1456 1270 ?
1489 1216 1623 1273 Deus
1655 1234 1756 1271 non
1805 1228 1877 1271 est

355 1304 492 1358 Deus
513 1313 856 1366 mortuorum,
891 1305 981 1355 sed
1012 1304 1321 1368 viventium;
1363 1314 1418 1357 et
1452 1306 1501 1358 in
1534 1304 1818 1376 Evangelia
1849 1322 1876 1357 a

354 1389 499 1446 Luca
525 1394 716 1448 tradito
743 1394 786 1425 ⁶⁹
820 1410 834 1445 :
866 1392 1013 1456 Quod
1044 1409 1158 1446 vero
1193 1405 1458 1463 resurgant
1486 1398 1699 1458 mortui.
1723 1397 1878 1449 etiam

360 1481 532 1535 Moses
578 1484 796 1537 ostendit
834 1483 987 1551 juxta
1023 1483 1225 1545 rubum,
1276 1501 1390 1539 cum
1425 1486 1552 1537 dicit
1583 1485 1877 1548 Dominum,

362 1572 526 1627 Deum
567 1573 847 1637 Abraham,
873 1584 919 1626 et
971 1573 1133 1627 Deum
1185 1572 1357 1635 Isaac,
1389 1586 1437 1627 et
1481 1576 1639 1629 Deum
1677 1575 1878 1629 Jacob:

362 1663 499 1717 Deus
529 1673 699 1716 autem
731 1681 829 1716 non
852 1675 925 1716 est
958 1675 1297 1728 mortuorum,
1324 1670 1409 1719 sed
1434 1667 1744 1730 viventium;
1778 1684 1882 1720 om-

361 1767 448 1803 nes
469 1751 602 1807 enim
633 1754 799 1805 vivunt
828 1753 907 1805 illi
933 1768 951 1805 :
980 1754 1152 1807 adhuc
1183 1764 1359 1807 autem
1400 1764 1455 1807 et
1501 1755 1553 1807 in
1601 1754 1883 1821 Evangelia
1916 1739 1954 1794 Β

361 1840 652 1893 secundum
700 1839 932 1894 Marcum
958 1841 1046 1892 7°:
1098 1840 1173 1894 De
1217 1843 1452 1906 mortuis,
1486 1844 1620 1910 quod
1663 1846 1880 1896 resusci-

361 1936 556 1992 teutur,
583 1943 684 1980 non
712 1928 900 1995 legistis
926 1930 980 1980 ia
1022 1930 1151 1983 libro
1194 1930 1346 1993 Mosi,
1385 1932 1639 1997 quomodo
1679 1932 1731 1983 in
1759 1936 1881 1985 rubo

358 2016 562 2070 (acutus
584 2018 651 2070 sit
677 2017 756 2069 illi
786 2017 917 2071 Deus
945 2019 1271 2087 dicens:Ego
1303 2037 1417 2072 sum
1446 2020 1578 2073 Deus
1602 2021 1879 2083 Abraham,

357 2114 409 2159 et
441 2105 576 2159 Deus
616 2105 788 2172 Isaac,
814 2118 860 2159 et
901 2107 1036 2161 Deus
1065 2107 1225 2161 Jacob
1254 2112 1278 2163 ?
1311 2107 1432 2162 Non
1470 2122 1541 2162 est
1574 2109 1711 2163 Deus
1743 2127 1875 2169 mor-

360 2207 585 2260 tuorum,
622 2197 711 2251 sed
743 2197 1010 2251 viventium
1034 2211 1051 2249 .'
1077 2197 1142 2266 [si
1188 2199 1322 2260 bmc,
1355 2198 1590 2263 inquam.
1644 2200 1885 2253 conside-

362 2285 610 2354 raveris,]
638 2286 865 2350 videbis,
900 2286 945 2341 si
998 2301 1135 2341 nunc
1188 2287 1338 2350 vivit,
1372 2288 1497 2357 quia
1548 2302 1611 2340 ex
1660 2289 1883 2343 mortuis

361 2376 709 2431 resurrexerit
735 2375 1023 2437 Abraham,
1046 2384 1099 2427 et
1123 2374 1286 2435 Isaac,
1310 2384 1362 2430 et
1388 2375 1569 2439 Jacoh,
1599 2376 1695 2430 hos
1722 2376 1885 2431 fuisse

361 2472 624 2527 mortuos,
654 2475 935 2532 antequam
975 2464 1229 2516 viverent.
1275 2462 1438 2516 Nemo
1469 2475 1646 2517 autent
1676 2467 1885 2531 pr0prie

363 2551 555 2604 dicitur
590 2562 848 2617 mortuus,
882 2552 969 2618 qui
998 2559 1117 2605 ante
1143 2566 1246 2604 non
1286 2552 1495 2604 vixerit.
1526 2554 1726 2619 InSpice
1761 2569 1885 2606 vero

361 2640 520 2693 etiam
553 2640 651 2695 hoc
679 2656 693 2691 :
726 2639 791 2693 In
825 2641 988 2693 Adam
1016 2658 1184 2695 otnnes
1205 2645 1511 2707 moriuntur,
1539 2656 1585 2694 et
1612 2646 1664 2696 in
1686 2645 1883 2698 Christo

364 2743 536 2781 omnes
584 2729 972 2800 viviﬁcabuntur
992 2731 1033 2761 '“
1071 2731 1281 2798 (quibus
1334 2733 1507 2786 verbis
1536 2747 1703 2800 neque
1742 2750 1884 2791 mors

366 2815 538 2869 media
573 2799 905 2885 significatur
932 2818 1032 2871 hoc
1075 2819 1217 2871 dicto
1241 2837 1254 2870 :
1279 2817 1344 2871 In
1389 2822 1553 2873 Adam
1586 2799 1756 2887 omnes
1785 2839 1887 2877 mo-

363 2904 603 2969 riuntur;
626 2920 794 2973 neque
830 2906 1133 2961 indili'erens
1168 2909 1304 2970 vita,
1334 2925 1451 2976 quae
1490 2924 1659 2975 neque
1688 2912 1882 2965 bonum

363 3006 458 3061 per
478 3008 536 3048 se
563 3002 665 3060 est,
697 3008 867 3063 neque
893 2996 1109 3060 malum,
1134 2998 1183 3049 in
1208 2998 1297 3051 illo
1330 3017 1343 3051 :
1376 2997 1442 3050 In
1470 2997 1674 3050 Christo
1710 3014 1880 3052 omnes

363 3082 856 3151 siviﬁcabumur),et
883 3085 1088 3143 videbis
1125 3086 1286 3138 vitam
1336 3087 1560 3140 hominis
1584 3087 1676 3154 qui
1707 3096 1788 3143 est
1818 3088 1881 3140 ad

366 3172 644 3243 imaginem
674 3188 689 3237 ;
722 3174 867 3240 cujus
918 3175 1022 3227 vita
1066 3176 1393 3229 considera'a
1416 3214 1431 3240 ,
1469 3176 1725 3245 intelliges
1753 3192 1884 3243 quo-

366 3275 484 3314 nam
516 3272 671 3329 pacto
705 3263 967 3317 homicida
1014 3264 1100 3319 ille
1140 3265 1462 3320 interfecerit
1499 3267 1759 3323 viventem
1791 3267 1886 3321 ho-

367 3349 599 3414 minem;
638 3361 782 3407 recte
811 3350 1063 3407 dicendus
1105 3353 1388 3420 homicida,
1421 3371 1524 3423 non
1571 3360 1693 3427 quia
1724 3377 1883 3423 unum

368 3438 666 3506 quempiam
724 3439 968 3505 privatim
1022 3440 1369 3505 interfecerit,
1402 3446 1494 3497 sed
1524 3458 1740 3515 propter
1763 3452 1884 3503 uui-

368 3539 575 3579 versum
600 3539 763 3592 genus
792 3542 821 3579 a
849 3541 905 3581 δε
928 3529 1260 3583 interfectum
1290 3548 1309 3591 ‘,
1339 3534 1473 3585 unde
1505 3534 1557 3586 in
1584 3536 1749 3590 Adam
1773 3554 1886 3593 om-

369 3628 464 3667 nes
487 3615 806 3671 moriuntur.
844 3616 952 3671 Hoc
980 3633 1107 3672 vero
1147 3619 1484 3675 homicidium
1512 3636 1756 3693 operatus
1783 3639 1884 3696 εει,

367 3716 486 3757 cum
515 3702 817 3770 inempisset
844 3706 910 3760 ab
955 3706 1102 3761 initio
1137 3722 1152 3760 :
1176 3720 1389 3777 propter
1411 3714 1549 3780 quod
1600 3714 1754 3782 hujus
1792 3718 1886 3771 ho-

367 3792 634 3849 micidium
700 3798 1062 3865 unusquisque
1114 3814 1222 3851 rem
1279 3799 1445 3866 ipsam
1498 3786 1882 3875 considerans,

368 3896 623 3949 suumque
644 3885 908 3952 proprium
949 3903 1158 3955 corpus,
1190 3897 1240 3941 et
1294 3890 1376 3943 cui
1432 3897 1881 3951 accommodatum

368 3972 458 4037 sit,
485 3972 585 4027 hoc
631 3975 867 4029 dicturus
897 3988 975 4029 est
1023 3981 1253 4048 seipsum
1304 3984 1487 4041 dicens
1517 3987 1789 4050 miserum,
1821 4004 1885 4042 eo

364 4060 503 4127 quod
535 4062 584 4114 in
606 4062 772 4116 Adam
798 4067 1011 4133 perierit
1043 4084 1058 4120 :
1088 4070 1281 4137 Infelix
1304 4088 1395 4139 ego
1443 4074 1612 4136 homo,
1652 4075 1768 4141 quis
1807 4092 1885 4127 me

366 4151 598 4207 liberabit
640 4168 704 4208 ex
751 4156 845 4209 hoc
874 4173 1082 4227 corpore
1123 4163 1277 4214 morti
1321 4165 1537 4216 obnoxio
1561 4166 1604 4196 τ’
1643 4166 1665 4216 ?
1702 4147 1885 4223 videns

363 4240 522 4294 etiam
540 4256 764 4311 quonam
792 4257 945 4312 pacto
969 4249 1164 4303 dictum
1196 4250 1265 4304 sit
1289 4250 1474 4304 illud"
1495 4268 1505 4298 :
1530 4252 1597 4306 In
1631 4255 1884 4323 pulverem

1910 3039 1953 3098 C

1775 288 2089 346 ORIGENIS

3474 272 3583 328 6'52

1973 425 2132 477 τησε,
2179 407 2270 461 καὶ
2311 408 2344 476 ἡ
2378 404 2487 457 Εὔα
2530 404 2727 456 δέδωκε
2760 400 2841 472 τῷ
2877 368 3041 465 ἀνδρὶ
3071 390 3193 447 ἀπὸ
3239 387 3341 443 τοῖ’)
3393 386 3580 452 ξύλου,

1973 500 2064 555 καὶ
2092 498 2216 565 ἔφα-ι
2230 514 2284 550 εν
2308 498 2334 549 ό
2371 496 2524 569 ἁνήρ.
2557 493 2713 548 Κατὰ
2749 491 3011 561 μέντοιγε
3034 484 3109 537 τὰ
3142 480 3445 569 βαθύτερα
3472 478 3581 531 τῶν

1972 587 2269 658 δογμάτων,
2317 587 2509 656 νοήσας
2557 584 2649 636 τό·
2706 584 2829 635 Οὐκ
2885 571 3367 639 ἀποθανοῦμαι,
3416 568 3582 621 ἀλ.ιὰ

1975 678 2235 747 ζήσομαι.
2263 677 2358 729 καὶ
2390 675 2743 743 διηγήσομαι
2774 671 2851 723 τὰ
2891 668 3041 735 ἔργα
3074 663 3343 730 Κυρίου,
3375 659 3472 710 καὶ
3521 658 3582 710 τὸ

1975 768 2076 820 ὑπὸ
2101 767 2189 820 τοῦ
2219 767 2465 836 Σωτῆρος
2502 765 2636 835 πρὸς
2666 765 2792 825 τοὺς
2837 754 3277 814 Σαδδουκαίους,
3329 751 3581 821 ἀπορρη-

1973 862 2166 913 τότατα
2209 862 2316 921 τοῖς
2364 855 2595 908 συνιέναι
2622 852 2713 905 τοῦ
2764 848 3070 919 λεγομένου
3113 842 3459 911 δυναμένοις
3507 839 3584 891 εἰ-

1979 952 2202 1021 ρημένον
2242 951 2298 1001 ἐν
2329 948 2405 1018 τῷ
2440 945 2578 998 κατὰ
2618 942 2897 996 Ματοαῖον
2919 956 2931 968 ⁸
2965 936 3115 1002 Περὶ
3150 931 3268 999 τῆς
3312 927 3583 1021 (ia-uarii.
3674 993 3685 1007 '

1977 1056 2126 1105 σεως
2166 1036 2282 1089 τῶν
2321 1035 2544 1103 νεκρῶν
2576 1037 2685 1086 οὐκ
2731 1028 3038 1097 ἀνέγνωτε
3088 1023 3160 1075 τὸ
3204 1018 3409 1091 ῥηθὲν
3440 1015 3582 1084 ὑμῖν

1977 1126 2089 1180 ὑπὸ
2110 1104 2217 1178 τοῦ
2245 1125 2387 1178 Θεοῦ
2407 1123 2714 1191 λέγοντος’
2901 1117 3023 1183 εἰμι
3055 1116 3090 1165 ὁ
3119 1108 3278 1172 Θεὸς
3307 1104 3581 1173 Ἀϐραὰμ,

1976 1217 2071 1271 καὶ
2103 1220 2133 1269 ό
2170 1215 2309 1279 Θεὸς
2340 1213 2553 1275 Ἰσαὰκ,
2584 1211 2681 1263 καὶ
2704 1212 2736 1263 ὸ
2767 1207 2915 1270 Θεὸς
2948 1202 3169 1257 Ἰακώϐ
3188 1217 3210 1264 ;
3253 1201 3382 1253 Οὐκ
3412 1197 3589 1250 ἐστιν

1979 1310 2009 1358 ό
2047 1304 2187 1371 Θεὸς
2248 1303 2387 1368 Θεὸς
2435 1299 2677 1367 νεκρῶν.
2724 1296 2891 1351 ἀλλὰ
2948 1293 3235 1353 ὥντων·
3287 1288 3390 1343 καὶ
3416 1288 3476 1339 ὲν
3507 1284 3586 1355 τῷ

1977 1395 2115 1450 κατὰ
2142 1395 2379 1447 Λουκᾶν·
2409 1394 2526 1444 Ὅτι
2575 1390 2642 1443 δὲ
2682 1388 3023 1456 ἐγείρονται
3071 1384 3132 1434 οἱ
3190 1377 3432 1445 νεκροὶ,
3487 1375 3584 1431 καὶ

1977 1483 2195 1550 Μωσῆς
2216 1482 2534 1551 ἐμήνυσεν,
2558 1481 2637 1544 ὡς
2665 1477 2847 1546 λέγει,
2892 1474 2994 1528 ἐπὶ
3035 1471 3160 1539 τῆς
3213 1468 3423 1534 ,ϐάτου
3467 1466 3585 1520 Κύ-

1972 1592 2104 1645 ριον
2130 1574 2231 1626 τὸν
2262 1573 2405 1626 Θεὸν
2428 1569 2689 1638 Ἀϐραὰμ,
2725 1567 2823 1619 καὶ
2843 1564 3001 1618 Θεὸν
3034 1558 3277 1622 Ἰσαὰκ,
3307 1557 3410 1645 καὶ
3442 1555 3587 1609 Θεὸν

1991 1661 2186 1717 Ἰακώϐ
2199 1680 2211 1690 ·
2255 1663 2361 1713 οὐκ
2387 1659 2553 1713 ἐστιν
2582 1660 2613 1709 ὀ
2646 1654 2789 1719 Θεὸς
2819 1649 3087 1718 νεκρῶν,
3115 1647 3293 1701 ἀλλὰ
3321 1644 3585 1706 ζώντωνο

1982 1751 2196 1812 πάντες
2248 1748 2354 1818 γὰρ
2406 1745 2561 1810 αὐτῷ
2606 1743 2815 1803 ζῶσινο
2851 1740 2934 1792 ἔτι
2980 1739 3044 1789 δὲ
3082 1738 3184 1789 καὶ
3228 1738 3291 1788 ὲν
3325 1732 3408 1804 τῷ
3450 1731 3587 1785 κατὰ

1983 1841 2233 1909 Μάρκον·
2293 1836 2429 1903 Περὶ
2487 1835 2605 1887 τῶν
2641 1829 2875 1898 νεκρῶν
2927 1831 3052 1882 οὐκ
3109 1826 3448 1894 ἀνέγνωτε,
3500 1823 3585 1874 ὅτι

1981 1930 2299 1997 ἐγείρονται
2346 1928 2413 1980 ὲν
2444 1924 2517 1993 τῇ
2560 1924 2755 1987 βίϐλῳ
2788 1918 3091 1984 Μωσέως,
3130 1919 3220 1983 ὼς
3267 1916 3447 1968 εἶπεν
3490 1911 3585 1967 ἐπὶ

1983 2004 2103 2084 τῆς
2127 2018 2317 2083 ,βάτου
2351 2014 2505 2078 αὐτῷ
2539 2017 2568 2066 ό
2593 2014 2735 2076 Θεὸς
2756 2009 2959 2077 λέγων
2979 2025 2993 2037 ο
3047 2005 3205 2075 Ἐγώ
3228 2009 3352 2074 ειμι
3380 2007 3413 2057 ό
3444 2003 3584 2067 Θεὸς

1994 2110 2251 2174 Ἀϐραὰμ,
2283 2105 2378 2157 καὶ
2412 2107 2442 2157 ό
2493 2101 2634 2165 Θεὸς
2668 2099 2897 2162 Ἰσαὰκ,
2925 2095 3031 2149 καὶ
3070 2100 3107 2150 ό
3163 2095 3321 2160 Θεὸς
3358 2091 3583 2153 Ἰακὼϐς

1986 2202 2103 2252 Οὺκ
2151 2199 2316 2252 ἐστιν
2347 2198 2378 2247 ὁ
2418 2194 2557 2259 Θεὸς
2596 2189 2845 2257 νεκρῶν,
2881 2190 3062 2241 ἀλλὰ
3127 2185 3397 2249 ζώντων,
3447 2183 3583 2252 δψει,

1982 2290 2081 2348 ὅτι,
2137 2289 2184 2341 εἰ
2229 2286 2320 2338 νῦν
2364 2282 2427 2353 ζῇ
2487 2283 2550 2336 ὲκ
2590 2282 2799 2351 νεκρῶν
2844 2278 3107 2339 ἀναστὰς
3154 2274 3443 2347 Ἀϐραὰμ,
3498 2272 3581 2326 καὶ

1998 2376 2193 2439 Ἰσαὰκ,
2233 2376 2323 2428 καὶ
2364 2372 2573 2434 Ἰακὼϐ,
2606 2372 2789 2441 νεκροὶ
2828 2366 2979 2442 ἦσαν
3016 2369 3163 2438 πρὶν
3201 2366 3418 2439 ζήσωσι
3444 2384 3458 2397 ο
3502 2382 3569 2419 νε-

1984 2470 2111 2537 κρὸς
2154 2467 2208 2518 δὲ
2242 2464 2439 2535 κυρίως
2468 2463 2638 2524 οὐδεὶς
2675 2461 2897 2529 λέγεται
2945 2460 3030 2531 μὴ
3065 2460 3353 2531 πρότερον
3396 2457 3579 2528 ζήσας.

1995 2558 2308 2626 Ἐπίστησον
2342 2555 2397 2607 δὲ
2425 2554 2517 2605 uati.
2543 2551 2621 2624 τῷ
2643 2569 2656 2582 ο
2707 2554 2805 2605 Ἐν
2832 2550 2916 2616 τῷ
2957 2551 3156 2619 Ἀδὰμ
3183 2552 3418 2616 πάντες
3439 2552 3579 2605 ἀπο-

1985 2646 2330 2713 θνήσκουσι,
2359 2645 2453 2698 καὶ
2478 2644 2546 2696 ἐν
2575 2642 2653 2707 τῷ
2674 2642 2911 2710 Χριστῷ
2931 2642 3183 2709 πάντες
3224 2639 3581 2706 ζωοποιηθή-

1983 2754 2215 2791 σονται·
2261 2738 2339 2805 (ὲν
2370 2729 2449 2797 οἷς
2479 2732 2600 2787 οὔτε
2631 2736 2659 2787 ὁ
2712 2733 2881 2804 μέσος
2941 2732 3201 2798 θάνατος
3260 2733 3583 2803 σημαίνεται

1983 2824 2119 2878 κατὰ
2164 2822 2255 2874 τό·
2302 2823 2395 2874 Ἐν
2432 2819 2511 2885 τῷ
2542 2820 2723 2888 Ἀδὰμ
2762 2819 2996 2886 πάντες
3033 2820 3578 2886 ἀποθνήσκουσιν,

1983 2916 2102 2970 οὒτε
2132 2916 2164 2975 ἡ
2190 2913 2475 2982 ἀδιάφορος
2504 2910 2639 2981 ζωὴ.
2667 2909 2761 2967 καὶ
2816 2911 2964 2980 μήτε
3013 2912 3241 2980 ἀγαθὸν
3279 2908 3417 2967 οὖσα
3465 2910 3579 2962 καθ’

1982 3004 2147 3073 αὐτὴν
2185 3003 2316 3073 μήτε
2351 3000 2534 3062 κακὸν,
2566 2999 2703 3054 κατὰ
2753 2999 2814 3052 τό
2840 3015 2853 3027 ·
2901 3001 3019 3052 Ἐν
3051 3002 3143 3068 τῷ
3168 3001 3415 3070 Χριστῷ
3438 3000 3580 3054 ,τάν-

1987 3111 2083 3159 τες
2126 3090 2703 3158 ζωοποιηθήσονται,)
2734 3089 2829 3142 καὶ
2857 3088 2988 3157 ὄψει
3025 3091 3140 3163 τὴν
3169 3092 3322 3163 ζωὴν
3343 3092 3440 3145 τοῦ
3470 3090 3580 3144 κατ’

1988 3184 2166 3237 εἰκόνα
2198 3178 2499 3252 ἀνθρώπου.
2531 3180 2749 3249 Νοήσας
2775 3180 2831 3231 δὲ
2854 3180 3036 3239 αὑτοῦ
3064 3185 3175 3254 τὴν
3222 3186 3399 3254 ζωὴν,
3427 3191 3581 3252 συνὴ-

1990 3287 2099 3332 σεις
2152 3269 2270 3321 τινα
2316 3266 2512 3336 τρόπον
2561 3268 2589 3317 ὁ
2623 3265 3095 3335 ἀνθρωποκτόνος
3155 3271 3456 3324 ἀπέκτεινε
3500 3269 3582 3322 τὸν

1988 3359 2161 3425 ζῶντα.
2187 3356 2483 3430 ἄνθρωπον,
2512 3357 2570 3408 οὐ
2609 3357 2696 3409 διά
2723 3368 2843 3409 τινα
2877 3357 2981 3410 ἕνα
3032 3360 3197 3425 ἰδίως
3243 3362 3425 3421 ποιὸν,
3458 3360 3581 3414 ἀλλὰ

1986 3449 2050 3502 δι’
2083 3448 2197 3501 ὅλον
2218 3448 2276 3500 τὸ
2300 3446 2471 3513 γένος,
2501 3446 2529 3498 ὃ
2574 3446 2887 3509 ἀπέκτεινε,
2934 3449 3070 3501 καθ’
3128 3451 3159 3504 ὃ
3213 3454 3274 3505 ὲν
3311 3452 3391 3521 τῷ
3425 3452 3581 3519 Ἀδὰμ

1986 3538 2179 3603 πάντες
2216 3535 2658 3604 ἀποθνήσκουσιν,
2700 3534 2871 3603 ὑγιῶς
2905 3536 3342 3611 λεχθησόμενος
3386 3539 3582 3610 ἀνθρω-

1987 3627 2256 3687 ποκτόνος.
2282 3623 2487 3691 Ταύτην
2507 3623 2562 3675 δὲ
2594 3624 2690 3693 τὴν
2725 3624 3237 3695 ἀνθρωποκτονίαν
3270 3631 3580 3702 εἰργάσατο,

1987 3716 2281 3787 ἀρξάμενος
2333 3714 2425 3767 ἀπ’
2460 3712 2664 3783 ἀρχῆς·
2705 3713 2771 3765 δι’
2818 3717 2885 3784 ἣν
2932 3718 3448 3791 ἀνθρωποκτονὶαν
3492 3718 3582 3771 αὑ-

1983 3806 2073 3859 τοῦ
2105 3805 2324 3865 ἕκαστος
2343 3801 2446 3854 τῶν
2471 3802 2727 3854 νοούντων
2756 3804 2912 3869 αὐτὸ,
2947 3807 3053 3860 καὶ
3082 3810 3150 3861 τὸ
3181 3809 3388 3863 ἑαυτοῦ
3411 3808 3581 3880 σῶμα,

1984 3896 2076 3949 καὶ
2108 3896 2208 3949 τίνι
2241 3893 2432 3946 οἰκεῖόν
2472 3896 2608 3955 ἐστι,
2656 3892 2815 3946 τοῦτο
2850 3897 2975 3968 ὲρεϊ
3028 3899 3361 3965 ταλανίζων
3399 3900 3580 3955 ἑαυτὸν

1982 3988 2073 4038 ἐπὶ
2100 3985 2158 4038 τὸ
2191 3987 2247 4037 ὲν
2274 3984 2349 4054 τῷ
2394 3984 2562 4055 Ἀδὰμ
2610 3986 3081 4057 ἀποτεθνηκέναι,
3136 3994 3239 4046 τό·
3286 3996 3582 4051 Ταλαίπω-

1975 4093 2083 4143 ρος
2114 4075 2226 4145 ἐγὼ
2254 4074 2577 4140 ἅνθρωπος,
2609 4076 2700 4140 τίς
2719 4093 2795 4143 με
2815 4078 3091 4143 ῥύσεται
3126 4085 3204 4137 ἐκ
3250 4086 3365 4138 τοῦ
3392 4085 3582 4151 σώμα-

1982 4181 2083 4228 τος
2107 4161 2211 4215 τοῦ
2243 4161 2495 4221 θανάτου
2524 4164 2775 4226 τούτου;
2821 4164 3048 4233 βλέπων
3079 4172 3185 4224 καὶ
3223 4172 3356 4227 τίνα
3389 4171 3582 4242 τρόπον

1983 4254 2191 4324 εἴρηται
2221 4252 2279 4305 τό
2298 4267 2313 4279 ·
2342 4255 2445 4318 Εις
2474 4248 2626 4321 χοῦν
2650 4252 2914 4308 θανάτου
2960 4260 3326 4331 κατήγαγές
3364 4280 3462 4333 με,
3493 4261 3583 4313 καὶ

363 4329 543 4419 mortis
572 4331 829 4384 deduxisti
861 4351 937 4387 me
959 4375 974 4400 ,
1004 4347 1058 4389 et
1090 4337 1275 4395 illud"
1310 4355 1326 4391 :
1373 4338 1670 4394 Humiliain
1709 4359 1802 4395 nos
1830 4346 1882 4396 in

2003 4344 2069 4396 :6'
2096 4343 2554 4407 »Ἐταπείνωσας
2579 4342 2734 4411 ἡμᾶς
2766 4345 2838 4397 ἐν
2867 4348 3040 4415 τόπῳ
3084 4329 3449 4419 strumosum,
3493 4354 3583 4413 καὶ

361 4413 475 4469 loco
501 4416 805 4500 aﬂlictionis,
830 4431 882 4474 et
903 4422 1027 4476 illud
1050 4426 1093 4455 ⁷⁵
1120 4443 1136 4479 ι
1166 4425 1361 4492 Corpus
1398 4439 1622 4482 nostrum
1669 4430 1880 4487 humile.

366 4504 461 4558 Est
488 4506 643 4557 etiam
672 4502 928 4566 occultius
954 4514 1217 4581 quiddam,
1248 4525 1462 4585 propter
1493 4520 1631 4586 quod
1660 4519 1881 4573 homici-

362 4594 431 4650 da
456 4595 541 4648 ille
578 4597 643 4651 ub
668 4597 817 4654 initio
838 4603 1081 4671 princeps
1110 4604 1177 4658 sit
1212 4603 1364 4669 hujus
1392 4607 1594 4669 mundi,
1629 4607 1728 4663 hoc
1779 4618 1879 4669 est.

361 4687 629 4740 terrestris
677 4688 802 4755 loci,
847 4694 933 4747 ubi
978 4702 1099 4747 sunt
1140 4694 1378 4750 homines
1414 4711 1548 4763 quos
1591 4698 1877 4757 interfecit.

359 4777 534 4846 Atque
582 4778 839 4835 homicida
875 4783 1084 4851 quidem
1131 4784 1395 4839 interfecit
1438 4802 1536 4841 nos
1567 4803 1584 4839 :
1614 4803 1711 4847 nos
1754 4805 1883 4844 vero

361 4865 453 4921 Dei
480 4870 652 4937 gratia
683 4874 972 4942 consepulti
998 4890 1180 4928 sumus
1209 4875 1438 4941 Christo,
1466 4886 1521 4930 et
1546 4879 1880 4937 consurrexi-

363 4970 480 5010 mus
507 4957 603 5019 illi,
640 4961 943 5015 eouformcs
993 4963 1116 5017 facti
1169 4966 1539 5019 resurrectioui
1565 4965 1697 5031 ejus,
1727 4975 1780 5021 et
1827 4966 1878 5020 in

360 5045 592 5101 novitate
620 5046 740 5105 vita:
769 5050 1101 5107 ambulantes
1128 5050 1192 5103 ".
1230 5054 1297 5103 At
1326 5067 1455 5107 vero
1501 5054 1763 5111 homicida
1796 5053 1880 5107 ille

362 5132 606 5203 princeps
649 5146 730 5190 est
790 5138 1186 5194 interfectorum
1242 5140 1473 5210 itemque
1526 5152 1880 5204 mortuorum,

365 5218 555 5271 nullius
579 5221 803 5277 viventis
825 5228 1001 5281 valens
1032 5231 1272 5297 princeps
1310 5246 1446 5284 esse.
1478 5232 1625 5296 Quod
1653 5231 1696 5284 si
1727 5231 1881 5283 latins

364 5308 783 5367 consideraveris
823 5331 938 5381 quise
985 5320 1183 5387 scripta
1211 5330 1333 5373 sunt
1358 5321 1423 5376 de
1453 5321 1692 5384 mortuis,
1718 5320 1878 5373 veluti

432 5507 475 5591 ξς
502 5508 636 5562 [‘snl.
669 5528 827 5591 cxvii,
860 5521 975 5591 l_7_._
1015 5524 1058 5553 °'
1088 5524 1271 5579 Matth.
1301 5542 1425 5582 un.
1455 5529 1540 5591 5f,
1568 5527 1653 5582 5'2.
1753 5527 1795 5557 ⁶’
1822 5525 1948 5581 Luc.

365 5574 410 5605 "
430 5574 579 5628 Rom.
607 5593 697 5644 vn,
728 5574 826 5638 24(
880 5589 924 5618 ⁷³
946 5587 1084 5642 Psal.
1111 5574 1946 5660 fustati.“iii'lisalf'xuu,36:

1986 4432 2074 4485 τό’
2126 4431 2296 4507 Σῶμα
2322 4430 2430 4497 τῆς
2476 4431 2887 4500 ταπεινώσεως
2932 4436 3138 4505 ήμῶν.
3175 4442 3343 4495 Ἔστι
3398 4444 3454 4494 δὲ
3492 4442 3584 4493 καὶ

1986 4523 2408 4594 smnia—sapa;
2438 4539 2512 4587 τι,
2539 4522 2604 4574 δι’
2656 4523 2684 4576 ὃ
2715 4525 2744 4575 ὁ
2777 4525 2874 4578 ἀπ’
2905 4528 3099 4600 ἀρχῆς
3125 4533 3585 4604 ἀνθρωποκτόνος

1984 4613 2159 4683 ἄρχων
2188 4613 2302 4664 ἐστὶ
2336 4610 2428 4664 τοῦ
2476 4611 2677 4682 κόσμου
2720 4614 2936 4681 τούτου,
2994 4619 3153 4687 λέγω
3188 4623 3252 4676 δὲ
3294 4624 3393 4676 τοῦ
3434 4640 3586 4694 περι-

1984 4702 2131 4768 γεεου
2161 4701 2345 4786 τόπου,
2398 4702 2528 4763 ὅπου
2561 4704 2698 4755 εἰσιν
2733 4702 2829 4768 οὓς
2878 4707 3230 4766 ἀπέκτεινεν
3279 4714 3583 4786 ἄνθρωποι.

1996 4788 2052 4840 ’0
2093 4788 2186 4859 μὲν
2226 4785 2315 4843 οὖν
2356 4791 2793 4861 ἀνθρωποκτόνος
2828 4795 3167 4854 ἀπέκτεινεν
3203 4785 3399 4874 ἡμᾶς-ί
3428 4806 3586 4875 ἡμεῖς

1983 4878 2037 4930 δὲ
2070 4879 2244 4948 χάριτι
2277 4880 2408 4933 Θεοῦ
2436 4881 2816 4951 συνετάφημεν
2847 4886 2928 4955 τῷ
2956 4888 3221 4963 Χριστῷ,
3256 4898 3358 4949 καὶ
3389 4910 3585 4948 συναν-

1986 5056 2166 5109 στάσει
2198 5058 2379 5122 αὐτοῦ,
2412 5062 2504 5114 καὶ
2527 5064 2584 5115 ὲν
2616 5068 2898 5138 καινότητι
2929 5071 3084 5140 ζωῆς
3130 5056 3581 5147 περιπατοῦμεν.

1996 5147 2050 5238 in
2101 5147 2154 5199 δὲ
2201 5149 2632 5219 ἀνθρωποκτόνος
2683 5156 2845 5229 ἀρχει
2892 5162 3002 5215 τῶν
3050 5167 3442 5238 ἀνῃρημένων
3492 5164 3585 5219 καὶ

1985 5236 2134 5303 ἄρχει
2152 5238 2257 5290 τῶν
2279 5239 2483 5308 νεκρῶν
2501 5258 2513 5271 ·
2551 5243 2755 5309 ζῶντος
2783 5249 2841 5300 δὲ
2863 5251 3085 5316 οὐδενὸς
3120 5236 3391 5325 ἦγεῖσθαι
3424 5256 3586 5310 δύνα-

1980 5340 2085 5379 ται.
2132 5326 2255 5381 Ἐὰν
2286 5329 2342 5380 δὲ
2370 5330 2645 5387 ὲπιπλεῖον
2679 5337 2987 5413 ἐπιστήσῃς
3016 5344 3117 5397 καὶ
3144 5350 3270 5409 τοῖς
3301 5348 3439 5418 περὶ
3472 5344 3582 5401 τῶν

1984 5542 2073 5606 ‘5:
2413 5533 2652 5606 "Nam
2712 5555 2814 5605 XII.
2855 5546 2947 5600 ‘26.
3052 5548 3098 5581 '"
3137 5547 3157 5602 ι
3191 5546 3331 5606 Cor.
3367 5568 3458 5606 xv.
3487 5551 3578 5605 3!.

2018 5597 2060 5627 τε
2103 5597 2290 5669 unum.
2348 5616 2423 5666 ιιι,
2467 5601 2555 5656 ει.
2633 5607 2680 5637 τ·
2714 5597 2988 5683 nuntii],
3040 5618 3093 5671 ι.
3138 5597 3157 5602 “
3199 5597 3331 5606 ’⁷⁷⁷
3368 5597 3458 5620 “’⁹
