3820 6222
277 354 292 404 i
1079 342 1420 403 COMMENT.
1461 344 1524 399 IN
1555 344 1742 399 JOAN.
1780 343 2009 399 TOMUS
2041 342 2154 400 XX.

3045 369 3049 374 ν
3086 347 3186 400 {I53

277 469 334 518 vix
357 464 462 517 ἔστιν
481 465 657 535 ἀλήθεια
681 469 738 520 ἐν
761 465 921 535 αὐτῷ,
943 465 1160 533 ἐπείπερ
1185 461 1472 530 ἡπάτηται,
1490 461 1581 514 καὶ
1610 465 1651 520 Α
1678 476 1735 512 eo
1759 476 1785 512 tt

1678 476 1735 512 eo
1759 476 1858 512 non
1888 468 1960 511 est
1989 459 2054 512 ".
2079 456 2222 511 Hanc
2264 467 2433 511 autem
2465 460 2532 512 ob
2568 473 2777 513 causam
2810 471 2910 510 non
2939 468 3016 512 est
3040 460 3089 512 in
3122 475 3185 513 eo

277 556 334 623 ›δῆ
354 554 647 624 ὑπολαμϐάνει,
679 558 768 608 καὶ
798 555 1061 624 ἠπάτηται
1086 552 1239 614 αὐτὸς
1262 550 1346 616 ὑφ’
1374 553 1580 615 ἑαυτοῦ,

277 663 355 698 των
380 646 523 715 χείρων
546 642 654 698 εἶναι
678 645 932 713 λογισθεὶς
952 643 1054 696 τῶν
1077 641 1269 695 λοιπῶν
1297 642 1583 711 ἀπατωμέ-

284 775 294 796 .
321 738 384 788 ὅτι
408 738 553 788 ἐκεῖνοι
579 736 773 805 μὲνύπδ
802 733 982 786 τούτου
1005 731 1328 792 ἀπατῶνται,
1354 732 1507 792 αὐτὸς
1527 730 1582 782 δὲ

277 825 330 894 τῷ
354 808 603 893 δημιουργός
627 826 737 875 ὲστι
758 823 854 891 τῆς
879 822 1103 891 ἀπάτης.
1137 820 1312 886 Ἀξιον
1341 820 1396 871 δὲ
1427 820 1585 890 ζητῆ-

282 912 377 973 πῶς
395 912 558 979 λέγεται
582 911 660 963 τό·
700 909 962 974 Ἀλήθεια
996 911 1102 962 οὐκ
1129 908 1376 961 ἐστινέν
1410 906 1580 971 αὐτῷ’

314 1002 492 1070 πότερον
522 1001 639 1052 οὐδὲν
679 998 784 1069 (78)
833 998 1023 1069 ἀληθὲς
1075 997 1181 1067 ἔχει
1226 997 1415 1066 δόγμα,
1455 995 1584 1049 ἀλλά

277 1107 324 1142 τα
354 1092 432 1141 ὅσα
455 1089 553 1142 ποτὲ
579 1088 755 1158 δοξάζῃ
788 1087 894 1158 (79)
946 1087 1108 1156 ψεύδη
1139 1086 1309 1138 ἐστίν’
1337 1086 1369 1156 ἢ
1416 1086 1493 1138 ὅτι
1525 1086 1583 1137 οὐ

277 1178 357 1246 ἔχει
385 1176 469 1246 (80)
502 1177 716 1247 Χριστοῦ,
750 1177 823 1238 ὡς
859 1178 905 1228 οἱ
950 1173 1173 1245 Χριστοῦ
1216 1174 1420 1243 μέτοχοι
1468 1189 1587 1242 μετ-

277 1284 331 1318 οσι
355 1267 431 1319 τοῦ
457 1268 680 1328 εἰπόντος’
730 1265 864 1334 Ἐγώ
889 1267 1000 1332 ειμι
1041 1263 1077 1329 ἡ
1108 1261 1367 1326 ἀλήθεια.
1390 1263 1451 1313 Οἱ
1478 1261 1583 1331 γὰρ

280 1373 435 1424 χοντες
458 1354 586 1407 αὑτοῦ
609 1354 907 1422 μετέχουσιν
929 1349 1106 1412 αὐτοῦ,
1129 1350 1219 1402 καὶ
1240 1350 1355 1402 καθ’
1392 1350 1418 1402 ὅ
1445 1352 1587 1401 ἐστιν

282 1462 356 1497 εια
381 1444 488 1513 (81),
511 1444 584 1496 καὶ
605 1443 687 1495 διὰ
711 1441 864 1494 τοῦτο
895 1440 1112 1509 ἀλήθειά
1142 1440 1283 1491 ἐστιν
1307 1441 1362 1491 ὲν
1391 1440 1583 1501 αὐτοῖς.

277 1536 422 1603 τρίτον
440 1535 475 1587 δ’
489 1533 540 1587 ἂν
553 1533 679 1603 ἐντῷ
701 1532 852 1601 τύπῳ
874 1529 1102 1583 τοιοῦτον
1117 1528 1221 1597 (82)
1242 1545 1585 1599 προσαπορη-

300 1623 634 1691 ἐπιστησόντων
659 1622 813 1674 τινῶν
831 1621 877 1672 εἰ
901 1618 1003 1688 χρὴ
1025 1618 1194 1685 λέγειν
1222 1617 1292 1687 μὴ
1311 1615 1442 1670 εἶναι
1462 1618 1589 1687 ἀλή-

278 1731 279 1749 ι
320 1715 370 1764 ὲν
404 1712 468 1781 τῷ
504 1709 754 1763 ὁτιποτοῦν
796 1709 978 1777 ψεῦδος
1022 1708 1455 1777 ὑπολαμϐάνοντι,
1487 1706 1587 1759 κᾶν

296 1779 475 1851 πολλῶν
501 1799 685 1868 ἀληθῶν
724 1798 874 1851 τοῦτο
904 1797 1108 1869 νομίζῃ.
1155 1798 1239 1858 Ὦς
1268 1794 1372 1866 γὰρ
1399 1794 1586 1864 ψεῦδος
1614 1779 1656 1833 Β

294 1888 476 1958 μυρίων
495 1888 612 1940 ὅσων
636 1885 863 1955 ἀληθῶν,
890 1886 982 1938 καὶ
1013 1884 1125 1946 ὲνδς
1142 1882 1360 1952 ψεύδους
1383 1898 1586 1951 συμπε-

277 1978 422 2038 ιένον,
442 1975 587 2037 οὕτως
605 1976 657 2027 ὲν
689 1975 765 2043 τῷ
794 1973 1060 2039 δοξάζοντι
1088 1972 1219 2041 μετὰ
1236 1970 1436 2023 πολλῶν
1459 1970 1586 2038 άλη-

277 2086 294 2117 ν
319 2066 504 2134 ψεῦδος,
532 2065 673 2116 οἱονεὶ
703 2065 759 2115 τὸ
787 2061 1015 2116 τοιοῦτόν
1047 2065 1157 2114 ἐστι
1182 2059 1586 2130 συμπεπλεγμέ-

277 2156 360 2208 ιστ’
385 2155 444 2207 ἂν
463 2156 630 2214 εἰπεῖν,
662 2154 741 2204 ὅτι
780 2153 834 2203 ὲν
872 2151 1003 2220 τῷδε
1039 2150 1134 2203 οὐκ
1163 2150 1303 2200 ἐστιν
1344 2148 1582 2217 ἀλήθεια.

277 2261 352 2311 ιμι
378 2242 427 2293 δὲ
448 2242 526 2293 τὸν
547 2241 669 2310 μετὰ
695 2239 896 2293 πολλῶν
921 2238 1126 2309 ἀληθῶν
1151 2237 1206 2290 ἓν
1240 2236 1424 2306 ψεῦῶς
1456 2238 1584 2289 ὑπο-

278 2346 427 2383 νοντα
447 2346 459 2359 ·
488 2330 570 2381 καὶ
595 2329 657 2381 τὰ
681 2329 804 2398 τρία
830 2345 890 2396 γε
914 2327 1052 2392 δόξει
1087 2327 1226 2396 ἔχειν
1254 2325 1424 2392 λόγον,
1446 2324 1586 2386 τινὸς

277 2420 462 2488 ᾕσοντος
497 2417 621 2469 κατὰ
660 2416 813 2468 τοῦτο
858 2415 1100 2485 εἰρῆσθαι
1132 2415 1226 2466 τό·
1259 2416 1375 2467 Οὐκ
1423 2413 1588 2467 ἐστιν

279 2524 336 2559 ια
363 2507 428 2558 ἐν
457 2506 618 2570 αὐτῷ,
643 2506 761 2557 ἐπεὶ
784 2506 841 2557 οὐ
875 2505 1081 2574 μετέχει
1097 2502 1343 2572 Χριστοῦ,
1361 2493 1477 2571 ᾧγε
1497 2505 1588 2556 καὶ

277 2597 477 2664 ολεμεῖσ
505 2595 676 2664 ἑτέρου
713 2594 787 2657 δὲ,
817 2594 1038 2663 ἐπείπερ
1065 2594 1209 2645 οὐδὲν
1233 2592 1422 2660 ἀληθὲς
1463 2610 1588 2662 φρο-

279 2685 324 2735 λ’
345 2686 399 2735 ὲν
425 2685 547 2735 πᾶσι
574 2683 871 2749 διέψευσται
896 2683 986 2734 καὶ
1004 2681 1090 2733 διὰ
1110 2681 1262 2733 τοῦτό
1283 2684 1395 2733 ἐστι
1418 2681 1588 2734 διάϐο-

278 2773 338 2824 ;αὶ
385 2772 622 2840 πονηρὸς,
678 2772 768 2822 καὶ
810 2771 1001 2840 χείρων
1048 2770 1242 2831 παντὸς
1292 2769 1588 2822 οὑτινοσοῦν

277 2880 375 2925 τος,
425 2863 503 2914 ὅτι
537 2861 669 2929 τάχα
717 2861 772 2911 ἓν
821 2860 916 2929 μὲν
961 2861 1071 2937 τοῖς
1121 2858 1328 2921 πολλοῖς
1378 2858 1488 2911 ὲστί
1534 2875 1586 2909 τι

277 2952 387 3021 γθὲς
413 2949 545 3020 μετὰ
573 2950 773 3002 πολλῶν
794 2943 867 3003 ὧν
891 2949 1199 3016 σφάλλονται
1216 2964 1230 2978 ο
1257 2949 1312 2999 ὲν
1337 2947 1391 2999 δὲ
1419 2946 1587 3016 τούτῳ

277 3039 476 3108 ὶληθές.
514 3039 617 3091 Καὶ
648 3040 825 3109 τρίτος
870 3037 925 3090 δέ
964 3055 1046 3100 τις
1092 3036 1459 3106 συναγορεύσει
1512 3037 1584 3105 τῷ
1612 3077 1652 3132 C

277 3131 425 3197 ,ἐγων
445 3130 720 3199 ἀμήχανον
746 3124 1096 3195 εἷναιλογικόν
1115 3144 1168 3179 τι
1185 3127 1439 3195 τυγχάνον
1455 3126 1586 3189 ζῶον

278 3238 419 3274 ντων
443 3218 791 3288 ψευδοδοξεῖν,
812 3218 904 3271 καὶ
918 3219 1042 3289 περὶ
1066 3217 1301 3288 μηδενὸς,
1327 3217 1427 3269 κᾶν
1440 3216 1586 3268 ἀσθε-

281 3309 482 3378 ἁληθὲς
505 3306 919 3376 ὑπολαμϐάνειν.
943 3307 1159 3368 Πάντως
1175 3305 1300 3372 γοῦν
1313 3305 1414 3357 κᾶν
1434 3305 1587 3356 τοῦτο

277 3399 490 3461 ιάόολος
507 3397 685 3466 δόγμα
707 3397 915 3463 ἀληθὲς,
945 3397 1068 3465 περὶ
1097 3395 1256 3448 αὑτοῦ
1281 3395 1485 3459 ἐννοῶν,
1509 3397 1588 3448 ὅτι

291 3490 435 3550 ἐστι,
474 3487 572 3539 κοιλ⁸
599 3487 679 3538 ὅτι
715 3485 775 3535 τὸ
801 3483 992 3536 τοιόνδε
1025 3484 1117 3552 μὲν
1156 3483 1429 3553 ἄνθρωπός
1455 3485 1587 3545 ἐστι,

277 3576 329 3627 δε
362 3575 622 3642 ἄγγελος,
653 3574 742 3626 καὶ
765 3573 822 3625 τὸ
844 3572 982 3625 τοιὸν
1012 3572 1106 3641 μὲν
1127 3571 1298 3640 σῶμα,
1326 3572 1416 3623 καὶ
1443 3572 1590 3623 ποιὸν

277 3666 383 3716 ;>.λο
403 3664 465 3716 δέ
503 3680 557 3715 τι
584 3663 765 3730 ἕτερον
788 3664 1029 3730 σώματος
1054 3659 1185 3729 (85).
1232 3659 1363 3711 Ἀλλ’
1396 3659 1480 3711 ἴνα
1499 3661 1590 3712 καὶ

277 3758 423 3807 εαῖον
457 3752 537 3823 μὴ
566 3752 718 3821 λέγῃ,
745 3751 836 3803 καὶ
867 3749 937 3819 μὴ
962 3752 1128 3820 ὲννοῇ,
1154 3749 1283 3802 ἀλλά
1311 3767 1373 3818 γε
1400 3751 1591 3822 αὐταρ-

277 3844 421 3893 >ὼτα
466 3841 617 3911 πρὸς
660 3839 720 3891 τὸ
759 3839 831 3909 μὴ
874 3837 937 3891 ἂν
963 3837 1211 3891 δύνασθαι
1230 3835 1362 3891 εἶναι
1399 3838 1591 3908 ἀληθὲς

277 3930 369 3982 τοῦ
397 3930 487 3981 τόο
532 3929 668 3980 Ὀτι
697 3927 869 3980 οὐδὲν
895 3927 1111 3994 ἀληθὲς
1157 3927 1373 3995 φρονεῖ.
1410 3928 1591 3998 Ἡμεῖς

277 4017 387 4070 τοῦδ
441 4018 550 4068 Ἐν
595 4015 673 4084 τῇ
701 4017 940 4083 ἀληθείᾳ
977 4018 1084 4082 οὐχ
1111 4015 1377 4082 ἕστηκεν,
1405 4015 1591 4068 ἀκούο-

277 4106 355 4167 ιῦς
385 4105 568 4172 φύσιν
592 4103 841 4172 τοιαύτην
862 4103 1223 4172 ἐμφαίνοντες,
1245 4101 1362 4154 οὔτε
1389 4102 1449 4154 τδ
1468 4102 1592 4155 ἀδύ-

277 4195 330 4261 οὶ
347 4192 457 4244 τοῦ
475 4193 776 4261 ὲστηκέναι
796 4192 948 4244 αὐτὸν
975 4194 1032 4244 ὲν
1054 4190 1272 4262 ἀληθείᾳ
1299 4191 1588 4260 παριστάν-

296 4280 656 4351 Ἦρακλὲων
692 4282 771 4343 εἰς
794 4280 961 4334 ταῦτά
1001 4297 1129 4350 φησι
1156 4279 1351 4334 τό·ιοὐ
1379 4278 1483 4349 γὰρ
1524 4279 1588 4330 ὲκ

1680 547 1892 609 veritas,
1926 547 2175 614 quoniam
2229 547 2479 614 deceptus
2516 556 2600 601 est
2642 545 2879 614 falsaque
2906 547 3181 615 opinatur;

1681 636 1892 703 ipseque
1913 650 1940 687 a
1968 635 2142 703 seipse
2172 634 2416 701 deceptus
2452 644 2552 699 est,
2591 635 2736 704 pejor
2774 635 2820 689 is
2862 636 3066 688 caeteris
3095 638 3184 688 de-

1651 724 1654 728 λ
1680 722 1847 790 ceptis
1872 722 2099 784 habitus,
2115 721 2251 789 quod
2276 721 2347 772 illi
2378 723 2584 788 quidem
2615 722 2947 790 decipiuntur
2974 724 3038 776 ab
3066 724 3183 787 hoc,

1681 812 1790 877 ipse
1815 820 1986 862 autem
2034 808 2133 862 sibi
2180 807 2464 862 fabricator
2499 820 2552 863 et
2588 820 2773 863 auctor
2800 817 2879 863 est
2922 811 3185 875 deceptio-

1682 903 1781 955 nis.
1823 898 1925 955 Sed
1957 901 2168 969 dignum
2210 900 2428 968 quaesito
2456 909 2536 953 est
2572 900 2829 967 quomodo
2858 900 3081 965 dicatur,
3108 917 3188 953 ve-

1681 990 1806 1041 ritas
1848 988 1899 1040 in
1925 1003 1998 1059 ,ιο
2041 1004 2140 1040 non
2172 996 2244 1039 est
2269 1002 2290 1040 :
2317 996 2567 1039 utrumne
2593 986 2798 1039 tandem
2833 986 2954 1054 quia
2990 985 3185 1038 nullum

1682 1078 1863 1146 dogma
1889 1092 2066 1131 verum
2098 1077 2276 1143 habet,
2305 1077 2396 1130 sed
2437 1076 2612 1129 omnia
2641 1090 2965 1144 quacunque
3005 1077 3189 1143 opina-

1685 1178 1769 1219 tur
1795 1165 1922 1218 falsa
1946 1166 2082 1228 sint;
2114 1182 2179 1218 an
2210 1166 2381 1234 p0tius
2412 1166 2534 1234 quia
2575 1166 2834 1233 particeps
2857 1165 3055 1219 Christi
3083 1181 3188 1218 non

1681 1263 1780 1318 est,
1824 1255 1860 1309 ii
1898 1257 1985 1322 qui
2037 1263 2159 1308 sunt
2212 1254 2491 1323 participes
2542 1253 2737 1307 Christi
2780 1253 3047 1307 dicentis:
3082 1252 3188 1320 Ego

1681 1361 1792 1397 sum
1814 1346 1995 1397 veritas
2023 1345 2087 1396 “.
2104 1343 2201 1409 Qui
2230 1343 2371 1395 enim
2400 1342 2682 1410 participes
2709 1350 2831 1394 sunt
2860 1341 3018 1400 illius.
3051 1339 3191 1394 illius

1681 1442 1799 1486 sunt
1831 1433 2116 1500 participes
2147 1433 2197 1485 in
2240 1439 2496 1501 quantum
2525 1440 2603 1484 est
2648 1431 2861 1495 veritas,
2889 1440 2944 1483 et
2992 1431 3191 1483 idcirco

1680 1521 1874 1575 veritas
1893 1522 1943 1575 in
1972 1521 2047 1574 eis
2070 1529 2164 1577 est.
2194 1520 2420 1574 Rursum
2443 1521 2595 1575 tertio
2612 1520 3115 1574 addubitabiturhoc
3137 1520 3189 1573 in

1682 1612 1821 1676 loco,
1866 1612 2176 1681 quibusdam
2216 1612 2546 1667 adnotaturis
2587 1627 2711 1665 num
2748 1613 2925 1667 dicere
2951 1621 3189 1680 oporteat

1683 1717 1784 1756 non
1808 1717 1925 1756 esse
1954 1702 2226 1755 veritatem
2259 1703 2310 1754 in
2352 1717 2415 1756 eo
2443 1703 2528 1770 qui
2564 1703 2923 1771 qualecunque
2971 1703 3187 1755 menda»-

1682 1793 1820 1846 cium
1841 1793 2107 1857 opinatur.
2129 1793 2331 1847 etiamsi
2363 1808 2484 1848 cum
2512 1792 2688 1845 multis
2719 1794 2858 1846 veris
2881 1793 3049 1859 ipsum
3074 1794 3192 1859 opi-

1681 1891 1852 1935 netur.
1888 1881 1956 1936 Ut
1988 1882 2125 1935 enim
2175 1881 2304 1935 falsa
2345 1892 2426 1936 est
2459 1882 2750 1950 complexio
2785 1897 2849 1936 ex
2900 1883 3189 1936 innumeris

1680 1984 1794 2037 quae
1817 1970 1964 2025 valde
1985 1984 2109 2024 vera
2139 1972 2265 2036 sint,
2297 1982 2351 2025 et
2377 1987 2480 2025 uno
2524 1973 2793 2026 mendacio
2819 1983 3089 2035 constans,
3114 1971 3191 2025 sic

1679 2058 1732 2111 in
1758 2073 1821 2112 eo
1847 2061 2081 2127 quicum
2126 2059 2301 2113 multis
2336 2060 2474 2113 veris
2509 2076 2669 2114 unum
2715 2063 3042 2116 mendacium
3078 2066 3191 2130 opi-

1681 2158 1853 2211 natur,
1883 2149 1998 2202 talis
2028 2148 2193 2203 ferme
2219 2158 2302 2204 est
2331 2151 2619 2220 complexio
2659 2163 2711 2206 et
2742 2153 3024 2220 copulatio,
3058 2165 3112 2208 ut
3138 2158 3189 2209 in

1682 2236 1770 2291 illo
1813 2237 2050 2292 dicamus
2099 2239 2371 2292 veritatem
2424 2255 2527 2293 non
2570 2253 2703 2294 esse.
2740 2239 2971 2295 Ostende
3018 2253 3189 2296 autent

1681 2339 1798 2379 cum
1826 2326 2004 2380 multis
2037 2327 2176 2380 veris
2213 2343 2373 2381 unum
2415 2331 2742 2384 mendacium
2788 2333 3138 2399 suspicantem
3172 2350 3192 2398 ;

1681 2431 1741 2471 ac
1765 2417 1862 2470 tria
1905 2431 2031 2471 sane
2062 2418 2374 2472 videbuntur
2422 2420 2616 2474 habere
2673 2421 2930 2475 rationem
2968 2438 2979 2471 :
3017 2422 3193 2490 aliquo

1682 2506 1889 2572 quidem
1922 2507 2126 2561 dicturo
2145 2516 2362 2575 propter
2390 2508 2488 2562 boc
2516 2509 2709 2563 dictum
2751 2509 2911 2565 fuisse
2942 2533 2953 2566 :
2994 2509 3195 2566 Veritas

1680 2593 1733 2646 in
1758 2610 1813 2646 eo
1848 2611 1948 2647 non
2000 2606 2102 2661 est,
2135 2597 2379 2665 quoniam
2430 2597 2691 2665 particeps
2722 2614 2824 2653 non
2859 2601 2929 2654 sit
2972 2600 3189 2664 Christi.

1681 2683 1872 2750 quippe
1898 2683 1980 2737 cui
2009 2685 2169 2738 etiam
2210 2684 2398 2738 inferat
2424 2685 2645 2751 bellum;
2664 2680 2833 2741 altero
2857 2698 3196 2758 autem,quo—

1684 2774 1820 2825 uiam
1851 2773 1921 2827 nil
1954 2788 2076 2828 vere
2102 2775 2312 2842 cogitet,
2344 2776 2435 2827 sed
2464 2776 2513 2828 in
2538 2777 2777 2832 omnibus
2813 2781 3058 2834 mentitus
3087 2783 3189 2847 sit;

1683 2871 1895 2931 propter
1918 2864 2057 2931 quod
2093 2864 2254 2916 etiam
2293 2864 2530 2919 diabolus
2561 2868 2646 2929 sit,
2673 2880 2726 2920 et
2750 2870 2934 2934 malus,
2961 2880 3012 2922 et
3051 2871 3198 2939 pejor

1683 2967 1995 3021 quocunque
2016 2954 2250 3018 cadente,
2281 2956 2525 3022 quoniam
2572 2955 2809 3011 fortassis
2837 2960 2886 3011 in
2920 2959 3096 3013 multis
3127 2963 3195 3014 sit

1682 3042 1838 3095 etiam
1868 3043 2061 3109 aliquid
2086 3044 2197 3096 veri
2220 3045 2499 3097 adtnistum
2526 3044 2626 3098 illis
2653 3047 2846 3109 multis,
2879 3047 3067 3115 quibus
3096 3048 3195 3102 fat-

1685 3132 1877 3193 luntur,
1897 3134 1945 3184 in
1968 3135 2066 3185 hoc
2087 3148 2211 3186 vero
2238 3136 2360 3187 nihil
2389 3135 2459 3188 sit
2488 3137 2870 3205 verum.Atque
2901 3140 3059 3192 etiam
3086 3150 3194 3193 ter-

1686 3218 1787 3270 tius
1810 3217 2000 3285 aliquis
2023 3218 2446 3285 patrocinabitur
2473 3220 2694 3288 reliquo,
2728 3221 2907 3274 dicens
2954 3221 3064 3275 fleri
3091 3238 3193 3276 non

1682 3317 1836 3369 posse
1865 3312 1920 3356 ut
1944 3304 2152 3371 aliquod
2176 3306 2370 3358 animal
2406 3307 2626 3361 rationis
2655 3322 2867 3376 compos
2893 3308 2964 3361 ita
3000 3309 3063 3362 de
3081 3326 3194 3361 om-

1680 3391 1833 3445 nibus
1869 3390 1997 3445 falsa
2021 3392 2282 3458 opinetur,
2323 3403 2381 3448 ut
2428 3395 2493 3449 de
2519 3410 2576 3449 re
2607 3395 2764 3459 nulla,
2807 3397 2994 3450 saltem
3035 3399 3196 3455 imbe-

1681 3480 1891 3543 cilliter,
1908 3481 2101 3548 cogitet
2115 3497 2314 3536 verum.
2338 3481 2469 3536 Nam
2491 3486 2706 3538 omnino
2721 3485 2902 3538 saltem
2924 3487 3021 3540 hoc
3038 3486 3205 3556 345'

1680 3569 1918 3624 diabolus
1958 3570 2141 3638 dogma
2177 3585 2355 3624 verum
2378 3572 2706 3641 liabet,qnod
2723 3575 2949 3642 seipsum
2981 3577 3195 3629 rationis

1683 3669 1971 3726 compotem
1992 3674 2108 3714 esse
2141 3660 2414 3729 intelligit;
2459 3664 2705 3732 quodque
2724 3664 2840 3718 talis
2859 3666 3014 3718 etiam
3034 3666 3189 3718 homo

1682 3755 1784 3806 est.
1811 3747 2091 3815 itidemque
2129 3748 2376 3814 angelus;
2405 3754 2649 3818 quodque
2680 3766 2869 3820 corpus
2887 3760 2968 3805 est
3006 3753 3107 3806 tale
3134 3760 3190 3806 et

1685 3833 1840 3904 quale
1864 3850 2085 3903 corpus;
2106 3845 2160 3888 et
2179 3836 2318 3889 aliud
2336 3838 2576 3903 quiddam
2601 3854 2630 3892 a
2660 3854 2878 3907 corpore
2907 3841 3193 3894 diversum.

1686 3925 1786 3980 Sed
1804 3936 1859 3979 ut
1876 3934 2193 3994 postremqu
2215 3941 2315 3980 non
2331 3927 2489 3991 dicat.
2506 3944 2600 3983 nec
2613 3931 2925 3994 consideret;
2944 3942 2998 3984 at
3012 3932 3193 3985 saltem

1686 4016 1815 4069 satis
1836 4025 1957 4069 sunt
1976 4016 2162 4084 prima,
2187 4027 2244 4070 ut
2258 4031 2436 4071 verum
2453 4032 2569 4073 esse
2584 4034 2683 4071 non
2703 4020 2944 4086 possitde
2959 4035 3041 4083 eo,
3065 4020 3199 4090 quod

1697 4106 1826 4163 nihil
1861 4105 1970 4159 veri
2005 4108 2209 4178 cogitat.
2279 4108 2448 4175 Atque
2480 4122 2574 4159 nos
2597 4107 2805 4173 quidem
2840 4107 2940 4160 hoc
2971 4107 3194 4175 dictum,

1684 4191 1738 4243 in
1784 4191 1993 4244 veritate
2036 4207 2137 4245 non
2184 4195 2343 4258 stetit,
2389 4193 2732 4262 intelligimus
2787 4208 2891 4248 non
2944 4204 3193 4260 tauquam

1686 4279 2019 4333 ostendentes
2062 4290 2302 4335 naturam
2349 4282 2528 4346 talem,
2589 4296 2762 4352 neque
2792 4283 3039 4338 docentes
3082 4281 3193 4334 tieri

277 4373 402 4434 είας
433 4373 473 4440 ἡ
512 4370 688 4438 φύσις
714 4370 854 4422 ἐστὶν
882 4370 1060 4430 αὐτοῦ,
1095 4368 1206 4421 ἀλλ’
1234 4368 1298 4420 ὲκ
1325 4365 1417 4417 τοῦ
1437 4369 1585 4418 ὲναν-
1616 4381 1661 4436 ι)
1687 4383 1785 4421 non

1687 4383 1788 4421 non
1814 4383 1968 4436 posse
1990 4379 2046 4422 ut
2070 4371 2180 4438 ipse
2203 4380 2307 4425 stet
2325 4372 2377 4424 in
2411 4373 2654 4427 veritate.
2680 4370 2972 4427 Heracleon
2994 4384 3121 4423 vero
3141 4369 3194 4422 in

277 4460 547 4530 ιληθείᾳ,
608 4462 675 4512 ὲκ
707 4459 907 4528 πλάνης
933 4460 1024 4512 καὶ
1051 4458 1282 4525 ἀγνοίας·
1324 4456 1399 4508 διό
1428 4472 1589 4525 φησιν

280 4567 349 4601 αι
390 4551 461 4601 ὲν
487 4548 754 4618 ἀληθείᾳ,
781 4547 900 4600 οὔτε
930 4549 1069 4617 σχεῖν
1092 4548 1147 4598 ὲν
1169 4543 1311 4612 αὐτῷ
1337 4544 1587 4613 ἀλήθειαν

282 4658 325 4691 κ
356 4640 482 4707 τῆς
514 4636 699 4691 αὐτοῦ
728 4636 933 4706 φύσεως
963 4638 1089 4690 ῐδιον
1120 4634 1255 4703 ἔχων
1281 4633 1343 4686 τὸ
1378 4633 1583 4701 ψεῦδος,

277 4730 329 4799 ,ὴ
357 4729 703 4798 δυνάμενός
722 4745 845 4780 ποτε
861 4728 1107 4799 ἀλήθειαν
1121 4727 1304 4776 εἰπεῖν·
1326 4724 1463 4791 λέγω
1479 4723 1586 4793 (84)

277 4820 436 4882 dvo;
470 4819 667 4881 αὐτὸς
689 4818 918 4888 ψεύστης
939 4816 1104 4878 ἐστὶν,
1136 4813 1267 4866 ἀλλὰ
1302 4814 1392 4865 καὶ
1426 4816 1454 4866 ὁ
1487 4830 1588 4866 πα-

277 4908 464 4969 ίδίως
491 4906 732 4977 (πατὴρ
746 4907 925 4961 αὐτοῦ
950 4903 1298 4972 ἐκλαμϐάνων
1317 4902 1413 4971 τὴν
1432 4901 1589 4971 φύσιν

303 5032 460 5080 vnn,
508 5018 620 5070 44.
699 5018 743 5049 ’³
765 5018 915 5071 Joan.
965 5030 1078 5079 xlv,
1117 5013 1172 5066 6.

282 5124 366 5158 ex
405 5107 456 5157 R
467 5108 674 5178 uigilis:
701 5109 914 5178 πότερόν
944 5122 1084 5178 ποτε.
1102 5101 1274 5178 ούδέν.

278 5195 338 5225 ιη
383 5171 604 5250 codex
636 5171 849 5250 Begius;
878 5178 974 5250 ὅσα
996 5171 1214 5250 δοξάξηο
1258 5246 1268 5250 ,
1347 5237 1359 5250 .

277 5243 615 5309 μετέχει.
652 5243 708 5296 In
724 5242 908 5297 codice
937 5242 1273 5309 Itegio_tteest
1311 5242 1390 5309 ού.

277 5304 359 5365 ἐκ
395 5304 650 5378 ιὶὲξςίυε
683 5310 817 5364 male
859 5304 1135 5362 liabet—xui.
1161 5304 1223 5354 ού
1252 5304 1365 5355 καθ’
1391 5304 1422 5356 ὅ
1443 5306 1590 5358 ἐστιν

277 5444 521 5496 ›ῦτον.
573 5445 744 5498 Deest
772 5444 821 5496 in
845 5441 1022 5492 codice.
1046 5435 1349 5490 Bodleiano.

304 5511 546 5563 ποιὸν
578 5512 776 5579 σῶμα,
800 5509 941 5579 ᾇλλο
969 5505 1037 5557 δέ
1066 5520 1119 5555 τι
1155 5502 1357 5579 ἕτερον,
1385 5506 1590 5572 σῶμα-

278 5595 349 5631 ιδ
384 5582 457 5630 in
498 5573 852 5645 Originiauis
867 5585 1059 5639 corpus
1083 5573 1281 5645 angelis
1295 5574 1586 5645 aliquando

277 5648 492 5700 risum
535 5642 674 5701 csée
695 5644 987 5710 Origcuem,
1021 5642 1163 5711 quod
1196 5646 1295 5694 tam
1330 5642 1478 5694 tenui
1517 5661 1582 5697 ac

1689 4457 1799 4510 haec
1829 4457 1999 4525 inquit
2035 4458 2179 4512 boc:
2215 4477 2233 4510 ι
2272 4459 2468 4514 Natura
2505 4461 2647 4515 enim
2679 4461 2842 4532 ipsius
2881 4476 2945 4515 ex
2977 4458 3198 4512 veritate

1689 4561 1790 4598 uou
1819 4555 1921 4606 est,
1950 4546 2038 4599 sed
2079 4561 2140 4600 ex
2189 4563 2253 4601 eo
2291 4549 2428 4617 quod
2479 4552 2808 4604 contrarium
2854 4558 2933 4603 est
2962 4547 3195 4609 veritati,

1688 4635 1934 4701 nimirum
1958 4651 2022 4689 ex
2047 4650 2227 4691 errore
2269 4647 2321 4691 et
2348 4639 2660 4706 ignorantia.
2694 4637 2972 4702 Quocirca,
3002 4636 3195 4703 inquit,

1689 4737 1854 4790 neque
1881 4731 2021 4776 stare
2051 4724 2101 4775 iu
2136 4725 2378 4786 veritate,
2420 4738 2591 4792 neque
2637 4725 2912 4776 veritatem
2940 4721 2991 4772 in
3025 4722 3198 4783 seipse

1689 4813 1882 4867 habere
1915 4824 2118 4882 potest;
2170 4828 2234 4866 ex
2285 4822 2469 4866 natura
2519 4827 2614 4866 sua
2663 4811 2932 4879 proprium
2995 4809 3198 4861 habens

1689 4903 2050 4969 mendacium;
2094 4902 2406 4956 naturaliter
2443 4899 2722 4971 aliquando
2751 4912 2851 4950 non
2892 4896 3072 4949 valens
3113 4895 3197 4948 di-

1684 5098 1863 5155 subtili
1891 5104 2134 5150 constare
2159 5097 2299 5161 ipsos
2321 5090 2597 5162 censuerit
2616 5085 2933 5145 substantia,
2957 5093 3020 5162 _u_t
3053 5100 3204 5141 cras.

1686 5153 1882 5223 siorum
1921 5163 2122 5232 ratione
2165 5153 2439 5232 corporum
2481 5159 2725 5232 penitus“
2749 5164 2869 5204 esse
2920 5153 3221 5232 videantur

1688 5219 2000 5301 ἷιιὲοτροτθί-
2030 5229 2162 5281 Cum
2186 5219 2275 5301 θίί
2303 5243 2429 5301 9'89
2472 5219 2753 5299 έὶυωιοδί.
2780 5219 3042 5301 ΡΨΨΡῩ*
3086 5236 3211 5301 βδξὲ

1688 5287 2087 5370 ἰῇέύεόρτρονε,
2113 5298 2250 5370 quod
2271 5296 2341 5349 sit
2365 5287 2633 5346 diversum
2665 5287 2794 5370 quid
2823 5298 3131 5370 {fortia-orte,
3162 5291 3214 5370 id

1689 5359 1788 5425 sibi
1820 5359 1955 5426 vult,
1964 5359 2169 5431 corpus
2200 5363 2429 5431 ipsorum
2455 5370 2614 5431 tanta:
2662 5366 2792 5429 esse.
2827 5359 3131 5415 tenuitatis,
3163 5366 3222 5408 ut

1689 5453 1796 5506 pra-
1819 5430 2044 5506 terrebis
2066 5428 2371 5506 corporibus
2401 5428 2620 5494 spiritus
2656 5428 2797 5474 meri
2849 5431 3075 5482 corpore
3137 5437 3228 5475 ca.

1695 5496 1870 5558 rentes
1890 5502 1993 5554 dici
2017 5496 2235 5567 possint.
2250 5496 2511 5567 ΔΗυιιιίιξε,
2645 5555 2687 5567 ﬁ
2772 5553 2784 5565 _

2445 5547 2586 5629 λέγω
2600 5575 2617 5590 ο
2645 5553 2875 5622 Regius,
2893 5547 3067 5615 λέγει.
