3820 6206
1053 211 1396 271 COMMENT.
1431 208 1499 265 IN
1533 205 1719 263 JOAN.
1752 207 1984 263 TOMUS
2034 205 2150 261 XX.

3073 206 3179 262 διο

287 341 318 379 a
345 326 438 379 καθ’
475 329 760 396 ὁμοιότητα,
820 330 992 398 χωρὶς
1041 332 1341 400 ἁμαρτίας,
1391 329 1558 383 ταῦτα
1586 333 1629 386 Δ
1658 339 1751 379 nes
1782 342 1795 377 t

1670 339 1751 379 mes
1782 326 1871 393 qui
1912 338 2145 392 unquam
2181 321 2326 376 illum
2354 327 2750 391 cognoverunt:
2785 320 2874 390 qui
2903 332 3178 390 peccatum

287 416 439 478 πάντας
452 418 546 480 τοὺς
569 418 769 473 πώποτε
788 420 1084 488 ἐγνωκότας
1114 420 1271 473 αὐτὸν
1298 423 1465 473 εἰπεῖν
1474 419 1560 471 δυ-

285 523 358 559 ρου.
392 506 546 560 Ἀκούω
567 509 612 561 δὲ
633 510 745 563 τοῦο
777 512 867 575 Τίς
889 511 956 573 ἐξ
979 510 1156 578 ὑμῶν,
1183 510 1467 579 λεγομένου
1498 509 1556 563 οὐ

285 598 377 659 τοὺς
391 597 598 668 παρόντας
626 601 802 669 μόνον,
825 599 955 653 ἀλλά
976 602 1067 653 καὶ
1088 601 1220 671 πρὸς
1245 600 1361 653 ὅλον
1380 600 1440 652 τὸ
1455 599 1559 652 τῶν

285 702 389 738 ιπων
407 686 540 752 γένος,
557 688 617 750 ὡς
638 691 685 740 εἰ
701 688 867 752 οὕτως
892 690 1250 758 ὲσαφηνίζετο*
1271 690 1366 753 Τίς
1385 691 1447 742 ὲκ
1466 688 1558 742 τοῦ

285 791 298 835 ;
324 775 459 843 ὑμῶν,
480 776 523 845 ἢ,
551 777 627 839 Τίς
657 779 834 839 ὁποῖος
859 779 1047 849 δήποτε
1066 779 1337 849 ἄνθρωπος
1357 779 1560 845 ἐλέγξαι

283 864 452 933 μήσεται
480 867 580 936 περὶ
603 867 865 937 ἁμαρτίας
885 884 898 931 ;
922 867 1034 920 ἀλλ’
1060 864 1116 920 εὖ
1145 863 1238 920 οἶδ’
1260 869 1340 920 ὅτι
1369 869 1556 931 οὐδείς.

288 952 339 1004 τὸ
360 953 535 1009 δυνατὸν
555 955 601 1006 δὲ
624 956 929 1029 ἀνθρωπίνῃ
962 958 1115 1025 φύσει
1147 957 1233 1011 διά
1263 958 1340 1011 τό’
1375 961 1559 1026 Μιμη-

286 1060 315 1094 υ
339 1045 549 1111 γίνεσθε,
563 1045 738 1111 καθὼς
754 1047 909 1115 κάγὼ
922 1048 1191 1116 Χριστοῦ,
1209 1049 1366 1101 παντὶ
1381 1049 1562 1119 τρόπῳ

283 1133 437 1201 ιητέον
458 1134 670 1207 τοιαύτην
695 1136 973 1189 ἀναλαϐεῖν
1005 1138 1238 1209 καθαροῦ
1274 1138 1562 1202 συνειδότος

283 1219 384 1269 σίαν
414 1220 527 1289 πρὸς
561 1222 751 1284 πάντας
784 1222 1109 1293 ἀνθρώπους,
1150 1224 1274 1277 ὥστ’
1320 1226 1561 1279 ἂνείπεῐν

281 1307 364 1375 τερὶ
376 1308 466 1359 τῶν
486 1309 605 1378 ἑξῆς,
635 1311 726 1363 καὶ
750 1311 881 1381 μετά
907 1311 1002 1381 τὴν
1021 1313 1188 1383 ἀρχὴν
1218 1313 1315 1382 τῆς
1336 1314 1562 1379 πίστεως

306 1397 423 1465 πρὸς
466 1398 661 1452 ἕκαστον
708 1401 814 1453 τῶν
864 1405 1008 1472 ἡμᾶς
1053 1404 1417 1471 γινωσκόντων
1467 1406 1525 1459 τό
1543 1423 1557 1436 ’

298 1487 443 1555 ὑμῶν
467 1489 667 1560 ἐλέγχει
690 1508 766 1558 με
792 1492 919 1559 περὶ
959 1495 1269 1561 ἀμαρτίας;
1294 1497 1341 1547 εἰ
1366 1497 1455 1548 καὶ
1487 1496 1560 1566 μὴ

281 1576 469 1639 ιτοῦτο,
496 1577 546 1641 ἐξ
575 1571 630 1630 οὗ
673 1579 764 1633 τὸν
796 1580 947 1648 λόγον
998 1582 1557 1654 συμπεπληρὼκαμεν,

306 1666 455 1718 Τοῦτο
475 1667 524 1719 δὲ
544 1670 595 1720 ού
624 1670 758 1740 πρὸς
789 1670 1097 1741 ἀνθρώπους
1132 1672 1284 1742 μόνον
1318 1672 1382 1727 ἃν
1414 1670 1561 1727 εἶπεν

279 1770 338 1824 τρ,
369 1755 486 1810 ἀλλά
525 1759 604 1810 καὶ
641 1760 773 1830 πρὸς
807 1761 896 1815 τὸν
929 1761 1164 1815 διάϐολον
1201 1763 1292 1815 καὶ
1334 1763 1433 1825 τὰς
1472 1763 1561 1815 ὑπ’

279 1845 515 1916 δυνάμεις,
554 1849 708 1918 μηδὲν
744 1850 966 1919 ἐχούσας
1012 1853 1182 1904 εἰπεῖν
1222 1854 1298 1915 είς
1350 1852 1563 1922 ἔλεγχον

279 1936 324 2006 pl
356 1937 599 2006 ἁμαρτίαν
645 1940 823 1993 αὐτοῦ.
859 1942 965 1995 Καὶ
996 1941 1145 1994 τοῦτό
1186 1959 1247 2010 γε
1283 1943 1562 1996 ἀκόλουθόν

279 2025 332 2076 5·
374 2028 614 2095 Ἔρχεται
644 2032 677 2081 ό
706 2029 902 2097 ἄρχων
934 2031 1031 2084 τοῦ
1068 2033 1292 2100 κόσμου
1332 2033 1560 2094 τούτου,

287 2113 406 2189 ἐμοί
439 2116 681 2181 εὑρίσκει
719 2116 911 2171 οὐδέν.
952 2120 1177 2172 Δυνατὸν
1216 2120 1271 2172 δὲ
1306 2119 1397 2172 καὶ
1434 2122 1564 2189 ἡμῖν

277 2203 335 2269 ῆς
352 2189 637 2271 ἐπιμελείας
652 2204 749 2273 τὴν
776 2205 880 2257 ἀπό
912 2223 1050 2269 τινος
1074 2205 1351 2259 ἀναλαϐεῖν
1378 2208 1562 2277 χρόνου

280 2293 360 2343 ίαν
390 2293 513 2364 πρὸς
556 2294 612 2345 τὸ
674 2297 842 2346 εἰπεῖν
874 2297 1017 2365 ἡμᾶς
1058 2296 1134 2366 τῷ
1170 2296 1412 2367 ζητοῦντι
1445 2298 1563 2351 καθ’

277 2381 494 2452 ὶφορμὴν
546 2382 786 2453 διαϐόλῳ,
834 2385 926 2437 καὶ
973 2388 1083 2449 τοῖς
1129 2387 1373 2454 ἀγγέλοις
1403 2387 1563 2441 αὐτοῦ

280 2488 309 2522 ν
334 2471 425 2540 τῆς
454 2470 623 2536 ἐξόδου
665 2473 876 2543 καιρόν
911 2475 1004 2540 Τίς
1040 2475 1108 2539 ἐξ
1136 2475 1302 2544 ὑμῶν
1340 2476 1564 2545 ἐλέγχει

310 2559 580 2629 ἁμαρτίας
593 2576 613 2623 ;

275 2652 314 2701 ἴὶ
357 2648 632 2714 ἀλήθειαν
673 2650 857 2717 λέγω,
902 2651 996 2705 διὰ
1046 2653 1104 2704 τι
1150 2652 1315 2720 ὑμεῖς
1353 2653 1423 2704 οὐ
1472 2663 1564 2703 πι-

275 2760 278 2767 ~
322 2753 455 2806 μοις
496 2738 673 2802 ’Δξιον
725 2739 847 2791 [δεῖν
890 2740 941 2791 τί
988 2740 1333 2808 ὑποφαίνεται
1373 2744 1435 2794 ὲκ
1471 2742 1564 2794 τοῦ

275 2845 314 2889 ις
333 2843 346 2856 ’
376 2826 528 2879 τοῦτο
551 2827 606 2878 δὲ
632 2827 866 2896 ὀψόμεθα
892 2829 939 2880 εί
971 2830 1062 2881 καὶ
1098 2832 1288 2883 ἐκεῖνοι
1320 2832 1449 2901 πρὸς
1474 2830 1566 2894 οὓς

1657 430 1759 469 non
1796 416 1939 478 fecit,
1976 430 2067 482 per
2110 415 2285 467 omnia
2316 422 2541 467 tentatus
2577 413 2732 480 juxta
2765 414 3178 478 similitudinem,

1656 503 1844 571 absque
1877 512 2081 567 peccato
2100 501 2143 553 ⁸.
2182 501 2331 566 Quod
2376 511 2553 556 autem
2587 502 2741 563 dixit,
2777 500 2905 565 Quis
2933 517 2997 555 ea:
3022 507 3180 564 vobis,

1658 592 1734 645 sic
1766 591 2024 658 intelligo,
2056 600 2114 643 ut
2145 590 2199 644 id
2238 604 2342 643 non
2379 590 2446 643 ad
2482 600 2775 659 praesentes
2807 598 3041 655 tantum,
3088 592 3182 645 sed

1657 681 1721 733 ad
1745 681 2048 733 universum
2085 679 2357 733 hominum
2379 693 2546 746 genus
2569 680 2767 733 dictum
2796 681 2901 744 sit;
2929 690 3182 748 tanquam

1658 770 1702 823 si
1720 772 1796 823 sic
1821 768 2369 838 explanareturzouis
2385 784 2449 823 ex
2479 778 2659 823 vestro
2683 784 2895 839 genere,
2912 771 3015 832 vel,
3032 771 3180 835 Quis,

1658 858 2039 927 qualiscunque
2066 859 2277 911 tandem
2306 860 2374 913 sit
2402 859 2487 911 ille
2514 861 2691 922 homo,
2726 874 2950 929 arguere
2990 858 3186 928 poterit.

1660 963 1744 1003 me
1773 948 1840 1001 de
1871 947 2123 1016 peccato?
2154 957 2208 1000 at
2236 957 2380 1001 certe
2405 963 2582 1002 nemo.
2606 947 2833 1016 Propter
2863 961 3037 1002 autem
3082 950 3185 1004 hoc

1658 1040 1890 1092 dictum:
1910 1037 2201 1091 [imitatores
2221 1039 2321 1091 mei
2339 1048 2512 1099 estote,
2532 1039 2662 1090 sicut
2686 1047 2736 1091 et
2754 1055 2844 1106 ego
2864 1038 3055 1092 Christi
3069 1039 3183 1101 ⁹⁶¹⁶,

1658 1129 1800 1182 muni
1840 1130 1998 1183 modo
2027 1128 2449 1183 contendendqu
2484 1128 2635 1182 nobis
2668 1137 2770 1191 est,
2797 1139 2855 1180 ut
2864 1128 3011 1196 juxta
3039 1131 3185 1185 vires

1660 1217 1907 1272 humana:
1944 1228 2146 1271 natura:
2181 1218 2340 1271 talem
2382 1216 2707 1285 recipiamus
2751 1219 2993 1271 fiduciam
3034 1234 3188 1273 mun-

1660 1307 1737 1361 dm
1767 1308 2105 1361 conscientias
2144 1322 2269 1377 erga
2311 1322 2495 1361 omnes
2544 1306 2809 1370 homines,
2852 1318 2909 1361 ut
2946 1309 3186 1362 dicamus

1658 1396 1819 1467 359
1856 1399 1908 1450 in
1941 1396 2197 1461 futurum,
2225 1412 2287 1452 ac
2316 1406 2436 1467 post
2463 1397 2582 1451 lidoi
2612 1400 2951 1466 principium,
2984 1400 3047 1451 ad
3077 1401 3187 1453 siu-

1659 1487 1807 1553 gulos
1852 1501 1949 1540 nos
1993 1498 2338 1556 agnoscentes
2364 1505 2378 1541 :
2404 1487 2530 1552 Quis
2556 1504 2618 1542 ea:
2647 1490 2783 1542 vobis
2820 1489 2988 1557 arguit
3024 1504 3104 1543 nte
3125 1490 3187 1540 de

1659 1572 2115 1637 peccato?etiamsi
2169 1573 2308 1627 factu
2354 1575 2506 1626 facile
2551 1589 2653 1627 non
2691 1583 2772 1627 est
2813 1582 2869 1626 ut
2908 1576 3008 1628 hoc
3036 1575 3185 1627 dica-

1662 1676 1779 1713 mus
1812 1676 1931 1715 cum
1964 1663 2341 1730 complevimus
2366 1664 2649 1716 rationem.
2683 1662 2941 1717 Caeterum
2972 1679 3075 1717 nou
3117 1664 3188 1719 ad

1661 1748 1901 1804 homines
1932 1760 2135 1804 tantum
2167 1752 2417 1805 Servator
2451 1752 2587 1806 dixit
2632 1754 2754 1815 hoc,
2797 1754 2888 1807 sed
2920 1754 3080 1808 etiam
3112 1758 3181 1807 ad

1660 1836 1924 1892 diabolum
1971 1848 2130 1907 atque
2178 1841 2244 1894 ad
2297 1840 2565 1896 Potentiae
2598 1842 2668 1895 illi
2710 1842 3001 1909 subjectas.
3054 1844 3187 1898 nihil

1658 1926 1915 1990 valentes,
1949 1930 2086 1996 quod
2121 1930 2230 1997 ipse
2261 1940 2525 1997 peccaret,
2557 1932 2654 1999 ipsi
2695 1933 2949 1999 obiicere.
2988 1932 3051 1985 Et
3084 1934 3188 1987 huc

1660 2029 1789 2069 sane
1834 2033 2161 2087 consequens
2211 2031 2292 2074 est
2347 2022 2419 2075 illi
2463 2038 2478 2074 :
2530 2020 2677 2076 Venit
2724 2026 2953 2090 princeps
3002 2026 3182 2078 mundi

1659 2106 1835 2173 hujus,
1874 2117 1920 2159 et
1964 2109 2016 2159 in
2052 2124 2131 2160 nte
2160 2125 2259 2161 non
2280 2111 2430 2162 habet
2456 2111 2755 2179 quidquam,
2786 2124 2831 2165 et
2871 2113 3080 2167 nihil-in
3110 2130 3189 2167 me

1660 2193 1848 2246 invenit
1880 2195 1943 2245 υ.
1977 2194 2262 2249 Possumus
2292 2211 2418 2250 vero
2445 2199 2604 2250 etiam
2637 2213 2730 2251 nos
2761 2214 2827 2251 ex
2859 2201 3023 2254 multa
3066 2202 3190 2254 dili-

1662 2282 1839 2348 gentia
1876 2296 1971 2349 per
2020 2283 2231 2351 aliquod
2281 2292 2488 2351 tempus
2541 2286 2788 2339 ﬁduciam
2840 2287 3078 2354 recipere
3121 2291 3189 2342 ad

1662 2374 1939 2428 dicendum
1974 2375 2186 2429 diabolo
2214 2382 2280 2428 et‘
2295 2376 2498 2443 angelis
2524 2377 2661 2445 ejus,
2690 2381 3055 2445 quaerentibus
3088 2382 3188 2435 ad-

1663 2476 1873 2517 versum
1920 2478 2018 2517 nos
2058 2464 2396 2518 occasionem
2441 2478 2564 2517 cum
2625 2467 2854 2520 animam
2908 2466 3189 2525 eluamus:

1665 2552 1793 2617 Quis
1820 2568 1884 2606 ea:
1912 2553 2048 2606 vobis
2083 2553 2257 2621 arguit
2289 2568 2369 2606 me
2396 2557 2459 2605 de
2497 2565 2703 2621 peccato
2723 2555 2749 2607 ?

1728 2641 1816 2695 26.
1858 2639 1915 2696 Si
1953 2643 2215 2695 veritatem
2264 2641 2400 2705 dico,
2459 2656 2618 2709 quare
2664 2657 2751 2695 vos
2819 2658 2923 2695 non
2977 2644 3191 2700 creditis

1662 2732 1789 2784 mihi
1821 2732 1915 2785 "‘i
1956 2731 2178 2798 Dignum
2228 2741 2311 2785 est
2341 2740 2403 2785 ut
2440 2733 2715 2786 videamus
2766 2734 2892 2800 quid
2944 2735 3193 2788 innuatur

1662 2834 1728 2873 ex
1756 2820 1858 2873 hac
1905 2819 2369 2887 interrogatione;
2408 2828 2459 2872 at
2498 2819 2597 2872 hoc
2636 2820 2936 2875 videbimus
2977 2823 3188 2874 etiamsi

295 2917 392 2967 ούκ
441 2916 795 2986 ἀπεκρίναντο
854 2917 951 2985 τὴν
1012 2918 1228 2971 δέουσαν
1284 2921 1632 2993 ἀπόκρισινα
1665 2907 1736 2959 im
1773 2923 1801 2960 ³

1686 2907 1736 2959 lli
1773 2908 1837 2960 ad
1881 2922 2014 2975 quos
2050 2916 2169 2959 erat
2212 2922 2411 2970 sermo,
2464 2922 2565 2961 non
2607 2910 2976 2977 responderint
3018 2910 3194 2979 profe-

273 3007 419 3068 ivrsc.
453 3003 612 3057 Εἴποι
649 3004 755 3076 γάρ
798 3006 859 3057 ἄν
897 3023 1008 3068 τις·
1059 3008 1156 3061 Διά
1196 3010 1348 3061 τοῦτο
1375 3010 1433 3060 ού
1479 3027 1568 3061 πι-

273 3110 305 3155 ι,
348 3094 468 3146 ἐπεὶ
509 3094 570 3145 οὐ
614 3092 914 3164 θεωροῦμεν
959 3094 1075 3147 τίνα
1122 3096 1317 3166 τρόπον
1358 3097 1386 3149 ὂ
1425 3096 1565 3165 λέγει

274 3183 441 3252 νήθεια
462 3199 475 3212 ·
512 3183 573 3234 οὐ
608 3181 911 3251 θεωροῦμεν
946 3183 1000 3235 δὲ
1035 3183 1111 3253 τῷ
1146 3185 1365 3254 μηδέπω
1405 3204 1567 3240 κεκα-

281 3270 400 3340 μῶν
437 3269 540 3333 τὰς
577 3273 642 3340 τῇ
676 3270 829 3338 φύσει
861 3270 1162 3339 διορατικάς
1196 3274 1291 3343 τῆς
1321 3274 1569 3344 ἀληθείας

274 3362 331 3413 αἱ
375 3360 503 3413 ἐπεὶ
548 3359 777 3411 τοιοῦτοί
817 3362 1001 3430 ἐσμεν,
1030 3362 1127 3414 οὐκ
1171 3363 1331 3432 ἐσμὲν
1364 3365 1425 3416 ἐκ
1477 3364 1567 3417 τοῦ

287 3449 512 3502 οὐδέπω
542 3450 708 3519 ἐσμὲν
734 3452 796 3502 ὲκ
819 3450 910 3502 τοῦ
930 3449 1083 3513 θεοῦ,
1109 3451 1242 3504 ἀλλά
1272 3453 1364 3505 καὶ
1384 3453 1438 3503 αἱ
1466 3453 1565 3522 τῆς

302 3538 465 3606 ὄψεις
511 3537 841 3608 θεωρητικαὶ
883 3539 978 3591 οὐκ
1009 3540 1113 3591 eici.
1150 3540 1565 3612 κεκαθαρμέναι,

273 3626 616 3696 εκαλύφθαι,
673 3628 705 3698 ἢ
762 3629 1115 3699 πεπαχύνθαι,
1167 3631 1201 3700 ἢ
1249 3631 1566 3685 τεθολῶσθαι

273 3719 299 3769 ὸ
328 3717 438 3787 τῆς
460 3717 689 3779 κακίας.
718 3717 1108 3781 Κατανοοῦντες
1133 3718 1188 3770 δὲ
1213 3720 1266 3771 τί
1298 3720 1355 3771 τὸ
1374 3721 1569 3792 κυρίως

276 3847 292 3870 ,
338 3804 475 3857 καθ’
517 3805 581 3856 δ’
612 3804 735 3871 Πᾶς
759 3808 792 3858 d
818 3808 1128 3868 πιστεύων,
1160 3806 1245 3860 ὅτι
1285 3809 1507 3876 Ἰησοῦς
1537 3814 1571 3864 ὀ

273 3890 489 3951 ἐστιν,
526 3890 603 3942 ἐκ
631 3889 734 3942 τοῦ
763 3892 905 3944 Θεοῦ
936 3892 1252 3961 γεγένηται,
1277 3895 1368 3947 καὶ
1389 3896 1571 3950 αίσθα-

278 3997 367 4049 σῳ
424 3979 529 4031 τοῦ
585 3979 754 4042 οὕτως
806 3981 1071 4034 πιστεύειν
1134 3984 1562 4055 ἀπολειπόμεθα,

273 4068 688 4138 οκρινώμεθα,
738 4070 1166 4141 παρακαλοῦντες
1205 4073 1294 4126 τὸν
1326 4074 1432 4127 τῶν
1471 4075 1570 4145 τῆς

273 4176 377 4210 ;ων
411 4158 619 4227 ἰατρὸν
650 4160 714 4227 τῇ
740 4159 930 4212 ἑαυτοῦ
973 4162 1129 4230 σοφίᾳ
1160 4163 1252 4215 καὶ
1273 4164 1569 4235 φιλανθρω-

1668 3006 1845 3049 rentes
1889 2997 2210 3049 conveniens
2267 3011 2597 3064 responsum.
2654 2996 2997 3064 Respondere
3048 3000 3193 3052 enim

1666 3094 1844 3153 posset
1893 3084 2086 3152 aliquis
2129 3101 2144 3137 :
2183 3083 2330 3139 lianc
2369 3086 2436 3139 ob
2470 3100 2688 3139 causam
2741 3101 2845 3138 non
2901 3086 3189 3150 credimus,

1666 3174 1913 3241 quoniam
1946 3188 2049 3227 non
2089 3174 2329 3227 videmus
2378 3188 2610 3241 quonam
2668 3184 2826 3243 pacto
2875 3174 3000 3228 illud
3049 3177 3194 3243 quod

1665 3262 1794 3317 dicit
1821 3263 1891 3317 sit
1917 3263 2153 3316 veritas:
2179 3277 2283 3315 non
2310 3262 2553 3317 videmus
2574 3271 2750 3317 autem
2789 3277 2853 3317 eo
2881 3264 3026 3331 quod
3054 3279 3193 3317 non-

1665 3352 1788 3406 dum
1824 3352 2058 3405 mundati
2089 3352 2193 3405 siut
2218 3352 2269 3405 in
2327 3352 2482 3405 nobis
2515 3352 2587 3405 illi
2621 3353 2758 3407 oculi
2794 3354 2884 3422 qui
2940 3355 3044 3408 vim
3073 3369 3196 3422 per-

1668 3441 1953 3512 spicienda:
1982 3442 2221 3495 veritatis
2242 3450 2425 3496 natura
2453 3442 2652 3497 habent
2679 3456 2695 3496 :
2716 3452 2771 3497 et
2787 3444 3036 3513 quoniam
3062 3445 3195 3500 tales

1665 3547 1872 3594 sumus,
1906 3545 2009 3585 non
2042 3545 2228 3585 sumus
2270 3546 2334 3585 ex
2372 3531 2479 3584 Deo
2515 3548 2531 3597 ;
2574 3535 2715 3600 quod
2759 3535 2801 3591 si
2857 3534 3087 3588 nondum
3125 3549 3194 3589 ex

1666 3620 1778 3675 Deo
1812 3636 2014 3684 sumus,
2049 3621 2210 3673 etiam
2242 3620 2379 3674 oculi
2407 3620 2512 3673 vim
2546 3622 2923 3689 perspicienda
2953 3624 3195 3678 veritatis

1666 3711 1924 3765 habentes
1975 3708 2156 3761 mundi
2199 3721 2303 3761 non
2338 3716 2484 3772 sunt,
2518 3709 2600 3762 vel
2634 3712 2761 3777 quia
2793 3712 3028 3778 cooperti
3060 3712 3191 3778 sint,

1667 3798 1748 3851 vel
1786 3799 1910 3865 quia
1946 3797 2052 3852 sint
2083 3797 2272 3861 crassi,
2315 3798 2398 3850 vel
2447 3798 2575 3865 quia
2594 3799 2709 3852 sint
2744 3801 2944 3854 turbidi
2978 3812 3195 3868 propter

1665 3890 1874 3943 vitium.
1924 3889 1997 3943 Ac
2046 3887 2446 3943 considerantes
2490 3889 2766 3958 diligenter
2799 3893 3010 3958 quidem
3062 3894 3188 3959 quid

1666 3980 1735 4034 sit
1765 3979 1977 4047 proprie
2004 3980 2240 4044 credere,
2266 3980 2418 4047 juxta
2454 3979 2581 4033 illud
2611 3979 2808 4034 dictqu
2840 3997 2853 4032 :
2887 3980 3068 4033 Omnis
3100 3982 3191 4047 qui

1666 4072 1824 4123 credit
1855 4070 1991 4139 quod
2013 4069 2167 4123 Jesus
2191 4069 2425 4124 Christus
2452 4078 2549 4135 est,
2576 4085 2639 4123 ea:
2675 4068 2778 4121 Deo
2800 4072 2997 4136 genitus
3024 4080 3097 4122 est
3125 4070 3189 4137 ⁸³,

1664 4160 2061 4228 sentientesque
2109 4171 2364 4227 quantum
2415 4161 2650 4213 absimus
2697 4158 2765 4211 ab
2798 4161 2897 4212 hoc
2940 4161 3190 4214 credendi

273 4288 277 4296 .
311 4248 573 4316 ποιῆσαι
611 4249 677 4300 τὰ
712 4249 848 4319 ὑπὲρ
869 4247 962 4302 τοῦ
985 4250 1421 4322 ἀποκαλυφθῆναι
1443 4255 1567 4318 τοὺς
1599 4254 1640 4308 D
1671 4249 1781 4302 ηιού

1681 4249 1847 4312 modo,
1900 4250 2013 4304 haec
2058 4251 2491 4318 respondeamus,
2541 4249 2882 4303 obsecrantes
2929 4251 3189 4304 medicum

273 4356 277 4363 ν
314 4335 505 4406 ἡμῶν
533 4336 620 4389 ἔτι
653 4338 1081 4407 κεκαλυμμένους
1112 4340 1213 4392 ὑπὸ
1237 4344 1332 4411 τῆς
1358 4342 1442 4395 διὰ
1469 4344 1566 4413 τὴν

273 4426 490 4495 τιμίας
556 4427 746 4495 ἡμῶν,
805 4429 941 4480 κατά
982 4429 1043 4481 τὸ
1090 4431 1368 4500 εἰρημένον
1429 4450 1562 4486 που’

274 4520 417 4582 iper
464 4515 646 4584 ἡμᾶς
683 4518 721 4584 ὴ
764 4519 959 4585 ἀτιμία
986 4519 1180 4587 ἡμῶν·
1216 4522 1566 4577 ἐπακούσεται

273 4603 733 4674 ὁμολογούντων
764 4606 830 4657 τὰ
865 4608 1007 4659 αῐτια
1051 4608 1143 4660 τοῦ
1176 4610 1391 4679 μηδέπω
1422 4613 1565 4683 ἡμᾶς

315 4692 436 4744 xa‘t.
497 4691 592 4754 ὡς
654 4693 833 4755 κακῶς
894 4694 1091 4765 έχουσι,
1148 4699 1239 4749 καὶ
1282 4698 1564 4770 χρῄζουσιν

273 4782 399 4834 )ῶν
435 4785 785 4852 συνεργήσει
808 4783 941 4857 πρὸς
973 4786 1031 4836 τὸ
1065 4788 1303 4857 χωρῆσαι
1341 4791 1483 4859 ἡμᾶς
1506 4788 1567 4843 τὸ

274 4871 470 4925 νεύειν
502 4873 781 4944 χάρισμα,
805 4874 983 4946 τρίτον
1010 4876 1155 4948 παρά
1186 4877 1262 4947 τῷ
1297 4878 1486 4948 Παύλῳ
1509 4881 1565 4933 ὲν

273 4962 390 5030 ἱγῳ
458 4961 597 5013 τῶν
650 4963 996 5033 χαρισμάτων
1040 4968 1389 5037 τεταγμένων
1427 4968 1564 5036 μετά

274 5049 442 5116 φίας
497 5049 694 5121 λόγον,
729 5050 821 5102 καὶ
852 5050 942 5101 τὸν
972 5050 1067 5119 τῆς
1105 5052 1364 5114 συνέσεως
1389 5052 1562 5120 λόγον,

273 5156 351 5191 ειο
432 5139 679 5207 Ἐτνέρῳ
722 5140 924 5205 πίστις
972 5140 1040 5192 ἐν
1080 5141 1158 5205 τῷ
1193 5143 1351 5207 αὐτῷ
1390 5147 1565 5198 πνεύ-

273 5231 293 5281 ι
356 5223 438 5284 οὗ
506 5229 859 5299 χαρίσματος
917 5228 1009 5280 καὶ
1054 5229 1111 5283 ἐν
1158 5231 1329 5293 ἀλλοις
1378 5233 1562 5301 φησιν’

273 5319 432 5373 ιεοῦ
491 5319 659 5387 ὑμῖν
697 5319 1004 5386 ἐχαρίσθη,
1050 5319 1121 5371 οὐ
1153 5320 1338 5387 μόνον
1378 5320 1440 5372 τὸ
1480 5324 1566 5386 είς

273 5451 343 5497 v,
382 5435 502 5489 η.

273 5520 339 5569 ιι,
376 5503 445 5557 9.

595 5436 691 5470 οοιο
722 5434 743 5488 ι
774 5433 903 5487 Cor.
928 5446 967 5496 ι,
1000 5432 1049 5486 l.
1126 5433 1166 5466 “
1187 5432 1337 5490 Joau.
1362 5450 1468 5502 xxv,
1494 5436 1583 5492 50.

1666 4339 1940 4395 oculorum
1977 4340 2186 4403 animas,
2214 4351 2275 4394 ut
2299 4355 2391 4394 sua
2430 4339 2596 4408 ipsius
2616 4348 2726 4391 tum
2757 4342 3036 4406 sapientia,
3081 4348 3190 4392 tum

1666 4442 1869 4493 amore,
1899 4443 2005 4496 quo
2056 4443 2224 4498 genus
2271 4431 2563 4482 humanum
2614 4430 2967 4498 prosequitur,
3011 4429 3188 4482 omnia

1664 4514 1844 4580 faciat,
1880 4532 1984 4585 quo
2015 4518 2320 4585 aperiantur
2348 4517 2483 4571 oculi
2519 4519 2689 4572 nostri
2722 4520 2899 4572 adhuc
2925 4520 3093 4572 clausi
3119 4520 3189 4573 ab

1667 4607 1949 4674 ignominia
2004 4618 2205 4671 nostra,
2263 4618 2482 4677 propter
2525 4610 2713 4663 vitium
2758 4626 2776 4672 ;
2813 4610 2965 4675 juxta
3020 4610 3186 4663 illud:

1666 4693 1937 4762 Caeperuit
1970 4711 2059 4748 nos
2089 4696 2371 4765 ignominia
2425 4707 2605 4749 nostra
2648 4695 2709 4752 “.
2745 4697 3004 4750 Exaudiet
3046 4698 3188 4749 enim

1664 4799 1761 4840 nos
1798 4784 1841 4839 si
1870 4785 2218 4839 conﬁteantur
2252 4799 2444 4839 causas
2483 4801 2580 4838 cur
2620 4785 2852 4838 nondum
2891 4783 3186 4848 credamus,

1661 4886 1718 4931 ot
1747 4876 1895 4945 quasi
1922 4876 2059 4929 male
2089 4875 2291 4929 allectis
2316 4884 2474 4943 atque
2506 4875 2708 4927 medico
2736 4872 3011 4941 egentibus
3032 4886 3186 4938 Opem

1664 4963 1837 5018 ferens
1862 4963 2114 5017 Dominus
2135 4961 2504 5031 cooperabitur
2530 4962 2681 5015 nobis
2703 4963 2768 5014 ad
2790 4959 3189 5028 percipiendum

1666 5055 1858 5109 donum
1887 5053 2156 5115 credendi,
2189 5052 2347 5106 tertio
2367 5053 2483 5105 loco
2513 5051 2649 5117 apud
2684 5049 2906 5103 Paulum
2935 5049 3191 5116 positum,

1668 5146 1791 5198 dum
1822 5150 2062 5197 recenset
2088 5143 2254 5205 dona;
2278 5136 2528 5194 nimirum
2551 5147 2669 5206 post
2698 5140 2893 5192 donum
2919 5137 3196 5203 sapientiae

1668 5243 1720 5287 ct
1758 5241 1877 5301 post
1921 5233 2117 5284 donum
2167 5230 2423 5292 scientiae,
2469 5228 2665 5293 quibus
2709 5224 2987 5295 subiungit
3032 5240 3050 5277 :
3093 5227 3198 5280 Atii

1675 5322 1802 5390 ﬁdes
1834 5336 1922 5388 per
1951 5320 2183 5372 eumdem
2206 5320 2442 5386 spiritum
2464 5317 2507 5348 ¹⁸
2532 5333 2547 5382 ;
2589 5316 2652 5369 de
2680 5332 2786 5386 quo
2814 5317 2955 5371 dono
2988 5322 3044 5365 et
3072 5313 3203 5370 alibi

1659 5438 1874 5495 “Joan.
1909 5452 2020 5501 nu,
2048 5435 2134 5490 ιϐ.
2211 5435 2253 5468 ¹³
2286 5435 2307 5491 ι
2334 5436 2485 5490 loan.
2513 5447 2563 5499 v,
2584 5432 2633 5485 1.
2712 5435 2754 5467 ’⁸
2774 5435 2975 5491 Jerem.
3006 5432 3213 5494 "1,25.
