3820 6216
412 225 507 275 ὃ-ίῚ

1815 219 2129 274 OBIGENIS

3533 207 3641 259 613

411 339 580 394 inquit
606 353 620 387 :
655 336 754 398 Qui
779 337 808 384 α
837 332 938 383 Deo
967 332 1100 382 vobis
1121 329 1367 382 donatum
1394 341 1491 392 est,
1521 348 1623 383 non
1649 332 1815 384 solum
1862 343 1909 384 ut

2052 332 2266 396 [praedi-
2311 333 2634 392 πιστεύειν,
2687 331 2846 383 ἀλλὰ
2901 329 3006 381 καὶ
3082 285 3199 377 τό]
3212 322 3382 388 ὑπὲρ
3441 323 3634 373 αὐτοῦ

409 443 462 478 ιη
488 424 740 477 Christum
771 421 1006 478 credatis,
1035 435 1208 471 verum
1234 420 1387 470 etiam
1420 429 1475 471 ut
1502 435 1594 485 pro
1625 421 1732 487 ipso
1753 422 1921 486 patia-

409 514 535 564 mini
574 511 631 561 “.
664 511 830 573 Atque
855 509 1098 573 equidem
1135 509 1178 560 si
1210 509 1328 574 quis
1358 508 1638 560 eﬂicaciam
1673 509 1917 562 credendi

411 597 621 653 notarit,
657 594 850 645 videbit
878 593 1156 646 manifesto
1182 609 1284 646 non
1314 595 1527 659 vulgare
1547 595 1704 663 350
1724 596 1918 647 donum

410 687 497 737 Dei
529 700 662 744 esse,
695 683 834 750 quod
884 684 1005 756 quis
1049 685 1228 736 credat
1261 684 1385 735 nulli
1419 683 1529 744 alii,
1573 694 1916 750 praeterquam

406 774 503 824 soli
549 787 689 832 vero,
742 772 1028 838 praisertim
1077 787 1195 823 cum
1246 771 1396 838 plura
1443 773 1710 837 dogmata,
1751 785 1917 836 eaque

403 865 548 916 varia
582 863 914 929 divulgentur
949 880 976 914 ιι
1019 863 1195 914 multis
1227 877 1349 914 vera
1381 877 1437 915 se
1463 863 1652 914 docere
1699 861 1918 926 promit-

405 953 656 1004 tentibus.
694 950 804 1004 lloc
835 951 974 1002 enim
999 950 1108 1017 jam
1143 952 1346 1017 probati
1377 951 1537 1001 etiam
1581 947 1915 1001 nummularii

403 1042 625 1093 ollleium
667 1051 766 1102 est,
804 1055 959 1106 quem
1006 1041 1047 1092 si
1090 1041 1209 1107 quis
1265 1041 1559 1107 perfectum
1615 1041 1915 1101 nominarit,

406 1131 876 1192 haudaberrabit;
909 1145 1026 1182 cum
1076 1130 1236 1180 etiam
1281 1128 1332 1179 in
1387 1129 1718 1181 Hebraeorum
1794 1125 1919 1195 Epi-

399 1223 531 1275 stula
552 1221 805 1287 scriptum
848 1219 963 1270 sit:
999 1215 1348 1283 l’erfectorum
1400 1227 1568 1269 autem
1607 1229 1680 1268 est
1721 1217 1915 1269 solidus

401 1311 566 1369 cibus,
598 1325 771 1374 nempe
803 1308 987 1358 horum
1024 1306 1111 1371 qui
1147 1315 1350 1370 prapter
1391 1307 1768 1360 assuetudiucm
1803 1324 1915 1358 sen-

402 1416 490 1450 sus
509 1399 695 1449 [tabent
745 1395 1051 1448 exercitatos
1079 1393 1146 1443 ad
1179 1395 1530 1447 discretionem
1568 1397 1682 1446 boni
1725 1398 1917 1462 pariter

401 1503 446 1540 et
484 1488 606 1539 mali
635 1487 698 1538 ¹⁷.

468 1582 556 1634 27.
599 1581 698 1644 Qui
729 1597 790 1633 ea:
833 1581 936 1634 Deo
973 1590 1068 1642 est,
1113 1579 1263 1632 verba
1294 1577 1388 1629 Dei
1428 1578 1616 1636 audit;
1649 1587 1911 1642 propterea

2016 418 2283 486 πάσχειν.
2332 421 2435 472 Καὶ
2491 420 2596 472 άπὸ
2639 419 2737 487 τῆς
2783 417 3080 484 ἐνεργείας
3129 413 3194 465 δὲ
3254 411 3636 478 ὲπιστήσαντι

2017 509 2176 574 σαφὲς
2208 508 2352 560 ἔσται
2389 509 2481 575 (4),
2517 511 2594 560 ὃτι
2627 509 2722 575 οὐχ
2757 509 2791 576 ἡ
2839 507 3100 574 τυχοῦσα
3142 502 3346 570 δωρεά
3376 503 3502 550 ἐστι
3539 500 3633 551 τοῦ

2014 597 2172 658 Θεοῦ,
2228 599 2476 649 πλειόνων
2535 598 2814 664 δογμάτων
2870 595 3172 663 διαφόρων
3238 591 3356 644 ὑπὸ
3419 591 3635 642 πολλῶν

2015 687 2422 754 κηρυσσομένων
2464 687 2567 738 τῶν
2610 687 2881 738 διδάσκειν
2919 685 2987 736 τά
3034 682 3234 751 άληθῆ
3281 680 3632 746 ἐπαγγελλο-

2018 776 2207 842 μένων,
2263 777 2320 826 τὸ
2373 776 2556 844 μηδενὶ
2597 776 2630 842 ἢ
2687 775 2835 844 μόνῳ
2878 772 2958 841 τῷ
3009 771 3230 840 ἀληθεῖ
3295 769 3630 824 πιστεῦσαι·

2013 862 2164 914 τοῦτο
2221 863 2323 931 γὰρ
2379 863 2475 930 ήδη
2547 863 2638 914 καὶ
2712 862 2941 928 δοκίμου
3017 857 3393 929 τραπεζίτου
3471 858 3632 925 ἔργον

2012 951 2277 1018 τυγχάνει,
2307 952 2364 1002 ὃν
2398 953 2594 1004 τέλειον
2635 951 2916 1020 ὀνομάζων
2964 951 3077 1002 οῦκ
3123 949 3199 1000 ἂν
3247 947 3628 1017 ἁμάρτοι

2013 1037 2104 1089 καὶ
2132 1040 2186 1088 ἐν
2227 1041 2290 1107 τῇ
2335 1039 2467 1108 πρὸς
2527 1039 2806 1110 Ἐϐραίους
2861 1039 3291 1107 γεγραμμένου
3346 1038 3482 1088 τοῦ·
3536 1042 3631 1090 Τε-

2012 1128 2183 1178 λείων
2221 1127 2286 1180 δέ
2325 1129 2488 1179 ἐστιν
2533 1128 2571 1193 ἡ
2625 1127 2838 1193 στερεὰ
2882 1126 3115 1193 τροφὴ,
3182 1126 3317 1178 τῶν
3375 1125 3476 1178 διὰ
3518 1123 3631 1192 τὴν

2012 1217 2138 1279 ἕξιν
2173 1217 2240 1270 τὰ
2270 1219 2611 1284 αἰσθητήρια
2638 1219 3126 1286 γεγυμνασμένα
3154 1218 3452 1285 ἐχόντων
3479 1216 3632 1285 πρὸς

2012 1306 2300 1373 διάκρισιν
2325 1307 2508 1359 καλοῦ
2535 1324 2597 1359 τε
2621 1309 2717 1359 καὶ
2749 1307 2961 1361 κακοῦ.
3451 1341 3456 1346 ·

2079 1573 2165 1627 27.
2215 1575 2266 1626 Ὀ
2309 1573 2391 1626 ὢν
2421 1575 2486 1627 ἐκ
2527 1575 2629 1626 τοῦ
2665 1574 2816 1626 Θεοῦ
2861 1575 2934 1626 τὰ
2983 1574 3255 1641 ῥήματα
3301 1574 3421 1626 τοῦ
3478 1578 3627 1630 Θεοῦ

400 1689 487 1724 vos
535 1689 634 1724 non
678 1672 890 1730 auditis,
940 1673 1056 1736 quia
1095 1685 1158 1722 ea:
1195 1669 1297 1721 Deo
1327 1685 1426 1720 non
1458 1670 1574 1718 estis
1604 1668 1666 1718 ¹⁸.
1700 1668 1797 1731 Qui
1830 1669 1909 1719 di-

2052 1665 2202 1716 κούει
2225 1680 2238 1693 ο
2274 1664 2367 1715 διὰ
2397 1664 2565 1716 τοῦτο
2595 1664 2761 1732 ὑμεῖς
2793 1668 2906 1716 οὐκ
2936 1665 3243 1726 ἀκούετε,
3283 1666 3378 1715 ὅτι
3410 1666 3481 1716 ἐκ
3520 1666 3626 1720 τοῦ

401 1775 671 1812 versurum
700 1771 1005 1811 naturarum
1038 1759 1373 1810 introducunt
1401 1766 1774 1818 commentum,
1797 1755 1912 1822 qni-

401 1865 503 1916 que
537 1851 718 1901 dicunt
747 1849 880 1902 lilios
910 1849 996 1900 Dei
1023 1857 1213 1900 natura
1243 1855 1294 1898 et
1321 1859 1350 1898 a
1390 1846 1556 1913 prima
1587 1845 1912 1896 institutione

402 1938 530 1990 tales
551 1938 825 1997 exsistere,
853 1949 1046 2003 eosque
1070 1934 1235 1988 solum
1258 1947 1480 2000 capaces
1501 1945 1618 1984 esse
1635 1933 1911 1983 verborum

400 2027 489 2080 Dei
525 2037 734 2093 propter
782 2023 1148 2093 cognationem
1180 2036 1338 2090 quam
1376 2035 1491 2073 cum
1532 2018 1638 2071 Deo
1697 2019 1910 2080 habent,

398 2131 462 2168 ex
511 2115 609 2167 hoc
658 2115 816 2168 etiam
862 2113 976 2166 loco
1026 2113 1334 2165 existimant
1385 2125 1441 2163 se
1495 2109 1721 2177 probare
1774 2108 1911 2176 quod

397 2204 766 2272 preposuerint
796 2219 809 2253 :
849 2203 946 2254 hoc
978 2210 1248 2261 contextu,
1273 2214 1428 2266 quem
1461 2197 1724 2250 mordicus
1749 2199 1909 2250 etiam

397 2300 594 2352 tenent,
622 2291 672 2342 in
695 2305 843 2343 suam
877 2289 1176 2355 opinionem
1211 2289 1482 2340 trahentes
1515 2286 1691 2346 rudes,
1722 2293 1775 2338 et
1797 2285 1911 2339 sine

391 2378 614 2446 judicio,
648 2395 744 2433 nec
774 2381 1006 2433 valentes
1036 2383 1352 2446 respondere
1382 2379 1445 2430 ad
1485 2375 1908 2446 probabilitatem

396 2470 681 2521 voluntatis
721 2477 1024 2530 contextus,
1073 2480 1240 2532 neque
1292 2466 1531 2518 videntes
1556 2465 1668 2531 ejus
1695 2464 1910 2518 solutio-

396 2573 512 2608 uctu
544 2559 680 2609 hunc
727 2557 778 2608 iu
821 2557 1031 2608 modum
1070 2570 1127 2606 se
1172 2555 1492 2606 habentem:
1526 2555 1580 2605 Si
1610 2553 1774 2618 palam
1804 2561 1907 2614 est,

397 2654 657 2710 quotquot
691 2655 1002 2709 receperunt
1046 2642 1217 2693 lucem
1255 2657 1450 2703 veram,
1502 2656 1618 2707 qua:
1651 2642 1909 2693 illuminat

397 2748 608 2785 onmem
647 2732 910 2783 hominem
959 2732 1253 2783 venientem
1305 2731 1354 2780 in
1405 2730 1652 2781 mundum
1702 2729 1763 2791 ¹⁹,
1807 2744 1906 2781 non

396 2820 517 2887 quia
551 2821 656 2871 siut
690 2834 754 2870 ex
794 2817 918 2882 Deo,
961 2821 1227 2886 recepisse
1260 2833 1377 2870 eam
1418 2817 1558 2884 (nam
1605 2819 1645 2870 si
1685 2832 1748 2870 eo
1771 2820 1908 2886 quod

395 2915 572 2958 essent
607 2919 670 2956 ex
701 2905 827 2965 Deo,
861 2905 1186 2972 recepissent
1214 2906 1376 2968 illam,
1411 2905 1812 2972 haudquaquam
1845 2908 1906 2959 de

2013 1751 2155 1803 Θεοῦ
2184 1753 2289 1804 οὐκ
2314 1749 2469 1804 ἐστέ.
2511 1751 2765 1802 Δοκοῦσιν
2811 1752 2860 1802 oi
2903 1750 3007 1820 τὴν
3054 1752 3202 1820 περὶ
3235 1752 3522 1823 διαφόρων
3554 1753 3626 1823 (6)

2011 1841 2216 1908 φύσεων
2263 1842 2562 1907 εἰσάγοντες
2613 1842 2958 1910 μυθοποιίαν,
3005 1843 3113 1894 καὶ
3166 1843 3439 1910 λέγοντες
3492 1843 3626 1898 εἶναι

2011 1929 2161 1996 φύσει
2199 1931 2288 1983 καὶ
2331 1933 2392 1982 ὲκ
2429 1930 2645 2000 πρώτης
2677 1933 3037 2000 κατασκευῆς
3073 1933 3244 1995 υἱοὺς
3289 1935 3434 1987 Θεοῦ
3470 1936 3626 2005 μόνον

2007 2021 2091 2073 διά
2125 2021 2185 2071 τὸ
2212 2020 2342 2088 πρὸς
2372 2020 2498 2071 Θεὸν
2528 2021 2782 2087 συγγενὲς
2830 2021 3144 2084 δεκτικοὺς
3185 2024 3306 2075 τῶν
3349 2025 3448 2076 τοῦ
3491 2025 3623 2080 Θεοῦ

2012 2110 2284 2179 ῥημάτων,
2315 2109 2405 2161 καὶ
2436 2109 2678 2161 ἐντεῦθεν
2710 2110 3120 2164 ἀποδεικνύναι
3153 2113 3219 2165 τὸ
3248 2115 3623 2184 προκείμενον

2009 2200 2202 2261 αὐτοῖς.
2246 2198 2641 2267 Συναρπάζουσί
2687 2199 2750 2265 γέ
2794 2217 2877 2252 τοι
2936 2202 3045 2253 καὶ
3103 2203 3227 2256 ἀπὸ
3285 2207 3485 2256 τούτου
3531 2204 3620 2258 τοῦ

2009 2287 2166 2358 ῥητοῦ
2198 2287 2686 2358 προσδιατρίϐοντες
2725 2288 2876 2357 αύτῷ
2911 2292 3055 2352 τοὺς
3098 2293 3386 2362 ἀκρίτους
3415 2296 3510 2347 καὶ
3548 2294 3619 2364 μὴ

2007 2377 2319 2445 δυναμένους
2355 2376 2484 2445 πρὸς
2520 2375 2615 2445 τὴν
2654 2376 2998 2447 πιθανότητα
3048 2381 3162 2449 τῆς
3223 2386 3486 2453 χρήσεως
3528 2385 3617 2437 τοῦ

2009 2465 2167 2534 ῥητοῦ
2223 2465 2491 2532 άπαντᾷν,
2541 2463 2672 2532 μηδὲ
2718 2464 3030 2532 βλέποντας
3086 2471 3275 2522 αὑτοῦ
3322 2473 3426 2540 τὴν
3473 2474 3616 2527 λύσιν

2005 2554 2172 2615 οὕτως
2211 2553 2456 2621 ἔχουσαν⁸
2493 2553 2664 2622 Εἴπερ
2710 2555 2822 2606 ὅσοι
2875 2556 3089 2610 ἔλαϐον
3134 2561 3203 2612 τὸ
3251 2562 3373 2628 φῶς
3404 2565 3464 2614 τὸ
3494 2565 3615 2631 ἁλη-

2007 2641 2162 2698 θινὸν.
2197 2642 2224 2692 ὃ
2255 2641 2470 2706 φωτίζει
2506 2643 2678 2693 πάντα
2715 2642 3015 2712 ἄνθρωπον
3065 2649 3394 2721 ἐρχόμενον
3424 2655 3502 2715 είς
3529 2654 3613 2706 τὸν

2007 2730 2220 2797 κόσμον,
2245 2729 2302 2780 ού
2327 2728 2402 2796 τῷ
2422 2725 2557 2780 εἶναι
2581 2730 2673 2780 καὶ
2702 2732 2765 2782 ἐκ
2784 2731 2878 2783 τοῦ
2921 2733 3074 2786 Θεοῦ
3116 2737 3427 2806 εἰλήφασιν
3454 2741 3605 2792 αὑτό·

2009 2819 2084 2885 (εί
2119 2817 2223 2885 γὰρ
2247 2815 2322 2883 τῷ
2355 2812 2490 2867 εἶναι
2517 2819 2580 2868 ὲκ
2612 2818 2703 2869 τοῦ
2739 2818 2874 2870 Θεοῦ
2924 2822 3285 2892 εἰλήφεισαν
3330 2829 3485 2891 αὐτὸ,
3517 2831 3608 2882 οὐκ

2005 2903 2069 2956 ἂν
2092 2905 2212 2972 περὶ
2241 2904 2412 2955 αὐτῶν
2451 2905 2855 2976 άνεγέγραπτοο
2897 2910 3083 2963 Ὅσοι
3135 2915 3212 2964 δὲ
3253 2918 3482 2969 ἔλαϐον
3505 2922 3607 2972 αὑ.

395 3011 471 3047 ets
505 2994 758 3060 scriptum
793 2993 978 3046 fuisset
1021 3011 1033 3042 :
1086 2994 1344 3062 Quotquot
1395 3004 1566 3046 autem
1617 3007 1905 3061 receperunt

2052 2993 2127 3055 ὒν,
2183 2991 2396 3044 ἔδωκεν
2451 2994 2649 3058 αὐτοῖς
2686 2995 2988 3056 ἐξουσίαν
3043 3001 3251 3054 τέκνα
3312 3006 3466 3059 Θεοῦ
3517 3023 3604 3076 τε·

392 3100 529 3143 eum,
554 3085 689 3135 dedit
710 3084 784 3135 eis
814 3084 1132 3136 credentibus
1159 3083 1214 3134 in
1243 3099 1422 3135 nomen
1446 3085 1577 3149 ejus,
1609 3093 1907 3148 potestatem

393 3183 446 3224 ut
479 3173 575 3240 ﬁlii
614 3173 701 3226 Dei
732 3174 908 3237 ﬁerent
929 3175 1019 3239 ³ο),
1048 3174 1207 3242 liquet
1231 3176 1392 3227 etiam
1421 3189 1513 3228 eos
1539 3175 1628 3242 qui
1657 3190 1758 3228 non
1790 3184 1908 3228 sunt

391 3278 455 3315 ex
485 3264 608 3327 Deo,
647 3272 957 3330 potestatem
993 3277 1094 3315 non
1131 3262 1326 3316 habere
1365 3264 1546 3332 aliquo
1583 3273 1737 3330 pacto
1773 3266 1908 3318 Iilios

391 3349 485 3403 Dei
527 3351 660 3411 tieri,
690 3362 964 3418 antequam
1020 3349 1321 3416 acceperint
1360 3365 1537 3404 veram
1575 3353 1764 3406 lucem.
1801 3353 1907 3405 lino

393 3440 481 3506 qui
531 3441 857 3506 acceperint,
909 3453 974 3492 ne
1025 3439 1117 3491 lilii
1164 3441 1374 3506 quidem
1421 3441 1508 3495 Dei
1543 3444 1714 3495 adhuc
1761 3453 1903 3507 sunt,

390 3531 502 3593 sed,
536 3545 598 3580 eo
626 3531 762 3595 quod
806 3527 1105 3594 acceperint
1162 3527 1354 3592 lucem,
1401 3539 1718 3595 potestatem
1764 3531 1903 3584 acci-

392 3619 541 3684 piunt
571 3616 704 3668 lilios
735 3616 825 3668 Dei
857 3615 992 3680 ﬁeri,
1023 3625 1077 3667 et
1108 3625 1233 3667 tunc
1277 3629 1340 3667 ex
1385 3617 1488 3670 Deo
1521 3617 1705 3684 geniti,
1745 3619 1902 3670 etiam

393 3705 550 3759 verba
592 3706 680 3759 Dei
708 3707 944 3769 audiunt,
973 3721 1077 3759 non
1105 3707 1332 3776 amplius
1365 3715 1566 3760 tantum
1591 3709 1905 3776 simpliciter

394 3801 688 3861 credentes,
719 3799 810 3852 sed
839 3798 947 3864 jam
985 3799 1194 3853 acutius
1224 3813 1310 3853 res
1349 3801 1510 3854 divini
1554 3800 1727 3855 cultus
1753 3800 1906 3852 intel-

389 3889 632 3956 ligentes.
662 3889 828 3941 Porro
857 3888 946 3956 qui
974 3887 1270 3954 huiusmodi
1319 3905 1437 3945 esse
1476 3905 1577 3945 non
1615 3889 1904 3944 contende-

391 3979 518 4041 rint,
550 3993 648 4032 nec
673 3979 766 4031 lilii
811 3977 903 4031 Dei
939 3979 1088 4044 ﬁunt,
1121 3995 1215 4033 nec
1244 3987 1367 4033 sunt
1389 3994 1453 4032 ex
1482 3994 1545 4032 eo
1591 3995 1606 4042 ;
1655 3987 1710 4031 et
1764 3979 1900 4032 hanc

389 4069 457 4120 ob
488 4083 700 4122 causam
743 4083 912 4136 neque
939 4069 1159 4122 audiunt
1191 4069 1348 4123 verba
1384 4069 1572 4136 ipsius,
1606 4082 1778 4135 neque
1815 4066 1898 4118 iu-

388 4157 626 4225 telligunt
660 4158 980 4214 voluntatem
1011 4159 1217 4214 illorum
1246 4176 1259 4222 ;
1295 4161 1386 4212 sed
1419 4168 1633 4211 manent
1668 4158 1718 4208 iu
1758 4167 1898 4209 statu

388 4249 700 4314 praecedenti
731 4249 872 4300 tilios
901 4248 990 4302 Dei
1026 4265 1040 4310 ;
1075 4262 1260 4315 nempe
1305 4248 1354 4300 in
1396 4255 1534 4300 statu
1561 4261 1768 4308 eorum,
1809 4247 1894 4314 qui
1927 4279 1969 4332 υ

388 4346 590 4389 tantum
628 4338 978 4396 crediderunt,
1007 4338 1144 4390 servi
1177 4337 1288 4399 Dei,
1325 4351 1388 4390 eo
1418 4336 1559 4405 quod
1591 4339 1896 4403 acceperint

385 4422 656 4472 servitutis
683 4422 919 4486 spiritum
954 4422 1006 4473 in
1043 4423 1231 4475 timore
1274 4423 1339 4484 ",
1379 4439 1478 4476 nec
1529 4424 1897 4477 coutenderiut

384 4523 450 4561 eo
497 4510 798 4576 procedere,
826 4519 878 4562 et
907 4511 1178 4578 prolicere,
1213 4521 1270 4564 ut
1299 4514 1455 4566 etiam
1505 4513 1798 4580 adoptionis
1829 4514 1893 4566 ii-

385 4597 570 4650 liorum
619 4598 863 4664 spiritum
915 4601 1238 4666 acciperent,
1297 4618 1390 4670 per
1446 4619 1602 4671 quem
1663 4603 1895 4656 clamarat

385 4685 529 4738 illum
563 4685 834 4750 habentes,
864 4689 1005 4741 Abba
1032 4699 1198 4756 pater.
1229 4692 1376 4757 Quod
1422 4695 1561 4746 enim
1596 4691 1890 4761 generatim

383 4774 554 4829 nullus
583 4778 739 4830 homo
769 4779 834 4830 ab
864 4778 1014 4833 initio
1036 4781 1104 4833 sit
1131 4781 1268 4835 ﬁlius
1294 4782 1410 4843 Dei,
1439 4781 1608 4847 palam
1655 4787 1737 4832 est
1781 4789 1889 4831 tum

380 4879 446 4916 ex
479 4865 577 4916 hoc
603 4865 744 4917 dicto
771 4867 812 4896 “
839 4885 853 4920 :
884 4868 1104 4922 Eramus
1130 4882 1318 4924 natura
1354 4869 1452 4936 ﬁlii
1485 4870 1598 4929 irw,
1625 4867 1780 4936 351
1815 4867 1888 4935 (id

378 4955 515 5020 quin]
565 4953 758 5008 Paulus
801 4959 960 5012 etiam
1010 4961 1075 5014 de
1113 4963 1286 5028 seipse
1313 4958 1487 5026 dixit),
1535 4966 1641 5008 tum
1671 4972 1736 5010 ex
1777 4970 1884 5010 eo:

381 5042 491 5110 ligo
518 5056 689 5098 autem
716 5047 829 5099 dico
854 5050 990 5102 vobis
1016 5063 1034 5101 :
1073 5049 1282 5118 Diligite
1323 5049 1559 5102 inimicos
1600 5056 1810 5110 vestros,
1837 5055 1885 5099 et

451 5170 493 5242 ἶῗ
516 5170 704 5239 Philip.
738 5189 776 5234 ι,
815 5176 900 5235 29.
980 5181 1020 5212 "
1048 5178 1206 5233 Hebr.
1251 5193 1302 5240 ν,
1347 5179 1432 5232 ﬂ.
1509 5177 1552 5209 "
1572 5176 1727 5232 Joan.
1755 5187 1872 5242 vm,
1908 5176 1995 5229 47.

381 5237 425 5266 ⁸¹
452 5237 734 5304 Ephesust,
760 5245 813 5296 3.

560 5355 966 5431 Qodexllegius,
991 5373 1289 5431 perperam,
1314 5360 1540 5412 ἔσεσθαι.

450 5422 523 5497 (ζῇ)
553 5425 724 5497 t'lodex
749 5422 962 5497 Regius;
983 5422 1138 5489 ritate,
1171 5428 1534 5497 ἁμαρτήσατε-

451 5489 520 5553 (θ)
542 5492 603 5537 υἱ
629 5490 733 5554 τὴν
759 5489 881 5558 nefa!
911 5489 1221 5565 διαφόρων,
1255 5489 1733 5548 εἱε.’γιιιθιιιίιιίυιιὶ
1777 5491 1881 5544 sci-

2005 3082 2224 3142 νέσθαι,
2270 3081 2388 3145 τοῖς
2432 3083 2818 3135 πιστεύουσιν
2855 3087 2950 3149 εὶς
2994 3088 3070 3140 τὸ
3116 3091 3322 3160 ὄνομα
3361 3097 3602 3156 αὐτοῦ’)

2003 3169 2170 3238 δῆλον,
2202 3170 2279 3220 ὅτι
2307 3171 2352 3219 oi
2391 3171 2463 3238 μὴ
2493 3170 2640 3231 ὄντες
2675 3171 2737 3222 ὲκ
2764 3171 2861 3222 τοῦ
2893 3175 3073 3239 Θεοῦ,
3118 3183 3261 3250 πρὶν
3303 3185 3405 3252 μὲν
3432 3185 3603 3238 λαϐεῖν

2003 3263 2060 3314 τὸ
2102 3263 2376 3331 ἀληθινὸν,
2413 3265 2530 3316 οὐδὲ
2577 3264 2822 3327 ἐξουσίαν
2863 3285 2993 3331 πως
3049 3272 3256 3340 ἔχουσι
3303 3280 3401 3331 τοῦ
3448 3283 3600 3334 τέκνα

2003 3354 2131 3406 Θεοῦ
2170 3356 2438 3420 γενέσθαιο
2489 3357 2620 3408 ἐπὰν
2663 3358 2718 3408 δὲ
2762 3358 3016 3414 λάϐωσιν
3073 3369 3247 3431 αὐτὸ,
3293 3371 3466 3423 τέκνα
3509 3372 3600 3440 μὲν

2001 3442 2202 3494 ούδέτιπω
2231 3442 2458 3508 γίνονται
2480 3441 2632 3504 Θεοῦ,
2656 3444 2768 3496 ἀλλ’
2799 3445 3072 3508 ἐξουσίαν
3107 3453 3488 3523 λαμϐάνουσι,
3519 3455 3599 3508 διὰ

2001 3528 2088 3580 τοῦ
2110 3528 2376 3596 εἰληφέναι
2400 3529 2458 3579 τὸ
2488 3529 2617 3596 φῶς,
2649 3531 2904 3596 γενέσθαι
2939 3537 3128 3592 τέκνα
3155 3544 3326 3596 Θεοῦ.
3359 3546 3492 3596 Τότε
3514 3560 3599 3611 γε-

2002 3619 2205 3686 νόμενοι
2232 3619 2293 3668 ὲκ
2319 3617 2408 3668 τοῦ
2441 3618 2592 3680 Θεοῦ,
2630 3621 2723 3670 καὶ
2757 3621 2827 3672 τά
2871 3624 3119 3692 ῥήματα
3156 3632 3467 3685 ἁκούουσιν
3508 3634 3600 3686 αὖ..

1999 3706 2111 3767 τοῦ,
2166 3706 2340 3758 οὐκέτι
2390 3706 2746 3778 ἁπλούστερον
2801 3717 3189 3782 πιστεύοντες
3243 3724 3444 3790 μόνον,
3489 3720 3598 3774 ἀλλ’

2001 3795 2098 3864 ἥδη
2129 3796 2221 3847 καὶ
2258 3793 2691 3866 διορατικώτερον
2722 3803 3146 3871 κατανοοῦντες
3183 3811 3258 3863 τὰ
3289 3814 3393 3881 τῆς
3428 3812 3598 3865 θεοσε-

2001 3885 2145 3946 ϐείας
2188 3886 2494 3954 πράγματα.
2556 3889 2616 3939 Οἱ
2667 3887 2741 3958 μὴ
2794 3892 3045 3948 τοιοῦτοι
3093 3899 3598 3971 φιλοτιμησάμενοι

1999 3971 2128 4027 εἶναι
2153 3976 2312 4028 τέκνα
2346 3977 2438 4044 μὲν
2469 3977 2528 4028 ού
2568 3977 2800 4042 γίνονται
2821 3980 2991 4044 Θεοῦ,
3024 3987 3163 4041 οὐδὲ
3200 3992 3272 4043 ἐκ
3309 3993 3407 4044 τοῦ
3437 3992 3591 4046 Θεοῦ⁸

1998 4068 2090 4120 καὶ
2120 4066 2204 4118 διὰ
2235 4065 2387 4118 τοῦτο
2427 4068 2524 4119 οὐκ
2553 4067 2806 4120 ἀκούουσι
2831 4070 2903 4122 τὰ
2942 4077 3194 4144 ῥήματα
3239 4083 3438 4145 αὐτοῦ,
3482 4083 3594 4136 οὐδὲ

1999 4155 2205 4208 συνίασι
2246 4153 2337 4206 τοῦ
2377 4155 2706 4224 βουλήματος
2745 4159 2930 4211 αὐτῶν
2957 4179 2972 4192 ·
3036 4168 3286 4234 μένουσι
3328 4173 3389 4225 δὲ
3439 4174 3495 4226 ἐν
3533 4175 3592 4242 τῇ

1997 4245 2099 4315 πρὸ
2132 4245 2237 4297 τῶν
2266 4245 2338 4313 (7)
2363 4245 2562 4297 τέκνων
2593 4246 2683 4298 τοῦ
2727 4247 2865 4299 Θεοῦ
2913 4263 3311 4325 καταστάσει,
3352 4265 3463 4316 τῶν
3504 4281 3596 4316 πε-

2001 4333 2359 4386 πιστευκότων
2405 4335 2582 4402 μόνον,
2625 4335 2799 4388 δοῦλοι
2843 4339 3016 4406 Θεοῦ,
3064 4348 3154 4417 τῷ
3198 4353 3491 4422 εἰληφέναι
3536 4353 3595 4407 τὸ

1997 4421 2093 4489 τῆς
2131 4420 2364 4481 δουλείας
2406 4421 2483 4482 είς
2531 4421 2689 4489 φόϐον
2738 4425 2988 4495 πνεῦμα,
3042 4437 3150 4487 καὶ
3199 4440 3280 4508 μὴ
3319 4420 3590 4492 eamsec—

1998 4511 2142 4564 κέναι
2190 4510 2447 4580 προϐῆναι
2497 4513 2589 4562 καὶ
2643 4515 2954 4583 προκόψαι,
3009 4522 3167 4577 ὥστε
3221 4532 3322 4582 καὶ
3381 4533 3443 4584 τὸ
3495 4531 3589 4598 τῆς

1995 4600 2254 4662 υἱοθεσίας
2286 4600 2544 4670 χωρῆσαι,
2575 4601 2631 4653 ὲν
2667 4597 2710 4669 ᾧ
2735 4606 3050 4674 κράξουσιν
3085 4618 3139 4666 οξ
3180 4617 3410 4686 ἔχοντες
3441 4597 3592 4679 αὐτὸ,

2009 4689 2166 4780 Ἆϐϐᾲ
2192 4693 2223 4741 ό
2251 4689 2455 4780 πατήρ.
2499 4691 2614 4742 Ὅτι
2642 4693 2749 4761 γὰρ
2786 4696 3027 4752 καθόλου
3070 4706 3261 4770 οὐδεὶς
3285 4709 3592 4780 ἀνθρώπων

1996 4778 2223 4849 ἀρχῆθεν
2275 4779 2381 4840 υἱός
2433 4780 2545 4830 ἐστι
2593 4781 2760 4845 Θεοῦ,
2810 4784 2976 4854 δῆλον
3033 4794 3140 4861 μὲν
3185 4801 3289 4851 καὶ
3347 4778 3414 4853 ὲ),
3461 4800 3589 4853 τοῦ.

1999 4871 2206 4962 Ἠέιεθα
2231 4867 2404 4962 τέκνα
2437 4870 2613 4962 φύσει
2643 4872 2848 4962 ὀργῆς,
2885 4878 3112 4936 Παύλου
3159 4889 3265 4940 καὶ
3308 4894 3443 4962 περὶ
3470 4895 3589 4945 ἑαυ-

1989 4957 2081 5050 eo?
2104 4957 2576 5050 τοῦῖοξίρηδεότοςο
2621 4961 2792 5050 σαφὲς
2831 4965 2890 5020 δὲ
2920 4973 3021 5024 καὶ
3063 4976 3132 5027 ὲκ
3161 4977 3302 5031 τοῦ·
3353 4957 3498 5050 ’ἐγὼ
3523 4978 3589 5032 δὲ

1988 5045 2139 5114 λέγω
2192 5044 2354 5112 ὑμῖν·
2422 5047 2784 5114 Ἄγαπήσατε
2863 5057 3128 5130 ἐχθροὺς
3191 5044 3433 5136 ὑμῶν,
3489 5069 3586 5122 καί

2101 5173 2322 5228 "Joan.
2369 5191 2410 5241 I,
2440 5175 2493 5230 9.
2571 5181 2616 5212 '°
2644 5182 2778 5238 ibid.
2831 5189 2930 5248 12.
3023 5193 3268 5250 "Rom.
3331 5198 3579 5262 vm,15.

1989 5355 2127 5408 licet.

2060 5423 2599 5523 ἑῐ.ιίὲ.·ζῖὶε.ξ-ἔὶοβξιεεη
2624 5440 2887 5520 πρώτων.
2936 5463 2991 5508 ει
3038 5451 3196 5523 paulo
3228 5465 3382 5521 ροει,
3416 5471 3577 5510 κατι

1994 5492 2154 5561 σταθῇ
2183 5511 2273 5560 pro
2298 5492 2678 5563 xarajﬁktow
2707 5492 2738 5495 --
2760 5492 2887 5520 ~--.
2937 5492 2991 5508 υ.
3039 5492 3194 5523 In"..-
3228 5492 3382 5521 νων,
