3820 6234
275 315 282 357 l
1140 308 1484 365 COMMENT.
1530 307 1593 362 IN
1634 309 1716 364 JO.

1757 310 1818 363 N.
1861 309 2091 362 TOMl';S
2129 303 2250 360 XX.

3169 320 3270 373 65')

275 429 510 495 ισεύχεσθε
551 433 699 500 ὑπὲρ
747 433 861 486 τῶν
899 433 1222 486 διωκόντων
1265 430 1418 502 ὑμᾶς
1435 473 1448 496 ,
1489 433 1641 496 ὅπως
1671 434 1712 488 Α

1751 439 1883 480 orate
1924 445 2014 494 pro
2055 429 2473 493 persequentibus
2531 447 2634 491 vos,
2689 439 2742 483 ut
2791 432 2902 484 sitis
2942 433 3040 502 filii
3091 431 3269 488 Patris

275 521 395 583 quos
419 519 510 571 υἱοὶ
546 522 650 574 τοῦ
680 523 904 589 Πατρός
931 523 1092 591 ὑμῶν
1125 524 1228 575 τοῦ
1253 524 1322 574 ἐν
1345 521 1632 588 οὐρανοῖς.

275 608 352 676 γὰρ
383 607 548 671 Παῦλος
579 612 734 678 φύσει
765 612 926 681 ὀργῆς
960 612 1088 673 υίὸς,
1129 610 1208 670 τίς
1240 612 1377 679 ὑπὲρ
1409 610 1634 672 Παῦλον,

275 696 382 748 ιέπὶ
409 700 460 766 τῇ
495 703 808 768 κατασκευῇ,
835 701 932 752 οὐκ
962 700 1126 770 ὀργῆς
1158 701 1286 762 υἱὸς,
1321 699 1424 768 πρὸ
1440 698 1527 750 τοῦ
1549 699 1640 750 λα-

275 785 492 850 ιέξουσίαν
530 786 686 839 τέκνα
710 788 805 857 (7⁸)
829 789 960 841 Θεοῦ
984 789 1254 856 γενέσθαι,
1289 790 1381 840 καὶ
1413 788 1516 858 πρὸ
1546 788 1637 840 τοῦ

275 892 335 926 ιον
363 877 567 942 γενέσθαι
595 877 726 930 Θεοῦ
751 895 764 941 ;
800 881 907 932 Καὶ
932 882 979 932 εἱ
1002 880 1099 932 οὐκ
1132 879 1300 941 ἄλλως
1331 880 1531 946 γίνεταί
1555 895 1638 940 τις

303 965 380 1017 τοῦ
401 967 448 1016 ἐν
469 968 691 1035 οὐρανοῖς
714 967 940 1036 Πατρδς,
972 969 1004 1038 ἢ
1041 972 1104 1021 ἐκ
1138 969 1228 1021 τοῦ
1272 970 1486 1038 ἀγαπᾷν
1515 971 1639 1030 τοὺς

275 1057 366 1116 tein;
389 1055 568 1118 ἐαυτοῦ,
592 1058 682 1110 καὶ
712 1061 1097 1129 προσεύχεσθαι
1125 1061 1260 1130 ὑπὲρ
1291 1059 1396 1111 τῶν
1422 1059 1638 1112 διωκόν-

300 1145 453 1206 αὑτὸν,
475 1147 634 1214 δῆλον,
677 1149 758 1200 ὅτι
795 1148 963 1211 οὐδεὶς
993 1148 1068 1217 τῷ
1104 1149 1259 1215 φύσει
1301 1144 1436 1200 εἶναι
1463 1149 1524 1200 ἐκ
1547 1147 1638 1200 τοῦ

1738 518 1886 568 uestri
1923 517 2138 568 cwlestis
2173 516 2218 545 ’³
2249 529 2264 576 ;
2299 529 2420 570 nam
2455 519 2499 572 si
2541 519 2730 572 Paulus
2768 530 2957 573 natura
3002 523 3145 578 illius
3179 525 3270 578 ira:

1737 615 1872 669 erat,
1911 606 2031 674 quis
2062 603 2307 672 superior
2332 615 2412 659 est
2437 607 2615 668 Paulo,
2647 619 2908 676 quatenus
2935 612 2998 662 ad
3030 613 3260 666 creatio-

1740 709 1856 748 nem
1886 695 2092 756 attinet,
2130 702 2183 746 et
2211 695 2332 761 quis
2365 709 2465 748 non
2501 695 2637 748 ﬁlius
2670 698 2784 759 irae,
2809 709 3092 766 antequam
3123 703 3268 755 acci-

1738 782 1845 850 piat
1871 790 2190 848 potestatem
2221 783 2386 836 lilium
2420 785 2513 837 Dei
2546 785 2680 848 ﬁeri,
2717 795 2770 838 et
2805 797 3088 855 antequam
3123 791 3263 844 ﬁlius

1741 872 1830 924 Dei
1862 870 2166 925 eﬂiciatur?
2198 873 2347 937 Quod
2399 874 2441 925 si
2483 888 2588 926 non
2629 875 2780 929 aliter
2823 876 3047 930 cllicitur
3073 879 3265 947 aliquis

1741 959 1878 1014 [ilius
1905 959 2078 1014 Patris
2104 961 2358 1025 cmlestis,
2389 962 2489 1014 nisi
2519 963 2787 1031 diligendo
2819 979 2944 1019 suos
2976 967 3137 1035 ipsius
3164 969 3266 1021 ini-

1740 1049 1908 1103 micos
1934 1057 1989 1102 et
2010 1051 2216 1103 orando
2242 1066 2338 1120 pro
2360 1053 2798 1118 persequentibus
2823 1069 2900 1118 se,
2923 1057 3262 1124 perspicuum

1738 1147 1821 1191 est
1849 1138 2049 1192 nullum
2086 1140 2372 1201 hominem,
2411 1154 2475 1194 eo
2517 1143 2655 1207 quod
2702 1151 2886 1197 natura
2919 1147 2990 1199 sit
3034 1163 3094 1200 ex
3132 1148 3262 1210 Deo.

275 1234 304 1294 ἱ,
332 1235 389 1286 τὰ
416 1237 603 1304 ῥήματα
643 1237 736 1288 τοῦ
767 1237 899 1290 Θεοῦ
944 1237 1144 1300 ἀκούει,
1189 1237 1318 1290 ἀλλά
1360 1237 1434 1306 τῷ
1465 1237 1641 1290 λαϐεῖν

1751 1226 1899 1279 verba
1932 1225 2022 1279 Dei
2058 1227 2264 1291 audire,
2295 1228 2385 1282 sed
2417 1231 2539 1296 quia
2568 1233 2834 1298 acceperit
2861 1243 3173 1301 potestatem
3207 1247 3265 1289 ut

277 1324 382 1376 σίαν
421 1325 580 1377 τέκνον
621 1325 753 1378 Θεοῦ
799 1326 1065 1392 γενέσθαι,
1115 1329 1206 1379 καὶ
1247 1327 1534 1397 κεχρῆσθαι
1567 1331 1642 1389 εἰς

1751 1314 1878 1367 filius
1914 1314 2002 1368 Dei
2041 1315 2320 1379 eliiciatur,
2363 1331 2530 1386 eaque
2561 1328 2743 1373 utatur
2766 1325 3064 1387 commode,
3111 1335 3166 1378 et
3199 1341 3263 1380 eo

290 1412 346 1478 τῇ
370 1409 570 1480 ἐξουσίᾳ,
611 1411 706 1464 καὶ
731 1411 807 1480 τῷ
852 1412 1190 1481 ἠγαπηκέναι
1232 1415 1354 1475 τοὺς
1397 1415 1641 1483 ἐχθροὺς,

1751 1406 1883 1473 quod
1919 1408 2161 1460 dilexerit
2212 1410 2476 1473 inimicos,
2505 1419 2558 1463 et
2588 1412 2823 1464 oraverit
2861 1429 2956 1481 pro
2986 1429 3044 1467 se
3071 1415 3266 1470 laeden-

275 1501 624 1568 προσεύχεσθαι
651 1503 786 1570 ὑπὲρ
825 1501 929 1554 τῶν
961 1502 1386 1571 ἐπηρεαζόντων,
1421 1503 1640 1571 γενόμε-

1751 1496 1908 1560 tibus,
1943 1497 2113 1550 factus
2165 1497 2301 1552 illius
2346 1497 2518 1551 Patris
2570 1500 2832 1564 caelestis,
2870 1511 2996 1557 tunc
3043 1517 3159 1557 esse
3196 1519 3262 1556 ex

283 1587 352 1649 ἰὸς
364 1587 444 1640 τοῦ
474 1590 523 1640 ἐν
545 1590 782 1658 οὐρανοῖς
805 1589 1031 1658 Πατρδς,
1053 1589 1169 1641 τότε
1192 1589 1307 1641 ἐστὶ
1338 1592 1429 1644 καὶ
1458 1593 1519 1642 ἐκ
1552 1590 1640 1642 τοῦ

1751 1585 1874 1646 Deo,
1899 1595 1952 1637 et
1979 1585 2138 1638 verba
2161 1585 2248 1639 Dei
2275 1586 2478 1649 audire,
2508 1587 2800 1654 intelligens
2819 1599 2967 1656 ea,et
2987 1591 3264 1644 scientiam

276 1705 298 1734 ι.
325 1677 406 1728 καὶ
428 1677 484 1728 τὰ
520 1680 724 1747 ῥήματα
755 1677 845 1730 τοῦ
867 1677 997 1729 Θεοῦ
1024 1678 1224 1740 ἀκούει,
1265 1681 1455 1741 συνιεὶς
1472 1681 1642 1732 αὐτῶν
1677 1735 1714 1747 _

1751 1671 1952 1724 illorum
1990 1671 2250 1739 recipiens
2279 1692 2291 1724 :
2321 1687 2438 1741 quae
2465 1688 2552 1728 res
2578 1691 2678 1730 non
2711 1679 2917 1745 propria
2952 1689 3033 1734 est
3076 1684 3263 1744 servis,

275 1768 535 1835 ἐπιστήμην
553 1767 722 1820 αὐτῶν
739 1768 1136 1836 ἀναλαμϐάνων·
1159 1770 1290 1837 ὅπερ
1309 1769 1432 1820 ἴδιον
1452 1770 1511 1822 οὐ
1537 1769 1646 1821 δοῦ·
1677 1735 1716 1787 Β

276 1856 351 1920 8),
369 1855 485 1908 ἀλλά
501 1855 690 1908 τέκνων
711 1857 821 1907 ἐστὶ
841 1856 990 1919 Θεοῦ,
1013 1855 1116 1908 τῶν
1149 1859 1320 1908 πᾶσαν
1339 1858 1432 1926 μὲν
1449 1875 1645 1927 καταρ-

275 1961 410 1995 ιντων
441 1945 654 2010 γένεσιν,
694 1945 789 2013 τὴν
815 1946 871 1996 δέ
894 1946 998 1998 ἀπὸ
1027 1948 1156 1999 Θεοῦ
1186 1947 1538 2015 ἀνειληφότων
1561 1947 1646 1999 διὰ

275 2032 350 2098 τῆς
396 2032 642 2094 υἱοθεσίας
679 2033 997 2100 πνεύματος.
1037 2036 1181 2103 ’Ἅμα
1217 2035 1272 2086 δὲ
1308 2035 1648 2103 ἐπιμελέστε-

275 2119 601 2189 κατανοητέον
645 2120 760 2183 πῶς
794 2121 871 2174 δεῖ
910 2121 1150 2191 δέχεσθαι
1173 2121 1256 2174 τό·
1300 2123 1373 2174 Τὰ
1415 2121 1647 2188 ῥήματα

279 2207 417 2261 Θεοῦ
456 2210 678 2262 ἀκούει’
712 2203 756 2276 ᾧ
781 2208 959 2278 ὅμοιόν
1005 2211 1119 2262 ἐστι
1158 2210 1250 2262 καὶ
1292 2211 1381 2262 τό’
1432 2211 1506 2262 Τὰ
1539 2210 1648 2277 ἐμὰ

275 2299 389 2349 Vara
420 2297 522 2363 τῆς
549 2298 694 2365 ἐμῆς
736 2298 936 2366 φωνῆς
979 2301 1279 2352 ἀκούουσι.
1317 2300 1379 2352 Ei
1413 2299 1517 2369 γὰρ
1558 2301 1647 2352 ἐπὶ

275 2404 287 2448 ;
338 2387 762 2454 συγκαταθέσεως
816 2387 908 2451 τὸ,
953 2389 1189 2441 ἀκούειν
1227 2389 1322 2457 (9),
1364 2387 1644 2458 λάϐοιμεν,

275 2480 302 2529 ιι
332 2477 536 2546 ψυχικοὶ
562 2476 671 2546 (10)
704 2477 836 2547 πρὸς
863 2477 1048 2546 χρόνον
1075 2478 1410 2539 πιστεύοντες
1441 2477 1647 2529 ἔσονται

275 2562 318 2614 μῦ
367 2561 513 2625 Θεοῦ,
560 2563 1028 2632 μεμαρτυρημένοι
1063 2563 1165 2616 ὑπὸ
1200 2563 1292 2616 τοῦ
1341 2563 1529 2631 Λόγου,
1569 2565 1648 2616 δτι

307 2651 486 2721 καιρόν
535 2669 671 2714 τινες
735 2652 1102 2704 πιστεύουσινο
1163 2655 1210 2705 ει
1260 2653 1314 2706 δέ
1375 2653 1513 2706 κατά
1565 2652 1645 2716 τό,

275 2757 340 2803 ει,
367 2740 675 2810 ἐκλάὁοιμεν
706 2742 797 2794 ἐπὶ
836 2743 929 2795 τοῦ
956 2745 1138 2813 τηρεῖν
1175 2743 1271 2806 τὰς
1299 2743 1530 2807 ἐντολὰς,
1556 2743 1648 2814 δῆ-

275 2832 356 2890 ῐτι,
392 2831 490 2882 κάν
527 2830 605 2882 ἐνὶ
639 2831 976 2902 ἁμαρτάνων,
1022 2833 1120 2884 οὐκ
1147 2831 1292 2885 ἔσται
1325 2832 1436 2896 υἱὸς
1479 2832 1643 2886 Θεοῦ·

277 2920 424 2987 ἡμᾶς
470 2919 564 2988 μὲν
594 2920 654 2971 οὺ
693 2919 864 2988 θλίψει
902 2922 1026 2982 τοὺς
1054 2920 1302 2988 λέγοντας
1331 2922 1393 2974 ἐκ
1427 2921 1650 2990 μεταδο-

277 3005 476 3058 ίνεσθαί
511 3023 630 3058 τινα
674 3006 785 3058 υἱὸν
825 3006 980 3067 Θεοῦ,
1017 3006 1251 3069 ἐκείνους
1288 3007 1343 3060 δὲ
1393 3008 1465 3077 μὴ
1508 3009 1644 3060 πάνυ
1673 3040 1716 3100 C

308 3093 633 3164 δυναμένους
676 3095 1081 3165 ἀναμαρτήτους
1126 3097 1364 3160 ἑαυτοὺς,
1398 3097 1490 3150 καὶ
1525 3099 1649 3160 τοὺς

279 3201 302 3245 ς
335 3185 522 3246 αὐτοῖς
555 3184 854 3254 μαθήμασι.
898 3186 958 3236 El
999 3184 1055 3236 δὲ
1081 3184 1162 3246 τὸ,
1197 3186 1414 3249 ἀκούει,
1444 3184 1650 3254 λαμὸἀ-

314 3273 408 3324 ἐπὶ
435 3272 532 3324 τοῦ
560 3273 811 3336 συνιέναι,
847 3275 935 3326 καλ⁷
966 3278 1120 3339 νοεῖν,
1150 3275 1502 3328 δεικνύτωσάν
1533 3293 1649 3328 τινα

283 3378 311 3412 ν
361 3360 633 3415 ἀκούοντα
674 3363 840 3426 οὕτως
883 3364 987 3417 τῶν
1021 3365 1118 3433 τῆς
1153 3365 1353 3434 Καινῆς
1385 3364 1650 3433 Διαθήκης

323 3452 413 3503 ἵνα
439 3452 645 3504 ἐκεῖνον
691 3452 800 3522 (ll)
848 3453 1084 3523 εἴπωμεν
1125 3453 1237 3504 υἱόν
1285 3453 1437 3516 Θεοῦ,
1487 3455 1532 3504 εἰ
1577 3454 1649 3520 μὴ

285 3554 392 3590 nec
439 3539 752 3608 ἀνατροπὴν
796 3542 874 3602 εἰς
910 3540 978 3592 τὰ
1017 3541 1144 3607 ἆγια
1175 3541 1468 3610 γράμματα
1498 3541 1530 3608 ἡ
1565 3541 1652 3591 ἐκ-

287 3628 421 3679 ὐτοῦ
447 3643 462 3657 ο
492 3630 658 3696 ἡμεῖς
692 3628 797 3698 γὰρ
834 3629 926 3681 καὶ
955 3629 1094 3681 κατά
1126 3629 1295 3681 ταῦτα
1337 3629 1503 3697 μέγαν
1531 3630 1652 3682 τινὰ

289 3737 306 3768 )
315 3717 536 3786 μαστὸν
565 3714 702 3769 εἶναι
731 3718 1108 3786 φανταζόμενοι
1132 3718 1220 3769 τόν
1240 3718 1338 3788 ἤδη
1361 3719 1469 3771 υἱὸν
1493 3719 1648 3780 Θεοῦ,

295 3805 671 3874 γχθησόμεθα
710 3805 936 3869 ἀναξίως
963 3806 1068 3858 τῶν
1097 3807 1158 3858 ὲκ
1185 3806 1274 3858 τοῦ
1301 3806 1432 3858 Θεοῦ
1461 3808 1652 3876 ἐξειλη-

293 3893 327 3944 ό
350 3910 364 3922 ο
409 3893 468 3944 Ὀ
505 3891 598 3944 ὢν
633 3895 703 3946 ἐκ
729 3894 830 3946 τοῦ
859 3894 1002 3947 Θεοῦ
1039 3893 1108 3946 τὰ
1124 3893 1357 3961 ῥήματα
1382 3894 1483 3947 τοῦ
1507 3894 1651 3948 Θεοῦ

335 3981 490 4050 Ἤδη
524 3980 586 4033 δὲ
619 3982 708 4033 καὶ
735 3983 798 4034 ἐκ
826 3981 930 4032 τῶν
969 3981 1218 4033 ἐναντίων
1265 3982 1556 4052 παράδοξον
1589 3983 1653 4035 ἀν

295 4087 310 4119 ι
346 4067 758 4137 ἀποδειχθῆναι
787 4069 1004 4121 δυνατὸν
1037 4069 1202 4121 ἔσται.
1234 4069 1296 4120 Τί
1327 4069 1382 4121 δὲ
1402 4070 1461 4122 τὺ
1483 4071 1653 4140 παρά-

298 4157 367 4207 τὸ
406 4154 561 4207 εῖναι
607 4172 730 4208 τινα
775 4155 956 4226 ἐτέρου
1002 4155 1115 4208 υἱοῦ
1144 4156 1275 4209 Θεοῦ
1319 4157 1511 4226 μᾶλλον
1541 4158 1652 4211 υἱὸν

298 4246 374 4300 λαὶ
439 4243 737 4296 διπλάσιον
782 4244 856 4305 ὡς
900 4243 1078 4315 ἕτερον
1125 4243 1306 4314 ἐτέρου
1355 4243 1488 4298 εἶναι
1543 4247 1654 4318 υἱόν

1742 1761 1833 1814 sed
1868 1760 1950 1814 his
1975 1763 2066 1829 qui
2089 1772 2213 1814 sunt
2242 1763 2329 1815 Dei
2357 1765 2469 1828 lilii,
2501 1767 2588 1832 qui
2611 1779 2820 1819 omnem
2842 1768 3053 1834 quidem
3085 1777 3262 1822 ortum

1745 1847 2138 1912 destruxerunt,
2188 1851 2278 1904 sed
2321 1861 2493 1904 ortum
2539 1868 2567 1905 a
2619 1855 2723 1906 Deo
2765 1867 3098 1923 receperunt,
3134 1852 3268 1913 duce

1743 1936 1934 2002 spiritu
1971 1937 2288 2005 adeptiouis.
2345 1939 2552 1993 Pariter
2601 1943 2726 1994 illud
2779 1946 2937 1998 etiam
2990 1947 3266 2017 diligenter

1745 2027 2188 2080 considerandum
2218 2039 2318 2090 εει,
2351 2030 2616 2094 quomodo
2653 2033 2819 2100 accipi
2869 2049 3004 2101 opus
3050 2037 3119 2089 sit
3166 2039 3266 2090 hoc

1744 2112 1980 2166 dictum:
2015 2112 2176 2166 Verba
2214 2115 2302 2167 Dei
2341 2117 2484 2167 audit
2517 2117 2560 2147 “
2590 2135 2604 2180 ;
2648 2119 2734 2171 cui
2767 2121 2938 2175 simile
2972 2133 3055 2176 est
3091 2125 3214 2178 illud
3247 2142 3261 2178 :

1748 2196 1873 2250 Oves
1900 2215 2024 2252 mea:
2049 2217 2216 2253 vocem
2246 2218 2409 2254 meam
2443 2203 2660 2256 audiunt
2685 2207 2748 2256 ".
2783 2207 2915 2260 Nam
2954 2210 2998 2262 si
3034 2211 3264 2266 vocabu-

1745 2285 1854 2338 lum
1883 2288 2028 2338 audit
2063 2287 2130 2342 de
2159 2291 2298 2342 nudo
2320 2304 2594 2345 sumamus
2625 2307 2908 2358 consensu,
2949 2297 3110 2350 etiam
3145 2299 3264 2351 aui-

1747 2375 1909 2430 males
1948 2376 2011 2429 ad
2037 2385 2242 2446 tempus
2274 2378 2556 2434 credentes
2583 2395 2646 2433 ex
2675 2381 2779 2434 Deo
2811 2394 2968 2436 erunt
3001 2401 3016 2437 :
3055 2371 3120 2438 de
3147 2389 3268 2453 qui-

1746 2465 1844 2518 bus
1885 2465 2140 2519 Servator
2177 2467 2347 2534 inquit
2369 2469 2434 2532 “,
2467 2471 2724 2536 quosdam
2748 2485 2867 2526 esse
2898 2474 2986 2541 qui
3022 2475 3088 2528 ad
3135 2484 3268 2528 tem-

1745 2567 1843 2620 pus
1867 2555 2111 2608 credant.
2182 2555 2411 2610 Rursum
2450 2558 2494 2612 si
2545 2560 2758 2614 verbum
2806 2563 2952 2615 audit
2996 2578 3268 2618 sumamus

1747 2655 1842 2709 pro
1877 2655 1942 2696 eo
1967 2645 2105 2710 quod
2139 2653 2240 2709 est,
2267 2657 2487 2700 servare
2519 2649 2790 2712 mandata,
2820 2653 3156 2720 perspicuum
3187 2663 3271 2710 est

1746 2731 1828 2784 vel
1867 2731 1917 2785 in
1952 2747 2057 2786 uno
2090 2746 2420 2802 peccantem,
2472 2751 2577 2791 non
2634 2737 2867 2793 futurum
2913 2741 3078 2796 lilium
3129 2743 3268 2801 Dei:

1746 2821 1886 2888 quod
1913 2823 2126 2890 quidem
2159 2839 2260 2878 non
2291 2840 2389 2879 nos
2424 2827 2639 2893 premit,
2672 2827 2760 2895 qui
2805 2829 3030 2885 dicimus
3056 2845 3121 2888 ex
3155 2847 3270 2885 mu-

1747 2909 1944 2962 tatione
1977 2923 2403 2978 unumquemque
2452 2912 2617 2965 tilium
2670 2914 2760 2969 Dei
2807 2914 2921 2969 ﬁeri
2963 2933 2978 2980 ;
3024 2918 3116 2972 sed
3149 2919 3268 2973 illos

1745 2997 1833 3064 qui
1863 3012 2035 3066 neque
2066 3000 2287 3068 seipsos,
2323 3015 2496 3067 neque
2525 3001 2710 3055 iisdem
2741 3003 3038 3070 disciplinis
3088 3007 3266 3062 imbuo

1750 3095 1830 3139 tos
1871 3085 2031 3139 facile
2083 3087 2363 3142 ostendere
2403 3097 2623 3156 possunt
2653 3089 3119 3163 [ἀναμαρτήτους,
3169 3097 3271 3152 hoc

1747 3173 1863 3243 est]
1905 3173 2294 3241 impeccabiles.
2325 3175 2473 3241 Quod
2509 3177 2552 3231 si
2583 3179 2731 3231 audit
2773 3195 3044 3238 sumamus
3081 3199 3180 3252 pro
3205 3200 3272 3241 eo

1747 3261 1886 3327 quod
1913 3270 1997 3316 est
2028 3261 2344 3335 intelligere,
2385 3276 2439 3317 et
2472 3266 2833 3331 considerare,
2866 3273 3150 3327 ostendant
3176 3274 3277 3329 ali-

1747 3363 1908 3416 quem
1937 3364 2124 3404 omues
2151 3353 2291 3406 hunc
2324 3354 2374 3406 in
2404 3354 2614 3407 modum
2647 3353 2774 3409 Novi
2803 3355 3125 3414 Testamenti
3157 3376 3272 3416 ser-

1751 3454 1934 3493 mones
1957 3441 2282 3504 audientem.
2317 3451 2376 3497 ut
2401 3443 2548 3496 illum
2596 3443 2836 3500 dicamus
2883 3448 3044 3502 lilium
3081 3451 3196 3516 Dei,
3223 3453 3269 3508 si

1749 3530 2010 3597 expositio
2036 3530 2174 3585 illius
2195 3532 2247 3584 in
2278 3533 2446 3587 sacris
2474 3535 2762 3604 Scripturis
2784 3538 3137 3593 inversionem
3161 3556 3264 3595 non

1749 3617 1969 3684 recipiat
1995 3634 2008 3671 :
2041 3633 2135 3671 nos
2160 3621 2298 3672 enim
2329 3621 2488 3674 etiam
2513 3622 2567 3676 in
2593 3624 2674 3677 bis
2694 3639 2938 3692 magnum
2966 3628 3271 3695 quemdam,

1748 3715 1801 3758 et
1827 3705 2191 3758 admirandum
2233 3708 2581 3776 imaginantes
2608 3724 2725 3764 esse
2755 3725 2897 3775 eum,
2927 3715 3016 3780 qui
3049 3714 3160 3779 jam
3203 3718 3270 3768 ll-

1750 3793 1850 3848 lius
1888 3793 1978 3848 Dei
2010 3794 2227 3848 eﬂ‘ectus
2270 3807 2374 3859 est,
2421 3813 2525 3850 non
2573 3798 2788 3867 indigne
2819 3801 2902 3865 iis,
2931 3803 3020 3870 qui
3050 3817 3118 3856 ex
3158 3804 3266 3858 Deo

1749 3891 1891 3945 sunt,
1929 3897 2214 3950 arguemur
2255 3887 2524 3953 accepisse
2577 3889 2749 3942 illud:
2779 3888 2882 3953 Qui
2917 3899 2988 3943 est
3033 3906 3098 3944 ex
3141 3891 3272 3958 Deo,

1751 3975 1900 4025 verba
1926 3973 2024 4027 Dei
2059 3976 2226 4028 audit.
2271 3975 2388 4029 Jam
2421 3991 2550 4033 vero
2581 3981 2882 4046 paradoxou
2917 3983 3076 4034 etiam
3119 3984 3274 4049 quid-

1751 4063 1890 4130 piam
1920 4064 2059 4131 quod
2102 4077 2168 4116 ex
2199 4066 2482 4120 contrariis
2511 4081 2784 4135 emergere
2832 4070 3040 4124 videtur
3090 4072 3276 4138 expla-

1752 4153 1865 4203 nari
1903 4153 2118 4217 poterit.
2153 4154 2425 4218 Quodnam
2467 4166 2547 4208 est
2585 4165 2758 4209 autem
2805 4159 3132 4225 paradoxon,
3175 4161 3277 4215 nisi

1750 4239 1889 4304 quod
1924 4240 2118 4309 aliquis
2164 4241 2304 4295 [ilius
2339 4241 2427 4295 Dei
2454 4243 2558 4296 alio
2587 4245 2654 4297 sit
2689 4246 2853 4314 magis
2890 4245 3028 4299 (ilius
3071 4245 3184 4310 Dei,
3224 4258 3278 4301 et

299 4332 431 4394 πῶς
472 4331 539 4385 δὲ
586 4330 748 4384 τοῦτο
806 4332 909 4385 ἀπὸ
947 4333 1038 4384 τοῦ
1082 4335 1316 4386 ἐναντίου
1365 4334 1651 4396 δείκνυται,
1684 4333 1716 4384 1]

1753 4330 1891 4395 quod
1923 4331 2056 4383 alius
2089 4329 2226 4384 illius
2258 4331 2347 4384 Dei
2381 4331 2453 4384 sit
2491 4333 2657 4402 magis
2691 4334 2796 4386 alio
2838 4335 2892 4388 in
2927 4336 3085 4405 duplo
3135 4337 3277 4392 illius

307 4422 711 4492 ραστήσομεν.
755 4421 841 4472 Ἐν
872 4421 945 4489 τῷ
972 4421 1108 4474 κατά
1146 4421 1410 4475 Ματθαῖον
1450 4426 1478 4476 ό
1522 4425 1654 4494 πρὸς

303 4511 599 4578 ιμματετς
630 4507 721 4559 καὶ
740 4509 1050 4576 Φαρισαίους
1069 4509 1312 4579 δεύτερος
1338 4509 1654 4580 ταλανισμὸς

306 4615 373 4665 [ει
399 4613 416 4626 ο
459 4596 630 4650 Οὐαὶ
655 4595 814 4664 ὑμῖν,
847 4598 1192 4664 γραμματεῖς
1217 4599 1311 4650 καὶ
1353 4600 1652 4665 Φαρισαῖοι

307 4689 404 4752 αὶ,
445 4688 556 4740 ὅτι
587 4685 890 4754 περιάγετε
923 4687 1035 4754 τὴν
1079 4686 1391 4741 θάλασσαν
1420 4689 1519 4741 καὶ
1544 4689 1655 4756 τὴν

345 4776 647 4842 ποιῆσαι
709 4776 816 4828 ἕνα
878 4775 1284 4842 προσήλυτονο
1361 4776 1459 4829 καὶ
1514 4777 1656 4830 ὅταν

309 4902 322 4926 ,
360 4863 632 4916 ποιεῖτε
656 4861 840 4915 αὐτὸν
876 4863 1007 4916 υἱὸν
1043 4861 1286 4931 γεέννης
1309 4862 1656 4931 διπλότερον

311 4953 496 5006 ὃκοῦν
527 4953 683 5006 κατά
707 4951 861 5004 τοῦτο
883 4951 1002 5005 οὔτε
1019 4953 1172 5020 φύσει
1197 4953 1300 5004 υἱοὶ
1325 4952 1539 5022 γεέννης
1552 4955 1654 5006 εἰσί

313 5059 371 5094 σε
408 5041 646 5105 ἐπίσης
686 5041 736 5093 οἱ
761 5042 855 5111 τῆς
883 5041 1100 5109 γεέννης
1124 5039 1232 5092 υἱοὶ
1266 5041 1368 5092 υἱοί
1397 5043 1528 5094 εἰσιν
1558 5043 1653 5095 αὑ-

347 5132 460 5183 ἕτε
471 5147 586 5200 ρος
616 5129 804 5200 ἑτέρου
831 5130 1132 5200 διπλότερον
1157 5128 1272 5189 υἱός
1307 5130 1448 5183 ἐστιν
1473 5131 1656 5201 αὐτῆς.

1758 4417 1846 4470 Dei
1872 4418 1896 4470 Ὺ
1918 4417 2075 4486 352
2104 4420 2243 4486 quod
2269 4421 2532 4486 quomodo
2562 4437 2625 4475 ex
2653 4424 2926 4478 contrario
2946 4427 3278 4491 ostendatur,

1753 4505 1834 4558 sic
1883 4520 2253 4573 proponemus.
2293 4506 2348 4560 In
2385 4507 2668 4577 Evangelio
2714 4525 2743 4563 a
2796 4511 3039 4566 Matthaeo
3087 4514 3281 4567 tradito

1754 4595 1987 4649 secunda
2019 4597 2358 4650 comminatio
2399 4598 2464 4650 ad
2515 4598 2814 4654 Pharisaeos
2856 4610 2910 4653 et
2955 4603 3164 4656 scribas
3201 4605 3281 4657 sic

1755 4699 1813 4740 se
1842 4686 1998 4740 habet
2026 4702 2040 4736 :
2078 4685 2165 4738 Va:
2191 4687 2350 4752 vobis,
2383 4687 2586 4741 scribae”
2613 4699 2659 4741 et
2692 4687 2947 4743 Pharisaei
2979 4692 3276 4758 hypocrita,

1759 4776 1878 4842 quia
1905 4775 2060 4828 abitis
2091 4791 2230 4828 mare
2257 4787 2303 4829 et
2328 4788 2518 4829 terram
2545 4788 2599 4828 ut
2626 4779 2831 4844 faciatis
2861 4796 3018 4833 unum
3050 4786 3282 4854 prosely-

1760 4875 1906 4928 tum;
1946 4875 1991 4918 et
2032 4879 2146 4917 cum
2181 4865 2333 4932 fuerit
2365 4865 2554 4931 lactus,
2591 4864 2762 4931 facitis
2795 4866 2945 4918 illum
2995 4869 3160 4935 ﬁlium
3195 4887 3279 4938 ge-

1759 4955 1936 5007 hennae
1984 4953 2140 5020 duplo
2195 4955 2353 5022 magis
2399 4969 2555 5020 quam
2593 4969 2677 5006 vos
2709 4955 2829 5006 estis
2859 4957 2947 5020 rl;
2992 4957 3152 5026 igitur
3181 4959 3280 5018 hac

1759 5044 1988 5106 ratione,
2017 5056 2186 5109 neque
2211 5042 2425 5109 quidam
2459 5051 2647 5096 natura
2689 5052 2812 5096 sunt
2863 5043 2956 5098 lilii
2999 5047 3276 5114 gehennae,

1764 5144 1933 5199 neque
1961 5130 2218 5196 gehennae
2262 5129 2354 5181 lilii
2406 5143 2472 5183 ex
2520 5144 2670 5198 atque
2715 5137 2840 5184 sunt
2883 5131 3028 5186 illius
3072 5134 3194 5202 lilii,
3234 5137 3283 5191 si

317 5265 387 5316 h.
420 5278 488 5326 ν,
521 5261 634 5314 44.
714 5262 758 5292 ⁸⁸
798 5261 950 5316 Joan.
996 5277 1121 5334 νιιιο
1150 5259 1240 5311 47.
1316 5260 1358 5290 ⁸⁸
1400 5260 1552 5314 Joan.
1594 5263 1715 5326 x37

1808 5264 1853 5296 “
1883 5261 2009 5315 Luc.
2040 5277 2156 5326 vm,
2191 5261 2275 5313 l5.
2349 5263 2390 5293 ¹⁷
2417 5263 2602 5318 Matth.
2630 5278 2780 5323 mu,
2819 5261 2905 5315 l5.

378 5408 393 5420 .
424 5368 678 5420 τέκνον.
713 5368 806 5422 Eo.
829 5367 1057 5422 PATIOL.

345 5431 432 5490 ex
481 5436 738 5503 Regius,
777 5435 884 5488 οὐδ’
921 5435 1084 5488 ὅλων
1133 5431 1453 5487 Bodleianus
1499 5444 1558 5489 ut
1600 5438 1651 5490 in

324 5573 570 5626 θύειν.
616 5570 764 5636 Lego
787 5567 985 5619 ἀκούει.

325 5655 773 5721 Ατιιοιέϐε.
808 5656 965 5714 XIV.

1825 5369 1930 5436 (10)
1954 5369 2058 5436 Kal
2084 5371 2134 5420 οἱ
2152 5371 2417 5436 ψυχικοί,
2439 5381 2542 5426 etc.
2570 5370 2846 5426 Secundus
2866 5368 3151 5429 hominum
3170 5384 3296 5432 ordo

1753 5435 1901 5503 juxta
1922 5435 2286 5503 Valentinum.

1829 5502 1936 5570 (ll)
1967 5503 2088 5577 Ἵνα
2114 5503 2357 5556 ἐκεῖνον.
2378 5505 2662 5577 Perperam
2683 5505 2858 5560 codex
2887 5503 3112 5570 Regius
3130 5509 3312 5568 habet,

1761 5565 1892 5624 εἶναι
1920 5565 2007 5620 ’κεί
2013 5585 2183 5638 μενον.

2954 5659 3050 5716 21
