  <div class='ocr_page' id='page_1' title='image "/cluster/home/n/w/nwhite01/storage/ocr_20150623/14 (Origen; pt. 4)/nyp.33433081862280/335.png"; bbox 0 0 3820 6226; ppageno 0'>
   <div class='ocr_carea' id='block_1_1' title="bbox 464 324 558 374">
    <p class='ocr_par' dir='ltr' id='par_1_1' title="bbox 464 324 558 374">
     <span class='ocr_line' id='line_1_1' title="bbox 464 324 558 374; baseline 0 0"><span class='ocrx_word' id='word_1_1' title='bbox 464 324 558 374; x_wconf 70' lang='grc'><strong>651</strong></span> 
     </span>
    </p>
   </div>
   <div class='ocr_carea' id='block_1_2' title="bbox 1867 317 2177 373">
    <p class='ocr_par' dir='ltr' id='par_1_2' title="bbox 1867 317 2177 373">
     <span class='ocr_line' id='line_1_2' title="bbox 1867 317 2177 373; baseline 0.01 -3"><span class='ocrx_word' id='word_1_2' title='bbox 1867 317 2177 373; x_wconf 73' lang='lat' dir='ltr'><strong>ORIGENIS</strong></span> 
     </span>
    </p>
   </div>
   <div class='ocr_carea' id='block_1_3' title="bbox 3465 324 3555 378">
    <p class='ocr_par' dir='ltr' id='par_1_3' title="bbox 3465 324 3555 378">
     <span class='ocr_line' id='line_1_3' title="bbox 3465 324 3555 378; baseline 0.022 -2"><span class='ocrx_word' id='word_1_3' title='bbox 3465 324 3555 378; x_wconf 68' lang='lat'><strong>652</strong></span> 
     </span>
    </p>
   </div>
   <div class='ocr_carea' id='block_1_4' title="bbox 464 429 1959 508">
    <p class='ocr_par' dir='ltr' id='par_1_4' title="bbox 464 429 1959 502">
     <span class='ocr_line' id='line_1_4' title="bbox 464 429 1959 502; baseline -0.001 -12"><span class='ocrx_word' id='word_1_4' title='bbox 464 440 594 490; x_wconf 77' lang='lat' dir='ltr'><strong>alius</strong></span> <span class='ocrx_word' id='word_1_5' title='bbox 625 436 776 502; x_wconf 88' lang='lat' dir='ltr'><strong>duplo</strong></span> <span class='ocrx_word' id='word_1_6' title='bbox 825 430 987 498; x_wconf 78' lang='lat' dir='ltr'><strong>magis</strong></span> <span class='ocrx_word' id='word_1_7' title='bbox 1016 442 1170 491; x_wconf 75' lang='lat' dir='ltr'><strong>(tuam</strong></span> <span class='ocrx_word' id='word_1_8' title='bbox 1212 429 1344 481; x_wconf 83' lang='lat' dir='ltr'><strong>alius</strong></span> <span class='ocrx_word' id='word_1_9' title='bbox 1393 438 1474 482; x_wconf 91' lang='lat' dir='ltr'><strong>est</strong></span> <span class='ocrx_word' id='word_1_10' title='bbox 1521 431 1773 497; x_wconf 70' lang='lat' dir='ltr'><strong>gehenntc</strong></span> <span class='ocrx_word' id='word_1_11' title='bbox 1807 431 1959 489; x_wconf 84' lang='lat' dir='ltr'><strong>ﬁlius.</strong></span> 
     </span>
    </p>
   </div>
   <div class='ocr_carea' id='block_1_5' title="bbox 2055 429 3554 508">
    <p class='ocr_par' dir='ltr' id='par_1_5' title="bbox 2073 435 3554 508">
     <span class='ocr_line' id='line_1_5' title="bbox 2073 435 3554 508; baseline 0.001 -23"><span class='ocrx_word' id='word_1_12' title='bbox 2073 435 2130 486; x_wconf 79' lang='lat' dir='ltr'><strong>El</strong></span> <span class='ocrx_word' id='word_1_13' title='bbox 2165 436 2218 487; x_wconf 82' lang='grc' dir='ltr'><strong>δὲ</strong></span> <span class='ocrx_word' id='word_1_14' title='bbox 2253 436 2430 504; x_wconf 77' lang='grc' dir='ltr'><strong>ἕτερος</strong></span> <span class='ocrx_word' id='word_1_15' title='bbox 2462 436 2643 506; x_wconf 79' lang='grc' dir='ltr'><strong>ἐτέρου</strong></span> <span class='ocrx_word' id='word_1_16' title='bbox 2672 435 2976 505; x_wconf 67' lang='grc' dir='ltr'><strong>διπλότερὸς</strong></span> <span class='ocrx_word' id='word_1_17' title='bbox 3009 436 3147 488; x_wconf 81' lang='grc' dir='ltr'><strong>ἐστιν</strong></span> <span class='ocrx_word' id='word_1_18' title='bbox 3185 436 3289 498; x_wconf 74' lang='grc' dir='ltr'><strong>υἱὸς</strong></span> <span class='ocrx_word' id='word_1_19' title='bbox 3309 438 3394 507; x_wconf 78' lang='grc' dir='ltr'><strong>τῆς</strong></span> <span class='ocrx_word' id='word_1_20' title='bbox 3428 441 3554 508; x_wconf 75' lang='grc' dir='ltr'><strong>γεέν.</strong></span> 
     </span>
    </p>
   </div>
   <div class='ocr_carea' id='block_1_6' title="bbox 462 518 1974 593">
    <p class='ocr_par' dir='ltr' id='par_1_6' title="bbox 462 518 1974 593">
     <span class='ocr_line' id='line_1_6' title="bbox 462 518 1974 593; baseline 0 -15"><span class='ocrx_word' id='word_1_21' title='bbox 462 528 608 593; x_wconf 83' lang='lat' dir='ltr'><strong>Quod</strong></span> <span class='ocrx_word' id='word_1_22' title='bbox 637 526 678 578; x_wconf 89' lang='lat' dir='ltr'><strong>si</strong></span> <span class='ocrx_word' id='word_1_23' title='bbox 713 525 844 577; x_wconf 86' lang='lat' dir='ltr'><strong>alius</strong></span> <span class='ocrx_word' id='word_1_24' title='bbox 869 521 1027 588; x_wconf 89' lang='lat' dir='ltr'><strong>duplo</strong></span> <span class='ocrx_word' id='word_1_25' title='bbox 1059 518 1222 586; x_wconf 82' lang='lat' dir='ltr'><strong>magis</strong></span> <span class='ocrx_word' id='word_1_26' title='bbox 1250 533 1410 586; x_wconf 90' lang='lat' dir='ltr'><strong>quam</strong></span> <span class='ocrx_word' id='word_1_27' title='bbox 1442 521 1577 574; x_wconf 90' lang='lat' dir='ltr'><strong>alius</strong></span> <span class='ocrx_word' id='word_1_28' title='bbox 1605 531 1686 575; x_wconf 87' lang='lat' dir='ltr'><strong>est</strong></span> <span class='ocrx_word' id='word_1_29' title='bbox 1722 523 1974 590; x_wconf 76' lang='lat' dir='ltr'><strong>gehenna:</strong></span> 
     </span>
    </p>
   </div>
   <div class='ocr_carea' id='block_1_7' title="bbox 463 609 1974 676">
    <p class='ocr_par' dir='ltr' id='par_1_7' title="bbox 463 609 1974 676">
     <span class='ocr_line' id='line_1_7' title="bbox 463 609 1974 676; baseline -0.001 -8"><span class='ocrx_word' id='word_1_30' title='bbox 463 616 622 674; x_wconf 87' lang='lat' dir='ltr'><strong>ﬁlius,</strong></span> <span class='ocrx_word' id='word_1_31' title='bbox 645 627 741 664; x_wconf 92' lang='lat' dir='ltr'><strong>cur</strong></span> <span class='ocrx_word' id='word_1_32' title='bbox 769 625 868 662; x_wconf 93' lang='lat' dir='ltr'><strong>non</strong></span> <span class='ocrx_word' id='word_1_33' title='bbox 891 609 1049 662; x_wconf 87' lang='lat' dir='ltr'><strong>etiam</strong></span> <span class='ocrx_word' id='word_1_34' title='bbox 1072 610 1414 676; x_wconf 87' lang='lat' dir='ltr'><strong>perditionis,</strong></span> <span class='ocrx_word' id='word_1_35' title='bbox 1439 619 1488 664; x_wconf 87' lang='lat' dir='ltr'><strong>et</strong></span> <span class='ocrx_word' id='word_1_36' title='bbox 1517 613 1722 676; x_wconf 90' lang='lat' dir='ltr'><strong>mortis,</strong></span> <span class='ocrx_word' id='word_1_37' title='bbox 1755 622 1807 666; x_wconf 91' lang='lat' dir='ltr'><strong>et</strong></span> <span class='ocrx_word' id='word_1_38' title='bbox 1833 621 1974 666; x_wconf 88' lang='lat' dir='ltr'><strong>tene-</strong></span> 
     </span>
    </p>
   </div>
   <div class='ocr_carea' id='block_1_8' title="bbox 2074 523 3554 594">
    <p class='ocr_par' dir='ltr' id='par_1_8' title="bbox 2074 523 3554 594">
     <span class='ocr_line' id='line_1_8' title="bbox 2074 523 3554 594; baseline 0.005 -20"><span class='ocrx_word' id='word_1_39' title='bbox 2074 541 2187 592; x_wconf 88' lang='grc' dir='ltr'><strong>νης,</strong></span> <span class='ocrx_word' id='word_1_40' title='bbox 2218 523 2304 575; x_wconf 85' lang='grc' dir='ltr'><strong>διὰ</strong></span> <span class='ocrx_word' id='word_1_41' title='bbox 2331 525 2382 575; x_wconf 85' lang='grc' dir='ltr'><em>τί</em></span> <span class='ocrx_word' id='word_1_42' title='bbox 2413 525 2530 593; x_wconf 75' lang='grc' dir='ltr'><strong>οὐχὶ</strong></span> <span class='ocrx_word' id='word_1_43' title='bbox 2555 525 2647 576; x_wconf 75' lang='grc' dir='ltr'><strong>καὶ</strong></span> <span class='ocrx_word' id='word_1_44' title='bbox 2672 525 2771 593; x_wconf 74' lang='grc' dir='ltr'><strong>τῆς</strong></span> <span class='ocrx_word' id='word_1_45' title='bbox 2800 523 3085 587; x_wconf 80' lang='grc' dir='ltr'><strong>ἀπωλείας,</strong></span> <span class='ocrx_word' id='word_1_46' title='bbox 3116 526 3204 577; x_wconf 80' lang='grc' dir='ltr'><strong>καὶ</strong></span> <span class='ocrx_word' id='word_1_47' title='bbox 3231 525 3316 578; x_wconf 88' lang='grc' dir='ltr'><strong>τοῦ</strong></span> <span class='ocrx_word' id='word_1_48' title='bbox 3341 527 3554 594; x_wconf 78' lang='grc' dir='ltr'><strong>θανάτου,</strong></span> 
     </span>
    </p>
   </div>
   <div class='ocr_carea' id='block_1_9' title="bbox 2073 604 3557 686">
    <p class='ocr_par' dir='ltr' id='par_1_9' title="bbox 2073 604 3557 686">
     <span class='ocr_line' id='line_1_9' title="bbox 2073 604 3557 686; baseline 0.003 -25"><span class='ocrx_word' id='word_1_49' title='bbox 2073 609 2284 662; x_wconf 74' lang='grc' dir='ltr'><strong>καὶτοῦ</strong></span> <span class='ocrx_word' id='word_1_50' title='bbox 2327 610 2566 668; x_wconf 81' lang='grc' dir='ltr'><strong>σκότους,</strong></span> <span class='ocrx_word' id='word_1_51' title='bbox 2589 610 2680 661; x_wconf 74' lang='grc' dir='ltr'><strong>καὶ</strong></span> <span class='ocrx_word' id='word_1_52' title='bbox 2720 610 2826 662; x_wconf 85' lang='grc' dir='ltr'><strong>τῶν</strong></span> <span class='ocrx_word' id='word_1_53' title='bbox 2875 610 3091 672; x_wconf 81' lang='grc' dir='ltr'><strong>λοιπῶν,</strong></span> <span class='ocrx_word' id='word_1_54' title='bbox 3131 604 3202 663; x_wconf 80' lang='grc' dir='ltr'><strong>ὧν</strong></span> <span class='ocrx_word' id='word_1_55' title='bbox 3245 613 3289 664; x_wconf 83' lang='grc' dir='ltr'><strong>οἱ</strong></span> <span class='ocrx_word' id='word_1_56' title='bbox 3329 613 3557 686; x_wconf 79' lang='grc' dir='ltr'><strong>διαφόρως</strong></span> 
     </span>
    </p>
   </div>
   <div class='ocr_carea' id='block_1_10' title="bbox 459 699 1959 768">
    <p class='ocr_par' dir='ltr' id='par_1_10' title="bbox 459 700 1959 768">
     <span class='ocr_line' id='line_1_10' title="bbox 459 700 1959 768; baseline -0.002 -13"><span class='ocrx_word' id='word_1_57' title='bbox 459 705 697 758; x_wconf 79' lang='lat' dir='ltr'><strong>brorum,</strong></span> <span class='ocrx_word' id='word_1_58' title='bbox 726 707 776 750; x_wconf 90' lang='lat' dir='ltr'><strong>et</strong></span> <span class='ocrx_word' id='word_1_59' title='bbox 801 707 1131 758; x_wconf 56' lang='lat' dir='ltr'><strong>cancrorum,</strong></span> <span class='ocrx_word' id='word_1_60' title='bbox 1176 711 1399 765; x_wconf 92' lang='lat' dir='ltr'><strong>quorum</strong></span> <span class='ocrx_word' id='word_1_61' title='bbox 1440 700 1528 767; x_wconf 91' lang='lat' dir='ltr'><strong>qui</strong></span> <span class='ocrx_word' id='word_1_62' title='bbox 1562 700 1708 767; x_wconf 77' lang='lat' dir='ltr'><strong>varie</strong></span> <span class='ocrx_word' id='word_1_63' title='bbox 1751 713 1959 768; x_wconf 88' lang='lat' dir='ltr'><strong>peccaul</strong></span> 
     </span>
    </p>
   </div>
   <div class='ocr_carea' id='block_1_11' title="bbox 2055 699 3559 768">
    <p class='ocr_par' dir='ltr' id='par_1_11' title="bbox 2073 699 3559 768">
     <span class='ocr_line' id='line_1_11' title="bbox 2073 699 3559 768; baseline 0.006 -18"><span class='ocrx_word' id='word_1_64' title='bbox 2073 699 2464 768; x_wconf 70' lang='grc' dir='ltr'><strong>ἁμαρτάνοντες</strong></span> <span class='ocrx_word' id='word_1_65' title='bbox 2505 701 2639 752; x_wconf 85' lang='grc' dir='ltr'><strong>εἰσιν</strong></span> <span class='ocrx_word' id='word_1_66' title='bbox 2678 699 2815 760; x_wconf 84' lang='grc' dir='ltr'><strong>υίοί;</strong></span> <span class='ocrx_word' id='word_1_67' title='bbox 2863 700 2925 751; x_wconf 81' lang='lat' dir='ltr'><strong>Ei</strong></span> <span class='ocrx_word' id='word_1_68' title='bbox 2957 700 3010 752; x_wconf 82' lang='grc' dir='ltr'><strong>δὲ</strong></span> <span class='ocrx_word' id='word_1_69' title='bbox 3057 700 3146 752; x_wconf 75' lang='grc' dir='ltr'><strong>ἐπὶ</strong></span> <span class='ocrx_word' id='word_1_70' title='bbox 3184 701 3390 766; x_wconf 85' lang='grc' dir='ltr'><strong>τούτων,</strong></span> <span class='ocrx_word' id='word_1_71' title='bbox 3419 705 3494 757; x_wconf 87' lang='grc' dir='ltr'><strong>διὰ</strong></span> <span class='ocrx_word' id='word_1_72' title='bbox 3517 708 3559 759; x_wconf 84' lang='grc' dir='ltr'><strong>τί</strong></span> 
     </span>
    </p>
   </div>
   <div class='ocr_carea' id='block_1_12' title="bbox 455 787 1971 852">
    <p class='ocr_par' dir='ltr' id='par_1_12' title="bbox 455 787 1971 852">
     <span class='ocr_line' id='line_1_12' title="bbox 455 787 1971 852; baseline 0.001 -9"><span class='ocrx_word' id='word_1_73' title='bbox 455 799 578 845; x_wconf 84' lang='lat' dir='ltr'><strong>sunt</strong></span> <span class='ocrx_word' id='word_1_74' title='bbox 606 789 742 841; x_wconf 79' lang='lat' dir='ltr'><strong>ﬁlii?</strong></span> <span class='ocrx_word' id='word_1_75' title='bbox 767 787 910 852; x_wconf 82' lang='lat' dir='ltr'><strong>Quod</strong></span> <span class='ocrx_word' id='word_1_76' title='bbox 944 787 986 840; x_wconf 88' lang='lat' dir='ltr'><strong>si</strong></span> <span class='ocrx_word' id='word_1_77' title='bbox 1024 787 1074 839; x_wconf 94' lang='lat' dir='ltr'><strong>in</strong></span> <span class='ocrx_word' id='word_1_78' title='bbox 1110 788 1191 840; x_wconf 91' lang='lat' dir='ltr'><strong>his</strong></span> <span class='ocrx_word' id='word_1_79' title='bbox 1216 790 1292 841; x_wconf 87' lang='lat' dir='ltr'><strong>sic</strong></span> <span class='ocrx_word' id='word_1_80' title='bbox 1318 803 1375 841; x_wconf 92' lang='lat' dir='ltr'><strong>se</strong></span> <span class='ocrx_word' id='word_1_81' title='bbox 1415 804 1498 843; x_wconf 92' lang='lat' dir='ltr'><strong>res</strong></span> <span class='ocrx_word' id='word_1_82' title='bbox 1524 791 1702 852; x_wconf 88' lang='lat' dir='ltr'><strong>habet,</strong></span> <span class='ocrx_word' id='word_1_83' title='bbox 1737 805 1834 844; x_wconf 93' lang='lat' dir='ltr'><strong>cur</strong></span> <span class='ocrx_word' id='word_1_84' title='bbox 1866 805 1971 844; x_wconf 91' lang='lat' dir='ltr'><strong>nou</strong></span> 
     </span>
    </p>
   </div>
   <div class='ocr_carea' id='block_1_13' title="bbox 453 874 1972 943">
    <p class='ocr_par' dir='ltr' id='par_1_13' title="bbox 453 874 1972 943">
     <span class='ocr_line' id='line_1_13' title="bbox 453 874 1972 943; baseline 0.001 -13"><span class='ocrx_word' id='word_1_85' title='bbox 453 879 609 930; x_wconf 88' lang='lat' dir='ltr'><strong>etiam</strong></span> <span class='ocrx_word' id='word_1_86' title='bbox 641 877 730 929; x_wconf 91' lang='lat' dir='ltr'><strong>ﬁlii</strong></span> <span class='ocrx_word' id='word_1_87' title='bbox 764 875 894 928; x_wconf 90' lang='lat' dir='ltr'><strong>lucis</strong></span> <span class='ocrx_word' id='word_1_88' title='bbox 921 875 1005 927; x_wconf 83' lang='lat' dir='ltr'><strong>alii</strong></span> <span class='ocrx_word' id='word_1_89' title='bbox 1041 874 1196 942; x_wconf 93' lang='lat' dir='ltr'><strong>duplo</strong></span> <span class='ocrx_word' id='word_1_90' title='bbox 1222 875 1387 943; x_wconf 77' lang='lat' dir='ltr'><strong>magis</strong></span> <span class='ocrx_word' id='word_1_91' title='bbox 1415 891 1572 943; x_wconf 91' lang='lat' dir='ltr'><strong>quam</strong></span> <span class='ocrx_word' id='word_1_92' title='bbox 1597 879 1686 930; x_wconf 82' lang='lat' dir='ltr'><strong>alii</strong></span> <span class='ocrx_word' id='word_1_93' title='bbox 1714 889 1895 941; x_wconf 89' lang='lat' dir='ltr'><strong>erunt,</strong></span> <span class='ocrx_word' id='word_1_94' title='bbox 1920 887 1972 932; x_wconf 85' lang='lat' dir='ltr'><strong>et</strong></span> 
     </span>
    </p>
   </div>
   <div class='ocr_carea' id='block_1_14' title="bbox 455 963 1968 1032">
    <p class='ocr_par' dir='ltr' id='par_1_14' title="bbox 455 963 1968 1032">
     <span class='ocr_line' id='line_1_14' title="bbox 455 963 1968 1032; baseline 0.004 -15"><span class='ocrx_word' id='word_1_95' title='bbox 455 965 544 1018; x_wconf 91' lang='lat' dir='ltr'><strong>ﬁlii</strong></span> <span class='ocrx_word' id='word_1_96' title='bbox 594 966 736 1026; x_wconf 70' lang='lat' dir='ltr'><strong>vitae,</strong></span> <span class='ocrx_word' id='word_1_97' title='bbox 788 973 840 1017; x_wconf 91' lang='lat' dir='ltr'><strong>et</strong></span> <span class='ocrx_word' id='word_1_98' title='bbox 888 964 979 1017; x_wconf 90' lang='lat' dir='ltr'><strong>ﬁlii</strong></span> <span class='ocrx_word' id='word_1_99' title='bbox 1030 963 1322 1030; x_wconf 71' lang='lat' dir='ltr'><strong>sapientiae,</strong></span> <span class='ocrx_word' id='word_1_100' title='bbox 1353 974 1508 1032; x_wconf 89' lang='lat' dir='ltr'><strong>atque</strong></span> <span class='ocrx_word' id='word_1_101' title='bbox 1540 968 1696 1018; x_wconf 89' lang='lat' dir='ltr'><strong>etiam</strong></span> <span class='ocrx_word' id='word_1_102' title='bbox 1737 967 1876 1023; x_wconf 89' lang='lat' dir='ltr'><strong>hunc</strong></span> <span class='ocrx_word' id='word_1_103' title='bbox 1917 970 1968 1023; x_wconf 92' lang='lat' dir='ltr'><strong>in</strong></span> 
     </span>
    </p>
   </div>
   <div class='ocr_carea' id='block_1_15' title="bbox 452 1049 1969 1125">
    <p class='ocr_par' dir='ltr' id='par_1_15' title="bbox 452 1049 1969 1125">
     <span class='ocr_line' id='line_1_15' title="bbox 452 1049 1969 1125; baseline 0.004 -20"><span class='ocrx_word' id='word_1_104' title='bbox 452 1053 660 1106; x_wconf 90' lang='lat' dir='ltr'><strong>modum</strong></span> <span class='ocrx_word' id='word_1_105' title='bbox 690 1053 777 1104; x_wconf 91' lang='lat' dir='ltr'><strong>ﬁlii</strong></span> <span class='ocrx_word' id='word_1_106' title='bbox 814 1052 950 1106; x_wconf 82' lang='lat' dir='ltr'><strong>Dei?</strong></span> <span class='ocrx_word' id='word_1_107' title='bbox 981 1049 1128 1116; x_wconf 86' lang='lat' dir='ltr'><strong>Quod</strong></span> <span class='ocrx_word' id='word_1_108' title='bbox 1153 1052 1196 1104; x_wconf 87' lang='lat' dir='ltr'><strong>si</strong></span> <span class='ocrx_word' id='word_1_109' title='bbox 1225 1052 1381 1120; x_wconf 94' lang='lat' dir='ltr'><strong>duplo</strong></span> <span class='ocrx_word' id='word_1_110' title='bbox 1425 1054 1557 1107; x_wconf 92' lang='lat' dir='ltr'><strong>alius</strong></span> <span class='ocrx_word' id='word_1_111' title='bbox 1603 1056 1770 1120; x_wconf 73' lang='lat' dir='ltr'><strong>magis</strong></span> <span class='ocrx_word' id='word_1_112' title='bbox 1812 1072 1969 1125; x_wconf 88' lang='lat' dir='ltr'><strong>quam</strong></span> 
     </span>
    </p>
   </div>
   <div class='ocr_carea' id='block_1_16' title="bbox 448 1140 1967 1214">
    <p class='ocr_par' dir='ltr' id='par_1_16' title="bbox 448 1140 1967 1214">
     <span class='ocr_line' id='line_1_16' title="bbox 448 1140 1967 1214; baseline 0.003 -20"><span class='ocrx_word' id='word_1_113' title='bbox 448 1141 588 1196; x_wconf 90' lang='lat' dir='ltr'><strong>alius</strong></span> <span class='ocrx_word' id='word_1_114' title='bbox 610 1141 834 1196; x_wconf 78' lang='lat' dir='ltr'><strong>eﬂicitur</strong></span> <span class='ocrx_word' id='word_1_115' title='bbox 859 1141 994 1193; x_wconf 90' lang='lat' dir='ltr'><strong>ﬁlius</strong></span> <span class='ocrx_word' id='word_1_116' title='bbox 1019 1140 1133 1205; x_wconf 86' lang='lat' dir='ltr'><strong>Dei,</strong></span> <span class='ocrx_word' id='word_1_117' title='bbox 1153 1155 1248 1194; x_wconf 87' lang='lat' dir='ltr'><strong>cur</strong></span> <span class='ocrx_word' id='word_1_118' title='bbox 1273 1156 1377 1194; x_wconf 88' lang='lat' dir='ltr'><strong>non</strong></span> <span class='ocrx_word' id='word_1_119' title='bbox 1403 1143 1562 1195; x_wconf 90' lang='lat' dir='ltr'><strong>etiam</strong></span> <span class='ocrx_word' id='word_1_120' title='bbox 1586 1145 1967 1214; x_wconf 77' lang='lat' dir='ltr'><strong>multipliciter,</strong></span> 
     </span>
    </p>
   </div>
   <div class='ocr_carea' id='block_1_17' title="bbox 446 1232 1966 1305">
    <p class='ocr_par' dir='ltr' id='par_1_17' title="bbox 446 1232 1966 1305">
     <span class='ocr_line' id='line_1_17' title="bbox 446 1232 1966 1305; baseline 0.004 -21"><span class='ocrx_word' id='word_1_121' title='bbox 446 1243 501 1285; x_wconf 84' lang='lat' dir='ltr'><strong>et</strong></span> <span class='ocrx_word' id='word_1_122' title='bbox 546 1241 690 1286; x_wconf 89' lang='lat' dir='ltr'><strong>tanto</strong></span> <span class='ocrx_word' id='word_1_123' title='bbox 718 1232 1098 1300; x_wconf 82' lang='lat' dir='ltr'><strong>multipliciter,</strong></span> <span class='ocrx_word' id='word_1_124' title='bbox 1133 1240 1332 1298; x_wconf 87' lang='lat' dir='ltr'><strong>quanto</strong></span> <span class='ocrx_word' id='word_1_125' title='bbox 1361 1232 1723 1300; x_wconf 82' lang='lat' dir='ltr'><strong>multi-pliciter</strong></span> <span class='ocrx_word' id='word_1_126' title='bbox 1754 1237 1966 1305; x_wconf 82' lang='lat' dir='ltr'><strong>dignum</strong></span> 
     </span>
    </p>
   </div>
   <div class='ocr_carea' id='block_1_18' title="bbox 446 1321 1968 1389">
    <p class='ocr_par' dir='ltr' id='par_1_18' title="bbox 446 1321 1968 1389">
     <span class='ocr_line' id='line_1_18' title="bbox 446 1321 1968 1389; baseline 0.003 -14"><span class='ocrx_word' id='word_1_127' title='bbox 446 1334 528 1376; x_wconf 91' lang='lat' dir='ltr'><strong>est</strong></span> <span class='ocrx_word' id='word_1_128' title='bbox 556 1323 895 1377; x_wconf 89' lang='lat' dir='ltr'><strong>considerare</strong></span> <span class='ocrx_word' id='word_1_129' title='bbox 920 1335 1034 1375; x_wconf 88' lang='lat' dir='ltr'><strong>esse</strong></span> <span class='ocrx_word' id='word_1_130' title='bbox 1059 1321 1478 1389; x_wconf 74' lang='lat' dir='ltr'><strong>Primogeuitum</strong></span> <span class='ocrx_word' id='word_1_131' title='bbox 1515 1325 1674 1377; x_wconf 89' lang='lat' dir='ltr'><strong>totius</strong></span> <span class='ocrx_word' id='word_1_132' title='bbox 1709 1335 1968 1380; x_wconf 68' lang='lat' dir='ltr'><strong>creatura:</strong></span> 
     </span>
    </p>
   </div>
   <div class='ocr_carea' id='block_1_19' title="bbox 445 1411 1965 1478">
    <p class='ocr_par' dir='ltr' id='par_1_19' title="bbox 445 1411 1965 1478">
     <span class='ocr_line' id='line_1_19' title="bbox 445 1411 1965 1478; baseline 0.003 -13"><span class='ocrx_word' id='word_1_133' title='bbox 445 1411 635 1465; x_wconf 87' lang='lat' dir='ltr'><strong>Filium</strong></span> <span class='ocrx_word' id='word_1_134' title='bbox 662 1413 754 1466; x_wconf 87' lang='lat' dir='ltr'><strong>Dei</strong></span> <span class='ocrx_word' id='word_1_135' title='bbox 789 1427 946 1476; x_wconf 88' lang='lat' dir='ltr'><strong>super</strong></span> <span class='ocrx_word' id='word_1_136' title='bbox 968 1427 1174 1474; x_wconf 92' lang='lat' dir='ltr'><strong>omnes,</strong></span> <span class='ocrx_word' id='word_1_137' title='bbox 1205 1412 1294 1478; x_wconf 90' lang='lat' dir='ltr'><strong>qui</strong></span> <span class='ocrx_word' id='word_1_138' title='bbox 1347 1421 1472 1464; x_wconf 90' lang='lat' dir='ltr'><strong>sunt</strong></span> <span class='ocrx_word' id='word_1_139' title='bbox 1503 1412 1592 1465; x_wconf 90' lang='lat' dir='ltr'><strong>ﬁlii</strong></span> <span class='ocrx_word' id='word_1_140' title='bbox 1624 1413 1732 1476; x_wconf 88' lang='lat' dir='ltr'><strong>Dei,</strong></span> <span class='ocrx_word' id='word_1_141' title='bbox 1783 1423 1835 1467; x_wconf 90' lang='lat' dir='ltr'><strong>et</strong></span> <span class='ocrx_word' id='word_1_142' title='bbox 1863 1430 1965 1469; x_wconf 88' lang='lat' dir='ltr'><strong>non</strong></span> 
     </span>
    </p>
   </div>
   <div class='ocr_carea' id='block_1_20' title="bbox 446 1503 1966 1570">
    <p class='ocr_par' dir='ltr' id='par_1_20' title="bbox 446 1503 1966 1570">
     <span class='ocr_line' id='line_1_20' title="bbox 446 1503 1966 1570; baseline 0.004 -17"><span class='ocrx_word' id='word_1_143' title='bbox 446 1503 672 1568; x_wconf 86' lang='lat' dir='ltr'><strong>amplius</strong></span> <span class='ocrx_word' id='word_1_144' title='bbox 719 1503 918 1556; x_wconf 85' lang='lat' dir='ltr'><strong>habent</strong></span> <span class='ocrx_word' id='word_1_145' title='bbox 947 1504 1190 1570; x_wconf 84' lang='lat' dir='ltr'><strong>spiritum</strong></span> <span class='ocrx_word' id='word_1_146' title='bbox 1241 1503 1511 1557; x_wconf 80' lang='lat' dir='ltr'><strong>servitutis</strong></span> <span class='ocrx_word' id='word_1_147' title='bbox 1545 1503 1596 1555; x_wconf 88' lang='lat' dir='ltr'><strong>in</strong></span> <span class='ocrx_word' id='word_1_148' title='bbox 1629 1504 1840 1567; x_wconf 87' lang='lat' dir='ltr'><strong>timore,</strong></span> <span class='ocrx_word' id='word_1_149' title='bbox 1876 1506 1966 1559; x_wconf 91' lang='lat' dir='ltr'><strong>sed</strong></span> 
     </span>
    </p>
   </div>
   <div class='ocr_carea' id='block_1_21' title="bbox 447 1592 1967 1661">
    <p class='ocr_par' dir='ltr' id='par_1_21' title="bbox 447 1592 1967 1661">
     <span class='ocr_line' id='line_1_21' title="bbox 447 1592 1967 1661; baseline 0.004 -21"><span class='ocrx_word' id='word_1_150' title='bbox 447 1600 766 1657; x_wconf 82' lang='lat' dir='ltr'><strong>acceperunt</strong></span> <span class='ocrx_word' id='word_1_151' title='bbox 798 1593 1038 1658; x_wconf 89' lang='lat' dir='ltr'><strong>spiritum</strong></span> <span class='ocrx_word' id='word_1_152' title='bbox 1071 1593 1367 1660; x_wconf 89' lang='lat' dir='ltr'><strong>adoptionis</strong></span> <span class='ocrx_word' id='word_1_153' title='bbox 1393 1592 1483 1644; x_wconf 67' lang='lat'><strong>’3?</strong></span> <span class='ocrx_word' id='word_1_154' title='bbox 1515 1592 1780 1647; x_wconf 88' lang='lat' dir='ltr'><strong>Fortassis</strong></span> <span class='ocrx_word' id='word_1_155' title='bbox 1805 1594 1967 1661; x_wconf 85' lang='lat' dir='ltr'><strong>igitur</strong></span> 
     </span>
    </p>
   </div>
   <div class='ocr_carea' id='block_1_22' title="bbox 444 1677 1962 1748">
    <p class='ocr_par' dir='ltr' id='par_1_22' title="bbox 444 1677 1962 1748">
     <span class='ocr_line' id='line_1_22' title="bbox 444 1677 1962 1748; baseline 0.005 -22"><span class='ocrx_word' id='word_1_156' title='bbox 444 1677 593 1744; x_wconf 80' lang='lat' dir='ltr'><strong>plura</strong></span> <span class='ocrx_word' id='word_1_157' title='bbox 621 1693 736 1731; x_wconf 90' lang='lat' dir='ltr'><strong>cum</strong></span> <span class='ocrx_word' id='word_1_158' title='bbox 775 1680 883 1732; x_wconf 80' lang='lat' dir='ltr'><strong>sint</strong></span> <span class='ocrx_word' id='word_1_159' title='bbox 910 1682 1069 1733; x_wconf 84' lang='lat' dir='ltr'><strong>verba</strong></span> <span class='ocrx_word' id='word_1_160' title='bbox 1098 1683 1211 1742; x_wconf 92' lang='lat' dir='ltr'><strong>Dei,</strong></span> <span class='ocrx_word' id='word_1_161' title='bbox 1253 1696 1356 1732; x_wconf 85' lang='lat' dir='ltr'><strong>non</strong></span> <span class='ocrx_word' id='word_1_162' title='bbox 1402 1679 1570 1733; x_wconf 88' lang='lat' dir='ltr'><strong>solum</strong></span> <span class='ocrx_word' id='word_1_163' title='bbox 1607 1694 1722 1747; x_wconf 66' lang='lat' dir='ltr'><strong>qua:</strong></span> <span class='ocrx_word' id='word_1_164' title='bbox 1766 1682 1962 1748; x_wconf 83' lang='lat' dir='ltr'><strong>scripta</strong></span> 
     </span>
    </p>
   </div>
   <div class='ocr_carea' id='block_1_23' title="bbox 2070 786 3559 859">
    <p class='ocr_par' dir='ltr' id='par_1_23' title="bbox 2070 786 3559 859">
     <span class='ocr_line' id='line_1_23' title="bbox 2070 786 3559 859; baseline 0.006 -22"><span class='ocrx_word' id='word_1_165' title='bbox 2070 787 2159 838; x_wconf 74' lang='grc' dir='ltr'><strong>καὶ</strong></span> <span class='ocrx_word' id='word_1_166' title='bbox 2185 787 2300 854; x_wconf 76' lang='grc' dir='ltr'><strong>οὐχὶ</strong></span> <span class='ocrx_word' id='word_1_167' title='bbox 2328 789 2430 838; x_wconf 71' lang='grc' dir='ltr'><strong>υἱοὶ</strong></span> <span class='ocrx_word' id='word_1_168' title='bbox 2472 789 2644 854; x_wconf 80' lang='grc' dir='ltr'><strong>φωτὸς</strong></span> <span class='ocrx_word' id='word_1_169' title='bbox 2673 787 2968 856; x_wconf 84' lang='grc' dir='ltr'><strong>διπλότεροι</strong></span> <span class='ocrx_word' id='word_1_170' title='bbox 3008 786 3177 856; x_wconf 71' lang='grc' dir='ltr'><strong>ἕτεροι</strong></span> <span class='ocrx_word' id='word_1_171' title='bbox 3221 789 3403 859; x_wconf 84' lang='grc' dir='ltr'><strong>ἐτέρων</strong></span> <span class='ocrx_word' id='word_1_172' title='bbox 3437 792 3559 845; x_wconf 76' lang='grc' dir='ltr'><strong>ἔσον-</strong></span> 
     </span>
    </p>
   </div>
   <div class='ocr_carea' id='block_1_24' title="bbox 2067 874 3564 943">
    <p class='ocr_par' dir='ltr' id='par_1_24' title="bbox 2067 874 3564 943">
     <span class='ocr_line' id='line_1_24' title="bbox 2067 874 3564 943; baseline 0.005 -19"><span class='ocrx_word' id='word_1_173' title='bbox 2067 890 2172 936; x_wconf 90' lang='grc' dir='ltr'><strong>ται,</strong></span> <span class='ocrx_word' id='word_1_174' title='bbox 2210 875 2298 925; x_wconf 75' lang='grc' dir='ltr'><strong>καὶ</strong></span> <span class='ocrx_word' id='word_1_175' title='bbox 2331 874 2432 926; x_wconf 81' lang='grc' dir='ltr'>υἱοὶ</span> <span class='ocrx_word' id='word_1_176' title='bbox 2480 874 2640 943; x_wconf 80' lang='grc' dir='ltr'><strong>ζωῆς,</strong></span> <span class='ocrx_word' id='word_1_177' title='bbox 2697 875 2789 926; x_wconf 76' lang='grc' dir='ltr'><strong>καὶ</strong></span> <span class='ocrx_word' id='word_1_178' title='bbox 2838 875 2942 925; x_wconf 79' lang='grc' dir='ltr'><strong>υίοὶ</strong></span> <span class='ocrx_word' id='word_1_179' title='bbox 2987 875 3192 942; x_wconf 78' lang='grc' dir='ltr'><strong>σοφίας,</strong></span> <span class='ocrx_word' id='word_1_180' title='bbox 3237 876 3366 929; x_wconf 76' lang='grc' dir='ltr'><strong>οὕτω</strong></span> <span class='ocrx_word' id='word_1_181' title='bbox 3402 880 3451 930; x_wconf 83' lang='grc' dir='ltr'><strong>δέ</strong></span> <span class='ocrx_word' id='word_1_182' title='bbox 3477 883 3564 933; x_wconf 78' lang='grc' dir='ltr'><strong>υἱοὶ</strong></span> 
     </span>
    </p>
   </div>
   <div class='ocr_carea' id='block_1_25' title="bbox 2065 960 3562 1034">
    <p class='ocr_par' dir='ltr' id='par_1_25' title="bbox 2065 960 3562 1034">
     <span class='ocr_line' id='line_1_25' title="bbox 2065 960 3562 1034; baseline 0.005 -22"><span class='ocrx_word' id='word_1_183' title='bbox 2065 960 2233 1024; x_wconf 90' lang='grc' dir='ltr'>Θεοῦ;</span> <span class='ocrx_word' id='word_1_184' title='bbox 2262 962 2323 1013; x_wconf 81' lang='lat' dir='ltr'><strong>El</strong></span> <span class='ocrx_word' id='word_1_185' title='bbox 2359 962 2413 1014; x_wconf 86' lang='grc' dir='ltr'><strong>δὲ</strong></span> <span class='ocrx_word' id='word_1_186' title='bbox 2438 962 2711 1013; x_wconf 87' lang='grc' dir='ltr'><strong>διπλάσιον</strong></span> <span class='ocrx_word' id='word_1_187' title='bbox 2744 961 2820 1023; x_wconf 82' lang='grc' dir='ltr'><strong>ὡς</strong></span> <span class='ocrx_word' id='word_1_188' title='bbox 2877 962 3059 1032; x_wconf 74' lang='grc' dir='ltr'><strong>ἕτερος</strong></span> <span class='ocrx_word' id='word_1_189' title='bbox 3103 964 3225 1032; x_wconf 74' lang='grc' dir='ltr'><strong>παρ’</strong></span> <span class='ocrx_word' id='word_1_190' title='bbox 3278 965 3443 1034; x_wconf 69' lang='grc' dir='ltr'><strong>ἕτερον</strong></span> <span class='ocrx_word' id='word_1_191' title='bbox 3471 969 3562 1032; x_wconf 77' lang='grc' dir='ltr'><strong>υίὸς</strong></span> 
     </span>
    </p>
   </div>
   <div class='ocr_carea' id='block_1_26' title="bbox 2065 1050 3584 1123">
    <p class='ocr_par' dir='ltr' id='par_1_26' title="bbox 2065 1050 3584 1123">
     <span class='ocr_line' id='line_1_26' title="bbox 2065 1050 3584 1123; baseline 0.004 -21"><span class='ocrx_word' id='word_1_192' title='bbox 2065 1052 2266 1118; x_wconf 85' lang='grc' dir='ltr'><strong>γίνεται</strong></span> <span class='ocrx_word' id='word_1_193' title='bbox 2305 1051 2459 1113; x_wconf 93' lang='grc' dir='ltr'>Θεοῦ,</span> <span class='ocrx_word' id='word_1_194' title='bbox 2504 1051 2590 1103; x_wconf 79' lang='grc' dir='ltr'><strong>διά</strong></span> <span class='ocrx_word' id='word_1_195' title='bbox 2634 1050 2685 1101; x_wconf 91' lang='grc' dir='ltr'><strong>τί</strong></span> <span class='ocrx_word' id='word_1_196' title='bbox 2717 1050 2842 1118; x_wconf 73' lang='grc' dir='ltr'><strong>οὐχὶ</strong></span> <span class='ocrx_word' id='word_1_197' title='bbox 2880 1052 2972 1102; x_wconf 55' lang='grc' dir='ltr'><strong>καὶ⁹</strong></span> <span class='ocrx_word' id='word_1_198' title='bbox 3008 1051 3462 1116; x_wconf 85' lang='grc' dir='ltr'><strong>πολλαπλασιόνως,</strong></span> <span class='ocrx_word' id='word_1_199' title='bbox 3489 1057 3584 1123; x_wconf 67' lang='grc' dir='ltr'><strong>καὶ.¹</strong></span> 
     </span>
    </p>
   </div>
   <div class='ocr_carea' id='block_1_27' title="bbox 2064 1140 3564 1205">
    <p class='ocr_par' dir='ltr' id='par_1_27' title="bbox 2064 1140 3564 1205">
     <span class='ocr_line' id='line_1_27' title="bbox 2064 1140 3564 1205; baseline 0.003 -13"><span class='ocrx_word' id='word_1_200' title='bbox 2064 1140 2588 1202; x_wconf 83' lang='grc' dir='ltr'><strong>τοσαυταπλασιόνως</strong></span> <span class='ocrx_word' id='word_1_201' title='bbox 2623 1142 3101 1204; x_wconf 79' lang='grc' dir='ltr'><strong>ὁποσαττλασιόνως</strong></span> <span class='ocrx_word' id='word_1_202' title='bbox 3137 1142 3274 1205; x_wconf 78' lang='grc' dir='ltr'><strong>ἄξιον</strong></span> <span class='ocrx_word' id='word_1_203' title='bbox 3303 1146 3428 1195; x_wconf 85' lang='grc' dir='ltr'><strong>νοεῖν</strong></span> <span class='ocrx_word' id='word_1_204' title='bbox 3453 1141 3564 1197; x_wconf 73' lang='grc' dir='ltr'><strong>εἶναι</strong></span> 
     </span>
    </p>
   </div>
   <div class='ocr_carea' id='block_1_28' title="bbox 2063 1228 3562 1302">
    <p class='ocr_par' dir='ltr' id='par_1_28' title="bbox 2063 1228 3562 1302">
     <span class='ocr_line' id='line_1_28' title="bbox 2063 1228 3562 1302; baseline 0.004 -22"><span class='ocrx_word' id='word_1_205' title='bbox 2063 1229 2149 1280; x_wconf 82' lang='grc' dir='ltr'><strong>τὸν</strong></span> <span class='ocrx_word' id='word_1_206' title='bbox 2176 1228 2514 1298; x_wconf 77' lang='grc' dir='ltr'><strong>Πρωτότοκον</strong></span> <span class='ocrx_word' id='word_1_207' title='bbox 2539 1230 2718 1300; x_wconf 84' lang='grc' dir='ltr'><strong>πάσης</strong></span> <span class='ocrx_word' id='word_1_208' title='bbox 2749 1231 2982 1293; x_wconf 80' lang='grc' dir='ltr'><strong>κτίσεως</strong></span> <span class='ocrx_word' id='word_1_209' title='bbox 3008 1230 3128 1282; x_wconf 83' lang='grc' dir='ltr'><strong>Υίὸν</strong></span> <span class='ocrx_word' id='word_1_210' title='bbox 3150 1231 3238 1283; x_wconf 88' lang='grc' dir='ltr'><strong>τοῦ</strong></span> <span class='ocrx_word' id='word_1_211' title='bbox 3285 1231 3405 1284; x_wconf 87' lang='grc' dir='ltr'>Θεοῦ</span> <span class='ocrx_word' id='word_1_212' title='bbox 3440 1235 3562 1302; x_wconf 69' lang='grc' dir='ltr'><strong>παρὰ</strong></span> 
     </span>
    </p>
   </div>
   <div class='ocr_carea' id='block_1_29' title="bbox 2062 1317 3557 1389">
    <p class='ocr_par' dir='ltr' id='par_1_29' title="bbox 2062 1317 3557 1389">
     <span class='ocr_line' id='line_1_29' title="bbox 2062 1317 3557 1389; baseline 0.003 -20"><span class='ocrx_word' id='word_1_213' title='bbox 2062 1318 2184 1378; x_wconf 75' lang='grc' dir='ltr'><strong>τοὺς</strong></span> <span class='ocrx_word' id='word_1_214' title='bbox 2229 1317 2442 1378; x_wconf 86' lang='grc' dir='ltr'><strong>λοιποὺς</strong></span> <span class='ocrx_word' id='word_1_215' title='bbox 2493 1318 2640 1379; x_wconf 80' lang='grc' dir='ltr'><strong>υἱοὺς</strong></span> <span class='ocrx_word' id='word_1_216' title='bbox 2685 1317 2780 1370; x_wconf 86' lang='grc' dir='ltr'><strong>τοῦ</strong></span> <span class='ocrx_word' id='word_1_217' title='bbox 2841 1319 3007 1380; x_wconf 90' lang='grc' dir='ltr'>Θεοῦ,</span> <span class='ocrx_word' id='word_1_218' title='bbox 3073 1319 3163 1370; x_wconf 76' lang='grc' dir='ltr'><strong>καὶ</strong></span> <span class='ocrx_word' id='word_1_219' title='bbox 3225 1320 3340 1381; x_wconf 85' lang='grc' dir='ltr'><strong>τοὺς</strong></span> <span class='ocrx_word' id='word_1_220' title='bbox 3394 1321 3557 1389; x_wconf 83' lang='grc' dir='ltr'><strong>μηκέτι</strong></span> 
     </span>
    </p>
   </div>
   <div class='ocr_carea' id='block_1_30' title="bbox 2064 1405 3556 1476">
    <p class='ocr_par' dir='ltr' id='par_1_30' title="bbox 2064 1405 3556 1476">
     <span class='ocr_line' id='line_1_30' title="bbox 2064 1405 3556 1476; baseline 0.003 -20"><span class='ocrx_word' id='word_1_221' title='bbox 2064 1405 2274 1474; x_wconf 87' lang='grc' dir='ltr'><strong>πνεῦμα</strong></span> <span class='ocrx_word' id='word_1_222' title='bbox 2298 1405 2532 1468; x_wconf 84' lang='grc' dir='ltr'><strong>δουλείας</strong></span> <span class='ocrx_word' id='word_1_223' title='bbox 2573 1405 2790 1475; x_wconf 82' lang='grc' dir='ltr'><strong>ἔχοντας</strong></span> <span class='ocrx_word' id='word_1_224' title='bbox 2829 1408 2908 1468; x_wconf 88' lang='grc' dir='ltr'><strong>είς</strong></span> <span class='ocrx_word' id='word_1_225' title='bbox 2952 1405 3130 1472; x_wconf 79' lang='grc' dir='ltr'><strong>φόΰον,</strong></span> <span class='ocrx_word' id='word_1_226' title='bbox 3163 1406 3269 1458; x_wconf 81' lang='grc' dir='ltr'><strong>ἀλλ’</strong></span> <span class='ocrx_word' id='word_1_227' title='bbox 3312 1407 3556 1476; x_wconf 78' lang='grc' dir='ltr'><strong>εἰληφότας</strong></span> 
     </span>
    </p>
   </div>
   <div class='ocr_carea' id='block_1_31' title="bbox 2063 1491 3555 1563">
    <p class='ocr_par' dir='ltr' id='par_1_31' title="bbox 2063 1491 3555 1563">
     <span class='ocr_line' id='line_1_31' title="bbox 2063 1491 3555 1563; baseline 0.003 -19"><span class='ocrx_word' id='word_1_228' title='bbox 2063 1493 2273 1563; x_wconf 89' lang='grc' dir='ltr'><strong>πνεῦμα</strong></span> <span class='ocrx_word' id='word_1_229' title='bbox 2302 1494 2598 1559; x_wconf 75' lang='grc' dir='ltr'><strong>υἱοθεσίαςς</strong></span> <span class='ocrx_word' id='word_1_230' title='bbox 2631 1495 2781 1563; x_wconf 82' lang='grc' dir='ltr'><strong>Τάχα</strong></span> <span class='ocrx_word' id='word_1_231' title='bbox 2812 1491 2905 1546; x_wconf 79' lang='grc' dir='ltr'>οὖν</span> <span class='ocrx_word' id='word_1_232' title='bbox 2939 1493 3106 1556; x_wconf 78' lang='grc' dir='ltr'><strong>οὕτως</strong></span> <span class='ocrx_word' id='word_1_233' title='bbox 3143 1494 3382 1546; x_wconf 84' lang='grc' dir='ltr'><strong>πλειόνων</strong></span> <span class='ocrx_word' id='word_1_234' title='bbox 3415 1495 3555 1548; x_wconf 70' lang='grc' dir='ltr'><strong>ὄντων</strong></span> 
     </span>
    </p>
   </div>
   <div class='ocr_carea' id='block_1_32' title="bbox 2061 1573 3558 1649">
    <p class='ocr_par' dir='ltr' id='par_1_32' title="bbox 2061 1573 3558 1649">
     <span class='ocr_line' id='line_1_32' title="bbox 2061 1573 3558 1649; baseline 0.001 -20"><span class='ocrx_word' id='word_1_235' title='bbox 2061 1577 2163 1630; x_wconf 78' lang='grc' dir='ltr'><strong>τῶν</strong></span> <span class='ocrx_word' id='word_1_236' title='bbox 2181 1580 2431 1648; x_wconf 80' lang='grc' dir='ltr'><strong>ῥημάτων</strong></span> <span class='ocrx_word' id='word_1_237' title='bbox 2470 1579 2561 1632; x_wconf 88' lang='grc' dir='ltr'><strong>τοῦ</strong></span> <span class='ocrx_word' id='word_1_238' title='bbox 2585 1579 2741 1644; x_wconf 87' lang='grc' dir='ltr'>Θεοῦ,</span> <span class='ocrx_word' id='word_1_239' title='bbox 2764 1581 2822 1630; x_wconf 75' lang='grc' dir='ltr'><strong>οὐ</strong></span> <span class='ocrx_word' id='word_1_240' title='bbox 2858 1579 3023 1648; x_wconf 84' lang='grc' dir='ltr'><strong>μόνον</strong></span> <span class='ocrx_word' id='word_1_241' title='bbox 3049 1578 3156 1630; x_wconf 84' lang='grc' dir='ltr'><strong>τῶν</strong></span> <span class='ocrx_word' id='word_1_242' title='bbox 3179 1573 3558 1649; x_wconf 79' lang='grc' dir='ltr'><strong>ἀναγεγραμμέ·</strong></span> 
     </span>
    </p>
   </div>
   <div class='ocr_carea' id='block_1_33' title="bbox 2061 1666 3558 1736">
    <p class='ocr_par' dir='ltr' id='par_1_33' title="bbox 2061 1666 3558 1736">
     <span class='ocr_line' id='line_1_33' title="bbox 2061 1666 3558 1736; baseline -0.001 -17"><span class='ocrx_word' id='word_1_243' title='bbox 2061 1682 2182 1728; x_wconf 86' lang='grc' dir='ltr'><strong>νων,</strong></span> <span class='ocrx_word' id='word_1_244' title='bbox 2203 1666 2334 1719; x_wconf 82' lang='grc' dir='ltr'><strong>ἀλλὰ</strong></span> <span class='ocrx_word' id='word_1_245' title='bbox 2353 1667 2562 1719; x_wconf 75' lang='grc' dir='ltr'><strong>καὶτῶν</strong></span> <span class='ocrx_word' id='word_1_246' title='bbox 2577 1668 2845 1736; x_wconf 71' lang='grc' dir='ltr'><strong>ἀρρήτων,</strong></span> <span class='ocrx_word' id='word_1_247' title='bbox 2859 1667 2916 1718; x_wconf 84' lang='grc' dir='ltr'><strong>ὃν</strong></span> <span class='ocrx_word' id='word_1_248' title='bbox 2934 1666 2979 1736; x_wconf 96' lang='grc'><strong>(1</strong></span> <span class='ocrx_word' id='word_1_249' title='bbox 2993 1668 3064 1736; x_wconf 69' lang='grc' dir='ltr'><strong>Γ)</strong></span> <span class='ocrx_word' id='word_1_250' title='bbox 3088 1668 3182 1719; x_wconf 82' lang='grc' dir='ltr'><strong>οὐκ</strong></span> <span class='ocrx_word' id='word_1_251' title='bbox 3198 1666 3310 1731; x_wconf 80' lang='grc' dir='ltr'><strong>ἐξὸν</strong></span> <span class='ocrx_word' id='word_1_252' title='bbox 3327 1666 3558 1736; x_wconf 81' lang='grc' dir='ltr'><strong>ἀνθρώπῳ</strong></span> 
     </span>
    </p>
   </div>
   <div class='ocr_carea' id='block_1_34' title="bbox 445 1743 1959 1836">
    <p class='ocr_par' dir='ltr' id='par_1_34' title="bbox 445 1743 1959 1836">
     <span class='ocr_line' id='line_1_34' title="bbox 445 1743 1959 1836; baseline 0.002 -16"><span class='ocrx_word' id='word_1_253' title='bbox 445 1743 590 1829; x_wconf 83' lang='lat' dir='ltr'><strong>sunt,</strong></span> <span class='ocrx_word' id='word_1_254' title='bbox 642 1782 823 1820; x_wconf 89' lang='lat' dir='ltr'><strong>verum</strong></span> <span class='ocrx_word' id='word_1_255' title='bbox 859 1769 1015 1822; x_wconf 88' lang='lat' dir='ltr'><strong>etiam</strong></span> <span class='ocrx_word' id='word_1_256' title='bbox 1069 1769 1371 1830; x_wconf 72' lang='lat' dir='ltr'><strong>ineﬂ’abilia,</strong></span> <span class='ocrx_word' id='word_1_257' title='bbox 1417 1778 1471 1821; x_wconf 93' lang='lat' dir='ltr'><strong>et</strong></span> <span class='ocrx_word' id='word_1_258' title='bbox 1501 1743 1851 1836; x_wconf 42' lang='lat' dir='ltr'><strong>quae-homini</strong></span> <span class='ocrx_word' id='word_1_259' title='bbox 1884 1771 1959 1823; x_wconf 91' lang='lat' dir='ltr'><strong>di-</strong></span> 
     </span>
    </p>
   </div>
   <div class='ocr_carea' id='block_1_35' title="bbox 2055 1743 3555 1836">
    <p class='ocr_par' dir='ltr' id='par_1_35' title="bbox 2060 1743 3555 1825">
     <span class='ocr_line' id='line_1_35' title="bbox 2060 1743 3555 1825; baseline 0.002 -20"><span class='ocrx_word' id='word_1_260' title='bbox 2060 1753 2309 1824; x_wconf 81' lang='grc' dir='ltr'><strong>λαλῆσαι,</strong></span> <span class='ocrx_word' id='word_1_261' title='bbox 2359 1756 2450 1808; x_wconf 75' lang='grc' dir='ltr'><strong>καὶ</strong></span> <span class='ocrx_word' id='word_1_262' title='bbox 2499 1756 2699 1808; x_wconf 79' lang='grc' dir='ltr'><strong>τούτων</strong></span> <span class='ocrx_word' id='word_1_263' title='bbox 2741 1756 2868 1822; x_wconf 82' lang='grc' dir='ltr'>περὶ</span> <span class='ocrx_word' id='word_1_264' title='bbox 2913 1743 2993 1808; x_wconf 79' lang='grc' dir='ltr'><strong>ὧν</strong></span> <span class='ocrx_word' id='word_1_265' title='bbox 3040 1771 3196 1824; x_wconf 78' lang='grc' dir='ltr'><strong>φησιν</strong></span> <span class='ocrx_word' id='word_1_266' title='bbox 3239 1756 3266 1806; x_wconf 80' lang='grc' dir='ltr'>ὁ</span> <span class='ocrx_word' id='word_1_267' title='bbox 3315 1755 3555 1825; x_wconf 56' lang='grc' dir='ltr'><strong>Ἰωάννης</strong></span> 
     </span>
    </p>
   </div>
   <div class='ocr_carea' id='block_1_36' title="bbox 445 1856 1955 1927">
    <p class='ocr_par' dir='ltr' id='par_1_36' title="bbox 445 1856 1955 1927">
     <span class='ocr_line' id='line_1_36' title="bbox 445 1856 1955 1927; baseline 0.005 -22"><span class='ocrx_word' id='word_1_268' title='bbox 445 1870 566 1908; x_wconf 80' lang='lat' dir='ltr'><strong>cere</strong></span> <span class='ocrx_word' id='word_1_269' title='bbox 592 1856 742 1909; x_wconf 79' lang='lat' dir='ltr'><strong>nefas</strong></span> <span class='ocrx_word' id='word_1_270' title='bbox 773 1865 853 1910; x_wconf 90' lang='lat' dir='ltr'><strong>est</strong></span> <span class='ocrx_word' id='word_1_271' title='bbox 894 1859 959 1919; x_wconf 82' lang='lat'><strong>&quot;,</strong></span> <span class='ocrx_word' id='word_1_272' title='bbox 989 1867 1040 1911; x_wconf 91' lang='lat' dir='ltr'><strong>et</strong></span> <span class='ocrx_word' id='word_1_273' title='bbox 1073 1873 1132 1910; x_wconf 82' lang='lat' dir='ltr'><strong>ea</strong></span> <span class='ocrx_word' id='word_1_274' title='bbox 1165 1859 1228 1912; x_wconf 90' lang='lat' dir='ltr'><strong>de</strong></span> <span class='ocrx_word' id='word_1_275' title='bbox 1258 1858 1450 1927; x_wconf 89' lang='lat' dir='ltr'><strong>quibus</strong></span> <span class='ocrx_word' id='word_1_276' title='bbox 1484 1857 1652 1925; x_wconf 89' lang='lat' dir='ltr'><strong>inquit</strong></span> <span class='ocrx_word' id='word_1_277' title='bbox 1679 1856 1909 1912; x_wconf 74' lang='lat' dir='ltr'><strong>Joannes</strong></span> <span class='ocrx_word' id='word_1_278' title='bbox 1943 1878 1955 1912; x_wconf 92' lang='lat'>:</span> 
     </span>
    </p>
   </div>
   <div class='ocr_carea' id='block_1_37' title="bbox 446 1943 1960 2012">
    <p class='ocr_par' dir='ltr' id='par_1_37' title="bbox 446 1943 1960 2012">
     <span class='ocr_line' id='line_1_37' title="bbox 446 1943 1960 2012; baseline 0.001 -16"><span class='ocrx_word' id='word_1_279' title='bbox 446 1943 554 1996; x_wconf 74' lang='lat' dir='ltr'><strong>Nec</strong></span> <span class='ocrx_word' id='word_1_280' title='bbox 579 1945 684 2010; x_wconf 79' lang='lat' dir='ltr'><strong>ipse</strong></span> <span class='ocrx_word' id='word_1_281' title='bbox 715 1944 898 2009; x_wconf 81' lang='lat' dir='ltr'><strong>opinor</strong></span> <span class='ocrx_word' id='word_1_282' title='bbox 933 1945 1151 1996; x_wconf 75' lang='lat' dir='ltr'><strong>mundus</strong></span> <span class='ocrx_word' id='word_1_283' title='bbox 1189 1956 1388 2010; x_wconf 78' lang='lat' dir='ltr'><strong>caperet</strong></span> <span class='ocrx_word' id='word_1_284' title='bbox 1427 1962 1530 2007; x_wconf 80' lang='lat' dir='ltr'><strong>eos,</strong></span> <span class='ocrx_word' id='word_1_285' title='bbox 1560 1946 1648 2012; x_wconf 82' lang='lat' dir='ltr'><strong>qui</strong></span> <span class='ocrx_word' id='word_1_286' title='bbox 1681 1947 1960 1998; x_wconf 79' lang='lat' dir='ltr'><strong>scriberen-</strong></span> 
     </span>
    </p>
   </div>
   <div class='ocr_carea' id='block_1_38' title="bbox 440 2031 1960 2099">
    <p class='ocr_par' dir='ltr' id='par_1_38' title="bbox 440 2031 1960 2099">
     <span class='ocr_line' id='line_1_38' title="bbox 440 2031 1960 2099; baseline 0.001 -15"><span class='ocrx_word' id='word_1_287' title='bbox 440 2042 547 2096; x_wconf 75' lang='lat' dir='ltr'><strong>tur,</strong></span> <span class='ocrx_word' id='word_1_288' title='bbox 570 2032 726 2083; x_wconf 72' lang='lat' dir='ltr'><strong>libros</strong></span> <span class='ocrx_word' id='word_1_289' title='bbox 749 2031 817 2094; x_wconf 76' lang='grc'><strong>⁸⁸,</strong></span> <span class='ocrx_word' id='word_1_290' title='bbox 846 2031 1064 2098; x_wconf 87' lang='lat' dir='ltr'><strong>quilibet</strong></span> <span class='ocrx_word' id='word_1_291' title='bbox 1103 2031 1494 2099; x_wconf 85' lang='lat' dir='ltr'><strong>qualiacunque</strong></span> <span class='ocrx_word' id='word_1_292' title='bbox 1539 2033 1696 2088; x_wconf 86' lang='lat' dir='ltr'><strong>verba</strong></span> <span class='ocrx_word' id='word_1_293' title='bbox 1735 2033 1825 2086; x_wconf 86' lang='lat' dir='ltr'><strong>Dei</strong></span> <span class='ocrx_word' id='word_1_294' title='bbox 1862 2048 1960 2086; x_wconf 85' lang='lat' dir='ltr'><strong>au-</strong></span> 
     </span>
    </p>
   </div>
   <div class='ocr_carea' id='block_1_39' title="bbox 439 2119 1958 2189">
    <p class='ocr_par' dir='ltr' id='par_1_39' title="bbox 439 2119 1958 2189">
     <span class='ocr_line' id='line_1_39' title="bbox 439 2119 1958 2189; baseline 0.004 -19"><span class='ocrx_word' id='word_1_295' title='bbox 439 2120 590 2173; x_wconf 86' lang='lat' dir='ltr'><strong>diens</strong></span> <span class='ocrx_word' id='word_1_296' title='bbox 633 2127 688 2172; x_wconf 71' lang='lat' dir='ltr'><strong>et</strong></span> <span class='ocrx_word' id='word_1_297' title='bbox 720 2119 1033 2186; x_wconf 80' lang='lat' dir='ltr'><strong>intelligens,</strong></span> <span class='ocrx_word' id='word_1_298' title='bbox 1079 2120 1187 2187; x_wconf 84' lang='lat' dir='ltr'><strong>jam</strong></span> <span class='ocrx_word' id='word_1_299' title='bbox 1234 2136 1296 2173; x_wconf 77' lang='lat' dir='ltr'><strong>ex</strong></span> <span class='ocrx_word' id='word_1_300' title='bbox 1349 2121 1453 2173; x_wconf 90' lang='lat' dir='ltr'><strong>Deo</strong></span> <span class='ocrx_word' id='word_1_301' title='bbox 1496 2129 1613 2184; x_wconf 89' lang='lat' dir='ltr'><strong>est;</strong></span> <span class='ocrx_word' id='word_1_302' title='bbox 1665 2129 1718 2175; x_wconf 89' lang='lat' dir='ltr'><strong>et</strong></span> <span class='ocrx_word' id='word_1_303' title='bbox 1761 2130 1958 2189; x_wconf 90' lang='lat' dir='ltr'><strong>quanto</strong></span> 
     </span>
    </p>
   </div>
   <div class='ocr_carea' id='block_1_40' title="bbox 437 2207 1958 2277">
    <p class='ocr_par' dir='ltr' id='par_1_40' title="bbox 437 2207 1958 2277">
     <span class='ocr_line' id='line_1_40' title="bbox 437 2207 1958 2277; baseline 0.001 -17"><span class='ocrx_word' id='word_1_304' title='bbox 437 2207 587 2274; x_wconf 89' lang='lat' dir='ltr'><strong>plura</strong></span> <span class='ocrx_word' id='word_1_305' title='bbox 619 2209 780 2261; x_wconf 82' lang='lat' dir='ltr'><strong>verba</strong></span> <span class='ocrx_word' id='word_1_306' title='bbox 819 2208 908 2261; x_wconf 89' lang='lat' dir='ltr'><strong>Dei</strong></span> <span class='ocrx_word' id='word_1_307' title='bbox 956 2209 1200 2273; x_wconf 89' lang='lat' dir='ltr'><strong>audierit,</strong></span> <span class='ocrx_word' id='word_1_308' title='bbox 1248 2216 1393 2261; x_wconf 90' lang='lat' dir='ltr'><strong>tanto</strong></span> <span class='ocrx_word' id='word_1_309' title='bbox 1432 2209 1597 2277; x_wconf 87' lang='lat' dir='ltr'><strong>magis</strong></span> <span class='ocrx_word' id='word_1_310' title='bbox 1639 2208 1861 2262; x_wconf 83' lang='lat' dir='ltr'><strong>eﬁicitur</strong></span> <span class='ocrx_word' id='word_1_311' title='bbox 1893 2223 1958 2262; x_wconf 80' lang='lat' dir='ltr'><strong>ex</strong></span> 
     </span>
    </p>
   </div>
   <div class='ocr_carea' id='block_1_41' title="bbox 439 2296 1960 2365">
    <p class='ocr_par' dir='ltr' id='par_1_41' title="bbox 439 2296 1960 2365">
     <span class='ocr_line' id='line_1_41' title="bbox 439 2296 1960 2365; baseline 0.001 -17"><span class='ocrx_word' id='word_1_312' title='bbox 439 2296 1073 2362; x_wconf 72' lang='lat' dir='ltr'><strong>Deo;quemadmodum,</strong></span> <span class='ocrx_word' id='word_1_313' title='bbox 1123 2297 1164 2350; x_wconf 89' lang='lat' dir='ltr'><strong>si</strong></span> <span class='ocrx_word' id='word_1_314' title='bbox 1217 2296 1288 2349; x_wconf 88' lang='lat' dir='ltr'><strong>ita</strong></span> <span class='ocrx_word' id='word_1_315' title='bbox 1339 2297 1680 2365; x_wconf 87' lang='lat' dir='ltr'><strong>appellandus</strong></span> <span class='ocrx_word' id='word_1_316' title='bbox 1724 2306 1824 2360; x_wconf 91' lang='lat' dir='ltr'><strong>est,</strong></span> <span class='ocrx_word' id='word_1_317' title='bbox 1863 2297 1960 2350; x_wconf 90' lang='lat' dir='ltr'><strong>ali-</strong></span> 
     </span>
    </p>
   </div>
   <div class='ocr_carea' id='block_1_42' title="bbox 437 2384 1955 2452">
    <p class='ocr_par' dir='ltr' id='par_1_42' title="bbox 437 2384 1955 2452">
     <span class='ocr_line' id='line_1_42' title="bbox 437 2384 1955 2452; baseline 0.003 -17"><span class='ocrx_word' id='word_1_318' title='bbox 437 2386 578 2452; x_wconf 89' lang='lat' dir='ltr'><strong>quis,</strong></span> <span class='ocrx_word' id='word_1_319' title='bbox 609 2384 802 2439; x_wconf 87' lang='lat' dir='ltr'><strong>auditis</strong></span> <span class='ocrx_word' id='word_1_320' title='bbox 826 2385 1070 2438; x_wconf 90' lang='lat' dir='ltr'><strong>omnibus</strong></span> <span class='ocrx_word' id='word_1_321' title='bbox 1113 2384 1202 2438; x_wconf 90' lang='lat' dir='ltr'><strong>Dei</strong></span> <span class='ocrx_word' id='word_1_322' title='bbox 1235 2384 1432 2446; x_wconf 84' lang='lat' dir='ltr'><strong>verbis,</strong></span> <span class='ocrx_word' id='word_1_323' title='bbox 1457 2385 1503 2439; x_wconf 90' lang='lat' dir='ltr'><strong>si</strong></span> <span class='ocrx_word' id='word_1_324' title='bbox 1529 2385 1683 2439; x_wconf 85' lang='lat' dir='ltr'><strong>modo</strong></span> <span class='ocrx_word' id='word_1_325' title='bbox 1717 2387 1765 2439; x_wconf 90' lang='lat' dir='ltr'><strong>id</strong></span> <span class='ocrx_word' id='word_1_326' title='bbox 1800 2385 1955 2440; x_wconf 86' lang='lat' dir='ltr'><strong>cadat</strong></span> 
     </span>
    </p>
   </div>
   <div class='ocr_carea' id='block_1_43' title="bbox 435 2472 1958 2541">
    <p class='ocr_par' dir='ltr' id='par_1_43' title="bbox 435 2472 1958 2541">
     <span class='ocr_line' id='line_1_43' title="bbox 435 2472 1958 2541; baseline 0.002 -15"><span class='ocrx_word' id='word_1_327' title='bbox 435 2475 490 2526; x_wconf 92' lang='lat' dir='ltr'><strong>in</strong></span> <span class='ocrx_word' id='word_1_328' title='bbox 524 2473 753 2541; x_wconf 88' lang='lat' dir='ltr'><strong>aliquem</strong></span> <span class='ocrx_word' id='word_1_329' title='bbox 799 2487 982 2526; x_wconf 88' lang='lat' dir='ltr'><strong>eorum</strong></span> <span class='ocrx_word' id='word_1_330' title='bbox 1033 2474 1125 2539; x_wconf 86' lang='lat' dir='ltr'><strong>qui</strong></span> <span class='ocrx_word' id='word_1_331' title='bbox 1177 2472 1421 2538; x_wconf 80' lang='lat' dir='ltr'><strong>spiritum</strong></span> <span class='ocrx_word' id='word_1_332' title='bbox 1463 2474 1768 2540; x_wconf 84' lang='lat' dir='ltr'><strong>adoptionis</strong></span> <span class='ocrx_word' id='word_1_333' title='bbox 1816 2477 1958 2529; x_wconf 86' lang='lat' dir='ltr'><strong>acci-</strong></span> 
     </span>
    </p>
   </div>
   <div class='ocr_carea' id='block_1_44' title="bbox 435 2557 1952 2628">
    <p class='ocr_par' dir='ltr' id='par_1_44' title="bbox 435 2557 1952 2628">
     <span class='ocr_line' id='line_1_44' title="bbox 435 2557 1952 2628; baseline 0.001 -16"><span class='ocrx_word' id='word_1_334' title='bbox 435 2561 604 2628; x_wconf 87' lang='lat' dir='ltr'><strong>piunt,</strong></span> <span class='ocrx_word' id='word_1_335' title='bbox 647 2557 876 2626; x_wconf 82' lang='lat' dir='ltr'><strong>perfecte</strong></span> <span class='ocrx_word' id='word_1_336' title='bbox 903 2568 958 2612; x_wconf 83' lang='lat' dir='ltr'><strong>et</strong></span> <span class='ocrx_word' id='word_1_337' title='bbox 992 2558 1182 2611; x_wconf 78' lang='lat' dir='ltr'><strong>eximie</strong></span> <span class='ocrx_word' id='word_1_338' title='bbox 1212 2557 1266 2610; x_wconf 95' lang='lat' dir='ltr'><strong>ﬁt</strong></span> <span class='ocrx_word' id='word_1_339' title='bbox 1300 2558 1436 2611; x_wconf 90' lang='lat' dir='ltr'><strong>ﬁlius</strong></span> <span class='ocrx_word' id='word_1_340' title='bbox 1479 2559 1591 2622; x_wconf 89' lang='lat' dir='ltr'><strong>Dei,</strong></span> <span class='ocrx_word' id='word_1_341' title='bbox 1625 2569 1678 2613; x_wconf 88' lang='lat' dir='ltr'><strong>et</strong></span> <span class='ocrx_word' id='word_1_342' title='bbox 1709 2562 1952 2625; x_wconf 90' lang='lat' dir='ltr'><strong>omnino,</strong></span> 
     </span>
    </p>
   </div>
   <div class='ocr_carea' id='block_1_45' title="bbox 437 2645 1956 2709">
    <p class='ocr_par' dir='ltr' id='par_1_45' title="bbox 437 2645 1956 2709">
     <span class='ocr_line' id='line_1_45' title="bbox 437 2645 1956 2709; baseline 0 -7"><span class='ocrx_word' id='word_1_343' title='bbox 437 2660 493 2702; x_wconf 89' lang='lat' dir='ltr'><strong>et</strong></span> <span class='ocrx_word' id='word_1_344' title='bbox 515 2648 768 2709; x_wconf 85' lang='lat' dir='ltr'><strong>totaliter,</strong></span> <span class='ocrx_word' id='word_1_345' title='bbox 801 2656 855 2700; x_wconf 91' lang='lat' dir='ltr'><strong>et</strong></span> <span class='ocrx_word' id='word_1_346' title='bbox 876 2655 1016 2700; x_wconf 89' lang='lat' dir='ltr'><strong>totus</strong></span> <span class='ocrx_word' id='word_1_347' title='bbox 1041 2660 1108 2698; x_wconf 80' lang='lat' dir='ltr'><strong>ex</strong></span> <span class='ocrx_word' id='word_1_348' title='bbox 1139 2645 1266 2699; x_wconf 90' lang='lat' dir='ltr'><strong>Deo.</strong></span> <span class='ocrx_word' id='word_1_349' title='bbox 1302 2647 1590 2700; x_wconf 86' lang='lat' dir='ltr'><strong>Candidius</strong></span> <span class='ocrx_word' id='word_1_350' title='bbox 1625 2655 1798 2701; x_wconf 88' lang='lat' dir='ltr'><strong>autem</strong></span> <span class='ocrx_word' id='word_1_351' title='bbox 1833 2657 1956 2702; x_wconf 89' lang='lat' dir='ltr'><strong>sunt</strong></span> 
     </span>
    </p>
   </div>
   <div class='ocr_carea' id='block_1_46' title="bbox 439 2737 1955 2805">
    <p class='ocr_par' dir='ltr' id='par_1_46' title="bbox 439 2737 1955 2805">
     <span class='ocr_line' id='line_1_46' title="bbox 439 2737 1955 2805; baseline 0.001 -15"><span class='ocrx_word' id='word_1_352' title='bbox 439 2737 796 2805; x_wconf 68' lang='lat' dir='ltr'><strong>intelligenda:</strong></span> <span class='ocrx_word' id='word_1_353' title='bbox 831 2737 930 2790; x_wconf 74' lang='lat' dir='ltr'><strong>illa:</strong></span> <span class='ocrx_word' id='word_1_354' title='bbox 974 2737 1174 2791; x_wconf 69' lang='lat' dir='ltr'><strong>vocula:</strong></span> <span class='ocrx_word' id='word_1_355' title='bbox 1208 2737 1436 2790; x_wconf 83' lang='lat' dir='ltr'><strong>totaliter</strong></span> <span class='ocrx_word' id='word_1_356' title='bbox 1465 2747 1518 2791; x_wconf 93' lang='lat' dir='ltr'><strong>et</strong></span> <span class='ocrx_word' id='word_1_357' title='bbox 1553 2747 1715 2798; x_wconf 79' lang='lat' dir='ltr'><strong>totus,</strong></span> <span class='ocrx_word' id='word_1_358' title='bbox 1766 2747 1825 2791; x_wconf 87' lang='lat' dir='ltr'><strong>ut</strong></span> <span class='ocrx_word' id='word_1_359' title='bbox 1871 2753 1955 2792; x_wconf 84' lang='lat' dir='ltr'><strong>re-</strong></span> 
     </span>
    </p>
   </div>
   <div class='ocr_carea' id='block_1_47' title="bbox 436 2826 1955 2897">
    <p class='ocr_par' dir='ltr' id='par_1_47' title="bbox 436 2826 1955 2897">
     <span class='ocr_line' id='line_1_47' title="bbox 436 2826 1955 2897; baseline 0 -17"><span class='ocrx_word' id='word_1_360' title='bbox 436 2830 730 2897; x_wconf 72' lang='lat' dir='ltr'><strong>spondeant</strong></span> <span class='ocrx_word' id='word_1_361' title='bbox 754 2828 876 2881; x_wconf 86' lang='lat' dir='ltr'><strong>totis</strong></span> <span class='ocrx_word' id='word_1_362' title='bbox 901 2827 1247 2894; x_wconf 81' lang='lat' dir='ltr'><strong>dogmatibus,</strong></span> <span class='ocrx_word' id='word_1_363' title='bbox 1279 2827 1373 2880; x_wconf 90' lang='lat' dir='ltr'><strong>toti</strong></span> <span class='ocrx_word' id='word_1_364' title='bbox 1409 2826 1696 2895; x_wconf 83' lang='lat' dir='ltr'><strong>c0guitioni</strong></span> <span class='ocrx_word' id='word_1_365' title='bbox 1741 2833 1794 2880; x_wconf 86' lang='lat' dir='ltr'><strong>et</strong></span> <span class='ocrx_word' id='word_1_366' title='bbox 1833 2827 1955 2880; x_wconf 86' lang='lat' dir='ltr'><strong>totis</strong></span> 
     </span>
    </p>
   </div>
   <div class='ocr_carea' id='block_1_48' title="bbox 435 2914 1954 2984">
    <p class='ocr_par' dir='ltr' id='par_1_48' title="bbox 435 2914 1954 2984">
     <span class='ocr_line' id='line_1_48' title="bbox 435 2914 1954 2984; baseline -0.001 -16"><span class='ocrx_word' id='word_1_367' title='bbox 435 2916 719 2984; x_wconf 88' lang='lat' dir='ltr'><strong>mysteriis,</strong></span> <span class='ocrx_word' id='word_1_368' title='bbox 754 2915 884 2968; x_wconf 89' lang='lat' dir='ltr'><strong>adeo</strong></span> <span class='ocrx_word' id='word_1_369' title='bbox 909 2923 966 2967; x_wconf 93' lang='lat' dir='ltr'><strong>ut</strong></span> <span class='ocrx_word' id='word_1_370' title='bbox 997 2923 1135 2967; x_wconf 91' lang='lat' dir='ltr'><strong>totus</strong></span> <span class='ocrx_word' id='word_1_371' title='bbox 1161 2924 1214 2968; x_wconf 94' lang='lat' dir='ltr'><strong>et</strong></span> <span class='ocrx_word' id='word_1_372' title='bbox 1243 2914 1473 2966; x_wconf 87' lang='lat' dir='ltr'><strong>totaliter</strong></span> <span class='ocrx_word' id='word_1_373' title='bbox 1517 2915 1662 2967; x_wconf 88' lang='lat' dir='ltr'><strong>dicat</strong></span> <span class='ocrx_word' id='word_1_374' title='bbox 1711 2927 1770 2968; x_wconf 88' lang='lat' dir='ltr'><strong>se</strong></span> <span class='ocrx_word' id='word_1_375' title='bbox 1807 2915 1954 2982; x_wconf 78' lang='lat' dir='ltr'><strong>geni-</strong></span> 
     </span>
    </p>
   </div>
   <div class='ocr_carea' id='block_1_49' title="bbox 437 3003 2018 3096">
    <p class='ocr_par' dir='ltr' id='par_1_49' title="bbox 437 3003 2018 3096">
     <span class='ocr_line' id='line_1_49' title="bbox 437 3003 2018 3096; baseline 0.001 -41"><span class='ocrx_word' id='word_1_376' title='bbox 437 3012 544 3056; x_wconf 91' lang='lat' dir='ltr'><strong>tum</strong></span> <span class='ocrx_word' id='word_1_377' title='bbox 569 3019 634 3056; x_wconf 81' lang='lat' dir='ltr'><strong>ex</strong></span> <span class='ocrx_word' id='word_1_378' title='bbox 671 3003 799 3066; x_wconf 91' lang='lat' dir='ltr'><strong>Deo,</strong></span> <span class='ocrx_word' id='word_1_379' title='bbox 823 3004 911 3071; x_wconf 89' lang='lat' dir='ltr'><strong>qui</strong></span> <span class='ocrx_word' id='word_1_380' title='bbox 944 3003 1151 3056; x_wconf 87' lang='lat' dir='ltr'><strong>noverit</strong></span> <span class='ocrx_word' id='word_1_381' title='bbox 1178 3005 1354 3058; x_wconf 88' lang='lat' dir='ltr'><strong>omnia</strong></span> <span class='ocrx_word' id='word_1_382' title='bbox 1379 3003 1630 3072; x_wconf 84' lang='lat' dir='ltr'><strong>mysteria</strong></span> <span class='ocrx_word' id='word_1_383' title='bbox 1656 3011 1709 3056; x_wconf 87' lang='lat' dir='ltr'><strong>et</strong></span> <span class='ocrx_word' id='word_1_384' title='bbox 1739 3018 1949 3058; x_wconf 89' lang='lat' dir='ltr'><strong>omnem</strong></span> <span class='ocrx_word' id='word_1_385' title='bbox 1979 3042 2018 3096; x_wconf 62' lang='grc' dir='ltr'><strong>Ο</strong></span> 
     </span>
    </p>
   </div>
   <div class='ocr_carea' id='block_1_50' title="bbox 435 3091 1954 3160">
    <p class='ocr_par' dir='ltr' id='par_1_50' title="bbox 435 3091 1954 3160">
     <span class='ocr_line' id='line_1_50' title="bbox 435 3091 1954 3160; baseline 0.002 -17"><span class='ocrx_word' id='word_1_386' title='bbox 435 3092 807 3160; x_wconf 83' lang='lat' dir='ltr'><strong>cognitionem,</strong></span> <span class='ocrx_word' id='word_1_387' title='bbox 849 3091 1078 3145; x_wconf 79' lang='lat' dir='ltr'><strong>feliciter</strong></span> <span class='ocrx_word' id='word_1_388' title='bbox 1104 3091 1264 3145; x_wconf 91' lang='lat' dir='ltr'><strong>etiam</strong></span> <span class='ocrx_word' id='word_1_389' title='bbox 1296 3093 1460 3160; x_wconf 73' lang='lat' dir='ltr'><strong>gestis</strong></span> <span class='ocrx_word' id='word_1_390' title='bbox 1510 3106 1628 3158; x_wconf 67' lang='lat' dir='ltr'><strong>quae</strong></span> <span class='ocrx_word' id='word_1_391' title='bbox 1666 3100 1787 3145; x_wconf 89' lang='lat' dir='ltr'><strong>sunt</strong></span> <span class='ocrx_word' id='word_1_392' title='bbox 1834 3107 1954 3160; x_wconf 83' lang='lat' dir='ltr'><strong>per-</strong></span> 
     </span>
    </p>
   </div>
   <div class='ocr_carea' id='block_1_51' title="bbox 433 3183 1955 3252">
    <p class='ocr_par' dir='ltr' id='par_1_51' title="bbox 433 3183 1955 3252">
     <span class='ocr_line' id='line_1_51' title="bbox 433 3183 1955 3252; baseline 0.002 -16"><span class='ocrx_word' id='word_1_393' title='bbox 433 3185 582 3238; x_wconf 67' lang='lat' dir='ltr'><strong>fectae</strong></span> <span class='ocrx_word' id='word_1_394' title='bbox 611 3184 928 3238; x_wconf 88' lang='lat' dir='ltr'><strong>dilectionis.</strong></span> <span class='ocrx_word' id='word_1_395' title='bbox 958 3183 1088 3238; x_wconf 79' lang='lat' dir='ltr'><strong>Vide</strong></span> <span class='ocrx_word' id='word_1_396' title='bbox 1111 3198 1238 3236; x_wconf 89' lang='lat' dir='ltr'><strong>vero</strong></span> <span class='ocrx_word' id='word_1_397' title='bbox 1255 3199 1319 3237; x_wconf 88' lang='lat' dir='ltr'><strong>an</strong></span> <span class='ocrx_word' id='word_1_398' title='bbox 1349 3184 1391 3237; x_wconf 92' lang='lat' dir='ltr'><strong>is</strong></span> <span class='ocrx_word' id='word_1_399' title='bbox 1421 3196 1806 3252; x_wconf 88' lang='lat' dir='ltr'><strong>consequenter</strong></span> <span class='ocrx_word' id='word_1_400' title='bbox 1829 3185 1955 3239; x_wconf 86' lang='lat' dir='ltr'><strong>huic</strong></span> 
     </span>
    </p>
   </div>
   <div class='ocr_carea' id='block_1_52' title="bbox 433 3273 1956 3340">
    <p class='ocr_par' dir='ltr' id='par_1_52' title="bbox 433 3273 1956 3340">
     <span class='ocr_line' id='line_1_52' title="bbox 433 3273 1956 3340; baseline 0.001 -15"><span class='ocrx_word' id='word_1_401' title='bbox 433 3273 612 3326; x_wconf 87' lang='lat' dir='ltr'><strong>dicto:</strong></span> <span class='ocrx_word' id='word_1_402' title='bbox 653 3273 734 3325; x_wconf 79' lang='lat' dir='ltr'><strong>Ea:</strong></span> <span class='ocrx_word' id='word_1_403' title='bbox 761 3283 904 3340; x_wconf 82' lang='lat' dir='ltr'><strong>parte</strong></span> <span class='ocrx_word' id='word_1_404' title='bbox 931 3274 1306 3340; x_wconf 69' lang='lat' dir='ltr'><strong>cognoscimus,</strong></span> <span class='ocrx_word' id='word_1_405' title='bbox 1331 3282 1376 3324; x_wconf 84' lang='lat' dir='ltr'><strong>et</strong></span> <span class='ocrx_word' id='word_1_406' title='bbox 1407 3287 1470 3324; x_wconf 75' lang='lat' dir='ltr'><strong>ea:</strong></span> <span class='ocrx_word' id='word_1_407' title='bbox 1501 3282 1645 3339; x_wconf 85' lang='lat' dir='ltr'><strong>parte</strong></span> <span class='ocrx_word' id='word_1_408' title='bbox 1681 3273 1956 3340; x_wconf 79' lang='lat' dir='ltr'><strong>propheta-</strong></span> 
     </span>
    </p>
   </div>
   <div class='ocr_carea' id='block_1_53' title="bbox 432 3358 1950 3426">
    <p class='ocr_par' dir='ltr' id='par_1_53' title="bbox 432 3358 1950 3426">
     <span class='ocr_line' id='line_1_53' title="bbox 432 3358 1950 3426; baseline 0.001 -15"><span class='ocrx_word' id='word_1_409' title='bbox 432 3375 544 3412; x_wconf 76' lang='lat' dir='ltr'><strong>mus</strong></span> <span class='ocrx_word' id='word_1_410' title='bbox 569 3360 636 3420; x_wconf 77' lang='lat'><strong>“,</strong></span> <span class='ocrx_word' id='word_1_411' title='bbox 663 3359 827 3424; x_wconf 87' lang='lat' dir='ltr'><strong>possit</strong></span> <span class='ocrx_word' id='word_1_412' title='bbox 856 3358 1034 3411; x_wconf 88' lang='lat' dir='ltr'><strong>dicere</strong></span> <span class='ocrx_word' id='word_1_413' title='bbox 1062 3374 1074 3408; x_wconf 91' lang='lat'><strong>:</strong></span> <span class='ocrx_word' id='word_1_414' title='bbox 1102 3359 1166 3410; x_wconf 89' lang='lat' dir='ltr'><strong>Et</strong></span> <span class='ocrx_word' id='word_1_415' title='bbox 1191 3371 1255 3409; x_wconf 76' lang='lat' dir='ltr'><strong>ex</strong></span> <span class='ocrx_word' id='word_1_416' title='bbox 1304 3366 1452 3426; x_wconf 84' lang='lat' dir='ltr'><strong>parte</strong></span> <span class='ocrx_word' id='word_1_417' title='bbox 1483 3372 1666 3411; x_wconf 90' lang='lat' dir='ltr'><strong>sumus</strong></span> <span class='ocrx_word' id='word_1_418' title='bbox 1705 3359 1797 3412; x_wconf 82' lang='lat' dir='ltr'><strong>lilii</strong></span> <span class='ocrx_word' id='word_1_419' title='bbox 1828 3358 1950 3424; x_wconf 84' lang='lat' dir='ltr'><strong>Dei;</strong></span> 
     </span>
    </p>
   </div>
   <div class='ocr_carea' id='block_1_54' title="bbox 434 3445 1953 3514">
    <p class='ocr_par' dir='ltr' id='par_1_54' title="bbox 434 3445 1953 3514">
     <span class='ocr_line' id='line_1_54' title="bbox 434 3445 1953 3514; baseline 0.003 -16"><span class='ocrx_word' id='word_1_420' title='bbox 434 3457 484 3498; x_wconf 86' lang='lat' dir='ltr'><strong>et</strong></span> <span class='ocrx_word' id='word_1_421' title='bbox 518 3461 763 3498; x_wconf 86' lang='lat' dir='ltr'><strong>rursum:</strong></span> <span class='ocrx_word' id='word_1_422' title='bbox 799 3445 925 3496; x_wconf 83' lang='lat' dir='ltr'><strong>Cum</strong></span> <span class='ocrx_word' id='word_1_423' title='bbox 969 3446 1225 3498; x_wconf 80' lang='lat' dir='ltr'><strong>aduenerit</strong></span> <span class='ocrx_word' id='word_1_424' title='bbox 1262 3447 1396 3514; x_wconf 77' lang='lat' dir='ltr'><strong>quod</strong></span> <span class='ocrx_word' id='word_1_425' title='bbox 1435 3446 1717 3514; x_wconf 82' lang='lat' dir='ltr'><strong>perfectum</strong></span> <span class='ocrx_word' id='word_1_426' title='bbox 1759 3456 1861 3511; x_wconf 71' lang='lat' dir='ltr'><strong>est,</strong></span> <span class='ocrx_word' id='word_1_427' title='bbox 1897 3457 1953 3502; x_wconf 82' lang='lat' dir='ltr'><strong>et</strong></span> 
     </span>
    </p>
   </div>
   <div class='ocr_carea' id='block_1_55' title="bbox 433 3535 1954 3602">
    <p class='ocr_par' dir='ltr' id='par_1_55' title="bbox 433 3535 1954 3602">
     <span class='ocr_line' id='line_1_55' title="bbox 433 3535 1954 3602; baseline 0.003 -17"><span class='ocrx_word' id='word_1_428' title='bbox 433 3535 569 3602; x_wconf 82' lang='lat' dir='ltr'><strong>quod</strong></span> <span class='ocrx_word' id='word_1_429' title='bbox 615 3549 684 3585; x_wconf 72' lang='lat' dir='ltr'><strong>ea:</strong></span> <span class='ocrx_word' id='word_1_430' title='bbox 723 3543 867 3600; x_wconf 83' lang='lat' dir='ltr'><strong>parte</strong></span> <span class='ocrx_word' id='word_1_431' title='bbox 915 3543 988 3586; x_wconf 76' lang='lat' dir='ltr'><strong>est</strong></span> <span class='ocrx_word' id='word_1_432' title='bbox 1043 3543 1337 3587; x_wconf 72' lang='lat' dir='ltr'><strong>eraruutum</strong></span> <span class='ocrx_word' id='word_1_433' title='bbox 1384 3536 1570 3601; x_wconf 80' lang='lat' dir='ltr'><strong>fuerit;</strong></span> <span class='ocrx_word' id='word_1_434' title='bbox 1604 3545 1656 3589; x_wconf 88' lang='lat' dir='ltr'><strong>et</strong></span> <span class='ocrx_word' id='word_1_435' title='bbox 1683 3535 1954 3602; x_wconf 79' lang='lat' dir='ltr'><strong>perfectis-</strong></span> 
     </span>
    </p>
   </div>
   <div class='ocr_carea' id='block_1_56' title="bbox 383 3622 1951 3698">
    <p class='ocr_par' dir='ltr' id='par_1_56' title="bbox 383 3622 1951 3698">
     <span class='ocr_line' id='line_1_56' title="bbox 383 3622 1951 3698; baseline 0.001 -22"><span class='ocrx_word' id='word_1_436' title='bbox 383 3656 388 3660; x_wconf 91' lang='lat'><strong><em>-</em></strong></span> <span class='ocrx_word' id='word_1_437' title='bbox 425 3623 566 3676; x_wconf 75' lang='lat' dir='ltr'><strong>sime</strong></span> <span class='ocrx_word' id='word_1_438' title='bbox 593 3623 734 3675; x_wconf 82' lang='lat' dir='ltr'><strong>ratio</strong></span> <span class='ocrx_word' id='word_1_439' title='bbox 773 3637 878 3698; x_wconf 81' lang='lat' dir='ltr'><strong>qua</strong></span> <span class='ocrx_word' id='word_1_440' title='bbox 903 3622 1021 3689; x_wconf 89' lang='lat' dir='ltr'><strong>quis</strong></span> <span class='ocrx_word' id='word_1_441' title='bbox 1043 3636 1160 3676; x_wconf 87' lang='lat' dir='ltr'><strong>esse</strong></span> <span class='ocrx_word' id='word_1_442' title='bbox 1203 3631 1377 3690; x_wconf 92' lang='lat' dir='ltr'><strong>potest</strong></span> <span class='ocrx_word' id='word_1_443' title='bbox 1408 3623 1544 3676; x_wconf 86' lang='lat' dir='ltr'><strong>ﬁlius</strong></span> <span class='ocrx_word' id='word_1_444' title='bbox 1570 3625 1659 3677; x_wconf 93' lang='lat' dir='ltr'><strong>Dei</strong></span> <span class='ocrx_word' id='word_1_445' title='bbox 1686 3624 1951 3687; x_wconf 87' lang='lat' dir='ltr'><strong>adveniet,</strong></span> 
     </span>
    </p>
   </div>
   <div class='ocr_carea' id='block_1_57' title="bbox 417 3711 1950 3778">
    <p class='ocr_par' dir='ltr' id='par_1_57' title="bbox 417 3711 1950 3778">
     <span class='ocr_line' id='line_1_57' title="bbox 417 3711 1950 3778; baseline 0.001 -14"><span class='ocrx_word' id='word_1_446' title='bbox 417 3725 694 3764; x_wconf 82' lang='lat' dir='ltr'><strong>-evacuans</strong></span> <span class='ocrx_word' id='word_1_447' title='bbox 719 3711 896 3778; x_wconf 83' lang='lat' dir='ltr'><strong>id-quo</strong></span> <span class='ocrx_word' id='word_1_448' title='bbox 919 3712 1041 3764; x_wconf 74' lang='lat' dir='ltr'><strong>aliis</strong></span> <span class='ocrx_word' id='word_1_449' title='bbox 1058 3726 1122 3764; x_wconf 79' lang='lat' dir='ltr'><strong>cx</strong></span> <span class='ocrx_word' id='word_1_450' title='bbox 1152 3718 1301 3778; x_wconf 82' lang='lat' dir='ltr'><strong>parte</strong></span> <span class='ocrx_word' id='word_1_451' title='bbox 1325 3711 1462 3763; x_wconf 90' lang='lat' dir='ltr'><strong>ﬁlius</strong></span> <span class='ocrx_word' id='word_1_452' title='bbox 1488 3711 1579 3763; x_wconf 89' lang='lat' dir='ltr'><strong>Dei</strong></span> <span class='ocrx_word' id='word_1_453' title='bbox 1598 3720 1696 3766; x_wconf 90' lang='lat' dir='ltr'><strong>est.</strong></span> <span class='ocrx_word' id='word_1_454' title='bbox 1720 3711 1827 3767; x_wconf 80' lang='lat' dir='ltr'><strong>Nec</strong></span> <span class='ocrx_word' id='word_1_455' title='bbox 1852 3713 1950 3766; x_wconf 91' lang='lat' dir='ltr'><strong>hoc</strong></span> 
     </span>
    </p>
   </div>
   <div class='ocr_carea' id='block_1_58' title="bbox 430 3800 1951 3870">
    <p class='ocr_par' dir='ltr' id='par_1_58' title="bbox 430 3800 1951 3870">
     <span class='ocr_line' id='line_1_58' title="bbox 430 3800 1951 3870; baseline 0.001 -17"><span class='ocrx_word' id='word_1_456' title='bbox 430 3801 638 3853; x_wconf 82' lang='lat' dir='ltr'><strong>siuatur</strong></span> <span class='ocrx_word' id='word_1_457' title='bbox 659 3801 935 3863; x_wconf 89' lang='lat' dir='ltr'><strong>intactum,</strong></span> <span class='ocrx_word' id='word_1_458' title='bbox 955 3815 1078 3852; x_wconf 82' lang='lat' dir='ltr'><strong>num</strong></span> <span class='ocrx_word' id='word_1_459' title='bbox 1103 3800 1214 3852; x_wconf 91' lang='lat' dir='ltr'><strong>ﬁeri</strong></span> <span class='ocrx_word' id='word_1_460' title='bbox 1236 3801 1401 3868; x_wconf 90' lang='lat' dir='ltr'><strong>possit</strong></span> <span class='ocrx_word' id='word_1_461' title='bbox 1425 3809 1483 3854; x_wconf 92' lang='lat' dir='ltr'><strong>ut</strong></span> <span class='ocrx_word' id='word_1_462' title='bbox 1505 3801 1694 3870; x_wconf 90' lang='lat' dir='ltr'><strong>aliquis</strong></span> <span class='ocrx_word' id='word_1_463' title='bbox 1717 3817 1780 3856; x_wconf 82' lang='lat' dir='ltr'><strong>ex</strong></span> <span class='ocrx_word' id='word_1_464' title='bbox 1803 3812 1951 3870; x_wconf 90' lang='lat' dir='ltr'><strong>parte</strong></span> 
     </span>
    </p>
   </div>
   <div class='ocr_carea' id='block_1_59' title="bbox 382 3887 1948 3958">
    <p class='ocr_par' dir='ltr' id='par_1_59' title="bbox 382 3887 1948 3958">
     <span class='ocr_line' id='line_1_59' title="bbox 382 3887 1948 3958; baseline 0.004 -20"><span class='ocrx_word' id='word_1_465' title='bbox 382 3887 502 3938; x_wconf 7' lang='lat' dir='ltr'><strong>usit</strong></span> <span class='ocrx_word' id='word_1_466' title='bbox 551 3888 688 3941; x_wconf 85' lang='lat' dir='ltr'><strong>ﬁlius</strong></span> <span class='ocrx_word' id='word_1_467' title='bbox 745 3889 1132 3957; x_wconf 70' lang='lat' dir='ltr'><strong>praestantioris</strong></span> <span class='ocrx_word' id='word_1_468' title='bbox 1190 3889 1396 3956; x_wconf 84' lang='lat' dir='ltr'><strong>partis,</strong></span> <span class='ocrx_word' id='word_1_469' title='bbox 1465 3904 1653 3958; x_wconf 86' lang='lat' dir='ltr'><strong>nempe</strong></span> <span class='ocrx_word' id='word_1_470' title='bbox 1719 3891 1948 3953; x_wconf 64' lang='lat' dir='ltr'><strong>divinae,</strong></span> 
     </span>
    </p>
   </div>
   <div class='ocr_carea' id='block_1_60' title="bbox 431 3972 1948 4041">
    <p class='ocr_par' dir='ltr' id='par_1_60' title="bbox 431 3972 1948 4041">
     <span class='ocr_line' id='line_1_60' title="bbox 431 3972 1948 4041; baseline 0 -15"><span class='ocrx_word' id='word_1_471' title='bbox 431 3972 588 4040; x_wconf 79' lang='lat'><strong>353</strong></span> <span class='ocrx_word' id='word_1_472' title='bbox 611 3983 664 4027; x_wconf 89' lang='lat' dir='ltr'><strong>et</strong></span> <span class='ocrx_word' id='word_1_473' title='bbox 696 3987 757 4027; x_wconf 77' lang='lat' dir='ltr'><strong>ex</strong></span> <span class='ocrx_word' id='word_1_474' title='bbox 798 3984 948 4041; x_wconf 91' lang='lat' dir='ltr'><strong>parte</strong></span> <span class='ocrx_word' id='word_1_475' title='bbox 981 3975 1052 4027; x_wconf 89' lang='lat' dir='ltr'><strong>sit</strong></span> <span class='ocrx_word' id='word_1_476' title='bbox 1077 3974 1298 4028; x_wconf 85' lang='lat' dir='ltr'><strong>alterius</strong></span> <span class='ocrx_word' id='word_1_477' title='bbox 1338 3974 1502 4038; x_wconf 82' lang='lat' dir='ltr'><strong>partis</strong></span> <span class='ocrx_word' id='word_1_478' title='bbox 1540 3975 1851 4038; x_wconf 70' lang='lat' dir='ltr'><strong>contrariae;</strong></span> <span class='ocrx_word' id='word_1_479' title='bbox 1885 3989 1948 4027; x_wconf 84' lang='lat' dir='ltr'><strong>an</strong></span> 
     </span>
    </p>
   </div>
   <div class='ocr_carea' id='block_1_61' title="bbox 385 4061 1950 4129">
    <p class='ocr_par' dir='ltr' id='par_1_61' title="bbox 385 4061 1950 4129">
     <span class='ocr_line' id='line_1_61' title="bbox 385 4061 1950 4129; baseline 0.001 -15"><span class='ocrx_word' id='word_1_480' title='bbox 385 4089 390 4092; x_wconf 92' lang='lat'><strong><em>-</em></strong></span> <span class='ocrx_word' id='word_1_481' title='bbox 434 4063 614 4127; x_wconf 84' lang='lat' dir='ltr'><strong>potius</strong></span> <span class='ocrx_word' id='word_1_482' title='bbox 641 4061 739 4114; x_wconf 91' lang='lat' dir='ltr'><strong>hoc</strong></span> <span class='ocrx_word' id='word_1_483' title='bbox 773 4062 1098 4129; x_wconf 88' lang='lat' dir='ltr'><strong>impossibile</strong></span> <span class='ocrx_word' id='word_1_484' title='bbox 1141 4063 1210 4116; x_wconf 92' lang='lat' dir='ltr'><strong>sit</strong></span> <span class='ocrx_word' id='word_1_485' title='bbox 1253 4063 1330 4116; x_wconf 90' lang='lat' dir='ltr'><strong>sic</strong></span> <span class='ocrx_word' id='word_1_486' title='bbox 1353 4076 1411 4115; x_wconf 89' lang='lat' dir='ltr'><strong>se</strong></span> <span class='ocrx_word' id='word_1_487' title='bbox 1451 4063 1665 4116; x_wconf 85' lang='lat' dir='ltr'><strong>habere.</strong></span> <span class='ocrx_word' id='word_1_488' title='bbox 1695 4062 1950 4116; x_wconf 90' lang='lat' dir='ltr'><strong>Similiter</strong></span> 
     </span>
    </p>
   </div>
   <div class='ocr_carea' id='block_1_62' title="bbox 421 4150 1941 4219">
    <p class='ocr_par' dir='ltr' id='par_1_62' title="bbox 421 4150 1941 4219">
     <span class='ocr_line' id='line_1_62' title="bbox 421 4150 1941 4219; baseline 0.001 -17"><span class='ocrx_word' id='word_1_489' title='bbox 421 4150 668 4216; x_wconf 64' lang='lat' dir='ltr'><strong>rinquires</strong></span> <span class='ocrx_word' id='word_1_490' title='bbox 693 4151 956 4218; x_wconf 85' lang='lat' dir='ltr'><strong>quomodo</strong></span> <span class='ocrx_word' id='word_1_491' title='bbox 983 4150 1133 4204; x_wconf 90' lang='lat' dir='ltr'><strong>multi</strong></span> <span class='ocrx_word' id='word_1_492' title='bbox 1161 4152 1324 4204; x_wconf 88' lang='lat' dir='ltr'><strong>unius</strong></span> <span class='ocrx_word' id='word_1_493' title='bbox 1353 4152 1518 4219; x_wconf 87' lang='lat' dir='ltr'><strong>patris</strong></span> <span class='ocrx_word' id='word_1_494' title='bbox 1541 4153 1781 4204; x_wconf 89' lang='lat' dir='ltr'><strong>dicantur</strong></span> <span class='ocrx_word' id='word_1_495' title='bbox 1813 4150 1902 4204; x_wconf 90' lang='lat' dir='ltr'><strong>ﬁlii</strong></span> <span class='ocrx_word' id='word_1_496' title='bbox 1927 4167 1941 4214; x_wconf 91' lang='lat'><strong>;</strong></span> 
     </span>
    </p>
   </div>
   <div class='ocr_carea' id='block_1_63' title="bbox 435 4233 1948 4304">
    <p class='ocr_par' dir='ltr' id='par_1_63' title="bbox 435 4233 1948 4304">
     <span class='ocr_line' id='line_1_63' title="bbox 435 4233 1948 4304; baseline 0.001 -20"><span class='ocrx_word' id='word_1_497' title='bbox 435 4243 847 4300; x_wconf 47' lang='lat' dir='ltr'><strong>utrumrpropter</strong></span> <span class='ocrx_word' id='word_1_498' title='bbox 871 4248 1114 4300; x_wconf 81' lang='lat' dir='ltr'><strong>proavos,</strong></span> <span class='ocrx_word' id='word_1_499' title='bbox 1148 4245 1201 4288; x_wconf 93' lang='lat' dir='ltr'><strong>et</strong></span> <span class='ocrx_word' id='word_1_500' title='bbox 1229 4245 1446 4304; x_wconf 88' lang='lat' dir='ltr'><strong>propter</strong></span> <span class='ocrx_word' id='word_1_501' title='bbox 1470 4248 1808 4288; x_wconf 86' lang='lat' dir='ltr'><strong>successores</strong></span> <span class='ocrx_word' id='word_1_502' title='bbox 1834 4233 1948 4286; x_wconf 88' lang='lat' dir='ltr'><strong>illo-</strong></span> 
     </span>
    </p>
   </div>
   <div class='ocr_carea' id='block_1_64' title="bbox 2062 1841 3561 1911">
    <p class='ocr_par' dir='ltr' id='par_1_64' title="bbox 2062 1841 3561 1911">
     <span class='ocr_line' id='line_1_64' title="bbox 2062 1841 3561 1911; baseline 0.001 -17"><span class='ocrx_word' id='word_1_503' title='bbox 2062 1843 2193 1895; x_wconf 82' lang='grc' dir='ltr'><strong>Οὐδ’</strong></span> <span class='ocrx_word' id='word_1_504' title='bbox 2217 1844 2398 1896; x_wconf 83' lang='grc' dir='ltr'><strong>αὐτὸν</strong></span> <span class='ocrx_word' id='word_1_505' title='bbox 2420 1841 2574 1911; x_wconf 81' lang='grc' dir='ltr'><strong>οἶμαι</strong></span> <span class='ocrx_word' id='word_1_506' title='bbox 2599 1844 2706 1896; x_wconf 78' lang='grc' dir='ltr'><strong>τὸν</strong></span> <span class='ocrx_word' id='word_1_507' title='bbox 2734 1845 2964 1910; x_wconf 79' lang='grc' dir='ltr'><strong>κόσμον</strong></span> <span class='ocrx_word' id='word_1_508' title='bbox 2999 1842 3254 1910; x_wconf 82' lang='grc' dir='ltr'><strong>χωρῆσαι</strong></span> <span class='ocrx_word' id='word_1_509' title='bbox 3284 1848 3352 1896; x_wconf 86' lang='grc' dir='ltr'><strong>τὰ</strong></span> <span class='ocrx_word' id='word_1_510' title='bbox 3385 1845 3561 1911; x_wconf 66' lang='lat' dir='ltr'><strong>Wd-</strong></span> 
     </span>
    </p>
   </div>
   <div class='ocr_carea' id='block_1_65' title="bbox 2051 1930 3560 2001">
    <p class='ocr_par' dir='ltr' id='par_1_65' title="bbox 2051 1930 3560 2001">
     <span class='ocr_line' id='line_1_65' title="bbox 2051 1930 3560 2001; baseline 0.001 -19"><span class='ocrx_word' id='word_1_511' title='bbox 2051 1945 2202 1997; x_wconf 81' lang='grc' dir='ltr'><strong>μενα</strong></span> <span class='ocrx_word' id='word_1_512' title='bbox 2262 1931 2488 1993; x_wconf 77' lang='grc' dir='ltr'><strong>βιϐλία,</strong></span> <span class='ocrx_word' id='word_1_513' title='bbox 2555 1933 2661 1992; x_wconf 81' lang='grc' dir='ltr'><strong>πᾶς</strong></span> <span class='ocrx_word' id='word_1_514' title='bbox 2736 1931 2834 1998; x_wconf 84' lang='grc' dir='ltr'><strong>μὲν</strong></span> <span class='ocrx_word' id='word_1_515' title='bbox 2903 1930 3274 1982; x_wconf 79' lang='grc' dir='ltr'><strong>οἱωντινωνοῦν</strong></span> <span class='ocrx_word' id='word_1_516' title='bbox 3337 1933 3560 2001; x_wconf 78' lang='grc' dir='ltr'><strong>ῥημάτων</strong></span> 
     </span>
    </p>
   </div>
   <div class='ocr_carea' id='block_1_66' title="bbox 2057 2019 3559 2090">
    <p class='ocr_par' dir='ltr' id='par_1_66' title="bbox 2057 2019 3559 2090">
     <span class='ocr_line' id='line_1_66' title="bbox 2057 2019 3559 2090; baseline 0.003 -20"><span class='ocrx_word' id='word_1_517' title='bbox 2057 2019 2263 2072; x_wconf 81' lang='grc' dir='ltr'><strong>ἀκούων</strong></span> <span class='ocrx_word' id='word_1_518' title='bbox 2303 2020 2394 2072; x_wconf 90' lang='grc' dir='ltr'><strong>τοῦ</strong></span> <span class='ocrx_word' id='word_1_519' title='bbox 2427 2019 2582 2083; x_wconf 85' lang='grc' dir='ltr'>Θεοῦ,</span> <span class='ocrx_word' id='word_1_520' title='bbox 2630 2021 2730 2089; x_wconf 72' lang='grc' dir='ltr'><strong>ήδη</strong></span> <span class='ocrx_word' id='word_1_521' title='bbox 2779 2021 2927 2072; x_wconf 77' lang='grc' dir='ltr'><strong>ἐστὶν</strong></span> <span class='ocrx_word' id='word_1_522' title='bbox 2965 2022 3028 2072; x_wconf 86' lang='grc' dir='ltr'><strong>ἐκ</strong></span> <span class='ocrx_word' id='word_1_523' title='bbox 3067 2022 3157 2074; x_wconf 88' lang='grc' dir='ltr'><strong>τοῦ</strong></span> <span class='ocrx_word' id='word_1_524' title='bbox 3207 2021 3364 2074; x_wconf 70' lang='grc' dir='ltr'>Θεοῦο</span> <span class='ocrx_word' id='word_1_525' title='bbox 3394 2023 3488 2090; x_wconf 81' lang='grc' dir='ltr'><strong>ὅσῳ</strong></span> <span class='ocrx_word' id='word_1_526' title='bbox 3513 2021 3559 2074; x_wconf 76' lang='grc' dir='ltr'><strong>δὲ</strong></span> 
     </span>
    </p>
   </div>
   <div class='ocr_carea' id='block_1_67' title="bbox 2059 2108 3560 2179">
    <p class='ocr_par' dir='ltr' id='par_1_67' title="bbox 2059 2108 3560 2179">
     <span class='ocr_line' id='line_1_67' title="bbox 2059 2108 3560 2179; baseline 0.002 -20"><span class='ocrx_word' id='word_1_527' title='bbox 2059 2108 2308 2160; x_wconf 86' lang='grc' dir='ltr'><strong>πλειόνων</strong></span> <span class='ocrx_word' id='word_1_528' title='bbox 2331 2108 2513 2160; x_wconf 84' lang='grc' dir='ltr'><strong>ἀκούει</strong></span> <span class='ocrx_word' id='word_1_529' title='bbox 2532 2109 2788 2179; x_wconf 80' lang='grc' dir='ltr'><strong>ῥημάτων</strong></span> <span class='ocrx_word' id='word_1_530' title='bbox 2814 2111 2908 2163; x_wconf 93' lang='grc' dir='ltr'>τοῦ</span> <span class='ocrx_word' id='word_1_531' title='bbox 2931 2110 3087 2173; x_wconf 85' lang='grc' dir='ltr'>Θεοῦ,</span> <span class='ocrx_word' id='word_1_532' title='bbox 3116 2110 3560 2172; x_wconf 83' lang='grc' dir='ltr'><strong>τοσαυταπλειόνως</strong></span> 
     </span>
    </p>
   </div>
   <div class='ocr_carea' id='block_1_68' title="bbox 2055 2196 3557 2270">
    <p class='ocr_par' dir='ltr' id='par_1_68' title="bbox 2055 2196 3557 2270">
     <span class='ocr_line' id='line_1_68' title="bbox 2055 2196 3557 2270; baseline 0.001 -22"><span class='ocrx_word' id='word_1_533' title='bbox 2055 2196 2252 2264; x_wconf 90' lang='grc' dir='ltr'><strong>γίνεται</strong></span> <span class='ocrx_word' id='word_1_534' title='bbox 2289 2200 2352 2250; x_wconf 81' lang='grc' dir='ltr'><strong>ἐκ</strong></span> <span class='ocrx_word' id='word_1_535' title='bbox 2379 2198 2470 2251; x_wconf 89' lang='grc' dir='ltr'><strong>τοῦ</strong></span> <span class='ocrx_word' id='word_1_536' title='bbox 2499 2197 2661 2250; x_wconf 74' lang='grc' dir='ltr'>Θεοῦ’</span> <span class='ocrx_word' id='word_1_537' title='bbox 2692 2199 2790 2262; x_wconf 86' lang='grc' dir='ltr'><strong>ὼς,</strong></span> <span class='ocrx_word' id='word_1_538' title='bbox 2819 2201 2867 2251; x_wconf 83' lang='grc' dir='ltr'><strong>εί</strong></span> <span class='ocrx_word' id='word_1_539' title='bbox 2889 2200 2969 2251; x_wconf 86' lang='grc' dir='ltr'><strong>δεῖ</strong></span> <span class='ocrx_word' id='word_1_540' title='bbox 2987 2199 3154 2262; x_wconf 74' lang='grc' dir='ltr'><strong>οὕτως</strong></span> <span class='ocrx_word' id='word_1_541' title='bbox 3181 2200 3286 2270; x_wconf 71' lang='lat' dir='ltr'><strong>(l2)</strong></span> <span class='ocrx_word' id='word_1_542' title='bbox 3315 2199 3557 2269; x_wconf 84' lang='grc' dir='ltr'><strong>ὀνομάσαι,</strong></span> 
     </span>
    </p>
   </div>
   <div class='ocr_carea' id='block_1_69' title="bbox 2056 2285 3560 2358">
    <p class='ocr_par' dir='ltr' id='par_1_69' title="bbox 2056 2285 3560 2358">
     <span class='ocr_line' id='line_1_69' title="bbox 2056 2285 3560 2358; baseline 0.003 -22"><span class='ocrx_word' id='word_1_543' title='bbox 2056 2285 2267 2337; x_wconf 90' lang='grc' dir='ltr'><strong>πάντων</strong></span> <span class='ocrx_word' id='word_1_544' title='bbox 2297 2285 2528 2349; x_wconf 83' lang='grc' dir='ltr'><strong>ἀκούσας</strong></span> <span class='ocrx_word' id='word_1_545' title='bbox 2553 2304 2636 2349; x_wconf 88' lang='grc' dir='ltr'><strong>τις</strong></span> <span class='ocrx_word' id='word_1_546' title='bbox 2664 2287 2772 2340; x_wconf 86' lang='grc' dir='ltr'><strong>τῶν</strong></span> <span class='ocrx_word' id='word_1_547' title='bbox 2809 2290 3067 2358; x_wconf 79' lang='grc' dir='ltr'><strong>ῥημάτων</strong></span> <span class='ocrx_word' id='word_1_548' title='bbox 3097 2289 3188 2342; x_wconf 91' lang='grc' dir='ltr'><strong>τοῦ</strong></span> <span class='ocrx_word' id='word_1_549' title='bbox 3211 2289 3359 2353; x_wconf 87' lang='grc' dir='ltr'>Θεοῦ,</span> <span class='ocrx_word' id='word_1_550' title='bbox 3393 2290 3476 2344; x_wconf 85' lang='grc' dir='ltr'><strong>ἐάν</strong></span> <span class='ocrx_word' id='word_1_551' title='bbox 3508 2306 3560 2356; x_wconf 81' lang='grc' dir='ltr'><strong>γε</strong></span> 
     </span>
    </p>
   </div>
   <div class='ocr_carea' id='block_1_70' title="bbox 2054 2373 3562 2448">
    <p class='ocr_par' dir='ltr' id='par_1_70' title="bbox 2054 2373 3562 2448">
     <span class='ocr_line' id='line_1_70' title="bbox 2054 2373 3562 2448; baseline 0.004 -24"><span class='ocrx_word' id='word_1_552' title='bbox 2054 2373 2207 2425; x_wconf 86' lang='grc' dir='ltr'><strong>τοῦτο</strong></span> <span class='ocrx_word' id='word_1_553' title='bbox 2233 2373 2403 2444; x_wconf 83' lang='grc' dir='ltr'><strong>φθάνῃ</strong></span> <span class='ocrx_word' id='word_1_554' title='bbox 2427 2374 2516 2428; x_wconf 77' lang='grc' dir='ltr'><strong>ἐπί</strong></span> <span class='ocrx_word' id='word_1_555' title='bbox 2541 2392 2660 2429; x_wconf 89' lang='grc' dir='ltr'><strong>τινα</strong></span> <span class='ocrx_word' id='word_1_556' title='bbox 2687 2377 2795 2429; x_wconf 86' lang='grc' dir='ltr'><strong>τῶν</strong></span> <span class='ocrx_word' id='word_1_557' title='bbox 2817 2377 3195 2446; x_wconf 79' lang='grc' dir='ltr'><strong>λαμϐανόντων</strong></span> <span class='ocrx_word' id='word_1_558' title='bbox 3222 2379 3280 2432; x_wconf 87' lang='grc' dir='ltr'><strong>τὸ</strong></span> <span class='ocrx_word' id='word_1_559' title='bbox 3307 2379 3398 2448; x_wconf 81' lang='grc' dir='ltr'><strong>τῆς</strong></span> <span class='ocrx_word' id='word_1_560' title='bbox 3417 2378 3562 2431; x_wconf 76' lang='grc' dir='ltr'><strong>υἱοθε-</strong></span> 
     </span>
    </p>
   </div>
   <div class='ocr_carea' id='block_1_71' title="bbox 2055 2461 3560 2537">
    <p class='ocr_par' dir='ltr' id='par_1_71' title="bbox 2055 2461 3560 2537">
     <span class='ocr_line' id='line_1_71' title="bbox 2055 2461 3560 2537; baseline 0.004 -25"><span class='ocrx_word' id='word_1_561' title='bbox 2055 2461 2172 2524; x_wconf 85' lang='grc' dir='ltr'><strong>σίας</strong></span> <span class='ocrx_word' id='word_1_562' title='bbox 2201 2463 2430 2532; x_wconf 90' lang='grc' dir='ltr'><strong>πνεῦμα,</strong></span> <span class='ocrx_word' id='word_1_563' title='bbox 2464 2464 2677 2529; x_wconf 81' lang='grc' dir='ltr'><strong>τελείως</strong></span> <span class='ocrx_word' id='word_1_564' title='bbox 2702 2467 2794 2519; x_wconf 72' lang='grc' dir='ltr'><strong>καὶ</strong></span> <span class='ocrx_word' id='word_1_565' title='bbox 2814 2466 3230 2537; x_wconf 78' lang='grc' dir='ltr'><strong>άνυπερόλήτως</strong></span> <span class='ocrx_word' id='word_1_566' title='bbox 3266 2465 3452 2536; x_wconf 83' lang='grc' dir='ltr'><strong>γίνεται</strong></span> <span class='ocrx_word' id='word_1_567' title='bbox 3468 2467 3560 2530; x_wconf 74' lang='grc' dir='ltr'><strong>υἱὸς</strong></span> 
     </span>
    </p>
   </div>
   <div class='ocr_carea' id='block_1_72' title="bbox 2053 2549 3560 2624">
    <p class='ocr_par' dir='ltr' id='par_1_72' title="bbox 2053 2549 3560 2624">
     <span class='ocr_line' id='line_1_72' title="bbox 2053 2549 3560 2624; baseline 0.005 -24"><span class='ocrx_word' id='word_1_568' title='bbox 2053 2549 2208 2610; x_wconf 87' lang='grc' dir='ltr'>Θεοῦ,</span> <span class='ocrx_word' id='word_1_569' title='bbox 2239 2551 2330 2602; x_wconf 76' lang='grc' dir='ltr'><strong>καὶ</strong></span> <span class='ocrx_word' id='word_1_570' title='bbox 2353 2552 2547 2621; x_wconf 89' lang='grc' dir='ltr'><strong>πάντη,</strong></span> <span class='ocrx_word' id='word_1_571' title='bbox 2578 2554 2671 2606; x_wconf 71' lang='grc' dir='ltr'><strong>καὶ</strong></span> <span class='ocrx_word' id='word_1_572' title='bbox 2697 2555 2755 2621; x_wconf 81' lang='grc' dir='ltr'><strong>ἐξ</strong></span> <span class='ocrx_word' id='word_1_573' title='bbox 2785 2555 2944 2620; x_wconf 85' lang='grc' dir='ltr'><strong>ὅλων,</strong></span> <span class='ocrx_word' id='word_1_574' title='bbox 2984 2557 3078 2608; x_wconf 71' lang='grc' dir='ltr'><strong>καὶ</strong></span> <span class='ocrx_word' id='word_1_575' title='bbox 3111 2556 3243 2618; x_wconf 83' lang='grc' dir='ltr'><strong>ὅλως</strong></span> <span class='ocrx_word' id='word_1_576' title='bbox 3270 2555 3375 2624; x_wconf 77' lang='grc'><strong>(13)</strong></span> <span class='ocrx_word' id='word_1_577' title='bbox 3401 2558 3456 2609; x_wconf 86' lang='grc' dir='ltr'><strong>ἐκ</strong></span> <span class='ocrx_word' id='word_1_578' title='bbox 3483 2555 3560 2608; x_wconf 83' lang='grc' dir='ltr'><strong>τοῦ</strong></span> 
     </span>
    </p>
   </div>
   <div class='ocr_carea' id='block_1_73' title="bbox 2051 2635 3564 2711">
    <p class='ocr_par' dir='ltr' id='par_1_73' title="bbox 2051 2635 3564 2711">
     <span class='ocr_line' id='line_1_73' title="bbox 2051 2635 3564 2711; baseline 0.005 -24"><span class='ocrx_word' id='word_1_579' title='bbox 2051 2635 2204 2688; x_wconf 88' lang='grc' dir='ltr'>Θεοῦ.</span> <span class='ocrx_word' id='word_1_580' title='bbox 2222 2637 2721 2711; x_wconf 76' lang='grc' dir='ltr'><strong>Εὑγνωμονέστερον</strong></span> <span class='ocrx_word' id='word_1_581' title='bbox 2741 2642 2801 2695; x_wconf 82' lang='grc' dir='ltr'><strong>δὲ</strong></span> <span class='ocrx_word' id='word_1_582' title='bbox 2816 2643 3106 2696; x_wconf 81' lang='grc' dir='ltr'>ἀκουστέον</span> <span class='ocrx_word' id='word_1_583' title='bbox 3129 2641 3222 2695; x_wconf 87' lang='grc' dir='ltr'><strong>τοῦ</strong></span> <span class='ocrx_word' id='word_1_584' title='bbox 3241 2643 3310 2707; x_wconf 77' lang='grc' dir='ltr'><strong>ἐξ</strong></span> <span class='ocrx_word' id='word_1_585' title='bbox 3329 2643 3468 2696; x_wconf 72' lang='grc' dir='ltr'><strong>ὅλων</strong></span> <span class='ocrx_word' id='word_1_586' title='bbox 3487 2643 3564 2696; x_wconf 71' lang='grc' dir='ltr'><strong>καῖ</strong></span> 
     </span>
    </p>
   </div>
   <div class='ocr_carea' id='block_1_74' title="bbox 2053 2721 3560 2803">
    <p class='ocr_par' dir='ltr' id='par_1_74' title="bbox 2053 2721 3560 2803">
     <span class='ocr_line' id='line_1_74' title="bbox 2053 2721 3560 2803; baseline 0.007 -29"><span class='ocrx_word' id='word_1_587' title='bbox 2053 2721 2222 2788; x_wconf 79' lang='grc' dir='ltr'><strong>ὅλως,</strong></span> <span class='ocrx_word' id='word_1_588' title='bbox 2270 2725 2526 2794; x_wconf 85' lang='grc' dir='ltr'><strong>ἀνάλογον</strong></span> <span class='ocrx_word' id='word_1_589' title='bbox 2568 2727 2708 2792; x_wconf 83' lang='grc' dir='ltr'>ὅλοις</span> <span class='ocrx_word' id='word_1_590' title='bbox 2757 2733 2870 2792; x_wconf 84' lang='grc' dir='ltr'><strong>τοῖς</strong></span> <span class='ocrx_word' id='word_1_591' title='bbox 2916 2731 3167 2800; x_wconf 80' lang='grc' dir='ltr'><strong>δόγμασι,</strong></span> <span class='ocrx_word' id='word_1_592' title='bbox 3214 2738 3304 2784; x_wconf 76' lang='grc' dir='ltr'><strong>καὶ</strong></span> <span class='ocrx_word' id='word_1_593' title='bbox 3347 2733 3476 2803; x_wconf 81' lang='grc' dir='ltr'><strong>πάσῃ</strong></span> <span class='ocrx_word' id='word_1_594' title='bbox 3506 2735 3560 2802; x_wconf 77' lang='grc' dir='ltr'><strong>τῇ</strong></span> 
     </span>
    </p>
   </div>
   <div class='ocr_carea' id='block_1_75' title="bbox 2050 2808 3563 2888">
    <p class='ocr_par' dir='ltr' id='par_1_75' title="bbox 2050 2808 3563 2888">
     <span class='ocr_line' id='line_1_75' title="bbox 2050 2808 3563 2888; baseline 0.009 -28"><span class='ocrx_word' id='word_1_595' title='bbox 2050 2808 2262 2874; x_wconf 80' lang='grc' dir='ltr'><strong>γνώσει,</strong></span> <span class='ocrx_word' id='word_1_596' title='bbox 2309 2813 2400 2864; x_wconf 75' lang='grc' dir='ltr'><strong>καὶ</strong></span> <span class='ocrx_word' id='word_1_597' title='bbox 2453 2817 2582 2867; x_wconf 82' lang='grc' dir='ltr'><strong>πᾶσι</strong></span> <span class='ocrx_word' id='word_1_598' title='bbox 2628 2819 2738 2878; x_wconf 77' lang='grc' dir='ltr'><strong>τοῖς</strong></span> <span class='ocrx_word' id='word_1_599' title='bbox 2777 2819 3114 2888; x_wconf 83' lang='grc' dir='ltr'><strong>μυστηρίοις,</strong></span> <span class='ocrx_word' id='word_1_600' title='bbox 3165 2819 3288 2873; x_wconf 86' lang='grc' dir='ltr'><strong>ὥστ’</strong></span> <span class='ocrx_word' id='word_1_601' title='bbox 3320 2821 3380 2874; x_wconf 78' lang='grc' dir='ltr'><strong>ἂν</strong></span> <span class='ocrx_word' id='word_1_602' title='bbox 3420 2823 3563 2873; x_wconf 74' lang='grc' dir='ltr'><strong>εἰπεῖν</strong></span> 
     </span>
    </p>
   </div>
   <div class='ocr_carea' id='block_1_76' title="bbox 2049 2897 3564 2973">
    <p class='ocr_par' dir='ltr' id='par_1_76' title="bbox 2049 2897 3564 2973">
     <span class='ocr_line' id='line_1_76' title="bbox 2049 2897 3564 2973; baseline 0.009 -24"><span class='ocrx_word' id='word_1_603' title='bbox 2049 2897 2186 2961; x_wconf 82' lang='grc' dir='ltr'><strong>ὅλον,</strong></span> <span class='ocrx_word' id='word_1_604' title='bbox 2229 2901 2319 2952; x_wconf 76' lang='grc' dir='ltr'><strong>καὶ</strong></span> <span class='ocrx_word' id='word_1_605' title='bbox 2353 2901 2410 2967; x_wconf 77' lang='grc' dir='ltr'><strong>ἐξ</strong></span> <span class='ocrx_word' id='word_1_606' title='bbox 2443 2904 2575 2956; x_wconf 82' lang='grc' dir='ltr'><strong>ὅλων</strong></span> <span class='ocrx_word' id='word_1_607' title='bbox 2606 2906 2889 2973; x_wconf 80' lang='grc' dir='ltr'><strong>γεγονέναι</strong></span> <span class='ocrx_word' id='word_1_608' title='bbox 2935 2911 2999 2961; x_wconf 79' lang='grc' dir='ltr'><strong>ἐκ</strong></span> <span class='ocrx_word' id='word_1_609' title='bbox 3026 2911 3120 2963; x_wconf 83' lang='grc' dir='ltr'><strong>τοῦ</strong></span> <span class='ocrx_word' id='word_1_610' title='bbox 3150 2912 3281 2965; x_wconf 83' lang='grc' dir='ltr'>Θεοῦ</span> <span class='ocrx_word' id='word_1_611' title='bbox 3312 2913 3395 2964; x_wconf 87' lang='grc' dir='ltr'><strong>τὸν</strong></span> <span class='ocrx_word' id='word_1_612' title='bbox 3418 2911 3564 2963; x_wconf 83' lang='grc' dir='ltr'><strong>εἰδότα</strong></span> 
     </span>
    </p>
   </div>
   <div class='ocr_carea' id='block_1_77' title="bbox 2051 2987 3564 3072">
    <p class='ocr_par' dir='ltr' id='par_1_77' title="bbox 2051 2987 3564 3072">
     <span class='ocr_line' id='line_1_77' title="bbox 2051 2987 3564 3072; baseline 0.015 -34"><span class='ocrx_word' id='word_1_613' title='bbox 2051 2987 2222 3040; x_wconf 91' lang='grc' dir='ltr'><strong>πάντα</strong></span> <span class='ocrx_word' id='word_1_614' title='bbox 2266 2991 2332 3044; x_wconf 81' lang='grc' dir='ltr'><strong>τά</strong></span> <span class='ocrx_word' id='word_1_615' title='bbox 2389 2995 2677 3063; x_wconf 75' lang='grc' dir='ltr'><strong>μυστήρια,</strong></span> <span class='ocrx_word' id='word_1_616' title='bbox 2729 2999 2828 3050; x_wconf 71' lang='grc' dir='ltr'><strong>καὶ</strong></span> <span class='ocrx_word' id='word_1_617' title='bbox 2879 3001 3058 3052; x_wconf 79' lang='grc' dir='ltr'><strong>πᾶσαν</strong></span> <span class='ocrx_word' id='word_1_618' title='bbox 3103 3001 3198 3072; x_wconf 77' lang='grc' dir='ltr'><strong>τὴν</strong></span> <span class='ocrx_word' id='word_1_619' title='bbox 3251 3002 3452 3069; x_wconf 80' lang='grc' dir='ltr'><strong>γνῶσιν,</strong></span> <span class='ocrx_word' id='word_1_620' title='bbox 3488 3000 3564 3051; x_wconf 70' lang='grc' dir='ltr'><strong>καὶ</strong></span> 
     </span>
    </p>
   </div>
   <div class='ocr_carea' id='block_1_78' title="bbox 2055 3075 3562 3158">
    <p class='ocr_par' dir='ltr' id='par_1_78' title="bbox 2055 3075 3562 3158">
     <span class='ocr_line' id='line_1_78' title="bbox 2055 3075 3562 3158; baseline 0.007 -33"><span class='ocrx_word' id='word_1_621' title='bbox 2055 3075 2186 3142; x_wconf 81' lang='grc' dir='ltr'><strong>μετὰ</strong></span> <span class='ocrx_word' id='word_1_622' title='bbox 2228 3075 2426 3130; x_wconf 81' lang='grc' dir='ltr'><strong>τούτων</strong></span> <span class='ocrx_word' id='word_1_623' title='bbox 2465 3079 2532 3132; x_wconf 80' lang='grc' dir='ltr'><strong>τὰ</strong></span> <span class='ocrx_word' id='word_1_624' title='bbox 2576 3081 2674 3151; x_wconf 87' lang='grc' dir='ltr'><strong>τῆς</strong></span> <span class='ocrx_word' id='word_1_625' title='bbox 2705 3085 2922 3148; x_wconf 87' lang='grc' dir='ltr'><strong>τελείας</strong></span> <span class='ocrx_word' id='word_1_626' title='bbox 2946 3088 3164 3158; x_wconf 81' lang='grc' dir='ltr'><strong>ἀγάπης</strong></span> <span class='ocrx_word' id='word_1_627' title='bbox 3205 3086 3562 3158; x_wconf 71' lang='grc' dir='ltr'><strong>κατορθωκότα.</strong></span> 
     </span>
    </p>
   </div>
   <div class='ocr_carea' id='block_1_79' title="bbox 2055 3165 3565 3246">
    <p class='ocr_par' dir='ltr' id='par_1_79' title="bbox 2055 3165 3565 3246">
     <span class='ocr_line' id='line_1_79' title="bbox 2055 3165 3565 3246; baseline 0.013 -32"><span class='ocrx_word' id='word_1_628' title='bbox 2055 3165 2192 3234; x_wconf 88' lang='grc' dir='ltr'><strong>Ὅρα</strong></span> <span class='ocrx_word' id='word_1_629' title='bbox 2211 3166 2266 3217; x_wconf 85' lang='grc' dir='ltr'><strong>δὲ</strong></span> <span class='ocrx_word' id='word_1_630' title='bbox 2287 3168 2335 3219; x_wconf 78' lang='grc' dir='ltr'><strong>εἰ</strong></span> <span class='ocrx_word' id='word_1_631' title='bbox 2357 3167 2575 3222; x_wconf 79' lang='grc' dir='ltr'><strong>δύναται</strong></span> <span class='ocrx_word' id='word_1_632' title='bbox 2604 3171 2719 3241; x_wconf 76' lang='grc'><strong>(14)</strong></span> <span class='ocrx_word' id='word_1_633' title='bbox 2763 3175 3072 3240; x_wconf 78' lang='grc' dir='ltr'>ἀκολούθως</span> <span class='ocrx_word' id='word_1_634' title='bbox 3109 3177 3217 3246; x_wconf 82' lang='grc' dir='ltr'><strong>τῷ·</strong></span> <span class='ocrx_word' id='word_1_635' title='bbox 3274 3179 3361 3228; x_wconf 83' lang='grc' dir='ltr'><strong>Ἐκ</strong></span> <span class='ocrx_word' id='word_1_636' title='bbox 3380 3175 3565 3244; x_wconf 80' lang='grc' dir='ltr'><strong>μέρους</strong></span> 
     </span>
    </p>
   </div>
   <div class='ocr_carea' id='block_1_80' title="bbox 2050 3252 3561 3333">
    <p class='ocr_par' dir='ltr' id='par_1_80' title="bbox 2050 3252 3561 3333">
     <span class='ocr_line' id='line_1_80' title="bbox 2050 3252 3561 3333; baseline 0.006 -28"><span class='ocrx_word' id='word_1_637' title='bbox 2050 3252 2429 3324; x_wconf 75' lang='grc' dir='ltr'><strong>γινώσκομεν,</strong></span> <span class='ocrx_word' id='word_1_638' title='bbox 2457 3259 2553 3311; x_wconf 76' lang='grc' dir='ltr'><strong>καὶ</strong></span> <span class='ocrx_word' id='word_1_639' title='bbox 2592 3260 2658 3312; x_wconf 78' lang='grc' dir='ltr'><strong>ἐκ</strong></span> <span class='ocrx_word' id='word_1_640' title='bbox 2680 3261 2908 3329; x_wconf 82' lang='grc' dir='ltr'><strong>’μέρους</strong></span> <span class='ocrx_word' id='word_1_641' title='bbox 2934 3269 3392 3333; x_wconf 62' lang='grc' dir='ltr'><strong>προφητεύομεν,</strong></span> <span class='ocrx_word' id='word_1_642' title='bbox 3418 3266 3561 3317; x_wconf 75' lang='grc' dir='ltr'><strong>εἰπεῖν</strong></span> 
     </span>
    </p>
   </div>
   <div class='ocr_carea' id='block_1_81' title="bbox 2051 3343 3565 3428">
    <p class='ocr_par' dir='ltr' id='par_1_81' title="bbox 2051 3343 3565 3428">
     <span class='ocr_line' id='line_1_81' title="bbox 2051 3343 3565 3428; baseline 0.008 -34"><span class='ocrx_word' id='word_1_643' title='bbox 2051 3343 2115 3395; x_wconf 81' lang='grc' dir='ltr'><strong>ἂν</strong></span> <span class='ocrx_word' id='word_1_644' title='bbox 2138 3343 2228 3396; x_wconf 82' lang='grc' dir='ltr'><strong>τὸν</strong></span> <span class='ocrx_word' id='word_1_645' title='bbox 2246 3346 2476 3401; x_wconf 88' lang='grc' dir='ltr'><strong>τοιοῦτον</strong></span> <span class='ocrx_word' id='word_1_646' title='bbox 2493 3365 2506 3378; x_wconf 86' lang='grc'><strong>·</strong></span> <span class='ocrx_word' id='word_1_647' title='bbox 2536 3350 2643 3401; x_wconf 74' lang='grc' dir='ltr'><strong>Καὶ</strong></span> <span class='ocrx_word' id='word_1_648' title='bbox 2673 3351 2738 3403; x_wconf 88' lang='grc' dir='ltr'><strong>ἐκ</strong></span> <span class='ocrx_word' id='word_1_649' title='bbox 2765 3351 2966 3426; x_wconf 75' lang='grc' dir='ltr'><strong>μέρους</strong></span> <span class='ocrx_word' id='word_1_650' title='bbox 2989 3355 3153 3428; x_wconf 82' lang='grc' dir='ltr'><strong>ἐσμὲν</strong></span> <span class='ocrx_word' id='word_1_651' title='bbox 3194 3358 3297 3411; x_wconf 75' lang='grc' dir='ltr'>υἱοὶ</span> <span class='ocrx_word' id='word_1_652' title='bbox 3315 3355 3401 3410; x_wconf 85' lang='grc' dir='ltr'><strong>τοῦ</strong></span> <span class='ocrx_word' id='word_1_653' title='bbox 3423 3352 3565 3408; x_wconf 87' lang='grc' dir='ltr'>Θεοῦ·</span> 
     </span>
    </p>
   </div>
   <div class='ocr_carea' id='block_1_82' title="bbox 2053 3431 3569 3512">
    <p class='ocr_par' dir='ltr' id='par_1_82' title="bbox 2053 3431 3569 3512">
     <span class='ocr_line' id='line_1_82' title="bbox 2053 3431 3569 3512; baseline 0.019 -30"><span class='ocrx_word' id='word_1_654' title='bbox 2053 3431 2146 3482; x_wconf 73' lang='grc' dir='ltr'><strong>καὶ</strong></span> <span class='ocrx_word' id='word_1_655' title='bbox 2168 3432 2326 3486; x_wconf 85' lang='grc' dir='ltr'><strong>πάλιν</strong></span> <span class='ocrx_word' id='word_1_656' title='bbox 2346 3450 2361 3464; x_wconf 84' lang='grc'><strong>·</strong></span> <span class='ocrx_word' id='word_1_657' title='bbox 2393 3437 2565 3488; x_wconf 82' lang='grc' dir='ltr'><strong>Ὅταν</strong></span> <span class='ocrx_word' id='word_1_658' title='bbox 2575 3437 2718 3507; x_wconf 80' lang='grc' dir='ltr'><strong>ἔλθῃ</strong></span> <span class='ocrx_word' id='word_1_659' title='bbox 2752 3443 2820 3494; x_wconf 84' lang='grc' dir='ltr'><strong>τὸ</strong></span> <span class='ocrx_word' id='word_1_660' title='bbox 2843 3443 3096 3508; x_wconf 78' lang='grc' dir='ltr'><strong>τέλειον,</strong></span> <span class='ocrx_word' id='word_1_661' title='bbox 3127 3444 3303 3498; x_wconf 81' lang='grc' dir='ltr'><strong>καὶτὸ</strong></span> <span class='ocrx_word' id='word_1_662' title='bbox 3317 3447 3378 3498; x_wconf 81' lang='grc' dir='ltr'><strong>ἐκ</strong></span> <span class='ocrx_word' id='word_1_663' title='bbox 3387 3442 3569 3512; x_wconf 76' lang='grc' dir='ltr'><strong>μέρους</strong></span> 
     </span>
    </p>
   </div>
   <div class='ocr_carea' id='block_1_83' title="bbox 2049 3523 3631 3603">
    <p class='ocr_par' dir='ltr' id='par_1_83' title="bbox 2049 3523 3631 3603">
     <span class='ocr_line' id='line_1_83' title="bbox 2049 3523 3631 3603; baseline 0.003 -24"><span class='ocrx_word' id='word_1_664' title='bbox 2049 3523 2398 3591; x_wconf 72' lang='grc' dir='ltr'><strong>καταργηθῇ,</strong></span> <span class='ocrx_word' id='word_1_665' title='bbox 2450 3526 2540 3578; x_wconf 83' lang='grc' dir='ltr'><strong>καὶ</strong></span> <span class='ocrx_word' id='word_1_666' title='bbox 2575 3528 2632 3580; x_wconf 83' lang='grc' dir='ltr'><strong>τὸ</strong></span> <span class='ocrx_word' id='word_1_667' title='bbox 2675 3530 2888 3586; x_wconf 73' lang='grc' dir='ltr'><strong>τέλειον</strong></span> <span class='ocrx_word' id='word_1_668' title='bbox 2937 3534 3032 3587; x_wconf 89' lang='grc' dir='ltr'>τοῦ</span> <span class='ocrx_word' id='word_1_669' title='bbox 3063 3536 3304 3603; x_wconf 78' lang='grc' dir='ltr'><strong>γενέσθαι</strong></span> <span class='ocrx_word' id='word_1_670' title='bbox 3333 3533 3434 3596; x_wconf 83' lang='grc' dir='ltr'><strong>υἱὸς</strong></span> <span class='ocrx_word' id='word_1_671' title='bbox 3458 3529 3567 3583; x_wconf 76' lang='grc' dir='ltr'>Θεοῦ</span> <span class='ocrx_word' id='word_1_672' title='bbox 3626 3577 3631 3584; x_wconf 93' lang='grc'><strong>.</strong></span> 
     </span>
    </p>
   </div>
   <div class='ocr_carea' id='block_1_84' title="bbox 2049 3611 3570 3693">
    <p class='ocr_par' dir='ltr' id='par_1_84' title="bbox 2049 3611 3570 3693">
     <span class='ocr_line' id='line_1_84' title="bbox 2049 3611 3570 3693; baseline 0.005 -31"><span class='ocrx_word' id='word_1_673' title='bbox 2049 3611 2337 3674; x_wconf 82' lang='grc' dir='ltr'><strong>ἐλεύσεται,</strong></span> <span class='ocrx_word' id='word_1_674' title='bbox 2389 3616 2692 3684; x_wconf 86' lang='grc' dir='ltr'><strong>καταργοῦν</strong></span> <span class='ocrx_word' id='word_1_675' title='bbox 2719 3619 2793 3671; x_wconf 78' lang='grc' dir='ltr'><strong>τὸ</strong></span> <span class='ocrx_word' id='word_1_676' title='bbox 2826 3623 2890 3674; x_wconf 89' lang='grc' dir='ltr'><strong>ἐκ</strong></span> <span class='ocrx_word' id='word_1_677' title='bbox 2921 3623 3118 3693; x_wconf 80' lang='grc' dir='ltr'><strong>μέρους</strong></span> <span class='ocrx_word' id='word_1_678' title='bbox 3168 3624 3429 3693; x_wconf 82' lang='grc' dir='ltr'><strong>γεγονέναι</strong></span> <span class='ocrx_word' id='word_1_679' title='bbox 3479 3619 3570 3672; x_wconf 83' lang='grc' dir='ltr'><strong>υίόν</strong></span> 
     </span>
    </p>
   </div>
   <div class='ocr_carea' id='block_1_85' title="bbox 2047 3700 3569 3776">
    <p class='ocr_par' dir='ltr' id='par_1_85' title="bbox 2047 3700 3569 3776">
     <span class='ocr_line' id='line_1_85' title="bbox 2047 3700 3569 3776; baseline 0.005 -25"><span class='ocrx_word' id='word_1_680' title='bbox 2047 3716 2164 3752; x_wconf 88' lang='grc' dir='ltr'><strong>τινα</strong></span> <span class='ocrx_word' id='word_1_681' title='bbox 2191 3700 2282 3752; x_wconf 90' lang='grc' dir='ltr'><strong>τοῦ</strong></span> <span class='ocrx_word' id='word_1_682' title='bbox 2307 3700 2460 3756; x_wconf 86' lang='grc' dir='ltr'>Θεοῦ,</span> <span class='ocrx_word' id='word_1_683' title='bbox 2506 3703 2596 3772; x_wconf 82' lang='grc' dir='ltr'><strong>Μὴ</strong></span> <span class='ocrx_word' id='word_1_684' title='bbox 2638 3704 2916 3776; x_wconf 83' lang='grc' dir='ltr'><strong>ἀζήτητον</strong></span> <span class='ocrx_word' id='word_1_685' title='bbox 2945 3711 3001 3762; x_wconf 79' lang='grc' dir='ltr'><strong>δὲ</strong></span> <span class='ocrx_word' id='word_1_686' title='bbox 3035 3711 3214 3764; x_wconf 81' lang='grc' dir='ltr'><strong>ἐάσθω</strong></span> <span class='ocrx_word' id='word_1_687' title='bbox 3245 3712 3331 3764; x_wconf 75' lang='grc' dir='ltr'><strong>καὶ</strong></span> <span class='ocrx_word' id='word_1_688' title='bbox 3373 3709 3428 3761; x_wconf 87' lang='grc' dir='ltr'><strong>τὸ</strong></span> <span class='ocrx_word' id='word_1_689' title='bbox 3469 3706 3569 3775; x_wconf 81' lang='grc' dir='ltr'><strong>περὶ</strong></span> 
     </span>
    </p>
   </div>
   <div class='ocr_carea' id='block_1_86' title="bbox 2047 3789 3569 3870">
    <p class='ocr_par' dir='ltr' id='par_1_86' title="bbox 2047 3789 3569 3870">
     <span class='ocr_line' id='line_1_86' title="bbox 2047 3789 3569 3870; baseline 0.004 -29"><span class='ocrx_word' id='word_1_690' title='bbox 2047 3789 2141 3842; x_wconf 86' lang='grc' dir='ltr'>τοῦ</span> <span class='ocrx_word' id='word_1_691' title='bbox 2196 3790 2417 3858; x_wconf 77' lang='grc' dir='ltr'><strong>πότερόν</strong></span> <span class='ocrx_word' id='word_1_692' title='bbox 2469 3808 2597 3842; x_wconf 88' lang='grc' dir='ltr'><strong>ποτε</strong></span> <span class='ocrx_word' id='word_1_693' title='bbox 2654 3793 2884 3849; x_wconf 85' lang='grc' dir='ltr'><strong>δυνατὸν</strong></span> <span class='ocrx_word' id='word_1_694' title='bbox 2940 3801 3008 3851; x_wconf 76' lang='grc' dir='ltr'><strong>ἐκ</strong></span> <span class='ocrx_word' id='word_1_695' title='bbox 3072 3801 3266 3870; x_wconf 86' lang='grc' dir='ltr'><strong>μέρους</strong></span> <span class='ocrx_word' id='word_1_696' title='bbox 3318 3801 3406 3870; x_wconf 81' lang='grc' dir='ltr'><strong>μὲν</strong></span> <span class='ocrx_word' id='word_1_697' title='bbox 3455 3795 3569 3851; x_wconf 75' lang='grc' dir='ltr'><strong>εἶναι</strong></span> 
     </span>
    </p>
   </div>
   <div class='ocr_carea' id='block_1_87' title="bbox 2048 3877 3568 3958">
    <p class='ocr_par' dir='ltr' id='par_1_87' title="bbox 2048 3877 3568 3958">
     <span class='ocr_line' id='line_1_87' title="bbox 2048 3877 3568 3958; baseline 0.004 -29"><span class='ocrx_word' id='word_1_698' title='bbox 2048 3877 2157 3930; x_wconf 79' lang='grc' dir='ltr'><strong>υἱὸν</strong></span> <span class='ocrx_word' id='word_1_699' title='bbox 2211 3879 2306 3946; x_wconf 86' lang='grc' dir='ltr'><strong>τῆς</strong></span> <span class='ocrx_word' id='word_1_700' title='bbox 2356 3879 2712 3949; x_wconf 70' lang='grc' dir='ltr'><strong>διαφερούσης</strong></span> <span class='ocrx_word' id='word_1_701' title='bbox 2759 3887 2973 3955; x_wconf 84' lang='grc' dir='ltr'><strong>μερίδος</strong></span> <span class='ocrx_word' id='word_1_702' title='bbox 3029 3890 3127 3958; x_wconf 82' lang='grc' dir='ltr'><strong>τῆς</strong></span> <span class='ocrx_word' id='word_1_703' title='bbox 3179 3891 3303 3958; x_wconf 73' lang='grc' dir='ltr'><strong>περὶ</strong></span> <span class='ocrx_word' id='word_1_704' title='bbox 3346 3890 3408 3940; x_wconf 71' lang='grc' dir='ltr'><strong>τὰ</strong></span> <span class='ocrx_word' id='word_1_705' title='bbox 3455 3887 3568 3946; x_wconf 65' lang='lat' dir='ltr'><strong>Osis,</strong></span> 
     </span>
    </p>
   </div>
   <div class='ocr_carea' id='block_1_88' title="bbox 2001 3965 3571 4049">
    <p class='ocr_par' dir='ltr' id='par_1_88' title="bbox 2001 3965 3571 4049">
     <span class='ocr_line' id='line_1_88' title="bbox 2001 3965 3571 4049; baseline 0.009 -36"><span class='ocrx_word' id='word_1_706' title='bbox 2001 4011 2004 4013; x_wconf 74' lang='lat'>.</span> <span class='ocrx_word' id='word_1_707' title='bbox 2047 3967 2110 4018; x_wconf 79' lang='grc' dir='ltr'><strong>ἐκ</strong></span> <span class='ocrx_word' id='word_1_708' title='bbox 2155 3965 2346 4034; x_wconf 79' lang='grc' dir='ltr'><strong>μέρους</strong></span> <span class='ocrx_word' id='word_1_709' title='bbox 2377 3967 2432 4049; x_wconf 75' lang='grc' dir='ltr'><strong>δὲ</strong></span> <span class='ocrx_word' id='word_1_710' title='bbox 2463 3968 2560 4036; x_wconf 82' lang='grc' dir='ltr'><strong>τῆς</strong></span> <span class='ocrx_word' id='word_1_711' title='bbox 2591 3969 2873 4036; x_wconf 78' lang='grc' dir='ltr'><strong>ἐναντίαςο</strong></span> <span class='ocrx_word' id='word_1_712' title='bbox 2924 3976 2957 4046; x_wconf 76' lang='grc' dir='ltr'>ἢ</span> <span class='ocrx_word' id='word_1_713' title='bbox 2998 3977 3157 4030; x_wconf 88' lang='grc' dir='ltr'><strong>τοῦτο</strong></span> <span class='ocrx_word' id='word_1_714' title='bbox 3203 3980 3462 4049; x_wconf 84' lang='grc' dir='ltr'><strong>ἀμήχανον</strong></span> <span class='ocrx_word' id='word_1_715' title='bbox 3497 3974 3571 4026; x_wconf 81' lang='grc' dir='ltr'><strong>οὔ·</strong></span> 
     </span>
    </p>
   </div>
   <div class='ocr_carea' id='block_1_89' title="bbox 2046 4045 3572 4132">
    <p class='ocr_par' dir='ltr' id='par_1_89' title="bbox 2046 4045 3572 4132">
     <span class='ocr_line' id='line_1_89' title="bbox 2046 4045 3572 4132; baseline 0.005 -29"><span class='ocrx_word' id='word_1_716' title='bbox 2046 4068 2152 4107; x_wconf 82' lang='grc' dir='ltr'><strong>τως</strong></span> <span class='ocrx_word' id='word_1_717' title='bbox 2186 4052 2344 4120; x_wconf 70' lang='grc' dir='ltr'><strong>ἔχειν⁸</strong></span> <span class='ocrx_word' id='word_1_718' title='bbox 2372 4045 2416 4118; x_wconf 83' lang='grc' dir='ltr'>ᾧ</span> <span class='ocrx_word' id='word_1_719' title='bbox 2438 4054 2816 4121; x_wconf 81' lang='grc' dir='ltr'><strong>συνεξετάσεις</strong></span> <span class='ocrx_word' id='word_1_720' title='bbox 2855 4045 2973 4127; x_wconf 80' lang='grc' dir='ltr'><strong>πῶς</strong></span> <span class='ocrx_word' id='word_1_721' title='bbox 3013 4045 3258 4132; x_wconf 68' lang='grc' dir='ltr'><strong>λέγονται</strong></span> <span class='ocrx_word' id='word_1_722' title='bbox 3292 4045 3389 4117; x_wconf 76' lang='grc' dir='ltr'><strong>υἱοὶ</strong></span> <span class='ocrx_word' id='word_1_723' title='bbox 3420 4062 3572 4116; x_wconf 77' lang='grc' dir='ltr'><strong>πολλοὶ</strong></span> 
     </span>
    </p>
   </div>
   <div class='ocr_carea' id='block_1_90' title="bbox 2046 4140 3572 4222">
    <p class='ocr_par' dir='ltr' id='par_1_90' title="bbox 2046 4140 3572 4222">
     <span class='ocr_line' id='line_1_90' title="bbox 2046 4140 3572 4222; baseline 0.012 -31"><span class='ocrx_word' id='word_1_724' title='bbox 2046 4140 2160 4202; x_wconf 81' lang='grc' dir='ltr'><strong>ἐνὸς</strong></span> <span class='ocrx_word' id='word_1_725' title='bbox 2192 4140 2410 4210; x_wconf 84' lang='grc' dir='ltr'><strong>πατρὸς,</strong></span> <span class='ocrx_word' id='word_1_726' title='bbox 2445 4141 2667 4212; x_wconf 84' lang='grc' dir='ltr'><strong>πότερον</strong></span> <span class='ocrx_word' id='word_1_727' title='bbox 2699 4146 2791 4199; x_wconf 79' lang='grc' dir='ltr'><strong>διὰ</strong></span> <span class='ocrx_word' id='word_1_728' title='bbox 2835 4151 2964 4212; x_wconf 70' lang='grc' dir='ltr'><strong>τοὺς</strong></span> <span class='ocrx_word' id='word_1_729' title='bbox 2998 4155 3313 4222; x_wconf 83' lang='grc' dir='ltr'><strong>προγόνους,</strong></span> <span class='ocrx_word' id='word_1_730' title='bbox 3351 4153 3438 4205; x_wconf 75' lang='grc' dir='ltr'><strong>καὶ</strong></span> <span class='ocrx_word' id='word_1_731' title='bbox 3469 4150 3572 4210; x_wconf 79' lang='grc' dir='ltr'><strong>τοὺς</strong></span> 
     </span>
    </p>
   </div>
   <div class='ocr_carea' id='block_1_91' title="bbox 2047 4228 3574 4307">
    <p class='ocr_par' dir='ltr' id='par_1_91' title="bbox 2047 4228 3574 4307">
     <span class='ocr_line' id='line_1_91' title="bbox 2047 4228 3574 4307; baseline 0.01 -28"><span class='ocrx_word' id='word_1_732' title='bbox 2047 4229 2105 4290; x_wconf 78' lang='grc' dir='ltr'><strong>ἐξ</strong></span> <span class='ocrx_word' id='word_1_733' title='bbox 2136 4228 2386 4290; x_wconf 83' lang='grc' dir='ltr'><strong>ἐκείνων,</strong></span> <span class='ocrx_word' id='word_1_734' title='bbox 2420 4229 2452 4298; x_wconf 74' lang='grc' dir='ltr'>ἢ</span> <span class='ocrx_word' id='word_1_735' title='bbox 2489 4230 2626 4282; x_wconf 85' lang='grc' dir='ltr'><strong>κατὰ</strong></span> <span class='ocrx_word' id='word_1_736' title='bbox 2659 4234 2870 4306; x_wconf 84' lang='grc' dir='ltr'><strong>ταύτην</strong></span> <span class='ocrx_word' id='word_1_737' title='bbox 2903 4238 3003 4307; x_wconf 83' lang='grc' dir='ltr'><strong>τὴν</strong></span> <span class='ocrx_word' id='word_1_738' title='bbox 3039 4241 3309 4293; x_wconf 85' lang='grc' dir='ltr'><strong>ὑπόνοιαν.</strong></span> <span class='ocrx_word' id='word_1_739' title='bbox 3343 4238 3574 4295; x_wconf 77' lang='grc' dir='ltr'><strong>Λαϐόντες</strong></span> 
     </span>
    </p>
   </div>
   <div class='ocr_carea' id='block_1_92' title="bbox 436 4312 1959 4397">
    <p class='ocr_par' dir='ltr' id='par_1_92' title="bbox 436 4322 1946 4390">
     <span class='ocr_line' id='line_1_92' title="bbox 436 4322 1946 4390; baseline 0.001 -18"><span class='ocrx_word' id='word_1_740' title='bbox 436 4336 572 4384; x_wconf 86' lang='lat' dir='ltr'><strong>rum,</strong></span> <span class='ocrx_word' id='word_1_741' title='bbox 602 4335 667 4373; x_wconf 88' lang='lat' dir='ltr'><strong>an</strong></span> <span class='ocrx_word' id='word_1_742' title='bbox 709 4330 923 4390; x_wconf 82' lang='lat' dir='ltr'><strong>propter</strong></span> <span class='ocrx_word' id='word_1_743' title='bbox 961 4323 1117 4376; x_wconf 81' lang='lat' dir='ltr'><strong>talem</strong></span> <span class='ocrx_word' id='word_1_744' title='bbox 1165 4323 1660 4377; x_wconf 88' lang='lat' dir='ltr'><strong>considerationem.</strong></span> <span class='ocrx_word' id='word_1_745' title='bbox 1709 4322 1777 4377; x_wconf 84' lang='lat' dir='ltr'><strong>At</strong></span> <span class='ocrx_word' id='word_1_746' title='bbox 1822 4335 1946 4375; x_wconf 85' lang='lat' dir='ltr'><strong>vero</strong></span> 
     </span>
    </p>
   </div>
   <div class='ocr_carea' id='block_1_93' title="bbox 2055 4312 3575 4397">
    <p class='ocr_par' dir='ltr' id='par_1_93' title="bbox 2055 4312 3575 4397">
     <span class='ocr_line' id='line_1_93' title="bbox 2055 4312 3575 4397; baseline 0.005 -29"><span class='ocrx_word' id='word_1_747' title='bbox 2055 4312 2137 4370; x_wconf 81' lang='grc' dir='ltr'><strong>οὖν</strong></span> <span class='ocrx_word' id='word_1_748' title='bbox 2170 4316 2410 4381; x_wconf 81' lang='grc' dir='ltr'><strong>ἐξουσίαν</strong></span> <span class='ocrx_word' id='word_1_749' title='bbox 2435 4317 2598 4370; x_wconf 82' lang='grc' dir='ltr'><strong>τέκνα</strong></span> <span class='ocrx_word' id='word_1_750' title='bbox 2641 4319 2783 4374; x_wconf 88' lang='grc' dir='ltr'>Θεοῦ</span> <span class='ocrx_word' id='word_1_751' title='bbox 2822 4327 3112 4392; x_wconf 75' lang='grc' dir='ltr'><strong>γενέσθαι,</strong></span> <span class='ocrx_word' id='word_1_752' title='bbox 3159 4329 3330 4382; x_wconf 86' lang='grc' dir='ltr'><strong>πάντα</strong></span> <span class='ocrx_word' id='word_1_753' title='bbox 3360 4326 3575 4397; x_wconf 84' lang='grc' dir='ltr'><strong>πράττω-</strong></span> 
     </span>
    </p>
   </div>
   <div class='ocr_carea' id='block_1_94' title="bbox 432 4408 1949 4476">
    <p class='ocr_par' dir='ltr' id='par_1_94' title="bbox 432 4408 1949 4476">
     <span class='ocr_line' id='line_1_94' title="bbox 432 4408 1949 4476; baseline -0.001 -16"><span class='ocrx_word' id='word_1_754' title='bbox 432 4421 552 4460; x_wconf 91' lang='lat' dir='ltr'><strong>cum</strong></span> <span class='ocrx_word' id='word_1_755' title='bbox 583 4410 945 4474; x_wconf 83' lang='lat' dir='ltr'><strong>acceperimus</strong></span> <span class='ocrx_word' id='word_1_756' title='bbox 971 4417 1282 4476; x_wconf 88' lang='lat' dir='ltr'><strong>potestatem</strong></span> <span class='ocrx_word' id='word_1_757' title='bbox 1313 4420 1370 4463; x_wconf 92' lang='lat' dir='ltr'><strong>ut</strong></span> <span class='ocrx_word' id='word_1_758' title='bbox 1397 4409 1685 4463; x_wconf 82' lang='lat' dir='ltr'><strong>eﬁiciamur</strong></span> <span class='ocrx_word' id='word_1_759' title='bbox 1705 4409 1796 4462; x_wconf 86' lang='lat' dir='ltr'><strong>ﬁlii</strong></span> <span class='ocrx_word' id='word_1_760' title='bbox 1837 4408 1949 4470; x_wconf 91' lang='lat' dir='ltr'><strong>Dei,</strong></span> 
     </span>
    </p>
   </div>
   <div class='ocr_carea' id='block_1_95' title="bbox 419 4494 1950 4564">
    <p class='ocr_par' dir='ltr' id='par_1_95' title="bbox 419 4494 1950 4564">
     <span class='ocr_line' id='line_1_95' title="bbox 419 4494 1950 4564; baseline 0.001 -17"><span class='ocrx_word' id='word_1_761' title='bbox 419 4494 884 4548; x_wconf 74' lang='lat' dir='ltr'><strong>omnia-iaciamus</strong></span> <span class='ocrx_word' id='word_1_762' title='bbox 907 4503 969 4550; x_wconf 87' lang='lat' dir='ltr'><strong>ut</strong></span> <span class='ocrx_word' id='word_1_763' title='bbox 996 4498 1164 4551; x_wconf 85' lang='lat' dir='ltr'><strong>simus</strong></span> <span class='ocrx_word' id='word_1_764' title='bbox 1193 4512 1256 4551; x_wconf 81' lang='lat' dir='ltr'><strong>ex</strong></span> <span class='ocrx_word' id='word_1_765' title='bbox 1295 4498 1420 4561; x_wconf 92' lang='lat' dir='ltr'><strong>Deo,</strong></span> <span class='ocrx_word' id='word_1_766' title='bbox 1449 4507 1501 4551; x_wconf 88' lang='lat' dir='ltr'><strong>et</strong></span> <span class='ocrx_word' id='word_1_767' title='bbox 1525 4499 1680 4552; x_wconf 88' lang='lat' dir='ltr'><strong>verba</strong></span> <span class='ocrx_word' id='word_1_768' title='bbox 1708 4497 1826 4564; x_wconf 83' lang='lat' dir='ltr'><strong>ejus</strong></span> <span class='ocrx_word' id='word_1_769' title='bbox 1855 4512 1950 4549; x_wconf 88' lang='lat' dir='ltr'><strong>au-</strong></span> 
     </span>
    </p>
   </div>
   <div class='ocr_carea' id='block_1_96' title="bbox 426 4585 1950 4655">
    <p class='ocr_par' dir='ltr' id='par_1_96' title="bbox 426 4585 1950 4655">
     <span class='ocr_line' id='line_1_96' title="bbox 426 4585 1950 4655; baseline 0.001 -18"><span class='ocrx_word' id='word_1_770' title='bbox 426 4585 656 4643; x_wconf 87' lang='lat' dir='ltr'><strong>diamus,</strong></span> <span class='ocrx_word' id='word_1_771' title='bbox 694 4592 747 4636; x_wconf 91' lang='lat' dir='ltr'><strong>et</strong></span> <span class='ocrx_word' id='word_1_772' title='bbox 779 4586 1120 4650; x_wconf 88' lang='lat' dir='ltr'><strong>proﬁciamus</strong></span> <span class='ocrx_word' id='word_1_773' title='bbox 1138 4587 1295 4640; x_wconf 84' lang='lat' dir='ltr'><strong>etiam</strong></span> <span class='ocrx_word' id='word_1_774' title='bbox 1339 4589 1460 4655; x_wconf 89' lang='lat' dir='ltr'><strong>quia</strong></span> <span class='ocrx_word' id='word_1_775' title='bbox 1511 4601 1693 4640; x_wconf 84' lang='lat' dir='ltr'><strong>sumus</strong></span> <span class='ocrx_word' id='word_1_776' title='bbox 1721 4600 1787 4639; x_wconf 77' lang='lat' dir='ltr'><strong>ex</strong></span> <span class='ocrx_word' id='word_1_777' title='bbox 1823 4585 1950 4646; x_wconf 87' lang='lat' dir='ltr'><strong>Deo,</strong></span> 
     </span>
    </p>
   </div>
   <div class='ocr_carea' id='block_1_97' title="bbox 425 4670 1951 4742">
    <p class='ocr_par' dir='ltr' id='par_1_97' title="bbox 425 4670 1951 4742">
     <span class='ocr_line' id='line_1_97' title="bbox 425 4670 1951 4742; baseline 0.002 -20"><span class='ocrx_word' id='word_1_778' title='bbox 425 4679 488 4722; x_wconf 80' lang='lat' dir='ltr'><strong>ut</strong></span> <span class='ocrx_word' id='word_1_779' title='bbox 517 4670 854 4739; x_wconf 84' lang='lat' dir='ltr'><strong>proﬁciamus</strong></span> <span class='ocrx_word' id='word_1_780' title='bbox 879 4672 1038 4725; x_wconf 86' lang='lat' dir='ltr'><strong>etiam</strong></span> <span class='ocrx_word' id='word_1_781' title='bbox 1073 4675 1196 4742; x_wconf 88' lang='lat' dir='ltr'><strong>quia</strong></span> <span class='ocrx_word' id='word_1_782' title='bbox 1220 4675 1466 4727; x_wconf 83' lang='lat' dir='ltr'><strong>audimus</strong></span> <span class='ocrx_word' id='word_1_783' title='bbox 1495 4674 1654 4726; x_wconf 86' lang='lat' dir='ltr'><strong>verba</strong></span> <span class='ocrx_word' id='word_1_784' title='bbox 1691 4674 1804 4737; x_wconf 88' lang='lat' dir='ltr'><strong>Dei,</strong></span> <span class='ocrx_word' id='word_1_785' title='bbox 1838 4672 1951 4739; x_wconf 81' lang='lat' dir='ltr'><strong>plu-</strong></span> 
     </span>
    </p>
   </div>
   <div class='ocr_carea' id='block_1_98' title="bbox 431 4758 1948 4827">
    <p class='ocr_par' dir='ltr' id='par_1_98' title="bbox 431 4758 1948 4827">
     <span class='ocr_line' id='line_1_98' title="bbox 431 4758 1948 4827; baseline 0 -17"><span class='ocrx_word' id='word_1_786' title='bbox 431 4772 489 4812; x_wconf 87' lang='lat' dir='ltr'><strong>ra</strong></span> <span class='ocrx_word' id='word_1_787' title='bbox 516 4773 582 4812; x_wconf 71' lang='grc' dir='ltr'><strong>οι</strong></span> <span class='ocrx_word' id='word_1_788' title='bbox 619 4758 699 4812; x_wconf 86' lang='lat' dir='ltr'><strong>bis</strong></span> <span class='ocrx_word' id='word_1_789' title='bbox 738 4760 918 4814; x_wconf 82' lang='lat' dir='ltr'><strong>verbis</strong></span> <span class='ocrx_word' id='word_1_790' title='bbox 947 4774 1154 4827; x_wconf 84' lang='lat' dir='ltr'><strong>semper</strong></span> <span class='ocrx_word' id='word_1_791' title='bbox 1186 4760 1610 4823; x_wconf 82' lang='lat' dir='ltr'><strong>uianifestautes,</strong></span> <span class='ocrx_word' id='word_1_792' title='bbox 1639 4761 1811 4814; x_wconf 86' lang='lat' dir='ltr'><strong>donec</strong></span> <span class='ocrx_word' id='word_1_793' title='bbox 1836 4773 1948 4811; x_wconf 88' lang='lat' dir='ltr'><strong>oui-</strong></span> 
     </span>
    </p>
   </div>
   <div class='ocr_carea' id='block_1_99' title="bbox 423 4846 1946 4916">
    <p class='ocr_par' dir='ltr' id='par_1_99' title="bbox 423 4846 1946 4916">
     <span class='ocr_line' id='line_1_99' title="bbox 423 4846 1946 4916; baseline -0.001 -18"><span class='ocrx_word' id='word_1_794' title='bbox 423 4846 517 4898; x_wconf 82' lang='lat' dir='ltr'><strong>nia</strong></span> <span class='ocrx_word' id='word_1_795' title='bbox 556 4847 944 4913; x_wconf 84' lang='lat' dir='ltr'><strong>perceperimus</strong></span> <span class='ocrx_word' id='word_1_796' title='bbox 984 4850 1144 4902; x_wconf 87' lang='lat' dir='ltr'><strong>verba</strong></span> <span class='ocrx_word' id='word_1_797' title='bbox 1179 4849 1291 4912; x_wconf 89' lang='lat' dir='ltr'><strong>Dei,</strong></span> <span class='ocrx_word' id='word_1_798' title='bbox 1313 4862 1436 4916; x_wconf 66' lang='lat' dir='ltr'><strong>quae</strong></span> <span class='ocrx_word' id='word_1_799' title='bbox 1465 4847 1542 4902; x_wconf 86' lang='lat' dir='ltr'><strong>vel</strong></span> <span class='ocrx_word' id='word_1_800' title='bbox 1583 4861 1744 4908; x_wconf 84' lang='lat' dir='ltr'><strong>nunc,</strong></span> <span class='ocrx_word' id='word_1_801' title='bbox 1773 4846 1856 4898; x_wconf 85' lang='lat' dir='ltr'><strong>vel</strong></span> <span class='ocrx_word' id='word_1_802' title='bbox 1896 4847 1946 4898; x_wconf 90' lang='lat' dir='ltr'><strong>in</strong></span> 
     </span>
    </p>
   </div>
   <div class='ocr_carea' id='block_1_100' title="bbox 431 4933 1946 5004">
    <p class='ocr_par' dir='ltr' id='par_1_100' title="bbox 431 4933 1946 5004">
     <span class='ocr_line' id='line_1_100' title="bbox 431 4933 1946 5004; baseline -0.001 -18"><span class='ocrx_word' id='word_1_803' title='bbox 431 4941 698 4999; x_wconf 74' lang='lat' dir='ltr'><strong>posterum</strong></span> <span class='ocrx_word' id='word_1_804' title='bbox 735 4934 1007 5004; x_wconf 84' lang='lat' dir='ltr'><strong>percipere</strong></span> <span class='ocrx_word' id='word_1_805' title='bbox 1038 4946 1260 5004; x_wconf 86' lang='lat' dir='ltr'><strong>possunt</strong></span> <span class='ocrx_word' id='word_1_806' title='bbox 1284 4937 1337 4989; x_wconf 90' lang='lat' dir='ltr'><strong>hi</strong></span> <span class='ocrx_word' id='word_1_807' title='bbox 1373 4936 1460 5002; x_wconf 87' lang='lat' dir='ltr'><strong>qui</strong></span> <span class='ocrx_word' id='word_1_808' title='bbox 1485 4935 1676 5003; x_wconf 90' lang='lat' dir='ltr'><strong>spiritu</strong></span> <span class='ocrx_word' id='word_1_809' title='bbox 1705 4933 1946 5000; x_wconf 87' lang='lat' dir='ltr'><strong>adoptio-</strong></span> 
     </span>
    </p>
   </div>
   <div class='ocr_carea' id='block_1_101' title="bbox 432 5019 1945 5089">
    <p class='ocr_par' dir='ltr' id='par_1_101' title="bbox 432 5019 1945 5089">
     <span class='ocr_line' id='line_1_101' title="bbox 432 5019 1945 5089; baseline -0.003 -17"><span class='ocrx_word' id='word_1_810' title='bbox 432 5021 516 5073; x_wconf 83' lang='lat' dir='ltr'><strong>nis</strong></span> <span class='ocrx_word' id='word_1_811' title='bbox 543 5019 683 5089; x_wconf 75' lang='lat' dir='ltr'><strong>digni</strong></span> <span class='ocrx_word' id='word_1_812' title='bbox 730 5021 891 5074; x_wconf 86' lang='lat' dir='ltr'><strong>habiti</strong></span> <span class='ocrx_word' id='word_1_813' title='bbox 934 5021 1151 5077; x_wconf 79' lang='lat' dir='ltr'><strong>iuerint.</strong></span> <span class='ocrx_word' id='word_1_814' title='bbox 1183 5022 1404 5086; x_wconf 85' lang='lat' dir='ltr'><strong>Quoties</strong></span> <span class='ocrx_word' id='word_1_815' title='bbox 1434 5030 1608 5074; x_wconf 87' lang='lat' dir='ltr'><strong>autem</strong></span> <span class='ocrx_word' id='word_1_816' title='bbox 1641 5020 1796 5072; x_wconf 88' lang='lat' dir='ltr'><strong>verba</strong></span> <span class='ocrx_word' id='word_1_817' title='bbox 1827 5033 1945 5084; x_wconf 69' lang='lat' dir='ltr'><strong>qua:</strong></span> 
     </span>
    </p>
   </div>
   <div class='ocr_carea' id='block_1_102' title="bbox 435 5107 1944 5177">
    <p class='ocr_par' dir='ltr' id='par_1_102' title="bbox 435 5107 1944 5177">
     <span class='ocr_line' id='line_1_102' title="bbox 435 5107 1944 5177; baseline -0.001 -18"><span class='ocrx_word' id='word_1_818' title='bbox 435 5124 464 5160; x_wconf 87' lang='lat' dir='ltr'><strong>a</strong></span> <span class='ocrx_word' id='word_1_819' title='bbox 505 5109 610 5162; x_wconf 90' lang='lat' dir='ltr'><strong>Deo</strong></span> <span class='ocrx_word' id='word_1_820' title='bbox 645 5111 909 5177; x_wconf 85' lang='lat' dir='ltr'><strong>dicuntur,</strong></span> <span class='ocrx_word' id='word_1_821' title='bbox 944 5127 1045 5166; x_wconf 85' lang='lat' dir='ltr'><strong>non</strong></span> <span class='ocrx_word' id='word_1_822' title='bbox 1075 5115 1338 5174; x_wconf 86' lang='lat' dir='ltr'><strong>audimus,</strong></span> <span class='ocrx_word' id='word_1_823' title='bbox 1375 5112 1474 5165; x_wconf 86' lang='lat' dir='ltr'><strong>hoc</strong></span> <span class='ocrx_word' id='word_1_824' title='bbox 1513 5120 1618 5172; x_wconf 86' lang='lat' dir='ltr'><strong>est,</strong></span> <span class='ocrx_word' id='word_1_825' title='bbox 1645 5124 1706 5162; x_wconf 89' lang='lat' dir='ltr'><strong>ea</strong></span> <span class='ocrx_word' id='word_1_826' title='bbox 1733 5123 1834 5162; x_wconf 89' lang='lat' dir='ltr'><strong>nou</strong></span> <span class='ocrx_word' id='word_1_827' title='bbox 1864 5107 1944 5158; x_wconf 85' lang='lat' dir='ltr'><strong>in-</strong></span> 
     </span>
    </p>
   </div>
   <div class='ocr_carea' id='block_1_103' title="bbox 437 5195 1942 5265">
    <p class='ocr_par' dir='ltr' id='par_1_103' title="bbox 437 5195 1942 5265">
     <span class='ocr_line' id='line_1_103' title="bbox 437 5195 1942 5265; baseline -0.001 -17"><span class='ocrx_word' id='word_1_828' title='bbox 437 5197 740 5265; x_wconf 71' lang='lat' dir='ltr'><strong>telligimus,</strong></span> <span class='ocrx_word' id='word_1_829' title='bbox 766 5202 922 5256; x_wconf 82' lang='lat' dir='ltr'><strong>toties</strong></span> <span class='ocrx_word' id='word_1_830' title='bbox 966 5212 1379 5257; x_wconf 86' lang='lat' dir='ltr'><strong>consentaneum</strong></span> <span class='ocrx_word' id='word_1_831' title='bbox 1420 5209 1502 5254; x_wconf 83' lang='lat' dir='ltr'><strong>est</strong></span> <span class='ocrx_word' id='word_1_832' title='bbox 1549 5212 1644 5252; x_wconf 85' lang='lat' dir='ltr'><strong>nos</strong></span> <span class='ocrx_word' id='word_1_833' title='bbox 1675 5195 1942 5263; x_wconf 76' lang='lat' dir='ltr'><strong>redargui,</strong></span> 
     </span>
    </p>
   </div>
   <div class='ocr_carea' id='block_1_104' title="bbox 535 5325 2096 5399">
    <p class='ocr_par' dir='ltr' id='par_1_104' title="bbox 535 5325 2096 5399">
     <span class='ocr_line' id='line_1_104' title="bbox 535 5325 2096 5399; baseline -0.004 -13"><span class='ocrx_word' id='word_1_834' title='bbox 535 5333 578 5362; x_wconf 76' lang='grc'><strong>’⁸</strong></span> <span class='ocrx_word' id='word_1_835' title='bbox 603 5333 751 5386; x_wconf 80' lang='lat' dir='ltr'><strong>Rom.</strong></span> <span class='ocrx_word' id='word_1_836' title='bbox 785 5351 899 5399; x_wconf 86' lang='lat' dir='ltr'><strong>vm,</strong></span> <span class='ocrx_word' id='word_1_837' title='bbox 925 5336 1010 5388; x_wconf 82' lang='grc'><strong>15.</strong></span> <span class='ocrx_word' id='word_1_838' title='bbox 1083 5336 1126 5367; x_wconf 75' lang='grc'><strong>’⁸</strong></span> <span class='ocrx_word' id='word_1_839' title='bbox 1151 5335 1192 5388; x_wconf 93' lang='lat' dir='ltr'><strong>ll</strong></span> <span class='ocrx_word' id='word_1_840' title='bbox 1215 5335 1338 5389; x_wconf 84' lang='lat' dir='ltr'><strong>Cor.</strong></span> <span class='ocrx_word' id='word_1_841' title='bbox 1370 5350 1466 5394; x_wconf 79' lang='lat' dir='ltr'><strong>xu,</strong></span> <span class='ocrx_word' id='word_1_842' title='bbox 1489 5337 1542 5387; x_wconf 68' lang='grc'><strong>6.</strong></span> <span class='ocrx_word' id='word_1_843' title='bbox 1615 5332 1657 5364; x_wconf 80' lang='grc'><strong>³⁸</strong></span> <span class='ocrx_word' id='word_1_844' title='bbox 1696 5331 1845 5386; x_wconf 76' lang='lat' dir='ltr'><strong>Joan.</strong></span> <span class='ocrx_word' id='word_1_845' title='bbox 1869 5343 1978 5391; x_wconf 67' lang='lat' dir='ltr'><strong>xu,</strong></span> <span class='ocrx_word' id='word_1_846' title='bbox 2009 5325 2096 5380; x_wconf 70' lang='lat'><strong>25.</strong></span> 
     </span>
    </p>
   </div>
   <div class='ocr_carea' id='block_1_105' title="bbox 505 5421 1940 5493">
    <p class='ocr_par' dir='ltr' id='par_1_105' title="bbox 505 5421 1940 5493">
     <span class='ocr_line' id='line_1_105' title="bbox 505 5421 1940 5493; baseline -0.009 -8"><span class='ocrx_word' id='word_1_847' title='bbox 505 5423 784 5493; x_wconf 56' lang='grc' dir='ltr'><strong>(Ηῖηιεε.</strong></span> <span class='ocrx_word' id='word_1_848' title='bbox 812 5421 907 5487; x_wconf 83' lang='grc' dir='ltr'><strong>ὧν,</strong></span> <span class='ocrx_word' id='word_1_849' title='bbox 932 5427 1012 5478; x_wconf 90' lang='lat' dir='ltr'><strong>vel</strong></span> <span class='ocrx_word' id='word_1_850' title='bbox 1030 5428 1201 5493; x_wconf 86' lang='lat' dir='ltr'><strong>potius</strong></span> <span class='ocrx_word' id='word_1_851' title='bbox 1232 5425 1290 5486; x_wconf 71' lang='grc' dir='ltr'><strong>ά,</strong></span> <span class='ocrx_word' id='word_1_852' title='bbox 1324 5437 1378 5493; x_wconf 92' lang='lat' dir='ltr'><strong>ut</strong></span> <span class='ocrx_word' id='word_1_853' title='bbox 1403 5427 1452 5478; x_wconf 90' lang='lat' dir='ltr'><strong>in</strong></span> <span class='ocrx_word' id='word_1_854' title='bbox 1480 5427 1538 5478; x_wconf 83' lang='lat' dir='ltr'><strong>N.</strong></span> <span class='ocrx_word' id='word_1_855' title='bbox 1561 5427 1622 5478; x_wconf 88' lang='lat'><strong>1‘.</strong></span> <span class='ocrx_word' id='word_1_856' title='bbox 1652 5425 1746 5478; x_wconf 78' lang='lat' dir='ltr'><strong>Eo.</strong></span> <span class='ocrx_word' id='word_1_857' title='bbox 1772 5423 1940 5478; x_wconf 62' lang='lat' dir='ltr'><strong>Pan.</strong></span> 
     </span>
    </p>
   </div>
   <div class='ocr_carea' id='block_1_106' title="bbox 504 5487 1506 5574">
    <p class='ocr_par' dir='ltr' id='par_1_106' title="bbox 504 5487 1506 5574">
     <span class='ocr_line' id='line_1_106' title="bbox 504 5487 1506 5574; baseline 0.009 -37"><span class='ocrx_word' id='word_1_858' title='bbox 649 5487 922 5574; x_wconf 51' lang='grc' dir='ltr'><strong>εἰδῇ-πῆξε</strong></span> <span class='ocrx_word' id='word_1_859' title='bbox 946 5487 1170 5574; x_wconf 58' lang='lat' dir='ltr'><strong>legebat,</strong></span> <span class='ocrx_word' id='word_1_860' title='bbox 1321 5492 1506 5554; x_wconf 68' lang='grc' dir='ltr'><strong>οὕτως.</strong></span> 
     </span>
    </p>
   </div>
   <div class='ocr_carea' id='block_1_107' title="bbox 505 5555 1349 5619">
    <p class='ocr_par' dir='ltr' id='par_1_107' title="bbox 505 5555 1349 5619">
     <span class='ocr_line' id='line_1_107' title="bbox 505 5555 1349 5619; baseline 0.004 -15"><span class='ocrx_word' id='word_1_861' title='bbox 505 5555 613 5618; x_wconf 73' lang='lat' dir='ltr'><strong>(l5)</strong></span> <span class='ocrx_word' id='word_1_862' title='bbox 653 5555 822 5609; x_wconf 72' lang='lat' dir='ltr'><strong>Codex</strong></span> <span class='ocrx_word' id='word_1_863' title='bbox 857 5555 1186 5619; x_wconf 70' lang='lat' dir='ltr'><strong>Bodleiauus,</strong></span> <span class='ocrx_word' id='word_1_864' title='bbox 1215 5555 1349 5618; x_wconf 60' lang='grc' dir='ltr'><strong>ὅλος.</strong></span> 
     </span>
    </p>
   </div>
   <div class='ocr_carea' id='block_1_108' title="bbox 2053 4405 3576 4488">
    <p class='ocr_par' dir='ltr' id='par_1_108' title="bbox 2053 4405 3576 4488">
     <span class='ocr_line' id='line_1_108' title="bbox 2053 4405 3576 4488; baseline 0.003 -30"><span class='ocrx_word' id='word_1_865' title='bbox 2053 4422 2170 4475; x_wconf 91' lang='grc' dir='ltr'>μεν,</span> <span class='ocrx_word' id='word_1_866' title='bbox 2196 4407 2280 4458; x_wconf 83' lang='grc' dir='ltr'><strong>ἴνα</strong></span> <span class='ocrx_word' id='word_1_867' title='bbox 2307 4405 2584 4476; x_wconf 84' lang='grc' dir='ltr'><strong>γενώμεθα</strong></span> <span class='ocrx_word' id='word_1_868' title='bbox 2627 4410 2693 4461; x_wconf 84' lang='grc' dir='ltr'><strong>ἐκ</strong></span> <span class='ocrx_word' id='word_1_869' title='bbox 2727 4414 2824 4468; x_wconf 83' lang='grc' dir='ltr'><strong>τοῦ</strong></span> <span class='ocrx_word' id='word_1_870' title='bbox 2851 4416 3011 4480; x_wconf 88' lang='grc' dir='ltr'>Θεοῦ,</span> <span class='ocrx_word' id='word_1_871' title='bbox 3050 4420 3143 4471; x_wconf 78' lang='grc' dir='ltr'><strong>καὶ</strong></span> <span class='ocrx_word' id='word_1_872' title='bbox 3174 4420 3240 4471; x_wconf 77' lang='grc' dir='ltr'><strong>τὰ</strong></span> <span class='ocrx_word' id='word_1_873' title='bbox 3272 4421 3472 4488; x_wconf 74' lang='grc' dir='ltr'><strong>ῥήματα</strong></span> <span class='ocrx_word' id='word_1_874' title='bbox 3495 4412 3576 4464; x_wconf 76' lang='grc' dir='ltr'><strong>αὖ·</strong></span> 
     </span>
    </p>
   </div>
   <div class='ocr_carea' id='block_1_109' title="bbox 2049 4493 3574 4575">
    <p class='ocr_par' dir='ltr' id='par_1_109' title="bbox 2049 4493 3574 4575">
     <span class='ocr_line' id='line_1_109' title="bbox 2049 4493 3574 4575; baseline 0.005 -29"><span class='ocrx_word' id='word_1_875' title='bbox 2049 4493 2141 4546; x_wconf 89' lang='grc' dir='ltr'><strong>τοῦ</strong></span> <span class='ocrx_word' id='word_1_876' title='bbox 2183 4494 2532 4563; x_wconf 83' lang='grc' dir='ltr'><strong>ἀκούσωμεν,</strong></span> <span class='ocrx_word' id='word_1_877' title='bbox 2562 4499 2654 4550; x_wconf 79' lang='grc' dir='ltr'><strong>καὶ</strong></span> <span class='ocrx_word' id='word_1_878' title='bbox 2686 4504 3094 4575; x_wconf 79' lang='grc' dir='ltr'><strong>προκόπτωμεν</strong></span> <span class='ocrx_word' id='word_1_879' title='bbox 3125 4509 3218 4560; x_wconf 79' lang='grc' dir='ltr'><strong>καὶ</strong></span> <span class='ocrx_word' id='word_1_880' title='bbox 3242 4508 3302 4560; x_wconf 83' lang='grc' dir='ltr'><strong>τὸ</strong></span> <span class='ocrx_word' id='word_1_881' title='bbox 3329 4503 3454 4559; x_wconf 70' lang='grc' dir='ltr'><strong>εἶναι</strong></span> <span class='ocrx_word' id='word_1_882' title='bbox 3481 4501 3574 4571; x_wconf 81' lang='grc'><strong>(15)</strong></span> 
     </span>
    </p>
   </div>
   <div class='ocr_carea' id='block_1_110' title="bbox 2049 4583 3576 4664">
    <p class='ocr_par' dir='ltr' id='par_1_110' title="bbox 2049 4583 3576 4664">
     <span class='ocr_line' id='line_1_110' title="bbox 2049 4583 3576 4664; baseline 0.004 -31"><span class='ocrx_word' id='word_1_883' title='bbox 2049 4584 2112 4635; x_wconf 82' lang='grc' dir='ltr'><strong>ἐκ</strong></span> <span class='ocrx_word' id='word_1_884' title='bbox 2141 4583 2230 4635; x_wconf 86' lang='grc' dir='ltr'>τοῦ</span> <span class='ocrx_word' id='word_1_885' title='bbox 2261 4583 2413 4645; x_wconf 88' lang='grc' dir='ltr'>Θεοῦ,</span> <span class='ocrx_word' id='word_1_886' title='bbox 2465 4585 2549 4637; x_wconf 81' lang='grc' dir='ltr'><strong>ἵνα</strong></span> <span class='ocrx_word' id='word_1_887' title='bbox 2595 4591 3004 4662; x_wconf 79' lang='grc' dir='ltr'><strong>προκόπτωμεν</strong></span> <span class='ocrx_word' id='word_1_888' title='bbox 3031 4598 3124 4648; x_wconf 78' lang='grc' dir='ltr'><strong>καὶ</strong></span> <span class='ocrx_word' id='word_1_889' title='bbox 3175 4599 3233 4650; x_wconf 87' lang='grc' dir='ltr'><strong>ἐν</strong></span> <span class='ocrx_word' id='word_1_890' title='bbox 3274 4596 3348 4664; x_wconf 82' lang='grc' dir='ltr'><strong>τῷ</strong></span> <span class='ocrx_word' id='word_1_891' title='bbox 3390 4591 3576 4647; x_wconf 82' lang='grc' dir='ltr'><strong>ἀκούειν</strong></span> 
     </span>
    </p>
   </div>
   <div class='ocr_carea' id='block_1_111' title="bbox 2051 4673 3578 4756">
    <p class='ocr_par' dir='ltr' id='par_1_111' title="bbox 2051 4673 3578 4756">
     <span class='ocr_line' id='line_1_111' title="bbox 2051 4673 3578 4756; baseline 0.003 -31"><span class='ocrx_word' id='word_1_892' title='bbox 2051 4673 2302 4742; x_wconf 81' lang='grc' dir='ltr'><strong>ῥημάτων</strong></span> <span class='ocrx_word' id='word_1_893' title='bbox 2331 4673 2422 4726; x_wconf 92' lang='grc' dir='ltr'>τοῦ</span> <span class='ocrx_word' id='word_1_894' title='bbox 2454 4675 2608 4739; x_wconf 90' lang='grc' dir='ltr'>Θεοῦ,</span> <span class='ocrx_word' id='word_1_895' title='bbox 2640 4679 2870 4736; x_wconf 79' lang='grc' dir='ltr'><strong>πλείονα</strong></span> <span class='ocrx_word' id='word_1_896' title='bbox 2896 4687 2961 4738; x_wconf 82' lang='grc' dir='ltr'><strong>ἐκ</strong></span> <span class='ocrx_word' id='word_1_897' title='bbox 3003 4685 3209 4739; x_wconf 80' lang='grc' dir='ltr'><strong>τούτων</strong></span> <span class='ocrx_word' id='word_1_898' title='bbox 3245 4687 3329 4739; x_wconf 78' lang='grc' dir='ltr'><strong>ἀεὶ</strong></span> <span class='ocrx_word' id='word_1_899' title='bbox 3356 4679 3578 4756; x_wconf 83' lang='grc' dir='ltr'><strong>τρανοῦν-</strong></span> 
     </span>
    </p>
   </div>
   <div class='ocr_carea' id='block_1_112' title="bbox 2051 4762 3578 4846">
    <p class='ocr_par' dir='ltr' id='par_1_112' title="bbox 2051 4762 3578 4846">
     <span class='ocr_line' id='line_1_112' title="bbox 2051 4762 3578 4846; baseline 0.008 -34"><span class='ocrx_word' id='word_1_900' title='bbox 2051 4779 2159 4825; x_wconf 87' lang='grc' dir='ltr'><strong>τες,</strong></span> <span class='ocrx_word' id='word_1_901' title='bbox 2188 4762 2288 4825; x_wconf 71' lang='grc' dir='ltr'><strong>ἕως</strong></span> <span class='ocrx_word' id='word_1_902' title='bbox 2316 4763 2485 4816; x_wconf 88' lang='grc' dir='ltr'><strong>πάντα</strong></span> <span class='ocrx_word' id='word_1_903' title='bbox 2528 4769 2874 4840; x_wconf 85' lang='grc' dir='ltr'><strong>χωρήσωμεν</strong></span> <span class='ocrx_word' id='word_1_904' title='bbox 2916 4776 2984 4828; x_wconf 85' lang='grc' dir='ltr'><strong>τὰ</strong></span> <span class='ocrx_word' id='word_1_905' title='bbox 3025 4779 3244 4846; x_wconf 80' lang='grc' dir='ltr'><strong>ῥήματα</strong></span> <span class='ocrx_word' id='word_1_906' title='bbox 3274 4775 3364 4828; x_wconf 85' lang='grc' dir='ltr'><strong>τοῦ</strong></span> <span class='ocrx_word' id='word_1_907' title='bbox 3393 4769 3578 4835; x_wconf 81' lang='grc' dir='ltr'>Θεοῦ,ἦ</span> 
     </span>
    </p>
   </div>
   <div class='ocr_carea' id='block_1_113' title="bbox 2049 4849 3579 4931">
    <p class='ocr_par' dir='ltr' id='par_1_113' title="bbox 2049 4849 3579 4931">
     <span class='ocr_line' id='line_1_113' title="bbox 2049 4849 3579 4931; baseline 0.008 -34"><span class='ocrx_word' id='word_1_908' title='bbox 2049 4849 2145 4898; x_wconf 83' lang='grc' dir='ltr'><strong>ὅσα</strong></span> <span class='ocrx_word' id='word_1_909' title='bbox 2173 4864 2234 4914; x_wconf 87' lang='grc' dir='ltr'><strong>γε</strong></span> <span class='ocrx_word' id='word_1_910' title='bbox 2262 4849 2525 4918; x_wconf 79' lang='grc' dir='ltr'><strong>ἐνδέχεται</strong></span> <span class='ocrx_word' id='word_1_911' title='bbox 2562 4855 2834 4924; x_wconf 78' lang='grc' dir='ltr'><strong>χωρῆσαι,</strong></span> <span class='ocrx_word' id='word_1_912' title='bbox 2858 4861 2955 4912; x_wconf 73' lang='grc' dir='ltr'><strong>καὶ</strong></span> <span class='ocrx_word' id='word_1_913' title='bbox 2987 4862 3106 4924; x_wconf 90' lang='grc' dir='ltr'><strong>νῦν,</strong></span> <span class='ocrx_word' id='word_1_914' title='bbox 3143 4865 3237 4915; x_wconf 60' lang='grc' dir='ltr'><strong>καὶ⁸</strong></span> <span class='ocrx_word' id='word_1_915' title='bbox 3274 4861 3404 4931; x_wconf 74' lang='grc' dir='ltr'><strong>μετὰ</strong></span> <span class='ocrx_word' id='word_1_916' title='bbox 3430 4856 3579 4910; x_wconf 80' lang='grc' dir='ltr'><strong>ταῦτα</strong></span> 
     </span>
    </p>
   </div>
   <div class='ocr_carea' id='block_1_114' title="bbox 2049 4935 3581 5020">
    <p class='ocr_par' dir='ltr' id='par_1_114' title="bbox 2049 4935 3581 5020">
     <span class='ocr_line' id='line_1_114' title="bbox 2049 4935 3581 5020; baseline 0.01 -30"><span class='ocrx_word' id='word_1_917' title='bbox 2049 4935 2170 4996; x_wconf 82' lang='grc' dir='ltr'><strong>τοὺς</strong></span> <span class='ocrx_word' id='word_1_918' title='bbox 2192 4936 2537 5005; x_wconf 75' lang='grc' dir='ltr'><strong>ἀξιουμένους</strong></span> <span class='ocrx_word' id='word_1_919' title='bbox 2564 4941 2662 5009; x_wconf 80' lang='grc' dir='ltr'><strong>τῆς</strong></span> <span class='ocrx_word' id='word_1_920' title='bbox 2703 4946 2982 5012; x_wconf 76' lang='grc' dir='ltr'><strong>υἱοθεσίας</strong></span> <span class='ocrx_word' id='word_1_921' title='bbox 3017 4953 3345 5020; x_wconf 79' lang='grc' dir='ltr'><strong>πνεύματος.</strong></span> <span class='ocrx_word' id='word_1_922' title='bbox 3385 4945 3581 5004; x_wconf 79' lang='grc' dir='ltr'><strong>Ὀσάκις</strong></span> 
     </span>
    </p>
   </div>
   <div class='ocr_carea' id='block_1_115' title="bbox 2047 5021 3581 5106">
    <p class='ocr_par' dir='ltr' id='par_1_115' title="bbox 2047 5021 3581 5106">
     <span class='ocr_line' id='line_1_115' title="bbox 2047 5021 3581 5106; baseline 0.013 -31"><span class='ocrx_word' id='word_1_923' title='bbox 2047 5021 2102 5075; x_wconf 81' lang='grc' dir='ltr'><strong>δὲ</strong></span> <span class='ocrx_word' id='word_1_924' title='bbox 2122 5023 2376 5091; x_wconf 78' lang='grc' dir='ltr'><strong>ῥημάτων</strong></span> <span class='ocrx_word' id='word_1_925' title='bbox 2406 5024 2709 5095; x_wconf 84' lang='grc' dir='ltr'><strong>λεγομένων</strong></span> <span class='ocrx_word' id='word_1_926' title='bbox 2737 5033 2833 5084; x_wconf 88' lang='grc' dir='ltr'><strong>τοῦ</strong></span> <span class='ocrx_word' id='word_1_927' title='bbox 2866 5036 3003 5088; x_wconf 82' lang='grc' dir='ltr'>Θεοῦ</span> <span class='ocrx_word' id='word_1_928' title='bbox 3028 5039 3131 5090; x_wconf 76' lang='grc' dir='ltr'><strong>οὐκ</strong></span> <span class='ocrx_word' id='word_1_929' title='bbox 3157 5038 3434 5106; x_wconf 77' lang='grc' dir='ltr'><strong>ἀκούομεν.</strong></span> <span class='ocrx_word' id='word_1_930' title='bbox 3461 5046 3581 5085; x_wconf 78' lang='grc' dir='ltr'><strong>τουτ’</strong></span> 
     </span>
    </p>
   </div>
   <div class='ocr_carea' id='block_1_116' title="bbox 2049 5109 3582 5193">
    <p class='ocr_par' dir='ltr' id='par_1_116' title="bbox 2049 5109 3582 5193">
     <span class='ocr_line' id='line_1_116' title="bbox 2049 5109 3582 5193; baseline 0.006 -32"><span class='ocrx_word' id='word_1_931' title='bbox 2049 5109 2224 5172; x_wconf 81' lang='grc' dir='ltr'><strong>ἐστιν,</strong></span> <span class='ocrx_word' id='word_1_932' title='bbox 2278 5113 2338 5163; x_wconf 86' lang='grc' dir='ltr'><strong>οὐ</strong></span> <span class='ocrx_word' id='word_1_933' title='bbox 2389 5114 2637 5184; x_wconf 88' lang='grc' dir='ltr'><strong>συνίεμεν</strong></span> <span class='ocrx_word' id='word_1_934' title='bbox 2695 5121 2904 5186; x_wconf 80' lang='grc' dir='ltr'><strong>αὐτῶν,</strong></span> <span class='ocrx_word' id='word_1_935' title='bbox 2962 5128 3284 5190; x_wconf 86' lang='grc' dir='ltr'><strong>τοσαυτάκις</strong></span> <span class='ocrx_word' id='word_1_936' title='bbox 3331 5119 3582 5193; x_wconf 76' lang='grc' dir='ltr'><strong>νομιστέον</strong></span> 
     </span>
    </p>
   </div>
   <div class='ocr_carea' id='block_1_117' title="bbox 2048 5197 3582 5270">
    <p class='ocr_par' dir='ltr' id='par_1_117' title="bbox 2048 5197 3582 5270">
     <span class='ocr_line' id='line_1_117' title="bbox 2048 5197 3582 5270; baseline 0.01 -20"><span class='ocrx_word' id='word_1_937' title='bbox 2048 5197 2378 5266; x_wconf 74' lang='grc' dir='ltr'><strong>ἐλέγχεσθαι,</strong></span> <span class='ocrx_word' id='word_1_938' title='bbox 2417 5202 2491 5265; x_wconf 81' lang='grc' dir='ltr'><strong>ὡς</strong></span> <span class='ocrx_word' id='word_1_939' title='bbox 2511 5205 2610 5256; x_wconf 79' lang='grc' dir='ltr'><strong>οὐκ</strong></span> <span class='ocrx_word' id='word_1_940' title='bbox 2639 5205 2800 5270; x_wconf 75' lang='grc' dir='ltr'><strong>ὄντας</strong></span> <span class='ocrx_word' id='word_1_941' title='bbox 2848 5213 2914 5263; x_wconf 86' lang='grc' dir='ltr'><strong>ἐκ</strong></span> <span class='ocrx_word' id='word_1_942' title='bbox 2963 5215 3056 5266; x_wconf 89' lang='grc' dir='ltr'><strong>τοῦ</strong></span> <span class='ocrx_word' id='word_1_943' title='bbox 3113 5215 3266 5269; x_wconf 88' lang='grc' dir='ltr'>Θεοῦ·</span> <span class='ocrx_word' id='word_1_944' title='bbox 3321 5212 3405 5268; x_wconf 81' lang='grc' dir='ltr'><strong>διὰ</strong></span> <span class='ocrx_word' id='word_1_945' title='bbox 3443 5207 3582 5264; x_wconf 78' lang='grc' dir='ltr'><strong>τοῦτο</strong></span> 
     </span>
    </p>
   </div>
   <div class='ocr_carea' id='block_1_118' title="bbox 2173 5328 2752 5399">
    <p class='ocr_par' dir='ltr' id='par_1_118' title="bbox 2173 5328 2752 5399">
     <span class='ocr_line' id='line_1_118' title="bbox 2173 5328 2752 5399; baseline 0.017 -19"><span class='ocrx_word' id='word_1_946' title='bbox 2173 5328 2213 5358; x_wconf 71' lang='grc'><strong>³⁸</strong></span> <span class='ocrx_word' id='word_1_947' title='bbox 2241 5328 2259 5380; x_wconf 87' lang='grc'><strong>1</strong></span> <span class='ocrx_word' id='word_1_948' title='bbox 2283 5331 2405 5385; x_wconf 91' lang='lat' dir='ltr'><strong>Cor.</strong></span> <span class='ocrx_word' id='word_1_949' title='bbox 2433 5349 2552 5399; x_wconf 80' lang='lat' dir='ltr'><strong>xm,</strong></span> <span class='ocrx_word' id='word_1_950' title='bbox 2575 5336 2631 5398; x_wconf 89' lang='lat'><strong>9,</strong></span> <span class='ocrx_word' id='word_1_951' title='bbox 2664 5337 2752 5390; x_wconf 88' lang='grc'><strong>10.</strong></span> 
     </span>
    </p>
   </div>
   <div class='ocr_carea' id='block_1_119' title="bbox 2123 5420 3582 5508">
    <p class='ocr_par' dir='ltr' id='par_1_119' title="bbox 2123 5420 3582 5508">
     <span class='ocr_line' id='line_1_119' title="bbox 2123 5420 3582 5508; baseline 0.001 -23"><span class='ocrx_word' id='word_1_952' title='bbox 2123 5420 2240 5508; x_wconf 47' lang='lat' dir='ltr'><strong>(Pl</strong></span> <span class='ocrx_word' id='word_1_953' title='bbox 2267 5423 2358 5500; x_wconf 66' lang='lat' dir='ltr'><strong>Ve}</strong></span> <span class='ocrx_word' id='word_1_954' title='bbox 2383 5426 2660 5492; x_wconf 76' lang='lat' dir='ltr'><strong>legendum</strong></span> <span class='ocrx_word' id='word_1_955' title='bbox 2681 5429 2934 5499; x_wconf 85' lang='grc' dir='ltr'><strong>δυνατόν,</strong></span> <span class='ocrx_word' id='word_1_956' title='bbox 2969 5436 3054 5490; x_wconf 89' lang='lat' dir='ltr'><strong>vel</strong></span> <span class='ocrx_word' id='word_1_957' title='bbox 3089 5437 3248 5507; x_wconf 86' lang='lat' dir='ltr'><strong>paulo</strong></span> <span class='ocrx_word' id='word_1_958' title='bbox 3267 5443 3409 5508; x_wconf 90' lang='lat' dir='ltr'><strong>post,</strong></span> <span class='ocrx_word' id='word_1_959' title='bbox 3429 5429 3582 5488; x_wconf 69' lang='grc' dir='ltr'><strong>εῑπιῐν</strong></span> 
     </span>
    </p>
   </div>
   <div class='ocr_carea' id='block_1_120' title="bbox 2043 5485 2475 5546">
    <p class='ocr_par' dir='ltr' id='par_1_120' title="bbox 2043 5485 2475 5546">
     <span class='ocr_line' id='line_1_120' title="bbox 2043 5485 2475 5546; baseline 0.021 -10"><span class='ocrx_word' id='word_1_960' title='bbox 2043 5485 2107 5537; x_wconf 80' lang='grc' dir='ltr'><strong>ἂν</strong></span> <span class='ocrx_word' id='word_1_961' title='bbox 2130 5489 2189 5539; x_wconf 79' lang='grc' dir='ltr'><strong>τὸ</strong></span> <span class='ocrx_word' id='word_1_962' title='bbox 2216 5485 2475 5546; x_wconf 71' lang='grc' dir='ltr'><strong>τοιοῦτον.</strong></span> 
     </span>
    </p>
   </div>
   <div class='ocr_carea' id='block_1_121' title="bbox 2114 5556 3232 5639">
    <p class='ocr_par' dir='ltr' id='par_1_121' title="bbox 2114 5556 3232 5639">
     <span class='ocr_line' id='line_1_121' title="bbox 2114 5556 3232 5639; baseline 0.019 -34"><span class='ocrx_word' id='word_1_963' title='bbox 2114 5556 2222 5624; x_wconf 66' lang='grc'><strong>(15)</strong></span> <span class='ocrx_word' id='word_1_964' title='bbox 2263 5562 2368 5613; x_wconf 86' lang='lat' dir='ltr'><strong>Kal</strong></span> <span class='ocrx_word' id='word_1_965' title='bbox 2395 5563 2460 5614; x_wconf 82' lang='grc' dir='ltr'><strong>τὸ</strong></span> <span class='ocrx_word' id='word_1_966' title='bbox 2499 5560 2666 5618; x_wconf 77' lang='grc' dir='ltr'><strong>εἶναι.</strong></span> <span class='ocrx_word' id='word_1_967' title='bbox 2710 5562 2861 5636; x_wconf 66' lang='lat' dir='ltr'><strong>Lego</strong></span> <span class='ocrx_word' id='word_1_968' title='bbox 2893 5573 2951 5625; x_wconf 78' lang='grc' dir='ltr'><strong>ἐν</strong></span> <span class='ocrx_word' id='word_1_969' title='bbox 2970 5569 3049 5639; x_wconf 77' lang='grc' dir='ltr'><strong>τῷ</strong></span> <span class='ocrx_word' id='word_1_970' title='bbox 3071 5567 3232 5626; x_wconf 70' lang='grc' dir='ltr'><strong>εἶναι.</strong></span> 
     </span>
    </p>
   </div>
  </div>
