3820 6210
1128 239 1473 296 cannam.
1515 237 1577 290 tn
1619 237 1812 294 tom.
1853 237 2083 292 TOMUS
2124 208 2237 290 xi.

3157 241 3259 282 bim
3279 272 3293 286 ς

291 373 354 416 ιν,
391 355 620 407 καὶταῦτα
668 356 978 426 ἀναγραφῆς
1027 355 1316 419 ἀξιωθέντα
1365 355 1467 407 ὑπὸ
1517 353 1622 406 τῶν
1655 361 1694 414 Α
1725 367 1792 404 nu

1780 350 1924 404 Illum
1957 350 2080 404 Jesu
2118 353 2361 413 verbum,
2399 349 2696 418 praesertim
2726 350 2865 417 quod
2895 349 3130 404 habitum
3161 344 3288 435 “di-1

291 459 336 492 ον
359 443 556 512 μαθητῶν
589 444 746 498 αὑτοῦ
771 484 787 508 ,
831 446 904 507 ὼς
948 444 1128 512 ἔτυχεν
1165 445 1435 498 ἐκδεκτέον
1455 462 1466 473 ·
1495 441 1626 496 ἀλλά

291 549 339 582 αν
363 531 542 598 βάσανον
581 533 670 586 καί⁵
701 537 809 595 τοῖς
855 531 1218 602 νομιζομένοις
1265 528 1400 584 εἶναι
1436 531 1624 598 σαφέσι

291 619 461 671 τακτέον
482 658 494 682 ,
535 621 619 672 οὐκ
648 619 1106 686 ἀπογινώσκοντα,
1141 621 1220 672 ὅτι
1249 619 1338 671 καὶ
1378 619 1502 686 περὶ
1537 617 1624 669 τὸν

291 706 478 775 τονόητον
504 709 577 760 καὶ
603 709 801 761 ἀπλοῦν
842 704 975 760 εἶναι
1005 708 1318 778 νομισθέντα
1347 707 1499 775 λόγον
1526 707 1621 759 αύ-

291 789 571 860 εύρεθησεται
609 797 720 855 τοῖς
770 793 941 863 ὀρθῶς
993 793 1236 862 ζητοῦσιν
1269 793 1413 856 ἄξιόν
1443 810 1493 846 τι
1530 792 1622 845 τοῦ

291 880 302 930 5
332 879 549 948 στόματος
586 883 809 936 ἐκείνου.
841 883 902 934 Εἰ
934 882 988 933 δέ
1021 899 1118 934 που
1153 883 1224 952 μὴ
1270 881 1584 950 εὑρίσκομεν
1604 918 1620 942 ,

291 985 331 1031 ς,
377 969 458 1020 καὶ
495 969 544 1021 οὗ
585 967 734 1036 λόγον
778 970 870 1022 τοῦ
923 970 1092 1040 Ἰησοῦ
1124 969 1405 1033 αἰτιατέον,
1453 969 1526 1032 ὼς
1560 970 1620 1022 ού

292 1069 364 1104 ιτα
389 1052 478 1106 τῶν
505 1056 558 1106 ἐκ
591 1054 946 1124 πληρώματος
989 1055 1194 1126 μεστῶν
1241 1055 1488 1126 ἀληθείας
1529 1056 1622 1108 καὶ

291 1156 332 1201 ις
355 1140 606 1209 δογμάτων.
645 1139 828 1194 Ταῦτα
865 1142 922 1194 δέ
962 1159 1048 1210 μοι
1086 1141 1292 1212 εἴρηται
1327 1141 1622 1211 βουλομένῳ

291 1244 377 1278 ισαι
416 1229 492 1280 τό’
525 1228 655 1297 Ἐγὼ
681 1228 984 1296 δαιμόνιον
1021 1232 1130 1283 οὐκ
1167 1231 1310 1299 ἔχω’
1345 1231 1412 1283 δι’
1445 1226 1505 1284 οὗ
1541 1231 1620 1282 δι-

291 1315 426 1382 εμεθα
452 1318 616 1379 πάντες
662 1319 709 1370 οί
754 1317 828 1387 τῷ
865 1318 1169 1388 Εὐαγγελίῳ
1221 1319 1622 1387 ἐντυγχάνοντες

291 1423 354 1472 μα
380 1404 404 1456 ὃ
428 1408 511 1458 οὐκ
534 1407 738 1476 ᾔδειμεν
770 1407 862 1459 καὶ
894 1406 1019 1476 πρὶν
1049 1407 1280 1474 ἐντυχεῖν
1333 1407 1412 1476 τῷ
1450 1408 1620 1475 Εὐαγ-

297 1531 310 1544 .
341 1494 397 1544 Τί
422 1494 470 1546 δὲ
494 1494 632 1546 τοῦτό
661 1497 806 1548 ἐστιν
836 1497 933 1566 ήδη
972 1497 1339 1566 κατανοητέον.
1379 1497 1620 1568 ’Δρέσκει

299 1583 388 1645 τὰς
414 1585 604 1654 Γραφάς
633 1587 758 1648 τοὺς
810 1587 1205 1659 ἁμαρτάνοντας
1245 1587 1412 1641 πολλὰ
1452 1591 1620 1640 ποιεῖν

1722 451 1880 506 gnum
1923 435 2080 488 fuerit
2129 437 2414 503 scriptione
2450 450 2479 488 a
2521 436 2722 489 sanctis
2745 435 2909 502 ipsius
2937 428 3247 506 ἁίεείμιιιίον

1725 524 2012 592 vulgariter
2039 523 2432 590 intelligendum
2460 533 2561 577 est.
2599 523 2737 587 Quin
2777 525 2938 576 etiam
2966 527 3140 584 omnis
3183 529 3262 584 di-

1722 612 1938 680 ligentia
1978 610 2276 664 adhibenda
2309 620 2389 664 est
2427 625 2457 663 a
2504 609 2655 665 nobis
2685 611 2767 665 his
2797 612 2956 666 etiam
2982 629 3103 681 quae
3147 599 3288 671 exi-4

1721 699 2005 753 stimantur
2030 707 2242 765 aperta;
2273 711 2374 750 non
2405 697 2748 764 desperantes
2769 698 2820 750 in
2843 698 2955 764 ejus
2980 714 3116 756 serm
3136 717 3260 767 one,

1721 787 1928 840 etiamsi
1971 793 2417 852 extemporaneus
2451 795 2504 840 et
2549 786 2772 855 simplex
2817 803 2935 843 esse
2975 793 3132 844 crede
3151 777 3284 854 ωε,

1721 873 1946 928 inveniri
1983 887 2192 940 semper
2235 873 2432 942 aliquid
2471 874 2612 930 illius
2647 891 2741 931 ore
2787 891 2942 932 sacro
2970 880 3185 946 dignum
3228 895 3257 933 a

1723 972 1867 1017 recte
1891 961 2267 1029 quaerentibus.
2299 961 2451 1026 Quod
2481 963 2526 1016 si
2563 963 2845 1032 aliquando
2873 983 2974 1020 non
3007 967 3246 1022 invenia-

1720 1066 1856 1112 mus,
1892 1066 1987 1106 nos
2030 1051 2301 1105 incusandi
2343 1066 2546 1114 sumus,
2587 1067 2692 1106 non
2729 1051 2852 1107 Jesu
2892 1069 3086 1119 sermo,
3127 1063 3246 1108 tan-

1719 1153 1876 1206 qnant
1905 1141 1992 1208 qui
2025 1155 2125 1193 non
2155 1139 2322 1206 spiret
2362 1153 2428 1194 ex
2467 1139 2793 1208 plenitudine
2823 1143 3065 1210 dogmata
3096 1143 3247 1210 plena

1721 1228 1958 1281 veritatis
1993 1237 2047 1281 et
2078 1227 2374 1294 sapientiae.
2402 1226 2530 1292 Quae
2562 1229 2689 1280 mihi
2735 1229 2874 1282 dicta
2903 1240 3028 1284 sunt
3051 1230 3246 1284 volenti

1721 1316 1987 1385 inquirere
2029 1316 2093 1369 de
2130 1329 2194 1369 eo
2225 1329 2238 1365 :
2271 1313 2383 1385 Ego
2425 1316 2736 1368 dwmonium
2770 1333 2871 1370 non
2918 1318 3075 1371 habeo
3097 1333 3116 1372 :
3153 1332 3248 1385 per

1721 1407 1861 1476 quod
1900 1419 2085 1461 omnes
2127 1394 2470 1474 Evangelium
2516 1406 2748 1475 legentes
2804 1422 2914 1461 rem
2969 1409 3244 1475 docemur,

1722 1509 1902 1563 quam,
1929 1505 2209 1562 antequam
2237 1493 2576 1562 Evangelium
2607 1495 2920 1564 legeremus,
2952 1511 3056 1550 non
3087 1511 3247 1551 nove-

1722 1596 1937 1636 ramus:
1976 1596 2094 1652 qua:
2131 1581 2430 1650 qualisnam
2465 1583 2534 1635 sit
2570 1584 2679 1650 jam
2730 1584 3110 1638 consideranda
3143 1593 3244 1639 est.

315 1673 392 1725 τὸν
430 1647 583 1742 λόγον,
615 1675 674 1726 ού
705 1647 771 1726 δι’
803 1647 937 1730 ἄλλο.
963 1676 995 1745 ἢ
1024 1677 1099 1745 τῷ
1117 1647 1395 1750 ,δεκτικοὺς
1428 1678 1621 1741 αὐτοὺς
1653 1647 1694 1702 Β
1720 1666 1823 1722 C0"

1738 1647 2168 1736 Ionvenit'juxta
2215 1667 2524 1736 Scripturas
2557 1647 2718 1720 multa
2761 1677 3040 1737 peccantes
3070 1669 3246 1724 facere

291 1758 388 1810 έναι
437 1759 689 1830 ἐνεργείας
736 1760 968 1832 πονηροῦ
1027 1761 1360 1830 πνεύματος,
1397 1763 1430 1833 ἢ
1467 1763 1622 1833 θελή-

328 1845 603 1916 ἀκαθάρτου
632 1847 924 1917 δαιμονίου.
969 1849 1080 1902 Οὐκ
1116 1849 1362 1921 ὤκνησαν
1394 1847 1486 1903 οὖν
1530 1853 1623 1904 καὶ

291 1933 509 1986 ιισθέντα
540 1934 600 1987 ἂν
630 1935 880 2004 ἐλάχιστα
910 1931 1043 1989 εἶναι
1088 1937 1487 2008 ἁμαρτημάτων
1509 1939 1620 1992 δαι-

291 2039 316 2082 ς
365 2021 612 2090 προσάψαι
637 2025 685 2074 oi.
715 2025 983 2092 φήσαντες
1011 2025 1106 2093 τὴν
1133 2025 1407 2094 όξυχολίαν
1433 2026 1620 2095 δαιμό-

291 2107 402 2171 ἶναι,
430 2111 611 2180 ὁμοίως
656 2111 710 2164 δὲ
761 2112 855 2164 καὶ
889 2111 983 2182 τὴν
1015 2113 1356 2166 καταλαλιάν.
1383 2113 1540 2175 Είκδς
1564 2113 1621 2166 δὲ

291 2197 363 2245 .λα
405 2193 556 2264 μυρία
619 2195 900 2266 δαιμονίων
969 2199 1394 2266 φαντασιούντων
1429 2201 1573 2270 ἡμᾶς
1598 2239 1612 2263 ,

291 2284 604 2353 ιεργούντων,
638 2285 773 2338 κατά
820 2287 880 2338 τὺ
922 2289 1140 2340 ἐκείνων
1172 2281 1377 2359 θέλημα
1416 2293 1614 2343 ποιεῖν·

291 2389 375 2424 ’τιν
406 2373 460 2424 ἐν
484 2373 773 2443 ἀνθρώποις
805 2374 988 2444 ὥσπερ
1031 2377 1203 2440 οὐδεὶς
1243 2377 1475 2448 καθαρὸς
1515 2379 1620 2431 ἀπὸ

317 2461 406 2512 καὶ
433 2461 593 2524 οὐδεὶς
631 2461 834 2526 δίκαιος
880 2465 971 2515 ἐπὶ
1025 2465 1123 2533 τῆς
1163 2467 1296 2535 γῆς,
1326 2466 1383 2528 ὃς
1410 2468 1618 2536 ποιήσει

308 2587 321 2608 ,
353 2549 443 2600 καὶ
472 2548 563 2617 οὐχ
593 2550 961 2620 ἁμαρτήσεται
981 2565 997 2581 ⁸
1045 2551 1182 2604 οὕτω
1215 2553 1306 2604 καὶ
1337 2553 1506 2616 οὐδεὶς
1535 2554 1620 2608 ἀεὶ

298 2638 508 2705 ιμονίων
541 2638 899 2706 καθαρεύσας,
933 2641 1025 2692 καὶ
1051 2641 1308 2710 μηδέποτε
1335 2642 1618 2710 γενόμενος

291 2724 316 2774 δ
351 2722 546 2776 τούτων
576 2727 848 2794 ἐνεργείας
869 2729 1234 2791 ἀνεπίδεκτος.
1271 2730 1462 2800 Διόπερ
1483 2770 1497 2794 ,
1526 2731 1618 2784 ἀλ-

291 2811 432 2874 Ξντες
480 2811 576 2874 τὰς
629 2814 685 2864 ἐν
724 2813 802 2882 τῷ
839 2815 1149 2885 Εὐαγγελίῳ
1181 2817 1503 2886 θεραπείας,
1561 2819 1618 2872 ἐν

1721 1765 1912 1825 przeter
1943 1757 2231 1822 rationem,
2269 1771 2372 1810 non
2405 1757 2474 1811 ob
2499 1757 2642 1810 aliud
2677 1757 2780 1811 nisi
2819 1757 2943 1826 quia
2975 1759 3101 1813 iacti
3131 1757 3246 1813 fue-

1722 1847 1825 1901 rint
1847 1861 2068 1914 capaces
2099 1848 2428 1915 operationis
2457 1847 2582 1901 mali
2609 1846 2848 1915 spiritus,
2883 1848 2967 1901 vel
2995 1849 3247 1904 volunta-

1722 1937 1788 1989 tis
1833 1936 2088 1989 immundi
2133 1937 2407 1990 dcmonis.
2456 1935 2567 1989 Non
2614 1935 2927 1989 dubitarunt
2969 1934 3132 2003 igitur
3163 1949 3248 1990 vet

1718 2035 1778 2074 ea
1809 2036 1927 2089 qua:
1955 2021 2328 2076 existimantur
2362 2036 2482 2076 esse
2517 2022 2652 2075 levia
2703 2032 2944 2089 peccata,
2973 2023 3247 2078 daemoniis

1717 2109 1879 2178 356
1918 2109 2148 2163 tribuere
2187 2109 2260 2162 illi
2308 2109 2396 2176 qui
2454 2110 2704 2164 dixerunt
2743 2112 3074 2179 repentinam
3109 2112 3244 2165 iram

1718 2199 2068 2265 similiterque
2123 2199 2507 2252 detractionem
2549 2199 2870 2254 daemonium
2921 2214 3060 2256 esse.
3103 2201 3248 2255 Con-

1718 2293 2030 2339 sentaneum
2076 2299 2203 2338 vero
2235 2294 2338 2348 est,
2384 2285 2661 2338 daemoniis
2694 2286 2746 2339 in
2795 2288 2951 2340 nobis
2993 2287 3250 2356 imagina-

1723 2371 1896 2425 tiones
1923 2371 2376 2438 imprimentibus,
2403 2369 2456 2422 in
2494 2385 2699 2438 nosque
2728 2371 3072 2440 operantibus
3093 2372 3248 2427 innu-

1719 2475 1862 2513 mera
1911 2460 2036 2523 alia,
2069 2474 2168 2514 nos
2203 2458 2359 2526 juxta
2411 2461 2621 2514 illorum
2661 2460 2985 2516 voluntatem
3027 2461 3243 2518 facere:

1716 2556 1769 2601 et
1800 2557 1858 2602 ut
1899 2548 2040 2602 inter
2073 2549 2315 2602 homines
2363 2549 2544 2603 nullus
2571 2558 2652 2602 est
2677 2550 2876 2619 absque
2919 2551 3247 2616 sordibus“,

1717 2646 1772 2689 et
1806 2637 1981 2690 nullus
2012 2637 2190 2702 justus
2227 2650 2388 2706 super
2433 2645 2650 2702 terram,
2690 2638 2781 2706 qui
2821 2637 2985 2692 faciat
3029 2639 3248 2706 bonum,

1715 2736 1769 2779 et
1804 2739 1909 2779 non
1947 2735 2132 2794 peccet
2157 2726 2241 2792 “;
2292 2727 2371 2780 sic
2413 2727 2576 2781 etiam
2627 2727 2799 2781 nullos
2834 2737 2917 2782 est
2969 2742 3178 2796 semper
3216 2743 3248 2782 ι

1716 2815 1994 2870 ᾶκιιιοηίἰε
2045 2815 2300 2878 mundus,
2352 2823 2406 2870 et
2471 2825 2726 2884 perpetuo
2780 2817 2954 2870 factus
3024 2817 3249 2884 incapax

294 2917 308 2950 ι
356 2899 448 2950 καὶ
504 2899 608 2952 τῶν
664 2901 946 2970 δαιμονίων
1022 2905 1333 2968 ἀπελάσεις,
1390 2907 1685 2997 ἐροῦμενο
1719 2916 1802 2968 ορ(

1740 2903 2044 2968 iperationis
2085 2903 2300 2956 horum.
2349 2901 2610 2966 Quocirca
2657 2902 2942 2969 allegorice
2986 2903 3248 2972 interpre-

315 2989 402 3040 ἀεὶ
429 2988 822 3041 ἀπελαύνεσθαι
861 2992 982 3053 τοὺς
1003 2992 1254 3060 δαίμονας
1285 2993 1387 3046 ύπό
1421 2995 1612 3064 Ἰησοῦ,

293 3077 363 3146 ρὰ
407 3076 469 3130 τὸ
497 3077 926 3149 τεθεραπεῦσθαι
968 3082 1068 3133 ὑπὸ
1097 3082 1189 3134 τοῦ
1220 3083 1392 3150 Λόγου
1424 3085 1616 3154 μηκέτι

293 3162 524 3231 ςομένων
569 3165 668 3226 τὰς
709 3165 814 3216 τῶν
849 3166 1108 3236 δαιμόνων
1132 3169 1419 3238 ἐνεργείας.
1445 3173 1615 3223 Μόνου

294 3253 474 3321 ομίζω
503 3249 641 3305 εἶναι
683 3254 852 3323 Ἰησοῦ
883 3256 1058 3326 φωνὴν
1089 3257 1200 3323 (τοῦ
1240 3258 1396 3327 μόνου
1446 3261 1616 3314 ἀπεκε-

293 3357 352 3392 ου
383 3339 487 3401 τάς
520 3341 714 3410 ἀρχὰς,
745 3344 837 3394 καὶ
867 3343 962 3405 τὰς
990 3343 1246 3411 ἐξουσίας,
1280 3348 1371 3398 καὶ
1395 3347 1616 3417 δειγμα-

293 3447 299 3484 τ
328 3431 388 3480 ἐν
417 3431 728 3500 παρρησία,
760 3433 851 3483 καὶ
882 3431 1332 3502 θριαμϐεύσαντος
1363 3437 1418 3487 ἐν
1452 3435 1612 3506 ξύλῳ,

293 3534 305 3562 ρ
357 3515 509 3567 κατά
557 3514 740 3583 πάσης
783 3516 1154 3586 ἀντικειμένης
1199 3517 1471 3586 δυνάμεως
1523 3519 1614 3571 τὸν

308 3603 680 3673 στήσαντος),
722 3603 906 3672 ὥσπερ
934 3604 992 3656 τό
1012 3622 1023 3634 ·
1061 3605 1330 3672 Ἔρχεται
1358 3608 1390 3658 ό
1426 3604 1618 3673 ἅρχων

293 3714 416 3761 μου
454 3697 698 3759 τούτου,
732 3696 827 3749 καὶ
859 3696 927 3749 ἐν
975 3695 1101 3764 ἐμοὶ
1131 3698 1238 3748 οὐκ
1263 3697 1384 3763 ἔχει
1419 3694 1614 3760 οὐδὲν,

293 3786 330 3836 ιὶ
364 3786 455 3837 τό·
509 3784 654 3852 Ἐγὼ
689 3785 955 3854 δαιμόνιον
992 3783 1112 3836 οὔτε
1142 3784 1312 3853 ἔσχον,
1346 3784 1466 3838 οὔτε
1490 3785 1614 3854 ἔχω,

296 3913 312 3926 .
353 3874 478 3944 Τὴν
511 3873 574 3924 δὲ
617 3874 796 3942 φωνὴν
847 3873 1116 3942 δυνάμεθα
1171 3874 1268 3942 μὲν
1321 3875 1412 3928 καὶ
1459 3877 1618 3944 ἡμεῖς

296 3961 489 4013 ασθαι
547 3960 644 4012 καὶ
692 3960 899 4026 λέγειν·
961 3963 1270 4028 Δαιμόνιον
1303 3965 1414 4016 οὐκ
1468 3965 1614 4031 ἔχω,

295 4047 670 4117 γχθησόμεθα
709 4047 905 4116 ὁμοίως
939 4051 1045 4111 τοῖς
1079 4050 1465 4120 ἀρνησαμένοις
1493 4052 1617 4122 περὶ⁵

296 4138 451 4205 ,ονᾷν
515 4135 659 4206 (‘22),
699 4137 790 4188 καὶ
836 4138 893 4188 ἐν
939 4138 1118 4200 αὐτοῖς
1160 4142 1270 4202 τοῖς
1301 4140 1614 4210 πράγμασιν

1720 2997 1892 3042 tantes
1936 2989 2240 3042 curationes
2285 2989 2337 3041 in
2383 2989 2668 3056 Evangelio
2704 2989 2926 3056 positas,
2960 2989 3010 3041 in
3056 2990 3249 3056 quibus

1720 3085 1843 3128 sunt
1872 3074 2032 3128 etiam
2081 3077 2374 3129 da‘monum
2411 3077 2773 3144 expulsiones,
2801 3077 3040 3130 dicemus
3067 3074 3246 3131 Iesum

1716 3163 1782 3216 ab
1820 3163 1924 3217 illis
1964 3164 2213 3218 omnibus
2262 3178 2470 3230 semper
2519 3165 2786 3218 dzemonas
2838 3166 3125 3233 expellere,
3157 3169 3247 3235 qui

1717 3259 1995 3320 propterea
2040 3255 2181 3320 quod
2229 3253 2400 3306 curati
2461 3253 2664 3307 fuerint
2711 3269 2741 3306 a
2779 3253 2916 3309 Filio
2971 3255 3087 3318 Dei,
3142 3271 3246 3309 non

1717 3337 2245 3407 amplius'admittunt
2267 3342 2564 3395 daemonum
2585 3342 2922 3410 operationes
2948 3361 2960 3395 :
2986 3345 3242 3410 quamob-

1718 3445 1828 3483 rem
1875 3430 2042 3484 solius
2087 3429 2212 3484 Jesu
2256 3447 2440 3486 vocem
2485 3446 2605 3486 esse
2654 3446 2775 3486 reor
2827 3433 2940 3502 (qui
2978 3433 3123 3487 solus
3153 3449 3248 3488 ex-

1717 3516 1960 3582 spoliavit
1996 3517 2323 3585 principatus
2348 3527 2403 3572 et
2444 3527 2761 3588 potestates,
2781 3529 2834 3573 et
2855 3530 3130 3576 ostentans
3151 3508 3250 3592 pa-

1715 3605 1842 3669 lam,
1885 3615 1938 3659 et
1986 3607 2320 3675 triumphans
2359 3622 2451 3661 eas
2497 3608 2548 3662 in
2595 3609 2746 3676 ligno
2770 3609 2836 3674 “,
2867 3619 3121 3679 tropmum
3155 3613 3248 3666 ad-

1715 3709 1904 3749 versus
1937 3709 2147 3748 onmem
2185 3698 2478 3763 potentiam
2525 3699 2852 3752 contrariam
2899 3701 3088 3753 statuit
3123 3715 3247 3756 cru-

1716 3781 1886 3851 cem),
1929 3784 1998 3834 ita
2048 3783 2402 3850 dicerezEgo
2453 3785 2770 3837 daemonium
2835 3800 3006 3854 neque
3064 3787 3246 3850 habui,

1718 3883 1888 3936 neque
1917 3870 2108 3934 habeo,
2139 3884 2202 3922 ac
2225 3884 2290 3922 ne
2323 3869 2603 3922 habiturus
2641 3871 2856 3938 quidem
2895 3887 3034 3936 sum,
3060 3887 3248 3939 quem-

1717 3958 2001 4011 admodum
2049 3957 2174 4010 illud
2217 3958 2377 4010 etiam
2417 3957 2580 4009 dixit;
2618 3955 2763 4010 Venit
2805 3959 3043 4026 princeps
3065 3949 3246 4014 mundi

1717 4045 1896 4112 hujus,
1923 4056 1968 4098 et
2003 4046 2058 4097 in
2089 4061 2167 4098 me
2203 4060 2307 4097 non
2356 4045 2506 4097 habet
2554 4045 2834 4114 quidquam
2855 4047 2918 4099 ⁵⁷.
2961 4048 3248 4102 Possumus

1720 4133 1934 4202 quidem
1983 4133 2140 4186 etiam
2184 4145 2280 4186 nos
2317 4131 2558 4198 proferre
2601 4143 2656 4186 et
2685 4133 2893 4188 dicere:
2923 4134 3246 4188 Da'monium

311 4229 474 4288 ῖσιν,
516 4226 606 4276 ὃτι
651 4225 958 4293 ἐψεύσαντο.
998 4226 1067 4276 Ἢ
1113 4227 1209 4278 οὐκ
1257 4227 1469 4295 ἐλεγχος
1503 4227 1610 4298 (2⁸5)
1645 4228 1686 4282 D
1716 4236 1817 4273 non

1737 4237 1817 4273 ton
1870 4220 2061 4285 habeo;
2100 4221 2192 4274 sed
2245 4221 2552 4275 refellentur
2589 4223 2808 4290 perinde
2851 4232 3010 4292 atque
3055 4223 3106 4276 bi
3154 4223 3245 4290 qui

295 4314 438 4381 ονᾷν
492 4313 653 4382 ἡμᾶς
678 4352 692 4375 ,
742 4313 866 4364 ὅταν
925 4314 1232 4383 μεμηνότων
1289 4315 1612 4367 κατάστασιν

295 4402 540 4470 θῶμεν,
585 4400 695 4454 ἀπὸ
724 4400 891 4470 θυμοῦ
930 4403 1019 4454 καὶ
1049 4403 1213 4472 ὀργῆς
1259 4404 1611 4474 φλεγόμενοι,

303 4491 541 4560 ηκότες
570 4528 586 4551 ,
641 4491 735 4542 καὶ
762 4482 1036 4558 ,ὡσπερεί
1071 4490 1471 4559 χρεμετίζοντές
1503 4491 1611 4560 (24)

316 4581 510 4644 ίδίαις
559 4581 821 4648 γαμεταῖς
870 4579 1020 4648 δίκην
1067 4580 1244 4631 ἵππων
1296 4579 1611 4649 θηλυμανῶν

296 4683 395 4726 εν,
444 4665 816 4726 ἐκϐάλλοντες
856 4664 964 4734 (25)
1005 4667 1128 4727 τοὺς
1183 4666 1306 4735 περὶ
1349 4666 1610 4729 ἀπαθείας

297 4753 406 4806 εοῦ
468 4755 566 4815 είς
614 4751 687 4805 τὰ
734 4752 939 4816 όπίσως
1009 4751 1165 4805 Ἀλλά
1221 4753 1320 4806 κᾶν
1373 4757 1610 4807 ταπεινοὶ

298 4845 447 4910 τρεῖς
491 4841 614 4893 ὑπὸ
645 4841 741 4909 τῆς
770 4841 943 4909 λύπης
973 4841 1348 4911 καθελκόμενοι
1372 4880 1387 4904 ,
1435 4842 1526 4894 καὶ
1554 4844 1614 4895 τὸ

320 4928 608 4994 λογικῶν
641 4928 841 4997 γαῦρον
874 4929 1230 4991 ἀπολέσαντες
1269 4930 1614 4982 ἐπιλανθανό-

297 5033 423 5068 μνευ
451 5015 615 5068 Θεοῦ
637 5013 912 5082 στρουθίου
928 5013 1058 5081 (25’)
1075 5014 1284 5066 πίπτειν
1300 5016 1378 5076 εἰς
1398 5015 1615 5082 παγίδα,

297 5123 430 5173 xlv,
461 5107 532 5161 4.

309 5201 413 5250 lex
453 5197 826 5265 Bodleiauns.
859 5194 983 5261 περὶ
1009 5194 1100 5265 τού
1136 5196 1208 5263 μὴ
1238 5196 1513 5265 δαιμονᾷν.

302 5268 407 5318 lex
457 5267 712 5332 Regius,
736 5263 971 5332 ἕλεγχτδ),
999 5262 1149 5332 male;

297 5353 353 5386 In
393 5327 607 5388 code}
648 5327 1079 5398 Ιιυεὶιιείῷσπερ
1098 5331 1145 5379 οἱ
1174 5329 1600 5398 χρεμετίζοντες.

297 5420 356 5455 nt
405 5406 613 5457 codex
650 5395 868 5461 Regius,
893 5395 1260 5461 ἐμϐάλλοντες.

297 5488 360 5542 g.
397 5466 748 5542 στρουθίον,
781 5465 832 5514 in
863 5466 1290 5528 accusativo,nisi
1317 5465 1448 5520 forte
1468 5467 1608 5534 quis,

1715 4323 1840 4362 eum
1871 4311 2180 4378 negaverint
2207 4325 2263 4364 se
2291 4311 2546 4373 insanire,
2578 4311 2709 4380 ipsis
2746 4311 2897 4367 factis
2923 4314 3247 4368 convincun-

1718 4406 1801 4449 tur
1828 4397 2074 4450 mentitos
2096 4396 2282 4451 fuisse.
2297 4398 2487 4451 Annon
2506 4399 2842 4452 manifestum
2871 4410 3244 4468 argumentum

1714 4499 1812 4537 nos
1834 4483 2088 4549 insanire,
2111 4488 2323 4554 quando
2355 4495 2553 4540 statum
2583 4486 2842 4542 habentes
2866 4489 3246 4543 insanientium

1713 4573 2031 4634 clamamus,
2055 4574 2502 4628 excandescentia
2540 4581 2594 4627 et
2619 4576 2697 4627 ira
2723 4577 2974 4630 accensi?
3005 4575 3093 4630 Vel
3124 4592 3244 4630 cum

1713 4662 1861 4715 rabie
1891 4661 2103 4728 agitati,
2140 4671 2193 4716 et
2222 4671 2472 4732 tanquam
2499 4663 2800 4718 hinnientes
2820 4665 3062 4732 proprias
3084 4666 3244 4718 etiam

1711 4753 1960 4821 coniuges
2012 4753 2182 4807 instar
2237 4769 2494 4820 equorum
2560 4769 2819 4822 equarum
2873 4767 3058 4806 amore
3102 4754 3247 4806 insa-

1713 4841 1968 4896 nientium
2040 4844 2483 4908 conscendimus,
2533 4851 2653 4911 post
2703 4851 2909 4908 tergum
2969 4841 3247 4908 ejicientes

1713 4929 1966 4997 quidquid
1996 4931 2133 4983 Deus
2168 4929 2362 4983 dixerit
2388 4930 2452 4982 de
2477 4928 2726 4982 sedandis
2753 4925 3071 4978 alfectibus?
3106 4927 3246 4992 Quin

1718 5019 1876 5071 etiam
1925 5018 2049 5084 quia
2101 5017 2313 5084 objecti,
2341 5025 2397 5070 et
2443 5015 2710 5070 obscuria
2739 5023 2971 5068 maerore
3002 5011 3252 5068 detinea-

622 5105 668 5137 “
703 5105 864 5159 Eccii.
893 5118 990 5163 vn,
1029 5104 1116 5157 ει.
1192 5105 1235 5135 ⁸⁸
1265 5105 1472 5158 Coioss.
1503 5123 1562 5169 ιι,
1602 5107 1682 5163 i5.
1757 5110 1798 5140 "
1821 5108 1976 5164 Joan.
2009 5123 2115 5169 xw,
2143 5109 2232 5161 30.

1705 5201 2060 5255 soloecismum
2092 5197 2307 5267 Origeni
2332 5199 2666 5271 condonans,
2693 5193 3262 5271 genitivumjetinere

1709 5271 1834 5322 velit
1889 5276 2104 5334 prepler
2137 5260 2534 5334 -αἷιναοιὶὀηεηι,
2575 5260 2660 5317 υι⁷
2693 5260 2890 5334 aiunt,_
2912 5260 3133 5311 articuli
3161 5260 3263 5334 fret?

1713 5327 2075 5455 graecet'llcniis.
2135 5331 2264 5388 Utut
2313 5335 2404 5399 sit,
2445 5327 2595 5389 deest
2661 5327 2929 5401 particula
2983 5328 3264 5392 negativa.

1760 5418 1866 5455 on.
1943 5416 2130 5455 Ατιιοι..

1760 5418 1866 5458 οιτ.
1901 5416 2130 5455 ιἈτιιοι..
