3820 6218
335 320 440 374 659

1771 283 2084 341 ORIGENIS

3421 273 3532 328 660

344 443 486 490 mur,
532 420 842 494 propriaque
888 408 1242 480 generositate
1269 416 1451 459 eorum
1505 401 1594 469 qui
1625 397 1849 454 rationis

1961 397 2040 448 καὶ
2061 395 2150 447 τοῦ
2177 393 2353 446 δίκαια
2385 387 2520 443 εἶναι
2549 389 2614 442 τά
2657 387 2785 457 περὶ
2817 386 2945 448 ἐνὸς
2989 383 3231 436 ἐκάστου
3263 381 3377 434 τῶν
3403 400 3534 453 αυμι

1961 485 1984 494 -
2083 484 2094 494 .
2269 482 2280 494 .
2327 481 2350 494 λ
2409 478 2421 494 .
2673 477 2685 494 ρ
2776 492 2838 494 η
2931 472 2984 494 _.
3044 473 3304 494 “tum”
3369 472 3399 494 ,.
3461 475 3512 494 εᾼ

341 486 776 576 sunt-compotes,
810 501 1028 564 amissa,
1055 494 1415 550 obliviscimur
1453 504 1519 544 ne
1547 502 1706 543 unum
1735 486 1854 554 qui-

339 608 457 659 dem
505 574 770 667 passerem
818 591 1018 658 absque
1067 586 1174 640 Deo
1209 585 1262 638 in
1295 584 1542 651 laqueum
1573 577 1764 630 cadere
1783 574 1850 638 ⁸⁸,

336 661 578 754 iustaque
623 691 738 733 esse
782 671 1136 742 quarumlibet
1175 683 1374 732 rerum,
1411 679 1526 734 quae
1552 661 1852 716 hominibus

337 749 668 838 contingunt,
702 764 922 834 judicia,
961 760 1086 829 quid
1134 756 1328 811 dicturi
1372 767 1577 814 sumus,
1613 749 1714 804 nisi
1750 761 1850 800 nos

335 866 447 918 haec
483 837 609 927 pati,
642 855 763 922 quia
802 850 988 905 vicerit
1019 863 1115 902 nos
1154 846 1418 905 diabolus,
1448 851 1501 896 et
1542 841 1666 910 quia
1695 837 1851 891 etiam

336 951 523 1004 animae
549 953 750 1013 partem
776 938 1267 1010 praestantissimum
1293 932 1663 1002 (principatum
1693 939 1850 994 quam

336 1035 544 1103 vocant)
572 1031 846 1086 otl'usearit
875 1023 1296 1091 turbidaritque?
1324 1021 1461 1085 Quin
1488 1019 1648 1072 etiam
1699 1015 1851 1067 timo-

333 1140 420 1180 res
447 1101 627 1178 rerum
674 1135 776 1173 non
823 1115 1196 1176 timendarum,
1254 1109 1553 1179 gaudiaque
1603 1105 1742 1158 elata
1789 1101 1854 1154 de

333 1213 495 1270 rebus
526 1208 698 1271 nihili,
729 1219 949 1274 quorum
978 1212 1101 1257 sunt
1139 1197 1413 1253 actiones?
1448 1196 1636 1248 Annon
1668 1193 1855 1245 daemo-

334 1315 481 1364 num,
519 1297 608 1367 qui
643 1295 986 1363 impleverunt
1025 1304 1115 1344 eos
1140 1288 1228 1354 qui
1271 1301 1387 1340 cum
1426 1283 1649 1337 veritate
1679 1279 1854 1332 dicere

333 1365 771 1459 nequeuntzEgo
825 1379 1133 1434 da’monium
1191 1391 1293 1429 non
1345 1372 1544 1427 habeo?
1576 1365 1679 1423 Sed
1728 1381 1854 1420 con-

335 1487 651 1534 sentaneum
702 1481 784 1526 est
836 1469 1040 1522 futuros
1086 1463 1313 1531 aliquos,
1362 1461 1450 1528 qui
1498 1465 1712 1512 sanctos
1758 1466 1852 1520 pa-

336 1567 614 1628 triarchas,
675 1560 761 1614 vel
806 1570 1016 1612 servum
1066 1553 1210 1606 illum
1261 1562 1492 1613 sacrum,
1544 1543 1626 1597 vel
1687 1539 1856 1594 admi-

334 1656 534 1712 randos
602 1650 924 1720 prophetas,
971 1643 1052 1696 vel
1106 1639 1501 1710 potentissimos
1556 1629 1857 1686 Servatoris

337 1745 493 1816 357
525 1739 688 1795 nostri
713 1736 834 1792 .lesu
858 1731 1122 1802 apostolos
1171 1730 1223 1782 in
1268 1728 1403 1779 hanc
1447 1720 1854 1789 disputationem

337 1801 649 1890 :llzzrentes,
680 1840 776 1880 nos
806 1801 1056 1883 refutent,
1082 1814 1227 1882 quasi
1252 1813 1303 1865 hi
1333 1809 1548 1879 perinde
1585 1816 1742 1872 atque
1769 1801 1858 1855 Jeo

340 1938 436 1977 sus
454 1917 646 1974 dicturi
664 1916 798 1968 sint:
829 1913 935 1979 Ego
969 1905 1275 1962 diemonium
1294 1915 1395 1952 non
1417 1897 1613 1957 habeo;
1638 1893 1701 1944 ad
1726 1904 1857 1958 quos

335 2011 514 2063 dicere
536 2007 657 2059 licet
681 2021 692 2056 :
730 2001 862 2054 Num
898 2000 950 2052 bi
972 1998 1129 2050 etiam
1155 1987 1434 2057 aliquando
1462 1988 1767 2050 peccarunt,
1791 1991 1856 2028 an

338 2098 527 2151 falsum
554 2105 636 2147 est
665 2092 789 2146 illud
815 2103 829 2141 :
860 2087 1046 2141 Omnes
1077 2083 1207 2137 enim
1231 2083 1580 2144 peccaverunt,
1617 2085 1678 2121 ac
1702 2067 1858 2121 desti-

337 2197 554 2240 tuuntur
580 2181 744 2251 gloria
777 2178 868 2232 Dei
896 2176 978 2227 "?
1011 2187 1133 2229 num
1153 2171 1309 2225 etiam
1337 2177 1516 2218 verum
1545 2174 1645 2213 non
1670 2165 1749 2212 est
1795 2155 1856 2209 il-

335 2277 427 2333 lud
453 2293 468 2330 :
492 2250 683 2328 Nullus
710 2270 931 2323 mundus
957 2275 1030 2320 est
1077 2281 1107 2316 a
1152 2261 1300 2315 sorde
1324 2257 1416 2309 ὀἳ
1451 2267 1624 2307 annon
1667 2250 1860 2303 dictum

338 2376 423 2422 est
449 2377 570 2418 cum
601 2356 1061 2414 consideratione:
1097 2350 1216 2404 Non
1240 2357 1313 2402 est
1332 2347 1512 2415 justus
1545 2353 1696 2406 super
1754 2347 1861 2389 ter-

339 2469 452 2508 ram
479 2452 565 2521 qui
590 2450 747 2518 faciat
779 2447 965 2499 bonum
993 2452 1040 2497 et
1067 2456 1167 2494 non
1193 2445 1356 2506 peccet
1379 2435 1420 2465 ’ί
1443 2433 1467 2486 ‘i
1516 2443 1689 2483 annon
1743 2439 1864 2494 per-

340 2517 686 2610 spicuumest
707 2549 892 2590 omnes
911 2532 1217 2598 Scripturas
1232 2538 1383 2579 veras
1404 2535 1520 2576 esse
1541 2517 1740 2586 ﬂgitur
1761 2529 1862 2567 non

343 2603 554 2698 semper
581 2640 747 2696 neque
771 2625 834 2677 ab
860 2623 1012 2676 initio
1038 2625 1280 2688 poterant
1306 2613 1360 2668 hi
1388 2613 1585 2673 dicere,
1619 2621 1682 2660 ac
1713 2620 1780 2658 ne
1812 2603 1866 2657 hi

343 2720 435 2788 qui
463 2693 756 2772 transeunt
797 2711 863 2764 ad
896 2711 1058 2762 vitam
1091 2707 1286 2759 virtute
1328 2707 1656 2754 constantem
1688 2712 1702 2745 :
1756 2693 1866 2760 Ego

346 2783 658 2862 demonium
687 2817 789 2854 non
817 2799 1009 2860 habeo;
1037 2793 1128 2849 sed
1159 2792 1322 2846 solius
1346 2787 1600 2848 hominis,
1629 2783 1716 2851 qui
1742 2796 1868 2834 con-

347 2896 613 2950 sideratur
654 2892 706 2944 in
756 2889 1057 2949 Servatore,
1085 2889 1185 2934 Vox
1218 2887 1300 2932 est
1328 2876 1415 2930 illa
1443 2873 1509 2927 ab
1536 2872 1685 2926 initio
1713 2888 1726 2923 :
1779 2869 1866 2937 qui

1952 484 2232 537 ϐαινόντων
2259 478 2558 549 ἀνθρώποις
2597 477 2877 546 κρίματα,
2926 472 2984 524 τί
3040 473 3323 540 φήσομεν,
3369 472 3404 541 ἢ
3457 475 3536 526 ὅτι

1912 577 2042 628 ’καὶ
2085 572 2174 625 τοῦ
2207 569 2475 639 δαιμονίου
2531 567 2678 634 ἡμᾶς
2721 565 3090 630 νικήσαντος,
3144 559 3250 612 καὶ
3303 561 3366 615 τὸ
3417 562 3539 628 ἡγε-

1954 665 2164 735 μονικὸν
2196 660 2351 731 ἡμῶν
2397 655 2746 718 Θολὼσαντος,
2788 651 2972 704 ταῦτα
3033 649 3371 717 πάσχομεν;
3427 649 3542 699 Ἀλ-

1950 752 2015 804 λὰ
2063 753 2153 803 καὶ
2216 748 2365 816 φόϐοι
2420 745 2527 796 τῶν
2567 743 2628 795 06
2673 740 2927 810 φοϐερῶν
2954 776 2970 800 ,
3039 737 3143 789 καὶ
3185 737 3539 806 περιχάρειαι

1951 839 2041 890 ἐπὶ
2088 840 2197 897 τοῖς
2265 831 2488 903 μηδενὸς
2541 829 2740 893 ἀξίοις,
2799 827 2970 878 τίνων
3024 824 3094 876 ἂν
3153 823 3244 893 εἴη
3317 824 3541 894 ἐνεργή-

1955 942 2096 995 ματα
2147 924 2180 992 ἢ
2234 921 2497 990 δαιμόνων
2561 916 2974 985 πληρωσάντων
3027 911 3165 974 τοὺς
3237 912 3315 980 μὴ
3385 912 3542 964 obva-

1956 1014 2141 1082 μένους
2183 1011 2318 1081 μετά
2356 1006 2606 1076 ἀληθείας
2633 1005 2843 1071 λέγειν’
2891 1000 3047 1069 Ἐγὼ
3079 1000 3408 1068 δαιμόνιον
3433 1002 3541 1051 οὐκ

1953 1101 2105 1168 ﬁxa);
2181 1097 2319 1148 Ἀλλ’
2371 1094 2513 1155 εἰκός
2565 1106 2716 1152 τινας
2782 1091 2916 1152 τοὺς
2990 1089 3190 1155 ἁγίους
3271 1087 3544 1157 πατριάρ-

1953 1205 2084 1258 χας,
2136 1187 2170 1256 ἦ
2215 1185 2304 1238 τὸν
2362 1184 2501 1253 ἱερὸν
2549 1180 2854 1250 Θεράποντα
2884 1218 2899 1243 ,
2943 1179 2984 1246 ἢ
3032 1178 3169 1239 τοὺς
3202 1176 3543 1246 Θαυμασξους

1953 1277 2228 1345 προφήτας
2255 1314 2269 1338 ,
2319 1275 2357 1343 ἦ
2416 1273 2542 1333 τοὺς
2619 1269 3033 1330 δυνατωτάτους
3119 1267 3222 1318 τοῦ
3295 1268 3543 1336 Σωτῆρος

1951 1367 2104 1435 ἡμῶν
2145 1364 2310 1433 Ἰησοῦ
2357 1361 2680 1422 ἀποστόλους
2728 1359 3002 1429 φέροντας
3043 1358 3127 1420 εἷς
3172 1356 3279 1426 τὴν
3302 1354 3546 1420 ἐξέτασιν

1952 1455 2280 1523 δυσωπήσειν
2300 1451 2542 1521 ήμᾶςὼς
2564 1450 2669 1518 ἄρα
2697 1449 2791 1500 καὶ
2813 1441 2965 1500 οὗτοι
2986 1446 3207 1497 εἴποιεν
3244 1443 3314 1496 ἂν
3346 1443 3546 1507 ὁμοίως

1954 1545 2028 1614 τῷ
2064 1542 2234 1612 Ἰησοῦ
2255 1560 2266 1572 ·
2317 1541 2459 1608 Ἐγὼ
2477 1539 2781 1606 δαιμόνιον
2806 1540 2922 1591 οὐκ
2948 1535 3075 1602 ἔχω
3096 1552 3111 1566 ·
3151 1535 3294 1605 πρὸς
3319 1535 3379 1586 ὃν
3403 1533 3548 1586 ἔστιν

1955 1639 2122 1688 εἰπεῖν
2142 1651 2154 1664 ο
2187 1630 2328 1700 ’Δρα
2361 1631 2453 1682 καὶ
2483 1623 2627 1682 οὗτοί
2666 1645 2796 1680 ποτε
2818 1629 3110 1696 ἥμαρτον,
3141 1626 3177 1696 ἧ
3225 1623 3424 1693 ψεῦδος
3451 1624 3508 1674 τό
3529 1638 3543 1653 ο

1952 1724 2175 1786 Πάντες
2214 1721 2320 1790 γὰρ
2360 1719 2639 1786 ἥμαρτον,
2683 1717 2780 1769 καὶ
2829 1715 3251 1783 ὑστεροῦνται
3308 1712 3420 1780 τῆς
3455 1712 3550 1763 δό-

1954 1815 2062 1879 ξης
2093 1812 2196 1864 τοῦ
2231 1807 2393 1870 Θεοῦ,
2421 1809 2512 1859 κατ⁹
2544 1807 2642 1857 οὐκ
2676 1805 2874 1874 ἀληθὲς
2899 1804 2993 1856 τό·
3037 1803 3261 1867 Οὐδεὶς
3294 1801 3548 1866 καθαρὸς

1954 1899 2069 1953 ἀπὸ
2101 1898 2318 1962 ῥύπου,
2361 1892 2478 1945 οὐδὲ
2506 1891 2934 1961 τεθεωρημένως
2987 1891 3223 1960 εἴρηται
3279 1890 3376 1941 τό*
3432 1891 3550 1941 Οὐκ

1954 1985 2081 2039 ἐστι
2108 1984 2328 2046 δίκαιος
2349 1981 2444 2034 ἐπὶ
2474 1981 2604 2048 γῆς,
2643 1979 2712 2044 ὃς
2739 1978 2983 2043 ποιήσει
3011 1977 3277 2045 ἀγαθόν,
3314 1977 3413 2029 καὶ
3440 1979 3549 2044 οὐχ

1955 2070 2387 2142 ἀμαρτήσεται;
2441 2068 2603 2120 Ἀλλὰ
2628 2068 2816 2134 σαφὲς,
2863 2069 2951 2120 ὅτι
2986 2067 3228 2135 ἀληθεῖς
3272 2067 3332 2118 αι
3383 2068 3552 2118 πᾶσαι

1956 2159 2184 2231 Γραφαὶ,
2220 2159 2312 2210 καὶ
2343 2157 2440 2208 οὐκ
2472 2157 2558 2207 ἀεὶ
2593 2156 2711 2206 οὐδὲ
2745 2155 2808 2217 ἐξ
2837 2155 3024 2224 ἀρχῆς
3057 2155 3326 2208 ἐδύναντο
3353 2153 3551 2222 λέγειν,

1958 2249 2064 2302 οὐδ’
2093 2249 2138 2300 οἱ
2173 2244 2587 2316 μεταϐάλλοντες
2616 2243 2710 2294 ἐπὶ
2737 2241 2831 2293 τὸν
2870 2241 3023 2294 κατά
3057 2241 3272 2312 ἀρετὴν
3301 2241 3437 2310 βίον,
3464 2241 3550 2292 τόδ

1971 2336 2116 2406 Ἐγὼ
2156 2335 2456 2402 δαιμόνιον
2487 2333 2596 2386 οὐκ
2624 2331 2774 2398 ἔχω’
2821 2329 2939 2382 ἀλλ’
2985 2332 3023 2400 ἡ
3067 2332 3243 2400 μόνου
3289 2329 3388 2384 τοῦ
3419 2330 3554 2382 κατά

1959 2426 2047 2479 τδν
2079 2425 2298 2494 Σωτῆρα
2329 2421 2610 2491 νοουμένου
2641 2418 2934 2488 ἀνθρώπου
2989 2420 3250 2490 ἀρχῆθεν
3277 2416 3350 2490 ἦν
3387 2421 3553 2490 φωνὴ,

1961 2515 2048 2568 διὰ
2089 2513 2244 2566 τοῦτο
2265 2510 2573 2581 κυριώτατα
2598 2509 2691 2564 καὶ
2737 2508 3102 2578 ἀληθέστατα
3135 2510 3303 2580 μόνον
3332 2509 3423 2562 τὸν
3449 2509 3557 2562 Πα-

1961 2603 2094 2673 τέρα
2118 2602 2468 2670 τιμήσαντος·
2518 2599 2690 2660 066st;
2714 2597 2846 2668 γὰρ,
2895 2599 3090 2669 τιμῶν
3124 2617 3180 2652 τι
3209 2599 3332 2651 τῶν
3368 2599 3442 2667 μὴ
3476 2614 3554 2649 τι-

1967 2692 2226 2761 μωμένων
2257 2689 2363 2759 (26)
2389 2687 2492 2740 ὑπὸ
2523 2687 2676 2751 Θεοῦ,
2705 2689 2842 2757 τιμᾷ
2870 2687 2968 2740 τὸν
2997 2688 3356 2759 ἀτιμάζοντα
3376 2689 3441 2740 τὰ
3469 2687 3555 2738 ὑπ’

1964 2780 2123 2834 αὑτοῦ
2155 2779 2461 2849 τιμώμεναο
2491 2778 2606 2840 πῶς
2627 2777 2735 2845 γὰρ
2762 2777 3018 2844 λεκτέον,
3057 2779 3149 2830 ὅτι
3174 2781 3316 2847 τιμᾷ
3338 2778 3428 2829 τὸν
3455 2777 3558 2827 Πα-

1963 2870 2094 2939 τέρα
2123 2871 2151 2920 ὁ
2181 2867 2310 2936 μηδὲ
2336 2867 2432 2936 τὴν
2461 2867 2632 2935 ἀρχὴν
2661 2866 2722 2917 τὸ
2755 2865 2982 2933 πνεῦμα
3021 2865 3134 2934 τῆς
3171 2864 3446 2925 υἱοθεσίας
3465 2862 3555 2914 λα-

350 2989 508 3041 etiam
542 2984 679 3036 hanc
710 2979 776 3033 ob
801 2989 1014 3030 causam
1034 2968 1393 3041 propriissime
1417 2974 1469 3019 et
1486 2961 1868 3032 perfectissime

1967 2957 2109 3021 6ών;
2149 2955 2330 3018 Οὐδεὶς
2355 2955 2412 3008 δὲ
2438 2955 2549 3024 ἔχει
2573 2954 2632 3006 τὸ
2656 2952 2875 3023 πνεῦμα
2906 2954 3016 3022 τῆς
3062 2955 3353 3016 υἱοθεσίας
3385 2955 3557 3022 ἀμαρ-

348 3077 494 3130 solus
522 3073 728 3126 Patrem
765 3063 1064 3122 honoravit.
1089 3059 1274 3114 Nullus
1317 3056 1457 3110 enim
1485 3055 1751 3108 honorans
1776 3048 1872 3102 ali-

351 3165 479 3232 quid
501 3175 680 3218 eorum
710 3172 826 3226 qua:
858 3158 1185 3210 honorantur
1211 3162 1240 3200 a
1273 3147 1411 3209 Deo,
1470 3144 1697 3198 honorat
1725 3153 1871 3208 sper-

359 3231 570 3309 nentem
597 3265 712 3318 qua!
747 3248 831 3301 ille
856 3247 1098 3299 honoret.
1121 3237 1367 3305 Alioquin
1411 3232 1672 3302 quomodo
1696 3231 1874 3283 dicen-

353 3343 454 3395 dus
481 3348 564 3395 est
592 3336 782 3403 aliquis
808 3335 1070 3386 honorare
1110 3327 1341 3388 Patrem,
1368 3323 1456 3390 qui
1482 3320 1721 3388 spiritum
1750 3318 1873 3388 ado-

354 3427 554 3496 ptionis
577 3423 718 3477 nullo
753 3433 969 3487 prorsus
1001 3415 1156 3469 modo
1197 3410 1498 3474 acceperit?
1525 3407 1652 3460 Nam
1702 3405 1876 3459 nullus

355 3495 519 3569 habet
549 3505 845 3575 adoptionis
892 3503 1134 3572 spiritum
1180 3512 1445 3566 peccans:
1499 3496 1600 3559 Qui
1639 3495 1776 3548 enim
1814 3508 1876 3546 ex

358 3600 468 3654 Deo
495 3597 691 3667 genitus
714 3603 812 3657 est,
833 3608 932 3645 non
949 3597 1120 3656 peccat
1141 3588 1205 3640 ".
1225 3587 1485 3640 Prmterea
1505 3583 1768 3652 quomodo
1790 3581 1879 3635 ho-

357 3696 516 3742 norat
540 3685 661 3753 quis
687 3683 921 3744 Patrem,
955 3680 1223 3733 honoratis
1277 3674 1495 3744 gloriam
1531 3685 1646 3740 quae
1672 3682 1756 3726 est
1811 3669 1878 3723 ab

362 3773 700 3833 hominibus;
733 3770 814 3824 vel
849 3777 1120 3836 argentum
1149 3804 1166 3830 ,
1222 3763 1304 3817 vel
1351 3773 1589 3816 terrenas
1627 3758 1875 3821 divitias,

363 3860 495 3930 [aut
520 3859 627 3929 (28)
657 3857 1099 3927 pulchritudinem
1127 3867 1248 3922 qua!
1278 3866 1346 3905 ex
1379 3863 1540 3904 carne
1559 3857 1611 3902 et
1625 3845 1880 3913 sanguine

363 3957 576 4003 constat
594 3945 638 4016 ],
670 3945 752 3998 vel
785 3943 1074 4012 generatim
1096 3955 1212 4009 qua:
1232 3946 1352 3992 sunt
1376 3936 1587 4005 propria
1614 3931 1877 3992 materiei,

365 4045 420 4092 et
443 4034 730 4090 interitus?
757 4033 936 4099 Itaque
961 4030 1293 4098 perspicuum
1333 4036 1414 4079 est
1444 4022 1706 4091 quomodo
1756 4019 1880 4073 Ser-

361 4121 563 4176 vatoris
585 4134 683 4172 vox
731 4119 816 4171 illa
846 4117 916 4170 sit
944 4135 956 4169 :
993 4115 1203 4168 Honora
1237 4111 1448 4164 Patrem
1486 4111 1532 4143 ⁵³
1555 4150 1569 4174 ,
1597 4123 1754 4176 quam
1784 4121 1881 4175 pro

363 4209 505 4262 virili
555 4204 875 4260 contendere
905 4217 1001 4255 nos
1037 4201 1193 4253 etiam
1223 4199 1472 4252 debemus
1526 4195 1703 4249 dicere
1727 4227 1746 4255 ,
1787 4191 1881 4245 tri-

1967 3043 2136 3096 τάνων
2153 3058 2168 3072 '
2196 3045 2257 3094 Ὀ
2278 3043 2385 3109 γὰρ
2398 3043 2467 3098 ἐκ
2484 3047 2587 3099 τοῦ
2603 3043 2752 3096 Θεοῦ
2770 3041 3238 3112 γεγενημένος
3251 3043 3368 3108 οὐχ
3393 3040 3559 3107 ἀμαρ-

1968 3132 2147 3186 τὰνει.
2184 3131 2293 3185 Καὶ
2318 3131 2433 3193 πῶς
2471 3132 2605 3199 τιμᾷ
2634 3128 2722 3182 τὸν
2744 3129 2978 3198 Πατέρα
3013 3130 3046 3181 ὁ
3076 3130 3264 3199 τιμῶν
3287 3129 3444 3193 δόξαν
3470 3127 3561 3196 τὴν

1970 3222 2117 3292 παρά
2142 3220 2455 3290 ἀνθρώπων,
2496 3220 2528 3289 ἢ
2563 3217 2846 3287 ἀργύριον,
2882 3217 2918 3287 ἢ
2955 3219 3058 3271 τὸν
3087 3221 3283 3290 χοῖκδν
3319 3217 3559 3283 πλοῦτον,

1970 3311 2002 3378 ἢ
2035 3310 2096 3361 τὺ
2124 3309 2188 3359 ὲκ
2220 3304 2432 3376 σαρκῶν
2481 3305 2573 3356 καὶ
2600 3305 2847 3372 αἱμάτων
2875 3305 3117 3369 κάλλος,
3164 3307 3201 3376 ἢ
3237 3306 3560 3371 ἁπαξαπλῶς

1971 3412 2022 3446 τι
2049 3394 2153 3445 τῶν
2181 3391 2389 3445 οἰκείων
2415 3393 2479 3460 τῇ
2504 3389 2604 3460 ὓλῃ
2624 3389 2716 3440 καὶ
2744 3391 2812 3456 τῇ
2848 3388 3074 3459 φθορᾷς
3131 3391 3309 3459 Δῆλον
3335 3386 3428 3442 οὖν
3453 3389 3560 3450 πῶς

1971 3484 2063 3535 τοῦ
2089 3482 2332 3550 Σωτῆρός
2357 3483 2470 3532 ἐστι
2515 3479 2662 3547 φωνή
2685 3494 2699 3508 ·
2738 3475 2892 3544 Τιμῶ
2937 3479 3060 3554 τὸν
3088 3479 3358 3546 Πατέρα,
3384 3481 3563 3548 ἥντινα

1972 3572 2068 3640 ὅση
2093 3569 2312 3637 δύναμις
2333 3565 2721 3634 φιλοτιμητέον,
2753 3565 3293 3634 συμμαρτυρούσης
3322 3567 3450 3634 ἡμῖν
3474 3563 3564 3632 τῆς

1976 3657 2320 3726 συνειδήσεως
2367 3656 2423 3706 ὲν
2452 3652 2725 3721 Πνεύματι
2773 3652 2942 3720 ἀγίῳ,
2993 3655 3210 3718 εἰπεῖν,
3263 3652 3566 3708 ἀποδιδοῦσι

1975 3747 2051 3816 τῷ
2095 3745 2210 3814 Θεῷ
2250 3745 2342 3798 καὶ
2387 3743 2558 3812 Πατρὶ
2600 3742 2698 3811 τὴν
2747 3743 2942 3813 τιμὴν,
3000 3747 3108 3798 καὶ
3147 3746 3228 3816 μὴ
3261 3746 3433 3814 ἑτέρῳ
3462 3741 3566 3810 (εει)

1975 3835 2324 3903 ἀπονέμουσιν
2373 3832 2559 3901 αὐτήν.
2619 3830 2730 3882 Καὶ
2779 3830 2970 3894 καλῶς
3005 3849 3080 3900 γε
3131 3836 3163 3887 ό
3201 3834 3453 3896 ἐλθόντος
3481 3829 3568 3884 τοῦ

1978 3922 2329 3991 πληρώματος
2357 3917 2446 3970 τοῦ
2478 3919 2668 3986 χρόνου
2697 3919 3136 3988 ἀπεσταλμένος
3174 3924 3285 3976 ὑπὸ
3316 3923 3411 3975 eos
3443 3919 3567 3974 Θεοῦ

1979 4011 2224 4079 γενέσθαι
2268 4010 2331 4060 ὲκ
2361 4007 2628 4074 γυναικὸς,
2661 4007 2756 4058 καὶ
2801 4009 3075 4074 γενέσθαι
3109 4014 3222 4066 ὑπὸ
3266 4013 3362 4068 τδν
3393 4013 3567 4082 νόμον,

1979 4100 2053 4161 ὡς
2084 4098 2185 4150 ὑπὸ
2214 4096 2302 4148 τὸν
2336 4094 2555 4161 λέγοντα
2601 4094 2765 4161 νόμον
2805 4097 3116 4164 τυγχάνων
3158 4102 3258 4153 τόν
3306 4101 3448 4169 Τίμα
3471 4096 3572 4150 τὸν

1983 4187 2204 4252 πατέρα
2240 4183 2334 4236 καὶ
2369 4181 2481 4248 τὴν
2501 4182 2748 4250 μητέρα,
2797 4184 2902 4235 ἵνα
2927 4180 3004 4238 εὖ
3039 4203 3152 4240 σοι
3192 4187 3461 4256 γένηται,
3491 4186 3574 4239 o6—

365 4299 587 4350 hueutes
612 4291 718 4346 Deo
759 4299 812 4344 et
830 4289 969 4342 l’atri
998 4289 1272 4350 honorem,
1301 4299 1398 4339 nec
1420 4283 1509 4337 ulli
1531 4281 1618 4334 alii
1649 4282 1868 4334 tribuen-

1990 4243 2286 4330 6évavﬁnov
2309 4243 2442 4342 ἔχων
2474 4243 2742 4344 πατέραῆ
2777 4275 2869 4327 τὸν
2911 4277 2974 4327 ὲν
3009 4279 3137 4340 τοῖς
3176 4243 3429 4350 οὐρανοῖς
3447 4243 3576 4329 θεόν

367 4392 446 4436 tes
475 4382 674 4448 ipsum,
701 4385 1032 4432 contestante
1061 4376 1210 4430 nobis
1239 4371 1564 4428 conscientia
1596 4370 1648 4423 in
1683 4367 1882 4435 Spiritu

366 4477 554 4524 sancto
583 4466 647 4519 ".
679 4467 752 4518 Ac
776 4464 990 4532 pulchre
1022 4461 1257 4530 profecto
1289 4474 1407 4514 cum
1430 4457 1731 4512 advenisset
1749 4463 1880 4506 temo.

368 4557 514 4625 poris
538 4552 826 4621 plenitudo,
862 4551 1055 4604 missus
1085 4565 1113 4602 a
1141 4550 1249 4603 Deo
1282 4557 1338 4601 ut
1363 4563 1427 4602 ex
1455 4545 1677 4600 muliere
1698 4555 1885 4594 nasce-

372 4650 538 4702 retur,
567 4638 813 4701 lieretque
845 4635 940 4688 sub
967 4635 1076 4702 lege
1092 4635 1159 4700 ⁸⁸,
1181 4634 1330 4702 quasi
1360 4633 1449 4700 qui
1478 4638 1620 4684 esset
1643 4629 1739 4682 sub
1768 4628 1884 4695 lege

371 4727 577 4780 dicente
605 4739 619 4774 :
651 4720 866 4773 Honora
895 4729 1088 4786 patrem
1113 4727 1253 4770 tuum
1281 4727 1325 4769 et
1349 4727 1558 4767 matrem
1607 4722 1753 4764 tuam
1777 4747 1792 4776 ,
1833 4718 1890 4760 ut

373 4814 495 4866 bene
521 4810 584 4863 sit
623 4809 712 4861 tibi
741 4807 808 4868 ⁵⁸,
835 4806 1031 4859 nullum
1084 4806 1241 4858 alium
1293 4804 1497 4856 habens
1527 4809 1752 4864 patrem,
1786 4795 1890 4848 nisi

375 4900 538 4952 Deum
557 4897 844 4958 caelestem,
862 4894 1058 4962 inquit:
1081 4893 1182 4946 Sed
1194 4894 1386 4943 honoro
1403 4898 1602 4956 patrem
1617 4900 1784 4936 meum
1801 4883 1890 4934 ³⁶’.

375 4991 622 5045 Dicemus
649 5001 776 5040 vero
795 4986 954 5040 etiam
985 4999 1080 5038 nos
1108 4984 1244 5036 hanc
1276 4994 1476 5038 vocem.
1503 4978 1547 5030 si
1581 4974 1891 5030 considera-

374 5077 608 5130 verimus
643 5071 1056 5141 regenerationis
1078 5069 1372 5130 lavacrum,
1406 5064 1603 5130 lotique
1633 5062 1686 5114 in
1718 5072 1802 5124 eo,
1837 5065 1896 5110 ut

447 5210 494 5241 “
525 5208 710 5262 Matth.
738 5222 794 5268 ι,
814 5202 904 5257 29.
970 5202 1014 5234 "
1041 5201 1193 5254 Rom.
1226 5214 1305 5260 ut,
1332 5200 1422 5252 23.
1494 5197 1539 5230 "
1553 5193 1652 5248 Joh
1711 5205 1818 5254 xiv,
1838 5189 1868 5242 ι

383 5277 428 5309 ιι
462 5276 588 5309 nn...
641 5291 688 5309 ..τ
744 5275 764 5309 ι
860 5272 904 5302 u
933 5269 1043 5309 αειι
1081 5268 1222 5309 “LL-
1297 5268 1343 5299 ιο
1377 5265 1539 5309 Icmd.
1570 5276 1660 5309 xx.
1690 5258 1798 5309 12:
1841 5257 1868 5309 Ε

1964 5189 2008 5219 ⁸³
2034 5189 2174 5243 Eccl.
2209 5207 2304 5251 vn,
2325 5191 2414 5246 21.
2479 5193 2563 5246 ⁵¹1
2591 5193 2746 5249 loan.
2775 5214 2834 5262 ν,
2869 5200 2960 5257 l8.

1961 5270 2032 5309 cs.
2057 5273 2131 5309 Vl.
2151 5258 2206 5309 ἓ.
2278 5259 2348 5290 ⁸⁸⁵
2404 5259 2597 5309 Joann.
2625 5277 2744 5309 νιιι-
2776 5267 2868 5309 ιρι

461 5237 713 5335 £02.11:
741 5237 794 5325 ἷῖ
819 5237 904 5302 ⁶ῗῖ
933 5237 1660 5332 (ςειιῖῗῖἶΪὶΪἺΓῖξςοά.Ἠ,
1690 5237 1762 5310 {2'
1779 5237 1868 5322 ξε

1961 5237 2206 5321 εελνῖξνέ.
2221 5237 2232 5243 ⁷
2247 5237 2388 5290 Πίσῖ-
2399 5237 2746 5331 Ϊοοηῖι

461 5391 571 5459 (26)
601 5389 875 5459 Ferrarius
915 5386 1121 5459 videtur
1171 5383 1362 5459 legisse
1392 5380 1512 5433 τῶν
1563 5374 1898 5446 τιμωμένων,

394 5451 566 5510 όοΙόιιὶ
591 5456 846 5522 particula
887 5453 1128 5522 negativa
1157 5451 1246 5522 μή.

1037 5508 1111 5583 τῷ
1141 5503 1234 5582 τὴν
1262 5515 1419 5586 τιμὴν
1448 5503 1562 5582 τῆν’
1580 5511 1759 5578 τιμὴν,
1810 5506 1901 5560 καὶ⁹

1989 4378 2148 4434 φησιν
2167 4380 2179 4393 ·
2225 4361 2406 4414 Ἀλλὰ
2440 4360 2579 4429 τιμῶ
2606 4363 2713 4414 τὸν
2741 4362 2981 4430 Πατέρα
3006 4384 3165 4433 μου,
3241 4367 3502 4438 Ἐροῦμεν
3523 4363 3576 4415 δὲ

1989 4454 2078 4505 καὶ
2105 4453 2257 4520 ἡμεῖς
2285 4449 2483 4519 ταύτην
2523 4449 2619 4519 τὴν
2651 4449 2854 4519 φωνὴν,
2911 4455 3230 4523 νοήσαντες
3271 4457 3336 4508 τὸ
3361 4457 3458 4524 τῆς
3483 4470 3577 4505 πα..

1988 4540 2316 4607 λιγγενεσῑας
2344 4538 2582 4607 λουτρὸν,
2632 4539 2726 4590 καὶ
2767 4538 3115 4610 λουσάμενοι
3172 4545 3303 4598 κατ’
3334 4543 3465 4598 αὐτὸ
3491 4540 3579 4592 ἐπὶ

1957 4654 1961 4657 ι
1988 4629 2047 4679 τὸ
2072 4627 2313 4694 γενέσθαι
2344 4626 2445 4676 υἱοὶ
2476 4624 2631 4688 Θεοῦ,
2659 4627 2753 4676 καὶ
2797 4627 3004 4695 μηκέτι
3035 4632 3351 4694 καλοῦντες
3375 4629 3581 4697 πατέρα

1993 4717 2082 4768 ἐπὶ
2118 4715 2217 4782 τῆς
2256 4717 2356 4782 γῆς
2397 4713 2473 4782 τῷ
2502 4715 2604 4765 υἱοὶ
2631 4714 2917 4780 γεγονέναι
2946 4718 3050 4770 τοῦ
3103 4721 3166 4774 ὲν
3197 4725 3316 4783 τοῖς
3341 4719 3582 4790 οὐρανοῖς

1995 4803 2220 4872 Πατρδς,
2250 4803 2341 4854 καὶ
2371 4803 2588 4869 ἀδελφοὶ
2612 4803 2705 4854 τοῦ
2736 4805 3026 4870 εἰπόντος’
3064 4813 3414 4879 Πορεύομαι
3443 4807 3585 4875 πρὸς

1992 4889 2096 4941 τὸν
2141 4887 2368 4954 Πατέρα
2407 4906 2546 4956 μου,
2595 4891 2694 4946 καὶ
2754 4894 2999 4962 Πατέρα
3039 4899 3243 4967 ὑμῶν,
3293 4898 3397 4954 καὶ
3444 4899 3586 4949 Sed?

1989 4993 2123 5044 μου,
2159 4975 2254 5028 καὶ
2276 4975 2420 5028 Θεὸν
2448 4977 2628 5045 ὑμῶν.
2671 4979 2844 5050 Δῆλον
2874 4979 2993 5050 οὖν,
3019 4985 3107 5040 ὃτι
3140 4987 3466 5056 κυριώτατα
3497 4985 3586 5038 καὶ

1993 5065 2293 5117 τελειότατα
2343 5065 2583 5130 εἰπόντος
2627 5068 2720 5120 τοῦ
2783 5072 2964 5141 Ἰησοῦ
2983 5091 2998 5104 ο
3076 5076 3231 5145 Ἐγὼ
3279 5077 3588 5146 δαιμόνιον

3057 5204 3108 5238 ⁸³
3132 5203 3305 5260 Joan.
3353 5219 3476 5271 vm,
3498 5202 3583 5256 49.

2007 5373 2079 5442 μὴ
2105 5376 2299 5445 Αὲῖέρίρ-

2076 5429 2186 5514 (28)
2209 5429 2345 5500 'llacc
2381 5446 2748 5515 supplevimus
2771 5465 2804 5507 e
2825 5453 3102 5517 Perionio.
