3820 6198
283 268 312 318 ιι
1164 259 1510 318 ιῖοιιιιε-Ντ.
1549 261 1610 314 IN
1641 260 1827 314 JOAN.
1869 259 2098 314 'rouus
2141 257 2250 311 xx.
2314 228 2322 235 ’
3175 249 3274 302 sua

287 397 314 431 ι
345 379 595 445 ἕχω,ἀ.ἰλὰ
624 381 762 449 τιμῶ
796 383 896 434 τὸν
920 379 1141 445 Πατέρα
1170 395 1304 446 μου’
1344 380 1390 430 οί
1426 377 1652 446 μιμηταὶ
1681 383 1726 436 Α
1755 378 1795 429 ei

1788 373 2162 428 ﬂiciamur’ﬂlii
2192 371 2306 434 Dei,
2338 383 2440 421 non
2479 367 2702 435 amplius
2733 365 3036 418 vocabimus
3067 352 3291 449 pan-emi

283 466 368 528 τοῦ,
393 466 570 528 ἕκαστος
608 471 745 522 κατὰ
789 469 1009 536 δύναμιν
1038 468 1209 519 πάντα
1243 467 1455 534 ἰσχύσας
1497 468 1550 516 ὲν
1581 465 1656 533 τῷ
1754 477 1791 516 ει

1768 477 1910 528 super
1945 470 2139 514 terram
2198 473 2261 512 eo
2309 457 2446 524 quod
2495 457 2620 510 facti
2658 455 2913 508 fuerimus
2967 453 3058 506 lilii
3101 453 3276 506 Patris

281 555 519 622 ἱυναμοῦγιι
560 556 706 608 αὑτὸν
754 557 964 626 Χριστῷ
1002 556 1190 625 Ἰησοῦ,
1233 557 1322 608 καὶ
1353 558 1507 618 αὐτὸς
1547 558 1658 624 ἐρεῖ
1753 566 1789 604 (ιι

1809 551 1986 602 elestis
2008 551 2073 610 ⁸⁷,
2106 547 2404 613 fratresque
2434 545 2657 600 dicentis
2685 557 2700 596 :
2753 543 2896 596 Vada
2944 541 3012 593 ad
3067 539 3273 594 Patrem
3297 581 3317 604 ,

282 658 292 671 '
331 642 448 710 Ἐγὼ
469 642 740 710 δαιμόνιον
765 624 872 698 οὐκ
899 624 1031 712 ἔξω,
1058 624 1212 698 ἀλλὰ
1243 644 1380 712 τιμῶ
1413 644 1516 696 τὸν
1545 647 1658 695 Πα-
1755 651 1790 687 η

1808 652 1944 700 eum,
1975 645 2021 688 et
2053 632 2259 686 Patrem
2284 641 2524 694 vestrum,
2548 641 2592 683 et
2617 629 2780 682 Deum
2817 644 3011 690 meum,
3041 636 3087 680 et
3113 625 3276 679 Deum
3301 624 3312 658 δ

282 745 324 780 >α
339 745 453 796 μου.
500 731 577 793 Τίς
603 733 658 783 δὲ
705 735 912 800 νεκροῖς
938 733 1125 797 συνὼν,
1159 735 1249 785 καί
1274 734 1329 784 ὲν
1373 733 1555 800 τάφοις
1583 735 1658 784 οἰ·
1755 739 1790 776 νε

1773 735 1975 775 vestrum
2016 722 2080 773 ⁵⁸.
2106 721 2456 786 Quamobrem
2489 717 2822 786 perspicuum
2863 725 2943 769 est
2990 715 3127 782 quod
3155 727 3281 779 pro-

281 835 301 866 ν
335 817 538 888 δυνηθείη
583 819 643 870 ἂν
685 822 852 872 εἰπεῖν
883 821 974 872 τόο
1037 820 1173 888 Ἐγὼ
1217 820 1512 888 δαιμόνιον
1549 821 1656 871 οὐκ
1756 827 1789 878 P

1771 812 2042 877 giriissime,
2071 820 2121 862 et
2155 807 2538 876 perfectissime
2561 807 2770 859 dicente
2803 803 2926 857 Jesu
2954 822 2966 855 :
3015 801 3124 871 Ego
3178 803 3279 854 dte-

281 919 334 964 o;
358 905 385 972 ἢ
412 905 482 967 τίς
516 905 625 958 ἀλλο
668 923 718 957 τι
753 905 898 975 παρὰ
928 907 1017 957 τὸν
1046 907 1193 964 Θεὸν,
1245 909 1336 959 καὶ
1376 907 1465 957 τὸν
1494 906 1657 972 Λόγον
1755 918 1789 952 n

1769 903 1978 953 nonium
2006 915 2105 951 non
2129 899 2308 962 habeo,
2330 898 2418 950 sed
2440 898 2634 948 honoro
2658 894 2862 946 Patrem
2889 908 3054 944 meum
3071 933 3084 956 ,
3118 904 3277 944 unus-

281 993 358 1056 οῦ,
384 995 533 1046 καὶτὸ
567 994 780 1046 ύπδτοῦ
821 996 988 1060 Λόγου
1021 996 1439 1063 προτασσόμενον
1470 993 1655 1060 τιμῶν,
1756 1005 1787 1059 q

1766 990 1979 1059 quisque
2006 995 2242 1040 nostrum
2277 986 2516 1039 imitator
2538 984 2674 1052 ejus,
2706 982 2876 1050 quoad
2909 980 3021 1034 fieri
3062 988 3229 1048 potest
3259 1017 3274 1041 ,

279 1099 346 1150 ρῳ
381 1083 464 1151 τὴν
495 1083 637 1152 τιμὴν
681 1082 869 1144 διδοὺς,
895 1083 1008 1134 δέον
1038 1083 1133 1152 τὴν
1171 1082 1326 1151 τιμὴν
1364 1083 1658 1134 ἀποδιδόναι
1757 1092 1785 1130 e

1768 1087 1807 1130 et
1831 1077 2005 1128 omnia
2027 1084 2212 1143 potens
2236 1075 2287 1127 in
2311 1073 2522 1127 Christo
2540 1071 2659 1126 Jesu
2677 1087 2793 1124 eum
2812 1070 3188 1124 corroborante
3209 1067 3276 1131 ",

283 1170 341 1238 ᾧ,
368 1171 487 1222 εἴποι
512 1171 607 1238 (29)
641 1170 724 1233 ἂν,
755 1171 828 1231 ὠς
865 1170 1031 1237 Ἰησοῦ
1069 1169 1331 1238 μαθητής·
1372 1171 1549 1222 Ἀλλὰ
1583 1188 1660 1221 τι·
1757 1165 1788 1218 tl

1766 1165 1993 1218 dicturus
2013 1163 2170 1215 etiam
2198 1171 2276 1215 est
2305 1181 2318 1216 :
2346 1161 2454 1229 Ego
2486 1161 2790 1212 dwnwnium
2817 1175 2914 1211 non
2929 1157 3274 1226 358habeo,

309 1257 401 1309 τὸν
424 1257 622 1323 Πατέρα
652 1274 804 1325 pou;
855 1258 1004 1325 Ἑξῆς
1037 1259 1149 1308 ἐστι
1185 1257 1386 1318 τούτοις
1426 1258 1484 1308 τό
1506 1273 1517 1286 ο
1552 1258 1658 1310 Καί
1758 1268 1817 1304 εει

1771 1253 1846 1303 sed
1857 1252 2126 1303 cohonesto
2152 1249 2358 1302 Patrem
2375 1265 2558 1302 meum.
2574 1246 2828 1300 Caeterum
2848 1247 2966 1314 quis
2987 1249 3124 1298 inter
3141 1261 3279 1298 tuor-

279 1344 337 1409 τῗς
368 1345 625 1412 ἀτιμάζετέ
645 1363 738 1412 με,
771 1346 1046 1414 εἰρημένον
1073 1345 1202 1413 πρὸς
1225 1347 1345 1406 τοὺς
1369 1346 1660 1414 ἀτιμάσαν·
1761 1347 1787 1390 ιι

1771 1347 1880 1391 Luos
1901 1353 2142 1399 versans,
2183 1340 2232 1389 in
2268 1338 2630 1404 sepulcrisque
2658 1336 2900 1389 habitans
2930 1336 3103 1388 dicere
3129 1347 3279 1402 pote-

293 1434 452 1493 αὐτὸν,
480 1435 560 1484 καὶ
599 1431 746 1485 εἷπον
778 1433 920 1502 αύτῷ
959 1433 1042 1485 τό⁶
1081 1436 1160 1486 Οὐ
1190 1435 1381 1498 καλῶς
1417 1434 1663 1501 λέγομεν
1758 1428 1800 1480 ri

1771 1428 1829 1481 rit
1857 1445 1870 1480 :
1906 1426 2014 1494 Ego
2040 1427 2346 1478 dwmonium
2378 1441 2476 1477 non
2505 1427 2663 1476 habeo
2687 1425 2712 1476 1’
2739 1423 2820 1476 vel
2867 1424 2986 1490 quis
3015 1423 3279 1492 quidpiam

279 1521 352 1583 ῖς,
381 1521 456 1572 ὅτι
477 1521 816 1588 Σαμαρείτης
838 1517 896 1573 εἴ
913 1521 1011 1582 σὺ,
1037 1521 1130 1572 καὶ
1157 1521 1453 1589 δαιμόνιον
1474 1523 1661 1590 ἔχεις;
1759 1533 1787 1570 a

1769 1519 1899 1572 aliud
1927 1519 2194 1570 honorans
2226 1527 2422 1583 praeter
2450 1516 2630 1578 Deum,
2687 1515 3023 1582 Verbumque
3067 1514 3231 1582 ipsius
3263 1553 3277 1577 ,

277 1608 425 1666 δέντες
447 1606 502 1658 τὸ
541 1606 715 1668 κακῶς
761 1607 1039 1676 εἰρημένον
1084 1605 1255 1668 καλῶς
1284 1605 1657 1676 λελαληκέναι·
1693 1672 1724 1676 _
1761 1621 1785 1658 a

1771 1621 1819 1659 ac
1845 1614 2038 1674 praeter
2066 1605 2117 1657 id
2154 1605 2288 1672 quod
2321 1618 2350 1655 a
2396 1604 2569 1656 Verbo
2601 1602 2901 1668 praccipitur
2927 1602 3076 1655 alteri
3112 1603 3279 1656 hono-

277 1695 343 1756 ὥς
365 1694 460 1763 γὰρ
477 1695 700 1756 νοοῦντες
719 1672 1051 1764 Σαμαρείτην
1076 1696 1167 1746 καί⁵
1193 1672 1661 1764 δαιμόνιοννέχοντα
1693 1672 1732 1723 Β
1767 1711 1785 1748 ι

1771 1711 1874 1749 rem
1905 1697 2159 1757 tribuens,
2187 1709 2304 1748 cum
2330 1693 2627 1745 sitnecesse
2653 1691 2904 1744 honorem
2931 1692 3000 1744 illi
3027 1693 3279 1756 tribuere,

305 1783 506 1851 Σωτῆρα
557 1783 908 1852 ἀπεφήναντο.
969 1782 1262 1850 Νομιστέον
1310 1783 1364 1833 δὲ
1418 1783 1506 1834 τό·
1558 1785 1664 1836 Kal
1765 1785 1813 1838 di

1773 1785 2002 1838 dicturus
2033 1791 2114 1836 est
2146 1792 2391 1851 tanquam
2429 1780 2550 1834 Jesu
2583 1780 2908 1848 discipulus:
2944 1780 3044 1834 Sed
3088 1781 3281 1834 honoro

277 1870 323 1934 ἴς
345 1869 613 1937 ἀτιμάζετέ
635 1887 729 1937 με,
761 1871 878 1938 ούχί
919 1871 1010 1922 καὶ
1035 1871 1255 1931 ἐκείνοις
1301 1870 1476 1938 μόνοις
1522 1872 1666 1941 εἰρῆ-
1765 1869 1785 1923 Ι

1774 1869 1970 1925 Patrem
1995 1887 2162 1924 meum
2179 1874 2204 1926 ?
2232 1873 2312 1924 cui
2343 1871 2482 1923 dicto
2508 1873 2806 1938 proximum
2834 1879 2914 1924 est
2940 1871 3040 1924 hoc
3070 1889 3083 1924 :
3108 1873 3170 1922 Et
3198 1887 3282 1924 vos

278 2001 279 2006 η
307 1961 434 2021 τότε,
466 1958 588 2010 ἀλλὰ
609 1959 699 2011 καὶ
725 1962 833 2020 τοίς
861 1960 944 2011 ἀεὶ
968 1959 1299 2027 ἀτιμάζουσι,
1329 1959 1392 2010 δι’
1413 1953 1484 2011 ὧν
1509 1959 1668 2028 πράτο
1764 1959 1786 2022 ἰ,

1774 1959 2039 2024 ignominia
2075 1975 2152 2010 me
2179 1959 2395 2024 aﬂicitis,
2429 1960 2566 2024 quod
2615 1957 2811 2009 dictum
2857 1965 2939 2010 est
2968 1958 3033 2009 ad
3063 1972 3152 2010 eos
3192 1958 3282 2024 qui

275 2065 304 2097 rt.
348 2046 484 2113 παρά
521 2046 604 2097 τὸν
627 2046 778 2116 ὀρθὸν
811 2047 983 2113 λόγον,
1015 2047 1102 2097 τὸν
1133 2045 1223 2098 τοῦ
1251 2045 1400 2107 Θεοῦ,
1445 2048 1534 2098 καὶ
1557 2046 1668 2098 ἀτι-
1765 2045 1779 2096 i

1771 2045 1909 2096 illum
1941 2047 2267 2111 contemptui
2306 2043 2570 2096 habebant
2597 2082 2610 2106 ,
2641 2043 2837 2110 quique
2871 2044 2945 2095 illi
2991 2045 3234 2097 dicebant
3267 2062 3279 2097 :

275 2151 398 2197 )UO'I,
443 2134 502 2184 δι’
530 2128 598 2185 ὧν
641 2132 898 2196 ἀδικοῦσι,
943 2133 1032 2184 τὸν
1069 2134 1314 2202 Χριστὸν,
1349 2135 1405 2195 ὃς
1437 2135 1546 2185 ἐστι
1590 2133 1665 2184 δι-
1769 2132 1783 2184 i

1777 2132 1951 2185 Nonne
1975 2135 2094 2187 bene
2116 2134 2334 2185 dicimus
2361 2149 2471 2195 nos,
2496 2135 2631 2199 quod
2667 2131 3026 2185 Samaritanus
3055 2150 3106 2186 es
3141 2142 3214 2198 tu,
3236 2141 3285 2185 et

278 2223 422 2291 σύνη,
469 2223 556 2274 καὶ
601 2222 939 2290 ἀτιμάζουσι,
987 2221 1052 2272 δι’
1101 2215 1175 2274 ὧν
1216 2221 1350 2272 κατά
1374 2221 1666 2290 ἀδυναμίαν
1765 2233 1786 2269 a

1775 2219 2073 2271 immanium
2103 2220 2254 2272 habes
2277 2221 2302 2272 Ρ
2330 2221 2728 2280 existimantes,
2780 2221 2920 2288 quod
2970 2220 3104 2273 male
3135 2221 3283 2273 dixe-

275 2310 534 2362 ἀσθένειαν
555 2307 869 2367 ἐπιτελοῦσι,
898 2310 992 2376 τὴν
1012 2308 1102 2359 τοῦ
1125 2308 1254 2359 Θεοῦ
1285 2309 1522 2376 δύναμιν,
1551 2309 1668 2376 ἣτις
1768 2321 1783 2357 ι

1777 2314 1904 2369 rant,
1943 2320 1999 2359 se
2032 2307 2164 2360 bene
2191 2309 2389 2360 dixisse
2417 2325 2430 2359 :
2461 2305 2597 2360 male
2627 2307 2766 2360 enim
2793 2307 3086 2375 cogitantes
3119 2321 3285 2360 enun-

276 2415 294 2448 ν
315 2399 342 2448 ὁ
367 2399 544 2467 Σωτήρ
561 2413 573 2426 ·
601 2397 831 2465 Χριστὸς
849 2397 953 2465 γὰρ
976 2396 1105 2447 Θεοῦ
1134 2396 1371 2464 δύναμις.
1411 2397 1516 2447 Καὶ
1538 2413 1668 2449 παν·
1768 2404 1784 2446 ι

1775 2395 1968 2447 liarunt
2005 2393 2333 2449 Servatorem
2373 2397 2770 2450 Samaritannm
2796 2437 2811 2463 ,
2862 2405 2916 2450 et
2967 2398 3283 2450 daemonium

275 2504 282 2534 :
319 2484 392 2552 τῷ
424 2483 770 2548 ὲξουδενοῦντι
811 2485 997 2549 σοφίαν
1041 2481 1249 2552 λεχθείη
1283 2482 1344 2535 ἂν
1367 2482 1448 2534 τό·
1488 2483 1666 2550 ἰμεῖς
1764 2483 1783 2537 1

1777 2483 2068 2539 habentem.
2119 2483 2224 2538 Nec
2253 2501 2380 2539 vero
2419 2487 2830 2540 existimandum
2879 2495 2961 2539 est
3009 2485 3109 2539 illis
3160 2486 3285 2541 solis

277 2570 434 2630 άζετέ
475 2585 573 2638 με’
627 2568 850 2636 ἐπείπερ
878 2568 1105 2638 Χριστὸς
1145 2568 1236 2618 καὶ
1290 2566 1444 2633 σοφία
1490 2567 1661 2618 ἐστίν·
1765 2582 1782 2625 ι

1774 2582 1888 2626 tunc
1910 2575 2105 2626 dictum
2139 2573 2298 2628 fuisse
2327 2594 2340 2630 :
2379 2575 2444 2629 Et
2497 2594 2581 2630 vos
2631 2576 2912 2644 ignominia
2950 2591 3028 2628 me
3061 2575 3282 2644 (illicitis,

300 2661 392 2711 καὶ
437 2659 482 2709 εἰ
523 2657 636 2711 δέον
658 2657 718 2708 τὸ
745 2657 802 2720 ἐξ
844 2654 1005 2708 αὑτοῦ
1040 2671 1155 2706 τινα
1183 2653 1316 2723 μετὰ
1340 2655 1549 2706 πάντων
1577 2657 1667 2706 ἀν-
1762 2674 1808 2714 se

1777 2662 1853 2714 sed
1890 2661 1972 2714 his
1997 2663 2156 2716 etiam
2197 2665 2284 2731 qui
2315 2675 2564 2731 perpetuo
2595 2666 2887 2730 Christum,
2911 2667 2998 2732 qui
3029 2674 3110 2720 est
3129 2665 3285 2734 justi-

273 2767 366 2802 των
411 2747 722 2817 εἰρηνεύειν,
758 2745 972 2798 ὣστ’ἂν
1017 2743 1185 2796 εἰπεῖν
1234 2745 1294 2795 τὸ
1340 2744 1664 2816 προφητικὸν
1766 2755 1781 2798 ι

1774 2746 1861 2810 lia,
1887 2747 2173 2814 ignominia
2206 2748 2436 2803 alliciunt
2471 2767 2576 2819 .per
2599 2765 2660 2804 ea
2703 2765 2820 2818 qua:
2853 2752 3045 2818 injuste
3075 2761 3234 2820 agunt
3267 2767 3282 2815 ;

274 2857 332 2891 ιο·
385 2837 544 2890 Μετὰ
590 2835 706 2888 τῶν
730 2834 1061 2902 μισούντων
1099 2832 1210 2898 τὴν
1243 2832 1482 2899 εἰρήνην
1508 2833 1666 2899 ἥμην
1764 2848 1782 2885 a

1776 2841 1925 2901 atque
1955 2839 2111 2887 etiam
2147 2836 2228 2889 his
2253 2837 2342 2903 qui
2389 2837 2672 2906 ignominia
2705 2840 2991 2904 potentiam
3040 2839 3129 2890 Dei
3169 2839 3284 2890 aﬂi-

273 2927 444 2991 βικὸς,
499 2925 590 2976 καὶ
642 2923 756 2975 δέον
803 2921 1079 2974 ἀναλαϐεῖν
1149 2920 1243 2990 τὴν
1307 2921 1664 2989 ὑπερέχουσαν
1691 2937 1781 3020 Ct

1775 2923 1934 2986 ciunt,
1965 2937 2080 2989 qua:
2111 2934 2191 2977 est
2219 2925 2471 2978 Servatur
2494 2926 2772 2992 (Christus
2801 2929 2940 2980 enim
2973 2937 3052 2979 est
3076 2926 3165 2979 Dei
3197 2943 3283 2994 po-

294 3016 470 3069 πάντα
501 3013 624 3066 νοῦν
670 3012 906 3081 εἰρήνην,
956 3008 1284 3078 φρουροῦσαν
1314 3009 1410 3078 τὴν
1451 3010 1666 3078 καρδίαν
1695 3008 1733 3020 “
1771 3016 1802 3060 tt

1774 3010 1930 3060 tentia
1962 3010 2064 3076 °°),
2087 3024 2149 3061 ex
2184 3010 2266 3062 his
2298 3025 2414 3077 qua:
2441 3009 2672 3065 eiliciunt
2721 3013 2772 3065 in
2805 3012 3078 3066 debilitate
3121 3022 3174 3066 et
3201 3015 3282 3065 in-

272 3104 311 3154 a
348 3103 593 3170 νοήματα
624 3099 714 3151 τοῦ
749 3098 1085 3166 ἀνειληφότος
1116 3098 1298 3166 αὐτήν.
1353 3097 1412 3149 Εἰ
1439 3097 1492 3149 δὲ
1518 3098 1670 3150 πολε·
1765 3096 1780 3147 1

1776 3095 2037 3151 ﬁrmitate.
2061 3097 2197 3160 Quin
2221 3099 2380 3149 etiam
2415 3099 2712 3165 cuicunque
2747 3101 3011 3165 spernenti
3061 3100 3149 3152 Dei
3199 3114 3284 3152 sa-

271 3209 278 3247 :
317 3189 430 3257 (50)
460 3204 545 3249 τις
593 3187 696 3254 εἴη,
727 3186 818 3237 καὶ
855 3184 1079 3246 δάκνων,
1110 3183 1200 3234 καὶ
1235 3181 1663 3252 καταιτιώμενος,
1765 3197 1779 3249 ι

1777 3183 2016 3249 pientiam
2043 3184 2246 3236 dicetur
2279 3201 2290 3235 :
2333 3182 2434 3236 Vos
2465 3185 2746 3252 ignominia
2775 3201 2856 3237 me
2878 3187 3095 3254 nﬁicitis,
3125 3200 3285 3253 quan-

275 3276 544 3329 ατεσθίων
576 3274 665 3325 τὸν
697 3273 934 3340 πλησίον,
975 3272 1066 3322 καὶ
1116 3270 1530 3340 πεπληρωμένος
1571 3271 1668 3338 τῆς
1766 3287 1783 3323 ί

1776 3271 2044 3338 doquidem
2089 3272 2332 3325 Christus
2386 3273 2548 3326 etiam
2600 3283 2680 3328 est
2727 3275 2984 3341 sapientia
3013 3274 3054 3305 ⁶¹
3089 3274 3284 3346 [atque

271 3366 295 3433 ,3
333 3362 650 3434 ἡγεμονικῷ
684 3359 872 3413 ἑαυτοῦ
917 3360 1149 3420 στάσεως
1179 3358 1283 3411 τῶν
1325 3359 1527 3421 παθῶν,
1579 3361 1669 3412 καί⁸
1765 3372 1779 3410 ε

1775 3361 1921 3411 etiam
1951 3372 2050 3425 pax
2077 3357 2176 3428 “j.
2200 3361 2346 3424 Quod
2375 3361 2419 3413 si
2446 3361 2708 3428 quispiam
2736 3371 2815 3415 est
2841 3376 2904 3415 ex
2933 3363 3066 3429 ipso,
3115 3363 3157 3415 is
3187 3377 3283 3430 pa-

271 3474 281 3502 ι
316 3455 385 3506 ἂν
435 3451 653 3521 λεχθείη
702 3451 790 3502 “co”
856 3448 1034 3516 Ὑμεῖς
1074 3447 1365 3514 ἀτιμάζετέ
1394 3465 1502 3515 με·
1540 3450 1668 3517 Χρι-
1765 3464 1779 3501 t

1772 3463 1876 3501 cem
1907 3449 2064 3502 etiam
2095 3464 2215 3502 cum
2247 3450 2548 3503 hominibus
2569 3451 2810 3503 Omnibus
2833 3450 3023 3502 habeat
3050 3459 3280 3517 oportet,

271 3544 378 3611 γάρ
413 3542 568 3592 ἐστιν
600 3541 632 3607 ἡ
667 3539 852 3608 εἰρήνη
881 3537 1052 3605 ἡμῶν.
1092 3537 1206 3587 Ἐτι
1235 3536 1289 3588 δὲ
1316 3535 1537 3605 ἐπείπερ
1565 3538 1668 3598 πᾶς
1765 3553 1779 3590 ε

1775 3539 1897 3592 ιιιθο
1927 3545 1982 3592 ιιι
2008 3539 2147 3592 dicat
2174 3541 2534 3606 propheticum
2573 3541 2697 3593 illud
2727 3557 2738 3592 :
2773 3539 2900 3592 Cum
2937 3541 3014 3592 his
3038 3543 3124 3607 qui
3163 3540 3283 3592 ode-

271 3630 396 3681 Ἐλαρ
414 3627 715 3694 πράσσων
737 3625 900 3693 μισεῖ
925 3624 990 3676 τὸ
1012 3623 1152 3690 φῶς,
1184 3622 1277 3675 καὶ
1305 3626 1410 3676 οὐκ
1443 3624 1669 3691 ἔρχεται
1766 3644 1779 3678 ι

1776 3637 1882 3680 runt
1907 3643 2100 3694 pacem,
2136 3644 2274 3681 eram
2300 3629 2542 3695 paciﬁcus
2569 3627 2634 3690 ⁸³,
2672 3643 2802 3692 opus
2829 3629 2983 3681 etiam
3011 3638 3091 3681 est
3118 3637 3173 3681 ut
3200 3643 3284 3680 reo

277 3717 352 3770 τὸ
399 3715 555 3783 φῶς,
594 3714 705 3781 φῶς
725 3714 780 3764 δέ
818 3715 960 3764 ἐστιν
992 3716 1018 3764 ὁ
1045 3710 1208 3762 εἰπών
1231 3728 1244 3741 ο
1295 3711 1437 3778 Ἐγώ
1459 3715 1569 3779 εἰμι
1603 3713 1668 3764 τὸ
1765 3728 1785 3767 c

1772 3715 1926 3781 cipiat
1979 3729 2161 3781 pacem
2210 3705 2546 3780 superantem
2601 3728 2807 3765 omnem
2864 3715 2952 3766 Dei
2995 3715 3280 3781 intelligen-

271 3805 362 3858 '01?
387 3805 651 3871 κόσμου,
673 3802 844 3870 δῆλον,
872 3803 949 3852 ὅτι
983 3799 1154 3867 φαῦλα
1185 3800 1452 3867 πράσσων,
1480 3801 1670 3868 ἀτιμά-
1768 3810 1779 3852 t

1769 3800 1891 3852 liam
1911 3801 1972 3862 “,
2003 3815 2199 3868 corque
2215 3803 2876 3855 custodientemetsensus
2900 3803 3012 3869 ejus
3043 3805 3128 3869 qui
3161 3818 3277 3854 eam

271 3896 297 3946 δ
328 3893 477 3960 φῶς,
510 3890 764 3958 ἀτιμάζει
796 3889 1043 3958 Χριστὸν,
1072 3887 1161 3939 καὶ
1192 3887 1348 3948 αὐτὸς
1379 3889 1668 3957 ἀκουσόμε-
1768 3905 1779 3942 ι

1775 3891 2050 3957 receperit.
2075 3890 2228 3954 Quod
2258 3892 2299 3942 si
2335 3891 2472 3958 quis,
2505 3892 2727 3943 bellandi
2769 3891 3009 3957 cupidus,
3047 3892 3283 3944 mordeat

293 3999 309 4012 .
349 3981 472 4032 Καὶ
511 3978 682 4045 ὑμεῖς
721 3973 1012 4043 ἀτιμάζετέ
1047 3991 1138 4041 με.
1174 3975 1279 4026 Καὶ
1305 3975 1356 4026 τί
1385 3992 1450 4045 με
1475 3975 1553 4028 δεῖ
1579 3977 1669 4028 ἐπὶ
1765 3990 1794 4031 e

1770 3979 1923 4031 etiam
1956 3978 2262 4044 incusetque
2279 3993 2341 4030 ac
2363 3980 2574 4030 devoret
2591 3977 2907 4044 proximum,
2933 3979 3104 4045 sitque
3123 3979 3278 4030 etiam

294 4067 586 4138 μηκύνειν
623 4065 710 4117 τὸν
756 4063 928 4130 λόγον,
978 4062 1398 4127 ἀναπτύσσοντα,
1443 4065 1534 4116 καὶ
1557 4065 1666 4116 δει-
1766 4081 1800 4134 p

1772 4066 1956 4134 plenus
1985 4067 2419 4133 perturbationis,
2466 4080 2622 4117 causa
2654 4065 2926 4116 seditionis
2976 4065 3280 4118 exsistentis

271 4173 294 4206 ιι
344 4155 507 4214 τίνες
537 4154 674 4204 εἰσὶν
720 4152 768 4203 oi
805 4148 1145 4218 ἐλεγχόμενοι
1194 4150 1296 4202 ὑπὸ
1342 4150 1434 4202 τοῦ
1476 4151 1667 4220 Ἰησοῦ,
1769 4153 1779 4206 i

1769 4153 1820 4206 in
1851 4169 1946 4207 suo
1971 4155 2132 4222 ipsius
2155 4156 2346 4209 anima:
2373 4154 2693 4223 principatu,
2717 4153 2840 4206 huic
2865 4154 3022 4204 etiam
3041 4154 3277 4205 dicetur:

271 4244 541 4302 εούοντες
577 4240 665 4292 ὑπ’
697 4239 853 4291 αὐτοῦ
903 4239 988 4289 τόο
1034 4239 1210 4305 Ὑμεῖς
1247 4239 1538 4307 ἀτιμάζετέ
1567 4257 1662 4306 με,
1695 4253 1738 4308 ι)
1776 4240 1779 4246 ”

1776 4240 1873 4293 Vos
1895 4243 2171 4309 ignominia
2196 4259 2274 4297 me
2298 4245 2505 4311 afﬁcitis
2523 4262 2540 4298 :
2561 4243 2795 4301 Christus
2812 4242 2948 4294 enim
2976 4255 3074 4308 pax
3103 4250 3282 4293 nostra

306 4333 502 4382 ὄντων
539 4331 607 4381 ὲκ
628 4327 732 4379 τῶν
756 4327 1168 4395 ἀποδεδομένων,
1201 4327 1291 4379 καὶ
1313 4327 1418 4379 τῶν
1439 4328 1662 4396 δυναμὲ-
1765 4343 1814 4383 es

1775 4339 1844 4383 cst
1874 4330 1939 4381 “.
1968 4330 2172 4386 Rursus
2198 4335 2444 4400 quoniam
2469 4338 2555 4402 qui
2574 4339 2705 4389 male
2745 4337 2873 4403 agit,
2897 4331 3001 4386 odit
3028 4331 3210 4399 lucem,
3233 4339 3283 4387 et

278 4420 447 4480 ύτοις
483 4415 796 4476 ἀκολούθως
821 4416 994 4476 αὐτοῖς
1029 4414 1401 4469 συνάπτεσθαι.
1765 4434 1786 4470 a

1771 4434 1867 4470 non
1888 4421 2016 4472 venit
2048 4422 2125 4472 ad
2144 4423 2305 4473 lucem
2328 4423 2392 4484 “,
2424 4423 2614 4488 luxque
2641 4435 2725 4477 est
2760 4426 2844 4476 ille
2863 4425 2951 4491 qui
2975 4425 3106 4477 dixit
3135 4443 3147 4477 :
3173 4423 3279 4491 Ego

271 4526 326 4563 aa:
359 4507 580 4561 mundi
607 4506 689 4568 ⁸⁷,
723 4506 1055 4573 perspicuum
1087 4515 1169 4558 est
1221 4507 1361 4570 quod
1415 4504 1502 4573 qui
1553 4506 1688 4560 male
1740 4507 1866 4572 agit,
1920 4509 2201 4576 ignominia
2257 4511 2424 4564 lucem
2486 4512 2737 4574 alliciens,
2791 4513 3074 4579 ignominia
3121 4513 3276 4563 etiam

271 4614 367 4650 um
437 4596 688 4659 alliciat;
727 4595 1002 4648 auditurus
1049 4597 1248 4649 etiam:
1290 4595 1354 4647 Et
1390 4612 1474 4648 vos
1522 4597 1803 4664 ignominia
1851 4614 1930 4651 me
1995 4602 2210 4668 αθῑεὶιὶσ.
2245 4603 2309 4654 Et
2335 4604 2460 4670 quid
2505 4619 2634 4670 opus
2685 4613 2765 4657 est
2811 4605 2862 4655 in
2908 4603 3118 4668 longum
3161 4615 3283 4666 pro-

271 4703 294 4741 ε
324 4685 1067 4750 sermonem,explicantem
1127 4695 1180 4738 et
1221 4690 1576 4740 ostendentem
1603 4689 1814 4755 quinam
1855 4691 1960 4743 sint
2009 4694 2097 4759 qui
2149 4710 2176 4746 a
2221 4693 2342 4746 Jesu
2403 4696 2806 4762 redarguantur,
2837 4702 2890 4745 ct
2930 4693 3018 4760 qui
3059 4693 3164 4744 sint.
3191 4693 3280 4758 qui

279 4789 301 4830 ι
349 4778 433 4829 ab
470 4776 648 4843 ipso:
712 4771 806 4826 Vos
851 4776 1126 4843 ignominia
1169 4793 1247 4828 me
1288 4777 1517 4843 efﬁcitis,
1561 4793 1679 4833 Cum
1721 4782 1981 4836 manifesti
2040 4785 2143 4838 sint
2170 4801 2233 4838 ex
2277 4786 2358 4838 his
2384 4800 2499 4853 qua:
2521 4785 2880 4852 explicuimus,
2903 4791 2954 4834 et
2979 4796 3042 4835 ex
3067 4783 3146 4835 his
3167 4795 3282 4848 qua

271 4871 642 4930 isequenter
665 4862 914 4930 conjungi
951 4874 1170 4928 possunt
1203 4864 1227 4914 ?

271 4955 442 5006 iis.ch
489 4952 676 5004 ταῦτα
716 4951 905 5021 ἴδωμεν
946 4953 996 5003 τί
1025 4954 1137 5005 ἐστι
1179 4953 1264 5004 τό·
1331 4956 1472 5023 Ἐγὼ
1504 4957 1568 5009 δὲ
1597 4962 1666 5012 οὐ

1851 4960 2002 5029 359
2025 4959 2111 5012 50.
2143 4959 2266 5012 Post
2288 4959 2398 5011 haec
2423 4958 2692 5010 videamus
2716 4954 2838 5021 quid
2860 4955 2960 5007 sit:
2983 4959 3092 5021 Ego
3113 4963 3279 5007 autem
3333 4977 3359 5003 ,ι

271 5131 436 5181 ςιιιίι.
471 5143 651 5190 xxm,
681 5128 732 5196 9A.
769 5129 848 5196 7"
872 5127 1022 5180 Joan.
1067 5141 1156 5196 x_x,
1195 5127 1274 5196 l7".
1295 5195 1324 5196 ﬂ
1349 5131 1392 5159 ⁵ο
1421 5129 1607 5196 Philip.
1635 5147 1703 5196 tv,
1734 5132 1779 5184 ii

1770 5132 1816 5184 5.
1913 5132 1954 5161 ⁸ο
1996 5129 2012 5180 1
2047 5129 2168 5181 Cor.
2224 5146 2260 5193 r,
2305 5129 2431 5196 2L7
2470 5121 2675 5179 "ibid.
2753 5128 3018 5196 f’AEphes.
3062 5144 3140 5194 ιι,
3193 5131 3278 5184 Η.

271 5235 287 5249 .
323 5212 510 5260 cxnx,
553 5196 608 5247 7.
684 5194 727 5224 “
763 5195 949 5261 Philip.
993 5209 1060 5254 tv,
1097 5193 1150 5244 7.
1225 5195 1268 5224 ⁶⁸
1291 5195 1480 5260 Ephes.
1522 5193 1698 5260 11,14.
1766 5199 1779 5228 ε

1327 5196 1480 5260 Lphes.
1522 5193 1698 5260 11,14.
1766 5199 1809 5230 ⁸⁸
1860 5198 2012 5249 Joan.
2065 5212 2145 5258 ιιι,
2177 5197 2264 5249 20.
2341 5197 2382 5226 ⁸⁷
2409 5195 2562 5270 Joan.
2595 5208 2710 5255 vnt,
2750 5194 2835 5245 12.

272 5371 504 5444 Codex
551 5365 776 5444 Regius,
803 5365 956 5431 male,
983 5365 1098 5418 δέον
1127 5365 1203 5434 τῷ
1229 5365 1321 5436 τὴν
1350 5368 1507 5438 τιμὴν
1530 5372 1660 5424 ἀπο-

1815 5369 1944 5444 _(50)
1974 5370 2113 5422 Lien]
2164 5370 2329 5424 codex
2377 5369 2595 5438 Regius,
2651 5367 2818 5429 male,
2861 5367 2916 5420 '0
2958 5369 3013 5421 δὲ
3061 5373 3281 5444 mum-

281 5437 531 5505 αὐτὴν,
565 5435 729 5495 εἴποι,
763 5445 863 5485 etc.
1284 5435 1287 5436 ⁷
1464 5435 1473 5438 ⁷
1766 5435 1872 5498 κάξ.
