3820 6210
214 5170 228 5199 ι

314 210 414 265 665

1740 223 2055 281 ORIGENIS

3472 216 3550 274 itit

312 345 412 382 non
434 346 608 398 quer
638 330 855 398 gloriam
887 343 1050 380 meum
1078 342 1096 381 .'
1136 339 1211 381 est
1237 330 1323 397 qui
1352 332 1557 401 quaerit,
1607 342 1659 388 et
1685 336 1820 402 judi-

2038 336 2083 388 ῶ
2110 336 2223 402 τὴν
2240 336 2424 400 δόξαν
2446 355 2564 406 μου
2586 354 2601 369 ·
2637 340 2822 393 ἐστιν
2856 342 2893 392 ὁ
2916 336 3145 405 ζητῶν,
3177 334 3286 387 καὶ
3318 333 3546 400 κρίνων.

309 428 392 470 cat
425 418 490 477 “.
525 418 720 483 Quaerit
754 416 910 479 Deus,
942 417 1027 482 qui
1070 417 1222 472 nobis
1252 433 1403 473 suum
1446 423 1608 490 ipsius
1638 422 1831 479 Filium

309 505 471 570 dedit,
501 505 552 557 in
572 504 785 571 singulis
810 503 897 569 qui
922 518 1043 557 eum
1077 506 1389 572 receperint,
1419 509 1643 577 gloriam
1673 514 1830 568 Chri-

306 589 370 641 sti
408 603 601 656 :quam
626 587 837 655 quidem
872 589 1103 642 inveniet
1158 591 1211 643 iu
1262 592 1347 645 his
1375 595 1467 662 qui
1513 597 1595 650 sui
1646 613 1828 651 curam

304 677 536 745 egerint,
573 677 767 744 quique
796 676 1077 747 diligenter
1106 681 1358 734 excolunt
1389 693 1582 737 natura
1617 686 1717 740 sibi
1749 687 1831 740 in-

301 768 507 834 genitas
537 769 601 818 ad
636 768 885 820 virtutem
916 783 1104 823 causas
1133 790 1144 824 :
1185 770 1414 839 alioquin
1447 774 1582 829 hanc
1615 792 1719 830 non
1750 779 1832 831 in-

302 862 555 908 venturus
583 854 634 907 in
663 853 748 907 his
771 855 860 922 qui
900 855 1198 922 huiusmodi
1237 874 1339 912 non
1370 860 1563 915 fuerint
1590 881 1603 915 :
1642 871 1696 918 et
1724 879 1827 919 non

300 941 596 1002 inveniens,
613 942 817 1010 judicat
839 956 930 996 eos
960 943 1012 997 in
1035 945 1226 1013 quibus
1259 962 1361 1000 non
1384 947 1583 1003 invenit
1608 950 1827 1018 gloriam

298 1028 416 1081 FilLi
442 1028 543 1093 sui,
572 1029 637 1082 ad
661 1043 794 1095 quos
812 1029 984 1085 dicet:
1009 1031 1108 1084 Per
1129 1049 1213 1087 vos
1236 1035 1430 1102 jugiler
1459 1053 1640 1091 nomen
1662 1055 1828 1092 meum

297 1118 430 1171 male
455 1118 600 1170 audit
630 1120 763 1171 inter
792 1129 962 1186 gentes
989 1121 1053 1172 “.
1081 1123 1426 1176 Addnltitabit
1451 1125 1611 1178 etiam
1634 1127 1829 1196 aliquis

296 1216 509 1274 propter
525 1207 624 1261 huc
650 1226 663 1261 :
690 1206 780 1259 Est
812 1209 897 1275 qui
916 1211 1159 1277 quwritet
1180 1211 1405 1277 judicat,
1437 1228 1558 1266 num
1584 1216 1646 1267 ad
1668 1216 1827 1270 Deum

296 1295 482 1350 referri
515 1295 614 1351 ltoc
644 1311 779 1364 opus
805 1298 895 1362 sit,
942 1313 1061 1351 cum
1089 1298 1261 1366 palam
1292 1301 1488 1356 dixerit
1526 1303 1780 1359 Servatur
1812 1325 1824 1360 :

292 1384 468 1451 Neque
498 1385 634 1436 enim
660 1382 819 1437 Pater
845 1401 1149 1455 quemquam
1182 1388 1415 1456 judicat,
1460 1391 1548 1443 sed
1572 1407 1721 1444 omne
1737 1394 1828 1460 ju-

295 1473 488 1525 dicium
524 1474 663 1526 dedit
697 1472 839 1526 Filio
865 1491 977 1533 suo.
1021 1487 1074 1529 ut
1107 1493 1278 1531 omnes
1302 1479 1546 1534 honorent
1591 1480 1825 1546 Filum,

293 1563 423 1616 sicut
475 1561 732 1616 honorant
784 1562 1082 1617 Patrem”.
1119 1568 1188 1619 At
1237 1568 1354 1623 vide
1399 1585 1464 1623 an
1505 1573 1570 1624 ad
1607 1572 1709 1627 hoc
1752 1573 1824 1625 uti

1936 425 2097 492 Ζητεῖ
2122 425 2151 475 6
2179 424 2325 488 Θεὸς,
2350 425 2468 487 δοὺς
2495 427 2622 495 ἡμῖν
2653 426 2747 480 τὸν
2787 425 2923 479 my
2959 421 3192 501 ἑαυτοῦ,
3243 422 3317 475 ἐν
3357 422 3551 491 ἑκάστῳ

1936 513 2041 566 τῶν
2063 514 2351 582 εἰληφότων
2373 513 2552 580 αὑτὸν,
2580 515 2679 585 τὴν
2704 515 2872 579 δόξαν
2899 513 3003 567 τοῦ
3036 509 3309 583 Χριστοῦ
3333 527 3350 541 ⁸
3392 511 3551 580 ἥντινα

1935 604 2153 674 εὑρήσει
2179 603 2274 672 μὲν
2294 605 2351 656 ὲν
2373 607 2482 665 τοῖς
2502 603 2965 675 ἐπιμελουμένοις
2985 601 3240 664 ἑαυτῶν,
3282 600 3410 654 καὶ
3429 599 3547 669 ἐξερ·

1934 691 2251 760 γαζομένοις
2282 691 2381 755 τὰς
2408 691 2991 760 ὲγκαταφυτευθείσας
3041 691 3132 742 ἐπ’
3168 689 3387 761 ἀρετῇ
3418 688 3547 758 ἀφορ-

1938 778 2042 845 μάς
2065 797 2077 810 ο
2108 781 2206 849 οὐχ
2250 780 2470 849 εὑρήσει
2497 779 2552 832 δὲ
2593 780 2652 831 ὲν
2694 782 2809 843 τοῖς
2843 778 2925 849 μὴ
2976 777 3267 839 τοιούτοις
3290 791 3312 808 ⁶
3372 775 3461 826 καὶ
3488 770 3547 843 μὴ

1934 867 2197 936 εὑρίσκων
2230 867 2401 936 κρίνει
2428 866 2665 930 ἐκείνους
2691 868 2751 919 ὲν
2782 862 2867 930 οἷς
2893 866 2998 935 οὑχ
3038 866 3328 937 εὑρίσκει⁸
3353 863 3453 932 τὴν
3477 861 3546 914 δό-

1936 953 2029 1016 ξαν
2058 952 2150 1005 τοῦ
2178 953 2305 1006 Υίοῦ
2334 953 2546 1017 ἑαυτοῦ,
2588 954 2724 1024 πρὸς
2754 952 2851 1016 οὒς
2886 954 3048 1023 ἐρεῖν
3091 952 3178 1005 Δι’
3225 949 3418 1020 ὑμᾶς
3448 949 3547 1002 δια-

1934 1044 2156 1107 παντὸς
2174 1042 2237 1096 τὸ
2269 1042 2456 1111 ὄνομά
2481 1062 2601 1111 μου
2625 1042 3096 1111 ,βλασφημεῖται
3122 1042 3207 1094 ἐν
3232 1039 3394 1105 τοῖς
3412 1040 3548 1093 ἐθνι-

1932 1147 2054 1185 σιν.
2101 1133 2471 1201 Ἐπαπορήσαι
2496 1132 2541 1184 δ’
2563 1131 2628 1185 ἄν
2657 1149 2738 1194 τις
2764 1131 2855 1184 διὰ
2884 1131 2978 1183 τό⁶
3018 1132 3263 1185 Ἔστιν
3290 1132 3336 1183 ὀ
3369 1127 3542 1197 ᾅιτῶν,

1933 1219 2030 1271 καὶ
2052 1220 2286 1285 κρίνων,
2337 1223 2385 1273 εί
2412 1222 2517 1291 χρὴ
2551 1221 2710 1274 τοῦτο
2753 1220 3062 1291 ἀναφέρειν
3116 1220 3226 1272 ἐπὶ
3264 1219 3384 1272 τὸν
3415 1218 3542 1283 Θεὸν,

1933 1307 2116 1374 σαφῶς
2146 1306 2238 1359 τοῦ
2282 1308 2531 1377 Σωτῆρος
2567 1308 2854 1379 εἰρηκότος
2875 1324 2888 1336 ³
2935 1306 3101 1361 Οὐδὲ
3127 1308 3261 1375 γὰρ
3299 1310 3345 1361 ὀ
3375 1309 3543 1376 Πατὴρ

1932 1396 2113 1459 κρίνει
2136 1395 2370 1458 οὐδένα,
2402 1396 2561 1449 ἀλλά
2583 1396 2699 1463 τὴν
2723 1397 2935 1465 κρίσιν
2954 1394 3179 1449 πᾶσαν
3212 1395 3453 1449 δέδωκε
3476 1395 3543 1463 τῷ

1942 1482 2066 1547 Υὶῷ,
2103 1484 2200 1536 ἵνα
2232 1484 2452 1548 πάντες
2493 1484 2703 1552 τιμῶσι
2744 1484 2855 1537 τὸν
2886 1484 3053 1550 Υιὸν,
3092 1484 3322 1551 καθὼς
3363 1485 3541 1554 τιμῶιι

1929 1570 2037 1623 τὸν
2062 1572 2306 1639 Πατέρα.
2350 1572 2487 1624 Ἀλλ’
2524 1573 2629 1643 δρα
2667 1576 2716 1625 εί
2748 1573 2981 1626 δύνασαι
3021 1575 3171 1644 πρὸς
3208 1575 3395 1628 τοῦτο
3426 1593 3540 1646 χρπ

299 1650 470 1719 possis
499 1664 564 1705 eo
603 1650 746 1705 dicto
774 1668 788 1703 :
829 1650 953 1704 Non
991 1668 1197 1720 possum
1222 1671 1313 1723 ego
1350 1656 1522 1723 facere
1548 1675 1580 1711 a
1612 1673 1691 1710 me
1719 1659 1807 1725 ipsi

2030 1659 2123 1711 θαι
2151 1658 2256 1728 τῷο
2296 1662 2379 1713 Οὐ
2418 1659 2673 1729 δύναμαι
2715 1659 2834 1729 ἐγὼ
2885 1661 3090 1715 ποιεῖν
3124 1662 3247 1716 ἀπ’
3298 1663 3538 1733 ἐμαυτοῦ

293 1740 578 1807 quidquam
604 1755 621 1794 .'
649 1739 780 1793 sicut
804 1740 983 1806 audio,
1004 1743 1186 1809 judico
1211 1757 1231 1796 .°
1263 1755 1310 1797 et
1352 1747 1613 1812 judicium
1662 1764 1829 1801 meum

288 1828 490 1897 justum
515 1838 590 1881 est
615 1841 635 1880 :
678 1830 924 1897 quoniam
953 1846 1053 1883 non
1075 1847 1251 1893 quwro
1280 1836 1595 1888 voluntatem
1626 1853 1827 1900 nteant,

295 1916 384 1972 sed
411 1916 725 1970 voluntatem
748 1918 858 1986 ejus
898 1921 988 1989 qui
1018 1921 1152 1974 misit
1183 1937 1261 1976 me
1282 1923 1352 1977 '“.
1389 1922 1520 1978 Nam
1552 1925 1617 1990 si,
1647 1935 1703 1979 nt
1739 1942 1833 1981 au—

293 2007 369 2058 dit
392 2020 421 2057 ιι
451 2004 609 2059 Patre
627 2005 899 2071 Servatur,
918 2009 998 2062 sic
1014 2008 1238 2077 judicat,
1266 2026 1509 2079 quaerens
1533 2028 1636 2067 non
1655 2029 1831 2078 suam,

292 2094 384 2146 sed
415 2093 607 2158 Patris,
639 2094 729 2161 qui
751 2108 870 2148 eum
897 2095 1073 2161 misit,
1108 2097 1454 2166 voluntatem,
1501 2110 1554 2154 et
1603 2101 1737 2156 hanc
1763 2102 1831 2155 ob

290 2183 718 2252 causamjustum
739 2195 819 2239 est
843 2183 958 2252 ejus
980 2185 1237 2253 judicium
1262 2205 1277 2254 ;
1312 2188 1553 2244 fortassis
1573 2191 1829 2259 judicium

292 2272 429 2340 quod
446 2271 657 2341 jndicat
688 2273 779 2340 qui
813 2288 843 2328 a
870 2273 1032 2329 Patre
1076 2275 1245 2341 audit,
1279 2292 1384 2330 non
1415 2287 1496 2330 est
1523 2280 1788 2333 audientis
1812 2318 1829 2344 ,

291 2358 382 2412 sed
415 2360 582 2427 magis
602 2361 815 2429 proprie
847 2360 962 2428 ejus
987 2364 1076 2431 qui
1116 2364 1245 2418 dicit
1278 2366 1539 2420 audienti.
1572 2366 1669 2421 Sin
1704 2382 1830 2423 vero

292 2450 452 2502 etiam
481 2450 609 2504 dicit
642 2469 656 2506 :
688 2450 957 2506 Iudicium
979 2468 1147 2507 meum
1166 2453 1371 2520 justum
1409 2464 1509 2517 est,
1556 2457 1679 2510 audi
1710 2471 1829 2512 eum

297 2537 348 2589 in
413 2539 600 2593 eodem
656 2539 942 2606 Evangelio
991 2540 1298 2604 dicentem:
1334 2543 1524 2597 Omnia
1574 2561 1688 2598 mea
1740 2557 1829 2599 tua

295 2636 412 2679 sunt
443 2627 526 2691 ";
563 2643 683 2681 nam
719 2628 763 2682 si
796 2643 976 2681 verum
1006 2639 1087 2683 est
1115 2631 1298 2697 quoda
1327 2631 1609 2687 Servatore
1633 2634 1826 2689 dictum

298 2725 378 2769 est
410 2733 424 2768 :
458 2715 647 2768 Omnia
672 2732 783 2769 mea
813 2726 902 2769 tua
932 2729 1073 2784 sunt,
1099 2721 1433 2788 perspicuum
1464 2733 1545 2777 est
1570 2723 1826 2791 judicium

294 2802 454 2854 etiam
484 2802 677 2869 ipsum,
700 2803 763 2857 de
789 2818 894 2871 quo
918 2804 1115 2873 inquit:
1138 2804 1408 2860 Iudicium
1437 2825 1605 2863 meum
1625 2809 1827 2877 justum

294 2900 388 2950 est,
425 2889 599 2944 Patris
623 2905 744 2945 esse
769 2892 1063 2959 judicium;
1105 2897 1243 2962 quod
1278 2896 1322 2950 si
1359 2896 1536 2952 Patris
1561 2909 1642 2952 est
1682 2898 1824 2967 judi-

1932 1746 2141 1802 οὑδένο
2169 1747 2361 1813 καθὼς
2383 1749 2601 1813 ἀκούω,
2629 1750 2816 1815 κρίνω
2837 1765 2851 1778 ·
2889 1750 2993 1803 καὶ
3028 1751 3069 1817 ἠ
3108 1751 3353 1819 κρίσις
3384 1753 3418 1820 ἡ
3441 1751 3535 1822 ἐμὴ

1930 1835 2127 1888 δικαία
2178 1835 2377 1889 ἐστίν·
2427 1836 2514 1888 ὅτι
2556 1838 2629 1889 οὐ
2663 1833 2813 1903 ζητῶ
2852 1834 2924 1889 τὸ
2963 1836 3225 1905 θέλημα
3278 1840 3357 1892 τὸ
3394 1838 3534 1908 ἐμὸν,

1934 1924 2093 1978 ἀλλὰ
2116 1924 2181 1977 τὸ
2210 1925 2434 1992 θέλημα
2455 1924 2560 1978 τοῦ
2594 1924 2956 1993 πέμψαντός
2974 1942 3077 1995 με.
3136 1928 3213 1980 Εἰ
3248 1928 3391 2001 γὰρ.
3418 1928 3532 1982 καθα

1930 2010 2003 2076 ὼς
2044 2012 2227 2065 ἀκούει
2271 2014 2299 2065 6
2326 2012 2509 2083 Σωτὴρ
2573 2013 2730 2082 ἡμῶν
2780 2013 2894 2066 ἀπὸ
2924 2013 3026 2066 τοῦ
3070 2016 3360 2086 Πατρὸς,
3392 2017 3535 2081 οὕτως

1930 2100 2124 2170 κρίνει,
2150 2098 2325 2170 ζητῶν
2354 2099 2414 2152 οὑ
2442 2100 2502 2152 τὸ
2529 2098 2659 2153 ἴδιον
2692 2099 2935 2170 θέλημα,
2963 2100 3114 2154 ἀλλὰ
3150 2102 3265 2155 τοῦ
3310 2102 3532 2174 πέμψαν-

1929 2206 2022 2253 τος
2048 2188 2204 2242 αὑτὸν
2236 2189 2468 2260 Πατρὸς,
2494 2190 2589 2243 καὶ
2618 2188 2708 2242 διὰ
2741 2191 2906 2243 τοῦτο
2940 2190 3145 2245 δικαία
3173 2193 3348 2245 ἐστὶν
3372 2195 3403 2265 η
3431 2191 3535 2264 κρι-

1932 2294 2014 2341 σις
2045 2276 2240 2330 αὑτοῦ·
2284 2278 2492 2347 μήποτε
2537 2276 2874 2349 κυριώτερον
2924 2280 2962 2351 ἡ
3011 2279 3247 2351 κρίσις,
3278 2281 3350 2353 ἢν
3378 2281 3530 2353 κρίνει

1927 2370 1956 2419 6
2007 2366 2235 2429 ἀκούων,
2284 2366 2383 2419 οὑκ
2421 2365 2536 2419 ἔστι
2585 2365 2679 2420 τοῦ
2720 2367 3049 2433 ἀκούοντος,
3106 2369 3269 2425 ἀλλὰ
3321 2371 3406 2425 τοῦ
3452 2370 3531 2424 λέ-

1928 2474 2109 2525 γοντος
2139 2455 2405 2509 ἀκούοντι.
2436 2455 2554 2510 Κᾶν
2577 2456 2711 2527 λέγῃ
2743 2457 2822 2522 δὲ,
2854 2459 2943 2512 ὅτι
2983 2459 3061 2515 Ἠ
3104 2461 3337 2528 κρίσις
3363 2464 3398 2530 ἠ
3426 2461 3525 2531 ἐμὴ

1927 2544 2125 2598 δικαία
2165 2544 2355 2607 ἐστὶν,
2389 2543 2550 2598 ἄκουε
2584 2546 2642 2597 ὲν
2672 2543 2751 2614 τῷ
2792 2545 2951 2617 αὑτῷ
2995 2547 3350 2620 Εὑαγγελίῳ
3390 2550 3528 2618 λεγο-

1931 2634 2088 2704 μένου
2120 2634 2212 2687 τοῦ
2232 2651 2245 2664 ·
2274 2634 2472 2688 Πάντα
2497 2634 2569 2688 τὰ
2596 2636 2708 2704 ἐμὰ
2740 2634 2825 2688 σά
2850 2636 3034 2690 ἐστιν
3055 2655 3070 2669 ⁸
3100 2641 3158 2692 εί
3201 2641 3322 2714 γὰρ
3351 2641 3527 2711 ἀληθὲς

1928 2721 2030 2775 ὑπὸ
2063 2722 2156 2775 τοῦ
2196 2724 2442 2794 Σωτῆρος
2483 2724 2769 2793 εἰρημένον
2796 2725 2860 2777 τό
2885 2742 2900 2755 ο
2951 2726 3182 2783 Πάντα
3221 2731 3302 2784 τὰ
3327 2731 3431 2801 ἐμὰ
3455 2730 3528 2785 σά

1924 2808 2072 2870 ἐστι,
2106 2801 2285 2877 δῆλον,
2318 2809 2399 2861 ὅτι
2428 2810 2519 2862 καὶ
2562 2810 2700 2881 αὑτὴ
2738 2814 2772 2881 ἡ
2807 2813 3025 2883 κρίσις,
3064 2818 3212 2888 περὶ
3244 2816 3318 2890 ἧς
3342 2837 3521 2890 φησιν·

1937 2897 2005 2951 Ἦ
2031 2899 2223 2963 κρίσις
2255 2900 2292 2965 ἡ
2323 2898 2436 2967 ἐμὴ
2474 2898 2674 2952 δικαία
2704 2901 2866 2969 ἐστὶ,
2905 2904 3008 2957 τοῦ
3058 2906 3301 2978 Πατρός
3334 2912 3469 2962 ἐστιν
3490 2912 3524 2979 ἡ

295 2979 454 3040 cium,
496 2986 674 3046 potest
701 2979 833 3035 solvi
863 2981 1079 3035 dubium
1104 2958 1261 3053 liujus
1291 2985 1415 3039 dicti
1444 3003 1457 3038 :
1491 2985 1600 3055 Ego
1647 2958 1803 3040 auten

2061 2958 2079 2963 -
2199 2958 2433 2967 -.-ς
2851 2958 2865 2969 1
3124 2958 3524 2979 ”s""“"l

2024 3003 2132 3048 σις’
2170 2988 2216 3038 εἰ
2245 2987 2300 3039 δὲ
2328 2986 2421 3039 τοῦ
2446 2988 2654 3057 Πατρός
2684 2990 2835 3041 ἐστιν
2867 2992 2902 3059 ἡ
2946 2994 3170 3064 κρίσις,
3202 2998 3425 3051 δύναται
3449 2998 3525 3052 λε·

294 3083 396 3120 non
415 3083 590 3136 qua’ro
611 3070 829 3137 gloriam
856 3087 1059 3134 meam;
1088 3082 1161 3125 est
1181 3074 1267 3143 qui
1288 3076 1493 3143 quierit,
1521 3087 1569 3128 et
1595 3076 1823 3143 jndicat.

296 3155 463 3211 llabet
492 3168 670 3212 autem
702 3162 985 3227 quamdam
1035 3164 1304 3217 modestia:
1350 3166 1649 3234 emphasim
1688 3182 1825 3221 con-

295 3246 588 3299 venientem
623 3246 894 3305 Servaturi
926 3251 1067 3318 quod
1113 3251 1349 3305 dicitur:
1384 3251 1493 3323 Ego
1516 3266 1686 3308 autem
1720 3272 1825 3309 non

293 3350 468 3401 quaero
490 3334 710 3403 gloriam
732 3354 898 3391 meam
925 3352 944 3390 :
973 3354 1143 3407 neque
1168 3341 1310 3395 enim
1355 3344 1641 3398 admodum
1668 3346 1826 3400 dece-

296 3422 385 3472 bat
413 3421 578 3483 illum,
618 3431 677 3476 ut
705 3423 927 3491 gloriam
960 3428 1215 3495 exigeret,
1249 3438 1306 3483 et
1327 3431 1395 3483 ob
1425 3432 1524 3486 hoc
1554 3433 1825 3501 iudicaret

293 3523 389 3562 eos
417 3511 508 3577 qui
545 3510 619 3564 illi
650 3511 792 3564 illam
828 3528 932 3566 non
987 3516 1376 3584 reddidissent;
1423 3522 1515 3575 sed
1546 3523 1825 3590 oportebat

295 3598 371 3652 nti
401 3597 579 3661 Pater,
609 3599 702 3667 qui
736 3600 956 3668 gloriam
981 3602 1118 3657 Filio
1149 3605 1390 3671 dederat,
1429 3612 1664 3678 exigeret
1701 3629 1820 3668 eam

292 3688 361 3740 ub
383 3687 468 3740 bis
490 3688 577 3755 qui
605 3703 725 3741 eum
765 3689 851 3743 illa
871 3691 1168 3758 privabant,
1195 3695 1571 3768 iudicaretque
1591 3717 1682 3757 eos
1698 3718 1822 3771 pro.

292 3785 408 3839 pter
433 3775 599 3829 illum.
638 3777 903 3834 Fortassis
934 3783 1094 3835 etiam
1146 3782 1420 3850 Servatur,
1450 3789 1686 3845 imitator
1717 3792 1821 3846 Pa-

295 3864 392 3917 tris
416 3878 535 3918 cnm
561 3875 724 3931 esset,
759 3868 981 3936 gloriam
1016 3872 1107 3925 Dei
1138 3876 1326 3939 quaerit
1352 3877 1418 3930 ab
1448 3878 1645 3947 bis'qni
1688 3882 1823 3935 didi-

291 3964 616 4022 t-eruntqna:
640 3965 765 4009 sunt
803 3959 930 4023 Dei;
963 3971 1017 4013 et
1057 3963 1155 4015 nisi
1191 3965 1453 4019 invenerit
1477 3968 1529 4020 in
1558 3968 1823 4037 aliquibus

294 4041 465 4096 l’atris
496 4044 740 4111 gloriam,
761 4046 1025 4114 iudicabit
1063 4050 1181 4103 illus
1203 4090 1219 4114 ,
1262 4061 1516 4122 tauquam
1554 4059 1641 4123 qui
1673 4069 1823 4123 pote-

292 4140 482 4185 statem
508 4136 777 4201 acceperit
806 4137 1033 4192 faciendi
1058 4137 1342 4205 judicium,
1373 4144 1625 4210 quoniam
1655 4147 1821 4201 Filius

1925 3075 2111 3129 λῗσοαι
2158 3077 2217 3131 τὸ
2256 3078 2671 3147 ὲπηπορημένον
2720 3081 2854 3151 περὶ
2898 3081 3003 3134 τοῦ
3042 3084 3209 3157 (51)·
3287 3087 3429 3159 Ἐγὼ
3464 3087 3525 3141 δὲ

1922 3166 1994 3218 οὐ
2023 3164 2167 3231 ζητῶ
2196 3164 2309 3232 τὴν
2344 3165 2529 3229 δόξαν
2549 3184 2699 3234 μου·
2744 3168 2925 3223 ἔστιν
2961 3176 2998 3226 ὀ
3023 3171 3255 3242 ᾧιτῶν,
3291 3178 3385 3230 καὶ
3413 3179 3526 3246 upi-

1921 3270 2059 3305 νων.
2101 3254 2250 3322 Ἔχει
2275 3253 2331 3305 δέ
2357 3270 2479 3305 τινα
2520 3255 2611 3307 καὶ
2640 3256 2882 3325 ἀτυφίας
2917 3259 3179 3330 ἔμφασιν
3217 3264 3525 3336 πρεπούςης

1921 3342 1996 3411 τῷ
2042 3343 2244 3412 Σωτῆρι
2291 3342 2352 3394 τὸ
2375 3342 2660 3413 λεγόμενον
2694 3346 2754 3397 ὲν
2801 3347 2883 3416 τῷ
2907 3365 2922 3378 ⁸
2983 3351 3147 3421 Ἐγὼ
3172 3353 3250 3406 δὲ
3293 3357 3364 3408 οὐ
3392 3351 3527 3421 ζητῶ

1921 3428 2033 3495 τὴν
2066 3429 2247 3493 δόξαν
2265 3446 2383 3496 μου
2409 3446 2421 3459 ·
2454 3430 2574 3482 οὑδὲ
2606 3431 2716 3503 γὰρ
2744 3435 2890 3487 πάνυ
2943 3436 3208 3510 ἔπρεπεν
3243 3445 3406 3496 αὑτὸν
3432 3443 3523 3514 τὴν

1920 3516 2108 3569 ἑαυτοῦ
2136 3516 2291 3581 δόξαν
2335 3518 2603 3581 ἀπαιτεῖν,
2650 3520 2745 3571 καὶ
2798 3522 2895 3574 ἐπὶ
2934 3525 3127 3597 τούτῳ
3162 3529 3382 3599 κρίνειν
3407 3531 3528 3593 τοὺς

1922 3607 1997 3675 μὴ
2026 3604 2425 3667 ἁποδεδωκότας
2451 3607 2649 3676 αὑτήν·
2686 3607 2802 3661 ἀλλ’
2838 3612 3021 3683 ὲχρῆν
3052 3616 3152 3668 τὸν
3196 3618 3420 3690 Πατέρα
3450 3617 3526 3670 δό-

1920 3693 2014 3758 ξαν
2042 3694 2301 3746 δεδωκότα
2342 3694 2418 3764 τῷ
2448 3694 2562 3764 Υἱῷ
2593 3696 2844 3751 ἀπαιτεῖν
2892 3703 3076 3775 αὐτὴν
3123 3708 3243 3761 ἀπὸ
3270 3709 3381 3761 τῶν
3408 3710 3529 3761 ἀπο-

1920 3789 2264 3860 στερούντων,
2294 3790 2388 3843 καὶ
2416 3792 2620 3861 κρίνειν
2664 3793 2865 3857 αὐτοὺς
2898 3796 3000 3849 ἐπὶ
3044 3797 3255 3872 ταύτῃ.
3288 3800 3442 3868 Τάχα
3471 3796 3526 3850 δὲ

1918 3880 2010 3932 καὶ
2039 3883 2068 3932 6
2092 3880 2301 3950 Σωτὴρ,
2346 3881 2587 3951 μιμητὴς
2611 3880 2685 3934 ῶν
2709 3884 2806 3935 τοῦ
2836 3885 3089 3957 Πατρδς,
3120 3886 3289 3958 ζητεῖ
3319 3890 3421 3959 τὴν
3447 3886 3530 3941 δό-

1919 3969 2013 4033 ξαν
2036 3969 2128 4022 τοῦ
2166 3969 2299 4021 Θεοῦ
2343 3972 2449 4023 ἀπὸ
2490 3970 2600 4024 τῶν
2650 3971 3043 4041 μανθανόντων
3084 3977 3159 4031 τὰ
3190 3978 3328 4048 περὶ
3356 3975 3523 4029 Θεοῦ·

1916 4057 2009 4109 καὶ
2038 4058 2085 4109 εί
2117 4056 2190 4127 μὴ
2219 4055 2366 4126 εὖροι
2396 4056 2493 4125 τὴν
2519 4057 2612 4110 τοῦ
2639 4060 2857 4129 Πατρὺς
2886 4062 3058 4129 δόξαν
3086 4065 3146 4117 έν
3175 4083 3318 4129 τισι,
3344 4065 3529 4136 κρίναι

1916 4144 1980 4197 ἂν
2006 4145 2261 4206 ἐκείνους,
2314 4144 2389 4207 ὡς
2437 4145 2684 4210 ἐξουσίαν
2729 4148 2917 4203 λαϐὼν
2960 4156 3154 4224 κρίσιν
3200 4159 3409 4217 ποιεῖν,
3444 4155 3525 4207 ὅτι

292 4217 520 4272 hominis
540 4231 620 4273 est
650 4221 713 4274 ⁷³.
736 4221 1024 4279 lleraclcou
1054 4243 1183 4282 sane
1205 4229 1328 4283 illud
1348 4249 1361 4283 :
1384 4231 1479 4285 Est
1503 4236 1592 4298 qui
1610 4237 1794 4301 quwrit

2019 4249 2043 4294 ;
2095 4230 2373 4301 ἀνθρώπου
2419 4234 2586 4288 ἐστίν.
2636 4236 2695 4302 Ὦ
2746 4217 3015 4309 μέντοιγε.
3048 4243 3383 4314 Ἡρακλέων
3434 4244 3523 4297 τό·

291 4316 339 4357 et
365 4306 588 4372 judicat,
616 4307 937 4379 360K152)
977 4315 1042 4369 ad
1077 4314 1285 4369 Patrem
1331 4332 1432 4371 non
1473 4318 1656 4384 refert,
1696 4336 1814 4375 cum

293 4398 407 4449 haec
434 4397 616 4450 dicat:
651 4414 670 4447 ι
702 4402 802 4462 Qui
826 4404 1031 4469 quwrit,
1058 4415 1103 4455 et
1132 4406 1336 4473 judicat
1369 4405 1427 4476 ,]
1468 4418 1567 4471 est,
1602 4411 1690 4477 qui
1732 4426 1818 4465 me

291 4484 547 4548 vindicat,
577 4486 817 4540 minister
837 4491 900 4540 ad
925 4492 1023 4545 hoc
1046 4495 1341 4552 ordinatus.
1368 4494 1458 4560 qui
1483 4511 1585 4549 non
1620 4508 1817 4552 temere

291 4572 523 4638 gladium
556 4584 751 4640 portat,
779 4575 972 4632 vindex
1019 4584 1157 4648 regis
1180 4583 1225 4612 "
1254 4600 1267 4635 :
1300 4581 1508 4652 Moyses
1534 4597 1710 4638 autent
1739 4596 1821 4640 est

291 4658 378 4713 ltic
402 4696 420 4724 ,
469 4662 909 4727 quemadmodum
951 4670 1197 4732 superius
1227 4670 1331 4723 illis
1363 4672 1495 4724 dixit
1545 4670 1701 4726 Jesus
1734 4674 1817 4727 di-

289 4763 416 4803 cens
444 4766 459 4803 :
495 4749 560 4802 In
588 4767 844 4818 quem-uos
870 4758 1165 4819 speravistis
1210 4758 1274 4811 ⁷⁸.
1309 4778 1327 4808 ι
1364 4756 1551 4812 Postea
1596 4761 1818 4829 subjun-

290 4838 365 4903 git
393 4854 408 4891 :
441 4855 461 4888 ι
498 4838 900 4909 Qnijudicat,et
922 4847 1088 4912 punit,
1119 4857 1199 4898 est
1221 4845 1447 4915 Moyses,
1470 4848 1571 4901 hoc
1597 4857 1679 4901 est
1709 4849 1821 4917 ipse

292 4926 579 4992 logislator.
614 4947 632 4979 ι
667 4928 854 4984 Postea
902 4933 1118 4987 dubium
1145 4926 1332 4988 contra
1382 4937 1612 5003 seipsnm
1645 4947 1818 4993 movet

293 5014 580 5070 lleracleon
614 5019 796 5073 dicens
827 5037 840 5072 :
876 5037 894 5069 ι
925 5021 1202 5086 Quomodo
1224 5025 1388 5092 igitur
1412 5026 1541 5080 dicit
1563 5040 1718 5079 omne
1737 5026 1819 5095 ju-

292 5100 486 5157 dicium
516 5105 617 5159 sibi
648 5107 902 5161 traditum
929 5108 1090 5164 fuisse
1109 5112 1132 5164 2
1151 5131 1170 5163 ι
1199 5122 1255 5165 et
1284 5115 1597 5169 existinmas
1627 5130 1685 5169 se
1708 5116 1816 5169 sol-

346 5214 798 5294 '1!oan_._vr_n,50.
873 5224 916 5254 “
940 5223 1038 5294 l_sa.
1064 5241 1158 5294 LII,
1177 5227 1242 5290 5;
1280 5226 1428 5280 Rom.
1461 5245 1521 5294 ιι,
1550 5229 1638 5283 ει.

292 5294 345 5343 ν,
375 5282 461 5333 27.
532 5287 579 5320 ⁷⁸
611 5286 766 5341 Rom.
798 5304 914 5354 xm,
936 5292 989 5344 4.
1063 5294 1107 5323 ⁷⁸
1134 5282 1287 5348 ιίοειιι.
1314 5311 1363 5360 v,
1384 5296 1473 5350 45.

494 5393 627 5471 ζζερὶ
662 5397 794 5471 τοῦ..
818 5397 879 5471 In
906 5401 1111 5471 codice_
1127 5401 1290 5471 Regio
1321 5405 1472 5460 deest
1510 5404 1623 5458 τοῦ.

365 5453 472 5522 (52)
506 5453 622 5515 llaec
646 5465 1006 5531 supplevituus
1030 5453 1057 5523 e
1084 5453 1347 5527 Peridniu.

1923 4324 2129 4375 Ἔστιν
2166 4326 2199 4375 ὁ
2228 4321 2428 4389 ζητῶν,
2455 4326 2555 4378 καὶ
2576 4328 2816 4394 κρίνων,
2854 4332 2960 4386 οὑκ
3000 4335 3283 4407 ἀναφέρει
3315 4337 3412 4389 ἐπὶ
3434 4336 3526 4388 τὸν

1918 4410 2148 4479 Πατέρα,
2161 4410 2380 4463 τοιαῦτα
2392 4412 2581 4482 λέγων·
2604 4435 2619 4466 ι
2643 4419 2704 4469 '0
2720 4416 2936 4486 ζητῶν,
2955 4424 3061 4477 καὶ
3075 4427 3333 4493 κρίνων,
3351 4428 3525 4490 ἐστὶν,

1917 4501 1945 4551 6
1973 4499 2198 4551 ἐκδικῶν
2231 4517 2319 4569 με,
2367 4505 2396 4553 ὁ
2437 4504 2713 4576 ὑπηρέτης
2743 4511 2774 4561 6
2820 4513 2903 4573 εἰς
2950 4513 3117 4567 τοῦτο
3145 4518 3524 4586 τεταγμένος,

1917 4588 2048 4676 όμὴ
2081 4588 2200 4655 εἰκῆ
2245 4589 2342 4658 τὴν
2372 4592 2644 4662 μάχαιραν
2669 4597 2878 4666 φορῶν,
2921 4603 2952 4654 ό
2988 4603 3207 4667 ἔκδικος
3232 4606 3336 4659 τοῦ
3369 4606 3527 4676 βασι-

1921 4674 2051 4763 λέως
2069 4692 2082 4704 ·
2101 4676 2335 4746 Μωῦσῆς
2350 4677 2408 4731 δέ
2423 4681 2567 4733 ἐστιν
2590 4677 2764 4747 οὗτος,
2795 4688 2944 4742 καθὰ
2972 4692 3314 4763 προείρηκεν
3335 4674 3526 4760 αὑτοῖς

1923 4761 2120 4828 λέγων·
2164 4764 2263 4855 Εἰς
2310 4763 2383 4817 δν
2430 4770 2596 4837 ὑμεῖς
2643 4771 2988 4838 ἠλπίσατεσ
3014 4797 3034 4829 ι
3092 4761 3201 4831 είτί
3232 4782 3527 4855 ἐπιφέρει,

1920 4852 2001 4903 ὃτι
2029 4870 2047 4900 ι
2070 4851 2126 4901 ’0
2156 4853 2373 4938 κρίνων,
2401 4861 2498 4913 καὶ
2530 4858 2771 4924 κολάζων
2784 4866 2905 4917 ἐστὶ
2921 4858 3193 4937 Μωῦσῆς,
3227 4851 3526 4925 τουτέστιν

1919 4939 2078 5001 αὐτὸς
2122 4943 2150 4993 6
2174 4944 2494 5018 νομοθέτης.
2540 4969 2559 5002 ι
2607 4947 2715 5003 Καὶ
2766 4954 2908 5023 μετὰ
2940 4955 3101 5010 τοῦτο
3130 4959 3280 5027 πρὸς
3321 4961 3523 5015 ἑαυτὸν

1918 5027 2179 5097 ὲπαπορεί
2208 5033 2236 5082 6
2277 5032 2592 5105 ’Πρακλέων
2614 5039 2791 5108 λέγων
2809 5061 2823 5073 ·
2860 5064 2879 5095 ι
2900 5044 3025 5107 Πῶς
3062 5041 3152 5098 οὑν
3181 5047 3251 5098 οὑ
3286 5049 3406 5118 (35)
3434 5051 3510 5104 λέ-

1916 5133 2000 5182 γει
2034 5118 2128 5187 τὴν
2152 5121 2330 5190 κρίσιν
2370 5133 2553 5189 πᾶσαν
2581 5133 2975 5206 παραδεδόσθαι
3004 5135 3151 5205 αὑτῷ
3178 5154 3194 5202 ;
3222 5156 3245 5189 ι
3304 5141 3408 5194 καὶ
3432 5154 3518 5193 νο-

1708 5229 1918 5286 "Joan.
1937 5249 1987 5297 v,
2013 5234 2099 5300 ΞΩ,
2117 5237 2208 5293 9.3.
2284 5244 2331 5277 '”
2357 5248 2498 5312 ibid.
2524 5258 2615 5320 30.
2690 5256 2738 5288 "
2755 5254 2913 5316 Joan.
2945 5273 3073 5318 xvn,
3099 5253 3192 5309 10.
3277 5258 3515 5318 "Joan.

1922 5407 2115 5540 ω
2134 5415 2215 5467 Ci-
2245 5422 2567 5501 redundare
2602 5438 2837 5510 videtur,
2867 5454 2964 5496 nec
2990 5433 3145 5489 etiam
3182 5431 3324 5503 legit
3383 5436 3512 5493 Fer-
