3820 6226
371 255 476 311 ’567

1801 245 2112 301 ORIGENIS

3571 231 3679 285 668

371 361 615 430 loquens,
655 358 776 427 quia
805 357 1054 410 donasset
1094 355 1270 410 lucem
1310 345 1665 419 audientibus,
1698 357 1876 410 dicere

2171 353 2327 416 ιῶνα,
2358 354 2430 415 ὡς
2463 354 2511 404 εἰ
2547 353 2940 422 χαρισάμενος
2973 348 3008 400 δ
3043 341 3246 430 ταδ’ῗα
3302 341 3509 430 λέγω,ν

383 451 522 503 illis:
565 449 620 501 Si
653 447 774 512 quis
804 458 976 497 meam
1013 444 1154 498 hanc
1197 445 1490 498 servaverit
1528 445 1718 509 lucem,
1753 454 1897 498 tene-

382 548 506 589 bras
527 550 626 589 non
656 532 855 586 videbit
891 533 942 586 in
967 542 1246 586 :eternum.
1281 532 1414 586 Nam
1443 534 1557 588 ﬁeri
1589 549 1691 588 non
1727 543 1899 602 potest

381 633 436 676 ut
462 621 692 675 tenebrae
722 621 967 673 oriantur
1005 620 1080 673 illi
1135 622 1227 689 qui
1273 632 1456 678 servat
1506 623 1640 676 hanc
1683 623 1897 686 lucem;

379 710 522 777 atqui
549 709 593 762 si
625 709 761 762 hanc
793 709 965 762 lucem
1017 711 1137 776 quis
1187 711 1499 778 perdiderit,
1549 711 1783 765 futurum
1819 720 1900 766 cst

379 807 432 850 ut
461 812 577 850 mox
608 799 729 852 talis
755 799 1210 854 videattenebras.
1244 800 1348 854 Isto
1375 800 1533 868 igitur
1557 802 1711 853 modo
1737 802 1897 854 etiam

379 886 480 937 vita
516 885 652 938 facta
701 895 785 939 est
831 887 882 939 in
933 885 1214 948 Sermone,
1262 888 1352 954 qui
1394 889 1446 940 in
1479 888 1740 955 principio
1787 898 1902 941 erat

377 974 512 1039 apud
542 973 702 1025 Deum
741 974 806 1024 ⁸⁵.
847 973 1109 1038 Quocirca
1156 975 1497 1043 principium,
1542 975 1642 1028 hoc
1688 985 1769 1027 est
1810 977 1902 1028 Sa-

377 1061 594 1130 pientia,
630 1077 746 1131 qua:
777 1063 941 1116 dicit:
972 1063 1104 1116 Deus
1139 1065 1325 1116 creavit
1363 1081 1440 1116 me
1470 1066 1674 1116 initium
1702 1066 1899 1117 riarum

375 1167 584 1203 suarum
608 1153 674 1203 ad
703 1167 858 1217 opera
886 1152 995 1219 ejus
1017 1153 1082 1216 ",
1111 1153 1176 1204 de
1216 1167 1460 1205 sermone
1507 1154 1557 1205 in
1603 1153 1775 1221 seipsa
1807 1169 1902 1207 ex-

377 1237 622 1301 sistente,
653 1240 705 1291 in
734 1254 836 1306 quo
873 1239 1008 1293 facta
1036 1251 1115 1294 est
1148 1241 1278 1304 vita,
1307 1241 1518 1294 docebit
1540 1251 1593 1294 et
1627 1241 1806 1294 dicet:
1839 1241 1900 1295 Si

375 1329 490 1394 quis
515 1344 795 1381 sermonem
835 1345 1002 1381 meum
1029 1331 1328 1392 servaverit,
1370 1339 1588 1382 mortem
1620 1346 1720 1383 non
1763 1332 1902 1384 vide-

377 1416 448 1467 bit
481 1416 534 1468 in
560 1427 806 1468 wternum
825 1432 844 1469 :
869 1417 1071 1485 pariter
1097 1416 1237 1469 enim
1266 1418 1502 1470 servabit
1547 1419 1666 1486 quis
1695 1432 1899 1472 sermo-

378 1516 498 1555 nem
545 1514 602 1556 et
647 1504 805 1556 vitam
837 1505 889 1556 in
927 1505 1044 1572 ipso
1078 1504 1296 1568 factam,
1337 1504 1404 1556 ab
1435 1505 1649 1572 ipsoque
1691 1507 1900 1575 insepa-

379 1589 620 1653 rabilem,
647 1605 765 1658 qua:
785 1592 944 1644 etiam
975 1592 1080 1644 vita
1111 1591 1198 1644 lux
1225 1601 1308 1646 est
1337 1592 1607 1646 hominum
1631 1593 1811 1648 lucens
1846 1595 1898 1648 in

380 1676 636 1739 tenebris,
665 1686 717 1730 et
753 1678 820 1729 ab
848 1677 977 1744 ipsis
1007 1692 1110 1730 non
1158 1678 1487 1746 apprehensa
1537 1679 1601 1732 ⁸⁷.
1643 1679 1698 1733 Si
1741 1681 1902 1748 igitur

379 1761 539 1813 veluti
580 1772 930 1831 percunctans
957 1763 1218 1831 Propheta
1245 1765 1388 1818 dicat
1414 1783 1427 1818 :
1452 1765 1599 1831 Quis
1639 1778 1712 1818 est
1751 1770 1900 1822 homo

379 1851 466 1912 qui
497 1851 642 1914 vivet,
672 1859 719 1903 et
738 1868 837 1904 non
863 1853 1045 1905 videbit
1074 1852 1392 1905 mortem“?
1420 1857 1850 1920 respondebimus
1871 1874 1901 1911 a

382 1936 663 1993 Servatore
697 1949 876 1994 nostro
903 1941 1095 2003 edomi,
1129 1948 1181 1996 et
1205 1940 1440 1996 dicemus
1471 1963 1483 1998 :
1513 1943 1602 1997 llle
1634 1947 1790 2000 homo
1823 1949 1902 2000 vi-

381 2036 488 2090 vet,
519 2036 572 2080 et
604 2043 708 2081 non
743 2030 944 2084 videbit
993 2038 1240 2093 mortem,
1271 2032 1358 2098 qui
1392 2044 1569 2087 servat
1607 2049 1901 2089 sermonem

379 2113 604 2168 dicentis
630 2135 643 2170 :
673 2115 732 2168 Si
765 2118 878 2185 quis
910 2134 1190 2172 sermonem
1219 2137 1387 2175 meum
1425 2125 1725 2187 servaverit,
1763 2141 1905 2177 mor-

281 2246 290 2252 .
379 2212 479 2254 tem
504 2219 604 2256 non
635 2206 817 2257 videbit
867 2207 920 2258 in
974 2216 1243 2261 wternum.
1289 2210 1398 2263 Hoc
1444 2212 1494 2263 in
1539 2211 1654 2265 loco
1705 2213 1906 2279 pariter

379 2305 560 2359 quer
589 2308 712 2345 num
750 2293 888 2348 forte
918 2296 1255 2362 vocabulum,
1280 2300 1332 2352 in
1359 2309 1629 2364 wternum,
1699 2301 1903 2354 intelli-

379 2383 604 2450 gendum
633 2384 703 2437 sit
726 2386 1107 2439 communiter:
1141 2397 1198 2440 ut
1232 2397 1396 2441 totum
1443 2390 1515 2443 sit
1567 2390 1901 2458 huiusmodi:

381 2469 436 2523 Si
466 2471 588 2538 quis
623 2485 920 2527 sermonem
959 2489 1136 2528 meum
1166 2477 1466 2530 servaverit
1515 2478 1569 2530 in
1617 2487 1902 2543 aeternum,

379 2571 601 2615 mortem
629 2577 732 2616 non
763 2563 963 2616 videbit
991 2565 1042 2633 in
1073 2575 1351 2620 aeternum.
1386 2567 1603 2622 Videtur
1630 2571 1768 2624 enim
1810 2573 1908 2626 ali-

379 2649 500 2716 quis
526 2649 708 2703 tandiu
738 2667 840 2704 non
878 2653 1058 2707 videre
1077 2665 1326 2717 mortem,
1350 2655 1579 2723 quandiu
1609 2671 1904 2713 sermonem

388 2747 560 2788 servat
587 2736 709 2791 Jesu
737 2739 926 2802 ;simnl
951 2742 1093 2794 enim
1120 2750 1280 2809 atque
1302 2744 1423 2811 quis
1447 2758 1567 2798 eum
1596 2745 1905 2812 perdiderit,

383 2826 542 2895 362
572 2838 794 2882 mortem
825 2831 983 2883 etiam
1008 2832 1162 2887 vidit.
1200 2833 1346 2898 Quod
1390 2835 1434 2888 si
1486 2849 1762 2892 recurrere
1788 2839 1909 2907 quis

1997 441 2105 499 τοῖς
2158 439 2455 500 ἁκούουσιν,
2511 421 2754 505 ἔφασκεν
2787 435 3026 494 αὐτοῖς’
3086 428 3236 482 Ἐάν
3282 442 3383 488 τις
3429 421 3498 476 τὸ
3541 424 3680 490 sum

1995 526 2150 578 τοῦτο
2181 529 2391 598 τηρήσῃ
2424 527 2559 594 φῶς,
2623 526 2824 581 σκότος
2874 523 2942 574 οὺ
2986 515 3416 610 μὴῗθεωρησῃ
3460 510 3681 610 εἰς.τδν

1997 615 2178 667 αἰῶναο
2215 617 2469 668 ἀδύνατον
2505 615 2616 684 γὰρ
2649 613 2921 682 γενέσθαι
2981 609 3203 668 σκότος
3258 603 3352 673 τῷ
3398 617 3680 672 τηρουντι

1995 706 2054 756 τὸ
2097 705 2246 771 φῶςο
2298 707 2346 756 εἰ
2402 706 2648 773 μέντοιγε
2701 703 2984 756 ἀπολέσαι
3021 717 3111 760 τις
3153 697 3348 748 τοῦτο
3395 693 3463 746 τὸ
3511 693 3635 760 φῶς
3663 731 3680 755 ,

1997 793 2180 844 ἕπεται
2209 793 2284 861 τῷ
2308 793 2674 844 ἀπολωλεκότι
2701 792 2916 852 εὐθέως
2954 789 3096 839 ἰδεῖν
3125 787 3203 838 τὸ
3235 783 3485 843 σκότος.
3517 777 3684 832 Οὕτω

1995 881 2168 931 τοίνυν
2197 881 2288 932 καὶ
2317 883 2372 932 ἐν
2405 881 2480 948 τῷ
2511 881 2669 949 Λόγῳ
2698 882 2758 930 ὲν
2787 881 2943 948 ἀρχῇ
3001 876 3160 944 πρὸς
3191 873 3302 924 τὸν
3333 870 3486 922 Θεὸν
3514 870 3685 935 γέγοο

1997 985 2082 1020 νεν
2121 970 2153 1036 ή
2200 966 2332 1036 ζωή³
2367 969 2556 1037 διόπερ
2592 971 2624 1036 ή
2665 967 2813 1036 ἀρχὴ
2843 1005 2858 1028 ,
2898 963 3226 1016 τουτέστιν
3276 961 3318 1029 ἡ
3385 957 3609 1024 Σοφία,
3648 957 3682 1026 ἠ

1997 1057 2248 1123 λέγουσα·
2317 1057 2380 1107 '0
2431 1057 2575 1120 Θεὸς
2621 1055 2830 1108 ἔκτισέ
2872 1070 2960 1122 με
2989 1050 3227 1118 ἀρχὴν
3263 1047 3436 1101 ὀδοῦ
3484 1046 3684 1098 αὐτοῦ

1999 1147 2084 1209 εὶς
2110 1145 2252 1212 ἔργα
2279 1146 2484 1206 αὑτοῦ,
2524 1147 2651 1215 περὶ
2687 1144 2783 1196 τοῦ
2820 1147 2879 1194 ἐν
2919 1144 3077 1210 αὐτῇ
3117 1141 3316 1206 λόγου
3358 1139 3423 1189 ὲν
3483 1128 3533 1202 ᾧ
3587 1151 3684 1202 γε·

1998 1251 2149 1301 γονεν
2172 1237 2204 1303 ή
2236 1234 2367 1302 ζωὴ,
2421 1233 2646 1296 διδάξει,
2683 1234 2779 1284 καὶ
2797 1233 2997 1301 φήσει’
3036 1229 3207 1318 Ἐάγ
3231 1245 3359 1318 τιςᾉ
3382 1225 3505 1318 τὸν·

1997 1320 2177 1386 λόγον·
2202 1319 2452 1385 τηρήσῃ,
2471 1318 2733 1371 θάνατον
2743 1320 2818 1370 οὐ
2834 1317 2927 1384 μὴ
2957 1315 3284 1382 θεωρήσῃ
3300 1316 3404 1376 εις
3419 1313 3688 1363 τὸναιῶ-

1997 1423 2093 1457 να·
2129 1406 2241 1473 ἅμα
2270 1407 2377 1474 γὰρ
2406 1408 2622 1478 τηρήσῃ
2669 1424 2755 1468 τις
2802 1406 2902 1457 τὸν
2959 1405 3144 1471 λόγον
3169 1444 3186 1465 ν
3233 1405 3348 1456 καὶ
3384 1403 3498 1472 τὴν
3534 1399 3687 1469 ἀχὼ

2001 1511 2180 1564 ριστον
2214 1494 2376 1546 αὑτοῦ
2432 1496 2731 1564 γενομένην
2769 1497 2831 1547 ὲν
2875 1496 3046 1566 αὐτῷ
3109 1492 3316 1563 ζωὴν,
3376 1493 3515 1560 ἥτις
3569 1491 3689 1561 ἅμα

2000 1583 2094 1634 καὶ
2123 1583 2236 1650 φῶς
2264 1584 2380 1635 ἐστι
2405 1584 2515 1636 τῶν
2551 1583 2885 1654 ἀνθρώπων,
2919 1582 2988 1634 τδ
3036 1584 3104 1633 ὲν
3149 1584 3232 1650 τῇ
3279 1582 3501 1651 σκοτίᾳ.
3558 1585 3687 1650 φαῖ-

2000 1686 2107 1731 νον,
2144 1669 2334 1739 καὶμὴ
2365 1670 2939 1739 καταλαμϐανόμενον
2978 1669 3085 1720 ὑπ’
3120 1668 3354 1736 αὐτῆς.
3413 1669 3552 1718 Ἐὰν
3593 1663 3690 1719 οὖν

1999 1758 2158 1810 οἱονεὶ
2204 1757 2600 1825 πυνθανόμενος
2640 1760 2669 1809 ὁ
2727 1758 3051 1832 Προφήτης
3113 1757 3320 1826 λέγῃ·
3364 1757 3474 1821 Τίς
3512 1757 3688 1810 ἐστιν

2000 1847 2301 1912 ἅνθρωπος
2333 1845 2400 1910 ὃς
2436 1845 2695 1910 ζήσεται,
2737 1847 2838 1898 καὶ
2878 1848 3006 1899 οὐκ
3060 1847 3321 1913 ὄψεται
3369 1846 3688 1907 θάνατον,

2002 1935 2433 2004 ἀποκρινούμεθα
2452 1935 2559 2001 (57)
2579 1934 2853 2004 μαθόντες
2885 1935 3009 1986 ἀπὸ
3036 1934 3151 1985 τοῦ
3188 1934 3483 2002 Σωτῆρος
3505 1935 3538 2002 ἠ
3549 1933 3685 2002 μῶν,

2002 2025 2092 2076 καὶ
2123 2024 2368 2094 ἐροῦμεν,
2405 2026 2483 2077 ὃτι
2517 2025 2808 2094 ἄνθρωπός
2875 2027 3072 2088 ἐστιν,
3115 2026 3189 2088 ὃς
3252 2026 3549 2095 ζήσεται,
3596 2028 3686 2077 καὶ

2000 2113 2097 2164 οὐκ
2130 2113 2311 2181 ὄψεται
2336 2113 2580 2177 θάνατον,
2614 2114 2674 2176 ὃς
2698 2117 2864 2183 τηρεῖ
2888 2115 2990 2166 τὸν
3022 2115 3216 2183 λόγον
3253 2115 3362 2167 τοῦ
3397 2116 3685 2178 εἰπόντος·

2015 2202 2152 2255 Ἐάν
2183 2220 2270 2266 τις
2301 2203 2405 2254 τόν
2427 2204 2573 2270 ἐμὸν
2601 2205 2792 2271 λόγον
2823 2203 3126 2270 τηρήσῃ,
3156 2203 3465 2257 θάνατον
3499 2207 3573 2256 οὐ
3600 2205 3686 2272 μὴ

2003 2289 2267 2355 θεωρήσῃ
2302 2291 2388 2353 εἰς
2411 2288 2516 2340 τόν
2535 2288 2740 2341 αἰῶνα.
2781 2292 2946 2359 ’Ἅμα
2980 2291 3047 2344 δὲ
3081 2295 3152 2344 ὲν
3193 2292 3287 2361 τῷ
3333 2293 3504 2361 τόπῳ
3539 2291 3685 2362 ζητῶ

2010 2380 2216 2448 μήποτε
2245 2378 2304 2430 τὸ
2346 2381 2433 2452 εἰς
2459 2379 2563 2431 τὸν
2593 2379 2802 2442 αἰῶνα,
2834 2382 2953 2433 ἀπὸ
2980 2381 3201 2434 κοινοῦ
3225 2382 3520 2452 ληπτέον,
3549 2383 3678 2433 ὥστ’

2004 2464 2069 2516 ἂν
2097 2459 2233 2516 εἶναι
2275 2463 2512 2518 τοιοῦτον
2558 2465 2619 2516 τὸ
2660 2465 2803 2518 ὅλον·
2846 2467 2989 2518 Ἐάν
3027 2484 3131 2530 τις
3170 2468 3282 2520 τὸν
3331 2469 3480 2537 ὲμὺν
3529 2467 3684 2535 λόγον

2002 2553 2211 2621 τηρήσῃ
2269 2554 2360 2629 εἰς¹
2395 2552 2485 2604 τὸν
2537 2552 2712 2604 αἰῶνα
2743 2591 2758 2616 ,
2797 2553 3061 2607 θάνατον
3123 2557 3199 2608 οὐ
3249 2558 3338 2627 μὴ
3394 2557 3679 2629 θεωρήσῃ.

2004 2642 2111 2694 Καὶ
2142 2642 2247 2712 γὰρ
2279 2625 2450 2695 ἐοιιιεν
2477 2644 2568 2694 ἐπὶ
2591 2643 2854 2695 τοσοῦτόν
2881 2661 2980 2706 τις
3018 2646 3109 2716 μὴ
3153 2625 3420 2717 θεῶρεῖν
3456 2625 3553 2700 τὸν
3576 2625 3681 2700 ⁷θᾶ-

2005 2746 2179 2797 νατον,
2213 2734 2333 2784 ὅσον
2357 2735 2495 2802 τηρῇ
2526 2733 2618 2783 τὸν
2653 2732 2749 2784 τοῦ
2791 2734 2987 2802 Ἰησοῦ
3031 2735 3246 2804 λόγον·
3296 2739 3428 2808 ἅμα
3454 2739 3568 2810 γάρ
3601 2757 3680 2800 τις

2005 2820 2279 2872 ἀπώλεσεν
2308 2821 2489 2882 αὐτὸν,
2530 2821 2623 2872 καὶ
2661 2821 2904 2874 θάνατον
2959 2823 3358 2896 ἐθεώρησεν,
3397 2829 3467 2880 El
3501 2829 3560 2880 δὲ
3591 2830 3680 2881 καὶ

383 2925 556 2983 potest
601 2918 665 2970 ad
718 2917 1090 2986 profundiores
1138 2923 1390 2985 rationes,
1455 2933 1510 2978 et
1568 2926 1891 2980 considerari

2168 2908 2317 2976 ιὲχειν
2340 2925 2420 2971 τις
2447 2908 2668 2960 δύναται
2708 2912 2803 2962 ἐπὶ
2833 2912 2978 2974 τοὺς
3019 2913 3410 2987 βαθυτέρους
3442 2918 3637 2985 λόγους
3662 2959 3676 2981 ,

382 3005 650 3070 quomodo
684 3006 890 3060 dicatur
916 3009 982 3061 ab
1014 3008 1264 3064 homine:
1299 3010 1366 3063 Et
1395 3011 1449 3064 in
1475 3015 1727 3080 puluerem
1771 3032 1910 3069 mor-

385 3091 451 3142 tis
478 3092 742 3146 adduxisti
775 3111 856 3148 me
881 3096 948 3160 ⁸’,
971 3107 1024 3152 et
1061 3113 1089 3151 a
1124 3100 1285 3155 Paulo
1326 3120 1340 3156 :
1378 3103 1508 3168 Quis
1554 3121 1632 3156 me
1673 3105 1909 3160 liberabit

383 3192 447 3230 ex
483 3194 690 3246 corpore
729 3181 823 3235 hoc
865 3186 1135 3238 mortali”
1161 3182 1183 3232 ἲ
1210 3189 1402 3243 videbit
1447 3192 1603 3244 etiam
1649 3195 1910 3260 quomodo

384 3269 617 3332 quandiu
649 3280 892 3325 servatus
945 3272 1104 3327 fuerit
1147 3291 1342 3341 sermo,
1392 3280 1571 3334 tandiu
1615 3295 1758 3335 mors
1799 3283 1908 3336 visa

387 3370 490 3406 non
525 3354 684 3409 fuerit
717 3359 784 3412 ab
809 3373 894 3424 eo,
921 3362 1011 3428 qui
1044 3362 1214 3430 ipsum
1254 3369 1481 3420 servarit
1504 3385 1517 3420 :
1542 3377 1596 3421 et
1624 3371 1907 3436 quomodo,

389 3455 507 3492 cum
537 3443 654 3508 quis
681 3459 824 3508 aegre
848 3450 1132 3504 attendens
1162 3453 1518 3508 observationi
1545 3461 1823 3522 sermonis,
1858 3467 1911 3512 et

389 3529 528 3580 circa
558 3529 670 3594 ejus
702 3535 996 3588 custodiam
1022 3541 1288 3609 negligens
1316 3542 1518 3608 factus,
1542 3561 1662 3598 eum
1690 3549 1912 3602 cessarit

389 3617 672 3682 custodire,
713 3627 837 3674 tunc
865 3633 1089 3677 mortem
1131 3628 1345 3693 viderit,
1393 3645 1496 3683 non
1544 3633 1678 3700 apud
1726 3635 1909 3694 alium.

388 3717 545 3769 quam
575 3706 709 3772 apud
747 3708 1000 3776 seipsum.
1025 3713 1102 3765 Ac
1131 3715 1365 3781 profecto
1405 3719 1590 3785 dogma
1631 3719 1911 3789 legemque

388 3793 762 3860 sempiternam
813 3799 1137 3854 censendum
1176 3811 1259 3856 est
1313 3803 1412 3858 hoc
1453 3821 1604 3870 esse,
1659 3819 1912 3876 perpetuo

390 3878 667 3932 dicendum
695 3895 814 3936 esse
849 3883 931 3938 his
977 3887 1067 3952 qui
1113 3890 1408 3956 receperint
1459 3906 1760 3947 sermonem
1797 3913 1811 3949 :
1853 3895 1911 3948 Si

386 3967 501 4034 quis
533 3983 816 4022 sermonem
844 3989 1009 4025 meum
1027 3978 1319 4040 servaverit,
1348 3992 1561 4033 mortem
1595 3998 1697 4034 non
1723 3984 1912 4037 videbit

387 4060 443 4108 iu
470 4068 715 4112 teternum
739 4062 805 4116 ".
837 4061 906 4115 Ut
931 4075 1129 4129 autem,
1163 4077 1220 4121 ut
1241 4069 1312 4120 ita
1344 4069 1536 4134 dicam,
1568 4073 1765 4127 diutius
1787 4076 1913 4128 visae

391 4148 625 4201 tenebrae
676 4149 841 4201 aciem
883 4151 1026 4206 illius
1067 4155 1160 4221 qui
1213 4156 1403 4208 viderit
1456 4159 1772 4223 obtendunt,
1835 4162 1913 4216 sic

2008 2998 2099 3050 καὶ
2140 3000 2277 3049 νοεῖν
2321 3000 2434 3060 πῶς
2482 2998 2587 3050 ὑπὸ
2634 2999 2942 3069 ἀνθρώπου
2990 3003 3234 3070 λέγοιτ’
3289 3008 3367 3060 ἂν
3423 3009 3519 3060 τόο
3579 3011 3677 3074 Εἰς

2007 3084 2157 3152 χοῦν
2208 3083 2462 3138 θανάτου
2517 3085 2861 3155 κατήγιαΥές
2919 3107 3053 3157 με,
3109 3095 3227 3146 καὶ
3275 3095 3395 3147 ὑπὸ
3443 3096 3672 3148 Παύλου·

2013 3174 2106 3238 Τίς
2141 3190 2216 3240 με
2259 3173 2506 3239 ῥύσεται
2572 3175 2639 3227 ἐκ
2689 3175 2801 3228 τοῦ
2854 3177 3182 3248 σώματος
3245 3185 3370 3238 τοῦ
3416 3185 3676 3239 θανάτου

2008 3261 2250 3323 τούτου;
2291 3261 2554 3330 θεωρήσει
2591 3262 2714 3314 τίνα
2741 3265 2963 3334 τρόπον
3013 3269 3166 3322 ὅσον
3219 3273 3334 3341 μὲν
3368 3275 3675 3344 ὲτηρεῖτοό

2007 3348 2191 3416 λόγος,
2227 3348 2452 3410 θάνατος
2489 3351 2587 3401 οὐκ
2625 3351 2932 3422 ἐθεωρεῖτο
2990 3356 3082 3426 τῷ
3123 3361 3429 3431 τηροῦντι
3484 3363 3673 3413 αὐτόν·

2008 3435 2092 3486 ὅτε
2125 3436 2182 3487 δέ
2209 3453 2292 3498 τις
2320 3435 2510 3505 καμὼν
2557 3440 2614 3491 ὲν
2664 3441 2733 3508 τῇ
2790 3447 3099 3513 προσοχῇ,
3150 3450 3268 3500 καὶ
3302 3453 3549 3522 τηρήσει
3587 3449 3675 3504 τοῦ

2008 3525 2184 3592 λόγου,
2219 3527 2251 3595 ἢ
2280 3528 2693 3598 ἀπροσεκτήσας
2726 3533 2865 3602 περὶ
2895 3533 2968 3586 τὸ
3000 3542 3230 3607 τηρεῖν
3260 3578 3278 3602 ,
3329 3543 3441 3594 οὐκ
3472 3543 3551 3594 ἔτι
3586 3543 3676 3594 αὖ·

2007 3614 2096 3666 τὸν
2123 3618 2402 3685 τετήρηκε,
2449 3617 2567 3670 τότε
2596 3618 2687 3671 τὸν
2722 3619 2974 3676 θάνατον
3021 3627 3416 3700 ἐθεώρησεν,
3452 3633 3517 3684 οὐ
3553 3631 3676 3699 παρ’

2009 3705 2160 3758 ἄλλον
2188 3705 2220 3774 ἥ
2253 3707 2378 3776 παρ’
2417 3707 2625 3759 ἑαυτόν.
2662 3709 2776 3762 Καὶ
2815 3716 3144 3781 νομιστέον
3182 3737 3260 3787 γε
3299 3721 3479 3773 τοῦτο
3506 3722 3678 3789 δόγμα

2010 3789 2164 3854 εἶναι,
2199 3795 2291 3846 καὶ
2320 3795 2480 3862 νόμον
2512 3795 2752 3860 αἰώνιον,
2790 3800 2886 3851 dtei.
2918 3801 2996 3853 ἂν
3026 3806 3196 3874 ἡμῖν
3233 3807 3677 3879 λεχθησομένου,

2010 3877 2373 3948 παραλαϐοὖσι
2395 3880 2486 3932 τὸν
2513 3881 2691 3948 λόγον,
2713 3883 2814 3935 τοῦ
2833 3902 2847 3916 ·
2895 3887 3056 3940 Ἐάν
3093 3908 3210 3957 τις
3399 3877 3556 3964 ἐμόν
3581 3898 3680 3948 λό-

2007 3986 2115 4036 γον
2179 3967 2442 4035 τηρήσῃ,
2491 3969 2749 4024 θάνατον
2809 3977 2887 4026 οὑ
2947 3977 3050 4044 μὴ
3125 3981 3381 4049 ὄψεται
3438 3989 3532 4050 εις
3580 3985 3680 4037 τόν

2010 4053 2206 4107 αἰῶνα.
2241 4055 2446 4123 Ὥσπερ
2478 4055 2534 4106 δὲ
2561 4097 2576 4121 ,
2627 4056 2694 4108 ἵν’
2745 4059 2928 4122 οὕτως
2966 4063 3282 4134 ὀνομάσω
3318 4111 3336 4135 ,
3393 4072 3680 4124 ὲπιπλεῖον

2012 4142 2278 4211 θεωρηθὲν
2329 4142 2390 4193 τὸ
2445 4144 2633 4206 σκότος
2686 4146 2952 4214 ἀφανίζει
3015 4154 3147 4225 (58)
3212 4160 3331 4222 τὰς
3383 4161 3544 4230 δψεις
3589 4159 3678 4212 τοῦ

389 4250 536 4290 mors
566 4247 844 4304 conspecta
875 4239 940 4292 ab
966 4255 1029 4295 eo
1058 4245 1146 4311 qui
1175 4257 1474 4298 sermonem
1515 4262 1618 4301 non
1659 4251 1897 4316 servarit,

2170 4231 2398 4299 ᾗσαντος,
2436 4231 2608 4294 οὕτως
2648 4233 2960 4306 θεωρηθεὶς
3001 4243 3034 4292 ὁ
3075 4244 3362 4313 θάνατος
3419 4252 3535 4304 ἀπὸ
3589 4249 3678 4302 τῦῦ

389 4321 665 4387 interimit,
690 4334 744 4400 et
767 4328 1070 4393 mortiﬁcat,
1095 4341 1433 4400 exczecatque
1465 4336 1633 4388 aciem
1671 4347 1912 4392 contem-

389 4410 604 4475 plationi
634 4399 916 4478 assuetam,
952 4418 1083 4472 adeo
1114 4429 1171 4472 ut
1209 4399 1564 4488 opushabeat
1597 4439 1659 4477 eo
1684 4426 1777 4492 qui
1810 4441 1910 4480 cae-

388 4510 571 4550 corum
603 4500 787 4555 oculos
807 4506 997 4571 aperit.
1043 4507 1118 4560 Ac
1160 4509 1397 4575 profecto
1432 4511 1678 4566 existimo
1710 4513 1910 4569 idcirco

388 4600 574 4649 caecos,
605 4603 827 4655 quorum
875 4604 997 4649 nota
1027 4597 1242 4652 fuerunt
1293 4601 1442 4662 caeci,
1503 4603 1592 4669 qui
1644 4605 1697 4656 in
1737 4605 1910 4659 Evan-

386 4675 523 4742 gelio
555 4679 862 4734 scribuntur
888 4686 1132 4739 amisisse
1173 4688 1378 4751 oculos,
1411 4704 1473 4742 eo
1501 4693 1661 4756 quod,
1698 4707 1905 4748 sermo-

389 4780 510 4818 nem
537 4779 655 4820 cum
687 4782 792 4822 non
819 4784 1145 4840 servassent,
1181 4787 1404 4831 [1101'le
1439 4781 1831 4846 conspexerint.

455 4920 542 4972 32.
578 4921 830 4976 Dixerunt
871 4927 917 4978 ei
949 4925 1169 4984 Judaei:
1213 4929 1370 4982 Nunc
1410 4933 1733 4998 cognovimus
1772 4934 1907 5001 quod

389 5012 696 5063 dtt'mom'um
742 5013 895 5067 habes
933 5017 999 5072 ⁹².
1040 5018 1368 5086 Complures,
1418 5020 1576 5087 hique
1623 5022 1908 5088 sapientes,

389 5109 544 5148 otnne
569 5111 735 5162 genus
761 5106 987 5168 peccati,
1020 5106 1170 5172 cujus
1213 5122 1313 5159 una
1365 5109 1526 5161 etiam
1559 5110 1761 5175 species
1807 5121 1908 5174 est,

454 5185 500 5215 "
543 5186 779 5274 {capt},
817 5193 871 5247 2.
942 5195 1172 5274 Ἶρι-οἶἱ
1201 5199 1423 5274 χιιι,
1498 5200 1714 5254 "Joan.
1743 5215 1780 5261 ι.
1805 5202 1856 5255 5.
1929 5202 1962 5233 ⁸⁸

1201 5199 1423 5274 χιιι,
1498 5200 1714 5254 "Joan.
1743 5215 1780 5261 ι,
1805 5202 1856 5255 5.
1929 5202 1974 5233 ⁸⁸
1996 5204 2134 5257 Psal.
2173 5220 2438 5274 uxxvntt,
2476 5212 2565 5268 49.
2638 5212 2686 5244 ⁸³

388 5249 476 5304 2t.
550 5253 592 5283 οι
628 5249 779 5310 toan:
816 5275 934 5325 vnx,
969 5262 1056 5316 ει.
1127 5264 1173 5295 η
1200 5249 1441 5320 ιυιιιζξςέ.

596 5343 766 5421 (iudex
800 5349 1010 5421 Begirtis,
1037 5352 1454 5421 ἁποκρινόμεθα.

604 5412 778 5484 {Iudex
807 5409 1020 5484 nciam,
1047 5409 1342 5483 ἀφανίζειν,
1373 5423 1527 5484 male.

467 5473 573 5540 (39)
598 5478 659 5527 01
682 5479 794 5546 μὲν
826 5473 1032 5537 πολλοὶ
1075 5473 1166 5536 θεαὶ
1207 5473 1572 5557 τῶιίσοεῖῶν,
1603 5497 1702 5543 ctc.
1757 5487 1906 5542 Plato

2009 4318 2096 4370 τὸν
2125 4316 2279 4383 λόγον
2319 4317 2392 4386 μὴ
2447 4320 2792 4408 τηρήσαντος
2825 4323 3114 4397 θανατοῖ,
3173 4339 3294 4388 καὶ
3342 4342 3544 4408 νεκροί
3586 4337 3682 4406 τὴν

2009 4407 2352 4477 θεωρήσασαν
2375 4407 2530 4459 αὑτὸν
2557 4407 2701 4476 ὄψιν,
2733 4411 2830 4462 καὶ
2856 4415 3242 4490 ἀποτυφλοῖ,
3269 4428 3358 4491 ὡς
3393 4407 3490 4481 δια
3523 4428 3682 4480 τοῦτο

2007 4495 2256 4564 δεηθῆναι
2301 4495 2391 4547 τοῦ
2444 4497 2752 4564 ἀνοίγοντος
2821 4503 3186 4576 ὀφθαλμοὺς
3252 4518 3517 4586 τυφλῶν.
3575 4517 3682 4569 Καὶ

2008 4579 2156 4650 οἶμαί
2199 4600 2260 4650 γε
2286 4621 2300 4645 ,
2351 4583 2438 4636 διὰ
2468 4584 2623 4676 τοῦτο
2669 4590 2718 4638 οἱ
2753 4590 2976 4658 τυφλοὶ,
3023 4590 3112 4650 ὧν
3174 4579 3489 4674 σύμέολον
3541 4602 3682 4676 ἦσαν

2003 4672 2052 4723 οἱ
2098 4673 2152 4723 ἐν
2194 4671 2271 4739 τῷ
2319 4673 2631 4743 Εὐαγγελίῳ
2690 4679 2926 4745 τυφλοὶ,
2979 4684 3094 4748 τὰς
3162 4671 3353 4762 δψέις
3396 4671 3681 4749 ἀπολῷλέ..

2009 4775 2181 4897 ἔὲίσξνν
2203 4759 2427 4831 ἐπείπερ
2457 4762 2544 4812 τδν
2576 4761 2734 4832 λόγον
2771 4768 2852 4838 μὴ
2881 4759 3288 4848 τηρήσαντες
3316 4787 3422 4840 τὸν
3448 4787 3682 4842 Θάνατον

2071 4860 2334 4897 εωρησαν.

2071 4860 2334 4913 εωρησαν.

2082 4935 2168 4987 52.
2207 4931 2396 4988 Εἶπον
2417 4937 2575 5002 αὺτῷ
2598 4941 2653 4990 οἱ
2690 4939 3002 5000 Ἰουδαῖοι·
3057 4952 3226 5008 Νῦν
3283 4960 3678 5030 ἐγνώκαμεν,

2015 5024 2100 5076 ὅτι
2135 5023 2438 5090 δαιμόνιον
2491 5028 2669 5096 ἔχεις.
2727 5033 2794 5085 Οἱ
2853 5038 2959 5105 μὲν
3009 5041 3231 5101 πολλοὶ
3286 5023 3394 5104 καὶ
3444 5023 3560 5105 τῶν

2013 5112 2125 5180 φῶν
2161 5113 2268 5181 (59)
2301 5117 2407 5167 πᾶν
2459 5117 2612 5184 γένος
2657 5120 3109 5199 ἁμαρτήματος,
3157 5131 3237 5189 οὗ
3273 5140 3340 5190 ὲν
3380 5142 3522 5195 εῖδει
3559 5142 3678 5194 ἐστὶ

2719 5216 2876 5278 l’sal.
2907 5239 3036 5292 ιιι,
3087 5228 3188 5288 16.

3695 4906 3728 4972 4

3273 5231 3329 5260 ⁸⁸⁵
3365 5235 3543 5290 Rom.
3573 5251 3671 5298 vlt,

2011 5354 2507 5454 gublelcgib.‘
2531 5369 2783 5454 Plotinus
2812 5374 3080 5454 l_§_nuead.
3113 5405 3156 5454 ι,
3190 5388 3302 5442 lib.
3348 5407 3394 5444 ι.
3433 5392 3513 5444 At
3567 5407 3677 5444 non

2012 5438 2604 5517 SifFrfffﬁiissolum
2665 5441 2928 5517 iudiciis,
2981 5438 3084 5513 sed
3115 5438 3213 5514 "ci
3241 5438 3682 5512 ’ἰιιζιῑὶειὶῖιὶ

2012 5502 2151 5546 καθ
2208 5497 2588 5570 iudicatorum
2640 5497 3084 5591 (semp-ecca}?
3108 5497 3454 5588 0:13:53}?
