3820 6224
403 256 466 307 (i7
479 255 508 309 l'

1839 243 2152 298 OBIGENIS

3595 226 3694 282 67!

405 372 629 426 dixisset
673 370 720 423 ei
769 369 919 423 Jesus
951 364 1072 420 :Da
1104 364 1228 417 mihi
1273 365 1410 432 quod
1456 365 1643 427 bibam,
1689 371 1810 433 post
1835 363 1913 417 ali:

2184 357 2699 439 iapapslrrbogﬁ‘rt,
2741 354 2930 407 εἰπὼν
2976 350 3139 418 αὐτῇ
3177 348 3212 399 ὁ
3272 340 3522 442 Ἰησοξις·

408 461 534 513 talia
566 457 764 512 addidit
797 474 810 508 :
847 453 904 507 Si
941 455 1097 507 scires
1129 455 1322 507 donum
1358 453 1470 517 Dei,
1508 460 1555 507 et
1596 455 1713 522 quis
1751 454 1815 506 sit
1843 469 1916 521 qu:

2186 449 2314 501 τιεῖν
2340 449 2473 516 (46),
2512 435 2628 517 μεθ’
2659 447 2833 516 ἕτερα
2876 439 3235 511 προσέθηκε
3293 435 3544 485 τοιαῦτα
3560 448 3587 522 μ’
3629 435 3694 484 El

403 548 528 599 dicit
557 547 683 598 tibi:
724 543 800 596 Da
840 543 968 594 milii
993 543 1128 610 quod
1172 544 1362 607 bibam,
1390 553 1444 596 tu
1487 544 1661 610 utique
1701 544 1931 610 petiisses

403 637 466 686 ab
492 651 571 698 ea,
599 644 643 686 et
665 633 885 684 dedisset
911 632 1001 684 tibi
1030 647 1218 700 aquam
1247 633 1430 684 vivam.
1462 630 1526 683 Et
1556 632 1685 684 dicit
1708 632 1787 684 illi
1816 648 1927 684 mu-

403 723 540 775 lier:
580 721 815 785 Domine,
873 736 1031 788 neque
1062 721 1386 772 Itaustorium
1435 720 1612 782 habes,
1661 729 1706 772 et
1748 729 1932 785 puteus

403 809 685 876 profundus
707 811 820 871 est';
847 809 980 861 unde
1007 824 1126 876 ergo
1153 807 1306 860 habes
1332 808 1477 860 illam
1508 825 1694 876 aquam
1727 809 1935 860 vivam?

404 904 456 948 et
482 909 669 948 rursus
700 911 713 947 :
741 894 974 959 Domine,
1009 894 1076 947 da
1114 895 1241 947 mihi
1279 896 1429 948 istaut
1454 911 1640 964 aquam
1666 898 1852 961 vivam,
1880 906 1930 947 ut

404 997 504 1036 non
539 983 735 1046 sitiam,
787 999 945 1050 neque
987 985 1184 1036 veniam
1224 984 1324 1036 huc
1371 985 1440 1035 ad
1476 983 1820 1037 hauriendum
1865 986 1931 1038 “.

404 1067 553 1124 Haud
583 1071 721 1123 enim
756 1071 1034 1138 probabile
1054 1080 1139 1125 est
1169 1071 1544 1126 Samaritidem
1593 1072 1667 1125 illi
1709 1088 1934 1142 respon-

404 1158 531 1212 dere
559 1159 624 1212 de
654 1174 787 1226 aqua
825 1162 924 1214 sub
956 1175 1174 1214 sensum
1205 1162 1443 1223 cadente,
1487 1161 1564 1214 vel
1601 1163 1668 1214 ab
1699 1161 1811 1230 ipso
1845 1177 1936 1230 pe-

407 1256 517 1320 tere
537 1248 870 1316 corporalem
903 1265 1116 1318 aquam,
1148 1266 1214 1305 ne
1243 1251 1292 1303 in
1325 1259 1594 1318 posterum
1627 1251 1823 1315 sitiret,
1853 1250 1936 1304 vel

409 1350 472 1387 ne
509 1338 713 1388 veniret
735 1337 800 1389 ad
837 1337 1186 1391 hauriendum
1209 1353 1275 1391 ex
1307 1338 1450 1392 fonte
1486 1338 1652 1392 Jacob
1681 1340 1781 1392 sub
1814 1354 1938 1392 sen-

405 1440 521 1477 sum
550 1426 791 1479 cadente.
817 1425 954 1491 Quin
983 1427 1138 1480 etiam
1172 1428 1379 1480 dicente
1405 1426 1626 1481 Domino
1649 1428 1694 1459 ⁸⁷
1724 1443 1741 1480 :
1776 1427 1936 1480 Panis

406 1529 554 1581 quem
583 1529 674 1582 ego
701 1515 854 1576 dabo,
885 1531 1006 1566 caro
1032 1531 1142 1567 mea
1166 1524 1240 1568 est
1271 1514 1432 1586 364
1459 1531 1551 1583 pro
1582 1517 1758 1568 mundi
1809 1518 1932 1584 vita,

407 1604 617 1668 quando
657 1605 954 1671 pugnabant
1009 1606 1141 1656 inter
1180 1620 1232 1657 se
1265 1604 1440 1658 Judaei
1492 1607 1759 1658 dicentes:
1796 1605 1936 1670 Quo-

408 1693 561 1742 modo
582 1700 746 1756 potest
781 1693 864 1744 hic
896 1693 1038 1744 nobis
1067 1709 1275 1746 carnem
1305 1709 1454 1746 suam
1473 1694 1598 1747 dare
1623 1695 1689 1745 ad
1715 1695 1938 1747 mandu-

406 1782 630 1833 candum
669 1782 713 1812 ’⁸
745 1781 770 1836 i
811 1781 1140 1836 ostendimus
1174 1796 1277 1835 non
1310 1783 1442 1836 adeo
1479 1783 1716 1850 stupidas
1748 1782 1933 1848 fuisse,

407 1867 496 1934 qui
534 1867 840 1932 audiebant,
871 1879 928 1922 ut
975 1870 1328 1936 opinarentur
1355 1868 1534 1925 Jesum
1564 1871 1680 1926 haec
1719 1870 1940 1939 loquen-

408 1965 514 2010 tem
570 1957 795 2011 invitare
851 1959 1124 2013 auditores
1179 1968 1236 2012 ut
1276 1961 1594 2014 accederent
1652 1961 1939 2014 comesturi

410 2061 622 2100 carnem
671 2049 860 2113 ipsius.
893 2047 1422 2116 Consentaneumque
1456 2057 1599 2103 certe
1623 2058 1704 2104 est
1731 2049 1940 2104 Judzeos

407 2136 606 2190 dixisse
632 2135 683 2188 in
713 2137 958 2204 prazscnti
991 2144 1267 2200 contextu,
1294 2151 1454 2204 quem
1495 2151 1636 2191 nunc
1659 2137 1940 2191 examina-

407 2237 545 2285 mus,
580 2223 690 2276 haec
717 2223 880 2276 verba
905 2241 919 2276 :
946 2223 1210 2276 Abraham
1241 2233 1476 2276 mortuus
1501 2233 1602 2288 est,
1641 2235 1688 2278 et
1726 2227 1943 2294 prophe-

407 2322 493 2376 tte,
523 2313 774 2381 quoniam
802 2313 1114 2366 didicissent
1142 2313 1407 2380 quomodo
1453 2329 1542 2381 per
1582 2330 1740 2366 unum
1773 2315 1941 2367 Itami-

406 2417 516 2453 nem
548 2410 808 2467 peccatum
846 2401 1056 2454 intrauit
1086 2403 1140 2454 in
1181 2402 1452 2466 mundum,
1491 2411 1538 2454 et
1565 2418 1655 2470 per
1675 2413 1939 2468 peccatum

405 2505 543 2542 mors
576 2506 596 2554 ;
635 2499 682 2543 et
720 2491 794 2564 ita
833 2490 890 2542 in
937 2505 1109 2542 omnes
1148 2489 1382 2543 homines
1416 2492 1659 2556 pervasit,
1709 2507 1768 2544 eo
1805 2493 1940 2562 quod

408 2593 582 2631 omnes
613 2588 945 2645 peccaverunt
971 2579 1040 2629 θ’.
1074 2576 1500 2631 Consentaneum
1526 2592 1653 2632 vero
1673 2580 1833 2632 etiam
1859 2589 1942 2635 est

407 2679 501 2720 eos
536 2667 731 2720 vidisse
760 2676 984 2720 mortem
1019 2681 1271 2734 regnasse
1318 2666 1370 2719 in
1426 2682 1520 2721 eos
1555 2667 1644 2735 qui
1685 2683 1942 2737 peccave-

411 2762 539 2810 runt
575 2755 640 2807 ad
670 2753 1066 2809 similitudinem
1107 2755 1546 2824 transgressionis
1593 2756 1723 2810 Adze
1764 2759 1804 2822 ⁸,
1847 2759 1942 2812 ha-

411 2841 698 2910 buisseque
725 2857 1022 2898 sermonem
1057 2831 1122 2899 de
1153 2853 1341 2911 morte,
1386 2859 1506 2914 quae
1532 2861 1627 2914 per
1665 2859 1938 2914 peccatum

412 2929 463 2981 in
495 2944 678 2984 omnes
708 2931 950 2986 homines
979 2933 1227 3001 pervasit,
1261 2947 1325 2987 eo
1355 2937 1497 3000 quod
1520 2949 1708 2989 omnes
1745 2950 1938 3005 pecca-

411 3029 619 3072 verunt.
652 3020 724 3073 De
757 3020 840 3074 bis
888 3028 1061 3073 autem
1109 3021 1306 3086 edocti,
1349 3019 1474 3076 Jesu
1513 3036 1791 3078 sermones
1834 3040 1937 3078 non

413 3117 696 3168 noverunt,
741 3109 866 3176 quia
902 3124 1020 3176 qua:
1069 3123 1365 3177 sequuntur
1406 3125 1510 3165 non
1564 3113 1938 3180 admiserunt;

411 3194 664 3246 nimirum
706 3195 866 3262 quod,
901 3194 1022 3247 Non
1041 3195 1173 3248 sicut
1204 3195 1470 3260 delictum,
1500 3198 1574 3249 ita
1601 3208 1648 3251 et
1681 3201 1873 3252 donum
1897 3203 1938 3254 ¹.

411 3279 516 3336 Sed
553 3298 618 3335 ne
651 3285 955 3336 ratiocinari
986 3285 1198 3352 quidem
1231 3295 1497 3353 poterant,
1525 3289 1664 3356 quod
1696 3289 1756 3342 Si
1785 3292 1939 3344 unius

408 3370 594 3422 delicto
622 3371 768 3421 multi
795 3373 1007 3437 periere,
1041 3371 1199 3424 multo
1235 3374 1397 3440 magis
1429 3375 1596 3442 gratia
1633 3375 1756 3441 Dei,
1778 3387 1824 3430 et
1853 3379 1942 3431 do-

411 3474 532 3508 num
587 3474 678 3522 per
727 3460 987 3524 gratiam,
1028 3475 1141 3527 qua:
1195 3461 1290 3526 fuit
1338 3463 1492 3514 unius
1543 3463 1762 3518 hominis
1814 3465 1938 3520 Iesu

413 3546 624 3609 Christi,
661 3547 713 3599 in
750 3547 935 3600 multos
982 3550 1275 3601 exuberavit
1316 3551 1354 3601 ³.
1398 3549 1512 3603 Non
1559 3550 1940 3608 intellexerunt

411 3636 593 3698 etiam,
624 3637 890 3704 quomodo
919 3637 1115 3690 donum
1150 3653 1256 3692 non
1303 3648 1386 3692 est
1417 3640 1588 3694 simile
1627 3643 1786 3696 morti
1823 3657 1940 3711 qua:

414 3723 512 3775 fuit
542 3739 636 3791 per
669 3739 829 3776 unum
865 3725 952 3792 qui
1004 3725 1239 3792 peccavit
1283 3744 1297 3778 :
1334 3741 1504 3796 neque
1554 3730 1692 3782 enim
1746 3733 1936 3786 eruditi

411 3811 624 3866 fuerant
658 3812 944 3879 aliquando
989 3813 1180 3865 donum
1213 3829 1277 3868 ea:
1319 3815 1496 3870 multis
1536 3817 1739 3872 delictis
1775 3818 1940 3874 fuisse

409 3902 479 3954 ad
507 3901 930 3967 iustiﬁcationem
955 3902 995 3954 ⁸.
1027 3901 1131 3954 Sed
1166 3916 1232 3955 ne
1259 3903 1504 3957 viderant
1534 3907 1747 3973 quidem
1777 3908 1936 3962 etiam

408 3990 550 4059 quod
609 3991 996 4042 exuberantiam
1037 3991 1219 4058 gratia:
1254 4001 1302 4044 et
1348 3993 1469 4045 doni
1509 3996 1813 4062 accipientes
1849 4013 1941 4065 per

408 4080 585 4141 vitam,
613 4078 895 4146 regnabant
923 4088 1138 4131 auctore
1168 4095 1270 4132 uno
1297 4079 1424 4133 Jesu
1452 4080 1656 4136 Christo
1684 4085 1726 4135 ⁸.
1763 4087 1939 4153 Atque

406 4168 637 4222 Abrahae
660 4166 870 4234 quidem
901 4176 955 4220 et
983 4167 1360 4234 prophetarum
1396 4179 1622 4224 mortem
1657 4173 1940 4229 versabant

409 4258 608 4320 animo,
659 4255 934 4310 audientes
983 4257 1126 4324 quod
1178 4256 1338 4311 etiam
1379 4256 1613 4324 Samuel,
1649 4261 1801 4328 quasi
1847 4276 1941 4330 per

412 4355 636 4398 mortem
661 4345 758 4397 sub
781 4352 919 4396 terra
945 4345 1227 4408 exsisteus,
1261 4360 1290 4397 a
1316 4345 1625 4413 pythonissa
1673 4351 1939 4404 excitatus

415 4435 599 4486 fuisset
639 4450 654 4484 :
702 4447 817 4498 qua:
867 4434 993 4486 deos
1044 4449 1160 4486 cum
1213 4434 1542 4487 existimaret
1593 4435 1798 4490 inferne
1841 4440 1940 4494 sub

407 4532 607 4592 terram
636 4536 774 4583 esse,
804 4521 1050 4574 dicebat:
1092 4520 1202 4590 Ego
1243 4521 1347 4575 vidi
1390 4523 1511 4574 deos
1541 4525 1872 4580 ascendentes
1912 4542 1940 4580 e

403 4621 548 4664 terra
570 4611 610 4662 ⁸.
637 4610 703 4662 At
735 4624 860 4662 vero
887 4610 1046 4663 vitam
1078 4611 1309 4664 Abrahae
1335 4620 1388 4664 et
1417 4611 1799 4680 prophetarum
1831 4630 1936 4669 non

409 4699 893 4768 apprehenderunt,
949 4715 1011 4752 ac
1078 4714 1142 4752 ne
1195 4699 1664 4768 apprehenderuut
1721 4703 1936 4771 quidem

411 4790 574 4842 Deum
607 4788 851 4851 Abrahae,
878 4797 930 4841 et
961 4788 1129 4852 Isaac,
1157 4795 1210 4841 et
1238 4785 1424 4846 Jacob,
1470 4787 1636 4841 Deum
1672 4803 1775 4842 non
1815 4805 1937 4845 esse

410 4878 642 4943 ipsomm
690 4885 1041 4941 mortuorum,
1079 4876 1172 4931 sed
1218 4875 1508 4927 viventium
1547 4877 1566 4905 ⁷
1607 4893 1622 4939 ;
1668 4891 1731 4930 ac
1774 4878 1933 4932 veluti

408 4965 738 5032 suspicantes
770 4975 1007 5019 mortuos
1041 4980 1158 5020 esse
1189 4965 1496 5033 prophetas,
1530 4963 1935 5019 fabricabantur

296 5091 311 5101 ς
409 5056 619 5107 illorum
658 5055 902 5120 sepulcra
927 5055 948 5086 ⁸
976 5070 992 5121 ;
1029 5057 1167 5110 hanc
1213 5058 1373 5110 etiam
1405 5055 1473 5108 ob
1507 5068 1722 5109 causam
1754 5057 1930 5110 miseri

451 5163 526 5193 "'
554 5159 706 5215 Joan.
745 5177 815 5222 tv.
861 5163 913 5223 'l,
943 5163 1028 5224 10,
1061 5164 1145 5224 Η,
1202 5163 1286 5218 15.
1384 5165 1428 5196 ⁸⁷
1449 5161 1605 5217 Joan.
1639 5180 1711 5227 vr,
1738 5163 1826 5215 5‘2.

409 5379 510 5433 an.
546 5379 775 5440 Parum"

487 5451 595 5514 (Η)
625 5453 794 5506 Codex
831 5455 1026 5526 Regius
1054 5458 1208 5523 male,
1248 5461 1350 5512 ὑπὸ
1371 5462 1560 5528 γαστρὶ
1597 5461 1782 5529 μύθου.

451 5167 526 5193 "'
554 5167 706 5215 Joan.
745 5177 815 5222 tv.
861 5167 913 5223 'l,
943 5167 1028 5224 10,
1061 5167 1145 5224 Η,
1202 5167 1286 5218 15.
1384 5167 1428 5196 ⁸⁷
1449 5167 1605 5217 Joan.
1639 5180 1711 5227 vr,
1738 5167 1826 5215 5‘2.

418 5226 438 5254 ⁸
466 5229 590 5280 ibid.
664 5228 686 5260 ⁸
729 5230 857 5284 ibid.
907 5233 992 5284 l6.
1064 5232 1240 5284 'ibid.
1279 5232 1364 5285 l7.
1441 5231 1650 5301 ‘llteg.
1678 5233 1920 5294 ssi-111,1

1738 5167 1826 5215 5‘2.
1929 5167 1972 5197 ⁸⁸
2001 5167 2128 5218 illiti.
2181 5170 2268 5224 55.
2368 5179 2415 5214 ⁹⁹
2447 5180 2604 5240 Rom.
2637 5203 2689 5248 ν,
2733 5187 2820 5244 12.
2920 5193 2936 5221 ¹
2970 5191 3200 5250 "illi."

1714 5247 1868 5328 nili,
1897 5233 1983 5286 l5.
2055 5235 2073 5264 ⁷
2109 5235 2297 5294 lllattb.
2325 5253 2572 5312 xxu,‘52.
2647 5260 2669 5290 ⁸
2696 5259 2889 5317 Matth.
2919 5277 3084 5328 util,
3117 5238 3221 5322 29:

486 5318 844 5432 μςζζεζὲιιιάς
871 5340 957 5391 μοι
978 5327 1116 5375 πιεῖν
1138 5323 1300 5377 codex
1330 5323 1524 5393 Regius
1547 5335 1745 5378 tantum
1775 5327 1927 5380 habet
1963 5343 1994 5377 π

1870 5333 1927 5380 ιρι
1963 5331 2148 5383 ποιεῖν.
2179 5363 2246 5371 —
2269 5336 2560 5410 Superior}
2581 5355 2748 5428 linea,
2783 5375 2880 5430 pro
2905 5360 3010 5423 ὅτι,
3068 5359 3378 5432 interpres

2030 517 2190 606 ᾔδεις
2211 539 2322 604 τὴν
2348 537 2568 603 δωρεὰν
2595 535 2702 587 τοῦ
2743 531 2927 592 Θεοῦ,
2964 527 3072 580 καὶ
3109 526 3219 587 τίς
3249 522 3400 574 ἐστι
3431 523 3468 571 ό
3497 517 3696 584 λέγων

2030 644 2124 680 σοι
2150 644 2162 655 ·
2203 628 2308 690 Δός
2347 642 2447 693 μοι
2485 623 2677 684 πιεῖν,
2714 621 2800 674 σὺ
2843 619 2926 671 ἂν
2966 617 3242 683 ᾔτησας
3297 607 3546 668 αὐτὸν,
3595 607 3696 658 καὶ

2030 717 2248 770 ἔδωκεν
2276 714 2351 766 ἄν
2377 731 2476 767 σοι
2505 711 2659 778 ὕδωρ
2680 710 2816 770 ζῶν.
2841 707 2961 760 Καὶ
2993 705 3182 771 λέγει
3211 697 3398 761 αὐτῷ
3433 697 3478 762 ἡ
3515 693 3695 762 γυνή’

2029 808 2220 872 Κύριε,
2256 805 2391 857 οὔτε
2445 802 2720 867 ἄντλημα
2763 799 2958 866 ἔχεις,
3014 792 3132 846 καὶ
3192 789 3271 842 τὸ
3304 785 3514 856 φρέαρ
3563 784 3698 838 ἐστι

2029 895 2203 958 βαθύο
2229 893 2412 946 πόθεν
2438 886 2553 944 οὖν
2572 890 2734 957 ἔχεις
2758 887 2827 938 τὸ
2859 883 3032 948 ὕδωρ
3060 879 3144 932 τὸ
3179 874 3309 936 ζῶν
3335 892 3357 938 ;
3386 876 3491 928 καὶ
3509 873 3694 926 πάλιν·

2032 986 2228 1049 Κύριε,
2280 982 2386 1046 δός
2425 997 2527 1048 μοι
2562 976 2740 1030 τοῦτο
2789 975 2855 1027 τὸ
2904 972 3082 1038 ὕδωρ
3128 967 3212 1020 τὸ
3269 964 3434 1027 ζῶν,
3472 963 3581 1015 Ira
3612 959 3697 1030 μὴ

2031 1072 2185 1140 διψῶ
2210 1113 2226 1136 ,
2271 1070 2424 1138 μηδὲ
2463 1068 2784 1135 διέρχωμαι
2815 1060 3046 1115 ἐνθάδε
3095 1055 3414 1112 ἀντλεῖν.
3457 1053 3538 1104 οὐ
3593 1050 3701 1120 γὰρ

2034 1160 2253 1212 πιθανὸν
2283 1155 2349 1228 ἦν
2389 1158 2516 1226 περὶ
2548 1151 2811 1224 αἰσθητοῦ
2855 1151 3064 1210 ὓδατος
3113 1140 3566 1214 ἀποκρίνεσθαι
3605 1140 3700 1192 αὖ·

2032 1248 2110 1318 τῷ
2141 1249 2236 1318 τὴν
2271 1249 2632 1317 Σαμαρεῖτιν,
2671 1244 2766 1297 καὶ
2809 1240 3098 1311 ῂτηκέναι
3147 1235 3342 1287 αὐτὸν
3372 1229 3702 1301 σωματικὸν

2036 1338 2175 1408 ὕδωρ
2200 1338 2291 1390 ἐπὶ
2315 1338 2391 1406 τῷ
2433 1337 2628 1406 μηκέτι
2677 1334 2950 1402 διψῆσαι,
3004 1328 3168 1399 μηδὲ
3215 1322 3563 1394 διέρχεσθαι
3612 1323 3702 1372 ἁν-

2033 1427 2173 1478 τλεῖν
2218 1427 2323 1478 ἀπὸ
2365 1427 2463 1495 τῆς
2511 1425 2606 1476 τοῦ
2653 1421 2853 1475 Ἰακὼϐ
2898 1417 3204 1489 αἰσθητῆς
3253 1413 3487 1483 πηγῆς.
3542 1411 3702 1463 Ἀλλά

2036 1517 2126 1567 καὶ
2155 1515 2390 1576 εἰπόντος
2423 1513 2516 1565 τοῦ
2549 1513 2756 1582 Κυρίου
2777 1527 2792 1540 ⁸
2841 1509 2898 1561 '0
2936 1508 3143 1574 ἄρτος
3187 1504 3274 1556 ὃν
3307 1501 3439 1570 ἐγὼ
3478 1499 3656 1552 δώσω
3686 1539 3701 1564 ,
3771 1499 3780 1508 ⁴

2037 1609 2074 1672 ἠ
2109 1604 2262 1671 σάρξ
2294 1621 2408 1671 μου
2441 1603 2614 1655 ἐστὶν
2660 1599 2816 1666 ὑπὲρ
2858 1597 2976 1664 τῆς
3025 1595 3152 1648 τοῦ
3192 1594 3464 1661 κόσμου
3517 1588 3701 1656 ζωῆς,

2039 1695 2125 1746 ὅτε
2165 1691 2454 1761 ἐμάχοντο
2485 1689 2636 1756 πρὸς
2671 1687 3004 1752 ἀλλήλους
3038 1687 3104 1736 οι
3156 1680 3472 1736 Ἰουδαῖοι
3495 1678 3704 1747 λέγειν·

2038 1799 2161 1847 τες·
2182 1780 2310 1845 Πῶς
2343 1779 2588 1831 δύναται
2628 1776 2775 1844 ἡμῖν
2803 1771 2997 1838 οὗτος
3030 1771 3286 1825 δοῦναι
3322 1768 3454 1834 τὴν
3503 1765 3702 1833 σάρκα

2038 1870 2280 1940 φαγεῖν;
2319 1868 2732 1935 ἁποδείκνυμεν,
2763 1866 2848 1916 ὅτι
2883 1863 2994 1915 οὐκ
3031 1861 3114 1914 ἂν
3163 1858 3456 1912 τοσοῦτον
3486 1855 3703 1922 ἀνόητοι

2036 1957 2173 2031 ἦσαν
2227 1962 2274 2011 οἱ
2325 1957 2646 2018 ἀκούοντες,
2681 1955 2757 2017 ὡς
2805 1951 3306 2022 ὑπολαμϐάνειν,
3354 1949 3448 2002 ὃτι
3496 1962 3702 2016 προκαο

2038 2051 2205 2102 λείται
2230 2049 2257 2098 ὁ
2286 2047 2458 2114 λέγων
2482 2047 2609 2106 τοὺς
2643 2042 2929 2113 ἀκροατὰς
2973 2043 3066 2104 είς
3097 2041 3172 2092 τὸ
3204 2038 3583 2109 προσελθεῖν,
3613 2035 3703 2087 καὶ

2038 2139 2300 2207 ἐμφαγεῖν
2325 2135 2431 2186 τῶν
2465 2132 2684 2203 σαρκῶν
2716 2129 2913 2184 αὐτοῦ.
2948 2129 3077 2182 Καὶ
3123 2127 3300 2190 είγός
3344 2143 3441 2194 γε,
3474 2127 3559 2179 ὅτι
3587 2124 3700 2178 ἕλες

2039 2242 2133 2294 γον
2158 2227 2204 2278 οἱ
2241 2224 2478 2277 Ἰουδαῖοι
2504 2224 2598 2274 ἐπὶ
2624 2221 2732 2274 τῶν
2765 2220 2868 2274 νῦν
2911 2221 3065 2289 ἡμῖν
3117 2217 3576 2285 ἐξεταζομένων
3605 2219 3699 2284 ῥη-

2039 2315 2178 2379 τῶν,
2227 2315 2317 2366 τόο
2372 2312 2624 2380 Ἀϐραὰμ
2681 2310 2958 2365 ἀπέθανε
2987 2348 3004 2371 ,
3059 2310 3180 2362 καὶ
3237 2311 3301 2360 οι
3348 2305 3698 2375 προφῆται,

2043 2400 2413 2472 μεμαθηκότες
2453 2400 2576 2452 τίνα
2623 2397 2827 2468 τρόπον
2870 2396 2952 2449 δι’
3016 2396 3186 2460 ἐνὸς
3255 2394 3599 2462 ἀνθρώπου
3662 2395 3698 2459 ἠ

2038 2488 2288 2558 ἁμαρτία
2324 2490 2410 2552 εις
2442 2488 2549 2539 τὸν
2589 2487 2829 2553 κόσμον
2889 2484 3208 2552 εἰσῆλθε,
3281 2484 3393 2538 καὶ
3441 2484 3544 2538 διὰ
3593 2481 3699 2550 τῆς

2039 2577 2322 2648 ἁμαρτίας
2359 2581 2392 2630 ό
2429 2575 2704 2639 θάνατος·
2733 2575 2835 2629 καὶ
2897 2561 3118 2639 οὕτως
3173 2577 3276 2640 εις
3320 2574 3570 2639 πάντας
3601 2574 3700 2626 ἀν-

2039 2668 2302 2736 θρώπους
2333 2669 2366 2720 ὁ
2404 2664 2656 2730 θάνατος
2686 2664 2974 2731 διῆλθεν,
3014 2665 3126 2733 ἐφ’
3166 2659 3223 2730 ᾧ
3253 2665 3503 2730 πάντες
3528 2663 3697 2732 ἥμαρ-

2039 2774 2162 2811 τον.
2198 2755 2456 2808 Ἔσλεπον
2494 2753 2549 2805 δὲ
2587 2754 2681 2806 καὶ
2703 2754 2786 2804 ὅτι
2822 2753 3223 2806 ἐϐασίλευσεν
3262 2755 3295 2806 ὁ
3331 2754 3572 2815 Θάνατος
3611 2754 3695 2804 ἐπὶ

2038 2846 2162 2908 τοὺς
2197 2845 2621 2914 ἁμαρτήσαντας
2655 2843 2750 2894 ἐπὶ
2781 2842 2863 2912 τῷ
2898 2843 3259 2914 ὁμοιώματι
3301 2847 3413 2916 τῆς
3447 2843 3692 2914 παραϐᾶ-

2042 2951 2175 2996 σεως
2217 2933 2402 3002 Ἀδὰμ,
2435 2933 2528 2985 καὶ
2556 2927 2625 3002 ἦν
2660 2932 2846 2995 αὐτοῖς
2875 2936 2907 2985 ὁ
2936 2933 3124 3002 λόγος
3167 2937 3319 3004 περὶ
3355 2936 3454 2988 τοῦ
3488 2937 3575 2988 διὰ
3600 2937 3691 3004 τὴν

2040 3022 2310 3093 ἁμαρτίαν
2353 3022 2581 3074 θανάτου
2635 3024 2715 3083 εἰς
2777 3022 3006 3086 πάντας
3049 3025 3425 3096 ἀνθρώπους
3458 3025 3690 3094 διεληλυ-

2041 3111 2189 3172 θότος
2218 3111 2308 3163 ἐπὶ
2340 3109 2415 3178 τῷ
2446 3111 2652 3172 πάντας
2685 3113 3129 3180 ἡμαρτηκέναι.
3183 3115 3340 3185 Περὶ
3380 3115 3593 3167 τούτων
3639 3113 3689 3165 δὲ

2041 3199 2414 3270 μεμαθηκότες
2474 3197 2544 3250 τὰ
2576 3198 2737 3267 ἑξῆς,
2775 3200 2874 3252 ἅτε
2910 3201 2995 3272 μὴ
3050 3205 3543 3275 παραδεξάμενοι
3573 3203 3690 3264 τοὺς

2051 3287 2221 3356 Ἰησοῦ
2271 3286 2490 3352 λόγους,
2536 3286 2636 3337 οὐκ
2685 3285 2945 3354 ᾔδεισαν,
3002 3291 3117 3342 καὶ
3170 3293 3269 3344 ὅτι
3330 3294 3462 3344 Οὐκ
3510 3292 3591 3354 ὡς
3627 3287 3688 3340 τὸ

2040 3375 2432 3442 παράπτωμα,
2475 3373 2664 3437 οὕτως
2713 3373 2814 3425 καὶ
2871 3375 2943 3426 τὸ
2984 3376 3326 3446 χάρισμα.
3393 3377 3537 3429 Ἀλλ’
3578 3374 3690 3426 οὐδὲ

2038 3463 2436 3532 συλλογίζεσθαί
2469 3479 2586 3524 πως
2623 3462 2884 3514 ἐδύναντο
2907 3502 2923 3527 ,
2985 3465 3082 3516 ὅτι
3103 3507 3122 3532 ,
3183 3468 3261 3519 Εὶ
3297 3466 3386 3532 τῷ
3421 3465 3532 3519 τοῦ
3563 3463 3691 3527 ἑνὸς

2037 3554 2450 3622 παραπτώματι
2511 3555 2564 3605 οἱ
2598 3552 2818 3604 πολλοὶ
2854 3553 3243 3620 ἀπέθανον,
3275 3555 3505 3620 πολ.ἶῷ
3542 3553 3692 3624 μᾶλ-

2034 3648 2146 3698 λον
2180 3645 2216 3711 ἡ
2252 3641 2422 3711 χάρις
2453 3641 2557 3694 τοῦ
2587 3640 2758 3702 Θεοῦ,
2789 3641 2893 3693 καὶ
2934 3643 2977 3709 ἠ
3007 3644 3238 3711 δωρεὰ
3280 3647 3360 3699 ἐν
3392 3646 3590 3715 χάριτι
3624 3643 3691 3710 τῇ

2036 3734 2139 3788 τοῦ
2189 3733 2325 3797 ἑνὸς
2369 3730 2682 3798 ἀνθρώπου
2737 3731 2955 3797 Ἰησοῦ
3013 3735 3366 3804 Χριστοῦ,
3421 3740 3513 3802 εὶς
3556 3735 3692 3798 τοὺς

2035 3821 2299 3885 πολλοὺς
2339 3820 2800 3886 ἐπερίσσευσεν.
2841 3819 2922 3870 Οὐ
2961 3823 3261 3877 συνίεσαν
3311 3826 3376 3880 δὲ
3427 3827 3525 3879 καὶ
3582 3824 3692 3887 πῶς

2035 3908 2134 3960 οὑκ
2163 3903 2228 3978 ἦν
2259 3907 2318 3958 τὸ
2345 3905 2572 3976 δώρημα
2601 3907 2789 3974 ὅμοιον
2835 3905 2918 3975 τῷ
2951 3906 3028 3961 δι’
3065 3912 3210 3976 ἑνὸς
3261 3916 3694 3986 ἁμαρτήσαντος

2038 3996 2277 4065 θανάτῳ·
2335 3995 2453 4046 οὐδὲ
2505 3995 2614 4065 γὰρ
2662 3997 3087 4051 ἐπεπαίδευντό
3132 4021 3310 4068 πως,
3351 4006 3442 4058 ὅτι
3488 4005 3556 4058 τὸ
3589 4004 3692 4072 χά-

2029 4100 2215 4154 ρισμα
2249 4087 2316 4138 ἐκ
2347 4081 2592 4138 πολλῶν
2635 4092 3173 4158 παραπτωμάτων
3220 4099 3465 4166 ἐγένετο
3496 4101 3584 4162 εις
3623 4096 3696 4147 δι-

2037 4176 2278 4244 καίωμα.
2321 4173 2456 4225 Ἀλλ’
2494 4175 2613 4227 οὐδὲ
2648 4177 2902 4243 ἔϐλεπον,
2935 4183 3027 4235 ὃτι
3059 4189 3125 4238 οἱ
3161 4187 3296 4255 τὴν
3332 4189 3697 4258 περισσείαν

1971 4263 2146 4346 υτῆς
2195 4261 2428 4330 χάριτος
2475 4264 2572 4316 καὶ
2643 4265 2758 4332 τῆς
2813 4269 3062 4338 δωρεᾶς
3122 4278 3583 4346 λαμϐάνοντες
3633 4277 3697 4327 ὲν·

2044 4349 2153 4417 ζωῇ
2189 4350 2634 4413 ,ϐασιλεύσουσι
2691 4355 2791 4407 διὰ
2866 4358 2984 4411 τοῦ
3058 4363 3229 4430 ἑνὸς
3300 4368 3524 4433 Ἰησοῦ
3570 4367 3698 4434 Χριο

2042 4439 2208 4530 στοῦ.
2255 4441 2362 4491 Καὶ
2401 4441 2647 4530 ενενόουν
2683 4445 2784 4513 μὲν
2832 4449 2929 4500 τὸν
2965 4449 3240 4510 θάνατον
3282 4459 3558 4530 Ἀϐραὰμ
3606 4457 3698 4509 καὶ

2043 4526 2494 4616 τῷνᾼττροφητῷν,
2520 4528 2835 4598 ἀκούοντες,
2871 4535 2959 4588 ὅτι
2998 4542 3110 4594 καὶ
3155 4526 3481 4616 Σαμουῆλ,
3613 4543 3696 4596 διὰ

2157 4613 2377 4706 θάνατον
2408 4614 2512 4666 ὑπὸ
2546 4618 2648 4687 γῆν
2697 4618 2795 4686 ὣν,
2862 4624 2974 4676 ὑπὸ
3031 4613 3542 4706 ἐγγαστριμυθου
3590 4635 3696 4703 (4⁵1)

2043 4704 2317 4797 ἀνήγετο,
2343 4704 2496 4769 θεοὺς
2542 4709 2798 4780 οἰομένης
2843 4714 3005 4769 κάτω
3049 4735 3175 4774 που
3217 4704 3379 4780 εἶναι
3421 4727 3528 4797 τῆς
3557 4728 3696 4796 γῆς,

2043 4793 2134 4884 καὶ
2167 4793 2426 4884 λεγούσης
2443 4812 2456 4826 ·
2489 4798 2672 4864 Θεοὺς
2700 4800 2818 4869 ἐγὼ
2841 4800 3017 4858 εἶδον
3044 4793 3551 4884 ἀναϐαίνοντας
3571 4793 3698 4872 dare

2042 4883 2148 4983 τῇς
2181 4883 2314 4983 τῆς·
2348 4887 2527 4983 mea;
2549 4889 2691 4963 ζωὴν
2723 4894 2820 4948 τοῦ
2857 4897 3136 4974 Ἀϐραὰμ
3172 4910 3284 4962 καὶ
3318 4912 3440 4964 τῶν
3485 4928 3696 4983 προφη-

2038 4971 2144 5072 τιῖἴν
2189 4974 2249 5072 οὐ
2299 4977 2730 5072 διατειλήφασιν,
2777 4986 2888 5038 οὐδ’
2933 4988 3021 5043 ὅτι
3171 4997 3331 5063 Θεὸς
3401 4971 3693 5072 Ἀϐρααμ,

2040 5060 2131 5111 καὶ
2189 5062 2407 5130 Ἰσαὰκ,
2465 5073 2561 5125 καὶ
2621 5073 2821 5128 Ἰακὼϐ
2863 5077 3002 5144 Θεὸς
3049 5078 3152 5153 ἦν,
3193 5090 3266 5142 οὐ
3306 5060 3560 5164 ννεκρᾶιν
3601 5060 3695 5146 αἰοὲ

2368 5179 2415 5214 ⁹⁹
2447 5180 2604 5258 R_o_m.
2637 5203 2689 5248 ν.
2733 5187 2820 5244 12.
2920 5193 2936 5221 ¹
2970 5191 3222 5252 ἰιήιΙΛαι.
3353 5204 3375 5234 ’
3403 5207 3549 5258 ibid.
3603 5205 3692 5258 l5.

3409 5367 3549 5438 legit
3574 5369 3690 5426 ὅτε.
