3820 6204
1008 293 1351 350 COMMENT.
1393 291 1456 346 IN
1486 287 1673 345 JOAN.
1709 293 1939 349 TOMUS
1975 295 2090 349 XX.

261 399 432 465 θάνατον,
458 405 527 457 καὶ
544 405 769 473 γεύεσθαι
797 405 1039 469 θανάτου,
1061 406 1227 468 οὕτως
1262 407 1353 458 καὶ
1381 407 1517 459 κατά
1541 408 1586 460 Α
1617 414 1769 457 tuom

1617 414 1859 468 mortem,
1894 405 1975 457 vel
2002 413 2217 474 tangere
2254 417 2475 461 mortem
2505 429 2518 463 :
2549 418 2603 461 et
2632 407 2678 461 si
2707 406 2891 462 manus
2914 420 3125 477 aposto-

261 491 349 543 κπά
377 491 637 563 αἰσθητήρια,
683 495 797 563 ἦτοι
844 494 1054 547 ἀκούειν
1080 494 1323 557 θανάτου,
1365 494 1514 563 ἢόσ-
1619 493 1769 545 lorun

1622 493 1786 545 lorum
1837 500 2297 547 contrectaverunt
2344 494 2410 547 de
2458 494 2620 548 verbo
2662 496 2780 548 vita
2798 495 2864 557 ³⁸.
2891 498 3130 564 nunquid

263 578 379 631 εσθαι
404 578 589 643 θανάτου,
616 582 647 651 ἢ
676 581 929 635 ἅπτεσθαι
959 582 1201 636 θανάτοψ
1246 583 1293 633 εἰ
1324 581 1431 651 γάρ
1460 583 1515 633 al.
1614 594 1770 633 manu

1618 594 1801 635 manus
1838 581 2399 650 pseudoapostolorum
2444 591 2498 637 et
2527 584 2887 651 operariorum
2919 585 3126 640 doloso-

261 684 271 726 ;
305 667 387 719 τῶν
411 669 650 721 ἀποστόλων
676 668 1016 738 ἐψηλάφησαν
1064 671 1186 738 περὶ
1226 667 1317 721 τοῦ
1360 669 1514 735 λόγου
1614 681 1749 730 runt,

1620 681 1749 730 rum,
1773 667 1860 733 qui
1888 666 2328 735 trausligurantur
2350 669 2402 721 iu
2429 670 2645 737 angelos
2666 670 2888 735 iustitia:
2908 671 2975 733 ",
3006 686 3128 724 con-

261 756 355 823 υῆς.
394 757 493 825 μήτι
516 758 558 808 αἱ
580 761 747 827 χεῖρες
791 760 895 811 τῶν
938 757 1369 826 ψευδαποστόλων
1424 758 1516 810 καὶ
1614 759 1769 804 lrect:

1619 754 1959 804 trectaverint
1988 752 2053 805 de
2083 752 2244 805 verbo
2265 753 2451 806 mortis
2475 771 2489 805 :
2516 763 2568 807 et
2594 755 2638 808 si
2667 770 2791 809 oves
2810 756 3006 811 Christi
3035 773 3127 810 au-

3027 303 3128 356 ara
3240 287 3250 298 '

261 843 315 893 ὦν
336 843 495 906 δολίων,
520 845 1092 915 μετασχηματιζομένων
1137 848 1213 907 εἰς
1261 845 1515 912 ἀγγέλους

261 929 401 1001 σύνης,
433 931 663 1001 ψηλαφῶσι
702 936 825 1004 περ)⁸
850 934 940 986 τοῦ
968 934 1121 1001 λόγου
1148 933 1238 985 τοῦ
1270 934 1509 985 θανάτου·

261 1018 315 1069 τὰ
337 1019 527 1088 πρόϐατα
550 1022 759 1090 Χριστοῦ
788 1021 970 1073 ἀκούει
999 1022 1096 1090 τῆς
1123 1022 1300 1089 φωνῆς
1332 1022 1512 1087 αὐτοῦ,

261 1124 275 1159 ε
317 1109 372 1160 τὰ
399 1107 459 1178 μὴ
495 1108 625 1161 αὐτοῦ
657 1109 895 1177 πρόϐατα
946 1110 1077 1179 πρὸς
1122 1108 1212 1170 οὓς
1256 1108 1397 1176 λέγοι
1428 1108 1510 1160 ἄν·

275 1192 365 1247 οὐκ
377 1196 491 1248 ἐστε
504 1196 558 1249 ἐκ
575 1197 679 1249 τῶν
695 1197 993 1263 προϐάτων
1008 1196 1122 1249 τῶν
1143 1196 1314 1265 ἐμῶν,
1332 1196 1512 1249 ἀκούει

261 1282 362 1350 υνῆς
394 1282 469 1334 τοῦ
506 1282 722 1336 θανάτου.
760 1284 896 1351 Ὅρα
931 1285 978 1334 εἰ
1009 1284 1080 1353 μὴ
1120 1282 1258 1352 ὀσμὴ
1290 1282 1512 1334 Θανάτου

261 1373 298 1421 ἓν
326 1373 418 1432 τοῖς
456 1371 543 1423 ἀπὺ
578 1372 664 1441 τῆς
696 1371 962 1441 ἁμαρτιας
1006 1371 1242 1440 adﬂuxit,
1288 1374 1413 1443 περὶ
1440 1364 1511 1425 ὧν

267 1471 277 1482 ·
318 1455 663 1521 Προσώζεσαν,
686 1456 779 1507 καὶ
812 1455 1125 1522 ἐσάπησαν
1152 1459 1204 1509 οι
1232 1455 1511 1523 μώλωπές

261 1544 293 1593 ιὶ
318 1544 438 1613 ὀσμὴ
462 1543 658 1596 θανάτου
677 1545 733 1595 ὲν
762 1542 837 1612 τῷ
862 1544 1106 1614 Λαζάρῳ,
1132 1545 1257 1614 πρὶν
1277 1543 1508 1612 ἀναστῆ-

262 1633 456 1704 νεκρῶν·
491 1629 549 1702 ἧς
592 1632 661 1701 μὴ
706 1631 1003 1701 βουλόμενοι
1045 1631 1421 1701 ὀσφραίνεσθαι
1458 1631 1508 1683 οἱ

1611 838 1760 891 diuut
1791 852 1971 892 vocem
2015 838 2127 905 ejus
2152 839 2218 903 ",
2245 840 2480 908 nunquid
2525 843 2684 895 etiam
2720 858 2837 911 qua:
2874 859 2978 898 non
3008 855 3129 899 sunt

1610 924 1724 993 ejus
1744 938 1889 988 oves,
1923 926 1988 979 ad
2016 940 2150 993 quos
2178 925 2374 980 dicitur
2398 944 2413 979 :
2452 925 2549 980 Vos
2577 944 2680 982 non
2704 932 2824 983 estis
2862 947 2925 984 ea:
2952 935 3129 987 ovibus

1610 1013 1734 1065 meis
1754 1013 1818 1074 ⁸³,
1838 1012 2056 1066 audiant
2075 1028 2255 1067 vocem
2281 1015 2485 1068 mortis.
2507 1014 2734 1071 Proinde
2755 1018 2873 1072 vide
2897 1034 2962 1074 ne
2987 1019 3127 1075 forte

1608 1102 1766 1155 etiam
1781 1102 1851 1154 sit
1868 1103 1998 1155 odor
2014 1103 2197 1155 mortis
2219 1104 2270 1156 in
2294 1104 2377 1157 bis
2401 1104 2803 1173 vibicibus,un
2825 1123 2888 1161 ex
2912 1120 3130 1177 peccato

1609 1191 1941 1256 proveniunt,
1965 1190 2028 1243 de
2046 1190 2235 1257 quibus
2259 1192 2459 1245 dictum
2486 1202 2568 1246 est
2597 1208 2610 1245 :
2644 1192 2926 1247 Fetueruut
2947 1206 2994 1249 et
3016 1211 3128 1249 cor-

1606 1278 1769 1342 rupta:
1792 1286 1908 1329 sunt
1936 1277 2117 1330 vibices
2140 1293 2263 1331 mm
2282 1278 2326 1311 “
2351 1294 2368 1344 ;
2393 1286 2444 1334 et
2467 1281 2597 1335 odor
2620 1284 2803 1334 mortis
2826 1283 2875 1335 in
2899 1282 3125 1343 Lazaro.

1607 1372 1891 1431 antequam
1947 1378 1979 1418 a
2032 1366 2251 1420 mortuis
2297 1378 2632 1435 resurgeret;
2686 1384 2839 1436 qucm
2892 1371 3128 1425 nolentes

1607 1450 1833 1504 odorare
1857 1450 2081 1517 apostoli
2115 1451 2364 1506 dicebant
2395 1452 2665 1509 Servatori
2693 1472 2708 1509 :
2748 1455 2988 1520 Domine,
3012 1457 3127 1525 jam

1604 1536 1750 1603 fetet;
1766 1538 2138 1604 quatriduanus
2163 1541 2297 1593 enim
2319 1550 2392 1595 est
2414 1543 2477 1596 ⁸⁸.
2494 1543 2562 1596 At
2588 1559 2714 1599 vero
2731 1545 2871 1614 quod
2894 1546 2958 1599 ad
2980 1562 3127 1603 mor-

1607 1624 1672 1678 tis
1698 1625 1909 1678 odorem
1950 1626 2158 1690 attinet,
2189 1627 2278 1695 qui
2318 1638 2495 1683 mente
2534 1632 2790 1695 cernitur,
2824 1641 2881 1685 et
2906 1632 2973 1686 ad
3000 1634 3130 1689 odo-

262 1738 307 1770 et
337 1720 494 1786 ἔλεγον
534 1718 632 1789 (52)
673 1716 750 1786 τῷ
796 1717 1001 1787 Σωτῆρι
1041 1717 1120 1769 τό·
1164 1719 1354 1784 Κύριε,
1395 1716 1507 1784 ἤδη
1542 1706 1582 1760 Β
1610 1726 1720 1763 rem
1744 1727 1768 1761 ν

1614 1726 1720 1763 rem
1744 1711 1881 1774 vitae,
1896 1712 2239 1780 apostolicum
2264 1714 2390 1767 illud
2411 1715 2749 1771 observemus
2768 1732 2984 1773 necesse
2999 1729 3081 1774 est
3105 1736 3122 1775 :

261 1805 512 1872 :tapraioc
552 1804 649 1871 γάρ
698 1803 880 1855 ἐστιν.
928 1805 1019 1865 Εἰς
1056 1804 1111 1857 δὲ
1152 1805 1210 1856 τὸ
1258 1804 1382 1874 περὶ
1417 1803 1512 1873 τῆς

262 1894 420 1963 ὀσμῆς
457 1894 745 1965 θανάτου,ἢ
790 1895 958 1963 ὀσμῆς
1004 1891 1144 1961 ζωῆς
1188 1895 1513 1962 παρατηρεῖν

262 1982 287 2033 ὸ
306 1981 618 2033 ἀποστολικδν
650 1982 815 2044 οὕτως
853 1981 991 2050 ἔχον⁸
1027 1980 1277 2048 Χριστοῦ
1302 1980 1514 2035 εὐωδία

261 2068 295 2132 ᾧ
323 2067 431 2132 Θεῷ
461 2069 522 2120 ἐν
538 2068 701 2121 παντὶ
719 2071 891 2133 τόπῳ,
928 2068 997 2120 ἐν
1012 2067 1130 2131 τοῖς
1144 2065 1509 2134 σωζομένοις,

261 2157 337 2222 οἷς
349 2156 774 2225 ἀπολλυμένοις,
790 2152 878 2222 οἷς
885 2156 999 2224 μὲν
1009 2156 1165 2223 ὀσμὴ
1180 2156 1247 2208 ἐκ
1259 2155 1511 2208 θανάτου

261 2263 370 2309 τον,
399 2240 481 2309 οἷς
505 2244 565 2297 δὲ
588 2244 738 2312 ὀσμὴ
762 2245 829 2296 ἐκ
855 2243 998 2309 ζωῆς
1025 2246 1110 2307 εὶς
1136 2242 1300 2307 ζωήν·
1322 2243 1513 2296 εὐωδία

261 2330 478 2399 Χριστοῦ
501 2331 615 2393 εισι,
646 2330 736 2381 καὶ
763 2328 1005 2397 οὐδαμῶς
1028 2327 1269 2392 δυσωδία,
1303 2330 1359 2381 ὲν
1384 2346 1514 2382 παν-

261 2420 296 2471 zi
324 2420 380 2470 ἐν
405 2416 607 2489 Χριστῷ
635 2416 920 2486 ἄνθρωποι.
962 2416 1095 2467 Ἀλλ’
1125 2417 1243 2468 ἐπεὶ
1272 2415 1454 2486 ὥσπερ
1475 2419 1508 2486 ἡ

261 2525 275 2577 γ
318 2506 502 2558 εὐωδία
534 2503 648 2557 τινά
688 2504 794 2557 τῶν
822 2501 970 2567 ζώων
1001 2502 1210 2570 λέγεται
1253 2503 1509 2572 ἀναιρεῖν,

261 2613 273 2647 ι
308 2594 402 2665 τὴν
435 2591 817 2664 προγενομένην
864 2591 1057 2645 κακίαν
1090 2593 1182 2644 καὶ
1208 2593 1241 2660 ἡ
1276 2590 1509 2661 Χριστοῦ

261 2683 424 2734 ένοιτο
467 2679 529 2733 ἄν
555 2696 659 2731 τισι
690 2681 799 2740 τοῖς
833 2678 896 2729 ὲκ
922 2676 1143 2730 Θανάτου
1180 2680 1257 2739 εἰς
1289 2676 1509 2731 θάνατον

265 2773 315 2831 ῖς
343 2769 400 2822 δὲ
428 2768 490 2819 ἐκ
519 2765 658 2834 ζωῆς
671 2765 943 2819 ἀποϐαίνει
968 2766 1044 2825 εἰς
1071 2762 1212 2835 ζωήν
1228 2764 1355 2833 (55).
1372 2764 1511 2817 Ταῦε

261 2859 444 2926 εἰμενα
484 2857 612 2926 ἡμῖν
653 2854 824 2917 ἔδοξεν
855 2848 991 2905 εἶναι
1035 2854 1099 2921 τῇ
1150 2852 1383 2915 ἐξετάσει
1414 2851 1506 2906 τοῦ

264 2941 515 3003 Θανάτου,
562 2941 654 2992 καὶ
694 2938 786 2992 τοῦ
819 2938 1058 3008 θεωρεῖν,
1101 2939 1133 3008 ἢ
1169 2939 1240 3009 μὴ
1290 2938 1508 3010 θεωρεῖν

262 3048 340 3083 ον.
380 3030 536 3082 Μετὰ
563 3028 731 3080 ταῦτα
768 3027 841 3097 μὴ
873 3003 1193 3097 θεωροῦντεξ
1211 3003 1316 3097 ῦσῳ
1344 3003 1509 3100 ὕστερ-
1535 3003 1577 3058 c

263 3119 350 3180 τὸς
401 3117 511 3170 τῶν
565 3114 907 3186 πατριαρχῶν
942 3116 1031 3167 καὶ
1060 3116 1164 3167 τῶν
1206 3117 1507 3186 προφητῶν,

306 3204 660 3265 πιστεύοντες
689 3204 914 3272 Χριστὸν
943 3200 1074 3256 εἶναι
1102 3205 1189 3255 τὸν
1220 3205 1510 3273 τηλικαῦτα

272 3336 286 3359 ,
338 3292 684 3364 ἐπαποροῦσι
742 3292 1004 3358 λέγοντες·
1051 3294 1144 3359 Μὴ
1195 3293 1273 3345 σὺ
1307 3293 1512 3361 μείζων

266 3384 413 3450 πρὸς
454 3382 629 3451 ἡμῶν
682 3383 941 3450 Ἄδραάμι
991 3383 1153 3447 ὅστίς
1188 3384 1476 3437 ἀπέθανεν
1490 3399 1511 3447 ;

275 3473 359 3536 δὲ,
385 3474 452 3524 οὐ
482 3471 648 3540 μόνον
682 3471 772 3524 τοῦ
803 3471 1065 3541 Ἀϐραὰμ,
1093 3471 1222 3523 ἀλλὰ
1254 3474 1345 3524 καὶ
1374 3490 1510 3526 πανη

265 3564 419 3631 ςτοῖς
460 3559 739 3627 γυναικῶν
769 3562 797 3613 ὁ
822 3561 884 3611 ὲκ
909 3561 1003 3629 τῆς
1030 3560 1296 3630 Παρθένου
1325 3578 1509 3627 γεγεν-

265 3651 304 3702 tl.
334 3649 454 3701 τῶν
481 3647 779 3719 προφητῶν
810 3647 1021 3699 πάντων
1051 3648 1079 3699 ὁ
1110 3647 1510 3717 προφητευόμε-

265 3738 406 3804 τῶν,
441 3738 544 3790 καὶ
579 3736 691 3788 τῶν
728 3735 1093 3787 ἀποθανόντων
1123 3735 1151 3785 ὁ
1177 3735 1505 3806 ζωοποιήσας

267 3846 278 3896 ς
332 3826 549 3878 ἑαυτὸν
589 3825 817 3892 ποιήσας
849 3820 1096 3884 τοιοῦτον,
1137 3820 1246 3873 ἀλλ’
1279 3821 1383 3873 ἀπὸ
1413 3820 1503 3874 τοῦ

270 3914 362 3969 ὗν.
406 3915 658 3978 Ὥσπερ
685 3911 788 3979 γὰρ
814 3914 845 3963 ό
882 3910 1080 3977 Πατὴρ
1112 3911 1231 3977 ἔχει
1270 3909 1417 3977 ζωὴν
1440 3912 1509 3964 ἐν

268 4023 302 4057 ι.)
348 4002 465 4055 καὶ
515 4000 607 4065 τῷ
663 3999 770 4064 Υἱῷ
812 3999 960 4065 ζωὴν
1002 3998 1222 4051 ἔδωκεν
1255 3999 1414 4066 ἔχειν
1440 4000 1508 4052 ἐν

267 4091 569 4162 ῖυναμένῳ
617 4090 790 4141 ποιεῖν
821 4087 909 4155 ἀφ’
938 4084 1123 4140 ἑαυτοῦ
1165 4088 1280 4140 οὐδὲ
1310 4087 1385 4150 ἓν,
1416 4089 1506 4141 καὶ

300 4179 552 4248 θέλημα
589 4179 652 4230 οὐ
682 4177 742 4229 τὸ
787 4175 995 4237 ἑαυτοῦ,
1042 4176 1174 4229 ἀλλά
1204 4178 1263 4229 τὺ
1298 4177 1503 4246 θέλημα

1610 1796 1804 1851 Christi
1832 1799 1993 1853 bonus
2021 1800 2148 1853 odor
2171 1817 2347 1855 sumus
2377 1801 2483 1856 Deo
2510 1804 2564 1856 in
2601 1807 2736 1858 omni
2774 1805 2884 1859 loco
2905 1821 2924 1859 :
2946 1808 3000 1862 in
3040 1809 3123 1863 Itis

1606 1888 1694 1954 qui
1721 1899 2009 1952 servantur,
2026 1898 2071 1941 et
2094 1890 2149 1942 in
2168 1891 2247 1943 his
2268 1892 2359 1960 qui
2376 1903 2584 1961 pereunt
2607 1908 2627 1945 :
2648 1894 2762 1947 istis
2776 1897 2977 1962 quidem
2999 1900 3129 1950 odor

1606 1977 1783 2029 mortis
1822 1978 1878 2029 in
1922 1988 2152 2042 mortem,
2195 1979 2300 2032 illis
2332 1996 2447 2034 vero
2481 1981 2609 2034 odor
2629 1984 2742 2035 vitae
2767 1984 2819 2036 in
2857 1986 3012 2037 vitam
3032 1986 3077 2018 ³⁸
3109 2001 3125 2041 :

1608 2062 1775 2115 bonus
1801 2064 1940 2116 enim
1966 2064 2096 2117 odor
2110 2065 2303 2119 Christi
2330 2075 2453 2120 sunt
2480 2067 2531 2120 iu
2561 2069 2704 2121 omni
2737 2068 2930 2131 loco,et
2961 2071 3126 2124 haud.

1606 2163 1873 2217 quaquam
1924 2151 2094 2204 malus
2138 2153 2289 2218 odor,
2323 2154 2564 2207 homines
2594 2156 2645 2208 in
2674 2156 2905 2210 Christo.
2930 2157 3123 2213 Verum

1606 2236 1872 2290 enimvero
1894 2238 2140 2305 quoniam
2162 2249 2217 2291 ut
2233 2240 2528 2308 corporalis
2552 2242 2720 2296 bonus
2734 2245 3070 2298 odor-animal
3093 2258 3126 2299 ι

1608 2323 1867 2392 quaedam;
1897 2326 2156 2394 perimere
2170 2327 2380 2390 dicitur,
2408 2327 2482 2381 sic
2499 2330 2904 2400 etiam,pr0pter
2931 2347 3128 2399 praece-

1607 2419 1734 2474 dens
1750 2420 1955 2483 vitium,
1981 2420 2147 2475 bonus
2165 2420 2497 2475 Cbristiodor
2511 2420 2590 2474 his
2604 2423 2689 2490 qui
2708 2432 2831 2476 sunt
2850 2437 2912 2475 ex
2934 2438 3036 2479 mox
3051 2432 3127 2492 te,

1608 2507 1666 2561 lit
1687 2507 1751 2567 in,
1773 2517 1994 2563 mortem
2024 2510 2276 2578 ipsorum,
2306 2524 2423 2562 cum
2458 2510 2669 2563 interim
2697 2510 2780 2564 his
2799 2512 2884 2579 qui
2909 2519 3034 2567 sunt
3050 2530 3119 2567 ex

1605 2593 1734 2659 vita,
1755 2592 1847 2647 ﬁat
1863 2594 1914 2646 in
1932 2595 2113 2647 vitam.
2135 2594 2255 2648 Haec
2268 2595 2416 2649 nobis
2429 2593 2538 2648 visa
2550 2604 2670 2649 sunt
2686 2607 2804 2648 esse
2818 2595 3118 2665 adiacentia

1606 2681 1948 2749 disputationi
1990 2682 2055 2737 de
2099 2683 2359 2750 gustando
2400 2691 2650 2747 mortem,
2680 2681 2763 2735 vel
2803 2683 2868 2736 de
2895 2683 3121 2738 videndo

1606 2780 1696 2824 aut
1719 2785 1820 2824 non
1866 2770 2088 2825 videndo
2116 2778 2358 2824 mortem.
2389 2768 2513 2823 Post
2536 2769 2649 2823 hac
2672 2767 2882 2839 [Judaei]
2916 2784 3021 2823 non
3043 2771 3126 2824 vi-

1607 2861 1797 2915 dentes
1832 2869 2086 2928 quautum
2136 2868 2411 2928 praestaret
2440 2859 2686 2912 Christus
2726 2859 3043 2926 patriarchis
3067 2867 3126 2912 et

1608 2950 1904 3018 prophetis,
1935 2964 1999 3003 ac
2042 2963 2109 3002 ne
2157 2947 2397 3001 Messiam
2429 2947 2640 3015 quidem
2685 2960 2804 3001 esse
2843 2948 3123 3002 credentes

1612 3039 1734 3092 talia
1757 3047 2007 3106 tantaque
2023 3040 2314 3100 docentem,
2339 3038 2643 3092 addubitant
2667 3038 2901 3090 dicentes
2931 3050 2948 3089 :
2974 3035 3117 3090 Nunt

1606 3136 1663 3178 tu
1683 3128 1852 3195 major
1872 3143 1922 3180 es
1940 3137 2086 3195 patre
2109 3136 2280 3179 nostro
2308 3125 2586 3186 Abraham,
2601 3126 2689 3193 qui
2708 3135 2940 3179 mortuus
2957 3136 3030 3179 est
3046 3126 3123 3179 "l

1608 3211 1723 3265 Non
1740 3212 1922 3265 vident
1952 3220 2153 3274 autem,
2179 3212 2317 3277 quod
2341 3211 2430 3278 qui
2453 3209 2661 3277 genitus
2688 3219 2769 3263 est
2797 3222 2860 3261 ex
2882 3208 3127 3277 Virgine,

1608 3313 1712 3352 non
1743 3298 1911 3351 solum
1940 3297 2238 3350 Abrahamo
2266 3297 2400 3362 ipso,
2425 3311 2606 3350 verum
2629 3296 2787 3351 etiam
2811 3311 3126 3364 quocunque

1606 3402 1671 3441 ex
1722 3387 2033 3442 mulieribus
2086 3386 2263 3456 genito
2308 3387 2376 3439 sit
2429 3386 2627 3452 major;
2678 3386 2840 3456 368
2894 3387 3126 3454 itemque

1605 3473 1851 3527 omnibus
1902 3474 2197 3542 prophetis,
2251 3475 2594 3543 pr0phetatus
2641 3475 2708 3527 ab
2755 3474 2919 3542 ipsis;
2966 3483 3127 3541 atque

1605 3562 1853 3614 omnibus
1879 3563 1969 3628 qui
2014 3563 2204 3616 mortui
2240 3562 2466 3624 fuerint,
2494 3563 2616 3627 quia
2646 3562 2786 3629 ipsos
2821 3560 3125 3615 viviﬁcave—

1608 3649 1677 3701 rit
1703 3665 1718 3702 :
1754 3663 1851 3703 nec
1877 3652 1998 3715 hoc,
2025 3651 2149 3718 quia
2177 3650 2410 3717 seipsum
2440 3649 2594 3702 talem
2637 3648 2842 3711 fecerit,
2883 3648 2976 3702 sed
3001 3648 3121 3715 quia

1609 3736 1782 3790 isthuc
1807 3753 1835 3790 a
1878 3737 2033 3790 Patre
2064 3737 2346 3804 acceperit.
2373 3734 2439 3788 Ut
2459 3736 2592 3789 enim
2616 3733 2777 3787 Pater
2803 3735 2954 3787 vitam
2972 3734 3123 3787 habet

1608 3823 1662 3875 in
1682 3824 1974 3889 sentetipso,
2004 3824 2078 3875 sic
2108 3824 2246 3874 dedit
2288 3824 2445 3875 etiam
2474 3820 2636 3886 Filio,
2661 3831 2713 3872 ut
2758 3823 2912 3874 vitam
2936 3821 3123 3874 habeat

1604 3912 1657 3963 in
1698 3912 1971 3979 semetipso
1992 3911 2060 3974 ⁸⁸,
2100 3910 2237 3965 Filio
2276 3925 2379 3962 non
2407 3908 2619 3963 valente
2664 3923 2694 3960 a
2741 3908 2915 3975 seipso
2940 3907 3123 3963 facere

1604 4000 1909 4067 quidquam,
1950 4014 2047 4052 nec
2094 4006 2359 4066 quaerente
2387 3996 2709 4050 voluntatem
2740 4010 2890 4048 suam
2922 3993 3118 4059 facere,

1603 4088 1694 4141 sed
1725 4089 1838 4151 ejus
1885 4086 1975 4154 qui
2024 4085 2169 4139 misit
2218 4083 2364 4137 illum
2388 4083 2455 4135 ”.
2497 4083 2684 4136 Dicunt
2728 4082 2924 4139 etiam:
2958 4079 3121 4145 Quem

1602 4177 1818 4240 teipsum
1909 4175 2039 4241 [acia
2100 4172 2210 4227 “1’
2278 4171 2471 4241 quippe
2530 4170 2618 4238 qui
2703 4184 2804 4223 non
2885 4168 3124 4223 viderant

269 4287 338 4330 ος
378 4266 596 4319 αὐτόν.
634 4265 747 4316 Καὶ
774 4264 850 4316 τό·
876 4264 1008 4317 Τίνα
1022 4264 1274 4317 σεαυτὸν
1290 4265 1502 4330 ποιεῖς-ς
1534 4284 1575 4337 D
1604 4276 1777 4344 φιοιιίε

1608 4276 1849 4344 quoniam
1901 4289 2003 4329 non
2054 4264 2283 4341 seipsum
2347 4270 2546 4324 fecerat
2583 4267 2735 4323 Jesus
2777 4267 2915 4336 quod
2962 4273 3047 4320 est
3100 4283 3116 4321 :

269 4356 437 4407 ότων
475 4349 555 4421 ἦν
588 4350 766 4420 φωνὴ,
799 4352 879 4404 ὅτι
910 4352 1004 4420 οὐχ
1038 4353 1218 4404 ἑαυτὸν
1238 4353 1265 4402 ὁ
1306 4352 1507 4420 Ἰησοῦς

269 4459 389 4511 περ
429 4441 631 4492 ἐστίν·
661 4440 844 4510 διόπερ
882 4440 974 4492 καὶ
1007 4439 1135 4509 πρὸς
1180 4439 1332 4492 τοῦτο
1367 4440 1511 4493 δοκεῖ

276 4530 459 4591 σθαι,
496 4528 784 4581 διδάσκων
814 4527 894 4589 τίς
914 4528 1069 4579 αὐτὸν
1102 4529 1347 4595 ἐποίησεν
1374 4529 1507 4599 ὅπερ

284 4617 434 4687 ἐγὼ
465 4617 737 4680 δοξάσω
766 4615 1035 4683 ἐμαυτὸν,
1054 4617 1090 4681 ἠ
1111 4615 1256 4678 δόξα
1271 4633 1386 4682 μου
1406 4618 1506 4669 οὐ-

271 4726 432 4761 γτιν
461 4709 504 4760 ὁ
529 4704 754 4771 Πατὴρ
784 4707 816 4757 ό
838 4703 1090 4779 δοξάζων
1112 4720 1205 4771 με.
1241 4704 1348 4756 Καὶ
1376 4703 1503 4756 ταῦ-

271 4815 346 4866 ιη
405 4796 798 4867 περιγραφὴν
840 4792 1113 4863 εἰληφότος
1141 4792 1231 4843 τοῦ
1265 4792 1503 4845 εἰκοστοῦ

273 4885 428 4938 εατὰ
487 4883 774 4952 Ἰωάννην
820 4880 1137 4948 Εὐαγγέλιον
1177 4879 1504 4948 ὲξηγητικῶν

274 4973 647 5045 ςριγραφὴν
679 4970 902 5023 ἐνταῦθα
927 4966 1206 5036 εἰληφέτω,
1237 4966 1342 5029 ἵνα,
1373 4967 1503 5023 Θεοῦ

273 5082 356 5127 ος
415 5064 594 5131 ἡμῖν
648 5059 722 5111 τά
762 5059 903 5128 ἑξῆς,
952 5056 1305 5126 θεωρήσωμεν
1341 5056 1398 5107 ἐν
1427 5057 1505 5126 τῷ

1606 4391 1763 4445 quam
1806 4375 1873 4429 ob
1910 4388 2122 4429 causam
2152 4372 2309 4426 etiam
2352 4370 2561 4423 videtur
2608 4367 2738 4419 mihi
2785 4366 2850 4419 ad
2905 4367 3006 4420 hoc
3040 4376 3124 4419 re-

1604 4471 1887 4538 spondere,
1916 4468 2111 4522 docens
2138 4467 2256 4534 quis
2285 4467 2454 4535 ipsum
2478 4466 2693 4518 lecisset
2728 4462 2779 4515 id
2804 4461 2943 4529 quod
2971 4469 3122 4515 erat:

1606 4567 1662 4623 Si
1686 4583 1776 4636 ego
1815 4566 2047 4635 glori/Sco
2079 4565 2348 4631 meipsum,
2370 4564 2535 4631 gloria
2580 4577 2693 4614 mea
2735 4559 2880 4612 nulla
2916 4569 2986 4613 est
3006 4574 3025 4622 ;
3047 4564 3125 4611 cst

1606 4665 1788 4728 Pater,
1814 4668 1903 4733 qut
1926 4680 2003 4717 me
2020 4662 2356 4733 glori/icui".
2387 4660 2489 4714 Sed
2531 4661 2644 4714 hac
2682 4658 2863 4714 hocin
2901 4658 3016 4712 loco
3057 4658 3123 4711 tl-

1605 4779 1724 4820 nem
1758 4771 1988 4826 sumant,
2013 4776 2133 4816 eum
2162 4770 2335 4816 tomus
2366 4758 2653 4814 vicesimus
2688 4756 3120 4823 explnuatiouum

1605 4867 1657 4917 in
1686 4862 2019 4930 Evangelium
2044 4876 2072 4915 a
2087 4858 2289 4914 Joanne
2314 4858 2564 4912 traditum
2580 4850 3122 4917 circumscriptionem

1603 4964 1945 5020 sullicientem
1976 4959 2261 5028 acceperit,
2285 4966 2361 5017 ut,
2388 4958 2493 5011 Deo
2526 4952 2681 5008 nobis
2699 4950 2986 5015 revelante,
3008 4964 3126 5019 quae

1604 5066 1830 5121 restant,
1854 5055 2254 5111 consideremus
2278 5050 2331 5103 in
2355 5048 2596 5117 sequenti
2618 5055 2782 5110 tomo,
2806 5058 3126 5113 prosequen-

339 5243 410 5294 Ι.
520 5239 581 5270 ³⁸
609 5236 655 5288 ll
691 5236 812 5290 Cor.
838 5252 912 5299 xl,
938 5233 1021 5291 l5.
1048 5230 1132 5284 l5.
1192 5227 1425 5299 _f’_Joan.
1460 5245 1514 5295 κ,
1541 5233 1630 5285 27.
1705 5227 1847 5299 “Mihi

1615 5270 1630 5283 .
1705 5222 2142 5299 "A_ibiil._g6.__“
2173 5221 2310 5299 Psa].
2341 5216 2645 5299 XXX\'II,6_:-
2689 5213 3123 5299 "3991:1339.

275 5286 346 5375 ὲ,
389 5307 517 5363 16.

275 5448 561 5503 πολοι
598 5441 839 5506 ἔλεγον,
868 5445 969 5492 etc.
1022 5430 1285 5503 Apostolis
1325 5429 1508 5485 tribuit

284 5536 303 5571 ι
356 5515 587 5570 Joan.
626 5505 825 5573 x559.

616 5283 670 5336 ὖ
689 5283 1111 5366 Ῐᾶεἰιὶζῖιῐιζεε.
1186 5294 1402 5349 ⁸⁸ιοεη.
1432 5283 1601 5361 me;
1675 5299 1717 5329 ιν
1746 5296 1871 5349 ibid.
1907 5291 1995 5356 19,
2026 5289 2115 5344 so.

1546 5283 1601 5352 li.
1675 5299 1717 5329 ³⁹
1746 5296 1871 5349 ibid.
1907 5291 1995 5356 i9,
2026 5289 2115 5344 30.
2188 5289 2233 5320 ⁸⁸
2260 5288 2412 5342 Joau.
2448 5302 2557 5349 vui,
2580 5284 2667 5338 53.
2740 5284 2781 5314 “
2813 5284 2941 5336 ibid.
2966 5283 3054 5336 54.

1686 5426 1987 5565 (ξιόὲὲράοι
2028 5422 2243 5494 Regius,
2278 5420 2432 5487 male,
2466 5421 2573 5481 τοῖς
2618 5418 2695 5479 εἰς
2738 5414 2880 5485 ζωῆς
2911 5412 3123 5466 ἀποϐαι-

1870 5531 1905 5564 ν

1608 5516 1686 5551 νει
1719 5516 1752 5564 η
1776 5516 1905 5564 ςωη.
