3820 6206
267 291 274 341 ι
1011 297 1349 354 COMMENT.
1390 297 1454 350 IN
1483 295 1672 353 νοω.
1713 296 1941 350 TOMUS
1979 295 2211 350 XXVIII.

3102 293 3208 349 683

267 401 397 465 ιόσέως
427 403 483 465 εἰς
503 403 576 474 τὴν
600 408 698 476 τῆς
747 408 942 480 σκηνῆς
968 411 1057 463 τοῦ
1105 411 1391 480 μαρτυρίου
1423 426 1584 461 κατα-
1611 418 1653 471 Α
1684 407 1775 461 scit

1697 407 1903 461 scientia
1968 417 2022 461 et
2080 408 2352 474 disciplina
2414 408 2778 478 Egyptiorum
2837 409 3102 464 eruditum
3141 409 3205 476 “,

267 493 356 562 υήν*
385 493 426 544 ai
457 492 536 562 γὰρ
554 495 702 550 αὐλαὶ
726 500 782 550 αἱ
817 501 980 551 εἴκοσι
1017 500 1107 550 καὶ
1136 497 1275 550 ὀκτὼ
1301 498 1484 566 πηχῶν
1529 498 1586 549 τὸ

267 581 321 644 τός
348 584 439 634 sior
460 584 530 634 καὶ
567 586 725 655 ἐχρῆν
759 604 820 654 γε
845 587 938 657 τὴν
987 589 1062 650 είς
1087 587 1238 652 δόξαν
1265 587 1394 638 Θεοῦ
1421 602 1584 638 κατα-

267 670 487 742 λαζομένην
517 676 694 744 σκηνὴν
725 676 816 728 τοῦ
846 678 1130 746 μαρτυρίου
1159 677 1292 744 μετὰ
1322 675 1425 727 τῶν
1448 675 1586 738 ἐξαι-

267 781 308 814 ιν
327 763 512 832 ἀριθμῶν
533 764 653 833 ἔχειν
683 767 775 818 καὶ
798 767 885 818 τὸν
918 766 1082 819 είκοσι
1114 768 1203 818 καὶ
1225 765 1380 818 ὀκτώ·
1405 767 1487 832 ἐφ’
1505 766 1582 826 ὃν,

282 852 435 920 ἀδελφὲ
481 854 748 923 Ἀμϐρόσιε,
783 855 1077 921 φθάσαντες
1100 855 1204 906 τῶν
1243 856 1320 915 είς
1357 853 1416 904 τὸ
1449 853 1583 906 κατὰ

271 958 373 1011 ννην
395 942 668 1012 ἑξηγητικῶν
732 940 898 1013 (οὗτος
940 943 1046 1014 γὰρ
1069 943 1234 1003 ἔσται,
1266 941 1396 993 Θεοῦ
1428 959 1576 1011 χαρι-

271 1047 362 1091 νου,
393 1033 580 1094 εἰκοστὸς
613 1033 790 1099 ὄγδοος
821 1035 899 1094 είς
932 1033 990 1084 τὺ
1029 1030 1348 1097 Εὑαγγέλιον
1376 1031 1580 1101 τόμος),

267 1119 517 1188 ιλεσὰμενοι
549 1120 626 1172 τὸν
655 1119 850 1172 τέλειον
881 1120 974 1172 καὶ
1009 1118 1332 1186 τελειότητος
1357 1119 1581 1188 χορηγὸν

277 1209 351 1259 διὰ
373 1209 447 1260 τοῦ
459 1209 626 1260 τελείου
641 1209 928 1277 ἀρχιερέως
955 1205 1106 1274 ἡμῶν
1141 1206 1309 1274 Ἰησοῦ
1330 1208 1577 1276 Χριστοῦ·

267 1297 348 1349 ιῶν
369 1297 442 1350 τὸν
470 1298 566 1350 νοῦν
587 1298 657 1363 δῷ
686 1296 861 1363 εὑρεῖν
895 1295 990 1363 τὴν
1015 1297 1142 1364 περὶ
1173 1296 1277 1348 τῶν
1300 1297 1580 1368 ἐξετασθη-

267 1404 344 1438 ιων
366 1386 585 1455 ἀλήθειαν,
613 1385 702 1435 καὶ
728 1383 1061 1453 κατασκευὴν
1079 1383 1272 1449 αὐτῶν,
1306 1386 1398 1439 καὶ
1413 1385 1579 1448 οὕτως

267 1494 391 1545 ωμεν
419 1475 492 1526 καὶ
512 1475 586 1524 ἐπὶ
608 1473 672 1524 τὰ
693 1473 836 1542 ἑξῆς.

1683 496 1962 560 disponere
1997 494 2204 546 facilius
2233 497 2644 548 exstructionem
2700 499 3020 552 tabernaculi
3053 499 3208 553 testi-

1683 581 1890 634 monii:
1933 583 2226 636 cubitorum
2265 584 2409 636 enim
2463 594 2606 649 octo,
2657 597 2711 637 et
2756 587 2935 653 viginti
2975 589 3202 658 longitu-

1683 671 1804 725 dine
1835 679 1955 724 sunt
1986 671 2120 724 aulai
2139 671 2186 702 “
2215 686 2230 723 :
2261 676 2644 741 Oportebatque
2689 689 2837 737 sane,
2871 687 2926 729 ut
2959 680 3204 732 taberna-

1682 754 1852 807 culum
1893 756 2200 819 testimonii,
2229 758 2368 824 quod
2405 758 2456 810 in
2487 759 2576 810 Dei
2604 760 2828 828 gloriam
2861 767 3203 820 construeba-

1682 850 1786 907 tur,
1817 857 1936 896 cum
1972 844 2255 913 pracipuis
2298 847 2532 900 numeris
2577 847 2795 903 haberet
2822 853 2980 904 etiam
3017 854 3206 907 vicesi-

1682 948 1822 986 mum
1875 943 2137 988 octavum.
2171 937 2249 990 Ad
2299 953 2477 1006 quem,
2529 955 2677 992 sacer
2721 942 2887 997 frater
2937 945 3201 1007 AmbrOsi,

1679 1023 1801 1090 quia
1835 1025 2172 1090 pervenimus
2213 1025 2338 1096 (erit
2361 1029 2502 1082 enim
2552 1029 2636 1083 hic
2678 1037 2850 1085 tomus
2883 1032 3205 1100 explanatio-

1679 1127 1801 1164 num
1850 1114 1901 1165 in
1944 1111 2286 1183 Evangelium
2329 1128 2360 1169 ι
2402 1114 2604 1170 Joanne
2643 1120 2915 1186 traditum,
2962 1124 3069 1175 Deo
3099 1124 3205 1177 lar-

1677 1200 1873 1268 gieute,
1909 1203 2192 1258 vicesimus
2224 1205 2484 1275 octavus),
2529 1207 2690 1261 Deum
2742 1210 2792 1262 in
2825 1212 3010 1278 primis
3058 1213 3205 1267 invo-

1677 1299 1858 1345 cantes
1893 1291 2207 1361 perfectum,
2237 1310 2299 1349 ac
2330 1296 2707 1364 perfectionem
2750 1303 3205 1369 suppeditantem,

1676 1390 1893 1433 auctore
1915 1396 2122 1436 summo
2163 1387 2438 1438 sacerdote
2471 1397 2648 1440 nostro
2691 1387 2816 1442 Jesu
2862 1391 3099 1456 Christo,
3147 1405 3205 1450 ut

1674 1467 1834 1536 370
1861 1470 2010 1523 nobis
2047 1471 2133 1524 det
2172 1471 2568 1541 intelligentiam
2598 1475 2896 1532 inveniendi
2929 1483 3204 1537 veritatem

1677 1573 1852 1610 rerum
1901 1561 2380 1627 exquirendarum,
2442 1563 2947 1637 dispositionentque
2992 1587 3198 1636 earum,

1674 1647 1750 1700 sic
1775 1661 2050 1715 pergemus
2081 1651 2144 1702 ad
2170 1665 2231 1702 ea
2260 1665 2376 1717 qua:
2407 1663 2725 1719 sequuntur.—

296 1743 482 1808 Λέγειὸ
512 1741 716 1810 Ἰησοῦς·
744 1743 937 1812 ’Ἄρατε
971 1742 1056 1796 τὸν
1071 1743 1228 1796 λίθον.
1257 1763 1275 1795 ι
1323 1746 1574 1816 Ἐπείπερ
1605 1725 1645 1777 Β
1743 1733 1794 1786 9-

1743 1733 1794 1786 2.
1830 1754 1848 1786 r
1879 1735 2018 1790 Dicit
2062 1736 2253 1791 Jesus:
2288 1739 2478 1793 Tollite
2527 1741 2752 1808 lapidem
2777 1745 2842 1799 “.
2880 1764 2898 1796 ι
2941 1748 3198 1813 Quoniam

299 1830 385 1898 μὲν
410 1831 484 1882 τὸν
525 1830 847 1899 ἐπικείμενον
885 1831 960 1900 τῷ
1011 1833 1250 1902 σπηλαίῳ
1281 1833 1443 1895 λίθον,
1477 1837 1571 1887 οὐκ

271 1922 298 1970 ὁ
335 1918 510 1987 Ἰησοῦς
535 1922 685 1988 αίρεῖ,
721 1919 854 1972 ἀλλὰ
879 1921 1041 1987 λέγει’
1082 1941 1099 1971 ι
1147 1924 1342 1993 ’Ἄρατε
1374 1925 1462 1976 τὸν
1493 1925 1570 1976 λί-

275 2009 328 2059 ἐν
348 2007 395 2059 δὲ
427 2011 482 2078 τῇ
520 2009 740 2071 Γενέσει,
770 2009 928 2078 ἡνίκα
951 2010 1092 2073 λίθος
1115 2009 1180 2081 ἦν
1209 2013 1376 2081 μέγας
1391 2016 1480 2066 ὲπὶ
1500 2015 1573 2084 τῷ

267 2115 297 2149 τι
331 2096 411 2148 τοῦ
431 2097 652 2166 φρέατος,
693 2099 784 2151 καὶ
829 2100 1112 2168 συνήγοντο
1145 2102 1256 2152 ἐκεῖ
1288 2102 1458 2153 πάντα
1506 2103 1570 2154 τὰ

267 2203 314 2247 1,
342 2187 423 2237 καὶ
457 2185 726 2238 ἀπεκύλιον
764 2186 904 2240 λίθον
934 2189 1038 2240 ἀπὸ
1076 2189 1165 2240 τοῦ
1197 2191 1453 2259 στόματος
1480 2190 1570 2242 τοῦ

271 2291 314 2336 ς,
348 2273 432 2325 καὶ
475 2274 769 2341 συνήγοντο,
805 2274 897 2326 καὶ
927 2275 1167 2337 ὲπότιζον
1203 2275 1270 2326 τὰ
1311 2277 1567 2345 πρόϐατα,

267 2362 633 2415 οκαθίστωντὸν
665 2361 808 2414 λίθον
833 2364 919 2414 ἐπὶ
944 2364 1002 2414 τὸ
1031 2364 1199 2433 στόμα
1227 2365 1318 2416 τοῦ
1348 2366 1571 2434 φρέατος

291 2452 441 2504 τόπον
464 2451 631 2503 αὑτοῦ·
658 2450 847 2520 καὶτῷ
875 2450 1090 2520 μηδέπω
1107 2453 1256 2504 τοῦτο
1277 2453 1566 2520 γεγονέναι,

267 2541 331 2610 μὴ
363 2539 604 2608 συνῆχθαι
624 2539 689 2590 τὰ
722 2541 910 2608 κτήνη,
942 2541 970 2590 ὁ
1007 2538 1195 2592 Ἰακὼϐ
1224 2541 1342 2592 ἰδὼν
1375 2541 1569 2610 Ῥαχὴλ

267 2629 434 2698 ἀτέρα
460 2629 631 2702 Λάϐαν
656 2627 747 2680 τοῦ
781 2627 1002 2696 ἀδελφοῦ
1033 2629 1130 2697 τῆς
1158 2630 1355 2699 μητρὸς
1386 2631 1564 2694 αὑτοῦ,

267 2719 479 2788 τρόϐατα
497 2717 674 2770 Λάϐαν
692 2717 784 2769 τοῦ
811 2717 1030 2784 ἀδελφοῦ
1055 2719 1149 2786 τῆς
1171 2718 1370 2787 μητρὸς
1386 2718 1563 2781 αὑτοῦ,

272 2811 345 2862 ὼν
374 2811 527 2871 αὐτὸς
553 2808 840 2860 ἀπεκύλισε
865 2809 954 2860 τὸν
968 2808 1108 2861 λίθον
1132 2811 1235 2862 ἀπὸ
1259 2811 1349 2863 τοῦ
1375 2813 1566 2879 στόμα-

267 2901 513 2971 φρέατος,
543 2899 634 2950 καὶ
656 2899 867 2951 ὲπότισε
900 2897 966 2950 τὰ
995 2899 1233 2969 πρόϐατα
1261 2900 1436 2953 Λάϐαν
1475 2899 1564 2952 τοῦ

311 2989 410 3057 τῆς
443 2988 643 3058 μητρὸς
689 2987 874 3039 αὐτοῦ’
918 2987 1207 3057 βουλόμεθα
1234 2991 1567 3061 ἀμφοτέρους

267 3094 347 3138 »υς
374 3075 621 3144 ἀλλήλοις
647 3075 1001 3140 συνεξετάσαι,
1035 3077 1118 3128 ἵνα
1137 3079 1198 3128 τὸ
1232 3078 1442 3145 εὔλογον
1471 3099 1566 3134 κα-

269 3185 367 3236 μεν
422 3167 515 3218 τοῦ
555 3167 739 3219 ἐνθάδε
788 3167 882 3237 μὲν
929 3167 1000 3237 μὴ
1039 3168 1195 3220 αὑτὸν
1235 3170 1323 3221 τὸν
1366 3172 1566 3240 Ἰησοῦν

282 3256 378 3308 τὸν
431 3255 580 3307 λίθον
618 3257 723 3308 ἀπὸ
772 3256 1052 3324 σπηλαίου,
1109 3256 1221 3309 ἁλλ’
1273 3260 1562 3327 εἰρηκέναι·

297 3344 394 3396 τὸν
419 3343 588 3396 λίθον’
624 3363 642 3394 ι
673 3345 728 3396 ὲν
749 3345 803 3397 δὲ
825 3348 888 3414 τῇ
927 3345 1132 3398 Γενέσει
1160 3347 1316 3399 αὐτὸν
1352 3349 1440 3400 τὸν
1466 3351 1565 3402 Ἰα-

269 3433 625 3486 κεκυλικέναι
659 3435 746 3486 τὸν
774 3433 911 3487 λίθον
936 3435 1041 3486 ἀπὸ
1063 3435 1153 3487 τοῦ
1177 3438 1432 3507 στόματος
1472 3441 1563 3492 τοῦ

271 3525 389 3576 Καὶ
421 3526 662 3594 πρόσχες
691 3525 1014 3596 είδυνάμεθα
1039 3527 1230 3594 λέγειν,
1263 3531 1339 3583 ὅτι
1363 3532 1451 3583 τοῦ
1472 3534 1564 3601 μὲν

269 3614 475 3684 ε-ηλαίῳ
511 3614 681 3677 λίθου,
709 3617 826 3667 ἐπεὶ
849 3617 906 3668 τὸ
931 3616 1185 3686 σπήλαιον
1208 3623 1460 3688 μνημεῖον
1477 3617 1559 3690 ἦν,

291 3707 470 3758 αὑτὸν
501 3706 744 3774 ἅψασθαι
763 3707 849 3759 τὸν
870 3707 1093 3776 Ἰησοῦν,
1113 3708 1243 3761 ἀλλὰ
1272 3710 1560 3779 προστάξαι

269 3813 273 3820 ’
307 3793 662 3861 ἐπιτηδείοις
695 3793 828 3863 πρὸς
859 3794 918 3845 τὸ
943 3793 1098 3864 ἔργον
1124 3791 1250 3863 ἆραι
1286 3796 1374 3848 τὸν
1399 3796 1558 3848 λίθον·

275 3881 562 3950 κειμένου
590 3880 668 3950 τῷ
703 3881 922 3950 στόματι
958 3881 1048 3932 τοῦ
1087 3882 1329 3951 φρέατος,
1358 3884 1447 3935 καὶ
1468 3886 1564 3953 ἐμ-

324 3970 416 4039 τῷ
472 3970 658 4021 πίνειν
697 3969 763 4020 τὰ
809 3969 1070 4039 πρόϐατα,
1115 3971 1206 4037 ἀφ’
1247 3964 1320 4022 ὧν
1349 3971 1562 4040 ἔμελλεν

288 4058 416 4128 (57)
448 4057 527 4110 τὰ
558 4059 828 4126 ἐπίσημα,
859 4060 947 4110 καὶ
978 4061 1009 4127 ή
1045 4059 1195 4128 μερὶς
1237 4059 1325 4111 τοῦ
1350 4059 1558 4122 Ἰακὼϐ,

273 4165 290 4198 ι
325 4149 567 4199 δίκαιον
603 4145 854 4198 λαϐέσθαι
881 4147 968 4198 τὸν
996 4147 1203 4210 Ἰακὼϐ,
1226 4148 1316 4199 καὶ
1342 4151 1563 4216 προσελ-

271 4237 402 4305 .ίοῳ
425 4236 772 4288 ἀποκυλῖσαι
794 4237 948 4287 αὐτὸν
969 4237 1071 4289 ἀπὸ
1090 4237 1180 4288 τοῦ
1204 4239 1458 4306 στόματος
1471 4240 1558 4292 τοῦ

1678 1824 1776 1877 hoc
1808 1825 1856 1876 iu
1889 1825 2000 1878 loco
2027 1828 2493 1896 superimpositum
2546 1833 2813 1898 speluncae
2843 1837 3068 1904 lapidem
3099 1842 3200 1898 dou

1678 1910 1784 1977 ipse
1806 1910 1957 1966 Jesus
1983 1913 2135 1974 tollit,
2167 1916 2256 1966 sed
2281 1914 2412 1967 dicit
2446 1932 2458 1967 :
2498 1935 2515 1965 ι
2551 1916 2738 1972 Tollite
2792 1920 3018 1987 lapidem
3053 1941 3066 1977 τ
3097 1943 3116 1975 ι
3148 1927 3200 1980 in

1675 1995 1862 2052 Genesi
1895 2015 2022 2054 vero
2049 2003 2114 2066 ⁵⁵,
2151 2003 2236 2054 ubi
2265 2002 2394 2066 lapis
2418 2011 2535 2056 erat
2576 2004 2758 2072 ingens
2793 2022 2953 2077 super
2981 2026 3076 2066 ore
3108 2029 3200 2080 pu—

1679 2092 1770 2152 tei,
1806 2102 1857 2142 et
1886 2092 1971 2144 ubi
2001 2095 2455 2160 congregabantur
2481 2111 2665 2150 omnes
2691 2114 2896 2167 greges,
2932 2111 2984 2154 et
3038 2106 3200 2158 revol-

1677 2181 1866 2233 vebant
1899 2181 2121 2248 lapidem
2151 2183 2216 2236 ab
2244 2199 2336 2238 ore
2359 2189 2523 2254 putei,
2547 2197 2600 2241 et
2630 2189 2832 2242 coll’ecti
2863 2202 3041 2258 potum
3069 2209 3200 2262 pne-

1676 2270 1868 2323 bebant
1917 2271 2135 2332 ovibds,
2195 2283 2247 2326 et
2307 2289 2513 2328 rursum
2579 2278 2932 2333 restituebaut
2976 2281 3203 2349 lapidem
3243 2297 3284 2342 ἐ

1675 2374 1832 2427 super
1856 2374 1948 2414 ore
1994 2362 2133 2428 putei
2161 2363 2212 2416 in
2247 2364 2414 2418 locum
2447 2381 2627 2428 suum;
2685 2376 2740 2420 et
2781 2369 2867 2422 ubi
2904 2369 3046 2437 (quia
3077 2388 3200 2426 non-

1674 2447 1796 2502 dum
1825 2450 1925 2504 hoc
1957 2450 2151 2505 factum
2205 2452 2410 2517 fuisset,
2461 2466 2733 2523 propterea
2788 2461 2924 2526 quod
2967 2464 3198 2518 nondum

1672 2547 1983 2608 congregata
2035 2542 2256 2594 fuissent
2309 2543 2766 2612 jumenta)1acob
2821 2550 3044 2605 intuitus
3089 2551 3198 2606 Ra-

1671 2629 1874 2682 chelem
1895 2630 2063 2682 filiam
2095 2631 2272 2684 Laban
2305 2633 2484 2688 fratris
2515 2638 2700 2690 matris
2747 2654 2855 2693 suae
2881 2641 2944 2701 ⁸⁸.
2989 2651 3042 2694 et
3071 2657 3197 2698 oves

1672 2717 1850 2772 Laban
1880 2718 2062 2773 fratris
2095 2723 2278 2775 matris
2302 2738 2432 2784 sua},
2479 2740 2599 2778 cum
2633 2731 2944 2783 accessisset
2973 2731 3085 2797 ipse
3110 2748 3195 2787 re-

1672 2807 1833 2858 volvit
1862 2806 2090 2874 lapidem
2119 2810 2183 2862 ab
2213 2824 2308 2863 ore
2329 2813 2491 2878 putei,
2522 2823 2574 2866 et
2603 2824 2779 2881 potum
2811 2819 3031 2884 prwbttit
3077 2823 3193 2874 ovi-

1671 2896 1768 2949 bus
1812 2897 1990 2950 Laban
2033 2898 2213 2952 fratris
2264 2903 2452 2954 matris
2492 2919 2619 2964 sum,
2667 2905 2905 2962 volumus
2937 2919 3196 2975 utrosque

1673 2985 1870 3054 lapides
1922 2988 2060 3042 inter
2090 3003 2148 3042 se
2196 2989 2462 3052 conferre,
2517 2996 2739 3063 utquod
2781 3008 3194 3053 consentaneum

1669 3084 1750 3128 est
1806 3077 1996 3130 rationi
2053 3078 2450 3133 consideremus
2489 3098 2502 3133 :
2538 3097 2728 3149 nempe
2791 3099 2956 3152 quare
2991 3088 3091 3141 boc
3141 3088 3194 3143 iu

1669 3162 1783 3216 loco
1809 3177 1911 3215 non
1945 3165 2055 3231 ipse
2080 3163 2232 3220 Jesus
2257 3167 2533 3221 sustulerit
2580 3184 2608 3221 a
2643 3171 2898 3238 spelunca
2947 3174 3191 3243 lapidem,

1668 3247 1758 3300 sed
1783 3247 1976 3302 dixerit
2001 3266 2017 3304 :
2041 3269 2058 3300 ι
2077 3249 2266 3305 Tollite
2295 3253 2551 3320 lapidem;
2583 3275 2600 3306 ι
2627 3257 2675 3309 in
2710 3257 2900 3314 Genesi
2928 3277 3057 3317 vero
3082 3264 3194 3332 ipse

1666 3331 1825 3390 Jacob
1852 3336 2131 3390 revolverit
2163 3339 2384 3407 lapidem
2411 3341 2476 3394 ab
2501 3357 2594 3396 ore
2633 3347 2794 3412 putei.
2844 3347 2906 3400 Et
2955 3331 3190 3406 animum

1666 3427 1857 3482 adhibe
1889 3443 1954 3481 an
1981 3429 2157 3482 dicere
2181 3431 2446 3498 possimus
2487 3447 2588 3487 non
2618 3438 2915 3502 oportuisse
2957 3450 3012 3492 ut
3037 3441 3193 3498 Jesns

1669 3525 1905 3584 tangeret
1957 3518 2179 3586 lapidem
2230 3522 2494 3587 spelunca:
2544 3527 3028 3595 superimpositum,
3059 3546 3192 3602 quo-

1667 3608 1805 3660 niam
1857 3610 2103 3676 spelunca
2148 3626 2547 3667 monumentum
2595 3627 2742 3679 erat;
2783 3619 2873 3671 sed
2907 3623 3191 3691 prazcipere

1669 3706 1868 3750 tantum
1901 3699 1984 3752 his
2023 3701 2110 3767 qui
2139 3703 2339 3754 muneri
2371 3703 2612 3780 obeundo
2646 3719 2925 3772 praeerant,
2956 3721 3011 3764 ut
3033 3715 3190 3768 tolle-

1669 3799 1782 3841 rent
1810 3789 2034 3857 lapidem
2059 3809 2072 3842 :
2097 3792 2294 3859 justum
2320 3806 2444 3844 vero
2473 3808 2609 3858 esse,
2641 3805 2697 3848 ut
2729 3797 2841 3864 ipse
2867 3800 3031 3856 Jacob
3053 3805 3190 3858 [tunc

1665 3879 2056 3946 superpositum
2077 3881 2154 3934 ori
2177 3881 2341 3949 putei,
2365 3890 2416 3934 et
2435 3882 2731 3938 obstantem
2753 3891 3033 3954 quominus
3061 3908 3186 3947 oves

1666 3966 1904 4019 biberent
1949 3974 1998 4034 (a
2039 3969 2227 4034 quibus
2272 3971 2501 4025 futurum
2538 3981 2676 4032 erat.
2707 3984 2766 4026 ut
2809 3977 3189 4043 adjuvarentur

1668 4055 1884 4120 nobilia,
1909 4068 1963 4109 et
2001 4073 2124 4125 pars
2151 4059 2336 4126 Jacob)
2361 4063 2650 4128 acciperet;
2701 4078 2925 4132 cumque
2953 4069 3016 4122 ad
3049 4071 3188 4124 hunc

1667 4147 1891 4215 lapidem
1924 4150 2256 4211 accessisset,
2308 4152 2601 4206 revolveret
2638 4168 2755 4206 eum
2784 4157 2849 4208 ab
2896 4169 2990 4208 ore
3019 4160 3184 4225 putei,

1665 4250 1718 4290 ut
1748 4251 1923 4306 potum
1973 4240 2125 4292 daret
2157 4240 2340 4294 ovibus
2390 4240 2568 4297 Laban
2617 4249 2798 4301 fratris
2829 4247 3014 4300 matris
3056 4262 3186 4304 sua.

271 4343 344 4378 να
372 4323 634 4392 ποτισθῇ
664 4323 729 4375 τὰ
763 4325 999 4394 πρόϐατα
1022 4326 1198 4378 Λάϐαν
1226 4326 1315 4377 τοῦ
1337 4328 1558 4396 ἀδελφοῦ
1592 4361 1632 4412 D
1663 4332 1738 4412 {te
1764 4341 1779 4390 ι

1679 4332 1738 4374 ἰο
1764 4324 2003 4390 profecto
2035 4340 2166 4393 opus
2191 4337 2326 4392 erat,
2363 4340 2417 4380 ut
2450 4332 2514 4384 ad
2539 4343 2750 4399 puteum
2777 4336 2888 4400 ipse
2911 4336 3187 4388 accederet

271 4434 285 4477 ;
321 4413 553 4469 αὑτοῦ.
591 4414 704 4465 Καὶ
743 4415 847 4466 ἔδει
883 4429 944 4481 γε
975 4417 1064 4466 ἐπὶ
1095 4416 1189 4483 μὲν
1210 4415 1299 4467 τοῦ
1332 4418 1557 4486 φρέατος

271 4503 504 4556 τελθεῖν
530 4505 632 4555 τὸν
650 4502 859 4564 Ἰακὼϐ,
880 4504 979 4568 ἔξω
1000 4505 1054 4556 δὲ
1081 4505 1335 4572 σπηλαίου
1370 4507 1554 4576 στῆναι

275 4634 290 4645 .
342 4595 420 4644 Εἰ
475 4593 545 4644 δὲ
575 4593 802 4644 δύνασαι
840 4594 948 4661 (58)
979 4595 1260 4663 ἐπιστῆσαι
1293 4597 1342 4646 τί
1364 4596 1553 4664 δήποτε

273 4685 292 4736 3
355 4683 671 4753 σπηλαίου
721 4685 778 4734 οὐ
808 4684 1112 4736 κεκύλισται
1147 4687 1174 4736 ό
1223 4686 1554 4754 ἐπικείμενος

273 4793 302 4836 ’,
375 4773 547 4826 ἀλλὰ
605 4775 835 4844 αἴρεται’
885 4777 973 4828 ἐπὶ
1017 4775 1072 4826 δὲ
1113 4773 1202 4824 τοῦ
1237 4775 1462 4842 φρέατος
1493 4776 1552 4826 οῦ

276 4863 531 4930 ἵρεται,
581 4863 720 4914 ἀλλὰ
764 4864 914 4932 μόνον
959 4863 1318 4916 ἀποκυλίεται.
1363 4866 1555 4935 Ἐχρῆν

275 4949 578 5019 ἀρθῆναι
609 4950 703 5000 τὸν
735 4951 838 5002 ἀπὸ
865 4949 956 5002 τοῦ
991 4951 1248 5019 μνημείου
1275 4949 1435 5012 λίθον,
1464 4955 1556 5005 καὶ

1661 4409 1853 4474 Jacob;
1902 4422 2050 4464 extra
2103 4415 2408 4481 speluncam
2443 4433 2568 4473 vero
2617 4431 2782 4475 staret
2831 4421 3005 4477 Jesus.
3055 4423 3184 4477 Vide

1660 4511 1784 4550 vero
1829 4513 1892 4550 an
1935 4500 2196 4566 inspicere
2239 4503 2409 4569 possis
2447 4509 2789 4573 quamobrem
2817 4511 3184 4576 superpositus

1658 4587 1921 4652 speluncae
1951 4588 2078 4654 lapis
2126 4605 2226 4643 non
2257 4594 2575 4658 revolvatur,
2606 4597 2698 4649 sed
2753 4597 2997 4661 tollatur;
3033 4613 3061 4651 a
3087 4613 3186 4667 pu-

1661 4684 1742 4728 teo
1772 4685 1945 4730 autem
1993 4693 2095 4732 non
2144 4683 2361 4736 omnino
2417 4684 2653 4749 tollatur,
2709 4689 2799 4740 sed
2862 4691 3178 4744 revolvatur.

1658 4766 1944 4834 Oportebat
1995 4773 2204 4837 quidem
2253 4773 2470 4827 omnino
2507 4789 2535 4826 a
2573 4787 2916 4829 monumento
2953 4778 3179 4844 lapidem

1658 4861 1789 4922 tolli,
1820 4873 1915 4912 nec
1949 4874 2156 4912 rursum
2190 4860 2355 4922 volvi;
2413 4861 2634 4914 alterum
2667 4877 2793 4915 vero
2825 4864 3018 4917 revolvi
3057 4876 3178 4918 tan-

1661 4960 1766 5002 tum
1797 4965 1824 5002 a
1853 4959 2008 5017 puteo
2043 4966 2056 5000 :
2097 4951 2341 5017 superius
2362 4951 2502 5001 enim
2533 4950 2726 5001 dictum
2757 4960 2833 5002 est
2857 4951 3011 5019 371
3039 4955 3178 5021 quod

273 5042 846 5111 υλισθῆναιοτὸνδὲ
875 5044 962 5094 ἐπὶ
992 5038 1552 5106 τοῦφρέατοςὰποκυ-
1661 5076 1675 5091 .
1761 5076 1774 5090 .
1853 5075 1867 5088 .
1945 5077 1958 5090 .
2034 5074 2048 5090 .
2122 5075 2138 5090 .
2213 5074 2228 5088 .
2308 5074 2322 5088 .
2399 5077 2414 5090 .
2492 5075 2506 5090 .
2589 5074 2601 5088 .
2679 5077 2693 5091 .
2779 5076 2793 5089 .
2883 5075 2899 5090 .
2974 5079 2989 5094 .
3065 5077 3086 5097 .
3156 5081 3174 5099 .

274 5152 422 5189 νον·
473 5132 609 5203 (59)
641 5133 950 5201 προείρηται
969 5130 1184 5198 γὰρ,ὃτι
1221 5127 1342 5180 ἀπε.
1373 5168 1384 5181 .
1414 5167 1429 5182 .
1455 5170 1466 5182 .
1495 5171 1507 5184 .
1537 5170 1550 5184 .

273 5285 325 5332 I,
357 5267 482 5320 22.

283 5399 324 5434 x
353 5379 760 5442 Bodleianus,
784 5388 940 5438 recte,
963 5371 1282 5443 avﬁaasoauf
1318 5372 1548 5443 Regius,

276 5451 486 5502 σθαι.
533 5439 755 5501 Ibidem
780 5461 870 5514 pro
896 5439 1053 5496 αὐτόν
1079 5443 1190 5514 ἐστι
1216 5439 1433 5514 ᾅίκαιον
1463 5441 1551 5492 λα-

279 5518 695 5571 nadmodunt
724 5508 908 5583 legitur
942 5515 990 5583 in
1023 5510 1199 5583 codice
1223 5508 1546 5583 Ιξοιροςίειιιο,

288 5604 323 5641 s
371 5597 716 5656 perperam
743 5575 894 5634 habet
919 5577 1075 5637 αὑτός
1111 5578 1212 5626 ἐστι
1247 5575 1546 5631 λαϐέσθαι.

277 5693 536 5738 Τιιοιι.
567 5674 694 5734 Gn.
727 5672 884 5744 XIV,

579 5266 634 5298 “
661 5264 826 5320 Exod.
864 5279 1009 5327 xxvr,
1032 5264 1087 5316 2.
1160 5259 1204 5290 ⁸⁸
1233 5259 1387 5314 Joan.
1419 5278 1496 5324 χι,
1519 5262 1604 5316 59.

1657 5129 1876 5198 gloriam
1945 5127 2056 5190 Dei,
2115 5127 2514 5180 considerantes
2586 5127 2996 5186 magnitudinem
3063 5133 3180 5205 ejus

1677 5263 1720 5291 ⁸³
1747 5259 1881 5313 Gen.
1907 5273 2054 5320 χχιι,
2078 5257 2130 5318 2,
2156 5258 2207 5310 5.
2283 5258 2327 5288 “
2355 5258 2481 5310 ibid.
2521 5257 2585 5308 10

1722 5371 1828 5439 (58)
1860 5371 1924 5422 Εἰ
1953 5367 2018 5419 δὲ
2056 5369 2326 5421 δύνασαι.
2367 5367 2644 5423 Ferrarius
2689 5363 2894 5431 legebat
2933 5369 3005 5421 ἰδὲ
3037 5367 3094 5422 δὲ
3127 5368 3183 5424 ει

1652 5443 2199 5580 δυῖἒδῗιὴροείριπται
2228 5505 2354 5580 γᾴρ,
2379 5505 2472 5580 ⁸ζίζι
2505 5505 2684 5556 ἀπε...
2725 5498 2877 5580 llaec-
2905 5499 2963 5552 in
2992 5503 3189 5580 codici-

1653 5562 1751 5630 bus
1785 5562 2109 5641 tum'ileg'io',
2146 5562 2252 5627 tum
2284 5562 2590 5636 Bodleiano,
2620 5570 2822 5635 excipit
2865 5567 3066 5623 lacuna
3105 5573 3189 5624 iu-

2801 5656 2884 5715 ‘22
