3820 6194
968 276 1311 338 COMMENT.
1353 278 1414 330 IN
1452 279 1638 334 JOAN.
1681 280 1913 336 ΤοΜυὸ
1946 283 2168 338 XXVlli.
3060 297 3161 350 686

261 404 303 450 κς
347 386 606 460 βραδύτερον
639 394 1005 464 γεγραμμένον
1054 396 1131 446 τό·
1173 413 1192 445 ι
1239 392 1413 465 τΗραν
1445 394 1536 449 οῦν
1567 407 1609 462 Α
1640 397 1738 452 fert

1593 397 1776 462 {ferre
1809 400 1873 452 ⁸⁸.
1909 420 1928 452 ι
1975 403 2155 471 Itaque
2195 409 2498 462 necessario
2547 409 2698 463 nobis
2748 411 3158 469 existimandum

261 474 344 536 θον,
362 495 375 526 ι
392 477 482 529 δέον
499 478 610 549 ἑξῆς
637 481 764 533 αὐτὸ
789 482 1024 552 εἰρῆσθαι
1051 482 1144 552 θεῷ’
1172 502 1188 534 t
1213 485 1416 551 Λέγειό
1441 487 1541 554 ἰη-
1641 499 1738 548 est,

1641 499 1742 548 est.
1778 493 2168 546 accusationem
2197 509 2315 548 esse
2341 496 2580 562 Martha),
2637 502 2775 567 quod
2798 503 2996 557 tardius
3027 506 3160 558 scri-

262 565 420 635 Ἀρατε
431 567 502 620 τὸν
524 568 676 624 λίθον.
702 591 720 623 ο
1638 584 1729 643 plu

1638 584 1787 643 plum
1819 577 1975 632 fuerit
2006 598 2021 634 :
2058 598 2075 630 ι
2107 579 2440 663 δυεῑυιςτυηι
2466 587 2624 653 igitur
2655 565 2896 664 lapidem
2932 607 2946 642 :
2984 611 3003 644 ι
3036 608 3156 646 cum

261 658 302 711 in
332 675 402 714 res
434 664 716 732 postularet,
745 675 803 720 ut
832 681 952 720 cum
979 666 1196 722 dixisset
1237 667 1409 733 Jesus,
1441 684 1459 717 ι
1492 666 1682 722 Tollite
1710 669 1960 740 lapidem.
1999 691 2020 724 ›
2062 658 2310 744 deinceps
2335 687 2666 746 sequeretur,
2699 658 2736 729 τ’
2758 680 3013 736 Tulerunt
3034 699 3161 755 ergo

288 842 336 894 Ὁ
357 843 402 895 δὲ
424 843 596 912 Ἰησοῦς
624 837 722 913 ἦρε
750 845 872 906 τοὺς
899 845 1196 916 ὀφθαλμοὺς
1243 848 1352 901 ἄνω
1369 887 1382 911 ,
1439 850 1530 904 καὶ
1699 845 1734 898 4

1699 845 1754 903 4.
1787 864 1806 897 ‹
1845 848 1912 900 At
1952 847 2106 904 Jesus
2135 851 2348 907 sustulit
2389 854 2567 909 oculos
2617 870 2853 921 sursum,
2881 868 2933 913 et
2964 860 3094 914 dixit
3130 879 3152 916 ι

261 926 754 1002 ἁγεγραμμέναᾞερὶ
786 936 888 988 τῶν
917 937 1198 1006 ὀφθαλμῶν
1235 938 1402 1010 Ἰησοῦ
1436 942 1528 993 καὶ
1631 949 1738 1004 Quae

1631 949 1745 1004 qua:
1765 936 1960 1005 scripta
1991 949 2112 992 sunt
2138 939 2202 992 ⁸⁸.
2251 942 2324 995 De
2364 944 2531 999 oculis
2565 944 2710 1010 Iesu,
2751 948 2921 1016 deque
2971 965 3152 1005 eorum

261 1016 390 1080 ἕσεως
414 1019 564 1072 αὐτῶν
594 1021 725 1092 πρός
773 1042 916 1088 τινας
946 1027 1210 1096 ἐπιμελῶς
1249 1030 1523 1102 τηρητέον,
1628 1025 1738 1079 113ὺῖ

1628 1025 1807 1079 habitu
1829 1040 1953 1095 erga
1983 1028 2262 1095 quosdam,
2314 1031 2534 1102 diligens
2585 1036 2888 1092 observatio
2934 1040 3155 1109 inquisi-

262 1106 451 1158 ταστέον
499 1104 596 1160 οἷον
640 1110 698 1162 ἐν
749 1112 846 1180 μὲν
893 1113 969 1183 τῷ
999 1113 1135 1166 κατὰ
1179 1116 1404 1179 Λουκᾶν,
1437 1118 1523 1170 ὅτε
1629 1111 1738 1181 tioq

1629 1111 1808 1181 tioque
1836 1123 1916 1170 est
1960 1115 2279 1171 adhibenda.
2328 1117 2488 1174 Verbi
2536 1124 2730 1191 gratia,
2766 1125 2818 1178 in
2865 1104 3151 1196 Evan'gelio

261 1194 409 1261 λέγειν
428 1197 534 1259 τοὺς
557 1203 939 1270 μακαρισμοὺς,
961 1203 1051 1253 καὶ
1077 1204 1172 1273 τὴν
1200 1204 1324 1274 ἑξῆς
1347 1207 1524 1269 αὐτοῖς
1625 1199 1738 1254 LUC:

1625 1199 1780 1254 Lucae
1833 1203 2067 1258 dicturus
2121 1205 2508 1276 beatitudines,
2568 1211 2758 1279 bisque
2813 1194 3149 1283 conjunctam

262 1283 381 1346 λίαν,
406 1287 627 1355 «ἐπάρας
646 1287 767 1349 τοὺς
788 1288 1088 1359 ὀφθαλμοὺς
1117 1293 1276 1345 αὐτοῦ
1305 1297 1383 1358 εἰς
1401 1297 1520 1358 τοὺς
1624 1289 1738 1343 dOCI

1624 1289 1938 1355 doctrinam,
1967 1312 1987 1344 ‹
2021 1294 2239 1349 elevatis
2283 1297 2450 1351 oculis
2496 1298 2550 1352 in
2590 1300 2877 1370 discipulos
2914 1320 3036 1360 suos
3065 1307 3152 1360 di-

261 1390 276 1434 ;
305 1373 444 1425 αὺτοῦ
467 1374 621 1441 ἔλεγε·
654 1394 672 1425 ι
708 1379 820 1430 νυνὶ
845 1378 898 1430 δὲ
926 1400 941 1429 ι
965 1376 1062 1450 ἦρε
1086 1384 1205 1445 τοὺς
1219 1384 1518 1455 ὀφθαλμοὺς
1620 1380 1738 1433 ceba

1620 1380 1773 1434 cebat
1799 1381 1875 1444 ";
1913 1400 1932 1433 ι
1969 1399 2108 1438 nunc
2145 1395 2321 1438 autem
2366 1405 2386 1438 ι
2418 1389 2839 1446 sustulitoculos
2877 1409 3002 1448 suos
3027 1411 3149 1450 sur-

261 1480 342 1526 νω,
367 1464 446 1516 καὶ
465 1458 589 1515 εἶπε·
627 1483 644 1515 ι
668 1465 1018 1536 διδασκόμεθα
1050 1471 1154 1541 γὰρ
1178 1475 1282 1526 ἀπὸ
1308 1476 1401 1543 μὲν
1424 1477 1515 1530 τοῦ

1620 1483 1758 1536 sum,
1803 1481 1857 1525 et
1883 1474 2016 1527 dixit
2043 1492 2058 1528 :
2089 1494 2108 1527 ι
2139 1490 2167 1528 a
2192 1479 2365 1541 primo
2411 1495 2644 1550 namque
2683 1483 2822 1536 dicto
2868 1499 3147 1540 monemur

261 1569 303 1612 υ,
325 1553 396 1601 ὅτι
426 1551 490 1622 μὴ
515 1552 657 1605 κάτω
697 1557 830 1607 εἰσὶν
854 1557 902 1608 ol
932 1557 1022 1610 τοῦ
1051 1559 1222 1628 Ἰησοῦ
1266 1563 1515 1632 μαθηταί’
1548 1559 1590 1612 Β
1618 1557 1738 1609 diSCi

1618 1557 1903 1626 discipulos
1933 1576 2056 1616 suos
2097 1562 2298 1618 inferne
2327 1582 2428 1620 non
2451 1583 2600 1634 esse,
2649 1586 2806 1638 quam
2835 1574 2902 1626 ob
2926 1588 3143 1628 causam

261 1639 508 1710 παίρονται
531 1642 575 1693 οἱ
605 1643 864 1713 ὀφθαλμοὶ
885 1645 975 1698 τοῦ
995 1649 1310 1703 Διδασκάλου
1328 1655 1403 1716 εἰς
1426 1656 1519 1706 αὐ-

279 1729 410 1792 ἄξιον
438 1725 496 1800 ἦν
524 1731 719 1802 ἐπᾶραι
762 1737 923 1814 αρτὸν
956 1739 1078 1800 τοὺς
1113 1740 1299 1793 ἐαυτοῦ
1326 1742 1518 1809 ὀφθαλ-

261 1817 312 1868 ιὰ
339 1818 393 1870 δέ
430 1819 512 1872 τοῦ
543 1821 632 1874 νῦν
675 1823 1068 1894 ἐξεταζομένου,
1103 1829 1180 1881 ὃτι
1231 1832 1517 1902 μετέθηκεν

261 1925 270 1956 ι
298 1908 603 1977 διανοητικὸν
619 1911 723 1963 ἀπὸ
755 1914 852 1982 τῆς
885 1917 1017 1984 πρὸς
1057 1920 1179 1980 τοὺς
1211 1920 1356 1973 κάτω
1389 1924 1513 1991 ὁμι-

281 1999 519 2068 ἁνήγαγε,
537 2002 626 2054 καὶ
649 2001 823 2070 ὔψωσε
844 1998 1125 2075 προσάγων
1139 2011 1267 2062 αὐτὸ
1290 2015 1355 2082 τῇ
1382 2014 1514 2083 πρὸς

261 2088 363 2139 ἀνω
392 2088 590 2141 πάντων
635 2091 850 2163 Πατέρα
882 2095 1029 2165 εὐχῇ.
1064 2096 1219 2149 Ἀλλὰ
1238 2101 1329 2152 καὶ
1360 2102 1512 2171 εἴπερ

271 2179 487 2246 Χριστοῦ
527 2180 636 2232 ἐστι
685 2181 908 2247 Παῦλος,
948 2187 1040 2238 κα)⁸
1067 2189 1113 2239 οἱ
1153 2191 1510 2260 παραπλήσιοι

261 2266 382 2336 ὶγκη
413 2266 496 2319 τὸν
527 2268 664 2322 κατὰ
693 2269 848 2340 ζῆλον
877 2274 966 2326 καὶ
992 2275 1214 2346 μίμησιν
1260 2280 1357 2348 τῆς
1381 2282 1512 2350 Χρι-

261 2355 304 2421 ﬁ;
341 2353 629 2424 εὐξάμενον,
666 2358 874 2428 ἄραντα
918 2363 1040 2424 τοὺς
1074 2363 1376 2436 ὀφθαλμοὺς
1412 2371 1509 2439 τῆς

261 2460 304 2504 ι),
348 2444 435 2495 καὶ
479 2445 870 2501 ἁναϐιϐάσαντα
899 2451 1090 2514 αὐτοὺς
1126 2455 1230 2507 ἀπὸ
1258 2457 1362 2508 τῶν
1383 2459 1507 2528 τῇδε

261 2547 335 2591 υν,
363 2533 451 2585 καὶ
479 2535 708 2604 μνήμης,
735 2537 825 2589 καὶ
851 2538 1080 2604 ἐννοιῶν,
1102 2543 1192 2594 καὶ
1218 2543 1502 2614 λογισμῶν,

261 2623 357 2672 τεῖν
405 2621 478 2691 τῷ
514 2622 628 2693 Θεῴ
661 2627 784 2688 τοὺς
826 2627 1010 2694 λόγους
1047 2631 1144 2699 τῆς
1185 2634 1345 2703 εὐχῆς
1381 2638 1504 2700 τοὺς

264 2710 368 2762 λων
396 2712 486 2764 καὶ
507 2713 855 2783 ἐπουρανίων,
877 2719 1135 2786 μεγάλους
1160 2723 1250 2774 καὶ
1275 2726 1503 2796 ἐπουρα-

1615 1648 1885 1703 elevantur
1922 1652 2158 1720 Magistri
2220 1656 2359 1710 oculi
2391 1658 2441 1710 in
2472 1673 2583 1721 eos,
2645 1660 2694 1714 in
2743 1676 2874 1728 quos
2925 1663 3141 1732 dignum

1614 1747 1727 1792 erat
1753 1748 1809 1793 ut
1837 1755 1959 1795 suos
1982 1741 2093 1808 ipse
2117 1743 2298 1799 oculos
2327 1747 2610 1802 attolleret.
2636 1749 2747 1803 Hoc
2769 1762 2968 1818 autem,
3002 1753 3142 1821 quod

1613 1842 1751 1879 nunc
1795 1837 2106 1895 tractamus,
2151 1833 2438 1888 edocemur
2489 1836 2670 1892 Jesum
2732 1840 3140 1911 intelligentiam

1613 1917 1893 1974 humanam
1935 1923 2268 1978 transtulisse
2295 1939 2326 1978 a
2356 1931 2741 1985 consuetudine
2791 1948 2950 2000 quam
2985 1935 3141 1990 habe-

1611 2006 1701 2060 bat
1727 2023 1843 2061 cum
1875 2011 1956 2063 his
1978 2012 2069 2080 qui
2103 2013 2306 2069 inferne
2353 2018 2632 2086 degebant,
2689 2035 2912 2090 eamque
2951 2024 3001 2076 in
3051 2040 3139 2080 su-

1609 2097 1768 2152 blime
1792 2099 2031 2156 elevasse
2053 2112 2108 2156 et
2129 2106 2416 2170 exaltasse,
2457 2109 2687 2163 evehens
2731 2124 2847 2164 eam
2892 2128 2988 2180 per
3015 2130 3137 2182 pre-

1609 2187 1868 2241 cationem
1893 2191 1958 2243 ad
1984 2190 2193 2246 Patrem
2218 2209 2381 2262 super
2409 2198 2585 2250 omnia
2614 2199 2976 2255 exsistentem.
2995 2203 3134 2268 Quin

1608 2276 1765 2328 etiam
1795 2277 1986 2333 Paulus
2007 2296 2126 2334 cum
2153 2283 2236 2334 sui
2267 2285 2548 2348 similibus,
2570 2290 2989 2355 quandoquidem
3015 2294 3134 2347 imi-

1609 2373 1747 2418 tator
1773 2365 1970 2421 Christi
2026 2379 2105 2423 est
2132 2371 2200 2436 ⁵⁸,
2226 2374 2474 2440 exemplo
2509 2385 2562 2428 et
2609 2375 2903 2432 imitatione
2947 2395 3134 2448 preca-

1607 2451 1764 2507 tionis
1791 2453 1988 2510 Christi
2033 2469 2365 2525 precaturus.
2413 2465 2710 2520 necessario
2761 2468 3000 2524 attollere
3038 2471 3134 2525 de-

1603 2539 1692 2592 bet
1713 2541 1892 2596 oculos
1917 2545 2105 2598 anima:
2131 2560 2366 2611 sursum,
2395 2563 2591 2619 eosque
2624 2553 2888 2608 abducere
2910 2571 2940 2608 a
2973 2560 3130 2613 rebus

1601 2633 1967 2697 praesentibus,
2008 2648 2196 2702 nempe
2231 2651 2260 2688 a
2293 2641 2565 2706 memoria,
2616 2656 2646 2695 a
2688 2646 3131 2703 considerationi-

1601 2717 1718 2783 bus,
1748 2728 1906 2790 atque
1944 2723 2374 2793 cogitationibus,
2419 2728 2603 2798 sicque
2638 2731 2745 2786 Deo
2792 2735 2970 2791 dicere
3006 2755 3127 2806 pre-

262 2800 290 2851 έ
307 2811 390 2862 τις
413 2800 546 2871 πρὸς
558 2801 740 2855 ⁴ταῦτα
769 2805 1078 2861 ἁνθυποίσει
1106 2811 1193 2862 τὸν
1221 2815 1351 2882 μηδὲ
1378 2817 1500 2880 τοὺς
1540 2885 1552 2887 ᾼ
1602 2807 1738 2860 callo

1602 2807 1826 2863 cationis
1874 2809 2033 2866 verba
2080 2827 2306 2882 magna,
2359 2831 2526 2886 eaque
2557 2821 2812 2887 ctnlestia,
2860 2827 2924 2880 de
2968 2832 3126 2884 rebus

297 2891 497 2959 ἐπᾶραι
535 2891 828 2963 θελήσαντα
859 2897 1108 2968 τελώνην,
1140 2901 1230 2953 καὶ
1262 2903 1497 2972 τύψαντα
1523 2885 1564 2940 C
1600 2910 1738 2962 magl

1600 2897 1825 2964 magnis,
1853 2898 2023 2966 deque
2056 2903 2543 2968 supercmlestibus.
2577 2907 2772 2964 Verum
2799 2885 2848 2968 si
2878 2917 2998 2982 quis
3025 2933 3123 2986 op-

261 2979 472 3047 στῆθος,
497 2981 591 3033 καὶ
631 2984 867 3036 εἰπόντα·
900 3003 918 3035 ι
976 2987 1031 3039 Ὀ
1062 2987 1210 3051 Θεὸς,
1257 2991 1498 3062 ἱλάσθητί

261 3069 496 3140 ιρτωλῷ,
543 3090 561 3121 ι
587 3073 798 3127 λεκτέον
827 3076 958 3145 πρὸς
981 3078 1156 3143 αὐτὸν,
1188 3081 1286 3145 ὅτι,
1314 3081 1496 3154 ὥσπερ

288 3161 413 3212 οὐδέ
462 3161 548 3213 ἀεὶ
596 3163 969 3234 παραληπτέον
1028 3170 1126 3239 τὴν
1177 3171 1313 3224 κατὰ
1367 3173 1495 3228 Θεὸν

264 3250 489 3304 τάνοιαν
547 3254 628 3314 εἰς
670 3256 933 3324 σωτηρίαν
973 3257 1235 3329 ἀμέλητον
1276 3261 1381 3331 (66)
1408 3265 1496 3334 ἐρ-

285 3339 408 3391 ἀλλ’
439 3341 473 3410 ἥ
528 3341 691 3411 μόνῳ,
737 3344 829 3395 καὶ
869 3346 1027 3398 παντὶ
1051 3348 1128 3416 τῷ
1165 3347 1286 3413 ἄξια
1315 3351 1493 3403 τοιαύ-

262 3429 587 3498 ποιήσαντι,
627 3431 718 3484 καὶ
762 3432 900 3501 μέγα
943 3433 1254 3500 γινώσκοντι
1290 3438 1374 3489 ἐπ’
1397 3441 1490 3492 αὐ-

261 3518 644 3588 ταραληπτέον
690 3537 751 3587 γε
807 3522 970 3592 αὐτὴν
1021 3524 1238 3594 ἀμέτρῳ
1289 3528 1380 3579 καὶ
1419 3530 1490 3599 μὴ

261 3610 330 3671 7),
370 3610 464 3661 ἵνα
514 3609 590 3678 μὴ
631 3614 696 3680 τῇ
740 3611 1091 3685 περισσοτέρᾳ
1134 3613 1272 3685 λύπῃ
1328 3633 1490 3668 κατα-

276 3699 381 3751 τοῦ
450 3701 700 3753 Σατανᾶο
758 3699 924 3764 οὕτως
966 3703 1171 3772 μήποτε
1228 3705 1286 3756 οὐ
1333 3708 1488 3758 παντὶ

261 3789 312 3840 δὲ
346 3789 487 3851 τοὺς
513 3789 820 3858 ὀφθαλμοὺς
842 3792 1040 3860 ἐπᾶραι
1071 3791 1256 3857 θέλειν,
1274 3794 1347 3856 ὡς
1373 3796 1488 3848 οὐδὲ

261 3877 499 3948 κρόθεν.
547 3879 812 3941 Ἕκαστος
857 3879 912 3931 δὲ
967 3881 1154 3932 ἐαυτὸν
1207 3885 1330 3952 περ)⁹
1381 3883 1485 3936 τῶν

261 3969 458 4032 ινέτω,
488 3971 589 4022 καὶ
617 3968 943 4037 δοκιμαζέτω
974 3971 1249 4042 ἄνθρωπος
1275 3974 1482 4037 ἐαυτὸν,

266 4060 300 4110 ὐ
345 4057 527 4128 μόνον
579 4061 642 4111 ἐκ
679 4059 771 4111 τοῦ
818 4059 977 4130 ἄρτου
1019 4061 1256 4124 ἐσθιέτω,
1292 4064 1381 4115 καὶ
1421 4065 1485 4116 ἐκ

1597 2985 1833 3049 posuerit
1864 2986 2226 3055 publicanum,
2259 2996 2348 3061 qni
2383 3009 2446 3047 ne
2475 2997 2657 3052 oculos
2697 3002 2906 3067 quidem
2965 2985 3124 3059 attol-

1598 3071 1703 3125 lere
1735 3075 1981 3140 voluerit,
2026 3081 2224 3147 quique
2254 3086 2574 3150 percusserit
2629 3099 2814 3156 pectus
2861 3107 3011 3145 suum
3043 3094 3122 3147 di-

1593 3178 1765 3218 cens:
1805 3182 1824 3214 ι
1865 3165 2024 3232 Deus,
2076 3170 2335 3237 propitius
2362 3182 2475 3227 esto
2525 3177 2656 3229 mihi
2696 3185 2958 3249 peccatori
2990 3184 3057 3247 δ’,
3094 3205 3112 3236 ι

1591 3255 1715 3309 huic
1764 3265 1846 3310 est
1913 3260 2337 3326 respondendum
2378 3282 2392 3315 :
2443 3268 2879 3332 quemadmodum
2947 3289 3119 3344 neque

1591 3343 1853 3411 omnibus,
1888 3359 2059 3414 neque
2097 3361 2306 3418 semper
2334 3355 2684 3410 assumendus
2711 3369 2792 3411 est
2820 3359 2987 3426 dolor,
3025 3343 3114 3432 qui

1589 3442 1669 3486 est
1719 3432 2008 3488 secundum
2058 3435 2245 3503 Deum,
2297 3439 2494 3507 quique
2546 3454 2796 3511 operatur
2849 3452 3114 3516 paeniten-

1592 3521 1717 3574 tiam
1748 3522 1812 3576 ad
1851 3523 2075 3576 salutem
2106 3522 2150 3555 ⁸⁸
2177 3525 2314 3579 haud
2345 3531 2730 3599 ptenitendam,
2763 3539 2854 3592 sed
2897 3540 2945 3593 ei
2991 3541 3114 3609 soli,

1587 3619 1640 3664 et
1676 3610 1818 3664 omni
1848 3611 1937 3679 qui
1981 3611 2196 3679 dignum
2248 3615 2446 3686 aliquid
2477 3621 2570 3675 tali
2613 3624 2792 3679 dolore
2832 3631 3111 3686 commise-

1590 3700 1676 3762 rit,
1727 3699 1795 3754 ob
1852 3713 2081 3770 eumque
2136 3702 2368 3758 dolorem
2421 3709 2705 3777 resipuerit
2770 3714 2939 3783 (isque
2985 3733 3113 3773 sane

1585 3787 1932 3842 assumendus
1987 3799 2069 3842 est
2129 3805 2247 3843 cum
2309 3807 2577 3860 mensura,
2658 3807 2711 3852 et
2761 3816 2865 3855 non
2908 3807 3109 3861 exube-

1584 3888 1755 3937 rans,
1825 3887 1894 3926 ne
1953 3875 2346 3930 exuberantiori
2420 3879 2598 3935 dolore
2666 3885 3015 3942 absorbeatur
3063 3891 3107 3922 “

1582 3962 1738 4031 373
1768 3979 1795 4016 a
1825 3961 2143 4031 Satana),ita
2175 3964 2422 4021 fortassis
2460 3983 2562 4022 non
2591 3976 2902 4039 convenire,
2935 3986 2993 4030 ut
3020 3994 3108 4033 ve-

1583 4053 1678 4106 lint
1710 4067 1894 4108 omnes
1941 4068 2150 4123 semper
2193 4056 2435 4110 attollere
2462 4060 2677 4125 oculos,
2702 4072 2760 4117 ut
2803 4066 2960 4119 etiam
2999 4082 3106 4123 non

263 4166 300 4199 υ
372 4148 617 4210 πινέτω,
679 4147 810 4200 ἀλλὰ
857 4149 950 4202 καὶ
1010 4151 1132 4213 τοὺς
1180 4152 1480 4222 ὀφθαλμοὺς
1510 4158 1738 4248 DCODVE

1593 4145 1824 4199 :onvenit
1850 4160 2058 4216 semper
2088 4156 2233 4202 stare
2269 4149 2474 4215 procul.
2513 4149 2772 4207 Caeterum
2822 4160 3106 4226 unusquis-

261 4236 305 4286 ιὶ
361 4235 590 4305 αἰρέτω
633 4235 821 4299 αὐτοὺς
854 4236 962 4289 ἄνω
992 4239 1130 4292 κατὰ
1166 4239 1262 4308 τῆς
1295 4241 1476 4311 εὐχῆς,

261 4325 456 4376 αυτὸν
486 4324 633 4394 Θεῷ,
662 4327 753 4378 καὶ
782 4326 1045 4379 ταπεινῶν
1076 4328 1261 4380 ἑαυτὸν
1291 4331 1476 4401 ἐκείνῳ

315 4416 394 4466 Εἰ
448 4414 767 4484 νομίζωμεν
798 4415 872 4486 τῷ
904 4418 1240 4471 όπωσποτοῦν
1281 4419 1476 4488 βιοῦντι

261 4503 409 4565 οίως
463 4502 554 4572 τῷ
597 4503 797 4576 τελώνῃ
835 4505 964 4576 μηδὲ
1009 4508 1132 4570 τοὺς
1175 4507 1475 4578 ὀφθαλμοὺς

262 4607 330 4651 χν,
383 4589 525 4659 ὥρα
583 4589 754 4658 λέγειν
800 4594 994 4660 ὁμοίως
1042 4593 1118 4662 τῷ
1164 4593 1234 4664 μὴ
1279 4597 1474 4667 ἐπᾶραι

261 4681 628 4751 ὂφθαλμοὺς,
657 4684 750 4736 καὶ
781 4683 885 4735 ἀπὸ
925 4684 1184 4754 μακρόθεν
1211 4684 1301 4736 τοῦ
1332 4686 1473 4756 ἱεροῦ

261 4810 270 4822 .
341 4772 544 4840 Ἱερὸν
595 4772 649 4823 δὲ
693 4774 838 4823 ποῖον
883 4770 946 4822 ἂν
989 4773 1070 4840 εἴη
1116 4772 1148 4840 ἢ
1192 4773 1474 4844 Ἐκκλησία

261 4858 467 4926 Θεοῦ;
521 4860 649 4928 ἥτις
697 4861 788 4912 καὶ
835 4854 976 4921 οἶκος
1023 4859 1153 4911 Θεοῦ
1201 4863 1345 4931 παρὰ
1398 4863 1472 4932 τῷ

261 4946 468 5008 ὶζεται
509 4947 754 5014 λέγοντι·
797 4965 815 4996 ‹
849 4945 969 4998 Ἐὰν
1013 4945 1068 4996 δὲ
1116 4945 1371 5014 βραδύνω,
1410 4950 1474 5000 ἵν’

261 5040 311 5087 εἰ
369 5037 441 5087 ἐν
503 5035 647 5104 οἴκῳ
693 5035 828 5087 Θεοῦ
874 5032 1316 5102 ἀναστρέφεσθαι,
1361 5038 1477 5105 ἣτις

261 5123 374 5194 τίοι,
418 5122 580 5174 Θεοῦ
614 5122 831 5186 ζῶντος,
860 5120 1057 5180 στῦλος,
1087 5119 1175 5171 καὶ
1205 5119 1476 5192 ἑδραίωμα

271 5297 288 5315 ,
327 5255 441 5309 ‘28.

1579 4249 1681 4302 que
1707 4235 1934 4296 seipsum
1967 4237 2032 4292 de
2062 4239 2222 4292 rebus
2250 4237 2616 4306 hujuscemodi
2657 4243 2855 4310 iudicet
2895 4249 3107 4316 probet-

1581 4342 1682 4395 que
1708 4328 1864 4382 homo
1889 4328 1952 4393 ⁶¹¹,
1984 4336 2038 4382 et
2068 4330 2145 4382 sic
2177 4343 2279 4382 non
2329 4329 2500 4383 solum
2527 4344 2590 4384 ex
2637 4333 2725 4387 illo
2761 4350 2897 4402 pane
2925 4352 3104 4394 come.

1581 4420 1707 4485 dat,
1731 4430 1783 4474 et
1808 4435 1873 4474 ex
1905 4421 2070 4476 calice
2097 4422 2267 4486 bibat,
2296 4437 2480 4476 verum
2515 4426 2675 4479 etiam
2703 4428 2883 4484 oculos
2910 4432 3102 4498 elevet,

1577 4520 1806 4575 superne
1834 4522 1927 4561 eos
1957 4509 2222 4575 attollens,
2253 4525 2571 4580 precemque
2605 4513 2790 4571 fundat
2814 4519 3105 4584 subiiciens

1576 4597 1806 4665 seipsum
1837 4599 1975 4662 Deo,
2003 4601 2396 4672 humiliansque
2439 4605 2533 4658 illi.
2572 4606 2722 4671 Quod
2751 4608 2794 4662 si
2825 4610 3100 4666 existima-

1579 4699 1697 4737 mus
1746 4688 2221 4755 quomodocunque
2267 4689 2465 4742 viventi
2509 4690 2700 4755 licere,
2766 4693 2986 4759 perinde
3038 4711 3100 4750 ac

1576 4774 1874 4843 publicano,
1902 4775 2036 4829 nolle
2061 4777 2244 4831 oculos
2271 4779 2334 4832 ad
2356 4777 2556 4830 coelum
2579 4779 2755 4832 levare
2775 4819 2790 4844 ,
2825 4785 3098 4836 commode

1575 4867 1810 4920 dicemus
1840 4865 2033 4920 volenti
2063 4867 2240 4920 levare
2265 4867 2446 4922 oculos
2473 4882 2617 4932 suos,
2643 4869 2822 4921 itidem
2861 4869 2910 4921 ei
2951 4879 3094 4924 stan-

1575 4952 1696 5006 dum
1734 4967 1852 5006 esse
1885 4953 2116 5020 procula
2152 4957 2350 5022 templo
2376 4993 2391 5017 ,
2427 4957 2568 5023 quod
2611 4956 2764 5021 quale
2804 4955 2946 5010 aliud
2973 4959 3091 5021 erit,

1576 5040 1676 5093 nisi
1711 5039 1946 5095 Ecclesia
1973 5041 2064 5095 Dei
2092 5044 2352 5098 viventis?
2379 5058 2496 5110 quae
2521 5044 2683 5096 etiam
2710 5059 2738 5095 a
2770 5043 2931 5097 Paulo
2963 5048 3088 5098 dici-

1575 5136 1660 5181 tur
1703 5129 1890 5183 domus
1931 5131 2059 5194 Dei,
2102 5132 2223 5184 dum
2259 5133 2385 5186 dicit
2415 5133 2458 5164 ⁶³
2494 5149 2506 5184 :
2553 5149 2572 5182 ί
2609 5133 2754 5198 Quod
2802 5133 2847 5186 si
2893 5136 3086 5189 tardius

536 5255 588 5286 σο
608 5250 978 5326 ἒοεηῖξιλιί.
1051 5250 1356 5326 "1:00.11!
1547 5260 1592 5291 ⁸⁸
1621 5261 1637 5313 1
1661 5261 1734 5314 Co

1621 5261 1783 5316 lCor.
1809 5278 1880 5326 tv,
1907 5261 1999 5324 l6;
2034 5277 2110 5324 χι,
2135 5262 2187 5313 2.
2262 5262 2304 5294 ⁵⁸
2328 5261 2460 5316 Luc.
2483 5262 2742 5323 “111,15.
2817 5263 2860 5293 ⁸⁸
2893 5263 2932 5315 ll
2963 5263 3085 5321 Cur.

261 5325 271 5376 l
304 5324 462 5377 Cor.
510 5339 581 5385 ιι,
606 5324 659 5375 7.
732 5320 778 5350 ⁸⁵³
802 5320 822 5370 l
850 5318 966 5372 Cor.
993 5332 1064 5380 XI,
1095 5319 1173 5372 28.
1259 5320 1350 5370 ⁸³1
1381 5322 1515 5377 Tim.
1545 5342 1626 5395 tu,
1652 5330 1738 5384 15.

261 5443 480 5505 tritor.
542 5435 686 5502 Lego
731 5446 860 5484 cum
909 5429 1134 5487 Ferrario
1183 5435 1469 5504 ἀμεταμέ-

261 5591 359 5642 ρῳ
399 5576 518 5625 καὶ
567 5567 650 5635 μὴ
699 5564 970 5630 περίσση.
998 5562 1131 5634 Lego
1161 5581 1293 5620 cum
1331 5567 1465 5622 Fer-

1573 5441 1836 5512 rarioobv
1868 5440 2048 5512 μέτρῳ
2079 5425 2168 5512 καὶ
2200 5442 2271 5512 μὴ
2311 5444 2589 5512 περισσὴν.

1643 5509 1750 5582 (68)
1778 5509 1882 5582 Κᾳὶ
1910 5509 2429 5582 ταπεινῷὴὲαυτὸν
2451 5509 2908 5582 ἐκεινῳγλεγέτω.
2955 5511 3073 5566 Pcn-

1573 5576 1693 5630 dula
1723 5577 1908 5642 oratio,
1939 5593 2052 5646 qua:
2086 5580 2313 5634 hiulcum
2349 5581 2519 5634 locum
2548 5581 2739 5646 prodit.

2583 5776 2660 5795 τά...
