3820 6206
1005 231 1344 305 οοιιιιιῖιιτ.
1387 249 1448 302 IN
1486 248 1670 303 JOAN.
1706 249 1938 303 TOMUS
1975 247 2196 301 xxvm.

3077 248 3174 296 {5911

279 361 314 429 ig
344 361 413 413 καὶ
439 359 729 431 διαλογισμῶν
769 361 873 432 (69)
913 363 1214 432 ἀναπέμπει
1262 362 1358 431 τὴν
1387 362 1565 430 εὐχήν.
1598 371 1638 423 Α
1666 377 1787 432 νει-ι

1666 377 1760 432 per
1785 363 2026 416 actiones
2048 361 2384 416 sustollentes
2413 369 2569 429 alque
2601 360 2894 415 exaltantes
2925 361 3174 427 animam,

278 469 300 501 υ
332 451 505 520 γὰρκαὶ
533 451 613 502 τῶν
660 452 939 521 ὀφθαλμῶν
985 452 1276 521 αἰρομένων
1312 452 1438 516 ἀνω,
1487 450 1570 502 διὰ
1666 451 1786 506 Mosi

1669 451 1868 506 Moseos
1916 465 2060 503 more
2088 451 2130 480 '“
2163 451 2231 502 ita
2282 449 2604 503 snstollentis
2651 463 2873 512 manus,
2919 459 2978 502 ιιι
3018 450 3177 504 etiam

277 539 450 602 ἐννοίας,
473 541 542 592 καὶ
567 540 647 608 τῆς
674 541 913 610 θεωρίας,
951 542 1042 593 καὶ
1081 541 1186 593 τῶν
1213 540 1402 609 χειρῶν
1427 542 1572 592 ὲπαι-
1668 541 1784 594 dice

1671 541 1899 594 diceret:
1949 556 1968 589 ι
1999 539 2238 592 Elevatio
2284 552 2533 591 manuum
2578 552 2811 591 mearum
2863 539 3179 593 sacriﬁcium

279 646 362 680 νων
383 631 426 680 ὲν
448 629 649 698 πράξεσιν
674 631 1032 700 ὲπαιρούσαις,
1059 631 1150 683 καὶ
1175 629 1428 697 ὑψούσαις
1465 631 1564 698 τὴν

281 736 319 778 ν,
349 717 407 778 ὡς
445 718 572 786 ἐπῆρε
597 719 822 787 Μωῦσῆς
861 719 954 780 τάς
999 721 1199 788 χεῖρας,
1235 717 1356 770 ὥστ’
1394 717 1458 770 ἂν
1500 721 1566 770 ei-

277 824 284 838 -
315 827 330 856 ι
356 807 561 878 Ἐπαρσις
583 809 675 860 τῶν
702 811 891 880 χειρῶν
924 827 1018 880 μου
1053 811 1207 863 θυσία
1249 812 1520 881 ἐσπερινὴ,
1543 830 1575 861 »ι

282 899 450 967 ληκῖται
488 899 564 968 μὲν
583 899 669 952 καὶ
714 902 906 964 πάντες
933 905 978 954 οἱ
1023 903 1232 972 ἀόρατοι
1269 901 1446 971 ἐχθροὶ
1475 903 1567 971 ητ-

275 1004 436 1049 τονται,
463 990 500 1039 οἱ
526 989 569 1039 ἐν
598 991 723 1057 ἡμῖν
752 990 807 1040 δὲ
845 991 1181 1060 Ἰσραηλῖται,
1221 990 1461 1058 λογισμοὶ
1495 1005 1570 1041 νι-

1666 630 2019 696 vespertinum
2046 629 2125 692 7’;
2160 646 2178 679 ι
2217 627 2550 693 Amalecitte,
2596 636 2650 681 et
2675 641 2860 682 omnes
2894 628 3181 682 invisibiles

1669 719 1867 773 inimici
1891 720 2201 783 vincentur;
2238 717 2487 772 Israelita:
2513 732 2660 780 vero,
2687 731 2876 784 nempe
2903 717 3180 787 c0gitatio-

1663 822 1756 860 nes
1791 816 1980 860 nostra;
2001 806 2228 861 vincent.
2257 805 2520 861 Hactenus
2551 806 2615 860 de
2639 821 2701 859 eo
2723 807 2862 874 quod
2884 817 2986 871 est,
3013 824 3032 858 ι
3062 821 3182 860 sus-

1667 897 1785 949 tulit
1839 896 2022 949 oculos
2048 894 2199 949 Jesus
2238 908 2488 958 sursum,
2513 904 2568 949 et
2592 895 2749 958 dixit,
2783 914 2803 945 ι
2830 896 2882 948 in
2905 909 3060 963 quem
3099 894 3176 950 lo-

1665 999 1785 1038 cum
1811 985 2040 1037 diximus
2063 997 2178 1050 qua:
2207 984 2358 1039 nobis
2395 993 2518 1037 sunt
2547 984 2659 1037 visa
2687 986 3000 1037 conducere.

275 1094 347 1132 ισι,
371 1076 563 1128 Τοσαῦτα
585 1078 669 1129 καὶ
697 1079 773 1140 είς
809 1079 896 1131 τόο
932 1097 951 1129 r
973 1080 1030 1130 '0
1063 1081 1258 1150 Ἰησοῦς
1292 1078 1388 1151 ἦρε
1412 1080 1531 1140 τοὺς
1566 1074 1864 1143 ὀφθαλμοὺς
1887 1075 2012 1137 ἀνω,
2053 1074 2144 1126 καὶ
2177 1069 2312 1136 εἷπε,
2359 1091 2378 1124 ι
2424 1070 2564 1125 κατά
2598 1070 2748 1124 τοῦτο
2797 1071 3022 1140 φανέντα
3052 1073 3181 1142 ἡμῖν

278 1166 379 1217 υθα.

277 1275 291 1304 ι
315 1255 477 1324 Πάτερ,
501 1256 768 1325 εὐχαριστῶ
795 1273 892 1319 σοι,
914 1258 992 1309 ὅτι
1020 1259 1248 1327 ἤκουσάς
1280 1277 1394 1328 μου.
1431 1257 1566 1325 Ἐγὼ

274 1361 358 1405 ειν,
392 1346 458 1396 ὅτι
495 1345 691 1396 πάντοτέ
741 1361 840 1414 μου
895 1346 1137 1408 ἀκούεις·
1185 1347 1314 1399 ἀλλά
1364 1347 1448 1400 διά
1477 1348 1566 1399 τὸν

298 1433 376 1484 τὸν
405 1433 688 1502 περιεστῶτα
738 1429 903 1494 εἷπον,
953 1435 1038 1487 ἵνα
1070 1436 1440 1498 πιστεύσωσιν,
1484 1437 1564 1487 ὅτι

289 1521 610 1582 ἀπέστειλας.»
643 1522 808 1591 Εἴπερ
839 1526 945 1586 τοῖς
979 1524 1143 1588 ἀξίοις
1169 1525 1272 1576 τῶν
1312 1526 1366 1576 ὲν
1410 1525 1566 1595 σαρκὶ

274 1625 320 1664 ιν,
359 1609 535 1698 καὶμὴ
564 1610 690 1661 κατὰ
736 1610 908 1681 σάρκα
943 1615 1367 1682 στρατευομένων
1409 1615 1563 1682 εύχο-
1593 1645 1633 1698 Β

283 1734 296 1755 ,
332 1697 518 1766 τοιαύτη
548 1715 619 1760 τις
659 1698 866 1767 λέγεται
897 1701 996 1754 ὑπὸ
1031 1703 1160 1755 Θεοῦ
1192 1704 1315 1774 περὶ
1350 1704 1444 1773 τῆς
1481 1704 1565 1755 εύ-

271 1785 394 1836 ύτῶν
446 1787 744 1854 ἐπαγγελία·
795 1809 813 1838 r
843 1791 947 1841 Καὶ
990 1791 1065 1843 ἔτι
1132 1793 1405 1855 λαλοῦντός
1474 1809 1563 1844 σου

271 1873 382 1926 Ἰδοὺ
413 1875 625 1944 πάρειμι,
652 1896 668 1926 ι
706 1879 755 1928 τί
794 1879 894 1948 χρὴ
929 1880 1160 1948 νομίζειν
1204 1883 1292 1934 ἐπὶ
1333 1883 1424 1934 τοῦ
1457 1883 1566 1933 Σω-

271 1961 340 2010 cui.
363 1961 566 2029 Κυρίου;
592 1964 642 2030 ἢ,
684 1982 700 2013 ι
730 1964 860 2033 Πρὶν
893 1965 1112 2035 λαλῆσαί
1151 1984 1227 2026 σε,
1269 1968 1398 2038 ἐρῶ·
1437 1969 1562 2020 Ἰδοὺ

281 2064 326 2109 ι;
357 2068 373 2097 ι
400 2049 531 2116 ’Λμα
557 2052 656 2120 γὰρ
681 2073 698 2102 ‹
721 2049 818 2122 ἦρε
845 2055 965 2116 τοὺς
987 2055 1284 2124 ὀφθαλμοὺς
1314 2057 1441 2117 ἀνω,
1475 2059 1564 2109 καὶ

287 2135 345 2186 Τί
374 2135 423 2187 δὲ
447 2133 611 2200 sirm;
644 2139 704 2190 Εί
728 2135 835 2192 οἷόν
859 2141 916 2191 τέ
959 2143 1100 2192 ἐστιν
1127 2142 1199 2202 ὡς
1236 2143 1292 2192 ἐν
1314 2140 1564 2202 τοιούτοις

269 2227 404 2278 εσθαι
435 2227 552 2296 (70),
574 2229 868 2292 ἀκολούθως
897 2231 998 2300 τῴ-
1029 2250 1046 2280 ι
1076 2232 1207 2301 Πρὶν
1237 2233 1461 2300 λαλῆσαί
1485 2249 1561 2294 σε,

275 2316 358 2368 δοὺ
397 2318 624 2387 πάρειμι,
655 2337 674 2369 ›
707 2320 790 2370 ἵνα
820 2321 995 2372 πλεῖον
1088 2320 1145 2372 τὸ
1178 2322 1307 2390 πρὸς
1344 2323 1432 2373 τὸν
1459 2324 1565 2373 Σω-

269 2407 332 2470 'l)
366 2406 627 2475 λεγόμενον
661 2409 808 2477 παρά
827 2411 884 2460 τὸ
897 2412 950 2460 ὲν
965 2412 1029 2479 τῇ
1047 2410 1177 2477 πρὸς
1198 2411 1318 2472 τοὺς
1337 2411 1564 2473 δικαίους

269 2496 346 2564 ti;
377 2498 764 2566 γεγραμμένον
803 2517 820 2548 ι
850 2499 963 2550 Ἔτι
991 2499 1266 2560 λαλοῦντός
1302 2517 1389 2550 σου
1419 2501 1559 2567 ὲρεῖο

267 2583 477 2652 τάρειμι.
507 2603 524 2633 ι
560 2585 621 2635 Τί
643 2581 731 2636 οὗν
765 2582 912 2648 εἶπες
960 2586 1218 2658 Προέθετο
1258 2587 1350 2655 μὲν
1397 2589 1564 2639 εἰπεῖν

271 2672 617 2737 προλαϐόντος
637 2674 691 2725 δὲ
719 2673 814 2743 τὴν
840 2675 998 2744 εὐχὴν
1020 2674 1180 2725 αὐτοῦ
1211 2675 1303 2726 τοῦ
1329 2675 1564 2737 εἰπόντος

267 2762 317 2812 3'
353 2781 371 2812 ι
394 2763 523 2832 Πρὶν
552 2763 768 2832 λαλῆσαί
811 2780 888 2826 σε,
929 2763 1063 2832 ἐρῶ·
1106 2765 1230 2817 Ἰδοὺ
1264 2765 1512 2834 πάρειμι,
1540 2783 1558 2813 ι

267 2869 289 2912 ς
320 2851 456 2903 κατά
496 2852 746 2921 πρόθεσιν
788 2852 852 2904 ἂν
891 2853 1162 2921 λεχθείσης
1202 2853 1364 2921 εὐχῆς
1421 2853 1562 2919 λέγει

1726 1253 1778 1306 5.
1811 1269 1830 1301 ι
1866 1249 2046 1314 Pater,
2073 1248 2270 1318 gratias
2296 1261 2396 1316 ago
2427 1247 2546 1311 tibi,
2576 1247 2826 1314 quoniam
2853 1248 3042 1301 audisti
3073 1260 3174 1302 me.

1659 1344 1766 1410 Ego
1793 1351 1970 1394 autem
2017 1339 2249 1394 sciebam
2301 1339 2440 1406 quod
2490 1352 2698 1406 semper
2727 1354 2809 1392 me
2852 1339 3035 1405 audis;
3086 1341 3178 1394 sed

1661 1441 1878 1500 propter
1903 1430 2116 1489 turbam.
2133 1444 2248 1498 quae
2292 1429 2638 1490 circumstat,
2670 1429 2812 1491 dixi,
2857 1437 2917 1482 ut
2960 1431 3178 1484 credant

1659 1522 1798 1591 quod
1826 1532 1878 1574 ιιι
1911 1535 1994 1574 me
2023 1520 2232 1572 miseris
2268 1518 2338 1574 ⁷³.
2377 1537 2397 1570 ι
2434 1518 2488 1571 Si
2519 1517 2793 1570 orantibus
2839 1519 2966 1572 viris
2999 1519 3179 1586 probis

1663 1613 1714 1665 in
1747 1626 1906 1665 carne
1935 1610 2254 1671 viventibus,
2287 1623 2382 1661 nec
2410 1609 2696 1661 secundum
2721 1623 2930 1660 carnem
2957 1609 3179 1660 militan-

1663 1700 1801 1754 tibus
1829 1700 1894 1762 ⁷⁸,
1947 1699 2050 1751 tale
2093 1699 2337 1763 quiddam
2392 1697 2634 1764 promisit
2682 1697 2821 1749 Deus
2869 1711 2962 1763 pro
2993 1712 3175 1750 eorum

1659 1803 1843 1855 prece:
1883 1807 1902 1839 ι
1943 1788 2109 1840 Etiam
2136 1788 2308 1840 adhuc
2355 1786 2604 1855 loquente
2647 1798 2729 1850 te,
2783 1788 2987 1839 dicam:
3041 1788 3177 1841 Ecce

1659 1878 1842 1931 adsum
1863 1877 1928 1938 ⁷⁸,
1961 1897 1980 1928 ι
2009 1876 2136 1944 quid
2163 1878 2480 1930 censendum
2504 1885 2581 1930 est
2601 1876 2664 1928 de
2689 1875 2968 1929 Servatore
2999 1885 3050 1928 et
3077 1877 3176 1930 Do-

1661 1966 1841 2018 mino?
1868 1981 2039 2018 nonne
2060 1966 2184 2017 hoc:
2223 1983 2240 2015 ι
2269 1966 2563 2032 Antequam
2591 1965 2826 2031 loquaris
2854 1975 2930 2028 tu,
2962 1965 3133 2018 dicam
3156 1980 3173 2017 :

1661 2055 1792 2108 Ecce
1811 2055 2030 2106 adsum?
2057 2073 2075 2103 ι
2109 2054 2273 2107 Simul
2299 2055 2438 2106 enim
2471 2072 2489 2104 ι
2512 2053 2721 2107 sustulit
2739 2053 2919 2108 oculos
2942 2069 3174 2120 sursum,

1660 2154 1714 2196 et
1741 2144 1888 2195 dixit.
1919 2162 1940 2192 ι
1974 2143 2108 2207 Quid
2135 2143 2299 2196 dixit?
2320 2143 2374 2196 Si
2405 2144 2516 2196 ﬁeri
2543 2153 2717 2209 potest
2743 2153 2799 2196 ut
2823 2143 3176 2210 conjectemus

1661 2233 1715 2285 in
1752 2233 1958 2296 talibus,
1989 2231 2144 2300 375
2175 2241 2558 2298 consequenter
2589 2233 2710 2284 huic
2739 2232 2914 2284 dicto:
2961 2249 2979 2282 ι
3010 2232 3175 2285 Ante-

1658 2337 1816 2389 quam
1849 2322 2079 2389 loquaris
2113 2332 2187 2384 tu,
2227 2322 2398 2374 dicam
2427 2337 2440 2372 :
2474 2320 2605 2374 Ecce
2636 2321 2838 2384 adsum,
2871 2340 2888 2371 ι
2925 2331 2979 2373 ut
3008 2323 3175 2387 majus

1661 2413 1726 2464 sit
1755 2412 1895 2478 quod
1929 2411 2122 2462 dicitur
2165 2411 2229 2462 ad
2263 2409 2630 2486 Servatorem,
2679 2424 2832 2474 quam
2879 2411 3016 2476 quod
3043 2411 3178 2464 scri-

1661 2509 1804 2566 ptum
1833 2498 1989 2551 l'uerit
2021 2499 2068 2550 in
2119 2499 2506 2566 promissione,
2557 2513 2672 2564 quae
2716 2507 2796 2550 est
2837 2500 2900 2550 ad
2941 2509 3174 2564 sanctos,

1661 2601 1879 2654 nempe:
1911 2604 1931 2638 ι
1961 2589 2147 2640 Adhuc
2168 2598 2215 2639 te
2242 2587 2506 2654 loquente,
2529 2588 2698 2639 dicam
2726 2604 2739 2638 :
2763 2585 2900 2640 Ecce
2921 2589 3124 2642 adsum.
3149 2602 3173 2638 ιι

1660 2675 1813 2740 Quid,
1849 2675 2078 2740 inquam,
2108 2674 2275 2726 dixit?
2299 2675 2644 2740 Proposuerat
2675 2673 2927 2728 Servator
2951 2676 3176 2742 precari,

1661 2766 1754 2818 sed
1807 2771 2202 2829 pratoccupante
2244 2762 2383 2815 illius
2430 2763 2790 2827 precationem
2851 2764 2939 2817 illo
2990 2765 3080 2832 qui
3126 2765 3178 2820 ei

1660 2851 1912 2904 dixerat:
1945 2867 1962 2898 ι
2003 2849 2298 2916 Antequam
2323 2849 2557 2915 loquaris
2583 2859 2659 2911 tu,
2686 2850 2898 2903 dicam:
2930 2851 3062 2905 Ecce
3083 2853 3179 2904 ad-

276 2939 361 3007 τῷ
395 2939 706 3008 προλαϐόντι
747 2940 843 3009 τὴν
886 2941 1044 3010 εὐχὴν
1073 2941 1435 3010 εὐχαριστίαν
1473 2944 1562 2994 καὶ
1587 2952 1627 3008 c
1663 2953 1776 2990 sum

1669 2953 1812 3000 sum,
1850 2955 1868 2986 ι
1928 2951 2023 3002 pro
2067 2938 2406 3001 precatione,
2443 2951 2603 3002 quam
2650 2937 2828 2989 animo
2872 2946 3177 3004 conceptam

269 3016 480 3090 οὐσθεὶς
508 3029 590 3095 ἐφ’
609 3023 687 3090 οἷς
722 3027 961 3096 ἐνενόησε
995 3027 1167 3096 μόνον,
1191 3029 1248 3078 ού
1271 3029 1564 3098 προήνεγκε

265 3117 491 3186 ὶχεσθαι,
531 3117 695 3186 φησί·
747 3133 764 3166 ι
790 3116 984 3186 Πάτερ,
1026 3115 1322 3186 εὐχαριστῶ
1349 3133 1460 3180 σοι,
1487 3117 1564 3168 ὃτι

301 3223 429 3274 μου.
458 3225 477 3255 ι
517 3205 775 3274 Ἐμελλεν
831 3202 920 3258 οὖν
969 3204 1216 3273 εὔχεσθαι
1283 3205 1408 3274 περὶ
1467 3205 1564 3272 τῆς

307 3292 681 3353 ἀναστάσεως,
717 3293 808 3344 καὶ
848 3291 1126 3360 προλαϐὼν
1165 3291 1326 3343 αὐτοῦ
1355 3292 1450 3360 τὴν
1478 3293 1565 3343 εύ-

265 3382 384 3442 5νος
425 3380 635 3447 ἀγαθὸς
672 3379 800 3442 Θεὸς
845 3383 936 3434 καὶ
980 3381 1186 3452 Πατὴρ,
1222 3381 1414 3450 ἤκουσε
1459 3379 1564 3432 τῶν

265 3488 306 3524 ιν
354 3471 620 3538 λέγεσθαι
643 3474 699 3525 ἐν
728 3475 792 3542 τῇ
834 3473 982 3542 εὐχῇ,
1023 3473 1104 3540 ἐφ’
1134 3466 1211 3534 οἷς
1255 3473 1312 3523 ἐν
1352 3471 1564 3541 ἐπηκόῳ

266 3561 580 3632 εστηκότος
611 3562 768 3614 αὐτὸν
801 3561 955 3631 ὄχλου
985 3559 1288 3629 ἀναπέμπει
1328 3560 1444 3611 ἀντὶ
1484 3559 1564 3612 εὐ-

266 3652 510 3720 ριστίαν
549 3652 580 3703 ὁ
623 3651 830 3720 Σωτὴρ,
857 3649 948 3702 δύο
992 3649 1106 3718 ἅμα
1130 3649 1311 3711 ποιῶν,
1347 3647 1436 3699 καὶ
1477 3649 1562 3699 εύ-

307 3742 402 3807 ἑφ⁹
431 3735 522 3803 οἷς
568 3741 723 3808 ἔτυχε
770 3739 894 3809 περὶ
924 3739 1016 3791 τοῦ
1048 3739 1310 3808 Λαζάρου,
1347 3741 1437 3793 καὶ
1475 3757 1562 3792 πι-

299 3830 401 3882 τὸν
454 3829 854 3898 περιεστηκότα
888 3828 1042 3881 αὐτὸν
1081 3829 1231 3898 ὄχλον
1253 3846 1266 3859 ο
1319 3831 1562 3884 ἐϐούλετο

265 3937 318 3980 ,νς
348 3918 776 3988 παραδέξασθαι
805 3917 879 3980 ὡς
903 3918 1007 3988 ἄρα
1027 3918 1132 3970 ἀπὸ
1157 3918 1286 3970 Θεοῦ
1309 3921 1563 3974 ἀπεσταλμ

294 4011 410 4080 βίῳ
440 4007 862 4079 ὲπιδεδήμηκεν.
903 4011 1078 4076 Ἔγνω
1104 4008 1158 4061 δὲ
1193 4010 1557 4074 ἐπακουσθεὶς,

265 4097 548 4164 πνεύματι
581 4092 738 4158 εἶδεν,
780 4097 861 4148 ὅτι
901 4096 1234 4165 ἀποκατέστη
1263 4098 1294 4166 ἡ
1324 4098 1415 4150 τοῦ
1457 4099 1562 4149 Λα-

265 4185 328 4252 (ὴ
373 4185 481 4236 ἐπὶ
512 4183 580 4236 τὸ
611 4184 768 4251 σῶμα
802 4184 981 4247 αὑτοῦ,
1021 4186 1424 4255 ἀναπεμφθεωα
1457 4189 1562 4240 ἀπὸ

1661 3029 1896 3078 dicturus
1925 3034 2040 3078 erat
2065 3023 2232 3086 Patri,
2267 3025 2356 3092 qui
2383 3033 2780 3091 prmoccuparat
2818 3039 3019 3091 preces,
3051 3039 3174 3092 gra-

1661 3118 1757 3170 tias
1788 3117 1926 3184 agit:
1958 3126 2010 3169 et
2035 3117 2184 3182 quasi
2211 3118 2487 3170 exauditus
2519 3118 2704 3170 luisset
2731 3126 2946 3184 propter
2966 3131 3028 3170 ea
3059 3131 3178 3186 quae

1657 3207 1834 3258 animo
1864 3214 2064 3258 tantum
2108 3217 2452 3273 conceperat,
2495 3221 2601 3260 non
2673 3214 2844 3258 tamen
2887 3207 3178 3274 protulerat

1659 3294 1947 3360 precando,
1980 3293 2148 3360 inquit
2175 3312 2190 3348 :
2238 3312 2256 3344 ι
2291 3294 2476 3360 Pater,
2505 3295 2704 3363 gratias
2728 3310 2827 3365 ago
2867 3296 2997 3362 tibi,
3035 3299 3176 3365 quod

1659 3382 1848 3434 audisti
1885 3397 1988 3435 me.
2025 3401 2042 3432 ι
2073 3381 2388 3436 Precaturus
2413 3397 2538 3452 ergo
2587 3393 2703 3436 erat
2737 3399 2833 3452 pro
2861 3384 3044 3439 Lazari
3093 3400 3177 3439 re-

1657 3469 2016 3531 surrectione,
2039 3479 2091 3522 et
2118 3485 2496 3538 praeoccupans
2526 3469 2664 3524 illius
2707 3473 3060 3538 precationem
3091 3488 3177 3526 so-

1659 3556 1738 3610 lus
1768 3556 1857 3610 ille
1886 3558 2056 3610 bonus
2083 3558 2218 3612 Deus
2245 3559 2291 3608 'i‘
2310 3569 2362 3612 et
2388 3561 2566 3625 Pater,
2593 3561 2796 3614 audivit
2815 3576 2928 3628 quae
2954 3561 3176 3616 dicenda

1659 3654 1814 3698 erant
1839 3644 1890 3697 in
1925 3645 2264 3713 precatione,
2291 3662 2386 3713 pro
2415 3648 2607 3715 quibus
2640 3647 2694 3700 in
2737 3648 2998 3716 frequenti
3027 3650 3167 3703 audi-

1660 3736 1802 3789 torio
1833 3735 2229 3790 circumstantis
2259 3737 2425 3805 ipsum
2458 3737 2652 3802 turbat,
2697 3752 2908 3806 precum
2942 3741 3058 3792 vice
3088 3753 3174 3792 re-

1659 3826 1824 3880 mittit
1864 3827 2155 3893 gratiarum
2191 3827 2451 3879 actionem
2499 3828 2796 3880 Servator:
2833 3826 2935 3880 duo
2979 3827 3177 3894 pariter

1657 3915 1886 3980 l‘aciens,
1915 3925 1968 3969 et
1990 3915 2186 3984 gratias
2208 3929 2368 3983 agens
2397 3929 2491 3983 pro
2517 3916 2599 3969 his
2617 3929 2733 3983 qua:
2771 3915 2836 3968 de
2865 3913 3065 3970 Lazaro
3093 3929 3179 3969 as-

1656 4015 1868 4059 secutus
1898 4003 2095 4066 fuerat,
2132 4012 2186 4058 et
2221 4004 2654 4058 circumstantem
2681 4003 2782 4056 sibi
2817 4004 3022 4057 turbam
3047 4017 3178 4056 con-

1658 4091 1894 4148 ﬁrmans.
1927 4089 2148 4146 Volebat
2169 4090 2308 4145 enim
2339 4089 2522 4154 Jesus,
2557 4100 2615 4143 ut
2661 4092 2713 4144 hi
2756 4091 3095 4144 admitterent
3117 4103 3178 4144 se

1657 4193 1686 4232 a
1718 4180 1824 4234 Deo
1848 4182 2104 4244 missum,
2150 4183 2216 4232 ad
2241 4179 2376 4234 hanc
2420 4181 2581 4232 vitam
2608 4180 2903 4233 advenisse.
2946 4179 3184 4247 Agnovit

265 4293 311 4325 ιυ
373 4273 501 4327 τῶν
538 4274 746 4344 ψυχῶν.
795 4276 865 4328 Ού
909 4274 1016 4344 γὰρ
1063 4275 1356 4346 νομιστέον,
1403 4277 1483 4329 ὅτι
1524 4280 1557 4347 ὴ
1590 4275 1632 4328 D
1658 4276 1773 4321 Ἆυῑε

1663 4276 1833 4321 autem
1861 4283 1918 4321 se
1943 4270 2245 4322 exauditum
2269 4309 2284 4330 ,
2309 4269 2558 4337 quoniam
2589 4269 2776 4337 spiritu
2805 4279 2956 4323 norat
2985 4269 3171 4324 Lauri

265 4362 559 4432 Λαζάρου
608 4365 789 4433 παρῆν
817 4363 892 4432 τῷ
925 4363 1126 4433 σώματι
1168 4367 1300 4434 μετά
1329 4366 1422 4436 τὴν
1449 4366 1560 4432 ἑξο-

266 4467 299 4511 ς
353 4450 643 4522 παροῦσα
671 4450 874 4519 ταχέως
905 4451 1098 4520 ἤκουσε
1130 4451 1419 4521 κράξαντος
1466 4455 1558 4522 ’1η-

275 4539 533 4601 ξπόντος
553 4555 570 4572 ο
615 4557 635 4589 r
660 4539 893 4609 Λάζαρε,
919 4539 1074 4609 δεῦρο
1107 4540 1227 4603 ἔξω.
1253 4560 1271 4591 ι
1297 4544 1365 4593 Ἢ
1401 4542 1555 4612 εἴπερ

265 4644 332 4678 res
344 4628 409 4696 ρὶ
441 4628 561 4695 τῆς
594 4627 840 4695 Λαζάρου
864 4627 1033 4697 ψυχῆς
1057 4628 1434 4698 ὑπολαμϐάνει,
1463 4632 1552 4683 καὶ

265 4716 324 4766 τὸ
361 4716 522 4784 περὶ
567 4716 673 4783 τῆς
698 4715 1090 4787 ἀπαλλαγείσης
1125 4717 1293 4787 ψυχῆς
1321 4718 1413 4771 τοῦ
1451 4719 1551 4771 σώ-

265 4821 410 4866 πον,
448 4803 543 4865 ὡς
585 4804 1092 4875 παρακαθεζομένης
1130 4806 1202 4874 τῷ
1232 4808 1423 4877 νεκρῷ,
1466 4810 1551 4861 λε-

291 4893 593 4964 ἠκούσοη
639 4897 667 4946 ὁ
706 4895 904 4965 Ἰησοῦς
945 4896 1049 4948 ἀπὸ
1091 4894 1181 4947 τοῦ
1215 4897 1437 4965 Πατρὸς,
1467 4899 1553 4965 μέ-

300 4983 551 5054 νεκροῦ
603 4983 698 5035 τοῦ
739 4985 982 5054 Λαζάρου
1022 4983 1292 5051 σώματος,
1334 4987 1425 5036 καὶ
1457 4986 1554 5054 τῆς

265 5075 648 5145 ωρισμένης
689 5073 806 5143 μὲν,
845 5074 918 5136 ὡς
963 5072 1165 5142 οἰηθείη
1208 5072 1272 5124 ἄν
1318 5090 1398 5135 τις
1442 5075 1550 5144 (72)

266 5181 443 5226 xvtt,
495 5166 597 5218 Η.

267 5235 290 5263 ⁷
325 5233 530 5285 Joan.
569 5248 654 5295 ιι,
682 5232 768 5286 45.

265 5337 344 5375 ex
387 5322 664 5383 Regius,
693 5319 846 5381 male,
869 5319 954 5371 διά
982 5315 1253 5383 λογισμοῦ.

266 5407 336 5444 ex
377 5384 783 5449 BoJleianus,
814 5384 1183 5454 στοχάσασθαι.

265 5474 336 5510 ex
412 5457 800 5523 Bodleianus,
830 5449 1046 5523 optime,
1084 5451 1171 5523 ἵνα
1214 5449 1448 5523 πλεῖονῇ
1493 5453 1549 5523 τὸ

265 5525 394 5595 στῆ
408 5543 500 5595 pa
529 5540 544 5553 ο
585 5522 807 5588 Regius,
835 5517 982 5584 male,
1017 5517 1298 5573 ἀναπλείου
1341 5518 1370 5587 ἢ
1413 5517 1547 5588 πρὸς

711 5165 752 5233 τ’
781 5163 918 5218 Psal.
952 5179 1070 5227 ch,
1091 5162 1144 5215 2.
1217 5162 1262 5192 ⁷³
1282 5161 1429 5216 Joan.
1456 5180 1528 5230 ιι,
1550 5168 1638 5233 41,
1665 5167 1751 5222 4‘2.

1659 4357 1887 4409 animam
1923 4359 2194 4410 remissam
2231 4357 2296 4410 ab
2319 4357 2612 4410 animarum
2647 4358 2785 4421 loco,
2811 4359 3018 4426 corpori
3059 4356 3174 4425 eius

1661 4446 1978 4500 restitutam.
2022 4446 2128 4502 Nec
2163 4449 2302 4500 enim
2340 4450 2660 4500 censendum
2701 4456 2783 4501 est
2816 4450 2954 4516 quod
2987 4449 3176 4505 Lazari

1655 4535 1829 4587 anima
1878 4537 2088 4589 adesset
2132 4537 2338 4604 corpori
2390 4545 2508 4602 post
2559 4552 2710 4589 suum
2759 4552 3074 4603 excessum,
3117 4546 3174 4592 et

1654 4625 1790 4691 quod
1831 4625 1982 4692 quasi
2023 4625 2263 4679 celeriter
2305 4643 2569 4694 praesens,
2607 4643 2726 4680 cum
2772 4628 3053 4682 clamasset
3083 4625 3172 4680 3e-

1651 4731 1774 4777 sus,
1821 4713 2147 4782 dixissetque
2179 4734 2192 4770 :
2230 4735 2248 4767 t
2277 4717 2476 4771 Lazare
2503 4761 2517 4782 ,
2554 4718 2702 4786 prodi
2747 4717 2886 4769 foras
2914 4718 2980 4782 "",
3021 4735 3039 4768 ι
3074 4732 3170 4769 au-

1653 4807 1828 4870 dierit,
1856 4808 2237 4878 conjunctaque
2262 4813 2464 4876 corpori
2491 4813 2668 4865 fuerit.
2697 4808 2942 4874 Alioquin
2971 4807 3015 4859 si
3050 4807 3169 4872 quis

1655 4896 1754 4950 hoc
1777 4897 1841 4949 de
1869 4895 2053 4949 Lazari
2089 4898 2262 4949 anima
2294 4900 2593 4964 suspicatur
2615 4935 2629 4960 ,
2683 4893 3168 4960 absurditatemque

1653 4985 1899 5038 admittat
1941 4986 2006 5037 de
2057 4985 2228 5038 anima
2281 5001 2309 5036 a
2361 4999 2581 5052 corpore
2647 4983 2900 5043 liberata,
2946 4981 3165 5048 perinde

1655 5078 1802 5141 quasi
1836 5082 2041 5126 mortuo
2063 5075 2324 5135 assideat,
2357 5075 2500 5126 dicat
2524 5073 2784 5140 quomodo
2817 5071 3023 5121 auditus
3055 5068 3188 5150 [ιλιι-ι

1849 5167 1895 5197 ⁷⁸
1918 5165 1958 5218 Il
1983 5166 2103 5218 Cor.
2134 5181 2186 5224 x.
2209 5165 2260 5217 3.
2341 5165 2385 5196 ⁷⁸
2408 5164 2527 5219 lsai.
2561 5179 2708 5225 Lvm,
2745 5165 2796 5218 9.
2901 5161 2945 5191 ⁷⁸
2975 5157 3190 5282 Μδιιδοί

1650 5317 1737 5366 τὸν
1763 5315 1998 5379 Σωτῆρα.

1721 5384 1830 5451 (72)
1875 5381 1968 5451 Ὡς
2010 5375 2222 5451 οἰηθείη
2269 5375 2343 5451 ᾅν
2367 5392 2488 5451 ςτις,
2529 5375 3078 5451 οιοεξιξιιεορὴχιεοιιις
3106 5386 3160 5439 in

1655 5443 1902 5518 eumdem
1937 5447 2083 5518 liunc
2109 5443 2323 5518 Joannis
2367 5443 2534 5518 locum
2566 5460 2576 5493 :
2614 5446 2765 5518 Μέγα
2796 5447 2850 5498 δὲ
2878 5443 3107 5518 ἔκραξεν
3134 5457 3160 5505 ὁ

1657 5519 1846 5588 Κύριος
1882 5514 1962 5565 διὰ
1999 5512 2149 5564 τοῦτο
2172 5549 2184 5572 ,
2222 5510 2307 5563 ἵνα
2350 5511 2415 5562 τὰ
2461 5510 2562 5562 τῶν
2625 5513 2880 5582 Ἑλλήνων
2917 5510 3162 5588 ἐμφράξῃ

3231 176 3280 258 ὅ

3270 273 3356 454 ἦν,
