3820 6202
959 279 1307 338 (ΖΟΜΜΕΝΤ.
1350 280 1414 336 ΙΝ
1453 279 1645 340 JOAN.
1680 282 1765 338 ΤΟ

1618 284 1645 340 “.
1680 282 1911 339 TOMUS
1950 285 2177 343 XXVIII.
3048 285 3150 340 698

282 396 326 458 ὰς
350 399 510 468 χεῖρας,
550 401 625 453 καί
658 400 914 471 ἀποθῆται
955 400 1014 452 τὸ
1057 398 1392 467 ἐπικείμενον
1442 400 1535 452 αύ-
1561 406 1605 462 Α
1638 404 1765 455 mar't1

1638 402 1902 467 manibus,
1933 416 1997 455 ac
2032 401 2275 471 deposuit
2308 401 2445 469 quod
2475 399 2777 468 impositum
2813 397 2973 468 379
2996 397 3146 451 faciei

281 491 296 558 ᾖ
318 487 405 556 ὄψει
424 489 623 558 κάλυμμα
648 490 949 562 ἀφαιρεθὲν,
976 488 1254 560 πορεύεται
1283 489 1530 561 τοιαύτην
1628 508 1735 546 sua:
1760 516 1765 535 <

1628 508 1735 546 stite
1760 492 2141 559 operimentum
2164 491 2354 553 fuerat,
2372 493 2602 546 instituit
2627 492 2727 545 iter
2756 490 2878 553 tale,
2903 498 2961 541 ut
2987 491 3145 542 etiam

281 595 328 641 ιν,
347 578 448 631 ὥστε
468 579 622 648 φθάσαι
641 582 795 633 αὐτὸν
822 580 911 633 ἐπὶ
937 580 998 632 τὸ
1022 580 1116 632 ἓνα
1137 580 1228 633 καὶ
1255 579 1412 632 αὑτὸν
1441 597 1530 647 γε·
1626 582 1765 649 ipset

1626 582 1739 649 ipse
1754 595 1818 636 eo
1833 581 2133 650 perveniat.
2161 589 2219 635 ut
2235 582 2303 635 sit
2322 596 2461 636 unus
2482 596 2545 637 ex
2569 579 3003 635 accumbentibus
3027 594 3146 632 cum

296 670 379 721 τῶν
399 671 788 740 συνανακειμένων
816 670 890 739 τῷ
930 669 1116 740 Ἰησοῦ.
1623 669 1765 725 Iesu.

279 758 368 811 [ετά
384 759 501 812 τοῦτο
520 759 586 812 διὰ
610 760 665 812 τό
686 775 701 790 ·
740 777 759 810 ι
802 759 1047 829 Ἐξῆλθεν
1071 762 1098 812 ὁ
1122 760 1406 832 τεθνηκὼς,
1439 762 1525 814 δε-
1693 759 1744 811 7.

1693 759 1744 811 7.
1774 759 1888 815 Jam
1922 768 2137 829 propter
2162 759 2329 814 illud:
2365 777 2384 810 ι
2409 757 2614 814 Prodiit
2644 760 2731 829 qui
2763 770 3001 816 mortuus
3032 759 3146 811 l’ne-

279 868 300 911 ς
325 852 423 912 τοὺς
454 850 580 913 πόδας
619 841 708 902 κάἰ.
738 850 833 911 τὰς
874 854 1057 921 χεῖρας
1094 851 1346 922 κειρίαις,
1390 870 1407 901 ι
1437 851 1525 904 λε-

281 941 347 993 ὄτι
365 940 543 1009 διαφορά
569 941 671 992 ἐστι
700 940 792 992 καὶ
824 940 929 992 τῶν
969 940 1255 1010 δεδεμένων
1286 944 1406 1005 τοὺς
1435 944 1528 996 πό-

279 1050 284 1081 ;
310 1030 389 1091 τὰς
410 1031 578 1100 χεῖρας·
613 1030 700 1083 καὶ
728 1032 787 1083 ού
810 1031 997 1083 ταύτόν
1027 1032 1139 1084 ἐστι
1172 1030 1278 1101 (82)
1301 1032 1396 1102 τὴν
1429 1034 1526 1103 ἀρ-

296 1118 490 1172 δεδέσθαι
514 1119 564 1172 ἐκ
584 1117 668 1188 τοῦ
700 1119 1055 1177 νενεκρῶσθαι
1084 1119 1372 1188 εἰληφέναι,
1392 1117 1527 1171 ὥστε

277 1207 502 1278 ςδεσμοὺς
521 1208 848 1279 ἐπιφέρεσθαι
874 1209 932 1261 τὸ
961 1210 1125 1278 ὄνομα
1154 1210 1251 1279 τῆς
1277 1210 1526 1280 νεκρότηο

277 1318 289 1349 ι
318 1299 406 1371 γάρ
431 1300 476 1353 αἰ
514 1301 691 1369 κειρίαι
716 1301 917 1371 νεκρῶν
942 1303 1042 1353 εἰσι
1070 1300 1301 1369 δεσμοί),
1341 1299 1416 1369 τῷ
1446 1300 1528 1352 δε-

1624 850 1942 914 r‘at,vinctos
1955 852 2153 905 habens
2169 852 2328 918 pedes
2341 860 2395 903 et
2410 864 2593 904 manus
2607 850 2787 907 fasciis
2804 850 3139 912 funereis'h

1623 939 1901 994 dicendum
1946 950 2027 994 est
2064 938 2419 995 differentiam
2460 955 2578 995 esse
2609 941 2747 995 inter
2774 957 2867 996 eos
2898 942 2986 1010 qui
3028 944 3146 996 vin-

1623 1039 1736 1084 ctos
1755 1031 1947 1084 habent
1964 1030 2123 1100 pedes
2152 1041 2205 1084 et
2238 1046 2457 1095 manus;
2498 1044 2593 1083 nec
2618 1032 2755 1085 idem
2779 1047 2896 1086 esse
2920 1032 3147 1099 cmpisse

1622 1117 1776 1188 ligari
1829 1119 1897 1173 ob
1942 1118 2402 1173 mortificationem
2453 1118 2614 1190 (nunc
2672 1134 2899 1187 namque
2945 1121 3145 1191 κειρίαι

1624 1206 1825 1259 vincula
1865 1219 2180 1277 mortuorum
2213 1207 2555 1276 signiﬁcant),
2608 1219 2662 1263 et
2716 1210 2930 1278 ligatum
2977 1210 3143 1266 fuisse

1619 1297 1818 1364 judicio
1854 1298 2082 1363 Domini,
2125 1298 2213 1366 qui
2265 1299 2537 1368 ingressus
2582 1308 2642 1352 ut
2681 1300 2883 1355 videret
2934 1316 3145 1356 accum-

277 1388 354 1457 85)
376 1388 525 1458 κρίσει
549 1388 740 1458 Κυρίου
778 1388 1043 1457 γενέσθαι,
1070 1390 1163 1442 τοῦ
1198 1389 1526 1451 εἰσελθόντος
1623 1389 1765 1442 bentt

1623 1389 1834 1453 bentes,
1862 1404 1983 1443 cum
2017 1390 2236 1445 vidisset
2266 1404 2368 1444 non
2401 1390 2681 1446 habentem
2712 1401 2913 1444 vestem
2939 1393 3145 1458 nuptia-

278 1492 332 1532 παι
349 1480 455 1542 τοὺς
468 1480 839 1549 ἀνακειμένους,
856 1479 947 1532 καὶ
973 1478 1167 1543 εἰδότος
1198 1480 1283 1533 τὸν
1302 1479 1372 1550 μὴ
1387 1479 1525 1532 ἐνδε-
1622 1476 1747 1542 lem,

1622 1476 1747 1542 lem,
1775 1482 1841 1533 de
1870 1493 1937 1533 eo
1961 1478 2130 1534 dixit:
2171 1498 2191 1532 ι
2225 1480 2431 1549 Ligatis
2466 1481 2608 1534 illius
2632 1481 2849 1548 pedibus
2881 1489 2935 1533 et
2973 1481 3144 1533 mani-

284 1569 456 1639 ἐνδυμα
478 1568 650 1638 γάμου,
669 1569 761 1620 καὶ⁴
779 1567 902 1638 περί
920 1566 1077 1620 αὐτοῦ
1103 1568 1353 1630 εἰπόντος·
1379 1586 1396 1618 t
1425 1568 1524 1636 Δή-
1620 1568 1738 1633 bus,

1620 1568 1738 1633 bns,
1769 1568 1944 1636 ejicite
1962 1582 2081 1622 eum
2104 1571 2155 1622 in
2182 1571 2429 1625 tenebras
2459 1571 2752 1624 exteriores
2775 1569 2873 1624 ⁸⁸.»
2926 1568 3144 1639 Insuper

275 1660 394 1711 ιύτοῦ
425 1659 563 1723 πόδας
590 1659 678 1713 καὶ
704 1662 883 1729 χεῖρας
916 1658 1164 1711 ἐκϐάλετε
1184 1658 1341 1711 αὐτὸν
1369 1660 1446 1721 εἰς
1464 1659 1523 1711 τὸ
1551 1721 1586 1729 Δ
1623 1656 1721 1708 hoc
1751 1656 1762 1708 i

1623 1656 1721 1708 hoc
1751 1656 1799 1708 in
1834 1657 1954 1711 loco
1983 1667 2066 1712 est
2098 1659 2337 1713 nonnihil
2384 1658 2523 1728 quod
2566 1668 2718 1727 egeat
2756 1659 3138 1726 inquisitione;

277 1749 302 1799 ὸ
332 1721 575 1818 ἐξώτερον.
612 1767 629 1799 ι
671 1721 821 1800 ’ἐστι
859 1721 913 1799 δέ
954 1765 1005 1800 τι
1052 1749 1106 1799 ἐν
1136 1747 1213 1817 τῷ
1242 1746 1387 1817 τόπῳ
1408 1747 1521 1800 δεό-
1550 1721 1590 1776 Β
1620 1760 1765 1814 nemp

1620 1760 1807 1814 nempe
1824 1748 1944 1799 dum
1959 1747 2151 1801 dicitur
2165 1747 2352 1803 Lazari
2374 1767 2393 1799 ‹
2416 1748 2603 1802 faciem
2619 1747 2830 1801 sudario
2841 1748 3139 1802 obvinctam

275 1837 590 1907 ακρίσεως,ἐν
603 1834 676 1906 τῷ
696 1854 709 1866 ’
751 1856 769 1888 ι
805 1838 910 1890 Καὶ
939 1838 970 1906 ή
996 1836 1113 1905 ὄψις
1143 1835 1303 1889 αὑτοῦ
1338 1836 1520 1889 σουδα-

275 1926 472 1988 εδέδετο,
495 1943 511 1976 ι
536 1927 618 1979 καὶ
648 1928 704 1979 ἐν
736 1925 811 1996 τῷ
838 1927 1091 1996 κάλυμμα
1122 1926 1417 1979 ἐπικεῖσθαι
1446 1926 1522 1996 τῷ

275 2035 283 2064 ι
310 2016 543 2079 Μωσέως,
594 2015 751 2085 ἡνίκα
778 2014 950 2068 ἐλάλει
972 2014 1048 2084 τῷ
1071 2013 1204 2083 λαῷ⁸
1224 2015 1282 2067 τὸ
1308 2016 1401 2084 μὲν
1416 2013 1521 2085 γὰρ

273 2121 342 2155 ιον
372 2106 431 2173 τῇ
466 2103 571 2172 ὄψει
615 2102 707 2156 τοῦ
741 2102 987 2172 Λαζάρου
1022 2101 1294 2171 σουδάριον
1334 2100 1522 2153 ἐκάλυ-

273 2192 343 2243 ῖοῦ
384 2191 768 2262 νενεκρωμένας
810 2191 908 2254 τὰς
938 2192 1147 2262 δράσεις
1168 2208 1180 2220 ο
1216 2190 1274 2242 τὸ
1309 2190 1364 2242 δέ
1393 2192 1519 2243 Μω-

273 2297 415 2350 υμμα
446 2282 552 2334 κατ’
581 2281 882 2351 οἰκονομίαν
918 2277 986 2352 ἦν
1016 2280 1092 2351 τῷ
1128 2280 1395 2351 προσώπῳ
1429 2280 1522 2332 αύ-

273 2371 493 2440 ‹είμενον
528 2371 608 2423 διὰ
653 2373 777 2433 τοὺς
830 2372 901 2441 μὴ
944 2371 1243 2441 χωροῦντας
1287 2370 1391 2423 ἀπὸ
1428 2369 1519 2422 τοῦ

273 2463 332 2530 ᾆν
360 2464 421 2530 τῇ
444 2460 560 2532 δόξῃ
592 2460 773 2513 αὐτοῦ.
808 2462 1065 2529 Ζητήσεις
1091 2460 1145 2512 δὲ
1176 2460 1298 2531 περὶ
1329 2459 1420 2512 τοῦ
1446 2459 1520 2531 μή

272 2567 328 2601 ου
363 2550 468 2619 (85)
515 2550 708 2619 ἔνδυμα
748 2550 953 2618 γάμου,
996 2552 1121 2618 περὶ
1171 2544 1229 2603 οὗ
1274 2549 1514 2620 είρηταυ

271 2658 310 2702 ῖς
336 2640 488 2692 αὐτὸν
521 2639 689 2691 ποδῶν
718 2640 808 2691 καὶ
829 2640 1042 2709 χειρῶν,
1076 2639 1325 2693 ἐκϐάλετε
1363 2640 1518 2694 αὐτὸν

271 2730 399 2790 εότος
444 2729 503 2780 τὸ
538 2727 825 2795 ἐξώτερον,
868 2747 888 2779 ι
941 2730 1159 2800 πότερον
1204 2732 1371 2783 εἰσαεί
1424 2730 1518 2800 μέ-

272 2818 516 2887 εδεμένος
537 2856 551 2880 ,
590 2818 683 2870 καὶ
720 2820 777 2871 ἐν
826 2817 901 2888 τῷ
932 2818 1172 2889 ἐξωτέρῳ
1227 2821 1397 2890 σκότῳ
1436 2818 1516 2888 (οὐ

271 2925 433 2961 κειται
460 2908 552 2972 τὺ,
586 2928 603 2958 ¢
638 2910 715 2971 εἰς
735 2907 821 2961 τὸν
846 2908 1013 2960 αἰῶνα
1036 2948 1050 2970 ,
1092 2927 1109 2960 ι
1142 2908 1205 2977 ἢ,
1245 2928 1264 2959 ι
1293 2912 1372 2972 εἰς
1394 2912 1518 2972 τοὺς

1616 1834 1779 1887 fuisse
1798 1835 1885 1897 δυ,
1914 1855 1933 1886 ι
1960 1845 2013 1890 et
2043 1837 2277 1891 velamen
2296 1838 2595 1906 impositum
2623 1836 3139 1909 faeieiMoysis,cum

1617 1924 1865 1991 populum
1889 1926 2326 1994 alloqueretur”.
2358 1927 2663 1997 Impositum
2686 1942 2915 1996 namque
2948 1926 3139 1981 Lazari

1618 2015 1768 2067 faciei
1801 2016 2071 2069 sudarium
2092 2018 2299 2086 tegebat
2328 2018 2470 2072 illius
2505 2019 2846 2072 mortiﬁcalas
2869 2019 3135 2082 visiones;

1617 2114 1669 2157 at
1702 2118 1827 2159 vero
1857 2105 2052 2176 Moysis
2069 2108 2303 2161 velamen
2325 2124 2420 2178 per
2447 2108 2793 2161 meonomiam
2816 2108 2967 2161 faciei
2998 2108 3140 2161 illius

1618 2195 1917 2262 impositum
1944 2204 2078 2258 erat,
2106 2198 2172 2249 ob
2206 2198 2322 2251 illos
2353 2211 2414 2249 ex
2445 2196 2634 2265 popqu
2666 2197 2752 2265 qui
2780 2197 2997 2266 gloriam
3027 2197 3139 2248 vnl-

1618 2293 1700 2338 tus
1736 2283 1853 2353 ejus
1887 2285 2080 2338 intueri
2112 2300 2217 2339 non
2270 2294 2532 2353 poterant.
2592 2283 2693 2338 Sed
2737 2300 2944 2352 quaeres
2979 2285 3043 2337 de
3074 2299 3139 2337 eo

1616 2372 1706 2443 qui
1730 2386 1833 2425 non
1867 2372 2082 2424 indutus
2115 2381 2231 2425 erat
2255 2382 2399 2426 veste
2427 2373 2669 2441 nuptiali,
2703 2372 2766 2427 de
2805 2388 2908 2440 quo
2939 2373 3137 2425 dictum

1615 2469 1695 2513 est
1730 2476 1743 2513 :
1784 2478 1801 2511 ι
1833 2458 2033 2526 Ligatls
2060 2459 2199 2512 illius
2220 2461 2458 2515 manibus
2484 2468 2535 2514 et
2563 2461 2799 2529 pedibus,
2821 2461 2993 2528 ejicite
3017 2475 3137 2513 eum

1617 2548 1668 2600 in
1711 2546 1953 2601 tenebras
1992 2549 2282 2601 exteriores
2306 2547 2370 2613 ⁸⁸,
2400 2566 2418 2598 ι
2451 2557 2625 2601 utrnm
2652 2560 2901 2616 perpetuo
2930 2557 3140 2602 maneat

1614 2636 1846 2702 vinctus,
1876 2647 1930 2691 et
1964 2638 2016 2691 in
2049 2638 2282 2692 tenebris
2315 2639 2670 2692 exterioribus
2702 2641 2830 2709 (non
2875 2637 3016 2691 enim
3046 2638 3139 2690 ad-

1616 2726 1759 2779 ditur
1787 2726 2100 2781 vocabulum
2131 2726 2254 2780 illud
2282 2767 2297 2788 ,
2334 2746 2352 2777 ι
2396 2729 2446 2779 in
2498 2727 2767 2789 saaculusn,
2795 2747 2813 2777 ι
2867 2726 2947 2780 vel
2975 2764 2990 2789 ,
3033 2745 3051 2777 ι
3083 2727 3135 2779 ἱιι

1615 2820 1805 2875 saecula
1833 2822 1899 2890 ι),
1938 2838 2003 2875 an
2039 2821 2319 2891 aliquando
2372 2819 2657 2873 solvendus
2701 2817 2810 2881 sit;
2860 2831 2963 2870 non
2996 2815 3139 2869 enim

1617 2920 1834 2979 apparet
1869 2926 1932 2965 ex
1981 2910 2065 2965 his
2116 2926 2234 2979 qua:
2276 2894 2341 2963 de
2394 2909 2508 2976 ipso
2560 2908 2830 2968 dicuntur,
2880 2906 3137 2972 scriptum

271 3017 289 3047 ι
328 2997 359 3067 ἦ
391 2997 677 3066 λυθήσεταί
705 3013 831 3049 ποτε
852 3013 864 3026 ·
891 2997 949 3049 ού
978 2996 1082 3066 γάρ
1113 2998 1420 3067 ἐμφαίνεται
1454 3001 1516 3051 ἐκ
1543 3034 1588 3095 C
1619 2995 1765 3051 fuissc

1619 2995 1781 3051 fuisse
1811 2995 1876 3050 de
1911 2996 2085 3049 futura
2115 2998 2228 3063 ejus
2258 2996 2613 3059 liberatione;
2668 3008 2765 3046 nec
2808 2992 2934 3045 mihi
2966 2990 3137 3043 tutum

269 3085 419 3137 ιύτοῦ
448 3084 643 3148 λέξεως
678 3084 742 3138 τὰ
775 3085 900 3153 περὶ
924 3085 1231 3150 ἀπολύσεως
1258 3087 1516 3159 ἐσομένης

269 3192 323 3227 θα
354 3176 484 3245 περί
508 3173 701 3227 αὑτοῦ·
732 3175 791 3227 ού
820 3175 962 3227 δοκεῖ
982 3175 1037 3227 δέ
1066 3193 1151 3245 μοι
1182 3177 1413 3244 ἀσφαλὲς
1443 3172 1518 3230 εί-

269 3264 569 3316 ταλαῦόντα
599 3264 895 3327 ότιποτοῦν,
941 3265 1169 3334 μάλιστα
1194 3264 1268 3335 τῷ
1316 3266 1390 3336 μή
1427 3283 1518 3334 γε-

269 3354 349 3423 api.
391 3353 602 3417 αὑτοῦ,
634 3354 1023 3425 ἀποφήνασθαι.
1059 3357 1315 3427 Ζητήσεις
1341 3356 1396 3409 δέ
1431 3356 1516 3410 διὰ

278 3463 296 3497 ι
345 3443 562 3514 Ἰησοῦς
586 3445 789 3506 αὐτοῖς’
850 3445 1056 3497 Λύσατε
1082 3445 1239 3498 αὑτὸν
1258 3486 1273 3511 ,
1314 3465 1333 3498 ι
1358 3448 1514 3511 τίσιν,

269 3552 329 3587 τε
377 3534 495 3604 γὰρ
537 3534 622 3586 ὅτι
659 3532 919 3603 μαθηταῖς
946 3533 1366 3605 ἀναγέγραπται,
1406 3536 1515 3589 οὗθ’

269 3623 501 3677 ιεστῶτι
528 3623 692 3693 ὄχλῳ,
718 3623 828 3676 ἀλλ’
860 3624 978 3676 οὐδὲ
1004 3625 1083 3676 ὅτι
1106 3627 1214 3687 τοῖς
1244 3624 1378 3695 μετὰ
1402 3626 1518 3678 Μα-

272 3713 593 3776 Ιουδαίοις,
642 3712 734 3764 καὶ
773 3711 1273 3783 παραμυθουμένοις
1311 3713 1512 3783 αὑτήν·

269 3804 316 3855 δ’
368 3802 445 3856 ἄν
479 3818 573 3864 τις
620 3801 707 3854 διὰ
734 3801 826 3855 τό·
863 3818 883 3851 t
922 3800 1168 3867 ’Ἄγγελοι
1200 3801 1514 3873 προσῆλθον,

269 3909 317 3944 ιν
342 3889 537 3960 αύτῷ,
560 3890 657 3942 καὶ
688 3889 772 3942 διὰ
797 3888 895 3961 τήν
924 3888 1063 3941 κατὰ
1089 3888 1179 3941 τὸν
1204 3889 1364 3941 τόπον
1390 3890 1517 3942 ἀνα-

287 3981 534 4050 μήποτε
576 3976 847 4041 κάκείνοις
890 3976 1107 4030 δύναται
1163 3976 1404 4047 εἰρῆσθαι
1434 3977 1513 4031 τό’

269 4068 436 4131 ύτὸν,
485 4067 592 4120 καὶ
631 4065 795 4133 ἄφετε
830 4064 988 4118 αὑτὸν
1027 4065 1270 4132 ὑπάγειν.
1313 4081 1332 4115 ι

269 4156 392 4228 ιγτῶ
430 4158 489 4209 εἰ
525 4154 884 4226 πεπλήρωκεν
910 4155 939 4207 ό
966 4153 1161 4223 Ἰησοῦς
1189 4151 1249 4206 es
1272 4153 1519 4223 ἐπιφερό-

295 4245 595 4317 Λὰζαρος
618 4246 647 4297 ό
672 4245 819 4313 φίλος
841 4242 993 4314 ήμῶν
1017 4244 1349 4314 κεκοίμηται,
1378 4261 1397 4294 ι
1424 4242 1513 4295 τόυ

1615 3099 1737 3139 esse
1763 3085 1973 3138 videtur
1997 3085 2062 3138 de
2085 3085 2261 3153 aliquo
2287 3084 2634 3154 pronuntiare
2673 3083 2812 3152 quod
2864 3088 3139 3133 assecutus

1614 3192 1720 3231 non
1757 3178 1941 3242 fueris,
1980 3179 2272 3246 prazsertim
2307 3193 2426 3231 cum
2473 3175 2668 3230 litteris
2714 3189 2813 3227 non
2851 3175 2921 3227 sit
2958 3172 3006 3226 id
3037 3188 3135 3226 ex-

1615 3279 1872 3334 pressum.
1901 3264 2115 3330 Qumres
2144 3275 2422 3336 praeterea,
2444 3279 2509 3319 eo
2547 3264 2687 3332 quod
2717 3262 2859 3316 dicat
2882 3261 3035 3316 Jesus
3058 3261 3139 3330 ip-

1613 3356 1711 3420 sis,
1744 3374 1762 3407 ι
1800 3354 2002 3410 Solvite
2026 3371 2169 3421 eum,
2193 3375 2212 3407 ι
2249 3346 2465 3425 quinam
2492 3355 2601 3409 sint
2629 3355 2683 3409 bi
2711 3354 2806 3421 ipsi
2839 3353 3032 3423 quibus
3054 3353 3136 3407 di-

1614 3445 1691 3499 xit
1708 3463 1720 3497 :
1738 3459 1909 3514 neque
1925 3445 2065 3499 enim
2082 3443 2373 3515 discipulis,
2388 3457 2558 3512 neque
2573 3443 2933 3497 circumstanti
2953 3442 3135 3507 turbae,

1613 3548 1675 3588 ac
1699 3549 1766 3587 ne
1792 3533 1984 3588 Iudaeis
2013 3534 2225 3602 quidem
2254 3534 2343 3600 qui
2373 3549 2490 3587 cum
2523 3532 2687 3586 Maria
2727 3542 2900 3596 erant,
2944 3534 3140 3601 quique

1613 3640 1729 3679 eam
1758 3626 2191 3688 consolabantur,
2221 3627 2477 3694 scriptum
2520 3633 2602 3679 est
2629 3640 2748 3677 eum
2791 3625 3011 3688 dixisse;
3046 3624 3139 3677 sed

1612 3713 1838 3769 fortasse
1864 3714 2057 3782 aliquis
2094 3724 2311 3784 propter
2349 3712 2651 3768 contextum
2681 3715 2855 3766 illum:
2896 3732 2914 3764 ι
2950 3715 3141 3766 Acces-

1612 3813 1798 3858 serunt
1826 3803 2025 3872 angeli,
2072 3811 2128 3857 et
2174 3800 2551 3854 ministrabant
2599 3801 2643 3853 ei
2673 3802 2779 3862 ",o
2833 3812 2887 3855 et
2928 3808 3141 3868 propter

1613 3906 1827 3948 sensum
1876 3892 2223 3962 anagogicum
2276 3891 2432 3960 hujus
2478 3891 2578 3945 loci
2635 3891 2988 3959 suspicabitur
3035 3890 3140 3944 illis

1612 3981 1773 4036 etiam
1793 3980 1991 4036 dictum
2021 3981 2186 4037 videri
2212 3995 2400 4052 posse:
2436 3999 2453 4032 ι
2485 3979 2686 4034 Solvite
2725 3994 2870 4045 eum,
2897 3988 2950 4034 et
2980 3978 3141 4033 sinite

1613 4069 1777 4124 abire.
1793 4086 1815 4122 ι

1681 4155 1843 4227 380
1859 4155 1914 4211 8.
1950 4155 2132 4211 Adhuc
2166 4171 2345 4227 quaero
2390 4172 2456 4209 an
2508 4156 2809 4225 impleverit
2852 4152 3006 4212 Jesus
3036 4158 3141 4213 hoc
3234 4211 3239 4216 .

1612 4245 1811 4300 dictum
1844 4263 1858 4300 :
1900 4262 1919 4296 ι
1945 4247 2046 4300 Sed
2074 4248 2227 4310 vado,
2255 4257 2311 4300 ut
2338 4262 2365 4298 a
2403 4261 2593 4301 somno
2627 4246 2856 4301 excitem
2884 4262 3005 4303 eum
3026 4248 3094 4313 ⁸³,
3114 4264 3133 4299 ι

269 4336 522 4406 εύομαι,
555 4334 651 4387 ἵνα
684 4333 946 4398 ἐξυπνίσω
974 4333 1129 4386 αὐτόν
1148 4351 1164 4366 ο
1187 4350 1207 4384 ι
1257 4332 1512 4402 ἐφίστημι
1541 4338 1586 4393 D
1611 4334 1750 4405 quod

1618 4334 1750 4405 quod
1786 4335 1859 4388 illi
1887 4336 2251 4406 subiungitur:
2283 4353 2304 4388 s
2329 4335 2564 4390 Lazarus
2593 4335 2794 4390 amicus
2815 4344 2995 4390 noster
3015 4335 3137 4390 dor-

302 4428 377 4478 ἐν
437 4425 535 4495 τῷ
593 4423 869 4495 εἰρηκέναι
906 4423 1065 4476 αὐτὸν
1111 4424 1256 4493 φωνῇ
1307 4421 1509 4493 μεγάλῃ

269 4533 286 4567 ι
312 4533 329 4546 -
377 4534 402 4564 ι
439 4512 880 4583 Λάζαρε,δεῦρο
902 4512 1004 4577 ἔξω
1022 4528 1039 4545 ο
1073 4531 1092 4564 ι
1123 4513 1156 4582 ή
1180 4511 1284 4581 γάρ
1309 4510 1508 4582 μεγάλη

269 4599 524 4669 εραυγὴ
560 4599 667 4650 οὐκ
691 4596 755 4652 ἂν
781 4597 992 4661 ἀτόπως
1007 4597 1210 4665 λέγοιτο
1240 4596 1514 4661 ἐξυπνικέ-

272 4687 394 4739 καὶ
424 4687 487 4738 εἰ
523 4686 617 4738 δεῖ
637 4685 886 4739 δύνασθαι
909 4683 1279 4756 ἀποφήνασθαι
1309 4686 1365 4737 ἐν
1394 4685 1513 4738 τού-

269 4774 703 4846 τεπληρῶσθαι
741 4774 833 4827 τό·
868 4796 884 4825 ι
920 4773 1254 4844 Πορεύομαι,
1288 4772 1371 4825 ἵνα
1402 4775 1513 4840 ἐξυ-

284 4884 310 4915 ι
355 4864 544 4933 ἤπερ
584 4864 647 4915 ἐν
674 4861 752 4932 τῷ
778 4862 875 4931 τῆς
892 4863 1054 4933 εὐχῆς
1079 4860 1173 4913 τοῦ
1202 4858 1329 4912 Υίοῦ
1347 4861 1509 4914 ἀκού-

270 5062 337 5101 :t.
387 5045 510 5098 44.

269 5114 363 5166 ιι.
466 5114 528 5145 ⁸³
559 5112 724 5166 Joan.
751 5126 825 5176 ιι,
854 5113 935 5165 ll.

269 5286 287 5322 ε
331 5266 748 5328 Bodleianus,
762 5274 921 5331 recte,
950 5262 1041 5316 καὶ
1067 5260 1134 5314 οὐ
1162 5261 1353 5316 ταύτόν
1375 5264 1512 5321 ἐστι·

273 5338 355 5390 όν
391 5338 579 5399 ἐστι,
618 5331 769 5386 male.

269 5409 442 5459 eae;
473 5395 785 5481 Ferrarius
814 5398 1011 5468 legebat
1038 5395 1335 5518 δεδεμένον.

313 5471 734 5518 Bodletantts.
759 5477 914 5518 recte.
951 5464 1023 5518 μή
1047 5463 1165 5517 ὲνδε
1197 5467 1335 5518 υμέν‹

308 5470 734 5535 Bodleianus,
759 5463 914 5530 recte,
951 5464 1023 5534 μή
1047 5463 1417 5535 ἐνδεδυμένον.
1456 5471 1514 5527 In

269 5544 337 5595 iii
371 5541 585 5610 deest
621 5534 714 5610 μή·
757 5601 769 5610 ,

270 5626 390 5663 νον
425 5598 661 5659 clausi
683 5598 870 5670 μένει.
904 5601 985 5655 Sic
1015 5598 1177 5655 habet
1206 5603 1379 5658 codex
1398 5604 1518 5663 Bo-

634 5045 682 5076 υδ
718 5042 907 5116 Matth.
931 5058 1059 5106 xm,
1098 5041 1189 5094 15.
1282 5043 1349 5075 ⁸⁸⁸
1379 5043 1534 5101 Joan.
1567 5062 1642 5107 ιι.
1676 5047 1763 5103 ιι.

1618 5064 1642 5107 1,
1676 5047 1763 5103 ιι.
1854 5048 1901 5081 ⁸⁸
1943 5049 2109 5103 Exod.
2144 5064 2330 5116 antv,
2372 5050 2460 5106 εδ.

1615 4426 1762 4479 mit.»
1801 4424 1977 4493 Itaque
2007 4425 2230 4494 inspicio
2262 4439 2328 4478 an
2364 4424 2504 4478 forte
2533 4425 2801 4492 expletum
2830 4423 2992 4479 fuerit
3036 4423 3139 4479 hoc

1614 4513 1850 4567 dictum:
1891 4532 1910 4565 ι
1943 4515 2115 4578 Vado,
2144 4524 2258 4568 uta
2296 4528 2482 4570 somno
2518 4515 2743 4568 excitem
2789 4528 2963 4577 eumn
3016 4528 3138 4567 cum

1614 4600 1768 4656 Iesus
1798 4617 1928 4657 voce
1964 4618 2153 4671 magna
2185 4603 2426 4657 clamans
2459 4603 2629 4656 dixit:
2673 4622 2691 4654 ι
2728 4601 2950 4668 Lazare,
2987 4601 3140 4669 prodi

1614 4688 1792 4755 foras;
1828 4709 1846 4741 ι
1888 4706 2009 4745 nam
2036 4705 2135 4744 vox
2172 4706 2381 4761 magna,
2411 4700 2465 4745 et
2503 4691 2724 4754 clamor,
2759 4706 2867 4743 non
2911 4689 3140 4744 absurde

1615 4778 1821 4832 dicetur
1863 4781 2125 4837 excitasse
2160 4795 2313 4855 “eum.
2366 4781 2596 4849 Inspicio
2639 4783 2799 4833 etiam
2851 4794 2917 4831 an
2968 4779 3141 4847 possis

1614 4869 1888 4925 enuntiare
1904 4870 1955 4922 in
1981 4870 2078 4926 hoc
2099 4872 2266 4941 magis
2282 4871 2550 4938 impletum
2576 4869 2735 4923 fuisse
2756 4868 2911 4923 illud:
2933 4887 2952 4921 ι
2972 4868 3140 4935 Vado,

2570 5048 2616 5081 ⁸⁸
2638 5048 2823 5102 Matth.
2885 5059 3021 5111 ιιιι,
3053 5043 3136 5099 15.
3178 5010 3189 5119 ,θ

1624 5262 1954 5327 dleianuan
1983 5261 2214 5317 editione
2226 5260 2564 5327 Hnetiideest
2586 5258 2826 5327 πότερον,
2851 5255 3139 5327 etAlegitur,

1624 5322 1672 5387 εἰ
1711 5333 1796 5387 ἀεὶ
1837 5331 2005 5401 μένει.
2029 5327 2098 5383 Ut
2130 5338 2324 5401 ut_est,
2357 5325 2691 5401 videtur_hoc
2716 5322 2854 5378 'loco
2889 5322 3142 5401 Origenes

1626 5392 2012 5472 aliquantisper
2051 5398 2307 5472 recedere
2333 5410 2363 5447 a
2397 5393 2706 5472 pervulgata
2735 5408 2830 5448 sua
2853 5392 3142 5472 et_ab30na

1623 5459 2056 5533 aen-tentiafqute
2076 5459 2444 5533 damnatorum
2478 5459 2648 5533 panis
2675 5461 2831 5533 linem
2859 5459 3144 5533 aliquando

1624 5527 1928 5605 impositum
1957 5527 2044 5605 'iri
2090 5532 2349 5591 decernit.
2374 5527 2429 5581 ld
2467 5527 2532 5584 ex
2564 5527 2810 5585 instituto
2848 5527 3143 5597 disputatur

1623 5606 1675 5661 in
1702 5603 2051 5674 Origcnianis.

3536 4784 3539 4881 ι

3536 5194 3537 5269 ι

3536 5276 3537 5371 ψ
