3820 6224
283 262 383 315 699

284 392 341 434 ut
374 397 403 434 a
435 389 618 432 somno
642 371 862 426 excitem
890 380 1032 430 eum,
1054 383 1071 416 ι
1099 379 1257 434 quam
1286 379 1408 419 cum
1441 364 1598 420 Pater
1627 365 1805 419 audita
1831 372 1880 426 Α

282 469 407 524 Jesu
447 463 788 534 precatione,
833 456 1023 510 Lazari
1058 455 1290 508 animam
1334 453 1460 509 fecit
1503 454 1568 508 ad
1613 469 1805 523 corpus

280 560 396 626 ejus
444 552 634 616 redire,
679 547 819 616 quod
865 545 918 598 in
961 553 1302 598 monumento
1332 546 1622 614 repositum
1669 554 1802 599 erat.

286 648 533 699 Dicturus
557 647 639 693 est
664 637 804 692 enim
837 634 1031 703 aliquis
1048 634 1262 688 Patrem
1279 649 1397 688 cum
1415 635 1807 690 audissetoran-

280 743 387 786 tem
424 729 634 791 Filium,
667 723 852 779 Lazari
884 722 1115 776 animam
1147 737 1212 777 ex
1256 723 1478 777 mortuis
1521 723 1806 788 excitasse,

271 816 457 874 Jesum
491 830 619 869 vero
667 826 798 867 voce
833 827 1022 880 magna
1054 826 1175 867 cum
1210 811 1512 876 clamasset,
1549 826 1612 867 ac
1638 812 1806 868 dixis-

279 915 380 968 set,
422 922 439 955 ι
462 904 684 966 Lazare,
716 902 866 970 prodi
906 901 1074 965 foras,
1101 919 1118 951 ι
1158 900 1209 954 id
1233 901 1371 969 quod
1402 912 1556 955 antea
1603 903 1807 970 promi-

281 1002 423 1049 serat
465 992 730 1060 implesse,
785 1008 805 1041 ι
838 991 945 1044 Sed
987 990 1144 1056 vado,
1195 1001 1251 1043 ut
1289 1006 1318 1043 a
1358 1005 1544 1046 somno
1584 993 1808 1048 excitem

279 1098 450 1139 eum.»
477 1082 650 1151 Atque
666 1082 768 1135 hoc
791 1080 1002 1149 quidem
1031 1081 1121 1150 qui
1153 1082 1366 1145 astruit,
1392 1081 1602 1136 differre
1629 1083 1812 1139 dicens

283 1175 382 1228 hoc
409 1175 606 1228 dictum
636 1191 649 1226 :
697 1191 716 1223 ι
749 1171 982 1224 Lazarus
1013 1172 1218 1226 amicus
1248 1182 1431 1227 noster
1455 1173 1669 1240 dormit,
1697 1193 1714 1226 ›
1747 1175 1812 1230 ab

283 1263 405 1325 hoc,
439 1280 455 1311 ι
481 1261 718 1314 Lazarus
743 1268 985 1314 mortuus
1013 1269 1114 1324 est,
1143 1279 1162 1312 ι
1201 1261 1339 1315 dicet
1380 1263 1445 1315 ad
1477 1263 1811 1329 vocabulum,

286 1369 306 1403 ι
327 1350 542 1412 dormit,
555 1367 571 1399 ι
591 1347 767 1404 Jesum
784 1349 1107 1418 promisisse,
1123 1349 1410 1404 dicentem:
1430 1349 1562 1422 [(86)
1582 1351 1714 1406 «Sed
1730 1368 1817 1405 va-

284 1441 450 1506 do,ut
478 1456 507 1493 a
545 1455 732 1495 somno
759 1439 986 1494 excitem
1015 1455 1170 1506 eum;
1199 1459 1216 1492 ι
1244 1449 1297 1494 et
1332 1441 1396 1495 ad
1436 1442 1651 1496 verbum
1692 1443 1815 1508 hoc,

289 1547 310 1583 ι
339 1539 576 1585 mortuus
602 1541 702 1594 est,
725 1548 744 1581 ι
782 1545 886 1585 non
919 1530 1259 1598 respondisse
1285 1529 1484 1600 illudz]
1517 1549 1535 1581 ‹
1571 1531 1736 1593 Vado,
1760 1541 1818 1585 ut

284 1619 534 1673 snseitem
567 1631 686 1672 eum
715 1632 782 1671 ex
817 1618 1058 1671 mortuis.
1089 1635 1107 1667 ι
1139 1617 1206 1670 At
1249 1631 1374 1671 vero
1408 1617 1496 1686 qui
1525 1617 1685 1671 solvit
1703 1617 1814 1671 dis-

1685 242 1999 299 ORIGENIS

3499 212 3624 269 700

1908 378 2070 415 σαντα
2096 361 2185 413 τὸν
2220 359 2436 429 Πατέρα
2469 352 2844 422 πεποιηκέναι
2880 346 2990 417 τὴν
3038 340 3368 436 Λαζάρου

1903 451 2210 506 ἐπανελθεῖν
2246 450 2336 501 ἐπὶ
2361 426 2421 501 τὸ
2445 449 2500 499 ἐν
2528 445 2604 514 τῷ
2636 461 2746 513 μνη
2758 442 2908 512 μείῳ
2938 432 3388 501 ἀποκείμενον
3428 426 3627 514 αὐτοῦ

1905 544 2061 612 σῶμα
2082 559 2094 572 ·
2132 541 2272 592 εῐποι
2299 538 2405 608 γὰρ
2434 536 2499 589 ἄν
2531 512 2644 598 τις,
2669 534 2757 586 ὅτι
2791 533 2822 583 6
2864 528 2975 600 μὲν
3007 522 3319 581 ἀκούσας
3360 512 3628 612 εὐξαμέ-

1904 605 2000 688 νου.
2021 631 2114 684 τοῦ
2143 629 2272 683 Υίοῦ
2300 605 2488 697 Πατὴρ
2515 626 2580 678 ἐκ
2609 621 2830 694 νεκρῶν
2864 619 2965 671 τὸν
2997 614 3318 682 Λάζαρον
3359 605 3629 697 ἀνέστη-

1907 742 1995 777 σεν
2015 742 2026 754 ·
2053 725 2080 774 6
2104 723 2158 774 δὲ
2189 719 2356 774 εἰπὼν
2380 696 2530 787 φωνῇ
2557 713 2793 785 μεγάλῃ,
2825 711 2928 763 καὶ
2964 703 3369 777 κραυγάσας
3390 715 3409 729 ο
3449 715 3472 746 σ
3505 696 3631 748 Δά-

1905 815 2068 885 ζαρε,
2113 811 2270 882 δεῦρο
2308 809 2451 873 ἔξω,
2491 826 2510 860 ι
2550 806 2881 875 ἐπλήρωσεν
2917 800 2950 852 ὃ
3000 788 3625 885 προεπηγγείλατοζ

1913 875 1931 954 ᾇ
1977 875 2136 955 ζΑλλὰ
2175 875 2508 972 πορεύομαι,
2552 895 2640 948 ἵνα
2680 890 2972 957 ἐξυπνίσω
3027 882 3268 939 αὐτόν.
3321 898 3363 972 3
3419 876 3552 972 Kal.
3589 875 3632 972 ,ὁ

1906 991 2060 1044 τοῦτό
2085 1008 2148 1059 γε
2178 965 2604 1049 κατασκευάζων
2647 979 2927 1050 διαφορὰν
2963 976 3184 1036 διδοὺς
3236 968 3356 1023 τοῦ
3383 986 3399 999 ·
3496 965 3641 1059 ’θά-

1909 1078 2070 1150 ζαρος
2155 1077 2304 1145 φίλος
2329 1075 2486 1145 ἡμῶν
2517 1071 2878 1140 κεκοίμηται,
2924 1085 2943 1116 ι
2981 1063 3099 1115 καὶ
3126 1059 3251 1112 τοῦ
3277 1075 3294 1087 ο
3346 1075 3368 1106 ι
3419 1055 3632 1150 Λάζα-

1914 1146 2000 1239 ρος
2025 1168 2323 1228 ἀπέθανεν,
2361 1185 2378 1216 ι
2413 1166 2564 1234 ἐρεῖ,
2591 1163 2674 1215 ὅτι
2715 1159 2860 1228 πρὸς
2917 1155 3032 1226 μὲν
3086 1152 3166 1205 τὸ
3191 1190 3210 1214 ,
3255 1167 3278 1199 ι
3325 1146 3635 1239 κεκοίμη-

1911 1237 2017 1319 ται,
2050 1275 2068 1306 ι
2111 1255 2471 1326 ἐπηγγείλατο
2511 1251 2715 1305 εἰπών·
2761 1268 2780 1300 ι
2829 1246 3008 1300 Ἀλλά
3071 1239 3490 1312 πορεύομαι,
3537 1237 3634 1288 ἵνα

1915 1347 2181 1413 ἐξυπνίσω
2223 1346 2414 1399 αὐτόν’
2458 1365 2476 1395 ι
2510 1344 2650 1414 πρὸς
2691 1343 2751 1396 δὲ
2799 1341 2863 1393 τὸ
2891 1379 2907 1403 ,
2949 1357 2970 1390 ι
3018 1333 3370 1390 ἀπέθανεν
3395 1370 3414 1394 ,
3461 1349 3483 1382 ι
3521 1328 3634 1381 οὒκ

1913 1435 2211 1488 ἀποδέδωκε
2238 1434 2330 1486 τό·
2373 1452 2390 1483 ι
2426 1431 2770 1502 Πορεύομαι,
2805 1430 2898 1480 ἵνα
2931 1425 3299 1492 ἀναστήσω
3330 1420 3526 1474 αὐτὸν
3563 1419 3634 1469 ἐκ

1915 1526 2137 1596 νεκρῶν.
2181 1545 2197 1576 ι
2218 1524 2374 1577 Ἀλλὰ
2397 1525 2424 1574 6
2451 1522 2592 1574 λύων
2618 1521 2717 1591 τὴν
2743 1522 2802 1571 ἐν
2827 1516 3074 1578 τούτοις
3116 1511 3318 1566 δοκοῦ
3329 1527 3448 1564 σαν
3480 1507 3633 1562 εἶναι

1915 1615 2199 1684 διαφορὰν,
2242 1614 2334 1666 καὶ
2373 1613 2547 1674 διδοὺς
2594 1611 2696 1681 τὴν
2744 1608 2844 1661 τοῦ
2885 1607 3196 1675 Λαζάρου
3253 1606 3334 1655 ἐκ
3395 1601 3636 1672 νεκρῶν

285 1707 610 1778 crepantiam
639 1721 757 1776 qua:
786 1708 840 1760 in
888 1707 972 1760 his
1003 1721 1122 1760 esse
1162 1706 1390 1772 videtur,
1427 1716 1483 1761 et
1509 1707 1601 1760 dat
1627 1707 1793 1761 Lazar

2123 1721 2204 1755 σιν
2235 1703 2410 1756 κοινὸν
2439 1702 2598 1771 ἔργον
2631 1698 2937 1767 γεγονέναι
2982 1695 3153 1749 Υἱοῦ
3209 1693 3330 1746 τοῦ
3361 1691 3631 1762 εὐξαμέ-

285 1810 352 1850 ex
403 1795 630 1850 mortuis
674 1795 1120 1850 resurrectionem
1171 1808 1455 1849 commune
1481 1809 1614 1863 opus
1654 1796 1817 1852 fuisse

287 1895 398 1938 tum
424 1883 544 1937 Filii
574 1884 868 1953 precantis,
902 1893 1009 1936 tum
1039 1883 1213 1936 Patris
1236 1883 1594 1950 exaudientis,
1643 1893 1819 1939 utetur

287 1974 592 2029 testimonio
614 1973 819 2028 Domini
853 1974 918 2024 ad
947 1971 1204 2026 Martham
1231 1972 1453 2027 dicentis
1480 1987 1496 2026 :
1524 1991 1542 2024 ι
1571 1974 1678 2042 Ego
1703 1989 1816 2028 sum

286 2063 608 2117 resurrectio
641 2071 696 2117 et
725 2062 838 2115 vita
866 2062 945 2116 ⁸⁹ε
979 2080 998 2113 ι
1030 2062 1292 2130 addetque
1317 2061 1444 2115 illud
1475 2063 1636 2117 etiam
1669 2079 1683 2115 :
1711 2063 1820 2118 «Ut

285 2153 424 2205 enim
459 2151 614 2206 Pater
651 2152 871 2206 suscitat
898 2161 1136 2204 mortuos
1167 2159 1220 2204 et
1253 2149 1505 2216 viviﬁcat,
1543 2151 1622 2207 sic
1656 2151 1818 2206 etiam

284 2240 469 2305 Filius,
495 2255 625 2308 quos
641 2240 751 2294 vult
771 2239 999 2293 vivificat
1019 2239 1084 2292 ’°.
1108 2256 1127 2289 ι

354 2330 407 2384 9.
442 2347 459 2380 ι
490 2329 639 2384 Multi
675 2330 836 2398 igitur
860 2343 926 2382 ex
956 2328 1154 2382 Judaeis
1180 2328 1269 2395 qui
1311 2337 1570 2384 venerant
1604 2328 1668 2383 ad
1707 2327 1821 2383 Ma-

285 2424 441 2485 riam,
469 2436 587 2476 cum
613 2420 867 2475 vidissent
893 2433 1011 2488 quae
1050 2419 1266 2474 fecisset
1283 2417 1461 2484 Jesus,
1487 2419 1824 2474 crediderunt

289 2514 345 2567 in
376 2527 498 2568 eum
518 2513 586 2563 ".
606 2529 625 2562 ι
664 2510 728 2563 Et
754 2523 883 2564 sane
910 2523 1197 2576 quemnam
1233 2523 1420 2564 eorum
1453 2509 1543 2577 qui
1593 2509 1825 2568 demersi

290 2600 576 2655 admodum
631 2599 779 2653 fuere
824 2598 972 2660 vitio,
1027 2606 1276 2664 tanquam
1328 2596 1734 2652 mortiﬁcatione
1770 2607 1825 2652 et

290 2687 480 2749 fetore,
509 2685 702 2754 quique
731 2699 936 2739 summa
961 2685 1250 2738 mutatione
1269 2682 1407 2738 facta
1435 2684 1820 2753 deposuerunt,

294 2774 519 2843 imperio
549 2782 604 2827 et
629 2773 1001 2842 cooperatione
1029 2771 1150 2825 Filii
1183 2771 1297 2837 Dei,
1328 2787 1430 2826 non
1475 2772 1642 2828 solum
1685 2773 1824 2826 mul-

294 2873 404 2918 tum
457 2863 676 2916 fetorem
706 2877 772 2916 ex
813 2869 1032 2926 peccato
1059 2869 1408 2927 contractum,
1441 2877 1624 2916 verum
1663 2864 1823 2918 etiam

291 2951 502 3005 vincula
529 2951 670 3005 vires
696 2949 888 3002 animas
906 2947 1226 3014 detinentia,
1253 2963 1446 3018 nempe
1491 2950 1634 3004 vires
1665 2951 1822 3006 eundi

290 3050 348 3096 et
372 3039 647 3110 operandi,
669 3047 829 3102 atque
855 3037 1015 3092 etiam
1045 3046 1300 3105 praeterea
1330 3040 1434 3093 vim
1459 3039 1822 3110 eontemplan-
1851 3019 1892 3076 δ

294 3132 378 3195 di;
414 3143 717 3200 quemnam,
751 3128 990 3196 inquam,
1021 3141 1126 3181 non
1158 3137 1440 3183 moverunt
1464 3130 1578 3185 huic
1609 3130 1676 3184 ad
1703 3145 1824 3184 cre-

296 3222 544 3282 dendum,
574 3231 736 3288 atque
757 3221 917 3274 etiam
945 3221 1012 3274 ad
1041 3234 1168 3276 vere
1197 3221 1520 3276 credendum
1569 3222 1826 3291 praedica-

295 3311 426 3364 tioni
456 3309 616 3363 Jesu?
648 3307 881 3363 Perculsi
927 3310 1066 3363 enim
1113 3311 1204 3378 qui
1260 3309 1699 3379 gloriﬁcabantur
1746 3325 1824 3374 se,

299 3399 462 3453 multa
515 3398 790 3468 diligentia
835 3399 1098 3464 adhibita,
1147 3399 1385 3454 exerceri
1420 3401 1475 3453 in
1511 3401 1680 3455 verbo
1711 3401 1826 3467 Dei,

301 3487 682 3556 plenitudinem
718 3501 848 3540 vero
877 3489 992 3557 ejus
1031 3504 1135 3542 non
1184 3496 1557 3556 perceperant,
1590 3488 1831 3544 credide-

302 3589 424 3632 runt
453 3579 694 3632 videntes
724 3575 906 3632 Jesum
942 3578 992 3631 in
1034 3578 1230 3638 talibus
1283 3586 1487 3632 tantum
1546 3577 1824 3646 potuisse:

299 3667 456 3738 381
519 3666 917 3735 prmsertimque
973 3666 1225 3720 credituri
1271 3675 1424 3720 erant
1474 3666 1564 3736 qui
1620 3673 1833 3734 prepter

303 3769 569 3812 mortuum
603 3765 658 3811 et
702 3756 918 3810 omnino
949 3755 1301 3824 desperatum,
1339 3769 1496 3824 quem
1525 3762 1580 3809 et
1617 3753 1716 3822 ipsi
1743 3754 1835 3807 de-

303 3847 560 3915 ploratum
597 3848 883 3911 habebant,
904 3847 970 3901 ad
995 3847 1211 3900 Mariam
1241 3855 1502 3901 venerant
1528 3845 1685 3900 cilicii
1713 3859 1834 3914 gra-

305 3940 396 4004 tia,
443 3940 739 4009 plorantem
789 3940 856 3994 ob
911 3938 1090 3992 fratris
1139 3953 1358 4002 casum;
1410 3951 1639 4005 quorum
1672 3937 1833 3990 etiam

305 4046 466 4087 causa
507 4030 681 4100 potius
729 4043 885 4097 quam
936 4028 1050 4096 ejus
1080 4029 1170 4098 qui
1210 4038 1447 4082 mortuus
1483 4026 1685 4093 fuerat,
1714 4042 1834 4083 eum

309 4121 537 4175 venisset
579 4121 645 4173 ad
692 4119 924 4173 defuncti
964 4119 1295 4188 speluncam,
1336 4136 1354 4168 ‹
1396 4117 1613 4172 sustulit
1652 4117 1836 4173 oculos

305 4227 534 4274 sursum,
569 4221 622 4264 et
652 4209 786 4263 dixit
823 4227 835 4262 :
865 4209 1040 4275 Pater,
1077 4209 1274 4278 gratias
1302 4223 1400 4278 ago
1425 4209 1541 4272 tibi,
1570 4208 1712 4277 quod
1738 4219 1836 4262 au-

1917 1813 2006 1848 νου
2064 1795 2156 1852 καὶ
2183 1793 2392 1864 Πατρὸς
2423 1791 2516 1844 τοῦ
2547 1789 3001 1850 ἐπακούσαντος,
3041 1787 3374 1857 χρήσεται
3406 1785 3516 1836 καὶ
3547 1783 3636 1854 τῷ

1917 1883 2182 1955 εἰρημένῳ
2230 1883 2333 1934 ὑπὸ
2363 1881 2458 1934 τοῦ
2504 1881 2715 1949 Κυρίου
2746 1879 2894 1949 πρὸς
2947 1877 3067 1948 τὴν
3108 1875 3399 1945 Μάρθαν
3431 1874 3636 1942 λέγον-

1916 1990 2038 2036 τος’
2077 1991 2094 2023 ι
2131 1971 2268 2040 Ἐγώ
2299 1973 2412 2040 εἰμι
2459 1972 2492 2039 ἡ
2535 1969 2844 2031 ἀνάστασις
2883 1968 2993 2019 καὶ
3038 1968 3080 2037 ἡ
3123 1965 3267 2036 ζωή
3299 1982 3317 1996 ο
3358 1983 3380 2017 ι
3435 1982 3634 2036 παρα-

1919 2062 2137 2132 θήσεται
2167 2062 2256 2115 καὶ¹
2303 2061 2394 2112 τόδ
2427 2079 2444 2110 ‹
2472 2061 2686 2127 Ὥσπερ
2717 2059 2832 2129 γὰρ
2866 2059 2899 2110 6
2934 2057 3178 2128 Πατὴρ
3219 2057 3466 2126 ἐγείρει
3497 2057 3633 2118 τοὺς

1918 2153 2138 2222 νεκροὺς
2181 2153 2273 2204 καὶ
2317 2149 2601 2214 ζωοποιεῖ,
2645 2146 2824 2211 οὕτως
2868 2148 2976 2200 καὶ
3035 2149 3073 2200 6
3117 2147 3281 2210 Υἱὸς
3321 2145 3434 2209 οὓς
3478 2145 3636 2199 θέλει

1919 2241 2182 2304 ζωοποιεῖ.
2232 2260 2250 2292 ι

1989 2333 2040 2385 9.
2082 2349 2101 2383 ι
2137 2331 2325 2384 Πολλοὶ
2349 2326 2441 2383 οῦν
2467 2331 2532 2382 ἐκ
2557 2327 2667 2381 τῶν
2709 2327 3010 2381 Ἰουδαίων
3042 2329 3106 2380 οἱ
3145 2326 3447 2391 ἐλθόντες
3481 2324 3631 2398 πρὸς

1919 2422 2015 2492 τὴν
2035 2422 2272 2492 Μαρίαν,
2295 2422 2388 2473 καὶ
2409 2420 2731 2490 θεασάμενοι
2755 2419 2793 2473 ἃ
2814 2418 3122 2488 ἐποίησεν
3150 2421 3187 2472 ὁ
3220 2418 3468 2488 Ἰησοῦς
3485 2418 3629 2488 (87),

1921 2509 2240 2562 ἐπίστευσαν
2272 2510 2350 2570 είς
2382 2508 2562 2561 αὐτόν.
2599 2527 2618 2559 ι
2658 2507 2770 2560 Καὶ
2804 2507 2942 2560 τίνα
2971 2523 3051 2574 γε
3089 2508 3220 2560 ούκ
3272 2507 3352 2560 ἂν
3389 2509 3627 2577 κινήσαι

1923 2599 2057 2668 πρὸς
2100 2599 2160 2652 τὸ
2209 2598 2492 2651 πιστεῦσαι
2540 2597 2618 2668 τῷ
2660 2596 2758 2650 τοῦ
2800 2597 3001 2668 Ἰησοῦ
3065 2600 3496 2671 κηρύγματι,
3530 2600 3628 2652 καὶ

1921 2690 2132 2760 ἀληθῶς
2155 2729 2169 2753 ,
2211 2690 2449 2761 ὡσπερεὶ⁹
2493 2691 2558 2741 ἐκ
2590 2687 2939 2758 νεκρότητος
2980 2692 3102 2744 καὶ
3128 2691 3448 2755 δυσωδίας
3467 2732 3484 2755 ,
3512 2691 3626 2746 τῶν

1924 2780 2062 2832 πάνυ
2095 2779 2199 2830 ὑπὸ
2224 2779 2323 2847 τῆς
2352 2779 2548 2841 κακίας
2573 2777 3283 2850 καταϐεσαπτισμένων,
3321 2782 3628 2854 ἀκροτάτῃ

1925 2868 2190 2940 μεταϐολῇ
2213 2867 2658 2938 ἁποσεισαμένων
2676 2870 2744 2938 τῇ
2774 2870 3128 2939 προστάξει
3162 2874 3281 2925 καὶ
3311 2873 3626 2946 συνεργείᾳ

1923 2959 2014 3012 τοῦ
2031 2959 2199 3026 Λόγου
2219 2960 2280 3011 οὐ
2303 2959 2458 3028 μόνον
2479 2957 2577 3028 τὴν
2593 2958 2702 3012 ἀπὸ
2715 2959 2822 3028 τῆς
2837 2961 3172 3032 ἁμαρτίας
3200 2963 3440 3036 πολλὴν
3454 2965 3624 3018 δυσυ-

1923 3048 2058 3112 δίαν,
2074 3048 2206 3101 ἀλλὰ
2228 3049 2320 3101 καὶ
2347 3049 2469 3110 τοὺς
2497 3047 2837 3118 κατέχοντας
2871 3050 3162 3121 δεσμοὺς
3191 3053 3314 3125 τὴν
3356 3071 3622 3130 πορευτι-

1925 3135 2026 3206 κὴν
2045 3137 2136 3188 καὶ
2151 3136 2247 3206 τὴν
2267 3135 2556 3207 δραστικὴν
2577 3137 2680 3206 τῆς
2695 3135 2886 3207 ψυχῆς
2907 3138 3220 3212 δύναμιν,
3242 3143 3340 3198 ἔτι
3362 3145 3427 3198 δὲ
3449 3147 3622 3216 χωρὶς

1925 3225 2124 3280 τούτων
2151 3227 2242 3279 καὶ
2276 3226 2372 3297 τὴν
2405 3226 2780 3298 θεωρητικήνς
2815 3230 3383 3303 Καταπλαγέντες
3429 3237 3546 3309 γὰρ
3571 3238 3620 3290 οί

1930 3313 2122 3378 ἰδόντες
2139 3315 2226 3367 τὸν
2253 3315 2454 3384 Ἰησοῦν
2467 3317 2524 3368 ἐν
2536 3319 2647 3380 τοῖς
2661 3317 2947 3383 τοιούτοις
2965 3325 3283 3379 τοσοῦτον
3307 3327 3620 3399 δεδυνημέ-

1927 3420 2035 3467 νον,
2068 3406 2116 3456 οἱ
2145 3403 2431 3474 αὐχοῦντες
2470 3407 2567 3476 μὲν
2604 3408 2736 3478 περὶ
2779 3409 2960 3477 λόγον
2999 3414 3427 3485 ἀσχολεῖσθαι
3457 3416 3620 3484 Θεοῦ,

1926 3494 1987 3546 τὸ
2027 3495 2290 3566 πλήρωμα
2330 3495 2386 3547 δὲ
2428 3495 2522 3548 τοῦ
2565 3496 2726 3566 λόγου
2781 3501 3046 3570 μηδέπω
3092 3509 3620 3580 παραδεξάμενοι.

1929 3585 2020 3636 καὶ
2049 3584 2389 3637 πιστεύσαιεν
2431 3585 2498 3640 ἂν
2533 3587 2773 3656 μάλιστα
2806 3591 2936 3647 ὅσοι
2976 3593 3374 3666 ἐληλύθασιν
3408 3600 3494 3664 ὡς
3525 3601 3623 3653 ἐπὶ

1930 3673 2122 3743 νεκρῷ,
2152 3675 2245 3727 καὶ
2269 3676 2441 3744 πάντη
2475 3676 2926 3750 ἀπεγνωσμένῳ,
2967 3685 3085 3737 καὶ⁵
3115 3688 3309 3743 αὐτοὶ
3339 3693 3625 3760 ἀπογνόν-

1929 3779 2019 3826 τες
2042 3762 2132 3815 τὸν
2153 3762 2406 3828 τοιοῦτον,
2429 3765 2946 3837 παραμυθήσεσθαι
2987 3773 3112 3844 τὴν
3137 3778 3254 3831 ἐπὶ
3287 3783 3366 3852 τῇ
3401 3781 3627 3834 ἐκπτώ-

1934 3870 2014 3943 σει
2044 3852 2134 3943 τοῦ
2179 3852 2404 3943 ἀδελφοῦ
2452 3854 2837 3943 όδυνωμένην·
2879 3859 2960 3912 δι’
3001 3863 3120 3930 οὓς
3178 3869 3349 3941 τάχα
3386 3871 3562 3926 πλέον
3590 3872 3626 3943 ἢ

1931 3940 2017 3992 διὰ
2058 3940 2147 3994 τὸν
2176 3939 2343 4028 ταῦτα
2372 3941 2630 4005 παθόντα,
2679 3943 2858 3998 ἐλθὼν
2918 3951 3029 4002 ἐπὶ
3067 3953 3146 4006 τὸ
3189 3939 3499 4028 σπήλαιον
3528 3939 3626 4012 τοῦ

1932 4031 2141 4124 νεκροῦ,
2177 4027 2319 4124 (μῆρε
2349 4033 2472 4124 τοῦς
2503 4032 2823 4124 ὀφθαλμοὺς
2851 4039 3009 4104 ἄνω,
3034 4045 3156 4098 καὶ
3189 4027 3341 4102 εἷπε.
3362 4069 3378 4082 ο
3408 4053 3625 4124 Πάτερ,

1933 4118 2232 4212 εὐχαριστῶ
2265 4136 2364 4212 σοι,
2408 4120 2491 4212 ὅτι
2539 4122 2786 4192 ἧκουσάς
2821 4143 2936 4194 μου
2961 4147 2977 4159 ο
3022 4133 3163 4202 ἐγὼ
3200 4138 3271 4191 δὲ
3311 4141 3502 4212 ᾔδειν,
3542 4118 3627 4196 ὅτι

1935 4207 2290 4304 πάντφέήμου
2319 4208 2556 4304 ἀκούεις.
2586 4230 2606 4262 ι
2647 4213 2774 4267 Ὅτι
2803 4216 2924 4288 γὰρ
2960 4220 3066 4274 διὰ.
3101 4207 3380 4297 τούτους
3416 4233 3628 4304 μᾶλλον

308 4301 431 4354 disti
466 4313 548 4352 me
571 4315 586 4362 ;
613 4313 710 4367 ego
737 4307 910 4352 autem
940 4312 1191 4352 noveram
1225 4297 1363 4366 quod
1393 4311 1600 4366 semper
1631 4311 1714 4351 me
1739 4312 1816 4350 au-

2121 4296 2346 4396 ὶάζαρον
2378 4299 2580 4396 ταύτην
2613 4304 3010 4396 ἀνεφθέγξατο
3041 4318 3215 4387 πρὸς
3249 4296 3366 4376 τὸν
3395 4296 3629 4396 ὑστέρα

310 4392 502 4445 «Ιὶε⁹¹.›
521 4389 670 4455 Quod
697 4390 836 4444 enim
859 4391 1046 4443 horum
1068 4390 1240 4458 gratia
1262 4389 1429 4457 magis
1444 4403 1600 4457 quam
1626 4387 1812 4442 Lazari

2127 4389 2426 4486 χαριστίαν,
2459 4389 2618 4486 δῆλον
2643 4393 2709 4486 ἐκ
2728 4396 2827 4448 τοῦ
2849 4415 2864 4428 ο
2907 4419 2929 4450 α
2972 4403 3170 4461 Ἀλλὰ
3198 4411 3306 4466 διά
3331 4414 3436 4468 τὸν
3463 4387 3630 4486 ὄχλον

313 4479 673 4548 hujuscemodi
725 4480 1009 4546 gratiarum
1059 4479 1322 4533 actionem
1370 4478 1674 4541 reddiderit,
1720 4492 1840 4546 per-

309 4567 548 4633 spicuum
578 4573 658 4618 est
685 4577 750 4618 ex
773 4564 855 4617 his
879 4566 1055 4620 verbis
1088 4584 1100 4618 :
1131 4564 1152 4636 [
1177 4565 1288 4635 (88)
1316 4583 1335 4616 ι
1373 4563 1478 4620 Sed
1505 4573 1719 4634 propter
1745 4579 1840 4634 po-

309 4657 510 4724 pulum,
534 4654 623 4721 qui
653 4654 978 4720 circumstat,
1011 4655 1142 4720 dixi,
1177 4667 1235 4709 ut
1282 4656 1497 4710 credant
1524 4656 1646 4724 quia
1670 4665 1726 4710 tu
1754 4671 1840 4712 me

310 4744 503 4800 misisti
528 4745 593 4796 ".
620 4764 641 4796 »
679 4742 908 4799 Lazarus
934 4759 1060 4814 ergo
1087 4745 1135 4798 ei
1165 4759 1307 4798 cura:
1329 4742 1474 4813 fuit,]
1507 4757 1695 4811 nempe
1716 4757 1839 4811 pro-

310 4845 429 4904 pter
471 4836 907 4890 cireumstantem
945 4837 1186 4898 turbam;
1216 4845 1274 4888 ut
1317 4833 1466 4886 multi
1512 4833 1836 4900 Iudaeorum,

310 4927 401 4992 qui
456 4928 521 4981 ad
550 4925 770 4980 Mariam
805 4935 1084 4989 venerant,
1115 4927 1316 4996 quique
1351 4924 1596 4979 viderunt
1619 4939 1736 4994 quae
1761 4923 1839 4979 fe-

312 5015 475 5070 cisset
501 5015 678 5083 Jesus,
718 5017 771 5070 in
803 5017 973 5086 ipsum
1002 5015 1302 5071 crederent.

269 5099 278 5112 '
382 5105 468 5158 10.
508 5105 611 5160 Sed
663 5107 783 5160 audi
821 5107 980 5160 etiam
1023 5105 1089 5160 de
1137 5105 1244 5169 his,
1269 5118 1452 5158 verum
1500 5117 1603 5157 non
1630 5109 1834 5156 tantum

314 5198 678 5264 corporaliter.
716 5215 736 5248 ι
794 5197 1016 5262 Quidam
1067 5203 1248 5251 autem
1280 5210 1347 5250 ex
1383 5195 1460 5250 eis
1493 5195 1740 5247 abierunt
1770 5192 1835 5244 ad

318 5284 631 5354 Pliariszeos,
661 5292 716 5341 et
744 5287 988 5342 dixerunt
1015 5287 1120 5342 illis
1155 5300 1276 5355 quae
1304 5283 1518 5340 fecisset
1557 5283 1711 5338 Jesus
1735 5280 1833 5333 ³⁵.»

387 5390 432 5422 ⁸⁸
459 5391 612 5447 Joan.
636 5409 712 5458 ιι,
737 5395 825 5449 25.
901 5397 946 5427 '°
975 5395 1128 5451 Joan.
1156 5411 1208 5462 ν,
1237 5397 1325 5449 2i.
1399 5395 1438 5427 "
1472 5392 1626 5448 Joan.
1657 5405 1733 5456 ιι,
1762 5389 1849 5444 45.

395 5480 502 5549 (86)
532 5483 652 5534 llmc
682 5484 1040 5549 supplevimus
1069 5499 1099 5537 e
1128 5485 1400 5538 Perionio.

395 5546 504 5616 (87)
545 5551 597 5600 '0
639 5546 875 5616 Ἰησοῦς.
913 5553 1065 5608 Deest
1095 5555 1147 5608 in
1169 5553 1399 5608 editione
1419 5549 1612 5618 ﬂuetii,
1649 5548 1740 5604 sed
1773 5546 1848 5602 le-

1936 4479 2025 4530 τὸν
2060 4478 2392 4548 περιεστῶτα
2435 4475 2607 4546 εἶπον,
2655 4483 2745 4535 ἵνα
2778 4490 3232 4564 πιστεύσωσιν,
3285 4503 3384 4556 ὅτι
3442 4475 3533 4558 013"
3556 4523 3630 4576 με

1937 4567 2271 4664 ἀπέστειλας.
2297 4586 2316 4620 ι
2368 4568 2908 4664 Ἐπραγματεύσατο
2937 4578 3042 4635 οῦν
3086 4591 3250 4660 περὶ
3282 4594 3394 4648 τοῦ
3432 4567 3630 4664 Aug-4.

1939 4675 2032 4729 ρου
2079 4658 2164 4710 διὰ
2209 4659 2300 4711 τὸν
2353 4661 2698 4730 περιεστῶτα
2747 4665 2942 4736 ὄχλον,
2986 4673 3063 4727 ἵν’
3125 4658 3198 4732 οί
3246 4685 3465 4741 πολλοὶ
3512 4658 3629 4744 τῶν

1951 4750 2229 4852 ’louliaiwv,
2254 4751 2498 4815 ἐλθόντες
2521 4754 2662 4852 πρὸς
2688 4757 2792 4828 τὴν
2825 4761 3096 4834 Μαρίαν,
3144 4775 3262 4828 καὶ
3320 4778 3627 4852 θεασάμε..

1939 4855 2018 4892 νοι
2043 4838 2080 4892 ἃ.
2106 4841 2344 4910 ἐποίησε,
2375 4842 2746 4901 πιστεύσωσιν
2775 4850 2858 4914 είς
2889 4854 3095 4915 αὐτόν.

2008 5107 2094 5214 ιο.
2137 5109 2292 5164 Ἀλλὰ
2321 5111 2480 5214 intotis
2503 5115 2602 5214 καὶ
2618 5117 2777 5214 ,περι
2795 5123 3038 5214 τούτων,
3063 5131 3152 5200 μὴ
3195 5135 3393 5204 μόνον
3421 5158 3624 5214 σωμα-

1938 5202 2241 5300 τικάνιερον.
2292 5223 2309 5254 ι
2330 5204 2485 5300 Τινὲς
2512 5204 2572 5256 δὲ
2615 5205 2677 5300 ἐξ
2714 5210 2909 5267 αὐτῶν
2950 5202 3227 5290 ἀπῆλθον
3276 5231 3444 5300 πρὸς

1940 5289 2278 5360 Φαρισαίους,
2312 5297 2405 5351 καὶ
2435 5290 2587 5350 εἷπον
2616 5299 2811 5368 αὐτοῖς
2840 5306 2880 5360 ἃ
2913 5289 3197 5384 ἐποίησεν
3225 5319 3264 5372 6
3318 5289 3621 5394 511;?»ng

1918 5397 1961 5432 οι
1993 5399 2149 5460 Joan.
2180 5425 2258 5475 ιι,
2295 5412 2384 5475 ιι,
2421 5409 2512 5464 ts.
2586 5411 2636 5444 οι
2663 5411 2806 5474 ibid.
2847 5419 2947 5476 ιε.

1949 5497 2092 5564 gitur
2115 5500 2165 5554 in
2192 5505 2376 5562 codice
2399 5502 2724 5559 Bodleiano.

2021 5566 2134 5639 (88)
2171 5571 2296 5635 llaec
2326 5573 2690 5649 supplevimus
2722 5591 2753 5632 e
2784 5577 3080 5642 Perionio.
3172 5625 3177 5630 -
3643 5575 3654 5654 ἶ
