3820 6206
265 259 280 312 Ι
1023 269 1363 326 COMMENT.
1401 271 1466 326 IN
1501 270 1684 328 JOAN.
1731 273 1958 332 TOMUS
1997 275 2223 334 XXVIII.

3101 275 3201 330 702

265 393 317 446 (ιι
343 377 414 447 μέν
431 395 468 430 τι
487 381 511 449 ἡ
530 379 648 445 λέξις
673 383 957 452 ἀμφίόολον
974 401 988 416 ο
1018 387 1238 457 πότερον
1267 391 1314 442 οί
1338 390 1588 443 ἀπελθόν⁹
1614 396 1662 452 Α
1687 391 1773 448 No]

1689 391 1932 448 Nonnihil
1957 394 2188 465 ambigui
2221 394 2376 448 habet
2415 393 2504 450 hic
2549 400 2853 460 contextus;
2893 401 3067 448 utrum
3107 394 3197 464 qui

302 469 405 538 πρὸς
435 471 526 531 τοὺς
558 473 878 543 Φαρισαίους,
926 477 1015 528 καὶ
1059 477 1294 540 εἰπόντες
1336 480 1511 543 αὐτοῖς
1551 480 1587 535 ἃ.

269 557 426 626 ίησενὸ
459 561 634 628 Ἰησοῦς,
667 563 772 616 ἀπὸ
799 564 900 616 τῶν
932 565 1132 619 πολλῶν
1170 567 1428 623 Ἰουδαίων
1451 567 1586 641 ἦσαν

297 647 559 718 θεασαμένων
590 650 622 704 ἃ
667 653 902 722 ἐποίησε,
950 655 1040 707 καὶ
1086 658 1476 712 πιστευσάντων
1508 663 1587 724 είς

265 736 319 799 5v,
337 738 569 808 βουλόμενοι
592 740 676 792 καὶ
705 743 826 805 τοὺς
853 743 1053 814 ἐχθρῶς
1074 745 1432 816 διακειμένους
1453 750 1584 819 πρὸς

265 839 300 879 δν
329 827 567 898 δυσωπῆσαι
588 828 668 881 διὰ
692 831 784 899 τῆς
813 833 937 901 περὶ
967 833 1058 885 τοῦ
1089 834 1329 905 Λαζάρου
1354 838 1582 905 ἐπαγγε-

274 934 284 946 σ
310 917 336 987 ἢ
363 919 402 968 oi
419 918 552 971 λοιποὶ
577 921 717 990 παρά
739 922 858 996 τοὺς
892 922 1126 986 πολλοὺς,
1153 925 1244 976 καὶ
1269 927 1580 980 πιστεύσαν-

265 1008 363 1075 Ῐ89),
391 1009 451 1069 ὡς
475 1009 532 1077 μὴ
558 1009 848 1078 κινηθέντες
871 1013 934 1063 ἐκ
959 1011 1048 1063 τοῦ
1078 1015 1356 1082 γενομένου
1383 1018 1460 1076 είς
1487 1017 1581 1086 τὴν

292 1097 431 1166 Ἰησοῦ
456 1098 618 1160 πίστιν,
651 1100 728 1151 ὅτι
767 1100 826 1152 τὸ
864 1103 981 1156 ὅσον
1017 1103 1099 1171 ἐφ’
1128 1105 1330 1167 ἑαυτοῖς
1358 1106 1463 1175 (90)
1491 1107 1580 1158 καὶ

284 1189 421 1241 αὑτοῦ
447 1190 546 1251 τοὺς
572 1190 878 1260 Φαρισαίους
919 1192 1006 1246 τὸν
1048 1195 1102 1246 ἐν
1145 1195 1320 1258 αὐτοῖς
1357 1196 1580 1266 πονηρὸν

265 1295 278 1326 ι
307 1278 551 1346 ἐγείροντες
568 1279 648 1330 διὰ
673 1280 776 1347 τῆς
801 1283 922 1352 περὶ
961 1280 1048 1334 τοῦ
1081 1281 1321 1352 Λαζάρου
1351 1286 1579 1352 ἐπαγγε-

289 1369 388 1419 Kak
406 1368 526 1419 δοκεῖ
557 1385 636 1437 μοι
674 1368 824 1420 τοῦτο
862 1370 1052 1438 μᾶλλον
1083 1370 1356 1439 βούλεσθαι
1385 1373 1577 1440 σημαί-

265 1456 664 1525 5Εύαγγελιστής·
695 1456 772 1508 διὸ
803 1458 892 1510 καὶ
919 1459 1221 1530 ἐπιφέρεται
1253 1462 1339 1512 τό·
1375 1480 1391 1510 ι
1413 1462 1574 1533 Συνή-

265 1541 378 1594 οοῦν
413 1544 453 1594 oi
490 1544 737 1613 ἀρχιερεῖς
773 1546 865 1597 καὶ
913 1549 958 1598 οἱ
1002 1549 1291 1617 Φαρισαῖοι,
1313 1569 1331 1601 ›
1378 1552 1468 1604 καὶ
1507 1551 1573 1604 τὰ

294 1630 494 1693 Πολλοὺς
520 1631 604 1700 μὲν
641 1628 730 1684 οὖν
763 1628 901 1695 εἶπε,
931 1634 1054 1697 τοὺς
1081 1636 1164 1690 διὰ
1201 1637 1260 1689 τὸ
1290 1638 1571 1692 θεάσασθαι

265 1720 310 1789 ρὶ
332 1719 409 1770 τὸν
440 1719 655 1791 Λάζαρον
680 1723 1093 1786 πιστεύσανταςο
1125 1725 1356 1796 ὡσπερεὶ
1383 1728 1437 1780 δὲ
1472 1729 1576 1781 όλι-

265 1825 358 1869 ›ους
389 1807 558 1878 ἔφησεν
585 1809 717 1864 εἶναι
762 1813 884 1874 τοὺς
917 1813 988 1882 μὴ
1033 1814 1294 1878 τοιούτους
1314 1854 1328 1878 ,
1371 1816 1535 1870 εἰπών
1556 1835 1570 1848 ν

267 1914 294 1958 ς
318 1897 368 1948 δὲ
396 1896 448 1960 ἐξ
471 1898 628 1953 αὐτῶν
650 1900 900 1970 ἀπῆλθον,
928 1920 945 1952 ι
978 1903 1070 1955 καὶ
1089 1903 1155 1957 τὰ
1173 1904 1316 1968 ἑξῆς.
1340 1906 1573 1976 Πρόσχες

296 1987 395 2046 τοῖς
424 1983 808 2056 λεχθησομένοις
837 1991 883 2040 εἰ
914 1989 1128 2044 δύναται
1177 1993 1319 2061 ἡμᾶς
1361 1994 1572 2064 κινῆσαι

265 2075 614 2142 Δυγκατάθεσιν,
643 2079 760 2131 ἐπεὶ
781 2080 851 2148 μὴ
885 2081 1090 2151 εἴρηται
1125 2083 1240 2150 μέν·
1269 2084 1455 2136 Πολλοὶ
1483 2082 1572 2139 οὖν

266 2183 268 2199 ι
309 2165 548 2218 Ἰουδαίων
584 2165 688 2219 τῶν
735 2168 988 2224 ἐλθόντων
1030 2171 1162 2240 πρὸς
1208 2172 1300 2243 τὴν
1338 2175 1570 2244 Μαρίαν,

265 2257 516 2326 ισαμένων
547 2259 579 2312 ἃ
622 2261 890 2330 ἐποίησεν,
929 2264 1241 2320 ἐπίστευσαν
1285 2269 1361 2331 εἰς
1393 2269 1569 2335 αὑτὸν,

265 2361 365 2398 ιται
409 2345 488 2396 δέ·
544 2365 561 2395 ι
584 2347 768 2400 Πολλοὶ
818 2345 906 2402 οὖν
952 2352 1013 2403 ἐκ
1056 2352 1162 2405 τῶν
1222 2355 1474 2408 Ἰουδαίων
1524 2359 1570 2410 oi

265 2451 301 2496 ;ς
332 2434 459 2503 πρὸς
486 2435 574 2505 τὴν
603 2439 837 2507 Μαρίαν,
873 2441 962 2493 καὶ
996 2441 1308 2512 θεασάμενοι
1333 2446 1367 2498 ἃ
1393 2446 1572 2517 ἐποίη-

265 2523 523 2579 τίστευσαν
570 2529 649 2589 είς
690 2529 878 2580 αὐτόν’
906 2549 923 2580 ι
970 2532 1060 2583 καὶ
1088 2533 1313 2602 μάλιστα
1359 2534 1444 2588 διὰ
1475 2537 1570 2606 τὴν

265 2612 334 2680 ὴν
365 2613 628 2683 κινοῦμαι,
681 2618 883 2686 μήποτε
915 2619 1109 2683 πάντες
1152 2623 1200 2676 οἱ
1236 2622 1566 2693 θεασάμενοι,

267 2719 282 2751 ι
309 2701 668 2772 θεωρήσαντες
700 2706 792 2759 καὶ
824 2709 1084 2772 συνιέντες
1107 2711 1213 2780 (91)
1245 2711 1280 2764 ἃ
1324 2713 1568 2783 ἐποίησεν

265 2790 327 2853 ῖς,
357 2793 673 2848 ἐπίστευσαν
709 2797 787 2858 είς
832 2797 1018 2850 αὐτόν’
1047 2800 1095 2850 οἱ
1127 2801 1364 2869 μέντοιγε
1404 2803 1567 2856 ἀπελ-

265 2880 385 2949 τρὸς
411 2883 533 2943 τοὺς
562 2883 898 2953 Φαρισαίους,
927 2887 1018 2939 καὶ
1053 2889 1292 2953 εἰπόντες
1321 2892 1500 2955 αὐτοῖς
1530 2893 1566 2947 ἃ

265 2988 282 3021 ν
332 2971 361 3020 6
429 2971 649 3040 Ἰησοῦς,
687 2972 806 3025 ἐπεὶ
855 2973 928 3044 μὴ
979 2977 1430 3049 μεμαρτύρηνται,
1486 2982 1564 3035 ὅτι
1591 3001 1632 3059 c

265 3077 339 3121 το,
374 3062 582 3130 μήποτε
611 3063 671 3114 τὸ
695 3064 752 3116 ἐν
779 3065 979 3135 ἐπαίνῳ
1005 3067 1284 3136 λεγόμενον
1310 3071 1434 3141 περὶ
1463 3071 1568 3126 τῶν

265 3150 425 3201 ἱντων
469 3151 570 3203 οὐκ
614 3151 787 3221 ἔσχον,
828 3155 918 3206 τό*
972 3156 1307 3212 Ἐθεάσαντοο
1354 3163 1568 3217 ἐδύνατο

266 3256 334 3308 ερ
363 3239 462 3291 καὶ
490 3233 638 3292 οὗτοι
664 3242 964 3307 ἐθεάσαντο,
995 3248 1310 3316 γεγράφθαι,
1333 3251 1412 3302 ὅτι
1431 3254 1568 3316 τινὲς

265 3345 278 3375 ρ
313 3328 568 3397 ἀπῆλθον
603 3331 735 3401 πρὸς
760 3333 882 3395 τοὺς
913 3335 1244 3404 Φαρισαίους,
1293 3340 1381 3391 καὶ
1421 3337 1568 3396 εἷπον

306 3419 616 3471 ἐθεάσαντο
661 3423 989 3491 πεποιηκότα
1028 3425 1115 3476 τὸν
1177 3427 1402 3496 Ἰησοῦνο
1433 3431 1486 3500 ἢ,
1532 3431 1568 3486 ἃ

265 3522 286 3556 3
315 3506 414 3558 καὶ
437 3507 700 3576 ἐποίησεν
725 3509 753 3560 6
793 3509 1019 3579 Ἰησοῦςο
1048 3513 1162 3565 νυνὶ
1188 3515 1242 3566 δέ
1272 3517 1350 3568 τό·
1391 3518 1568 3571 Ἐθεά-

265 3595 306 3646 τι
340 3595 567 3648 τούτων
603 3597 700 3665 μὲν
724 3598 967 3666 οὐδαμῶς
996 3599 1232 3670 εῐρηταν
1268 3605 1356 3656 ἐπὶ
1382 3605 1436 3658 δὲ
1461 3607 1566 3660 τῶν

265 3702 430 3749 ιτων,
482 3686 685 3748 οἵτινες
725 3688 816 3740 καὶ
860 3687 1096 3752 ἐλθόντες
1131 3686 1266 3760 ἦσαν
1299 3693 1430 3763 πρὸς
1472 3695 1567 3765 τὴν

270 3775 377 3826 κοιλ⁵
430 3773 770 3843 θεασάμενοι
798 3775 834 3828 ἃ.
862 3777 1108 3847 ἐποίησεν
1151 3780 1180 3831 6
1224 3781 1450 3851 Ἰησοῦς·
1499 3784 1564 3836 δι’

265 3880 300 3926 ι,
354 3863 461 3914 καὶ
499 3859 632 3914 εἷπε
657 3863 718 3915 τό
742 3863 880 3934 (92)’
915 3883 934 3915 ι
973 3866 1124 3920 Ἀλλὰ
1155 3869 1241 3922 διὰ
1277 3871 1366 3924 τὸν
1413 3873 1564 3942 ὄχλον

265 3952 472 4004 στῶτα
524 3948 706 4020 εἶπον,
747 3954 831 4006 ἵνα
869 3957 1237 4022 πιστεύσωσιν,
1282 3961 1362 4012 ὅτι
1405 3963 1466 4014 σύ
1499 3981 1566 4032 με

265 4059 316 4102 ς.
348 4060 370 4090 ι
419 4042 593 4110 ’Ἅμα
636 4041 691 4094 δὲ
736 4042 828 4094 καὶ
869 4045 994 4114 περὶ
1034 4044 1219 4099 τούτου
1262 4050 1489 4119 πρόσχες
1518 4053 1564 4104 εί

266 4130 349 4190 bc;
379 4129 668 4191 ἐλθόντας
692 4131 824 4200 πρὸς
851 4131 945 4199 τὴν
984 4134 1214 4203 Μαρίαν,
1242 4137 1334 4188 καὶ
1363 4137 1558 4192 θεασα-

266 4217 578 4287 ὲποίησεν
612 4220 643 4270 6
679 4218 898 4287 Ἰησοῦς,
933 4220 1026 4270 καὶ
1067 4222 1449 4288 πιστεύσαντας
1483 4227 1564 4288 είς

1684 489 1806 544 inde
1837 490 1903 543 ad
1939 489 2233 546 Phariscos
2274 499 2667 556 concesserant,
2697 491 3042 560 dixerantque
3071 493 3201 562 ipsis

1682 597 1798 652 quae
1825 583 2036 639 fecisset
2064 583 2238 650 Jesus,
2269 595 2446 640 essent
2471 601 2537 640 ex
2573 601 2633 640 ea
2681 586 2983 641 Iudaeorum
3020 590 3199 645 multi-

1681 676 1862 731 tudine
1895 681 1983 745 qui
2005 677 2342 732 crediderant
2366 680 2420 733 in
2458 694 2602 745 eum,
2643 683 2940 750 conspectis
2966 682 3049 737 his
3079 696 3199 752 qua:

1680 771 1909 836 fecisset,
1958 774 2059 828 hoc
2110 782 2340 842 agentes,
2377 784 2436 828 ut
2481 777 2642 829 etiam
2669 791 2760 830 eos
2802 776 3076 832 flecterent
3107 777 3196 844 qui

1681 863 1855 918 hostili
1886 865 2060 918 animo
2088 879 2212 932 erga
2245 864 2425 918 Jesum
2474 875 2627 919 erant
2665 865 2835 920 aﬁ'ecti
2858 907 2872 932 ,
2898 867 3199 923 nuntiantes

1678 968 1796 1022 quae
1816 953 2016 1008 Lazaro
2041 954 2376 1020 evenissent;
2408 969 2475 1007 an
2505 954 2614 1018 alii,
2633 966 2828 1024 praeter
2860 957 2976 1011 illos
3007 957 3200 1015 multos

1677 1053 1764 1121 qui
1796 1054 2162 1116 crediderant,
2193 1067 2291 1107 ceu
2336 1052 2478 1107 edito
2518 1053 2770 1108 miraculo
2801 1069 2904 1107 non
2952 1055 3077 1108 moti
3129 1054 3196 1110 ad

1676 1149 1992 1202 credendum
2032 1149 2083 1201 in
2116 1147 2294 1201 Jesum
2321 1163 2335 1212 ;
2366 1147 2472 1199 imo
2517 1146 2713 1215 potius,
2755 1155 3004 1213 quantum
3034 1147 3086 1200 in
3113 1161 3198 1200 se-

1677 1235 1806 1305 ipsis
1822 1236 2265 1301 erat,Pharisaeos
2295 1245 2456 1302 atque
2493 1234 2664 1287 zelum
2704 1234 2898 1287 malum
2924 1235 2977 1287 in
3006 1233 3197 1302 seipsis

1675 1325 2010 1379 exsistentem
2057 1324 2350 1379 excitantes
2382 1333 2564 1376 contra
2606 1322 2802 1383 Jesum,
2843 1335 2937 1390 per
2975 1335 3038 1375 ea
3079 1337 3198 1390 quas

1674 1422 1738 1476 de
1763 1422 1965 1474 Lazaro
1991 1420 2334 1486 nuntiabant;
2377 1420 2428 1474 id
2465 1421 2604 1488 quod
2635 1420 2843 1472 videtur
2874 1418 3038 1488 magis
3065 1417 3192 1470 mihi

1672 1518 1970 1585 significare
1996 1516 2224 1571 voluisse
2258 1517 2606 1586 evangelista.
2636 1516 2891 1582 Quocirca
2934 1515 3198 1584 subjungi-

1674 1619 1758 1662 tur
1779 1609 1823 1640 ⁹⁸
1851 1627 1865 1662 :
1903 1626 1921 1659 ι
1951 1609 2284 1676 Collegerunt
2317 1609 2474 1677 igitur
2495 1607 2768 1676 pontiﬁces
2789 1617 2841 1660 et
2863 1607 3138 1673 Pharisaei,
3167 1625 3190 1660 ι

1603 1707 1645 1760 Β
1673 1710 1726 1753 et
1770 1715 1887 1768 quae
1919 1711 2229 1766 sequuntur.
2269 1697 2456 1752 Multos
2507 1699 2666 1767 igitur
2706 1698 2903 1763 dicens,
2935 1697 3194 1752 intellexit

1670 1799 1762 1838 eos
1787 1786 1899 1853 qui,
1929 1788 2224 1854 conspectis
2265 1787 2347 1840 his
2375 1800 2492 1856 qua:
2519 1785 2659 1839 circa
2709 1785 2966 1839 Lazarum
2991 1793 3192 1855 egerat,

1669 1877 2036 1941 crediderant,
2095 1877 2532 1945 quemadmodum
2588 1877 2865 1944 pauciores
2895 1877 3026 1930 dixit
3075 1891 3194 1931 esse

1669 1965 1756 2033 qni
1791 1965 2088 2034 hujusmodi
2119 1982 2219 2020 non
2238 1975 2438 2031 essent,
2471 1968 2684 2020 dicens:
2719 1985 2736 2017 ι
2765 1967 2984 2033 Quidam
3017 1980 3190 2020 autem

1669 2070 1730 2108 ex
1760 2055 1886 2123 ipsis
1917 2056 2180 2120 abierunt,
2207 2074 2226 2107 ι
2267 2065 2458 2124 etquae
2498 2068 2807 2124 sequuntur.
2834 2057 3038 2110 Adhibe
3065 2071 3192 2111 vero

1669 2143 1901 2195 animum
1927 2144 2016 2218 phis
2065 2145 2222 2197 etiam
2271 2160 2389 2212 quae
2425 2145 2660 2199 dicturus
2704 2161 2851 2208 sum;
2899 2159 3086 2214 nempe
3122 2160 3188 2198 an

1669 2232 1732 2286 ad
1782 2220 1934 2297 huius
1971 2234 2398 2301 approbationem
2446 2249 2656 2287 movere
2694 2250 2792 2288 nos
2833 2235 3022 2302 possit,
3050 2235 3190 2304 quod

1655 2323 1865 2376 dictum
1912 2337 2016 2376 non
2051 2322 2256 2377 fuerit:
2283 2322 2430 2377 Multi
2461 2323 2625 2392 igitur
2647 2339 2709 2376 ex
2743 2325 2960 2388 Judwis,
3002 2338 3192 2393 nempe

1671 2411 1723 2464 hi
1760 2411 1849 2479 qui
1876 2422 2131 2466 venerant
2168 2413 2232 2466 ad
2261 2412 2500 2477 Mariam,
2532 2421 2585 2467 et
2617 2413 2856 2466 viderant
2881 2428 2998 2481 quae
3031 2411 3188 2468 fecis-

1667 2510 1746 2554 set
1791 2501 1964 2565 Jesus,
2001 2503 2339 2555 crediderunt
2364 2503 2415 2555 in
2453 2515 2608 2564 eum;
2637 2503 2728 2556 sed
2769 2503 3023 2571 scriptum
3064 2502 3136 2556 sit
3172 2518 3186 2553 :

1672 2607 1690 2640 ι
1727 2589 1870 2643 Multi
1900 2591 2060 2658 igitur
2097 2605 2161 2644 ex
2206 2591 2309 2646 illis
2339 2589 2534 2646 Judaais
2574 2591 2665 2659 qui
2688 2600 2958 2666 venerant
2990 2591 3054 2644 ad
3079 2589 3190 2644 Ma-

1666 2680 1823 2744 riam,
1860 2689 1912 2734 et
1943 2681 2188 2734 viderant
2235 2695 2352 2749 quae
2403 2681 2617 2736 fecisset
2644 2681 2816 2745 Jesus,
2855 2682 3190 2736 crediderunt

1665 2769 1716 2822 in
1744 2783 1914 2823 eum.»
1943 2769 2154 2824 hloveor
2177 2772 2464 2838 praesertim
2483 2771 2551 2826 ob
2568 2771 2726 2840 382
2757 2785 3046 2840 anagogen,
3065 2786 3188 2824 num

1664 2857 1800 2913 forte
1823 2875 2004 2914 omnes
2052 2859 2120 2932 [οἱ
2163 2861 2500 2930 θεασάμενοι,
2542 2861 2777 2914 τουτέστι
2806 2861 3190 2933 θεωρήσαντες,

1666 2949 1756 3000 καὶ
1784 2949 2044 3012 συνιέντες
2065 2990 2081 3014 ,
2112 2951 2208 3004 hoc
2240 2950 2343 3022 est]
2374 2953 2463 3019 qui
2490 2951 2726 3004 viderant
2757 2962 2811 3004 ct
2854 2948 3190 3018 contemplati

1668 3041 1902 3103 fuerant,
1922 3049 1974 3092 et
2006 3039 2378 3094 intellexerant
2397 3056 2514 3108 quae
2531 3041 2740 3095 fecisset
2755 3039 2928 3102 Jesus,
2946 3038 3190 3093 credide-

1665 3130 1773 3182 rint
1799 3129 1850 3181 in
1877 3143 2016 3190 eum,
2037 3143 2158 3182 cum
2178 3137 2363 3182 contra
2389 3129 2455 3182 de
2479 3129 2560 3182 his
2577 3128 2665 3196 qui
2691 3128 2936 3182 abierunt
2962 3127 3028 3181 ad
3052 3126 3191 3180 Pha-

1666 3217 1931 3281 risaeos,et
1959 3217 2204 3271 dixerunt
2229 3217 2332 3270 illis
2364 3233 2481 3286 qua:
2498 3217 2888 3282 fecissetlesus,
2913 3232 3016 3273 non
3042 3219 3191 3272 dica-

1667 3315 1750 3360 tur
1772 3308 1909 3374 quod
1947 3306 2178 3359 viderint
2203 3314 2259 3358 et
2281 3306 2615 3374 contemplati
2643 3305 2856 3360 fuerint.
2878 3306 2939 3360 Et
2963 3305 3191 3360 fortasse

1663 3395 1785 3463 quia
1826 3395 1966 3448 laudi
2013 3396 2168 3448 datur
2213 3395 2296 3449 his
2328 3397 2418 3464 qui
2467 3395 2844 3458 crediderunt,‘
2873 3396 3188 3449 vocabulum

1663 3483 1872 3537 videndi
1904 3497 1997 3538 seu
2031 3483 2442 3552 contemplandi,
2472 3483 2524 3536 hi
2563 3483 2651 3550 qui
2695 3482 3022 3536 abieruntad
3052 3482 3190 3536 Pha-

1664 3575 1864 3638 risaaos,
1903 3589 2006 3627 non
2029 3574 2224 3627 habent
2254 3573 2564 3627 vocabulum
2596 3573 2803 3627 videndi
2833 3587 2924 3626 seu
2954 3581 3190 3627 contem-

1660 3662 1870 3732 plandi.
1896 3662 2326 3731 Quandoquidem
2355 3663 2399 3716 si
2437 3664 2596 3717 etiam
2635 3662 2689 3716 hi
2718 3663 2807 3731 qui
2845 3663 2898 3715 in
2927 3676 3046 3714 eum
3073 3675 3192 3714 cre-

1663 3751 1927 3815 diderunt,
1948 3751 2286 3817 contemplati
2319 3750 2563 3814 fuissent,
2579 3751 2834 3816 scriptum
2867 3759 3008 3804 esset
3030 3763 3190 3816 quos-

1662 3842 1779 3894 dam
1808 3854 1874 3894 ex
1907 3841 1988 3893 his
2037 3840 2102 3894 ad
2153 3839 2446 3893 Pharismos
2490 3839 2818 3893 concessisse
2839 3877 2855 3903 ,
2889 3838 3191 3904 dixisseque

1661 3929 1787 3998 ipsis
1813 3944 1928 3997 qua:
1959 3930 2296 3998 contemplati
2327 3929 2545 3984 fuissent
2584 3928 2772 3982 fecisse
2791 3927 2991 3994 Iesum,
3019 3927 3102 3980 vel
3131 3941 3190 3982 se

1660 4019 2045 4086 contemplatos
2095 4018 2259 4073 fuisse
2297 4021 2436 4087 quod
2477 4018 2688 4073 fecisset
2707 4018 2898 4076 .lesus;
2933 4030 3071 4070 nunc
3095 4031 3191 4070 au-

1663 4113 1766 4166 tem
1793 4106 2102 4160 vocabulum
2131 4106 2518 4172 contemplandi
2553 4106 2960 4173 haudquaquam
2989 4105 3187 4160 dictum

1660 4205 1739 4250 est
1762 4197 1827 4249 de
1850 4196 2016 4261 hisee,
2041 4197 2131 4251 sed
2164 4199 2227 4251 de
2261 4198 2341 4250 his
2365 4199 2456 4267 qui
2478 4199 2831 4260 crediderant,
2853 4205 2904 4248 et
2932 4201 3191 4250 venerant

265 4325 404 4367 κους
445 4283 679 4375 -λὲγειν,
724 4283 816 4361 ατε
862 4308 953 4362 καὶ
1001 4311 1220 4375 πολλοὺς
1266 4283 1444 4377 ὄντας,
1484 4283 1563 4370 δτὶ
1594 4321 1638 4375 1)
1665 4285 1773 4340 eli“

1675 4285 1821 4340 Etiam
1847 4287 1911 4338 ad
1939 4286 2180 4347 Mariam,
2215 4295 2269 4339 et
2307 4287 2550 4340 viderant
2579 4301 2694 4355 quae
2729 4285 2942 4364 fecisset
2978 4283 3130 4338 Jesus
3166 4298 3183 4348 ;

292 4400 328 4449 6
365 4414 450 4448 πε
459 4395 716 4468 ριεστὼς
740 4397 830 4450 τὸν
868 4399 1067 4468 Ἰησοῦν
1089 4400 1259 4471 ὄχλος,
1277 4403 1343 4456 δι’
1365 4404 1422 4456 ὃν
1444 4402 1561 4458 εἷπε

265 4505 332 4556 ρ,
394 4487 742 4556 εὐχαριστῶ
774 4504 873 4552 σοι,
913 4491 992 4541 δτι
1024 4491 1256 4560 ἤκουσάς
1285 4510 1383 4561 μου
1403 4511 1416 4524 ’
1452 4494 1560 4562 ἐγὼ

265 4579 352 4627 ὄτι
392 4575 669 4628 πάντοτέ
714 4593 810 4644 μου
851 4577 1080 4642 ἀκούεις.
1105 4598 1122 4630 ι
1160 4582 1221 4632 Εἰ
1252 4581 1357 4652 γὰρ
1391 4584 1561 4637 ταῦτα

271 4681 350 4716 ον
405 4665 525 4717 τὸν
581 4664 916 4734 περιεστῶτα
951 4663 1117 4731 εἶπεν,
1150 4669 1236 4720 ἵνα
1267 4671 1559 4724 πιστεύσω-

279 4754 532 4824 Πατὴρ
588 4754 754 4807 αὑτὸν
802 4755 1098 4819 ἀπέστειλε,
1141 4757 1233 4809 καὶ
1271 4758 1442 4827 λέγων
1472 4761 1557 4814 διὰ

265 4859 310 4903 ρ,
355 4843 471 4894 ἵνα.
537 4843 571 4893 ὁ
628 4843 922 4914 περιεστὼς
955 4845 1103 4914 ὄχλος
1137 4846 1430 4919 πιστεύσῃ·
1463 4851 1561 4903 οὐκ

280 4933 741 4996 πιστεύσοντός
769 4951 908 4998 τινος
945 4935 1002 5000 ἐξ
1029 4933 1226 4998 αὐτῶν,
1274 4937 1353 5001 τῷ
1393 4941 1563 5012 Πατρὶ

265 5104 349 5152 rr,
385 5087 508 5142 46.
607 5087 655 5120 ³³
685 5086 810 5143 ibid.
837 5086 922 5140 67.
991 5085 1037 5118 ⁵⁸
1062 5084 1190 5138 ibid.
1216 5085 1306 5141 42.

285 5199 814 5264 πιστεύσαντες.
857 5194 1196 5252 Scribendum
1229 5199 1466 5259 videtur
1493 5204 1567 5277 μὴ

265 5286 390 5389 ’ἓξ
471 5337 654 5390 ὅσον
696 5337 783 5404 ἐφ’
823 5331 1059 5404 ἑαυτοῖς,
1106 5339 1202 5404 etc.
1239 5334 1567 5394 Persuadet

266 5407 668 5471 terpretntio
721 5401 773 5455 ut
813 5405 882 5454 sic
901 5401 1152 5471 lvgattttts,
1183 5403 1254 5456 ὅτι
1297 5407 1383 5458 τὸ
1447 5409 1566 5460 ὅσον

279 5465 449 5526 κατ’
500 5473 683 5527 αὐτοῦ
719 5473 829 5530 τοὺς
853 5465 1158 5535 Φαρισοξζους
1195 5474 1286 5524 καὶ
1327 5475 1458 5525 τὸν
1507 5479 1562 5526 ἐν

275 5544 399 5614 ρὸν
453 5543 646 5611 ζῆλον
687 5531 971 5607 ἐγείροντες.
1023 5531 1189 5592 Malim
1217 5552 1474 5608 tamen,
1505 5545 1560 5596 ἐν

1666 4384 1879 4441 propter
1898 4388 2032 4442 quos
2053 4375 2211 4427 etiam
2241 4374 2429 4442 opinor
2459 4388 2579 4426 eum
2610 4375 2808 4428 dixisse
2836 4389 2850 4424 :
2877 4391 2896 4424 ι
2929 4372 3032 4425 Sed
3064 4385 3187 4439 pro-

1663 4475 1780 4534 pter
1808 4466 2236 4520 circumstantem
2284 4467 2492 4518 turbam
2525 4465 2654 4530 dixi,
2691 4473 2747 4518 ut
2784 4466 3002 4520 credant
3046 4465 3188 4534 quod

1668 4564 1722 4607 tu
1755 4569 1837 4608 me
1865 4555 2076 4610 miseris
2098 4557 2164 4611 ".
2208 4576 2226 4609 ι
2269 4557 2473 4610 Pariter
2499 4558 2660 4610 etiam
2701 4558 2801 4608 huc
2829 4565 3057 4610 mentem
3092 4553 3187 4608 ad-

1663 4643 1808 4707 hibe,
1839 4660 1963 4698 num
1991 4647 2163 4714 possis
2187 4661 2278 4701 eos
2300 4647 2445 4700 solos
2468 4648 2556 4715 qui
2591 4648 2655 4699 ad
2676 4646 2891 4699 Mariam
2922 4642 3184 4704 venerint,

1663 4733 1857 4802 quique
1883 4736 2223 4805 contemplati
2257 4737 2454 4790 fuerint
2481 4751 2597 4805 quae
2623 4737 2830 4789 fecisset
2858 4733 3030 4798 .Iesus,
3061 4730 3183 4800 qui-

1661 4853 1765 4908 que
1797 4840 1849 4892 in
1875 4840 2042 4908 ipsum
2073 4842 2417 4904 crediderint,
2435 4842 2611 4895 dicere
2641 4838 2784 4907 (quia
2815 4834 2961 4888 multi
2985 4832 3186 4899 essent)

1664 4941 1827 4996 fuisse
1861 4941 2064 4995 turbam
2098 4942 2294 4996 circum
2334 4941 2512 4995 Jesum
2551 4948 2816 5000 stantem;
2849 4935 2996 5001 cujus
3022 4947 3183 4988 causa

1671 5205 1868 5264 αὐτοῖς.
1890 5199 2140 5254 Hunnus.

1739 5253 1850 5341 (913
1880 5271 2054 5341 Codex
2080 5267 2416 5328 Bodleianus,
2438 5275 2602 5328 recte,
2639 5259 2934 5319 συνιέντεςο
2962 5253 3186 5325 Regius,

1672 5336 2125 5404 ntale,'cuvévmc.
2226 5403 2233 5404 ί
2707 5393 2732 5404 ..
2873 5395 2884 5404 .
2965 5391 3000 5404 η
3089 5396 3099 5404 .

1743 5391 1854 5474 (θέ)
1886 5404 2057 5456 Codex
2080 5391 2446 5474 'Bodleianns,
2475 5409 2638 5464 recte,
2682 5393 2799 5450 εἷπε
2829 5395 2888 5446 τό
2909 5403 2922 5422 ³
2962 5391 3192 5459 Regius,

1670 5471 1930 5541 corrupte,
1969 5475 2013 5523 εί
2039 5473 2160 5541 περὶ
2179 5471 2255 5524 τό.
2361 5545 2364 5548 ρ
