3820 6204
357 277 456 332 705

1771 233 2085 290 ORIGENIS

3491 208 3600 263 ’τοι

353 388 488 442 dixit
520 382 645 438 illud
684 395 754 444 ιι
788 374 961 432 Pater,
991 367 1192 439 gratias
1223 377 1322 433 ago
1347 362 1468 424 tibi,
1496 359 1746 428 quoniam
1773 372 1869 409 au-

2071 366 2168 418 γεν,
2199 348 2272 408 ὡς
2302 345 2356 398 ef
2379 362 2461 406 τις
2487 344 2591 395 τῶν
2625 343 2687 395 τὸ
2721 342 2935 412 μέλλον
2983 331 3354 430 ἀγνοούντων
3384 324 3604 432 ἀνθρὼ-

354 478 480 531 d'isti
522 487 600 525 me
629 484 645 534 ;
669 481 764 535 ego
790 472 970 517 autem
1001 455 1233 513 sciebam
1262 452 1400 521 quod
1421 464 1630 517 semper
1662 462 1745 501 me
1770 461 1865 498 au-

355 569 456 620 dis.
491 584 509 614 r
543 562 668 617 Nam
699 558 744 610 si
775 556 885 608 haec
912 550 1043 604 dixit
1075 547 1240 600 turba:
1276 541 1667 599 circumstantis
1691 549 1871 596 causa,

354 667 414 711 ut
437 652 710 707 crederem
736 643 876 712 quod
920 639 1077 694 Pater
1112 635 1255 689 illum
1300 631 1548 694 misisset,
1582 637 1634 680 et
1658 632 1873 693 propter

356 747 457 800 hoc
480 744 697 809 loquens
717 736 848 788 dixit
870 740 926 785 ut
943 730 1096 784 turba
1116 726 1469 780 circumstans
1488 713 1870 809 credat,haud-

356 805 618 900 quaquam
648 826 711 877 ad
734 822 942 874 Patrem
968 817 1234 870 locuturus
1264 810 1456 869 fuerat,
1475 805 1690 875 perinde
1719 811 1878 867 atque

352 896 542 987 aliquis
574 917 728 968 homo
759 912 1052 965 futurorum
1085 905 1315 972 ignarus,
1338 901 1380 952 si
1425 897 1662 950 futurum
1693 896 1884 987 eratut

2108 437 2236 505 (95)·
2263 455 2279 485 ι
2304 434 2457 487 Ἀλλὰ
2474 433 2558 485 διὰ
2576 433 2668 485 τὸν
2695 409 2862 503 ὄχλον
2885 431 2987 482 τὸν
3017 417 3394 494 περιεστῶτα
3429 409 3606 477 εἶπον,

1971 530 2055 582 ἵνα
2088 525 2459 586 πιστεύσωσιν,
2493 524 2570 574 ὅτι
2608 522 2670 574 σύ
2711 538 2783 591 με
2814 515 3179 573 ἀπέστειλας
3199 529 3212 540 ·
3243 529 3262 559 ι
3308 508 3528 578 μήποτε
3561 507 3612 557 οι

1973 621 2210 681 ἐλθόντες
2238 618 2367 688 πρὸς
2389 617 2481 686 τὴν
2498 613 2737 682 Μαρίαν,
2764 611 2863 664 καὶ
2895 606 3258 674 θεασάμενοι
3282 598 3323 652 ἃ
3356 595 3612 688 ἐποίησε,

1975 710 2067 762 καὶ
2095 706 2471 766 πιστεύσαντες
2501 705 2576 764 είς
2604 700 2792 764 αὑτὸν,
2830 698 2995 768 μόνοι
3030 690 3192 763 ἦσαν
3229 690 3262 741 6
3298 682 3616 751 περιεστὼς

1976 798 2064 850 τὸν
2117 796 2320 867 Ἰησοῦν
2361 793 2541 863 ὄχλοςο
2574 793 2622 845 οἱ
2659 791 2717 843 δὲ
2768 786 2959 841 λοιποὶ
3018 785 3160 835 οὔτε
3215 776 3533 867 έθεάσαντο

1978 884 2246 953 ἐποίησεν,
2273 882 2393 934 οὗτε
2421 879 2900 950 περιειστήκεισαν
2932 872 3144 927 αὐτόν.

565 1019 628 1058 cx
655 1002 780 1070 ipsis
811 1015 913 1053 non
941 952 1183 1051 crede:et
1207 1010 1220 1044 :
1248 1010 1265 1042 ι
1302 989 1403 1042 Sed
1437 995 1648 1055 propter
1683 981 1885 1032 turbam
1911 975 2343 1030 circumstantem
2373 971 2506 1032 dixi,
2537 977 2596 1022 ut
2629 967 2872 1076 credant.-
2883 963 3040 1033 quod
3079 968 3146 1013 tu
3188 971 3286 1012 me
3325 952 3558 1076 misisti.
3593 967 3617 1076 η

1647 1071 1689 1076 ρ-
1762 1075 1772 1076 κ
1992 1075 1997 1076 κ
2158 1075 2163 1076 γ
2295 1063 2309 1076 .
2352 1063 2385 1076 -.
2436 1061 2457 1076 .
2626 1067 2639 1076 .
2692 1073 2800 1076 η--
2876 1061 3064 1076 ,,,-,,
3152 1057 3204 1076 Α,
3260 1062 3418 1076 Mm.
3465 1058 3596 1076 mm

354 1099 581 1152 Proinde
620 1095 739 1147 vide
788 1106 853 1146 ne
898 1089 1035 1143 forte
1080 1084 1172 1154 qui
1226 1086 1484 1135 venerant
1529 1076 1593 1127 ad

1643 1071 1899 1130 Mariam,
1952 1075 2005 1118 et
2047 1063 2388 1132 contemplati
2433 1061 2644 1115 fuerant
2683 1073 2807 1126 qua:
2847 1056 3104 1115 fecerat,
3149 1057 3211 1104 et
3259 1045 3625 1102 crediderant

357 1134 592 1247 23;,
631 1182 726 1236 soli
760 1181 866 1235 sint
908 1177 1057 1231 turba
1085 1134 1451 1229 circumstans
1482 1165 1692 1228 Jesum;
1725 1168 1943 1214 caeteros
1970 1170 2095 1209 vero
2134 1168 2304 1222 neque
2332 1149 2724 1220 contemplatos
2763 1147 2940 1202 fuisse
2985 1158 3128 1214 qua:
3181 1141 3412 1194 fecerat
3441 1134 3621 1198 Iesus,

355 1293 526 1345 neque
560 1276 701 1329 circa
736 1289 854 1326 eum
889 1271 1119 1325 stetisse.

430 1369 511 1420 ll.
549 1384 566 1416 ι
600 1365 930 1430 Collegerunt
960 1377 1085 1429 ergo
1117 1358 1390 1428 pontifices
1414 1365 1468 1410 et
1488 1351 1739 1409 Pharisaei
1759 1364 1884 1404 con-

357 1456 557 1517 cilium,
590 1469 651 1507 ac
677 1454 922 1506 dicebant
951 1469 966 1503 :
994 1452 1127 1516 Quid
1165 1450 1386 1502 facimus
1406 1486 1420 1510 ,
1448 1445 1571 1513 quia
1601 1443 1688 1496 hic
1724 1443 1884 1494 homo

361 1544 519 1596 multa
548 1543 694 1612 signa
725 1543 874 1595 edit?
904 1541 960 1595 Si
1000 1539 1395 1609 permiserimus
1425 1551 1544 1588 eum
1577 1534 1674 1596 sic,
1697 1545 1882 1586 omnes

2060 1341 2142 1393 ll‘.
2180 1359 2198 1388 ‹
2225 1339 2531 1407 Συνήγαγον
2560 1329 2653 1387 οῦν
2683 1334 2733 1386 οἱ
2763 1331 3059 1402 ἀρχιερεῖς
3100 1323 3213 1380 καὶ
3245 1320 3629 1407 οἱᾉΦαρισαίοι

1989 1428 2272 1498 συνέδριον,
2315 1425 2404 1477 καὶ
2432 1424 2645 1490 ἔλεγον·
2681 1421 2746 1473 Τί
2781 1417 3083 1486 ποιοῦμεν,
3132 1415 3226 1466 ὅτι
3265 1405 3432 1472 οὗτος
3466 1412 3496 1462 ὁ
3534 1410 3626 1462 ἂν·

1987 1521 2196 1590 θρωπος
2250 1515 2416 1569 πολλὰ
2465 1517 2607 1567 ποιεῖ
2661 1514 2900 1583 σημεῖα;
2965 1508 3111 1561 Ἐὰν
3163 1503 3420 1573 ἀφῶμεν
3465 1501 3629 1553 αὑτὸν

359 1635 577 1687 credent
597 1595 659 1685 in
684 1648 800 1684 eum
827 1651 840 1697 ;
875 1631 1190 1697 venientque
1221 1629 1536 1689 Romani,et
1563 1624 1747 1678 tollent
1779 1633 1887 1675 tum

2071 1629 2146 1672 τω,
2179 1608 2375 1668 πάντες
2401 1603 2780 1656 πιστεύσουσιν
2807 1604 2888 1663 είς
2916 1599 3097 1652 αὐτόν
3119 1615 3136 1628 ο
3168 1597 3279 1649 καὶ
3305 1595 3626 1647 ἐλεύσονται

361 1725 530 1778 locum
567 1733 827 1785 nostrum,
858 1734 964 1775 tum
1014 1733 1218 1792 gentem
1241 1722 1308 1774 "’.
1347 1739 1365 1771 ι
1407 1718 1555 1783 Quod
1601 1714 1791 1768 attinet
1820 1713 1886 1764 ad

362 1825 688 1879 contextum,
733 1814 980 1866 Pharisaei
1013 1822 1065 1865 et
1115 1811 1386 1880 pontifices
1417 1808 1664 1861 videbant
1697 1803 1887 1857 facilli-

362 1918 506 1956 mum
545 1901 684 1955 factu
719 1917 852 1960 esse.
889 1911 942 1951 ut
972 1901 1037 1952 ob
1080 1898 1491 1966 magnitudinem
1525 1894 1886 1964 prodigiorum

362 2007 425 2044 ac
472 1992 723 2044 virtuuun
756 2007 889 2058 quas
939 1991 1146 2044 fecisset
1190 1988 1363 2051 Jesus,
1399 1998 1541 2039 totus
1585 1985 1886 2038 Judazorum

363 2082 586 2150 populus
616 2081 772 2148 383
805 2081 1169 2132 traduceretur
1209 2078 1274 2130 ad
1308 2078 1626 2130 credendum
1655 2075 1707 2127 in
1743 2089 1888 2136 eum,

363 2179 413 2222 et
445 2171 717 2222 traductus
745 2169 1038 2235 despiceret
1085 2165 1280 2219 cultum
1335 2165 1473 2217 illius
1511 2164 1610 2217 loci
1643 2175 1890 2228 corpora.

365 2260 490 2320 lem,
519 2268 625 2310 tum
677 2256 991 2319 Leviticum,
1023 2267 1132 2308 ttun
1177 2253 1563 2308 sacerdotalem
1598 2269 1613 2318 ;
1653 2253 1784 2305 adeo
1837 2257 1894 2302 ut

364 2360 449 2398 res
498 2345 856 2411 hujuscemodi
912 2353 1196 2412 prmtcxtus
1238 2342 1406 2405 fieret,
1448 2343 1571 2409 quia
1616 2356 1716 2392 non
1750 2339 1895 2392 fove-

369 2441 481 2486 rent
509 2433 672 2488 Judaei
705 2436 896 2496 locum,
931 2443 986 2485 ut
1021 2433 1242 2485 Romani
1279 2431 1554 2494 haberent,
1586 2443 1742 2483 causa
1771 2428 1892 2481 Ser-

365 2527 588 2587 vatoris,
642 2536 748 2576 tum
807 2525 978 2576 locum
1013 2524 1234 2585 dictum,
1270 2523 1408 2588 quod
1449 2523 1514 2572 ab
1547 2520 1651 2573 illis
1679 2518 1889 2588 plurimi

369 2611 547 2675 ﬁebat,
598 2622 703 2664 tum
758 2624 964 2676 gentem
1011 2611 1310 2664 Judmorum
1365 2619 1566 2671 totam,
1603 2608 1893 2661 nolentium

367 2701 582 2754 omnino
612 2714 826 2752 servare
870 2699 1280 2764 confessionem,
1315 2701 1454 2767 quod
1501 2707 1676 2751 essent
1726 2695 1893 2749 Judaai

350 2775 488 2854 ipsi.
540 2786 734 2840 Deinde
785 2787 1035 2852 quoniam
1074 2787 1273 2839 cultum
1314 2787 1573 2847 divinum,
1599 2795 1650 2838 et
1696 2784 1890 2847 locum,

370 2887 424 2928 et
478 2877 647 2945 gentis
694 2878 1078 2930 multitudinem
1118 2877 1363 2929 omnibus
1389 2874 1754 2944 praeferebant,
1782 2888 1895 2940 quin

1982 1703 2029 1753 οἱ
2073 1700 2348 1768 Ῥωμαῖοι,
2377 1696 2469 1748 καὶ
2497 1694 2721 1764 ἀροῦσιν
2752 1692 2912 1760 ἡμῶν
2945 1689 3052 1741 καὶ
3080 1687 3190 1739 τὸν
3215 1686 3423 1747 τόπον,
3453 1685 3549 1736 καὶ
3572 1683 3630 1735 τὺ

1982 1789 2147 1850 ἔθνος.
2176 1806 2192 1837 ι
2241 1787 2328 1849 Ὠς
2363 1784 2495 1854 πρὸς
2517 1783 2576 1834 τὸ
2603 1781 2766 1852 ῥητὸν
2788 1782 2837 1832 οἱ
2865 1780 3188 1848 Φαρισαῖοι
3227 1776 3334 1828 καὶ
3361 1776 3414 1827 οἱ
3447 1775 3633 1844 ἀρχιε-

1986 1880 2096 1947 ρείς
2125 1875 2326 1945 ἑώρων,
2372 1874 2452 1924 ὃτι
2499 1871 2585 1923 διὰ
2626 1870 2688 1923 τὸ
2738 1867 2979 1938 μέγεθος
3014 1859 3102 1918 ὧν
3149 1866 3503 1934 ἐπεποιήκει
3540 1879 3631 1914 τε·

1987 1965 2215 2036 ραστίων
2263 1963 2355 2014 καὶ
2396 1960 2676 2029 δυνάμεων
2720 1957 2832 2026 (9.4)
2888 1959 2918 2008 6
2987 1955 3258 2024 Ἰησοῦς,
3297 1953 3536 2006 δυνατὸν
3566 1947 3633 2023 ἦν

1986 2057 2077 2108 καὶ
2106 2056 2277 2107 πάντα
2316 2053 2405 2104 τὸν
2436 2051 2562 2103 λαὸν
2607 2049 2697 2102 τὸν
2748 2047 3017 2099 Ἰουδαῖον
3066 2045 3424 2115 ὑπαχθῆναι
3453 2046 3521 2113 τῇ
3555 2046 3634 2106 είς

1986 2145 2141 2197 αὑτὸν
2180 2143 2375 2203 πίστει,
2411 2138 2719 2208 ὑπαχθέντα
2742 2137 2799 2188 δὲ
2825 2135 3296 2204 καταφρονῆσαι
3339 2134 3444 2202 τῆς
3469 2133 3526 2185 ὲν
3558 2130 3632 2202 τῷ

1986 2235 2131 2302 τόπῳ
2163 2230 2476 2301 σωματικῆς
2504 2228 2815 2295 Λευῖτικῆς,
2845 2227 2945 2278 καὶ
2979 2225 3313 2296 ἱερατικῆς
3346 2225 3627 2294 λατρείας⁹

1987 2324 2111 2376 ὥστ’
2149 2322 2212 2374 ἂν
2244 2322 2508 2391 πρόφασιν
2542 2319 2603 2371 τὸ
2635 2318 2881 2369 τοιοῦτον
2913 2315 3211 2384 γενέσθαι
3262 2315 3389 2380 τοῦ,
3431 2317 3526 2370 ἆτε
3557 2315 3630 2387 μὴ

1991 2411 2352 2483 περιεπόντων
2390 2410 2653 2462 Ἰουδαίων
2681 2410 2772 2460 τὸν
2800 2407 2998 2470 τόπον,
3046 2406 3385 2476 Ῥωμαίοις
3416 2407 3524 2459 ὑπὸ
3543 2404 3632 2459 τοῦ

1989 2502 2235 2572 Σωτῆρος
2258 2499 2528 2568 γενέσθαι,
2553 2500 2646 2552 καὶ
2677 2499 2765 2551 τὸν
2798 2496 3201 2566 νομιζόμενον
3232 2500 3375 2568 παρ’
3407 2496 3631 2561 ἐκείνοις

1990 2591 2269 2661 εἰρημένον
2308 2591 2488 2650 τόπον,
2544 2588 2640 2641 καὶ
2672 2589 2782 2641 πᾶν
2825 2587 2890 2639 τὸ
2938 2586 3118 2649 ἔθνος
3190 2587 3504 2649 Ἰουδαίων,
3537 2587 3633 2638 οὐκ

1992 2684 2081 2734 ἐπὶ
2105 2683 2263 2733 παντὶ
2283 2681 2466 2750 τρόπῳ
2485 2682 2670 2749 τηρεῖν
2706 2678 3013 2730 ἐθελόντων
3045 2680 3164 2749 τὴν
3194 2680 3338 2749 περὶ
3364 2678 3464 2731 τοῦ
3509 2678 3633 2730 ἰου-

1991 2774 2170 2835 δαίους
2202 2775 2422 2833 ἑαυτοὺς
2456 2767 2591 2824 εἶναι
2623 2769 2945 2839 ὁμολογίαν.
2994 2765 3128 2821 Εἶτ’
3172 2770 3311 2821 ἐπεὶ
3360 2769 3477 2839 (95)
3507 2767 3632 2820 πάν-

1993 2881 2098 2917 των
2126 2864 2445 2934 προέκρινον
2470 2861 2564 2930 τὴν
2590 2859 2876 2929 λατρείαν,
2913 2859 3017 2910 καὶ
3044 2859 3156 2911 τὸν
3181 2860 3389 2924 τόπον,
3421 2857 3517 2911 καὶ
3540 2856 3631 2928 τὴν

370 2982 474 3033 pra:
504 2966 584 3019 his
614 2965 826 3032 majoris
869 2982 984 3018 esse
1028 2967 1276 3018 momenti
1329 2965 1721 3027 censebantur;
1759 2965 1894 3016 hanc

2071 2953 2085 3004 3
2110 2953 2287 3014 ἔθνους
2311 2949 2706 3013 σύστασιν,τῶν
2736 2948 3140 3016 νομισθέντων
3172 2950 3246 3003 ἂν
3275 2947 3423 3002 εἶναι
3452 2965 3628 3021 κρειτ-

369 3056 440 3108 ob
472 3070 682 3108 causam
712 3056 988 3108 consilium
1020 3058 1220 3120 agitant
1262 3065 1444 3108 contra
1477 3053 1677 3116 Jesum,
1718 3068 1782 3107 ne
1822 3054 1894 3108 si-

373 3150 502 3194 nant
552 3156 668 3194 eum
707 3143 914 3204 ,vivere.
972 3142 1319 3210 Arbitrorque
1370 3157 1461 3196 eos
1522 3142 1679 3196 simili
1739 3142 1896 3195 modo

375 3231 603 3294 dixisse,
637 3249 655 3280 ι
683 3232 768 3284 hic
815 3232 973 3285 homo
998 3271 1012 3297 ,
1059 3252 1076 3284 ι
1111 3243 1359 3299 tanquam
1407 3234 1470 3286 ad
1524 3233 1896 3286 destruendam

373 3317 589 3384 gloriam
613 3318 757 3394 eius;
792 3335 886 3372 nec
915 3321 1053 3373 enim
1079 3323 1368 3374 credebant
1401 3322 1482 3374 his
1513 3337 1628 3390 qua:
1659 3323 1899 3390 superius

376 3405 596 3468 dixerat,
627 3423 815 3476 nempe
841 3411 977 3475 quod
1005 3421 1143 3462 esset
1183 3411 1296 3478 ipse
1324 3411 1480 3474 Deus,
1511 3428 1632 3465 cum
1664 3412 1900 3480 lapidare

375 3507 496 3547 cum
522 3495 818 3557 voluerunt,
848 3506 1096 3564 tanquam
1148 3513 1240 3564 pro
1268 3499 1594 3566 blasphemia
1620 3516 1634 3563 ;
1665 3499 1900 3553 dicentes

379 3581 452 3635 illi
485 3598 499 3634 :
541 3601 558 3634 ι
591 3583 667 3636 Tu
705 3586 860 3638 honto
885 3602 1001 3638 cum
1035 3588 1127 3649 sis,
1161 3588 1292 3641 facis
1340 3589 1564 3657 teipsum
1591 3588 1752 3642 Deum
1777 3589 1854 3654 ";
1876 3607 1894 3640 ι

377 3672 587 3738 quando
631 3675 788 3727 etiam
846 3691 938 3728 sua
993 3677 1316 3745 benignitate
1370 3680 1901 3744 respondit,docens

373 3773 583 3815 omnem
617 3763 680 3815 ad
709 3778 863 3830 quem
894 3780 1068 3818 sermo
1104 3766 1191 3818 Dei
1230 3766 1398 3821 factus
1431 3769 1652 3832 est,dici
1684 3769 1845 3822 Deum
1869 3783 1900 3823 a

376 3847 522 3911 Deo;
549 3863 667 3903 cum
714 3866 818 3905 non
855 3853 1028 3906 valeat
1068 3855 1197 3909 solvi
1241 3858 1323 3910 vel
1364 3857 1579 3911 dissolvi
1627 3857 1901 3926 Scriptura

375 3939 680 4006 prophetica
713 3956 830 4008 quae
863 3943 960 3998 hoc
1013 3947 1272 4000 enuntiat.
1312 3946 1459 4001 Licet
1507 3949 1668 4001 etiam
1719 3963 1784 4001 ex
1818 3947 1902 4002 his

375 4041 490 4092 qua:
535 4027 783 4083 Phariszei
833 4041 885 4083 et
933 4034 1208 4100 pontifices
1243 4034 1528 4099 dixerunt,
1559 4036 1902 4090 considerare

374 4116 580 4202 illorum
611 4129 844 4186 apertam
879 4124 1156 4187 malitiam,
1195 4135 1249 4177 et
1270 4139 1494 4187 caecam;
1526 4135 1760 4193 apertam
1781 4125 1901 4193 qui-

374 4206 514 4267 dem,
543 4209 785 4275 quoniam
827 4213 1212 4268 attestabantur
1258 4214 1332 4268 illi
1365 4230 1484 4267 eum
1517 4215 1679 4268 multa
1714 4213 1901 4269 fecisse

373 4293 540 4360 signa,
570 4310 829 4366 posseque
867 4300 1008 4363 huic,
1033 4305 1120 4369 qui
1164 4314 1238 4357 tot
1269 4305 1422 4374 signa
1453 4312 1653 4372 egerat,
1685 4303 1901 4357 insidias

379 4381 546 4443 εῑτιιῖς
581 4384 798 4449 perinde
827 4390 975 4453 quasi
1019 4391 1098 4444 sui
1136 4406 1292 4446 causa
1328 4393 1461 4445 nihil
1495 4403 1674 4462 posset
1715 4402 1901 4446 contra

378 4469 545 4521 factas
569 4471 666 4523 sibi
699 4473 944 4541 insidias;
980 4479 1028 4530 id
1068 4485 1207 4548 quod
1250 4483 1420 4550 ipsum
1452 4483 1609 4536 etiam
1641 4482 1904 4536 nihilomi-

377 4570 479 4610 nus
507 4559 758 4615 caecitatis
801 4573 936 4626 erat.
967 4581 1086 4621 cum
1131 4571 1366 4638 ejusdem
1405 4580 1568 4636 esset,
1605 4571 1692 4637 qui
1737 4570 1902 4624 multa

379 4646 590 4703 fecisset
617 4653 888 4720 miracula,
906 4656 1123 4713 insidias
1149 4663 1307 4715 etiam
1331 4676 1582 4730 superare
1607 4661 1898 4715 nolentium

379 4751 498 4790 eum
524 4740 601 4793 sic
631 4742 915 4801 dimittere.
946 4746 1052 4802 Nisi
1084 4749 1220 4804 forte
1250 4752 1540 4804 credebant
1563 4765 1682 4803 eum
1725 4749 1903 4804 facere

378 4831 652 4896 miracula,
685 4844 737 4888 et
769 4837 894 4888 item
916 4841 1405 4908 suspicabantur'ea
1427 4855 1531 4893 non
1566 4841 1677 4895 fieri
1708 4840 1904 4893 virtute

379 4919 580 4984 divina,
606 4922 677 4977 ita
709 4935 766 4978 ut
796 4926 932 4981 hanc
955 4929 1024 4983 ob
1062 4945 1278 4983 causam
1306 4928 1484 4982 omnia
1514 4927 1626 4994 ipse
1652 4942 1754 4981 non
1778 4941 1901 4995 pos-

379 5020 478 5070 set,
509 5027 678 5080 neque
711 5028 769 5066 se
796 5018 1001 5086 eripere
1029 5033 1096 5074 ex
1127 5019 1334 5073 illorum
1371 5017 1596 5072 insidiis.
1630 5019 1801 5084 Atque
1831 5015 1904 5069 illi

1996 3043 2163 3094 τόνων
2206 3041 2355 3111 παρὰ
2401 3039 2596 3090 ταῦτα·
2645 3035 2734 3088 διὰ
2772 3035 2940 3088 τοῦτο
2994 3038 3302 3091 σκοποῦσι
3353 3037 3503 3092 κατὰ
3541 3035 3630 3090 τοῦ

2009 3132 2199 3201 Ἰησοῦ,
2221 3133 2307 3182 ἵνα
2335 3130 2493 3182 αὑτὸν
2520 3127 2592 3196 μὴ
2623 3127 2827 3180 ἐάσωσι
2851 3125 2983 3196 ζῇν.
3024 3129 3140 3189 ’Ὡς
3167 3129 3216 3180 δ’
3248 3131 3463 3192 αὐτοὺς
3487 3125 3630 3197 οἶμαι

1997 3226 2088 3277 καὶ
2136 3225 2226 3275 ἐπὶ
2270 3221 2581 3290 καθαιρέσει
2613 3219 2710 3287 τῆς
2753 3217 2919 3285 δόξης
2970 3218 3166 3272 αὑτοῦ
3226 3222 3523 3291 εἰρηκέναι
3547 3220 3627 3272 τό’

2003 3331 2022 3362 ι
2046 3308 2207 3374 Οὗτος
2236 3314 2263 3364 ὁ
2311 3311 2616 3380 ἄνθρωπος’
2639 3326 2655 3357 ι
2710 3307 2988 3374 ἠπίστουν
3030 3309 3160 3382 γὰρ
3198 3315 3324 3374 τοῖς
3369 3313 3469 3366 καὶ
3501 3313 3632 3364 ἀνω-

1996 3402 2136 3472 τέρω
2157 3401 2457 3470 εἰρημένοις
2473 3397 2600 3468 περὶ
2620 3395 2713 3447 τοῦ
2733 3395 2850 3465 (96)
2883 3397 3032 3452 Θεὸν
3067 3401 3256 3454 αὑτὸν
3280 3400 3456 3466 εἶναι,
3482 3401 3634 3472 ἡνίκα

1997 3491 2230 3554 λιθάζειν
2261 3491 2418 3542 αὑτὸν
2451 3488 2748 3546 ἐϐούλοντο,
2786 3487 2866 3549 ὡς
2909 3491 3060 3560 περὶ
3117 3492 3520 3564 βλασφημίας,
3552 3492 3634 3545 λέ-

1999 3598 2180 3649 γοντες
2196 3579 2356 3648 αὐτῷ’
2389 3598 2406 3630 ι
2424 3579 2517 3640 Σὺ,
2537 3576 2632 3630 ἄνθ
2642 3593 2823 3646 ρωπος
2843 3577 2948 3642 ὢν,
2976 3586 3180 3645 ποιεῖς
3213 3586 3423 3638 ἑαυτὸν
3444 3583 3630 3635 Θεόν·ι

1998 3673 2085 3726 ὅτε
2145 3669 2284 3724 κατὰ
2336 3669 2432 3737 τὴν
2483 3666 2677 3719 ἑαυτοῦ
2735 3666 3195 3739 φιλανθρωπίαν
3269 3675 3634 3747 ἀπεκρίνατο,

1998 3762 2277 3822 διδάσκων,
2305 3760 2384 3811 ὃτι
2414 3758 2519 3818 πᾶς
2553 3755 2686 3826 πρὸς
2716 3755 2775 3808 ὃν
2807 3757 2836 3809 6
2867 3756 3041 3826 λόγος
3080 3764 3188 3816 τοῦ
3216 3766 3368 3818 Θεοῦ
3398 3766 3636 3833 ἐγένετο,

1999 3853 2128 3914 Θεὸς
2160 3851 2369 3916 λέγεται
2399 3847 2502 3899 ὑπὸ
2535 3847 2630 3898 τοῦ
2675 3846 2833 3899 Θεοῦο
2871 3848 2954 3918 μὴ
3012 3850 3370 3926 δυναμένης
3415 3855 3640 3924 λυθῆναι

2001 3943 2092 3995 καὶ
2151 3937 2511 4004 καταλυθῆναι
2563 3936 2665 4006 τῆς
2727 3936 3208 4012 ἀποφηναμένης
3281 3944 3637 4015 πφφητικῆς

2001 4030 2236 4102 Γραφῆς.
2271 4029 2422 4080 Ἔστι
2449 4026 2506 4078 δὲ
2549 4027 2614 4078 ὲκ
2649 4027 2759 4078 τῶν
2792 4027 3142 4100 λεγομένων
3177 4035 3303 4088 ἀπὸ
3337 4036 3452 4090 τῶν
3481 4037 3643 4105 Φαρι-

2004 4123 2168 4175 σαίων
2207 4118 2300 4171 καὶ
2341 4116 2448 4168 τῶν
2484 4117 2788 4187 ἀρχιερέων
2823 4123 3198 4193 κατανοῆσαι
3237 4126 3437 4182 αὐτῶν
3464 4127 3561 4180 καὶ
3582 4122 3643 4179 τὺ

1931 4248 1975 4302 D
2001 4213 2097 4302 τῆς
2138 4208 2351 4302 κακίας*
2372 4205 2878 4302 ἀνομολογούμενον
2919 4212 3027 4302 καὶ
3064 4214 3294 4282 τυφλόν
3315 4233 3330 4247 ·
3375 4217 3643 4288 ἀνομολο-

2001 4299 2279 4368 γούμενον,
2326 4296 2406 4347 ὅτι
2439 4295 2784 4363 ἐμαρτύρουν
2819 4297 2979 4369 αὐτῷ
3021 4303 3132 4356 καὶ
3183 4306 3376 4360 πολλὰ
3407 4325 3641 4377 πεποιη-

2002 4390 2150 4442 κέναι
2180 4387 2396 4456 σημεία,
2447 4384 2538 4436 καὶ⁵
2569 4383 2835 4437 δύνασθαι
2869 4386 2952 4457 τῷ
2987 4394 3260 4448 τοσαῦτα
3294 4399 3514 4466 σημεῖα
3546 4413 3644 4450 πε.-

2003 4477 2244 4548 ποιηκότι
2275 4473 2671 4535 ἐπιϐουλεῦσαι,
2700 4475 2776 4537 ὼς
2809 4477 2988 4545 μηδὲν
3025 4480 3191 4554 ὑπὲρ
3230 4487 3449 4539 ἑαυτοῦ
3480 4489 3540 4540 ὲν
3567 4487 3645 4557 τῷ

2005 4563 2440 4623 ἐπιϐουλεύεσθαι
2467 4564 2750 4636 δυναμένῳ
2768 4583 2782 4596 ·
2812 4567 3026 4636 τυφλὸν
3053 4572 3119 4624 δὲ
3148 4576 3321 4631 οὐδὲν
3341 4579 3465 4650 (97)
3482 4575 3646 4649 ἦττον

2002 4661 2096 4714 καὶ
2136 4658 2264 4710 αὐτὸ
2309 4655 2463 4708 τοῦτο
2508 4651 2602 4725 ἦν·
2636 4656 2780 4709 κατὰ
2813 4657 2928 4728 γὰρ
2973 4663 3076 4713 τὸν
3133 4666 3327 4720 πολλὰ
3381 4669 3646 4721 ποιοῦντα

2006 4751 2201 4820 σημεῖα
2239 4744 2307 4818 ἦν
2340 4747 2432 4800 καὶ
2460 4747 2521 4799 τὸ
2549 4750 2794 4820 κρεῖττον
2827 4743 2976 4802 εἶναι
3031 4754 3142 4825 τῆς
3180 4757 3509 4830 ἑπιὸουλῆς
3537 4758 3647 4812 τῶν

2007 4838 2218 4907 ἀφιέναι
2247 4836 2405 4890 αὐτὸν
2442 4838 2516 4907 μὴ
2555 4837 2849 4891 θελόντων·
2888 4842 2941 4892 εί
2973 4842 3056 4913 μὴ
3090 4846 3211 4916 ἄρα,
3248 4850 3357 4901 καὶ
3386 4851 3648 4902 gnta-«ceu-

2006 4945 2086 4991 ον,
2110 4929 2190 4980 ὅτι
2211 4928 2354 4980 ποιεῖ
2387 4930 2607 4996 σημεῖα,
2630 4927 2725 4982 καὶ⁸
2751 4929 3025 4983 ὑπενόουν
3049 4934 3204 4988 αὐτὰ
3232 4938 3322 5008 μὴ
3353 4939 3474 4991 ἀπὸ
3495 4938 3646 5002 θείας

2004 5018 2243 5086 γίνεσθαι
2269 5017 2548 5087 δυνάμεως
2573 5060 2589 5084 ,
2616 5019 2758 5074 ὥστε
2787 5020 2877 5075 διὰ
2917 5021 3091 5077 τοῦτο
3119 5027 3203 5096 μὴ
3244 5029 3445 5083 πάντα
3480 5031 3646 5084 αὐτὸν

443 5144 486 5174 ’⁷
510 5141 656 5198 Joan.
683 5161 755 5208 ιι,
791 5147 879 5211 47,
910 5148 996 5204 48.
1071 5151 1116 5183 ’⁸
1145 5151 1270 5206 ibid.
1297 5151 1384 5205 47.
1455 5151 1500 5183 ⁸³
1525 5148 1678 5203 Joan.
1710 5163 1764 5213 Χ,
1793 5145 1882 5211 33,
1903 5146 1991 5201 55.

427 5256 553 5335 _(93)
585 5258 1118 5335 codex_Bodleia_nus_,
1147 5272 1310 5329 recte,
1331 5263 1435 5317 τῶν
1459 5263 1519 5314 τὸ
1542 5262 1728 5335 μέλλον
1749 5261 1906 5335 ἀγνο-

384 5327 579 5400 faveo»:
618 5328 939 5400 ἀνθρώπων·
979 5333 1190 5399 Regius,
1226 5327 1497 5400 corrupte,
1534 5327 1640 5382 τῶν
1680 5331 1737 5382 τὸ
1784 5327 1907 5397 μέλ·-

387 5387 562 5470 λονΛτδ
588 5387 852 5470 notitiem!
871 5387 1188 5469 ἀνθρώπωνξ
1282 5425 1288 5429 ·

796 5456 1005 5542 lli-etii,
1033 5467 1324 5542 τεραστίων
1352 5467 1645 5538 δυνάμεων.

457 5526 567 5591 (95)
598 5525 766 5581 Εύιιιυ
796 5525 1166 5601 ὶιυιιιὶί,’ωιιίο,
1198 5534 1306 5586 ὲπί.

2082 5255 2191 5344 (θϐ)
2207 5255 2417 5344 ρωιεξι
2444 5260 2798 5344 ἰξοιιΙείθιιιιε,
2834 5276 3016 5344 recte1
3061 5269 3194 5344 τοῦ,
3229 5271 3483 5343 Regius.
3521 5270 3639 5344 τόν,

2011 5326 2169 5408 male.
2199 5340 2322 5408 cum
2359 5330 2618 5408 Christus
2647 5326 2944 5395 secundum
2977 5326 3483 5408 Grigenemiunon'
3509 5342 3585 5396 sit
3610 5326 3644 5394 ὃ

2008 5393 2256 5482 Θεόςη-ῖέ
2278 5396 2632 5482 Sexnabhinc
2660 5393 2843 5472 lineis,
2883 5393 3299 5476 suppleveoﬁ-co'
3324 5393 3472 5467 ait;
3493 5393 3646 5468 άπά-

2048 5461 2350 5548 “xei-pertiti.
2391 5461 2838 5548 up_u.”r'n'-iiibil

2079 5531 2187 5601 (97)
2216 5531 2405 5595 Codex
2445 5531 2863 5626 “anagnia,
2898 5545 3082 5617 τυφλῷ
3110 5545 3165 5599 δὲ
3209 5547 3414 5604 οὐδέν.
