3820 6196
1023 298 1361 355 COMMENT.
1400 296 1465 350 IN
1503 292 1689 349 JOAN.
1733 291 1963 347 TOMUS
1995 291 2205 345 XXVIII

3117 295 3213 350 706

276 413 399 482 ιῆναι,
443 415 547 484 μηδέ
588 417 746 470 αὑτὸν
795 416 1052 488 ῥύσασθαι
1085 416 1191 469 ἀπὸ
1236 417 1333 486 τῆς
1374 414 1586 467 ἐκείνων
1616 413 1660 469 Α
1687 409 1784 475 (ιιιῦ

1700 408 1895 475 quidem
1927 407 2233 476 cogitabant
2278 419 2379 458 non
2417 405 2684 458 dimittere
2718 417 2874 470 eum,
2904 403 3208 459 existiman-

275 505 382 574 ιυλῆς
405 505 506 574 (98).
544 508 764 560 Ἐκεῖνοι
791 507 886 575 μὲν
917 501 1006 559 οὖν
1034 507 1291 558 ἐσκόπουν
1324 507 1397 576 μὴ
1429 507 1584 573 ἀφιέ-

275 595 384 657 3τὸν,
397 595 584 665 οἰόμενοι
604 598 690 650 διὰ
707 597 858 649 τοῦτο
877 595 1122 666 ἐμποδίσε
1131 615 1177 649 ιν
1195 599 1303 659 τοῖς
1318 597 1586 650 πιστεύου-

275 688 308 748 Eg
327 687 454 738 αὐτὸν
478 687 553 740 καὶ
587 688 869 756 Ῥωμαίοις
899 687 1171 756 μέλλουσιν
1211 686 1381 758 αἴρειν
1413 686 1586 738 αὐτῶν

275 775 388 837 ϐπον,
416 777 488 826 καὶ
513 776 564 828 τὸ
595 775 759 838 ἔθνος.
789 775 922 826 Ἀλλ’
953 775 1072 827 ἐπεὶ
1103 794 1120 825 ‹
1150 774 1346 845 Κύριος
1373 775 1585 827 διασκε-

294 863 450 931 βουλὰς
491 863 670 925 ἐθνῶν,
713 865 804 915 καὶ⁸
848 863 1024 916 ἀθετεῖ
1046 863 1328 934 λογισμοὺς
1377 862 1536 927 λαῶν,
1564 881 1581 913 ι

285 949 418 1022 ἦττον
440 953 515 1004 καὶ
536 953 630 1004 οὐκ
655 953 868 1022 ἀφῆκαν
901 954 1076 1017 αὐτὸν,
1105 954 1196 1006 καὶ
1225 955 1252 1005 ὁ
1277 952 1405 1016 Θεὸς
1433 953 1589 1006 αὑτὸν

276 1058 374 1109 ησε,
403 1041 479 1093 καὶ
504 1042 689 1110 ἀφῆκε,
713 1043 803 1094 καὶ
836 1042 1008 1096 πάντα
1037 1041 1102 1096 τὰ
1133 1042 1254 1112 ἔθνη
1281 1041 1589 1094 ἐδούλευσαν

313 1134 392 1184 καὶ
427 1132 640 1194 ἐλθόντες
692 1135 739 1186 οἱ
798 1134 1049 1204 Ῥωμαῖοι
1103 1130 1242 1204 ἦραν
1285 1135 1459 1187 αὐτῶν
1499 1134 1590 1185 τὸν

282 1238 293 1250 ·
327 1221 443 1288 (ποῦ
479 1222 571 1292 γὰρ
613 1224 642 1275 ὃ
683 1239 842 1290 φασιν
876 1225 1064 1276 ἐκεῖνοι
1110 1223 1418 1293 ἁγίασμαὲ)
1453 1218 1591 1294 ἦραν

275 1347 279 1357 .
305 1309 358 1360 τὸ
394 1309 533 1371 ἔθνος,
565 1310 906 1373 ἐκϐάλλοντες
934 1312 1122 1374 αὐτοὺς
1153 1311 1260 1364 ἀπὸ
1287 1312 1378 1364 τοῦ
1408 1312 1588 1376 τόπου,

276 1397 382 1462 ,όγις
411 1398 769 1468 ἐπιτρέψαντες
813 1401 991 1462 αὐτοῖς
1035 1396 1166 1452 εἶναι
1205 1401 1334 1452 ὅπου
1385 1401 1593 1470 βούλον-

275 1487 304 1552 l)
331 1490 413 1538 καὶ
437 1489 486 1538 ἐν
513 1490 570 1557 τῇ
609 1487 886 1558 διασπορᾷ.
921 1490 982 1541 El
1004 1489 1060 1542 δὲ
1096 1488 1198 1560 χρὴ
1218 1490 1477 1560 τολμῆσαι
1499 1492 1592 1544 καὶ

275 1576 457 1645 ιγωγὴν
482 1577 576 1629 τῶν
604 1578 742 1630 κατὰ
773 1577 840 1630 τὰ
866 1580 1078 1649 ῥήματα
1112 1580 1301 1641 ταῦτα,
1337 1583 1589 1652 φήσομεν,

275 1683 290 1716 ι
326 1668 470 1719 τόπον
515 1667 616 1720 τῶν
663 1669 726 1720 ἐκ
770 1669 1065 1740 περιτομῆς
1103 1670 1288 1725 ἔλαϐον
1328 1671 1395 1724 τὰ
1435 1673 1585 1742 ἔθνη·

275 1758 353 1825 ’ἀρ
409 1757 610 1810 ἐκείνων
653 1759 1045 1829 παραπτώματι
1111 1761 1345 1832 σωτηρία
1406 1764 1592 1831 γέγονε

276 1862 432 1907 ηνεσιν,
461 1847 532 1906 είς
557 1847 616 1899 τὸ
646 1848 1024 1918 παραζηλῶσαι
1047 1850 1237 1914 αὐτούς
1260 1868 1273 1882 ο
1299 1872 1316 1903 ι
1355 1854 1432 1914 είς
1452 1853 1506 1905 δὲ
1527 1856 1594 1906 τὰ

275 1936 491 2003 Ρωμαῖοι
535 1936 965 2007 παρελήφθησαν,
1010 1939 1114 1991 άπὸ
1157 1940 1262 1992 τῶν
1300 1940 1596 2008 βασιλευόν-

311 2025 690 2094 βασιλευόμενοι
714 2027 1089 2096 ὀνομασθέντες
1109 2045 1122 2059 °
1155 2032 1246 2083 καὶ
1276 2032 1332 2083 τὸ
1369 2032 1512 2094 ἔθνος
1538 2033 1594 2084 δὲ

279 2131 306 2164 ν
330 2115 383 2179 ἐξ
419 2115 570 2166 ἐθνῶν
599 2115 736 2185 ἥρθη
755 2134 768 2145 ο
802 2117 986 2183 γέγονε
1013 2118 1118 2190 γὰρ
1144 2121 1172 2172 ὁ
1201 2119 1322 2183 λαὸς
1359 2122 1416 2173 οὐ
1441 2121 1590 2184 λαός·

281 2203 336 2267 ἐξ
376 2203 570 2274 Ἰσραὴλ
588 2205 766 2257 οὐκέτι
786 2206 920 2257 εἰσὶν
962 2208 1200 2276 Ἰσραήλ·
1228 2209 1319 2262 καὶ
1349 2209 1408 2261 τὸ
1437 2211 1596 2280 σπέρ-

314 2291 532 2360 ἐφθασεν
568 2295 657 2345 ἐπὶ
692 2294 750 2345 τὸ
782 2295 1025 2362 γενέσθαι
1053 2296 1232 2349 τέκνα,
1264 2299 1376 2350 Καὶ
1399 2298 1596 2352 τούτων

280 2380 346 2431 τὰ
384 2380 540 2433 πολλὰ
569 2382 660 2433 τοῦ
705 2382 872 2452 Ἰησοῦ
908 2388 1124 2454 σημεῖα,
1159 2388 1249 2438 καὶ
1281 2387 1360 2438 ὅτι
1391 2388 1596 2456 ἀφῆκεν

309 2470 486 2540 Πατὴρ
515 2472 792 2540 κρείττονα
834 2473 1116 2542 γενόμενον
1160 2476 1254 2545 τῆς
1282 2477 1386 2528 τῶν
1420 2479 1597 2548 ἀρχιε-

275 2559 356 2610 cal.
412 2559 709 2628 Φαρισαίων
779 2562 1230 2630 συνεδρευσάντων
1281 2567 1397 2617 κατ’
1435 2567 1594 2620 αὑτοῦ

275 2647 370 2714 .ῆς.
432 2647 720 2716 Ἀρχιερεῖς
761 2647 816 2698 δὲ
855 2649 943 2700 καὶ
984 2651 1126 2701 πᾶσα
1165 2653 1196 2719 ὴ
1233 2653 1509 2722 σωματικὴ
1540 2655 1596 2705 ἐν

275 2753 341 2796 it;
370 2735 602 2806 λατρεία,
632 2738 902 2806 Φαρισαῖοι
938 2755 993 2790 τε
1020 2740 1110 2791 καὶ
1142 2742 1286 2792 πᾶσα
1314 2742 1346 2810 ἡ
1377 2741 1514 2794 κατὰ
1537 2743 1596 2794 τὸ

275 2843 289 2876 ι
324 2825 413 2876 τοῦ
459 2826 638 2894 Νόμου
668 2826 976 2880 διδασκαλία
1015 2829 1344 2883 ἐπιδουλεύει
1402 2831 1592 2900 Ἰησοῦ,

277 2915 416 2985 θεία,
466 2917 560 2968 καὶ
614 2916 849 2984 βούλεται
897 2921 924 2970 ὁ
970 2918 1133 2980 τύπος
1185 2920 1268 2970 ἵνα
1322 2921 1594 2994 ὑφεστήκῃ

275 3008 355 3055 ’ων
379 3006 452 3073 (1)
481 3009 544 3075 τῇ
570 3006 861 3075 φανερώσει
879 3007 975 3076 τῆς
1000 3008 1273 3077 ἀληθείας·
1297 3012 1388 3062 καὶ
1412 3010 1594 3080 ῶσπερ

278 3094 371 3145 καὶ
407 3095 546 3146 κατὰ
589 3094 744 3145 τοῦτο
787 3095 1036 3164 ἐπιθυμεῖ
1065 3098 1200 3150 κατὰ
1231 3099 1320 3150 τοῦ
1352 3100 1591 3169 πνεύμα-

277 3182 348 3233 λλ’
397 3183 740 3251 ἰσχυρότερον
779 3183 835 3235 ὃν
873 3185 928 3235 τὸ
981 3185 1272 3254 ἐπιθυμοῦν
1317 3189 1454 3240 κατὰ
1498 3189 1594 3257 τῆς

278 3273 521 3342 πνεῦμα,
582 3275 674 3325 καὶ
709 3276 739 3342 ἡ
770 3274 968 3343 ἀληθὴς
1016 3275 1106 3326 τοῦ
1149 3276 1392 3346 Σωτῆρος
1442 3279 1594 3346 ἡμῶν

280 3363 446 3432 σῦνη,
478 3363 639 3432 καὶὴ
683 3364 1013 3434 πνευματικὴ
1059 3365 1217 3416 αὑτοῦ
1269 3367 1591 3432 διδασκαλία,

277 3455 317 3504 τὸ
333 3454 447 3504 τῶν
473 3455 597 3505 κατ’
613 3451 773 3504 αὐτοῦ
805 3452 1188 3521 βουλευομένων
1213 3453 1285 3520 (2)
1305 3455 1594 3524 ἀρχιερέων

279 3541 474 3592 ισαίων
518 3540 808 3609 συνέδριον.
851 3540 1027 3592 Ταῦτα
1055 3540 1110 3592 δὲ
1137 3541 1462 3610 ὑποληπτέον
1506 3545 1596 3595 καὶ

279 3631 430 3691 σθαι,
462 3630 657 3699 ῶσπερ
693 3630 836 3681 ἔστιν
870 3630 993 3682 ἰδεῖν
1021 3633 1078 3683 ἐν
1107 3635 1214 3693 τοῖς
1244 3633 1334 3683 τοῦ
1364 3649 1596 3701 σωματι-

299 3719 656 3788 ἰουδαῖσμοῦ
701 3721 1001 3782 συστάσεως
1043 3723 1132 3773 καὶ
1162 3722 1439 3776 καταλύειν
1484 3724 1597 3776 ἐθέ-

279 3829 306 3858 ν
352 3808 742 3878 πνευματικὴν
772 3810 1000 3878 Χριστοῦ
1032 3796 1389 3863 διδασκαλίαν.

281 3893 370 3959 Ξῖς
404 3898 468 3950 δέ
500 3915 590 3960 τις
619 3898 675 3963 ἐξ
708 3898 880 3950 αὐτῶν
908 3899 1175 3966 Καϊάφας,
1207 3902 1486 3971 ἀρχιερεὺς
1523 3903 1596 3954 ῶν

283 3987 428 4038 υτοῦ
519 3987 750 4049 ἐκείνου,
803 3985 949 4039 εἶπεν
1001 3990 1200 4051 αὐτοῖς·
1263 3991 1446 4060 Ὑμεῖς
1499 3993 1597 4043 οῦκ

286 4079 411 4139 ὁὲν,
444 4078 576 4129 οὐδέ
609 4077 901 4144 λογίζεσθε,
939 4079 1016 4130 ὃτι
1054 4078 1314 4148 συμφέρει
1347 4083 1476 4149 ἡμῖν
1513 4081 1596 4133 ἵνα

284 4185 421 4228 mo;
461 4167 716 4236 ἀποθάνῃ
748 4167 884 4237 ὑπὲρ
923 4167 1012 4218 τοῦ
1058 4167 1201 4232 λαοῦ,
1251 4172 1342 4222 καὶ
1379 4170 1449 4239 μὴ
1482 4171 1597 4223 ὅλον

283 4256 606 4325 ἀπόληται.
659 4257 824 4307 Τοῦτο
855 4257 907 4307 δὲ
952 4258 1038 4324 ἀφ’
1069 4257 1257 4310 ἐαυτοῦ
1289 4260 1384 4311 οὐκ
1418 4256 1593 4311 εἶπεν·

1690 507 1770 552 tes
1804 497 2038 550 futurum
2067 505 2127 549 ut
2152 495 2288 548 hanc
2308 495 2376 548 ob
2400 509 2612 548 causam
2638 493 3012 562 impedimento
3035 505 3210 548 essent

1680 586 2022 640 credentibus
2059 585 2111 638 in
2140 597 2282 647 eum,
2319 590 2372 636 et
2399 582 2672 648 Romanis,
2695 583 2784 651 qui
2812 583 3039 636 ablaturi
3065 592 3214 635 erant

1681 677 1748 731 ab
1776 676 1854 730 eis
1887 683 1994 728 tum
2037 675 2230 738 locum,
2277 681 2384 725 tum
2415 684 2646 742 gentem.
2681 675 2868 729 Verum
2905 673 3027 742 quia
3059 690 3077 723 ι
3111 672 3215 726 Do-

1681 765 1856 818 minus
1887 763 2111 830 dissipat
2139 759 2359 816 consilia
2403 760 2658 826 gentium,
2693 771 2744 814 et
2781 761 3031 829 reprobat
3065 759 3216 828 cogi-

1685 851 1907 906 tationes
1929 849 2240 919 populorum
2271 850 2314 911 ¹,
2351 867 2370 900 ι
2401 849 2748 902 nihilominus
2770 849 2975 902 etiamsi
3001 863 3104 901 non
3135 849 3214 901 di-

1683 942 1941 996 miserunt
1967 955 2112 1004 eum,
2144 946 2198 994 et
2240 939 2380 991 Deus
2407 953 2530 994 eum
2557 937 2814 991 excitavit
2842 946 2896 991 et
2929 935 3218 1001 dimisit,et

1683 1026 2080 1095 omnes’gentes
2129 1024 2434 1078 servierunt
2462 1025 2534 1088 ei,
2581 1033 2636 1079 et
2671 1023 2892 1078 Romani
2942 1025 3218 1079 venientes

1655 1115 1921 1168 'tulerunt
1947 1114 2160 1168 illorum
2188 1113 2356 1168 locum
2392 1115 2500 1184 (ubi
2531 1115 2670 1168 enim
2721 1116 2861 1182 quod
2906 1113 2980 1167 illi
3029 1123 3213 1166 vocant

1686 1203 2050 1256 sanetuarium
2074 1200 2134 1271 I)
2164 1212 2322 1270 atque
2351 1202 2510 1255 etiam
2545 1202 2711 1255 tulere
2750 1211 2957 1269 gentem
2983 1242 2998 1266 ,
3026 1201 3218 1256 ablatis

1687 1291 1844 1345 illise
1879 1289 2042 1362 385
2069 1291 2232 1356 loco;
2271 1293 2360 1345 vix
2416 1293 2768 1346 concedentes
2815 1291 2919 1345 illis
2954 1301 3094 1346 stare
3128 1294 3215 1345 ubi

1667 1379 1903 1445 =vellent,
1937 1380 2097 1434 etiam
2132 1380 2185 1432 in
2241 1380 2592 1448 dispersione.
2619 1378 2768 1443 Quod
2797 1380 2838 1432 si
2886 1379 3080 1433 audere
3122 1395 3218 1433 ue-

1687 1485 1836 1526 cesse
1857 1479 1940 1524 est
1969 1470 2022 1524 in
2052 1483 2264 1525 sensum
2313 1472 2655 1540 anagogicum
2696 1471 2882 1524 horum
2910 1473 3214 1534 verborum,

1689 1560 1924 1614 dicemus
1947 1559 2157 1621 horum,
2185 1561 2272 1626 qui
2303 1573 2369 1612 ex
2411 1558 2822 1613 circumcisione
2865 1569 3006 1624 sunt,
3045 1559 3217 1613 locum

1691 1658 1874 1718 gentes
1899 1648 2187 1717 accepisse,
2222 1651 2344 1716 quia
2377 1667 2395 1700 ι
2437 1648 2642 1702 illorum
2675 1648 2821 1717 lapsu
2849 1649 2990 1702 salus
3021 1649 3222 1703 venerit

1622 1737 1981 1805 Bgentibus,
2034 1752 2140 1806 quo
2195 1739 2325 1806 ipsis
2379 1737 2542 1791 Judmi
2599 1737 2970 1790 mmularentur
2997 1740 3040 1802 ',
3088 1757 3106 1789 ι
3167 1748 3222 1791 ει

1689 1842 1787 1896 pro
1830 1829 2076 1897 gentibus
2112 1827 2378 1882 Romanos
2410 1828 2576 1882 fuisse
2616 1828 2816 1882 dictos:
2857 1831 2956 1883 hoc
3001 1839 3100 1895 εει,
3127 1843 3222 1897 pro

1689 1918 1939 1981 subditis,
1963 1931 2054 1972 eos
2084 1918 2174 1986 qui
2209 1933 2385 1972 rerum
2425 1921 2799 1986 potiebantur;
2841 1918 3063 1987 proinde
3093 1932 3222 1986 gens

1691 2021 1720 2058 a
1750 2007 1994 2070 gentibus
2024 2008 2195 2061 ablata
2228 2009 2326 2061 l'uit
2361 2026 2376 2073 ;
2417 2010 2505 2076 qui
2536 2011 2674 2063 enim
2724 2007 2947 2078 populus
2973 2016 3109 2068 erat,
3143 2007 3214 2060 fa-

1691 2104 1808 2148 ctus
1834 2105 1914 2148 est
1940 2111 2044 2148 non
2078 2097 2301 2164 populus
2328 2097 2348 2127 ³
2376 2115 2390 2161 ;
2426 2106 2479 2150 ει
2509 2099 2595 2165 qui
2625 2112 2687 2150 cx
2723 2096 2882 2150 Israel
2916 2106 3088 2157 erant,
3121 2110 3223 2147 nor.

1691 2181 1920 2248 amplius
1948 2191 2072 2235 sunt
2118 2183 2360 2246 Israclis;
2391 2185 2589 2252 quique
2619 2199 2797 2237 semen
2826 2191 2993 2246 erant,
3025 2197 3087 2235 eo
3118 2197 3222 2233 non

1693 2282 2047 2339 pervenerunt
2093 2280 2151 2324 ut
2199 2272 2286 2324 ﬁlii
2328 2273 2536 2326 ﬁerent.
2578 2271 2812 2337 Quarum
2843 2285 3018 2324 rerum
3064 2283 3220 2322 causa

1695 2361 1857 2413 multa
1889 2359 2034 2413 fuere
2065 2359 2186 2413 Jcsu
2234 2360 2531 2423 miracula;
2569 2371 2622 2414 et
2654 2361 2781 2428 quia
2833 2359 3032 2411 dimisit
3077 2357 3223 2410 illum

1695 2447 1850 2500 Pater
1873 2448 2200 2513 superiorem
2239 2446 2434 2500 factum
2476 2448 2782 2515 pontiﬁcum
2824 2457 2879 2502 et
2931 2446 3226 2500 Pharismo-

1694 2551 1830 2598 rum,
1865 2538 1952 2603 qui
1983 2537 2264 2590 concilium
2304 2537 2556 2590 adversus
2584 2531 2703 2589 eum
2745 2536 3086 2604 collegerant,
3109 2550 3230 2591 con-

1693 2628 1856 2686 cilio..
1878 2629 1946 2680 At
1974 2642 2096 2680 vero
2125 2627 2423 2694 pontiﬁces,
2455 2637 2508 2680 et
2541 2633 2684 2679 totus
2715 2624 3014 2680 Judacorum
3045 2641 3229 2693 corpo-

1695 2713 1818 2769 ralis
1849 2714 2041 2778 cultus,
2089 2714 2468 2783 Pharisazique,
2513 2723 2568 2768 et
2617 2723 2726 2770 tota
2760 2715 2914 2785 Legis
2965 2715 3228 2780 doctrina,

1687 2803 1834 2872 juxta
1869 2805 2098 2858 litteram
2137 2802 2360 2857 insidias
2405 2802 2623 2857 molitur
2656 2805 2866 2856 veritati
2902 2802 3068 2874 (Iesu)
3095 2804 3232 2858 vult-

1694 2909 1794 2962 que
1823 2893 2042 2961 ﬁguram
2101 2894 2394 2946 subsistere
2421 2935 2436 2958 ,
2468 2893 2711 2946 veritatis
2749 2894 3226 2947 manifestatiunem

1696 2984 2019 3051 impediens;
2054 2991 2107 3035 et
2160 2997 2260 3035 non
2289 2995 2442 3034 secus
2481 2995 2544 3032 ac
2584 2995 2742 3044 caro,
2778 2981 2936 3033 etiam
2977 2981 3116 3034 hanc
3159 2983 3228 3034 ob

1620 3054 1665 3115 θ
1695 3088 1908 3126 causam
1937 3071 2266 3138 concupiscit
2287 3072 2538 3123 adversus
2564 3070 2806 3137 spiritum
2833 3071 2874 3125 ⁸.
2900 3071 3002 3124 Sed
3039 3071 3229 3126 fortior

1695 3179 1814 3216 cum
1853 3163 1920 3215 sit
1971 3163 2190 3230 spiritus
2236 3161 2621 3226 concupiscens
2670 3160 2926 3213 adversus
2962 3174 3175 3213 carnem
3202 3199 3219 3224 ,

1693 3264 1748 3306 et
1779 3267 1934 3305 verus
1973 3252 2272 3305 Servatoris
2330 3250 2495 3303 nostri
2555 3249 2882 3316 principatus
2937 3252 3223 3305 sacerdotii

1693 3343 2086 3412 spiritualisque
2116 3341 2254 3393 illius
2278 3340 2541 3400 doctrina,
2583 3340 2892 3406 pontiﬁcum
2937 3338 3228 3393 Phariszeo-

1694 3448 1916 3500 rumque
1945 3433 2230 3486 concilium
2290 3431 2546 3484 adversus
2583 3445 2700 3484 eum
2743 3430 2961 3485 insidias
3017 3441 3226 3486 struen-

1698 3525 1824 3576 tium
1855 3523 2117 3577 dissolvit.
2156 3521 2276 3576 Haec
2315 3531 2490 3576 autem
2519 3521 2810 3575 etiamnum
2858 3523 2970 3574 ﬁeri
3001 3536 3226 3577 censen-

1695 3616 1814 3665 tium
1845 3623 1958 3674 cst,
2010 3621 2065 3664 ut
2112 3621 2194 3664 est
2247 3625 2463 3664 cernere
2518 3610 2570 3662 in
2623 3610 2707 3662 his
2760 3609 2848 3677 qui
2901 3610 3226 3677 Spiritualem

1693 3702 1887 3756 Christi
1920 3702 2218 3755 doctrinam
2275 3714 2368 3767 per
2414 3699 2744 3766 corporalem
2793 3697 3050 3752 Judaismi
3100 3714 3228 3754 cou-

1696 3794 2036 3863 spiratiouem
2063 3791 2350 3845 dissolvere
2374 3789 2576 3842 volunt.

1765 3902 1850 3955 12.
1894 3921 1911 3952 ι
1947 3900 2092 3954 Unus
2117 3909 2287 3952 autem
2317 3898 2576 3965 quispiam
2607 3911 2669 3949 cx
2695 3898 2797 3961 his,
2831 3898 3042 3951 nomine
3072 3896 3229 3955 Caia-

1693 3993 1844 4062 phas,
1883 4007 2003 4044 cum
2039 3998 2179 4043 esset
2210 3988 2446 4056 pontifex
2471 3988 2592 4039 aliui
2623 3988 2782 4052 illius,
2818 3990 2943 4040 dixit
2975 3989 3089 4042 eis:
3123 3989 3228 4046 Vos

1695 4081 1914 4135 nescitis
1947 4079 2256 4146 quidquam,
2291 4091 2390 4130 nec
2413 4079 2744 4144 perpenditis
2779 4079 3026 4146 expedire
3074 4083 3227 4136 nobis

1695 4181 1752 4226 ut
1779 4185 1912 4224 unus
1956 4169 2115 4222 homo
2168 4169 2425 4220 moriatur
2473 4181 2567 4234 pro
2613 4168 2828 4235 populo,
2874 4183 2937 4222 ac
2986 4185 3087 4221 non
3119 4179 3225 4224 tona

1695 4275 1823 4330 gens
1850 4267 2048 4327 pereat.
2085 4257 2194 4309 Hoc
2216 4266 2392 4310 autem
2419 4271 2448 4308 a
2470 4256 2755 4324 semetipso
2783 4272 2884 4309 non
2913 4258 3046 4309 dixit
3071 4273 3086 4319 ;
3110 4263 3224 4321 sed,

288 4346 472 4414 ερεὺς
502 4343 586 4397 ὣν
616 4343 708 4397 τοῦ
740 4345 979 4398 ἐνιαυτοῦ
1007 4347 1230 4410 ἐκείνου,
1266 4351 1594 4419 προεφήτευ-
1627 4347 1668 4399 D
1696 4365 1794 4404 cun

1715 4366 1812 4403 :um
1846 4358 1986 4402 esset
2014 4346 2245 4416 pontifex
2270 4347 2389 4397 anui
2417 4345 2576 4408 illius,
2601 4346 2916 4399 Vaticinatus
2938 4357 3018 4398 est
3045 4346 3223 4402 Iesum

283 4435 509 4503 μελλεν
539 4436 744 4503 Ἰησοῦς
769 4435 1117 4506 ἀποθνήσκειν
1131 4438 1264 4506 ὑπὲρ
1282 4439 1372 4490 τοῦ
1395 4439 1593 4502 ἔθνους·

283 4527 425 4595 νπὲρ
448 4524 558 4576 τοῦ
583 4525 767 4586 ἔθνους
792 4525 964 4594 μόνον,
983 4525 1090 4578 ἀλλ’
1115 4527 1198 4578 ἵνα
1231 4529 1318 4579 καὶ
1343 4530 1409 4580 τὰ
1437 4529 1596 4580 τέκνα

286 4617 367 4668 τὰ
399 4616 878 4686 διεσκορπισμένα
912 4617 1183 4688 συναγάγῃ
1217 4620 1292 4680 είς
1317 4619 1392 4670 ἓν.
1421 4638 1436 4668 ι
1466 4619 1596 4687 Οὐχὶ

285 4705 603 4772 οφητεύει,
641 4707 918 4774 προφήτης
951 4707 1095 4760 ἐστὶν
1126 4709 1344 4768 ἐκεῖνος.
1385 4709 1442 4761 Ὀ
1469 4708 1594 4774 γοῦν

314 4814 335 4844 ι
367 4796 691 4864 ἀρχιερεὺς
717 4793 790 4845 ῶν
817 4795 906 4846 τοῦ
934 4795 1170 4848 ἐνιαυτοῦ
1197 4796 1417 4860 ἐκείνου,
1441 4814 1596 4867 προε-

285 4884 410 4941 ιὲν,
453 4883 552 4934 ὅτι
587 4883 808 4952 ἔμελλεν
853 4883 1048 4950 Ἰησοῦς
1079 4883 1429 4952 ἀποθνήσκειν
1459 4886 1596 4956 ὑπὲρ

287 4986 350 5032 ς’
395 4971 513 5022 καὶ
552 4971 654 5040 οὐχ
683 4971 820 5040 ὑπὲρ
876 4971 964 5023 τοῦ
1025 4972 1204 5033 ἔθνους
1257 4972 1428 5040 μόνον,
1486 4971 1608 5025 ἀλλ’

302 5061 392 5113 τὰ
468 5061 652 5113 τέκνα
711 5060 805 5112 τοῦ
865 5060 995 5112 Θεοῦ
1059 5061 1125 5113 τὰ
1187 5061 1594 5131 διεσκορπισμέ-

293 5151 428 5221 ἁγῃ
493 5151 588 5211 είς
646 5149 722 5209 ἓν,
797 5168 816 5199 ι
871 5149 928 5200 οὐ
993 5151 1096 5219 μὴν
1157 5150 1248 5200 καὶ
1319 5151 1594 5220 προφήτης

287 5262 293 5290 ;
341 5240 459 5292 καὶ
529 5237 764 5305 Βαλαὰμ
822 5240 1178 5306 προεφήτευσε
1241 5233 1309 5286 τὰ
1363 5238 1419 5287 ἐν
1485 5241 1594 5301 τοῖς

289 5438 490 5483 :xxu,
527 5415 625 5470 10.
700 5419 719 5446 ¹
749 5415 900 5467 Rom.
933 5431 1005 5480 xt,
1037 5417 1116 5468 II.

296 5561 401 5610 [ex
440 5549 699 5616 Regius,
970 5548 1025 5610 ἐξ
1049 5548 1261 5598 ἐκείνων
1287 5544 1586 5616 ἐπιϐουλῆς.

291 5631 400 5679 [ex
450 5612 709 5684 Regius,
736 5612 997 5679 βούλεται.

1192 5414 1250 5465 ³1
1277 5413 1414 5469 Petr.
1439 5430 1498 5475 tt,
1526 5416 1612 5472 10.

1699 4439 2011 4493 moriturum
2037 4451 2152 4491 esse
2178 4452 2272 4504 pro
2293 4445 2473 4503 gente;
2494 4446 2546 4488 et
2567 4451 2668 4487 non
2693 4445 2894 4489 tantum
2931 4453 3025 4505 pro
3047 4450 3223 4505 gente.

1699 4529 1791 4582 sed
1817 4538 1872 4578 ut
1906 4527 2064 4579 etiam
2101 4525 2236 4578 ﬁlios
2272 4523 2384 4587 Dei,
2412 4525 2500 4591 qui
2536 4534 2689 4576 erant
2727 4501 3227 4596 dispersi,’cougre-

1699 4627 1845 4686 garet
1874 4619 1924 4669 in
1955 4611 2168 4668 unum".
2191 4634 2210 4665 ι
2245 4615 2380 4675 Non,
2405 4616 2447 4667 si
2472 4615 2590 4682 quis
2609 4617 2910 4682 prophetat,
2952 4620 3069 4671 ideo
3098 4635 3222 4686 pro-

1697 4708 1855 4776 pheta
1876 4715 1975 4760 est.
1991 4705 2248 4772 Caiaphas
2273 4704 2430 4770 igitur
2451 4721 2469 4754 ι
2504 4705 2736 4772 pontifex
2769 4722 2889 4760 cum
2933 4719 3070 4760 esset
3097 4711 3221 4763 anni

1701 4794 1860 4856 illius,
1887 4794 2217 4862 prophetavit
2249 4811 2267 4843 ι
2295 4792 2505 4860 quidem
2541 4811 2560 4842 ι
2583 4793 2762 4847 Jesum
2794 4795 3106 4848 moriturum
3128 4812 3224 4865 pro

1701 4894 1952 4951 gentezet
1974 4900 2078 4936 non
2104 4899 2199 4950 pro
2221 4892 2376 4950 gente
2397 4891 2620 4946 tantum,
2641 4885 2732 4936 sed
2756 4892 2811 4934 ut
2841 4883 2974 4936 ﬁlios
2999 4883 3110 4948 Dei,
3133 4887 3224 4952 qui

1700 4985 1852 5028 erant
1877 4973 2120 5042 dispersi,
2159 4982 2500 5042 congregaret
2523 4974 2574 5025 in
2603 4988 2802 5035 uuutn;
2832 4990 2850 5024 ι
2874 4974 3012 5026 haud
3049 4982 3224 5030 tamen

1701 5063 1955 5129 propheta
1989 5072 2125 5114 erat.
2167 5063 2319 5127 Quod
2361 5063 2408 5114 si
2451 5061 2610 5114 etiam
2648 5061 2855 5114 Balaam
2891 5063 3228 5129 prophetavit

1696 5166 1816 5220 qua:
1833 5153 1883 5206 in
1906 5153 2256 5206 Numerorum
2280 5153 2414 5204 libro
2433 5163 2553 5205 sunt
2574 5153 2795 5219 scripta,
2822 5153 3032 5206 dicens:
3053 5169 3072 5202 ι
3097 5152 3230 5206 Ver-

1695 5243 1819 5297 bum
1851 5241 2010 5311 385
2049 5243 2188 5310 quod
2227 5243 2504 5298 immiserit
2547 5242 2685 5296 Deus
2718 5242 2767 5294 in
2784 5256 2844 5297 os
2890 5257 3090 5308 meum,
3125 5241 3228 5302 hoc

1686 5418 1707 5449 ⁸
1734 5418 1902 5472 Galat.
1931 5417 2091 5479 v.17.
2156 5419 2176 5450 ⁸
2198 5419 2350 5474 Joan.
2377 5435 2451 5481 xt,
2472 5418 2538 5472 49
2561 5433 2675 5485 seq.

1770 5551 1841 5615 (ιι
1874 5549 2007 5602 Ideni
2033 5551 2191 5602 codex
2222 5550 2414 5619 Regius
2458 5548 2775 5617 ἐμποδίζειν.

1773 5620 1845 5685 (*2)
1878 5620 2049 5670 Codex
2081 5619 2292 5686 llcgius,
2327 5619 2669 5688 βουλομένων.
