3820 6204
412 264 514 320 707
1834 259 2152 317 OBIGENIS
3524 270 3623 324 708

413 382 592 444 loquar
611 375 653 442 ⁸,
676 393 694 426 ι
722 383 772 449 et
791 387 904 442 qua:
933 381 1054 425 sunt
1089 371 1156 425 ab
1185 385 1246 424 eo
1264 357 1390 425 loco
1410 408 1426 433 ,
1466 390 1483 422 ι
1516 385 1578 424 ex
1619 371 1884 440 Mesopota

2027 372 2292 442 ’Λριθμοῖς
2337 375 2791 443 ἀναγεγραμμένα
2829 375 2932 442 (3),
2986 374 3235 441 φάσκων
3262 391 3276 403 ·
3321 393 3341 425 ι
3370 375 3446 428 Τὸ
3480 378 3623 449 ῥῆμα

411 465 514 518 mia
539 448 811 517 accersivit
845 477 926 514 me
945 463 986 524 ",
1025 479 1044 512 ι
1075 469 1128 514 et
1149 471 1459 528 sequuntur,
1487 463 1818 529 perspicuum
1841 475 1886 514 et

2025 461 2166 513 Βὲάν
2196 461 2402 534 ὲμὸἀλῃ
2430 463 2458 514 ὁ
2495 462 2623 525 Θεὸς
2662 465 2740 527 εἰς
2778 464 2841 515 τὸ
2886 464 3077 533 στόμα
3127 480 3238 533 μου
3260 505 3277 529 ,
3337 466 3502 520 τοῦτο
3533 448 3623 523 λα-

407 552 544 622 quod
575 551 822 620 propheta
853 564 953 602 non
988 559 1132 614 erat;
1162 565 1410 619 augurem
1429 553 1568 605 enim
1597 550 1761 604 fuisse
1787 548 1886 604 seri

2025 550 2163 620 λήσω
2188 569 2202 582 ο
2239 569 2257 602 ι
2291 552 2383 604 καὶ
2409 551 2574 603 εἰπὼν
2599 551 2667 604 τὰ
2691 552 2799 605 ἀπὸ
2833 552 2956 604 τοῦ·
2993 571 3013 602 ‹
3050 554 3152 604 Ἐκ
3184 555 3625 628 Μεσοποταμίας

408 649 548 707 ptum
575 648 671 692 est.
687 642 762 692 Ac
785 637 1016 706 profecto
1041 639 1084 691 si
1109 638 1224 706 quis
1246 639 1498 708 propheta
1515 648 1617 702 est,
1637 639 1680 692 is
1711 638 1886 706 quidet

2025 639 2395 709 μετεπέμψατό
2429 657 2517 709 με,
2543 659 2561 690 ι
2592 642 2684 693 καὶ
2716 642 2783 694 τὰ
2816 641 2988 711 ἑξῆς,
3028 644 3235 710 σαφὲς,
3273 643 3362 696 ὅτι
3415 652 3623 720 προφή-

405 726 708 794 prophetat;
740 725 821 779 sin
865 740 988 779 vero
1021 727 1138 794 quis
1177 726 1486 794 prophetat,
1521 742 1622 781 non
1669 727 1881 781 continu

2025 746 2110 798 της
2154 731 2251 782 οὐκ
2281 726 2378 800 ἦν’
2423 731 2612 800 μάντις
2659 731 2763 802 γὰρ
2810 727 2958 784 εἶναι
3026 731 3482 803 ἀναγέγραπται
3527 737 3620 806 (4).

403 814 560 866 etiam
580 823 660 866 est
687 814 958 881 propheta.
982 813 1250 882 Tanquam
1281 815 1324 868 si
1359 816 1422 868 de
1457 827 1515 867 re
1550 814 1649 867 alia
1673 815 1916 883 quapiam

401 906 616 960 meliore
644 904 910 958 dicerem:
946 905 999 958 Si
1023 905 1141 972 quis
1176 914 1255 958 est
1275 904 1467 973 justus,
1489 904 1573 972 jus
1601 905 1757 958 etiam
1794 919 1914 972 per-

398 995 666 1062 sequitur;
693 1005 746 1047 at
769 994 945 1061 siquis
970 995 1058 1061 jus
1084 996 1436 1064 persequitur,
1472 1011 1576 1050 non
1609 1005 1778 1049 tamen
1802 1004 1912 1048 sta-

399 1085 488 1136 tim
515 1084 686 1152 justus
713 1093 826 1148 est;
860 1084 910 1136 id
938 1085 1074 1151 quod
1117 1085 1378 1152 intelliges
1413 1093 1598 1137 notans
1623 1084 1817 1137 dictum
1850 1084 1913 1137 il-

395 1172 481 1225 Iud
510 1191 521 1226 :
555 1190 574 1222 ι
604 1171 750 1226 Jusle
779 1173 915 1240 quod
938 1173 1139 1238 justum
1171 1183 1251 1227 est
1272 1173 1674 1242 persequeris’;
1702 1192 1719 1224 ι
1741 1188 1910 1240 quan-

395 1262 670 1329 doquidem
718 1263 826 1314 haec
867 1263 1053 1315 vocula
1096 1265 1239 1331 juste
1277 1278 1380 1316 non
1410 1263 1602 1316 frustra
1631 1264 1909 1330 praeposita

394 1347 553 1400 fuerit
583 1348 682 1401 illis
705 1350 921 1412 voculis,
957 1366 976 1398 ι
1014 1350 1152 1418 quod
1171 1349 1368 1415 justum
1394 1361 1476 1406 est
1505 1354 1856 1420 persequeris.
1885 1371 1903 1403 ι

393 1438 717 1492 Facillimum
749 1440 890 1494 enim
925 1439 1065 1493 factu
1099 1455 1217 1494 esse
1247 1456 1392 1503 reor,
1442 1453 1496 1494 ut
1521 1443 1605 1510 jus
1639 1444 1757 1512 quis
1788 1457 1907 1510 per-

392 1537 660 1595 sequatur,
690 1529 778 1581 sed
808 1543 910 1581 non
939 1529 1099 1597 juste.
1136 1529 1338 1582 Etenim
1393 1531 1477 1596 qui
1531 1532 1730 1585 faciunt
1777 1547 1908 1600 opus

393 1615 604 1682 aliquod
636 1630 698 1669 ex
739 1630 795 1668 se
835 1616 1048 1676 bonum,
1084 1626 1141 1668 ut
1175 1617 1239 1668 ab
1279 1617 1578 1671 hominibus
1607 1618 1906 1686 gloriﬁcen-

392 1712 496 1766 tur,
525 1703 668 1756 verbi
707 1703 896 1771 gratia,
920 1703 971 1754 in
1001 1718 1256 1769 pauperes
1287 1704 1529 1766 beneﬁci,
1563 1721 1671 1758 rem
1693 1708 1902 1774 quidem

385 1791 582 1859 justam
613 1791 870 1854 fecerunt,
894 1792 1028 1843 haud
1058 1799 1232 1845 tamen
1264 1806 1328 1845 ex
1355 1793 1532 1853 habitu
1552 1794 1794 1862 justitise,
1814 1797 1903 1850 sed

386 1878 458 1934 ob
481 1895 667 1933 vanam
701 1879 940 1949 gloriam.
974 1884 1048 1933 Ac
1076 1894 1190 1934 mea
1221 1881 1431 1948 quidem
1452 1883 1730 1946 sententia,
1754 1883 1902 1951 juxta

387 1972 840 2038 comparationem
889 1970 1013 2023 dicti
1049 1971 1204 2040 hujus
1234 1989 1245 2024 :
1285 1987 1304 2021 ι
1337 1970 1487 2024 Juste
1520 1973 1659 2041 quod
1704 1973 1902 2048 justum

386 2065 467 2112 est
495 2056 846 2124 persequeris,
872 2074 890 2106 ι
921 2057 1127 2110 dicetur
1181 2059 1340 2111 etiam
1388 2059 1486 2113 hoc
1519 2076 1533 2112 :
1572 2049 1807 2114 Modeste
1851 2063 1901 2116 id

383 2145 523 2215 quod
546 2147 837 2200 modestum
878 2155 959 2199 est
1004 2148 1378 2214 persequeris;
1427 2158 1480 2202 et
1529 2167 1542 2202 :
1579 2147 1808 2202 Viriliter
1850 2152 1899 2205 id

382 2235 521 2302 quod
553 2234 703 2286 virile
730 2241 813 2288 est
853 2235 1220 2300 persequeris;
1249 2247 1304 2289 et
1333 2255 1347 2290 :
1376 2235 1651 2305 Sapienter
1682 2239 1732 2292 id
1761 2243 1899 2308 quod

381 2324 594 2390 sapiens
627 2331 709 2376 est
743 2323 1110 2389 persequeris;
1141 2338 1200 2376 ac
1230 2325 1420 2378 deinde
1448 2326 1690 2382 similiter
1720 2329 1770 2382 in
1797 2345 1900 2384 ca-

384 2411 508 2464 teris
538 2411 841 2464 virtutibus.
886 2410 1008 2465 llaec
1056 2421 1233 2466 autem
1281 2413 1511 2469 diximus
1537 2426 1593 2468 ut
1632 2417 1898 2474 conferre-

379 2515 496 2554 mus
532 2515 649 2554 eum
677 2499 929 2568 propheta
978 2514 1228 2569 augurem
1254 2539 1272 2566 ,
1314 2503 1404 2569 qui
1436 2504 1624 2559 similis
1656 2505 1728 2559 illi
1777 2521 1895 2560 cum

376 2588 469 2650 sit,
501 2603 602 2641 non
629 2598 798 2642 tamen
829 2596 908 2642 est
937 2589 1208 2656 propheta.
1242 2590 1387 2644 Hanc
1414 2593 1572 2645 etiam
1593 2595 1660 2646 ob
1685 2609 1894 2648 causam

377 2672 706 2730 continenter
739 2678 791 2729 in
831 2677 1120 2745 prephetiis
1167 2678 1232 2732 de
1282 2682 1556 2749 prophetis
1601 2683 1702 2737 dici
1751 2686 1895 2738 arbi-

381 2774 492 2816 tror
513 2783 524 2816 :
564 2783 581 2815 ι
602 2764 1006 2819 DicitJeremias
1027 2768 1280 2835 propheta
1307 2770 1350 2834 ',
1371 2788 1390 2821 ι
1425 2779 1478 2824 et
1499 2770 1541 2825 si
1568 2771 1693 2839 quid
1715 2772 1795 2826 his
1811 2782 1894 2827 est

375 2854 566 2908 simile.
591 2853 752 2908 Porro
775 2857 863 2925 qui
883 2860 1152 2913 nominum
1177 2859 1280 2912 vim
1301 2869 1495 2924 tenent,
1521 2860 1760 2929 inquiunt
1788 2877 1891 2917 non

2015 821 2081 872 Εί
2101 838 2185 882 τις
2213 822 2307 891 μὲν
2338 817 2428 874 οῦν
2454 823 2738 893 προφήτης
2769 822 2912 884 ἐστὶ,
2953 821 3199 885 πάντως
3249 826 3622 895 προφητεύει·

2013 911 2059 961 εί
2099 910 2151 961 δέ
2189 927 2270 972 τις
2309 909 2657 979 προφητεύει,
2702 909 2762 962 ού
2817 911 3051 974 πάντως
3104 914 3234 965 ἐστὶ
3311 919 3621 988 προφήτης.

2023 999 2162 1050 Ὡσεὶ
2193 999 2284 1050 καὶ
2313 1000 2403 1051 ἐπὶ
2435 999 2623 1070 ἐτέρου
2658 999 2803 1063 τινὸς
2836 1001 2948 1053 τῶν
2981 1003 3346 1072 κρειττόνων
3389 1005 3625 1061 τοιοῦτον

2009 1087 2209 1154 ἔλεγον
2240 1088 2300 1139 Εἰ
2336 1088 2434 1156 μέν
2467 1089 2558 1152 τίς
2581 1089 2698 1140 ἐστι
2727 1089 2938 1152 δίκαιος
2959 1130 2975 1152 ,
3013 1092 3082 1144 τὸ
3139 1093 3369 1146 δίκαιον
3418 1095 3620 1150 διώκειο

2007 1178 2066 1229 ού
2095 1179 2196 1248 μὴν
2229 1179 2280 1230 εἴ
2305 1196 2384 1241 τις
2416 1177 2475 1230 τὸ
2503 1177 2704 1231 δίκαιον
2727 1177 2936 1242 διώκει,
2956 1181 3185 1246 δίκαιός
3220 1185 3403 1236 ἐστιν·
3429 1186 3620 1252 ἐκεῖνο,

2006 1269 2138 1338 ὅπερ
2162 1269 2233 1337 (5)
2270 1269 2515 1338 συνήσεις
2548 1270 2857 1338 ἐπιστήσας
2883 1271 2964 1340 τῷ
2991 1289 3006 1302 ο
3054 1290 3074 1322 α
3110 1275 3376 1337 Δικαίως
3435 1276 3496 1327 τὸ
3546 1277 3621 1330 δί-

2007 1375 2156 1410 καιον
2204 1358 2384 1428 διώξῃ.
2409 1377 2426 1408 ι
2455 1359 2610 1426 εῖπερ
2647 1358 2720 1428 μὴ
2759 1359 2941 1430 μάτην
2983 1363 3087 1425 τὸ,
3147 1362 3451 1429 δικαίως,
3494 1383 3625 1438 προ-

2004 1447 2252 1499 τέτακται
2283 1448 2358 1519 (6)
2393 1449 2509 1500 τοῦ·
2553 1469 2571 1500 ι
2593 1451 2652 1503 τὸ
2699 1452 2911 1504 δίκαιον
2945 1452 3152 1523 διώξῃ·
3183 1473 3203 1505 ο
3244 1454 3484 1508 δυνατὸν
3516 1458 3620 1526 γὰρ

2004 1532 2150 1606 οἶμαι
2180 1537 2239 1588 τὸ
2262 1537 2462 1590 δίκαιον
2509 1539 2746 1605 διώκειν,
2797 1541 2916 1594 ἀλλ’
2952 1543 3016 1594 οὐ
3053 1543 3305 1606 δικαίως
3330 1563 3344 1575 ο
3387 1547 3483 1598 καὶ
3515 1548 3618 1618 γὰρ

2005 1625 2051 1675 οἱ
2084 1624 2351 1688 ποιοῦντες
2387 1627 2520 1696 πρὸς
2546 1628 2606 1680 τὸ
2637 1629 2968 1699 δοξασοῆναι
3005 1631 3122 1683 ὑπό
3158 1633 3276 1685 τῶν
3310 1634 3619 1705 ἀνθρώπων

2004 1712 2156 1782 ἔργον
2180 1713 2295 1765 καθ’
2329 1715 2456 1767 αὐτὸ
2487 1716 2745 1787 καθῆκον,
2783 1719 2920 1791 φέρε
2955 1723 3172 1786 εἰπεῖν,
3211 1727 3300 1788 είς
3343 1727 3612 1798 πένητας,

2000 1802 2198 1854 δίκαιον
2227 1804 2321 1872 μέν
2361 1823 2413 1856 τι
2466 1809 2849 1877 πεποιήκασιν,
2886 1811 2954 1863 οὗ
3010 1811 3131 1882 μὴν
3170 1814 3290 1867 ἀπὸ
3327 1817 3501 1882 ἕξεως
3540 1819 3615 1872 δι-

2001 1891 2280 1962 καιοσύνης
2303 1931 2318 1956 ,
2367 1895 2478 1947 ἀλλ’
2531 1897 2638 1949 ἀπὸ
2672 1899 3013 1962 κενοδοξίας.
3061 1897 3248 1972 Οἶμαι
3280 1905 3333 1956 δ’
3372 1908 3456 1959 ὅτι
3489 1910 3615 1962 ἀνά-

1999 1979 2149 2048 λογον
2176 1981 2280 2050 τῷ·
2320 2001 2338 2032 ι
2376 1985 2607 2048 Δικαίως
2642 1986 2702 2038 τὸ
2737 1987 2951 2041 δίκαιον
2983 1991 3194 2061 διώξῃ,
3226 2012 3246 2044 ι
3293 1995 3502 2064 λέγοιτ’
3528 2001 3610 2053 ἄν·

1999 2067 2288 2138 Σωφρόνως
2345 2070 2404 2122 τὺ
2460 2071 2670 2151 σῶφρον
2723 2074 2915 2145 διώξῃο
2971 2077 3077 2129 καί
3108 2095 3124 2108 ο
3183 2080 3491 2151 Ἀνδρείως
3551 2085 3609 2137 τὸ

1996 2156 2230 2226 ἀνδρεῖον
2255 2157 2437 2230 διώξῃ,
2472 2160 2563 2213 καί
2592 2177 2606 2191 ’
2637 2150 2827 2231 Σοφῶς
2876 2165 2942 2218 τὸ
2980 2169 3166 2236 σοφὸν
3197 2150 3402 2243 διώξῃ,
3433 2175 3525 2226 καὶ
3554 2175 3609 2228 τὸ

1996 2246 2247 2314 ἀνάλογον
2273 2249 2366 2301 ἐπὶ
2397 2249 2503 2300 τῶν
2535 2251 2735 2304 λοιπῶν
2767 2254 3009 2323 ἀρετῶν.
3063 2259 3267 2312 Ταῦτα
3303 2262 3354 2314 δ’
3385 2263 3608 2333 εἴπομεν

1995 2334 2132 2405 ὑπὲρ
2156 2335 2247 2388 τοῦ
2275 2338 2606 2407 παραϐαλεῖν
2638 2343 2823 2412 ὅμοιόν
2855 2362 2910 2396 τι
2950 2346 3037 2414 τῷ
3078 2352 3476 2421 προφητεύειν
3513 2355 3606 2423 μέν

1992 2439 2129 2485 τινα,
2175 2426 2234 2478 ού
2271 2427 2376 2497 μὴν
2423 2430 2702 2501 προφήτην
2754 2429 2917 2486 εἶναι.
2955 2437 3068 2489 Διὰ
3097 2439 3276 2493 τοῦτο
3323 2441 3394 2507 δ’,
3425 2440 3600 2512 οἶμαι,

1994 2521 2224 2588 συνεχῶς
2269 2523 2327 2573 ὲν
2383 2526 2500 2586 ταῖς
2547 2528 2910 2596 προφητείαις
2947 2532 3091 2601 περὶ
3127 2533 3250 2586 τῶν
3309 2538 3602 2608 προφητῶν

1991 2608 2197 2676 λέγεται
2231 2612 2319 2663 1:6-
2375 2629 2394 2661 ι
2437 2609 2599 2666 Εἶπεν
2654 2615 2929 2686 Ἱερεμίας
2977 2621 3009 2671 ὁ
3057 2628 3405 2696 προφήτης,
3447 2647 3465 2678 ι
3511 2628 3594 2679 καὶ

1990 2698 2043 2750 εί
2070 2717 2120 2751 τι
2152 2700 2352 2764 τούτοις
2379 2703 2582 2771 ὅμοιον.
2636 2706 2698 2756 Oi
2744 2706 2801 2759 δὲ
2837 2712 2974 2777 περὶ
3035 2713 3110 2765 τὰ
3150 2717 3410 2786 ὀνόματα
3445 2717 3598 2771 δεινοί

1990 2803 2169 2854 φασιν,
2199 2787 2278 2840 ὅτι
2303 2789 2439 2859 οὐχὶ,
2465 2792 2518 2842 εἴ
2564 2809 2648 2854 τις
2683 2793 2930 2864 ἰατρικόν
2966 2816 3025 2850 τι
3069 2803 3386 2872 ἐποίησεν,
3429 2806 3462 2876 ἢ
3497 2806 3598 2857 τῶν

1991 2878 2121 2948 πρὸς
2146 2879 2350 2946 ὑγίειαν
2381 2881 2830 2953 συμϐαλλομένων
2876 2889 2974 2954 ἒν,
3021 2890 3228 2962 ἱατρός
3275 2898 3430 2949 ἐστιν
3459 2898 3593 2950 ἐκει-

374 2943 621 2996 coutinuo
664 2943 708 2996 si
739 2943 857 3010 quis
886 2945 1010 3012 quid
1059 2945 1244 3000 fecerit
1269 2948 1407 3016 quod
1457 2949 1520 3002 ad
1576 2949 1886 3004 medicinam

374 3041 566 3056 nm.-.
622 3031 698 3056 ..-ι
729 3048 836 3056 ___
872 3035 1169 3056 __.--_._:__.
1207 3049 1316 3056 ---μ
1351 3036 1411 3056 ,Δ

2025 2943 2094 3029 οςο
2121 2943 2235 3020 οὐδὲ
2273 2969 2326 3022 εἴ
2357 2943 2801 3042 τις-οἰκοδομικόν
2836 2992 2892 3027 τι
2929 2943 3300 3052 πεποίηκεν,

373 3041 592 3099 spectet,
622 3031 701 3085 vel
729 3048 839 3088 rem
870 3035 1172 3103 quampiam
1202 3049 1320 3103 quae
1347 3036 1412 3090 ad
1445 3037 1723 3091 sanitatem
1759 3053 1885 3093 con-

372 3123 547 3187 ducat,
581 3123 722 3176 illum
753 3125 1012 3178 medicum
1042 3139 1195 3190 esse;
1231 3140 1400 3194 neque
1431 3127 1474 3180 si
1512 3128 1631 3197 quis
1655 3131 1780 3198 quid
1808 3131 1884 3184 fe-

370 3213 506 3267 cerit
538 3212 677 3279 quod
709 3212 774 3265 ad
799 3221 963 3267 artem
987 3213 1277 3268 aedificandi
1307 3218 1589 3285 pertineat,
1610 3220 1883 3274 domorum

371 3297 739 3356 fabricatorem
765 3317 901 3357 esse.
934 3301 1151 3370 Insuper
1173 3318 1238 3358 ex
1263 3305 1347 3360 his
1369 3321 1486 3374 quae
1530 3307 1597 3361 de
1647 3308 1883 3378 Caiapha

370 3389 563 3457 scripta
593 3402 734 3455 sunt,
766 3394 857 3461 qui
893 3392 955 3446 de
982 3392 1264 3448 Servatore
1305 3397 1658 3464 prophetavit,
1709 3399 1884 3454 dicere

369 3493 647 3547 possumus
679 3481 906 3534 animam
942 3497 1148 3550 quoque
1192 3500 1407 3552 pravam
1468 3489 1736 3556 suscipere
1763 3503 1883 3555 pro-

367 3570 614 3636 phetandi
652 3586 862 3626 munus.
915 3573 1204 3627 Accusatur
1256 3576 1396 3628 enim
1430 3575 1496 3628 ab
1545 3579 1881 3646 evangelistis

365 3658 609 3727 Caiaphaa
625 3663 1097 3732 pravitas,quierat
1116 3665 1349 3732 pontifex
1366 3667 1486 3718 anni
1505 3666 1881 3736 illius,quando

367 3749 618 3804 Servator
647 3760 846 3814 noster,
871 3753 992 3806 dum
1012 3767 1106 3821 pro
1130 3755 1429 3809 hominibus
1457 3766 1742 3823 pateretur,
1761 3773 1879 3824 per-

366 3838 490 3893 fecit
516 3841 879 3896 reconomiam.
904 3841 1175 3897 Matthaaus
1191 3845 1380 3898 etenim
1405 3846 1661 3913 inquit”:
1697 3867 1714 3898 ι
1733 3847 1878 3901 Tunc

362 3926 628 3994 profectus
662 3943 796 3980 unus
820 3931 884 3983 de
909 3930 1181 3984 duodecim
1208 3969 1224 3993 ,
1279 3933 1368 4000 qui
1397 3933 1670 3988 dicebatur
1713 3934 1877 3991 Judas

363 4017 665 4080 lscariotes,
725 4020 790 4072 ad
849 4021 1109 4090 principes
1157 4025 1488 4078 sacerdotum
1536 4027 1709 4080 dixit:
1741 4027 1875 4092 Quid

360 4107 517 4162 vultis
544 4109 669 4176 milii
697 4111 842 4174 dare,
873 4120 926 4164 et
947 4125 1044 4178 ego
1075 4113 1225 4165 vobis
1253 4113 1398 4166 illum
1426 4115 1670 4167 tradam?
1695 4115 1764 4168 At
1801 4117 1872 4169 illi

359 4198 748 4251 constituerunt
776 4199 824 4250 ei
856 4199 1066 4268 triginta
1098 4213 1374 4270 argenteos
1400 4220 1414 4256 :
1445 4221 1463 4253 ι
1496 4213 1545 4258 et
1574 4203 1729 4271 paulo
1754 4213 1872 4272 post

361 4285 532 4352 inquit
559 4287 598 4317 "
627 4304 640 4340 :
671 4304 690 4337 ι
717 4288 849 4340 Ecce
871 4286 1032 4342 Judas
1060 4307 1194 4345 unus
1237 4307 1298 4346 ex
1327 4293 1599 4347 duodecim
1627 4296 1791 4360 venit,
1822 4305 1874 4348 et

358 4389 478 4430 cum
508 4377 751 4429 eoturba
776 4377 935 4448 386
961 4382 1118 4432 multa
1143 4396 1261 4435 cum
1288 4383 1476 4450 gladiis
1532 4394 1585 4436 et
1623 4382 1870 4450 fustibus,

358 4479 389 4517 θ
421 4465 745 4533 ρτίηϋρίὺυε
796 4471 1149 4534 sacerdotum,
1196 4481 1248 4526 et
1287 4473 1581 4526 senioribus
1610 4475 1807 4542 populi.
1845 4495 1864 4528 ι

355 4553 530 4622 Atque
556 4557 607 4608 in
643 4557 726 4610 his
757 4559 966 4626 quidem
1006 4562 1329 4630 principibus
1355 4565 1685 4617 sacerdotum
1717 4566 1870 4622 intel-

356 4641 564 4709 ligimus
586 4646 742 4697 etiam
769 4647 940 4702 inesse
968 4647 1273 4717 Caiapham,
1302 4651 1443 4720 quod
1483 4653 1546 4706 de
1585 4653 1672 4708 illo
1706 4665 1867 4710 testa-

355 4737 463 4784 tum
498 4734 566 4784 sit
593 4747 712 4785 eum
743 4734 1043 4800 pontificem
1070 4753 1185 4790 esse
1227 4739 1350 4791 anni
1405 4740 1543 4794 illius
1577 4740 1640 4794 ι’.
1669 4741 1866 4806 Aperte

355 4827 529 4873 autem
554 4831 670 4887 post
698 4823 806 4876 lia:c
831 4823 1104 4880 Mattheus
1134 4827 1304 4896 inquit
1334 4827 1376 4858 ¹⁸
1408 4846 1421 4881 :
1454 4847 1472 4877 ι
1506 4829 1574 4882 At
1621 4831 1694 4882 illi
1725 4847 1868 4887 cum-

447 4913 468 4980 f
499 4911 649 4968 Num.
675 4931 810 4977 ιιι..
849 4917 938 4971 58.
1034 4921 1052 4950 ⁷
1077 4919 1228 4972 Num.
1254 4936 1400 4980 um.
1428 4923 1479 4974 7.

1985 3059 2127 3110 ἐστὶν
2157 3059 2380 3124 ἐκεῖνος.
2424 3062 2515 3114 Ἐκ
2541 3061 2598 3114 δὲ
2647 3063 2755 3116 τῶν
2814 3067 2950 3136 περὶ
3001 3070 3106 3124 τὸν
3153 3075 3426 3144 Καῖάφαν
3474 3080 3592 3132 ἀνα-

1984 3148 2403 3218 γεγραμμένων,
2453 3151 2911 3220 προφητεύσαντα
2953 3161 3101 3229 περὶ
3143 3155 3274 3216 τοῦ
3307 3167 3588 3238 Σωτῆρος.

1983 3235 2122 3290 ἔστιν
2159 3240 2348 3300 εἰπεῖν,
2390 3239 2470 3292 ὅτι
2504 3241 2594 3292 καὶ
2630 3241 2704 3311 (7)
2741 3244 3010 3315 μοχθηρὰ
3050 3250 3216 3322 ψυχὴ
3277 3235 3585 3327 ἐπιδέχεται

1981 3328 2185 3416 ποτετό
2208 3329 2579 3416 προφητεύειν·
2600 3339 2999 3403 κατηγορεῖται
3027 3342 3152 3412 γὰρ
3179 3346 3215 3412 ἠ
3243 3346 3344 3399 τοῦ
3372 3349 3589 3416 Καῖάφα

1983 3415 2274 3486 μοχθηρία,
2328 3417 2385 3478 ὃς
2428 3413 2495 3487 ἦν
2531 3419 2826 3490 ἀρχιερεὺς
2880 3426 2982 3478 τοῦ
3025 3430 3303 3487 ἐνιαυτοῦ
3362 3413 3586 3495 ἐκείνου.

1978 3507 2064 3558 ὅτε
2093 3507 2120 3557 ὁ
2153 3505 2334 3577 Σωτὴρ
2362 3507 2514 3576 ήμῶν
2547 3509 2644 3579 τὴν
2693 3511 2752 3564 ὲν
2783 3513 2862 3582 τῷ
2897 3516 3155 3588 πάσχειν
3198 3523 3351 3595 ὑπὲρ
3383 3527 3587 3596 ἀνθρὼ-

1979 3612 2091 3648 πων
2143 3597 2371 3649 ὲπιτελεῖ
2423 3599 2749 3669 οἰκονομίαν,
2803 3604 2915 3657 ὑπὸ
2965 3610 3090 3662 τῶν
3149 3615 3583 3684 εὐαγγελιστῶν·

1979 3683 2248 3747 Ματθαῖος
2284 3687 2380 3755 μὲν
2413 3687 2520 3757 γάρ
2551 3705 2703 3758 φησι·
2748 3709 2767 3740 ι
2797 3693 2938 3747 Τότε
2991 3683 3322 3770 πορευθεὶς
3359 3701 3443 3770 εἷς
3484 3709 3585 3761 τῶν

1975 3775 2194 3838 δώδεκα,
2232 3776 2514 3868 λεγομενος
2556 3779 2756 3844 Ἰούδας
2812 3785 3240 3863 Ἰσκαριώτης,
3279 3798 3426 3868 πρὸς
3462 3801 3584 3861 τοὺς

1974 3867 2242 3960 ἀρχιερεῖς
2294 3863 2446 3920 εἴπεο
2492 3870 2556 3922 Τί
2596 3871 2777 3925 Θέλετέ
2824 3893 2920 3944 μοι
2954 3879 3195 3950 δοῦναι,
3234 3863 3402 3958 κάγὼ
3458 3891 3583 3960 ὑμῖν

1974 3953 2272 4022 παραδώσω
2320 3957 2510 4019 αὐτόνς
2551 3959 2612 4011 Ol
2654 3959 2711 4011 δὲ
2749 3962 3000 4034 ἔστησαν
3053 3973 3222 4046 αὐτῷ
3278 3953 3582 4048 τριάκοντα

1972 4043 2222 4138 ἀργύριαθ
2296 4045 2394 4138 ⁸καὶ
2423 4048 2538 4138 μετῗ
2560 4048 2778 4138 Αόλίγα·
2830 4071 2849 4103 ι
2899 4056 3048 4113 Ἰδοὺ
3101 4043 3348 4131 Ἰούδας,
3392 4069 3580 4138 φησὶν,

1973 4127 2052 4192 εἷς
2091 4133 2196 4185 τῶν
2247 4132 2446 4186 δώδεκα
2483 4131 2632 4203 ἦλθε,
2685 4141 2780 4193 καὶ
2818 4146 2946 4212 μετ’
2987 4150 3174 4205 αὐτοῦ
3215 4127 3378 4227 ὄχλος
3406 4127 3582 4221 ’πολὺς

1977 4221 2110 4289 μετά
2144 4222 2418 4317 μαχαιρῶν
2464 4225 2555 4317 καὶ
2597 4225 2803 4317 ξύλων,
2836 4233 2954 4287 ἀπὸ
2991 4240 3116 4294 τῶν
3145 4221 3466 4317 ἀρχιερέων
3490 4249 3584 4302 καὶ

1976 4311 2352 4381 πρεσϐυτέρων
2399 4313 2491 4365 τοῦ
2525 4314 2675 4369 λαοῦ.
2701 4337 2719 4368 ι
2769 4321 2861 4375 Ἐν
2889 4326 3124 4394 τούτοις
3310 4311 3413 4390 οὖν
3470 4341 3581 4400 τοῖς

1970 4401 2274 4471 ἀρχιερεῦσι
2327 4403 2547 4473 νοοῦμεν
2581 4402 2718 4460 εἶναι
2772 4413 2870 4465 καὶ
2923 4415 3023 4471 τὸν
3088 4401 3363 4494 Κάῖάφαν
3391 4467 3407 4490 ,
3457 4429 3583 4482 ἐπεὶ

1972 4490 2376 4561 μεμαρτύρηται
2417 4492 2700 4565 ἀρχιερεὺς
2742 4499 2820 4551 ῶν
2871 4506 2972 4559 τοῦ
3011 4490 3280 4569 ἐνιαυτοῦ
3337 4520 3576 4572 ἐκείνου.

1966 4579 2153 4646 Σαφῶς
2200 4579 2256 4631 δὲ
2303 4580 2437 4649 μετὰ
2467 4582 2637 4636 ταῦτα
2684 4586 2713 4637 ὁ
2756 4590 3053 4660 Ματθαῖός
3109 4619 3306 4673 φησιν·
3352 4625 3373 4657 ι
3411 4609 3478 4660 Ol
3520 4607 3580 4661 δὲ

1967 4669 2326 4760 κρατήσαντες
2357 4669 2444 4760 τὸν
2481 4671 2682 4739 Ἰησοῦν
2713 4675 3016 4750 ἀπήγαγον
3066 4669 3214 4760 πρδς
3257 4694 3358 4748 τὸν
3396 4697 3576 4750 Καῖά-

1970 4771 2071 4859 φῗν
2108 4754 2196 4806 τὸν
2227 4756 2503 4859 ἀρχιερέλα,
2534 4760 2668 4813 ὅπου
2699 4765 2750 4815 οἱ
2793 4754 3172 4859 γραμματεῖς
3197 4754 3304 4837 καὶ
3335 4787 3392 4838 οἱ
3432 4805 3572 4859 πρε-

1972 4840 2210 4946 σϐύτεροι
2258 4844 2660 4916 συνήχθησανοι
2718 4857 2818 4908 καὶ
2876 4840 3000 4928 μετ’
3056 4840 3222 4937 ὀλίγα
3258 4840 3569 4946 ἐπιφέρειο

2878 4923 2889 4928 -
3159 4923 3171 4937 .
3268 4923 3530 4946 κη-τ-τν-

1571 4923 1770 5038 ζΙΙλεὶὲ.
1796 4933 2075 5038 “pa-9...“
2109 4933 2371 5038 ’g‘e‘remg.’
2389 4954 2575 5008 xxvm,
2621 4943 2687 5010 5;
2715 4961 2791 5014 VI,
2824 4954 2931 5021 i5;
3003 4976 3200 5029 xxxiv,
3231 4966 3307 5034 6;
3343 4986 3488 5038 xut,
3510 4971 3567 5027 ι.

355 4977 399 5010 ¹⁶
421 4977 868 5046 Hatttherl.
943 4987 982 5018 “
1003 4987 1129 5041 ibid.
1157 4988 1244 5041 47.
1319 4991 1360 5020 ¹³
1384 4977 1536 5045 Joan.
1573 5008 1647 5052 ιι.
1679 4977 1768 5048 49.
1797 4977 1885 5030 *λδ

2025 5004 2097 5056 ιιι.
2131 4977 2392 5068 ἱὶνῖΪὲξτέ

523 5073 660 5151 idem
691 5075 858 5151 codex
884 5077 1098 5151 Regius,
1120 5081 1493 5151 γεγραμμένα.

439 5138 493 5207 4)
517 5141 733 5218 Μεξηις
761 5145 867 5211 γὰρ
909 5138 1056 5200 εἶπαι
1085 5138 1544 5218 ’ἀὶοάγέγρὶιπταμ
1590 5149 1702 5205 los.
1750 5169 1865 5215 xm,

417 5169 493 5207 νη
517 5169 733 5206 ιιιιῖῑις
761 5169 867 5211 γαρ
909 5169 1056 5200 ειν-αι
1100 5169 1214 5202 ara
1249 5169 1544 5218 amas-ttat.
1590 5169 1702 5205 J03.
1750 5169 1857 5215 XIII,

482 5208 815 5299 sese:
838 5222 1051 5299 εετορη·
1094 5169 1354 5299 ωιλαμ
1629 5220 1857 5299 Baianas

349 5270 459 5351 υίδν
501 5274 642 5351 ξεῶρ
669 5279 929 5350 Φαθουρά,
961 5270 1045 5336 rex
1097 5270 1322 5339 Hebraeo

355 5353 392 5417 ι
405 5341 469 5390 de
502 5341 710 5417 Pethor,
744 5341 1003 5417 iiit'recte
1029 5364 1238 5406 vertunt
1265 5341 1855 5417 Onlielost'l‘awassius

352 5402 1008 5491 εηειιιτειεηυεει
1047 5402 1237 5473 λιιι-ε
1263 5402 1856 5491 ῡὲίῐξείῐτῖἐῐιῑέὲιῖἶέᾶἰ

482 5490 500 5522 ι
535 5475 826 5558 hariolum}
873 5500 890 5532 ι
938 5485 1121 5558 ξγι-ιιε,
1158 5507 1176 5536 ι
1199 5472 1855 5558 ίεοέτίἣῗόίιῖιηᾜίὲτρτε-

349 5546 476 5602 tem,
536 5559 552 5591 ι
603 5549 750 5608 quasi
795 5546 1020 5614 legerint
1070 5564 1205 5614 “im.
1267 5557 1529 5613 Jonatban
1583 5546 1858 5630 utramque

1975 5095 2753 5200 ﬂgiti-22:!“falliglfheflﬂi},
2787 5113 3018 5200 vultque
3066 5136 3094 5172 a
3137 5120 3439 5200 Balaamo,
3471 5145 3566 5200 qn.

1961 5171 2250 5286 {igitle
2309 5172 2537 5235 patriam
2604 5171 2945 5244 ejus-11:15
3009 5171 3563 5254 noniéﬁ"i'r'5}'is22.

2131 5303 2320 5388 ἔλεξε-ρ.
2340 5304 2578 5388 τῩίἀςειιιι·
2604 5316 2915 5384 παρέλκειν
2942 5334 2999 5378 et
3026 5331 3426 5388 resecandum.

2131 5369 2304 5452 podex
2340 5371 2559 5452 Regius,
2598 5369 3040 5452 προστέτακται.

2025 5435 2491 5529 (ξ’ξξξςξιηξρξίξξ
2503 5435 2733 5529 Regius.
2753 5435 2924 5515 i855
2936 5435 3040 5517 ἓξὲξ
3063 5465 3188 5529 καὶ,
3205 5477 3349 5529 etc..
3373 5473 3555 5529 omis-

1961 5514 2020 5555 so
2054 5506 2246 5571 εἰπεῖν,
2284 5513 2428 5578 quod
2453 5506 3349 5590 Βοαιξίθυὶιζιῖὲὲιῐιῶῐῗω,νη...
