3820 6198
969 293 1308 348 COMMENT.
1343 291 1403 345 IN
1442 290 1627 347 JOAN.
1665 287 1899 343 TOMUS
1939 289 2168 345 XXVIII.

3055 297 3156 352 710

297 399 540 474 ὲάρχιερεῖς
564 409 638 459 καὶ
675 409 733 460 τὸ
775 409 1038 479 συνέδριον
1067 410 1140 480 (8)
1170 411 1388 481 ἐζήτουν
1415 411 1539 478 ψευ-
1570 415 1610 470 Α
1640 407 1804 476 prehe

1644 407 1957 476 prehensum
1980 406 2160 460 Jesum
2200 409 2533 466 abduxerunt
2557 413 2621 466 ad
2635 413 2921 482 Caiapham
2952 417 3152 486 princi-

297 493 425 564 ruplav
460 499 566 550 κατὰ
590 499 672 551 τοῦ
719 501 884 571 Ἰησοῦ
910 543 924 566 ,
973 503 1116 564 ὅπως
1154 504 1534 560 θανατώσουσιν

298 583 394 635 καὶ
416 586 489 655 οὐχ
507 580 652 658 εὗρον,
684 591 886 644 πολλῶν
917 592 1306 662 προσελθόντων
1347 595 1533 663 ψευδο-

297 688 384 724 >ων⁶
417 673 588 746 ὕστερον
623 679 678 730 δὲ
726 681 1096 751 προσελθόντες
1125 683 1215 736 δύο
1241 685 1534 756 ψευδομάρ-

301 759 446 816 εἶπον·
483 761 611 829 Οὗτος
652 768 751 839 ἔφη
771 785 786 802 ο
831 771 1062 842 Δύναμαι
1110 774 1398 828 καταλῦσαι
1445 777 1533 829 τὸν

297 854 331 906 δῦ
363 855 484 920 Θεοῦ,
513 859 586 911 καὶ
609 859 692 912 διὰ
728 861 888 930 τριῶν
925 864 1140 934 ἡμερῶν
1170 866 1528 936 οἰκοδομῆσαι.

297 947 425 1009 ιστὰς
451 950 473 1001 ὁ
498 949 751 1022 ἀρχιερεὺς
796 946 944 1004 εἶπεν
990 953 1158 1024 αὐτῷ·
1193 955 1353 1008 Οὐδὲν
1402 957 1532 1009 ἀπο·
1588 1001 1594 1006 .

297 1036 349 1086 Τί
373 1029 490 1089 οὗτοι
517 1057 588 1090 σου
615 1043 1139 1112 καταμαρτυροῦσιν;
1173 1046 1229 1097 '0
1249 1045 1302 1098 δὲ
1329 1046 1531 1115 Ἰησοῦς

319 1126 406 1177 Καὶ
431 1129 452 1178 6
475 1127 728 1198 ἀρχιερεὺς
768 1126 916 1184 εἶπεν
953 1132 1121 1202 αὐτῷ·
1161 1135 1442 1206 Ἐξορκίζω
1473 1152 1530 1187 σε

297 1215 315 1266 5
340 1217 450 1267 Θεοῦ
478 1216 645 1281 ζῶντος
664 1258 679 1282 ,
708 1219 792 1272 ἴνα
811 1223 939 1290 ἡμῖν
967 1222 1122 1294 εἴπῃς
1145 1225 1193 1276 εἰ
1213 1225 1275 1276 σὺ
1293 1224 1380 1279 εῐὸ
1402 1229 1530 1296 Χρι-

298 1305 404 1368 Tib;
436 1307 513 1358 τοῦ
551 1308 692 1362 Θεοῦ.
732 1310 891 1378 Λέγει
935 1312 1078 1382 αὐτῷ
1113 1317 1140 1366 6
1176 1315 1406 1383 Ἰησοῦς·
1456 1318 1526 1370 Σὺ

297 1394 402 1462 Ιλὴν
423 1395 538 1462 λέγω
556 1398 690 1466 ὑμῖν,
725 1399 921 1470 ἀπάρτι
945 1402 1132 1468 ὄψεσθε
1166 1404 1252 1457 τὸν
1279 1405 1405 1458 Υίὸν
1432 1407 1524 1460 τοῦ

297 1501 320 1534 υ
351 1484 606 1554 καθήμενον
634 1489 698 1540 ἐκ
733 1487 916 1554 δεξιῶν
957 1491 1054 1560 τῆς
1100 1493 1390 1563 δυνάμεως,
1433 1498 1526 1550 καὶ

297 1592 322 1625 ν
343 1575 422 1625 ἐπὶ
453 1575 543 1628 τῶν
571 1578 795 1645 νεφελῶν
827 1579 917 1632 τοῦ
952 1581 1194 1651 ούρανοῦ.
1220 1587 1351 1638 Τότε
1379 1588 1406 1638 6
1429 1589 1524 1658 ἀρ-

297 1667 500 1737 ῑιέρῤηξε
528 1669 586 1722 τὰ
629 1671 815 1741 ἱμάτια
861 1673 1042 1737 αὐτοῦ,
1093 1675 1293 1743 λέγων’
1337 1680 1519 1735 Ἐϐλα-

1631 509 1750 564 pem
1781 496 2135 558 sacerdotum,
2177 498 2265 550 ubi
2299 498 2500 556 Scribte
2527 511 2578 555 et
2603 502 2842 557 seniores
2891 520 3153 560 convene-

1632 594 1795 649 rant;
1827 603 1846 635 ι
1883 594 2002 653 post
2033 599 2200 654 pauca
2219 589 2379 642 etiam
2415 590 2578 646 infert
2600 592 2642 624 ιδ
2669 609 2682 644 :
2719 611 2736 644 ι
2771 592 3042 662 Principes
3063 611 3156 649 au-

1633 681 1736 725 tem
1768 675 2098 728 sacerdotum
2122 685 2177 730 et
2203 679 2486 733 concilium
2521 683 2830 749 quaerebant
2858 683 3044 738 falsum
3075 696 3154 738 te-

1631 761 1936 816 stimonium
1969 773 2153 818 contra
2182 763 2381 834 Jesum,
2412 780 2471 821 ut
2505 772 2663 824 morti
2690 786 2808 824 eum
2839 773 3150 838 traderent,

1630 861 1810 905 etnon
1841 853 2200 922 inveniebant,
2221 858 2381 911 etiam
2406 874 2524 913 cum
2549 863 2696 914 multi
2725 861 2838 916 falsi
2875 871 3033 918 testes
3059 877 3148 917 ac-

1630 941 1959 996 cessissent:
2013 951 2284 1012 postremo
2311 957 2486 1002 autem
2532 949 2861 1005 advenerunt
2897 953 3002 1007 duo
3030 953 3149 1008 l'alsi

1629 1037 1809 1094 testes,
1849 1041 1904 1085 et
1944 1034 2234 1088 dixerunt:
2268 1034 2364 1090 Hic
2404 1038 2572 1092 dixit:
2609 1039 2828 1094 Possum
2874 1043 3150 1098 destruere

1631 1117 1879 1186 templum
1908 1120 2020 1184 Dei,
2051 1131 2106 1175 et
2131 1123 2182 1175 in
2209 1124 2390 1178 triduo
2423 1125 2688 1181 aediﬁcare
2724 1128 2871 1182 illud.
2918 1130 2985 1183 Et
3035 1147 3152 1185 sur-

1627 1222 1757 1277 gens
1776 1209 2019 1279 princeps
2039 1214 2372 1266 sacerdotum
2403 1215 2480 1266 ait
2510 1214 2583 1267 illi
2613 1233 2624 1268 :
2656 1215 2798 1270 Nihil
2824 1221 3152 1287 respondes?

1627 1297 1734 1350 Cur
1752 1297 1834 1352 isti
1859 1301 2135 1354 adversum
2171 1311 2221 1356 te
2245 1303 2637 1357 testiﬁcantur?
2663 1305 2818 1360 Jesus
2867 1318 3039 1362 autem
3070 1318 3149 1362 ta-

1625 1387 1796 1444 cebat.
1827 1388 1892 1442 Et
1923 1390 2169 1459 princeps
2197 1393 2528 1446 sacerdotum
2568 1392 2699 1446 dixit
2727 1395 2795 1447 illi
2827 1413 2840 1447 :
2879 1397 3076 1464 Adjuro
3099 1408 3150 1452 te

1623 1489 1717 1542 per
1745 1477 1906 1530 Deum
1927 1478 2126 1544 vivum,
2161 1486 2220 1531 ut
2252 1480 2396 1534 dicas
2433 1481 2581 1534 uobis
2610 1498 2676 1535 an
2708 1491 2760 1536 tu
2805 1484 2880 1537 sis
2905 1485 3148 1541 Christus

1623 1565 1791 1621 Filius
1811 1568 1925 1622 Dei.
1956 1568 2094 1622 Dicit
2119 1568 2396 1624 illiJesus:
2429 1570 2505 1622 Tu
2541 1572 2744 1627 dixisti.
2771 1572 3145 1630 Verumtamen

1622 1658 1740 1713 dico
1773 1660 1963 1714 vobis:
1996 1659 2108 1728 jam
2141 1661 2265 1714 hinc
2299 1660 2544 1717 videbitis
2568 1663 2758 1716 Filium
2800 1665 3032 1719 hominis
3055 1681 3142 1720 se-

298 1772 300 1780 ’
332 1729 473 1809 τί
495 1729 662 1826 χρείαν
694 1760 884 1831 ἔχομεν
913 1729 1196 1834 μαρτύρων
1215 1783 1229 1829 ;
1271 1729 1520 1824 Ἰδούνύν
1551 1729 1592 1782 Β
1621 1749 1806 1803 deme"

1640 1749 1832 1803 lentem
1853 1764 1883 1803 a
1907 1749 2108 1804 dextris
2134 1751 2406 1818 potentiae,
2435 1762 2486 1806 et
2509 1754 2805 1808 venientem
2834 1756 2885 1807 in
2917 1756 3148 1810 nubibus

332 1847 419 1911 τὴν
465 1847 784 1919 βλασφημίαν
836 1852 1032 1905 αὐτοῦ’
1085 1856 1137 1907 τί
1183 1857 1307 1926 ὑμῖν
1341 1860 1515 1926 δοκεῖ;

297 1935 556 2005 ικριθέντες
582 1935 748 1992 εἷπονο
787 1941 1003 2012 Ἔνοχος
1029 1945 1250 2000 θανάτου
1288 1949 1450 2003 ἐστίν.
1494 1970 1512 2002 ι

301 2042 328 2075 ν
353 2025 460 2092 μεθ’
488 2025 662 2098 ἕτερα·
697 2046 716 2078 ι
756 2029 863 2080 Καὶ
891 2032 946 2083 ὲν
986 2031 1062 2101 τῷ
1111 2039 1517 2108 κατηγορεῖσθαι

297 2114 438 2166 δτῶν
476 2117 756 2186 ἀρχιερέων
807 2120 898 2172 ναὶ
948 2123 1320 2194 πρεσϐυτέρων
1369 2128 1516 2181 οὐδὲν

297 2220 341 2255 ο.
379 2222 395 2253 ι
441 2205 540 2257 Καὶ
567 2205 722 2259 πάλιν
754 2209 868 2276 μετ’
896 2210 1065 2278 ὀλίγα*
1101 2230 1119 2263 t
1151 2215 1210 2266 υί
1238 2214 1293 2266 δὲ
1332 2216 1516 2286 ἀρχιε-

297 2294 321 2343 it
348 2293 677 2366 πρεσϐύτεροι
717 2296 932 2352 ἔπεισαν
958 2301 1078 2364 τοὺς
1108 2302 1290 2371 ὄχλους
1323 2305 1406 2357 ἵνα
1437 2308 1517 2359 αὶ-

297 2383 372 2434 τὸν
410 2383 682 2452 Βαραϐϐᾶν
708 2428 722 2450 ,
758 2387 848 2441 τὸν
892 2390 947 2442 δὲ
995 2391 1192 2461 Ἰησοῦν
1239 2394 1512 2448 ἀπολέσω-

298 2490 335 2524 ἀ
379 2474 507 2542 μετὰ
548 2475 641 2545 τὴν
695 2478 980 2532 ἀνάστασιν
1023 2480 1110 2533 τοῦ
1147 2483 1390 2553 Σωτῆρος
1420 2502 1515 2536 πο-

320 2564 526 2632 Μαρίας
568 2566 662 2635 τῆς
695 2569 1068 2639 ΥιῙαγδαληνῆς,
1100 2571 1190 2622 καὶ
1222 2573 1318 2640 τῆς
1350 2573 1512 2643 ἄλλης

302 2655 406 2706 ἰδού
424 2672 560 2718 τινες
578 2656 676 2726 τῆς
705 2659 1023 2722 κουστωδίας
1051 2659 1286 2724 ἐλθόντες
1313 2664 1390 2725 είς
1418 2663 1511 2733 τὴν

297 2741 488 2807 ’γειλαν
522 2744 631 2805 τοῖς
662 2743 970 2814 ἀρχιερεῦσι
1022 2747 1194 2799 πάντα
1241 2749 1309 2800 τὰ
1358 2750 1508 2816 γενό-

346 2829 693 2897 συναχθέντες
752 2832 887 2901 μετὰ
930 2833 1034 2886 τῶν
1091 2835 1468 2908 πρεσϐυτέρων
1491 2877 1506 2901 ,

317 2934 376 2968 τε
413 2917 661 2982 λαϐόντες
681 2958 695 2982 ,
726 2920 958 2992 ἀργύρια
987 2922 1144 2976 ἱκανὰ
1173 2923 1370 2977 ἔδωκαν
1401 2930 1509 2989 τοῖς

297 3025 337 3070 ς,
375 3007 620 3107 λέγοντες
637 3027 674 3107 ο-
699 3009 930 3107 bii-nare,
958 3013 1041 3065 ὃτι
1076 3015 1125 3065 οἱ
1157 3015 1384 3084 μαθηταὶ
1415 3018 1509 3069 αὐ-
1535 3047 1578 3107 C

297 3110 344 3155 ες
376 3095 599 3156 νυκτὸς,
649 3095 876 3164 ἔκλεψαν
921 3098 1098 3163 αὑτὸν,
1132 3101 1284 3169 ήμῶν
1310 3119 1510 3173 κοιμω-

297 3199 307 3226 t
333 3181 578 3252 ἀκουσθῇ
607 3183 763 3236 τοῦτο
795 3184 886 3236 ἐπὶ
910 3185 1002 3236 τοῦ
1034 3187 1312 3257 ἡγεμόνος,
1351 3193 1510 3261 ἡμεῖς

297 3271 418 3323 ὒτὸν
571 3309 588 3332 ,
616 3270 716 3324 ’καὶ
749 3273 890 3342 ὑμᾶς
925 3275 1255 3346 ἀμερίμνους
1295 3283 1510 3352 ποιήσο-

297 3359 348 3419 ἰς
369 3357 428 3409 δὲ
458 3358 802 3428 ἀνέγραψεν,
831 3360 932 3422 ὅτι,
969 3379 988 3410 ‹
1019 3362 1241 3432 Εἱσῆλθε
1269 3366 1509 3431 Σατανᾶς

297 3446 730 3517 ἐπικαλούμενον
773 3449 1132 3520 Ἰσκαριώτην,
1159 3452 1281 3506 ὄντα
1314 3457 1376 3507 ἐκ
1416 3457 1506 3508 τοῦ

297 3555 318 3588 ν
351 3536 596 3600 δώδεκα,
637 3539 730 3590 καὶ
762 3540 1006 3592 ἀπελθὼν
1051 3543 1368 3614 συνελάλησε
1398 3550 1507 3609 τοῖς

297 3627 391 3678 καὶ
452 3630 786 3696 στρατηγοῖς
818 3666 832 3690 ,
889 3629 1034 3692 ὅπως
1077 3631 1234 3686 αὐτὸν
1286 3636 1507 3706 παραδῷ

297 3734 348 3768 γα
374 3719 507 3786 μετ’
538 3716 717 3784 ὀλίγα·
747 3737 765 3768 t
790 3716 949 3782 Εἷπε,
1005 3722 1184 3790 φησὶν,
1221 3724 1249 3775 6
1307 3724 1507 3792 Ἰησοῦς

297 3807 760 3876 αραγενομένους
803 3808 888 3860 ἐπ’
917 3809 1072 3862 αὐτὸν
1103 3811 1368 3882 ἀρχιερεῖς
1414 3814 1507 3867 καὶ

309 3892 418 3945 τοῦ
481 3892 641 3963 ἱεροῦ
665 3932 679 3956 ,
719 3894 810 3946 καὶ
842 3896 1250 3968 πρεσϐυτέρους
1296 3900 1380 3962 Ὦς
1414 3902 1505 3954 ἐπὶ

297 3985 414 4034 θετε
453 3982 611 4051 μετὰ
667 3985 940 4054 μαχαιρῶν
991 3987 1082 4038 καὶ
1138 3987 1322 4051 ξύλων*
1357 4009 1376 4041 ›
1413 3992 1504 4044 καὶ

297 4091 307 4124 l
347 4073 749 4136 Συλλαϐόντες
793 4075 952 4128 αὑτὸν
987 4072 1155 4145 ἦγον,
1209 4082 1300 4132 καὶ
1357 4082 1504 4152 είσή-

297 4180 301 4199 ο
342 4163 554 4216 οἰκίαν
603 4162 698 4215 τοῦ
736 4165 1050 4235 ἀρχιερέωςο
1079 4185 1097 4216 ι
1127 4169 1217 4220 καὶ
1265 4169 1342 4222 ἔτι
1387 4171 1500 4241 μετ’

297 4253 558 4322 ήκεισαν
592 4255 643 4304 οἱ
668 4253 938 4324 ἀρχιερεῖς
968 4256 1058 4306 καὶ
1089 4258 1134 4308 οἱ
1163 4263 1500 4328 γραμματεῖς

1621 1837 1760 1892 οωιί.
1783 1837 1930 1892 Tunc
1951 1837 2200 1907 princeps
2229 1841 2562 1894 sacerdotum
2583 1839 2809 1909 disrupit
2831 1844 3145 1897 vestimenta

1621 1943 1713 1982 sua
1744 1929 1964 1984 dicens:
1990 1929 2303 1984 Prolocutus
2336 1939 2418 1984 cst
2461 1931 2877 2000 blasphemiam;
2925 1934 3051 2002 quid
3075 1935 3148 1987 in-

1619 2030 1778 2084 super
1797 2031 2010 2085 egemus
2040 2017 2306 2072 testibus?
2334 2017 2470 2072 Ecce
2500 2035 2637 2073 nunc
2659 2022 2882 2074 audistis
2905 2021 3152 2096 blaspbe-V

1620 2106 1782 2159 utinm
1806 2107 1922 2174 ejus
1950 2124 1964 2173 ;
1999 2108 2126 2176 quid
2155 2106 2306 2161 vobis
2333 2107 2584 2162 videtur?
2610 2110 2678 2162 At
2718 2110 2788 2163 illi
2821 2113 3145 2179 responden-

1618 2203 1698 2250 tes
1721 2197 2008 2257 dixerunt:
2045 2197 2186 2251 Reus
2214 2205 2296 2252 est
2343 2201 2554 2254 mortis.
2607 2217 2626 2250 ι
2680 2199 2884 2254 Deinde
2930 2217 3140 2255 rursum

1617 2296 1736 2354 post
1755 2286 1858 2340 alia
1890 2289 1977 2342 ηε
2017 2305 2036 2339 t
2078 2288 2142 2342 Et
2191 2306 2312 2344 cum
2363 2300 2708 2344 accusaretur
2732 2305 2762 2343 a
2809 2292 3144 2360 principibus

1619 2376 1952 2430 sacerdotum
1979 2386 2033 2430 et
2059 2379 2379 2441 senioribus,
2432 2379 2568 2432 nihil
2617 2379 2908 2445 respondit.
2944 2397 2965 2431 ι
3002 2379 3143 2433 Rur-

1616 2480 1837 2534 sumque
1880 2479 2000 2536 post
2053 2484 2221 2537 pauca
2251 2471 2339 2522 ":
2375 2487 2393 2519 ι
2435 2469 2705 2537 Principes
2741 2478 2917 2524 autem
2963 2484 3137 2524 sacer—

1614 2558 1794 2612 dotum
1832 2568 1886 2611 et
1911 2558 2148 2613 seniores
2181 2570 2566 2626 persuaserunt
2587 2559 2944 2624 multitudini,
2972 2569 3030 2614 ut
3051 2576 3142 2628 pe-

1616 2655 1786 2702 terent
1821 2647 2132 2714 Barabbam,
2166 2647 2346 2703 Jesum
2393 2663 2519 2702 vero
2545 2649 2846 2717 perderent.
2879 2669 2898 2702 ι
2951 2649 3139 2704 Postea

1610 2745 1732 2804 post
1753 2737 2194 2792 resurrectionem
2235 2739 2567 2803 Servatoris,
2607 2741 2926 2794 abeuntibus
2975 2739 3140 2794 Maria

1613 2824 1918 2896 Magdalena
1943 2839 1996 2882 et
2031 2827 2195 2882 altera
2225 2826 2412 2894 Maria,
2441 2848 2461 2882 ι
2505 2843 2634 2884 ecce
2665 2831 2878 2898 quidam
2927 2845 2993 2884 ex
3047 2844 3142 2883 cu-

1612 2916 1778 2970 stodia
1813 2927 2068 2971 venerunt
2096 2918 2146 2970 in
2177 2919 2468 2982 civitatem,
2501 2933 2564 2974 ac
2600 2921 2910 2972 nuntiarunt
2935 2919 3136 2987 princi-

1613 3004 1764 3071 pibus
1811 3009 2140 3060 sacerdotum
2189 3008 2368 3061 omnia
2399 3021 2518 3076 qua:
2565 3008 2868 3061 acciderant
2896 3024 2910 3060 :
2937 3014 2991 3060 et
3013 3021 3140 3059 con-

1608 3094 1808 3162 gregali
1857 3109 1977 3148 cum
2026 3097 2356 3158 senioribus,
2390 3096 2613 3151 consilio
2649 3105 2824 3164 capto,
2857 3095 3134 3164 pecuniam

1607 3197 1942 3236 numerosam
1975 3183 2232 3237 dederunt
2278 3184 2544 3239 militibus
2595 3185 2830 3237 dicentes
2861 3200 2875 3236 :
2917 3183 3086 3237 Dicite
3117 3201 3132 3238 :

1604 3271 1854 3340 Discipuli
1891 3273 2004 3341 ejus
2031 3284 2184 3328 nocte
2205 3283 2488 3339 venerunt,
2531 3283 2584 3328 et
2616 3276 2776 3327 l'urati
2810 3282 2934 3327 sunt
2967 3288 3088 3328 eum
3115 3314 3132 3336 .

1605 3361 1757 3414 nobis
1791 3361 2217 3428 dormientibus;
2253 3373 2308 3419 et
2356 3365 2400 3419 si
2434 3366 2536 3419 hoc
2561 3364 2800 3418 auditum
2823 3364 2982 3418 fuerit
3033 3365 3133 3421 sub

1604 3447 1844 3516 praeside,
1871 3464 1966 3503 nos
1993 3453 2426 3518 persuadebimus
2461 3452 2534 3515 ei,
2569 3461 2622 3506 et
2657 3467 2875 3506 securos
2915 3468 3008 3507 vos
3055 3453 3136 3507 fa-

1603 3536 1805 3590 ciemus
1831 3538 1894 3591 ".
1934 3557 1953 3590 ι
1995 3541 2060 3592 At
2088 3540 2258 3595 Lucas
2285 3542 2327 3573 ⁸³
2357 3542 2569 3610 scripsit
2591 3543 2728 3610 quod
2757 3560 2776 3593 ι
2805 3543 3075 3611 ingressus
3107 3562 3126 3595 ι

1603 3624 1765 3679 fuerit
1797 3643 1815 3676 t
1857 3625 2081 3682 Satanas
2112 3630 2162 3682 in
2188 3629 2397 3690 Judam,
2425 3631 2506 3683 cui
2533 3645 2822 3700 cognomen
2851 3640 2967 3684 erat
2994 3631 3133 3685 lsca—

1602 3715 1786 3781 riotes,
1810 3717 1899 3784 qui
1925 3729 2041 3771 erat
2079 3735 2140 3772 ex
2183 3735 2403 3774 numero
2421 3721 2720 3783 duodecim,
2750 3720 2986 3789 abiitque
3006 3760 3021 3783 ,
3077 3731 3132 3774 et

1599 3802 1808 3859 locutus
1823 3815 1904 3859 est
1923 3821 2040 3860 cum
2065 3807 2392 3877 principibus
2413 3809 2767 3872 sacerdotum,
2783 3823 2846 3862 ac
2861 3809 3133 3878 magistra-

1602 3894 1766 3960 tibus,
1791 3897 2055 3963 quomodo
2088 3911 2210 3952 eum
2257 3899 2490 3952 traderet
2541 3896 2660 3952 illis.
2704 3917 2722 3950 ι
2761 3897 2962 3952 Deinde
3009 3911 3132 3967 post

1598 3999 1762 4053 pauca
1794 3986 1880 4038 ":
1914 4002 1933 4037 ι
1980 3986 2144 4053 Dixit,
2197 3988 2387 4057 inquit,
2410 3986 2564 4042 Jesus
2615 3987 2679 4040 iis
2731 3987 2823 4056 qui
2870 3997 3130 4040 venerant

1597 4075 1758 4145 387
1789 4077 1854 4131 ad
1886 4091 1964 4143 se,
1984 4077 2310 4147 principibus
2333 4078 2686 4140 sacerdotum,
2717 4091 2781 4131 ac
2813 4077 3131 4145 magistrati-

1599 4165 1698 4219 bus
1725 4165 1921 4233 templi,
1945 4173 1998 4220 et
2017 4167 2314 4220 senioribus
2335 4182 2348 4218 :
2373 4165 2535 4231 Quasi
2564 4167 2628 4218 ad
2655 4165 2914 4218 latronem
2942 4165 3130 4221 existis

1598 4267 1716 4306 cum
1742 4251 1934 4320 gladiis
1980 4262 2034 4306 et
2071 4253 2313 4307 fustibus.
2345 4272 2364 4305 ι
2391 4255 2452 4306 Et
2474 4262 2590 4321 post
2611 4269 2776 4322 pauca
2794 4253 2838 4285 ’°
2872 4273 2885 4307 :
2916 4273 2935 4305 ι
2971 4253 3131 4308 Com-

301 4342 644 4413 γοροῢντες
676 4343 856 4396 αὐτοῦ’
896 4364 914 4396 r
946 4346 1038 4399 καὶ
1070 4346 1224 4398 πάλιν
1258 4349 1370 4416 μετ’
1389 4349 1498 4401 όλί-
1527 4363 1572 4416 ι)
1598 4341 1809 4409 ρτθὴθιιε

1619 4341 1918 4397 prehensum
1944 4351 2122 4396 autem
2152 4359 2271 4398 eum
2304 4343 2592 4407 duxerunt,
2621 4353 2676 4398 et
2706 4343 3029 4409 induxerunt
3075 4345 3127 4398 in

297 4433 406 4499 ἐρα
441 4432 576 4502 (10)
608 4433 822 4500 ἐγένετο
845 4473 860 4496 ,
893 4434 1125 4505 συνήχθη
1169 4436 1230 4487 τὸ
1270 4438 1502 4506 πρεσϐυ-

297 4519 442 4582 σιοῦ,
489 4521 785 4590 ἀρχιερεῖς
813 4539 869 4574 τε
896 4522 988 4575 καὶ
1016 4527 1371 4592 γραμματεῖς,
1408 4525 1500 4578 καὶ

297 4611 394 4663 τὸν
454 4613 556 4673 εἰς
617 4611 680 4662 τὸ
732 4612 998 4680 συνέδριον
1044 4613 1238 4666 αὐτῶν.
1273 4631 1292 4665 ι
1336 4615 1394 4667 Ὀ
1441 4615 1498 4667 δὲ

298 4719 300 4736 ν
335 4740 353 4761 ,
426 4701 531 4752 ὅτι
601 4719 620 4750 ι
660 4699 855 4763 Ἰούδας
890 4699 1251 4769 Ἰσκαριώτης,
1281 4696 1360 4767 εἷς
1391 4702 1496 4756 τῶν

297 4789 448 4858 ἦλθε
492 4789 653 4860 πρὸς
676 4790 798 4852 τοὺς
834 4791 1136 4861 ἀρχιερεῖς,
1163 4791 1248 4843 ἵνα
1277 4790 1498 4862 παραδῷ

298 4879 667 4939 κούσαντες
693 4878 983 4948 ἐχάρησαν.
1017 4877 1112 4930 καὶ
1142 4879 1498 4947 ἐπηγγείλαν-

297 4967 576 5038 ργύριον
599 4965 801 5020 δοῦναι·
831 4985 848 5017 ι
879 4966 968 5018 καὶ⁹
993 4965 1108 5033 μετ’
1135 4964 1305 5032 ὀλίγαο
1343 4971 1496 5021 «Ἔτι

297 5057 566 5119 οὖντος,
602 5055 954 5128 παραγίνεται
993 5051 1189 5114 Ἰούδας
1219 5053 1496 5126 Ἰσκαριώ-

297 5163 408 5208 an,
445 5146 536 5200 59
594 5161 713 5214 seq.
789 5141 1052 5214 ’{Matlh.
1087 5142 1359 5214 κείνῃ,ιῇ

1604 4432 1816 4486 domum
1872 4432 2125 4500 principis
2173 4435 2510 4488 sacerdotum
2550 4451 2564 4498 ;
2621 4452 2640 4484 ι
2693 4443 2748 4488 et
2797 4435 2969 4490 adhuc
3012 4445 3130 4504 post

1603 4534 1766 4590 pauca
1786 4521 1830 4552 “
1861 4538 1877 4574 :
1915 4540 1934 4572 ι
1973 4521 2198 4576 Stabant
2228 4533 2406 4577 autem
2431 4523 2700 4592 principes
2715 4513 3050 4580 sacerdotdm
3075 4534 3131 4578 et

1601 4609 1790 4664 scribae
1819 4611 2016 4664 acriter
2060 4621 2370 4666 accusantes
2399 4626 2558 4679 eum;
2603 4632 2622 4664 ι
2667 4628 2986 4682 rursumque
3010 4623 3130 4682 post

1599 4712 1768 4770 pauca
1797 4704 1842 4741 ³⁸
1871 4720 1886 4758 :
1920 4720 1940 4755 ι
1976 4703 2046 4759 Ut
2098 4703 2295 4768 illuxit,
2329 4712 2689 4759 convenerunt
2743 4705 2986 4758 seniores
3029 4716 3126 4770 po-

1601 4790 1729 4859 puli,
1763 4791 2135 4861 principesque
2170 4793 2527 4856 sacerdotum.
2577 4802 2632 4847 et
2676 4792 2864 4847 scriba:
2895 4831 2912 4855 ,
2961 4793 3127 4844 duxe-

1603 4888 1827 4948 runtque
1857 4879 2000 4933 illum
2037 4881 2089 4934 in
2129 4866 2415 4935 concilium
2447 4897 2624 4936 suum.
2656 4899 2676 4931 ι
2708 4879 2874 4933 Porro
2910 4878 3122 4932 Marcus

1600 4969 1771 5037 inquit
1801 4969 1846 5002 ”
1879 4987 1892 5024 :
1927 4987 1946 5020 ι
1978 4969 2137 5024 ludas
2163 4970 2460 5034 lscariotes,
2492 4985 2626 5025 unus
2653 4984 2719 5024 ex
2744 4983 2966 5023 numero
2993 4970 3125 5022 duo-

1599 5057 1794 5122 decim,
1826 5059 2048 5112 accessit
2076 5059 2138 5111 ad
2164 5073 2397 5114 summos
2421 5061 2741 5118 sacerdotes.
2772 5066 2832 5110 ut
2877 5059 3125 5126 proderet

1457 5145 1499 5176 ¹⁶
1521 5145 1650 5199 ibid.
1678 5146 1772 5218 εις),
1839 5145 2089 5218 ιτμειιιιι.
2117 5163 2302 5209 xxvnt.
2335 5148 2393 5218 11
2419 5163 2531 5218 seq.
2607 5150 2649 5182 ⁸⁸
2679 5147 2806 5202 Luc.
2828 5161 2961 5212 xm,
2984 5149 3040 5212 5,
3065 5147 3120 5204 6.

297 5217 322 5247 °
351 5207 525 5270 ibid.
567 5207 690 5267 54f
740 5214 781 5244 ²¹
817 5212 946 5266 Luc.
982 5224 1140 5268 xxut,
1165 5207 1249 5263 10.
1325 5211 1372 5241 ’⁸
1403 5211 1532 5266 Luc.
1572 5215 1796 5278 xxu,66.

869 5226 946 5264 uc.
982 5207 1249 5268 ΧΧ111.10.
1325 5211 1372 5241 ¹²
1403 5211 1532 5266 Luc.
1572 5215 1796 5278 xxu,66.
1870 5215 1915 5245 ”
1955 5214 2118 5268 Marc.
2153 5207 2377 5278 x1v,l0.

297 5308 593 5376 οχιερεῖς
619 5305 802 5358 καὶτὸ
833 5301 1172 5376 συνέδριον.
1203 5301 1289 5354 Sic
1313 5304 1494 5376 habet

298 5368 457 5436 itts';
517 5368 734 5440 li'egius
765 5387 901 5434 vero,
932 5371 962 5419 6
993 5368 1052 5419 δὲ
1095 5369 1376 5440 ἀρχιερεὺς
1400 5372 1494 5427 καὶ

297 5515 509 5570 Deest
569 5513 626 5566 in
665 5506 838 5563 codice
890 5500 1090 5569 Regio,
1137 5506 1222 5560 sed
1287 5505 1492 5574 legitur

1664 5307 1774 5376 (10)
1798 5305 1916 5376 ,Καὶ
1942 5306 2121 5359 πάλιν
2137 5307 2262 5372 μετ’
2290 5307 2458 5376 ὀλίγα
2475 5322 2488 5335 ·
2534 5304 2624 5370 Ὧς
2651 5306 2854 5374 ἡμέρα,
2883 5315 2987 5361 etc.
3010 5305 3116 5364 Imc

1595 5375 1745 5430 locus
1776 5375 1861 5426 ille
1888 5376 2268 5434 prtecedentem
2302 5375 2456 5426 debet
2492 5381 2816 5440 praecedere,
2855 5376 2946 5428 hic
2973 5379 3115 5430 enim

1597 5446 1818 5497 habetur
1865 5440 1994 5496 Luc.
2047 5459 2180 5506 nu,
2220 5440 2308 5505 66,
2353 5443 2439 5494 ille
2472 5441 2603 5496 Luc.
2650 5457 2804 5510 nm,
2843 5442 2928 5498 10.
2971 5443 3118 5503 Hun-

1599 5527 1773 5648 mfii)
1804 5579 1976 5634 Codex
2020 5579 2234 5650 Regius,
2259 5579 2414 5644 male,
2447 5578 2799 5646 ἐπηγγείλατο
