3820 6210
403 275 501 328 ’111

1833 260 2150 318 ORIGENIS

3593 255 3703 310 ’112

404 407 525 445 eum
551 390 649 443 illis
681 407 695 441 :
728 388 824 439 hoc
875 392 1050 437 autem
1101 381 1177 436 illi
1211 383 1390 436 audito
1425 381 1590 450 gavisi
1645 391 1812 446 sunt,
1871 394 1912 437 el

2195 375 2235 444 ίς
2256 380 2360 434 τῶν
2387 379 2608 443 δώδεκα,
2633 381 2730 434 καὶ
2759 381 2887 450 μετ’
2923 375 3110 431 αὐτοῦ
3142 373 3320 443 ὖχλος
3347 371 3539 432 πολὺς
3559 375 3703 440 μετὰ

405 479 618 552 polliciti
659 486 780 529 sunt
816 475 862 526 ei
907 473 1184 538 pecuniam
1211 486 1270 526 se
1297 473 1510 524 daturos
1537 471 1621 534 “;
1658 491 1675 521 ι
1711 482 1766 526 et
1810 483 1930 540 post

402 583 565 638 pauca
596 583 609 617 :
655 583 673 615 r
703 564 889 616 Adhuc
913 562 1162 629 loquente
1193 559 1337 622 .lesu,
1374 559 1764 614 acceditJudas
1788 560 1930 614 Isca-

403 659 582 719 riotes,
613 655 700 723 qui
732 662 847 706 erat
869 666 1004 705 unus
1034 665 1064 704 e
1094 649 1394 713 duodecim,
1425 658 1620 704 etcum
1648 649 1741 704 illo
1775 651 1927 704 turba

402 748 565 800 multa
602 759 720 799 cum
753 743 962 812 gladiis,
991 750 1047 796 et
1077 740 1305 795 fustibus
1324 777 1341 804 ,
1366 755 1396 794 a
1429 742 1651 795 summis
1677 741 1926 794 sacerdo-

400 838 558 901 tibus,
591 844 645 890 et
679 834 891 896 scribis,
927 842 981 886 et
1014 831 1351 896 senioribus;
1382 849 1401 882 ›
1435 840 1490 886 et
1517 839 1634 900 post
1657 845 1821 899 pauca
1846 832 1924 885 "z

402 943 422 976 α
444 925 788 979 Abduxerunt
817 921 995 990 Jesutn
1023 923 1089 976 ad
1117 935 1380 976 summum
1416 922 1745 975 sacerdotem
1771 920 1928 976 Caia-

393 1013 574 1081 pham,
609 1021 662 1065 et
699 993 1062 1066 convenerunt
1093 1010 1160 1064 ad
1213 1010 1358 1064 illum
1388 1024 1574 1066 omnes
1608 1007 1799 1062 summi
1842 1020 1928 1060 sa-

393 1103 660 1166 cerdotes,
690 1112 743 1155 et
786 1102 995 1168 scribas,
1028 1109 1080 1156 et
1111 1101 1386 1165 seniores;
1421 1119 1440 1151 ι
1477 1100 1665 1154 deinde
1718 1111 1926 1150 rursum

394 1202 512 1262 post
536 1207 703 1261 pauca
732 1193 776 1224 "
810 1211 822 1246 :
862 1211 880 1243 ι
919 1190 986 1245 Ει
1034 1205 1258 1258 surgens
1288 1203 1528 1244 summus
1571 1187 1825 1242 sacerdos
1853 1187 1930 1240 in-

393 1283 678 1350 terrogavit
698 1281 898 1345 Jesum,
920 1281 1138 1335 dicens:
1162 1279 1275 1333 Non
1299 1276 1586 1346 respondes
1607 1273 1928 1345 quidquam?

391 1373 519 1441 quid
547 1374 630 1426 isti
659 1373 939 1428 adversum
970 1382 1020 1426 te
1054 1369 1442 1425 testiﬁcantur?
1484 1367 1554 1422 At
1581 1368 1669 1420 ille
1697 1366 1927 1431 tacebat,

392 1479 561 1530 neque
585 1464 870 1530 quidquam
905 1462 1276 1532 respondebat.
1322 1459 1552 1514 Rursum
1579 1472 1816 1514 summtts
1842 1471 1928 1512 sa-

391 1555 578 1608 cerdos
612 1554 970 1622 interrogabat
1015 1566 1136 1605 eum
1161 1551 1391 1607 secundo
1415 1549 1594 1604 dicens
1630 1549 1734 1604 :Es
1760 1556 1815 1604 tu
1842 1546 1929 1601 ille

389 1644 633 1698 Christus
659 1643 822 1697 Filius
851 1642 992 1696 illius
1014 1641 1315 1696 Benedicti?
1342 1641 1406 1694 At
1425 1639 1579 1695 Iesus
1605 1639 1929 1708 respondens

2031 472 2306 542 μαχαιρῶν
2338 472 2430 525 καὶ
2460 471 2650 537 ξύλων,
2669 472 2829 541 παρά
2848 469 2969 522 τῶν
2999 463 3350 538 ἀρχιερέων
3369 462 3480 514 καὶ
3508 478 3701 532 γραμ-

2031 562 2241 632 ματέων
2268 563 2359 614 καὶ
2389 562 2496 614 τῶν
2523 562 2862 632 Φαρισαίων,
2903 560 3007 612 καὶ
3041 553 3512 626 πρεσϐυτέρων·
3550 571 3570 600 ι
3603 552 3701 603 καὶ

2031 654 2146 721 μετ’
2172 651 2354 720 ὀλίγα·
2397 669 2416 702 ι
2452 653 2777 722 ,Ἀπήγαγον
2817 651 2916 703 τὸν
2965 646 3200 718 Ἰησοῦν
3225 643 3388 714 πρὸς
3422 643 3700 711 Καϊάφαν

2026 738 2116 789 τὸν
2148 737 2430 807 ἀρχιερέα,
2466 739 2561 791 καὶ
2596 738 2964 808 συνέρχονται
2998 735 3234 796 πάντες
3281 734 3340 784 οἱ
3401 731 3700 801 ἀρχιερεῖς

2027 827 2121 879 καὶ
2153 829 2498 897 γραμματεῖς
2553 827 2645 880 καὶ
2679 825 3091 897 πρεσϐύτεροι·
3120 843 3142 874 ι
3189 819 3330 876 εἶτα
3364 821 3548 875 πάλιν
3582 824 3698 891 μετ’

2025 917 2209 984 ὀλίγα·
2248 935 2268 968 ι
2316 917 2576 981 Ἀναστὰς
2604 919 2634 970 6
2659 918 2965 988 ἀρχιερεὺς
3023 913 3404 984 ἐπηρώτησε
3445 913 3548 964 τδν
3593 913 3699 980 ’1η-

2027 1005 2171 1068 σοῦν,
2200 1006 2393 1074 λέγων·
2421 1009 2534 1060 Οὐκ
2563 1007 2839 1079 ἀποκρίνῃ
2857 1006 3065 1070 οὐδέν;
3095 1005 3157 1058 τί
3193 997 3367 1057 οὗτοι
3391 1020 3498 1058 σου
3525 1020 3698 1056 κατα-

2028 1095 2427 1166 μαρτυροῦσιν;
2476 1098 2534 1150 '0
2561 1097 2621 1151 δὲ
2655 1096 2890 1161 ἐσιώπα,
2919 1098 3025 1150 καὶ¹
3055 1095 3240 1148 οὐδὲν
3301 1094 3692 1161 ἀπεκρίνατο.

2025 1185 2193 1239 Πάλιν
2231 1188 2260 1240 6
2292 1187 2585 1258 ἀρχιερεὺς
2621 1186 2995 1258 ἐπηρώτησεν
3034 1184 3226 1239 αὑτὸν
3267 1183 3344 1235 ὲκ
3385 1179 3658 1252 δευτέρου
3681 1219 3698 1244 ,

2024 1274 2226 1343 λέγων·
2274 1279 2346 1332 Σὺ
2389 1277 2442 1332 εἴ
2474 1281 2513 1345 ὀζ
2546 1277 2784 1346 Χριστὸς
2809 1278 2838 1328 6
2873 1277 3014 1339 Υἱὸς
3041 1274 3152 1327 τοῦ
3194 1269 3590 1341 Εὐλογητοῦ;
3639 1267 3701 1323 '0

2038 1365 2242 1436 Ἰησοῦς
2279 1368 2600 1438 ἀποκριθεὶς
2635 1368 2788 1435 λέγει
2826 1367 3011 1437 αὐτῷ·
3067 1366 3152 1418 Σὺ
3197 1360 3425 1425 εἴπας,
3461 1362 3550 1414 ὅτι
3588 1357 3702 1428 ἐγώ

2025 1460 2138 1528 ειμι
2163 1475 2177 1490 ·
2219 1459 2311 1511 καὶ
2349 1460 2543 1527 ὕφεσθε
2562 1459 2654 1514 τὸν
2688 1459 2818 1512 Υίὸν
2847 1459 2950 1512 τοῦ
2992 1455 3339 1527 ἀνθρώπου
3375 1453 3700 1522 καθήμενον

2027 1549 2091 1600 ὲκ
2122 1546 2309 1611 δεξιῶν
2358 1547 2458 1616 τῆς
2508 1546 2818 1617 δυνάμεως,
2862 1547 2964 1598 καὶ¹
3026 1544 3375 1614 ἐρχόμενον
3414 1541 3564 1612 μετά
3593 1539 3700 1594 τῶν

2027 1637 2258 1706 νεφελῶν
2300 1637 2393 1690 τοῦ
2445 1637 2706 1707 ούρανοῦ.
2749 1638 2808 1690 Ὀ
2862 1637 2924 1690 δὲ
2984 1634 3335 1704 ἀρχιερεὺς
3389 1630 3700 1702 διαρρήξας

390 1733 519 1786 dicit
551 1733 620 1786 illi
651 1748 667 1786 :
699 1733 775 1786 Tu
806 1733 1021 1798 dixisti;
1067 1746 1162 1801 ego
1187 1747 1337 1786 sum:
1367 1741 1421 1786 et
1445 1730 1695 1786 videbitis
1718 1729 1898 1784 Filiun

2185 1743 2221 1789 ις
2262 1725 2387 1788 τοὺς
2415 1725 2648 1794 χιτῶνας
2675 1724 2847 1780 αὐτοῦ
2883 1724 3085 1794 (12)...
3127 1742 3146 1773 ι
3185 1719 3330 1774 εἶτα
3366 1724 3493 1792 μετ’
3520 1721 3693 1787 ὀλίγα·

392 1823 620 1876 hominis
645 1823 920 1877 sedentem
972 1838 999 1876 a
1045 1824 1230 1876 dextra
1260 1821 1528 1890 potentiae,
1552 1829 1604 1875 et
1627 1820 1924 1874 venientem

390 1926 508 1965 cum
540 1912 767 1966 nubibus
807 1913 947 1967 cmli.
983 1913 1050 1965 At
1081 1926 1321 1965 summus
1349 1911 1598 1965 sacerdos
1624 1907 1926 1963 dilaceratis

390 2003 569 2055 statim
598 2002 834 2057 vestibus
855 2005 967 2056 suis
995 2000 1144 2071 [dicit
1175 2018 1188 2052 :
1230 1999 1369 2064 Quid
1398 2005 1652 2065 praeterea
1679 2010 1810 2065 Opus
1827 1996 1923 2048 ha-

391 2093 577 2146 bemus
632 2093 890 2146 testibus?
939 2090 1174 2144 Audistis
1203 2085 1632 2154 blasphemiam.]
1669 2103 1688 2134 »
1731 2082 1927 2137 Deinde

390 2190 508 2248 post
540 2197 706 2247 pauca
732 2182 774 2213 ’⁷
806 2199 818 2233 :
858 2199 876 2232 ι
924 2179 988 2232 Et
1019 2176 1249 2231 diluculo
1289 2175 1510 2232 consilio
1555 2174 1686 2227 inito
1734 2172 1928 2226 summi

388 2274 691 2325 sacerdotes
719 2286 837 2325 cum
866 2269 1167 2325 senioribus
1191 2306 1206 2329 ,
1231 2275 1286 2318 et
1315 2266 1528 2328 scribis,
1560 2279 1623 2318 ac
1656 2272 1765 2318 toto
1798 2276 1928 2316 con-

388 2377 564 2424 sessu,
589 2362 823 2414 vinctum
845 2359 1026 2414 Jesum
1056 2361 1394 2413 abduxerunt
1422 2357 1473 2409 in
1503 2355 1702 2418 aulam,
1761 2352 1927 2406 tradi-

391 2452 689 2517 deruntque
720 2451 906 2502 Pilato.
947 2468 964 2499 ι
1003 2449 1202 2502 Deinde
1224 2456 1342 2515 post
1370 2459 1537 2513 pauca
1566 2444 1647 2496 ’δι
1691 2461 1710 2494 ι
1746 2444 1921 2496 Accu-

390 2538 578 2589 sabant
602 2553 723 2589 eum
749 2538 940 2591 summi
980 2535 1284 2589 sacerdotes
1312 2533 1376 2586 de
1405 2531 1611 2595 multis,
1662 2532 1778 2598 ipse
1796 2541 1922 2581 vero

391 2626 524 2679 nihil
554 2625 844 2691 respondit.
880 2643 896 2672 ι
927 2625 1161 2678 Joannes
1193 2637 1319 2676 vero
1362 2621 1535 2688 inquit
1556 2621 1598 2650 ’θ
1630 2637 1642 2671 :
1683 2637 1700 2666 ‹
1741 2617 1922 2671 Addu-

391 2724 520 2767 cunt
545 2712 724 2767 Jesum
757 2731 784 2766 a
811 2716 1044 2782 Caiapha
1080 2715 1130 2767 in
1164 2713 1496 2780 praetorium.
1527 2729 1544 2760 ι
1575 2709 1697 2762 [iam
1742 2717 1917 2761 autem

392 2804 592 2858 diutius
617 2804 982 2871 exposuimus,
1012 2813 1069 2858 ut
1096 2804 1276 2857 multis
1307 2803 1540 2856 onmium
1573 2797 1913 2866 evangelista-

393 2908 510 2945 rum
544 2894 859 2946 testimoniis
881 2894 1287 2946 ostenderemus
1320 2888 1631 2944 ellusionem
1661 2885 1924 2940 vitiosita-

2032 1833 2050 1866 ι
2075 1812 2223 1884 Πρωῖ
2265 1813 2583 1883 συμϐούλιον
2627 1812 2896 1880 ἐποίησαν
2929 1812 2984 1862 οἱ
3021 1811 3356 1880 ἀρχιερεῖς
3416 1807 3565 1878 μετά
3593 1806 3700 1859 τῶν

2027 1903 2406 1974 πρεσϐυτέρων
2452 1903 2543 1955 καὶ
2596 1901 2706 1955 τῶν
2763 1901 3181 1971 γραμματέων
3215 1940 3233 1964 ,
3305 1901 3414 1953 καὶ
3472 1899 3597 1951 ὅλον
3639 1893 3702 1951 τὸ

2030 1996 2324 2065 συνέδριον,
2358 1996 2452 2048 καὶ
2479 1993 2742 2064 δήσαντες
2774 1992 2890 2063 (15)
2942 1992 3048 2045 τὸν
3100 1991 3354 2061 Ἰησοῦν
3401 1992 3700 2061 ἀπήγαγον

2027 2088 2104 2146 είς
2137 2085 2231 2154 τὴν
2262 2083 2448 2156 αὐλὴν,
2483 2084 2577 2136 καὶ
2624 2083 2969 2152 παρέδωκαν
3014 2083 3340 2152 Πιλάτῳ.»
3385 2078 3530 2134 Εἶτα
3583 2080 3697 2150 μετ’

2025 2175 2204 2241 ὀλίγα·
2243 2192 2262 2224 ι
2296 2174 2652 2244 Κατηγόρουν
2687 2174 2857 2226 αὐτοῦ
2889 2175 2944 2226 οἱ
2973 2174 3305 2244 ἀρχιερεῖς
3344 2172 3534 2225 πολλά
3558 2214 3572 2237 ,
3601 2173 3694 2224 αύ-

2023 2261 2111 2324 τὸς
2162 2261 2218 2314 δὲ
2270 2261 2419 2315 οὐδὲν
2458 2262 2816 2332 ἀπεκρίνατο.
2860 2281 2878 2311 ι
2932 2263 2997 2314 '0
3040 2263 3108 2313 δὲ
3158 2261 3458 2331 Ἰωάννης
3511 2261 3691 2329 φησὶν,

2030 2355 2110 2408 ὅτι
2149 2372 2167 2405 t
2196 2355 2418 2422 Ἀγουσι
2464 2353 2556 2406 τὸν
2611 2354 2824 2423 Ἰησοῦν
2871 2355 2995 2407 ἀπὸ
3054 2353 3170 2406 τοῦ
3231 2353 3488 2420 Καῖάφα
3524 2355 3602 2416 εἰς
3637 2351 3693 2403 τὸ

2023 2444 2368 2516 πραιτώριον.
2409 2464 2428 2496 ι
2467 2443 2654 2498 Ταῦτα
2703 2445 2762 2497 δὲ
2803 2446 2903 2497 ἐπὶ
2955 2446 3176 2498 πλεῖον
3233 2445 3360 2516 (14)
3395 2442 3692 2513 ὲξεθέμεθα

2023 2535 2162 2604 ὑπὲρ
2207 2535 2298 2587 τοῦ
2349 2535 2440 2587 διὰ
2487 2535 2697 2586 πολλῶν
2748 2535 3034 2588 ἁπάντων
3076 2536 3210 2589 τῶν
3267 2531 3690 2605 εὐαγγελιστῶν

2024 2626 2359 2694 παραστῆναι
2382 2626 2480 2695 τὴν
2524 2624 2679 2695 χύσιν
2711 2625 2826 2696 (15)
2852 2625 2965 2696 τῆς
2999 2628 3116 2680 τοῦ
3171 2628 3436 2696 Καῖάφα
3475 2625 3687 2687 κακίας,

2025 2717 2118 2768 καὶ
2148 2717 2230 2769 ὅτι
2284 2716 2429 2769 κατὰ
2469 2717 2564 2769 τοῦ
2606 2715 2786 2786 Ἰησοῦ
2839 2718 3313 2789 ἀγωνιζόμενος
3345 2718 3509 2772 οὐδὲν
3536 2710 3686 2788 ἦττον

2026 2807 2450 2873 προεφήτευσεν·
2497 2805 2578 2857 ὅτι
2634 2805 2733 2874 μὲν
2779 2801 2877 2859 οῦν
2950 2811 3426 2880 προεφήτευσε,
3511 2801 3688 2874 σαφῶς

2028 2891 2256 2958 ἐδίδαξεν
2289 2896 2435 2964 ἡμᾶς
2459 2897 2487 2946 ὁ
2519 2895 2799 2964 Ἰωάννης.

392 2984 462 3038 tis
479 2984 725 3050 Caiaphaa
753 3001 768 3048 ;
797 2992 851 3036 et
892 2985 1030 3051 quod
1061 2983 1341 3036 adversum
1368 2977 1908 3033 Iesum/contendens
1937 2978 2280 3038 nihilominus
2304 2985 2657 3054 prophetarit.
2687 2986 2872 3054 Atque
2912 2991 3088 3058 quod
3145 2993 3548 3062 prophetarit,
3572 3006 3682 3047 ma-

389 3075 581 3130 nifeste
613 3071 790 3126 docuit
813 3086 908 3125 nos
941 3069 1176 3124 Joannes
1201 3068 1268 3122 ³⁸.

457 3165 622 3236 388
646 3165 729 3217 l3.
755 3163 858 3216 Sed
885 3177 1090 3231 quaeres
1110 3177 1176 3214 an
1200 3161 1290 3231 qui
1311 3159 1618 3230 prophetat,
1634 3159 1680 3213 is
1706 3158 1926 3213 omnino
1954 3173 1965 3222 t

2176 3203 2184 3216 .
2220 3164 2480 3233 Ζητήσεις
2514 3163 2570 3215 δὲ
2599 3164 2647 3213 εἰ
2683 3164 2936 3228 πάντως,
2975 3167 3041 3217 ετ
3072 3185 3173 3232 τις
3215 3169 3596 3241 προφητεύει,
3628 3169 3684 3220 ὲκ

390 3268 421 3307 e
449 3254 652 3322 Spiritu
688 3259 872 3304 sancto
917 3250 1232 3319 prophetat,
1266 3248 1479 3303 etiamsi
1530 3247 1792 3315 aliquibus
1819 3261 1924 3300 non

389 3343 630 3396 videatur
657 3341 758 3396 hoc
800 3341 998 3394 dictum
1029 3341 1374 3408 quaestionem
1403 3339 1695 3409 postulare.
1729 3337 1924 3392 Verum

391 3433 659 3498 quomodo
693 3447 797 3486 non
840 3441 923 3484 est
966 3432 1067 3486 hoc
1114 3431 1337 3500 qttazsitu
1374 3429 1588 3498 dignum
1617 3471 1633 3495 ,
1683 3428 1727 3483 si
1761 3428 1926 3484 David

389 3533 512 3592 post
549 3535 822 3592 peccatum
853 3524 906 3575 in
936 3521 1116 3576 Uriam
1148 3521 1518 3582 commissum,
1555 3521 1747 3574 timens
1774 3533 1840 3573 ne
1863 3517 1927 3571 ab

393 3629 453 3668 se
483 3612 784 3666 auferretur
826 3611 1058 3679 Spiritus
1089 3618 1329 3674 sanctus,
1362 3608 1574 3677 inquit:
1612 3624 1631 3658 ι
1668 3605 1925 3673 Spiritum

392 3714 636 3758 sanctum
679 3711 826 3754 tuum
865 3715 931 3755 ne
959 3699 1173 3755 auferas
1223 3714 1251 3752 a
1280 3713 1364 3752 me
1389 3699 1472 3751 “?
1507 3717 1526 3750 ι
1555 3698 1706 3765 Quod
1729 3697 1774 3753 si
1807 3698 1928 3766 quis

390 3793 552 3846 etiam
578 3791 824 3844 admittat
847 3789 972 3842 illud
1003 3808 1016 3842 :
1065 3806 1084 3839 ι
1115 3788 1350 3856 Spiritus
1378 3797 1596 3841 sanctus
1631 3786 1929 3855 disciplinae

393 3881 613 3947 eﬂ‘ugiet
645 3880 908 3944 dolosum,
937 3888 990 3932 et
1016 3880 1231 3933 recedet
1253 3893 1281 3929 a
1306 3877 1486 3946 pravis
1510 3877 1748 3931 consiliis
1773 3877 1818 3908 “
1848 3916 1864 3940 ,
1901 3895 1921 3928 ι

391 3980 574 4041 aperte
606 3970 873 4023 videbitur
891 3971 1172 4022 ostendere
1212 3963 1470 4034 Spiritum
1517 3973 1764 4020 sanctum
1807 3965 1924 4018 ani~

390 4079 530 4117 mam
551 4062 789 4116 dolosam
821 4061 1036 4130 iugere,
1063 4060 1272 4114 etiamsi
1301 4062 1352 4112 in
1385 4073 1445 4111 ea
1478 4067 1601 4111 ante
1641 4057 1822 4111 dolum
1875 4057 1930 4110 et

389 4164 665 4224 peccatum
695 4151 1036 4206 habitaverit.
1092 4150 1181 4204 Sic
1235 4161 1411 4203 autem
1442 4148 1668 4216 quaesito
1714 4147 1926 4214 dignum

391 4252 473 4296 est
504 4242 630 4294 illud
658 4241 722 4293 de
750 4240 949 4307 Spiritu
974 4249 1178 4301 sancto,
1214 4253 1280 4292 an
1316 4239 1368 4290 in
1391 4237 1689 4306 peccatrice
1714 4251 1930 4304 quoque

391 4331 566 4384 anima
592 4343 712 4382 esse
744 4329 926 4396 possit,
971 4338 1031 4382 ut
1063 4329 1254 4396 aliquis
1305 4327 1547 4381 dicturus
1597 4328 1667 4380 sit
1715 4328 1767 4380 in
1801 4327 1930 4395 ipsis

391 4433 601 4486 quoque
623 4418 992 4484 peccatoribus
1016 4431 1134 4472 esse
1164 4416 1423 4485 Spiritum
1465 4425 1732 4478 sanctum,
1761 4432 1927 4484 quan-

2023 3255 2334 3324 Πνεύματος
2359 3254 2511 3320 ἁγίου
2550 3253 2915 3324 προφητεύει,
2953 3259 3078 3310 κᾶν
3116 3277 3245 3313 τισι
3281 3263 3558 3332 φαίνηται
3582 3257 3683 3328 (16)

2026 3343 2290 3414 μηδεμιᾶς
2325 3343 2602 3412 ζητήσεως
2648 3342 2875 3410 ἔχεσθαι
2928 3344 3004 3397 τὸ
3067 3347 3433 3420 λεγόμενον.
3484 3351 3607 3411 Πῶς
3633 3349 3682 3400 δὲ

2022 3433 2086 3484 ού
2132 3432 2407 3502 ζητήσεως
2438 3431 2586 3494 ἄξιόν
2625 3431 2738 3501 (l7)
2769 3433 2954 3499 ἐστιν,
2992 3436 3060 3488 εἴ
3085 3454 3164 3506 γε
3207 3441 3399 3494 Δαυῖδ
3432 3441 3574 3512 μετά
3599 3439 3684 3508 τὴν

2025 3523 2117 3574 ἐπὶ
2143 3521 2232 3574 τοῦ
2263 3522 2456 3591 Οὐρίου
2481 3521 2776 3591 ἁμαρτίαν,
2813 3523 3280 3598 εὐλαϐούμενος
3318 3532 3686 3603 ἀφαιρεθῆναι

2025 3611 2118 3663 ἀπ’
2149 3610 2312 3662 αὐτοῦ
2362 3611 2420 3663 τὸ
2451 3611 2602 3678 ἆγιον
2629 3611 2888 3681 Πνεῦμα,
2933 3618 3138 3684 φησί·
3186 3638 3206 3672 ι
3241 3623 3326 3674 Τὸ
3361 3621 3594 3692 Πνεῦμα
3632 3619 3686 3672 τὸ

2026 3699 2178 3767 ἅγιόν
2208 3717 2298 3752 σου
2334 3700 2406 3770 μὴ
2437 3701 2728 3772 ἀντανέλῃς
2754 3703 2852 3754 ἀπ’
2887 3705 2914 3755 ὲ
2926 3706 3049 3774 μοῦ
3078 3724 3095 3772 ;
3141 3729 3161 3761 ι
3201 3712 3276 3764 El.
3309 3713 3376 3766 δέ
3403 3731 3494 3776 τις
3522 3729 3687 3782 προσ-

2028 3791 2160 3842 ίεται
2213 3790 2306 3843 καὶ
2353 3789 2442 3841 τό·
2496 3808 2514 3840 ι
2552 3791 2742 3857 ’Ἀγιον
2780 3793 3032 3865 Πνεῦμα
3112 3802 3402 3867 παιδείας
3439 3804 3689 3872 φεύξεται

2027 3883 2116 3933 καὶ
2143 3881 2310 3943 δόλον,
2343 3882 2436 3933 καὶ
2465 3881 2924 3953 ἀπαναστήσεται
2975 3889 3107 3942 ἀπὺ
3160 3893 3475 3966 λογισμῶν
3504 3897 3691 3949 ἀσυνέ-

2026 3987 2182 4032 conv,»
2213 3970 2395 4037 σαφῶς
2421 3970 2561 4033 δόξει
2589 3973 3004 4042 παρίστασθαι,
3050 3983 3151 4034 ὅτι
3189 3985 3409 4054 φεύγει
3457 3988 3568 4039 ἀπὸ
3597 3986 3691 4055 τῆς

2025 4061 2422 4129 δεδολιευμένης
2473 4061 2584 4131 (18)
2614 4061 2821 4133 ψυχῆς,
2866 4066 2982 4119 κᾶν
3036 4074 3352 4146 πρότερον
3396 4079 3546 4149 τύχῃ
3591 4078 3693 4148 πρὸ

2026 4150 2171 4203 δόλου
2201 4151 2293 4202 καὶ
2324 4151 2598 4239 ἁμαρτίας
2638 4155 2943 4224 γενόμενον
2984 4139 3126 4216 ἐκεῖ
3147 4167 3220 4219 τὸ
3249 4139 3426 4237 Eiram

2027 4240 2180 4332 ρῦτω
2226 4239 2281 4291 δὲ
2326 4238 2606 4332 ζητήσεως
2659 4242 2812 4332 ἄξιόν
2868 4249 3001 4302 ἐστι
3078 4257 3153 4309 τὸ
3204 4264 3354 4332 περὶ
3402 4265 3504 4316 τοῦ
3542 4238 3697 4332 ἁγίου

2027 4331 2335 4423 Πνεύματος
2357 4367 2370 4390 ,
2399 4329 2695 4423 εί-δύναται
2721 4329 2865 4388 εἶναι
2894 4342 3002 4394 καὶ
3034 4344 3104 4396 ὲν
3131 4329 3493 4423 ἁμαρτωλῴ
3527 4329 3694 4423 qni-Af},

2027 4419 2152 4472 ὥστ’
2177 4420 2241 4472 ἄν
2273 4436 2392 4470 τινα
2419 4421 2592 4472 εἰπεῖν
2635 4423 2754 4485 ὅτι,
2789 4426 2960 4498 εἴπερ
3016 4451 3038 4482 ε
3078 4412 3295 4504 οὐέεχξ
3347 4412 3698 4498 δύνὲτέηέξ,

391 4507 672 4574 doquidem
701 4524 719 4556 ι
749 4506 958 4559 nemine
984 4507 1191 4561 valente
1215 4507 1397 4561 dicere
1419 4505 1696 4559 Dominum
1719 4504 1896 4559 Jesum

2188 4508 2684 4607 ἥρωος-Ἰησοῦς,
2735 4517 2785 4567 εί
2844 4493 3032 4588 μὴ-ὲν
3091 4493 3691 4607 Πνεῦματ-ιῡάγῖιμξῂι

394 4597 494 4649 nisi
533 4596 582 4649 in
618 4594 815 4662 Spiritu
862 4605 1046 4649 sancto
1070 4598 1138 4662 ³³,
1173 4616 1193 4648 ι
1227 4597 1379 4650 multi
1412 4605 1585 4649 tamen
1618 4605 1929 4665 peccatores

299 4707 304 4712 -
393 4683 565 4737 allecti
595 4684 927 4737 inveniantur
960 4700 1084 4754 erga
1122 4685 1324 4748 Jesum,
1380 4694 1634 4752 tanquam
1666 4700 1790 4753 erga
1824 4684 1928 4738 Do-

393 4777 612 4829 minum.
639 4775 715 4827 Ac
745 4772 906 4840 forte,
933 4777 1184 4842 quoniam
1217 4777 1308 4844 qui
1347 4782 1607 4844 peccant,
1643 4784 1925 4841 postquam

461 4911 508 4942 "
536 4911 699 4965 Marc.
751 4927 864 4975 xnv,
896 4909 985 4964 45.
1092 4912 1136 4945 ⁸⁸
1160 4910 1290 4964 ibid.
1329 4911 1415 4964 53.

394 4979 438 5013 ⁸⁸
469 4979 620 5036 Joan.
652 4996 726 5045 XI,
750 4981 836 5034 51.
907 4981 951 5011 ³⁸
976 4979 1114 5035 Psal.
1145 4980 1302 5042 1.,15.

461 5092 570 5163 (l2)
603 5092 856 5158 Χιτῶνας
878 5094 1079 5147 αὐτοῦ.
1123 5093 1251 5147 Post
1278 5096 1389 5148 haec
1414 5095 1574 5146 verba
1603 5093 1813 5146 videtur
1849 5092 1924 5163 le—

396 5160 535 5228 gisse
554 5160 861 5234 Ferrarius,
887 5163 1032 5234 λέγει
1051 5179 1064 5192 ·
1093 5164 1156 5234 Τί
1177 5163 1256 5215 ἐτι
1281 5160 1927 5234 χρείανᾲέχομενλμαρτύ-

402 5247 507 5303 ρων
528 5243 643 5303 Lat;
657 5230 952 5303 Perionius,
980 5230 1408 5303 filxouaa'cs’
1433 5230 1804 5303 βλασφημίας.

472 5298 582 5363 (l3)
607 5299 790 5371 Codpr
813 5297 1148 5371 Bodleiamts,
1192 5297 1678 5371 τεοιε,”δήσαντες”·
1731 5299 1929 5366 ltegius

402 5380 676 5437 perperam
698 5365 869 5437 _hab_et
894 5367 1238 5437 λαλήσαντες.

474 5431 582 5566 illi)
603 5432 777 5485 Codex
812 5431 1147 5498 Bodleianus,
1175 5435 1438 5490 πλεῖστον.

503 5498 783 5566 15)Codex
814 5501 1150 5566 Bodleiantts,
1192 5503 1366 5566 χύσιν,
1406 5524 1434 5557 e

503 5499 585 5565 15)
607 5498 783 5570 C_odex
814 5501 1150 5570 Bodleiantts,
1192 5503 1366 5570 χύσιν,
1406 5513 1459 5557 et
1500 5507 1569 5557 ita
1618 5499 1924 5570 legendum.

411 5565 516 5630 non
549 5577 602 5618 ut
624 5565 901 5620 Ferrarius
923 5571 1013 5622 "ui
1043 5565 1241 5625 codicis
1275 5572 1425 5641 Regii
1467 5565 1746 5628 lectionem
1773 5568 1926 5621 λύσιν

1511 4910 1555 4941 ⁸⁸
1582 4909 1712 4962 ibid.
1735 4908 1802 4960 60
1833 4923 1945 4974 seq.

1376 4981 1420 5010 ³¹
1449 4980 1575 5046 Sap.
1617 4993 1658 5039 ι.
1687 4978 1741 5030 5.
1818 4978 1864 5008 ³³
1901 4977 2066 5032 lCor.
2093 4991 2192 5040 xit,
2218 4978 2271 5030 5.

2031 4601 2210 4699 apollo}
2239 4599 2315 4699 δὲ.
2341 4601 2433 4654 καὶ
2618 4605 2971 4699 ἁμαρτωλῶν
3009 4599 3366 4679 διάκεινται
3413 4599 3587 4699 προς.
3609 4627 3699 4680 τὸν

2033 4690 2267 4789 Ἰησοῦν.ἱ
2287 4690 2361 4789 ὡς
2391 4691 2536 4789 πρὸς
2555 4692 2763 4789 Πύριον
2793 4737 2808 4760 ,
2848 4701 2951 4752 καὶ
2994 4705 3062 4757 ὲν
3099 4711 3323 4778 αὐτοῖς
3379 4690 3478 4770 ἂν·
3501 4690 3595 4788 είη
3639 4718 3698 4769 τὸ

2033 4779 2185 4849 ἆγιον
2223 4779 2464 4849 Πνεῦμα.
2495 4783 2605 4835 Καὶ
2629 4786 2775 4855 τάχα
2815 4790 3045 4854 ὲπεὶοί

2593 4913 2640 4944 ’⁸
2667 4915 2800 4970 ibid.
2836 4919 2893 4984 5,
2923 4920 2985 4978 5.

3090 4802 3255 4868 μετὰ
3287 4805 3358 4858 τὸ
3386 4813 3586 4879 τυχεῖν
3608 4811 3674 4864 αὐ

2035 4906 2267 5002 ivli-[ars
2316 4924 2406 4974 xv,
2436 4910 2488 4964 1.
2593 4913 2640 4944 ’⁸
2667 4915 2800 4970 ibid.
2836 4919 2893 4984 5,
2923 4920 2985 4978 5.
3109 4931 3164 4960 ³⁹
3189 4931 3379 4992 Joatt.
3405 4955 3580 5002 xvnt.
3607 4940 3699 4998 38.

2030 5103 2376 5192 233531333}:
2403 5101 2940 5192 q.‘.'f'.".'..f.e_“_"‘_‘__Pe'.
2972 5111 3465 5192 dissolutionem.
3526 5126 3701 5192 Χύσις

2075 5179 2083 5187 ἱ
2424 5155 2436 5164 ,
2599 5171 2607 5180 ⁸
2833 5155 2858 5172 r
2878 5155 2940 5188 v-.
2975 5155 3465 5180 -σ-ννιιιιιυῖιτΙΙιο
3526 5155 3643 5180 AUC

2030 5155 2942 5264 ῗῗξ⁸21⁷³ἶίῖἱῑῙΞΡ.ἓίέῗῖῗξ..ῗὶι³“ξέ¹¹
2979 5195 3184 5248 Potest
3209 5190 3335 5264 hoc
3375 5195 3534 5254 ιοεος
3563 5155 3700 5264 e055

2031 5236 2133 5351 aio,
2164 5245 2232 5284 ex
2265 5246 2425 5286 sensu
2455 5251 2567 5353 q)uo
2591 5236 2830 5322 aliquem
2859 5244 2916 5297 in
2947 5236 3698 5333 οἰιιηξεῄνῖἶίιῖιιίῃῇῗιίέίιῖη

2071 5314 2280 5352 ICIIIHIS.
2317 5301 2432 5353 v01
2462 5307 2481 5353 (
2514 5323 2685 5353 norem
2717 5311 2956 5353 alumnus
2999 5319 3234 5353 (ἒμπης,
3302 5331 3491 5353 n--._u
3521 5350 3580 5353 ,_-
3620 5334 3656 5353 es

2031 5311 2284 5422 3::zltil:l‘l'l:::
2319 5311 2432 5358 Vox
2462 5311 2688 5378 Origeni
2717 5311 2957 5380 aliisque
2999 5319 3238 5381 Graecis
3295 5311 3702 5392 βέίιῐῖὖῖιῖἶαλ

2099 5436 2211 5570 (16)
2245 5439 2428 5497 Codex
2458 5444 2687 5520 Regius.
2716 5451 2999 5521 φαίνεται.

2127 5505 2209 5570 ¹’⁷)
2244 5506 2391 5564 ltletn
2419 5521 2596 5570 codex
2637 5523 2859 5570 Regius-
2891 5526 2999 5570 mal

2127 5505 2209 5598 lZl
2244 5506 2391 5598 lii???
2419 5505 2596 5598 οοίὶἕκ
2629 5505 2859 5598 Baiias-
2879 5505 3068 5598 ξιὶεὶῑςε.
3106 5530 3306 5598 ἄξιος.
3376 5581 3378 5583 .

2097 5572 2207 5644 (18)
2244 5574 2392 5636 ldetn
2426 5572 2603 5650 eous;
2629 5572 2859 5666 sagit};
2874 5572 3330 5676 3.55.3;2335.
