3820 6204
261 253 302 307 τῦ
1032 265 1373 324 COMMENT.
1408 270 1474 324 IN
1508 270 1697 327 JOAN.
1739 274 1966 329 TOMUS
2003 275 2234 331 XXVI".
3114 288 3219 341 7H
3282 296 3288 303 '

262 368 285 421 ὗ
320 371 628 443 ἁμαρτάνοντες,
657 379 755 431 οὐκ
798 377 861 433 ἂν
889 381 1194 451 τυγχάνοιεν
1223 384 1481 451 ἀφέσεως,
1513 384 1600 438 διὰ
1629 393 1671 444 Α
1703 394 1770 460 ips

1709 394 1872 460 ipsum
1901 389 2224 457 acceperint,
2246 406 2349 443 non
2369 394 2664 447 assccuturi
2686 402 2812 449 sunt
2833 396 3217 464 remissionem.

261 459 330 514 ὗτο
358 462 513 530 λέγεται
542 469 640 537 περὶ
672 468 779 523 τῶν
824 471 925 541 πρὸ
963 471 1053 524 τοῦ
1104 473 1252 538 ἁγίου
1298 476 1597 545 Πνεύματός
1701 459 1766 531 ha

1709 459 1838 531 hanc
1868 477 1935 527 ob
1958 490 2174 528 causam
2222 477 2418 532 dicitur
2441 480 2651 534 cuidam
2683 481 2749 536 de
2785 483 2870 539 his
2902 486 2992 553 qui
3024 459 3217 555 pecua;

261 569 284 603 ιι
315 554 614 624 ἡμαρτημένων
643 559 727 611 τό’
760 578 779 610 t
809 561 958 613 Πᾶσα
981 562 1215 632 ἁμαρτία
1241 564 1331 617 καὶ
1362 563 1599 634 βλασφη-
1699 581 1763 618 ve

1712 572 1890 618 verunt
1917 574 2042 618 ante
2077 573 2350 632 acceptum
2387 567 2640 636 Spiritum
2668 581 2906 628 sanctum
2937 592 2953 628 :
2992 554 3220 633 {Omne

261 658 277 692 ι
314 643 564 715 ἀφεθήσεται
594 651 691 710 τοῖς
736 652 870 713 υἱοῖς
915 651 1020 703 τῶν
1054 653 1366 724 ἀνθρώπων·
1402 676 1421 708 ι
1474 660 1600 729 περὶ

261 731 348 784 τῶν
370 734 474 802 μετὰ
493 736 539 788 τὸ
559 741 716 807 τυχεῖν
748 740 903 808 ἁγίου
938 743 1243 813 Πνεύματος
1270 749 1597 803 ἐπταικότων

296 843 311 873 ι
344 825 389 877 'U
408 825 449 878 δὲ
475 828 534 888 είς
558 828 604 880 τὸ
625 828 725 898 (l9)
756 829 903 899 ἅγιον
938 834 1157 904 Πνεῦμα
1190 836 1593 909 βλασφημήσας,

287 913 376 983 ἔχει
402 917 563 984 ἄφεσιν,
594 918 704 973 οὔτε
741 923 798 974 ὲν
828 922 996 996 τούτῳ
1044 926 1120 997 τῷ
1165 928 1336 992 αἰῶνι,
1370 928 1489 983 οὔτε
1540 934 1597 985 ὲν

290 1006 537 1073 μέλ).οντι·›
583 1010 873 1085 βλασφημεῖ
920 1017 1024 1087 γάρ
1074 1017 1253 1088 ἔργοις
1294 1020 1386 1073 καὶ
1417 1021 1594 1091 λόγοις

261 1096 396 1164 ιρτίας
419 1100 483 1161 είς
500 1099 546 1151 τὸ
564 1101 717 1171 παρὸν
745 1102 960 1174 Πνεῦμα
992 1106 1052 1159 τὸ
1087 1106 1236 1175 ἅγιον
1272 1109 1379 1181 (20)
1401 1149 1416 1174 ,
1445 1113 1474 1163 ὁ
1505 1112 1597 1165 καὶ

262 1186 385 1249 όντος
408 1187 538 1240 αὐτοῦ
560 1192 605 1242 ὲν
625 1194 684 1261 τῇ
715 1192 854 1264 ψυχῇ
883 1196 1220 1264 ἁμαρτάνων.
1262 1199 1412 1252 Οῦτω
1436 1201 1491 1253 δέ
1514 1219 1596 1264 τις

261 1291 296 1327 ει
325 1276 526 1346 είρῆσθαι
552 1279 630 1331 καὶ
656 1280 717 1332 τὸ
743 1282 800 1333 ὲν
829 1285 893 1353 τῇ
926 1285 1055 1352 πρὸς
1096 1285 1371 1363 Ἐϐραίους
1412 1287 1595 1341 τοῦτον

1698 844 1807 888 tum
1832 844 2074 889 sanctum
2101 838 2455 905 peccaverint,
2484 840 2640 894 illud:
2677 859 2695 892 ι
2731 841 2833 909 Qui
2870 859 2994 899 vero
3020 846 3072 900 in
3099 846 3219 917 Spi-

1696 925 1855 978 ritum
1882 935 2120 980 sanctum
2156 927 2533 995 blasphemiam
2562 933 2791 996 dixerit,
2820 949 2920 988 non
2945 936 3103 992 habet
3129 954 3217 994 re-

1696 1014 1998 1069 missionem
2022 1031 2192 1085 neque
2210 1018 2262 1071 in
2286 1017 2386 1071 hoc
2405 1019 2617 1081 saeculo.
2633 1037 2801 1091 neque
2826 1024 2877 1076 in
2902 1022 3078 1080 futuro
3100 1027 3163 1081 ³⁸.
3190 1047 3210 1078 ι

1694 1103 2031 1172 Blaspbemat
2055 1109 2196 1162 enim
2229 1109 2477 1176 operibus
2527 1120 2579 1164 et
2628 1114 2965 1168 sermonibus
3010 1119 3215 1184 peccati

1694 1196 1747 1247 in
1780 1208 2010 1262 praesens
2064 1196 2119 1249 in
2149 1195 2400 1265 Spiritum
2422 1207 2691 1262 sanctum,
2749 1201 2838 1268 qui
2882 1215 3067 1270 peccat
3100 1204 3218 1273 Spi-

1700 1285 1801 1338 ritu
1834 1296 2016 1339 sancto
2045 1298 2301 1352 prasente
2332 1288 2383 1341 in
2407 1287 2523 1355 ejus
2550 1288 2747 1345 anima.
2780 1289 2870 1345 Sic
2916 1302 3090 1347 autem
3135 1295 3213 1348 di-

262 1369 560 1438 νεγραμμένον
585 1368 664 1422 τὸν
703 1371 915 1441 τρόπον’
955 1392 973 1424 ι
1003 1373 1279 1428 Ἀδύνατον
1332 1378 1438 1447 γὰρ
1472 1380 1594 1441 τοὺς
1696 1384 1770 1429 cel

1705 1384 1780 1429 cet
1810 1374 1998 1443 aliquis
2021 1377 2214 1431 dictum
2245 1378 2405 1431 etiam
2438 1378 2565 1432 illud
2616 1378 2802 1442 fuisse,
2828 1384 2967 1449 quod
3007 1383 3061 1437 in
3095 1382 3213 1451 Epi-

261 1460 273 1523 ξ
310 1459 640 1524 φωτισθέντας,
671 1463 1029 1533 γευσαμένους
1056 1481 1113 1517 τε
1138 1465 1236 1535 τῆς
1264 1467 1462 1535 δωρεᾶς
1493 1469 1593 1537 τῆς
1693 1472 1769 1516 stu

1700 1463 1825 1516 stola
1853 1464 1917 1517 ad
1946 1464 2194 1518 Hebraeos
2220 1465 2359 1520 hunc
2391 1466 2443 1520 in
2478 1468 2689 1520 modum
2739 1469 2991 1537 scriptun:
3020 1479 3101 1527 est
3125 1472 3208 1529 “.-

262 1550 419 1619 ρανίου
442 1591 455 1613 ,
499 1553 576 1605 καὶ
621 1554 867 1622 μετόχους
921 1555 1236 1626 γενηθέντας
1284 1558 1590 1628 Πνεύματος
1696 1570 1714 1601 ⁸
1753 1553 1768 1605 Ι

1696 1570 1714 1601 ι
1753 1553 2077 1621 lmpossibile
2103 1555 2242 1607 enim
2270 1565 2353 1609 est
2380 1597 2395 1620 ,
2451 1571 2542 1611 eos
2590 1558 2679 1626 qui
2733 1558 2897 1612 semel
2927 1559 3183 1617 illuminat

261 1656 289 1703 ι,
322 1641 461 1693 καλὸν
494 1644 829 1713 γευσαμένους
860 1643 991 1698 Θεοῦ
1035 1646 1201 1716 ρἦα,
1236 1647 1486 1716 δυνάμεις
1531 1668 1587 1704 τε
1622 1707 1656 1718 ἢ
1688 1640 1769 1694 ille

1688 1640 1904 1704 fuerint,
1933 1643 2362 1710 gustaverintque
2383 1642 2580 1698 donum
2611 1646 3003 1712 supercaaleste.
3044 1649 3188 1718 parti

261 1748 384 1794 ιντος
408 1732 586 1795 αἰῶνος,
614 1736 703 1787 καὶ
723 1739 1146 1807 παραπεσόντας,
1173 1743 1328 1796 πάλιν
1361 1747 1584 1798 ἀνακαι-
1621 1707 1659 1758 Β
1687 1732 1769 1799 είρ

1696 1707 2084 1799 cipesqne—facti
2110 1707 2305 1788 fuerint
2329 1734 2559 1801 Spiritus
2589 1707 2782 1800 sancti,
2810 1745 2862 1792 et
2888 1707 3082 1793 bonum
3113 1739 3204 1796 Dei

261 1834 267 1857 ι
311 1819 383 1881 είς
424 1820 671 1888 μετάνοιαν
699 1862 714 1885 ,
752 1826 1209 1897 ἀνασταυροῦντας
1258 1832 1461 1895 ἑαυτοῖς
1497 1831 1584 1884 τὸν
1683 1836 1769 1875 '9'

1694 1822 1902 1876 verbum
1953 1822 2282 1891 degustarint
2331 1824 2696 1894 potentiasque
2764 1825 2925 1884 futuri
2980 1832 3202 1899 saeculi,

261 1905 340 1958 τοῦ
369 1906 502 1969 θεοῦ,
541 1910 620 1961 καὶ
667 1912 1259 1982 παραδειγματίζοντας.
1295 1937 1313 1968 ι
1348 1918 1583 1989 Πρόσχες
1686 1928 1769 1982 pro

1699 1915 2021 1983 prolapsique
2043 1914 2257 1978 fuerint,
2287 1916 2355 1969 ab
2388 1917 2592 1985 integro
2642 1918 2885 1972 renovari
2930 1920 2996 1973 ad
3036 1924 3207 1989 pomi—

263 1998 319 2047 ὲν
369 1996 552 2060 τούτοις
598 2000 680 2050 τό·
719 2018 738 2049 ι
768 2002 1037 2070 Μετόχους
1069 2006 1380 2075 γενομένους
1419 2009 1582 2063 Πνεύ-
1686 2011 1770 2055 lc“

1696 2002 1924 2064 tentiam,
1956 2002 2327 2070 cruciﬁgentes
2376 2004 2717 2073 sibimetipsis
2762 2005 2953 2061 Filium
3007 2009 3097 2063 Dei
3150 2020 3204 2064 et

284 2086 444 2154 ἁγίου.
474 2107 490 2138 ι
518 2090 600 2152 Ei;
639 2090 693 2142 δὲ
720 2091 780 2142 τὸ
806 2092 1056 2158 ἐναντίον,
1085 2093 1185 2158 ὠς,
1221 2099 1267 2149 εί
1316 2098 1407 2149 καὶ
1450 2116 1579 2169 προ-
1685 2090 1789 2144 illia

1696 2090 2019 2146 infamantes.
2049 2110 2069 2143 ι
2099 2096 2323 2147 Attende
2347 2094 2486 2147 enim
2514 2096 2601 2150 his
2624 2097 2797 2150 verbis
2816 2137 2832 2161 ,
2869 2115 2887 2149 ι
2922 2100 3204 2169 participes

261 2180 421 2232 υσενὸ
444 2181 691 2248 Καϊάφας,
735 2182 881 2236 οὐδὲν
919 2180 1075 2255 ἦττον
1113 2186 1209 2238 οὐκ
1258 2183 1324 2257 ἦν
1365 2190 1580 2258 Πνεῦμα
1682 2178 1769 2234 fac

1695 2178 1804 2234 iacti
1832 2180 2059 2249 Spiritus
2089 2183 2285 2236 sancti.
2308 2201 2326 2233 ι
2349 2182 2424 2235 Ex
2447 2182 2666 2237 adverso
2685 2193 2859 2238 autem
2884 2187 3022 2254 quod
3053 2187 3203 2242 Caia-

264 2270 318 2320 ἐν
345 2268 509 2337 αὐτῷ,
537 2269 740 2339 λεχθείη
767 2268 832 2324 ἂν
867 2272 926 2324 τό
969 2273 1098 2341 (21)’
1135 2291 1152 2323 ι
1179 2272 1340 2327 Οὔπω
1369 2276 1474 2346 γὰρ
1515 2274 1580 2346 ἦν

261 2374 312 2415 α,
337 2359 413 2410 ὅτι
433 2357 623 2427 Ἰησοῦς
642 2357 790 2412 οῦπω
821 2360 1090 2430 ἐδοξάσθη·
1125 2380 1143 2412 ι
1178 2362 1271 2414 καὶ
1300 2363 1452 2434 εἴπερ
1471 2364 1577 2433 (ἓῖ)

275 2446 483 2515 Πνεῦμα
504 2446 641 2498 οὐδὲν
668 2450 725 2499 ὲν
755 2451 865 2509 τοῖς
889 2450 1195 2511 ἀποστόλοις
1218 2451 1319 2522 πρὸ
1343 2451 1435 2505 τοῦ
1478 2454 1579 2523 Ἰη-

261 2534 521 2604 ξασθῆναι.
554 2536 698 2606 πόσῳ
725 2536 880 2588 πλέον
910 2538 1005 2590 οὐκ
1027 2534 1093 2608 ἦν
1125 2541 1180 2591 ἐν
1220 2539 1296 2610 τῷ
1324 2541 1574 2612 Καῖάφᾳῖ

261 2624 318 2686 ὰς
363 2625 418 2676 δὲ
464 2625 491 2676 ό
537 2626 719 2696 Σωτὴρ
768 2626 1057 2697 ἐνεφύσησε
1113 2631 1221 2691 τοῖς
1271 2629 1530 2701 μαθηταῖς
1558 2670 1574 2696 ,

262 2710 371 2776 ἐγει
403 2711 575 2771 αὐτοῖς
599 2728 612 2742 ·
678 2715 880 2767 Λάϐετε
920 2716 1136 2785 Πνεῦμα
1184 2718 1334 2784 ἁγιον
1359 2759 1373 2783 ,
1417 2739 1434 2770 t
1485 2718 1576 2772 καὶ

1682 2272 1832 2338 phas,
1872 2272 2078 2325 etiamsi
2122 2273 2483 2339 prophetarit,
2547 2273 2887 2329 nihilominus
2947 2292 3049 2332 non
3112 2278 3202 2333 hac

1681 2360 1855 2413 buerit
1888 2361 1939 2412 in
1969 2375 2028 2415 se
2057 2360 2311 2429 Spiritum
2367 2373 2603 2417 sanctum
2623 2402 2639 2426 ,
2673 2364 2775 2417 dici
2823 2374 2996 2433 potest
3026 2367 3150 2423 illud
3182 2389 3196 2424 :

1687 2465 1706 2498 ι
1736 2447 1976 2502 Nondum
2004 2450 2142 2502 enim
2173 2460 2287 2505 erat
2311 2450 2575 2519 Spiritus,
2606 2453 2745 2520 quod
2789 2456 3022 2508 nondum
3058 2468 3200 2513 esset

1679 2535 1832 2591 Iesus
1856 2537 2176 2604 gloriﬁcatus
2200 2540 2263 2591 ³⁷.
2298 2559 2316 2591 ι
2349 2541 2497 2606 Quod
2520 2541 2564 2594 si
2602 2556 2669 2596 ne
2712 2542 2765 2595 in
2795 2543 3047 2611 apostolis
3080 2548 3199 2615 qui-

1679 2628 1795 2682 dem
1825 2638 1941 2683 erat
1959 2630 2207 2698 Spiritus,
2239 2642 2521 2700 antequam
2565 2632 2949 2701 glorificaretur
2997 2633 3155 2692 Jesus
3175 2675 3194 2701 .

1678 2727 1873 2786 quanto
1934 2720 2100 2790 magis
2163 2736 2268 2774 non
2315 2732 2429 2775 erat
2483 2722 2538 2776 in
2608 2720 2903 2790 Caiapha?
2968 2724 3197 2783 Proinde

261 2822 286 2856 ’.
316 2801 608 2871 Τολμηρῶς
636 2804 730 2871 μὲν
763 2799 853 2856 οὖν
878 2821 958 2866 τις
991 2804 1352 2875 παραθήσεται
1385 2806 1453 2860 τὰ
1489 2807 1576 2860 λε-
1677 2821 1769 2860 eun

1678 2821 1796 2860 cum
1836 2810 2153 2865 surrexisset
2219 2810 2503 2872 Servator,
2550 2811 2833 2867 insulilavit
2881 2814 3186 2883 discipulis.

261 2910 349 2945 ενα
378 2892 512 2964 πρὸς
539 2893 597 2944 τὺ
619 2892 690 2961 μὴ
726 2891 831 2944 ἀπὸ
857 2892 1007 2959 ἁγίου
1040 2894 1345 2963 Πνεύματος
1372 2913 1573 2966 προπε-
1683 2912 1704 2946 t
1735 2912 1764 2949 e

1686 2912 1704 2946 t
1735 2905 1789 2950 et
1817 2897 1944 2950 dicit
1967 2898 2066 2952 illis
2092 2917 2105 2949 :
2157 2900 2394 2967 Accipite
2446 2899 2702 2969 Spiritum
2752 2913 2990 2958 sanctum
3010 2906 3070 2965 ³⁸,
3095 2924 3112 2956 t
3141 2915 3194 2960 et

261 2984 363 3034 ἕναι
402 2983 493 3034 τὸν
538 2982 785 3049 Καϊάφαν
808 3021 822 3044 ,
881 2983 1025 3051 ὅμως
1067 2982 1111 3034 δ’
1151 2979 1240 3037 οὖν
1278 2984 1388 3053 (25)
1442 2988 1571 3055 ἐρεῖ,
1602 3026 1642 3082 c
1676 2985 1769 3053 38

1684 2985 1838 3053 389
1863 3002 1981 3052 «tua:
2013 2998 2321 3054 sequuntur.
2362 2989 2532 3056 Atque
2584 2991 2834 3045 audacter
2857 2994 3068 3060 quidem
3099 2996 3192 3047 ad-

264 3090 357 3125 ται
392 3073 487 3125 καὶ
521 3072 729 3142 πονηρὰ
762 3072 1039 3141 πνεύματα
1068 3078 1354 3144 μαρτυρεῖν
1382 3074 1455 3144 τῷ
1477 3077 1571 3145 Ἰη-
1607 3072 1642 3082 ⁷
1675 3073 1765 3123 det

1681 3073 1765 3123 det
1805 3072 1993 3139 aliquis
2038 3074 2104 3125 ad
2149 3074 2296 3137 illud,
2330 3074 2469 3141 quod
2512 3090 2577 3129 ex
2625 3076 2823 3145 Spiritu
2873 3090 3055 3135 sancto
3085 3098 3189 3136 non

262 3202 263 3205 η
310 3160 678 3235 προφητεύειν
710 3158 834 3227 περὶ
864 3158 1041 3223 αὐτοῦ,
1095 3159 1126 3229 ἢ
1166 3164 1452 3231 μαρτυρεῖν
1477 3164 1574 3214 αὑ-
1674 3174 1769 3226 pro

1682 3161 2066 3226 prophetaverit
2083 3162 2362 3231 Caiaphas,
2380 3179 2495 3232 qua:
2529 3166 2746 3220 dicenda
2769 3179 2911 3223 sunt.
2933 3170 3190 3226 Similiter

303 3252 501 3320 ὥσπερ
552 3251 613 3302 τὸ
656 3249 833 3317 λέγον’
874 3267 893 3299 ι
947 3249 1172 3319 Οῖδαμέν
1218 3268 1275 3303 σε
1324 3252 1408 3313 τίς
1440 3243 1508 3314 εί,
1547 3256 1575 3306 ὁ
1676 3248 1802 3315 igitu

1684 3248 1835 3315 igitur
1857 3250 1996 3304 dicet
2023 3252 2123 3305 iste
2152 3252 2317 3307 malos
2339 3255 2503 3307 etiam
2539 3255 2755 3322 spiritus
2781 3272 2935 3325 posse
2956 3261 3192 3314 testimo-

261 3342 321 3395 οῦ
349 3340 493 3393 Θεοῦ
520 3357 534 3370 ·
564 3360 583 3391 ι
618 3341 709 3392 καὶ
746 3342 814 3393 τὰ
846 3340 1253 3410 παρακαλοῦντα
1282 3342 1459 3407 αὐτὸν,
1488 3343 1573 3395 ἵνα
1676 3336 1761 3388 "in

1683 3336 1818 3388 nium
1853 3339 2091 3405 praebere
2117 3337 2265 3403 Jesu,
2297 3350 2347 3393 et
2374 3342 2693 3411 prophetare
2720 3346 2784 3399 de
2816 3362 2880 3399 eo
2910 3362 3012 3401 non
3039 3365 3191 3403 secus

261 3432 347 3503 ιξῃ
376 3432 573 3492 αὐτοῖς
603 3432 682 3491 είς
704 3429 799 3498 τὴν
828 3429 1051 3482 ἄϐυσσον
1079 3430 1341 3494 ἀπελθεῖν,
1371 3435 1462 3485 καὶ
1487 3433 1573 3485 λέ-
1673 3437 1769 3490 atq:

1682 3437 1832 3490 atque
1853 3426 1940 3478 ille
1968 3428 2058 3495 qui
2087 3429 2220 3482 dixit
2247 3443 2261 3481 :
2301 3448 2319 3480 ι
2349 3430 2601 3487 Novimus
2635 3442 2686 3487 te
2710 3436 2828 3502 quis
2858 3437 2971 3501 sis;
3004 3452 3190 3506 nempe

263 3521 487 3584 Ἧλθες
524 3520 787 3574 ἀπολέσαι
827 3521 969 3589 ἡμᾶς
997 3521 1141 3589 (95);
1172 3540 1189 3571 ›
1228 3524 1334 3575 Καὶ
1366 3525 1422 3575 ὲν
1459 3528 1573 3586 ταῖς
1675 3516 1759 3567 ille

1677 3516 1759 3567 ille
1788 3517 2016 3570 Sanctus
2057 3518 2143 3570 Dei
2163 3518 2240 3583 ”;
2271 3537 2289 3569 ι
2324 3531 2378 3573 et
2411 3531 2463 3574 ut
2506 3521 2579 3575 illi
2611 3525 2699 3589 qui
2745 3527 3002 3595 rogabant
3033 3545 3185 3593 eum,

1674 3618 1739 3656 ne
1764 3604 2074 3670 praeciperet
2099 3606 2203 3660 illis
2251 3606 2303 3660 in
2328 3610 2578 3678 abyssum
2610 3613 2779 3675 abire,
2819 3623 2872 3666 et
2900 3616 3141 3670 dicebant
3169 3638 3183 3672 :

1676 3713 1695 3745 ι
1721 3694 1928 3747 Venisti
1972 3694 2037 3746 ad
2083 3695 2403 3761 perdendum
2436 3714 2533 3752 nos
2550 3698 2595 3730 ⁸ο
2618 3700 2641 3753 ?
2665 3719 2684 3751 ι
2711 3701 2845 3765 Quin
2880 3703 2929 3754 in
2970 3716 3187 3772 aposto-

1667 3784 1840 3837 lorum
1870 3798 2079 3852 quoque
2107 3785 2253 3839 Actis
2287 3786 2398 3841 haec
2429 3788 2623 3856 scripta
2652 3800 2775 3844 sunt
2797 3791 2839 3822 “
2867 3808 2883 3844 :
2918 3810 2936 3843 ι
2958 3793 3188 3863 Contigit

1668 3883 1727 3925 ut
1772 3875 2021 3928 euntibus
2063 3875 2213 3929 nobis
2248 3875 2314 3929 ad
2353 3880 2920 3948 precationem,puella
2950 3884 3184 3950 quaedam

268 3991 343 4040 τη
418 3969 953 4039 κατακολουθήσασα
1022 3970 1211 4040 Παύλῳ
1275 3971 1366 4023 καὶ
1418 3974 1566 4041 ἡμῖν,
1666 3963 1775 4030 spir

1677 3963 1906 4030 spiritum
1953 3963 2211 4032 Pythonis
2254 3965 2457 4021 habens
2497 3967 2654 4021 nobis
2691 3981 3028 4033 occurreret.
3069 3987 3185 4042 qua:

261 4078 461 4121 νουσα,
478 4061 591 4112 ὅτι·
617 4053 773 4111 Οὗτοι
790 4061 837 4111 oi
854 4059 1118 4130 ἄνθρωποι
1141 4059 1308 4112 δοῦλοι
1324 4060 1414 4112 τοῦ
1438 4060 1567 4112 Θεοῦ
1667 4068 1769 4119 (Illi

1667 4063 1922 4119 quaestum
1965 4069 2209 4122 magnum
2238 4056 2525 4123 praastabat
2556 4056 2787 4112 dominis
2813 4066 2922 4113 suls
2942 4061 3167 4116 divinan-

261 4168 328 4202 οι·
377 4151 562 4211 εἰσὶν,
603 4149 796 4210 οἵτινες
825 4148 1264 4216 καταγγέλλουσιν
1296 4151 1424 4219 ἡμῖν
1455 4150 1568 4202 ὁδὸν
1662 4146 1731 4195 tlo
1758 4159 1769 4196 :

1675 4146 1731 4195 ilo
1758 4159 1772 4196 :
1801 4144 1911 4197 hate
1952 4144 2226 4199 subsecuta
2265 4145 2483 4201 Paulum
2507 4185 2524 4211 ,
2564 4156 2619 4202 et
2659 4162 2778 4214 nos,
2810 4148 3075 4204 clamabat
3101 4151 3183 4204 die

280 4259 301 4288 ›
354 4240 553 4307 Φήσει
608 4234 704 4289 οὖν
750 4240 778 4289 ὁ
813 4236 1014 4300 τούτοις
1051 4236 1443 4308 συγχρώμενος,
1486 4239 1565 4290 ὅτι
1666 4249 1788 4288 cens

1673 4249 1791 4288 cens
1817 4248 1833 4288 :
1856 4233 1949 4288 Isti
1983 4236 2223 4290 homines
2255 4238 2394 4290 servi
2426 4237 2515 4291 Dei
2546 4237 2893 4292 excelsissimi
2922 4250 3061 4305 sunt,
3092 4242 3181 4310 qui

261 4332 346 4382 Ξεῖ
375 4328 752 4397 προφητείας
778 4327 805 4378 ὁ
829 4327 918 4380 τοῦ
943 4326 1187 4389 Πύθωνος
1218 4327 1389 4396 λόγος,
1422 4345 1559 4399 μαρ-
1594 4339 1638 4394 ο
1665 4341 1765 4377 ann

1674 4326 1978 4379 annuntiant
2017 4326 2168 4380 nobis
2222 4330 2362 4379 viam
2414 4327 2619 4380 salutis.
2651 4346 2668 4379 ι
2706 4328 2935 4384 Proinde
2963 4331 3051 4397 qui
3102 4331 3182 4383 his

261 3614 321 3666 δὲ
349 3613 469 3665 τῶν
502 3612 817 3665 ἀποστόλων
839 3612 1138 3681 γέγραπται
1162 3610 1329 3664 ταῦτα
1348 3629 1362 3642 ο
1395 3633 1412 3663 ι
1435 3614 1572 3680 Ἐγέ-

261 3721 353 3756 ευο
361 3703 557 3772 μένων
575 3703 608 3771 ἡ
618 3701 733 3770 μῶν
747 3702 824 3763 είς
836 3702 932 3772 τὴν
953 3703 1269 3771 προσευχὴν,
1292 3702 1571 3772 παιδίσκην

266 3812 380 3847 σαν
432 3792 671 3861 πνεῦμα
700 3792 921 3844 Πύθωνα
964 3793 1254 3861 ὑπαντῆσαι
1282 3795 1430 3862 ἡμῖν,
1454 3794 1570 3862 ἥτις

261 3883 491 3951 πολλὴν
522 3885 757 3952 παρεῖχε
782 3884 890 3943 τοῖς
909 3882 1108 3950 κυρίοις
1140 3884 1304 3951 αὐτῆς
1325 3900 1572 3951 μαντευο-

276 4417 679 4479 ἀποστόλοις,
693 4416 785 4468 καὶ
801 4416 1111 4486 προτρέπων
1126 4417 1200 4478 ὡς
1216 4416 1306 4468 ὲπὶ
1328 4417 1443 4470 ὁδὸν
1462 4433 1564 4468 σω-
1663 4415 1781 4467 testi

1734 4415 1978 4469 stimoniis
2029 4416 2216 4480 utitur,
2246 4417 2387 4470 dicet
2435 4418 2566 4470 nihil
2610 4419 2807 4474 distare
2845 4434 2874 4472 a
2906 4421 3178 4489 prophetia
3237 4460 3242 4467 ι

1662 4506 1952 4557 orationem
2004 4504 2220 4573 spiritus
2262 4506 2596 4570 divinatoris,
2646 4510 3003 4562 testimonium
3047 4524 3181 4577 prte-

1664 4593 1834 4646 bentis
1879 4593 2152 4660 apostolis,
2182 4603 2236 4647 et
2265 4594 2597 4650 admonentis
2649 4596 2925 4651 audientes
2956 4607 3013 4650 ut
3041 4600 3181 4652 viam

1660 4681 1863 4744 salutis,
1908 4696 2026 4747 qua:
2078 4682 2526 4747 annuntiabatur,
2571 4686 2872 4739 crederent.
2920 4686 3179 4750 Quoniam

1662 4781 1853 4824 autem
1883 4773 1935 4824 in
1983 4772 2212 4826 medium
2259 4773 2571 4827 adduximus
2613 4788 2730 4842 qua:
2773 4776 2907 4828 dixit
2944 4772 3175 4832 Balaam.

264 4508 741 4578 αγγελλομένην
770 4507 1035 4560 πιστεύειν
1059 4509 1180 4569 τοὺς
1207 4506 1553 4567 ἀκούσαντας.

261 4601 320 4652 xi.
352 4598 439 4652 τὰ
470 4598 587 4650 τοῦ
616 4596 843 4666 Βαλαὰμ
867 4595 1215 4667 περιεθέμεθα
1240 4596 1390 4664 (25⁵),
1411 4596 1567 4665 πρόσ-

261 4705 370 4741 tat
406 4687 525 4739 καὶ
559 4685 701 4755 napi.
720 4683 879 4737 αὐτοῦ
911 4683 1172 4752 λέγεσθαι,
1195 4683 1274 4735 δτι
1304 4683 1363 4735 οὐ
1387 4681 1565 4734 θεόθεν

261 4778 405 4831 ἀλλ’
444 4777 584 4830 ἀπὸ
632 4774 857 4843 ἀγγέλου
878 4791 891 4804 ·
923 4793 941 4822 ι
965 4775 1129 4842 Ἔπη
1174 4791 1192 4821 ι
1228 4772 1352 4843 γάρ,
1381 4772 1559 4840 φησὶν,

261 4934 308 4967 ι.
371 4931 467 4966 xu
505 4952 524 4973 ,
566 4913 669 4971 5|,
740 4912 783 4942 ³⁵
811 4911 933 4962 ibid.
964 4912 1051 4964 52.
1125 4910 1169 4940 ³⁸
1206 4909 1359 4961 llehr.
1385 4908 1589 4966 νιμὶ-ϐ.
1662 4905 1704 4936 ³⁷
1729 4904 1769 4958 .Ι‹

1667 4905 1704 4936 ³⁷
1729 4904 1881 4958 Joan.
1910 4918 2005 4968 vn,
2032 4903 2119 4958 59.
2194 4903 2239 4934 ⁸⁸
2260 4901 2431 4956 Ιοαη.·
2458 4920 2547 4966 xx,
2574 4903 2663 4960 22.
2755 4905 2798 4936 ³⁸
2823 4903 2983 4956 Marc.
3010 4916 3050 4966 ι,
3085 4901 3175 4955 Ξῖ.

261 5025 280 5049 ,
324 4983 457 5048 51;
501 4981 699 5035 Marc.
732 4995 769 5043 ι,
799 4979 895 5044 Ξ4;
925 4979 1051 5031 Luc.
1082 4992 1155 5038 tv,
1182 4977 1269 5029 54.
1364 4976 1408 5007 δι
1443 4975 1561 5028 Act.
1589 4990 1696 5037 nt,
1736 4976 1821 5037 16,
1851 4973 1938 5026 17.

261 5113 283 5151 ι
360 5096 599 5150 codex
655 5092 870 5162 Regius,
915 5088 1280 5143 ὲπταικότων’
1320 5087 1433 5140 τόδε
1480 5088 1557 5148 είς
1652 5157 1691 5165 “
1718 5088 1769 5165 (2

1665 5157 1691 5165 ,,
1718 5086 1826 5165 (ἦε)
1860 5076 1989 5165 ,Κάλ
2054 5085 2331 5165 λέγοντας
2393 5079 2603 5165 ξἮᾷθες
2655 5082 2948 5165 ᾁπσλέσαι
3001 5084 3173 5150 ἡμᾶς.

1652 5154 1823 5210 Verba
1860 5156 1971 5206 haec
2005 5167 2105 5204 tton
2138 5154 2364 5205 hominis
2394 5154 2549 5217 hujus
2576 5160 2719 5212 sunt,
2758 5154 2810 5204 in
2864 5167 3172 5204 monumento

1651 5225 1720 5277 tis
1742 5221 2020 5288 versantis,
2053 5227 2107 5271 et
2134 5219 2339 5288 legione
2366 5221 2666 5288 dannonum
2695 5220 2868 5288 vexati
2896 5234 2912 5280 ;
2962 5221 3027 5271 de
3071 5235 3175 5285 quo

1648 5292 1778 5346 Luc.
1804 5304 1919 5351 vztt,
1949 5287 2013 5342 ’27
2043 5296 2096 5339 et
2117 5285 2252 5354 seq.,
2281 5298 2339 5340 ut
2366 5288 2453 5340 hic
2488 5287 2677 5339 scribit
2728 5285 3018 5352 Origenes;
3076 5289 3172 5340 sed

1652 5359 1875 5412 hominis
1895 5357 2057 5417 illius,
2080 5357 2169 5421 qui
2202 5357 2472 5407 immundo
2504 5354 2708 5422 spiritui
2738 5363 2855 5405 erat
2877 5355 3171 5422 obnoxius;

261 5421 479 5496 ωἶ-ῐιῖέ
514 5421 982 5513 ιρεοῧω-ιιμῖςωέ
1003 5421 1511 5513 Stabianum“,
1652 5429 1769 5513 de’g

1652 5429 1715 5481 de
1740 5441 1842 5489 quo
1874 5424 2032 5475 Marc.
2063 5438 2102 5480 I,
2131 5423 2221 5482 95,
2250 5436 2302 5476 et
2326 5424 2451 5475 an.
2482 5437 2552 5479 ιν.
2586 5421 2674 5477 55.
2706 5422 2793 5473 3t.
2826 5423 3078 5477 llumtus.

1724 5488 2227 5513 Invs\n--._nl..-n_
2279 5492 2430 5513 IT--.“
2473 5488 2807 5513 __--ﬂ_'.._n..
2859 5492 2991 5513 Β---

261 5452 363 5496 ari
376 5454 468 5492 IIS
514 5452 757 5515 legebat
783 5452 977 5513 OJLOth
1003 5452 1044 5505 ο,
1075 5452 1187 5479 υυν.
1652 5452 1715 5481 uc
1740 5452 1769 5489 ιι

261 5521 655 5579 αρτυρειν
674 5499 978 5566 αὐτῳᾘωο
999 5495 1241 5548 Videntur
1255 5492 1554 5563 παρέλκειν.
1721 5494 1769 5565 (‘2

1505 5511 1554 5547 ν.
1652 5452 2451 5565 ⁸⁸(ἐξῆἢὲἕιὲὸὶλιὲὅὰῧὲῖἐὶζ
2470 5452 3012 5559 ἐεξιῶἓμέὄὰῖἓέΐὲἶ

303 5603 689 5662 Ριτειοι.
735 5592 826 5653 Gn
893 5585 1060 5647 XIV.
2788 5580 2866 5640 23

261 5250 327 5289 ex
360 5231 660 5300 Regius,
687 5231 765 5300 είς
778 5227 1027 5300 τδμπαρὸν
1050 5221 1269 5300 Πνεῦμα
1298 5222 1466 5289 ἅγιον.

261 5320 274 5355 ι
302 5291 547 5359 code":
583 5291 813 5367 Regius,
836 5291 1044 5367 λεχθείη
1073 5291 1152 5367 τό.

298 5371 541 5426 codex
578 5359 804 5434 Regius.
837 5359 1219 5434 ob’irsp,:tttale.

1699 664 1971 724 peccatum
2024 664 2077 708 et
2117 654 2444 722 blasphemia
2516 661 2814 714 remittetur
2871 662 2992 718 [iliis
3047 666 3223 720 homi-

1698 760 1821 798 num
1848 744 1923 810 ³⁴;
1961 761 1980 795 ι
2013 753 2068 797 at
2094 757 2219 798 vero
2249 744 2438 811 dehis,
2468 748 2558 815 qui
2591 759 2710 817 post
2753 762 3028 821 acceptum
3056 754 3221 824 Spiri-
3312 828 3315 829 ν
