3820 6202
983 314 1331 370 COMMENT.
1365 314 1430 368 1N
1466 311 1650 369 JOAN.
1686 310 1918 367 TOMUS
1955 311 2183 365 XXVIII.

3064 307 3162 363 718

273 422 316 495 ὴν
334 427 577 497 προφητείαν
604 429 762 484 αὐτοῦ
787 430 1015 496 λεκτέον,
1045 433 1145 498 ὅτι,
1169 434 1287 486 ἐπεὶ
1318 434 1389 504 μὴ
1411 433 1557 502 ἀγιος
1584 435 1628 493 Α
1659 430 1781 485 Vide

1659 430 1785 485 Vide
1811 445 1935 485 vero
1964 446 2029 483 au
2067 416 2205 484 forte
2246 430 2356 483 lucc
2384 429 2540 484 etiam
2571 426 2789 482 dicenda
2816 428 2920 481 sint
2945 427 3011 483 de
3037 440 3162 496 pro-

273 516 299 567 εί
322 515 388 567 καὶ
415 518 778 589 προεφήτευσεν,
807 520 916 572 ἀλλ’
954 521 1050 573 ούκ
1080 521 1184 574 ἀπὸ
1216 521 1552 592 ὲμπνεύσεως

274 621 395 674 ματος
423 606 537 674 ἁγίου
563 612 950 680 προεφήτευσεν
977 611 1105 682 (52).
1150 612 1351 682 Ὠσπερ
1376 613 1432 664 δὲ
1465 611 1555 681 ζη-

274 713 319 758 ος
342 694 449 759 ἄξιόν
470 700 576 762 ἐστι,
606 700 720 762 πῶς
745 702 1104 772 προεφήτευσε
1125 703 1390 771 Καϊάφας,
1418 702 1556 754 οὕτω

273 801 291 835 ν
320 788 368 855 τῇ
400 785 543 858 πρώτῃ
566 787 669 840 τῶν
697 789 983 841 Βασιλειῶν
1014 789 1280 861 ζητήσεις,
1306 789 1419 851 πῶς
1447 788 1554 859 (55)

273 875 465 944 ρήτευσαν
495 877 535 928 ol
567 877 776 944 ἄγγελοι
815 877 907 931 τοῦ
950 878 1117 932 Σαοὺλ
1160 878 1429 940 σταλέντες
1468 877 1558 930 ἐπὶ

273 963 381 1027 αϐὶδ,
402 964 474 1018 καί
499 966 592 1034 μετ’
617 966 806 1030 αὐτοὺς
836 968 864 1020 6
885 966 1066 1021 Σαούλ.
1095 966 1398 1039 Γέγραπται
1423 967 1554 1037 γάρ’

283 1051 500 1122 ἀπηγγέλη
519 1051 583 1123 τῷ
603 1054 792 1117 Σαοὺλ,
814 1053 1054 1123 λέγοντες
1072 1071 1086 1085 ·
1121 1055 1247 1108 Ἰδοὺ
1267 1053 1426 1107 Δαυῖδ
1449 1053 1557 1125 (54)

273 1136 348 1190 ὂὼθ
383 1140 430 1193 ὲν
463 1139 627 1211 Ῥαμᾷ.
661 1143 770 1195 Kal
799 1143 1076 1196 ἀπέστειλε
1113 1141 1281 1197 Σαοὺλ
1306 1143 1562 1211 ἀγγέλους

273 1242 282 1271 ι
301 1225 375 1277 τὸν
391 1226 533 1284 Δαυῗδ.
551 1229 639 1281 καὶ
658 1228 864 1283 εῐδοσαν
885 1231 980 1300 τὴν
1004 1230 1284 1299 ἐκκλησίαν
1306 1229 1412 1283 τῶν
1439 1245 1563 1300 προ-

273 1330 297 1377 ι,
316 1314 393 1366 καὶ
413 1315 620 1387 Σαμουὴλ
638 1318 869 1389 εἱστήκει
894 1318 1235 1389 καθεστηκὼς
1256 1319 1340 1372 ἐπ’
1360 1318 1560 1371 αὐτῶν·

273 1404 416 1475 ἐνήθη
455 1406 530 1459 ἐπὶ
559 1408 677 1470 τοὺς
719 1408 974 1476 ἀγγέλους
1009 1392 1199 1462 Σαοὺλ)
1222 1408 1431 1478 πνεῦμα
1455 1410 1565 1462 κυ-

273 1492 346 1544 καὶ
372 1487 729 1564 προεφήτευσαν
752 1494 844 1547 καὶ
869 1494 1036 1547 αὐτοί.
1064 1495 1172 1549 Kal
1198 1495 1473 1564 ἀπηγγέλη
1490 1494 1565 1565 τῷ

273 1581 380 1637 ,καὶ
407 1581 685 1634 ἀπέστειλεν
728 1582 986 1649 ἀγγέλους
1031 1582 1264 1653 ἐτέρους,
1305 1586 1396 1638 καὶ
1432 1602 1565 1655 προ-

273 1686 373 1722 »σαν
393 1672 471 1724 καὶ
495 1672 649 1728 αὐτοί.
675 1672 785 1724 Kal
813 1671 1059 1743 ἐθυμώθη
1085 1673 1216 1744 ὀργῇ
1243 1673 1431 1738 Σαοὺλ,
1473 1675 1565 1728 καὶ

1650 522 1826 587 phetia
1849 520 1984 587 ejus,
2014 520 2265 586 quoniam
2290 534 2392 572 non
2419 528 2634 573 sanctus
2653 526 2787 580 erat,
2810 518 3013 572 etiamsi
3043 534 3165 587 pro-

1652 608 1903 675 phetarit,
1935 622 2037 661 non
2076 616 2248 660 tamen
2281 621 2346 661 ex
2372 608 2543 661 alllatu
2584 608 2810 677 Spiritus
2844 610 3009 662 sancti
3041 624 3167 679 pro-

1651 694 1896 763 pbetasse
1928 695 2239 762 Caiapbam.
2263 693 2332 748 Ut
2362 705 2536 749 autem
2564 697 2787 763 qumsitu
2814 696 3026 765 dignum
3062 708 3166 762 est,

1655 782 1920 850 quomodo
1952 783 2354 851 propltetaverit
2377 783 2659 853 Caiaphas,
2688 785 2764 839 sic
2794 786 2951 838 etiam
2983 785 3033 838 in
3060 787 3169 854 pri-

1654 886 1742 925 mo
1785 871 1985 942 Regum
2036 886 2263 941 quaeres,
2305 874 2568 941 quomodo
2604 875 2969 941 prophetarint
2999 876 3169 928 nuntii

1657 961 1833 1016 Saulis
1860 962 2005 1016 missi
2038 964 2102 1016 ad
2132 962 2403 1026 Davidem,
2429 970 2483 1016 et
2510 972 2628 1032 post
2666 969 2812 1034 ipsos
2842 964 2992 1019 Saul.
3023 965 3173 1019 Scri-

1655 1062 1801 1122 ptum
1845 1060 1928 1106 est
1960 1052 2099 1106 enim
2124 1052 2168 1084 “
2198 1069 2212 1106 :
2245 1068 2264 1103 ι
2288 1052 2350 1105 Ει
2385 1055 2680 1107 nuntiatum
2728 1064 2809 1110 est
2837 1054 2982 1109 Sauli
3023 1055 3173 1109 hisce

1657 1140 1835 1194 verbis
1861 1156 1877 1193 :
1907 1139 2044 1194 Ecce
2074 1140 2238 1193 David
2267 1149 2348 1194 est
2378 1140 2430 1194 iu
2456 1140 2646 1207 Avoth,
2680 1142 2731 1195 in
2761 1142 2950 1196 Rama.
2976 1141 3041 1195 Et
3070 1143 3171 1194 mi-

1658 1229 1727 1282 sit
1757 1228 1884 1283 Saul
1921 1229 2130 1283 nuntios
2158 1229 2246 1296 qui
2280 1229 2600 1283 adducerent
2648 1230 2916 1293 Davidem,
2949 1238 3001 1283 et
3027 1231 3174 1283 vide—

1661 1327 1782 1372 runt
1821 1333 2041 1373 cuneum
2081 1318 2475 1387 prophetarum,
2512 1327 2568 1372 et
2614 1320 2910 1372 Samuelem
2948 1327 3173 1374 stantem

1662 1408 1956 1461 antistitem
1988 1422 2149 1476 super
2176 1420 2270 1461 eos
2296 1422 2313 1472 ;
2343 1406 2619 1475 factusque
2649 1417 2731 1460 est
2758 1408 2976 1476 spiritus
2999 1409 3178 1463 Domi-

1664 1499 1716 1551 ni
1767 1512 1926 1568 super
1967 1498 2182 1551 nuntios
2220 1496 2409 1561 Saulis,
2458 1504 2515 1549 ut
2554 1507 2608 1551 et
2648 1497 2746 1567 ipsi
2785 1499 3176 1566 prophetarent.

1663 1585 2078 1653 Nuntiatumque
2108 1594 2191 1639 est
2231 1586 2396 1649 Sauli,
2428 1584 2581 1654 391
2625 1596 2679 1640 et
2709 1585 2851 1639 misit
2885 1586 3016 1641 alios
3046 1602 3180 1642 nuu-

1665 1675 1787 1737 tios,
1819 1674 1907 1741 qui
1936 1673 2093 1727 etiam
2132 1673 2228 1739 ipsi
2259 1674 2661 1742 prophetarunt.
2691 1672 2756 1725 Et
2783 1672 3069 1726 excanduit
3100 1674 3179 1726 ira

278 1756 336 1825 θη
361 1759 429 1820 εἰς
455 1756 757 1828 ’Δρμαθαῖμ,
791 1758 883 1809 καὶ
912 1738 1128 1827 ἔρχεται*
1280 1757 1372 1811 τοῦ
1401 1758 1566 1830 φρέα-
1595 1738 1636 1792 Β
1662 1763 1786 1819 Saul

1674 1763 1809 1826 Saul,
1835 1738 2221 1829 concessitque
2260 1738 2423 1815 etiam
2465 1773 2577 1828 ipse
2620 1761 2674 1814 in
2726 1762 3100 1826 Armatlueam,
3126 1773 3182 1816 et

273 1845 628 1915 ἱμεγάλου,καὶ
647 1848 786 1918 ὲντῇ
810 1846 914 1919 ὀδῷ
952 1850 1030 1911 εἰς
1064 1848 1296 1917 Σωφείμ’
1332 1850 1425 1901 καὶ
1473 1850 1568 1901 ἑπ-

273 1953 334 1998 τε,
359 1937 441 1990 καὶ
466 1933 589 1990 εἴπεο
612 1937 720 1991 Ποῦ
752 1938 1012 2009 Σαμουὴλ,
1037 1938 1128 1992 καὶ⁸
1149 1939 1336 2003 Δασίδς
1364 1938 1472 1991 Kal
1495 1934 1567 1990 εῐ-

273 2027 339 2095 i)'
396 2027 508 2080 Ἰδοὺ
545 2029 618 2091 είς
659 2026 810 2081 Δύὼθ
844 2030 901 2081 ὲν
946 2028 1135 2100 Ῥαμᾷ.
1174 2031 1282 2084 Καὶ
1309 2030 1568 2101 ἐπορεύθη

297 2115 371 2178 είς
387 2115 526 2187 alios
549 2119 603 2170 ἐν
631 2118 804 2188 Ῥαμᾷ
824 2118 962 2189 (56)’
997 2120 1089 2172 καὶ
1119 2119 1340 2189 ἐγενήθη
1366 2120 1450 2172 ἐπ’
1476 2119 1570 2173 αὐ-

273 2207 403 2277 εῦμα
427 2206 565 2271 Θεοῦ,
607 2208 700 2260 καὶ
736 2208 1019 2278 ἐπορεύετο
1062 2208 1430 2279 πορευόμενος,
1479 2210 1572 2261 καὶ

273 2295 426 2360 εύων,
455 2297 549 2360 ἕως
566 2296 732 2351 ἐλθὼν
752 2301 832 2361 εἰς
852 2299 1005 2351 Δὺὼθ
1030 2299 1086 2353 ὲν
1122 2302 1324 2371 Ῥαμᾷ·
1359 2303 1451 2354 καὶ
1489 2298 1572 2364 ἑξ-

273 2402 284 2435 ι
313 2383 378 2437 τά
406 2384 580 2454 ίμάτια
603 2385 787 2453 αὐτοῦ,
817 2388 910 2439 καὶ
934 2390 1324 2459 προεφήτευσεν
1351 2389 1574 2442 ἐνώπιον

275 2474 335 2526 λ’
369 2475 456 2527 καὶ
484 2475 636 2529 έπεσε
684 2476 886 2547 γυμνὸς
926 2477 1051 2547 ὅλην
1083 2479 1180 2549 τὴν
1205 2478 1410 2550 ἡμέραν
1438 2478 1575 2532 ἐκεί-

273 2563 293 2614 l
334 2562 456 2633 ὅλην
489 2565 581 2635 τὴν
622 2564 807 2619 νύκτα.
848 2566 945 2618 Διά
974 2567 1128 2620 τοῦτο
1158 2567 1333 2636 ἔλεγον
1354 2584 1369 2599 ο
1396 2569 1456 2620 El
1484 2568 1576 2620 καὶ

274 2669 310 2704 ;ν
339 2655 668 2724 προφήταις;
697 2672 716 2705 ›
778 2654 1099 2723 Ἀναγκαίως
1148 2656 1204 2709 δὲ
1247 2656 1447 2726 νομίζω
1484 2657 1577 2710 καὶ

273 2742 663 2811 ταρατεθεῖσθαι
694 2742 828 2814 ὑπὲρ
859 2744 947 2796 τοῦ
977 2746 1203 2814 φανῆναι
1249 2745 1365 2806 πῶς
1405 2746 1578 2816 ἁμαρα

273 2831 637 2901 οοφητεύουσι,
657 2833 749 2885 καὶ
766 2832 889 2885 πότε
898 2849 984 2904 ρον
1004 2834 1062 2896 ἐξ
1081 2834 1231 2900 ἀγίου
1252 2833 1387 2887 Πνεύ
1395 2851 1576 2903 ματος,

273 2920 401 2990 λλης
425 2920 720 2990 δυνάμεως,
747 2921 868 2974 ὅσον
888 2934 950 2989 γε
980 2922 1069 2973 ἐπὶ
1094 2921 1169 2991 τῷ
1201 2926 1486 2993 μαρτυρεῖν
1511 2926 1578 2995 τῇ

1664 1855 1806 1907 venit
1839 1867 2009 1921 usque
2056 1850 2124 1905 ad
2162 1861 2372 1919 puteum
2419 1865 2687 1920 magnum,
2712 1858 2767 1903 et
2806 1850 2870 1903 ad
2898 1850 3036 1904 viam
3063 1865 3183 1919 qua:

1665 1952 1748 1997 est
1802 1943 1854 1997 in
1903 1941 2166 2006 Sophem;
2215 1947 2269 1995 et
2309 1941 2641 2009 interrogans
2682 1939 2753 1994 ait
2790 1956 2803 1993 :
2836 1938 2935 1995 Ubi
2967 1951 3051 1994 est
3083 1941 3182 1994 Su-

1667 2034 1829 2098 muel,
1879 2040 1934 2087 et
1972 2031 2169 2085 David?
2208 2029 2275 2084 Et
2322 2030 2611 2084 dixerunt:
2640 2030 2775 2084 Ecce
2818 2030 2870 2081 in
2915 2030 3086 2083 Avotb
3126 2030 3183 2084 in

1668 2123 1852 2176 Rama.
1884 2121 1947 2174 Et
1969 2120 2210 2175 concedit
2230 2120 2374 2173 illinc
2401 2119 2451 2172 in
2469 2117 2639 2172 Avotb
2667 2119 2721 2173 in
2750 2118 2915 2172 Rama
2944 2134 2957 2169 :
2981 2118 3186 2174 lactus-

1669 2225 1772 2281 que
1808 2220 1890 2265 est
1920 2210 2138 2278 spiritus
2174 2207 2377 2263 Domini
2410 2220 2570 2273 super
2596 2220 2738 2268 eum,
2767 2216 2821 2260 et
2852 2207 3026 2261 eundo
3054 2209 3183 2271 ibat,

1670 2310 1829 2368 atque
1872 2298 2243 2367 propltetabat,
2279 2297 2449 2350 donec
2494 2310 2613 2349 cum
2660 2295 2893 2349 venisset
2934 2295 2987 2349 in
3012 2296 3187 2352 Avoth

1671 2391 1723 2444 in
1755 2390 1938 2453 Rama,
1965 2388 2141 2443 exutis
2159 2386 2490 2441 vestimentis
2521 2385 2630 2439 suis
2652 2384 2981 2453 prophetavit
3008 2399 3187 2438 coram

1672 2479 1950 2544 Samuele;
1996 2488 2051 2532 et
2102 2476 2329 2546 procidit
2364 2474 2539 2529 nudus
2572 2483 2681 2527 tota
2724 2473 2811 2526 illa
2844 2473 2953 2537 die,
2991 2483 3046 2528 et
3080 2483 3190 2528 tota

1673 2579 1846 2624 nocte.
1896 2567 2029 2621 Hinc
2063 2568 2257 2622 dicitur
2286 2584 2301 2619 :
2330 2564 2465 2618 Num
2511 2574 2566 2618 et
2610 2563 2739 2617 Saul
2783 2564 2918 2617 inter
2966 2564 3193 2633 prophe-

1673 2660 1799 2714 tas?
1823 2679 1841 2710 ι
1873 2659 1993 2713 Haec
2020 2671 2148 2711 vero
2173 2656 2475 2712 necessario
2507 2655 2743 2724 apposita
2777 2654 2940 2708 fuisse
2970 2669 3110 2714 reor.
3133 2661 3192 2706 ut

1675 2750 1901 2803 clarerct
1945 2754 2254 2816 peccatores
2285 2756 2496 2813 quoque
2536 2742 2888 2812 pr0phetare;
2928 2750 2981 2795 et
3014 2751 3191 2793 utrum

1677 2847 1739 2887 ex
1791 2830 1991 2900 Spiritu
2036 2839 2239 2893 sancto,
2282 2844 2350 2882 an
2395 2843 2460 2882 ex
2506 2829 2610 2881 alia
2647 2829 2879 2897 potentia
2913 2842 3015 2881 non
3046 2841 3195 2879 tuen-

1682 2919 1862 2986 tiente,
1891 2927 2145 2988 quantum
2198 2919 2261 2972 ad
2300 2917 2684 2971 testiﬁcandum
2725 2917 2932 2969 veritati
2980 2915 3193 2979 attinet,

273 3050 276 3063 .
330 3010 406 3080 μὴ
438 3010 788 3080 ψευδομένης.
844 3011 1008 3064 Πάλιν
1034 3028 1092 3064 τε
1120 3008 1184 3064 αὖ
1218 3014 1274 3064 ὲν
1301 3014 1366 3082 τῇ
1397 3011 1581 3083 πρώτῃ
1607 3028 1652 3089 C
1680 3009 1734 3061 lii
1761 3022 1781 3076 ς

1687 3009 1734 3061 hi
1761 3009 2095 3076 prophetent.
2119 3006 2450 3072 Rursumque
2476 3005 2525 3055 in
2555 3002 2727 3070 primo
2751 3001 2947 3069 Regum
2967 3000 3013 3031 "
3046 3001 3195 3053 iuve-

275 3097 478 3152 τιλειῶν
536 3100 872 3175 εύρίσκονται
910 3102 958 3154 οἱ
1005 3101 1115 3155 τῶν
1154 3101 1380 3154 εἰδώλων
1444 3102 1579 3172 μάν-

277 3189 610 3252 ιδεικνύντες
651 3191 719 3242 τὰ
752 3191 878 3261 περὶ
922 3191 1018 3260 τῆς
1065 3190 1313 3254 κιϐωτοῦ,
1347 3191 1437 3244 καὶ
1480 3192 1579 3255 ὅτι,

284 3297 314 3340 ς
347 3279 796 3349 πρωτοτοκοῦσαι
840 3279 971 3350 (57),
997 3280 1095 3350 τὴν
1142 3280 1258 3332 ὁδὸν
1295 3279 1466 3351 Ἰησοῦ
1489 3278 1583 3331 τοῦ

281 3368 441 3419 σαίου
474 3367 803 3438 πορευθῶσι,
839 3366 1183 3438 σημαίνουσιν
1211 3368 1316 3421 ἀπὸ
1338 3368 1468 3421 Θεοῦ
1495 3386 1585 3438 γε·-

283 3458 362 3528 ὴν
410 3457 642 3527 πληγὴν
676 3459 787 3520 τοῖς
815 3456 1178 3519 Φυλιστιαίοις.
1214 3457 1344 3510 Οὐδὲ
1368 3458 1436 3510 τὰ
1462 3458 1587 3530 περὶ

285 3545 604 3617 reply.qu
649 3546 741 3599 καὶ
777 3545 867 3599 τὸν
909 3546 1152 3616 Σαμουὴλ
1195 3548 1251 3600 ὲν
1276 3550 1385 3609 τοῖς
1408 3548 1588 3611 τόποις

287 3635 745 3707 ιρασιωπητέον,
781 3635 873 3703 ἀφ’
911 3629 983 3691 ὧν
1013 3635 1208 3705 ἔμαθεν
1235 3637 1263 3689 6
1297 3636 1483 3699 Σαοὺλ,
1507 3638 1586 3689 ὅτι

289 3726 509 3796 μελλεν
538 3726 663 3795 ἅμα
691 3726 804 3788 τοῖς
824 3726 956 3789 υἱοῖς
991 3725 1429 3795 ἀναιρεθήσεσθαι
1458 3724 1589 3795 ἠμέ-

315 3817 580 3888 ἁκριϐὲς
612 3819 672 3870 ὲν
698 3820 809 3879 τοῖς
835 3816 1015 3878 τόποις
1044 3815 1228 3884 ὄψεται
1250 3816 1278 3867 6
1303 3815 1588 3885 δυνάμενος

317 3904 473 3975 περὶ
526 3904 809 3973 διαφόρων
852 3902 1150 3972 δυνάμεων,
1201 3902 1449 3972 χειρόνων
1498 3903 1591 3954 καὶ⁹

295 4011 336 4056 ι,
366 3995 426 4046 εί
465 3992 535 4045 δὲ
559 3992 665 4045 καὶ
685 3988 791 4044 εἶέν
814 4008 954 4053 τινες
977 3991 1195 4059 μεταξὺ,
1223 3991 1455 4061 καὶπερὶ
1473 3989 1592 4042 τούς-

297 4101 320 4135 :
373 4099 446 4134 τε
484 4078 568 4134 αὖ
602 4083 637 4133 6
667 4080 977 4150 βουλόμενος
1004 4080 1110 4132 ἀπὸ
1155 4080 1388 4149 χείρονος
1431 4079 1592 4133 δυνά-

299 4170 740 4240 τεφητευκέναι
765 4168 854 4221 τὸν
887 4168 1152 4237 Καϊάφαν,
1188 4169 1345 4239 φησὶν
1371 4169 1469 4233 ὅτι,
1501 4169 1592 4221 ού-

301 4260 399 4323 ξόν
428 4259 575 4310 ἐστι
602 4256 845 4328 πονηρὰν
865 4255 1085 4325 δύναμιν
1109 4257 1275 4309 ταῦτα
1299 4257 1588 4328 εἰρηκέναι,

322 4348 552 4417 πάντη
591 4346 812 4414 ἀγνοῶν
842 4348 933 4399 καὶ
963 4346 991 4398 6
1017 4346 1251 4410 διάϐολος
1286 4348 1589 4416 εὑρίσκεται
1620 4330 1663 4384 D

307 4453 413 4488 rea
453 4434 654 4498 Θεοῦ,
687 4436 745 4490 ὲν
775 4438 885 4497 τοῖς
924 4434 1302 4506 ἀναγραφεῖσιν
1337 4437 1440 4489 ὑπὸ
1482 4438 1589 4491 τῶν

307 4524 380 4576 ὃν
424 4523 729 4593 εἰρῆσθαι
770 4523 860 4576 ὑπ’
889 4522 1047 4576 αὐτοῦ
1077 4525 1208 4593 πρὸς
1242 4524 1332 4577 τὸν
1367 4524 1585 4595 Κύριον.

309 4630 324 4665 ι
341 4613 469 4665 καὶ
493 4610 761 4681 πονηρία
775 4627 858 4673 τις
870 4608 1103 4663 ἔκκειται
1118 4613 1249 4682 (57⁸)
1264 4616 1328 4683 τῇ
1347 4613 1591 4684 ἐνεργού-

339 4699 579 4753 ταῧτοι
603 4697 1042 4769 προφητεύεσθαι
1066 4701 1192 4770 περὶ
1210 4701 1299 4753 τοῦ
1321 4701 1586 4771 Σωτῆροςο

322 4786 418 4861 ἦν
455 4790 642 4859 αὐτῇ
673 4788 734 4841 οὐ
760 4788 821 4839 τὸ
852 4788 1221 4857 πιστοποιῆσαι
1251 4790 1371 4852 τοὺς
1396 4793 1593 4861 ἀκροω-

315 4883 320 4897 ”
357 4879 679 4952 ἐρεθίσαι
702 4876 830 4939 τοὺς
858 4876 916 4928 ὲν
949 4875 1026 4946 τῷ
1053 4879 1303 4950 συνεδρίῳ
1331 4881 1593 4951 ἀρχιερεῖς

319 5035 465 5083 nx,
509 5015 605 5071 19
652 5028 767 5081 seq.

322 5110 479 5162 οὐκ
507 5100 670 5156 ἀπὸ
689 5098 1057 5168 ἐμπνεύσεῳς
1078 5102 1413 5168 Πνεύματος
1427 5103 1594 5168 ἁγίου

323 5193 453 5230 ρεν,
499 5172 673 5225 Haec
708 5164 765 5219 in
797 5165 971 5235 codice
994 5164 1180 5235 Regio,
1213 5164 1274 5221 ac
1297 5164 1515 5235 proinde
1538 5170 1592 5224 in

331 5239 835 5300 desiderantur,
859 5231 946 5300 sed
969 5231 1184 5300 exstant
1210 5235 1262 5286 in
1292 5231 1589 5292 Bodleiano.

327 5297 849 5379 ἆροεεεήτευρε
860 5297 1168 5379 ’Καζάφᾳςκ
1208 5302 1363 5379 of)“:
1398 5306 1594 5379 mi},-

327 5367 490 5436 τῶν
542 5367 1237 5436 ⁷Βασμὶειῶνς-ζητήσεις
1279 5369 1422 5433 πῶς.
1474 5372 1595 5428 llaec

329 5432 529 5506 idice
580 5433 783 5503 Regio
818 5432 1221 5502 desiderantur,
1254 5440 1350 5493 sed
1386 5432 1595 5495 exstant

333 5584 446 5643 στ’
484 5576 604 5628 αὐ
614 5567 775 5643 ζοὺς
801 5567 835 5643 ᾇ
856 5568 1057 5643 ξιξούλ.
1103 5572 1441 5643 Γέγραπται
1465 5575 1593 5642 γάρ.

335 5633 399 5722 ἦ
423 5643 550 5709 τῷ
592 5633 840 5701 Σαοὺλ,
870 5633 1165 5705 λέγοντι-ς’
1200 5633 1379 5726 Ἶδοὺ.
1400 5633 1589 5697 Δαύῗδ.

1681 3098 1897 3149 uiuntur
1950 3094 2207 3149 idolorum
2254 3101 2422 3155 vates,
2470 3091 2810 3146 ostendentes
2836 3089 2902 3142 de
2929 3103 3073 3153 arca,
3102 3086 3199 3142 de-

1679 3184 2085 3250 nuntiantesque
2109 3180 2446 3243 Philisthteis,
2478 3178 2617 3246 quod
2646 3177 2691 3231 si
2719 3176 2920 3231 bucula:
2947 3178 3200 3231 lactentes

1681 3268 1733 3321 in
1761 3269 1900 3321 viam
1934 3266 2325 3321 ambulaverint
2346 3264 2467 3319 Jesu
2493 3265 2871 3326 Betbsamusas,
2904 3264 3075 3318 sciant
3097 3263 3201 3318 sibi

1682 3373 1712 3411 a
1755 3358 1861 3412 Deo
1911 3356 2103 3409 iactant
2148 3353 2310 3408 fuisse
2343 3354 2568 3423 plagam.
2597 3352 2675 3406 Ac
2717 3366 2782 3405 ne
2831 3354 2954 3406 illud
2987 3354 3199 3422 quidem

1682 3448 1749 3501 de
1778 3446 1998 3501 muliere
2040 3447 2266 3499 habente
2302 3444 2543 3511 spiritum
2588 3441 2865 3513 Pythonis,
2890 3444 3056 3519 deque
3103 3440 3202 3496 Sa-

1684 3537 1854 3591 muele
1886 3538 1937 3589 in
1961 3536 2044 3589 his
2074 3535 2202 3588 locis
2232 3534 2557 3587 reticendum
2595 3542 2680 3586 est
2705 3550 2718 3585 :
2740 3547 2803 3585 ex
2834 3533 3029 3600 quibus
3054 3532 3198 3588 didi.

1684 3628 1758 3681 cit
1787 3625 1912 3680 Saul
1955 3625 2209 3687 futurum,
2243 3631 2301 3675 ut
2325 3633 2539 3691 postero
2569 3621 2652 3675 die
2683 3636 2800 3676 cum
2847 3621 2966 3676 ﬁliis
3001 3622 3205 3676 interﬁ-

1685 3725 1896 3771 ceretur
1918 3714 1963 3745 ⁸³
1988 3730 2003 3767 :
2027 3727 2250 3782 quorum
2280 3710 2515 3763 locorum
2559 3722 2866 3764 accuratam
2904 3714 3202 3779 intelligen-

1686 3810 1811 3860 tiam
1837 3807 1882 3860 is
1906 3805 2115 3857 visurus
2136 3813 2236 3868 εει,
2267 3805 2354 3869 qui
2387 3805 2649 3856 disserere
2676 3809 2849 3868 potest
2892 3803 2955 3854 dc
2981 3804 3204 3856 diversis

1686 3892 1957 3963 potentiis,
1991 3899 2102 3944 tum
2129 3890 2285 3943 bonis
2319 3897 2425 3941 tum
2455 3888 2625 3949 malis,
2662 3898 2820 3954 atque
2842 3889 2906 3940 de
2933 3888 3012 3940 liis
3040 3890 3203 3942 etiam

1688 3999 1804 4052 quae
1833 3983 1973 4035 inter
2002 3981 2096 4034 has
2123 3978 2306 4033 media:
2332 3988 2475 4041 sunt,
2502 3978 2542 4030 si
2569 3991 2686 4045 quae
2712 3986 2856 4029 sunt.
2890 3975 3095 4031 Rursus
3110 3979 3203 4043 qui

1688 4072 1814 4125 velit
1885 4069 2172 4137 Caiapltam
2224 4068 2568 4135 prophetasse
2618 4064 2666 4115 vi
2728 4064 2973 4128 potentia:
3022 4065 3205 4129 malae,

1689 4161 1924 4215 dicturus
1956 4168 2037 4212 est
2087 4157 2159 4211 nil
2203 4158 2393 4210 mirum
2420 4170 2558 4219 esse,
2582 4155 2626 4207 si
2662 4153 2797 4205 mala
2825 4154 3058 4222 potentia
3096 4153 3208 4212 haec

1692 4251 1905 4313 dixerit,
1931 4248 2355 4316 quandoquidem
2383 4246 2679 4299 inveniatur
2700 4242 2941 4297 diabolus
2960 4258 3060 4296 non
3089 4259 3209 4297 utn-

1690 4343 1815 4395 nino
1845 4342 2089 4408 ignorare
2128 4336 2309 4392 Jesum
2346 4337 2545 4389 dictum
2587 4334 2752 4387 fuisse
2785 4334 2835 4386 in
2883 4333 2966 4386 his
2997 4348 3115 4402 quae
3142 4335 3210 4387 ab

1689 4429 2027 4495 evangelistis
2048 4434 2171 4480 sunt
2204 4427 2422 4495 scripta,
2447 4424 2636 4477 Filium
2670 4422 2763 4478 Dei
2788 4437 2925 4488 esse,
2952 4438 3070 4478 cum
3102 4424 3211 4491 ipse

1688 4519 1993 4587 loqueretur
2041 4516 2107 4569 ad
2161 4514 2463 4569 Dominum.
2519 4512 2669 4567 Dicet
2728 4522 2902 4566 autem
2956 4511 3211 4566 malitiam

1689 4608 1847 4660 etiam
1882 4604 2161 4673 quamdam
2186 4603 2361 4659 inesse
2387 4602 2441 4654 in
2474 4600 2707 4669 potentia
2730 4609 2983 4668 operante
3017 4611 3074 4656 ut
3098 4602 3212 4656 haec

1690 4700 1755 4752 de
1806 4696 2090 4749 Servature
2120 4694 2600 4762 prophetareutur:
2628 4692 2822 4760 quippe
2867 4693 2954 4746 cui
3019 4707 3212 4760 scopas

1693 4796 1835 4841 esset
1862 4801 1967 4840 non
1992 4783 2177 4838 ﬁdeles
2201 4781 2377 4837 facere
2404 4782 2699 4844 auditores,
2723 4782 2815 4835 sed
2862 4795 3100 4835 summos
3122 4796 3210 4834 sa-

1694 4878 1935 4933 cerdotes
1974 4873 2391 4943 Pharisaeosque,
2428 4872 2516 4942 qui
2552 4879 2911 4927 convenerant
2948 4871 3000 4923 in
3035 4874 3212 4925 com-i-

873 5012 919 5044 ¹¹
950 5011 1117 5081 iReg.
1150 5030 1225 5081 γι,
1257 5017 1310 5071 9.
1383 5016 1428 5047 ⁸³
1454 5016 1475 5071 l
1501 5017 1630 5083 Reg.
1666 5025 1857 5072 xxvtu,
1884 5009 1967 5063 l9.

1696 5104 2000 5224 llaepkiﬁam
2031 5104 2086 5157 in
2114 5105 2292 5160 codice
2318 5103 2483 5174 Regio
2506 5105 2699 5159 omissa
2721 5115 2863 5170 sunt,
2894 5107 2985 5161 sed
3011 5119 3218 5166 exstant

1696 5189 1746 5224 in
1915 5188 2082 5224 eiano.
2239 5222 2245 5224 _
2695 5205 2718 5224 .

1696 5189 1746 5224 111
1789 5188 2082 5225 ηουιεθιιιηο.

1767 5239 1873 5307 (55)
1907 5238 2080 5293 Codex
2112 5239 2326 5305 Regius,
2368 5239 2532 5293 εἶπεν.
2822 5305 2831 5307 _
3182 5272 3193 5279 -

1766 5305 1874 5377 (36)
1911 5308 2016 5377 Kal
2048 5308 2328 5377 ἐπορεύθη
2366 5305 2890 5377 ἐκεῖθεις-ειςᾼὺὼθ
2916 5309 2983 5360 ἐν
3026 5309 3215 5376 Ῥαμᾷ.

1697 5372 1816 5430 Haec
1846 5372 2207 5429 desiderantur
2235 5374 2287 5426 in
2320 5372 2547 5429 editione
2574 5372 2768 5427 Huctii.

1765 5443 1871 5514 (57)
1915 5441 2404 5514 Πρωτοτοκοξσαι.
2445 5444 2531 5497 Sic
2576 5457 2673 5495 nos
2710 5455 2831 5493 cum
2870 5441 3095 5506 liuctio;
3134 5444 3220 5496 alii

1695 5510 2199 5582 πρωτοτοκεύουσαι.
2237 5510 2380 5582 lion.

1698 5576 1894 5704 E'D(57‘)
1928 5580 2233 5632 Ἐκκειτιιι.
2260 5576 2567 5649 chendum
2582 5576 2793 5632 videtur
2818 5589 2942 5632 esse
2969 5578 3203 5644 ἐγκειται

1777 5664 1845 5701 ιτ.

1777 5664 1845 5701 IT.
