3820 6206
1046 368 1382 425 COMMENT.
1425 369 1490 422 IN
1529 370 1713 425 JOAN.
1753 369 1979 424 TOMUS
2013 365 2241 422 XXVIII.

3119 373 3223 425 7‘32

285 479 318 514 το
349 463 382 516 δ’
420 464 534 542 οἶμαι
575 481 668 532 καὶ
718 484 806 536 τὸν
857 483 1057 535 Παῦλον
1110 484 1376 552 εἰρηκέναι
1420 485 1612 547 οὕτως·
1645 492 1690 546 Α
1715 496 1793 539 cal

1722 496 1886 539 catum
1939 499 2042 536 non
2093 483 2256 547 fecit,
2308 501 2476 554 neque
2548 487 2785 538 intentus
2843 492 2921 537 est
3004 486 3054 538 in
3137 500 3230 537 ore

285 557 335 610 'bv
376 558 431 630 μὴ
469 566 630 630 γνόντα
662 571 926 642 ἁμαρτίαν
969 572 1102 642 ὑπὲρ
1148 572 1297 641 ἡμῶν
1349 574 1616 644 ἁμαρτίαν

285 651 408 720 ἵησεν,
438 652 503 705 ἵνα
532 658 674 724 ἡμεῖς
721 659 995 728 γενώμεθα
1039 660 1342 729 δικαιοσύνη
1389 662 1518 713 Θεοῦ
1546 664 1617 714 ’ὲν

285 741 330 810 ξι·
380 759 395 792 ι
442 744 668 815 ἁμαρτίαν
716 755 820 818 γαρ
870 749 1028 802 αὑτὸν
1065 749 1331 818 ἐποίησεν,
1363 747 1500 814 εἷπε,
1545 751 1618 820 μὴ

285 832 452 902 ’ταμίη
473 834 731 905 ἁμαρτίαν,
767 837 841 906 τῷ
884 839 1044 908 μηδὲν
1075 841 1232 894 αὑτὸν
1271 841 1618 910 ἡμαρτηκότα

285 925 458 976 πάντων
473 926 710 994 ἁμαρτίας
737 929 1096 998 ἀνειληφέναι,
1127 931 1219 983 καὶ
1243 932 1290 983 εί
1322 931 1401 982 δεῖ
1424 931 1618 1002 τολμή-

289 1029 318 1064 α
347 1016 502 1076 εἰπεῖν,
541 1017 698 1085 πολλῷ
740 1019 934 1086 μᾶλλον
975 1020 1080 1072 τῶν
1115 1020 1415 1073 ἀποστόλων
1457 1018 1614 1072 αὑτοῦ

285 1104 492 1172 κάθαρμα
512 1106 650 1158 αὐτὸν
683 1109 774 1160 τοῦ
809 1110 1005 1179 κόσμου
1037 1111 1330 1177 γεγονέναι,
1368 1112 1460 1164 καὶ
1485 1112 1616 1164 πάνυ

285 1201 513 1269 περίψημα
533 1199 624 1251 τῶν
661 1201 944 1253 εἰπόντων·
986 1221 1003 1251 ι
1049 1201 1132 1263 Ὦς
1175 1201 1617 1271 περικαθάρματα

287 1290 463 1358 κόσμου
505 1291 812 1360 ἐγενήθημεν
830 1330 845 1352 ,
911 1291 1120 1343 πάντων
1191 1291 1466 1360 περίψημα
1514 1290 1615 1352 ἕως

315 1396 330 1427 ι
366 1379 479 1444 Περὶ
511 1379 558 1430 δὲ
593 1379 682 1430 τοῦ
713 1379 982 1441 πολλάκις,
1011 1380 1432 1448 ἐπικρατούντων
1460 1377 1613 1430 τινῶν

285 1467 364 1518 τῶν
379 1469 428 1518 ἐν
441 1467 506 1536 τῷ
517 1467 610 1518 τῶν
625 1467 718 1519 ἀνθ
726 1467 913 1537 ρώπων
928 1469 1088 1534 γένει,
1100 1463 1205 1519 οἷον
1221 1467 1436 1536 λοιμῶν,
1455 1469 1485 1536 ἢ
1501 1469 1615 1518 ἐπι-

285 1559 328 1610 ὂν
359 1558 610 1627 νηνεμιῶν,
637 1558 668 1627 ἢ
697 1558 883 1626 λιμῶν,
913 1557 1124 1609 λύεσθαι
1139 1557 1445 1620 τὰτοιαῦτα,
1460 1559 1612 1610 οἱονεὶ

286 1648 524 1715 γουμὲνου
548 1646 632 1698 τοῦ
662 1647 996 1716 ἐνεργοῦντος
1027 1648 1160 1699 αὐτά
1201 1648 1428 1717 πονηροῦ
1455 1647 1610 1700 πνεύ-

285 1777 297 1797 ,
328 1737 407 1788 διὰ
434 1737 487 1788 τὸ
514 1737 684 1789 ἐαυτόν
714 1755 832 1789 τινα
877 1737 1011 1805 ὑπὲρ
1048 1737 1137 1789 τοῦ
1175 1738 1348 1790 κοινοῦ
1394 1738 1606 1802 διδόναι,

1715 575 1828 641 ejus
1884 577 2033 627 dolus
2056 573 2164 636 ⁸³,ι
2220 590 2390 642 neque
2441 575 2656 644 agnovit
2729 583 3023 641 peccatum.
3083 574 3228 628 Hauc

1715 667 1872 718 etiam
1895 664 1964 718 ob
1987 678 2199 717 causam
2224 666 2412 731 opinor
2447 665 2660 718 Paulum
2695 665 2776 719 sic
2803 665 2998 719 dixisse
3033 666 3229 737 :393

1719 773 1738 804 ι
1785 755 1938 816 Ευιιι,
1986 756 2072 822 qui
2129 768 2232 806 non
2282 756 2427 806 novit
2482 765 2779 820 peccatum,
2806 767 2901 820 pro
2923 755 3226 820 nobispec-

1715 854 1888 897 catum
1935 843 2081 905 fecit,
2121 863 2138 892 ι
2181 843 2354 904 Deus;
2388 859 2406 892 ι
2442 852 2497 892 ut
2538 856 2634 894 nos
2663 839 2989 896 eﬂiceremur
3019 840 3229 908 justitia

1718 933 1805 987 Dei
1837 935 1888 986 in
1925 935 2038 1000 ipso
2059 935 2143 984 “z
2176 951 2194 982 ι
2228 941 2501 1000 peceatum
2541 933 2708 998 enim,
2748 933 2900 995 dixit,
2943 911 3116 1002 ipsum
3156 933 3230 985 le-

1713 1023 1804 1086 cit,
1839 1023 1925 1088 qui
1974 1031 2243 1088 peccatum.
2288 1036 2394 1074 non
2433 1021 2596 1082 novit,
2631 1021 2752 1089 quia
2792 1037 2908 1074 cum
2947 1023 3058 1090 ipse
3094 1022 3226 1076 nihil

1714 1111 1908 1177 peccati
1933 1109 2301 1173 commisisset,
2341 1111 2574 1162 omnium
2602 1110 2651 1162 in
2680 1125 2736 1163 se
2769 1119 2981 1176 peccata
3013 1124 3230 1178 recepe-

1715 1201 1891 1262 rit;et
1915 1199 1960 1252 si
1993 1199 2250 1252 audacius
2283 1198 2422 1266 loqui
2465 1199 2761 1251 audendum
2797 1209 2898 1264 est,
2929 1199 3092 1252 multo
3118 1213 3230 1250 ma-

1711 1289 1791 1358 gis
1814 1304 1968 1356 quam
1998 1290 2172 1342 caeteri
2203 1289 2286 1343 sui
2317 1288 2564 1356 apostoli,
2605 1296 3003 1357 purgamentum
3046 1289 3229 1342 mundi

1711 1379 1884 1432 factus
1918 1377 2077 1431 fuerit
2113 1377 2596 1445 rejectamentaque
2629 1379 2861 1430 omnium
2895 1378 3179 1431 dicentium
3207 1395 3222 1430 :

1715 1485 1734 1517 ι
1763 1467 1922 1533 Quasi
1963 1476 2302 1536 purgamenta
2338 1467 2520 1518 mundi
2565 1466 2694 1518 facti
2726 1481 2939 1532 sumus;
2986 1468 3228 1520 omnium

1710 1557 2079 1622 rejeetamenta
2112 1570 2279 1623 usque
2304 1555 2517 1608 nunc".
2541 1575 2559 1606 ι
2589 1555 2740 1620 Quod
2775 1567 2949 1615 autem
2982 1556 3225 1622 frequen-

1710 1651 1790 1695 ter
1821 1643 2262 1695 invaleseeutibus
2285 1641 2437 1695 rebus
2466 1643 2780 1710 quibusdam
2812 1644 3034 1712 asperis,
3061 1645 3224 1697 veluti

1708 1743 1874 1798 peste,
1901 1731 1981 1782 vel
2007 1731 2163 1793 fame,
2190 1731 2271 1783 vel
2311 1731 2493 1782 uocuis
2524 1743 2797 1784 ventorum
2827 1733 3225 1800 agitationibus,

285 1840 295 1875 ι
328 1825 552 1894 φέρονται
599 1825 874 1893 Ἑλλήνων,
915 1826 1006 1877 καὶ
1043 1825 1324 1895 βαρϐάρων
1363 1826 1605 1895 ἱστορίαι,
1639 1814 1679 1866 Β
1707 1822 1759 1872 in

1713 1822 1759 1872 in
1805 1821 2073 1872 hominum
2111 1834 2322 1888 genere,
2359 1819 2631 1872 solvantur
2659 1821 2788 1886 haec,
2822 1822 3038 1885 abolito,
3077 1824 3221 1876 verbi

285 1914 364 1983 ερὶ
409 1913 491 1965 τοῦ
533 1914 758 1967 τοιούτου
809 1914 1010 1966 ἔννοιαν
1058 1915 1154 1966 οὐκ
1201 1916 1604 1981 ἀποπτυόντων,

286 2002 748 2071 ποδοκιμαζόντωνο
783 2003 1006 2073 πότερον
1047 2005 1139 2073 μὲν
1166 2001 1256 2057 οὖν
1298 2006 1466 2076 ἀληθῆ
1496 2009 1606 2058 ἐστι

285 2093 466 2162 ιῦτα,ἢ
495 2093 580 2162 μὴ,
607 2094 666 2145 οὑ
693 2095 782 2145 τοῦ
823 2095 1081 2164 παρόντος
1113 2096 1225 2146 ἐστὶ
1254 2096 1444 2165 καιροῦ
1491 2097 1604 2164 μετ’

285 2200 383 2244 εως
420 2183 690 2235 διαλαϐεῖν.
741 2185 882 2251 Πλὴν
922 2187 949 2236 ό
983 2184 1271 2252 δυνάμενος
1312 2185 1448 2252 ὑπὲρ
1489 2185 1606 2238 ὅλου

285 2291 312 2332 ι,
346 2272 426 2324 ἵνα
454 2274 552 2334 πᾶς
578 2273 605 2323 ὁ
631 2273 829 2341 κόσμος
853 2273 1113 2342 καθαρθῇ,
1145 2273 1492 2336 ἀναδέξασθαι
1517 2276 1606 2327 ἐπὶ

285 2361 361 2430 ιίῳ
385 2361 558 2424 αὐτοῦ,
597 2361 920 2430 ἀπολομένου
948 2362 1033 2420 ἂν,
1063 2364 1108 2414 εἰ
1149 2362 1220 2432 μὴ
1247 2361 1519 2428 ἀνεδέξατο
1545 2362 1604 2416 τὸ

286 2450 408 2503 ύτοῦ
439 2450 734 2513 ἀποθανεῖν,
767 2449 886 2501 οὔτε
921 2450 1190 2520 ἱστόρηται
1221 2449 1450 2514 πώποτε,
1483 2449 1602 2503 οὔτε

285 2541 426 2608 ὶῆναι
460 2533 694 2602 δύναται,
741 2540 900 2608 μόνου
961 2539 1128 2609 Ἰησοῦ
1173 2538 1234 2591 τό
1264 2539 1474 2592 πάντων
1506 2540 1605 2602 τῆς

286 2647 347 2691 ας
390 2629 598 2698 φορτίον
637 2631 694 2680 ἐν
743 2628 819 2697 τῷ
869 2629 1004 2698 ὑπὲρ
1055 2628 1159 2680 τῶν
1195 2629 1328 2681 ὅλων
1375 2647 1393 2679 ι
1444 2630 1606 2699 χωρὶς

297 2718 508 2788 σταυρῷ
545 2718 824 2772 ἀναλαϐεῖν
869 2721 948 2779 είς
986 2717 1190 2779 ἑαυτὸν,
1225 2719 1316 2769 καὶ
1349 2718 1604 2787 βαστάσαι

285 2811 374 2879 iis”
410 2810 572 2862 αὑτοῦ
608 2809 748 2878 ἰσχύϊ
774 2808 1142 2877 δεδυνημένου.
1175 2809 1284 2860 Καὶ
1319 2809 1424 2878 γὰρ
1457 2805 1606 2871 οὗτος

286 2902 451 2969 πιστή
462 2916 574 2968 μων
603 2895 668 2969 ἦν
693 2898 784 2950 τοῦ
815 2899 995 2968 φέρειν
1024 2898 1306 2967 μαλακίαν,
1342 2897 1414 2960 ὥς
1446 2915 1603 2966 φησιν

285 2988 404 3054 ῗτης
447 2988 689 3052 Ἡσαΐας,
719 2987 902 3054 λέγων’
937 3004 956 3036 ι
996 2987 1302 3055 Ἀνθρωπος
1340 2989 1395 3038 έν
1425 2986 1598 3056 πληγῇ

293 3075 448 3136 είδὼς
476 3075 662 3145 φέρειν
697 3075 979 3144 μαλακίαν.
1032 3093 1049 3125 ι
1095 3076 1200 3126 Καὶ
1237 3071 1384 3137 οὗτός
1411 3091 1473 3141 γε
1507 3077 1597 3138 τὰς

285 3179 327 3224 ις
375 3141 761 3231 ήμῶντωαϐε,
814 3165 909 3215 καὶ
951 3163 1340 3231 μεμαλάκισται
1381 3163 1468 3215 διὰ
1505 3162 1600 3224 τὰς
1625 3141 1668 3197 c

301 3251 482 3320 ἡμῶν,
511 3253 607 3304 καὶ
639 3254 671 3320 ή
695 3251 1004 3322 ὀφειλομένη
1036 3254 1163 3321 ἡμῖν
1185 3254 1264 3313 είς
1296 3252 1356 3302 τὸ
1381 3253 1599 3304 παιδευ-

285 3342 328 3392 ιὶ
353 3342 583 3410 είρήνην
607 3341 884 3393 ἀναλαϐεῖν
906 3341 1120 3402 κόλασις
1145 3341 1227 3391 ἐπ’
1263 3340 1419 3393 αὐτόν
1451 3340 1601 3408 γεγέ-

286 3431 409 3483 χῦτω
439 3430 554 3498 γὰρ
599 3430 777 3483 ἀκούω
816 3430 1014 3482 τούτων
1035 3447 1048 3459 ο
1081 3448 1098 3480 ι
1131 3429 1349 3481 Παιδεία
1385 3431 1600 3500 εἰρήνης

285 3519 305 3564 τ’
355 3517 549 3572 αὐτόν.
591 3537 610 3568 ι
648 3518 797 3587 Τάχα
835 3518 890 3570 δὲ
927 3519 1038 3580 καὶ,
1073 3518 1192 3569 ἐπεὶ
1217 3536 1234 3567 ‹
1267 3517 1341 3586 τῷ
1381 3517 1598 3586 μώλωπι

285 3610 398 3668 ιεῖς
435 3606 692 3676 ίάθημεν,
735 3625 753 3657 ι
791 3607 1034 3675 εἴποιμεν
1063 3605 1128 3659 ἂν
1164 3608 1211 3657 οἱ
1249 3606 1500 3670 ίαθέντες,
1535 3609 1599 3661 ἐκ

286 3693 393 3763 ροῦ
421 3692 678 3755 ἐλθόντος
700 3691 843 3761 αὐτῷ
871 3691 962 3743 τοῦ
989 3691 1261 3761 μώλωπος,
1290 3691 1365 3742 τόο
1399 3708 1416 3740 ι
1453 3691 1600 3760 Ἐμοὶ

285 3798 427 3834 ιοιτο
447 3780 781 3849 καυχᾶσθαι,
801 3781 848 3832 εἰ
879 3780 952 3849 μὴ
977 3781 1032 3830 ἐν
1051 3779 1126 3847 τῷ
1153 3778 1360 3848 σταυρῷ
1381 3779 1471 3831 τοῦ
1495 3782 1597 3831 Κυ-

285 3886 332 3919 ιν
361 3867 556 3936 Ἰησοῦ
595 3865 849 3936 Χριστοῦ,
875 3868 938 3918 δι’
969 3862 1028 3919 οῦ
1057 3867 1174 3934 ἐμοὶ
1196 3866 1389 3934 κόσμος
1413 3866 1597 3918 ἐσταύ-

286 3957 424 4024 ἀγὼ
459 3955 545 4024 τῷ
587 3956 790 4023 κόσμῳ.
839 3973 856 4005 ι
889 3955 1080 4008 Τοῦτον
1109 3955 1195 4006 τὸν
1223 3954 1423 4022 Ἰησοῦν
1458 3973 1594 4021 παρ-

297 4049 524 4119 Πατὴρ
557 4050 683 4110 ταῖς
718 4048 1003 4117 ἁμαρτίαις
1033 4047 1203 4117 ἡμῶν,
1227 4048 1318 4100 καὶ
1349 4048 1414 4100 δι’
1437 4049 1600 4110 αὐτὰς

285 4155 391 4189 τον
432 4155 454 4188 ι
500 4137 607 4188 ἐπὶ
639 4137 847 4206 σφαγὴν
875 4137 1031 4205 ἢχθη,
1058 4137 1148 4188 καὶ
1175 4137 1249 4198 ὡς
1280 4137 1446 4206 ἀμνὸς
1469 4136 1596 4190 ἐνώ-

285 4227 598 4296 ιείραντος
630 4227 854 4294 ἄφωνος.
892 4245 909 4276 ι
943 4227 1141 4279 Τούτου
1169 4230 1224 4280 ἐν
1256 4231 1320 4298 τῇ
1347 4227 1597 4280 ταπεινώ-

341 4317 746 4368 ὲταπείνωσεν
783 4315 990 4377 ἑαυτὸν,
1042 4318 1326 4384 γενόμενος
1365 4318 1596 4387 ὑπήκοος

1705 1910 1897 1976 gratia,
1942 1910 2125 1976 Spiritu
2174 1909 2260 1961 illo
2306 1909 2441 1960 malo
2481 1910 2570 1976 qui
2607 1910 2719 1963 haec
2767 1914 3109 1977 operabatur,
3160 1929 3223 1966 eo

1704 2000 1840 2065 quod
1883 1999 2074 2066 aliquis
2103 2000 2334 2064 seipsum
2369 2014 2462 2065 pro
2494 2000 2756 2051 communi
2784 2001 2952 2054 salute
2997 2003 3224 2067 dederit,

1705 2087 1986 2140 multorum
2018 2097 2294 2140 auctorum
2329 2099 2549 2140 narrant
2582 2089 2835 2152 historiae,
2879 2100 2986 2142 tum
3012 2092 3226 2145 Graeco-

1703 2191 1840 2238 rum,
1875 2185 1979 2228 tum
2009 2177 2376 2238 barbarorum,
2407 2178 2546 2230 hanc
2571 2179 3221 2246 nostramintelligentiam

1700 2279 1872 2331 neque
1896 2268 2275 2332 respuentium,
2298 2281 2468 2333 neque
2496 2267 2886 2332 reprobantium
2906 2285 2918 2318 :
2940 2282 3056 2335 qua:
3083 2284 3224 2322 verae

1699 2355 1824 2421 sint,
1859 2371 2044 2420 necne,
2092 2372 2193 2410 non
2233 2367 2314 2409 est
2348 2357 2621 2422 praesentis
2671 2358 2924 2424 temporis
2974 2370 3224 2414 accurate

1699 2446 2000 2511 exquirere.
2032 2445 2406 2499 Verumtamen
2439 2446 2621 2499 uullibi
2668 2447 2926 2511 gentium,
2959 2447 3113 2501 nullis
3139 2449 3220 2500 hi-

1699 2535 1879 2587 storiis
1925 2534 2206 2600 aliquando
2251 2537 2555 2587 mandatum
2613 2545 2722 2598 εει,
2765 2550 2827 2588 ac
2871 2550 2937 2589 ne
2981 2538 3218 2590 mandari

1701 2624 1911 2692 quidem
1941 2631 2136 2690 potest,
2165 2621 2328 2677 fuisse
2359 2623 2584 2692 aliquem
2613 2626 2700 2690 qui
2732 2639 2788 2677 se
2821 2625 3080 2691 reciperet
3126 2641 3221 2692 pro

1702 2726 1812 2771 toto
1832 2719 2024 2770 mundo
2050 2719 2570 2780 mortemobiturum,
2596 2727 2650 2771 ut
2680 2729 2819 2772 t0tus
2848 2720 3074 2773 mundus
3090 2735 3219 2788 pur-

1699 2817 1910 2874 garetur
1943 2806 2081 2860 illius
2104 2809 2416 2869 sanctitate;
2440 2807 2671 2873 alioquin
2702 2811 3016 2874 perdendus,
3039 2811 3090 2862 ni
3122 2825 3220 2874 pro

1699 2912 1763 2952 eo
1788 2898 2047 2950 servando
2082 2906 2301 2950 mortem
2325 2907 2631 2964 oppeteret:
2665 2884 2858 2966 quippe
2879 2902 3016 2966 quod
3056 2900 3220 2953 solius

1698 2986 1766 3040 sit
1796 2983 1920 3038 Jesu
1949 2999 2103 3052 posse
2131 2986 2365 3037 omnium
2407 2987 2609 3050 peccati
2635 3001 2768 3038 onus
2806 2987 2857 3038 iu
2884 3000 2942 3039 se
2980 2986 3216 3054 recipere

1696 3090 1786 3142 per
1807 3089 2016 3128 crucem
2054 3089 2149 3142 pro
2188 3074 2432 3126 omnibus
2460 3092 2477 3122 ι
2507 3076 2620 3127 sine
2653 3075 2758 3128 Deo
2786 3075 2849 3140 ‘°,
2882 3094 2900 3126 ι
2932 3085 3092 3142 atque
3129 3076 3215 3128 iu-

1699 3166 1942 3231 gentibus
1968 3164 2079 3216 suis
2108 3165 2307 3216 viribus
2337 3163 2466 3216 illud
2491 3175 2718 3232 portare.
2749 3165 2942 3218 Calluit
2966 3166 3106 3218 enim
3131 3167 3219 3220 hic

1697 3253 1842 3306 solus
1885 3253 2025 3306 ferre
2066 3255 2394 3322 languorem,
2432 3263 2489 3307 ut
2535 3255 2707 3321 inquit
2746 3256 2908 3308 lsaias
2941 3257 3216 3322 prepbeta.

1698 3339 1880 3392 dicens
1915 3355 1929 3390 :
1965 3356 1984 3389 ι
2022 3339 2189 3393 Ηοιιιο
2218 3342 2271 3393 in
2305 3341 2455 3408 plaga
2483 3342 2766 3405 exsisteus.
2795 3344 3042 3396 etsciens
3076 3341 3220 3397 ferre

1699 3429 2003 3496 languorem
2026 3430 2090 3483 ⁸⁷.
2120 3449 2140 3481 ι
2167 3432 2338 3496 Atque
2366 3431 2451 3484 hic
2485 3447 2618 3486 sane
2647 3441 2862 3500 peccata
2909 3442 3091 3486 nostra
3121 3447 3216 3486 ac-

1697 3521 1853 3588 cepit,
1886 3529 1939 3574 et
1969 3534 2106 3587 aegre
2141 3519 2358 3575 affectus
2397 3530 2478 3576 est
2525 3530 2739 3591 pr0pter
2786 3523 3086 3590 iniquitates
3116 3539 3214 3576 nu-

1694 3620 1834 3664 stras
1863 3611 1932 3672 ⁸⁸,
1970 3611 2020 3662 in
2051 3625 2213 3677 seque
2243 3611 2377 3666 facta
2397 3623 2478 3666 εει
2498 3612 2851 3680 punitio,qum
2874 3615 3026 3668 nobis
3055 3615 3216 3668 debe-

1695 3698 1870 3761 batur,
1912 3708 1968 3753 ut
2000 3715 2184 3768 pacem
2221 3702 2568 3768 recipiamus,
2600 3703 2722 3755 dum
2753 3705 3029 3758 erudimur
3059 3705 3222 3758 casti-

1693 3787 1822 3854 gati.
1870 3787 1974 3841 Isto
2006 3804 2232 3857 namque
2277 3791 2431 3843 modo
2457 3789 2560 3843 hoc
2615 3789 2851 3859 intelligo
2878 3807 2890 3839 :
2920 3806 2943 3844 ι
2971 3791 3214 3846 Eruditio

1694 3878 1842 3946 pacis
1880 3886 2075 3931 nostra:
2102 3894 2261 3948 super
2286 3895 2406 3934 eum
2436 3881 2498 3934 ⁸³.
2538 3899 2558 3933 ι
2595 3880 2840 3936 Fortasse
2877 3891 3050 3936 autem
3085 3897 3216 3946 nos,

1692 3966 1816 4032 quia
1850 3984 1868 4018 ι
1905 3967 2074 4022 livore
2105 3966 2218 4035 ejus
2243 3970 2416 4023 sanati
2456 3984 2663 4034 sumus,
2704 3987 2723 4020 ι
2750 3970 2913 4024 livore
2961 3986 3026 4025 ex
3059 3985 3221 4024 cruce-

1693 4054 1768 4108 illi
1797 4056 2116 4112 obveniente
2153 4059 2325 4112 sanati
2355 4059 2630 4112 dicemus:
2667 4076 2689 4110 ι
2719 4059 2841 4113 Mihi
2871 4068 3047 4114 autem
3079 4062 3217 4115 absit

1695 4143 1930 4211 gloriari,
1959 4145 2057 4198 nisi
2077 4147 2128 4197 in
2148 4159 2308 4200 cruce
2323 4147 2527 4200 Domini
2556 4145 2857 4201 uostriJesu
2876 4135 3094 4212 Christi,
3121 4164 3216 4217 per

1705 4248 1863 4302 quem
1887 4236 2013 4288 mihi
2049 4235 2272 4290 mundus
2289 4237 2572 4290 cruciﬁxus
2588 4246 2756 4300 est,et
2780 4253 2878 4305 ego
2901 4238 3212 4292 mundo".s

1693 4323 1944 4378 Traditus
1984 4333 2068 4378 est
2102 4339 2132 4377 a
2186 4323 2342 4380 Patre
2375 4337 2588 4395 prepter
2641 4336 2856 4394 peccata
2894 4337 3074 4381 nostra
3126 4327 3211 4381 hie

285 4408 500 4469 θάτου,
571 4406 801 4458 θανάτου
849 4405 904 4457 δὲ
946 4405 1209 4476 σταυροῦ,
1265 4425 1283 4456 ι
1334 4409 1366 4476 ἠ
1420 4407 1595 4477 κρίσις
1624 4441 1666 4494 D
1695 4410 1793 4465 JCSI

1707 4410 1883 4479 Iesus;
1913 4414 2002 4481 qui
2033 4414 2194 4468 etiam
2227 4425 2506 4483 propterea
2538 4433 2559 4466 ι
2595 4417 2659 4468 ad
2677 4417 2998 4470 occisionem
3026 4417 3215 4470 ductus

290 4515 347 4548 ω
383 4497 520 4566 γὰρ
558 4495 745 4549 ἀκούω
775 4495 898 4547 ’ποῦ’
938 4513 956 4545 ι
1006 4496 1090 4548 Ἐν
1120 4498 1184 4565 τῇ
1211 4495 1526 4548 ταπεινώσει
1559 4499 1591 4565 ὴ

285 4583 375 4636 τοῦ
423 4584 598 4653 ἤρθη
620 4599 632 4612 ·
671 4603 690 4633 ι
722 4585 795 4645 ὡς
821 4580 953 4635 εἶναι
991 4583 1058 4635 τὰ
1085 4582 1242 4651 ἑξῆς
1287 4584 1372 4636 Ἐν
1409 4587 1472 4653 τῇ
1501 4600 1595 4636 ταο

288 4671 497 4723 αὐτοῦ
535 4674 574 4740 ἡ
616 4671 792 4741 κρίσις
832 4671 1000 4740 ἤρθηο
1038 4671 1206 4732 οὕτως
1245 4671 1353 4738 (41)
1393 4673 1449 4725 δὲ
1486 4673 1592 4726 ἀπὸ

285 4761 377 4812 ὦν
415 4760 532 4813 τοῦ
582 4760 713 4813 λαοῦ
744 4761 836 4814 τοῦ
881 4761 1011 4814 Θεοῦ
1046 4759 1180 4830 ἤχθη
1222 4761 1299 4823 εἰς
1345 4762 1586 4817 θάνατον.

285 4849 544 4902 τέθανεν
576 4852 610 4902 ὁ
640 4849 914 4920 ἄνθρωπος
949 4844 1102 4910 οὗτος
1137 4849 1271 4916 ὑπὲρ
1301 4852 1392 4902 τοῦ
1436 4852 1583 4915 λαοῦ,

285 4936 434 4987 ὄτον
473 4936 620 5004 οὐχὶ
647 4936 761 4988 ὃλον
784 4935 844 4988 τό
873 4937 1016 4999 ἔθνος
1044 4935 1301 4988 ἀπώλετο.
1339 4939 1446 4989 Καὶ
1474 4939 1587 4991 ἐπί-

285 5027 299 5077 ί
379 5024 669 5086 δύνασαι,
713 5024 772 5076 τὸ
817 5027 910 5093 μὲν
959 5025 1127 5091 ὄνομα
1181 5023 1269 5074 τοῦ
1312 5025 1441 5078 λαοῦ
1497 5029 1588 5081 λα-

285 5115 417 5175 τοὺς
472 5116 554 5166 ὲκ
600 5115 905 5183 περιτομῆς,
942 5114 1001 5165 τό
1030 5112 1088 5162 δὲ
1139 5111 1228 5162 τοῦ
1275 5113 1457 5180 ἔθνους
1507 5122 1584 5182 εἰς

285 5203 384 5266 δύς
409 5219 448 5232 ·’
483 5203 742 5257 ἀπέθανε
791 5204 892 5274 γὰρ
936 5195 1091 5261 οὗτος
1127 5200 1154 5249 ὀ
1193 5200 1476 5272 ἄνθρωπος
1526 5212 1592 5262 οὐ.

285 5352 372 5397 tr.
424 5355 500 5397 ll.
549 5339 650 5392 22.
784 5340 826 5370 οι
858 5337 896 5390 ll
922 5337 1044 5390 Cor.
1088 5349 1134 5393 ν,
1168 5335 1246 5389 21.

356 5410 416 5440 ⁷ο
457 5408 666 5464 Galat.
699 5421 766 5472 vt,
795 5408 873 5460 l4.

285 5528 384 5602 lex_
435 5519 1093 5602 Brytlleianus,_éna£qa;§v,
1140 5517 1270 5602 εζπε,
1337 5525 1445 5602 eis};
1505 5533 1577 5602 μὴ

321 5597 441 5717 εἰεί
507 5593 712 5660 legisse
756 5581 1290 5657 videtur'Fe'rrarius';
1374 5581 1589 5665 Regius

286 5669 328 5717 it
371 5681 404 5716 ε
442 5677 555 5716 περ

285 5676 328 5720 ιι
371 5676 555 5717 ειπε.

966 5403 1008 5433 ⁷¹
1031 5401 1153 5455 Isai.
1185 5421 1295 5472 LIII,
1325 5408 1384 5460 7.

1350 5341 1399 5412 ξ’
1431 5343 1450 5394 l
1477 5343 1598 5400 Cor.
1634 5364 1705 5412 iv,
1733 5351 1818 5404 15.

1495 5417 1542 5445 "
1569 5417 1758 5486 Philip.
1785 5433 1842 5482 ιι,
1880 5418 1931 5474 8.

1693 4510 1798 4565 est,
1824 4511 1882 4554 ut
1907 4517 2076 4569 agnus
2101 4517 2282 4557 coram
2323 4507 2576 4559 tondente
2604 4516 2784 4561 mutus
2807 4507 2872 4561 τί.
2905 4524 2926 4557 ι
2963 4507 3129 4575 Hujus
3161 4510 3214 4561 in

1693 4591 2004 4658 humilitate,
2039 4607 2144 4661 qua
2175 4612 2193 4644 ι
2222 4595 2472 4650 humilem
2503 4598 2727 4665 przebuit
2760 4599 3012 4666 seipsum,
3045 4599 3218 4653 lactus

1689 4693 1944 4748 obediens
1985 4709 2151 4763 usque
2189 4696 2255 4749 ad
2307 4709 2555 4763 mortem,
2597 4708 2822 4753 mortem
2865 4709 3039 4754 autem
3088 4715 3213 4753 cru-

1692 4800 1849 4863 cis",
1885 4819 1903 4852 ι
1933 4799 2193 4872 judicium
2232 4806 2494 4858 sublatum
2530 4818 2612 4860 est
2653 4823 2666 4859 :
2708 4808 2786 4860 sic
2831 4806 2970 4859 enim
3001 4807 3102 4860 hoc
3133 4807 3214 4859 in-

1693 4906 1916 4973 telligo:
1961 4925 1979 4957 ι
2013 4907 2066 4961 In
2122 4907 2419 4962 humilitate
2469 4908 2726 4976 judicium
2783 4907 2897 4975 ejus
2944 4909 3208 4962 sublatum

1689 5017 1770 5062 est
1796 5009 1882 5071 7';
1909 5029 1926 5061 ι
1963 5010 2178 5076 perinde
2205 5025 2266 5063 ac
2303 5011 2502 5065 diceret
2536 5029 2549 5064 :
2587 5012 2643 5066 In
2671 5013 2967 5067 humilitate
2993 5013 3105 5081 ejus
3127 5015 3214 5082 ju-

1690 5113 1880 5168 dicium
1924 5115 2190 5167 sublatum
2231 5125 2313 5168 est
2352 5132 2365 5167 :
2403 5114 2563 5185 394
2613 5125 2668 5170 et
2720 5116 2821 5168 fuit
2870 5118 2967 5180 sic,
2997 5128 3215 5184 propter
3279 5103 3283 5106 ’

1693 5214 1994 5283 iniquitates
2023 5215 2199 5282 populi
2233 5217 2348 5281 Dei,
2383 5219 2572 5272 ductus
2602 5221 2664 5273 ad
2695 5229 2942 5274 mortem.
2974 5220 3213 5274 Mortuus

1928 5349 1972 5381 “
2000 5349 2161 5421 Hebr.
2186 5369 2246 5414 ιι,
2273 5355 2325 5408 9.
2433 5354 2474 5384 ⁸⁷
2499 5353 2622 5408 Isai.
2654 5370 2770 5421 LIII,
2794 5357 2846 5410 Ξ.
2921 5355 2964 5387 ⁸⁸
2991 5355 3120 5410 ibid.
3155 5359 3210 5414 4.

2024 5420 2067 5449 ⁷³
2094 5420 2214 5473 Isai.
2246 5437 2360 5486 Lm,
2396 5422 2450 5475 8.

1757 5535 1869 5610 (il)
1901 5535 2108 5610 Οῇτως.
2135 5538 2223 5592 Sic
2257 5542 2422 5594 codex
2482 5541 2699 5610 Regius,
2753 5543 3036 5599 Ferrarius
3087 5557 3228 5598 vero

1692 5601 1892 5674 legebat
1914 5601 2084 5672 οὗτος,
2117 5611 2275 5664 vertit
2305 5610 2466 5677 enim,
2506 5629 2528 5662 ι
2557 5601 2607 5667 Et
2637 5601 2736 5668 fuit
2765 5616 2870 5670 hic.
2913 5630 2946 5665 ι·
