3820 6196
1025 335 1371 393 COMMENT.
1414 333 1477 388 IN
1515 330 1700 388 JOAN.
1735 328 1966 386 TOMUS
1997 323 2231 382 XXVI“.

3114 311 3216 368 ἸΩο

261 454 285 510 ἀ
314 456 360 509 τδ
382 456 454 510 τοῦ
475 457 561 530 (47)
602 458 912 511 Ἀποστόλου
959 456 1198 527 βούλημα
1231 458 1423 509 ἐννοεῖν
1464 456 1585 516 τοὺς
1615 459 1659 513 Α
1684 453 1769 508 hor

1709 466 1786 506 ioc
1815 446 2132 503 vocabulum
2171 441 2475 530 spirituales
2503 445 2697 509 praeter
2726 432 3047 488 voluntatem
3072 433 3217 500 Apo-

261 550 498 617 ›ματικοὺς,
537 549 890 611 διδάσκοντος,
942 549 1021 601 ὅτι
1058 566 1076 599 ι
1123 548 1181 599 '0
1231 545 1589 616 πνευματικὸς

261 639 385 709 ιρίνει
421 639 573 702 πάντα,
615 640 707 691 καὶ
756 640 844 690 ὑπ’
895 637 1099 699 οὐδενὸς
1140 637 1511 706 ἀνακρίνεται*
1564 655 1583 687 ι

261 745 301 797 ῳ
322 726 368 780 δὲ
390 727 631 792 ἀκολουθεῖ,
677 728 764 780 τὸν
814 727 886 797 μὴ
930 727 1277 796 ἀνακρίνοντα
1312 726 1482 778 πάντα
1515 723 1587 794 μὴ

261 837 269 871 ι
312 821 636 890 πνευματικὸν,
680 818 715 887 ἦ
774 817 991 888 μηδέπω
1035 813 1170 870 εἶναι
1213 814 1589 886 πνευματικόνδ

263 909 293 961 ἀ
309 911 387 962 καὶ
412 910 454 963 εί
474 928 539 973 τις
556 909 653 962 ὑπό
672 925 813 971 τινος
844 906 1203 979 ἀνακρίνεται,
1231 906 1349 958 ἐπεὶ
1375 906 1403 957 ὁ
1434 922 1589 958 πνευ-

261 998 338 1061 κὸς
372 1000 445 1050 ὐπ’
468 999 647 1061 οὐδενὸς
679 999 1037 1068 ἀνακρίνεται,
1069 997 1165 1050 οὐκ
1204 995 1314 1048 ἔστι
1349 1011 1588 1064 πνευμα-

261 1104 284 1148 ῖ,
306 1087 333 1155 ἢ
354 1088 436 1139 οὐκ
457 1087 548 1139 ἔστι
593 1105 676 1140 πω
708 1086 1079 1157 πνευματικός.
1113 1068 1322 1156 Μήποιθ
1360 1080 1450 1138 οὖν
1474 1084 1590 1154 βέλ-

261 1176 418 1242 λέγειν,
441 1177 505 1228 ὅτι
523 1176 712 1243 γίνεταί
730 1194 814 1239 τις
839 1176 1214 1245 πνευματικὸς,
1244 1174 1304 1227 οὗ
1336 1173 1591 1243 πρότερον

261 1268 368 1327 ἱστις
392 1266 472 1336 ήδη
501 1266 580 1318 καὶ
609 1266 809 1337 κυρίως
847 1266 989 1320 ἐστὶν
1019 1266 1130 1328 υίὸς
1165 1262 1317 1317 Θεοῦ.
1351 1262 1482 1316 Τίνα
1502 1258 1592 1315 οῦν

261 1354 320 1405 τὰ
344 1355 563 1424 λεγόμενα
598 1354 689 1407 νῦν
733 1354 895 1408 τέκνα
936 1353 1090 1421 Θεοῦ,
1135 1355 1183 1405 εί
1217 1355 1289 1424 μή
1322 1354 1426 1405 είσι
1455 1351 1593 1405 κατὰ

262 1445 531 1511 εἰσάγοντας
564 1443 659 1506 τὰς
702 1444 886 1512 φύσεις
928 1445 1293 1515 πνευματικοὶ,
1326 1443 1441 1514 ὥρα
1479 1459 1593 1495 σκο-

294 1536 374 1587 καὶ
403 1535 488 1604 ὅρα
509 1536 549 1586 εί
576 1534 738 1586 τέκνα
781 1534 909 1586 Θεοῦ
952 1534 1400 1604 διεσκορπισμένα
1434 1534 1593 1604 ἕτερα

286 1624 340 1677 τὸ
374 1624 503 1687 ἔθνος
531 1623 744 1676 δύνασαι
778 1627 913 1677 νοεῖν
959 1626 1080 1687 τοὺς
1124 1625 1242 1695 ήδη,
1289 1624 1375 1676 ὅτε
1422 1623 1591 1676 ταῦτα

1685 540 1807 597 stoli
1845 539 2073 593 dicentis
2091 535 2179 587 ":
2218 552 2239 585 ι
2271 519 2575 601 Spiritualis
2622 526 2800 581 omnia
2834 522 3121 590 diiudicat,
3156 530 3213 576 et

1688 632 1798 699 ipse
1833 645 1863 683 a
1898 627 2040 682 nullo
2076 624 2429 693 diiudicatur;
2460 638 2480 672 ι
2511 618 2705 688 quibus
2733 614 2910 669 verbis
2950 610 3211 672 emcitur.

1686 729 1745 773 ut
1768 720 1857 788 qui
1887 719 2062 771 omnia
2105 730 2211 770 non
2248 713 2518 781 dijudicet,
2551 708 2633 762 vel
2663 722 2765 760 non
2789 706 2860 760 sit
2895 702 3211 773 spiritualis,

1685 809 1770 862 vel
1801 808 2030 862 nondum
2060 806 2134 859 sit
2163 802 2482 873 spiritualis.
2511 797 2650 865 Quin
2683 796 2729 852 si
2751 796 2870 865 quis
2894 792 3214 861 diiudicatur

1685 899 1752 952 ab
1771 898 1965 963 aliquo,
2001 894 2255 964 quoniam
2283 888 2578 960 spiritualis
2604 901 2635 940 a
2685 885 2827 940 nullo
2866 882 3211 952 diiudicatur,

1688 988 1773 1042 vel
1802 1002 1901 1040 non
1927 994 2012 1039 est
2043 980 2351 1052 spiritualis,
2387 978 2469 1032 vel
2488 976 2716 1032 nondum
2734 973 3047 1043 spiritualis.
3082 971 3215 1026 Vide

1687 1093 1812 1131 vero
1862 1092 1929 1130 an
1976 1089 2079 1128 non
2125 1072 2315 1126 melius
2352 1067 2631 1122 dicendum
2684 1064 2756 1119 sit
2804 1061 2941 1117 edici
2982 1060 3213 1129 aliquem

1687 1166 2037 1234 spiritualem,
2075 1163 2163 1233 qui
2201 1169 2359 1215 antea
2388 1173 2491 1213 non
2534 1162 2697 1219 esset,
2730 1153 2821 1222 qui
2857 1150 3069 1220 proprie
3100 1149 3212 1216 jam

1689 1259 1827 1312 ﬁlius
1873 1256 2031 1311 etiam
2063 1253 2155 1307 Dei
2189 1259 2290 1306 est.
2327 1248 2554 1314 Quinam
2602 1245 2764 1313 igitur
2801 1242 2908 1296 sint
2949 1242 3038 1309 qui
3072 1252 3214 1292 nunc

1687 1347 1934 1399 dicuntur
1958 1343 2051 1397 lilii
2080 1341 2196 1405 Dei,
2228 1339 2273 1394 si
2297 1352 2402 1392 non
2426 1346 2549 1390 sunt
2568 1333 2623 1387 bi
2646 1332 2738 1401 qui
2768 1328 3073 1399 spirituales
3087 1333 3214 1381 sunt

1681 1434 1880 1503 judicio
1908 1448 2089 1488 eorum
2111 1431 2201 1500 qui
2240 1437 2459 1481 naturas
2492 1424 2859 1484 introducunt,
2896 1428 3103 1486 tempus
3130 1421 3214 1470 est

1687 1525 2072 1579 considerare:
2106 1530 2163 1574 et
2190 1518 2313 1572 vide
2339 1531 2405 1569 an
2453 1513 2592 1568 ﬁlios
2645 1512 2734 1566 Dei
2760 1511 3051 1577 dispersos,
3080 1505 3213 1561 alios

1688 1630 1715 1667 a
1744 1612 2006 1684 gentibus,
2031 1607 2326 1676 intelligere
2353 1602 2529 1671 possis
2563 1615 2654 1655 eos
2674 1613 2792 1656 esse
2825 1597 2914 1666 qui
2942 1596 3051 1664 jam
3078 1594 3208 1664 justi

261 1732 322 1778 ιο,
375 1685 583 1777 δικαίους
623 1717 679 1767 ὲν
725 1714 863 1784 Θεῷ,
910 1714 1017 1767 εἴτε
1062 1685 1589 1785 προκεκοιμημένους
1618 1772 1657 1785 ἢ
1687 1718 1769 1758 era

1704 1712 1839 1758 :rant
1876 1703 1930 1757 in
1974 1699 2105 1765 Deo,
2147 1713 2267 1753 cum
2300 1698 2414 1751 haec
2453 1702 2657 1748 tantum
2704 1690 3040 1751 dicerentur;
3098 1685 3212 1739 sive

261 1772 431 1875 άρχας,
483 1804 512 1874 ἢ
564 1772 869 1874 Ιπροφήταᾷ
925 1804 959 1874 ἦ
1005 1772 1151 1866 τινας
1205 1772 1413 1866 ἀλλᾶυξ
1439 1772 1659 1856 sake-:13
1688 1803 1769 1864 pal

1702 1792 2025 1863 patriarchas
2057 1790 2145 1860 qui
2175 1788 2282 1857 jam
2309 1797 2467 1841 antea
2521 1799 2553 1838 e
2593 1782 2701 1835 vita
2735 1786 3093 1839 excesserant,
3127 1775 3210 1828 vel

282 1894 366 1945 τοῦ
405 1892 540 1958 Θεοῦ,
590 1894 696 1945 εἴτε
753 1894 847 1947 καὶ
904 1894 1025 1956 τοὺς
1073 1894 1172 1964 ήδη
1222 1894 1339 1945 τότε
1383 1893 1588 1963 ἰσχύον-

262 1985 331 2046 ὼς
378 1983 475 2051 γὰρ
523 1983 862 2053 ὑπαρχόντων
932 1980 1039 2036 τῶν
1094 1984 1373 2053 ίσχυόντων
1397 2022 1410 2047 ,
1495 1983 1589 2035 καὶ

267 2074 555 2137 νοσούντων,
601 2074 794 2145 φησίνο
852 2092 871 2127 ι
937 2075 1009 2127 Οὐ
1054 2074 1239 2144 χρείαν
1291 2073 1496 2143 ἔχουσιν
1540 2075 1588 2125 oi

262 2181 345 2226 τες
386 2164 573 2234 ἰατροῦ,
611 2163 724 2216 ἀλλ’
758 2164 808 2215 οί
848 2164 1031 2225 κακῶς
1063 2164 1299 2232 ἕχοντεςο
1336 2182 1354 2214 ι
1388 2164 1479 2215 καὶ
1510 2162 1585 2225 ὡς

288 2253 495 2308 δικαίων
535 2254 707 2322 λέγει’
761 2271 780 2305 ι
828 2254 939 2305 Οὐκ
985 2253 1212 2323 ἐλήλυθα
1258 2253 1478 2305 καλέσαι
1519 2253 1591 2305 δι-

261 2342 424 2405 ,ἀλλά
450 2343 793 2412 ἁμαρτωλοὺς
827 2346 905 2405 είς
942 2343 1238 2413 μετάνοιαν.
1278 2361 1297 2394 ι
1332 2342 1588 2413 Ἐμελλεν

261 2434 398 2504 ισοῦς
434 2432 783 2503 ἀποθνήσκειν
822 2432 961 2502 ὑπὲρ
1002 2432 1097 2502 μὲν
1137 2432 1229 2485 τοῦ
1257 2431 1458 2495 ἔθνους,
1503 2433 1588 2485 ἴνα

261 2523 459 2592 εληταιο
487 2524 621 2594 ὑπὲρ
656 2523 713 2576 δὲ
743 2523 849 2576 τῶν
873 2523 1072 2576 τέκνων
1104 2522 1196 2575 τοῦ
1248 2523 1378 2575 Θεοῦ
1422 2522 1588 2575 ὄντων

261 2612 566 2682 ’κορπισμῷ,
597 2613 682 2666 ἵνα
713 2613 1040 2682 ωναχθῶσιν
1071 2614 1148 2675 είς
1183 2612 1276 2666 ἕνα
1303 2612 1473 2681 λόγον,
1496 2615 1588 2668 καὶ

261 2719 384 2755 ονται
418 2702 522 2773 (48)
554 2703 651 2771 μία
680 2703 901 2773 ποίμνη,
929 2699 1008 2764 εἷς
1038 2704 1234 2773 ποιμήν
1257 2720 1270 2734 ο
1312 2704 1399 2756 ὅτε
1440 2699 1586 2774 οἶμαι

272 2792 392 2844 σθαι
414 2791 508 2862 τὴν
528 2793 620 2844 τοῦ
646 2792 893 2862 Σωτῆρος
920 2792 1100 2862 εὐχὴν,
1125 2792 1384 2861 λέγοντος
1421 2812 1439 2845 ι
1472 2795 1586 2847 Ἵνα

261 2882 366 2933 tab
394 2880 501 2950 (49)
536 2881 592 2932 ἓν
626 2880 810 2949 ἐσμεν,
845 2880 929 2932 ἵνα
959 2880 1051 2933 καὶ
1090 2881 1241 2933 αὐτοὶ
1268 2883 1324 2935 ὲν
1366 2883 1492 2952 ήμίν
1529 2882 1587 2935 ἓν

284 2971 349 3021 Εἰ
371 2969 427 3020 δέ
452 2987 503 3021 τι
541 2970 634 3021 καὶ
668 2967 956 3039 βαθύτερόν
982 2971 1094 3021 ἐστι
1118 2971 1243 3038 περὶ
1283 2970 1490 3041 Ἰσραὴλ
1525 2971 1586 3025 οὐ

1685 1884 1987 1955 prophetas,
2002 1880 2086 1934 vel
2114 1881 2371 1949 quosdam
2394 1877 2527 1930 alios
2552 1876 2645 1930 Dei
2670 1873 2886 1935 electos,
2912 1868 3025 1923 sive
3048 1868 3208 1923 etiam

1683 1990 1775 2030 eos
1818 1973 1906 2042 qui
1947 1987 2041 2042 per
2085 1972 2137 2024 id
2184 1968 2437 2039 temporis
2480 1966 2596 2022 sani
2637 1971 2825 2026 erant;
2869 1958 3020 2028 quasi
3068 1958 3208 2012 enim

1685 2065 1844 2133 aliqui
1866 2064 1979 2117 sani
2010 2070 2207 2124 essent,
2239 2069 2293 2114 et
2323 2074 2427 2112 non
2448 2063 2784 2122 aegrotantes,
2815 2050 3022 2119 inquit:
3050 2068 3069 2100 ι
3092 2048 3208 2102 Non

1685 2169 1816 2222 opus
1846 2153 2059 2213 habent,
2084 2149 2173 2218 qui
2208 2149 2324 2201 sani
2352 2155 2497 2212 sunt,
2526 2143 2748 2205 medico,
2780 2141 2871 2195 sed
2909 2153 3048 2208 aegre
3076 2136 3209 2191 alle-

1685 2247 1756 2301 cti
1783 2244 1861 2310 ⁸⁰;
1892 2261 1910 2294 ι
1943 2252 1996 2296 et
2039 2241 2187 2310 quasi
2220 2246 2401 2294 essent
2444 2237 2604 2291 etiam
2649 2232 2809 2301 aliqui
2849 2230 3000 2300 justi,
3028 2229 3158 2282 dicit
3190 2243 3207 2279 :

1689 2354 1708 2386 ι
1728 2335 1842 2388 Non
1871 2333 1989 2387 veni
2020 2345 2210 2385 vocare
2230 2329 2424 2396 iustos,
2466 2326 2557 2381 sed
2590 2332 2896 2393 peccatores
2931 2319 2995 2373 ad
3031 2316 3207 2387 poeni-

1684 2422 1982 2478 tentiam“.
2022 2439 2042 2472 ι
2068 2420 2355 2474 Moriturus
2381 2418 2561 2485 itaque
2580 2414 2736 2468 Jesus
2762 2419 2879 2467 erat
2905 2424 2999 2479 pro
3027 2416 3212 2477 gente,

1686 2524 1742 2569 ut
1770 2528 1873 2566 non
1904 2511 2131 2580 periret;
2176 2523 2274 2579 pro
2312 2507 2435 2561 ﬁliis
2478 2520 2609 2559 vero
2637 2502 2753 2569 Dei,
2794 2501 2886 2570 qui
2917 2501 2971 2553 in
2999 2500 3211 2567 disper-

1684 2604 1836 2657 sione
1852 2610 2026 2664 erant,
2049 2608 2108 2652 ut
2137 2605 2594 2667 congregarentur
2615 2595 2668 2648 in
2700 2607 2862 2645 unum
2886 2602 3209 2650 sermonem,

1684 2691 1973 2760 ﬁerentque
2017 2704 2153 2742 unus
2187 2701 2351 2756 grex,
2396 2700 2534 2739 unus
2571 2692 2790 2752 pastor:
2818 2681 3049 2751 quando,
3090 2691 3211 2732 mea

1683 2781 1971 2842 sententia,
1995 2778 2299 2832 Servatoris
2323 2774 2559 2844 precatio
2586 2771 2889 2841 implebitur
2928 2768 3156 2824 dicentis
3191 2782 3208 2823 ι

1689 2889 1707 2923 ι
1738 2871 1805 2926 Ut
1824 2885 1920 2940 ego
1936 2879 1991 2924 et
2011 2880 2063 2923 tu
2094 2883 2254 2921 unum
2282 2879 2483 2928 sumus,
2507 2874 2565 2917 ut
2596 2872 2650 2916 et
2676 2862 2772 2930 ipsi
2808 2875 2966 2914 unum
2989 2858 3207 2915 sint”.s

1686 2958 1779 3013 Sin
1818 2975 1943 3014 vero
1972 2960 2036 3013 de
2071 2957 2282 3012 lsraelis
2313 2970 2417 3009 non
2457 2964 2667 3018 natura,
2697 2953 2788 3007 sed
2824 2966 3021 3022 genere
3051 2950 3212 3005 altius

261 3099 273 3122 ,
324 3057 462 3111 ἀλλά
515 3058 702 3125 γένους
747 3060 934 3119 εἰπεῖν,
987 3058 1111 3128 περὶ⁹
1157 3051 1217 3110 οῦ
1253 3040 1584 3130 γέγραπται,
1611 3076 1654 3133 c
1686 3048 1769 3102 ³η(

1702 3048 1880 3117 ιιίιιιιίιι
1908 3049 2187 3102 dicendum
2227 3047 2330 3109 sit;
2372 3046 2436 3099 de
2464 3057 2570 3111 quo
2615 3056 2733 3096 cum
2778 3041 2830 3094 in
2882 3040 3210 3107 dispersione

261 3146 600 3217 πρωτότοκος
636 3162 736 3215 μου
772 3146 983 3216 Ἰσραήλ
1014 3148 1147 3209 ἐστι,
1179 3165 1197 3197 ι
1223 3148 1505 3218 γενομένου
1528 3151 1586 3204 ὲν

261 3236 475 3306 πισμῷ,
509 3237 604 3289 καὶ
634 3235 788 3297 αὐτὸς
833 3236 1156 3304 ἐπιστήσεις,
1185 3235 1260 3298 ὡς
1291 3232 1426 3289 εἶναι
1472 3238 1589 3290 τού-

300 3329 473 3381 τέκνα
506 3327 602 3381 τοῦ
656 3326 789 3380 Θεοῦ
833 3326 901 3379 τὰ
942 3326 1408 3397 διεσκορπισμένα,
1453 3328 1590 3399 ὑπὲρ

265 3418 361 3470 λεν
390 3417 760 3487 ἀποθνήσκειν
794 3416 1018 3488 Ἰησοῦς,
1043 3416 1129 3469 ἵνα
1154 3416 1289 3470 αὐτὰ
1316 3417 1587 3490 συναγάγῃ

293 3596 424 3649 Ἀπ’
465 3596 685 3667 ἐκείνης
714 3592 805 3651 οὖν
854 3598 951 3667 τῆς
998 3598 1202 3669 ήμέρας
1251 3599 1588 3653 συνεϐουλεύ-

261 3705 323 3741 να
355 3687 761 3739 ἀποκτείνωσιν
814 3688 991 3740 αὐτόν.
1033 3708 1051 3739 ι
1099 3690 1159 3741 Ui
1190 3688 1459 3759 ἀρχιερεῖς
1497 3690 1590 3742 καὶ

264 3781 410 3838 αῖοι,
472 3777 871 3845 συναγαγόντες
918 3776 1203 3847 συνέδριον,
1256 3778 1353 3830 καὶ
1393 3778 1590 3848 σκεψά-

261 3868 341 3937 ερὶ
391 3867 498 3919 τοῦ
558 3867 803 3936 Σωτῆρος
841 3865 994 3936 ήμῶν
1036 3867 1089 3918 τί
1135 3867 1281 3938 αὐτῷ
1321 3871 1586 3940 ποιητέον,

261 3955 483 4023 ζαῖάςρα
545 3954 643 4006 τοῦ
691 3953 986 4023 ἀρχιερέως
1028 3952 1097 4004 τά
1144 3954 1591 4025 προεκτεθειμένα

319 4043 431 4094 καὶ
470 4039 592 4110 (50)
645 4040 745 4093 ὑπὸ
787 4039 893 4091 τῶν
932 4038 1100 4105 λόγων
1134 4039 1295 4091 αὑτοῦ
1339 4040 1591 4111 παροξυν-

276 4128 805 4182 συνεόουλεύσαντο
843 4129 930 4182 ἵνα
968 4127 1320 4180 ἀποκτείνωσι
1362 4128 1450 4181 τὸν
1487 4128 1591 4181 Κύ-

261 4237 381 4290 ιτερ
417 4218 696 4289 ζητήσεις
726 4217 831 4270 ἀπὸ
855 4217 1005 4269 ποίου
1039 4216 1337 4286 πνεύματος
1362 4219 1590 4289 προεφή.

261 4312 332 4361 ἑτι
372 4307 628 4377 ἔμελλεν
685 4306 888 4376 Ἰησοῦς
943 4305 1293 4376 ἀποθνήσκειν
1329 4307 1465 4377 ὑπὲρ
1494 4308 1586 4361 τοῦ

1687 3148 1843 3200 esset,
1899 3138 2155 3205 scriptum
2192 3145 2273 3190 est
2307 3151 2323 3187 :
2365 3152 2385 3184 ι
2427 3132 2817 3200 Primogenitus
2864 3145 3017 3184 meus
3067 3128 3209 3184 illius

1685 3228 1846 3283 Israel
1870 3236 1949 3279 est
1962 3226 2055 3289 ⁸³,ι
2074 3226 2171 3278 hoc
2185 3226 2339 3279 etiam
2356 3224 2468 3293 ipse
2481 3223 2707 3286 notabis,
2732 3221 2881 3290 quasi
2905 3220 2959 3274 hi
2987 3220 3093 3274 sint
3115 3219 3209 3274 ﬁlii

1688 3317 1780 3371 Dei
1813 3317 2061 3386 dispersi,
2086 3332 2182 3386 pro
2208 3316 2400 3384 quibus
2429 3314 2719 3370 moriturus
2749 3313 2819 3366 sit
2845 3310 3225 3378 Jesus,..ut001

1687 3407 1742 3461 in
1768 3422 1931 3459 unum
1964 3412 2330 3475 congregaret.

1755 3586 2023 3658 39617.
2060 3604 2079 3637 ι
2118 3586 2198 3640 Ah
2224 3584 2312 3639 illo
2344 3598 2470 3653 ergo
2505 3580 2588 3636 die
2609 3580 3121 3642 consultaruntuna,
3154 3584 3229 3630 ur

1688 3677 2043 3733 interﬁcerent
2062 3688 2181 3728 eum
2197 3673 2261 3727 ⁸⁸.
2276 3692 2295 3725 ι
2318 3672 2597 3728 Pontiﬁces
2608 3685 2665 3727 et
2680 3671 2787 3725 Pha
2796 3669 2956 3734 risa:i,
2972 3668 3060 3736 qui
3077 3681 3210 3721 con-

1688 3768 1867 3822 cilium
1893 3765 2236 3834 collegerant,
2283 3772 2338 3818 et
2386 3764 2851 3818 consideraverant
2882 3760 3007 3827 quid
3035 3756 3231 3812 facere

1687 3855 1940 3910 deberent
1975 3854 2254 3909 Servatori.
2288 3863 2470 3908 nostro
2501 3852 2643 3920 (cum
2678 3850 2944 3917 Caiaphas
2975 3844 3212 3917 pontifex

1688 3962 1806 4016 quae
1838 3945 2080 4015 superius
2102 3945 2445 4014 exposuimus
2473 3942 2714 4005 dixisset,
2742 3949 2805 3993 οι·
2822 3939 2983 4008 hujus
3007 3949 3212 3991 sermo-

1688 4039 1845 4093 nibus
1870 4038 2092 4092 fuissent
2112 4035 2358 4099 incitati),
2388 4032 2758 4088 consultarunt
2788 4043 2895 4082 una
2921 4038 2979 4081 ut
3004 4026 3208 4080 interﬂ-

1688 4137 1871 4183 cerent
1896 4127 2196 4180 Dominum.
2220 4125 2480 4191 Quocirca
2515 4135 2721 4193 quaeres
2750 4134 2856 4189 quo
2882 4118 3071 4188 spiritu
3094 4130 3212 4185 pro-

1686 4217 1921 4287 phetarit
1963 4214 2145 4270 Jesum
2198 4215 2509 4268 moriturum
2552 4226 2649 4281 pro
2690 4220 2884 4279 gente;
2934 4217 2990 4264 et
3030 4216 3207 4260 utrum

1691 4311 1902 4359 sanctus
1914 4302 2139 4373 Spiritus
2158 4302 2290 4356 hanc
2309 4301 2532 4355 etiamin
2556 4313 2612 4352 re
2631 4304 2877 4366 operatus
2897 4295 2984 4357 sit,
2998 4302 3202 4347 auctor-

261 4400 354 4451 ισιί
384 4398 643 4470 πότερον
667 4396 727 4449 τὸ
754 4397 904 4463 ἅγιον
932 4394 1149 4465 Πνεῦμα
1175 4396 1264 4448 καὶ
1288 4397 1344 4448 ὲν
1367 4396 1584 4468 τοιούτῳ
1614 4398 1658 4452 D
1691 4410 1769 4463 qui

1704 4408 1795 4463 rue
1812 4392 1971 4447 fuerit
1982 4391 2185 4448 consilii
2198 4390 2450 4445 adversus
2468 4388 2669 4452 Iesum;
2688 4400 2756 4440 an
2769 4385 2857 4439 ille
2874 4383 3084 4453 quidem
3105 4395 3212 4435 non

261 4530 276 4553 ,
320 4490 438 4541 καὶ
465 4487 655 4541 αἴτιον
685 4486 967 4555 γεγένηται
997 4485 1092 4554 τῆς
1116 4486 1250 4540 κατά
1278 4487 1371 4540 τοῦ
1418 4488 1587 4557 Ἰησοῦ

264 4594 325 4640 ς,
355 4575 394 4645 ἢ
426 4576 549 4626 οὐκ
568 4576 744 4627 ἐκεῖνο
767 4574 861 4643 μὲν
878 4569 989 4635 οῦν,
1006 4573 1128 4626 ἀλλο
1147 4574 1220 4637 δὲ,
1237 4573 1296 4626 τὸ
1319 4575 1427 4645 (51)
1442 4575 1591 4629 δυνά.

262 4708 263 4711 η
306 4667 380 4717 ἐν
424 4664 521 4733 τῷ
555 4663 745 4716 ἀσεϐεῖ
788 4662 1029 4732 λαλῆσαι,
1073 4664 1164 4716 καὶ
1211 4666 1335 4727 τοὺς
1374 4666 1588 4735 ὁμοίους

261 4756 368 4808 ιτά
431 4754 547 4808 τοῦ
606 4752 779 4823 Ἰησοῦ
822 4753 1068 4822 κινῆσαι.
1114 4753 1260 4807 οὐδὲν
1298 4750 1454 4825 ἦττον
1498 4758 1588 4810 καὶ

261 4848 278 4915 )
347 4862 416 4897 τι
467 4846 565 4906 εἰς
613 4842 705 4896 τὸν
760 4842 992 4911 Ἰησοῦν,
1041 4841 1115 4904 ὡς
1167 4842 1306 4895 κατά
1366 4844 1587 4915 δύναμιν

261 4951 296 4984 ·.
339 4949 413 4987 ιι.
461 4947 573 4985 xv.
650 4931 695 4962 ⁸⁸
721 4929 905 4983 Matth.
934 4945 1010 4995 Ix,
1039 4930 1123 4983 12.

271 5017 327 5064 ι,
362 5000 478 5054 53.

261 5094 385 5148 itio
453 5090 661 5145 Huetii
687 5129 703 5155 ,
731 5090 855 5150 τοὺς
899 5087 1082 5153 φύσεις
1125 5084 1261 5141 εἶναι
1308 5087 1597 5155 οἰομένοις,

261 5163 333 5214 τὸ
369 5160 526 5223 τοῦ,
562 5168 675 5213 etc.
716 5158 819 5211 Sed
847 5158 1011 5209 codex
1044 5156 1357 5209 Bodleianus
1405 5156 1588 5223 lectio-

261 5247 292 5283 [ι
334 5222 674 5298 sequimur
719 5225 955 5298 erliihet,
987 5238 1085 5298 nec
1125 5223 1278 5298 aliter
1303 5223 1427 5290 legit
1460 5222 1588 5298 Fer-

261 5289 700 5357 )dex'Re-gius
730 5294 888 5346 aliter
917 5290 1092 5351 habet,
1112 5290 1191 5357 sic
1216 5304 1419 5357 nempe,
1442 5289 1595 5342 τοῦτο

261 5368 491 5420 υυθεῖν
534 5354 726 5429 λέγειν
744 5363 857 5429 τοζς
891 5357 1089 5429 φύσεις
1129 5354 1262 5429 εἶναι
1314 5354 1587 5429 οίομένοις,

262 5462 264 5479 ι
326 5426 718 5488 ’Δποστόλου
743 5426 1061 5496 βούλημάτ
1075 5427 1266 5477 ἐννοεῖν
1286 5426 1410 5488 τοὺς
1437 5442 1593 5478 πνευ-

270 5505 686 5561 ιδάσκοντος,
720 5492 841 5562 qua:
867 5492 1146 5562 manifeste
1172 5504 1414 5560 corrupta
1450 5504 1591 5562 sunt.

261 5575 277 5626 ι
354 5560 814 5643 γενήσωνται.
851 5561 1025 5615 Codex
1073 5560 1286 5628 Regius,
1315 5563 1471 5626 male,
1515 5560 1592 5629 τῷ

261 5661 305 5697 ι.

1692 4484 1871 4548 fuerit,
1889 4483 1981 4538 sed
2000 4482 2134 4536 alius
2150 4481 2391 4550 spiritus,
2407 4479 2590 4534 valens
2605 4479 2659 4531 in
2678 4475 2841 4545 impio
2861 4476 3023 4529 etiam
3041 4471 3209 4541 loqui,

1692 4573 1897 4639 sibique
1926 4568 2129 4624 similes
2168 4570 2447 4623 adversum
2470 4565 2650 4621 Iesum
2683 4576 2916 4626 movere,
2943 4557 3211 4614 nihilomi-

1690 4677 1788 4715 nus
1806 4661 1965 4715 etiam
1990 4659 2192 4712 videret
2222 4657 2420 4727 aliquid
2446 4669 2567 4723 erga
2583 4653 2782 4715 .Iesum,
2805 4661 2863 4706 ut
2897 4664 2994 4720 pro
3014 4646 3225 4701 viribus

1688 4754 1933 4823 superius
1976 4751 2379 4819 exquisivimus.
2408 4748 2582 4815 Atque
2627 4746 2844 4799 omnino
2869 4740 2959 4809 qui
2992 4751 3215 4809 respou-

1689 4845 1816 4899 dere
1860 4841 2085 4896 voluerit
2128 4840 2385 4910 Spiritum
2431 4844 2674 4890 sanctum
2719 4839 2993 4886 auctorem
3046 4828 3213 4883 videri

1229 4930 1272 4961 ⁶¹
1299 4931 1460 4988 Marc.
1486 4950 1545 5001 ιι,
1575 4933 1678 4999 17;
1711 4932 1898 4987 Matth.
1927 4947 2005 4998 rx,
2031 4930 2118 4984 15.
2191 4929 2235 4961 ⁸²
2256 4927 2411 4982 Joan.
2444 4940 2574 4990 xvn,
2600 4924 2701 4978 2i.

1711 4932 1898 4987 Matth.
1927 4947 2005 4998 rx,
2031 4930 2118 4984 15.
2191 4929 2235 4961 ⁸²
2256 4927 2411 4982 Joan.
2444 4940 2574 4990 xvn,
2600 4924 2701 4978 2i.
2762 4921 2808 4953 ⁸⁸
2836 4917 3002 4974 Exod.
3026 4932 3099 4984 tv,
3120 4918 3210 4976 23;

1758 5085 1871 5153 (49)
1901 5085 2021 5139 Ἵνα
2044 5081 2157 5151 ἐγὼ
2178 5082 2273 5153 καί
2289 5082 2394 5153 σὺ,
2425 5079 2729 5153 etc._l.ego,_
2749 5081 2854 5147 ἵνα,
2881 5077 3059 5143 καθὼς
3105 5078 3216 5148 ἐγὼ

1688 5145 1780 5207 καὶ
1803 5145 1868 5206 ci}
1901 5154 1959 5205 ’ἐν
1982 5145 2163 5221 ἐσμεν,
2188 5152 2338 5221 αὐτοὶ
2368 5151 2425 5221 έν
2453 5150 2582 5219 ἡμῖν
2610 5145 2668 5201 ιν
2696 5145 2859 5221 ὦσινᾴ

1760 5224 1869 5293 (50)
1902 5216 2207 5293 Ειπόᾶ-τος,
2234 5216 2600 5293 καί..ι1ιιιᾲιιιε
2630 5233 2786 5293 voces
2812 5218 2865 5271 in
2894 5217 3080 5293 codice
3113 5216 3216 5293 Re-

1692 5285 1780 5360 gio
1806 5285 1964 5356 atque
1988 5294 2124 5360 adeo
2155 5287 2476 5360 in_ed__itioue
2494 5286 2667 5340 iluetii
2690 5288 2901 5351 desunt,
2924 5285 3017 5340 sed
3051 5286 3217 5341 resti-

1694 5354 1913 5414 tuuntur
1934 5371 1965 5410 e
1992 5356 2173 5411 codice
2200 5354 2504 5409 Bodleiano.

1784 5425 1870 5490 51)
1892 5424 2067 5478 Codex
2097 5422 2316 5490 Regius,
2340 5421 2452 5476 ἀλλ’
2473 5422 2502 5474 δ
2527 5423 2583 5475 δὲ
2616 5422 2693 5481 τὸ,
2724 5432 2831 5477 etc.

1786 5491 1872 5562 52)
1895 5492 2410 5562 Ferrariusdegehat
2443 5493 2563 5562 ὅρα,
2590 5493 2742 5544 vertit
2773 5491 2934 5556 etaim,
2971 5508 2991 5544 ι
3025 5492 3216 5546 nihilo-

1693 5558 1868 5616 minus
1896 5562 2033 5613 vide.
2074 5558 2430 5629 {(Hic’locus
2459 5558 2641 5629 aperte
2682 5572 2965 5627 corruptus
3025 5574 3113 5620 est
3157 5567 3234 5617 in.

1696 5641 1860 5693 textu,
1876 5626 2300 5699 nisiprzcl‘eratur
2324 5626 2550 5685 [τετιαὲιί
2580 5631 2757 5683 lectio.
2798 5626 2983 5700 Eon.)
