3820 6258
988 364 1337 423 COMMENT.
1381 367 1444 420 IN
1481 367 1668 423 JOAN.
1704 367 1936 423 TOMUS
1967 366 2199 423 XXVIII.

3068 365 3172 422 734

265 457 367 533 ἶτῆς
397 464 556 542 ἐρήμου
602 479 754 543 πόλις
785 478 1033 551 Ἑφραῒμ,
1057 481 1134 544 είς
1169 481 1234 550 ήν
1263 478 1420 551 ἦλθεν
1459 483 1558 550 Ἰη-
1583 485 1631 542 Α
1655 480 1773 535 Jesu

1687 495 1827 546 esus,
1885 495 1991 535 non
2039 469 2275 549 amplius
2324 475 2599 548 propalam
2654 472 2989 530 obambulans
3033 474 3192 538 inter

291 555 427 612 οὐκέτι
450 565 695 639 παρρησίᾳ
713 570 1018 641 περιπατῶν
1041 572 1096 623 ἐν
1119 574 1230 633 τοῖς
1267 571 1551 634 Ἰουδαίοις.

265 649 456 721 ,ηνεύεται
481 652 524 709 ἃ
549 657 780 728 Ἐφραίμ
807 659 912 728 (64)
929 661 1308 726 καρποφορία,
1335 660 1556 727 ἀδελφὸς

265 741 428 811 ἀνασσῆ
453 744 781 816 πρεσϐυτέρου
819 747 909 800 τοῦ
940 749 1043 800 ἀπὸ
1069 749 1234 819 λήθης
1254 749 1382 800 λαοῦ
1411 749 1550 818 (65)°

267 830 352 900 γὰρ
369 831 437 882 τὸν
459 831 542 884 ἀπὸ
560 832 724 902 λήθης
736 834 858 887 λαὸν
880 835 1311 904 καταλειφθέντα,
1333 835 1556 906 γεγένη-

285 921 333 984 ἐξ
368 920 500 973 ἐθνῶν
539 924 882 993 καρποφορία,
928 926 1014 978 ὅτε
1047 945 1067 976 ι
1097 928 1367 996 ποταμοὺς
1401 945 1419 978 ι
1459 926 1556 996 μὲν

263 1013 308 1062 ἐν
334 1011 396 1080 τῷ
437 1013 616 1082 Ἰσραήλ
645 1032 666 1064 «
707 1014 853 1067 ἐθετο
887 1033 905 1066 ›
932 1018 960 1068 6
1003 1015 1133 1078 Θεὸς
1163 1035 1180 1067 ι
1219 1019 1297 1078 εἰς
1335 1017 1552 1088 ἔρημον,

263 1096 450 1160 λεξὸδους
496 1099 589 1152 τῶν
623 1119 640 1150 ι
674 1103 788 1153 ἐκεῖ
836 1120 855 1153 ι
898 1103 1100 1157 ὑδάτων
1141 1106 1218 1166 είς
1241 1104 1414 1172 δίψαν,
1464 1106 1556 1157 καὶ

269 1185 422 1238 αὐτῶν
450 1205 466 1237 ι
499 1190 821 1260 καρποφόρον
866 1193 944 1254 εἰς
981 1184 1173 1262 ἅλμην,
1226 1193 1330 1246 ἀπὸ
1363 1193 1556 1256 κακίας

263 1275 580 1329 εατοικοὺντων
624 1279 682 1330 ἐν
728 1279 893 1349 αὐτῇ·
928 1298 946 1330 ι
1001 1281 1106 1333 ἀπὸ
1149 1282 1204 1334 δὲ
1244 1281 1348 1334 τῶν
1391 1281 1555 1335 ἐθνῶν

1650 568 1877 624 Judzeos.
1907 566 2073 620 Sonat
2096 575 2270 620 autem
2300 565 2575 634 Ephraitn,
2603 561 2762 631 400
2789 561 2831 616 si
2860 563 3172 630 interprete-

1651 665 1749 728 ris,
1813 661 2053 730 fertilitas
2082 659 2330 727 :fuitque
2386 657 2636 727 Ephraim
2694 659 2857 708 frater
2912 653 3169 721 Manasse,

1652 751 1755 804 hoc
1797 758 1877 802 est
1904 747 2082 816 populi
2117 757 2243 800 natu
2297 745 2612 813 grandioris,
2665 743 2994 810 maximeque
3040 742 3173 795 obli-

1652 838 1796 892 vioni
1824 837 2027 890 traditi.
2068 835 2234 889 Simul
2282 845 2441 902 atque
2471 834 2611 887 enim
2645 833 2927 886 derelictus
2959 840 3038 886 est
3074 846 3171 898 po-

1650 926 1804 995 pulus
1829 925 2080 978 oblivioni
2125 923 2366 987 traditus,
2399 931 2517 976 orta
2540 931 2620 976 est
2656 937 2720 975 ex
2747 919 2985 990 gentibus
3023 919 3172 971 ferti-

1651 1015 1772 1068 litas
1806 1033 1820 1068 :
1852 1028 2039 1082 nempe
2063 1028 2180 1068 cum
2207 1030 2225 1063 «
2259 1011 2470 1064 ﬂumina
2508 1029 2528 1062 ι
2557 1011 2764 1078 quidem
2784 1049 2798 1071 ,
2823 1024 2938 1077 qua:
2965 1017 3087 1060 sunt
3119 1007 3170 1058 in

1651 1103 1860 1164 lsraele,
1918 1119 1936 1152 ι
1976 1102 2136 1154 vertit
2170 1119 2190 1152 ι
2241 1099 2381 1154 Deus
2424 1099 2524 1150 «in
2570 1099 2875 1161 desertum;
2925 1105 2976 1149 et
3014 1108 3172 1147 venas

1652 1207 1909 1260 aquarum
1943 1210 1961 1243 ι
2000 1191 2112 1244 illic
2143 1189 2531 1254 exsistentium,
2575 1206 2592 1236 «
2620 1187 2670 1240 in
2702 1186 2813 1239 loca
2865 1184 3170 1250 siticulosa;

1652 1288 1703 1334 et
1736 1289 1930 1334 terram
1956 1298 1975 1332 ι
2031 1293 2211 1332 eorum
2252 1277 2584 1344 «frugiferam
2609 1315 2624 1339 ,
2657 1276 2707 1328 in
2753 1274 2931 1327 sterile
2976 1273 3169 1346 solum,

261 1382 320 1415 ,ον
351 1365 480 1417 ἔθετο
503 1369 568 1428 είς
587 1367 775 1436 λίμνας
803 1369 1022 1434 ὑδάτων,
1052 1371 1142 1423 καὶ
1165 1371 1266 1440 γῆν
1292 1371 1508 1440 ἄνυδρον
1531 1391 1550 1424 ι
1651 1382 1769 1436 Prol

1661 1377 1866 1435 propter
1932 1366 2222 1421 incolarum
2277 1364 2662 1426 vitiositatem;
2701 1379 2718 1411 ι
2755 1361 2990 1429 gentium
3043 1372 3169 1414 vero

262 1453 360 1521 (66)
391 1455 480 1523 γῆν
528 1473 546 1506 ι
603 1458 680 1518 είς
718 1456 975 1521 διεξόδους
1018 1459 1218 1512 ὑδάτων
1241 1477 1254 1490 ·
1308 1461 1400 1513 καὶ
1430 1477 1556 1513 κατ-
1658 1476 1675 1508 ι
1703 1459 1768 1510 de

1658 1476 1675 1508 ι
1703 1459 1965 1510 desertum
1992 1455 2152 1508 vertit
2198 1455 2248 1508 in
2293 1463 2477 1522 stagna
2511 1466 2784 1520 aquarum,
2821 1460 3116 1516 terramque
3145 1464 3165 1498 ι

273 1543 378 1594 ἐκεῖ
397 1544 682 1609 πεινῶντας,
699 1547 790 1598 καὶ
812 1550 1190 1618 συνεστήσαντο
1203 1549 1353 1603 πόλιν
1380 1567 1557 1603 κατοι-
1651 1561 1779 1600 eoru

1663 1561 1833 1600 eorum
1888 1545 2277 1609 «siticulosam,
2324 1546 2374 1596 in
2409 1558 2569 1596 venas
2617 1555 2871 1609 aquarum
2928 1556 2942 1593 :
2996 1538 3171 1611 ibique

262 1677 263 1682 η
297 1648 314 1679 ι
341 1631 430 1699 τήν
461 1631 792 1700 Ἐκκλησίανο
823 1632 948 1686 ἔνθα
985 1651 1004 1684 ι
1037 1635 1280 1706 ἔσπειρεν
1309 1638 1505 1705 ἀγροὺς
1530 1655 1550 1689 ι
1651 1633 1770 1687 collt‘

1663 1633 1928 1687 collocavit
1954 1633 2249 1696 famelicos,
2299 1642 2352 1685 et
2401 1638 2778 1684 exstruxerunt
2813 1627 2994 1680 urbem
3035 1627 3171 1680 celec

261 1720 305 1770 ὃν
330 1719 538 1772 πεσόντα
570 1722 762 1790 σπόρον
795 1723 884 1775 ἐπὶ
915 1723 1010 1793 τὴν
1036 1726 1199 1796 καλὴν
1225 1729 1314 1780 καὶ
1347 1728 1551 1797 ἀγαθὴν
1581 1791 1616 1797 __
1655 1722 1769 1776 btet

1655 1722 1801 1776 brem
1833 1723 1868 1785 ι,
1905 1742 1923 1773 ι
1953 1737 2138 1791 nempe
2158 1722 2470 1784 Ecclesium,
2506 1721 2590 1775 ubi
2621 1738 2639 1771 «
2663 1718 3163 1783 seminavitagrosu

259 1809 286 1859 :l.
314 1807 547 1861 ποιοῦσαν
583 1811 1094 1866 ἑκατονταπλασίονα
1112 1831 1126 1845 ⁸
1160 1817 1252 1869 καὶ
1281 1833 1300 1865 ι
1327 1816 1551 1884 ἐφύτευ-
1581 1791 1622 1844 Β
1644 1803 1767 1878 Ῑιιιίέ

1727 1803 1792 1864 εἰει
1827 1818 2039 1873 semen,
2089 1811 2230 1878 quod
2284 1811 2475 1864 cecidit
2509 1809 2558 1861 in
2597 1819 2790 1860 terram
2841 1797 3168 1875 prmclaratu,
3231 1822 3235 1828 ί

259 1896 490 1959 τελῶναςν
522 1917 540 1948 ι
571 1899 814 1976 κλήματα
834 1902 939 1971 γάρ
967 1905 1100 1956 είσιν
1138 1907 1186 1957 oi.
1213 1906 1413 1976 Κυρίου
1453 1923 1552 1976 μα-

265 1987 447 2048 οῖτινες
494 1987 578 2038 καὶ
609 1975 642 2039 ἰ
682 1990 938 2058 ἐποίησαν
971 1993 1172 2060 καρπὸν
1206 1975 1549 2064 γεννήματος,

259 2073 435 2141 ἄγησεν
468 2076 672 2140 αὐτοὺς,
709 2079 800 2130 καὶ
828 2079 1222 2150 ἐπληθύνθησαν
1259 2082 1476 2152 σφόδρα.
1526 2101 1544 2133 ι

259 2162 328 2212 ιδὲ
351 2163 467 2224 τοὺς
487 2164 537 2215 ἐν
561 2163 762 2227 τούτοις
783 2166 1129 2238 άλογωτέροις
1164 2170 1384 2238 μικροὺς
1414 2165 1550 2223 εῖναι.

257 2268 306 2302 το
333 2252 425 2304 ὀδὲ
449 2253 571 2321 (66⁸)
589 2253 896 2324 ἀνθρώπους
924 2259 1014 2308 καὶ
1039 2259 1203 2327 κτήνη
1227 2257 1406 2330 σώζων
1438 2258 1549 2310 Κύ-

258 2357 482 2409 γραπται
513 2343 640 2410 γάρ·
680 2361 699 2394 ι
736 2345 841 2396 Καὶ
865 2345 931 2396 τὰ
958 2346 1123 2415 κτήνη
1149 2346 1320 2399 αὑτῶν
1343 2348 1440 2399 οὐκ
1464 2350 1549 2401 ἐσ-

266 2470 277 2481 ,
323 2435 349 2479 ι’
373 2431 477 2481 Καὶ
503 2432 548 2481 οἱ
578 2431 675 2498 μὲν
710 2432 944 2485 Ἰουδαῖοι
980 2451 999 2484 ι
1049 2433 1412 2502 ῶλιγώθησαν,
1457 2435 1550 2488 καὶ

257 2531 376 2584 ῖσαν
414 2515 514 2567 ἀπὸ
568 2516 792 2584 θλίψεως
833 2517 1031 2580 κακῶν,
1084 2519 1172 2571 καὶ
1205 2519 1422 2589 ὀδύνηςο
1456 2521 1548 2574 καὶ

302 2600 631 2676 ἐξουδένωσις
668 2604 758 2655 ἐπὶ
807 2605 930 2666 τοὺς
977 2623 996 2656 ›
1043 2604 1132 2657 διὰ
1179 2605 1267 2658 τὸν
1305 2605 1548 2676 Ἀϐραὰμ

255 2709 371 2752 τας·
409 2692 498 2744 καὶ
543 2693 837 2764 ἐπλάνησεν
873 2696 1064 2757 αὐτοὺς
1107 2697 1164 2748 ἐν
1213 2696 1411 2766 ἀϐάτῳ,
1455 2699 1547 2750 καὶ

255 2777 383 2844 ὁδῷ·
427 2797 444 2828 ι
481 2779 592 2846 μετ’
622 2780 855 2843 ἐκείνους
886 2781 940 2833 δέ
969 2785 996 2834 6
1021 2782 1150 2845 Θεὸς
1180 2801 1198 2833 ι
1231 2784 1487 2854 ἐϐοήθησε
1522 2805 1540 2837 ι

255 2867 348 2919 τῶν
372 2868 534 2920 ἐθνῶν
561 2886 578 2919 «
617 2869 804 2938 πένητι
850 2888 869 2920 ›
902 2869 1012 2939 λαῷ
1041 2875 1104 2924 ἐκ
1133 2876 1416 2944 πτωχείας,
1455 2877 1547 2929 καὶ

255 2957 325 3018 ὡς
355 2957 596 3026 πρόϐατα
651 2958 900 3027 πατριὰν,
943 2959 1033 3022 οὓς
1068 2961 1282 3029 ὄψονται
1327 2983 1348 3015 ›
1389 2965 1546 3029 εὐθὺς

256 3043 389 3104 ἐλοι,
425 3063 442 3094 «
480 3045 572 3096 καὶ
610 3045 1075 3114 εὐφρανθήσονται,
1107 3051 1197 3101 καὶ
1240 3053 1384 3104 πᾶσα
1427 3054 1547 3107 άνο-

254 3131 405 3199 ράξει
432 3131 490 3182 τὸ
531 3131 702 3199 στόμα
747 3131 935 3200 αὑτῆς.
971 3151 990 3183 ι
1027 3133 1242 3198 Τούτοις
1269 3137 1323 3188 δὲ
1359 3157 1544 3206 μυστι-

253 3219 635 3288 φητευομένοις
665 3221 720 3271 ἐν
745 3221 1011 3290 ἑκατοστῷ
1034 3222 1173 3292 ’ἐκτῳ
1199 3223 1391 3295 ψαλμῷ
1428 3230 1544 3282 ἐπι-

253 3327 257 3336 υ
295 3325 313 3357 ι
353 3309 450 3370 Τίς
479 3309 660 3376 σοφὸς,
691 3311 781 3361 καὶ
811 3310 1028 3377 φυλάξει
1069 3312 1258 3376 ταῦτα,
1299 3317 1388 3368 καὶ
1428 3333 1546 3370 συνι

253 3397 276 3448 it
299 3398 422 3465 ἐλέη
453 3397 549 3451 τοὺ
579 3398 809 3467 Κυρίου;
845 3417 864 3449 ι
892 3400 1184 3464 Ἐλεοῦντος
1197 3401 1300 3472 γὰρ
1326 3403 1416 3455 τοῦ
1441 3408 1547 3460 Κυ-

253 3503 265 3546 ;
291 3487 398 3538 ἀπὸ
414 3487 527 3540 τῶν
552 3485 738 3550 ἐθνῶν,
756 3489 783 3540 6
805 3489 961 3555 σοφὸς
986 3490 1153 3542 ταῦτα
1170 3492 1407 3560 φυλάξει,
1427 3511 1547 3552 συν-

259 3576 353 3646 λέη
397 3575 496 3629 τοῦ
537 3578 760 3647 Κυρίου.
805 3579 1006 3632 Οὐκοῦν
1041 3599 1060 3630 «
1101 3582 1302 3650 Ἰησοῦς
1333 3584 1428 3637 οὐκ
1471 3586 1545 3639 ἔτι

253 3682 268 3715 ι
301 3669 606 3735 περιπατεί
624 3668 681 3719 ἐν
703 3671 813 3730 τοῖς
850 3669 1132 3732 Ἰουδαίοις,
1157 3669 1287 3724 ἀλλὰ
1311 3673 1544 3742 ἀπῆλθεν

253 3757 304 3816 ίς
331 3755 436 3825 τὴν
466 3755 654 3826 χώραν
689 3773 706 3805 ι
742 3756 834 3809 τοῦ
878 3757 996 3809 ὅλου
1042 3759 1259 3827 κόσμου,
1317 3780 1335 3812 «
1383 3763 1544 3830 ἐγγὺς

253 3861 313 3895 ου
357 3863 378 3895 ι
425 3845 780 3914 Ἐκκλησίας,
815 3865 834 3896 «
863 3849 941 3910 είς
983 3848 1213 3918 Ἐφραῒμ
1247 3869 1266 3900 ι
1290 3851 1386 3921 τὴν
1410 3870 1542 3924 καρ-

253 3951 318 3986 1v
369 3933 686 4004 λεγομένην
727 3936 897 3998 πόλιν,
942 3955 960 3986 «
1005 3938 1161 3990 κάκεῖ
1204 3938 1376 4008 ἔμεινε
1412 3942 1544 4010 μετὰ

253 4022 400 4074 τῶν·
442 4041 463 4073 ι
503 4025 603 4077 καὶ
631 4023 742 4076 ἐστι
773 4025 928 4094 μέχρι
952 4026 1044 4078 τοῦ
1073 4026 1226 4098 δεῦρο
1267 4030 1399 4098 μετὰ
1437 4031 1544 4084 τῶν

286 4112 479 4164 αὑτοῦ
540 4112 745 4182 Ἰησοῦς
799 4116 960 4181 ἐγγὺς
1024 4118 1121 4186 τῆς
1182 4120 1406 4188 ἐρήμου,
1465 4124 1543 4184 είς

253 4201 572 4270 ,εγομένην
595 4201 772 4254 πόλιν·
804 4202 1025 4270 πάρεστι
1061 4203 1164 4273 γὰρ
1189 4208 1252 4275 τῇ
1275 4223 1544 4276 καρποφο-

253 4291 344 4341 ml.
369 4293 446 4359 τῇ
477 4290 698 4358 γενέσει
726 4306 788 4357 γε
814 4290 906 4342 τοῦ
937 4291 1168 4362 Ἐφραῒμ
1196 4295 1381 4348 τούτου
1401 4297 1540 4350 εἴποι

1649 1911 1700 1956 et
1723 1903 1912 1954 bonam
1939 1942 1956 1967 ,
1989 1911 2044 1954 et
2071 1901 2351 1954 facientem
2389 1901 2614 1952 fructum
2645 1899 2991 1951 centesimum
3026 1895 3078 1960 ’;
3115 1905 3170 1948 et

1652 2010 1670 2042 «
1698 1990 1954 2058 plantavit
1983 1991 2186 2050 vineas,
2221 2008 2238 2040 ι
2283 1990 2433 2058 cujus
2464 1989 2705 2056 palmites
2751 1997 2903 2042 erant
2931 1980 3168 2055 discipuli

1645 2078 1875 2140 Domini,
1901 2079 1989 2146 qui
2023 2079 2180 2131 etiam
2217 2077 2490 2129 «fecerunt
2523 2077 2751 2130 fructum
2796 2077 3086 2143 c0piosum,
3116 2084 3170 2128 et

1644 2166 1910 2221 benedixit
1943 2166 2020 2219 eis
2045 2207 2060 2231 ,
2094 2175 2146 2219 et
2168 2166 2500 2233 multiplicati
2532 2177 2654 2218 sunt
2697 2165 2846 2218 valde
2877 2165 2918 2216 ³.
2947 2183 2965 2214 ι
2999 2163 3169 2229 Quin-

1645 2255 1801 2309 etiam
1858 2269 1924 2308 ne
1974 2257 2070 2308 hos
2122 2255 2356 2324 quidem,
2412 2255 2499 2320 qui
2551 2269 2579 2306 a
2636 2255 2837 2306 ratione
2889 2253 3168 2308 alieniores

1645 2353 1814 2406 erant,
1848 2359 2040 2412 parvos
2083 2358 2200 2397 esse
2227 2345 2478 2412 c0gitavit
2517 2343 2604 2395 ille
2629 2381 2643 2405 ,
2695 2345 2783 2409 qui
2821 2343 3062 2394 homines
3113 2349 3169 2394 et

1639 2431 1880 2501 jumenta
1905 2443 2079 2486 servat
2106 2436 2127 2463 ⁴
2149 2449 2162 2496 ;
2181 2433 2433 2500 scriptum
2463 2441 2544 2486 est
2569 2432 2708 2484 enim
2737 2431 2794 2484 ἰ
2821 2431 2913 2482 «Et
2935 2431 3169 2497 iumenta

1644 2535 1822 2573 eorum
1851 2536 1952 2573 non
1990 2521 2201 2574 minuit.
2227 2540 2245 2572 ι
2287 2523 2361 2574 Ac
2388 2519 2552 2573 Judzei
2590 2520 2800 2588 quidem
2853 2537 2870 2568 «
2906 2516 3167 2570 imminuti

1643 2618 1787 2673 sunt,
1825 2619 1878 2663 et
1907 2607 2083 2662 afﬂicti
2133 2609 2278 2664 fuere
2328 2625 2356 2662 a
2404 2610 2741 2662 tribulatione
2772 2608 3064 2668 malorum,
3114 2615 3170 2660 et

1644 2699 1858 2764 dolore;
1899 2700 2187 2768 eﬂ‘uditque
2218 2698 2425 2768 (Deus)
2461 2708 2816 2765 contemptum
2871 2698 2920 2748 in
2964 2696 3167 2765 princi-

1643 2802 1766 2856 pes»
1797 2799 2014 2856 propter
2037 2789 2325 2849 Abraham;
2360 2796 2440 2838 «et
2466 2777 2646 2840 errare
2669 2786 2795 2838 fecit
2815 2800 2906 2838 eos
2927 2786 2976 2837 in
3003 2786 3166 2848 invio,

1643 2886 1694 2932 et
1728 2893 1830 2929 non
1863 2877 1914 2929 in
1942 2879 2050 2929 via.
2085 2895 2104 2926 ι
2149 2877 2284 2928 Deus
2312 2868 2474 2943 igitur
2508 2883 2624 2941 post
2653 2873 2884 2936 Judaeos,
2915 2877 3163 2941 populum

1643 2967 1893 3035 gentilem
1934 2979 2246 3033 «pauperem
2274 2965 2548 3018 exemith
2583 2963 2941 3028 mendicitate,
2972 2973 3168 3018 tracta-

1644 3055 1822 3121 vitque
1870 3054 2095 3106 familias
2134 3053 2275 3106 velut
2326 3067 2470 3114 oves,
2521 3066 2654 3119 quos
2697 3053 2944 3104 videbunt
2973 3071 2993 3104 ι
3045 3067 3168 3106 mox

1643 3145 1834 3213 angeli,
1863 3161 1880 3193 «
1901 3152 1954 3197 et
1980 3142 2317 3202 laetabuntur,
2349 3152 2402 3193 et
2423 3142 2598 3194 omnis
2624 3141 2878 3208 iniquitas
2904 3141 3168 3194 obturabit

1641 3245 1702 3285 os
1731 3246 1904 3284 suum.
1940 3249 1959 3282 ι
2019 3230 2112 3282 His
2147 3229 2196 3282 in
2223 3228 2423 3296 psalmo
2450 3236 2601 3282 sexto
2623 3243 2780 3295 supra
2819 3229 3164 3282 centesimum

1644 3321 1869 3390 mystice
1899 3319 2232 3388 prophetatis
2263 3317 2601 3386 subjungitur
2632 3333 2646 3371 :
2681 3318 2837 3381 «Quis
2861 3319 3089 3384 sapiens,
3113 3327 3168 3372 et

1641 3409 1901 3463 custodiet
1937 3409 2066 3471 haec,
2095 3418 2148 3462 ct
2180 3408 2437 3476 intelliget
2458 3406 2848 3460 misericordias
2872 3406 3115 3460 Domini?
3139 3425 3160 3457 ι

1642 3499 1876 3552 heneﬁco
1897 3497 2035 3550 enim
2060 3497 2351 3551 exsistente
2377 3497 2594 3550 Domino
2621 3497 2673 3548 in
2700 3496 2940 3562 gentiles,
2958 3497 3168 3562 sapiens

1642 3585 1754 3639 hac
1781 3586 2058 3646 custodiet.
2093 3585 2391 3654 intelligens
2423 3584 2677 3638 beneficia
2715 3584 2942 3637 Domini.
2977 3581 3162 3636 «Iesus

1643 3673 1804 3741 igitur
1850 3686 1951 3724 non
2001 3671 2226 3738 amplius
2263 3672 2315 3723 in
2355 3670 2563 3738 publico
2616 3670 2989 3725 obambulabat
3028 3671 3168 3724 inter

1640 3759 1877 3822 Judzeos,
1906 3763 1997 3814 sed
2024 3760 2144 3813 inde
2171 3761 2300 3813 abiit
2337 3760 2388 3812 in
2421 3759 2595 3812 locum
2617 3777 2634 3810 ›
2669 3759 2826 3812 totius
2849 3761 3025 3820 orbis,
3067 3759 3168 3813 Ec-

1640 3849 1814 3903 clesize
1874 3866 1892 3899 t
1932 3849 2143 3902 deserto
2199 3849 2496 3911 vicinump
2567 3863 2753 3915 nempe
2811 3850 2911 3901 tin
2983 3849 3166 3902 urbem

1639 3938 1912 4006 Ephraim,
1938 3956 1955 3988 ι
1989 3953 2104 4006 quae
2131 3938 2324 3992 dicitur
2360 3936 2610 4007 frugifera
2647 3938 2866 4003 civitas;
2908 3957 2924 3988 «
2957 3938 3166 4006 illicque

1639 4028 1949 4080 versabatur
1975 4041 2096 4080 cum
2116 4027 2429 4096 discipulis:
2464 4045 2483 4078 ›
2517 4037 2706 4096 estque
2729 4030 2794 4080 ad
2828 4028 2968 4081 hunc
3001 4041 3168 4095 usque

1639 4116 1776 4169 diem
1821 4114 1974 4170 Jesus
2025 4130 2146 4168 cum
2199 4114 2471 4183 discipulis
2520 4116 2630 4168 suis
2685 4116 2736 4168 in
2792 4115 2957 4180 urbe,
3006 4129 3165 4182 quam

1640 4212 1826 4255 vocant
1893 4201 2191 4268 Ephraim,
2258 4203 2469 4256 deserto
2525 4203 2797 4256 vicinam:
2834 4218 2954 4255 nam
3014 4203 3166 4258 adest

1639 4289 1902 4344 fertilitati
1935 4311 1946 4344 :
1978 4303 2032 4345 et
2083 4293 2137 4345 in
2182 4301 2302 4346 ortu
2355 4307 2484 4346 sane
2537 4292 2692 4360 hujus
2737 4291 2987 4360 Ephraim
3025 4294 3166 4347 dicet

253 4396 364 4440 σας
383 4379 567 4431 αὑτὸν
589 4379 904 4448 σιτομέτρης
924 4379 1071 4448 ήμῶν
1089 4381 1540 4451 Κύριος,όταπει-
1571 4397 1614 4451 ι)
1656 4381 1761 4460 illiti

1656 4381 1796 4460 illius
1831 4383 2034 4449 genitor
2079 4381 2327 4436 Dominus
2376 4391 2556 4437 noster
2605 4384 2854 4438 frumenti
2897 4396 3161 4452 erogatur,

253 4469 376 4532 τὸν,
417 4469 529 4520 καὶ
559 4468 844 4537 γενόμενος
872 4469 1101 4538 ὑπήκοος
1122 4471 1277 4540 μέχρι
1294 4471 1536 4539 θανάτου,

253 4575 258 4603 ;
332 4554 607 4624 σταυροῦ
626 4570 639 4584 ο
679 4572 697 4605 ι
749 4552 957 4625 Ηῦξησέ
985 4573 1050 4627 με
1085 4559 1112 4610 ὁ
1139 4558 1266 4621 Θεὸς
1291 4561 1346 4611 ἐν
1373 4563 1437 4630 τῇ
1469 4565 1536 4632 Τῇ

255 4642 486 4705 ὡσεώς
523 4660 648 4711 μου.
685 4661 703 4693 ι
1159 4705 1162 4708 ἥ

258 4749 294 4783 ν
340 4732 410 4784 δὲ
445 4733 630 4799 ἐγγὺς
657 4732 717 4784 τὸ
748 4733 932 4800 Πάσχα
982 4733 1090 4786 τῶν
1147 4734 1420 4802 Ἰουδαίων,
1447 4739 1540 4792 καὶ

253 4821 483 4875 πολλοὶ
516 4822 629 4874 τῶν
663 4822 922 4874 Ἰουδαίων
973 4826 1050 4886 είς
1109 4824 1443 4894 Ἰεροσόλυμα
1476 4829 1538 4880 ἐκ

281 4910 418 4980 πρὸ
464 4909 576 4962 τοῦ
611 4910 815 4979 Πάσχα,
867 4911 951 4964 ἵνα
983 4913 1268 4979 ἁγνίσωσιν
1297 4916 1535 4979 ἑαυτούς.

254 4997 335 5052 ὗν
378 4999 496 5051 τὸν
540 4999 782 5070 Ἰησοῦν,
817 5001 907 5052 καὶ
937 5001 1116 5067 ἔλεγον
1151 5003 1264 5068 μετ’
1297 5005 1536 5074 ἀλλήλων

254 5105 380 5150 :vr,
426 5089 514 5142 55
563 5104 680 5156 seq.
770 5091 789 5118 '
842 5089 968 5142 an.
1004 5105 1116 5148 vm.
1156 5089 1205 5142 8.

253 5200 258 5214 .
309 5158 379 5212 8.
481 5157 507 5187 ⁷
541 5158 680 5210 Gen.
717 5172 823 5222 XLI,
857 5157 940 5208 52.

254 5247 644 5325 μηγεύεται
669 5245 782 5325 ..δρ
859 5232 1121 5325 ’Esqufy'.
1148 5247 1536 5325 Kapaz’ogcogfa.

258 5311 290 5366 Β
329 5311 426 5366 De
469 5330 627 5366 nam.
654 5312 843 5382 Hebr”
875 5311 1196 5382 «V'Epliraim,
1237 5331 1255 5360 ι
1291 5311 1536 5382 frugifer,

253 5400 309 5434 3,
339 5383 389 5432 Α
419 5390 565 5438 m9
591 5399 607 5430 «
641 5381 866 5431 fructum
883 5377 1042 5431 dedit.
1066 5396 1082 5427 ι
1101 5377 1533 5443 ϐοιιεε.ἰι.ἱ,’52.

278 5449 437 5501 ἀπὸ
471 5449 679 5513 λήθης
696 5447 864 5498 λαοῦ.
893 5447 1122 5497 Manasse
1165 5448 1307 5498 enim
1363 5450 1534 5506 dictus

253 5535 275 5566 ι
329 5517 585 5568 oblitus
617 5517 730 5579 fuit,
769 5533 786 5564 ι
822 5514 1010 5564 Gctnes.
1056 5527 1156 5576 xu,
1185 5514 1269 5567 51.
1306 5514 1385 5568 Ita
1415 5518 1531 5570 Ma-

275 5585 462 5637 Juda
508 5598 708 5636 nomen
734 5599 761 5632 a
795 5580 884 5631 Dei
915 5580 1162 5632 oblivione
1179 5583 1388 5636 dictum
1435 5599 1526 5637 vo-

255 5652 486 5705 iudici
590 5649 935 5716 Hieronymus
989 5646 1062 5699 De
1120 5664 1239 5704 nam.
1301 5647 1524 5705 Helm:

1312 5093 1332 5123 ³
1373 5094 1514 5149 Psal.
1573 5110 1677 5159 cu,
1727 5096 1814 5163 57,
1868 5095 1956 5148 58.

1643 4473 1731 4540 qui
1759 4471 1984 4538 seipsum
2012 4471 2265 4526 humilem
2283 4475 2505 4541 praabuit
2526 4473 2695 4528 factus
2719 4473 2972 4527 obediens
3000 4460 3166 4542 usque

1643 4561 1708 4612 ad
1739 4572 1980 4623 mortem,
2038 4571 2263 4614 mortem
2312 4570 2484 4616 autem
2529 4562 2706 4615 erucis
2745 4562 2803 4615 ἐ
2836 4562 3036 4614 «Auxit
3084 4578 3166 4616 me

1641 4649 1778 4702 Deus
1807 4651 1857 4701 in
1887 4659 2028 4702 terra
2059 4649 2353 4706 alllictionis
2385 4667 2513 4704 mea:
2541 4653 2582 4705 ’.
2608 4669 2626 4702 ›

1707 4737 1859 4810 401
1899 4738 1986 4792 20.
2041 4756 2060 4789 «
2099 4737 2333 4795 Instabat
2382 4749 2554 4793 autem
2595 4739 2794 4792 Pascha
2842 4737 3164 4801 Judmorum,

1641 4838 1694 4884 et
1715 4830 2060 4883 ascenderunt
2085 4829 2233 4882 multi
2263 4826 2958 4895 Judaaorumlerosolymam
2985 4841 3048 4878 ex
3083 4843 3164 4878 rc-

1638 4919 1792 4987 gi0ne
1820 4929 1940 4972 ante
1986 4917 2212 4981 Pascha,
2259 4929 2316 4971 ut
2347 4918 2682 4986 puriﬁcarcnt
2713 4929 2792 4967 se.
2843 4914 3164 4978 Quatrebant

1636 5021 1758 5074 ergo
1781 4999 2078 5072 Jesum,iet
2123 5006 2562 5074 eolloquebantnr
2596 5003 2737 5054 inter
2783 5015 2842 5052 se
2887 5003 2938 5053 in
2975 5000 3165 5066 templo

2058 5095 2078 5126 ⁵
2105 5094 2243 5152 Psal.
2294 5109 2452 5160 xxxv,
2493 5091 2545 5142 7.
2647 5089 2668 5120 '
2698 5088 2959 5150 Psal.cvt,
2981 5087 3167 5139 ⁸58-ιό·

1645 5267 1662 5300 «
1699 5248 1956 5309 Manasse,
2000 5264 2019 5296 ι
2053 5244 2258 5306 oblitus,
2292 5245 2400 5297 sive
2423 5240 2732 5309 necessitas.‘

1707 5317 1813 5384 (66)
1839 5314 2134 5368 Secundum
2184 5314 2323 5366 istud
2377 5311 2484 5378 γῆν
2533 5308 2750 5360 Videtur
2791 5309 3092 5379 παρέλκειν
3136 5322 3193 5364 et

1640 5386 2006 5437 resecandum.

1709 5452 1839 5519 (ὅθ’)
1886 5450 1939 5499 '0
1970 5446 2054 5498 δέ.
2094 5445 2216 5519 llaec
2254 5447 2424 5519 verba
2451 5451 2608 5494 stare
2650 5441 2726 5519 sic
2767 5454 2899 5491 non
2942 5453 3154 5519 possunt
3186 5461 3202 5495 :

1632 5509 1908 5583 legendum
1929 5526 2011 5569 est
2034 5515 2117 5567 vel
2144 5517 2256 5584 ὅγε,
2284 5514 2427 5584 quod
2463 5519 2526 5562 et
2582 5509 2801 5567 melius,
2864 5510 2965 5560 vel
3013 5509 3093 5558 δδε
3125 5520 3216 5561 aut

1629 5589 1712 5640 ὅδε
1738 5589 1783 5640 6.
1813 5586 1962 5637 Eutr.

1695 5637 1802 5723 (δή)
1825 5654 2000 5709 Codex
2022 5650 2361 5718 Bodleianus,
2383 5642 2587 5706 εὑθὺςθ
2611 5643 2778 5695 editio
2799 5637 3234 5703 lluetii,sbbt‘l;.
