3820 6218
350 352 451 409 735

1757 328 2066 387 ORIGENIS

3201 294 3232 314 θ
3531 298 3645 351 736

353 476 548 522 stantes
574 481 587 517 :
619 460 751 528 Quid
793 459 998 512 videtur
1024 456 1196 523 vobis,
1259 456 1399 525 quod
1435 469 1537 509 non
1564 454 1771 509 venerit
1802 452 1861 504 ad

2165 440 2292 510 ἱερῷ
2320 438 2626 509 ἑστηκότες·
2657 435 2727 488 Τί
2755 434 2894 502 ὑμῖν
2922 427 3110 488 δοκετ,
3471 416 3642 489 [adt].

351 555 485 604 diem
525 549 711 601 festum
752 545 807 599 ’ἲ
854 565 872 596 ι
910 545 1020 598 Non
1066 546 1202 599 idem
1248 544 1573 599 censendum
1620 551 1701 596 est
1748 555 1865 595 esse

350 639 543 692 Pascha
577 636 779 690 Domini
823 643 877 688 et
914 634 1114 689 Pascha
1136 633 1432 689 Iudaeorum
1462 651 1475 686 :
1507 647 1627 686 nam
1666 631 1863 684 Pascha

348 728 627 780 secundum
663 723 871 792 Legem,
916 723 982 777 ad
1033 723 1309 777 Dominum
1345 723 1605 792 pertinet;
1669 722 1735 774 ad
1773 734 1866 773 eos

347 828 470 866 vero
499 813 585 879 qui
616 813 982 881 suntexleges,
1010 811 1214 867 Pascha
1245 813 1569 866 lutlaeorum.
1607 809 1867 875 Quocirca

345 903 862 956 animadvertendum
907 914 989 957 est
1030 903 1243 971 quando
1285 902 1479 957 dicitur
1527 901 1729 956 Pascha
1763 900 1865 953 Do-

346 992 498 1055 mini,
527 1002 577 1045 et
608 991 696 1045 alii
729 992 858 1054 dies,
888 1002 942 1046 et
983 990 1192 1060 quando
1235 1006 1338 1045 non
1382 990 1612 1054 Domini,
1660 990 1751 1044 sed
1777 1004 1868 1042 eo-

347 1095 461 1132 rum
490 1079 578 1147 qui
608 1081 1006 1149 redarguuutur
1033 1081 1102 1134 ob
1129 1090 1367 1150 peccata.
1403 1079 1560 1133 Verbi
1608 1078 1780 1148 gratia
1815 1078 1866 1131 in

346 1168 525 1222 Exodo
548 1178 667 1236 post
697 1170 797 1223 alia
826 1171 1081 1239 scriptum
1113 1181 1193 1226 est
1224 1172 1289 1225 de
1322 1170 1579 1225 Paschate
1618 1172 1668 1222 in
1702 1170 1869 1237 primo

346 1266 643 1324 praecepto:
679 1274 698 1307 ι
736 1258 797 1310 Et
821 1257 1110 1312 comedetis
1142 1258 1269 1311 illud
1294 1257 1638 1320 festinanter;
1667 1257 1867 1327 Pascha

344 1354 425 1400 est
449 1345 587 1399 enim
616 1347 862 1410 Domini;
894 1367 914 1399 ι
944 1356 998 1401 et
1025 1349 1075 1400 in
1104 1350 1338 1402 secundo
1369 1364 1381 1401 :
1417 1366 1435 1399 ι
1462 1348 1516 1401 Si
1545 1347 1776 1400 dixerint
1802 1347 1867 1398 ad

345 1448 438 1488 vos
487 1435 579 1489 filii
632 1437 787 1489 vestri
819 1451 833 1488 :
865 1435 1085 1502 Quinam
1133 1439 1303 1492 cultus
1324 1445 1405 1490 est
1433 1436 1583 1489 vobis
1622 1434 1751 1488 iste?
1785 1448 1867 1487 re-

344 1525 642 1592 spondete:
687 1525 905 1579 Victima
953 1538 1035 1579 est
1076 1526 1283 1581 Pascha
1323 1526 1560 1588 Domini,
1606 1525 1861 1593 quoniam

347 1615 576 1680 protexit
605 1615 791 1668 domus
834 1614 1063 1668 filiorum
1112 1615 1272 1670 Israel
1321 1617 1375 1668 in
1416 1614 1647 1685 Egypto
1676 1616 1716 1667 ’.
1758 1633 1777 1666 ι
1812 1613 1868 1667 In

345 1700 479 1758 Isaia
519 1718 665 1769 vero,
698 1720 801 1758 non
849 1708 929 1760 sui
977 1707 1161 1775 ipsius,
1205 1707 1295 1759 sed
1335 1717 1669 1772 peccatorum
1699 1705 1870 1774 inquit

1961 534 2048 605 οὐ]
2099 509 2171 604 μὴ
2220 509 2349 602 ἔλθῃ
2396 531 2476 591 είς
2525 528 2624 597 τὴν
2655 524 2892 613 ὲορτήνξ
2915 538 2966 613 ἐ
3119 509 3392 613 cauo?

1960 596 2080 676 τέον
2094 596 2230 674 εἶναι
2247 596 2435 687 Πάσχα
2456 617 2548 670 τοῦ
2569 596 2782 684 Κυρίου
2799 610 2900 664 καὶ
2915 606 3136 674 Πάσχα
3151 601 3286 655 τῶν
3305 596 3644 651 Ἰουδαίων·

1963 713 2024 765 τὺ
2056 713 2149 782 μὲν
2169 710 2274 779 γὰρ
2299 708 2434 763 κατὰ
2451 707 2542 759 τὸν
2562 705 2728 774 νόμον
2750 702 2978 769 Πάσχα,
2995 694 3127 750 ἐστὶ
3146 690 3266 744 τοῦ
3288 688 3559 782 Κυρίου,
3581 688 3647 739 τὸ

1962 805 2019 857 δὲ
2033 781 2141 855 τῶν
2166 799 2488 871 παρανόμων
2510 797 2704 864 Πάσχα
2721 792 2834 845 τῶν
2866 785 3189 842 Ἰουδαίων.
3221 781 3335 834 Διὸ

1967 892 2153 963 ρητέον
2201 867 2331 943 πδτε
2376 888 2595 955 λέγεται
2642 882 2858 953 Κυρίου
2895 879 2966 932 τὺ
3006 867 3643 975 ΠάσχαικαῇΜ

1965 960 2184 1053 ημέραι,
2219 983 2312 1035 καὶ
2348 980 2477 1032 πότε
2511 978 2573 1029 οὐ
2604 975 2699 1029 τοῦ
2735 972 2985 1046 Κυρίου,
3020 966 3181 1022 ἀλλά
3227 960 3652 1053 τῶνᾷἀλεγχο-

1969 1049 2141 1143 μένων
2198 1071 2291 1123 ἐπὶ
2345 1066 2660 1139 ἁμαρτίαις·
2714 1059 2828 1115 οἷον
2858 1063 2923 1113 ἐν
2988 1058 3103 1127 μὲν
3155 1056 3237 1123 τῇ
3547 1049 3637 1117 γέ.

1965 1141 2201 1232 γραπται
2232 1158 2347 1229 μεθ’
2378 1154 2543 1226 ἔτερα
2583 1153 2726 1208 κατὰ
2754 1153 2856 1239 τὴν
2903 1146 3164 1239 πρῴτην
3216 1142 3377 1239 τξξρῖ
3438 1141 3643 1239 Ξεξισχσ

1966 1226 2179 1319 ἐντολήν
2200 1265 2215 1279 ·
2234 1226 2265 1297 -ι
2296 1246 2406 1298 Καὶ
2434 1241 2618 1295 ἔδεσθε
2666 1238 2802 1292 αὐτὸ
2860 1234 3018 1305 μετὰ
3067 1229 3358 1297 σπουδῆς
3382 1226 3643 1319 Lilia-0

1967 1335 2081 1388 ἐστὶ
2112 1314 2331 1404 Κυρίου·
2394 1332 2424 1382 ι’
2475 1330 2569 1382 καὶ
2610 1327 2755 1379 κατά
2783 1323 2887 1392 τὴν
2920 1320 3252 1390 δευτέραν·
3301 1334 3324 1366 ι
3381 1314 3525 1367 Ἐὰν
3555 1314 3635 1365 λέσ

1967 1442 2102 1494 γωσι
2139 1426 2272 1493 πρὸς
2308 1422 2450 1490 ὑμᾶς
2493 1421 2541 1471 oi
2580 1418 2689 1471 υίοὶ
2727 1414 2912 1484 ὑμῶν·
2952 1411 3064 1473 Τίς
3105 1412 3146 1479 ἡ
3196 1406 3467 1477 λατρεία
3502 1404 3644 1458 αὕτη

1966 1517 2091 1585 ὑμῖν
2115 1532 2129 1579 ;
2157 1515 2247 1567 καὶ
2280 1517 2482 1583 ἐρεῖτε·
2517 1509 2692 1562 Θυσία
2722 1507 2787 1575 τὸ
2836 1505 3055 1572 Πάσχα
3107 1499 3226 1553 τοῦ
3278 1498 3544 1568 Κυρίου,
3573 1497 3646 1559 ὡς

1969 1606 2235 1658 ὲσκέπασε
2263 1606 2387 1664 τοὺς
2408 1602 2590 1661 οἴκους
2608 1598 2718 1650 τῶν
2741 1591 3152 1662 υίῶνίσραὴλ
3187 1593 3261 1643 ὲν
3298 1587 3645 1657 Αἰγύπτῳ.»

1969 1696 2058 1748 Ἐν
2081 1696 2137 1746 δὲ
2161 1693 2236 1762 τῷ
2272 1694 2485 1759 Ἡσαΐᾳ,
2521 1690 2619 1758 οὐχ
2653 1684 2881 1747 ἑαυτοῦ,
2914 1682 3075 1736 ἀλλά
3105 1679 3244 1733 τῶν
3280 1677 3648 1749 ἁμαρτανόν-

350 1793 600 1847 Domiuus
626 1808 744 1848 esse
769 1794 1057 1858 novilunia,
1106 1806 1158 1850 et
1193 1795 1446 1860 Sabbata,
1494 1806 1547 1849 et
1583 1796 1858 1864 jejunium,

2138 1785 2290 1852 φησὶν
2345 1777 2486 1832 εἶναι
2519 1780 2549 1830 ὁ
2581 1777 2791 1847 Κύριος
2824 1773 2935 1835 τὰς
2972 1769 3339 1864 νουμηνίας
3368 1806 3416 1864 ,Δ
3441 1765 3646 1864 καὶ-τά

347 1889 402 1933 et
428 1880 605 1944 ferias,
637 1891 690 1935 et
715 1881 1058 1947 festivitates;
1089 1885 1228 1951 quod
1252 1885 1295 1938 si
1324 1885 1675 1948 feStivitates,
1706 1885 1869 1953 liquet

347 1969 504 2022 etiam
531 1972 669 2037 quod
713 1971 937 2034 Pascha,
964 1988 1081 2027 cum
1122 1975 1232 2028 hth
1273 1990 1375 2026 una
1414 1976 1483 2029 sit
1510 1976 1647 2029 inter
1671 1976 1869 2029 festivi-

351 2066 507 2110 tates.
540 2057 804 2127 Scriptum
833 2073 917 2114 est
947 2072 1122 2116 autem
1154 2065 1294 2117 hunc
1325 2064 1374 2116 iu
1404 2064 1616 2117 modum
1662 2081 1675 2117 :
1720 2084 1737 2115 ι
1769 2064 1870 2117 Νο-

349 2146 547 2200 vilunia
581 2157 770 2210 vestra.
794 2161 847 2204 et
879 2150 1110 2205 Sabbata
1143 2164 1348 2217 vestra,
1376 2164 1429 2207 et
1456 2155 1592 2207 diem
1622 2168 1867 2223 magnum

349 2251 454 2289 non
480 2236 677 2293 tolero:
700 2238 981 2306 jejunium,
1009 2251 1061 2296 et
1094 2240 1275 2306 ferias,
1300 2252 1354 2296 et
1379 2244 1645 2296 novilunia
1668 2256 1867 2311 vestra,

350 2332 406 2377 et
438 2326 754 2381 festivitates
786 2338 989 2383 vestras
1010 2330 1119 2384 odit
1147 2332 1321 2384 anima
1349 2346 1464 2385 mea
1495 2333 1558 2386 ".
1602 2351 1621 2384 ι
1655 2333 1789 2397 Quin
1819 2337 1869 2388 in

352 2428 458 2467 uno
479 2430 543 2468 ex
578 2417 852 2472 duodecim
886 2421 1153 2489 praphetis
1180 2423 1430 2491 scriptum
1457 2435 1536 2477 est
1567 2440 1578 2471 τ
1616 2445 1635 2476 ι
1665 2424 1762 2478 Odi
1810 2441 1872 2480 ac

352 2503 588 2557 detestor
615 2506 922 2562 festivitates
942 2520 1145 2565 vestras
1169 2512 1210 2543 ’ί
1236 2527 1247 2559 :
1280 2530 1299 2562 ι
1329 2521 1383 2565 et
1402 2512 1553 2580 juxta
1579 2516 1870 2580 expositam

352 2588 724 2656 elocutionem,
768 2593 971 2648 Pascha
1017 2612 1119 2649 non
1157 2596 1385 2660 Domini,
1431 2600 1525 2652 sed
1571 2597 1871 2654 Iudaeorum

351 2687 507 2731 erat:
558 2679 861 2750 dictumque
903 2694 985 2737 est
1027 2682 1325 2740 Iudaeorum
1368 2684 1592 2753 Pascha,
1639 2692 1774 2757 quod
1819 2693 1871 2742 iu

352 2766 472 2836 ipe
503 2770 720 2824 insidias
758 2773 1069 2828 molirentur
1118 2775 1389 2831 Servatori
1440 2790 1645 2836 nostro.
1676 2781 1875 2849 Opinor

352 2858 514 2911 etiam
543 2858 645 2912 illis
671 2862 973 2930 prophetice
1021 2865 1219 2920 dictum
1266 2866 1472 2923 fuisse:
1504 2885 1524 2919 ι
1562 2870 1660 2923 Odi
1715 2882 1875 2940 atque

350 2947 685 3003 abominatus
713 2966 828 3004 sum
859 2951 1174 3009 festivitates
1206 2969 1407 3011 vestras
1435 2974 1450 3011 :
1490 2979 1509 3011 ι
1560 2976 1692 3027 opus
1733 2962 1873 3014 enim

351 3048 456 3088 nou
484 3052 776 3106 congruens
805 3041 1073 3097 fesuivitati
1101 3044 1212 3112 Dei,
1244 3048 1337 3101 sed
1363 3050 1646 3105 scelestum
1680 3054 1732 3106 in
1763 3056 1875 3121 ipso

351 3119 608 3179 Paschate
651 3126 909 3191 fecerunt,
975 3129 1251 3188 interfecto
1294 3134 1443 3189 Jesu.
1498 3119 1875 3192 Verumtamen

352 3221 477 3266 ante
505 3214 603 3267 hoc
625 3212 827 3270 Pascha
856 3215 1177 3288 Judaaorum,
1227 3222 1375 3277 inulti
1413 3228 1768 3280 ascenderunt
1814 3244 1875 3280 ex

354 3302 588 3369 regione,
619 3313 674 3356 ut
699 3318 758 3357 se
785 3305 1146 3372 puriﬁcareut.
1176 3309 1556 3379 Prteoccupans
1583 3324 1763 3368 autem
1796 3317 1878 3369 di-

355 3402 531 3444 cerem
556 3392 753 3446 multos
776 3410 877 3447 non
922 3396 1285 3454 considerasse
1330 3406 1594 3469 quomodo
1633 3406 1880 3474 purifica-

358 3485 477 3530 rent
525 3479 744 3546 seipsos,
796 3494 1071 3550 prapterea
1118 3489 1257 3555 quod
1309 3492 1673 3549 existimantes
1724 3511 1877 3549 suum

356 3564 591 3634 ipsorum
643 3568 847 3623 Pascha
903 3573 1099 3627 cultum
1147 3588 1400 3643 praestare
1464 3581 1604 3647 Deo,
1674 3593 1877 3637 tantum

357 3653 528 3711 abfuit
570 3667 628 3711 ut
656 3673 714 3713 se
733 3660 1097 3729 purillcarent,
1130 3675 1187 3720 ut
1216 3671 1375 3722 etiam
1414 3671 1746 3728 scelestiores
1788 3674 1879 3728 lie-

360 3756 479 3800 rent
501 3761 657 3815 quam
685 3760 859 3815 erant,
888 3761 1170 3822 antequam
1216 3759 1617 3816 sanctificarent
1650 3764 1876 3834 seipsos.

358 3836 611 3892 Dixerunt
632 3841 770 3893 enim
804 3841 973 3898 Pilato
1004 3845 1093 3913 qui
1118 3843 1297 3901 Iesum
1326 3849 1398 3903 illi
1430 3853 1761 3907 tradiderunt
1782 3853 1875 3910 Ju-

355 3927 454 3984 dei
485 3946 498 3982 :
536 3947 555 3979 ι
584 3928 750 3986 Nobis
785 3948 886 3986 non
912 3933 1035 3989 licet
1069 3936 1369 3992 interficere
1401 3954 1718 4010 quemquam
1740 3943 1817 4007 ¹¹;
1856 3963 1874 3995 ι

338 4008 564 4086 propter
594 4037 726 4089 quos
769 4021 853 4076 ille
892 4024 1024 4078 dixit
1076 4026 1349 4081 Servatori
1384 4046 1398 4082 :
1436 4046 1454 4079 ι
1491 4008 1733 4094 Nunquid
1782 4046 1880 4100 ego

355 4103 566 4159 Iudaeus
592 4110 745 4161 sum?
775 4109 915 4164 Gens
945 4120 1051 4176 tua,
1079 4124 1132 4167 et
1154 4114 1430 4181 pontifices
1460 4117 1795 4170 tradiderunt
1829 4129 1880 4174 te

361 4196 485 4250 mihi
520 4195 583 4251 ¹⁸.
612 4217 631 4250 ι
663 4201 737 4252 Ac
780 4215 907 4254 sane
956 4202 1045 4269 qui
1096 4204 1343 4257 dicebant
1390 4220 1448 4258 se
1495 4209 1792 4261 ascendisse
1827 4220 1882 4263 ut

359 4286 782 4355 purificareutur,
812 4306 831 4340 ι
870 4291 1227 4347 clamaverunt
1273 4291 1431 4365 5,02
1475 4297 1714 4351 dicentes
1745 4317 1763 4349 ι
1795 4298 1883 4351 Pi-

1971 1874 2228 1936 σάϐϐατα,
2269 1872 2361 1924 καὶ
2409 1870 2683 1938 νηστείαν,
2740 1866 2839 1918 καὶ
2892 1862 3123 1932 ἀργίαν
3152 1898 3173 1922 ,
3238 1859 3354 1911 καὶ
3395 1858 3647 1927 ἑορτάς·

1969 1965 2018 2015 εί
2047 1964 2102 2015 δὲ
2131 1963 2226 2024 τὰς
2262 1960 2473 2032 ἑορτὰς,
2505 1958 2686 2028 δῆλον,
2720 1957 2808 2008 ὃτι
2847 1954 2955 2006 καὶ
2985 1952 3058 2005 τὸ
3096 1951 3354 2019 Πάσχα·
3398 1948 3509 2018 μία
3538 1947 3648 2018 γὰρ

1968 2051 2106 2121 αὑτὴ
2136 2051 2240 2103 τῶν
2270 2049 2466 2121 ἑορτῶν
2510 2050 2650 2100 ἐστι.
2709 2044 3057 2113 Γέγραπται
3086 2041 3159 2093 δὲ
3197 2039 3436 2101 οὔτως·
3476 2056 3498 2088 t
3536 2037 3647 2098 Τὰς

1969 2139 2262 2208 νουμηνίας
2292 2137 2465 2205 ὑμῶν,
2502 2138 2597 2188 καὶ
2654 2134 2728 2186 τὰ
2780 2132 3062 2185 σάϐϐατα
3101 2130 3320 2199 ὑμῶν,
3371 2131 3480 2181 καὶ⁸
3509 2128 3646 2198 ἡμέ-

1974 2244 2070 2297 ραν
2105 2226 2340 2295 μεγάλην
2365 2226 2466 2277 οὐκ
2492 2224 2779 2293 ἀνέχομαι·
2812 2220 3133 2291 νηστείαν,
3170 2221 3211 2290 ἦ
3264 2220 3375 2272 καὶ
3408 2219 3647 2290 ἀργίαν,

1973 2318 2064 2370 καὶ
2105 2315 2393 2385 νουμηνίας
2424 2313 2577 2383 ὑμῶν
2606 2352 2621 2377 ,
2660 2315 2757 2365 καὶ
2793 2312 2905 2374 τὰς
2937 2312 3169 2381 ἑορτὰς
3212 2310 3395 2380 ὑμῶν
3428 2311 3584 2380 μισεῖ
3614 2310 3647 2361 ἠ

1971 2410 2112 2479 ψυχή
2147 2426 2264 2478 μου.
2298 2427 2316 2459 ι
2354 2408 2463 2459 Καὶ
2492 2406 2549 2459 ἐν
2593 2422 2700 2458 τινι
2737 2404 2798 2456 δὲ
2844 2403 2968 2457 τῶν
3002 2402 3254 2455 δώδεκα
3291 2402 3644 2472 γέγραπται·

1980 2518 1998 2549 r
2028 2498 2339 2567 Μεμίσηκα,
2374 2495 2636 2566 ἀπῶσμαι
2661 2495 2764 2556 τὰς
2790 2493 3010 2563 ὲορτάς
3053 2493 3264 2563 ὑμῶν·
3313 2512 3334 2543 ι
3374 2493 3479 2546 καὶ
3505 2491 3646 2545 κατά

1973 2588 2068 2657 τὴν
2105 2587 2425 2655 ἐκκειμένην
2457 2585 2636 2638 τοίνυν
2678 2583 2829 2647 λέξιν
2853 2620 2870 2645 ,
2908 2584 2983 2635 τὸ
3022 2583 3254 2651 Πάσχα
3300 2584 3369 2634 οὐ
3410 2582 3513 2635 τοῦ
3540 2584 3634 2635 Κυ

1979 2678 2110 2747 ρίου,
2137 2675 2269 2729 ἀλλὰ
2311 2677 2417 2731 τῶν
2450 2675 2721 2728 Ἰουδαίων
2754 2670 2849 2744 ἦν·
2891 2675 2924 2727 ὁ
2962 2674 3097 2744 γὰρ
3135 2674 3365 2745 Συηὴρ
3400 2673 3566 2744 ὑμῶν
3590 2675 3645 2726 ἐν

1976 2765 2120 2835 αὑτῷ
2148 2766 2555 2818 ἐπεϐουλεύετο·
2596 2765 2690 2817 καὶ¹
2721 2764 2814 2817 διὰ
2875 2764 3064 2818 τοῦτο
3111 2766 3327 2818 αὐτῶν
3382 2762 3546 2835 οἶμαι
3587 2765 3645 2818 τὸ

1977 2857 2166 2924 Πάσχα
2191 2854 2436 2925 εἰρῆσθαι
2466 2855 2649 2916 αὐτοῖς
2682 2854 3084 2923 προφητικῶς
3116 2855 3213 2908 τό·
3256 2874 3278 2906 ι
3307 2856 3643 2925 Μεμίσηκα,

1980 2942 2240 3012 ἀπῶσμαι
2264 2945 2362 3005 τὰς
2392 2942 2581 3012 ἑορτὰς
2609 2942 2786 3012 ὑμῶν·
2821 2959 2843 2992 ι
2885 2943 3079 3013 ἔργον
3113 2944 3248 3016 γὰρ
3306 2944 3420 3014 οὐχ
3454 2944 3643 3015 ἑορτῆς

1977 3031 2132 3096 Θεοῦ,
2167 3031 2279 3084 ἀλλ’
2316 3031 2506 3098 ἐναγὲς
2533 3033 2591 3083 ὲν
2638 3028 2793 3099 αὑτῷ
2828 3034 3231 3102 πεποιήκασι
3275 3033 3384 3086 τὸν
3439 3030 3644 3101 Ἰησῶν

1906 3103 1950 3163 C
1977 3121 2406 3183 ἀποκτείναντες.
2465 3120 2612 3190 Πλὴν
2644 3119 2751 3191 πρὸ
2785 3119 2888 3171 τοῦ
2924 3120 3156 3191 Πάσχα
3204 3124 3336 3176 τῶν
3368 3124 3644 3177 Ἰουδαίων

1975 3210 2181 3273 τούτου,
2205 3209 2384 3261 πολλοὶ
2417 3206 2686 3278 ἀνέϐησαν
2713 3209 2796 3270 είς
2839 3207 3257 3282 Ἱεροσόλυμα
3290 3216 3365 3266 ὲκ
3415 3215 3520 3285 τῆς
3544 3213 3644 3282 χώ-

1975 3318 2094 3375 ρας,
2129 3300 2215 3353 ἵνα
2250 3298 2545 3367 ἁγνίσωσιν
2588 3297 2839 3360 ἑαυτούς.
2888 3299 3246 3371 Προλαϐὼν
3276 3305 3331 3358 δ’
3365 3305 3439 3359 ἂν
3478 3306 3643 3358 erm-

1980 3409 2060 3461 μι,
2095 3391 2175 3442 ὅτι
2210 3388 2309 3440 οὐκ
2342 3387 2525 3440 ἐνόουν
2547 3388 2597 3438 oi
2632 3385 2825 3440 πολλοὶ
2873 3390 3015 3454 πῶς
3050 3391 3130 3445 ἂν
3178 3394 3505 3462 ἀγνίσαιεν.
3522 3397 3644 3447 ἑαυ-

1973 3478 2119 3540 τούς·
2154 3477 2339 3548 διόπερ
2367 3475 2650 3538 δοκοῦντες
2689 3476 2754 3528 τὸ
2811 3479 3058 3534 ἑαυτῶν
3114 3484 3352 3555 Πάσχα
3390 3484 3648 3557 λατρείαν

1976 3567 2302 3639 προσφέρειν
2326 3565 2403 3635 τῷ
2435 3565 2572 3635 Θεῷ,
2612 3565 2878 3621 τοσοῦτον
2928 3569 3208 3643 ἐδέησαν
3261 3576 3373 3629 τοῦ
3431 3576 3649 3645 ἁγνίσαι

1977 3659 2219 3719 ἑαυτοὺς,
2248 3655 2387 3708 ὥστε
2412 3656 2761 3727 ὲναγέστεροι
2792 3660 3087 3726 γενέσθαι
3130 3663 3206 3721 οὗ
3237 3663 3404 3739 ἦσαν
3436 3669 3649 3736 ἐναγεῖς

1977 3748 2103 3817 πρὶν
2143 3745 2436 3812 ἁγνίσωσιν
2482 3744 2733 3807 ἑαυτούς.
2776 3743 2968 3802 Είπον
3025 3753 3158 3825 γὰρ
3215 3758 3310 3828 τῷ
3344 3758 3578 3827 Πιλάτῳ
3603 3757 3652 3809 oi

1976 3836 2352 3904 παραδιδόντες
2405 3834 2556 3904 αὐτῷ
2609 3834 2702 3887 τὸν
2756 3837 2993 3907 Ἰησοῦν
3048 3844 3379 3901 Ἰουδαῖοι.
3424 3868 3446 3901 ι
3491 3848 3653 3918 Ἡμῖν

1975 3928 2073 3980 οὐκ
2104 3927 2305 3991 ἔξεστιν
2347 3927 2663 3980 ἀποκτεῖναι
2722 3928 2965 3981 οὐδένα·
2998 3952 3023 3984 ι
3090 3934 3172 3989 δι’
3227 3939 3340 4002 οὓς
3385 3940 3551 4009 ἔλεγε
3578 3939 3655 4009 τῷ

1978 4020 2201 4090 Σωτῆρι·
2243 4037 2262 4068 ι
2299 4019 2444 4087 Μήτι
2491 4017 2602 4087 ἐγὼ
2641 4019 2908 4085 Ἰουδαῖός
2960 4027 3149 4096 sitat;
3189 4031 3282 4084 Τὸ
3320 4032 3427 4086 σὺν
3460 4031 3652 4093 ἔθνος,

1977 4113 2070 4166 καί
2095 4114 2142 4165 oi
2169 4113 2438 4181 ἀρχιερεῖς
2454 4111 2784 4181 παρέδωκάν
2806 4130 2871 4166 σε
2893 4115 3063 4186 ἐμοί.
3093 4139 3116 4172 ι
3144 4123 3279 4177 Καὶ
3311 4127 3370 4177 oi.
3398 4125 3653 4193 λέγοντές

1977 4219 2039 4271 γε
2061 4199 2451 4272 ἀναϐεϐηκέναι
2484 4200 2573 4254 ῐνα
2611 4203 2926 4270 ἁγνίσωσιν
2959 4209 3262 4280 ἑαυτοὺς,
3307 4236 3329 4267 ι
3373 4216 3656 4289 ἐκραύγα-

1981 4306 2076 4343 σαν
2106 4288 2348 4357 λέγοντες
2384 4307 2402 4338 ι
2429 4286 2508 4358 τῷ
2544 4288 2770 4376 Πιλάτῳ
2794 4310 2809 4323 ·
2838 4312 2858 4343 ι
2895 4296 3003 4367 Μὴ
3035 4300 3267 4357 τοῦτον
3311 4325 3333 4357 ι
3374 4286 3657 4376 ἀπολύσῃ,

361 4373 505 4430 lato:
536 4394 555 4427 ι
589 4376 740 4434 Hunc
764 4395 829 4433 ne
857 4399 876 4432 ι
904 4384 1190 4449 dimiseris,
1226 4402 1244 4435 ι
1281 4387 1371 4439 sed
1404 4384 1697 4465 Barabbam
1726 4405 1738 4439 :
1768 4401 1869 4441 erat

2147 4379 2175 4430 ὰ
2198 4377 2287 4430 τὸν
2312 4377 2605 4469 Βαραϐϐᾶν
2626 4391 2641 4406 ’
2685 4375 2758 4450 ἦν
2796 4381 2858 4434 δὲ
2885 4385 2919 4436 ὁ
2964 4386 3318 4459 Βαραϐϐᾶς
3360 4373 3655 4468 λῃστής.)

360 4472 535 4516 autem
565 4464 830 4521 Barabbas
865 4468 998 4525 latro
1029 4472 1105 4534 u;
1141 4491 1159 4524 ι
1194 4483 1249 4527 et
1295 4489 1501 4528 rursum
1530 4491 1550 4526 ι
1597 4481 1881 4545 responde-

362 4550 670 4607 runtludati
698 4572 712 4609 :
744 4556 849 4612 Nos
878 4559 1042 4629 legem
1076 4563 1350 4628 habemus,
1380 4573 1435 4619 et
1467 4567 1759 4620 secundum
1811 4569 1886 4621 le-

361 4656 477 4710 gem
506 4644 664 4699 debet
705 4649 860 4714 mori,
907 4652 1027 4718 quia
1069 4651 1258 4707 Filium
1297 4654 1389 4709 Dei
1428 4670 1486 4709 se
1518 4655 1644 4711 fecit
1674 4658 1735 4713 ".
1774 4677 1792 4710 ι
1825 4658 1889 4711 Et

360 4746 546 4788 rursus
572 4754 590 4786 ι
624 4733 786 4790 ιυάωί
825 4739 1186 4796 clamaverunt
1215 4761 1235 4795 ι
1265 4743 1591 4803 ad,Pilatum
1646 4763 1667 4797 ι
1700 4747 1884 4802 direu-

362 4831 442 4877 tes
471 4841 486 4878 :
520 4824 575 4878 Si
613 4826 749 4882 hunc
770 4828 1010 4894 dimittis,
1038 4845 1140 4885 non
1173 4845 1231 4886 es
1251 4834 1453 4887 amicus
1476 4833 1729 4900 Caesaris;
1762 4851 1883 4888 nam

359 4912 601 4981 quisquis
654 4929 713 4968 se
763 4931 937 4987 regem
968 4918 1116 4983 facit,
1165 4921 1484 4977 cantradicit
1523 4922 1717 4977 Caesari
1758 4926 1819 4978 η.
1858 4943 1879 4976 ι

361 5000 438 5053 Ac
490 5016 673 5057 rursus
697 5023 715 5055 ι
749 5006 1112 5062 clamaverunt
1146 5029 1165 5061 ι
1194 5008 1360 5066 Judaei
1389 5030 1405 5066 :
1442 5029 1461 5062 ι
1501 5010 1677 5076 Tolle,
1719 5014 1842 5068 tolle
1867 5056 1881 5079 ,

364 5089 611 5158 cruciﬂge
666 5108 788 5146 eum
815 5095 879 5149 ".
911 5114 930 5146 ι
958 5099 1033 5151 Ac
1054 5114 1181 5153 sane
1230 5101 1320 5169 qui
1377 5101 1729 5156 ascenderant
1766 5112 1887 5155 ante

367 5173 571 5232 Pascha
601 5182 806 5251 seipsos
845 5170 1454 5255 puriﬁcaturi‘dicehaut
1494 5191 1545 5242 in
1584 5191 1767 5245 eodem
1791 5189 1890 5243 Pa-

369 5266 589 5321 schate:
617 5286 636 5319 ι
662 5270 779 5325 Non
814 5272 1069 5330 habemus
1107 5291 1283 5345 regem
1321 5278 1423 5333 nisi
1469 5278 1731 5334 Caesarem
1765 5279 1827 5333 η.
1864 5299 1883 5331 ι

440 5398 463 5429 ⁸
494 5398 647 5481 ili-ian.
668 5406 871 5481 νηῷ,
1049 5410 1092 5481 ,⁸
1120 5411 1287 5467 Exod.
1319 5429 1414 5478 xli,
1440 5416 1499 5468 ll
1521 5431 1537 5481 ;
1560 5428 1703 5477 xxvr,
1724 5411 1812 5466 27.

442 5595 553 5666 (68)
576 5595 634 5652 lu
663 5602 845 5661 codice
866 5602 1033 5675 Regio
1056 5606 1203 5663 deest
1236 5609 1340 5665 ὅτι.

440 5414 463 5429 '
494 5414 647 5456 Joan.
677 5420 754 5469 xl,
783 5414 871 5474 55,
908 5414 995 5462 56.
1068 5414 1092 5441 '
1120 5414 1287 5467 Exod.
1319 5429 1414 5478 xli,
1440 5416 1499 5468 ll
1521 5431 1537 5481 ;
1560 5428 1703 5477 xxvr,
1724 5414 1812 5466 27.

374 5463 462 5519 5i.
536 5469 579 5499 “
609 5472 734 5528 ibid.
756 5475 847 5528 35.
921 5478 965 5509 “
990 5477 1120 5535 ibid.
1143 5481 1230 5534 ω.
1306 5482 1350 5513 ⁸⁸
1377 5482 1529 5539 Joan.
1564 5482 1737 5551 xtx,7.
1812 5482 1855 5513 ³⁵
1881 5484 1882 5488 ‘

1319 5429 1414 5478 xli,
1440 5414 1812 5481 ll;xxvr,27.
1923 5414 1964 5445 ‘°
1994 5415 2155 5477 lsa.t,
2190 5416 2276 5482 15,
2325 5419 2411 5473 Μ.
2525 5426 2566 5458 ιι
2623 5431 2796 5487 Amos

1306 5482 1350 5513 “
1377 5482 1529 5539 Joan.
1564 5482 1737 5551 xtx,7.
1812 5482 1855 5513 “
1881 5481 2008 5538 ibid.
2043 5484 2127 5538 l2.
2203 5485 2243 5518 "
2275 5488 2409 5545 ibid.
2432 5491 2530 5550 15.
2607 5498 2652 5533 ⁸⁸
2676 5501 2805 5559 ibid.

1982 4468 2145 4521 Πάλιν
2209 4485 2229 4517 ι
2260 4465 2634 4537 ἀπεκρίθησαν
2681 4471 2733 4523 οἱ
2794 4471 3071 4530 Ἰουδαῖοι
3095 4496 3115 4511 ·
3193 4465 3434 4554 Ἡμεῖς⁷
3492 4465 3664 4555 νόμον

1981 4560 2204 4630 ἔχομεν,
2235 4557 2327 4611 καὶ
2376 4557 2517 4611 κατὰ
2549 4557 2645 4612 τὸν
2675 4560 2847 4631 νόμον
2881 4564 3123 4635 ὀφείλει
3183 4574 3542 4636 ἀποθανεῖν.
3579 4578 3662 4630 ἂι

1981 4648 2105 4701 Υἱδν
2131 4646 2262 4700 Θεοῦ
2288 4647 2477 4700 ἑαυτὸν
2510 4649 2763 4722 ἐποίησε.
2798 4671 2818 4703 ι
2854 4655 2978 4708 Καὶ
3008 4661 3209 4716 πάλιν
3248 4683 3272 4716 s
3302 4670 3361 4719 οί
3406 4669 3664 4721 Ἰουδαῖοι

1985 4736 2315 4808 ἐκραύγαζον
2359 4738 2607 4806 λέγοντες
2649 4759 2669 4791 ι
2720 4742 2866 4812 πρὸς
2919 4747 3024 4803 τὸν
3087 4752 3373 4812 Πιλᾶτον
3402 4775 3420 4790 ·
3464 4779 3487 4811 ι
3535 4761 3663 4813 Ἐὰν

1985 4827 2169 4880 τοῦτον
2218 4829 2492 4900 ἀπολύσῃς
2512 4868 2527 4892 ,
2573 4830 2676 4884 οὐκ
2706 4828 2759 4885 εί
2786 4834 2954 4902 φίλος
2989 4842 3101 4896 τοῦ
3149 4848 3479 4922 Καίσαρος
3499 4867 3516 4881 ·
3554 4852 3666 4913 πῶς

1985 4917 2014 4968 ὁ
2043 4915 2259 4985 βασιλέα
2288 4918 2476 4971 ἑαυτὸν
2513 4918 2687 4974 ποιῶν
2717 4922 3010 4994 ἀντιλέγει
3035 4932 3132 5003 τῷ
3164 4915 3475 5010 Καίσαρι,
3506 4959 3525 4990 ι
3554 4940 3667 4992 Καὶ

1987 5008 2144 5061 πάλιν
2173 5025 2189 5056 ι
2209 5008 2547 5077 ἐκραύγασαν
2569 5016 2651 5068 tot
2674 5015 2947 5072 Ἰουδαῖοι·
2972 5040 2992 5072 ι
3014 5017 3098 5075 'A
3110 5043 3246 5096 ρον,
3280 5008 3460 5101 ἆρον,
3493 5031 3667 5083 σταύ-

1994 5119 2159 5173 ρωσον
2196 5102 2373 5156 αὐτόν.
2404 5121 2423 5153 ι
2478 5105 2592 5158 Καὶ
2645 5108 2696 5159 oi
2757 5108 3210 5184 ἀναϐεϐηκότες
3268 5139 3346 5191 γε
3399 5124 3553 5195 πρὸς
3602 5124 3670 5175 τὸ

1992 5192 2177 5262 Πάσχα
2198 5230 2214 5256 ,
2250 5192 2336 5244 ἴνα
2366 5194 2665 5264 ἁγνίσωσιν
2694 5200 2952 5268 ἑαυτοὺς,
2983 5205 3206 5277 ελεγον
3249 5215 3319 5267 ὲν
3376 5192 3548 5286 αὐτῷ
3589 5216 3669 5286 τῷ

1993 5280 2209 5349 Πάσχα·
2267 5300 2285 5332 ι
2322 5282 2434 5334 υὺκ
2489 5285 2689 5357 εχομεν
2742 5289 2977 5361 βασιλέα
3022 5299 3075 5350 εί
3141 5301 3237 5374 μὴ
3302 5280 3663 5379 Καίσαρα.ε

2525 5426 2566 5458 ¹¹
2611 5431 2796 5501 Amos
2842 5448 2899 5501 v,
2932 5433 3032 5495 ﬁl.
