3820 6250
951 280 1294 338 ΟΟΜΜΕΝΤ.
1335 279 1401 335 IN
1432 278 1615 336 IOAN.
1655 277 1886 334 TOMUS
1916 278 2146 337 XXVIII.

3066 285 3168 341 758

285 367 313 425 δὲ
353 380 465 453 πρδς
503 396 624 460 τοὺς
669 399 912 470 μαθητὰς
949 397 1066 453 εἶπε
1114 399 1463 469 προφητεύων
1511 395 1540 448 ό
1570 405 1609 460 Α
1640 393 1793 448 Czetel

1659 393 1897 448 Izeterum
1926 394 2065 462 quod
2095 393 2367 461 discipulis
2392 395 2649 451 Senator
2690 396 2897 453 dixerat
2932 401 3167 468 prophe-

285 509 290 530 .
336 476 414 530 καὶ
455 479 631 552 λέγων,
679 508 697 539 ι
733 491 979 560 Ἔρχεται
1032 489 1147 560 ὥρα
1171 527 1187 550 ν
1229 490 1317 541 ὅτε
1359 490 1466 552 πᾶς
1513 490 1543 541 δ

285 566 367 635 ἶνας
407 571 527 645 ὑμᾶς
569 578 712 643 δόξει
779 579 1024 650 λατρείαν
1087 579 1412 650 προσφέρειν
1464 581 1542 649 τῷ

319 663 446 717 τοῦτο
472 666 550 719 ἀπ’
593 668 756 720 αὐτοῦ
804 668 1100 738 ἀρξάμενον
1150 668 1496 738 πεπλήρωται
1523 685 1537 699 ·

285 754 538 819 ιξιὼσαντες
555 758 715 810 αὐτὸν
739 759 1039 821 ἀποθανεῖν,
1066 758 1276 811 ἐδόκουν
1294 757 1542 828 λατρείαν

285 864 366 899 »ειν
386 847 453 917 τῷ
473 847 590 918 Θεῷ,
625 850 717 902 καὶ
751 850 1170 920 ἀναδεδήκεισαν
1210 851 1288 911 εἰς
1324 849 1543 919 Ἱεροσό-

285 935 321 985 ›ὸ
363 935 443 988 τοῦ
473 937 679 1005 Πάσχα,
728 939 813 990 ἵνα
855 938 1136 1006 ἁγνίσωσιν
1163 936 1400 1001 ἑαυτούς·
1431 939 1459 991 ὀ
1485 939 1540 991 δὲ

285 1025 514 1093 ἀγνισμὸς
542 1027 599 1078 ού
642 1027 747 1096 πρὸ
792 1027 883 1080 τοῦ
926 1028 1145 1096 Πάσχα,
1190 1026 1301 1080 ἀλλ’
1354 1029 1413 1081 ἐν
1463 1027 1545 1096 τῷ

296 1115 378 1167 ὅτε
423 1115 610 1185 Ἰησοῦς
655 1116 917 1170 ἀπέθανεν
944 1118 1080 1186 ὑπὲρ
1110 1116 1216 1170 τῶν
1257 1116 1539 1186 ἁγνιζομέ-

286 1206 447 1275 Ᾱμνὸς
475 1206 622 1272 Θεοῦ,
653 1207 744 1261 καὶ
771 1203 871 1277 ἦρε
893 1207 984 1259 τοῦ
1015 1208 1213 1277 κόσμου
1242 1208 1336 1278 τὴν
1361 1209 1538 1278 ἁμαρ·

285 1296 317 1346 εὶ
356 1295 560 1365 ἐζήτουν
592 1313 654 1363 γε
696 1290 838 1348 οῦτοι
900 1297 1134 1348 Ἰουδαῖοι
1187 1296 1277 1349 τὸν
1317 1296 1536 1366 Ἰησοῦν,

290 1383 656 1454 ὠφεληθῶσιν,
705 1384 815 1435 ἀλλ’
851 1384 934 1436 ἵνα
965 1382 1121 1436 αὐτὸν
1166 1386 1534 1437 ἀποκτείνωσι·

290 1469 440 1526 εἶπεν
470 1476 530 1528 ἀν
548 1491 562 1504 ’
597 1492 615 1524 ι
644 1474 754 1526 Νῦν
775 1475 829 1526 δὲ
859 1474 1065 1544 ζητεῖτέ
1098 1492 1162 1544 με
1200 1476 1533 1536 ἀποκτεῖναι,

290 1561 471 1629 ήθειαν
499 1561 622 1630 ὑμῖν
651 1560 943 1627 λελάληκα,
978 1561 1045 1629 ἣν
1079 1560 1282 1630 ’ήκουσα
1310 1559 1415 1611 ἀπὸ
1443 1558 1534 1611 τοῦ
1566 1636 1569 1637 ν

285 1651 352 1701 Lai.
380 1651 438 1701 ὲν
467 1648 609 1718 αὐτῷ
654 1665 716 1716 γε
764 1648 838 1717 τῷ
887 1648 1013 1719 ἱερῷ
1044 1648 1323 1715 ἑστηκότες
1356 1647 1534 1714 ἔλεγον

1641 491 1778 545 tans,
1804 495 1868 534 ac
1890 480 2074 535 dicens
2098 496 2113 532 :
2141 498 2161 532 ι
2200 481 2354 535 Venit
2383 484 2534 549 hora,
2560 499 2682 539 cum
2702 485 2942 554 quisquis
2966 500 3064 541 vos
3087 489 3168 541 in-

1640 566 1924 632 terfecerit,
1951 567 2192 620 videatur
2236 570 2435 623 cultum
2485 583 2739 638 praestare
2762 572 2868 626 Deo
2896 572 2963 636 ",
3003 593 3022 626 ι
3067 576 3166 631 hoc

1638 655 1690 707 in
1721 655 1896 723 seipse
1921 670 2039 709 cum
2080 655 2384 724 incepisset,
2431 658 2700 728 impletum
2726 669 2829 714 est.
2880 660 2977 726 Qui
3014 677 3167 715 nam-

1637 759 1739 811 que
1765 746 1978 814 dignum
1999 759 2118 800 esse
2145 758 2466 801 censuerunt
2492 759 2549 802 ut
2571 747 2888 814 moreretur,
2912 751 3167 805 videban-

1641 842 1726 884 tnr
1756 832 1952 886 cultum
1983 842 2237 901 praestare
2264 834 2399 900 Deo,
2444 844 2498 890 et
2528 840 2879 892 ascenderant
2900 837 3166 908 Ierosoly-

1639 935 1775 973 mam
1806 930 1928 974 ante
1953 920 2175 984 Pascha,
2202 933 2260 976 ut
2281 938 2337 976 se
2363 923 2725 992 puriﬁcarent.
2759 929 2830 979 At
2860 941 2986 981 vero
3017 927 3163 996 puri-

1638 1008 1811 1062 ﬁcatio
1840 1024 1962 1062 vera
2004 1024 2107 1062 non
2135 1019 2258 1063 ante
2291 1009 2514 1076 Pascha,
2556 1014 2650 1066 sed
2678 1015 2733 1065 in
2762 1014 2878 1081 ipso
2900 1014 3161 1069 Paschate

1636 1104 1784 1160 erat;
1819 1106 1926 1149 tum
1974 1098 2200 1160 scilicet,
2234 1101 2446 1166 quando
2478 1098 2632 1154 Iesus
2674 1113 2916 1156 mortuus
2951 1113 3033 1156 est
3069 1120 3165 1171 pro

1635 1185 1716 1238 his
1746 1186 1836 1252 qui
1868 1184 2302 1253 puriﬁcabantur,
2327 1186 2467 1239 velut
2491 1187 2669 1256 Agnus
2709 1190 2797 1243 ille
2833 1191 2942 1254 Dei,
2974 1202 3027 1244 et
3048 1193 3165 1247 tulit

1633 1284 1905 1339 peccatum
1936 1276 2117 1328 mundi
2150 1276 2214 1326 ⁸ο.
2253 1275 2330 1343 Ac
2365 1276 2603 1344 profecto
2628 1277 2808 1332 Iesum
2857 1282 3164 1347 querebant

1635 1363 1685 1414 hi
1714 1361 1900 1427 Iudaei,
1936 1378 2038 1417 non
2061 1372 2118 1416 ut
2137 1364 2535 1432 adiuvarentur,
2559 1368 2651 1418 sed
2676 1379 2732 1420 ut
2754 1382 2872 1421 eum
2898 1370 3163 1422 interfice-

1605 1452 1609 1457 '
1634 1460 1750 1502 rent
1782 1465 1796 1501 :
1825 1451 2013 1518 quibus
2040 1452 2263 1505 dixisset
2288 1469 2301 1504 :
2339 1468 2358 1501 t
2397 1451 2545 1505 Nunc
2570 1468 2696 1506 vero
2724 1456 2960 1521 quaeritis
2981 1471 3064 1508 me
3090 1458 3165 1509 in-

1634 1539 1895 1600 terﬁcere.
1929 1540 2214 1605 hominem,
2239 1542 2329 1608 qui
2361 1542 2638 1593 veritatem
2670 1542 2876 1597 locutus
2907 1558 3023 1596 sum
3062 1559 3158 1596 vo-

1632 1628 1732 1691 bis,
1792 1642 1949 1695 quam
2005 1629 2180 1681 audivi
2239 1646 2267 1680 a
2318 1631 2422 1683 Deo
2451 1631 2514 1681 “.
2559 1650 2577 1680 ι
2609 1630 2674 1683 Et
2722 1646 2849 1685 sane
2882 1633 2933 1685 in
2970 1634 3161 1701 templo

285 1739 424 1807 plen;
454 1717 695 1809 περὶτοῦ
739 1737 906 1807 Ἰησοῦ
924 1717 948 1767 ’ἡ
976 1756 995 1787 ι
1027 1738 1090 1789 Τί
1118 1738 1260 1790 δοκεῖ
1281 1738 1426 1806 ὑμῖν,
1454 1738 1533 1789 ὅτι
1567 1750 1602 1801 η
1635 1717 1747 1809 ίρξο
1770 1806 1780 1809 _

1653 1730 1747 1782 pso
1795 1726 2000 1771 stantes
2045 1719 2483 1785 colloquebantur
2539 1721 2678 1773 inter
2736 1735 2794 1775 se
2838 1721 2904 1776 de
2971 1721 3094 1776 Iesu
3139 1740 3156 1779 :

285 1830 338 1901 ὶῃ
368 1830 447 1891 είς
474 1829 570 1898 τὴν
602 1829 837 1897 ἑορτήν;“
861 1847 878 1876 ι
923 1826 1058 1877 Ἀλλ’
1089 1826 1185 1894 οὐχ
1218 1826 1347 1878 ὅπου
1389 1818 1531 1878 οὗτοι

285 1934 354 1976 tv,
373 1916 630 1985 ἑώρταζεν
648 1916 870 1984 Ἰησοῦς,
899 1915 1010 1967 ἀλλ’
1035 1917 1112 1977 εἰς
1136 1915 1194 1968 τὸ
1226 1915 1366 1985 μέγα
1394 1915 1531 1968 ἀνώ-

288 2006 350 2056 τὸ
394 2006 766 2075 σεσαρωμένον
795 2006 888 2057 καὶ
918 2003 1348 2073 κεκοσμημένον,
1399 2004 1528 2056 ὅπου

302 2091 611 2162 ἐπεθύμησε
660 2093 719 2146 τὸ
746 2093 934 2160 Πάσχα
983 2092 1114 2161 μετά
1148 2093 1253 2143 τῶν
1283 2091 1531 2160 μαθητῶν

288 2181 348 2250 pb
382 2180 473 2232 τοῦ
500 2180 710 2236 παθεῖν.
743 2180 929 2243 Εἴποις
970 2179 1015 2231 δ’
1057 2179 1155 2239 ἂν,
1198 2180 1277 2231 ὅτι
1317 2180 1408 2231 καὶ
1438 2179 1530 2230 νῦν

326 2266 385 2316 ἐν
429 2267 508 2336 τῷ
552 2266 681 2337 ἱερῷ
723 2266 1004 2337 ζητοῦντες
1040 2266 1127 2318 τὸν
1172 2264 1392 2336 Ἰησοῦν,
1435 2268 1532 2318 s1:-

285 2374 310 2407 ει
341 2356 440 2425 μὲν
468 2356 543 2419 ὡς
573 2358 739 2425 ἱεραῖς
785 2360 902 2418 ταῖς
950 2356 1206 2426 Γραφαῖς,
1263 2353 1348 2407 διὰ
1378 2356 1433 2408 δὲ
1470 2355 1529 2408 τὸ

285 2463 327 2497 ιν
372 2445 681 2513 ἐληλυθότα,
746 2444 1027 2515 ζητοῦντες
1077 2445 1258 2498 τοῦτον
1310 2445 1406 2514 μὲν
1433 2463 1529 2499 κα-

286 2535 372 2584 ἓτε
383 2550 473 2603 ρον
513 2533 570 2585 δὲ
599 2532 785 2586 τούτου
816 2535 1044 2604 Χριστὸν
1073 2533 1363 2603 ὁμολογεῖν.
1390 2535 1525 2605 Πρό-

285 2625 316 2674 εί
363 2623 587 2676 δύνασαι
640 2624 732 2676 καὶ
781 2624 968 2686 ἄλλους
1010 2624 1284 2687 Ἰουδαίους
1326 2624 1522 2692 λέγειν,

285 2726 363 2771 ῖας
407 2711 488 2772 εἰς
532 2710 891 2778 Ἱεροσόλυμα,
945 2711 1037 2763 καὶ
1087 2712 1405 2781 ἐρχομένους
1448 2714 1526 2776 εἰς

291 2798 385 2850 τοῦ
413 2798 569 2861 Θεοῦ,
614 2798 720 2850 ἀπὸ
750 2799 847 2867 τῆς
880 2799 983 2862 ἔξω
1023 2799 1396 2871 Ἱεροσολύμων
1422 2802 1526 2872 χώ-

285 2888 609 2956 ὲρχομένους
654 2889 739 2939 ἴνα
782 2888 1092 2955 ἁγνίσαντες
1120 2892 1338 2955 ἑαυτοὺς
1365 2893 1522 2964 δυνη-

285 2995 352 3031 κα
395 2977 462 3030 ἂν
492 2977 555 3030 τὸ
580 2978 769 3047 Πάσχα
815 2978 944 3048 τυθῇ
973 2980 1218 3050 Χριστὸς,
1253 2982 1521 3053 ἑορτάζειν

1637 1822 1655 1855 ι
1685 1805 1818 1869 Quid
1871 1806 2075 1860 videtur
2105 1810 2274 1871 vobis,
2326 1811 2466 1877 quod
2494 1826 2597 1863 non
2648 1811 2861 1865 venerit
2903 1815 2967 1866 ad
3018 1814 3158 1866 diem

1632 1895 1820 1949 festum
1845 1897 1931 1951 ἠ
1970 1915 1988 1946 ι
2017 1898 2084 1950 Αι
2124 1913 2226 1951 non
2267 1900 2356 1952 ubi
2400 1901 2450 1953 hi
2501 1900 2735 1963 stabant,
2787 1902 2924 1955 diem
2968 1901 3157 1957 festum

1631 1984 2013 2052 agebatIesus,
2066 1988 2159 2040 sed
2194 1990 2245 2040 in
2293 1990 2568 2044 caenaculo
2607 2005 2796 2059 magno
2824 1995 2997 2059 scepis
3029 2005 3157 2058 pur-

1628 2084 1751 2141 gato
1778 2083 1832 2126 et
1856 2077 2122 2140 mundata,
2147 2077 2233 2128 ubi
2261 2079 2520 2133 desiderio
2542 2081 2931 2133 desideraverat
2950 2080 3158 2134 Pascha

1629 2165 1945 2219 manducare
1972 2181 2091 2218 cum
2122 2167 2421 2234 discipulis,
2451 2180 2735 2236 antequam
2781 2181 3056 2239 pateretur
3084 2171 3154 2226 ³³.

1628 2249 1840 2303 Diceres
1862 2251 2019 2319 igitur
2037 2267 2129 2305 eos
2151 2254 2433 2305 etiamnum
2459 2255 2509 2307 in
2534 2256 2727 2324 templo
2746 2268 2889 2311 stare
2911 2273 3154 2325 quaren-

1629 2347 1705 2390 tes
1728 2337 1928 2401 Iesum,
1984 2340 2196 2394 innixos
2253 2343 2415 2394 veluti
2470 2344 2642 2397 sacris
2686 2344 3007 2414 Scripturis;
3063 2350 3157 2402 sed

1624 2429 1747 2494 quia
1781 2437 2076 2496 quaerentes
2104 2431 2348 2499 ignorent
2392 2446 2512 2484 eum
2562 2434 2652 2501 qui
2694 2436 2855 2501 venit,
2885 2436 3005 2490 huic
3038 2438 3155 2504 qui-

1624 2520 1742 2571 dem
1773 2519 2130 2582 'maletlicere,
2182 2521 2448 2574 diversum
2499 2537 2624 2576 vero
2676 2526 2744 2577 ab
2773 2525 2875 2579 hoc
2909 2527 3154 2581 conﬁteri

1625 2608 1910 2663 Christum.
1952 2609 2155 2663 Adhibe
2204 2625 2330 2665 vero
2381 2621 2634 2677 mentem,
2662 2630 2729 2668 an
2772 2618 2951 2671 dicere
2985 2618 3159 2686 possis

1625 2696 1756 2749 alios
1782 2711 1993 2764 quoque
2034 2695 2246 2752 Iudaeos
2277 2714 2396 2753 esse
2443 2702 2531 2768 qui
2561 2705 2852 2758 ascendant
2881 2704 3153 2779 Ierosoly-

1625 2801 1784 2848 mam,
1818 2787 2134 2853 veniamque
2157 2790 2221 2840 ad
2253 2791 2435 2844 urbem
2470 2792 2558 2845 Dei
2594 2807 2657 2846 ex
2693 2795 2909 2863 regione
2932 2812 3049 2864 quae
3072 2807 3155 2852 est

1622 2885 1772 2927 extra
1797 2874 2204 2944 Ierosolymam,
2254 2881 2576 2949 veniantque
2620 2893 2677 2936 ut
2723 2886 2984 2953 pui'iticati
3014 2889 3152 2943 diem

1624 2963 1816 3017 festum
1850 2976 1958 3020 tum
1987 2981 2145 3034 agere
2175 2968 2400 3035 possint,
2430 2986 2550 3025 cum
2595 2972 2799 3027 Pascha
2852 2977 3156 3033 immolatus

285 3066 499 3136 παλαιᾷ,
539 3066 613 3136 μὴ
643 3067 790 3140 ζύμῃ
840 3049 1034 3129 κακίας
1082 3068 1173 3120 καὶ
1229 3049 1518 3140 πονηρὲας,
1547 3049 1587 3104 C
1621 3052 1778 3108 Ῐυθτίι

1647 3055 1778 3108 uerit
1805 3055 2048 3109 Christus
2071 3058 2136 3121 ",
2164 3073 2268 3111 non
2302 3060 2564 3113 fermento
2617 3064 2803 3126 veteri,
2850 3081 3019 3134 neque
3046 3067 3155 3121 Ier-

285 3154 443 3224 ύμοις
480 3155 827 3225 εἰλικρινείας
866 3156 957 3208 καὶ
1004 3156 1272 3226 ἀληθείας.
1324 3158 1432 3211 Καὶ
1471 3160 1518 3211 oi

285 3263 292 3293 ι
331 3243 560 3313 ζητοῦσι
593 3244 683 3296 τὸν
712 3244 917 3314 Ἰησοῦν
946 3246 1002 3296 ὲν
1037 3244 1112 3314 τῷ
1146 3244 1272 3315 ἱερῷ
1301 3246 1520 3316 ἑστηκό-

285 3332 485 3399 >αφῶν,
524 3332 620 3384 καὶ
648 3332 976 3402 ὲπαποροῦσι
1008 3332 1140 3404 πρὸς
1167 3333 1441 3404 ἀλλήλους,
1470 3335 1518 3387 ει

292 3424 341 3486 ῖς
372 3422 477 3492 τὴν
509 3421 701 3493 ἑορτὴν
740 3421 957 3491 Ἰησοῦς.

285 3600 548 3652 ῑώκεισαν
579 3598 636 3652 δὲ
659 3600 706 3652 οἱ
739 3599 1007 3669 ἀρχιερεῖς
1036 3599 1134 3651 καὶ·
1153 3600 1203 3652 οἱ
1243 3600 1516 3670 Φαρισαῖοι

285 3708 327 3754 ι,
372 3690 475 3742 ἐάν
516 3706 606 3753 τις
644 3688 753 3757 γνῷ
790 3688 947 3741 αὑτὸν
976 3689 1083 3759 (70)
1113 3689 1212 3741 ποῦ
1238 3690 1349 3743 ἐστι
1371 3730 1385 3754 ,
1417 3708 1518 3761 μη-

285 3798 291 3807 -
333 3781 618 3832 πιάσωσιν
649 3778 826 3831 αὐτόν.
857 3798 876 3830 ι
915 3780 1053 3849 Ὅρα
1091 3779 1205 3842 πῶς
1243 3780 1517 3851 μεμαρτύη
1562 3852 1565 3855 ν

285 3870 648 3941 εχωρηκέναι
670 3908 684 3932 ,
739 3870 823 3922 ἴνα
851 3870 943 3922 καὶ
987 3872 1146 3939 ἡμεῖς
1172 3868 1518 3939 γινώσκωμεν

285 3986 295 4010 ι
325 3960 555 4013 τοιοῦτο
596 3963 783 4014 ποιεῖν.
809 3960 917 4011 Καὶ⁵
946 3959 1176 4029 πρόσχες
1207 3975 1290 4026 γε,
1316 3960 1395 4012 ὅτι
1421 3961 1518 4013 οὐκ

285 4069 326 4102 ου
376 4051 539 4103 ἐστὶν
591 4049 713 4102 οὔτε
759 4051 807 4102 οἱ
842 4050 1128 4119 ἀρχιερεῖς,
1157 4047 1277 4100 οὔτε
1313 4050 1360 4101 οἱ
1404 4050 1514 4101 Φα-

285 4146 301 4191 ι
336 4141 422 4209 μὴ
456 4140 671 4215 εἰδότες
699 4139 926 4192 διδόασιν
955 4137 1185 4201 ἐντολὰς,
1219 4138 1303 4192 ἴνα
1322 4139 1415 4192 ἐάν
1436 4156 1517 4202 τις

285 4242 354 4286 τι,
396 4223 631 4294 μηνύσῃ
655 4222 864 4285 αὐτοῖς,
912 4223 1004 4275 καὶ
1053 4220 1379 4275 συλλάϐωσιν
1423 4222 1517 4274 αὐ-

285 4314 405 4376 λως
450 4313 515 4366 δὲ
576 4313 799 4382 φήσεις,
854 4294 936 4363 δτι
972 4312 1399 4376 ἐπιϐουλεύοντες
1438 4312 1517 4383 τῷ

289 4404 452 4456 ῖδασι
494 4403 605 4456 ποῦ
638 4402 772 4455 ἐστι’
805 4401 884 4454 διὸ
902 4401 1128 4455 διδόασιν
1156 4403 1344 4473 ἑτέρας
1372 4405 1519 4474 παρά

1624 3153 1801 3196 mento
1827 3144 2040 3199 malitiae
2061 3158 2114 3200 et
2139 3150 2402 3212 versutite,
2436 3150 2526 3202 sed
2552 3150 2604 3202 in
2637 3153 2861 3218 panibus
2891 3154 3156 3212 fermento

1622 3231 1945 3296 carentibus,
1979 3235 2081 3287 hoc
2122 3245 2205 3289 est
2251 3238 2559 3292 sinceritate
2585 3250 2639 3293 et
2667 3242 2911 3295 veritate.
2955 3243 3153 3314 liuius-

1625 3323 1869 3389 modique
1895 3338 2022 3378 sane
2049 3336 2287 3393 quaerent
2315 3326 2497 3381 Iesum
2530 3329 2581 3381 in
2616 3331 2813 3398 templo
2843 3332 3152 3401 Scriptura-

1620 3426 1736 3464 rum
1786 3423 2006 3480 stantes,
2031 3426 2084 3469 et
2108 3418 2246 3470 inter
2269 3433 2324 3471 se
2352 3420 2653 3475 dubitantes
2701 3436 2769 3475 an
2804 3434 3062 3480 venturus
3081 3427 3154 3482 sit

1618 3502 1776 3557 Iesus
1795 3506 1860 3557 ad
1885 3506 2022 3560 diem
2051 3507 2264 3561 festum.

1670 3596 1844 3677 A503
1871 3599 1958 3654 21.
1986 3619 2005 3650 ι
2034 3601 2296 3655 Dederant
2325 3612 2498 3656 autem
2526 3603 2776 3659 Pharisaei
2799 3615 2853 3659 et
2875 3607 3159 3675 pontiﬁces

1622 3692 1946 3754 mandatum,
1979 3700 2034 3742 nt
2059 3693 2102 3743 si
2125 3695 2244 3760 quis
2271 3696 2605 3761 cognovisset
2642 3695 2728 3747 ubi
2758 3706 2918 3759 esset,
2952 3698 3153 3752 indica-

1623 3784 1720 3838 ret,
1760 3785 1819 3827 ttt
1855 3779 2363 3843 comprehenderent
2406 3792 2526 3831 eum
2557 3784 2622 3831 ’⁸.
2660 3797 2680 3829 ι
2716 3779 2843 3832 Vide
2887 3789 2944 3832 ut
2977 3782 3152 3836 dictus

1620 3870 1703 3913 est
1736 3862 2044 3926 secessisse,
2092 3880 2197 3932 quo
2252 3879 2347 3917 nos
2391 3866 2552 3917 etiam
2601 3865 2867 3919 discamus
2915 3867 2966 3919 itt
3013 3877 3150 3922 tem-

1619 3964 1744 4018 pore
1778 3951 1912 4004 idem
1944 3951 2140 4007 facere.
2165 3954 2241 4006 Ac
2274 3953 2512 4022 profecto
2541 3955 2755 4008 attende
2780 3970 2949 4025 neque
2973 3958 3153 4024 ponti-

1622 4040 1768 4103 ﬁces,
1799 4055 1970 4108 neque
2001 4041 2299 4097 Pharisaos
2327 4059 2481 4097 nosse
2510 4044 2596 4096 ubi
2627 4044 2700 4098 sit
2731 4044 2904 4111 Iesus,
2931 4058 2982 4100 et
3009 4048 3153 4115 quod

1621 4130 1915 4186 nescientes
1937 4132 2060 4185 dent
2097 4135 2407 4188 mandatum
2436 4143 2496 4188 ut
2537 4134 2580 4188 si
2606 4136 2728 4204 quis
2751 4139 3026 4203 agnoverit
3058 4139 3147 4192 ubi

1620 4219 1709 4282 sit,
1758 4220 1958 4274 indicet
2008 4222 2111 4276 illis
2164 4231 2224 4276 ut
2274 4224 2729 4291 comprehendant
2778 4240 2919 4278 eum.
2975 4227 3153 4294 Atque

1620 4308 1778 4361 etiam
1818 4309 1973 4363 aliter
2013 4311 2175 4377 dices,
2205 4314 2343 4380 quod
2371 4314 2460 4382 qui
2504 4313 2625 4367 Iesu
2669 4314 2891 4368 insidias
2920 4315 3147 4369 moliun-

1623 4406 1726 4463 tur,
1759 4401 2001 4454 nesciunt
2030 4401 2118 4454 ubi
2164 4402 2265 4465 sit;
2314 4417 2471 4470 quam
2516 4404 2584 4457 ob
2624 4418 2843 4458 causam
2884 4404 2986 4458 alia
3019 4408 3152 4459 dant

285 4494 384 4546 εοῦ
443 4492 697 4554 ἐντολάς,
751 4491 1085 4554 διδάσκοντες
1139 4490 1475 4552 διδασκαλίας
1500 4527 1517 4552 ,
1549 4517 1592 4571 υ
1622 4488 1793 4541 manda

1641 4488 1864 4542 nandata
1903 4504 1939 4541 a'
1980 4490 2240 4544 mandatis
2287 4491 2403 4554 Dei,
2452 4493 2708 4547 docentes
2748 4493 3022 4546 doctrinas
3054 4492 3149 4545 ho-

292 4583 660 4653 ἀνθρὼπωψ
699 4581 786 4635 καί
817 4584 951 4635 εἰσιν
984 4582 1158 4635 αὐτῶν
1203 4582 1259 4634 αἱ
1316 4581 1519 4634 ἐντολαὶ

285 4674 584 4743 βαρισαῖοι
619 4670 711 4723 καὶ
742 4672 1008 4741 ἀρχιερεῖς
1046 4671 1153 4722 τῶν
1198 4669 1519 4739 σωματικῶν

341 4761 649 4814 Ἰουδαίων
707 4764 843 4813 κατὰ
873 4758 965 4812 τοῦ
998 4758 1192 4829 Ἰησοῦο
1246 4758 1517 4827 βούλονται

285 4851 533 4922 ,ηνῦσαι
586 4850 766 4912 αὐτοῖς
820 4850 910 4902 τὸν
938 4848 1171 4920 Ἰησοῦν,
1226 4847 1313 4899 ἵνα
1360 4847 1515 4901 αὑτὸν

285 4941 581 5004 λαϐόντες
634 4938 888 5010 προδῶσι.
945 4940 1054 4991 Καὶ
1115 4937 1307 5006 φήσεις
1342 4936 1514 4990 πάντα

285 5030 582 5101 ιζόμενον
615 5028 683 5082 τά
742 5028 867 5100 περὶ
917 5027 1003 5080 τὸν
1057 5025 1514 5095 Χριστιανισμδν,

285 5137 318 5173 ν
384 5116 779 5188 ἀνατρέπειν,
811 5116 904 5169 καὶ
932 5113 1251 5183 κατηγορεῖν
1277 5149 1292 5174 ,
1346 5112 1514 5184 Φαρι.

285 5297 370 5344 vl,
405 5280 477 5333 2.
571 5281 616 5312 ’°
639 5280 789 5330 Ioan.
816 5291 856 5339 ι,
885 5280 970 5328 29.
1045 5280 1088 5305 "
1119 5280 1270 5324 Ioan.
1298 5286 1408 5337 vult,

285 5351 377 5403 S7.
472 5348 532 5380 "
566 5348 752 5401 Matth.
799 5359 885 5409 xv,
923 5346 987 5408 9;
1036 5340 1205 5393 Marc.
1242 5353 1332 5402 vn,
1356 5341 1408 5393 7.

571 5281 616 5312 ⁸ο
639 5277 789 5330 Ioan.
816 5291 856 5339 ι,
885 5274 970 5328 29.
1045 5274 1088 5305 ²¹
1119 5270 1270 5324 Ioan.
1298 5286 1412 5337 vm,
1448 5274 1536 5331 40.
1608 5278 1651 5307 ³⁸
1666 5274 1820 5330 Ioan.
1844 5274 2013 5339 ιι,56.

1129 5270 1270 5324 Ioan.
1298 5286 1412 5337 vm,
1448 5274 1536 5331 40.
1608 5274 1820 5330 "Ioan.
1844 5274 2013 5339 v.56.
2083 5274 2128 5306 ³⁸
2149 5273 2278 5327 Luc.
2311 5275 2637 5340 uttJQ-IS.

1623 4578 1928 4647 miuumque
1967 4582 2216 4634 mandata
2249 4582 2314 4635 ".
2350 4582 2408 4635 Et
2462 4590 2586 4636 sunt
2624 4583 2856 4650 ipsorum
2903 4582 3147 4636 mandata

1621 4683 1737 4736 qua:
1767 4668 2020 4724 Pharisaei
2071 4673 2328 4740 praebent,
2372 4681 2423 4726 et
2463 4672 2744 4739 pontiﬁces
2784 4671 3140 4740 corporalium

1618 4756 1939 4825 Iudaeorum,
1963 4762 2218 4818 adversus
2240 4762 2422 4817 Iesum
2457 4779 2471 4818 ε
2500 4764 2685 4817 volunt
2709 4765 2852 4818 enim
2882 4764 3140 4831 quosdam

1621 4847 1854 4903 indicare
1882 4850 1980 4904 sibi
2008 4848 2209 4915 Iesum,
2245 4860 2302 4905 ut
2334 4852 2477 4905 illum
2507 4853 2827 4921 mancipium
2870 4859 3146 4918 acceptum

1618 4938 1860 5003 prodant.
1883 4938 2036 4993 Dices
2062 4941 2224 4992 etiam
2247 4954 2458 4993 omnem
2485 4939 2697 4993 curiose
2722 4948 3145 5007 perscrutantcm

1618 5027 2098 5096 Christianismum,
2149 5044 2256 5099 quo
2301 5030 2575 5083 subvertat
2630 5029 2757 5083 illud
2807 5035 2862 5081 et
2906 5039 3146 5093 accuset,

1619 5114 1938 5171 Pharisamm
1966 5118 2249 5186 quemdam
2289 5130 2428 5179 esse,
2472 5123 2528 5171 et
2563 5130 2668 5170 non
2698 5116 2891 5171 bonum
2937 5116 3149 5183 pontiﬁ-

2739 5274 2784 5308 “
2809 5274 2827 5327 I
2851 5271 2979 5326 Cor.
3006 5287 3064 5339 v,
3089 5273 3149 5333 8.

285 5523 291 5558 ;
334 5503 700 5557 Bodleianus
727 5505 869 5569 recte
900 5496 1087 5569 habet,
1113 5491 1375 5569 ἁνιῖςγεων·
1401 5494 1599 5569 Regius
1623 5514 1751 5555 vero
1785 5515 1793 5551 ι

744 5505 869 5569 -ecte
900 5496 1087 5569 habet,
1113 5491 1375 5569 dvtiayswv'
1401 5494 1599 5569 Regius
1623 5514 1751 5555 vero
1785 5496 1921 5552 male
1949 5496 2252 5563 ἀναγκαῖον.

285 5592 293 5628 '.
329 5571 717 5634 Bodleianus,
743 5565 926 5619 αὐτόν’
958 5561 1175 5629 Regius,
1202 5561 1411 5616 ἑαυτόν.
