3820 6200
937 216 1280 274 COMMENT.
1323 215 1388 270 IN
1432 213 1619 271 JOAN.
1652 207 1888 270 TOMUS
1934 208 2145 264 XXXII.

3073 218 3173 273 762

283 325 371 379 Καὶ
385 326 564 384 δείπνου
584 330 867 402 γενομένω
888 330 1041 403 (75⁴),
1064 332 1156 386 τοῦ
1183 332 1421 386 διαϐόλου
1442 330 1536 402 ἥδη
1567 335 1611 388 Α
1707 329 1764 384 2.

1707 329 1764 384 2.
1803 348 1821 381 ι
1854 329 1919 382 Ει
1955 342 2106 384 ccena
2133 327 2294 395 facta,
2336 344 2457 386 cum
2500 327 2742 385 diabolus
2775 328 2885 398 jam
2911 330 3169 385 immisis-

267 416 372 481 ιὸτος
415 419 482 483 είς
521 420 613 491 τὴν
667 424 887 494 καρδίαν
961 421 1126 476 Ἰούδα
1168 423 1405 492 Σίμωνος
1448 420 1540 473 τοῦ

269 506 396 561 ιώτου
438 511 510 564 ίνα
557 513 779 584 παραδῷ
827 513 1022 577 αὑτὸν,
1071 513 1259 578 εἰδὼς,
1300 515 1381 566 ὃτι
1433 512 1540 583 (76)

294 598 481 653 δέδωκεν
533 602 675 671 αὐτῷ
716 605 744 655 ό
795 603 981 674 Πατὴρ
1030 605 1109 666 εἰς
1170 602 1268 666 τὰς
1320 605 1502 675 χεῖρας
1524 644 1541 669 ,

267 707 289 741 ἰ
342 690 431 743 ἀπὸ
491 691 611 744 Θεοῦ
663 692 846 763 ἐξῆλθε
870 732 885 757 ,
932 694 1025 747 καὶ
1083 692 1216 765 πρὸς
1271 694 1361 747 τὸν
1415 693 1543 746 Θεὸν

280 816 294 838 ,
347 778 578 851 ἐγείρεται
645 784 710 835 ὲκ
760 781 851 835 τοῦ
897 783 1146 849 δείπνου,
1207 786 1300 839 καὶ
1364 786 1543 856 τίθησι

267 870 368 923 ista
390 909 403 934 ,
455 871 535 924 καὶ
599 872 775 926 λασὼν
831 874 1034 928 λέντιον
1098 875 1346 939 διέζωσεν
1416 879 1542 930 ἑαυ-

268 957 345 1014 ῐτα
393 961 549 1029 βάλλει
620 963 762 1036 ὕδωρ
815 965 893 1027 είς
960 965 1050 1018 τὸν
1116 965 1391 1037 νιπτῆρα,
1452 967 1547 1020 καὶ

307 1051 486 1105 νίπτειν
529 1054 652 1117 τοὺς
716 1054 879 1118 πόδας
934 1054 1042 1108 τῶν
1093 1056 1345 1125 μαθητῶν
1370 1097 1386 1122 ,
1452 1058 1544 1111 καὶ

267 1160 335 1197 ειν
371 1141 438 1211 τῷ
477 1143 654 1214 λεντίῳ
716 1137 761 1211 ᾧ
819 1141 886 1215 ἦν
956 1144 1324 1216 διεζωσμένος.
1370 1166 1390 1198 ι
1459 1148 1544 1201 Ἐν

267 1235 310 1295 ίς
364 1234 417 1286 τὸ
466 1233 594 1288 κατὰ
664 1235 874 1288 Λουκᾶν
938 1234 1169 1304 ὁμιλίαις
1241 1237 1546 1307 συνεκρίνα-

267 1324 423 1394 ίήλαις
468 1324 568 1395 (77)
609 1323 705 1387 τὰς
753 1324 1057 1395 παραϐολὰς
1080 1364 1095 1389 ,
1141 1326 1232 1379 καὶ
1285 1326 1546 1398 ἐζητήσα-

268 1415 357 1484 μὲν
403 1414 637 1485 σημαίνει
692 1413 751 1467 τὸ
801 1414 939 1468 κατὰ
992 1416 1091 1479 τὰς
1136 1416 1284 1480 θείας
1328 1418 1546 1489 Γραφὰς

272 1546 286 1569 ,
329 1505 377 1559 τί
417 1506 469 1559 δὲ
508 1505 792 1577 παρίστησι
834 1505 893 1557 τὸ
935 1508 1056 1559 κατ’
1103 1507 1269 1571 αὑτὰς
1318 1509 1542 1566 δεῖπνον.

272 1596 434 1648 τοίνυν
455 1595 698 1666 λελέχθω,
727 1597 807 1649 ὅτι
834 1596 1047 1667 ἄριστον
1073 1596 1168 1665 μὲν
1185 1597 1325 1650 ἔστιν
1342 1600 1375 1668 ἡ
1400 1600 1547 1671 πρώ-
1575 1646 1617 1700 Β

267 1687 351 1757 τρὸ
373 1687 462 1757 τῆς
483 1686 775 1749 συντελείας
803 1686 903 1756 τῆς
916 1688 972 1739 ὲν
999 1686 1075 1756 τῷ
1104 1686 1200 1756 βίῳ
1223 1686 1390 1757 τούτῳ
1417 1690 1548 1759 ἡμέ-

267 1776 510 1845 υματικῆς
527 1778 633 1838 τοῖς
652 1770 1010 1846 εἰσαγομένοις
1036 1776 1338 1845 ἁρμόζουσα
1351 1779 1542 1849 τροφή’

267 1866 326 1929 se,
354 1867 385 1934 ἡ
415 1864 683 1918 τελευταία
712 1868 804 1919 καὶ
832 1868 940 1927 τοῖς
966 1866 1063 1935 ήδη
1102 1865 1210 1935 (78)
1244 1867 1333 1918 ἐπὶ
1369 1867 1545 1920 πλεῖον

267 1956 377 2024 φόσι
410 1954 797 2025 παρατιθεμένη
839 1955 974 2008 κατὰ
1022 1955 1192 2022 λόγον.
1232 1957 1340 2009 καὶ
1376 1956 1546 2020 ἄλλως

276 2046 339 2098 ἄν
366 2062 461 2107 τις,
483 2044 693 2115 ἄριστον
726 2044 822 2114 μὲν
853 2040 987 2096 εἶναι
1022 2045 1112 2097 τὸν
1145 2045 1265 2099 νοῦν
1294 2044 1399 2098 τῶν
1444 2062 1545 2099 οπα-

267 2134 568 2207 ραμμάτων,
595 2134 804 2188 δεῖπνον
838 2134 894 2187 δὲ
931 2134 999 2187 τὰ
1034 2136 1543 2206 ὲναποκεκρυμμένα

289 2227 517 2297 Διαθήκῃ
554 2226 838 2296 μυστήρια.
875 2223 1055 2278 Ταῦτα
1081 2225 1137 2278 δὲ
1165 2227 1256 2279 καὶ
1276 2227 1333 2277 ὲν
1366 2242 1545 2296 προοι-

267 2332 386 2367 κται
409 2313 721 2379 ὲξετάξοντι,
740 2312 854 2376 πῶς
872 2313 1156 2383 γενομένου
1177 2312 1383 2365 δείπνου
1403 2313 1543 2380 ὲγεί-

268 2402 467 2474 Ἰησοῦς
494 2404 554 2455 ἐκ
578 2400 671 2454 τοῦ
716 2402 947 2465 δείπνου,
982 2402 1074 2454 καὶ
1101 2400 1272 2470 βαλὼν
1303 2401 1441 2471 ὕδωρ
1466 2405 1543 2464 εἰς

267 2494 361 2563 ἦρα
392 2493 610 2563 ἄρχεται
646 2493 774 2555 τοὺς
803 2491 911 2544 τῶν
943 2491 1193 2561 μαθητῶν
1216 2491 1419 2543 νίπτειν
1450 2490 1545 2543 πό-

267 2600 302 2634 ιι
335 2584 459 2653 γὰρ,
495 2583 574 2635 ὅτι
602 2584 648 2635 οί
683 2580 819 2651 μετὰ
856 2580 947 2632 τοῦ
983 2579 1153 2651 Ἰησοῦ
1185 2579 1540 2643 δειπνοῦντες,

267 2672 393 2741 ξέπὶ
421 2671 558 2722 τέλει
581 2669 674 2722 τοῦ
708 2670 821 2738 βίου
848 2668 1033 2721 τούτου
1067 2669 1243 2739 ἡμέρᾳ
1277 2669 1544 2739 μεταλαμ-

288 2762 383 2813 σὺν
429 2760 573 2830 αὑτῷ
614 2759 834 2829 τροφῆς,
871 2758 1073 2810 δέονται
1114 2758 1208 2826 μὲν
1252 2757 1542 2828 καθαρσίου

306 2851 409 2920 μὴν
458 2850 582 2919 περί
606 2866 658 2901 τι
693 2848 802 2901 τῶν
843 2847 1068 2917 πρώτων
1093 2846 1184 2899 τοῦ
1212 2847 1309 2916 τῆς
1348 2847 1540 2919 ψυχῆςν

1637 431 1720 475 set
1764 420 1816 473 in
1867 434 1962 474 cor
1987 419 2136 474 Judze
2194 419 2429 476 Simonis
2473 421 2764 486 lscariotaa,
2816 429 2872 474 ut
2922 423 3173 489 proderet

1637 525 1778 574 eum,
1837 511 2015 566 sciens
2057 509 2212 565 Jesus
2252 512 2429 566 omnia
2474 513 2681 567 dedisse
2710 511 2809 567 sibi
2859 510 3068 566 Patrem
3113 511 3170 564 in

1639 613 1845 665 manus,
1868 614 2031 668 seque
2063 616 2093 653 a
2126 600 2233 656 Deo
2262 601 2452 663 exisse,
2482 611 2536 657 et
2566 603 2630 656 ad
2658 602 2821 656 Deum
2856 602 3024 666 abire,
3054 616 3173 655 sur-

1637 686 1712 754 git
1737 702 1766 739 a
1790 701 1961 751 caena,
1997 698 2049 742 et
2078 689 2223 756 ponit
2249 690 2596 752 vestimenta;
2625 704 2854 757 cumque
2876 690 3174 756 accepisset

1640 775 1879 838 linteum,
1906 778 2187 845 praecinxit
2214 793 2328 863 se:
2358 779 2547 866 dein/de
2574 780 2722 833 misit
2762 795 2952 846 aquam
2986 779 3038 832 in
3068 780 3174 847 pel-

1639 868 1766 930 vim,
1797 878 1851 922 et
1877 869 2038 938 cmpit
2061 873 2241 923 lavare
2268 870 2432 938 pedes
2453 871 2857 938 discipulorum,
2897 880 2952 924 et
2997 879 3175 924 exter-

1637 971 1763 1025 gere
1796 958 1960 1011 linteo
2004 972 2108 1027 quo
2145 958 2459 1027 praecinctus
2489 968 2604 1012 erat
2626 959 2692 1013 ’⁸.
2756 978 2775 1011 ι
2835 959 2889 1012 In
2941 958 3175 1012 homiliis

1640 1061 1769 1115 quas
1796 1046 1847 1100 in
1878 1046 2074 1101 Lucam
2096 1047 2379 1112 edidimus,
2405 1041 2671 1117 parabolis
2695 1049 2831 1103 int‘er
2853 1064 2910 1102 se
2943 1049 3171 1110 collatis,

1641 1137 2012 1210 inquisivimus
2035 1138 2159 1205 quid
2189 1138 2241 1191 in
2286 1139 2481 1193 divinis
2511 1137 2804 1206 Scripturis
2850 1140 3175 1208 signiﬁcaret

1640 1230 1943 1296 prandium,
1971 1229 2203 1298 quidque
2233 1245 2418 1285 rursus
2441 1231 2491 1284 in
2527 1232 2613 1285 bis
2652 1231 2974 1299 significaret
2997 1245 3171 1288 caena.

1639 1316 1795 1386 405
1835 1316 2048 1371 Dicatur
2068 1332 2196 1382 ergo
2239 1318 2396 1372 etiam
2426 1333 2565 1372 nunc
2612 1320 2751 1385 quod
2781 1319 3059 1388 prandium
3100 1321 3175 1374 sit

1644 1405 1728 1460 ille
1756 1406 1957 1475 primus
2000 1407 2150 1462 cibus
2191 1408 2280 1476 qui
2329 1408 2397 1462 iis
2424 1410 2510 1476 qui
2540 1408 2951 1463 introducuntur
2981 1424 3174 1464 conve-

1644 1495 1740 1555 nit,
1770 1504 1927 1563 atque
1953 1499 2112 1550 etiam
2147 1508 2431 1566 antequam
2474 1499 2691 1552 ﬁniatur
2725 1501 2838 1554 dies
2881 1501 3174 1567 spiritualis

1643 1583 1730 1650 qui
1774 1584 1877 1637 bac
1924 1585 2028 1638 vita
2073 1586 2334 1655 obtingit;
2371 1600 2575 1641 caenam
2617 1604 2743 1642 vero
2773 1604 2892 1643 esse
2932 1589 3172 1644 ultimum

1648 1670 1790 1723 illum
1841 1672 2017 1726 cibum
2065 1675 2154 1743 qui
2208 1675 2598 1730 rationabiliter
2645 1678 2930 1746 apponitur
2965 1679 3045 1733 his
3080 1680 3173 1746 qui

1643 1758 1761 1827 plus
1812 1760 2173 1828 profecerunt.
2222 1763 2334 1817 Nisi
2386 1765 2526 1817 dicat
2569 1766 2729 1818 etiam
2789 1766 2979 1835 aliquis
3010 1783 3172 1836 pran-

1644 1846 1778 1900 dium
1796 1862 1912 1902 esse
1929 1848 2327 1918 intelligentiam
2346 1862 2581 1904 veterum
2609 1851 3023 1920 Scripturarnm,
3057 1867 3171 1907 ca:-

1644 1951 1766 1988 nam
1812 1951 1937 1991 vero
1972 1937 2221 2006 mysteria
2253 1954 2368 2007 qua:
2396 1939 2448 1992 in
2484 1938 2630 1994 Novo
2657 1939 2998 1994 Testamento
3047 1950 3174 1994 sunt

1644 2025 1934 2078 recondita.
1962 2026 2084 2079 llaac
2108 2035 2287 2079 autem
2315 2028 2366 2079 in
2387 2027 2657 2095 prommio
2684 2028 2824 2083 dicta
2861 2029 2990 2082 mihi
3022 2028 3174 2084 fuere

1642 2111 1940 2178 exquirenti
1988 2114 2255 2181 quomodo
2306 2112 2447 2168 facta
2492 2130 2642 2168 coena
2689 2117 2856 2184 surgit
2897 2114 3069 2180 Jesus,
3120 2125 3175 2170 et

1644 2200 1805 2254 missa
1835 2214 1973 2268 aqua
2016 2202 2065 2254 in
2111 2202 2302 2269 pelvim
2348 2203 2510 2271 carpit
2539 2202 2719 2256 lavare
2748 2204 2907 2270 pedes
2933 2203 3173 2270 discipu—

1642 2291 1837 2345 lorum.
1891 2292 2142 2347 Arbitror
2187 2293 2331 2347 enim
2382 2308 2481 2363 ego
2515 2308 2607 2348 eos
2638 2294 2727 2362 qui
2762 2309 2881 2347 cum
2912 2293 3037 2348 .Iesu
3063 2309 3174 2349 ca:-

1643 2392 1792 2446 nant,
1822 2383 1997 2438 cibum
2026 2399 2146 2437 cum
2186 2385 2298 2452 ipso
2342 2385 2695 2453 percipientes
2733 2385 2783 2438 in
2814 2385 2999 2439 ultimo
3021 2386 3175 2453 hujus

1640 2472 1763 2528 vita:
1797 2475 1882 2528 die
1906 2514 1922 2539 ,
1962 2474 2329 2542 puriﬁcatione
2359 2475 2573 2544 quidem
2610 2476 2786 2545 aliqua
2830 2491 2962 2545 opus
3010 2477 3175 2532 habe-

1643 2577 1736 2628 re;
1773 2578 1891 2617 cum
1924 2576 2094 2617 tamen
2131 2579 2234 2617 non
2266 2579 2398 2633 opus
2443 2565 2672 2619 habeant
2733 2577 2790 2620 ut
2824 2569 3005 2636 prima:
3048 2582 3173 2636 par-

1646 2661 1724 2705 tes
1757 2653 1994 2721 corporis
2041 2654 2249 2717 animae,
2300 2663 2357 2707 ut
2385 2655 2459 2708 ita
2509 2655 2717 2723 loquar,
2751 2656 2958 2711 illorum
2987 2657 3173 2713 laven-

1644 2748 1770 2804 tur;
1813 2742 1926 2805 sed,
1972 2749 2031 2794 ut
2084 2742 2277 2810 aliquis
2301 2743 2523 2810 diceret,
2574 2745 2661 2798 illa
2692 2745 2796 2799 illis
2829 2755 3033 2799 tantum
3079 2746 3173 2809 Ja-

1606 2816 1615 2827 ’
1644 2831 1817 2883 vanda
1842 2830 1952 2883 sint
1991 2846 2108 2900 qum
2139 2840 2260 2886 sunt
2290 2832 2471 2886 ultima
2503 2841 2556 2887 et
2582 2845 2846 2899 extrema,
2878 2843 2931 2887 et
2965 2849 3081 2901 qua:
3118 2835 3175 2889 in

287 2919 554 3009 ὀνομάσω,
586 2937 849 3006 σώματος,
883 2935 1016 2998 ἀλλ’,
1056 2934 1129 2997 ὡς
1161 2934 1226 2987 ἂν
1255 2936 1394 2988 εῐποι
1438 2952 1540 2999 τις,
1569 2955 1612 3013 C
1648 2926 1786 3013 ίειςτθ

1662 2933 1786 2972 .erra
1815 2919 2116 2972 necessario
2134 2928 2450 2985 versantur;
2482 2920 2721 2989 hancque
2748 2923 3170 2990 puriﬁcationem

267 3049 280 3079 I
303 3027 714 3082 ἀποπλύνασθαι
733 3025 800 3078 τὰ
820 3024 1118 3088 τελευταῖα,
1141 3023 1308 3077 καὶτὰ
1323 3024 1539 3093 ἔσχατα,

294 3118 608 3187 ἀναγκαίως
633 3117 933 3187 ὁμιλοῦντω
960 3116 1055 3168 καὶ
1079 3115 1232 3168 τοῦτο
1256 3115 1316 3167 τὺ
1345 3115 1544 3186 καθάρ-

267 3228 340 3263 τον
364 3211 462 3280 μὲν
491 3209 584 3261 ὑπ’
606 3207 814 3268 οὐδενὸς
836 3205 869 3275 ἢ
896 3205 989 3256 τοῦ
1019 3203 1187 3273 Ἰησοῦ
1216 3204 1372 3273 μόνου
1396 3203 1545 3271 γενέ-

267 3319 372 3361 ται,
391 3298 645 3368 δεύτερον
673 3296 729 3348 δὲ
743 3296 834 3348 καὶ
849 3294 909 3347 τὸ
921 3293 1052 3362 (78‘)
1067 3295 1169 3346 ὑπὸ
1178 3293 1283 3347 τῶν
1296 3292 1543 3363 μαθητῶν

269 3390 329 3452 ὃς
353 3388 450 3450 οὓς
473 3384 619 3439 εἶπε·
654 3404 673 3434 ι
700 3384 809 3437 Καὶ
841 3384 996 3453 ὑμεῖς
1032 3383 1270 3451 ὀφείλετε
1296 3384 1420 3446 τοὺς
1450 3384 1544 3435 πό-

267 3492 333 3526 λον
350 3472 585 3525 νίπτεινο
616 3470 913 3538 ὑπόδειγμα
935 3468 1042 3538 γὰρ
1060 3468 1231 3521 ἔδωκα
1256 3468 1403 3537 ὑμῖν,
1436 3469 1540 3533 ἵνα,

267 3568 289 3613 ‘u
326 3561 569 3630 ἐποίησα
598 3561 743 3627 ὑμῖν,
778 3558 871 3610 καὶ
909 3558 1063 3627 ὑμεῖς
1099 3557 1305 3626 ποιῆτε.
1335 3576 1354 3609 ι
1395 3559 1543 3611 Καὶὸ

267 3648 378 3715 πής
394 3663 461 3714 γε
482 3649 544 3699 ἐν
568 3644 775 3705 τούτοις
802 3660 890 3712 μοι
910 3643 1071 3708 δοκεῖ,
1100 3643 1376 3715 διεγείρων
1390 3645 1543 3714 ἡμῶν

267 3738 317 3788 τὶ
333 3737 400 3789 τὸ
430 3735 629 3804 νοητὸν
650 3734 759 3805 (79)
777 3733 884 3787 τῶν
899 3733 1039 3787 κατὰ
1060 3733 1148 3785 τὸν
1167 3733 1347 3796 τόπον,
1371 3733 1443 3804 μὴ
1458 3751 1544 3787 τε·-

279 3829 388 3898 μὲν
417 3825 743 3897 σωματικὴν
774 3823 1011 3897 περὶτοῦ
1031 3824 1280 3893 νίψασθαι
1302 3824 1397 3895 τὴν
1419 3826 1543 3879 ἁκο-

267 3936 323 3970 εε
352 3917 477 3989 (80)
512 3916 622 3987 πρὸ
638 3915 729 3968 τοῦ
752 3915 963 3969 δείπνου
987 3915 1079 3967 καὶ
1109 3914 1208 3983 τῆς
1230 3915 1320 3966 ἐπὶ
1351 3914 1410 3966 τὸ
1439 3915 1545 3968 δει-

268 4008 490 4070 κλίσεως
516 4008 568 4059 οἱ
597 4006 833 4075 δεόμενοι
854 4004 945 4058 τοῦ
962 4004 1208 4073 νίψασθαι
1233 4005 1355 4067 τοὺς
1381 4004 1542 4067 πόδας

304 4097 579 4168 ὑπερϐὰς
615 4097 671 4150 δὲ
708 4096 796 4149 τὸν
827 4096 1013 4167 καιρὸν
1045 4097 1241 4149 ἐκεῖνον
1283 4095 1358 4165 τῷ
1379 4096 1538 4166 λόγῳ,

272 4190 458 4242 θέντα
492 4189 593 4242 τὸν
632 4187 833 4259 Ἰησοῦν
856 4189 945 4241 ἐπὶ
967 4187 1028 4240 τὸ
1056 4188 1285 4240 δειπνεῖν
1311 4189 1541 4259 ἐγηγερ-

267 4279 362 4331 εοῦ
396 4279 655 4340 δείπνου,
681 4278 766 4331 ἵνα
798 4277 1190 4347 δειπνησάντων
1225 4276 1449 4346 ἄρξηται
1469 4278 1545 4330 νί-

1644 3007 1873 3075 primum
1907 3008 2122 3074 quidem
2157 3023 2187 3061 a
2232 3008 2377 3062 nullo
2424 3019 2778 3079 prmterquam
2829 3027 2859 3065 a
2889 3013 3002 3066 solo
3042 3011 3173 3068 Jesu

1642 3096 1757 3149 ﬁeri
1806 3110 2002 3165 posse;
2058 3097 2249 3150 deinde
2297 3114 2425 3153 vero
2455 3099 2618 3153 etiam
2657 3116 2686 3151 a
2733 3100 3009 3167 discipulis
3037 3102 3169 3169 suis,

1642 3183 1834 3252 quibus
1861 3185 1995 3237 dixit
2025 3201 2039 3236 :
2080 3201 2099 3234 ι
2133 3184 2346 3240 Debetis
2369 3198 2420 3240 et
2451 3201 2546 3240 vos
2578 3196 2757 3240 mutuo
2780 3188 2958 3242 lavare
2975 3190 3168 3256 pedes:

1640 3273 1941 3341 exemplum
1974 3273 2116 3328 enim
2153 3275 2272 3327 dedi
2300 3276 2473 3340 vobis,
2515 3284 2573 3329 ut
2600 3278 3049 3345 quemadmodum
3071 3294 3172 3349 ego

1641 3361 1742 3416 feci
1766 3361 1936 3427 vobis,
1965 3363 2040 3417 sic
2063 3372 2119 3417 et
2149 3377 2243 3417 vos
2271 3362 2481 3418 faciatis
2508 3364 2575 3417 ".
2629 3383 2648 3415 ι
2682 3365 2818 3430 Quin
2845 3366 3173 3437 evangelista

1641 3454 1799 3506 etiam
1849 3454 2061 3506 videtur
2096 3453 2252 3520 mibi,
2297 3454 2537 3509 excitans
2565 3466 2792 3509 mentem
2818 3465 3063 3510 uostram‘
3105 3458 3173 3511 ad

1643 3541 2046 3611 intelligentiam
2085 3542 2412 3612 spiritualem
2445 3546 2725 3613 praesentis
2742 3546 2962 3600 locinon
2988 3548 3173 3602 obser-

1641 3646 1794 3685 vasse
1842 3631 1943 3685 hoc
1973 3631 2026 3684 in
2058 3631 2174 3686 loco
2220 3634 2558 3701 corporalem
2594 3636 2802 3689 lavandi
2839 3651 3169 3705 consequen-

1642 3717 1770 3771 tiam
1799 3727 1854 3773 et
1880 3718 2120 3772 ordinem
2149 3734 2165 3782 ;
2215 3720 2644 3788 quandoquidem
2670 3722 2760 3789 qui
2806 3737 2941 3790 opus
2970 3724 3171 3779 habent

1641 3805 1835 3872 lavari,
1887 3818 2011 3862 ante
2039 3822 2266 3871 caenam,
2299 3817 2527 3877 anteque
2552 3824 2718 3864 cinna:
2747 3814 3041 3866 accubitum
3074 3826 3170 3882 pe-

1641 3896 1735 3952 des
1762 3897 1978 3963 lavent;
2007 3898 2096 3952 sed
2126 3898 2176 3950 id
2221 3898 2473 3966 temporis
2496 3914 2614 3953 cum
2651 3914 2896 3955 sermone
2923 3916 3172 3956 consum-
3280 3948 3283 3951 λ

1638 3989 1855 4058 psisset,
1893 3988 2173 4057 scripsisse
2199 3986 2402 4051 Jesum,
2437 3990 2525 4057 qui
2570 3991 2680 4059 jam
2709 3993 3030 4047 accubuerat
3058 4006 3172 4048 cm-

1642 4078 1804 4133 nandi
1831 4092 2016 4141 causa,
2043 4092 2079 4130 a.
2104 4092 2257 4133 caena
2297 4081 2618 4145 surrexisse,
2665 4091 2722 4134 ut
2767 4083 3167 4151 discipulorum,

1640 4169 1729 4237 qui
1760 4167 1870 4234 jam
1900 4177 2200 4233 camaram,
2242 4167 2493 4238 Magister
2546 4177 2600 4223 et
2631 4169 2885 4225 Dominus
2911 4171 3172 4240 inciperet

1649 4260 1808 4329 pedes
1833 4259 2049 4324 lavare;
2103 4275 2334 4329 namque
2378 4271 2501 4315 ante
2542 4276 2751 4316 coenam
2785 4261 2878 4315 loti
2907 4270 3081 4326 erant,
3115 4272 3171 4317 et

305 4366 503 4428 πόδας
536 4364 647 4417 τῶν
694 4362 943 4433 μαθητῶν
974 4345 1342 4423 όΔιδάσκαλος
1378 4361 1469 4414 καὶ
1511 4363 1539 4413 ό
1569 4345 1617 4401 ι)
1644 4352 1767 4408 faeti
1811 4370 1813 4403 J

1660 4352 1767 4408 ὀοιί
1811 4355 1991 4410 mundi
2018 4352 2134 4416 toti,
2163 4360 2379 4420 propter
2405 4351 2528 4405 illud
2560 4369 2574 4405 :
2615 4369 2633 4402 ι
2662 4350 2959 4415 Lavamini,
2986 4353 3168 4407 mundi

267 4460 309 4521 >⁶
357 4455 485 4526 πρὸ
518 4455 620 4523 μὲν
637 4452 745 4524 γὰρ
770 4451 861 4505 τοῦ
887 4451 1096 4504 δείπνου
1122 4447 1259 4519 ἦσαν
1290 4450 1540 4519 λελουμέ-

267 4546 498 4615 νόμενοι
520 4544 636 4596 ὅλοι
668 4542 910 4612 καθαροὶ,
938 4541 1076 4594 κατὰ
1097 4540 1175 4593 τό’
1210 4558 1230 4590 ι
1248 4539 1539 4606 Δοὺσασθε,

270 4634 483 4697 νεσθε,
514 4632 745 4700 ἀφέλετε
777 4632 874 4693 τὰς
904 4629 1160 4700 πονηρίας
1190 4629 1295 4681 ἀπὸ
1319 4630 1426 4682 τῶν
1446 4629 1544 4699 ψυ-

269 4721 605 4774 κοιτὲναντι
639 4718 746 4771 τῶν
774 4717 1061 4787 ὀφθαλμῶν
1085 4714 1256 4791 ὑμῶν,
1293 4733 1312 4765 ι
1344 4716 1439 4768 καὶ
1477 4714 1546 4768 τὰ

267 4834 274 4867 :
327 4815 397 4868 δὲ
421 4814 497 4867 τὸ
522 4812 746 4882 λουτρὸν
770 4811 941 4862 ἐκεῖνο
986 4805 1276 4871 ἐδεήθησαν
1299 4805 1543 4875 δευτέρου

267 5006 281 5023 .
319 4980 469 5030 xm,
508 4966 549 5018 2
575 4980 694 5032 seq.
829 4962 872 4993 "
902 4959 1055 5014 Joan.
1089 4972 1208 5020 xm,
1238 4955 1326 5019 14,
1355 4957 1440 5010 15.

267 5076 749 5148 ονομένουηιιο
793 5073 1121 5148 c_orreximus
1159 5068 1248 5122 hic
1294 5077 1350 5122 et
1396 5069 1536 5125 infra

267 5142 412 5221 ntujf
448 5145 769 5221 γινομένου.
799 5142 952 5221 Eon.
1011 5209 1056 5221 __
1184 5204 1206 5221 η
1469 5206 1528 5221 __

267 5235 336 5271 ex
370 5206 626 5290 “largius,
665 5215 745 5290 εἰς
771 5211 864 5279 τὴν
903 5206 1269 5290 ιιαρδίανεθζνα
1299 5206 1539 5290 ’παραδῷ

267 5295 355 5349 ξας
400 5273 669 5353 Σίμωνος
696 5273 1067 5353 δισκᾲριῴτης,
1101 5273 1273 5353 εξδῲς,
1297 5273 1536 5339 61:,etc'.

268 5297 355 5349 ia;
400 5297 669 5353 Σίμωνος
718 5297 850 5330 ἰσκα
892 5297 1067 5347 ιιυτης,
1101 5297 1273 5336 ειοως,
1297 5297 1376 5327 οτι

268 5374 291 5409 ι
325 5356 531 5408 codex
566 5348 798 5422 Regius,
826 5297 1068 5422 ῥλλῄλας,
1099 5342 1266 5422 male;
1329 5411 1341 5422 _
1367 5411 1379 5422 .

267 5420 618 5478 ’.τελευταία
648 5410 741 5466 viai
771 5413 887 5478 τοῖς
918 5414 1048 5481 ἤδη,
1083 5418 1186 5463 etc.
1215 5410 1298 5462 Sic
1329 5411 1535 5481 hiatum

268 5510 356 5551 rce
398 5488 600 5556 ltegio
628 5494 895 5547 comparet
945 5480 1106 5550 replet
1160 5482 1323 5533 codex
1384 5480 1532 5533 Bod-

1642 4452 1832 4507 estote,
1870 4442 2076 4496 auferte
2119 4441 2247 4494 vitia
2301 4439 2368 4492 ab
2398 4438 2681 4493 animabus
2726 4440 2939 4502 vestris,
2983 4453 3167 4493 coram

1637 4533 1805 4587 oculis
1848 4531 2043 4586 vestris
2072 4530 2139 4594 ⁸⁸,
2176 4548 2195 4583 ι
2224 4536 2280 4583 et
2319 4543 2437 4598 quae
2468 4536 2802 4596 sequuntur;
2851 4538 2970 4598 post
3025 4531 3167 4597 quod

1638 4623 1906 4677 lavacrum
1939 4621 2166 4676 secunda
2181 4620 2341 4673 etiam
2377 4632 2513 4687 aqua
2555 4619 2786 4686 egebant
2815 4618 2880 4671 ad
2909 4619 3047 4673 solos
3074 4634 3170 4687 pe-

1643 4714 1761 4776 des,
1784 4712 1885 4767 hoc
1918 4721 2002 4766 est
2044 4709 2110 4765 ad
2132 4724 2223 4765 eas
2251 4708 2395 4763 solas
2426 4708 2665 4776 corporis
2698 4718 2876 4776 partes
2906 4721 3023 4776 quae
3045 4708 3165 4760 intl-

1641 4818 1740 4858 ma:
1772 4813 1914 4857 sunt.
1945 4802 2077 4857 Nam
2124 4801 2237 4856 fieri
2267 4814 2369 4853 non
2422 4811 2579 4866 posse
2612 4798 2864 4856 arbitror,
2903 4805 2963 4849 ut
2990 4796 3165 4850 anima

1542 4960 1587 4992 ³⁸
1609 4960 1711 5015 Isa.
1745 4972 1787 5020 ι,
1824 4955 1907 5010 16.

1707 5072 1839 5140 (78‘)
1862 5070 2034 5140 Forte
2047 5066 2341 5140 legendum
2370 5065 2441 5118 sit
2466 5065 2582 5140 sine
2608 5061 2977 5140 boc_articulo.
3009 5061 3161 5115 Εοιτ.

1706 5130 2379 5209 (‘79)'Codex~Regius,_1bv
2403 5132 2605 5209 νοητόν.
2632 5130 2788 5209 male.

1709 5202 1816 5278 (80)
1854 5208 1995 5278 "pte.
2026 5203 2373 5278 scribendum
2402 5202 2732 5278 νιιλειιιιχότι.

1702 5264 1810 5348 {si}
1849 5274 2054 5348 C_odex_
2082 5270 2290 5348 negius,
2333 5268 2489 5348 male,
2540 5267 2631 5318 και
2670 5267 2730 5348 δν
2765 5265 2984 5347 ιιύριος.
3021 5264 3166 5330 (llaec

1633 5336 1765 5412 Re‘g.
1793 5336 1911 5397 'cod.
1955 5339 2215 5415 scriptura
2260 5345 2447 5415 potest
2484 5349 2627 5415 esse,
2680 5336 2941 5415 levissima
2988 5349 3185 5415 cori-iw

1634 5401 1810 5466 otique
1839 5426 1901 5463 ac
1933 5401 2391 5471 ιιιιιιὲιῐοιιθίρι-ο,
2427 5405 2454 5453 ὁ
2484 5402 2795 5466 διδάσκαλος
2826 5401 2898 5455 ὣν
2937 5404 3029 5454 καὶ
3058 5403 3169 5454 Κύ-

1635 5499 1765 5551 ριος,
1799 5488 1849 5534 et
1875 5478 1992 5532 idco
2020 5473 2192 5529 minus
2221 5474 2624 5527 contemnenda.
2648 5472 2826 5539 lina.)
