3820 6210
416 254 518 308 τη

1814 228 2125 286 ORIGENIS

3577 227 3685 285 7M

403 368 535 423 nihil
581 362 809 418 sordimn
861 357 1165 418 contrahat,
1197 368 1265 408 ne
1315 352 1366 406 in
1412 350 1666 407 extremis
1715 350 1911 418 quideu

2175 366 2213 412 ις
2238 351 2316 413 είς
2345 351 2534 421 μόνους
2555 349 2680 412 τοὺς
2708 348 2908 411 πόδας,
2932 343 3220 399 τουτέστι
3251 339 3331 393 τά
3362 339 3683 395 κατωτάτω

401 457 659 527 partibus,
691 460 739 504 et
777 463 891 517 quae
920 446 1114 500 inﬂmre
1139 454 1284 509 sunt,
1318 443 1526 498 etiamsi
1548 443 1724 511 quoad
1753 440 1926 496 homi-

402 560 493 598 nes
527 541 783 609 perfectus
818 536 937 603 quis
961 548 1080 587 esse
1112 532 1373 587 videatur.
1406 532 1582 601 Atque
1615 531 1763 585 multi
1797 529 1922 598 qui-

400 634 515 686 dem
544 631 697 679 etiam
723 635 841 694 post
865 624 1186 692 baptismum
1216 632 1558 692 peccatorum
1585 622 1801 690 pulvere
1830 637 1922 674 ca-

397 728 490 789 put
520 717 743 785 replent,
765 717 846 768 vel
881 730 942 768 ea
985 730 1101 782 quas
1138 714 1299 786 406
1323 715 1422 767 hoc
1458 721 1578 766 sunt
1607 713 1761 780 paulo
1788 712 1925 766 infe-

398 811 577 872 riora;
616 808 701 876 qui
733 821 859 859 vero
906 820 1157 874 germane
1181 805 1345 873 ipsius
1375 802 1498 857 Jesu
1531 803 1774 873 discipuli
1807 803 1921 858 fue-

398 898 522 959 rint,
570 897 702 949 adeo
731 904 789 949 ut
816 910 880 948 eo
912 894 1229 961 perveniant
1261 904 1318 948 nt
1363 894 1524 947 etiam
1555 908 1674 947 eum
1719 907 1783 946 eo
1809 894 1924 958 ipso

394 996 623 1047 ccenent,
648 986 788 1039 solos
819 986 980 1053 pedes
1017 984 1232 1046 habent,
1268 984 1359 1050 qui
1406 991 1594 1052 egeant
1624 982 1786 1035 lavari
1812 979 1921 1034 ἀπὸ

392 1077 483 1129 τοῦ
512 1076 678 1142 Λόγου
729 1074 852 1145 [hoc
884 1083 963 1127 est
996 1089 1025 1126 a
1055 1072 1185 1126 Filio
1215 1072 1305 1125 Dei
1335 1082 1386 1124 et
1415 1071 1664 1142 ratione].
1690 1070 1755 1123 Et
1779 1081 1924 1125 certe

392 1164 480 1231 qui
511 1164 653 1216 videt
679 1162 1013 1215 diversitates
1059 1169 1424 1228 peccatorum.
1470 1160 1677 1229 quique.
1704 1170 1922 1229 peccata

393 1252 696 1306 considerat
743 1260 995 1318 quantum
1032 1251 1097 1303 ad
1145 1260 1449 1303 accuratam
1500 1258 1552 1303 et
1593 1259 1920 1304 constantem

392 1341 650 1394 rationem
685 1343 822 1409 (quae
857 1354 950 1391 nec
982 1347 1195 1407 peccata
1232 1338 1613 1391 existimantur
1635 1353 1752 1392 esse
1779 1339 1917 1407 apud

392 1427 631 1497 multos),
671 1429 717 1481 is
746 1429 958 1481 visurus
981 1438 1062 1481 est
1083 1443 1323 1495 quaenam
1345 1428 1449 1481 sint
1466 1428 1549 1481 illa
1574 1429 1640 1483 ob
1655 1443 1774 1497 quae
1791 1445 1922 1498 opus

393 1519 622 1573 habeant
637 1517 794 1585 pedes
816 1517 972 1569 lavari
992 1531 1019 1569 a
1037 1516 1180 1571 Jesn.
1201 1518 1294 1570 Sin
1312 1532 1437 1571 vero
1454 1517 1577 1570 talia
1596 1528 1715 1572 sunt
1732 1519 1919 1587 pedum

391 1609 806 1675 inquinamenta,
835 1608 957 1675 quid
984 1608 1172 1662 facturi
1200 1622 1388 1662 sumus
1414 1622 1508 1661 nos
1529 1609 1617 1676 qui
1647 1624 1917 1679 nunquam

391 1698 454 1748 ad
491 1698 806 1751 cenandum
837 1711 956 1749 cum
987 1696 1112 1750 Jesu
1161 1696 1519 1764 pervenimus,
1571 1697 1768 1765 quique
1816 1712 1918 1751 non

391 1783 783 1851 pedes.tantum
836 1783 1088 1835 habemus
1137 1783 1487 1849 inquinatos?
1539 1783 1751 1839 dicente
1794 1783 1921 1838 Jesu

391 1870 548 1924 Petro
572 1882 678 1924 tum
710 1872 991 1937 nescienti,
1012 1872 1101 1925 sed
1125 1873 1371 1941 agnituro
1396 1883 1576 1941 postea
1608 1874 1919 1944 mysterium

390 1962 671 2014 lavatiouis
693 1961 884 2029 pedum
916 1962 1006 2029 qui
1038 1976 1066 2013 a
1096 1959 1219 2015 Jesu
1253 1964 1575 2016 mundantur
1610 1981 1664 2018 τι
1696 1963 1806 2016 Nisi
1837 1962 1919 2014 la-

389 2066 516 2105 vero
542 2061 610 2113 te,
630 2066 731 2104 non
765 2051 983 2104 habebis
1009 2054 1209 2117 partem
1234 2064 1438 2104 mecum
1459 2051 1534 2111 ἰι
1563 2070 1581 2102 ι
1606 2053 1741 2120 quod
1765 2067 1920 2119 quem

388 2153 601 2193 sensum
649 2138 839 2193 habeat
871 2140 1144 2207 inquires;
1191 2150 1441 2193 utrumne
1473 2141 1615 2193 hunc
1649 2158 1662 2195 :
1695 2140 1808 2194 Nisi
1838 2140 1918 2194 la-

386 2244 515 2283 vero
545 2239 597 2284 te
618 2270 633 2294 ,
688 2230 881 2282 trullam
920 2230 1140 2283 omnino
1177 2230 1365 2282 bonam
1396 2239 1603 2298 partem
1636 2230 1919 2285 habiturus

386 2335 482 2385 es;
531 2336 597 2374 an
645 2320 789 2373 illum
821 2337 836 2372 :
867 2318 943 2373 Ne
972 2334 1176 2373 mecum
1207 2320 1423 2388 quidem
1475 2330 1799 2389 prmceptore
1856 2336 1920 2375 ac

388 2409 613 2464 Domino
663 2411 941 2465 habiturus
989 2424 1046 2463 es
1090 2421 1318 2476 partem,
1368 2410 1467 2464 nisi
1502 2419 1552 2463 te
1581 2411 1784 2475 lavero,
1825 2412 1917 2465 sed

387 2515 509 2555 cum
541 2516 624 2554 me
648 2500 1019 2561 inferioribus,
1053 2499 1192 2551 inter
1228 2514 1362 2567 quos
1408 2508 1533 2554 sunt
1579 2500 1613 2552 ii
1664 2501 1753 2568 qui
1800 2510 1919 2568 post

387 2590 707 2656 baptismum
744 2604 840 2642 nec
888 2597 1173 2640 cmnarunt
1215 2603 1443 2654 mecum,
1484 2604 1582 2643 nec
1634 2593 1790 2658 pedes
1821 2592 1918 2644 ha-

388 2678 616 2731 buerunt
638 2692 667 2729 a
701 2692 784 2729 me
811 2677 983 2741 lotos;
1021 2676 1103 2731 vel
1134 2678 1179 2731 si
1222 2688 1523 2739 cmnarunt,
1555 2694 1583 2730 a
1617 2694 1701 2732 me
1742 2689 1915 2733 tamen

390 2766 483 2820 loti
540 2782 641 2823 non
679 2766 913 2822 fuerunt.
961 2765 1091 2818 lllud
1144 2776 1323 2820 atttem
1372 2775 1498 2820 noto
1542 2777 1756 2835 propter
1804 2768 1917 2823 haec

388 2858 589 2910 verba:
625 2873 643 2904 ι
683 2855 819 2910 Ecce
862 2872 960 2926 ego
988 2868 1071 2912 sto
1100 2860 1164 2912 ad
1195 2860 1387 2911 ostium
1428 2866 1480 2910 et
1506 2857 1691 2926 pulso:
1725 2858 1768 2911 si
1800 2859 1918 2925 quis

2022 437 2114 490 τοῦ
2161 439 2418 509 σώματος·
2462 440 2717 492 ἀδύνατον
2756 438 2874 508 γὰρ
2903 432 3073 505 οἴμαι
3111 431 3308 502 μηδὲν
3340 430 3686 500 ρυπωθῆναι

2021 526 2118 594 τῆς
2147 524 2337 595 ψυχῆς,
2356 526 2488 596 μηδέ
2513 526 2578 577 τὰ
2604 525 2928 583 τελευταῖα,
2964 520 3069 573 καὶ
3102 516 3183 568 τὰ
3218 514 3555 568 κατωτάτω
3579 516 3682 567 αύ-

2021 616 2135 683 τῆς,
2170 616 2271 668 κᾶν
2297 616 2371 678 ὡς
2397 618 2452 667 ἐν
2483 614 2793 684 ἀνθρώποις
2833 609 3062 671 τέλειός
3095 622 3198 669 τις
3233 600 3393 657 εἶναι
3428 604 3593 676 δοκῇ.
3615 603 3683 660 Οἱ

2025 705 2120 774 μὲν
2153 700 2243 758 οὖν
2285 706 2464 758 πολλοὶ
2513 706 2605 757 καὶ
2662 703 2802 773 μετὰ
2835 703 2901 755 τὸ
2928 697 3184 768 λουτρὸν
3221 696 3538 765 κονιορτοῦ
3572 697 3681 750 τῶν

2020 796 2417 867 ἁμαρτημάτων
2433 795 2761 865 πληροῦνται
2786 794 2882 845 καὶ
2904 792 3014 861 τὴν
3036 787 3348 859 κεφαλὴν,
3366 787 3404 857 ἢ
3431 784 3508 839 τὰ
3525 784 3680 855 ὀλίγα

2022 883 2153 952 (δι’)
2168 883 2368 954 ’ταύτης
2381 884 2688 953 κατωτέρω·
2707 883 2756 933 οί
2773 881 2832 934 δὲ
2852 878 3122 947 γνησίως
3144 876 3236 946 τῷ
3276 874 3477 945 Ἰησοῦ
3509 873 3681 943 μαθη-

2021 974 2279 1039 τεύοντες,
2330 974 2404 1036 ὡς
2452 973 2652 1042 φθάσαι
2698 973 2796 1026 καὶ
2826 969 2927 1023 ἐπὶ
2966 968 3038 1021 τὸ
3081 966 3472 1020 συνδειπνεῖν
3505 963 3678 1036 αὐτῷ,

2024 1067 2210 1137 μόνους
2226 1066 2349 1129 τοὺς
2381 1066 2542 1128 πόδας
2566 1064 2854 1132 δεομένους
2879 1062 3084 1131 Ιἔχουσι
3139 1059 3257 1128 τῆς
3295 1058 3420 1110 ἀπὸ
3441 1055 3547 1109 τοῦ
3575 1056 3679 1109 Δό-

2018 1174 2114 1225 γου
2143 1156 2353 1224 νίψεως.
2391 1154 2621 1225 Ἐνορῶν
2647 1155 2704 1208 δὲ
2728 1154 3031 1224 διαφοραῖς
3064 1146 3566 1221 ἁμαρτημάτων,
3588 1147 3682 1201 καὶ

2019 1245 2290 1298 κατανοῶν
2318 1243 2402 1306 τὰ,
2428 1243 2503 1306 ὼς
2538 1244 2634 1313 μὲν
2680 1241 2819 1312 πρὸς
2850 1241 2916 1294 τὸ
2944 1240 3211 1310 ἀκριϐὲς
3262 1238 3373 1291 καὶ
3412 1236 3480 1289 τὺ
3505 1238 3679 1307 ἐρρω-

2024 1338 2175 1406 μένον
2204 1336 2295 1389 τοῦ
2328 1336 2506 1403 λόγου,
2538 1334 2941 1405 ἁμαρτήματα,
2974 1330 3136 1402 πρὸς
3165 1329 3235 1381 δὲ
3268 1328 3413 1390 τοὺς
3448 1327 3678 1391 πολλοὺς

2018 1428 2135 1480 οὐδὲ
2164 1426 2486 1496 νομιζόμενα
2538 1425 2650 1495 (82)
2678 1420 2820 1476 εἶναι
2867 1422 3329 1492 ἁμαρτήματα,
3392 1417 3523 1487 ὄψει
3558 1418 3678 1472 τίνα

2020 1520 2182 1581 ἐστὶν,
2215 1520 2298 1585 ἐφ’
2326 1513 2407 1580 οἷς
2441 1516 2649 1569 δέονται
2672 1516 2723 1568 οί
2768 1514 2933 1576 πόδες
2967 1511 3081 1566 τοῦ
3118 1509 3414 1579 νίψασθαι
3438 1508 3555 1562 ἀπὸ
3582 1507 3675 1561 τοῦ

2034 1609 2220 1680 Ἰησοῦ.
2255 1609 2361 1661 Καὶ
2390 1608 2549 1676 είπερ
2575 1606 2801 1659 τοιαῦτά
2830 1606 2954 1657 ἐστι
3005 1603 3087 1655 τὰ
3120 1603 3289 1657 κατά
3317 1603 3459 1664 τοὺς
3507 1600 3674 1663 πόδας

2024 1697 2354 1767 μολύσματα,
2404 1695 2457 1746 τί
2485 1695 2785 1764 ποιήσομεν
2816 1694 2867 1744 οἱ
2906 1691 3221 1761 μηδέποτε
3281 1689 3387 1741 ἐπὶ
3417 1687 3487 1741 τὸ
3538 1686 3675 1758 μετά

2021 1785 2109 1837 τοῦ
2144 1786 2312 1853 Ἰησοῦ
2352 1786 2565 1837 δεῖπνον
2603 1782 2935 1850 ἐφθακὸτες,
2979 1780 3140 1850 μηδὲ
3185 1780 3333 1841 τοὺς
3363 1778 3540 1842 πόδας
3580 1776 3674 1848 μό-

2020 1890 2136 1935 νους
2191 1872 2610 1943 μεμολυσμένοι,
2648 1871 2913 1937 λέγοντος
2981 1867 3191 1937 Ἰησοῦ
3240 1866 3332 1937 τῷ
3387 1867 3467 1936 μὴ
3512 1865 3673 1918 εἰδότι

2017 1964 2134 2015 τότε
2157 1963 2362 2031 Πέτρῳ,
2392 1961 2526 2013 ἀλλὰ
2550 1960 2884 2029 γνωσομένῳ
2925 1958 3089 2028 μετά
3119 1958 3327 2011 ταῦτα
3357 1957 3423 2010 τὸ
3462 1957 3668 2027 μυστή-

2021 2070 2130 2123 ριον
2158 2052 2254 2121 τῆς
2271 2052 2463 2120 νίψεως
2484 2051 2589 2103 τῶν
2610 2051 2715 2103 ὑπὸ
2752 2050 2938 2119 Ἰησοῦ
2957 2048 3476 2119 καθαριζομὲνων
3498 2047 3671 2099 ποδῶν

2016 2142 2095 2205 τὸ,
2131 2160 2150 2192 ι
2190 2142 2312 2194 Ἐὰν
2341 2142 2412 2211 μὴ
2441 2141 2578 2210 νίψω
2602 2158 2683 2204 σε,
2711 2142 2814 2193 οὐκ
2842 2141 3004 2210 ἔχεις
3037 2140 3234 2210 μέρος
3274 2141 3406 2209 μετ’
3436 2138 3609 2209 ἐμοῦς
3643 2157 3661 2191 ι

2017 2234 2149 2304 ὅπερ
2175 2232 2426 2304 ζητήσεις
2449 2232 2501 2284 τί
2523 2232 2688 2297 δηλοῖ·
2731 2232 3001 2301 πότερον,
3050 2233 3175 2295 ὅτι,
3196 2235 3336 2287 υῦδ⁹
3352 2234 3496 2293 ὅλως
3528 2231 3669 2299 ἔχες

2021 2325 2198 2395 μέρος,
2231 2324 2325 2375 ἐὰν
2353 2325 2425 2394 μὴ
2455 2322 2592 2392 νίψω
2622 2339 2704 2387 σε,
2741 2323 2984 2391 ἀγαθὸν,
3011 2324 3077 2394 ἦ·
3112 2324 3202 2376 Οὐ
3237 2321 3370 2393 μετ’
3397 2320 3535 2392 ἐμοῦ
3571 2321 3666 2392 μὲν

2016 2414 2105 2467 τοῦ
2137 2413 2447 2466 διδασκάλου
2481 2414 2572 2465 καὶ¹
2610 2414 2842 2484 Κυρίου,
2887 2414 3052 2484 μετά
3098 2413 3227 2466 τῶν
3279 2412 3588 2465 ἐλαττόνων
3607 2409 3664 2463 δέ

2021 2520 2140 2573 μου,
2168 2504 2222 2554 ἐν
2250 2498 2329 2565 οἷς
2361 2503 2496 2555 είσιν
2520 2504 2569 2555 οἱ
2622 2503 2759 2572 μετά
2791 2504 2854 2556 τὸ
2896 2502 3245 2557 λούσασθαι
3272 2504 3424 2574 μήτε
3456 2501 3665 2569 sam,-

2018 2608 2203 2654 σαντες
2225 2591 2284 2643 τὸ
2310 2593 2423 2662 μετ’
2454 2590 2587 2662 ἐμοῦ
2614 2591 2853 2655 δεῖπνον,
2881 2594 3041 2663 μήτε
3066 2594 3393 2664 νιψάμενοι
3413 2594 3509 2645 ὑπ’
3536 2590 3661 2661 ἐμοῦ

2014 2680 2136 2742 τοὺς
2183 2679 2365 2743 πόδας,
2412 2679 2867 2749 ἢδειπνήσαντες
2921 2680 3063 2749 μὲν,
3124 2682 3198 2733 οὐ
3252 2681 3553 2752 νιψάμενοι
3586 2678 3658 2735 δέ.

2030 2769 2168 2836 Ἐγὼ
2208 2770 2463 2839 ἐφίστημι
2496 2768 2584 2821 διά
2612 2768 2691 2820 τόο
2748 2786 2768 2820 ι
2810 2770 2955 2822 Ἰδοὺ
2987 2770 3124 2840 ἐγὼ
3176 2772 3410 2844 ἕστηκα
3440 2773 3533 2825 ἐπὶ
3571 2772 3663 2840 τὴν

2017 2857 2203 2929 θύραν,
2232 2858 2323 2911 καὶ
2351 2857 2549 2928 κρούω·
2579 2858 2673 2911 ἐάν
2700 2876 2785 2921 τις
2805 2860 3016 2932 ἀνοίξῃ
3056 2880 3163 2932 μοι
3194 2863 3306 2934 τὴν
3337 2862 3535 2935 θύραν,
3557 2863 3661 2915 εἰσ-

387 2946 515 3000 ntihi
547 2946 815 3014 aperuerit
835 2949 1050 3007 ostium.
1083 2948 1353 3015 ingrediar
1384 2948 1448 3000 ad
1480 2962 1623 3012 eum,
1653 2957 1705 3000 et
1732 2961 1881 3001 caana

2151 2965 2296 3016 τομαι
2338 2947 2470 3016 πρὸς
2498 2947 2681 3008 αὐτὸν,
2708 2949 2803 3000 καὶ
2832 2948 3155 3022 δειπνήσω
3199 2952 3330 3022 μετ’
3356 2950 3551 3015 αὑτοῦ,
3574 2949 3659 3002 καὶ

387 3038 455 3093 bo
474 3053 592 3091 cum
621 3053 705 3102 eo,
737 3047 790 3092 et
823 3037 935 3107 ipse
957 3053 1161 3092 mecum
1194 3039 1237 3071 ³¹
1264 3054 1279 3103 ;
1318 3056 1336 3089 ι
1363 3054 1428 3092 ne
1462 3038 1595 3092 forte
1619 3036 1770 3091 Jesus
1798 3054 1917 3092 cum

390 3129 495 3183 ullo
526 3145 630 3183 non
659 3130 915 3198 prandeat
939 3147 954 3193 ;
985 3143 1156 3198 neque
1181 3130 1321 3185 enim
1349 3141 1468 3200 eget
1502 3130 1918 3197 introductione,

388 3230 441 3274 et
477 3220 661 3287 primis
689 3220 1002 3289 disciplinis,
1027 3234 1198 3288 neque
1227 3223 1448 3287 prandet
1478 3221 1670 3291 aliquis
1695 3237 1811 3275 cum
1835 3237 1918 3287 eo,

388 3312 481 3363 sed
526 3310 616 3377 qui
667 3325 785 3363 cum
837 3310 925 3364 illo
974 3311 1202 3365 comedit
1239 3318 1442 3363 tantum
1477 3320 1655 3365 coenat
1688 3325 1703 3365 :
1743 3331 1763 3364 ι
1795 3312 1921 3367 Plus

391 3414 549 3467 quam
581 3417 599 3450 ι
638 3400 775 3452 enim
812 3420 830 3451 ι
861 3399 1142 3464 Salomon,
1183 3419 1202 3451 ι
1238 3401 1407 3467 inquit
1437 3401 1500 3467 ³³,
1547 3420 1566 3453 ι
1603 3403 1703 3457 hoc
1746 3404 1796 3456 in
1840 3403 1922 3457 lo-

393 3504 482 3552 co,
531 3507 551 3540 ι
599 3490 663 3542 de
689 3504 795 3557 quo
844 3492 1097 3557 scriptum
1145 3500 1271 3544 est:
1309 3508 1326 3541 ι
1364 3492 1429 3545 Ει
1476 3502 1593 3546 erat
1642 3494 1920 3562 prandium

394 3578 692 3632 Salomonis
732 3596 749 3628 ι
785 3579 905 3641 hoc,
935 3581 1072 3647 quod
1104 3580 1154 3631 in
1182 3579 1383 3645 Regum
1413 3583 1572 3637 tertio
1601 3582 1920 3636 recensitum

392 3678 474 3721 est
498 3666 563 3719 “.
586 3669 766 3722 Ausim
788 3670 947 3722 etiam
984 3671 1081 3724 hoc
1113 3669 1290 3723 dicere
1319 3681 1568 3739 tanquam
1594 3687 1921 3742 consequens

392 3755 515 3809 huic
542 3756 684 3810 dicto
720 3774 734 3809 :
770 3774 790 3806 ι
830 3755 939 3810 Nisi
982 3756 1164 3812 lavero
1197 3768 1246 3812 te
1274 3798 1288 3820 ,
1322 3774 1424 3812 non
1459 3759 1680 3813 habebis
1712 3772 1920 3830 partem

394 3843 646 3906 mecum,
687 3862 708 3898 ι
754 3843 933 3900 Jesnm
975 3846 1107 3900 Juda
1152 3848 1315 3915 pedes
1370 3864 1473 3902 non
1524 3850 1718 3903 lavisse
1762 3868 1777 3903 :
1834 3852 1917 3904 ni~

393 3934 582 3987 mirum
606 3936 744 4003 quod
769 3936 838 3989 illi
876 3936 983 4004 jam
1015 3937 1258 3991 diabolus
1298 3938 1609 3992 immisisset
1645 3940 1695 3992 in
1727 3954 1839 4003 cor,
1866 3950 1923 3994 ut

392 4021 567 4079 iesum
595 4025 827 4078 traderet
849 4034 1224 4093 praeceptorem
1256 4036 1310 4080 et
1345 4027 1656 4090 Dominum,
1688 4044 1806 4082 cum
1840 4031 1923 4083 in-

391 4114 762 4168 venissetcum
787 4128 887 4166 non
923 4114 1162 4167 indutum
1203 4128 1413 4167 omnem
1452 4116 1546 4169 Dei
1574 4129 1920 4179 armaturam,

394 4219 491 4257 nec
510 4204 785 4257 habentem
805 4200 922 4254 fidei
941 4210 1171 4262 scutum,
1186 4216 1290 4270 quo
1304 4202 1574 4270 valetquis
1594 4219 1779 4259 omnes
1797 4207 1915 4259 mali

394 4291 536 4346 illius
582 4292 800 4359 sagittas
848 4291 1045 4360 ignitas
1089 4290 1428 4360 exstinguere
1484 4292 1607 4332 ³⁸-³⁶
1638 4310 1651 4347 :
1686 4295 1921 4364 intelligo

395 4380 537 4432 enim
564 4377 664 4431 hoc
693 4378 829 4444 quod
860 4378 1114 4446 scriptum
1143 4385 1225 4431 est
1251 4394 1266 4431 :
1304 4396 1322 4428 ι
1351 4378 1484 4432 Cum
1526 4378 1635 4446 jam
1683 4381 1921 4438 diabolus

397 4468 704 4521 immisisset
737 4467 806 4531 "’,
844 4486 864 4520 ι
899 4467 1039 4521 sicut
1076 4467 1235 4521 etiam
1266 4466 1539 4535 Scriptura
1569 4469 1668 4524 hac
1698 4470 1763 4523 de
1793 4472 1923 4524 rein

395 4556 621 4625 septimo
650 4555 854 4625 psalmo
904 4555 1077 4621 docet,
1117 4557 1368 4611 nimirum
1413 4557 1637 4613 feriente
1681 4562 1923 4628 diabolo,

395 4648 483 4716 qui
533 4646 695 4701 veluti
742 4648 1050 4715 sagittarius
1091 4650 1321 4717 sagittas
1370 4649 1563 4717 ignitas
1597 4651 1828 4705 confecit
1859 4652 1923 4706 iis

395 4737 486 4805 qui
529 4738 673 4792 omni
704 4738 941 4791 custodia
975 4753 1070 4792 cor
1091 4754 1243 4793 suum
1274 4754 1378 4793 non
1413 4749 1651 4794 servant.
1680 4741 1776 4795 Est
1822 4757 1920 4795 au-

397 4837 500 4882 tem
531 4827 719 4897 psalmi
745 4838 1022 4883 contextus
1053 4828 1170 4883 talis
1205 4829 1250 4861 ³³
1283 4846 1297 4883 :
1338 4847 1357 4881 ι
1393 4827 1501 4882 Nisi
1529 4832 1769 4884 conversi
1805 4830 1920 4886 l‘ue-

397 4917 533 4977 ritis,
561 4915 789 4984 gladium
827 4932 978 4970 sunm
1010 4918 1255 4980 vibrabit,
1287 4933 1468 4971 arcum
1497 4934 1648 4970 suum
1681 4923 1921 4987 tetendit,

395 5014 450 5057 et
478 5006 682 5073 paravit
710 5006 867 5077 5,07
901 5008 1071 5070 illum,
1106 5018 1161 5062 et
1197 5007 1248 5060 in
1277 5022 1343 5061 eo
1374 5008 1579 5077 paravit
1609 5022 1733 5060 vasa
1777 5025 1922 5063 mor-

400 5093 491 5159 tis,
527 5095 750 5164 sagittas
782 5112 907 5150 suas
952 5097 1258 5151 ardentibus
1283 5096 1480 5151 effecit.
1516 5096 1651 5151 Ecce
1676 5100 1922 5165 parturiit

2019 3040 2177 3102 αὐτὸς
2198 3041 2309 3109 μετ’
2336 3038 2490 3109 ἐμοῦ·
2525 3058 2544 3089 ι
2592 3041 2800 3110 μήποτε
2835 3042 2867 3092 ὁ
2908 3041 3155 3110 Ἰησοῦς
3178 3043 3319 3098 οὒτε
3354 3044 3556 3115 ἀριστᾷ
3576 3058 3660 3113 με·

2018 3130 2085 3182 τά
2109 3147 2249 3192 τινος
2283 3129 2360 3197 (ού
2386 3129 2493 3199 γὰρ
2516 3129 2686 3181 δεῖται
2710 3129 3052 3202 εἰσαγωγῆς
3086 3135 3199 3186 καὶ
3232 3134 3482 3205 πρώτων
3504 3134 3660 3202 μαθη-

2023 3223 2247 3294 μάτων),
2282 3221 2404 3273 οῦτε
2433 3222 2631 3291 ἀριστᾷ
2654 3238 2739 3284 τις
2772 3222 2897 3291 μετ’
2934 3224 3163 3290 αὐτοῦ,
3195 3227 3324 3280 ἀλλ’
3358 3229 3390 3280 ὁ
3426 3229 3544 3299 μετ’
3572 3225 3659 3281 αὺ-

2017 3313 2109 3367 τοῦ
2134 3312 2324 3364 ἐσθίων
2340 3310 2545 3363 δειπνεῖ
2560 3311 2736 3379 μόνον’
2765 3330 2784 3362 ι
2805 3312 3015 3365 Πλεῖον
3041 3334 3064 3365 ι
3093 3317 3246 3387 γὰρ,
3270 3320 3439 3389 φησὶ,
3465 3338 3483 3368 ς
3510 3318 3655 3369 Σολο-

2023 3404 2224 3474 μῶντος
2266 3395 2386 3463 ὧδε,
2421 3420 2440 3452 ι
2478 3399 2603 3473 περὶ
2630 3396 2689 3457 οῦ
2729 3403 3098 3473 γέγραπταιθ
3148 3427 3170 3459 ι
3213 3409 3339 3462 Καὶ
3362 3405 3436 3481 ἧν
3459 3408 3519 3462 τδ
3548 3409 3661 3479 ἄρι-

2022 3510 2141 3547 στον
2169 3491 2412 3562 Σολομῶν
2443 3511 2462 3542 ι
2496 3493 2638 3553 τόδε,
2667 3492 2696 3545 ὃ
2729 3494 3113 3550 κατείλεκται
3153 3501 3221 3553 ὲν
3249 3503 3325 3571 τῇ
3351 3501 3518 3573 τρίτῃ
3562 3498 3662 3551 τῶν

2020 3582 2326 3636 Βασιλειῶν.
2365 3583 2475 3635 Καὶ
2506 3583 2666 3635 τοῦτο
2696 3582 2754 3635 δὲ
2800 3584 3122 3656 τολμήσας
3186 3591 3417 3662 εῐποιμν
3466 3592 3551 3651 ἂν,
3593 3590 3663 3654 ὡς

2020 3674 2304 3727 ἀκόλουθον
2335 3671 2433 3743 τῷ,
2476 3692 2495 3723 ι
2540 3673 2666 3725 Ἐὰν
2708 3674 2783 3744 μὴ
2819 3666 2971 3744 νίψω
3001 3695 3102 3742 σε,
3152 3683 3273 3736 οὐκ
3310 3684 3465 3754 ἔχεις
3509 3684 3663 3753 μέρος

2023 3768 2135 3835 μετ’
2164 3764 2316 3834 ἐμοῦ,
2345 3782 2363 3815 ι
2400 3765 2480 3816 ὅτι
2504 3765 2604 3815 οὐκ
2632 3764 2781 3832 ἔνιψε
2800 3766 2937 3830 τοὺς
2958 3770 3162 3836 πόδας
3184 3775 3295 3828 τοῦ
3343 3775 3542 3837 Ἰούδα,
3571 3773 3663 3844 ἤδη

2019 3858 2096 3918 εἰς
2128 3856 2224 3925 τὴν
2249 3854 2471 3924 καρδίαν
2488 3853 2740 3923 βεϐλήκει
2765 3854 2794 3905 ὁ
2821 3855 3101 3923 διάϐολος
3153 3864 3255 3917 ἵνα
3286 3866 3390 3919 τὸν
3428 3865 3668 3918 διδάσκα·

2018 3944 2106 3997 λον
2147 3944 2240 3996 καὶ
2261 3942 2460 4013 Κύριον
2494 3943 2741 4014 παραδῷ,
2774 3945 2963 4016 εὑρὼν
3000 3952 3199 4006 αὑτὸν
3234 3955 3347 4008 οὐκ
3384 3953 3666 4024 ἐνδεδυμέ-

2018 4052 2103 4087 νον
2123 4034 2219 4104 τὴν
2243 4033 2537 4086 πανοπλίαν
2559 4032 2654 4086 τοῦ
2708 4035 2872 4099 Θεοῦ,
2899 4039 3007 4091 καὶ
3041 4043 3166 4097 οὐκ
3194 4045 3411 4117 ἔχοντα
3454 4047 3547 4100 τὸν
3575 4046 3668 4115 τῆς

2019 4125 2248 4184 πίστεως
2287 4120 2497 4190 θυρεὸν,
2548 4114 2594 4187 ᾧ
2625 4122 2851 4176 δύναταί
2894 4143 2988 4189 τις
3041 4114 3265 4187 πάντᾷ
3292 4136 3372 4188 τὰ
3404 4136 3536 4206 βέλη
3578 4133 3667 4186 τοῦ

2021 4210 2249 4282 πονηροῦ
2276 4209 2344 4299 ea
2391 4213 2768 4299 πεπυρωμένα
2801 4215 3026 4270 σϐέσαν
3086 4228 3524 4299 γεγραμμένου
3566 4227 3672 4299 γὰρ

2018 4301 2132 4363 τοῦ,
2168 4319 2187 4350 ‹
2228 4298 2333 4351 Τοῦ
2392 4298 2634 4353 διαϐόλου
2682 4302 2786 4373 ἢδη
2838 4304 3235 4380 βεϐληκότος,
3281 4298 3314 4369 »ί
3341 4319 3558 4383 ἀκούω,

2021 4391 2111 4445 καὶ
2146 4392 2203 4441 ἐν
2233 4388 2439 4460 ἑϐδόμῳ
2465 4389 2667 4462 ψαλμῷ
2698 4394 2796 4463 τῆς
2835 4396 3083 4471 Γραφῆς
3114 4407 3273 4476 περὶ
3298 4407 3507 4462 τούτου
3534 4408 3661 4461 διδαο

2023 4479 2272 4549 σκούσης,
2304 4479 2379 4542 ὡς
2406 4480 2645 4545 τοξότου,
2673 4484 2770 4537 καὶ
2811 4484 2943 4559 βέλη
2982 4499 3418 4569 πεπυρωμένα
3443 4499 3673 4568 ἐξεργα.

2024 4569 2241 4661 sviti-5‘10?
2258 4572 2368 4632 τοῖς
2389 4570 2462 4642 μὴ
2483 4573 2634 4647 πάσῃ
2649 4575 2869 4649 φυλακῇ
2889 4581 3150 4651 τηροῦσι
3169 4588 3285 4661 τὴν
3303 4592 3532 4645 ἑαυτῶν
3548 4607 3675 4660 καρ-

2020 4658 2155 4712 δίαν.
2184 4660 2332 4750 Ἔχει
2365 4661 2422 4713 δὲ
2448 4661 2620 4726 οὓτως
2643 4666 2678 4736 ἡ
2711 4667 2809 4721 τοῦ
2838 4667 3073 4739 ψαλμοῦ
3119 4658 3314 4745 λέξις·
3364 4699 3386 4732 .
3443 4681 3573 4734 Ἐάν
3601 4658 3673 4750 pit

2025 4749 2411 4838 ὲπιστραφῆτε,
2440 4751 2539 4822 τὴν
2567 4755 2847 4825 ῥομφαίαν
2863 4760 3036 4814 αὐτοῦ
3067 4767 3425 4836 maciam,
3446 4749 3674 4838 τδτΰξον

2018 4837 2178 4889 αὐτοῦ
2203 4838 2452 4933 ἐνέτεινε,
2481 4844 2577 4897 καὶ
2600 4847 2903 4919 ἡτοίμασεν
2927 4852 3090 4919 αὐτὸ,
3123 4860 3237 4913 καὶ
3252 4862 3321 4915 ἐν
3344 4864 3508 4933 αὐτῷ
3533 4837 3662 4932 ἡτοί-

2021 4942 2156 5024 μασε
2192 4928 2358 5024 σκεύη
2403 4931 2662 5003 θανάτου,
2689 4940 2761 4994 τά
2798 4942 2929 5015 βέλη
2967 4943 3153 4999 αὐτοῦ
3186 4954 3317 5014 τοῖς
3347 4928 3672 5024 καιομένοις

2018 5015 2390 5087 ἐξειργάσατο.
2427 5025 2565 5083 Ἰδοὺ
2589 5029 2856 5106 ὼδίνησεν
2874 5034 3114 5100 ἀδικίαν,
3158 5042 3455 5096 συνέλαϐε
3488 5015 3670 5097 πόνον.

2018 5105 2111 5157 καί
2152 5106 2336 5162 ἔτεκεν
2382 5114 2642 5191 ἀνομίαν.
2686 5143 2706 5177 ι
2748 5105 2871 5194 Πᾶς
2904 5128 3000 5200 μὲν
3027 5122 3128 5181 οῦν
3170 5131 3540 5205 ὁμολογήσει
3589 5132 3668 5185 τό⁸

468 5253 510 5286 ³¹
539 5255 817 5317 Joanant.
846 5256 897 5311 8.
985 5257 1027 5290 δ’
1051 5257 1210 5326 Apoc.
1248 5274 1327 5320 ιιι,
1357 5259 1447 5313 20.
1525 5259 1568 5290 ³³
1600 5259 1787 5312 Matth.
1814 5278 1908 5327 χιι,
1944 5264 1970 5317 ι

475 5358 491 5363 -
541 5324 623 5363 ut-
716 5326 760 5357 at
789 5324 917 5363 lnnn
963 5342 1056 5363 τι..
1112 5325 1146 5363 9.
1259 5326 1441 5363 διουριι
1504 5343 1574 5363 ιι..
1607 5327 1674 5363 ix
1722 5328 1786 5363 υς

2155 5280 2212 5320 ο.
2240 5284 2317 5335 ιι,
2347 5271 2444 5329 3|.
2524 5282 2574 5317 οι
2601 5284 2672 5344 ιιι
2702 5288 2841 5363 Reg.
2864 5304 2936 5357 tv,
2986 5287 3081 5341 '22.
3165 5288 3314 5330 ³⁵-³⁶
3342 5291 3558 5361 Ephes.
3596 5303 3663 5342 ιτς.

402 5318 492 5384 ll,
541 5324 626 5377 16.
716 5326 760 5357 "
787 5318 1168 5391 Joan.xut,"2.
1259 5318 1466 5382 “‘Psal.
1504 5327 1809 5394 Vtt,l3,15.

501 5457 607 5530 δι’)
625 5460 861 5530 pyra,
882 5461 1040 5516 Forte
1064 5461 1340 5530 legendum
1368 5462 1546 5530 ὀλίγῳ.

501 5461 607 5523 8l‘)
644 5461 852 5528 Ὀλιγα.
882 5461 1040 5516 Forte
1064 5461 1340 5530 legendum
1368 5462 1482 5528 όλίγ
1532 5503 1546 5515 .

478 5461 588 5592 ίεῖ)
615 5527 763 5592 Πρὸς
794 5528 871 5598 ,δὲ
909 5529 1046 5594 τοὺς
1085 5529 1345 5593 πολλοὺς
1382 5480 1528 5584 οὺδὲ⁸
1565 5527 1920 5599 νομιζόμενα.

2028 5458 2292 5587 litanti}:
2339 5475 2536 5547 locum
2591 5498 2649 5554 in
2696 5501 2881 5556 εθάίου
2923 5491 3074 5567 δοείο
3110 5494 3395 5553 mutilum
3437 5497 3664 5554 sanitati

2310 5552 2494 5587 Pnda-
2538 5563 2605 5587 ιι
2641 5572 2673 5587 η
2715 5573 2726 5583 .

2225 5546 2268 5592 ιι
2310 5552 2499 5617 codex
