3820 6210
1045 328 1392 384 COMMENT.
1434 327 1498 382 IN
1528 326 1717 383 JOAN.
1755 326 1985 382 TOMUS
2018 326 2229 383 XXXII.

3076 386 3084 391 α
3127 327 3232 381 750

277 440 383 493 ωνό
422 440 561 496 ἔδωκε
588 443 665 513 τῷ
708 443 818 513 Υίῷ
845 446 874 496 6
904 445 1088 515 Πατὴρ
1131 447 1209 506 εἰς
1253 445 1352 507 τὰς
1389 446 1599 514 χεῖρας·
1631 449 1677 505 Α
1703 454 1785 498 οι]

1723 454 1756 497 ιι
1779 444 2065 505 rationem,
2088 441 2217 495 illud
2248 441 2387 507 quod
2425 439 2704 495 dicendum
2737 446 2817 494 est
2858 440 3080 509 singulis
3127 441 3231 495 illis

277 547 330 599 τῳ
349 530 430 599 μὲν
455 531 546 601 γὰρ
571 532 677 585 τῶν
706 533 911 586 πάντων
936 533 1246 601 λεχθήσεται
1266 533 1328 584 τό
1347 549 1360 562 ⁸
1397 550 1417 582 ‹
1456 534 1606 587 ’Δκο-

277 636 383 686 ισεις
416 619 463 671 δέ
489 636 564 689 μοι
590 619 834 690 ὕστερον
861 640 878 672 »
911 620 1021 672 ἀλλ’
1050 622 1097 672 εί
1125 620 1197 689 μὴ
1233 619 1348 688 ἅμα
1388 619 1605 671 ἀκολου-

277 724 379 772 lctv,
400 708 482 760 οΰκ
507 709 591 761 ἐπὶ
643 709 732 760 τὸν
768 709 923 761 αὑτὸν
967 709 1287 778 ἀναφέρεται
1320 709 1505 778 καιρὸν
1544 708 1604 760 τὸ

277 814 323 864 ’ῳ
368 797 458 849 τῶν
510 797 966 866 ἀκολουθησάντων
1013 797 1188 851 αὐτῶν
1240 798 1473 869 ἁρμόζον
1543 795 1602 848 τὸ

277 903 355 938 ιον
396 886 448 937 ἐν
475 885 592 955 τῷ·ι
616 885 1084 960 Ἀκολουθήσειςδέ
1101 905 1185 957 μοι
1206 888 1394 958 ὕστερ’)
1425 907 1471 940 .»
1508 886 1601 939 xui.

288 990 366 1042 μοι
391 973 483 1026 νόει
502 974 586 1027 καὶ
617 973 742 1043 περὶ
767 972 989 1026 πάντων
1002 973 1108 1026 τῶν
1135 974 1598 1043 καταργουμένων,

277 1079 360 1116 ταν
387 1063 681 1134 καταργήσῃ
713 1065 885 1116 πᾶσαν
907 1064 1097 1133 ἀρχὴν,
1125 1064 1231 1115 εἴτε
1258 1065 1431 1115 πᾶσαν
1456 1063 1601 1127 ἐξου-

277 1153 369 1205 εῖτε
401 1154 560 1206 πᾶσαν
595 1153 834 1222 δύναμιν,
876 1154 968 1206 καλ⁵
998 1152 1324 1218 ἁπαξαπλῶς
1354 1153 1507 1222 ἄχρις
1539 1147 1599 1207 οὗ

277 1242 414 1304 ivra;
466 1243 578 1304 τοὺς
630 1241 851 1311 ἐχθροὺς
906 1241 1068 1295 αὑτοῦ
1120 1241 1224 1293 ὑπὸ
1269 1242 1393 1303 τοὺς
1438 1242 1598 1305 πόδας

277 1369 283 1390 ,
313 1330 512 1400 ἔσχατος
542 1331 728 1400 ἐχθρὸς
757 1334 1104 1401 καταργεῖται
1130 1333 1158 1383 6
1186 1331 1423 1393 θάνατος.
1469 1347 1488 1380 ι
1511 1331 1598 1382 Εί-
1622 1334 1623 1337 “

277 1413 357 1470 οὖν
387 1437 403 1468 ι
426 1420 451 1471 ό
483 1417 699 1487 Ἰησοῦς,
738 1417 815 1469 ὅτι
843 1418 1013 1470 πάντα
1040 1418 1234 1470 ἔδωκεν
1264 1417 1408 1486 αὐτῷ
1435 1418 1463 1468 ὁ
1490 1417 1599 1469 Πα-

277 1523 300 1566 ς
325 1505 412 1568 τὰς
446 1509 648 1575 χεῖρας,
686 1507 778 1559 καὶ
810 1506 890 1558 ὅτι
941 1506 1045 1558 άπὸ
1075 1505 1206 1557 Θεοῦ
1254 1505 1459 1574 ἐξῆλθε,
1506 1505 1597 1558 καὶ

279 1594 333 1644 ὸν
357 1594 475 1645 Θεὸν
497 1593 710 1659 ὑπάγει,
735 1612 754 1643 »
802 1593 894 1645 καὶ
937 1593 1087 1654 εἰδὼς
1128 1594 1248 1644 ὅσον
1293 1594 1374 1659 ἐφ’
1399 1587 1477 1653 οἷς
1509 1610 1596 1645 κε-

284 1680 365 1743 θα,
387 1681 456 1742 ὡς
479 1680 841 1750 διηγησάμεθα
869 1681 1219 1750 παριστάντες
1246 1679 1354 1749 (90)
1392 1681 1451 1731 τὸ
1493 1696 1594 1747 φα-

1702 532 1946 587 omnibus
1991 544 2108 599 quae
2152 530 2308 582 Pater
2349 528 2482 582 Filio
2530 529 2672 583 dedit
2723 530 2774 581 in
2819 528 2984 595 ipsius
3039 545 3230 584 manus

1702 618 1945 687 (singulis
1995 619 2136 672 enim
2179 617 2423 671 omnibus
2466 617 2668 670 dicetur
2708 616 2869 671 illud:
2922 635 2941 668 ι
2977 616 3264 684 Sequeris.

1700 713 1878 758 autem
1904 719 1987 757 me
2010 714 2192 773 postea
2220 722 2239 754 »
2264 703 2283 773 )
2340 705 2681 758 considerare
2705 714 2756 759 te
2781 715 3021 771 oportet:
3047 721 3227 760 verum

1703 790 1746 844 si
1773 791 1929 845 simul
1972 806 2074 845 non
2119 800 2444 858 sequantur,
2485 807 2606 845 cum
2648 792 2875 858 dicitur,
2921 811 2940 844 ι
2976 794 3227 862 Sequeris

1698 892 1874 936 autem
1917 894 2000 934 me
2035 890 2217 949 postea
2237 917 2251 943 ,
2282 897 2301 930 »
2330 893 2433 934 vox
2472 889 2670 946 postea,
2695 881 2914 950 singulis
2936 882 3025 950 qui
3061 884 3227 938 secuti

1698 968 2269 1031 fuerintconveniens,
2317 983 2419 1020 non
2446 968 2511 1022 ad
2554 969 2691 1023 idem
2720 980 2928 1039 tempus
2957 970 3221 1036 refertur;

1697 1059 1747 1113 id
1774 1061 1912 1128 quod
1939 1058 2099 1112 etiam
2125 1057 2255 1110 mihi
2284 1058 2562 1112 considera
2592 1060 2656 1112 de
2680 1060 2764 1112 bis
2787 1074 2904 1128 quae
2935 1060 3222 1114 destruun-

1698 1156 1801 1209 tur,
1830 1148 1941 1203 sive
1970 1162 2090 1202 cum
2118 1149 2447 1203 deSIruxerit
2471 1161 2678 1201 omnem
2707 1148 3083 1216 principatum,
3112 1149 3225 1203 sive

1695 1250 1903 1289 omnem
1928 1246 2242 1304 potestatem
2261 1277 2274 1300 ,
2300 1237 2411 1291 sive
2433 1250 2643 1289 omnem
2672 1237 2921 1290 virtutem
2944 1276 2959 1300 ,
2984 1246 3038 1292 et
3065 1252 3225 1306 gene-

1699 1323 1852 1376 ratim
1888 1324 2055 1378 donec
2079 1325 2311 1392 posuerit
2340 1339 2527 1378 omnes
2555 1324 2795 1377 inimicos
2833 1340 2957 1379 suos
2996 1326 3095 1380 sub
3131 1342 3223 1393 pe-

1694 1413 1787 1467 des
1807 1426 1962 1474 suos,
1994 1422 2152 1481 atque
2182 1414 2398 1467 ultimus
2440 1414 2606 1466 hostis
2633 1412 2929 1467 abolebitur
2977 1429 3119 1500 ngrs
3146 1415 3216 1467 ⁸⁸.

1697 1519 1717 1552 ι
1746 1501 1961 1556 Sciens»
1995 1503 2153 1570 igitur
2175 1502 2353 1556 «Jesus
2374 1503 2548 1555 omnia
2578 1502 2789 1555 dedisse
2804 1503 2901 1556 sibi
2930 1502 3138 1557 Patrem
3167 1506 3218 1558 iu

1694 1608 1907 1658 manus,
1937 1608 2098 1662 seque
2123 1609 2151 1647 a
2182 1593 2289 1647 Deo
2318 1594 2490 1647 exisse
2510 1631 2525 1655 ,
2557 1602 2609 1646 et
2633 1596 2697 1645 ad
2740 1594 2900 1646 Deum
2930 1595 3076 1647 abire
3099 1596 3164 1657 ⁸⁸,
3195 1614 3214 1646 ›

1691 1691 1747 1734 et
1771 1681 1949 1735 sciens
1978 1693 2237 1750 quantum
2268 1682 2318 1736 in
2348 1683 2462 1735 haec
2492 1683 2617 1734 moti
2646 1697 2851 1744 sumus,
2877 1692 2933 1735 ut
2960 1698 3221 1751 exposue-

277 1772 321 1821 ἰν
345 1772 418 1832 εις
452 1771 540 1831 τὸ,
577 1790 594 1822 ι
638 1771 766 1822 Ἀπὸ
792 1770 885 1822 τοῦ
924 1769 1055 1822 Θεοῦ
1090 1767 1296 1836 ἐξῆλθε,
1323 1785 1340 1817 ι
1378 1768 1470 1820 και
1514 1770 1591 1830 εις
1623 1756 1662 1812 8
1692 1771 1785 1824 rim

1706 1771 1858 1824 -imus
1886 1771 1937 1824 in
1967 1771 2193 1824 medium
2221 1773 2537 1827 adducentes
2565 1774 2863 1849 Opinionem
2901 1783 3133 1827 nostram
3162 1774 3214 1827 in

277 1855 398 1922 Πρὸς
416 1854 497 1906 τὸν
526 1856 649 1907 Θεὸν
685 1856 895 1922 ὑπάγει·
932 1856 1192 1924 ἐγείρεται
1211 1873 1256 1916 ,»
1294 1855 1474 1923 φησὶν,
1501 1856 1591 1906 (ὲκ

277 1942 434 2004 ἶπνου,
458 1960 475 1991 ι
507 1944 637 2012 ὅπερ
667 1943 805 1996 κατὰ
834 1942 985 1995 τοῦτο
1024 1945 1415 2012 κατανοήσομεν
1458 1944 1590 2011 μετὰ

277 2031 349 2098 ῆς.
388 2031 489 2083 Καὶ
525 2031 622 2099 ὅρα
659 2031 706 2081 εἰ
733 2031 950 2083 δύνασαι
979 2032 1035 2083 ὲν
1066 2031 1266 2091 τούτοις
1292 2030 1484 2097 λέγειν,
1511 2032 1590 2082 ὅτι

277 2117 436 2179 τάτως
473 2116 564 2185 μὲν
590 2117 747 2169 αὐτὸν
779 2117 1006 2186 εὔφρανε
1033 2117 1092 2168 τὸ
1123 2117 1256 2185 μετὰ
1280 2116 1386 2169 τῶν
1420 2117 1591 2186 μαθη-

277 2205 459 2256 ιπνεῖνο
494 2205 903 2274 περιστατικῶς-
929 2204 983 2256 δὲ
1026 2205 1116 2255 καὶ
1155 2204 1456 2270 ἀναγκαίως
1505 2203 1591 2255 διὰ

277 2294 462 2362 ιιθητὰς
501 2291 605 2346 ἀπὸ
645 2292 737 2345 τοῦ
787 2292 995 2345 δείπνου
1049 2291 1332 2358 ἐγείρεται,
1380 2292 1470 2343 καὶ
1500 2292 1589 2342 ἐπὶ

280 2384 368 2436 τοῦ
400 2384 623 2436 δειπνεῖν
658 2382 940 2442 παύσεται,
968 2381 1068 2440 ἕως
1112 2378 1231 2439 τοὺς
1269 2380 1374 2431 τῶν
1421 2378 1590 2448 μαθηε

277 2469 456 2540 θαρίσῃ
484 2470 665 2532 πόδας,
691 2470 749 2521 οὐ
783 2468 1084 2537 δυναμένων
1111 2468 1249 2537 ἔχειν
1283 2467 1439 2537 μέρος
1474 2469 1586 2534 μετ’

277 2560 366 2611 ἐὰν
398 2556 469 2628 μὴ
500 2559 658 2621 αὐτὸς
686 2558 831 2627 νίψῃ.

277 2652 286 2701 ἵ
320 2646 410 2703 οὖν
446 2649 658 2716 λέγεται
707 2646 839 2717 μετὰ
874 2648 961 2710 τὸ,
1006 2664 1025 2696 ι
1063 2647 1353 2716 Ἐγείρεται
1402 2648 1465 2698 ὲκ
1492 2645 1584 2697 τοῦ

277 2760 331 2805 ,»
385 2741 814 2808 κατανοήσωμεν.
884 2758 901 2789 ι
930 2738 1149 2806 Τίθησι,
1191 2756 1209 2788 »
1254 2739 1414 2807 φησὶ,
1473 2754 1492 2787 ι
1520 2736 1586 2789 τὰ

294 2831 385 2882 καὶ
421 2828 599 2883 λαϐὼν
623 2828 825 2879 λέντιον
855 2826 1156 2889 διεζώσατο.
1185 2844 1204 2876 »
1244 2826 1348 2877 Καὶ
1380 2827 1437 2877 ἐν
1462 2824 1585 2877 τού-

302 2920 546 2987 εἴποιμεν
585 2916 650 2968 ἂν
679 2918 790 2975 τοῖς
827 2914 898 2983 μὴ
952 2913 1280 2982 βουλομένοις
1328 2913 1434 2965 άπὸ
1481 2913 1585 2965 τῶν

277 3007 595 3071 ἀναϐαίνειν,
631 3007 723 3058 καί
773 3004 973 3074 νοητῶς
1015 3006 1149 3055 νοεῖν
1192 3002 1258 3054 τὰ
1302 3001 1611 3070 παρατιθέι

277 3116 283 3140 ι
317 3095 528 3157 τούτοις
558 3095 657 3163 τῆς
685 3093 860 3162 ψυχῆς
905 3091 1189 3161 βρώματαο
1225 3090 1287 3141 Τί
1320 3089 1425 3158 γὰρ
1464 3089 1584 3140 ἐλύ-

277 3184 516 3252 ;δυμένον
540 3182 695 3234 αὐτὸν
713 3180 859 3248 νῖψαι
902 3180 1024 3241 τοὺς
1068 3179 1226 3240 πόδας
1265 3177 1367 3229 τῶν
1414 3176 1584 3245 μαθη-

279 3273 380 3324 λλά
405 3270 636 3339 μήπως,
672 3270 766 3322 ἐὰν
804 3270 998 3338 ἴδωμεν
1030 3267 1136 3335 (91)
1176 3266 1335 3328 ἀξίως
1360 3264 1452 3316 τοῦ
1492 3266 1586 3333 Ἰη-

277 3361 550 3429 ὲνδύματα
589 3356 752 3411 αὑτοῦ
796 3358 831 3410 ἃ
862 3357 1159 3427 περιέκειτο
1202 3354 1443 3416 δειπνῶν,
1491 3354 1583 3406 καὶ

277 3452 458 3520 ὶμενος
504 3448 644 3519 μετὰ
665 3448 772 3500 τῶν
801 3445 1068 3516 μαθητῶν,
1107 3444 1437 3512 ἐννοήσωμεν
1467 3442 1584 3493 τίνα

277 3541 579 3609 περίκειται
594 3539 622 3590 ό
640 3536 920 3604 γενόμενος
938 3532 1071 3601 σὰρξ
1099 3534 1282 3598 Λόγος.
1316 3529 1509 3582 Τοῦτον
1526 3530 1582 3582 δὲ

277 3631 527 3699 ράσματι
542 3626 736 3691 λέξεων
752 3625 884 3691 πρὸς
915 3621 1103 3686 λέξεις,
1122 3622 1212 3673 καὶ
1232 3620 1419 3688 φωνῶν
1451 3620 1584 3688 πρὸς

277 3716 659 3784 συνεστηκότα
711 3711 1051 3768 ἀποτίθεται,
1109 3711 1207 3762 κᾶν
1265 3708 1584 3776 γυμνότερος

277 3804 458 3858 »λικοῦ
511 3804 803 3873 σχήματος,
849 3803 982 3871 ὅπερ
1028 3799 1274 3868 δηλοῦται
1326 3797 1410 3849 διὰ
1458 3796 1581 3858 τοῦ,

302 3895 549 3955 λέντιον,
599 3890 942 3953 διεζώσατο,ι
991 3889 1215 3955 γίνεται,
1265 3888 1348 3940 ἵνα
1378 3888 1471 3938 καὶ
1508 3887 1581 3955 μὴ

277 3984 485 4052 λμνὸς,
524 3981 620 4033 καὶ
662 3977 796 4046 μετὰ
834 3978 892 4029 τὺ
926 3977 1077 4045 νῖψαι
1108 3975 1408 4044 οἰκειοτέρῳ
1452 3976 1583 4042 ὑφά-

277 4071 484 4141 τομάξῃ
515 4071 641 4132 τοὺς
667 4068 772 4119 τῶν
800 4065 1044 4136 μαθητῶν
1074 4065 1248 4126 πόδας.
1274 4065 1382 4117 Kal.
1404 4065 1499 4132 ὅρα
1527 4066 1582 4115 ὲν

277 4161 393 4223 τῶς
428 4158 631 4212 ἑαυτὸν
666 4155 944 4224 σμικρύνει
983 4154 1091 4222 (92)
1129 4156 1157 4205 6
1189 4154 1353 4222 μέγας
1379 4153 1470 4204 καὶ
1500 4153 1582 4204 δε-

277 4267 327 4311 »;
382 4249 574 4315 Λόγος
625 4246 905 4313 γενόμενος
952 4241 1112 4311 σὰρξ,
1159 4242 1242 4293 ἵνα
1289 4241 1411 4310 νίψῃ
1455 4242 1579 4303 τοὺς

1690 1861 1791 1914 hoc
1816 1862 2010 1913 dictum
2032 1898 2046 1923 ,
2077 1878 2094 1911 ι
2123 1862 2167 1913 Α
2208 1862 2313 1913 Deo
2346 1863 2565 1924 exivit,»
2587 1872 2637 1917 et
2664 1864 2716 1915 in
2747 1863 2867 1925 hoc,
2898 1881 2917 1912 ι
2939 1864 3016 1915 Ad
3051 1864 3214 1916 Deum

1688 1943 1862 2008 vadit;
1903 1943 2107 2010 surgit,
2141 1962 2158 1994 »
2199 1945 2397 2011 inquit,
2444 1965 2461 1996 ι
2488 1962 2515 1998 a
2566 1960 2747 2009 coena,
2790 1965 2808 1995 »
2849 1949 2986 2014 quod
3019 1949 3218 2015 pariter

1688 2031 2137 2085 considerabimus
2158 2047 2275 2085 cum
2315 2034 2678 2100 sequentibus.
2712 2034 2773 2086 Et
2796 2035 2914 2089 vide
2939 2051 3004 2087 an
3045 2035 3218 2103 possis

1688 2121 1741 2173 in
1774 2122 1855 2174 his
1876 2122 2076 2184 dicere,
2113 2137 2450 2188 summopere
2480 2124 2692 2190 quidem
2721 2123 2866 2177 illum
2892 2125 3210 2179 oblectatum

1688 2207 1851 2261 fuisse
1887 2210 2146 2263 coenando
2177 2225 2294 2262 cum
2326 2211 2597 2277 discipulis
2624 2211 2771 2275 suis;
2812 2210 3039 2265 efﬂictim
3066 2228 3211 2275 vero,

1685 2306 1736 2353 et
1761 2299 2095 2361 necessario,
2125 2308 2341 2366 propter
2369 2299 2661 2367 discipulos
2686 2337 2701 2361 ,
2730 2314 2758 2350 a
2784 2313 2938 2352 omna
2970 2315 3211 2368 surgere,

1685 2390 2007 2450 eatenusque
2036 2399 2063 2435 a
2094 2385 2350 2437 ctenando
2384 2400 2502 2439 eum
2539 2400 2776 2447 cessare,
2810 2398 3072 2454 quatenus
3117 2403 3209 2453 pe-

1686 2472 1780 2523 des
1828 2470 2039 2522 mundet
2095 2470 2468 2537 discipulorum
2524 2488 2629 2525 non
2682 2473 2966 2528 valentium
3016 2476 3214 2530 habere

1685 2566 1888 2625 partem
1910 2573 2112 2623 secum,
2147 2559 2247 2611 nisi
2284 2560 2396 2626 ipse
2426 2561 2631 2613 illorum
2660 2563 2819 2629 pedes
2851 2562 3061 2618 laverit.

1750 2646 1911 2717 510
1961 2646 2014 2698 4.
2056 2646 2160 2700 Sed
2205 2647 2494 2716 diligenter
2529 2650 2653 2718 quid
2696 2652 2905 2705 dicatur
2943 2663 3061 2721 post
3101 2654 3213 2710 haec

1683 2738 1868 2800 verba,
1902 2756 1919 2787 ι
1950 2736 2130 2805 Surgit
2161 2754 2189 2791 a
2213 2755 2389 2802 coena,
2437 2758 2455 2790 »
2489 2740 2902 2797 consideremus.
2939 2761 2959 2795 ι
2996 2743 3206 2806 Ponit,»

1686 2826 1851 2892 inquit
1879 2865 1893 2887 ,
1924 2843 1943 2875 ι
1974 2828 2315 2890 vestimenta,
2365 2844 2590 2897 cumque
2630 2832 2917 2900 accepisset
2966 2833 3208 2894 linteum.

1687 2913 1958 2977 praecinxit
1983 2927 2041 2966 se
2068 2914 2132 2964 “°.
2166 2933 2184 2964 »
2221 2916 2463 2971 Dicamus
2504 2917 2663 2970 etiam
2711 2919 2761 2972 in
2810 2920 2910 2973 hoc
2960 2931 3207 2973 contextu
3298 2962 3303 2966 .

1683 3001 1746 3053 ad
1769 3014 1859 3054 eos
1884 3003 1974 3068 qui
2006 3002 2189 3055 nolunt
2216 3018 2246 3057 ι
2278 3006 2454 3059 verbis
2477 3007 2778 3073 ascendere,
2809 3018 2861 3060 et
2883 3018 3058 3060 mente
3080 3025 3209 3062 con-

1686 3088 1922 3142 siderare
1967 3090 2162 3143 anima:
2203 3091 2348 3144 cibos
2381 3093 2430 3144 in
2468 3093 2549 3146 his
2594 3094 2767 3148 verbis
2809 3097 3043 3161 positos:
3073 3096 3207 3161 Quid

1685 3176 1930 3230 obstabat
1964 3180 2245 3243 quominus
2295 3181 2506 3232 indutus
2551 3182 2661 3246 ipse
2698 3184 3070 3250 discipulorum
3106 3200 3203 3252 pe—

1683 3265 1777 3318 des
1800 3264 2030 3317 lavarct?
2057 3267 2126 3318 At
2156 3281 2279 3319 vero
2303 3267 2401 3320 nisi
2425 3270 2599 3335 aliquo
2625 3272 2780 3324 modo
2807 3272 3119 3334 viderimus,
3152 3285 3208 3326 ut

1685 3354 1896 3419 dignum
1940 3364 2021 3405 est
2060 3353 2223 3420 ipsius
2243 3353 2390 3419 Jesu,
2426 3357 2739 3409 vestimenta
2773 3360 2962 3425 quibus
2984 3360 3208 3414 circum-

1682 3442 1907 3495 dabatur
1948 3456 2167 3495 ctenans
2204 3459 2323 3495 cum
2369 3443 2672 3509 discipulis,
2714 3456 2766 3498 et
2798 3462 2856 3500 se
2881 3447 3202 3509 cxhilarans,

1683 3531 2137 3584 considerabimus
2170 3535 2310 3599 quod
2338 3546 2709 3588 ornamentum
2755 3536 2897 3588 circa
2946 3550 3004 3589 se
3041 3536 3203 3590 habe-

1680 3620 1772 3671 bat
1819 3634 1946 3673 caro
1991 3620 2161 3673 factus
2192 3622 2358 3676 Filius
2382 3625 2470 3677 Dei
2496 3624 2700 3677 Sermo.
2738 3624 2847 3678 Hoc
2889 3632 3066 3678 autem
3098 3624 3206 3677 for-

1680 3715 1877 3757 matum
1932 3708 1983 3759 in
2028 3712 2254 3776 quadam
2305 3719 2512 3763 textura
2558 3721 2615 3764 et
2662 3712 2760 3764 tela
2804 3712 3093 3764 dictionum
3139 3714 3204 3765 ad

1681 3793 1954 3856 dictiones,
1979 3806 2233 3850 etvocutn
2267 3800 2330 3850 ad
2356 3814 2514 3851 voces
2549 3801 2791 3866 deponit,
2823 3799 2985 3868 ﬁtque
3016 3802 3206 3853 nudior

1680 3895 1801 3933 cum
1833 3881 1996 3948 ﬁgura
2021 3884 2219 3945 servili,
2247 3886 2385 3950 quod
2412 3886 2711 3939 declaratur
2734 3899 2829 3953 per
2856 3886 3002 3950 illud,
3023 3905 3040 3936 ι
3069 3886 3199 3941 Cum

1678 3972 2227 4039 accepissetlinteum,
2250 3974 2526 4040 praecinxit
2559 3988 2637 4035 se,
2668 3992 2686 4024 »
2714 3983 2764 4026 ut
2788 3984 2841 4027 et
2861 3991 2962 4028 non
2985 3976 3204 4029 omnino

1679 4061 1846 4114 nudus
1870 4071 2031 4126 esset,
2063 4072 2258 4114 etcum
2286 4062 2519 4125 lavisset,
2548 4062 2644 4114 tela
2673 4062 2736 4115 ad
2755 4063 2804 4116 id
2833 4065 3202 4117 accommoda.-

1681 4149 1815 4201 liore
1863 4148 2242 4215 discipulorum
2294 4149 2618 4215 abstergeret
2664 4150 2839 4217 pedes.
2874 4151 2939 4204 Et
2982 4151 3100 4204 vide
3148 4151 3202 4204 in

1678 4237 1781 4303 bis,
1809 4238 2072 4305 quomodo
2110 4248 2340 4306 magnus
2381 4248 2433 4292 et
2467 4238 2791 4308 glorificatus
2822 4240 3008 4294 Sermo
3034 4241 3202 4294 ructus

278 4358 313 4391 ν
352 4335 656 4408 μαθητῶν·
699 4354 717 4384 ι
745 4332 931 4384 Βάλλει
954 4350 972 4381 »
1004 4331 1131 4399 γὰρ,
1172 4333 1350 4399 φησιν,
1391 4349 1407 4379 ι
1438 4331 1578 4400 ὕδωρ
1608 4327 1651 4379 D
1679 4344 1786 4382 cart

1689 4344 1803 4382 caro
1834 4329 2061 4394 seipsuu»
2089 4328 2320 4389 minuat,
2356 4336 2413 4381 ut
2437 4328 2575 4380 lavet
2604 4327 2763 4394 pedes
2788 4327 3197 4395 discipulorum;

278 4424 538 4494 ιπτῆρα.
567 4442 587 4474 »
638 4420 884 4491 Ἀϐραὰμ
932 4418 1026 4486 μὲν
1054 4414 1164 4479 οὖν,
1205 4436 1221 4466 ι
1252 4418 1408 4486 ἡνίκα
1450 4418 1577 4469 ἀνα-

277 4518 368 4576 οϊς
421 4511 731 4580 ὀφθαλμοῖς
776 4507 936 4561 αὑτοῦ
978 4502 1114 4559 εἷδε’
1155 4508 1246 4557 καὶ
1297 4506 1401 4558 ἰδοὺ
1431 4508 1576 4575 τρεῖς

277 4605 351 4670 i5)
382 4601 755 4670 εἱστήκεισαν
814 4596 994 4648 ἐπάνω
1057 4592 1215 4645 αὐτοῦ
1242 4609 1254 4621 ·
1312 4594 1404 4644 καὶ
1458 4592 1577 4645 ἰδὼν

1684 4431 1703 4464 ι
1754 4415 1948 4467 Mittit»
1986 4416 2124 4468 enim
2148 4453 2164 4479 ,
2226 4414 2432 4481 inquit,
2470 4431 2488 4464 ι
2522 4428 2711 4481 aquam
2740 4414 2791 4467 in
2837 4415 3028 4483 pelvim
3059 4416 3124 4469 “.
3177 4432 3196 4464 »

1678 4504 1851 4571 Atque
1871 4504 2137 4557 Abraham
2164 4505 2408 4571 equidem
2445 4522 2464 4554 ι
2510 4519 2630 4557 cum
2673 4507 2992 4571 respexisset
3036 4504 3202 4559 oculis

1682 4591 1791 4643 suis
1841 4590 1971 4642 vidit
2008 4605 2022 4642 :
2056 4600 2109 4643 et
2148 4603 2273 4644 ecce
2313 4599 2418 4645 tres
2452 4591 2550 4644 viri
2589 4600 2851 4646 steterunt
2868 4592 3018 4662 juxta
3046 4605 3202 4656 eum,

277 4793 323 4831 r.
369 4791 474 4841 xv,
501 4772 698 4827 ειοεϐ.
770 4772 814 4805 ⁸⁵
841 4770 992 4826 Joan.
1019 4783 1136 4833 xm,
1164 4768 1215 4820 5.
1290 4765 1334 4797 ⁸⁵
1363 4766 1516 4823 .loan.
1543 4782 1660 4831 xm,
1692 4766 1742 4819 ι.

594 4772 698 4827 ›26.
770 4772 814 4805 ⁸⁵
841 4770 992 4826 Joan.
1019 4783 1136 4833 xm,
1164 4768 1215 4820 5.
1290 4765 1334 4797 ⁸⁵
1363 4766 1516 4823 .loan.
1543 4782 1660 4831 xm,
1692 4766 1742 4819 ι.
1819 4766 1861 4797 ⁶¹
1895 4765 2023 4819 ibid.
2051 4765 2102 4819 5.

277 4937 362 4976 3m
392 4922 583 4974 codex
616 4919 831 4987 Regius,
859 4914 1022 4987 male,
1059 4913 1424 4987 περιστάντες.

277 4990 401 5043 Μὰ
429 4988 516 5057 μή
543 4980 825 5051 πως,’ὲὰινέ
854 4983 1093 5057 ἔδωμεν,
1117 4980 1218 5032 etc.
1258 4980 1457 5057 Vitiosa
1486 4982 1575 5036 hic

277 5050 929 5121 ariatia'tnterpretatio,
988 5050 1569 5121 quain-correximus;

277 5141 360 5179 :ro
390 5113 756 5182 Perioniana,
791 5113 1095 5186 quanquam
1119 5113 1296 5186 aliqua
1322 5115 1486 5186 etiam
1517 5117 1569 5167 in

277 5178 356 5247 ro.
389 5178 559 5246 Talis
614 5178 787 5243 autem
807 5178 908 5236 "illa
947 5178 1070 5233 est:
1109 5194 1127 5226 ι
1171 5178 1271 5247 Sed
1314 5179 1356 5230 si
1399 5182 1574 5235 minus

277 5246 550 5331 Iignitale
581 5267 759 5312 vestes
794 5251 1064 5331 vidimus1
1069 5321 1082 5331 ‘
1095 5246 1574 5331 quibu‘sLaln‘i-etus

277 5316 425 5384 ηἷιίε
464 5330 631 5384 tam;
665 5319 947 5379 coenavit;
975 5321 1118 5364 certe
1144 5316 1333 5384 animis
1367 5316 1574 5384 nostris

305 5377 426 5467 {.65
464 5377 685 5467 ornatu
718 5378 1319 5467 Verbltgnuquodfaro
1337 5377 1573 5467 “tegit?

278 5445 774 5522 η’ἶῆἓι-ἷιὶίῖιιιησ,
829 5447 925 5514 qui
964 5459 1030 5495 ex
1079 5445 1572 5523 textura“quadam

298 5512 687 5593 Eiiiﬁ'iié'rsis,
722 5512 780 5575 et
807 5512 1011 5568 vocum
1040 5523 1153 5562 cum
1191 5512 1409 5565 vocibus
1443 5524 1574 5565 cou-

1679 4920 1868 4980 stabat,
1900 4921 2145 4983 detrahit,
2183 4921 2478 4986 nudiorque
2522 4919 2580 4971 lit
2614 4932 2730 4971 cum
2773 4918 2948 4971 servili
2970 4918 3192 4986 habitu;

1678 4988 2115 5053 quemadmodum
2148 5003 2214 5041 ex
2261 4988 2349 5038 illo
2378 4985 2715 5052 perspicitur,
2754 5001 2772 5033 »
2800 4994 2904 5039 etc.
2942 4985 3196 5037 Videntur

1678 5054 1866 5121 legisse
1900 5053 2282 5129 Ferrariu§_e_t_
2303 5053 2721 5129 Perioniusagga‘i.
2746 5052 3069 5129 γυμνότερος
3113 5053 3195 5118 γί-

1678 5118 1822 5173 νεται
1857 5121 2121 5190 paranete.
2154 5120 2370 5174 Habitus
2397 5128 2571 5169 autem
2599 5118 2888 5181 ille,verbis
2919 5118 3190 5184 constans,

1678 5188 1847 5235 littera
1889 5189 2175 5235 Scriptura:
2204 5197 2318 5235 est:
2348 5185 2481 5235 alter
2510 5193 2706 5235 autem.
2746 5198 3006 5235 auauoae.
3036 5209 3044 5217 ~

1672 5188 1867 5241 littera
1889 5189 2175 5253 Scriptura:
2204 5197 2318 5249 est;
2348 5188 2481 5236 alter
2510 5193 2706 5246 autem,
2746 5198 3006 5252 auagoge.
3036 5209 3044 5217 ~

1743 5255 1853 5322 (92)
1881 5254 2056 5308 Codex
2085 5253 2415 5322 Bodleianus,
2435 5250 2715 5319 σμικρύνει
2738 5267 2751 5280 ·
2790 5251 2983 5319 Regius
3007 5265 3195 5319 perpe-

1673 5319 1784 5373 ram
1818 5319 1976 5373 habet
1999 5319 2202 5388 κρόνει.

1745 5389 1855 5455 (95)
1880 5383 2057 5440 Codex
2109 5384 2342 5454 Regius,
2392 5383 2496 5433 ἰδοὺ
2553 5384 2760 5452 ἄνδρες,
2814 5385 3011 5440 omissa
3066 5400 3196 5441 voce

1646 5479 1655 5485 ~
1670 5458 1831 5522 τρεῖς.
