3820 6218
1053 283 1400 340 COMMENT.
1443 284 1507 339 IN
1543 285 1731 342 JOAN.
1768 285 2000 342 TOMUS
2039 287 2245 341 XXXII.
3144 290 3242 344 754

262 385 362 450 ένος
378 385 461 440 οὐκ
483 387 589 458 ἔχει
619 391 804 461 χρείαν
828 395 875 444 εί
909 392 980 462 μὴ
1016 393 1138 455 τοὺς
1163 395 1323 457 πόδας
1351 396 1619 463 νίψασθαι,
1651 401 1692 456 Α
1725 411 1770 450 δε

1732 397 1815 450 sed
1839 405 1920 450 est
1944 399 2168 450 mundus
2197 405 2336 452 totus
2362 411 2377 451 :
2409 403 2462 451 et
2484 410 2578 451 vos
2604 394 2784 450 mundi
2822 395 2968 460 estis,
3005 399 3096 451 sed
3138 416 3240 453 non

274 477 373 528 ἐστι
413 479 630 549 καθαρὸς
673 482 823 543 ὅλος·
866 483 954 534 καὶ
997 484 1150 552 ὑμεῖς
1195 484 1414 554 καθαροί
1464 488 1617 551 ἐστε,
1718 502 1782 539 nn

1731 499 1933 539 amnes:
1955 485 2162 539 sciebat
2185 485 2348 548 enim,
2368 485 2610 553 quisnam
2635 493 2773 538 esset
2797 486 3032 554 proditor
3059 487 3239 553 ipsius:

291 567 398 636 οὐχὶ
459 568 680 633 πάντες·
761 572 873 640 ᾔδει
951 572 1056 642 γὰρ
1125 574 1212 625 τὸν
1271 576 1619 644 παραδιδόντα
1717 589 1799 643 pI‘t

1736 583 1998 642 nropterea
2052 573 2364 626 dixit:Non
2423 574 2550 628 estis
2612 573 2790 626 nnnnndi
2848 587 3050 628 omnes.
3089 593 3109 627 ι
3152 575 3244 629 His

259 671 300 704 ρ·
359 656 435 708 διὰ
493 658 645 711 τοῦτο
701 656 882 712 εἶπενο
953 661 1086 730 οὐχὶ
1142 663 1335 724 πάντες
1397 665 1617 734 καθαροί
1715 676 1767 730 qn

1734 677 1832 730 ιιιω
1867 676 2006 715 nunc
2043 676 2072 737 a
2115 661 2269 714 Petro
2311 672 2436 716 sunt
2482 664 2643 727 dicta,
2691 673 2986 732 opportune
3035 673 3242 718 utennur

265 762 280 793 ι
307 743 422 808 Τοῖς
441 745 528 798 νῦν
553 747 656 798 ὑπὸ
683 747 772 799 τοῦ
801 749 1005 818 Πέτρου
1035 751 1338 820 λεγομένοις
1360 752 1416 803 ὲν
1445 753 1617 822 καιρῷ
1714 764 1773 804 ex

1729 753 1938 820 exempli
1962 765 2142 813 causa,
2175 751 2347 804 sicubi
2386 765 2516 817 opnns
2555 751 2736 815 fuerit,
2774 763 3052 820 prapterea
3101 757 3237 824 quod

259 832 403 900 ipsOa
442 835 864 905 παραδείγματος
901 837 1102 902 ἕνεκεν,
1133 839 1185 890 εἴ
1227 857 1326 892 που
1380 840 1504 901 δέοι,
1537 843 1617 895 ὅτι
1714 839 1763 892 fa

1730 839 1868 895 'acile
1907 840 2043 893 factu
2085 841 2174 904 sit,
2222 849 2277 891 ut
2325 840 2517 908 aliquis
2557 851 2773 910 propter
2833 843 3238 910 imprudentiam

260 920 459 975 δυνατόν
496 940 611 975 τινα
654 925 789 977 κατὰ
835 928 1084 996 πρόθεσιν
1127 930 1398 1001 βελτίστην
1444 933 1616 1000 λέγειν
1712 943 1768 996 0F

1726 927 1911 996 nptimo
1934 927 2207 994 proposito
2234 928 2374 981 dicat
2401 942 2517 995 quae
2541 928 2639 982 sibi
2670 929 2888 984 minime
2933 931 3041 984 sint
3069 932 3234 986 utilia.

259 1011 637 1081 ba'nvema‘rﬁpov
668 1015 728 1066 τὸ
759 1015 1016 1085 μηδαμῶς
1044 1019 1217 1088 ἑαυτῷ
1249 1023 1612 1092 συμφέροντα·
1711 1016 1767 1069 Νὲ

1773 1032 1842 1070 nm
1875 1018 1919 1071 si
1951 1016 2106 1071 Petro
2137 1018 2264 1071 utile
2302 1027 2418 1070 erat
2448 1017 2514 1070 ad
2542 1018 2836 1073 habendam
2881 1033 3081 1088 partem
3118 1039 3234 1076 cum
3262 1053 3281 1069 .

259 1115 284 1165 ρ
334 1101 585 1170 συμφέρον
622 1103 716 1171 μὲν
745 1099 811 1173 ἦν
847 1107 979 1177 πρὸς
1015 1109 1074 1161 τὸ
1106 1109 1246 1177 ἔχειν
1284 1112 1442 1180 μέρος
1480 1112 1613 1181 μετὰ
1709 1103 1767 1157 Je

1728 1103 1852 1169 Iesu,
1894 1114 1953 1158 ut
1996 1106 2075 1160 sui
2112 1108 2273 1174 pedes
2305 1107 2610 1161 lavarentur
2642 1107 2708 1161 ab
2753 1113 2898 1177 ipso,
2949 1121 3000 1165 et
3053 1113 3236 1166 Petrus

265 1188 389 1254 ησοῦ
414 1189 470 1241 τὸ
497 1191 744 1258 νίψασθαι
785 1197 907 1259 τοὺς
957 1198 1119 1260 πόδας
1162 1200 1249 1252 ὑπ’
1285 1201 1478 1267 αὐτοῦ,
1513 1203 1613 1255 Πέ-
1711 1205 1773 1243 ηε

1725 1192 1957 1246 nesciens
1994 1193 2121 1246 utile
2149 1195 2248 1246 lnoc
2275 1209 2420 1260 esse,
2468 1196 2618 1263 prius
2649 1198 2862 1263 quidem
2894 1199 3039 1264 illnnd,
3074 1202 3233 1254 veluti

260 1276 313 1328 δὲ
363 1279 431 1347 μὴ
478 1281 858 1352 ἐπιστάμενος,
909 1286 988 1340 ὅτι
1043 1291 1311 1360 συμφέρον
1341 1290 1494 1345 τοῦτο
1521 1288 1608 1362 ἦν,
1709 1279 1768 1332 ad

1723 1279 2040 1346 nddubitans,
2096 1283 2232 1336 dixit
2265 1287 2564 1338 verecunde
2594 1325 2608 1350 ,
2645 1304 2666 1337 ι
2704 1285 2954 1351 Domine,
3003 1299 3055 1341 tnn
3105 1290 3231 1343 milni

259 1380 344 1432 ρον
382 1365 472 1434 μὲν
506 1363 672 1433 εἶπεν,
703 1372 860 1424 οἱονεὶ
900 1374 1182 1445 ὲπαπορῶν
1207 1378 1608 1447 δυσωπητικῶς,
1708 1367 1767 1420 Ιίν

1727 1383 1850 1422 avas
1876 1370 2072 1438 pedes?
2104 1389 2123 1422 ι
2155 1385 2218 1425 ac
2243 1371 2416 1426 denuo
2447 1390 2460 1424 :
2496 1391 2515 1424 ι
2555 1373 2670 1426 Non
2702 1375 2900 1428 lavabis
2926 1376 3050 1428 milni
3077 1378 3235 1445 pedes

259 1452 434 1522 Κύριε,
461 1454 519 1506 σύ
563 1473 663 1525 μου
703 1459 906 1523 νίπτεις
934 1459 1056 1525 τοὺς
1093 1464 1281 1528 πόδας;
1305 1483 1322 1516 n
1365 1465 1608 1536 δεύτερον
1706 1458 1758 1511 ill

1727 1474 1758 1511 ιι
1791 1468 2069 1524 :eternum,
2108 1481 2126 1512 ι
2155 1471 2209 1515 et
2233 1462 2392 1532 412
2425 1479 2542 1533 quae
2563 1463 2754 1518 Petrus
2789 1466 3019 1530 dicebat,
3053 1469 3233 1534 prohi-

269 1561 288 1591 ι
313 1545 383 1596 Οὐ
408 1546 476 1616 μὴ
497 1547 652 1620 νίψῃς
681 1567 780 1619 μου
804 1555 926 1616 τοὺς
956 1557 1118 1618 πόδας
1145 1558 1222 1618 είς
1253 1557 1342 1610 τὸν
1365 1558 1529 1611 αἰῶνα
1546 1599 1560 1623 ,
1583 1578 1602 1611 ι
1703 1547 1777 1600 b0]

1725 1548 1899 1601 nebant
1922 1563 2055 1617 opus
2083 1551 2222 1618 quod
2257 1567 2320 1605 eo
2340 1567 2458 1605 enim
2483 1554 2750 1620 evelneret,
2780 1565 2836 1608 ut
2867 1555 3086 1608 haberet
3111 1571 3233 1624 par-

259 1633 277 1683 ι
318 1631 568 1703 λεγόμενα
607 1639 876 1693 κωλυτικὰ
918 1637 986 1710 ἦν
1020 1641 1176 1713 ἔργου
1226 1645 1318 1698 τοῦ
1360 1647 1606 1716 φέροντος
1635 1705 1672 1716 _
1707 1645 1767 1691 ιθι

1728 1652 1812 1691 em
1851 1653 1972 1691 cum
2021 1637 2329 1704 Servatore,
2361 1641 2695 1708 perspicuum
2723 1653 2824 1708 est,
2862 1645 3070 1698 etiamsi
3101 1660 3230 1698 sano

259 1721 348 1773 ἐπὶ
369 1723 426 1775 τὸ
449 1723 584 1793 ἔχειν
613 1728 749 1796 μετὰ
773 1730 864 1782 τοῦ
887 1705 1128 1802 Σωτῆρος
1146 1735 1204 1786 τὸ
1228 1736 1292 1804 μέ
1301 1705 1406 1806 ρος,
1426 1705 1601 1806 δῆλον,
1630 1705 1674 1759 Β
1695 1743 1767 1796 ΡΓ¹

1720 1727 1990 1795 nroposito,
2013 1705 2376 1783 etvenerando
2400 1733 2467 1784 ad
2489 1705 2870 1800 braaceptorem
2890 1733 2990 1788 hoc
3018 1733 3228 1800 dixerit,

305 1810 394 1863 καὶ
431 1813 566 1881 ὑγιεί
597 1816 849 1885 προθέσει
885 1822 978 1873 κα)⁸
1017 1821 1288 1893 σεϐασμίῳ
1340 1825 1471 1895 πρὸς
1511 1827 1600 1880 τὸν
1700 1831 1813 1872 ηοω

1720 1826 1957 1872 nocenter
1987 1817 2086 1872 sibi
2117 1818 2534 1888 dixisse.ltaque
2562 1821 2662 1875 lnac
2689 1823 2870 1890 specie
2893 1832 3228 1891 peccatorum

259 1899 393 1954 ιτλον
429 1901 579 1956 τοῦτο
619 1905 819 1973 ἔλεγεν,
868 1909 1166 1972 maluae;
1203 1914 1378 1983 ἑαυτῷ
1427 1916 1594 1983 ἔλεγε.
1698 1903 1767 1957 ‘il

1719 1903 1805 1957 rita
1840 1918 2025 1959 eorum
2056 1905 2260 1973 repleta
2291 1914 2393 1972 est,
2427 1910 2515 1976 qui
2551 1911 2676 1964 dum
2701 1911 2767 1964 ad
2792 1911 2948 1964 [idean
2982 1912 3227 1977 veniunt,

271 1983 329 2036 δὲ
367 1988 600 2040 τοιούτου
646 1992 817 2055 είδους
852 1993 958 2046 τῶν
986 1996 1388 2067 ἁμαρτημάτων
1423 2003 1451 2052 ὁ
1489 2003 1600 2071 βίος
1697 2006 1779 2046 ῐθε

1720 2006 1786 2046 ὀε
1835 1992 2052 2061 quidem
2106 2004 2409 2062 proponunt
2445 1997 2558 2051 sibi
2607 2006 2967 2066 praestantes:
3014 2010 3228 2069 propter

259 2090 414 2127 οωται
443 2075 546 2130 τῶν
578 2080 634 2132 έν
659 2080 737 2150 τῷ
763 2084 1053 2147 πιστεύειν,
1082 2088 1474 2158 προτιθεμένων
1501 2091 1598 2160 μὲν
1696 2083 1767 2151 δεῖ

1719 2084 2046 2151 gnorantiam
2087 2092 2292 2150 tamen,
2331 2100 2451 2155 qua:
2485 2087 2538 2140 in
2573 2090 2906 2142 contrariunn
2931 2092 3227 2145 duc-untdi-

259 2162 479 2251 είττονα,
523 2167 610 2220 διὰ
646 2169 703 2221 δὲ
745 2171 963 2238 ἄγνοιαν
998 2175 1065 2227 τὰ
1115 2179 1204 2229 ἐπὶ
1257 2178 1316 2230 τὸ
1364 2182 1597 2235 ἐναντίον
1695 2190 1767 2230 ω

1717 2185 1843 2241 :unt,
1868 2177 1952 2230 vel
1977 2177 2139 2232 etiam
2174 2179 2392 2233 faciunt.
2432 2178 2606 2248 Atque
2652 2181 2950 2246 hujusmodi
2989 2182 3225 2251 profecto

259 2267 294 2301 α
335 2249 610 2317 λεγόντων,
643 2256 675 2325 ἢ
706 2258 797 2309 καὶ
838 2262 1196 2328 πραττόντων.
1237 2265 1345 2317 Καὶ
1373 2267 1596 2321 τοιοῦτοί
1694 2279 1767 2318 sul

1715 2275 1818 2318 sunt
1845 2267 1935 2333 qui
1961 2266 2150 2320 dicunt
2184 2283 2198 2321 :
2247 2286 2264 2319 ι
2293 2267 2368 2322 Ne
2400 2268 2663 2338 tetigeris,
2706 2284 2877 2338 neque
2913 2249 3223 2340 gustaveris,

259 2356 296 2390 .v
325 2341 374 2392 οί
416 2342 492 2406 τὸ,
541 2361 559 2392 ι
586 2345 676 2416 Μὴ
714 2347 854 2416 ἅψῃ,
895 2350 966 2419 μὴ
1017 2352 1202 2422 γεύσῃ,
1255 2355 1326 2426 μὴ
1373 2355 1542 2427 θίγῃς,
1571 2378 1589 2410 ι
1695 2366 1766 2405 ηε

1717 2366 1870 2420 neque
1895 2355 2341 2419 contreetaveris,
2377 2355 2442 2409 de
2469 2357 2714 2410 omnibus
2735 2373 2852 2425 qua:
2877 2367 3001 2412 sunt
3028 2359 3078 2412 in
3108 2373 3225 2413 cer-

259 2442 376 2491 ιτες,
411 2445 429 2477 ι
456 2431 580 2500 περὶ
614 2431 827 2487 πάντων
856 2435 960 2488 τῶν
992 2440 1070 2500 εἰς
1105 2439 1324 2510 φθορὰν,
1351 2444 1440 2495 καὶ
1466 2447 1594 2496 ἀπό·
1697 2455 1767 2505 νυ]

1715 2442 1994 2506 ὐνιίοηειιι
2034 2451 2089 2496 et
2129 2443 2350 2497 abusum
2386 2459 2410 2496 ι
2447 2444 2719 2500 hominum
2743 2447 2809 2510 τί,
2850 2448 3001 2515 juxta
3042 2463 3223 2516 quam-

268 2534 287 2564 ι
320 2515 426 2569 τῶν
464 2517 779 2588 ἀνθρώπιον,
814 2523 952 2575 κατά
989 2540 1106 2577 τινα
1147 2527 1276 2580 πολὺ
1317 2530 1414 2598 τῆς
1443 2531 1588 2594 θείας
1695 2528 1776 2582 dat

1715 2528 1814 2582 lam
1850 2529 2025 2584 divina
2072 2531 2226 2601 longe
2261 2530 2565 2587 inferiorem
2605 2537 2901 2590 doctrinam
2929 2552 3111 2592 earunn
3139 2555 3223 2594 re-

259 2607 449 2696 ηκυῖαν
486 2605 592 2660 τῶν
634 2607 708 2672 ὡς
748 2610 1026 2682 ἄνθρωπος
1071 2617 1304 2688 ἀποθάνῃ
1351 2620 1593 2675 διδασκα-
1692 2633 1767 2671 rut

1711 2633 1830 2684 'um,
1876 2633 1969 2686 per
2015 2635 2145 2688 qnnas
2187 2623 2345 2678 lnomo
2389 2627 2539 2694 quasi
2582 2627 2832 2684 moritur.
2876 2630 3012 2696 Quid
3045 2641 3219 2688 anntem

259 2693 320 2761 ἰ).
356 2691 420 2744 Τί
455 2695 510 2747 δὲ
545 2695 781 2769 δεῖοπερὶ
820 2701 925 2752 τῶν
965 2706 1021 2756 ὲν
1059 2708 1171 2767 ταῖς
1198 2707 1434 2777 αἱρέσεσι
1465 2710 1590 2763 κλυ-
1689 2705 1767 2760 dic

1711 2705 1866 2762 licere
1892 2717 2098 2778 oportet
2128 2711 2194 2766 de
2239 2713 2323 2766 his
2368 2691 2459 2780 qui
2511 2714 2562 2767 in
2598 2691 2919 2772 hneresibus'
2941 2719 3219 2785 ﬂuctuant,

259 2783 413 2835 ιένων
461 2785 555 2838 καὶ
597 2791 1032 2859 περιφερομένων
1083 2798 1238 2848 παντὶ
1284 2798 1464 2867 ἀνέμῳ
1501 2801 1590 2853 ἐπὶ
1689 2798 1767 2864 (ιιιῖ

1708 2796 1885 2864 [uiqne
1912 2799 2056 2852 omni
2081 2812 2241 2856 vento
2263 2802 2710 2860 circumferuntur
2735 2807 2778 2838 ⁷³
2801 2823 2895 2876 per
2928 2811 3216 2864 versutiam

259 2872 392 2925 ἲείαν
417 2875 526 2928 τῶν
553 2876 850 2947 ἀνθρώπων
871 2879 1068 2948 λέγειν,
1085 2884 1462 2940 διαλαλούντων
1483 2890 1588 2958 (99)
1691 2883 1767 2937 1101

1711 2885 1964 2939 nominum
2007 2887 2393 2957 divulgantium
2424 2892 2678 2949 salutaria
2723 2872 2839 2950 esse
2881 2912 2998 2965 qua:
3043 2901 3219 2965 perni-

259 2980 279 3013 ι
303 2963 372 3016 τὰ
409 2964 649 3037 ὀλέθρια,
675 2971 767 3022 καὶ
793 2974 866 3032 ὡς
894 2973 984 3025 ἐπὶ
1013 2976 1264 3047 σεϐασμῷ
1293 2979 1384 3030 τοῦ
1418 2980 1586 3050 Ἰησοῦ
1614 2998 1654 3054 C
1688 2971 1767 3024 Cie

1710 2971 1821 3024 :iem
1847 2971 2096 3039 aﬂ‘erunnt,
2119 2990 2181 3030 ac
2211 2985 2461 3046 tanquam
2484 2981 2536 3035 in
2561 2983 2816 3036 honorem
2847 2963 2968 3038 Jesu
3001 2963 3132 3038 falsa
3153 2987 3218 3040 de

259 3052 318 3119 δη
363 3055 491 3122 περὶ
528 3056 689 3109 αὑτοῦ
730 3057 1087 3124 δοξαζόντωνς
1131 3066 1391 3130 Πολλάκις
1419 3068 1472 3120 δὲ
1502 3070 1590 3122 τὸν
1628 3052 1640 3054 ﬁ
1688 3061 1767 3129 ips

1710 3077 1804 3129 pso
1830 3064 2202 3133 opinantium?
2224 3067 2436 3123 Petrum
2467 3072 2648 3140 itaque
2668 3087 3038 3142 saepenumero
3070 3076 3215 3130 Scri-

292 3141 538 3196 τοιοῦτον
563 3147 596 3215 ἡ
631 3147 818 3218 Γραφὴ
865 3151 1234 3220 ὲσημειὼσατο
1273 3156 1590 3228 θερμότερον
1685 3157 1800 3216 Pa"

1701 3157 1839 3203 ntura
1871 3151 2024 3205 talem
2053 3155 2256 3209 notavit
2284 3154 2665 3214 ferventiorem
2707 3141 2773 3214 ad
2803 3164 3209 3228 pronnittendum

277 3231 711 3298 ἐπαγγέλλεσθαι
756 3236 824 3289 τὰ
874 3239 1166 3308 φαινόμενα
1222 3243 1366 3313 αύτῷ
1411 3247 1588 3314 κρείτ·
1685 3252 1785 3304 qua

1701 3252 1801 3304 nua:
1824 3237 1924 3292 sibi
1952 3241 2268 3296 videbantur
2301 3245 2522 3299 meliora
2545 3263 2559 3311 ;
2583 3251 3026 3315 quemadmodum
3051 3253 3209 3306 etiam

259 3317 489 3391 εαθάπερ
540 3322 634 3374 καὶ
691 3323 749 3377 ἐν
787 3325 865 3394 τῷ
907 3327 1266 3393 ἀνεξετάστως
1321 3333 1588 3404 εἰρημένῳ
1685 3325 1767 3378 Ῐιιε

1707 3343 1737 3378 ιι
1765 3340 1829 3380 eo
1858 3328 1997 3394 quod
2029 3329 2165 3383 dixit
2184 3331 2385 3400 absque
2417 3334 2518 3387 ulla
2545 3337 2938 3393 examinatione
2963 3354 3026 3394 ac
3047 3340 3209 3395 veluti

259 3405 493 3474 εητικῶς
523 3408 622 3476 τῆς
661 3410 833 3480 Ἰησοῦ
866 3415 992 3483 περὶ⁹
1032 3415 1138 3467 τῶν
1172 3419 1423 3488 μαθητῶν
1455 3438 1586 3492 προ·
1682 3431 1767 3483 8Pe

1697 3431 1940 3483 spernens
1967 3422 2300 3489 prophetiam
2329 3422 2453 3478 Jesu
2503 3424 2568 3478 de
2614 3425 2888 3495 discipulis
2949 3429 3205 3495 dicentis,

279 3494 570 3557 εἰπόντος,
604 3514 623 3546 ι
653 3498 857 3560 Πάντες
888 3501 1039 3570 ὑμεῖς
1074 3507 1583 3580 σκανδαλισθήσεσθε
1687 3525 1704 3556 ι
1737 3505 1787 3560 θλ

1695 3525 1704 3556 ι
1737 3505 1934 3562 Omnes
1960 3523 2056 3564 vos
2079 3509 2420 3566 oll'endemini
2450 3529 2564 3567 nnnea
2585 3494 2762 3570 causa
2785 3527 2939 3572 nocte
2968 3519 3066 3575 hac
3089 3521 3153 3585 ⁷⁸,
3185 3542 3203 3573 n

279 3583 346 3633 ὲν
377 3585 448 3652 τῇ
487 3585 641 3636 νυκτὶ
679 3584 883 3658 ταύτῃ,
921 3605 940 3638 n
976 3591 1068 3642 καὶ
1097 3590 1190 3660 τὴν
1229 3596 1403 3652 αίτίαν
1441 3617 1582 3672 παρ-
1679 3602 1733 3647 et
1769 3609 1787 3649 ι

1697 3602 1733 3647 nt
1769 3609 1981 3650 causam
2014 3599 2344 3655 ostendentis
2381 3601 2432 3654 in
2467 3617 2531 3656 eo
2569 3605 2706 3671 quod
2738 3607 2854 3660 ait:
2887 3627 2906 3659 ι
2943 3583 3205 3677 Scriptum

314 3671 394 3740 (1)
444 3673 507 3725 ὲν
571 3673 680 3742 τοῖν
736 3694 754 3725 ι
796 3677 1100 3747 Γέγραπται
1152 3685 1306 3754 γάρ’·
1358 3671 1583 3755 Πατάξω
1679 3691 1764 3737 est
1812 3701 1822 3735 ι

1699 3691 1764 3737 :st
1812 3685 1995 3738 enim:
2037 3685 2337 3741 Percutiam
2390 3699 2683 3757 pastorem,
2734 3704 2789 3748 et
2843 3671 3207 3765 dispergentur

259 3760 398 3824 ιένα,
428 3761 530 3812 καὶ⁵
552 3761 1087 3836 διασκορπισθήσεται
1112 3771 1179 3822 τά
1217 3774 1458 3842 πρόϐατα
1486 3779 1582 3848 τῆς
1677 3784 1767 3825 ονε

1700 3784 1802 3827 nves
1833 3773 2090 3841 gregis”;
2123 3793 2144 3827 ι
2183 3776 2381 3844 absque
2405 3777 2505 3829 ulla
2535 3780 2674 3833 eninnn
2702 3783 3112 3848 examlnatione,
3155 3795 3208 3838 et

259 3866 271 3877 ο
303 3867 324 3898 ι
365 3849 744 3913 ἀνεξετάστως
767 3853 873 3924 γὰρ
905 3856 1039 3925 πρὸς
1066 3859 1238 3926 τοῦτο,
1279 3863 1370 3914 καὶ
1396 3865 1580 3935 άθετη-
1677 3875 1767 3930 qua

1689 3863 1827 3930 quasi
1857 3877 2112 3931 spernens
2157 3866 2582 3921 enuntiationem
2611 3867 2759 3932 Jesu,
2789 3871 2923 3925 dixit
2961 3873 3025 3926 ad
3056 3874 3154 3927 hoc
3188 3890 3197 3922 :

265 3957 292 3999 ς
340 3939 529 4006 Ἰησοῦ
557 3940 877 4008 ἀποφάσεως
905 3939 1021 3997 εἶπε
1053 3947 1144 3998 τόο
1180 3967 1198 4001 ι
1230 3951 1290 4003 Εἰ
1323 3954 1415 4004 καὶ
1447 3957 1579 4010 πάν·
1680 3967 1699 4000 α
1736 3950 1773 4004 Ε

1691 3967 1699 4000 n
1736 3950 1953 4005 Etiamsi
1987 3966 2175 4007 omnes
2203 3953 2543 4011 oﬂendantur
2576 3967 2662 4011 tua
2689 3973 2871 4023 causa,
2900 3975 2998 4029 ego
3028 3969 3199 4016 tamenn

261 4027 700 4095 δαλισθήσονται
740 4031 796 4083 έν
831 4034 909 4084 σοὶ
941 4033 1036 4104 (2),
1068 4037 1174 4104 ἐγὼ
1201 4041 1258 4091 ού
1304 4044 1577 4097 σκανδαλι-
1674 4053 1769 4092 mw

1697 4054 1941 4108 nunquam
1970 4040 2307 4109 oil‘endar";
2337 4063 2356 4096 ι
2385 4046 2434 4100 id
2457 4047 2597 4114 quod
2627 4055 2734 4100 tum
2769 4027 3020 4118 temporis
3041 4061 3205 4106 teme—

260 4132 300 4159 η’
339 4134 359 4165 ι
403 4117 508 4168 καὶ¹
540 4117 716 4179 τοῦτο,
757 4118 836 4171 ἔτι
866 4122 982 4174 τότε
1021 4129 1284 4196 προπετὲς
1322 4130 1378 4183 ὂν
1416 4133 1472 4184 ὲν
1507 4137 1571 4204 τῇ
1674 4134 1768 4182 ΝΠ

1689 4131 1872 4182 'arium
1901 4131 2166 4187 exsistens
2205 4133 2258 4187 in
2291 4136 2471 4189 animo
2514 4137 2705 4206 ipsius,
2746 4139 2904 4192 etiam
2948 4140 3001 4193 in
3041 4155 3197 4194 causa

259 4205 386 4266 τοῦ,
438 4206 617 4259 αἴτιον
663 4209 694 4277 ἢ
729 4209 821 4261 καὶ
869 4212 1057 4279 γέγονε
1088 4215 1180 4267 τοῦ
1212 4218 1349 4288 ὑπὲρ
1378 4221 1438 4273 τὸ
1482 4224 1573 4291 μέ-
1672 4215 1767 4270 flii!

1690 4215 1769 4270 'uit
1820 4225 1878 4271 ut
1917 4222 2308 4289 graviore’prse
2339 4205 2548 4282 caeteris
2580 4229 2726 4295 lapsu
2762 4230 2996 4296 peccarit
3049 4231 3160 4299 ipse
3184 4270 3198 4292 ,

259 4311 365 4344 ξων
401 4292 615 4346 λοιπῶν
657 4296 1047 4367 σκανδαλισμοῦ
1081 4302 1445 4374 ἡμαρτηκέναι
1475 4309 1568 4359 αύ-
1601 4301 1641 4355 D
1669 4303 1767 4360 JeSI

1689 4303 1847 4360 Iesum
1873 4316 1952 4362 ter
1977 4313 2213 4379 negando
2236 4321 2360 4368 ante
2380 4317 2502 4384 galli
2535 4292 2778 4373 cantum:
2814 4319 2960 4374 llannc
2987 4320 3054 4374 ob
3071 4292 3197 4375 cau-

259 4381 552 4447 -ισάμενον
594 4381 685 4432 τὸν
726 4383 926 4452 Ἰησοῦν
967 4387 1086 4456 τρὶς
1140 4391 1264 4457 πρὶν
1315 4393 1568 4464 ἀλεκτρο-
1670 4408 1767 4448 san

1690 4408 1783 4446 nam
1819 4398 1973 4452 talem
2005 4401 2086 4454 sui
2120 4403 2286 4470 ipsius
2318 4407 2674 4462 temeritatem
2715 4409 2944 4477 priorem
2973 4410 3198 4480 diligen-

259 4469 500 4538 διόπερ,
535 4469 830 4540 ἐπιστήσας
860 4476 1080 4547 τοιαύτῃ
1117 4479 1352 4550 προτέρᾳ
1379 4483 1564 4535 ἑαυτοῦ
1673 4483 1767 4538 tius

1686 4483 1779 4538 .ius
1825 4500 1946 4540 cum
1985 4486 2380 4560 perspexisset,
2415 4498 2704 4552 maximum
2753 4515 2819 4554 ex
2872 4515 2935 4554 ea
2969 4498 3194 4554 fructum

259 4575 316 4625 ει,
360 4557 634 4659 ὠφελιήθη
686 4560 762 4630 (5)
794 4563 860 4615 τά
909 4564 1167 4633 μέγιστα,
1216 4568 1289 4630 ὡς
1319 4572 1563 4636 γενέσθαι
1667 4584 1767 4639 pert

1684 4571 1924 4641 nercepit,
1968 4557 2125 4631 adeo
2152 4587 2212 4632 ut
2257 4557 2438 4648 postea
2491 4582 2664 4640 fectus
2710 4587 2779 4642 sit
2832 4589 3192 4659 fortissimus,

259 4659 404 4705 ατος
444 4644 547 4696 καὶ
594 4648 1093 4718 μακροθυμότατος·
1125 4651 1258 4722 ὅπερ
1294 4653 1559 4722 δηλοῦται,
1663 4667 1767 4730 atqn

1681 4667 1822 4730 ntque
1865 4664 1933 4716 ad
1982 4667 2232 4736 quidquid
2258 4644 2557 4729 accidisset
2605 4679 2978 4744 :equanimiter
3019 4644 3189 4733 ιέτὲξιῖ

260 4732 330 4782 ὲν
363 4732 628 4796 εἰπόντος
668 4735 813 4804 αὐτῷ
845 4736 1148 4807 ἔμπροσθεν
1176 4738 1384 4793 πάντων
1403 4780 1417 4804 ,
1455 4762 1472 4790 σ
1503 4745 1564 4797 Et
1660 4748 1768 4802 dun

1683 4748 1783 4802 lum
1829 4732 2236 4823 paratissimus;
2291 4762 2430 4827 quod
2479 4732 2786 4818 declaratur
2833 4781 2898 4818 ex
2942 4779 3006 4818 eo
3054 4770 3191 4834 quod

259 4823 367 4884 ιῖος
404 4821 698 4892 ὑπάρχων,
742 4825 966 4888 ἐθνικῶς
1006 4827 1098 4878 καὶ
1131 4827 1225 4879 οὐκ
1269 4829 1564 4898 Ἰουδαϊκῶς
1659 4835 1765 4891 Pau

1679 4836 1822 4893 ?aulo
1849 4840 2055 4896 dicente
2074 4841 2146 4896 illi
2171 4821 2353 4897 coram
2379 4850 2641 4915 omnibus,
2662 4851 2747 4904 «Si
2770 4860 2823 4903 tu
2839 4850 3049 4904 Iudaeus
3069 4821 3187 4903 cum

289 4909 371 4963 τὰ
423 4909 561 4980 ἔθνη
604 4913 925 4980 ἀναγκάζεις
948 4914 1294 4981 ,.Ἰονδαῖζειν;
1320 4936 1338 4968 ι
1375 4923 1563 4976 καὶτὰ
1657 4927 1797 4998 εἱε,ε

1680 4927 1755 4992 ιῙε,
1779 4931 2047 4998 gentiliter
2070 4935 2222 5002 vivis,
2241 4947 2295 4993 et
2317 4953 2422 4993 non
2445 4937 2689 5003 Judaice,
2718 4943 3188 5009 quomodo.8enntes

283 4999 348 5053 δὲ
387 5000 540 5071 μετὰ
571 4999 781 5065 στίϐους
820 5003 1206 5070 σιωπήσαντος,
1239 5007 1364 5074 περὶ
1402 5005 1463 5064 οὗ
1505 5013 1562 5064 ὲν
1656 5018 1791 5087 cogi:

1679 5018 1803 5087 :ogis
1837 5011 2140 5075 Judneorum
2171 4999 2319 5079 more
2346 5025 2526 5080 vivere
2541 5025 2627 5079 "i
2665 4999 2686 5078 ὲ
2727 4999 2782 5081 et
2805 5043 2924 5096 quan
2957 4999 3187 5093 se‘quun-

265 5155 281 5172 .
319 5132 460 5242 x‘n‘n‘r,
491 5117 526 5174 6
561 5135 676 5189 seq.
763 5119 805 5151 τ’
839 5117 1018 5174 C0108.
1055 5132 1114 5181 tt,
1137 5119 1224 5185 21,
1249 5119 1335 5176 22.
1411 5126 1457 5158 τ’
1496 5128 1684 5197 Ephes.
1719 5150 1767 5189 ιν

259 5202 321 5242 lt.
426 5225 445 5242 .

1680 5173 1684 5185 .
1719 5150 1792 5201 tv,
1827 5136 1910 5189 M.
1987 5137 2032 5168 ⁷³
2059 5136 2411 5205 Matth.xxvn,
2441 5140 2529 5194 51.
2605 5142 2651 5173 ⁷⁸
2679 5142 2806 5197 ibid.
2880 5144 2926 5177 "
2955 5144 3082 5198 ibid.
3121 5145 3188 5198 53

303 5225 321 5252 ,
353 5225 445 5242 ι’..

259 5279 458 5362 πῶς
473 5274 1103 5367 ,ένρρωετοε,άθξείίςξῒῖιξ
1113 5274 1548 5367 ETW”
1727 5295 1767 5367 υ

1727 5294 1800 5367 (ί)
1828 5292 2001 5367 βρύει
2027 5292 2249 5367 Πυθίης,
2267 5293 2423 5367 male,
2457 5297 2817 5367 περιστάντος.

262 5348 315 5402 ic
342 5343 649 5438 intelligit:
881 5343 1554 5438 ρξξἮξΞἮ-ιέίγίιιε-Ιοιιξσ
1831 5343 1970 5438 idem
2005 5343 3186 5438 cpd§§hé§iiis§"inininidBééTexavaamoa-

261 5433 312 5496 η.
333 5417 676 5478 uoca-imm,
716 5423 844 5479 quas
881 5423 974 5460 res
997 5420 1270 5476 monstrat,
1295 5429 1389 5481 per
1416 5417 1553 5484 quas
1659 5417 1769 5480 σεάε

881 5423 974 5460 res
997 5420 1270 5476 monstrat,
1295 5429 1389 5481 per
1416 5417 1553 5484 quas
1659 5417 1926 5496 cacare};
1940 5425 2235 5496 moneys,
2258 5417 2359 5482 εἷς.

259 5497 362 5570 τ.¹¹⁹
403 5557 443 5570 ,ι
525 5560 537 5570 .
670 5545 814 5570 ,μμ
867 5539 1203 5570 manu“..-
1730 5497 1767 5565 (Ξ

1730 5497 1804 5565 ('5‘;
1844 5487 1984 5550 Ideni
2009 5487 2171 5550 codex
2193 5487 2409 5565 Regius,
2437 5497 2593 5562 male,
2615 5497 2975 5570 ὠφεληθῆναι.

259 5539 374 5613 ndex
401 5557 623 5632 Regius,
664 5545 838 5608 male,
867 5539 1226 5596 διαλαλοῦντα.
