3820 6228
1037 286 1380 348 COMMENT.
1420 287 1484 342 lN
1513 287 1700 344 JOAN.
1740 288 1971 345 TOMUS
2005 287 2210 341 XXXII.

3116 291 3218 346 758

239 414 248 461 ;
278 399 423 466 τοῦτο,
451 403 545 467 ὅτι,
575 403 784 476 Ὥσπερ
811 406 1004 477 ἰατρὸς,
1047 409 1277 461 πλείοσιν
1308 406 1600 476 ἀρρώστοις
1628 412 1670 467 Α
1699 422 1747 474 pl

1710 406 2161 474 projectusjacet).
2186 419 2303 458 cum
2327 403 2481 459 Iesus
2510 405 2815 474 incmpisset
2848 404 3026 460 lavare
3058 410 3218 474 pedes

239 494 254 537 ι
288 488 370 555 τὴν
406 489 629 560 ἰατρικὴν
681 492 1110 562 διακονούμενος,
1183 495 1289 546 ἀπὸ
1322 494 1428 546 τῶν
1475 510 1598 546 κατ-

239 577 407 642 γόντων
431 579 512 630 καὶ
535 580 751 649 χείρονα
787 581 1117 635 πεπονθότων
1146 583 1244 651 τὴν
1276 584 1444 652 ἀρχὴν
1482 599 1597 634 ποι-

240 706 241 711 η
275 668 360 736 τῆς
400 667 702 737 θεραπείας,
748 670 914 733 οὕτως
953 674 981 723 ὁ
1017 673 1425 741 ὲρῤυπωμένους
1474 674 1597 734 τοὺς

242 773 264 816 ς
300 757 474 808 νίπτων
502 757 605 809 τῶν
642 758 890 827 μαθητῶν
922 760 1136 829 ἄρχεται
1183 760 1286 812 ἀπὸ
1322 761 1425 812 τῶν
1468 760 1598 829 μᾶλ-

239 845 623 913 ὲῤῥυπωμένων·
676 847 769 897 καὶ
817 847 953 915 τάχα
1001 848 1089 898 ἐπὶ
1133 847 1424 899 τελευταῖον
1469 844 1596 916 ἦλθε

240 934 414 1002 Ιέτρον,
440 934 508 995 ὡς
533 934 744 986 ἔλαττον
772 936 980 988 πάντων
1013 936 1255 1005 δεόμενον
1278 937 1373 1006 τῆς
1397 936 1590 1004 νίψεως

239 1020 413 1073 ποδῶνσ
449 1023 578 1091 τάχα
617 1023 674 1074 δὲ
704 1023 794 1075 καὶ
820 1025 897 1085 είς
928 1024 985 1075 τὸ
1011 1024 1179 1076 δοκεῖν
1220 1024 1509 1090 ἀντιλέγειν
1555 1024 1587 1090 ἡ

239 1126 255 1169 ;
302 1110 638 1178 καθαρότητος
686 1112 1006 1172 κατάστασις
1053 1112 1158 1165 τῶν
1216 1112 1382 1165 ποδῶν
1430 1111 1589 1165 αὐτοῦ

239 1198 432 1250 ἱάλλετο.

1696 495 2095 563 discipulorum,
2122 502 2175 544 et
2203 491 2505 558 abstergere
2536 493 2704 545 linteo
2731 507 2834 560 quo
2857 502 2972 546 erat
2998 497 3218 561 praeiu-

1696 593 1831 648 ctus,
1859 582 2018 652 414
2050 596 2149 634 non
2205 595 2233 632 a
2280 579 2436 633 Petro
2497 581 2777 648 incmperit
2810 581 2930 651 [sed
2965 583 3029 636 ab
3067 583 3214 652 illo].

1695 670 1772 723 Ad
1796 671 1934 738 quod
1965 666 2384 734 respondendum
2415 674 2496 718 est
2524 681 2536 715 :
2580 664 2647 718 Ut
2695 667 2933 721 medicus
2977 668 3218 736 plurimis

1697 757 1919 812 infirmis
1963 754 2366 807 sulnninistrans
2390 751 2536 818 juxta
2573 763 2735 806 artem
2785 756 3077 815 medicina,
3116 756 3217 808 ini-

1697 847 1825 897 tium
1849 840 2088 894 medendi
2112 838 2238 891 facit
2267 838 2329 890 ab
2351 837 2539 904 bisqui
2571 849 2824 906 urgentur
2838 841 3038 908 quique
3064 842 3217 908 pejus

1695 931 1869 985 affecti
1897 940 2038 994 sunt,
2070 929 2147 981 sic
2178 929 2550 997 discipulorum
2591 929 2834 981 sordidos
2856 929 3016 995 pedes
3038 929 3219 981 lavan-

1697 1031 1825 1084 tem,
1879 1019 2162 1088 incapisse
2201 1035 2230 1072 a
2267 1021 2433 1090 magis
2482 1022 2745 1083 sordidis;
2773 1030 2931 1086 atque
2970 1019 3216 1087 equidem

1696 1108 1937 1162 fortassis
1981 1107 2045 1160 ad
2090 1107 2304 1160 Petrum
2344 1117 2614 1175 postremo
2660 1107 2822 1168 venit,
2872 1106 2995 1174 quia
3047 1106 3219 1159 minus

1695 1198 1899 1250 caeteris
1920 1196 2176 1264 indigeret
2206 1204 2262 1249 ut
2286 1197 2384 1250 sibi
2409 1196 2709 1248 lavarentur
2737 1195 2896 1261 pedes
2924 1208 2937 1244 ε
2974 1191 3217 1245 fortassis

239 1307 245 1339 ι
278 1298 435 1341 status
465 1290 648 1356 pedum
682 1306 913 1357 suorum,
956 1294 1043 1360 qui
1085 1294 1320 1360 proxime
1356 1291 1636 1346 accedebat
1661 1290 1727 1342 ad
1760 1286 2276 1345 munditiem,ell‘ecit
2300 1296 2357 1341 ut
2384 1287 2749 1342 contradicere
2796 1287 3072 1353 cogitaret.

246 1379 645 1451 Βασανιζόμενον
675 1384 732 1435 δὲ
776 1384 834 1435 τὸ
880 1385 981 1437 ὑπὸ
1023 1384 1114 1436 τοῦ
1155 1383 1322 1452 Ἰησοῦ
1369 1383 1587 1453 εἰρημέ-

239 1470 306 1532 εὸ,
336 1488 353 1520 ι
387 1471 437 1522 '0
463 1471 770 1541 λελουμένος
811 1473 908 1525 οὐκ
951 1472 1059 1541 ἔχει
1089 1473 1272 1543 χρείαν
1308 1473 1587 1541 νίψασθαι,

239 1558 338 1609 ἐστι
384 1559 606 1630 καθαρὸς
651 1561 799 1623 ὄλοςο
828 1563 920 1614 καὶ
962 1563 1115 1630 ὑμεῖς
1167 1562 1387 1631 καθαροί
1434 1564 1585 1625 ἐστε,

1761 1381 1811 1434 6.
1843 1380 2006 1434 Porro
2031 1379 2075 1432 si
2093 1380 2456 1435 examinemus
2485 1380 2625 1446 quod
2644 1378 2963 1442 dixitJesus,
2989 1393 3176 1447 nempe
3196 1418 3212 1444 ,

1700 1486 1719 1519 ι
1746 1468 1847 1533 Qui
1872 1469 2007 1521 lotus
2031 1476 2129 1529 est,
2172 1467 2300 1520 nihil
2333 1467 2650 1533 Opushabet
2681 1475 3029 1534 pra'terquam
3057 1468 3217 1535 pedes

1693 1556 1890 1617 lavare,
1929 1555 2022 1608 sed
2056 1563 2138 1608 est
2170 1557 2396 1608 mundus
2431 1563 2572 1608 totus
2600 1570 2615 1607 :
2646 1565 2701 1607 et
2726 1570 2819 1606 vos
2856 1556 3036 1607 nmndi
3065 1557 3211 1619 estis,

242 1647 326 1714 ὑχὶ
348 1647 549 1711 πάντες,
575 1668 592 1698 ι
623 1652 759 1718 τάχα
785 1651 1064 1703 ὑποϐάλλει
1093 1649 1213 1703 νοῦν
1234 1650 1484 1714 τοιοῦτον,
1515 1649 1589 1710 ὼς
1618 1683 1659 1736 Β
1691 1660 1749 1698 se

1704 1646 1783 1698 sed
1813 1661 1916 1699 non
1957 1660 2140 1698 omnes
2166 1646 2231 1707 ⁷⁸,
2262 1663 2280 1695 ι
2316 1644 2540 1711 fertasse
2578 1646 2731 1698 talem
2756 1646 2987 1712 suggerit
3020 1645 3212 1698 intelli-

239 1734 491 1803 ιψαμένων
528 1737 650 1796 τοὺς
681 1737 842 1798 πόδας
873 1737 975 1788 ὑπὸ
1014 1736 1106 1788 τοῦ
1144 1734 1311 1806 Ἰησοῦ
1353 1737 1458 1788 τῶν
1489 1752 1588 1804 μα-

239 1839 263 1884 ι,
310 1823 397 1873 καὶ
441 1823 571 1892 πρὸς
621 1824 698 1892 τῷ
753 1824 1024 1876 λελοῦσθαι
1088 1825 1185 1877 οὐκ
1213 1824 1305 1876 Ἔτι
1364 1824 1588 1892 ἑχόντων

239 1926 248 1955 ν
290 1909 563 1976 νίψασθαι·
597 1910 674 1963 ἔτι
700 1911 756 1963 δὲ
786 1913 877 1964 καὶ
917 1912 1075 1964 αὐτοῦ
1102 1912 1193 1964 τοῦ
1245 1913 1445 1983 Πέτρου
1489 1912 1585 1982 ἥδη

249 1997 502 2067 καθαροῦ,
540 1999 633 2051 καὶ
677 2000 803 2070 πρὶν
843 2002 969 2073 νίψῃ
1007 2004 1129 2064 τοὺς
1160 2002 1322 2063 πόδας
1360 2000 1519 2054 αὑτοῦ
1560 2001 1588 2052 ό

239 2084 294 2144 ἐς.
339 2085 456 2138 Ἐὰν
502 2086 556 2138 δέ
596 2105 678 2150 τις
731 2089 863 2157 πρὸς
915 2089 1081 2143 ταῦτα
1116 2090 1269 2159 ζητῇ,
1299 2091 1362 2141 Τί
1403 2089 1587 2157 δήποτ’

242 2173 405 2237 ίπὼν,
439 2193 457 2225 ι
497 2176 551 2226 Ὁ
581 2175 890 2245 λελουμένος
920 2179 1018 2229 οὐκ
1058 2178 1165 2246 ἔχει
1209 2179 1394 2246 χρείαν
1436 2178 1588 2245 νίψα-

239 2259 352 2310 ἀλλ’
378 2259 488 2311 ἐστι
533 2261 765 2328 καθαρὸς
805 2262 941 2325 ὅλος,
971 2280 989 2312 ι
1029 2264 1100 2332 μὴ
1138 2265 1319 2332 χρείαν
1362 2264 1586 2332 ὲχόντων

239 2349 307 2396 ναι
339 2346 440 2396 τῶν
473 2346 740 2416 μαθητῶν,
785 2349 955 2401 νίπτει
1007 2351 1129 2410 τοὺς
1172 2349 1332 2411 πόδας
1364 2350 1534 2401 αὐτῶν
1559 2352 1587 2402 ό

240 2451 268 2495 ς
288 2451 302 2498 ;
344 2436 553 2488 λεκτέον
606 2439 750 2507 αὐτῷ
793 2439 885 2491 τό·
925 2457 943 2490 ι
972 2441 1136 2492 Παντὶ
1184 2440 1260 2509 τῷ
1296 2442 1462 2510 ἔχοντι
1502 2442 1584 2494 δο-

239 2538 305 2582 ιι,
352 2524 441 2575 καὶ
490 2526 925 2593 προστεθήσεται.
952 2546 969 2577 ι
1008 2529 1166 2581 "Erret
1223 2531 1393 2581 τοίνυν
1445 2527 1584 2597 εἶχον

256 2609 490 2679 μαθηταὶ
531 2614 592 2675 τὸ
639 2609 774 2667 εἶναι
820 2615 1063 2685 καθαροὶ,
1102 2617 1444 2687 προστίθησιν
1481 2620 1583 2687 ἰη-

240 2701 276 2766 ῇ
326 2698 651 2770 καθαρότητι
701 2703 873 2755 αὐτῶν
919 2706 1009 2756 καὶ
1050 2707 1108 2757 τὸ
1158 2707 1359 2759 νίπτειν
1410 2708 1584 2761 αὐτῶν

239 2787 355 2849 όδας
372 2805 384 2817 ·
419 2789 538 2841 οὔτε
567 2793 689 2852 τοὺς
706 2791 777 2860 μὴ
804 2793 1141 2862 λελουμένους
1164 2796 1324 2863 νίψων
1348 2796 1433 2859 ἂν,
1464 2796 1583 2848 οὔτε

244 2874 277 2941 ἡ
308 2874 461 2938 ὅλους
499 2876 794 2945 καθαρούς·
828 2878 937 2930 ἀλλ’
967 2879 1135 2940 οὕτως
1166 2880 1289 2931 ὥστ’
1324 2880 1386 2932 ἂν
1416 2883 1583 2932 εἰπεῖν

1687 1732 1955 1802 gentiam,
1979 1735 2196 1802 perinde
2216 1734 2369 1801 quasi
2399 1735 2642 1803 discipuli
2673 1736 2806 1789 lotos
2825 1735 2935 1800 jam
2961 1735 3216 1789 baberent

1685 1825 1845 1892 pedes
1889 1840 1918 1877 a
1964 1823 2112 1888 ἔθευ,
2151 1834 2203 1878 et
2245 1826 2384 1892 quod
2414 1834 2531 1892 post
2570 1825 2710 1877 illam
2752 1826 3064 1878 lavationem
3109 1843 3212 1880 nun

1686 1912 1909 1977 amplius
1931 1926 2067 1978 opus
2090 1914 2347 1965 haberent
2365 1911 2525 1965 lavari
2547 1927 2560 1976 ;
2580 1914 2824 1980 quodque
2841 1915 3027 1968 Petrus
3054 1917 3212 1968 etiam

1687 2000 1911 2051 mundus
1929 2000 2037 2066 jam
2053 2000 2331 2053 exsisteret
2353 2010 2634 2067 antequam
2657 2001 2795 2054 illius
2825 2002 2982 2069 pedes
3012 2003 3214 2056 lavaret

1684 2083 1855 2137 Jesus.
1882 2084 2030 2149 Quod
2059 2086 2102 2139 si
2132 2094 2319 2139 contra
2360 2086 2471 2140 hinc
2502 2096 2702 2155 quaerat
2737 2089 2947 2155 aliquis,
2975 2104 3069 2142 cur
3091 2103 3212 2144 cum

1685 2171 1921 2234 dixisset,
1984 2173 2126 2248 iQui
2167 2173 2305 2227 lotus
2341 2183 2446 2237 est,
2494 2189 2597 2228 non
2631 2190 2762 2242 opus
2790 2178 2946 2229 habet
2984 2185 3039 2235 ut
3074 2179 3212 2231 lave-

1687 2267 1790 2322 tur,
1818 2262 1907 2312 sed
1935 2269 2015 2314 est
2038 2263 2262 2314 mundus
2292 2270 2450 2324 totus,
2473 2280 2492 2314 ι
2515 2262 2652 2316 lavet
2678 2273 2850 2317 tamen
2873 2264 3029 2317 Jcsus
3053 2266 3213 2333 pedes

1686 2347 2082 2414 discipulorum,
2110 2350 2201 2417 qui
2243 2352 2477 2419 alioquin
2507 2365 2640 2419 opus
2681 2367 2782 2405 non
2818 2355 3081 2407 habebant
3110 2356 3208 2408 sibi

1685 2450 1777 2490 eos
1803 2436 2007 2490 lavari?
2042 2438 2161 2491 huic
2183 2438 2306 2492 illud
2331 2440 2608 2493 dicendum
2640 2448 2752 2492 est:
2776 2440 2964 2494 «Omni
2997 2442 3209 2498 habenti

1683 2527 1920 2592 dabitur,
1947 2537 2000 2582 et
2029 2528 2308 2596 adiicietur
2328 2531 2406 2595 7’;
2455 2549 2473 2582 ι
2502 2531 2641 2584 unde
2686 2531 3003 2585 habentibus
3050 2532 3206 2587 disci-

1682 2617 1820 2683 pulis
1869 2618 2201 2679 munditiem,
2250 2616 2451 2683 Jesum,
2516 2628 2575 2673 ut
2626 2620 2880 2687 adiiceret
2935 2622 3208 2675 munditiei

1682 2705 1910 2772 illorum,
1950 2707 2156 2760 illorum
2191 2708 2352 2773 pedes
2396 2707 2555 2760 etiam
2604 2707 2822 2772 lavare;
2859 2710 2977 2762 illos
3010 2712 3208 2782 alioqui

1681 2811 1785 2848 non
1810 2797 2099 2860 lavaturas,
2125 2796 2177 2849 ni
2207 2798 2294 2849 loti
2320 2796 2545 2850 fuissent
2570 2806 2729 2866 atque
2752 2800 2969 2853 omnino
2994 2803 3206 2859 mundi:

1681 2886 1754 2938 ita
1784 2896 1955 2939 tamen
1988 2893 2043 2936 ut
2066 2885 2306 2938 dicamus
2336 2885 2600 2939 neminem
2632 2900 2695 2939 ex
2722 2888 2803 2940 his
2822 2889 2909 2955 qui
2934 2889 3034 2943 isto
3053 2891 3210 2945 modo

239 2963 306 3014 ὢν
342 2964 512 3027 οὕτως
544 2967 813 3037 καθαρῶν,
856 2967 956 3020 κᾶν
986 2969 1091 3037 γάρ
1124 2985 1205 3030 τις
1300 2968 1494 3029 τέλειος
1528 2970 1585 3021 ὲν
1612 2971 1654 3028 C
1686 2986 1743 3024 su

1697 2982 1807 3024 sunt
1832 2970 2032 3035 mundi,
2080 2970 2287 3022 etiamsi
2339 2969 2605 3035 perlectus
2650 2971 2770 3038 quis
2796 2971 2869 3023 sit
2901 2970 3038 3024 inter
3070 2972 3205 3026 ﬁlios

239 3052 539 3123 ινθρώπων,
579 3056 678 3124 τῆς
709 3057 814 3108 ἀπὸ
858 3057 949 3108 σοῦ
986 3058 1125 3125 (10),
1172 3059 1235 3109 ἵν’
1265 3058 1429 3119 οὕτως
1470 3058 1582 3110 ὀνο-

259 3142 627 3213 καθαρότητος
667 3144 932 3213 ἀπούσης,
969 3147 1044 3206 είς
1081 3144 1312 3214 καθαρὸν
1342 3145 1401 3195 οὐ
1442 3144 1583 3212 λογι-

239 3248 314 3283 αι.
358 3232 471 3284 Καὶ
502 3231 673 3284 ταῦτα
713 3232 768 3283 δὲ
812 3231 1028 3299 ὕστερον
1070 3230 1343 3298 ὲκτίθεμαι
1385 3231 1583 3282 ὑποπε-

239 3319 371 3370 ιετὰ
410 3320 473 3370 τὸ
511 3318 939 3388 ὑπαγορευθῆναι
981 3317 1047 3369 τὰ
1082 3319 1345 3387 πρότερα,
1392 3317 1582 3380 σωζόν-

241 3408 320 3459 ὦν
348 3409 446 3460 καὶ
469 3407 569 3475 τὴν
594 3407 741 3471 τάξιν
769 3407 885 3459 τῶνα
902 3407 1313 3458 ὑπεισελθόντων
1337 3406 1478 3465 νοῦν,
1508 3407 1581 3468 ὼς

239 3512 292 3547 ον
337 3496 441 3564 μὲν
477 3494 691 3562 βλέπειν
734 3493 1074 3563 ρυπωθέντας
1121 3493 1240 3554 τοὺς
1286 3492 1446 3552 πόδας
1475 3490 1580 3542 τῶν

239 3584 287 3635 ὃν
338 3582 628 3651 δεδεῆσθαι
680 3583 779 3650 τῆς
833 3583 937 3634 ἀπὸ
992 3581 1083 3633 τοῦ
1132 3580 1297 3649 Ἰησοῦ
1350 3580 1540 3646 νίψεως
1562 3617 1577 3641 ,

239 3674 319 3725 ὅτι
359 3671 453 3724 διὰ
503 3671 647 3722 τοῦτ’
697 3670 871 3724 αὐτῶν
897 3669 1040 3737 ἐνιψε
1075 3670 1198 3731 τοὺς
1237 3668 1417 3730 πόδας,
1464 3669 1582 3719 ἐπεὶ

239 3780 263 3823 ς
301 3764 363 3813 ὲν
398 3759 706 3830 ἀνθρώποις
744 3750 992 3827 καθαροὶ,
1036 3757 1145 3809 ἀλλ’
1171 3757 1286 3825 οὐχὶ
1321 3757 1412 3808 καὶ
1435 3756 1580 3824 παρὰ

239 3849 351 3918 ›ρ“ις
386 3846 502 3916 γὰρ
539 3846 706 3916 Ἰησοῦ
742 3844 912 3907 οὐδεὶς
933 3845 1077 3914 παρὰ
1103 3844 1217 3912 θεῷ
1244 3843 1471 3913 καθαρὸς
1495 3842 1580 3910 γί-

239 3936 314 3987 ιαὶ
350 3935 465 4005 πρὸ
507 3933 668 3987 αὐτοῦ
711 3932 821 4001 (Η)
857 3933 1077 4001 νομισθῇ
1114 3932 1199 3984 διά
1237 3949 1374 3993 τινος
1403 3934 1581 3999 ἐπιμε-

239 4023 356 4075 ιτδν
395 4022 638 4091 καθαρὸν
669 4021 1034 4089 πεποιηκέναι.
1066 4022 1187 4082 Τοῖς
1228 4021 1270 4072 δ’
1297 4020 1370 4081 ὡς
1402 4022 1456 4070 ὲν
1487 4020 1579 4071 ἀν-

239 4129 244 4138 ·
276 4109 559 4179 καθαροῖς
582 4110 679 4178 ήδη
708 4108 1100 4176 γεγενημένοις,
1129 4108 1222 4160 καὶ
1240 4107 1579 4174 λουσαμένοις

239 4195 433 4264 Ἰησοῦ
467 4194 767 4263 βάπτισμα,
808 4196 900 4247 καὶ
949 4195 1252 4263 νιψαμένοις
1284 4196 1374 4247 ὑπ’
1418 4195 1576 4248 αὑτοῦ

1686 3058 1983 3120 hominum,
2034 3057 2254 3109 absente
2289 3056 2571 3120 munditia,
2602 3065 2660 3109 ut
2708 3057 2778 3109 ita
2807 3056 3011 3125 loquar,
3058 3057 3202 3121 Iesu,

1686 3146 1936 3197 mundum
1975 3144 2322 3212 reputandum
2349 3158 2491 3197 esse.
2536 3143 2602 3197 Et
2635 3144 2747 3196 hinc
2780 3144 2991 3210 quidem
3022 3145 3207 3199 ultimo

1686 3246 1892 3298 expono
1921 3246 2037 3299 quae.
2064 3239 2445 3284 succurrerunt
2488 3239 2606 3299 post
2648 3232 2824 3297 priora
2855 3233 3097 3299 superius
3124 3233 3206 3286 di-

1686 3330 1811 3386 cta,
1854 3322 2188 3374 servantibus
2238 3320 2393 3374 nobis
2441 3319 2681 3372 ordinem
2731 3336 2915 3375 eorum
2972 3335 3088 3388 quae
3153 3322 3206 3376 in

1686 3416 1910 3461 mentem
1960 3418 2219 3462 venerunt
2260 3417 2315 3461 et
2355 3410 2798 3478 intelligentiam:
2832 3410 2977 3463 verbi
3013 3410 3205 3477 gratia,

1685 3510 1802 3546 cum
1842 3495 1986 3561 prius
2040 3497 2469 3563 conspexerimus
2512 3498 2805 3552 sordidatos
2847 3500 3007 3568 pedes
3041 3499 3207 3553 disci-

1684 3580 1925 3646 pulorum
1959 3582 2166 3649 eguisse
2190 3590 2247 3635 ut
2285 3596 2312 3634 a
2352 3581 2477 3637 Jesu
2508 3583 2835 3648 lavarentur,
2878 3584 3036 3661 415
3069 3598 3207 3637 nunc

1686 3668 1880 3721 idcirco
1915 3668 2059 3721 illum
2104 3670 2314 3722 illorum
2370 3672 2529 3738 pedes
2580 3672 2772 3725 lavisse
2801 3673 3044 3738 dicimus,
3082 3674 3205 3740 quia

1683 3763 1859 3808 essent
1907 3755 2302 3821 comparatione
2355 3757 2622 3809 hominum
2680 3756 2895 3820 mundi,
2956 3758 3048 3808 sed
3102 3771 3205 3809 nou

1685 3846 1843 3899 etiam
1872 3845 2009 3911 apud
2037 3844 2236 3909 Deum;
2284 3859 2382 3898 nec
2413 3846 2553 3898 enim
2600 3846 2713 3897 sine
2748 3844 2872 3897 Jesu
2914 3844 3105 3911 aliquis
3147 3844 3206 3895 fit

1684 3932 1821 3999 apud
1848 3931 2008 3984 Deum
2040 3933 2286 3997 mundus,
2327 3933 2533 3986 etiamsi
2569 3946 2746 3985 coram
2788 3948 2846 3986 se
2876 3932 3206 3985 existimetur

1687 4019 1877 4086 aliquis
1908 4019 2081 4085 aliqua
2111 4020 2383 4087 diligentia
2432 4020 2661 4087 seipsum
2709 4022 2958 4073 mundum
2992 4019 3204 4075 fecisse.

1683 4104 1796 4158 Jam
1825 4106 1876 4159 in
1909 4108 1990 4159 his
2020 4108 2108 4174 qui
2143 4108 2416 4161 hominum
2443 4108 2838 4175 comparatione
2872 4108 3049 4161 mundi
3080 4120 3207 4162 sunt.

1685 4194 1827 4256 facti,
1863 4197 2056 4265 quique
2087 4196 2178 4249 loti
2205 4206 2328 4251 sunt
2350 4197 2472 4251 Jesu
2499 4198 2758 4265 baptismo
2778 4236 2793 4262 ,
2818 4199 3013 4267 quique
3037 4200 3202 4253 etiam

240 4284 374 4347 δας,
410 4284 645 4335 ἐνοικεῖν
685 4284 775 4335 καὶ
804 4284 864 4335 τὸ
899 4284 1049 4350 ἅγιον
1086 4283 1300 4336 δύναται
1343 4283 1581 4353 Πνεῦμα,
1616 4275 1660 4331 D
1686 4283 1748 4336 ab

1693 4283 1753 4336 ab
1776 4282 1889 4351 ipso
1915 4284 2049 4337 lotos
2078 4285 2237 4352 pedes
2267 4283 2480 4348 habent,
2513 4284 2820 4341 inhabitare
2842 4294 3014 4359 potest
3042 4287 3201 4342 etiam

240 4393 284 4427 ι.
316 4390 456 4436 χιιι,
494 4373 581 4427 10.
656 4375 699 4408 ⁷⁸
727 4374 910 4428 Matth.
944 4390 1065 4437 xxv,
1089 4375 1176 4428 29.

239 4471 371 4531 'am,
403 4467 686 4532 patiarque
718 4467 794 4519 vel
824 4467 1142 4520 inconsultus
1169 4466 1366 4522 haberi.

239 4540 323 4589 ius
361 4536 465 4588 lib.
494 4549 536 4587 ιι
575 4534 749 4602 ΕΙες..
777 4534 842 4587 12
873 4550 886 4586 :

239 4606 454 4666 inaque
488 4602 559 4654 ad
601 4612 756 4669 caput
786 4602 1023 4670 incipient
1047 4617 1283 4656 revocare
1297 4602 1540 4672 liquores.

239 4672 390 4723 nalis
421 4678 535 4722 sat.
564 4668 670 4722 10:
1002 4692 1007 4695 ·

239 4672 390 4723 nalis
421 4678 535 4722 sat.
564 4672 670 4722 10:
1002 4692 1007 4695 ·

244 4740 371 4789 ium
396 4748 503 4790 aut
549 4737 746 4804 famam
774 4735 1149 4802 Demosthenis,
1187 4745 1278 4789 aut
1315 4739 1574 4796 Ciceronis

243 4816 262 4856 ι
291 4814 523 4870 optare.

239 4888 275 4924 ιι
336 4876 539 4939 itaque
577 4870 861 4939 verisimile
878 4880 959 4926 est
1010 4887 1039 4925 ιι
1073 4871 1229 4924 Petro
1259 4870 1573 4930 lavationem

239 4937 603 5007 uspicatum.
649 4937 722 4990 Ita
771 4940 933 4993 sentit
967 4938 1291 5007 Augustinus
1330 4939 1382 4990 in
1437 4942 1576 4995 hunc

239 5004 481 5069 cannis,
522 5004 674 5071 cujus
704 5008 862 5060 verba
903 5004 1099 5060 referre
1135 5019 1308 5071 opera:
1345 5009 1573 5071 pretium

239 5076 506 5140 Quamvis
537 5075 718 5140 itaque
744 5089 947 5140 magna:
972 5072 1157 5140 fuisset
1181 5072 1413 5127 audacia:
1443 5089 1575 5127 con-

239 5136 271 5197 ε
301 5158 546 5196 servum
580 5136 1108 5202 Domino,bominem
1128 5136 1256 5198 Deo.
1280 5146 1447 5191 tamen
1477 5144 1577 5195 hoc

239 5211 425 5265 'ecere
465 5208 684 5271 maluit,
713 5223 871 5275 quam
924 5205 1125 5275 perpeti
1170 5211 1226 5255 ut
1270 5205 1575 5275 'sibipedes

245 5294 319 5332 ur
362 5294 396 5332 a
451 5276 688 5332 Domino
717 5273 769 5328 et
811 5273 937 5327 Deo.
970 5273 1078 5338 Nec
1107 5280 1292 5338 putare
1322 5273 1573 5330 debemus

240 5362 358 5400 'nm
410 5348 574 5401 inter
616 5354 842 5397 caeteros
885 5337 1201 5394 formidasse
1226 5346 1379 5402 atque
1419 5355 1573 5394 recu-

239 5431 331 5470 um
375 5415 437 5475 id
485 5412 582 5467 alii
615 5420 739 5465 ante
778 5411 944 5478 ipsum
972 5405 1201 5478 ﬂbenter
1239 5404 1571 5478 velaquani-

242 5487 305 5543 bi
346 5470 489 5541 ﬁeri
528 5470 918 5552 permisissent.
969 5470 1207 5548 Facilius
1241 5470 1428 5539 quippe
1486 5476 1567 5530 sic

1677 4468 2133 4537 accipiunturrista
2161 4469 2321 4522 verba
2343 4468 2641 4537 Evangelii,
2674 4469 2794 4536 quia
2834 4483 2952 4523 cum
3009 4472 3205 4524 dictum

1676 4547 1818 4635 esset
1840 4574 1854 4598 ,
1888 4536 2045 4602 Coepit
2070 4536 2240 4589 lavare
2266 4536 2412 4616 pedes
2449 4537 2839 4635 ιιὶεξίριιιξονιιιῖι3
2868 4549 2913 4590 et
2951 4549 3271 4635 “lugerem

1699 4615 1828 4635 Inlnn
1854 4619 1952 4635 nun
1999 4613 2106 4635 nun!
2148 4615 2449 4635 men-panpin-
2511 4621 2523 4635 ι
2546 4619 2626 4635 ιη..
2670 4619 2698 4635 Δ
2724 4620 2780 4635 ρει
2806 4614 3055 4635 ὶΙΙιιιΙΙΙιιιιι
3093 4614 3168 4635 ne.

1676 4604 1828 4671 linteo
1852 4619 1952 4671 quo
1997 4606 2471 4671 erutam-cinctus,
2510 4604 2698 4656 deinde
2724 4604 3056 4668 subiunctum
3092 4604 3202 4667 est,

1689 4670 1831 4744 Venit
1858 4670 1975 4738 ergo
2004 4671 2070 4721 ad
2104 4670 2360 4725 Simonem
2384 4670 2622 4744 Petrum,
2643 4672 2792 4744 quasi
2821 4671 3202 4744 aliquibusjam

1678 4738 1909 4799 lavisset,
1939 4745 1990 4789 et
2016 4747 2134 4804 post
2161 4752 2250 4793 eos
2289 4739 2519 4791 venisset
2558 4741 2630 4792 ad
2651 4738 2887 4804 Petrum.
2912 4738 3039 4800 Quis
3059 4738 3200 4790 enim

1678 4806 1943 4860 nesciebat
1962 4805 2186 4871 primum
2205 4807 2561 4870 apostolorum
2580 4818 2696 4858 esse
2714 4803 3076 4855 beatissimum
3106 4804 3205 4855 Pe-

1678 4875 1855 4926 trum?
1902 4870 2004 4927 Sed
2038 4888 2138 4923 non
2170 4873 2240 4924 ita
2295 4872 2695 4937 intelligendum
2748 4870 3057 4937 estLquod
3091 4880 3208 4937 post

1678 4941 1881 5011 aliquos
1915 4941 1979 4992 ad
2011 4940 2404 5011 illunrveuerit,
2434 4933 2525 5011 sed
2559 4935 2701 5011 quod
2733 4933 2798 4984 ab
2824 4934 2929 4987 illis
2959 4933 3202 5011 citeperit.

1676 5002 1895 5072 Quando
1922 5021 2049 5074 ergo
2077 5007 2235 5073 pedes
2257 5002 2647 5074 discipulorum
2666 5002 2844 5051 lavare
2862 5002 3044 5074 coepit,
3070 5002 3213 5074 venit

1675 5065 1742 5127 ad
1769 5090 1887 5128 eum
1917 5090 1945 5126 a
1973 5065 2272 5140 quo-capit,
2299 5074 2349 5125 id
2384 5065 2485 5134 est,
2527 5071 2590 5123 ad
2614 5070 2908 5140 Petrum.)
2935 5065 3215 5140 Ferrarius

1674 5142 1949 5212 Origenem
1966 5128 2064 5192 h'oc
2078 5128 2193 5212 loco
2218 5128 2614 5212 interpretatur,
2630 5131 2833 5212 quasia
2846 5128 3219 5212 ἔμειξιιίίιιεθρὶξ·

1671 5223 1727 5260 se
1744 5196 2007 5262 Christum
2023 5196 2315 5273 scripserit.
2333 5196 2440 5260 Hoc
2452 5207 2495 5259 si
2512 5196 2641 5256 veru
2651 5196 2703 5250 in
2720 5197 2964 5273 es.t,quod
3045 5200 3223 5273 codice

1673 5281 1845 5329 tamen
1879 5275 2039 5340 Regio
2072 5262 2173 5327 ιιοίι
2213 5282 2505 5341 comparet,
2536 5263 2946 5341 consequentes
2976 5262 3228 5341 ,ιξεὼυθτίι

1677 5327 1932 5410 υιοίέέηεξ
1948 5327 2377 5409 Chrysostomui'n
2396 5349 2451 5410 et
2461 5327 2957 5410 'l‘fheOpliylactum.
2976 5327 3231 5383 liuentis.

1745 5408 1834 5478 (l0
1885 5408 2164 5466 Ferrarius
2192 5413 2317 5482 legit
2348 5408 2451 5461 ἀπὸ
2492 5408 2706 5473 ’[ησου.

1745 5410 1855 5546 illi
1883 5474 2112 5545 Laﬁebat
2134 5477 2412 5539 Ferrarius
2442 5474 2541 5527 κᾶν
2572 5465 2693 5539 πρὸ

2435 5457 2541 5527 κᾶν
2555 5457 2693 5539 ’πρὸ
2733 5457 2918 5513 αὑτοῦ.
