3820 6220
1067 271 1410 328 COMMENT.
1446 273 1508 326 IN
1543 272 1728 326 .IOAN.
1766 272 1999 328 TOMUS
2042 273 2246 330 XXXII.
3168 275 3267 330 762

261 374 529 442 γελίζεσθαι
563 375 631 431 τὰ
659 380 855 448 ἀγαθά..
891 383 1132 436 Τοιοῦτον
1150 383 1242 438 οῦν
1267 386 1378 437 ἐστι
1402 386 1478 438 τό·
1511 405 1529 436 ι
1577 388 1638 437 ’0
1669 391 1714 446 Α
1739 400 1769 439 e

1754 399 1937 452 rosque
1967 395 2241 452 proruptus
2290 392 2341 437 et
2388 385 2636 454 pulchros
2688 385 2753 440 ad
2800 385 3262 456 evangelizandum

271 466 404 529 ποιῶ,
435 467 492 518 σύ
513 469 610 520 οὐκ
640 467 785 533 οἶδας
817 471 955 542 ἄρτι·
972 472 1151 544 γνώσῃ
1169 473 1223 526 δὲ
1250 475 1382 543 μετὰ
1408 474 1628 528 ταῦτα’»
1735 474 1779 526 in

1756 491 1788 526 n
1848 472 2046 542 Spiritu
2114 482 2304 528 sancto
2355 475 2512 530 bona.
2575 474 2702 530 Tale
2743 475 2903 544 igitur
2961 476 3086 530 illud
3132 488 3257 532 est:

261 555 382 609 ῑολόν
409 557 509 607 ἐστι
537 557 598 608 τὺ
610 558 860 626 νίψασθαι
885 561 1034 630 ὑμῶν
1058 563 1179 624 τοὺς
1199 563 1358 624 πόδας
1374 564 1460 615 ὑπ’
1482 564 1632 629 ἐμοῦ,

261 644 552 714 καθαρθῆναι
573 646 673 708 τὰς
702 647 880 715 βάσεις
907 649 1012 702 τῶν
1038 650 1217 720 ψυχῶν
1239 650 1410 718 ὑμῶν,
1434 651 1517 703 ἵνα
1537 651 1632 718 γέ-

261 751 308 785 αι
337 735 525 804 ώραῐοι,
576 737 869 806 μελλόντων
900 739 1048 808 ὐμῶν
1084 739 1517 807 εὐαγγελίζεσθαι
1566 741 1632 794 τὰ

261 822 305 880 ὰ.
340 821 427 878 καὶ
447 823 697 895 καθαροῖς
733 830 844 890 τοῖς
866 830 1018 881 ποσὶν
1043 827 1334 882 ἐπιϐαίνειν
1363 831 1480 891 ταῖς
1523 829 1630 882 τῶν

261 910 399 964 ὐπων
417 913 622 983 ψυχαῖς.
658 915 824 968 Τοῦτο
848 917 906 969 δὲ
927 918 987 968 τὸ
1007 919 1294 988 μυστήριον
1319 919 1382 972 σύ
1413 918 1505 972 νῦν
1534 920 1629 988 μὲν

261 996 388 1063 ἴδας,
417 1001 502 1054 ἅτε
530 1003 750 1072 μηδέπω
777 1005 964 1075 χωρῶν
1004 1005 1099 1075 τὴν
1123 1006 1319 1074 γνῶσιν
1349 1006 1507 1060 αὐτοῦ
1537 1008 1623 1058 εὐ-

262 1105 409 1159 τερον
451 1092 710 1164 ἐσομένην
738 1095 796 1146 ὲν
831 1094 931 1158 σοὶ,
965 1096 1101 1150 ἐπὰν
1145 1097 1271 1168 νίψῃ
1307 1099 1431 1161 τοὺς
1467 1099 1626 1162 πόδας

261 1177 373 1245 μοῦ·
407 1180 536 1247 μετὰ
569 1181 625 1233 δὲ
653 1181 820 1235 ταῦτα
845 1183 1024 1254 γνώσῃ
1076 1187 1133 1238 έν
1161 1185 1238 1254 τῷ
1257 1186 1427 1253 τούτῳ
1460 1189 1626 1240 συνιέ-

261 1268 590 1337 >ωτιζόμενος
625 1273 692 1340 τῇ
747 1273 871 1341 περὶ⁵
903 1274 999 1325 οὐκ
1027 1274 1492 1346 εὐκαταφρονήτου
1530 1277 1638 1331 καῖ

265 1371 320 1417 ος
359 1357 492 1419 τινὸς
529 1357 740 1425 γνώσει.
775 1359 954 1413 Ταῦτα
980 1362 1036 1414 δὲ
1061 1363 1302 1430 λέγοντος
1327 1365 1402 1434 τῷ
1436 1367 1623 1438 Πέτρῳ

261 1443 406 1511 ησοῦ,
429 1446 456 1496 6
473 1444 709 1516 μαθητὴς
723 1447 1063 1520 ἀποκρίνεται
1087 1451 1186 1504 οὐκ
1205 1454 1393 1524 έπιστη
1402 1455 1621 1526 μονικὴν

262 1549 388 1597 ηισιν,
419 1533 552 1604 πλὴν
573 1538 867 1604 φαντασίαν
881 1539 1359 1604 ὲξαποστέλλουσαν
1377 1543 1466 1596 τοῦ
1486 1546 1619 1616 πρὸς

261 1621 416 1690 ησοῦν
431 1625 711 1692 τιμητικοῦ
734 1627 826 1679 καὶ
855 1628 1141 1698 σεϐασμίου
1161 1671 1174 1695 ,
1209 1634 1498 1699 φαντασίαν
1543 1635 1618 1688 δι-

1737 561 1934 626 «Quod
1993 576 2091 628 ego
2131 562 2292 628 facio,
2348 573 2398 617 tu
2459 579 2596 619 nunc
2635 565 2830 629 nescis,
2891 565 3026 620 scies
3083 578 3261 622 autem

1730 664 1933 721 postea.
1976 671 1995 704 ι
2039 653 2188 718 Quod
2215 667 2312 722 ego
2343 654 2512 708 lavem
2549 654 2709 722 pedes
2739 664 2947 710 vestros
2968 695 2983 721 ,
3015 664 3137 710 nota
3175 665 3260 712 est

1729 745 1869 813 quod
1891 743 2190 796 animarum
2216 751 2514 796 vestrarum
2542 743 2898 811 purificentur
2938 759 3169 814 gressus,
3203 753 3263 798 ut

1727 837 1836 891 sint
1863 832 2088 904 pulchri,
2119 834 2574 903 evangelizaturis
2601 835 2754 888 vobis
2777 836 2937 898 bona,
2963 844 3018 888 et
3048 834 3260 888 mundis

1727 925 1950 993 pedibus
2015 924 2337 993 ingressuris
2401 923 2455 977 in
2515 923 2794 978 hominum
2859 924 3086 978 animas.
3150 921 3260 978 Hoc

1725 1023 1902 1070 autem
1926 1014 2240 1085 mysterium
2269 1021 2322 1068 tu
2353 1016 2492 1068 n’unc
2513 1014 2724 1082 quidem
2755 1014 2950 1078 nescis,
2976 1013 3098 1080 quia
3128 1027 3261 1067 non-

1723 1106 1848 1159 dum
1887 1104 2117 1172 percipis
2165 1103 2524 1174 cognitionem
2578 1102 2692 1170 ejus
2717 1101 3062 1172 opportunius
3103 1101 3156 1155 in
3207 1109 3260 1154 te

1724 1192 1976 1258 futuram,
2006 1193 2342 1262 simulatque
2370 1205 2468 1260 ego
2498 1191 2676 1246 lavero
2704 1191 2862 1259 pedes
2886 1198 3041 1254 tuos;
3072 1197 3252 1256 postea

1722 1298 1850 1338 vero
1910 1298 2200 1351 cognosces
2255 1283 2378 1336 dum
2435 1283 2538 1337 hoc
2595 1281 2867 1350 intelliges
2929 1280 3253 1334 illuminatus

1720 1375 2028 1445 cognitione
2072 1389 2174 1428 non
2213 1387 2373 1441 parva
2407 1387 2577 1441 neque
2623 1371 2783 1425 facile
2841 1371 3250 1426 contemnenda.

1715 1463 1979 1517 Caeterum
2012 1464 2124 1518 haec
2149 1464 2402 1532 loquente
2433 1461 2556 1516 Jesu
2587 1460 2744 1516 Petro
2769 1497 2784 1523 ,
2821 1459 3112 1528 discipulus
3142 1475 3254 1515 res-

1716 1553 1914 1621 pondet
1957 1567 2268 1621 responsum
2322 1566 2426 1606 non
2463 1551 2712 1620 peritum,
2767 1551 2860 1604 sed
2911 1549 3232 1604 sententiam

1715 1641 2138 1708 proﬁciscentem
2167 1641 2383 1710 quidem
2425 1641 2493 1694 ab
2519 1638 2752 1705 affectu,
2799 1648 2854 1695 et
2898 1655 3025 1712 erga
3070 1639 3252 1696 Jesum

261 1712 429 1799 μένην.
464 1714 579 1766 Ἔτι
609 1715 811 1786 διόπερ,
829 1719 950 1771 ἐπεὶ
977 1719 1050 1790 μὴ
1085 1720 1514 1794 συμφέρουσαῆν
1543 1724 1618 1794 τῷ
1647 1719 1690 1777 Β
1718 1729 1769 1782 Ιι(

1743 1731 1935 1784 ιοιιοιιῑε
1962 1739 2017 1784 et
2043 1731 2355 1784 reverentiae
2384 1728 2614 1797 plenam,
2638 1730 2731 1784 sed
2760 1739 2933 1784 tamen
2965 1745 3068 1799 qua
3099 1730 3251 1784 falle-

261 1817 269 1844 ι
302 1799 333 1866 ἡ
365 1798 641 1871 ἀπόκρισις
693 1803 876 1867 αὐτοῦ,
916 1807 1015 1858 οὐκ
1061 1809 1124 1878 ἐᾷ
1163 1809 1328 1878 αὐτὴν
1367 1811 1613 1878 γενέσθαι

272 1889 301 1940 6
329 1888 397 1940 τὰ
425 1891 511 1941 ἐπὶ
539 1890 705 1962 βλάϐῃ
735 1893 1130 1964 ἀληθευσόμενα
1156 1900 1221 1966 τῇ
1245 1898 1336 1950 τοῦ
1373 1899 1613 1966 λέγοντος

261 1993 388 2038 ντως
434 1978 618 2030 ἑαυτοῦ
665 1983 730 2050 τῇ
780 1982 1100 2051 χρηστότητι
1144 1983 1379 2037 κωλύων.
1427 1987 1484 2038 '0
1515 1989 1610 2056 μὲν

261 2064 409 2133 έτρος
441 2068 619 2135 φησὶν,
655 2086 673 2119 ι
699 2070 771 2121 Οὐ
804 2071 877 2141 μὴ
905 2071 1060 2141 νίψῃς
1080 2090 1176 2140 μου
1207 2075 1331 2137 τοὺς
1348 2075 1504 2138 πόδας
1533 2078 1610 2139 είς

261 2152 374 2216 ὖνα,
413 2173 431 2204 ι
467 2157 558 2207 καὶ
602 2157 931 2227 ἀπεφήνατο,
977 2161 1250 2231 κρίναντος
1299 2163 1390 2216 τοῦ
1439 2165 1608 2234 Ἰησοῦ

261 2243 454 2296 θαύτοῦ
478 2245 603 2307 τοὺς
632 2247 814 2310 πόδας,
841 2249 902 2300 τὸ
930 2249 1002 2319 μὴ
1023 2251 1366 2322 νιφθήσεσθαι
1396 2253 1485 2306 ὑπ’
1515 2255 1610 2306 αὐ-

261 2335 304 2386 ιὶ
332 2335 404 2405 μὴ
438 2337 784 2406 νιφθήσεσθαι
814 2341 892 2402 είς
913 2341 1004 2393 τὸν
1031 2342 1239 2396 ἅπαντα
1263 2345 1448 2399 αίῶνα’
1478 2347 1506 2396 ό
1528 2346 1603 2408 δὲ,

261 2441 272 2471 ο
299 2424 726 2497 λυσιτελέστερον
755 2425 890 2481 εἶναι
926 2430 986 2482 τὸ
1016 2433 1074 2483 ὲν
1101 2434 1270 2503 τούτῳ
1309 2434 1604 2503 ψεύσασθαι

262 2530 388 2581 τρον
412 2514 503 2566 τοῦ
525 2515 816 2585 ἀληθεῦσαι
848 2518 1025 2582 αὐτὸν,
1060 2521 1394 2576 ὑποδείκνυσι
1433 2524 1494 2576 τὸ
1547 2527 1604 2576 ὲν

261 2601 359 2652 Ξετν
375 2601 656 2672 ἀληθεύειν
669 2605 825 2658 τοῦτο
838 2607 1088 2677 είρηκότα
1103 2609 1387 2674 λυσιτελὲς,
1406 2614 1476 2682 φή
1484 2629 1597 2675 σαςο

265 2688 340 2757 μὴ
359 2689 497 2757 νίψω
521 2707 601 2755 σε,
635 2693 733 2744 οὐκ
763 2691 904 2762 ἔχεις
937 2694 1096 2764 μέρος
1125 2699 1240 2767 μετ’
1265 2699 1417 2768 ἐμοῦ.
1455 2720 1473 2750 ι
1511 2701 1601 2752 Εἴ-

262 2791 280 2825 ν
323 2776 351 2825 6
389 2776 593 2844 Πέτρος
645 2777 884 2846 ἔμελλεν,
930 2782 1335 2852 ἀποφηνάμενος
1384 2786 1481 2854 μὲν
1518 2787 1596 2851 τὸ,

261 2863 291 2932 ὴ
324 2863 484 2935 νίψῃς
513 2883 615 2935 μου
646 2869 770 2930 τοὺς
811 2869 976 2932 πόδας
1001 2873 1080 2934 είς
1100 2872 1189 2924 τὸν
1216 2874 1401 2937 αίῶνα,
1439 2895 1459 2927 ι
1507 2878 1598 2930 καὶ

261 2970 322 3004 ον
347 2954 405 3004 έν
437 2953 629 3024 τούτῳ,
659 2957 730 3027 μὴ
751 2956 888 3020 ἕξειν
922 2961 1056 3028 μετὰ
1076 2962 1168 3014 τοῦ
1212 2964 1382 3032 Ἰησοῦ
1415 2966 1593 3036 μέρος,

1716 1831 1888 1874 retur.
1920 1819 2182 1886 Quocirca
2213 1819 2462 1888 quoniam
2490 1819 2635 1874 utilis
2664 1818 2824 1874 Petro
2866 1835 2970 1873 non
3000 1819 3253 1890 eratejus

1716 1909 2020 1976 responsio,
2057 1923 2162 1961 non
2191 1907 2323 1961 sinit
2345 1923 2462 1961 eam
2485 1906 2571 1961 ille
2600 1923 2779 1961 veram
2797 1923 2933 1975 esse,
2962 1911 3050 1978 qui
3081 1923 3248 1964 nocua

1713 1998 1928 2051 utilitati
1959 1998 2183 2052 dicentis
2211 2007 2265 2052 et
2293 2013 2422 2053 vere
2451 2009 2708 2053 eventura
2728 1999 2995 2068 prohibet,
3028 2014 3124 2066 pro
3153 2015 3246 2053 sua

1713 2087 1970 2140 bonitate.
2003 2089 2171 2155 Atque
2195 2088 2381 2141 Petrus
2409 2088 2624 2156 quidem
2659 2089 2870 2157 inquit,
2917 2106 2935 2138 ι
2964 2087 3076 2143 Non
3101 2089 3248 2143 lava-

1711 2174 1794 2228 bis
1827 2175 1952 2228 mihi
1987 2177 2146 2244 pedes
2192 2177 2242 2229 in
2292 2187 2605 2244 aeternum,»
2649 2178 3078 2246 enuntiavitque,
3123 2192 3242 2232 cum

1711 2261 1862 2317 Jesus
1909 2264 2049 2317 illius
2103 2266 2264 2333 pedes
2315 2265 2492 2319 lavare
2537 2266 2892 2331 decrevisset,
2969 2282 3240 2335 nunquam

1710 2350 1943 2404 futurum
1973 2361 2030 2405 ut
2063 2354 2330 2407 lavaretur
2356 2355 2424 2408 ab
2468 2356 2602 2422 ipso,
2648 2369 2712 2410 ac
2759 2371 2825 2408 ne
2876 2357 2975 2410 hoc
3029 2358 3241 2425 quidem

1710 2436 1816 2490 ullo
1841 2453 2074 2506 unquam
2109 2439 2306 2493 saecqu
2336 2441 2572 2494 futurum
2600 2459 2614 2506 ;
2669 2445 2761 2496 sed
2789 2443 2878 2497 ille
2909 2443 3000 2512 qui
3033 2443 3245 2497 videbat

1707 2524 1872 2579 Petro
1913 2529 2303 2582 conducibilius
2345 2543 2466 2584 esse
2499 2539 2556 2584 ut
2599 2531 2700 2585 hac
2744 2532 2796 2584 in
2840 2547 2899 2586 re
2928 2533 3244 2588 mentiretur

1705 2629 1864 2682 quam
1913 2626 1971 2670 ut
2023 2634 2147 2672 vera
2197 2620 2420 2684 diceret,
2479 2621 2757 2675 utilitatem
2797 2625 3028 2678 ostendit
3075 2626 3126 2678 in
3154 2639 3238 2687 eo.

1706 2706 1844 2772 quod
1899 2721 2001 2760 non
2058 2722 2188 2776 Opus
2222 2719 2377 2771 erat,
2419 2721 2477 2764 ut
2515 2712 2604 2780 qui
2663 2711 2763 2766 hoc
2800 2712 3060 2778 dixisset,
3115 2729 3239 2768 vera

1705 2794 2029 2861 loqueretur,
2061 2797 2243 2850 dicens
2273 2813 2288 2849 :
2324 2813 2344 2848 ι
2373 2797 2482 2850 Nisi
2513 2799 2692 2852 lavero
2717 2809 2788 2864 te,
2820 2814 2922 2852 non
2949 2800 3108 2870 417
3143 2803 3236 2856 ba-

1701 2883 1797 2937 bes
1821 2893 2029 2951 partem
2056 2899 2319 2939 mecum.»
2355 2888 2529 2954 Atque
2562 2888 2808 2955 equidem
2834 2889 2877 2942 si
2907 2889 3109 2955 Petrus,
3145 2893 3238 2960 qui

1699 2977 2000 3030 enuntiarat
2025 3013 2040 3038 ,
2071 2991 2089 3022 ε
2119 2973 2229 3025 Non
2253 2974 2452 3027 lambis
2485 2976 2616 3028 mihi
2660 2977 2822 3042 pedes
2845 2978 2896 3030 iu
2919 2987 3232 3044 aeternum,»

262 3040 320 3092 δὲ
370 3041 514 3110 ἔχειν
549 3044 711 3114 μέρος
757 3046 830 3115 μὴ
873 3048 1162 3116 ἀληθεύων,
1205 3051 1288 3120 ιφ*
1313 3047 1356 3118 ᾧ
1391 3053 1594 3121 φθάσας
1621 3039 1662 3095 C
1695 3081 1770 3120 τε.

1728 3081 1816 3120 era
1846 3066 2030 3118 dicens
2058 3063 2158 3116 hac
2193 3063 2243 3115 in
2272 3077 2330 3116 re
2365 3077 2469 3115 non
2498 3063 2778 3119 habiturus
2809 3075 3073 3119 eratcum
3108 3067 3233 3121 Jesu

261 3129 511 3194 ιοπετῶς,
547 3131 600 3182 τί
627 3131 752 3184 ἄλλο
793 3132 1046 3202 πράττειν
1081 3137 1263 3206 ἐχρῆν,
1291 3139 1322 3207 ἢ
1365 3140 1436 3209 μὴ
1469 3140 1597 3210 ἀλη-

275 3217 364 3269 ἴνα
397 3218 464 3268 ὲκ
480 3216 576 3269 τοῦ
603 3217 881 3286 ἀληθεύειν
911 3219 1064 3272 τοῦτο
1090 3225 1304 3292 ποιήσαι
1334 3226 1492 3279 αὐτὸν
1521 3229 1593 3300 μὴ

261 3304 353 3356 ετὰ
382 3303 478 3356 τοῦ
537 3305 704 3373 Ἰησοῦ
742 3306 922 3376 μέρος,
943 3306 1177 3378 ψεύστην
1206 3311 1362 3364 αὐτὸν
1385 3313 1594 3367 ἀποδεί-

261 3411 305 3445 ίν
349 3392 430 3462 τῷ
456 3391 714 3460 νίψασθαι
737 3396 860 3456 τοὺς
887 3395 1050 3459 πόδας
1074 3397 1254 3450 αὐτοῦ’
1296 3401 1594 3471 γέγραπται

261 3484 374 3544 Πᾶς
397 3482 681 3554 ἄνθρωπος
716 3482 970 3554 ψεύστης.
1011 3503 1030 3536 ι
1065 3486 1344 3558 Εὐκαίρως
1374 3489 1428 3542 δέ
1467 3508 1593 3544 ποτε

261 3571 350 3628 ιθα
371 3570 454 3640 τῷ
479 3571 629 3641 ρητῷ
643 3572 852 3625 ἐπὶτῶν
878 3573 1296 3644 προπετέστερον
1321 3579 1412 3630 καὶ
1440 3579 1596 3650 ἀκρί-

261 3661 435 3720 όντων
455 3661 723 3729 ποιήσειν,
741 3662 878 3730 ὅπερ
904 3661 1014 3730 (14)
1031 3661 1210 3724 αὐτοῖς
1240 3663 1312 3734 μὴ
1335 3664 1596 3720 λυσιτελεῖ

267 3767 323 3801 σι
354 3749 440 3818 τῷ
473 3748 658 3812 κακῶς
679 3750 1000 3820 κεκριμένῳ·
1037 3751 1438 3817 ὐποδεικνύντες
1484 3755 1592 3826 γὰρ

261 3840 342 3890 ὅτι
371 3839 478 3908 οὐχ
522 3838 699 3904 ἕξουσι
733 3840 834 3907 μὲν
879 3839 1014 3906 μετὰ
1059 3839 1151 3892 τοῦ
1191 3842 1360 3910 Ἰησοῦ
1409 3844 1588 3914 μέρος,

261 3929 400 3996 πετῆ
437 3929 499 3981 ὲν
531 3928 828 3998 ἐπαγγελίᾳ
852 3930 1179 3999 τηρήσαντες
1210 3932 1408 4002 φωνὴν,
1435 3933 1590 4004 δυνή-

261 4018 283 4067 ὲ
322 4015 688 4084 ἀθετηθέντος
711 4016 804 4069 τοῦ
838 4018 1223 4087 προειρημένου
1243 4019 1429 4072 ἐλπίδα
1448 4020 1588 4090 ἔχειν

268 4108 667 4176 ἀποστήσομεν
696 4107 888 4169 αὐτοὺς
904 4107 992 4160 τοῦ
1009 4109 1258 4177 ἐμμένειν
1277 4112 1385 4172 τοῖς
1405 4112 1587 4174 κακῶς

261 4213 386 4259 μοις,
421 4196 532 4248 κᾶν
559 4197 697 4264 μετὰ
735 4197 895 4265 ὅρκου
927 4197 1013 4250 διὰ
1040 4198 1235 4268 πολλὴν
1265 4201 1586 4269 προπέτειαν

261 4282 345 4333 τόν
388 4297 529 4332 ποτε
564 4281 784 4348 γίνεται·
833 4284 928 4336 καὶ
961 4285 1216 4354 φήσομεν,
1244 4287 1344 4351 ὅτι,
1380 4289 1584 4360 Ὥσπερ

261 4371 496 4440 Ιέτρος,
523 4389 541 4420 ι
573 4373 647 4424 Οὐ
669 4373 742 4442 μὴ
765 4373 920 4445 νίψῃς
949 4391 1047 4443 μου
1072 4377 1193 4440 τοὺς
1215 4377 1374 4440 πόδας
1396 4382 1474 4443 είς
1493 4380 1584 4433 τὸν

279 4459 570 4514 κωλύεται
598 4462 850 4530 ἐμμένειν
877 4466 941 4534 τῇ
969 4464 1060 4517 τοῦ
1085 4465 1370 4537 λεγομένου
1396 4470 1583 4540 ὁμολο-

261 4549 371 4618 έχῃ
406 4549 552 4618 μετὰ
585 4549 678 4602 τοῦ
721 4552 891 4619 Ἰησοῦ
920 4553 1098 4623 μέρος·
1125 4555 1295 4619 οὕτως
1323 4559 1414 4612 καὶ
1447 4563 1510 4614 σὺ
1553 4564 1582 4615 ό

261 4634 477 4704 ,αρτὼν
516 4637 616 4706 τὴν
655 4638 996 4706 προπέτειαν,
1021 4643 1114 4696 καὶ
1145 4644 1378 4714 ἀκρίτως
1420 4649 1582 4719 ἐπαγ-

261 4742 322 4787 ac;
365 4725 517 4792 τόδε,
556 4726 760 4796 βέλτιον
800 4728 866 4781 ἂν
897 4732 1092 4803 ποιήσῃ
1127 4733 1237 4802 (15)
1286 4738 1580 4808 μεταθέμε-
1613 4805 1626 4809 _

261 4813 376 4866 τόδε
423 4815 638 4884 πρᾶξαι
673 4816 1028 4889 εὐλογώτερον
1066 4822 1172 4874 ἀπὸ
1201 4821 1295 4874 τοῦ
1322 4826 1576 4894 ἐμμένειν

261 4920 289 4966 ς
344 4903 624 4974 κριθέντι.
675 4907 1082 4979 Ἐπιστήσαντες
1111 4910 1168 4963 δὲ
1202 4911 1280 4980 τῷ
1335 4931 1415 4978 τε,
1451 4935 1470 4967 ι
1511 4921 1576 4972 ὐ

261 5021 288 5058 ι,
323 4988 537 5048 σὺόὐκ
557 4992 704 5059 οἶδας
732 4998 875 5068 ἄρτι·
901 4997 1079 5068 γνώσῃ
1095 5000 1154 5052 δὲ
1173 5000 1308 5068 μετὰ
1338 5003 1530 5065 ταῦτα.
1550 5026 1570 5059 ι

261 5099 270 5132 l
331 5081 472 5134 Ἐὰν
504 5082 582 5152 μὴ
634 5083 767 5152 νίψω
813 5101 893 5149 σε,
933 5085 1032 5137 οὐκ
1075 5085 1218 5155 ἔχεις
1256 5087 1415 5158 μέρος
1460 5095 1576 5161 μετ’

269 5171 287 5224 ί
329 5171 414 5244 μὴ
453 5171 767 5243 βουλόμενοι
798 5174 971 5239 τοῦτο,
993 5175 1084 5228 καὶ
1115 5174 1184 5226 τὰ
1207 5175 1374 5249 τούτῳ
1397 5197 1575 5254 παρα-

1693 3161 1898 3222 partem
1924 3150 2142 3220 (alioqui
2167 3151 2448 3204 habiturus
2477 3152 2785 3222 mentiens),
2813 3168 2877 3207 eo
2901 3155 3041 3222 quod
3073 3163 3234 3209 teme-

1695 3243 1838 3296 rarie
1861 3241 2192 3309 praeveniens
2220 3239 2432 3294 locutus
2478 3239 2703 3304 fuisset,
2736 3243 2866 3310 quid
2898 3243 3038 3296 aliud
3069 3259 3232 3313 agere

1690 3343 1828 3396 opus
1860 3337 1978 3382 erat
2009 3327 2113 3380 nisi
2143 3327 2482 3382 mentiri?ne
2509 3331 2627 3395 hoc,
2659 3334 2798 3398 quod
2829 3347 3013 3385 verum
3043 3332 3230 3388 Petrus

1689 3419 1910 3482 diceret,
1963 3418 2340 3486 impedimento
2369 3418 2471 3486 ipsi
2520 3419 2679 3473 Petro
2721 3429 2883 3484 esset,
2935 3423 3223 3489 quominus

1690 3506 1909 3562 haberet
1933 3516 2138 3576 partem
2160 3522 2282 3561 cum
2303 3506 2450 3574 Jesu,
2492 3508 2585 3577 qui
2610 3511 2849 3564 ostendit
2897 3510 3044 3564 illum
3077 3528 3228 3565 men-

1689 3594 1874 3648 dacem
1922 3597 2151 3650 lavando
2190 3597 2352 3663 pedes
2394 3597 2549 3666 ejus;
2601 3599 2857 3665 scriptum
2909 3611 2990 3654 est
3035 3601 3225 3656 enim:

1691 3701 1712 3734 ι
1737 3684 1924 3738 Omnis
1956 3686 2117 3739 homo
2147 3687 2372 3739 mendax
2400 3686 2468 3740 ⁸⁷.
2495 3705 2514 3738 ι
2551 3687 2862 3755 Opportune
2887 3697 3069 3743 autem
3108 3700 3225 3746 ute-

1687 3787 1806 3827 mur
1828 3775 1926 3828 boc
1955 3775 2098 3828 dicto
2121 3773 2186 3827 ad
2211 3788 2304 3828 eos
2333 3775 2423 3842 qui
2464 3775 2721 3830 audacius
2761 3791 2825 3831 ac
2871 3778 2987 3832 sine
3017 3779 3224 3834 delectu

1686 3863 1738 3917 id
1763 3877 1820 3917 se
1855 3863 2090 3918 facturos
2120 3864 2304 3918 dicunt
2344 3863 2487 3933 quod
2519 3864 2737 3918 minime
2789 3865 2894 3920 illis
2940 3867 3222 3934 conducat,

1685 3953 1979 4021 praesertim
2006 3954 2052 4008 si
2090 3954 2350 4008 desistere
2371 3953 2545 4008 nolint
2566 3952 2635 4006 ab
2675 3967 2740 4008 eo
2770 3955 2912 4023 quod
2941 3955 3078 4009 male
3105 3971 3226 4024 pro-

1684 4042 1966 4096 miserint:
1995 4043 2344 4096 ostendentes
2407 4042 2550 4096 enim
2592 4041 2696 4098 illis
2743 4043 2868 4112 quia
2925 4043 3226 4099 nullatenus

1683 4129 1918 4184 habituri
1943 4130 2052 4184 sint
2071 4139 2279 4198 partem
2299 4145 2418 4183 cum
2439 4128 2587 4195 Jesu,
2611 4131 2654 4183 si
2679 4145 2863 4185 vocem
2885 4133 3223 4185 temerariam

1682 4217 1734 4271 in
1769 4219 2128 4286 promittendo
2152 4220 2502 4284 servaverint,
2529 4220 2767 4274 futurum
2790 4233 2916 4275 vero
2946 4229 3004 4274 ut
3029 4221 3222 4276 bonam

1614 4340 1658 4394 Β
1685 4321 1834 4375 spem
1870 4309 2067 4364 habere
2091 4309 2333 4379 possint,
2358 4311 2402 4364 si
2439 4311 2579 4378 quod
2612 4312 2762 4378 prius
2791 4311 3043 4366 dixerant
3073 4327 3224 4380 spre-

1683 4397 1880 4461 veriut,
1943 4399 2268 4453 abducamus
2319 4411 2414 4453 eos
2443 4415 2470 4452 a
2509 4399 2843 4468 persistendo
2886 4401 2941 4454 in
2981 4401 3064 4455 bis
3106 4415 3223 4470 quae

1684 4487 1824 4542 male
1861 4487 2231 4556 iudicassent,
2296 4489 2510 4544 etiamsi
2569 4489 2859 4558 aliquando
2907 4504 3027 4544 cum
3075 4490 3224 4559 jura-

1683 4581 1861 4627 meuto
1891 4573 1992 4627 tale
2021 4575 2112 4628 ﬂat
2134 4585 2351 4644 propter
2380 4579 2602 4629 multam
2645 4577 3001 4630 temeritatem
3036 4593 3050 4629 :
3083 4577 3224 4632 dice-

1681 4676 1926 4728 musque,
1991 4665 2434 4730 quemadmodum
2493 4666 2806 4733 prohibetur
2858 4664 3070 4731 Petrus,
3131 4667 3222 4733 qui

1677 4751 1829 4816 dixit,
1893 4750 2034 4806 «Non
2059 4753 2263 4809 lavabis
2284 4755 2411 4808 mihi
2439 4755 2600 4822 pedes
2628 4754 2682 4806 in
2714 4762 2994 4817 reternum,
3028 4773 3047 4807 ι
3101 4769 3224 4821 per-

1679 4835 1870 4890 sistere
1900 4838 1953 4890 iu
1981 4851 2046 4892 eo
2078 4839 2219 4906 quod
2250 4840 2499 4904 dixerat,
2534 4846 2594 4892 ut
2639 4838 2836 4890 habeat
2861 4849 3068 4905 partem
3097 4854 3225 4892 cum

1677 4923 1840 4992 Jesu;
1899 4925 1978 4981 sic
2031 4937 2086 4981 tu
2135 4928 2228 4996 qui
2282 4928 2521 4997 peccasti
2565 4935 2788 4995 propter
2837 4927 3223 4991 temeritatem,

1680 5025 1841 5085 atque
1861 5018 2022 5071 etiam
2050 5019 2348 5087 promisisti
2380 5019 2528 5073 nullo
2561 5017 2799 5076 delectu,
2827 5015 3022 5068 melius
3051 5015 3224 5070 factu-

1679 5119 1772 5158 rus
1802 5105 1896 5170 sis,
1931 5105 1976 5159 si
2011 5105 2273 5162 desistens
2325 5120 2356 5160 a
2411 5102 2782 5176 permaneudo
2831 5101 2889 5154 in
2939 5100 3046 5156 hoc
3087 5105 3234 5170 quod

1681 5190 1817 5245 male
1851 5191 2124 5260 iudicasti,
2159 5195 2230 5250 ad
2275 5195 2380 5251 hoc
2423 5193 2695 5264 agendum
2741 5187 2888 5254 quod
2937 5189 3108 5254 magis
3150 5199 3236 5244 est

261 5261 608 5332 οοπολογεῖν,
640 5263 967 5327 αἰδεσθέντες
999 5262 1479 5332 παραδεξάσθωσαν
1512 5273 1572 5326 τὸ
1676 5293 1769 5333 con

1728 5288 2091 5352 insentaneum
2139 5293 2404 5340 transeas.
2451 5261 2551 5350 Qui
2623 5283 2818 5330 autem
2871 5273 2976 5326 hoc
3035 5275 3236 5329 dictum

261 5372 456 5424 .cxy,
501 5356 590 5413 Η.

261 5475 383 5528 »ἀοι
436 5472 647 5553 {legitis
670 5511 684 5532 ,
703 5540 712 5549 .
730 5471 914 5553 male,_
927 5465 1566 5553 έπὶ-τύἔῌπροτέστερον
1594 5476 1686 5528 καὶ
1712 5477 1769 5553 iis

1425 5487 1566 5539 τερον
1594 5476 1686 5528 καὶ
1712 5477 1941 5553 ᾁκρςτως
1973 5481 2233 5542 εἰπόντων
2266 5484 2505 5553 ποίησον,
2552 5477 2785 5553 ὦσῖτερν
2823 5482 2933 5553 θίὲο

261 5559 332 5598 :m
359 5533 556 5600 codei
581 5538 800 5608 Regius,
836 5534 994 5601 male,
1028 5533 1266 5600 ποιῆσαι.
1296 5533 1596 5608 Utrumque
1629 5545 1765 5600 male

1522 5555 1596 5605 lue
1629 5545 1765 5600 male
1788 5533 1800 5598 Ξ
1826 5533 1961 5601 forte
1991 5533 2201 5616 rec—tiu;
2214 5533 2505 5625 legendum
2532 5533 2833 5612 ποιήσαις.
2871 5538 3030 5594 lion.
