3820 6220
1080 277 1425 336 COMMENT.
1464 276 1530 331 1N
1569 276 1758 332 JOAN.
1798 275 2028 330 TOMUS
2064 276 2269 330 XXXII.
3156 277 3260 331 766

247 399 510 470 ιὸαλλόμενα
545 402 612 454 ὲκ
645 398 952 468 περιουσίας
978 401 1087 460 τοῖς
1112 396 1461 466 άδροδιαίτοις
1487 411 1638 463 περι-
1665 401 1709 455 Α
1738 408 1755 446 ι

1748 393 1873 456 riis,
1917 394 2031 446 sine
2075 393 2267 460 quibus
2295 390 2489 457 aliquis
2530 387 2709 443 vivere
2751 402 2856 442 non
2889 396 3105 455 potest;
3132 393 3256 444 utsi

247 509 351 555 εται,
376 491 458 559 οὐχ
485 491 555 553 ὡς
588 491 837 560 χρειώδη,
862 490 954 542 καὶ
980 482 1053 542 ὧν
1093 490 1191 540 οὑκ
1221 486 1368 550 ἄνευ,
1402 484 1512 538 ἀλλ’
1564 484 1637 546 ὡς
1736 482 1755 534 ι

1747 481 1974 537 dicamus
2001 481 2053 532 in
2090 481 2249 533 rebus
2264 476 2635 547 corporalibus
2661 476 2924 530 hominem
2951 492 3053 530 non
3090 478 3255 546 pluri-

251 581 357 633 ισσά
371 579 483 649 (l7).
496 578 648 633 οὓτω
665 579 838 631 τοίνυν
856 579 946 630 καὶ
962 578 1051 628 ἐπὶ
1064 576 1167 627 τῶν
1187 573 1461 643 θειοτέρων
1483 572 1637 642 χρεία
1734 572 1759 625 ι]

1750 585 1833 625 ius
1868 583 1999 637 opus
2031 569 2261 630 habere,
2291 567 2383 620 sed
2414 567 2494 620 bis
2523 568 2693 618 solum
2722 579 2841 632 qua:
2870 564 2999 619 dicit
3034 567 3258 634 Aposto-

264 673 378 740 ἡμῖν
389 668 480 721 τῶν
505 670 820 736 εἰσαγόντων
840 668 917 729 εἰς
937 666 1094 735 ζωὴν,
1128 664 1219 717 καὶ
1246 662 1530 715 ποιούντων
1557 657 1634 713 εἴ·
1731 658 1772 712 lt

1745 660 1814 712 lus
1840 658 1928 711 ’δι
1966 656 2259 710 «Habentes
2293 664 2467 709 autem
2501 657 2699 719 cibum,
2746 665 2800 709 et
2843 654 3253 722 operimentum,

253 762 306 811 ὲν
333 757 400 827 τῷ
423 758 634 824 λέγοντι’
688 776 706 809 ι
734 755 871 823 Ἐγώ
900 758 1010 822 εἰμι
1037 757 1068 823 ἡ
1096 753 1225 822 ζωή’
1264 771 1282 803 ι
1310 751 1376 803 τὰ
1411 752 1467 803 δὲ
1497 750 1634 819 ὑπὲρ
1732 747 1761 800 h

1750 746 1816 800 iis
1840 745 2072 800 contenti
2096 758 2299 807 sumus;
2321 762 2340 794 ι
2368 758 2483 810 qua:
2518 757 2642 796 vero
2674 743 2739 795 ad
2775 742 2989 795 divitias
3033 751 3086 793 et
3126 741 3258 794 deli~

247 863 317 908 τα,
344 846 452 916 περὶ
474 838 541 897 ὧν
555 844 786 911 λέγεται,
815 860 833 893 ι
857 841 1271 912 Κατατρύφησον
1294 839 1385 891 τοῦ
1410 839 1630 907 Κυρίου,
1731 852 1755 889 c

1749 836 1838 889 :ias
1873 836 2152 889 conferunt
2179 872 2194 897 ,
2219 847 2285 887 ex
2317 833 2604 885 abundanti
2646 832 2897 885 incilibus
2924 841 2978 884 et
3013 830 3257 884 delicatis

262 934 405 986 δώσει
434 949 507 985 σοι
532 932 600 985 τά
631 934 902 1001 αἰτήματα
930 931 1027 999 τῆς
1072 930 1292 997 καρδίας
1331 944 1444 989 σου,
1466 944 1484 978 ι
1536 926 1630 978 καὶ⁸
1724 940 1770 978 st

1747 938 2026 992 superesse,
2059 939 2160 977 non
2199 931 2451 990 tanquam
2484 924 2808 991 necessaria,
2836 932 2889 974 et
2921 921 3037 974 sine
3065 920 3255 988 quibus

263 1025 440 1075 νοεῖται
475 1023 610 1075 κατὰ
647 1022 735 1075 τὸν
786 1021 1099 1090 παράδεισον
1148 1019 1241 1087 τῆς
1286 1017 1510 1087 τρυφῆς,
1537 1016 1630 1069 καὶ
1728 1029 1771 1066 n4

1747 1028 1830 1067 non
1882 1013 2086 1081 possint
2141 1012 2342 1077 vivere,
2389 1012 2481 1063 sed
2527 1017 2777 1076 tauquam
2825 1008 3108 1079 superﬂua.
3165 1009 3255 1062 Sir.

251 1108 474 1172 πλοῦτον,
530 1109 624 1161 καὶ
663 1108 758 1177 τὴν
805 1108 984 1171 δόξαν,
1027 1107 1093 1159 τά
1133 1106 1188 1157 ὲν
1233 1105 1489 1173 ἀριστερᾷ
1532 1103 1629 1172 τῆς
1724 1102 1759 1170 ἱι

1747 1102 1884 1170 gitur
1923 1111 1976 1155 et
2008 1101 2059 1154 in
2111 1099 2463 1154 divinioribus
2489 1112 2621 1164 opus
2646 1098 2854 1166 quidem
2890 1097 3040 1150 nobis
3066 1106 3147 1150 est
3174 1097 3255 1150 his

247 1216 324 1260 ας,
365 1197 491 1250 κατὰ
525 1198 612 1251 τὸν
656 1198 899 1258 εἰπόντα,
953 1196 1177 1264 ιΜῆκος
1209 1192 1315 1263 γὰρ
1358 1192 1492 1261 βίου,
1538 1191 1629 1243 καὶ
1724 1204 1755 1257 q

1747 1204 1840 1257 |uze
1863 1188 2204 1242 introducunt
2230 1187 2295 1240 ad
2328 1186 2522 1248 vitam,
2553 1185 2740 1252 hisque
2760 1200 2876 1252 quae
2899 1184 3098 1238 faciunt
3121 1187 3172 1238 in
3190 1199 3255 1250 eo

247 1288 377 1356 ξωῆς
405 1288 458 1338 ὲν
490 1290 548 1356 τῇ
582 1284 727 1356 δεξιᾷ
757 1284 950 1355 αύτῆςο
982 1285 1039 1336 ὲν
1066 1284 1121 1335 δὲ
1150 1286 1212 1352 τῇ
1248 1283 1503 1352 ἀριστερᾷ
1531 1281 1627 1332 αὑ·
1720 1293 1755 1343 νη

1746 1293 1820 1332 nos
1840 1292 1955 1332 esse
1977 1279 2064 1345 qui
2093 1276 2249 1330 dicit:
2278 1273 2419 1343 «Ego
2445 1288 2561 1326 sum
2588 1274 2691 1325 vita
2708 1274 2754 1304 "
2774 1290 2822 1338 ;ι
2844 1289 2961 1341 qua:
2986 1291 3112 1329 vero
3129 1282 3254 1329 sunt

1721 1378 1880 1432 supra
1903 1365 2015 1416 base
2035 1365 2097 1417 de
2109 1364 2300 1431 quibus
2321 1361 2600 1424 dicitur",
2627 1378 2644 1409 ι
2661 1361 2915 1414 Deliciare
2939 1362 2989 1414 iu
3010 1363 3250 1425 Domino,

247 1462 327 1514 ἰαὶ
351 1463 545 1530 μήποτε
573 1461 804 1513 τοιοῦτόν
832 1463 945 1512 ἐστι
976 1459 1034 1511 τὸ
1078 1458 1210 1527 μετά
1254 1458 1314 1509 τὸ
1339 1457 1622 1511 λούσασθαι
1719 1451 1755 1521 ἀ

1743 1450 1879 1521 ίιθ
1907 1462 1961 1506 et
1990 1452 2137 1505 dabit
2164 1452 2254 1504 tibi
2288 1449 2569 1518 petitiones
2608 1449 2784 1503 cordis
2820 1449 2914 1512 tui,
2963 1467 2982 1499 ι
3025 1459 3079 1503 et
3107 1465 3251 1517 quae-

247 1551 355 1602 σθαι
383 1552 500 1612 τοὺς
526 1550 687 1612 πόδας
720 1551 822 1601 ὑπὸ
846 1548 936 1601 τοῦ
969 1547 1273 1616 τηλικούτου
1306 1545 1615 1608 διδασκάλου
1719 1556 1748 1595 c

1739 1555 1929 1608 :uuque
1943 1541 2342 1593 considerantur
2361 1546 2574 1607 propter
2591 1538 2895 1604 paradisum
2916 1537 3101 1591 delicia
3112 1553 3168 1589 ru
3178 1553 3247 1599 ιιι,

247 1641 490 1709 ιῖωτῆρος⁶
522 1639 581 1690 τὸ
619 1638 726 1707 γὰρ
756 1637 995 1707 χάρισμα
1031 1636 1123 1688 τοῦ
1161 1633 1291 1686 Θεοῦ
1332 1633 1620 1703 ὑπερπαίει
1653 1698 1689 1709 __
1719 1642 1755 1683 e

1743 1639 1771 1681 ει
1794 1636 2007 1696 propter
2055 1627 2285 1690 divitias,
2334 1635 2389 1680 et
2436 1634 2653 1693 propter
2697 1624 2940 1692 gloriam,
2977 1643 3095 1694 quae
3125 1637 3251 1683 sunt

247 1698 424 1798 μίαν,
444 1698 844 1794 ιῖισπερηκαὶητδ
876 1698 1011 1777 εἶναι
1043 1726 1099 1774 ὲν
1122 1723 1249 1794 δόξῃ
1277 1698 1451 1792 ἡλίου,
1468 1722 1501 1790 ἢ
1533 1739 1621 1773 σε-
1649 1698 1692 1752 Β
1720 1716 1755 1768 it

1742 1731 1772 1767 ιι
1804 1715 2019 1783 sinistra
2045 1714 2338 1780 sapientiae,
2367 1714 2523 1779 juxta
2559 1713 2828 1767 dicentem
2854 1715 2899 1745 ⁸⁷
2935 1731 2951 1768 :
3001 1732 3021 1765 ι
3051 1715 3250 1784 Longi-

247 1373 434 1437 πλοῦτος
453 1376 538 1427 καὶ
551 1374 702 1436 δόξα,
724 1392 742 1424 ι
769 1373 905 1441 ὑπὲρ
931 1373 1025 1441 τὴν
1052 1373 1232 1440 χρείαν
1262 1366 1394 1422 εἶναι
1415 1369 1622 1439 λεχθείη

247 1833 281 1877 ς,
319 1815 350 1884 ἢ
380 1814 612 1884 ἀστέρων
634 1814 689 1864 έν
711 1815 775 1880 τῇ
810 1812 923 1880 ἱερᾷ
949 1811 1055 1862 τῶν
1086 1811 1286 1878 νεκρῶν
1313 1808 1614 1862 ἀναστάσει.

247 1904 341 1972 ἔχει
374 1903 466 1971 μὲν
495 1894 677 1970 χρείαν
704 1902 732 1953 ό
760 1899 1013 1968 καθαρὸς,
1048 1899 1140 1950 καὶ
1170 1898 1509 1965 λουσάμενος,
1541 1897 1618 1947 νί-

247 2005 291 2040 at
309 2005 321 2017 ·
350 1987 583 2039 νίπτεται
610 1986 666 2037 δὲ
696 1984 833 2037 κατὰ
859 1984 920 2035 τὸ
946 1983 1427 2054 προαποδεδομένον
1449 1999 1461 2011 ·
1499 1981 1618 2034 ἐπεὶ

247 2077 408 2144 ἔχοντι
433 2075 586 2127 παντὶ⁹
610 2072 1049 2143 προστεθήσεται·
1077 2090 1095 2122 ι
1122 2072 1212 2124 καὶ
1234 2072 1307 2133 ὡς
1328 2073 1355 2123 6
1377 2070 1617 2139 Ἰωάννης

289 2183 306 2215 ι
328 2165 434 2215 Καὶ
454 2165 481 2214 6
510 2161 741 2231 καθαρὸς
777 2159 1148 2229 καθαρισθήτω
1178 2159 1274 2222 ἔτι,
1297 2161 1389 2211 καὶ
1418 2161 1446 2210 6
1468 2158 1616 2226 ἅγιος

252 2252 413 2320 θήτω.
439 2270 458 2301 ι
491 2250 561 2302 Τὸ
588 2250 665 2314 δὲ,
705 2268 723 2300 ι
761 2251 944 2319 Ὑμεῖς
966 2248 1188 2317 καθαροί
1209 2249 1382 2307 ἐστε.»
1417 2246 1615 2313 ἀναφέ-

285 2340 373 2391 ὲπὶ
425 2339 547 2400 τοὺς
593 2338 798 2401 ἕνδεκα,
846 2331 890 2404 ᾧ
937 2336 1245 2404 ἐπιφέρεται
1293 2335 1384 2397 τὸ,
1448 2335 1615 2403 ιΟὑχὶ

250 2442 297 2487 ς,
324 2444 342 2475 ι
386 2424 471 2476 διὰ
502 2424 590 2475 τὸν
638 2419 1010 2490 Ἰσκαριώτηψ
1045 2419 1156 2488 ᾔδει
1184 2419 1290 2488 γὰρ
1318 2422 1406 2472 τὸν
1435 2436 1611 2490 παρα-

247 2533 280 2567 α
336 2514 493 2566 αὑτὸν
531 2514 629 2583 ἤδη
666 2513 792 2565 ὄντα
838 2513 898 2564 οὑ
950 2512 1209 2581 καθαρόν·
1257 2511 1465 2581 πρῶτον
1517 2512 1614 2580 μὲν

247 2606 341 2674 εερὶ
385 2604 491 2656 τῶν
536 2602 763 2671 πτωχῶν
807 2603 904 2654 οὑκ
951 2601 1136 2670 ἔμελεν
1168 2601 1336 2670 αὐτῷ,
1370 2601 1481 2653 ἀλλ’
1531 2602 1611 2653 ὅτι

247 2710 306 2762 ης
331 2689 419 2762 ἦν,
452 2694 544 2744 καὶ
570 2692 629 2744 τὸ
652 2691 1025 2760 γλωσσόκομον
1054 2690 1188 2760 ἔχων
1219 2689 1284 2741 τά
1317 2689 1611 2758 βαλλόμενα

247 2782 390 2844 ιζεν⁸
424 2781 644 2850 ὕστερον
674 2781 731 2833 δὲ
769 2782 908 2846 ἐπεὶ,
938 2779 1147 2832 δείπνου
1192 2779 1488 2847 γινομένου,
1518 2779 1609 2830 τοῦ

247 2889 308 2922 ου
340 2871 439 2941 ῆδη
474 2870 792 2939 βεϐληκότος
838 2871 917 2932 εἰς
958 2870 1055 2938 τὴν
1086 2868 1327 2938 καρδίαν,
1375 2867 1459 2919 ἵνα
1502 2884 1606 2918 πα-

1720 1803 1843 1855 tudo
1875 1804 2014 1856 enim
2041 1804 2181 1866 vitm,
2213 1814 2265 1856 et
2290 1807 2418 1858 anni
2451 1804 2570 1856 vitae
2603 1802 2655 1855 in
2686 1803 2907 1856 dextera
2932 1803 3088 1871 ejus;
3120 1815 3171 1858 et
3194 1808 3247 1859 iu

1716 1888 1927 1940 sinistra
1961 1888 2075 1957 ejus
2105 1891 2302 1943 divitiae
2335 1899 2386 1943 et
2413 1890 2602 1958 gloria,
2633 1911 2651 1942 ι
2683 1905 2842 1959 supra
2871 1893 3245 1946 necessitatem

1714 1987 1831 2027 esse
1856 1976 2117 2030 dicentur.
2168 1981 2243 2031 Ae
2285 1980 2511 2034 fortasse
2548 1982 2652 2034 tale
2696 1994 2800 2048 est,
2850 1997 2972 2035 eum
3019 1983 3251 2051 alicujus

1715 2062 1802 2129 qui
1851 2062 1989 2115 lotus
2034 2066 2210 2127 fuerit,
2240 2066 2488 2121 lavantur
2522 2069 2684 2133 pedes
2717 2086 2745 2122 a
2781 2070 2872 2123 tali
2906 2070 3158 2139 Magistro
3187 2088 3251 2126 ac

1715 2146 2035 2213 Servatore;
2072 2167 2193 2202 nam
2231 2153 2428 2206 donum
2464 2155 2553 2208 Dei
2584 2156 2802 2210 excellit
2854 2159 3248 2221 necessitatem,

1714 2239 2151 2305 quemadmodqu
2177 2241 2339 2294 etiam
2362 2258 2479 2297 esse
2510 2245 2559 2296 in
2595 2244 2764 2314 gloria
2796 2247 2948 2313 solis,
2974 2251 3054 2302 vel
3086 2250 3247 2314 lunae,

1712 2327 1795 2378 vel
1852 2338 2120 2382 astrorum
2169 2330 2249 2394 ⁸⁸,
2299 2332 2356 2384 iu
2417 2348 2570 2385 saera
2629 2347 2959 2390 mortuorum
3012 2354 3253 2395 resurrev

1712 2415 1922 2479 stione;
1948 2425 2108 2484 atque
2138 2419 2225 2486 qui
2265 2424 2490 2477 mundus
2510 2434 2592 2477 est
2619 2426 2829 2493 quidem
2853 2436 2907 2479 et
2935 2427 3092 2492 lotus,
3116 2442 3249 2496 opus

1711 2518 1814 2556 nou
1874 2505 2032 2559 habet
2085 2518 2140 2560 ut
2189 2509 2414 2575 lavetur,
2467 2515 2558 2566 sed
2601 2514 2806 2566 lavatur
2852 2526 3071 2584 propter
3119 2517 3247 2570 illud

1710 2595 1847 2659 quod
1880 2597 2121 2664 superius
2144 2599 2554 2667 assignavimus,
2578 2604 2832 2659 nimirum
2868 2610 3009 2675 quod
3044 2625 3063 2657 ι
3095 2608 3243 2662 omni

1710 2680 1922 2735 habenti
1967 2684 2199 2751 dabitur,
2239 2698 2294 2741 et
2345 2689 2624 2758 adjicietur
2666 2694 2711 2725 ⁹⁹
2750 2711 2765 2761 ;
2818 2713 2836 2745 ι
2876 2704 2930 2749 et
2964 2708 3023 2749 ut
3072 2696 3247 2765 inquit

1698 2771 1938 2837 Joannes
1976 2793 1991 2830 :
2026 2795 2044 2824 ι
2082 2777 2144 2830 Et
2176 2780 2404 2833 mundus
2455 2783 2737 2836 mundetur
2786 2784 2982 2849 adhuc,
3032 2795 3086 2839 et
3124 2801 3246 2840 san-

1707 2871 1823 2918 ctus
1853 2866 2214 2920 sanctilicetur
2248 2869 2421 2923 adhuc
2445 2873 2485 2927 ¹.
2510 2889 2527 2919 ι
2556 2871 2816 2926 Caeterum
2868 2874 2994 2928 illud
3024 2916 3039 2938 ,
3089 2894 3108 2926 ι
3136 2877 3245 2932 \‘os

247 2958 398 3010 ιὺτὸν
441 2956 636 3018 Ἰούδας
660 2956 896 3025 Σίμωνος
941 2953 1302 3022 Ἰσκαριώτης,
1327 2954 1425 3005 οὑκ
1461 2952 1608 3005 ἀπώ-
1707 2968 1755 3004 m

1734 2955 1887 3006 uuudi
1921 2955 2114 3019 estis',
2158 2974 2178 3006 ι
2223 2958 2454 3012 refertur
2496 2962 2561 3012 ad
2595 2962 2857 3025 undecim,
2894 2963 2978 3015 cui
3021 2965 3242 3031 subjun—

247 3048 285 3099 τὸ
309 3047 656 3116 βεῦλημένον.
685 3046 882 3116 Διόπερ
905 3047 953 3097 οί
982 3046 1078 3114 μὲν
1102 3045 1414 3113 λουσάμενοι
1439 3043 1605 3096 καθα-
1632 3039 1673 3095 C
1704 3042 1754 3107 gi

1728 3042 1845 3107 ;itur
1872 3041 2002 3095 illud
2037 3083 2053 3105 ,
2103 3061 2121 3094 ι
2163 3044 2278 3098 Non
2307 3060 2513 3112 omnes,
2566 3065 2586 3098 ι
2622 3059 2839 3116 propter
2883 3048 3236 3108 lscariotezn:

247 3139 386 3199 ῑεκα,
416 3135 496 3188 ἔτι
526 3134 767 3202 ἐγένοντο
788 3133 1173 3203 καθαρώτεροι,
1188 3132 1463 3202 νιψάμενοι
1485 3135 1608 3195 τοὺς
1712 3146 1755 3183 ιν

1733 3140 1935 3184 ioverat
1983 3133 2122 3186 enim
2169 3148 2310 3198 eum,
2352 3149 2381 3187 a
2426 3151 2530 3202 quo
2587 3140 2918 3202 tradebatur,
2965 3156 3070 3194 non
3125 3156 3241 3196 esse

265 3226 371 3277 ὑπὸ
412 3224 507 3277 τοῦ
552 3224 722 3293 Ἰησοῦ
744 3241 759 3255 ο
789 3225 817 3275 ό
850 3223 906 3276 δὲ
950 3224 1047 3293 ἥδη
1090 3224 1162 3292 μὴ
1209 3221 1437 3291 καθαρὸς
1483 3223 1609 3275 Ἰού-

260 3313 319 3364 '0
355 3311 600 3380 ῥυπαρὸς
623 3330 641 3362 ι
672 3310 802 3381 γὰρ,
855 3311 1004 3379 φησὶ,
1043 3327 1062 3359 ι
1092 3310 1408 3379 ῥυπανθήτω
1446 3309 1525 3361 ἔτι
1558 3309 1604 3379 ι)

269 3400 658 3473 ρυπαρὼτερος
678 3401 768 3453 καὶ
791 3399 1108 3471 ἀκάθαρτος,
1138 3400 1224 3452 ὅτε
1250 3399 1382 3468 μετά
1408 3399 1468 3452 τὸ
1490 3398 1604 3467 φω-

248 3488 455 3559 σῆλθεν
482 3490 513 3540 6
549 3489 805 3550 Σατανᾶς.

1714 3220 1965 3272 mundum
1992 3237 2006 3284 ;
2032 3221 2259 3287 primum
2295 3224 2528 3291 quidem,
2563 3226 2702 3292 quod
2731 3242 2992 3294 pauperes
3032 3230 3105 3283 illi
3138 3247 3241 3285 non

1710 3316 1887 3360 essent
1923 3323 2063 3361 cura:
2089 3308 2129 3371 ⁸,
2154 3307 2238 3361 fur
2269 3326 2389 3364 cum
2435 3324 2600 3378 esset,
2642 3324 2698 3368 et
2739 3318 2878 3383 quod
2913 3320 3240 3387 marsupium

1710 3396 1930 3462 habens,
1958 3412 2072 3464 qum
2098 3397 2522 3457 immittebantur
2553 3405 2787 3459 auferret
2817 3422 2833 3471 ;
2867 3408 3056 3462 deinde
3101 3410 3241 3479 quod

1708 3498 1862 3541 cmua
1897 3486 2035 3538 facta
2075 3502 2193 3540 cum
2239 3487 2347 3556 jam
2394 3490 2637 3548 diabolus
2687 3494 2999 3551 irumisisset
3051 3498 3103 3551 iu
3148 3514 3242 3553 cor

247 3578 393 3631 Iudae
420 3578 659 3631 Simonis
676 3576 939 3631 lscariotte
962 3584 1018 3630 ut
1050 3576 1295 3645 proderet
1314 3574 1514 3638 Jesum,
1535 3589 1636 3628 non
1664 3574 1854 3641 repulit
1876 3573 2148 3629 ferientem
2170 3576 2210 3632 ⁸.
2233 3577 2489 3641 Quocirca
2515 3580 2607 3634 loti
2637 3583 2878 3638 undecim
2912 3587 3072 3639 etiam
3097 3602 3247 3640 mun-

247 3669 376 3723 facti
406 3667 581 3731 fuere,
608 3684 725 3720 cum
749 3667 959 3721 illorum
982 3669 1139 3733 pedes
1165 3667 1376 3720 lavisset
1404 3665 1557 3719 Jesus
1583 3680 1597 3728 ;
1628 3673 1682 3718 et
1706 3662 1869 3718 ludas
1897 3680 1999 3718 non
2033 3667 2259 3721 mundus
2279 3668 2324 3737 (ι
2352 3668 2607 3726 Sordidus
2638 3669 2837 3738 tenim,
2858 3673 3048 3742 inquit,
3085 3691 3105 3725 ι
3124 3691 3241 3728 sor-

247 3763 431 3814 adhuc
452 3761 476 3792 ⁸
508 3778 528 3810 ι
553 3760 596 3829 ),
644 3759 815 3814 factus
848 3767 929 3813 est
963 3759 1224 3812 sordidior
1258 3766 1312 3811 et
1342 3756 1679 3821 immundior,
1728 3758 1939 3825 quando
1972 3767 2091 3825 post
2123 3758 2410 3813 buccellam
2442 3759 2659 3814 intravit
2686 3754 2739 3814 in
2773 3762 2917 3816 illum
2950 3764 3179 3819 Satanas
3195 3765 3238 3816 ⁸.

247 3854 381 3906 Ὅτε
416 3847 515 3905 οὖν
540 3850 683 3920 ἔνιψε
697 3853 820 3915 τοὺς
848 3850 1010 3913 πόδας
1034 3849 1227 3912 αὐτῶν,
1253 3850 1345 3902 καὶ
1355 3848 1508 3927 ἔλασε
1535 3847 1601 3901 τὰ

275 3941 482 4003 αὑτοῦ,
529 3941 622 3993 καὶ¹
669 3940 896 3993 ἀνέπεσε
915 3978 931 4002 ,
984 3939 1140 3993 πάλιν
1191 3935 1337 3991 εἶπεν
1391 3939 1593 4000 αὐτοῖς’

247 4048 339 4084 ετε
385 4031 445 4082 τί
497 4029 767 4097 πεποίηκα
809 4031 969 4098 ὑμϊν;
1028 4028 1255 4081 Φωνεϊτέ
1312 4044 1399 4097 με,
1445 4029 1473 4080 6
1505 4029 1595 4080 Δι-

1771 3848 1824 3900 7.
1869 3867 1888 3899 ι
1919 3847 2202 3917 Postquam
2242 3863 2368 3917 ergo
2396 3849 2521 3903 lavit
2558 3851 2722 3919 pedes
2749 3855 3234 3921 eorum,receptis-

1700 3950 1803 4005 que
1831 3935 2066 3989 vestibus
2093 3935 2206 3990 suis
2236 3938 2426 3990 iterum
2455 3938 2725 4004 accubuit,
2756 3939 2892 3993 dixit
2918 3940 2996 3994 eis
3024 3959 3037 3994 :
3071 3940 3234 3996 Scitis

1698 4025 1822 4093 quid
1860 4023 2080 4079 fecerim
2121 4025 2273 4080 vobis
2297 4026 2320 4078 ?
2346 4023 2449 4080 Vos
2485 4027 2690 4080 vocatis
2728 4041 2814 4081 me
2838 4028 3145 4096 Magistrum
3170 4045 3234 4084 ac

247 4138 316 4182 ις,
351 4119 457 4172 καὶ
484 4118 516 4168 6
540 4117 757 4187 Κύριος,
774 4118 867 4170 καὶ
888 4116 1062 4179 καλῶς
1086 4117 1268 4184 λέγετε
1290 4132 1304 4147 ο
1328 4117 1440 4186 είμὶ
1466 4115 1589 4185 γάρ·
1625 4164 1670 4217 D
1699 4113 1755 4167 Di

1724 4113 1995 4176 )omiuum,
2036 4121 2089 4166 et
2120 4113 2254 4168 bene
2304 4112 2481 4168 dicitis
2525 4128 2540 4176 ;
2590 4129 2710 4168 sum
2762 4115 2959 4168 etenim
2988 4132 3003 4169 :
3029 4115 3073 4168 si
3103 4122 3232 4184 ergo

247 4209 349 4277 ,γὼ
385 4209 553 4276 ἔνιψα
587 4209 737 4277 ὑμῶν
780 4208 902 4270 τοὺς
948 4208 1125 4269 πόδας,
1164 4208 1193 4259 6
1229 4205 1426 4276 Κύριος
1453 4205 1545 4257 καὶ
1567 4206 1596 4258 6
1627 4199 1669 4217 "
1696 4200 1755 4254 la‘

1722 4200 1796 4254 avi
1828 4201 1986 4268 pedes
2018 4208 2225 4256 vestros
2270 4199 2527 4254 Dominus
2567 4208 2621 4254 et
2669 4200 2938 4269 Magister,
2969 4217 3068 4256 vos
3095 4217 3230 4270 quo-

247 4298 387 4362 ιλος,
404 4297 510 4351 καὶ
535 4297 688 4367 ὑμεῖς
712 4297 951 4365 ὀφείλετε
978 4296 1216 4366 ἀλλήλων
1242 4296 1444 4348 νίπτειν
1472 4295 1596 4355 τοὺς

264 4387 597 4456 ὑπόδειγμα
637 4387 740 4457 γὰρ
771 4385 940 4438 ἔδωκα
973 4385 1118 4453 ὑμῖν·
1159 4384 1245 4437 ῐνα
1282 4382 1460 4445 καθὼς
1487 4381 1595 4450 ἐγὼ

275 4477 447 4544 ὑμῖν,
480 4476 577 4527 καὶ
609 4475 760 4545 ὑμεῖς
780 4474 982 4543 ποιῆτε.
1008 4491 1025 4522 ι
1046 4472 1201 4547 Ῑεζίκὺς
1228 4472 1350 4533 τοὺς
1377 4472 1595 4542 νοήσαν-

247 4561 488 4628 ιέγεθος
530 4562 627 4630 τῆς
670 4558 839 4628 Ἰησοῦ
878 4557 1170 4626 δυνάμεως,
1211 4556 1301 4609 καὶ
1343 4557 1596 4617 συνέντας

247 4647 406 4714 ἴηκε,
442 4644 608 4712 νίψας
634 4646 756 4706 τοὺς
784 4644 945 4705 πόδας
972 4642 1077 4694 τῶν
1102 4641 1370 4711 μαθητῶν,
1398 4642 1482 4695 ἴνα
1504 4643 1597 4695 καὶ

247 4737 437 4791 κταῖα.
480 4735 575 4787 καὶ
617 4734 684 4786 τὰ
732 4733 953 4801 τυχόντα
998 4730 1173 4785 αὑτῶν
1225 4731 1433 4802 καθάρῃ
1461 4732 1596 4783 ἀπο-

271 4825 384 4877 καὶ
418 4823 495 4875 τὰ
523 4826 589 4893 τῇ
632 4826 701 4893 γῇ
746 4821 1025 4891 ὁμιλοῦντα
1060 4821 1301 4890 σώματα,
1333 4815 1410 4874 ὧν
1434 4816 1500 4890 ἦν
1528 4819 1595 4872 τὰ

266 4916 480 4967 ἐκεῖνα
513 4912 795 4981 σύμϐολον,
830 4911 1202 4980 θαυμάσαντας
1229 4909 1290 4961 τὸ
1330 4912 1385 4961 ὲν
1425 4911 1489 4977 τῇ
1516 4907 1593 4960 νί-

247 5019 316 5067 ιν,
351 5003 467 5054 οὐκ
513 5000 582 5054 ἂν
614 5000 872 5071 τολμῆσαι
897 5001 988 5052 καὶ
1010 5000 1199 5062 αὐτοὺς
1228 4999 1288 5050 τὸ
1317 4997 1593 5066 τηλικοῦτο

288 5092 673 5164 μικροτέρους
719 5087 852 5143 εἶναι
887 5088 1198 5158 νομίζοντας
1243 5088 1462 5149 ἑαυτοὺς
1500 5086 1592 5140 τοῦ

247 5187 347 5238 im.
380 5199 464 5245 γι,
491 5186 547 5239 8.
625 5183 671 5216 ⁸³
701 5182 846 5235 Joun.
878 5197 952 5246 ιι,
967 5181 1054 5234 25.
1127 5181 1172 5211 "
1199 5178 1337 5232 Psal.
1371 5194 1544 5239 xxxvr,
1576 5180 1627 5233 4.

630 5248 817 5303 'Joan.
851 5245 969 5311 xui,
1019 5248 1100 5301 ιθ.
1173 5247 1193 5277 ³
1217 5246 1369 5300 Joau.
1403 5261 1499 5313 xu,
1535 5250 1586 5301 6.
1659 5245 1851 5301 ‘Joan.
1903 5262 2021 5309 xm,
2047 5246 2100 5300 2.
2174 5248 2195 5279 ⁵
2218 5249 2381 5316 Apoc.
2434 5262 2566 5311 xm,
2599 5248 2684 5301 il.
2759 5246 2955 5302 ‘Joan.
2979 5264 3098 5316 xm,
3126 5253 3219 5304 27.

248 5268 400 5315 xxu,
453 5253 548 5307 Η.

247 5321 281 5372 2
307 5336 437 5390 seq.

247 5416 327 5468 ταὶ
354 5411 451 5470 ὧν
472 5416 599 5470 οὐκ
631 5410 797 5471 ἄνευ,
830 5407 964 5461 ἀλλ’
985 5409 1063 5471 ὡς
1093 5404 1364 5472 περισσά.
1389 5406 1580 5461 Perio-

1692 4303 1798 4359 que
1844 4288 2048 4343 debetis
2101 4289 2326 4343 invicem
2372 4288 2463 4341 alii
2511 4288 2739 4342 aliorum
2794 4288 2976 4344 lavare
3021 4294 3227 4359 pedes:

1692 4376 1986 4445 exemplum
2036 4376 2175 4429 enim
2207 4376 2408 4445 praebui
2451 4378 2625 4441 vobis,
2678 4386 2734 4430 ut
2780 4377 3229 4446 quemadmodum

1692 4479 1792 4534 ego
1816 4465 1916 4518 feci
1951 4465 2124 4529 vobis,
2176 4480 2271 4519 vos
2326 4479 2534 4535 quoque
2571 4466 2782 4521 faciatis
2812 4467 2856 4521 '.
2885 4486 2905 4520 ι
2948 4466 3230 4522 Probabile

1693 4563 1771 4605 est
1808 4568 1898 4606 eos
1926 4554 2013 4621 qui
2046 4554 2475 4608 eonsiderassent
2520 4556 2939 4622 magnitudinem
2979 4556 3230 4623 potentiae

1695 4642 1838 4709 Jesu,
1878 4644 2078 4710 quique
2108 4644 2497 4699 intellexissent
2544 4644 2669 4712 quid
2717 4643 2916 4697 factum
2962 4644 3153 4699 fuisset
3196 4660 3227 4697 a

1693 4735 1837 4795 Jesu,
1868 4736 1956 4803 qui
1986 4735 2184 4788 lavavit
2208 4738 2370 4804 pedes
2398 4736 2803 4801 discipulorum,
2838 4744 2895 4788 ut
2923 4734 3136 4788 ultimas
3159 4748 3223 4789 ac

1697 4826 1832 4879 viles
1860 4826 2092 4892 ipsorum
2129 4836 2329 4893 partes,
2377 4841 2437 4886 ac
2470 4839 2694 4892 corpora
2744 4823 2889 4875 humi
2936 4824 3223 4886 versantia,

1693 4928 1920 4981 quorum
1949 4923 2069 4968 nota
2098 4923 2251 4967 erant
2286 4914 2374 4967 illa
2402 4927 2653 4979 corpora,
2708 4912 3011 4977 ruundaret,
3056 4914 3224 4966 adrui-

1696 5014 1844 5057 ratos
1874 5019 2065 5072 opuse
2113 5004 2379 5056 lavatioue
2428 5002 2764 5070 provenieus,
2815 5002 3224 5070 haudquaquam

1697 5102 1921 5143 ausuros
1947 5088 2113 5142 fuisse
2150 5103 2259 5141 rem
2308 5088 2465 5142 talem
2513 5090 2671 5141 etiam
2725 5089 2870 5155 ipsos
2902 5091 3098 5154 facere,
3146 5101 3223 5144 te-

1698 5181 1742 5213 "
1766 5180 1917 5233 Prov.
1948 5196 2030 5240 ιιι.
2054 5179 2133 5233 16.
2211 5181 2256 5211 ⁸⁸
2279 5181 2297 5233 l
2318 5181 2438 5233 Cor.
2464 5195 2548 5242 xv,
2572 5180 2660 5234 ﬂ.
2722 5182 2764 5212 ⁹⁹
2791 5180 2970 5234 Matth.
2990 5197 3112 5245 xxv,
3130 5183 3219 5239 29.

1684 5406 1891 5477 possint
1923 5405 2256 5477 vivere,_sed
2294 5412 2541 5477 tauquam
2589 5404 2889 5477 superﬂua”;
2924 5423 2942 5455 ι
3009 5407 3219 5477 videtur

255 5465 437 5556 lie-git}
475 5465 700 5556 ξιῤ-(Ιίςθ,
745 5465 867 5555 set
897 5465 1242 5556 quibushou
1297 5477 1410 5556 sine
1461 5475 1583 5532 aliis
1685 5465 1763 5543 ieg

1708 5477 1876 5543 egisse
1897 5474 2004 5556 ’καὶ
2024 5465 2097 5525 ὧν
2125 5470 2249 5524 ἄνευ
2274 5470 2371 5523 οὑκ
2397 5465 2459 5524 ἂν
2478 5465 2719 5525 δύναιντο
2756 5473 2960 5543 διαζῇν,
3001 5473 3112 5527 ἀλλ’
3143 5476 3216 5536 ὡς

257 5566 297 5606 l.
334 5541 467 5613 ἴΑι
528 5547 822 5605 Ferrarius
849 5582 863 5605 ,
914 5541 931 5593 ι
976 5551 1027 5595 et
1074 5541 1189 5595 sine
1250 5541 1433 5611 quibus
1474 5557 1584 5598 non

1690 5540 1934 5615 περισσά.
1966 5540 2218 5596 ΙΙυΕτιυδ.
