3820 6234
301 296 403 350 ’157

1703 283 2019 343 ORIGENIS

3513 254 3628 308 768

301 407 514 462 nuiores
542 420 598 461 se
622 399 738 460 esse
764 399 1158 466 existimantes,
1191 412 1350 468 quam
1380 399 1469 469 qui
1505 410 1717 469 possent
1745 401 1809 455 la-

2115 416 2122 445 ν
2143 398 2264 461 τοὺς
2287 397 2443 458 πόδας
2465 394 2554 448 τοῦ
2578 394 2684 446 ἔσω
2710 391 2812 444 καὶ
2836 391 2904 442 ὲν
2937 378 3221 456 κρυπτῷ
3252 369 3623 469 dilapsis-12?.

303 510 427 549 vare
452 495 608 563 pedes
635 491 914 545 interiores
943 497 998 544 et
1024 488 1220 544 occulti
1246 487 1503 554 hominis,
1533 489 1614 542 vel
1632 503 1811 544 eorum

2116 489 2182 540 τὰ
2212 460 2348 538 dimi
2377 482 2769 551 ἀσπαζομένων
2795 479 2901 532 τοῦ
2933 472 3111 563 Θεοῦ
3137 460 3622 563 δότ-ματαίιξ).

301 585 391 650 qui
441 582 554 634 haec
594 579 982 647 amplectuntur
1035 577 1127 632 Dei
1177 579 1457 646 dogmata,
1506 576 1668 646 520
1715 577 1818 631 nisi

307 670 462 724 Jesus
489 683 582 735 per
617 682 677 721 ea
705 681 821 735 quae
849 667 1087 735 exposita
1115 677 1258 733 sunt,
1294 666 1360 720 ad
1392 667 1491 720 hoc
1512 667 1820 719 adhortatus

299 760 483 812 fuisset
531 773 642 822 eos,
698 757 864 827 ﬁgura
913 760 1176 813 cmnantis
1221 766 1565 824 reassumpta,
1612 757 1822 825 quando

299 849 551 902 docturus
576 857 690 900 erat
718 862 779 902 ea
816 862 932 915 quae
960 848 1211 902 dicuntur
1241 847 1304 900 ad
1335 861 1428 901 eos
1457 845 1544 914 qui
1569 845 1676 914 jam
1710 860 1820 900 cte-

301 941 507 989 narant.
538 933 712 1002 Atque
741 949 946 989 summa
995 935 1209 1003 quidem
1261 928 1592 997 austeritate,
1622 933 1822 986 oratio-

301 1037 471 1093 neque
497 1025 562 1077 ad
587 1023 977 1080 admonendum
1000 1023 1232 1077 maxime
1259 1023 1660 1076 accommodata
1693 1021 1823 1092 (quo

301 1122 648 1182 agnoscerent
686 1114 826 1181 quod
857 1123 1033 1168 actum
1057 1111 1246 1180 fuerat)
1279 1113 1474 1166 dictum
1509 1120 1626 1166 est:
1662 1129 1680 1162 ι
1709 1110 1824 1164 Sci-

299 1199 368 1255 tis
395 1200 522 1268 quid
559 1200 775 1256 fecerint
819 1202 1054 1256 vobis"?
1080 1219 1098 1252 ι
1146 1201 1373 1254 Verbum
1429 1210 1606 1253 autem
1657 1201 1823 1263 scitis,

299 1302 394 1356 per
421 1289 891 1359 interrogationem
941 1289 1216 1355 legendum
1247 1297 1346 1349 est,
1388 1295 1445 1342 ut
1469 1287 1716 1342 ostendat
1749 1288 1825 1342 rei

299 1382 460 1442 gestae
486 1377 937 1444 magnitudinem;
962 1375 1044 1428 vel
1079 1374 1393 1443 imperantis
1425 1375 1600 1440 modo,
1633 1391 1827 1442 cogno-

299 1463 443 1524 scite,
493 1464 558 1516 ad
609 1464 943 1518 excitandum
993 1463 1204 1518 illorum
1248 1465 1676 1534 intelligentiam,
1724 1478 1825 1532 qua

301 1551 450 1604 illum
514 1563 894 1621 cognoscerent
948 1555 1334 1621 perpendentes
1419 1553 1546 1621 quid
1623 1562 1828 1621 gestum

304 1639 509 1693 fuisset.
561 1640 779 1694 Summa
814 1650 992 1695 autem
1029 1642 1259 1710 Magistri
1312 1643 1635 1695 auctoritate
1681 1655 1820 1696 sum-

1919 550 1966 630 εἰ
2001 577 2072 647 μὴ
2097 578 2126 628 ό
2157 575 2355 644 Ἰησοῦς
2377 573 2464 626 διὰ
2484 550 2600 625 τῶν
2621 567 2977 638 ἐκκειμένων
3007 561 3132 615 ἐπὶ
3165 550 3627 647 τοῦτο-αὐτοὺς

1920 642 2303 736 προετρέψατο,
2324 664 2384 716 τὸ
2405 662 2586 731 σχῆμα
2605 659 2700 712 τοῦ
2715 654 3132 716 δειπνοῦντος,
3161 648 3287 736 ὅτε
3306 642 3566 736 διδάιῖκε
3575 659 3629 692 ιν

1920 727 2112 815 αὖτοὺς
2143 727 2338 823 ημελλε
2365 727 2755 820 δειπνήσαντας
2775 746 2847 798 τὰ
2867 742 3225 811 λεγόμενα,
3260 727 3623 823 ἀναλαϐώνζ

1897 820 2407 917 ,δυσωπητ-ικώτατα
2466 839 2562 908 μὲν
2609 837 2742 906 γὰρ,
2789 836 2886 887 καί⁵
2919 833 3025 886 ἐπὶ
3067 827 3199 899 τὴν
3243 825 3494 917 γΪῶσιν
3522 820 3629 872 τοῦ

1921 911 2196 999 γινομένου
2217 925 2734 1000 προτρεπτικώτατα
2758 925 3027 976 λέλεκται
3047 918 3130 972 τό
3148 935 3164 947 ·
3208 935 3231 966 s
3262 911 3631 967 Γινώσκετε

1921 1020 1974 1072 τί
2005 1021 2272 1090 πεποίηκα
2315 1021 2520 1085 ὑμϊν;ι
2555 1017 2694 1086 ὅπερ
2731 1016 2854 1085 ἦτοι
2902 1003 3439 1080 ὲρωτηματικῶς
3480 1003 3631 1054 ἀνα-

1923 1111 2206 1179 γνωστέον,
2253 1111 2316 1163 ἶν’
2347 1110 2650 1178 ὲμφήναιτο
2677 1104 2774 1157 τοῦ
2811 1101 3156 1171 γενομένου
3201 1097 3281 1148 τὸ
3322 1091 3591 1165 μέγεθος
3613 1106 3631 1121 ·

1923 1201 1956 1269 ἢ
1985 1198 2408 1270 προστακτικῶς,
2436 1197 2524 1249 ἵνα
2559 1195 2741 1249 αὐτῶν
2773 1193 3038 1260 διεγείρῃ
3100 1188 3224 1241 τὸν
3259 1185 3414 1240 νοῦν
3445 1185 3538 1246 εἰς
3565 1182 3639 1236 τδ

1924 1289 2010 1342 διὰ
2032 1287 2123 1341 τοῦ
2155 1287 2440 1355 ἐπιστῆσαι
2469 1285 2548 1355 τῷ
2577 1285 2724 1356 ἔργῳ
2753 1283 2948 1336 λαϐεῖν
2983 1278 3196 1334 αὑτοῦ
3224 1277 3349 1346 τὴν
3373 1275 3632 1342 γνῶσιν.

1925 1376 2425 1431 Διδασκαλικώτατα
2449 1376 2505 1427 δὲ
2536 1375 2677 1444 μετὰ
2705 1372 2800 1426 τοῦ
2835 1368 3298 1439 δυσωπητικοῦ
3345 1367 3636 1420 λέλεκται

1924 1466 2017 1518 τό·
2049 1484 2067 1517 ι
2101 1466 2286 1534 Ὑμεῖς
2307 1465 2530 1532 φωνεῖτέ
2561 1481 2650 1533 με,
2671 1461 3108 1524 όΔιδάσκαλος,
3133 1459 3258 1512 καὶ
3298 1461 3334 1510 6
3371 1456 3634 1526 Κύριος,

1927 1554 2020 1607 καὶ
2049 1553 2225 1615 καλῶς
2253 1553 2458 1619 λέγετε,
2492 1553 2609 1621 εἰμί
2645 1551 2775 1620 γάρ·
2804 1553 2855 1603 εἰ
2889 1545 2998 1602 οὖν
3031 1547 3177 1615 ἐγὼ
3235 1540 3431 1610 ἔνιψα
3462 1543 3638 1610 ὑμῶν

1928 1644 2050 1705 τοὺς
2079 1642 2260 1703 πόδας,
2291 1644 2319 1694 6
2358 1639 2579 1710 Κύριος,
2628 1641 2725 1692 καί
2770 1642 2801 1693 6
2823 1637 3239 1698 Διδάσκαλος,
3290 1633 3408 1686 καὶ
3457 1635 3638 1701 ὑμεῖς

305 1739 501 1795 maque
521 1728 686 1781 animi
725 1728 1020 1783 intentione
1052 1703 1402 1797 persuadendi
1444 1729 1582 1794 illos,
1633 1730 1813 1782 dictnn

2127 1747 2161 1781 rs
2183 1729 2420 1798 ἀλλήλων
2441 1703 2649 1782 νίπτειν
2671 1729 2801 1790 τοὺς
2825 1728 3033 1791 πόδας.
3066 1745 3090 1777 a
3132 1727 3209 1778 '0
3239 1725 3363 1794 μὲν
3393 1722 3635 1792 Ἰησοῦς

301 1825 424 1870 est:
462 1835 482 1868 ι
512 1816 619 1871 Vos
648 1821 854 1873 vocatis
885 1833 968 1873 me
993 1819 1298 1888 Magistrum
1337 1835 1398 1874 ac
1447 1821 1746 1886 Dominum,
1779 1828 1833 1873 et

307 1904 441 1959 bene
460 1906 666 1968 dicitis;
705 1921 820 1960 sum
862 1909 1056 1962 etenim
1097 1928 1110 1963 :
1155 1913 1200 1966 si
1233 1929 1359 1984 ergo
1407 1929 1503 1984 ego
1533 1912 1634 1965 lavi
1672 1911 1833 1979 pedes

304 2006 515 2050 vestros
545 1997 794 2066 Magister
843 2006 898 2052 et
937 1999 1217 2068 Dominus,
1270 2015 1324 2060 et
1366 2021 1460 2060 vos
1495 2007 1700 2059 debetis
1741 2004 1831 2057 alii

308 2084 536 2138 aliorum
567 2087 746 2142 lavare
774 2090 934 2158 pedes
957 2093 1000 2144 ⁹.
1032 2108 1051 2142 ι
1085 2091 1239 2146 Lavit
1260 2094 1469 2162 quidem
1495 2093 1649 2148 Jesus
1674 2092 1833 2147 disci-

305 2173 547 2242 pulorum
585 2177 762 2244 pedes,
795 2187 1061 2246 quatenus
1084 2194 1267 2233 eorum
1300 2180 1551 2250 Magister
1590 2197 1605 2245 ;
1652 2181 1838 2248 pedes-

304 2277 410 2332 que
451 2277 757 2333 servorum,
789 2279 1053 2336 quatenus
1098 2269 1352 2324 Dominus
1398 2279 1531 2324 erat.
1583 2270 1836 2323 Doctrina

305 2353 446 2404 enim
475 2365 730 2421 purgatur
761 2356 932 2424 pulvis
972 2360 1062 2426 qui
1101 2372 1168 2412 ex
1221 2369 1360 2412 terra
1393 2358 1656 2427 rebusque
1687 2373 1838 2411 mun-

305 2439 460 2492 danis
483 2453 814 2508 contractus,
865 2461 968 2498 non
1014 2447 1081 2500 ad
1124 2446 1268 2500 aliud
1295 2447 1550 2515 pertingit
1581 2462 1738 2514 quam
1774 2447 1840 2499 ad

307 2535 578 2583 extren'tas
607 2531 926 2599 intimasque
959 2545 1135 2600 partes
1161 2534 1536 2602 discipulorum
1563 2553 1575 2588 :
1604 2534 1843 2587 domina-

311 2615 456 2668 tione
487 2632 614 2670 vero
641 2619 990 2688 principatum
1016 2631 1068 2673 et
1100 2630 1412 2688 potestatem
1444 2623 1710 2686 habentis,
1752 2625 1842 2677 ab-

306 2704 568 2770 jiciuntnr
590 2721 650 2760 ea
681 2724 797 2774 quae
826 2710 984 2777 pedes
1028 2712 1306 2779 inquinant
1334 2728 1518 2767 eorum
1550 2712 1640 2780 qui
1671 2713 1844 2766 adhuc

311 2791 396 2843 vel
429 2791 645 2860 vulgare
679 2809 742 2848 ac
767 2797 1137 2866 qualecunque
1179 2799 1638 2869 inquinamentum
1677 2801 1848 2854 susci-

317 2878 488 2944 piunt,
523 2881 648 2949 quia
682 2883 971 2937 etiamnum
1006 2885 1240 2940 habeant
1268 2888 1515 2957 spiritum
1553 2889 1845 2946 servitutis.

311 2968 421 3024 Nec
455 2970 592 3025 ullus
637 2975 888 3028 cordatus
945 2976 1185 3030 dicturus
1229 2985 1312 3030 est
1345 2976 1547 3042 .lesum,
1588 2989 1847 3048 quatenus

1928 1819 2072 1887 ἔνιψε
2099 1819 2222 1881 τοὺς
2256 1818 2422 1879 πόδας
2443 1817 2553 1870 τῶν
2583 1815 2870 1886 μαθητῶν,
2961 1813 3373 1875 Διδάσκαλος
3406 1811 3636 1871 αὐτῶν,

1929 1909 2164 1971 καὶτοὺς
2187 1908 2347 1970 πόδας
2367 1907 2473 1959 τῶν
2504 1906 2725 1965 δούλων,
2759 1900 2794 1977 ᾖ
2831 1905 3062 1975 Κύριος
3096 1900 3212 1974 ἦν.
3252 1902 3638 1974 Διδασκαλίᾳ

1928 1999 2035 2068 γὰρ
2056 2000 2083 2051 6
2110 1998 2214 2050 ἀπὺ
2238 1997 2340 2064 γῆς
2363 1996 2456 2048 καὶ
2477 1995 2587 2047 τῶν
2615 1994 2909 2064 κοσμικῶν
2939 1994 3369 2065 πραγμάτων
3401 2010 3638 2062 κονιορ-

1928 2088 2038 2151 τὸς,
2073 2085 2284 2154 φθάνων
2319 2085 2418 2137 οὐκ
2446 2085 2538 2136 ὲπί
2563 2083 2693 2138 ἄλλο
2721 2100 2775 2135 τι
2805 2083 2841 2152 ἢ
2873 2084 2977 2136 ἐπὶ
3016 2082 3102 2135 τὰ
3141 2083 3491 2136 τελευταῖα
3534 2083 3637 2135 καὶ

1931 2176 2001 2228 τὰ
2025 2177 2170 2229 κάτω
2195 2174 2302 2228 τῶν
2337 2173 2610 2243 μαθητῶν,
2651 2172 3136 2242 ἀποκαθαίρεται
3158 2189 3176 2202 ·
3214 2172 3382 2225 ἀλλὰ
3430 2173 3539 2226 καὶ⁵
3561 2174 3634 2240 τῇ

1933 2265 2209 2335 κυριότητι
2243 2265 2335 2316 τοῦ
2383 2265 2664 2333 ἄρχοντος,
2719 2263 3191 2326 ὲξουσιάξοντος
3237 2263 3396 2327 τῶν,
3444 2262 3544 2315 διὰ
3570 2263 3634 2316 τὸ

1933 2354 2010 2406 ἔτι
2041 2354 2182 2423 ἔχειν
2219 2354 2280 2405 τὸ
2315 2353 2411 2422 τῆς
2447 2351 2692 2414 δουλείας
2721 2352 2982 2420 πνεῦμα,
3042 2351 3181 2405 κᾶν
3209 2352 3324 2406 τὸν
3375 2354 3634 2422 τυχόντα

1939 2440 2204 2511 μολυσμὸν
2247 2439 2324 2492 ἔτι
2351 2438 2675 2507 δεχομένων,
2713 2437 2786 2489 τὰ
2827 2436 3182 2507 μολύνοντα
3239 2439 3395 2501 τοὺς
3453 2438 3634 2501 πόδας

1937 2530 2310 2582 ἀποϐάλλεται.
2336 2530 2444 2580 Καὶ
2464 2529 2562 2580 οὐκ
2583 2529 2648 2581 ἄν
2668 2544 2755 2589 τις
2791 2527 3118 2598 εὐφρονῶν
3152 2529 3364 2597 λέγοι,
3394 2523 3435 2601 ᾖ
3481 2528 3631 2598 θύρα

1937 2620 2071 2684 ἐστὶ,
2108 2618 2200 2671 τὸν
2245 2616 2530 2687 Ἰησοῦν,ἢ
2647 2616 2883 2686 ποιμὴν,
2928 2615 2968 2686 ἢ
3115 2618 3368 2688 ἰατρὸς,
3401 2618 3632 2670 νίπτειν

1936 2709 2060 2770 τοὺς
2087 2707 2250 2768 πόδας
2274 2707 2380 2758 τῶν
2409 2704 2666 2775 μαθητῶν
2703 2705 2803 2757 καὶ
2848 2704 3108 2758 δούλων.
3161 2704 3336 2775 Ἐγὼ
3367 2706 3420 2760 δ’
3448 2707 3628 2777 ἡγοῦ-

1943 2814 2060 2867 μαι,
2088 2797 2169 2848 ὅτι
2194 2795 2523 2864 ἐπιδέχονται
2547 2793 2658 2863 (l9)
2697 2794 2759 2846 τὸ
2791 2793 3030 2848 δεῖσθαι
3079 2795 3208 2864 τῆς
3246 2796 3378 2849 ἀπὸ
3415 2795 3520 2848 τοῦ
3540 2794 3631 2846 At-

1941 2885 2201 2939 δασκάλου
2226 2883 2418 2952 νίψεως
2445 2884 2493 2935 οἰ
2522 2883 2682 2944 πόδες
2710 2883 2826 2935 τῶν
2862 2884 3196 2953 μαθητῶν,
3228 2887 3378 2939 ὅσον
3399 2885 3630 2939 οὐδέπω

1945 2977 2192 3048 εἰλήφασι
2233 2975 2295 3027 τὸ
2349 2973 2608 3044 ἀρκετὸν,
2657 2972 2774 3026 ἀλλ’
2824 2973 2913 3026 ἔτι
2974 2974 3320 3029 λείπουσιν
3377 2978 3471 3039 εἰς
3527 2977 3627 3028 τόο

309 3059 533 3122 ostium,
559 3062 642 3115 vel
670 3073 933 3130 quatenus
965 3074 1165 3133 pastor,
1199 3067 1279 3120 vel
1307 3075 1570 3134 quatenus
1613 3068 1816 3122 medicu

2119 3065 2246 3118 εετὸν
2276 3064 2353 3133 τῷ
2387 3063 2621 3133 μαθητῇ,
2649 3063 2738 3115 ἵνα
2778 3063 3034 3134 γένηται
3066 3065 3164 3129 ὡς
3203 3069 3238 3120 6
3272 3066 3627 3130 διδάσκαλος

312 3151 420 3206 est,
455 3145 846 3212 discipulorum
881 3161 934 3203 et
963 3166 1242 3206 servorum
1283 3153 1466 3207 lavare
1512 3154 1692 3222 pedes.
1736 3155 1847 3224 Ego

313 3244 441 3285 vero
465 3235 719 3299 arbitror,
755 3238 1004 3304 quoniam
1029 3240 1414 3304 discipulorum
1456 3242 1617 3309 pedes
1664 3259 1847 3298 neces-

315 3322 529 3376 sitatem
555 3324 821 3391 recipiunt
857 3334 915 3379 ut
957 3341 986 3380 a
1030 3327 1285 3395 Magistro
1315 3330 1578 3396 laventur,
1613 3333 1844 3386 nondum

318 3411 628 3480 percepisse
673 3412 812 3478 quod
863 3413 970 3466 illis
1009 3423 1153 3468 esset
1194 3417 1365 3480 satis;
1411 3417 1502 3471 sed
1551 3418 1844 3472 etiamnum

316 3499 502 3568 procul
529 3499 715 3552 abesse
746 3501 812 3552 ab
845 3500 930 3553 illo
963 3502 1105 3555 dicto
1133 3519 1147 3555 :
1183 3519 1204 3553 ι
1238 3504 1442 3558 Suliicit
1473 3507 1763 3575 discipulo,
1799 3509 1844 3561 si

319 3587 392 3641 sit
442 3587 635 3641 similis
673 3590 981 3656 praeceptori
1029 3590 1196 3656 ipsius
1227 3592 1290 3644 ¹⁰.
1330 3610 1349 3642 s
1394 3593 1569 3663 Atque
1613 3596 1698 3650 hic
1727 3609 1848 3664 pro-

320 3673 462 3728 iecto
507 3675 626 3729 linis
655 3687 737 3730 est
765 3677 1007 3746 magistri
1035 3693 1160 3747 erga
1193 3680 1507 3750 discipulum
1556 3683 1847 3752 (quatenus

324 3769 578 3834 magister
606 3769 719 3837 est)
744 3768 921 3824 facere
949 3769 1268 3839 discipulum
1303 3773 1383 3826 sui
1412 3773 1659 3837 similem,
1697 3789 1762 3829 ne
1791 3775 1844 3828 in

323 3863 593 3921 posterum
625 3865 778 3924 egeat
805 3858 1060 3926 magistro
1104 3874 1118 3923 ;
1168 3859 1260 3912 sed
1311 3868 1370 3913 ut
1411 3861 1571 3914 etiam
1624 3861 1737 3928 ipse
1779 3859 1849 3914 sit

323 3943 576 4011 magister
617 3958 721 4011 quo
766 3945 902 4001 alius
945 3955 1118 4016 egeat.
1171 3947 1239 4003 Ut
1279 3949 1420 4002 enim
1483 3950 1608 4004 linis
1656 3949 1845 4004 medici

321 4027 462 4098 (quo
493 4041 651 4096 egent
670 4033 760 4099 qui
788 4033 923 4088 male
945 4034 1160 4100 habent,
1185 4050 1287 4090 non
1311 4037 1401 4105 qui
1428 4037 1586 4090 validi
1617 4049 1741 4091 sunt
1771 4037 1846 4106 ")

321 4126 407 4171 est
440 4132 630 4173 sanare
660 4119 798 4174 male
831 4121 1088 4177 habentes
1115 4124 1181 4178 ab
1204 4125 1518 4191 aegritudine
1548 4140 1664 4188 sua,
1693 4142 1759 4180 ne
1795 4126 1845 4179 in

324 4217 594 4273 posterum
623 4223 780 4275 opera
815 4210 930 4277 ejus
959 4223 1146 4279 egeant
1177 4231 1192 4278 ;
1235 4216 1312 4268 sic
1341 4215 1459 4268 ﬂuis
1492 4216 1728 4284 magistri
1761 4225 1845 4271 est

1945 3155 2127 3208 αὑτοῦ.
2153 3173 2171 3206 s
2206 3155 2316 3207 Καὶ
2357 3153 2514 3205 τοῦτο
2545 3153 2696 3214 τέλος
2728 3153 2853 3205 ἐστὶ
2881 3153 2953 3206 τὸ
2987 3156 3157 3226 πρὸς
3205 3157 3316 3210 τὸν
3362 3157 3629 3227 μαθητὴν

1944 3244 2035 3296 τοῦ
2065 3243 2397 3303 διδασκάλου,
2497 3240 2844 3303 διδάσκαλος,
2880 3243 3153 3312 ποιῆσαι
3192 3247 3306 3299 τὸν
3362 3246 3629 3317 μαθητὴν

1944 3333 2018 3410 ὡς
2043 3331 2248 3393 ἑαυτὸν,
2279 3331 2366 3384 ἵνα
2387 3329 2580 3399 μηκέτι
2605 3329 2796 3398 δέηται
2825 3331 2930 3383 τοῦ
2954 3333 3375 3401 διδασκάλου,
3481 3337 3631 3390 διδά-

1945 3420 2155 3481 σκαλος,
2199 3419 2246 3470 εἰ
2281 3419 2373 3470 καὶ
2404 3417 2574 3480 ἄλλως
2603 3416 2716 3485 (ὶο)
2764 3419 2948 3472 αὐτοῦ
3005 3422 3342 3492 δεήσεται.
3388 3425 3487 3489 Ὠς
3517 3426 3632 3496 γὰρ

1942 3507 2089 3567 τέλος
2115 3505 2206 3557 τοῦ
2234 3503 2436 3574 ἰατροῦ,
2463 3497 2524 3556 οὗ
2551 3502 2818 3573 χρῄζουσι
2854 3506 2964 3575 μὲν
3001 3509 3060 3560 οἱ
3096 3513 3336 3576 κακῶς
3375 3514 3629 3582 ἔχοντες,

1942 3594 2001 3645 οὐ
2035 3592 2218 3663 χρείαν
2251 3593 2307 3644 δὲ
2349 3590 2558 3660 ἔχουσιν
2599 3593 2648 3643 οἱ
2691 3593 2991 3661 ἰσχύοντες
3024 3598 3284 3669 ἰατροῦ,
3312 3601 3384 3654 τὸ
3413 3601 3634 3658 παῦσαι

1941 3683 2066 3745 τοὺς
2090 3683 2271 3745 κακῶς
2300 3681 2518 3751 ἔχοντας
2540 3681 2649 3734 ἀπὸ
2670 3680 2768 3733 τοῦ
2796 3683 3009 3744 κακῶς
3040 3687 3252 3758 ἔχειν,
3284 3693 3391 3746 ἵνα
3421 3693 3633 3764 μηκέτι

1943 3769 2106 3824 αὑτοῦ
2137 3769 2433 3838 χρῄζωσιν·
2465 3766 2608 3820 οὕτω
2636 3768 2796 3832 τέλος
2815 3770 3200 3830 διδασκάλου
3236 3782 3635 3851 περιποιῆσαι

1942 3859 2017 3928 τῷ
2052 3859 2259 3928 μαθητῇ
2284 3857 2350 3908 τὸ
2374 3857 2662 3925 λεγόμενον
2689 3858 2936 3928 ἀρκετὸν
2959 3862 3161 3936 ὲντῷο
3177 3890 3200 3920 ι
3230 3869 3301 3922 Ἀ
3313 3871 3531 3940 ρκετδν
3555 3872 3636 3940 τῷ

1948 3950 2178 4019 μαθητῇ,
2204 3948 2290 4000 ἵνα
2317 3947 2539 4015 γένηται
2560 3946 2637 4008 ὡς
2669 3949 2699 4000 6
2739 3949 3097 4016 διδάσκαλος
3136 3957 3636 4035 αὑτοῦ.›11ερὶδὲ

1940 4036 2034 4091 τοῦ
2066 4037 2310 4106 Σωτῆρος
2341 4035 2489 4097 ὄντος
2516 4036 2727 4105 Κυρίου
2749 4039 2996 4093 αὐτόθεν
3023 4044 3259 4103 πλεῖον
3293 4049 3470 4104 ἐστιν
3503 4052 3638 4105 ἰδεῖν

1943 4127 2092 4197 παρὰ
2111 4126 2232 4188 τοὺς
2261 4125 2448 4187 ἄλλους
2469 4126 2714 4194 κυρίους,
2748 4127 2824 4197 μὴ
2859 4129 3296 4204 βουλομένους
3339 4143 3442 4196 ἵνα
3469 4143 3641 4214 γένη.

1944 4234 2036 4270 ται
2060 4215 2134 4304 tiu;
2164 4218 2192 4267 6
2221 4214 2535 4304 διδάςξκαλρς
2563 4213 2676 4304 (ξι)
2706 4219 2737 4268 ὁ
2766 4218 3062 4292 μαθητὴς,
3103 4227 3183 4296 ἢν
3235 4230 3328 4294 ὡς
3370 4233 3405 4285 ὅ
3437 4213 3642 4304 κύριός

323 4295 580 4360 discipulo
629 4297 907 4363 acquirere
959 4299 1082 4354 illud
1133 4303 1270 4369 quod
1317 4303 1562 4372 ἀρκετόν,
1590 4302 1731 4373 [hoc
1765 4319 1831 4358 es

2134 4320 2190 4365 ος
2214 4303 2397 4357 αὐτοῦ.
2445 4301 2698 4366 Τοιοῦτος
2731 4305 2789 4357 δὲ
2819 4308 2850 4358 6
2883 4309 2992 4379 τῆς
3033 4295 3380 4389 πατρικῆς
3427 4295 3642 4390 the-:06;

325 4382 637 4452 saﬁiciensJ
662 4384 876 4449 dicitur,
906 4393 962 4439 ut
1010 4403 1129 4442 cum
1172 4392 1464 4459 discipulus
1512 4393 1561 4444 id
1607 4393 1852 4447 habuerit

326 4471 467 4538 quod
501 4473 600 4525 sibi
628 4469 840 4537 sullicit,
883 4476 952 4529 sit
996 4477 1185 4534 similis
1231 4483 1540 4550 praeceptori
1570 4484 1753 4551 ipsius.
1781 4484 1851 4537 At

325 4575 455 4614 vero
483 4561 622 4630 quod
649 4568 715 4617 ad
746 4563 1082 4622 Servaloretn
1109 4581 1343 4625 nostrum
1373 4573 1564 4626 attinet
1591 4573 1851 4628 exsisten-

326 4658 431 4702 tem
456 4651 758 4717 Dominum,
791 4667 1010 4710 cernere
1056 4669 1139 4714 est
1183 4674 1304 4715 eum
1349 4676 1412 4714 ex
1448 4676 1506 4717 se
1545 4662 1699 4732 longe
1735 4663 1850 4730 plus

326 4743 588 4798 exsistere
643 4759 802 4812 quam
856 4746 945 4801 alii
993 4747 1216 4814 domini,
1265 4751 1508 4806 nolentes
1565 4751 1850 4818 discipulos

325 4846 445 4886 esse
471 4833 611 4892 sicut
646 4833 927 4904 magistros
970 4850 1094 4890 suos
1118 4874 1134 4900 ,
1165 4837 1248 4891 vel
1279 4852 1462 4892 servos
1507 4839 1646 4892 sicut
1676 4835 1841 4891 domi-

330 4935 447 4975 nos.
497 4921 640 4978 Talis
669 4924 830 4993 igitur
854 4933 936 4978 est
964 4924 1048 4980 ille
1070 4925 1226 4996 421
1259 4927 1397 4981 lilius
1430 4934 1662 4996 paterna:
1700 4925 1849 4978 boni-

329 5011 455 5066 tatis
479 5021 533 5066 et
560 5013 837 5068 charitatis
856 5014 990 5083 ejus.
1015 5014 1274 5071 Dominus
1296 5018 1439 5070 enim
1464 5030 1584 5070 cum
1606 5014 1694 5077 sit,
1723 5027 1850 5080 ope-

330 5105 478 5152 ratus
526 5099 608 5153 est
654 5108 714 5153 ut
764 5100 874 5156 sint
920 5101 1059 5155 servi
1100 5102 1240 5164 sicut
1287 5115 1474 5157 eorum
1537 5101 1790 5156 Dominus
1830 5115 1846 5162 ς

1946 4409 2104 4463 τητος
2133 4391 2224 4483 καὶ
2253 4392 2350 4460 τῆς
2386 4393 2607 4483 ἀγάπης
2637 4394 2807 4448 αὑτοῦ
2841 4398 3000 4461 υἱός·
3045 4403 3307 4478 Κύριος
3363 4413 3492 4483 γὰρ
3538 4415 3641 4476 ὢν,

1948 4480 2281 4571 ἐνειργάζετο
2309 4483 2421 4571 τοῖς
2434 4481 2644 4571 δούλοις
2673 4483 2739 4536 τὸ
2765 4486 3039 4552 γενέσθαι
3067 4492 3164 4556 ὡς
3209 4500 3246 4550 6
3274 4480 3516 4571 Κύριος
3543 4503 3646 4555 αὑ-

1946 4569 2074 4633 τῶν,
2104 4571 2190 4622 ὅτε
2217 4569 2396 4622 οὐκέτι
2419 4569 2599 4634 ἕξουσι
2623 4573 2686 4624 τὸ
2717 4574 2947 4645 πνεῦμα
2984 4579 3100 4648 τῆς
3131 4569 3435 4651 δουλείας
3469 4589 3646 4643 πάλιν

1947 4658 2236 4744 εἰς-φόϐον,
2275 4657 2409 4710 ἀλλὰ
2447 4659 2715 4729 λήψονται
2753 4663 2816 4715 τὸ
2862 4664 3105 4736 πνεῦμα
3142 4672 3272 4744 τῆς
3307 4678 3642 4742 υἱοθεσίας,

1946 4737 2086 4835 ἐν’ᾦᾹ
2103 4744 2414 4835 κράξουσιν·
2456 4764 2475 4797 ι
2506 4748 2702 4815 Ἀϐϐᾶ,
2733 4755 2764 4805 6
2787 4754 3008 4824 Πατήρ.
3026 4774 3047 4804 ι
3075 4737 3253 4829 Πρὶν
3280 4761 3393 4819 οῦν
3419 4737 3642 4835 τείνωνζ

1947 4847 2036 4925 ται
2058 4831 2133 4894 ὡς
2157 4831 2546 4925 όθιδάσκαλος,
2565 4839 2662 4892 καὶ
2685 4843 2714 4894 6
2735 4842 2968 4914 Κύριος,
2998 4843 3251 4904 δέονται
3281 4855 3402 4924 τῆς
3425 4831 3643 4925 νίψεως

1945 4920 2283 5010 τῶν-ποδῶν,
2324 4923 2400 4987 ὡς
2442 4927 2651 4995 ἐνδεεῖς
2682 4933 2796 4987 τῶν
2841 4935 3140 5007 μαθητῶν,
3182 4945 3305 4997 καὶ
3463 4920 3552 5000 ἔτι
3579 4949 3644 5000 τὸ

1947 5008 2160 5099 πνεῦμα
2186 5011 2284 5078 τῆς
2310 5012 2560 5081 δουλείας
2591 5020 2820 5092 ἔχοντες
2867 5029 2949 5091 εἰς
2983 5026 3164 5097 φόῦον
3185 5047 3200 5061 ⁸
3240 5008 3422 5090 ὲατιτὰν⁷
3447 5037 3512 5090 δέ
3553 5054 3640 5099 τις

1949 5098 2122 5154 αὐτῶν
2145 5100 2284 5153 κατὰ
2307 5102 2370 5155 τὸ
2391 5104 2635 5176 ἀρκετὸν
2659 5118 2746 5190 τῷ
2783 5121 3026 5193 μαθητῇ,
3057 5120 3156 5174 ἵνα
3183 5125 3463 5198 γένηται
3495 5128 3580 5194 ὡς

397 5233 418 5261 "
444 5231 596 5288 Joan.
636 5250 755 5300 xm,
793 5235 879 5290 l2.
952 5237 974 5268 ’
1010 5237 1137 5292 ibid.
1169 5238 1250 5304 I3,
1285 5239 1371 5298 14.
1447 5240 1490 5271 ⁸⁸
1513 5235 1857 5304 Mattb.x,25
1929 5238 2174 5293 “Matth.
2197 5255 2274 5305 Ix,
2302 5242 2392 5297 12.

539 5345 715 5421 godex
732 5347 956 5421 βοείας,
976 5351 1272 5421 δογμάτων.

533 5413 708 5489 godex
721 5411 953 5489 Meg-ius,
974 5411 1348 5489 ὲπὲὶδὲχονται.

403 5480 513 5545 (20)
541 5480 684 5554 Mss"
712 5480 883 5554 ἄλλος,
920 5495 972 5538 et
1002 5489 1079 5540 sic
1110 5480 1220 5552 ipse
1248 5482 1554 5554 Ferrarius,
1574 5488 1662 5554 qui
1695 5484 1850 5552 paulo

335 5559 493 5612 supra
547 5547 736 5614 legisse
792 5553 1014 5622 videtur,
1062 5547 1192 5608 ἀλλὰ
1217 5557 1306 5610 καὶ
1342 5552 1557 5630 αὐτὶ)ςῇ
1594 5547 1854 5610 ’διδάσκαο

1952 5355 2059 5416 λος,
2093 5365 2196 5409 etc.

2023 5423 2132 5488 (τι)
2159 5423 2338 5480 Codex
2387 5428 2470 5487 Re

2158 5436 2635 5562 ῗεῗοῖξοὲθδωθν
2700 5455 2733 5509 δ
2773 5452 3089 5516 διδάσκαλος
3109 5487 3125 5515 ’
3173 5444 3267 5512 ὡς
3323 5453 3359 5505 ὁ
3405 5453 3630 5526 Κύμης
