  <div class='ocr_page' id='page_1' title='image "/cluster/home/n/w/nwhite01/storage/ocr_20150623/14 (Origen; pt. 4)/nyp.33433081862280/394.png"; bbox 0 0 3820 6214; ppageno 0'>
   <div class='ocr_carea' id='block_1_1' title="bbox 259 295 380 356">
    <p class='ocr_par' dir='ltr' id='par_1_1' title="bbox 259 295 380 356">
     <span class='ocr_line' id='line_1_1' title="bbox 259 295 380 356; baseline 0.033 -4"><span class='ocrx_word' id='word_1_1' title='bbox 259 295 380 356; x_wconf 66' lang='grc' dir='ltr'><strong>’ὥθ’</strong></span> 
     </span>
    </p>
   </div>
   <div class='ocr_carea' id='block_1_2' title="bbox 1237 308 2433 368">
    <p class='ocr_par' dir='ltr' id='par_1_2' title="bbox 1237 308 2433 368">
     <span class='ocr_line' id='line_1_2' title="bbox 1237 308 2433 368; baseline -0.003 0"><span class='ocrx_word' id='word_1_2' title='bbox 1237 311 1582 368; x_wconf 79' lang='lat' dir='ltr'><strong>COMMENT.</strong></span> <span class='ocrx_word' id='word_1_3' title='bbox 1625 310 1691 364; x_wconf 86' lang='lat' dir='ltr'><strong>IN</strong></span> <span class='ocrx_word' id='word_1_4' title='bbox 1726 309 1914 366; x_wconf 79' lang='lat' dir='ltr'><strong>JOAN.</strong></span> <span class='ocrx_word' id='word_1_5' title='bbox 1953 308 2185 364; x_wconf 76' lang='lat' dir='ltr'><strong>TOMUS</strong></span> <span class='ocrx_word' id='word_1_6' title='bbox 2223 310 2433 366; x_wconf 78' lang='lat' dir='ltr'><strong>XXXII.</strong></span> 
     </span>
    </p>
   </div>
   <div class='ocr_carea' id='block_1_3' title="bbox 3343 312 3444 365">
    <p class='ocr_par' dir='ltr' id='par_1_3' title="bbox 3343 312 3444 365">
     <span class='ocr_line' id='line_1_3' title="bbox 3343 312 3444 365; baseline 0.01 -1"><span class='ocrx_word' id='word_1_7' title='bbox 3343 312 3444 365; x_wconf 81' lang='lat'><strong>770</strong></span> 
     </span>
    </p>
   </div>
   <div class='ocr_carea' id='block_1_4' title="bbox 253 415 1787 497">
    <p class='ocr_par' dir='ltr' id='par_1_4' title="bbox 253 415 1782 497">
     <span class='ocr_line' id='line_1_4' title="bbox 253 415 1782 497; baseline 0.005 -25"><span class='ocrx_word' id='word_1_8' title='bbox 253 415 568 479; x_wconf 62' lang='grc' dir='ltr'>διδάσκαλος</span> <span class='ocrx_word' id='word_1_9' title='bbox 596 418 781 482; x_wconf 81' lang='grc' dir='ltr'>αὐτοῦ,</span> <span class='ocrx_word' id='word_1_10' title='bbox 823 423 915 475; x_wconf 80' lang='grc' dir='ltr'><strong>καὶ</strong></span> <span class='ocrx_word' id='word_1_11' title='bbox 941 425 970 476; x_wconf 99' lang='lat'><strong>6</strong></span> <span class='ocrx_word' id='word_1_12' title='bbox 1007 423 1187 487; x_wconf 84' lang='grc' dir='ltr'>δοῦλος</span> <span class='ocrx_word' id='word_1_13' title='bbox 1229 425 1304 489; x_wconf 84' lang='grc' dir='ltr'><strong>ὡς</strong></span> <span class='ocrx_word' id='word_1_14' title='bbox 1337 429 1365 478; x_wconf 90' lang='lat'><strong>6</strong></span> <span class='ocrx_word' id='word_1_15' title='bbox 1399 428 1582 497; x_wconf 85' lang='grc' dir='ltr'>κύριος</span> <span class='ocrx_word' id='word_1_16' title='bbox 1617 427 1782 482; x_wconf 83' lang='grc' dir='ltr'>αὐτοῦ</span> 
     </span>
    </p>
   </div>
   <div class='ocr_carea' id='block_1_5' title="bbox 1886 415 3438 497">
    <p class='ocr_par' dir='ltr' id='par_1_5' title="bbox 1903 423 3438 494">
     <span class='ocr_line' id='line_1_5' title="bbox 1903 423 3438 494; baseline 0.001 -18"><span class='ocrx_word' id='word_1_17' title='bbox 1903 424 2114 494; x_wconf 82' lang='lat' dir='ltr'><strong>quando</strong></span> <span class='ocrx_word' id='word_1_18' title='bbox 2179 424 2382 478; x_wconf 86' lang='lat' dir='ltr'><strong>scilicet</strong></span> <span class='ocrx_word' id='word_1_19' title='bbox 2433 438 2537 478; x_wconf 89' lang='lat' dir='ltr'><strong>nou</strong></span> <span class='ocrx_word' id='word_1_20' title='bbox 2596 424 2824 494; x_wconf 80' lang='lat' dir='ltr'><strong>amplius</strong></span> <span class='ocrx_word' id='word_1_21' title='bbox 2866 423 3138 479; x_wconf 88' lang='lat' dir='ltr'><strong>habebunt</strong></span> <span class='ocrx_word' id='word_1_22' title='bbox 3189 424 3438 494; x_wconf 86' lang='lat' dir='ltr'><strong>spiritum</strong></span> 
     </span>
    </p>
   </div>
   <div class='ocr_carea' id='block_1_6' title="bbox 254 507 1803 587">
    <p class='ocr_par' dir='ltr' id='par_1_6' title="bbox 254 507 1803 587">
     <span class='ocr_line' id='line_1_6' title="bbox 254 507 1803 587; baseline 0.01 -28"><span class='ocrx_word' id='word_1_23' title='bbox 254 507 479 577; x_wconf 82' lang='grc' dir='ltr'>γένηται</span> <span class='ocrx_word' id='word_1_24' title='bbox 517 509 593 571; x_wconf 83' lang='grc' dir='ltr'><strong>ὡς</strong></span> <span class='ocrx_word' id='word_1_25' title='bbox 623 511 652 562; x_wconf 81' lang='lat'><strong>6</strong></span> <span class='ocrx_word' id='word_1_26' title='bbox 680 511 992 576; x_wconf 83' lang='grc' dir='ltr'>διδάσκαλος</span> <span class='ocrx_word' id='word_1_27' title='bbox 1023 513 1206 579; x_wconf 83' lang='grc' dir='ltr'>αὐτοῦ,</span> <span class='ocrx_word' id='word_1_28' title='bbox 1234 515 1328 569; x_wconf 65' lang='grc' dir='ltr'><strong>καλ¹</strong></span> <span class='ocrx_word' id='word_1_29' title='bbox 1357 517 1384 567; x_wconf 92' lang='lat'><strong>6</strong></span> <span class='ocrx_word' id='word_1_30' title='bbox 1410 517 1593 587; x_wconf 92' lang='grc' dir='ltr'>κύριος</span> <span class='ocrx_word' id='word_1_31' title='bbox 1618 519 1803 582; x_wconf 84' lang='grc' dir='ltr'>αὐτοῦ,</span> 
     </span>
    </p>
   </div>
   <div class='ocr_carea' id='block_1_7' title="bbox 251 597 1806 674">
    <p class='ocr_par' dir='ltr' id='par_1_7' title="bbox 251 597 1806 674">
     <span class='ocr_line' id='line_1_7' title="bbox 251 597 1806 674; baseline 0.009 -25"><span class='ocrx_word' id='word_1_32' title='bbox 251 597 376 650; x_wconf 84' lang='grc' dir='ltr'>τότε</span> <span class='ocrx_word' id='word_1_33' title='bbox 403 600 742 669; x_wconf 86' lang='grc' dir='ltr'>μιμήσασθαι</span> <span class='ocrx_word' id='word_1_34' title='bbox 763 602 980 656; x_wconf 91' lang='grc' dir='ltr'>δύναται</span> <span class='ocrx_word' id='word_1_35' title='bbox 999 605 1088 657; x_wconf 80' lang='grc' dir='ltr'><strong>τὸν</strong></span> <span class='ocrx_word' id='word_1_36' title='bbox 1115 606 1339 674; x_wconf 78' lang='grc' dir='ltr'>νίψαντα</span> <span class='ocrx_word' id='word_1_37' title='bbox 1361 609 1484 670; x_wconf 81' lang='grc' dir='ltr'>τοὺς</span> <span class='ocrx_word' id='word_1_38' title='bbox 1515 609 1678 672; x_wconf 82' lang='grc' dir='ltr'><strong>πόδας</strong></span> <span class='ocrx_word' id='word_1_39' title='bbox 1699 609 1806 663; x_wconf 89' lang='grc' dir='ltr'><strong>τῶν</strong></span> 
     </span>
    </p>
   </div>
   <div class='ocr_carea' id='block_1_8' title="bbox 256 687 1806 768">
    <p class='ocr_par' dir='ltr' id='par_1_8' title="bbox 256 687 1806 768">
     <span class='ocr_line' id='line_1_8' title="bbox 256 687 1806 768; baseline 0.01 -31"><span class='ocrx_word' id='word_1_40' title='bbox 256 687 537 758; x_wconf 80' lang='grc' dir='ltr'><strong>μαθητῶν,</strong></span> <span class='ocrx_word' id='word_1_41' title='bbox 583 691 678 743; x_wconf 80' lang='grc' dir='ltr'>καὶ</span> <span class='ocrx_word' id='word_1_42' title='bbox 723 691 873 760; x_wconf 69' lang='grc' dir='ltr'>νῖψαι</span> <span class='ocrx_word' id='word_1_43' title='bbox 915 696 1038 757; x_wconf 83' lang='grc' dir='ltr'>τοὺς</span> <span class='ocrx_word' id='word_1_44' title='bbox 1086 696 1244 760; x_wconf 83' lang='grc' dir='ltr'>πόδας</span> <span class='ocrx_word' id='word_1_45' title='bbox 1289 697 1395 749; x_wconf 89' lang='grc' dir='ltr'><strong>τῶν</strong></span> <span class='ocrx_word' id='word_1_46' title='bbox 1437 698 1690 768; x_wconf 84' lang='grc' dir='ltr'><strong>μαθητῶν</strong></span> <span class='ocrx_word' id='word_1_47' title='bbox 1731 701 1806 762; x_wconf 85' lang='grc' dir='ltr'>ὡς</span> 
     </span>
    </p>
   </div>
   <div class='ocr_carea' id='block_1_9' title="bbox 250 776 1805 858">
    <p class='ocr_par' dir='ltr' id='par_1_9' title="bbox 250 776 1805 858">
     <span class='ocr_line' id='line_1_9' title="bbox 250 776 1805 858; baseline 0.009 -30"><span class='ocrx_word' id='word_1_48' title='bbox 250 776 281 829; x_wconf 78' lang='lat'><strong>6</strong></span> <span class='ocrx_word' id='word_1_49' title='bbox 313 777 652 844; x_wconf 86' lang='grc' dir='ltr'>διδάσκαλος,</span> <span class='ocrx_word' id='word_1_50' title='bbox 676 781 734 834; x_wconf 82' lang='grc' dir='ltr'><strong>ὃν</strong></span> <span class='ocrx_word' id='word_1_51' title='bbox 758 784 786 834; x_wconf 84' lang='lat'><strong>6</strong></span> <span class='ocrx_word' id='word_1_52' title='bbox 805 783 934 845; x_wconf 80' lang='grc' dir='ltr'>Θεὸς</span> <span class='ocrx_word' id='word_1_53' title='bbox 961 784 1143 847; x_wconf 79' lang='grc' dir='ltr'>ἔταξεν</span> <span class='ocrx_word' id='word_1_54' title='bbox 1169 787 1224 836; x_wconf 83' lang='grc' dir='ltr'>ὲν</span> <span class='ocrx_word' id='word_1_55' title='bbox 1250 790 1314 856; x_wconf 81' lang='grc' dir='ltr'>τῇ</span> <span class='ocrx_word' id='word_1_56' title='bbox 1352 787 1638 858; x_wconf 74' lang='grc' dir='ltr'>Ἐκκλησία</span> <span class='ocrx_word' id='word_1_57' title='bbox 1666 789 1805 857; x_wconf 81' lang='grc' dir='ltr'>μετὰ</span> 
     </span>
    </p>
   </div>
   <div class='ocr_carea' id='block_1_10' title="bbox 246 867 1800 944">
    <p class='ocr_par' dir='ltr' id='par_1_10' title="bbox 246 867 1800 944">
     <span class='ocr_line' id='line_1_10' title="bbox 246 867 1800 944; baseline 0.007 -25"><span class='ocrx_word' id='word_1_58' title='bbox 246 868 375 930; x_wconf 78' lang='grc' dir='ltr'>τοὺς</span> <span class='ocrx_word' id='word_1_59' title='bbox 419 867 644 939; x_wconf 72' lang='grc' dir='ltr'>πρώτην</span> <span class='ocrx_word' id='word_1_60' title='bbox 674 869 852 941; x_wconf 82' lang='grc' dir='ltr'>χώραν</span> <span class='ocrx_word' id='word_1_61' title='bbox 879 873 937 924; x_wconf 85' lang='grc' dir='ltr'>ὲν</span> <span class='ocrx_word' id='word_1_62' title='bbox 967 874 1102 943; x_wconf 74' lang='grc' dir='ltr'>αὐτῇ</span> <span class='ocrx_word' id='word_1_63' title='bbox 1147 875 1421 944; x_wconf 80' lang='grc' dir='ltr'><strong>εἰληχότας</strong></span> <span class='ocrx_word' id='word_1_64' title='bbox 1459 877 1800 942; x_wconf 85' lang='grc' dir='ltr'>ἀποστόλους,</span> 
     </span>
    </p>
   </div>
   <div class='ocr_carea' id='block_1_11' title="bbox 246 956 1800 1035">
    <p class='ocr_par' dir='ltr' id='par_1_11' title="bbox 246 956 1800 1035">
     <span class='ocr_line' id='line_1_11' title="bbox 246 956 1800 1035; baseline 0.005 -25"><span class='ocrx_word' id='word_1_65' title='bbox 246 958 342 1010; x_wconf 79' lang='grc' dir='ltr'><strong>καὶ</strong></span> <span class='ocrx_word' id='word_1_66' title='bbox 376 956 630 1027; x_wconf 80' lang='grc' dir='ltr'>δεύτερον</span> <span class='ocrx_word' id='word_1_67' title='bbox 671 961 968 1030; x_wconf 78' lang='grc' dir='ltr'>προφήτας.</span> <span class='ocrx_word' id='word_1_68' title='bbox 1014 962 1078 1014; x_wconf 81' lang='grc' dir='ltr'><strong>Εἰ</strong></span> <span class='ocrx_word' id='word_1_69' title='bbox 1109 963 1163 1016; x_wconf 85' lang='grc' dir='ltr'>δὲ</span> <span class='ocrx_word' id='word_1_70' title='bbox 1200 963 1290 1027; x_wconf 81' lang='grc' dir='ltr'>τὸ,</span> <span class='ocrx_word' id='word_1_71' title='bbox 1328 982 1345 1014; x_wconf 80' lang='grc' dir='ltr'><strong>ι</strong></span> <span class='ocrx_word' id='word_1_72' title='bbox 1365 964 1452 1034; x_wconf 82' lang='grc' dir='ltr'><strong>Τῷ</strong></span> <span class='ocrx_word' id='word_1_73' title='bbox 1477 965 1686 1035; x_wconf 76' lang='grc' dir='ltr'>ἁδελφῷ</span> <span class='ocrx_word' id='word_1_74' title='bbox 1711 983 1800 1018; x_wconf 87' lang='grc' dir='ltr'><strong>σου</strong></span> 
     </span>
    </p>
   </div>
   <div class='ocr_carea' id='block_1_12' title="bbox 243 1045 1801 1116">
    <p class='ocr_par' dir='ltr' id='par_1_12' title="bbox 243 1045 1801 1116">
     <span class='ocr_line' id='line_1_12' title="bbox 243 1045 1801 1116; baseline 0.008 -19"><span class='ocrx_word' id='word_1_75' title='bbox 243 1045 572 1113; x_wconf 82' lang='grc' dir='ltr'><strong>δουλεύσεις,</strong></span> <span class='ocrx_word' id='word_1_76' title='bbox 601 1067 619 1098; x_wconf 71' lang='grc' dir='ltr'><strong>ι</strong></span> <span class='ocrx_word' id='word_1_77' title='bbox 665 1047 888 1116; x_wconf 80' lang='grc' dir='ltr'><strong>φθάνειν</strong></span> <span class='ocrx_word' id='word_1_78' title='bbox 934 1051 1152 1104; x_wconf 89' lang='grc' dir='ltr'>δύναται</span> <span class='ocrx_word' id='word_1_79' title='bbox 1196 1054 1286 1106; x_wconf 78' lang='grc' dir='ltr'>ἐπὶ</span> <span class='ocrx_word' id='word_1_80' title='bbox 1326 1057 1450 1116; x_wconf 83' lang='grc' dir='ltr'>τοὺς</span> <span class='ocrx_word' id='word_1_81' title='bbox 1493 1056 1801 1108; x_wconf 72' lang='grc' dir='ltr'>ὑποδεεστέα</span> 
     </span>
    </p>
   </div>
   <div class='ocr_carea' id='block_1_13' title="bbox 246 1136 1803 1210">
    <p class='ocr_par' dir='ltr' id='par_1_13' title="bbox 246 1136 1803 1210">
     <span class='ocr_line' id='line_1_13' title="bbox 246 1136 1803 1210; baseline 0.006 -25"><span class='ocrx_word' id='word_1_82' title='bbox 246 1151 396 1204; x_wconf 86' lang='grc' dir='ltr'>ρους,</span> <span class='ocrx_word' id='word_1_83' title='bbox 424 1136 520 1188; x_wconf 81' lang='grc' dir='ltr'><strong>καὶ</strong></span> <span class='ocrx_word' id='word_1_84' title='bbox 563 1137 657 1200; x_wconf 83' lang='grc' dir='ltr'>τὸ,</span> <span class='ocrx_word' id='word_1_85' title='bbox 715 1156 732 1187; x_wconf 81' lang='grc' dir='ltr'><strong>ι</strong></span> <span class='ocrx_word' id='word_1_86' title='bbox 761 1138 913 1190; x_wconf 90' lang='grc' dir='ltr'>Γίνου</span> <span class='ocrx_word' id='word_1_87' title='bbox 943 1139 1126 1209; x_wconf 87' lang='grc' dir='ltr'>κύριος</span> <span class='ocrx_word' id='word_1_88' title='bbox 1155 1141 1248 1193; x_wconf 87' lang='grc' dir='ltr'><strong>τοῦ</strong></span> <span class='ocrx_word' id='word_1_89' title='bbox 1280 1142 1504 1210; x_wconf 82' lang='grc' dir='ltr'>ἀδελφοῦ</span> <span class='ocrx_word' id='word_1_90' title='bbox 1540 1158 1684 1208; x_wconf 79' lang='grc' dir='ltr'>σου,»</span> <span class='ocrx_word' id='word_1_91' title='bbox 1712 1143 1803 1195; x_wconf 74' lang='grc' dir='ltr'><strong>ἐπὶ</strong></span> 
     </span>
    </p>
   </div>
   <div class='ocr_carea' id='block_1_14' title="bbox 242 1225 1802 1302">
    <p class='ocr_par' dir='ltr' id='par_1_14' title="bbox 242 1225 1802 1302">
     <span class='ocr_line' id='line_1_14' title="bbox 242 1225 1802 1302; baseline 0.008 -27"><span class='ocrx_word' id='word_1_92' title='bbox 242 1226 367 1286; x_wconf 88' lang='grc' dir='ltr'>τοὺς</span> <span class='ocrx_word' id='word_1_93' title='bbox 407 1225 487 1287; x_wconf 85' lang='grc' dir='ltr'><strong>ὡς</strong></span> <span class='ocrx_word' id='word_1_94' title='bbox 514 1229 542 1278; x_wconf 89' lang='lat'><strong>6</strong></span> <span class='ocrx_word' id='word_1_95' title='bbox 582 1227 773 1279; x_wconf 77' lang='grc' dir='ltr'>Ἰακὼϐ</span> <span class='ocrx_word' id='word_1_96' title='bbox 805 1229 1133 1298; x_wconf 87' lang='grc' dir='ltr'>κρείττονας,</span> <span class='ocrx_word' id='word_1_97' title='bbox 1159 1231 1330 1300; x_wconf 84' lang='grc' dir='ltr'>δῆλον,</span> <span class='ocrx_word' id='word_1_98' title='bbox 1360 1233 1439 1284; x_wconf 80' lang='grc' dir='ltr'>ὅτι</span> <span class='ocrx_word' id='word_1_99' title='bbox 1467 1232 1750 1302; x_wconf 88' lang='grc' dir='ltr'>γενόμενος</span> <span class='ocrx_word' id='word_1_100' title='bbox 1772 1236 1802 1286; x_wconf 89' lang='lat'><strong>6</strong></span> 
     </span>
    </p>
   </div>
   <div class='ocr_carea' id='block_1_15' title="bbox 239 1314 1801 1387">
    <p class='ocr_par' dir='ltr' id='par_1_15' title="bbox 239 1314 1801 1387">
     <span class='ocr_line' id='line_1_15' title="bbox 239 1314 1801 1387; baseline 0.006 -21"><span class='ocrx_word' id='word_1_101' title='bbox 239 1314 430 1376; x_wconf 87' lang='grc' dir='ltr'>δοῦλος</span> <span class='ocrx_word' id='word_1_102' title='bbox 454 1315 530 1378; x_wconf 84' lang='grc' dir='ltr'><strong>ὡς</strong></span> <span class='ocrx_word' id='word_1_103' title='bbox 557 1318 585 1368; x_wconf 92' lang='lat'><strong>6</strong></span> <span class='ocrx_word' id='word_1_104' title='bbox 615 1317 821 1387; x_wconf 88' lang='grc' dir='ltr'>κύριος,</span> <span class='ocrx_word' id='word_1_105' title='bbox 857 1317 1030 1370; x_wconf 88' lang='grc' dir='ltr'>νίπτει</span> <span class='ocrx_word' id='word_1_106' title='bbox 1052 1320 1176 1382; x_wconf 82' lang='grc' dir='ltr'>τοὺς</span> <span class='ocrx_word' id='word_1_107' title='bbox 1208 1321 1370 1384; x_wconf 85' lang='grc' dir='ltr'><strong>πόδας</strong></span> <span class='ocrx_word' id='word_1_108' title='bbox 1402 1321 1507 1373; x_wconf 89' lang='grc' dir='ltr'><strong>τῶν</strong></span> <span class='ocrx_word' id='word_1_109' title='bbox 1533 1322 1801 1376; x_wconf 66' lang='grc' dir='ltr'>δουλευόνυ</span> 
     </span>
    </p>
   </div>
   <div class='ocr_carea' id='block_1_16' title="bbox 237 1405 1800 1481">
    <p class='ocr_par' dir='ltr' id='par_1_16' title="bbox 237 1405 1800 1481">
     <span class='ocr_line' id='line_1_16' title="bbox 237 1405 1800 1481; baseline 0.007 -27"><span class='ocrx_word' id='word_1_110' title='bbox 237 1419 346 1455; x_wconf 86' lang='grc' dir='ltr'><strong>των</strong></span> <span class='ocrx_word' id='word_1_111' title='bbox 390 1406 459 1474; x_wconf 83' lang='grc' dir='ltr'>τῇ</span> <span class='ocrx_word' id='word_1_112' title='bbox 518 1407 646 1475; x_wconf 88' lang='grc' dir='ltr'>παρ’</span> <span class='ocrx_word' id='word_1_113' title='bbox 691 1405 836 1475; x_wconf 83' lang='grc' dir='ltr'>αὐτῷ</span> <span class='ocrx_word' id='word_1_114' title='bbox 889 1407 1228 1479; x_wconf 81' lang='grc' dir='ltr'><strong>διδασκαλίᾳ·</strong></span> <span class='ocrx_word' id='word_1_115' title='bbox 1269 1411 1389 1461; x_wconf 78' lang='grc' dir='ltr'><strong>ἐπεὶ</strong></span> <span class='ocrx_word' id='word_1_116' title='bbox 1423 1411 1509 1474; x_wconf 81' lang='grc' dir='ltr'>τὸ,</span> <span class='ocrx_word' id='word_1_117' title='bbox 1563 1430 1582 1461; x_wconf 75' lang='grc' dir='ltr'><strong>ι</strong></span> <span class='ocrx_word' id='word_1_118' title='bbox 1617 1412 1800 1481; x_wconf 77' lang='grc' dir='ltr'>Ὑμεῖς</span> 
     </span>
    </p>
   </div>
   <div class='ocr_carea' id='block_1_17' title="bbox 239 1495 1798 1568">
    <p class='ocr_par' dir='ltr' id='par_1_17' title="bbox 239 1495 1798 1568">
     <span class='ocr_line' id='line_1_17' title="bbox 239 1495 1798 1568; baseline 0.006 -24"><span class='ocrx_word' id='word_1_119' title='bbox 239 1495 474 1560; x_wconf 81' lang='grc' dir='ltr'><strong>φωνεῖτέ</strong></span> <span class='ocrx_word' id='word_1_120' title='bbox 509 1511 598 1564; x_wconf 89' lang='grc' dir='ltr'><strong>με,</strong></span> <span class='ocrx_word' id='word_1_121' title='bbox 629 1496 656 1546; x_wconf 91' lang='lat'><strong>6</strong></span> <span class='ocrx_word' id='word_1_122' title='bbox 695 1495 1026 1561; x_wconf 83' lang='grc' dir='ltr'>διδάσκαλος,</span> <span class='ocrx_word' id='word_1_123' title='bbox 1059 1498 1151 1550; x_wconf 76' lang='grc' dir='ltr'><strong>καὶ</strong></span> <span class='ocrx_word' id='word_1_124' title='bbox 1177 1500 1207 1550; x_wconf 92' lang='lat'><strong>6</strong></span> <span class='ocrx_word' id='word_1_125' title='bbox 1244 1498 1460 1568; x_wconf 87' lang='grc' dir='ltr'>Κύριος,</span> <span class='ocrx_word' id='word_1_126' title='bbox 1492 1501 1584 1552; x_wconf 73' lang='grc' dir='ltr'>καὶ</span> <span class='ocrx_word' id='word_1_127' title='bbox 1621 1500 1798 1564; x_wconf 89' lang='grc' dir='ltr'>καλῶς</span> 
     </span>
    </p>
   </div>
   <div class='ocr_carea' id='block_1_18' title="bbox 236 1581 1792 1660">
    <p class='ocr_par' dir='ltr' id='par_1_18' title="bbox 236 1581 1792 1660">
     <span class='ocr_line' id='line_1_18' title="bbox 236 1581 1792 1660; baseline 0.008 -29"><span class='ocrx_word' id='word_1_128' title='bbox 236 1581 427 1648; x_wconf 79' lang='grc' dir='ltr'>λέγετε</span> <span class='ocrx_word' id='word_1_129' title='bbox 447 1600 461 1612; x_wconf 91' lang='grc'><strong>·</strong></span> <span class='ocrx_word' id='word_1_130' title='bbox 493 1585 610 1653; x_wconf 74' lang='grc' dir='ltr'>εἰμὶ</span> <span class='ocrx_word' id='word_1_131' title='bbox 639 1583 765 1654; x_wconf 80' lang='grc' dir='ltr'>γὰρ,</span> <span class='ocrx_word' id='word_1_132' title='bbox 792 1603 811 1634; x_wconf 87' lang='grc'><strong>›</strong></span> <span class='ocrx_word' id='word_1_133' title='bbox 845 1586 943 1638; x_wconf 81' lang='grc' dir='ltr'><strong>οὐκ</strong></span> <span class='ocrx_word' id='word_1_134' title='bbox 972 1587 1104 1650; x_wconf 81' lang='grc' dir='ltr'>ἀξιῶ</span> <span class='ocrx_word' id='word_1_135' title='bbox 1139 1588 1300 1657; x_wconf 82' lang='grc' dir='ltr'>μηδὲν</span> <span class='ocrx_word' id='word_1_136' title='bbox 1323 1589 1462 1657; x_wconf 79' lang='grc' dir='ltr'>ἔχειν</span> <span class='ocrx_word' id='word_1_137' title='bbox 1485 1589 1792 1660; x_wconf 84' lang='grc' dir='ltr'><strong>βαθύτερον,</strong></span> 
     </span>
    </p>
   </div>
   <div class='ocr_carea' id='block_1_19' title="bbox 1906 511 3438 582">
    <p class='ocr_par' dir='ltr' id='par_1_19' title="bbox 1906 511 3438 582">
     <span class='ocr_line' id='line_1_19' title="bbox 1906 511 3438 582; baseline 0 -16"><span class='ocrx_word' id='word_1_138' title='bbox 1906 512 2181 566; x_wconf 91' lang='lat' dir='ltr'><strong>servitutis</strong></span> <span class='ocrx_word' id='word_1_139' title='bbox 2207 511 2398 565; x_wconf 92' lang='lat' dir='ltr'><strong>iterum</strong></span> <span class='ocrx_word' id='word_1_140' title='bbox 2431 513 2483 566; x_wconf 93' lang='lat' dir='ltr'><strong>in</strong></span> <span class='ocrx_word' id='word_1_141' title='bbox 2517 513 2728 576; x_wconf 91' lang='lat' dir='ltr'><strong>timore,</strong></span> <span class='ocrx_word' id='word_1_142' title='bbox 2760 513 2853 568; x_wconf 90' lang='lat' dir='ltr'><strong>sed</strong></span> <span class='ocrx_word' id='word_1_143' title='bbox 2884 512 3149 580; x_wconf 88' lang='lat' dir='ltr'><strong>accipient</strong></span> <span class='ocrx_word' id='word_1_144' title='bbox 3190 513 3438 582; x_wconf 76' lang='lat' dir='ltr'><strong>spiritum</strong></span> 
     </span>
    </p>
   </div>
   <div class='ocr_carea' id='block_1_20' title="bbox 1903 599 3434 668">
    <p class='ocr_par' dir='ltr' id='par_1_20' title="bbox 1903 599 3434 668">
     <span class='ocr_line' id='line_1_20' title="bbox 1903 599 3434 668; baseline -0.001 -14"><span class='ocrx_word' id='word_1_145' title='bbox 1903 599 2222 668; x_wconf 87' lang='lat' dir='ltr'><strong>adoptionis,</strong></span> <span class='ocrx_word' id='word_1_146' title='bbox 2254 615 2350 668; x_wconf 86' lang='lat' dir='ltr'><strong>per</strong></span> <span class='ocrx_word' id='word_1_147' title='bbox 2371 615 2526 668; x_wconf 89' lang='lat' dir='ltr'><strong>quem</strong></span> <span class='ocrx_word' id='word_1_148' title='bbox 2555 601 2861 656; x_wconf 86' lang='lat' dir='ltr'><strong>clamabunt</strong></span> <span class='ocrx_word' id='word_1_149' title='bbox 2891 618 2905 656; x_wconf 91' lang='lat'><strong>:</strong></span> <span class='ocrx_word' id='word_1_150' title='bbox 2929 620 2948 652; x_wconf 85' lang='grc'><strong><em>‹</em></strong></span> <span class='ocrx_word' id='word_1_151' title='bbox 2975 602 3125 655; x_wconf 83' lang='lat' dir='ltr'><strong>Abba</strong></span> <span class='ocrx_word' id='word_1_152' title='bbox 3143 600 3298 655; x_wconf 85' lang='lat' dir='ltr'><strong>Pater</strong></span> <span class='ocrx_word' id='word_1_153' title='bbox 3324 603 3386 652; x_wconf 72' lang='grc' dir='ltr'><strong>ι’.</strong></span> <span class='ocrx_word' id='word_1_154' title='bbox 3416 621 3434 652; x_wconf 79' lang='grc' dir='ltr'><strong>ι</strong></span> 
     </span>
    </p>
   </div>
   <div class='ocr_carea' id='block_1_21' title="bbox 1902 690 3441 759">
    <p class='ocr_par' dir='ltr' id='par_1_21' title="bbox 1902 690 3441 759">
     <span class='ocr_line' id='line_1_21' title="bbox 1902 690 3441 759; baseline 0.003 -16"><span class='ocrx_word' id='word_1_155' title='bbox 1902 694 2174 750; x_wconf 81' lang='lat' dir='ltr'><strong>Attamen,</strong></span> <span class='ocrx_word' id='word_1_156' title='bbox 2208 697 2492 756; x_wconf 90' lang='lat' dir='ltr'><strong>antequam</strong></span> <span class='ocrx_word' id='word_1_157' title='bbox 2525 690 2654 742; x_wconf 84' lang='lat' dir='ltr'><strong>liant</strong></span> <span class='ocrx_word' id='word_1_158' title='bbox 2700 693 2837 745; x_wconf 83' lang='lat' dir='ltr'><strong>sicut</strong></span> <span class='ocrx_word' id='word_1_159' title='bbox 2880 692 3137 759; x_wconf 77' lang='lat' dir='ltr'><strong>Magister</strong></span> <span class='ocrx_word' id='word_1_160' title='bbox 3165 701 3219 746; x_wconf 88' lang='lat' dir='ltr'><strong>et</strong></span> <span class='ocrx_word' id='word_1_161' title='bbox 3262 692 3441 748; x_wconf 83' lang='lat' dir='ltr'><strong>Domi-</strong></span> 
     </span>
    </p>
   </div>
   <div class='ocr_carea' id='block_1_22' title="bbox 1901 775 3440 849">
    <p class='ocr_par' dir='ltr' id='par_1_22' title="bbox 1901 775 3440 849">
     <span class='ocr_line' id='line_1_22' title="bbox 1901 775 3440 849; baseline 0.002 -19"><span class='ocrx_word' id='word_1_162' title='bbox 1901 793 2025 839; x_wconf 88' lang='lat' dir='ltr'><strong>nus,</strong></span> <span class='ocrx_word' id='word_1_163' title='bbox 2073 791 2204 844; x_wconf 90' lang='lat' dir='ltr'><strong>opus</strong></span> <span class='ocrx_word' id='word_1_164' title='bbox 2239 775 2457 842; x_wconf 88' lang='lat' dir='ltr'><strong>habent,</strong></span> <span class='ocrx_word' id='word_1_165' title='bbox 2493 777 2716 843; x_wconf 86' lang='lat' dir='ltr'><strong>perinde</strong></span> <span class='ocrx_word' id='word_1_166' title='bbox 2750 792 2812 832; x_wconf 90' lang='lat' dir='ltr'><strong>ac</strong></span> <span class='ocrx_word' id='word_1_167' title='bbox 2849 779 3095 848; x_wconf 87' lang='lat' dir='ltr'><strong>discipuli</strong></span> <span class='ocrx_word' id='word_1_168' title='bbox 3141 779 3330 849; x_wconf 89' lang='lat' dir='ltr'><strong>indigi,</strong></span> <span class='ocrx_word' id='word_1_169' title='bbox 3381 791 3440 833; x_wconf 93' lang='lat' dir='ltr'><strong>ut</strong></span> 
     </span>
    </p>
   </div>
   <div class='ocr_carea' id='block_1_23' title="bbox 1900 864 3440 939">
    <p class='ocr_par' dir='ltr' id='par_1_23' title="bbox 1900 864 3440 939">
     <span class='ocr_line' id='line_1_23' title="bbox 1900 864 3440 939; baseline 0.004 -21"><span class='ocrx_word' id='word_1_170' title='bbox 1900 865 1981 918; x_wconf 92' lang='lat' dir='ltr'><strong>sui</strong></span> <span class='ocrx_word' id='word_1_171' title='bbox 2011 865 2254 918; x_wconf 86' lang='lat' dir='ltr'><strong>laventur</strong></span> <span class='ocrx_word' id='word_1_172' title='bbox 2292 864 2472 931; x_wconf 84' lang='lat' dir='ltr'><strong>pedes,</strong></span> <span class='ocrx_word' id='word_1_173' title='bbox 2512 874 2568 918; x_wconf 90' lang='lat' dir='ltr'><strong>et</strong></span> <span class='ocrx_word' id='word_1_174' title='bbox 2609 866 2758 933; x_wconf 87' lang='lat' dir='ltr'><strong>quasi</strong></span> <span class='ocrx_word' id='word_1_175' title='bbox 2803 867 2978 920; x_wconf 88' lang='lat' dir='ltr'><strong>adhuc</strong></span> <span class='ocrx_word' id='word_1_176' title='bbox 3009 869 3288 922; x_wconf 84' lang='lat' dir='ltr'><strong>servitutis</strong></span> <span class='ocrx_word' id='word_1_177' title='bbox 3331 871 3440 939; x_wconf 83' lang='lat' dir='ltr'><strong>spi-</strong></span> 
     </span>
    </p>
   </div>
   <div class='ocr_carea' id='block_1_24' title="bbox 1900 954 3438 1027">
    <p class='ocr_par' dir='ltr' id='par_1_24' title="bbox 1900 954 3438 1027">
     <span class='ocr_line' id='line_1_24' title="bbox 1900 954 3438 1027; baseline 0.003 -20"><span class='ocrx_word' id='word_1_178' title='bbox 1900 955 2065 1008; x_wconf 89' lang='lat' dir='ltr'><strong>ritum</strong></span> <span class='ocrx_word' id='word_1_179' title='bbox 2093 954 2144 1007; x_wconf 88' lang='lat' dir='ltr'><strong>in</strong></span> <span class='ocrx_word' id='word_1_180' title='bbox 2183 954 2428 1008; x_wconf 89' lang='lat' dir='ltr'><strong>timorem</strong></span> <span class='ocrx_word' id='word_1_181' title='bbox 2461 955 2736 1010; x_wconf 89' lang='lat' dir='ltr'><strong>habentes.</strong></span> <span class='ocrx_word' id='word_1_182' title='bbox 2784 957 2852 1010; x_wconf 81' lang='lat' dir='ltr'><strong>At</strong></span> <span class='ocrx_word' id='word_1_183' title='bbox 2895 971 3025 1010; x_wconf 84' lang='lat' dir='ltr'><strong>vero</strong></span> <span class='ocrx_word' id='word_1_184' title='bbox 3070 957 3229 1012; x_wconf 87' lang='lat' dir='ltr'><strong>simul</strong></span> <span class='ocrx_word' id='word_1_185' title='bbox 3276 970 3438 1027; x_wconf 89' lang='lat' dir='ltr'><strong>atque</strong></span> 
     </span>
    </p>
   </div>
   <div class='ocr_carea' id='block_1_25' title="bbox 1897 1042 3437 1111">
    <p class='ocr_par' dir='ltr' id='par_1_25' title="bbox 1897 1042 3437 1111">
     <span class='ocr_line' id='line_1_25' title="bbox 1897 1042 3437 1111; baseline 0.001 -15"><span class='ocrx_word' id='word_1_186' title='bbox 1897 1042 2087 1110; x_wconf 86' lang='lat' dir='ltr'><strong>aliquis</strong></span> <span class='ocrx_word' id='word_1_187' title='bbox 2117 1057 2184 1096; x_wconf 75' lang='lat' dir='ltr'><strong>ex</strong></span> <span class='ocrx_word' id='word_1_188' title='bbox 2215 1043 2299 1096; x_wconf 91' lang='lat' dir='ltr'><strong>his</strong></span> <span class='ocrx_word' id='word_1_189' title='bbox 2322 1043 2525 1096; x_wconf 87' lang='lat' dir='ltr'><strong>habens</strong></span> <span class='ocrx_word' id='word_1_190' title='bbox 2549 1057 2666 1111; x_wconf 69' lang='lat' dir='ltr'><strong>quae</strong></span> <span class='ocrx_word' id='word_1_191' title='bbox 2695 1043 2959 1111; x_wconf 88' lang='lat' dir='ltr'><strong>discipulo</strong></span> <span class='ocrx_word' id='word_1_192' title='bbox 2987 1046 3259 1100; x_wconf 80' lang='lat' dir='ltr'><strong>sufﬁciant</strong></span> <span class='ocrx_word' id='word_1_193' title='bbox 3281 1055 3341 1100; x_wconf 92' lang='lat' dir='ltr'><strong>ut</strong></span> <span class='ocrx_word' id='word_1_194' title='bbox 3366 1047 3437 1100; x_wconf 91' lang='lat' dir='ltr'><strong>sit</strong></span> 
     </span>
    </p>
   </div>
   <div class='ocr_carea' id='block_1_26' title="bbox 1897 1131 3435 1202">
    <p class='ocr_par' dir='ltr' id='par_1_26' title="bbox 1897 1131 3435 1202">
     <span class='ocr_line' id='line_1_26' title="bbox 1897 1131 3435 1202; baseline 0.001 -14"><span class='ocrx_word' id='word_1_195' title='bbox 1897 1133 2038 1188; x_wconf 83' lang='lat' dir='ltr'><strong>sicut</strong></span> <span class='ocrx_word' id='word_1_196' title='bbox 2081 1133 2338 1202; x_wconf 80' lang='lat' dir='ltr'><strong>magister</strong></span> <span class='ocrx_word' id='word_1_197' title='bbox 2369 1131 2502 1200; x_wconf 83' lang='lat' dir='ltr'><strong>ejus,</strong></span> <span class='ocrx_word' id='word_1_198' title='bbox 2550 1141 2604 1185; x_wconf 88' lang='lat' dir='ltr'><strong>et.</strong></span> <span class='ocrx_word' id='word_1_199' title='bbox 2651 1147 2838 1186; x_wconf 89' lang='lat' dir='ltr'><strong>servus</strong></span> <span class='ocrx_word' id='word_1_200' title='bbox 2883 1135 3021 1188; x_wconf 89' lang='lat' dir='ltr'><strong>sicut</strong></span> <span class='ocrx_word' id='word_1_201' title='bbox 3052 1136 3320 1199; x_wconf 90' lang='lat' dir='ltr'><strong>dominus,</strong></span> <span class='ocrx_word' id='word_1_202' title='bbox 3371 1151 3435 1190; x_wconf 88' lang='lat' dir='ltr'><strong>eo</strong></span> 
     </span>
    </p>
   </div>
   <div class='ocr_carea' id='block_1_27' title="bbox 1895 1221 3438 1290">
    <p class='ocr_par' dir='ltr' id='par_1_27' title="bbox 1895 1221 3438 1290">
     <span class='ocr_line' id='line_1_27' title="bbox 1895 1221 3438 1290; baseline 0.001 -14"><span class='ocrx_word' id='word_1_203' title='bbox 1895 1223 2200 1290; x_wconf 85' lang='lat' dir='ltr'><strong>pervenerit</strong></span> <span class='ocrx_word' id='word_1_204' title='bbox 2255 1231 2312 1276; x_wconf 90' lang='lat' dir='ltr'><strong>ut</strong></span> <span class='ocrx_word' id='word_1_205' title='bbox 2354 1221 2425 1275; x_wconf 89' lang='lat' dir='ltr'><strong>sit</strong></span> <span class='ocrx_word' id='word_1_206' title='bbox 2472 1222 2613 1276; x_wconf 83' lang='lat' dir='ltr'><strong>sicut</strong></span> <span class='ocrx_word' id='word_1_207' title='bbox 2649 1223 2902 1290; x_wconf 84' lang='lat' dir='ltr'><strong>magister</strong></span> <span class='ocrx_word' id='word_1_208' title='bbox 2926 1238 3054 1276; x_wconf 91' lang='lat' dir='ltr'><strong>suus</strong></span> <span class='ocrx_word' id='word_1_209' title='bbox 3096 1233 3148 1276; x_wconf 91' lang='lat' dir='ltr'><strong>et</strong></span> <span class='ocrx_word' id='word_1_210' title='bbox 3186 1225 3438 1278; x_wconf 86' lang='lat' dir='ltr'><strong>dominus</strong></span> 
     </span>
    </p>
   </div>
   <div class='ocr_carea' id='block_1_28' title="bbox 1895 1308 3433 1380">
    <p class='ocr_par' dir='ltr' id='par_1_28' title="bbox 1895 1308 3433 1380">
     <span class='ocr_line' id='line_1_28' title="bbox 1895 1308 3433 1380; baseline 0.001 -16"><span class='ocrx_word' id='word_1_211' title='bbox 1895 1324 2043 1372; x_wconf 88' lang='lat' dir='ltr'><strong>suus,</strong></span> <span class='ocrx_word' id='word_1_212' title='bbox 2072 1317 2196 1364; x_wconf 92' lang='lat' dir='ltr'><strong>tunc</strong></span> <span class='ocrx_word' id='word_1_213' title='bbox 2227 1308 2424 1363; x_wconf 90' lang='lat' dir='ltr'><strong>imitari</strong></span> <span class='ocrx_word' id='word_1_214' title='bbox 2451 1308 2648 1377; x_wconf 91' lang='lat' dir='ltr'><strong>poterit</strong></span> <span class='ocrx_word' id='word_1_215' title='bbox 2675 1323 2796 1362; x_wconf 90' lang='lat' dir='ltr'><strong>eum</strong></span> <span class='ocrx_word' id='word_1_216' title='bbox 2825 1311 2914 1378; x_wconf 87' lang='lat' dir='ltr'><strong>qui</strong></span> <span class='ocrx_word' id='word_1_217' title='bbox 2955 1309 3082 1363; x_wconf 86' lang='lat' dir='ltr'><strong>lavit</strong></span> <span class='ocrx_word' id='word_1_218' title='bbox 3120 1312 3280 1380; x_wconf 88' lang='lat' dir='ltr'><strong>pedes</strong></span> <span class='ocrx_word' id='word_1_219' title='bbox 3322 1313 3433 1366; x_wconf 88' lang='lat' dir='ltr'><strong>dis-</strong></span> 
     </span>
    </p>
   </div>
   <div class='ocr_carea' id='block_1_29' title="bbox 1894 1397 3431 1469">
    <p class='ocr_par' dir='ltr' id='par_1_29' title="bbox 1894 1397 3431 1469">
     <span class='ocr_line' id='line_1_29' title="bbox 1894 1397 3431 1469; baseline -0.001 -13"><span class='ocrx_word' id='word_1_220' title='bbox 1894 1399 2192 1469; x_wconf 90' lang='lat' dir='ltr'><strong>cipulorum</strong></span> <span class='ocrx_word' id='word_1_221' title='bbox 2239 1414 2254 1463; x_wconf 91' lang='lat'><strong>;</strong></span> <span class='ocrx_word' id='word_1_222' title='bbox 2311 1397 2802 1467; x_wconf 87' lang='lat' dir='ltr'><strong>discipulorutnque</strong></span> <span class='ocrx_word' id='word_1_223' title='bbox 2845 1404 3006 1469; x_wconf 84' lang='lat' dir='ltr'><strong>pedes</strong></span> <span class='ocrx_word' id='word_1_224' title='bbox 3056 1402 3254 1462; x_wconf 85' lang='lat' dir='ltr'><strong>lavare,</strong></span> <span class='ocrx_word' id='word_1_225' title='bbox 3293 1402 3431 1456; x_wconf 90' lang='lat' dir='ltr'><strong>sicut</strong></span> 
     </span>
    </p>
   </div>
   <div class='ocr_carea' id='block_1_30' title="bbox 1895 1486 3432 1560">
    <p class='ocr_par' dir='ltr' id='par_1_30' title="bbox 1895 1486 3432 1560">
     <span class='ocr_line' id='line_1_30' title="bbox 1895 1486 3432 1560; baseline 0.002 -18"><span class='ocrx_word' id='word_1_226' title='bbox 1895 1490 2149 1557; x_wconf 86' lang='lat' dir='ltr'><strong>magister</strong></span> <span class='ocrx_word' id='word_1_227' title='bbox 2183 1502 2340 1557; x_wconf 90' lang='lat' dir='ltr'><strong>quem</strong></span> <span class='ocrx_word' id='word_1_228' title='bbox 2385 1486 2524 1540; x_wconf 84' lang='lat' dir='ltr'><strong>Deus</strong></span> <span class='ocrx_word' id='word_1_229' title='bbox 2569 1489 2622 1540; x_wconf 93' lang='lat' dir='ltr'><strong>in</strong></span> <span class='ocrx_word' id='word_1_230' title='bbox 2655 1489 2888 1544; x_wconf 85' lang='lat' dir='ltr'><strong>Ecclesia</strong></span> <span class='ocrx_word' id='word_1_231' title='bbox 2938 1491 3266 1544; x_wconf 86' lang='lat' dir='ltr'><strong>ordiuaverit</strong></span> <span class='ocrx_word' id='word_1_232' title='bbox 3313 1501 3432 1560; x_wconf 90' lang='lat' dir='ltr'><strong>post</strong></span> 
     </span>
    </p>
   </div>
   <div class='ocr_carea' id='block_1_31' title="bbox 1893 1574 3429 1645">
    <p class='ocr_par' dir='ltr' id='par_1_31' title="bbox 1893 1574 3429 1645">
     <span class='ocr_line' id='line_1_31' title="bbox 1893 1574 3429 1645; baseline 0.001 -15"><span class='ocrx_word' id='word_1_233' title='bbox 1893 1575 2158 1645; x_wconf 80' lang='lat' dir='ltr'><strong>apostolos</strong></span> <span class='ocrx_word' id='word_1_234' title='bbox 2177 1615 2192 1638; x_wconf 90' lang='lat'><strong>,</strong></span> <span class='ocrx_word' id='word_1_235' title='bbox 2222 1574 2312 1644; x_wconf 88' lang='lat' dir='ltr'><strong>qui</strong></span> <span class='ocrx_word' id='word_1_236' title='bbox 2347 1574 2397 1627; x_wconf 90' lang='lat' dir='ltr'><strong>in</strong></span> <span class='ocrx_word' id='word_1_237' title='bbox 2424 1588 2486 1630; x_wconf 83' lang='lat' dir='ltr'><strong>ea</strong></span> <span class='ocrx_word' id='word_1_238' title='bbox 2515 1575 2744 1643; x_wconf 88' lang='lat' dir='ltr'><strong>primum</strong></span> <span class='ocrx_word' id='word_1_239' title='bbox 2772 1578 2947 1631; x_wconf 82' lang='lat' dir='ltr'><strong>sortiti</strong></span> <span class='ocrx_word' id='word_1_240' title='bbox 2988 1586 3114 1632; x_wconf 88' lang='lat' dir='ltr'><strong>sunt</strong></span> <span class='ocrx_word' id='word_1_241' title='bbox 3141 1577 3335 1640; x_wconf 88' lang='lat' dir='ltr'><strong>locum,</strong></span> <span class='ocrx_word' id='word_1_242' title='bbox 3367 1594 3429 1632; x_wconf 91' lang='lat' dir='ltr'><strong>ac</strong></span> 
     </span>
    </p>
   </div>
   <div class='ocr_carea' id='block_1_32' title="bbox 236 1663 1787 1750">
    <p class='ocr_par' dir='ltr' id='par_1_32' title="bbox 236 1671 1787 1750">
     <span class='ocr_line' id='line_1_32' title="bbox 236 1671 1787 1750; baseline 0.006 -27"><span class='ocrx_word' id='word_1_243' title='bbox 236 1672 329 1723; x_wconf 71' lang='grc' dir='ltr'><strong>καὶ</strong></span> <span class='ocrx_word' id='word_1_244' title='bbox 369 1672 526 1741; x_wconf 79' lang='grc' dir='ltr'>παρὰ</span> <span class='ocrx_word' id='word_1_245' title='bbox 574 1671 634 1725; x_wconf 80' lang='grc' dir='ltr'>τὸ</span> <span class='ocrx_word' id='word_1_246' title='bbox 675 1674 778 1724; x_wconf 82' lang='grc' dir='ltr'>ὑπὸ</span> <span class='ocrx_word' id='word_1_247' title='bbox 817 1674 923 1726; x_wconf 79' lang='grc' dir='ltr'><strong>τῶν</strong></span> <span class='ocrx_word' id='word_1_248' title='bbox 971 1675 1174 1730; x_wconf 85' lang='grc' dir='ltr'>πολλῶν</span> <span class='ocrx_word' id='word_1_249' title='bbox 1207 1678 1519 1747; x_wconf 83' lang='grc' dir='ltr'>νενοημένον</span> <span class='ocrx_word' id='word_1_250' title='bbox 1587 1678 1787 1750; x_wconf 72' lang='grc' dir='ltr'><strong>(22)·οὕ</strong></span> 
     </span>
    </p>
   </div>
   <div class='ocr_carea' id='block_1_33' title="bbox 1886 1663 3426 1750">
    <p class='ocr_par' dir='ltr' id='par_1_33' title="bbox 1891 1663 3426 1735">
     <span class='ocr_line' id='line_1_33' title="bbox 1891 1663 3426 1735; baseline 0.001 -15"><span class='ocrx_word' id='word_1_251' title='bbox 1891 1675 2010 1735; x_wconf 87' lang='lat' dir='ltr'><strong>post</strong></span> <span class='ocrx_word' id='word_1_252' title='bbox 2047 1665 2354 1735; x_wconf 86' lang='lat' dir='ltr'><strong>prophetas,</strong></span> <span class='ocrx_word' id='word_1_253' title='bbox 2389 1663 2480 1732; x_wconf 88' lang='lat' dir='ltr'><strong>qui</strong></span> <span class='ocrx_word' id='word_1_254' title='bbox 2525 1667 2812 1720; x_wconf 87' lang='lat' dir='ltr'><strong>secundum</strong></span> <span class='ocrx_word' id='word_1_255' title='bbox 2847 1667 2911 1719; x_wconf 79' lang='lat'><strong>&quot;.</strong></span> <span class='ocrx_word' id='word_1_256' title='bbox 2947 1666 3040 1722; x_wconf 92' lang='lat' dir='ltr'><strong>Sin</strong></span> <span class='ocrx_word' id='word_1_257' title='bbox 3073 1683 3200 1722; x_wconf 89' lang='lat' dir='ltr'><strong>vero</strong></span> <span class='ocrx_word' id='word_1_258' title='bbox 3227 1667 3426 1723; x_wconf 86' lang='lat' dir='ltr'><strong>dictum</strong></span> 
     </span>
    </p>
   </div>
   <div class='ocr_carea' id='block_1_34' title="bbox 237 1741 1787 1836">
    <p class='ocr_par' dir='ltr' id='par_1_34' title="bbox 237 1741 1787 1836">
     <span class='ocr_line' id='line_1_34' title="bbox 237 1741 1787 1836; baseline 0.008 -29"><span class='ocrx_word' id='word_1_259' title='bbox 237 1758 375 1808; x_wconf 78' lang='grc' dir='ltr'>πᾶσι</span> <span class='ocrx_word' id='word_1_260' title='bbox 405 1757 517 1829; x_wconf 86' lang='grc' dir='ltr'><strong>γὰρ</strong></span> <span class='ocrx_word' id='word_1_261' title='bbox 538 1761 650 1820; x_wconf 87' lang='grc' dir='ltr'>τοῖς</span> <span class='ocrx_word' id='word_1_262' title='bbox 681 1759 916 1826; x_wconf 84' lang='grc' dir='ltr'>λέγουσι,</span> <span class='ocrx_word' id='word_1_263' title='bbox 962 1781 981 1812; x_wconf 74' lang='grc' dir='ltr'><strong>ι</strong></span> <span class='ocrx_word' id='word_1_264' title='bbox 1004 1762 1192 1833; x_wconf 88' lang='grc' dir='ltr'>Κύριε,</span> <span class='ocrx_word' id='word_1_265' title='bbox 1219 1741 1408 1832; x_wconf 77' lang='grc' dir='ltr'>Κύριε,</span> <span class='ocrx_word' id='word_1_266' title='bbox 1432 1783 1451 1815; x_wconf 75' lang='grc' dir='ltr'><strong>ι</strong></span> <span class='ocrx_word' id='word_1_267' title='bbox 1480 1741 1787 1836; x_wconf 70' lang='grc' dir='ltr'>λεχθήσεται</span> 
     </span>
    </p>
   </div>
   <div class='ocr_carea' id='block_1_35' title="bbox 1886 1741 3429 1836">
    <p class='ocr_par' dir='ltr' id='par_1_35' title="bbox 1894 1755 3429 1826">
     <span class='ocr_line' id='line_1_35' title="bbox 1894 1755 3429 1826; baseline 0 -16"><span class='ocrx_word' id='word_1_268' title='bbox 1894 1757 2014 1822; x_wconf 90' lang='lat' dir='ltr'><strong>hoc,</strong></span> <span class='ocrx_word' id='word_1_269' title='bbox 2071 1772 2091 1807; x_wconf 78' lang='grc' dir='ltr'><strong>ι</strong></span> <span class='ocrx_word' id='word_1_270' title='bbox 2125 1756 2300 1810; x_wconf 79' lang='lat' dir='ltr'><strong>Fratri</strong></span> <span class='ocrx_word' id='word_1_271' title='bbox 2338 1762 2430 1810; x_wconf 91' lang='lat' dir='ltr'><strong>tuo</strong></span> <span class='ocrx_word' id='word_1_272' title='bbox 2451 1755 2653 1813; x_wconf 86' lang='lat' dir='ltr'><strong>servies</strong></span> <span class='ocrx_word' id='word_1_273' title='bbox 2677 1755 2742 1819; x_wconf 67' lang='grc' dir='ltr'>ιδ,</span> <span class='ocrx_word' id='word_1_274' title='bbox 2781 1773 2800 1808; x_wconf 69' lang='grc' dir='ltr'><strong>ι</strong></span> <span class='ocrx_word' id='word_1_275' title='bbox 2838 1756 3025 1811; x_wconf 82' lang='lat' dir='ltr'><strong>referri</strong></span> <span class='ocrx_word' id='word_1_276' title='bbox 3049 1766 3221 1826; x_wconf 87' lang='lat' dir='ltr'><strong>potest</strong></span> <span class='ocrx_word' id='word_1_277' title='bbox 3250 1760 3312 1811; x_wconf 89' lang='lat' dir='ltr'><strong>ad</strong></span> <span class='ocrx_word' id='word_1_278' title='bbox 3335 1771 3429 1813; x_wconf 89' lang='lat' dir='ltr'><strong>eos</strong></span> 
     </span>
    </p>
   </div>
   <div class='ocr_carea' id='block_1_36' title="bbox 235 1847 1790 1927">
    <p class='ocr_par' dir='ltr' id='par_1_36' title="bbox 235 1847 1790 1927">
     <span class='ocr_line' id='line_1_36' title="bbox 235 1847 1790 1927; baseline 0.009 -31"><span class='ocrx_word' id='word_1_279' title='bbox 235 1847 342 1897; x_wconf 85' lang='lat'><em>61:6</em></span> <span class='ocrx_word' id='word_1_280' title='bbox 368 1847 466 1899; x_wconf 90' lang='grc' dir='ltr'><strong>τοῦ</strong></span> <span class='ocrx_word' id='word_1_281' title='bbox 508 1847 681 1917; x_wconf 82' lang='grc' dir='ltr'>Ἰησοῦ</span> <span class='ocrx_word' id='word_1_282' title='bbox 709 1849 802 1902; x_wconf 81' lang='grc' dir='ltr'>τό’</span> <span class='ocrx_word' id='word_1_283' title='bbox 839 1868 858 1900; x_wconf 79' lang='lat' dir='ltr'><strong>t</strong></span> <span class='ocrx_word' id='word_1_284' title='bbox 898 1851 1082 1921; x_wconf 82' lang='grc' dir='ltr'><strong>Ὑμεῖς</strong></span> <span class='ocrx_word' id='word_1_285' title='bbox 1121 1855 1342 1920; x_wconf 77' lang='grc' dir='ltr'><strong>φωνεῖτέ</strong></span> <span class='ocrx_word' id='word_1_286' title='bbox 1378 1872 1462 1924; x_wconf 87' lang='grc' dir='ltr'><strong>με,</strong></span> <span class='ocrx_word' id='word_1_287' title='bbox 1503 1856 1532 1906; x_wconf 93' lang='lat'><strong>6</strong></span> <span class='ocrx_word' id='word_1_288' title='bbox 1572 1857 1790 1927; x_wconf 84' lang='grc' dir='ltr'>Κύριος,</span> 
     </span>
    </p>
   </div>
   <div class='ocr_carea' id='block_1_37' title="bbox 234 1937 1793 2016">
    <p class='ocr_par' dir='ltr' id='par_1_37' title="bbox 234 1937 1793 2016">
     <span class='ocr_line' id='line_1_37' title="bbox 234 1937 1793 2016; baseline 0.008 -29"><span class='ocrx_word' id='word_1_289' title='bbox 234 1937 330 1988; x_wconf 68' lang='grc' dir='ltr'>καὶ</span> <span class='ocrx_word' id='word_1_290' title='bbox 351 1937 538 2001; x_wconf 87' lang='grc' dir='ltr'>καλῶς</span> <span class='ocrx_word' id='word_1_291' title='bbox 564 1939 800 2006; x_wconf 73' lang='grc' dir='ltr'>λέγετε.»</span> <span class='ocrx_word' id='word_1_292' title='bbox 824 1943 897 1993; x_wconf 91' lang='lat'><em>06</em></span> <span class='ocrx_word' id='word_1_293' title='bbox 920 1941 1094 2005; x_wconf 86' lang='grc' dir='ltr'>καλῶς</span> <span class='ocrx_word' id='word_1_294' title='bbox 1117 1939 1206 1997; x_wconf 83' lang='grc' dir='ltr'>οῦν</span> <span class='ocrx_word' id='word_1_295' title='bbox 1219 1944 1450 2012; x_wconf 81' lang='grc' dir='ltr'>λέγουσι,</span> <span class='ocrx_word' id='word_1_296' title='bbox 1470 1946 1718 2016; x_wconf 78' lang='grc' dir='ltr'>«Κύριε,›</span> <span class='ocrx_word' id='word_1_297' title='bbox 1743 1948 1793 2000; x_wconf 82' lang='grc' dir='ltr'>οἱ</span> 
     </span>
    </p>
   </div>
   <div class='ocr_carea' id='block_1_38' title="bbox 234 2028 1793 2106">
    <p class='ocr_par' dir='ltr' id='par_1_38' title="bbox 234 2028 1793 2106">
     <span class='ocr_line' id='line_1_38' title="bbox 234 2028 1793 2106; baseline 0.008 -28"><span class='ocrx_word' id='word_1_298' title='bbox 234 2028 292 2078; x_wconf 83' lang='grc' dir='ltr'><strong>ὲν</strong></span> <span class='ocrx_word' id='word_1_299' title='bbox 320 2031 388 2095; x_wconf 83' lang='grc' dir='ltr'><strong>τῇ</strong></span> <span class='ocrx_word' id='word_1_300' title='bbox 432 2029 828 2102; x_wconf 79' lang='grc' dir='ltr'>ἡμέρᾳ-ἐκείνῃ</span> <span class='ocrx_word' id='word_1_301' title='bbox 868 2033 1156 2101; x_wconf 83' lang='grc' dir='ltr'>φήσοντες·</span> <span class='ocrx_word' id='word_1_302' title='bbox 1197 2053 1215 2084; x_wconf 74' lang='grc' dir='ltr'><strong>ι</strong></span> <span class='ocrx_word' id='word_1_303' title='bbox 1245 2035 1434 2106; x_wconf 83' lang='grc' dir='ltr'>Κύριε,</span> <span class='ocrx_word' id='word_1_304' title='bbox 1479 2036 1668 2106; x_wconf 85' lang='grc' dir='ltr'>Κύριε,</span> <span class='ocrx_word' id='word_1_305' title='bbox 1695 2038 1793 2090; x_wconf 85' lang='grc' dir='ltr'>οὐκ</span> 
     </span>
    </p>
   </div>
   <div class='ocr_carea' id='block_1_39' title="bbox 231 2115 1790 2194">
    <p class='ocr_par' dir='ltr' id='par_1_39' title="bbox 231 2115 1790 2194">
     <span class='ocr_line' id='line_1_39' title="bbox 231 2115 1790 2194; baseline 0.008 -28"><span class='ocrx_word' id='word_1_306' title='bbox 231 2115 290 2167; x_wconf 83' lang='grc' dir='ltr'><strong>ὲν</strong></span> <span class='ocrx_word' id='word_1_307' title='bbox 314 2116 394 2185; x_wconf 84' lang='grc' dir='ltr'>τῷ</span> <span class='ocrx_word' id='word_1_308' title='bbox 425 2117 647 2186; x_wconf 81' lang='grc' dir='ltr'>ὀνόματί</span> <span class='ocrx_word' id='word_1_309' title='bbox 681 2135 774 2169; x_wconf 94' lang='grc' dir='ltr'><strong>σου</strong></span> <span class='ocrx_word' id='word_1_310' title='bbox 813 2120 1104 2189; x_wconf 80' lang='grc' dir='ltr'><strong>ἐφάγομεν,</strong></span> <span class='ocrx_word' id='word_1_311' title='bbox 1145 2125 1237 2175; x_wconf 79' lang='grc' dir='ltr'><strong>καὶ</strong></span> <span class='ocrx_word' id='word_1_312' title='bbox 1268 2125 1324 2175; x_wconf 81' lang='grc' dir='ltr'><strong>ὲν</strong></span> <span class='ocrx_word' id='word_1_313' title='bbox 1346 2124 1422 2193; x_wconf 82' lang='grc' dir='ltr'><strong>τῷ</strong></span> <span class='ocrx_word' id='word_1_314' title='bbox 1451 2125 1670 2194; x_wconf 81' lang='grc' dir='ltr'>ὀνόματί</span> <span class='ocrx_word' id='word_1_315' title='bbox 1699 2143 1790 2178; x_wconf 89' lang='grc' dir='ltr'><strong>σου</strong></span> 
     </span>
    </p>
   </div>
   <div class='ocr_carea' id='block_1_40' title="bbox 233 2203 1787 2283">
    <p class='ocr_par' dir='ltr' id='par_1_40' title="bbox 233 2203 1787 2283">
     <span class='ocr_line' id='line_1_40' title="bbox 233 2203 1787 2283; baseline 0.009 -30"><span class='ocrx_word' id='word_1_316' title='bbox 233 2203 482 2272; x_wconf 78' lang='grc' dir='ltr'>ἐπίομεν,</span> <span class='ocrx_word' id='word_1_317' title='bbox 519 2205 614 2256; x_wconf 76' lang='grc' dir='ltr'><strong>καὶ</strong></span> <span class='ocrx_word' id='word_1_318' title='bbox 642 2207 698 2256; x_wconf 82' lang='grc' dir='ltr'><strong>ὲν</strong></span> <span class='ocrx_word' id='word_1_319' title='bbox 718 2205 794 2275; x_wconf 85' lang='grc' dir='ltr'>τῷ</span> <span class='ocrx_word' id='word_1_320' title='bbox 817 2206 1037 2276; x_wconf 74' lang='grc' dir='ltr'>ὀνόματί</span> <span class='ocrx_word' id='word_1_321' title='bbox 1065 2226 1154 2261; x_wconf 92' lang='grc' dir='ltr'><strong>σου</strong></span> <span class='ocrx_word' id='word_1_322' title='bbox 1176 2210 1419 2280; x_wconf 84' lang='grc' dir='ltr'>δαιμόνια</span> <span class='ocrx_word' id='word_1_323' title='bbox 1447 2213 1787 2283; x_wconf 75' lang='grc' dir='ltr'>ἐξεϐάλομεν,</span> 
     </span>
    </p>
   </div>
   <div class='ocr_carea' id='block_1_41' title="bbox 232 2291 1790 2367">
    <p class='ocr_par' dir='ltr' id='par_1_41' title="bbox 232 2291 1790 2367">
     <span class='ocr_line' id='line_1_41' title="bbox 232 2291 1790 2367; baseline 0.008 -26"><span class='ocrx_word' id='word_1_324' title='bbox 232 2293 326 2342; x_wconf 75' lang='grc' dir='ltr'><strong>καὶ</strong></span> <span class='ocrx_word' id='word_1_325' title='bbox 372 2291 634 2361; x_wconf 86' lang='grc' dir='ltr'>δυνάμεις</span> <span class='ocrx_word' id='word_1_326' title='bbox 676 2294 1078 2364; x_wconf 75' lang='grc' dir='ltr'>πεποιήκαμενς</span> <span class='ocrx_word' id='word_1_327' title='bbox 1107 2315 1124 2345; x_wconf 76' lang='lat'><strong>1</strong></span> <span class='ocrx_word' id='word_1_328' title='bbox 1167 2299 1327 2367; x_wconf 81' lang='grc' dir='ltr'>Φήσει</span> <span class='ocrx_word' id='word_1_329' title='bbox 1367 2300 1495 2367; x_wconf 90' lang='grc' dir='ltr'>γοῦν</span> <span class='ocrx_word' id='word_1_330' title='bbox 1536 2302 1714 2363; x_wconf 78' lang='grc' dir='ltr'>αὐτοῖς</span> <span class='ocrx_word' id='word_1_331' title='bbox 1761 2304 1790 2354; x_wconf 91' lang='lat'><strong>6</strong></span> 
     </span>
    </p>
   </div>
   <div class='ocr_carea' id='block_1_42' title="bbox 245 2380 1789 2459">
    <p class='ocr_par' dir='ltr' id='par_1_42' title="bbox 245 2380 1789 2459">
     <span class='ocr_line' id='line_1_42' title="bbox 245 2380 1789 2459; baseline 0.008 -27"><span class='ocrx_word' id='word_1_332' title='bbox 245 2380 483 2450; x_wconf 84' lang='grc' dir='ltr'>Ἰησοῦς·</span> <span class='ocrx_word' id='word_1_333' title='bbox 536 2400 554 2432; x_wconf 85' lang='grc'><strong><em>‹</em></strong></span> <span class='ocrx_word' id='word_1_334' title='bbox 590 2383 946 2452; x_wconf 86' lang='grc' dir='ltr'>Ἀποχωρεῖτε</span> <span class='ocrx_word' id='word_1_335' title='bbox 988 2389 1082 2439; x_wconf 81' lang='grc' dir='ltr'><strong>ἀπ’</strong></span> <span class='ocrx_word' id='word_1_336' title='bbox 1113 2387 1278 2457; x_wconf 69' lang='grc' dir='ltr'>ἐμοῦ*</span> <span class='ocrx_word' id='word_1_337' title='bbox 1328 2390 1575 2444; x_wconf 76' lang='grc' dir='ltr'>οὐδέποτε</span> <span class='ocrx_word' id='word_1_338' title='bbox 1623 2391 1789 2459; x_wconf 75' lang='grc' dir='ltr'>ἔγνων</span> 
     </span>
    </p>
   </div>
   <div class='ocr_carea' id='block_1_43' title="bbox 229 2466 1787 2546">
    <p class='ocr_par' dir='ltr' id='par_1_43' title="bbox 229 2466 1787 2546">
     <span class='ocr_line' id='line_1_43' title="bbox 229 2466 1787 2546; baseline 0.008 -26"><span class='ocrx_word' id='word_1_339' title='bbox 229 2466 397 2536; x_wconf 73' lang='grc' dir='ltr'>ὑμᾶς,</span> <span class='ocrx_word' id='word_1_340' title='bbox 436 2471 518 2522; x_wconf 81' lang='grc' dir='ltr'>ὅτι</span> <span class='ocrx_word' id='word_1_341' title='bbox 542 2471 767 2540; x_wconf 78' lang='grc' dir='ltr'>ἐργάται</span> <span class='ocrx_word' id='word_1_342' title='bbox 790 2473 908 2524; x_wconf 75' lang='grc' dir='ltr'>ἐστὲ</span> <span class='ocrx_word' id='word_1_343' title='bbox 936 2474 1144 2537; x_wconf 82' lang='grc' dir='ltr'>ἀδικίας</span> <span class='ocrx_word' id='word_1_344' title='bbox 1165 2492 1178 2505; x_wconf 74' lang='grc' dir='ltr'>ο</span> <span class='ocrx_word' id='word_1_345' title='bbox 1201 2494 1218 2526; x_wconf 72' lang='grc' dir='ltr'><strong>ι</strong></span> <span class='ocrx_word' id='word_1_346' title='bbox 1251 2477 1349 2528; x_wconf 83' lang='grc' dir='ltr'><strong>οὐκ</strong></span> <span class='ocrx_word' id='word_1_347' title='bbox 1371 2477 1436 2530; x_wconf 82' lang='grc' dir='ltr'>ἂν</span> <span class='ocrx_word' id='word_1_348' title='bbox 1457 2478 1512 2530; x_wconf 87' lang='grc' dir='ltr'>δὲ</span> <span class='ocrx_word' id='word_1_349' title='bbox 1545 2478 1787 2546; x_wconf 88' lang='grc' dir='ltr'>λέγουσιν</span> 
     </span>
    </p>
   </div>
   <div class='ocr_carea' id='block_1_44' title="bbox 230 2559 1789 2632">
    <p class='ocr_par' dir='ltr' id='par_1_44' title="bbox 230 2559 1789 2632">
     <span class='ocr_line' id='line_1_44' title="bbox 230 2559 1789 2632; baseline 0.007 -24"><span class='ocrx_word' id='word_1_350' title='bbox 230 2559 419 2620; x_wconf 80' lang='grc' dir='ltr'>αὐτοῖς</span> <span class='ocrx_word' id='word_1_351' title='bbox 453 2559 632 2621; x_wconf 87' lang='grc' dir='ltr'>καλῶς</span> <span class='ocrx_word' id='word_1_352' title='bbox 675 2561 755 2622; x_wconf 86' lang='grc' dir='ltr'>τὸ,</span> <span class='ocrx_word' id='word_1_353' title='bbox 802 2560 1033 2629; x_wconf 80' lang='grc' dir='ltr'>«Κύριε,</span> <span class='ocrx_word' id='word_1_354' title='bbox 1076 2563 1304 2632; x_wconf 76' lang='grc' dir='ltr'>Κύριε,›</span> <span class='ocrx_word' id='word_1_355' title='bbox 1349 2563 1466 2620; x_wconf 78' lang='grc' dir='ltr'>εἷπε</span> <span class='ocrx_word' id='word_1_356' title='bbox 1499 2564 1589 2618; x_wconf 80' lang='grc' dir='ltr'>τό’</span> <span class='ocrx_word' id='word_1_357' title='bbox 1630 2567 1789 2619; x_wconf 81' lang='grc' dir='ltr'><strong>Ἀπο-</strong></span> 
     </span>
    </p>
   </div>
   <div class='ocr_carea' id='block_1_45' title="bbox 231 2649 1783 2726">
    <p class='ocr_par' dir='ltr' id='par_1_45' title="bbox 231 2649 1783 2726">
     <span class='ocr_line' id='line_1_45' title="bbox 231 2649 1783 2726; baseline 0.006 -26"><span class='ocrx_word' id='word_1_358' title='bbox 231 2649 473 2716; x_wconf 74' lang='grc' dir='ltr'>χωρεῖτε</span> <span class='ocrx_word' id='word_1_359' title='bbox 507 2651 608 2703; x_wconf 78' lang='grc' dir='ltr'><strong>ἀπ’</strong></span> <span class='ocrx_word' id='word_1_360' title='bbox 635 2652 801 2719; x_wconf 81' lang='grc' dir='ltr'>ἐμοῦ.</span> <span class='ocrx_word' id='word_1_361' title='bbox 848 2653 1004 2706; x_wconf 82' lang='grc' dir='ltr'><strong>Ἀλλὰ</strong></span> <span class='ocrx_word' id='word_1_362' title='bbox 1022 2655 1134 2715; x_wconf 76' lang='grc' dir='ltr'>καὶ,</span> <span class='ocrx_word' id='word_1_363' title='bbox 1170 2673 1188 2704; x_wconf 81' lang='grc' dir='ltr'><strong>ι</strong></span> <span class='ocrx_word' id='word_1_364' title='bbox 1209 2654 1267 2705; x_wconf 83' lang='grc' dir='ltr'>οὐ</span> <span class='ocrx_word' id='word_1_365' title='bbox 1294 2655 1398 2716; x_wconf 75' lang='grc' dir='ltr'><strong>πᾶς</strong></span> <span class='ocrx_word' id='word_1_366' title='bbox 1423 2656 1451 2706; x_wconf 89' lang='lat'><strong>6</strong></span> <span class='ocrx_word' id='word_1_367' title='bbox 1478 2656 1648 2723; x_wconf 90' lang='grc' dir='ltr'>λέγων</span> <span class='ocrx_word' id='word_1_368' title='bbox 1675 2675 1783 2726; x_wconf 89' lang='grc' dir='ltr'>μοι,</span> 
     </span>
    </p>
   </div>
   <div class='ocr_carea' id='block_1_46' title="bbox 232 2738 1785 2812">
    <p class='ocr_par' dir='ltr' id='par_1_46' title="bbox 232 2738 1785 2812">
     <span class='ocr_line' id='line_1_46' title="bbox 232 2738 1785 2812; baseline 0.005 -23"><span class='ocrx_word' id='word_1_369' title='bbox 232 2738 403 2808; x_wconf 85' lang='grc' dir='ltr'>Κύριε</span> <span class='ocrx_word' id='word_1_370' title='bbox 431 2777 445 2798; x_wconf 89' lang='grc'><strong>,</strong></span> <span class='ocrx_word' id='word_1_371' title='bbox 478 2739 668 2810; x_wconf 82' lang='grc' dir='ltr'>Κύριε,</span> <span class='ocrx_word' id='word_1_372' title='bbox 713 2741 1070 2795; x_wconf 76' lang='grc' dir='ltr'><strong>εἰσελεύσεται</strong></span> <span class='ocrx_word' id='word_1_373' title='bbox 1107 2744 1186 2804; x_wconf 79' lang='grc' dir='ltr'>εἰς</span> <span class='ocrx_word' id='word_1_374' title='bbox 1237 2743 1332 2812; x_wconf 80' lang='grc' dir='ltr'><strong>τὴν</strong></span> <span class='ocrx_word' id='word_1_375' title='bbox 1373 2742 1639 2811; x_wconf 88' lang='grc' dir='ltr'>βασιλείαν</span> <span class='ocrx_word' id='word_1_376' title='bbox 1681 2746 1785 2798; x_wconf 84' lang='grc' dir='ltr'><strong>τῶν</strong></span> 
     </span>
    </p>
   </div>
   <div class='ocr_carea' id='block_1_47' title="bbox 230 2828 1783 2905">
    <p class='ocr_par' dir='ltr' id='par_1_47' title="bbox 230 2828 1783 2905">
     <span class='ocr_line' id='line_1_47' title="bbox 230 2828 1783 2905; baseline 0.006 -26"><span class='ocrx_word' id='word_1_377' title='bbox 230 2828 532 2897; x_wconf 59' lang='grc' dir='ltr'>οὐρανῶνμ</span> <span class='ocrx_word' id='word_1_378' title='bbox 559 2831 906 2901; x_wconf 80' lang='grc' dir='ltr'>παρίστησιν,</span> <span class='ocrx_word' id='word_1_379' title='bbox 937 2833 1015 2884; x_wconf 85' lang='grc' dir='ltr'>ὃτι</span> <span class='ocrx_word' id='word_1_380' title='bbox 1035 2832 1094 2883; x_wconf 85' lang='lat'><strong>06</strong></span> <span class='ocrx_word' id='word_1_381' title='bbox 1122 2835 1227 2895; x_wconf 77' lang='grc' dir='ltr'>πᾶς</span> <span class='ocrx_word' id='word_1_382' title='bbox 1266 2833 1294 2884; x_wconf 88' lang='lat'><strong>6</strong></span> <span class='ocrx_word' id='word_1_383' title='bbox 1327 2832 1518 2900; x_wconf 87' lang='grc' dir='ltr'>λέγων,</span> <span class='ocrx_word' id='word_1_384' title='bbox 1547 2852 1564 2884; x_wconf 80' lang='grc' dir='ltr'><strong>ι</strong></span> <span class='ocrx_word' id='word_1_385' title='bbox 1593 2834 1783 2905; x_wconf 85' lang='grc' dir='ltr'>Κύριε.</span> 
     </span>
    </p>
   </div>
   <div class='ocr_carea' id='block_1_48' title="bbox 230 2917 1780 2991">
    <p class='ocr_par' dir='ltr' id='par_1_48' title="bbox 230 2917 1780 2991">
     <span class='ocr_line' id='line_1_48' title="bbox 230 2917 1780 2991; baseline 0.005 -23"><span class='ocrx_word' id='word_1_386' title='bbox 230 2917 426 2987; x_wconf 85' lang='grc' dir='ltr'>Κύριε,</span> <span class='ocrx_word' id='word_1_387' title='bbox 455 2937 474 2969; x_wconf 72' lang='lat'><strong>1</strong></span> <span class='ocrx_word' id='word_1_388' title='bbox 520 2920 888 2991; x_wconf 83' lang='grc' dir='ltr'>μαρτυρηθείη</span> <span class='ocrx_word' id='word_1_389' title='bbox 920 2921 984 2973; x_wconf 81' lang='grc' dir='ltr'><strong>ἂν</strong></span> <span class='ocrx_word' id='word_1_390' title='bbox 1011 2923 1100 2972; x_wconf 83' lang='grc' dir='ltr'><strong>ὑπ’</strong></span> <span class='ocrx_word' id='word_1_391' title='bbox 1129 2921 1309 2983; x_wconf 83' lang='grc' dir='ltr'>αὐτοῦ,</span> <span class='ocrx_word' id='word_1_392' title='bbox 1349 2922 1422 2984; x_wconf 84' lang='grc' dir='ltr'>ὡς</span> <span class='ocrx_word' id='word_1_393' title='bbox 1455 2923 1548 2974; x_wconf 91' lang='grc' dir='ltr'>νῦν</span> <span class='ocrx_word' id='word_1_394' title='bbox 1569 2925 1616 2975; x_wconf 84' lang='grc' dir='ltr'>οἱ</span> <span class='ocrx_word' id='word_1_395' title='bbox 1645 2925 1780 2977; x_wconf 83' lang='grc' dir='ltr'><strong>ἀπό-</strong></span> 
     </span>
    </p>
   </div>
   <div class='ocr_carea' id='block_1_49' title="bbox 235 3005 1850 3091">
    <p class='ocr_par' dir='ltr' id='par_1_49' title="bbox 235 3005 1850 3091">
     <span class='ocr_line' id='line_1_49' title="bbox 235 3005 1850 3091; baseline 0.006 -34"><span class='ocrx_word' id='word_1_396' title='bbox 235 3007 409 3058; x_wconf 78' lang='grc' dir='ltr'>στολοι</span> <span class='ocrx_word' id='word_1_397' title='bbox 437 3007 573 3077; x_wconf 81' lang='grc' dir='ltr'>πρὸς</span> <span class='ocrx_word' id='word_1_398' title='bbox 611 3009 703 3071; x_wconf 85' lang='grc' dir='ltr'>οὒς</span> <span class='ocrx_word' id='word_1_399' title='bbox 739 3005 856 3060; x_wconf 78' lang='grc' dir='ltr'>εἷπε</span> <span class='ocrx_word' id='word_1_400' title='bbox 878 3026 892 3040; x_wconf 85' lang='grc'><strong>·</strong></span> <span class='ocrx_word' id='word_1_401' title='bbox 936 3029 953 3060; x_wconf 78' lang='grc' dir='ltr'><strong>ι</strong></span> <span class='ocrx_word' id='word_1_402' title='bbox 985 3011 1177 3071; x_wconf 82' lang='grc' dir='ltr'>Καλῶς</span> <span class='ocrx_word' id='word_1_403' title='bbox 1201 3011 1380 3077; x_wconf 81' lang='grc' dir='ltr'>λέγετε</span> <span class='ocrx_word' id='word_1_404' title='bbox 1405 3029 1417 3043; x_wconf 77' lang='lat'><strong>&#39;</strong></span> <span class='ocrx_word' id='word_1_405' title='bbox 1446 3013 1559 3082; x_wconf 77' lang='grc' dir='ltr'>εἰμὶ</span> <span class='ocrx_word' id='word_1_406' title='bbox 1591 3015 1694 3083; x_wconf 89' lang='grc' dir='ltr'><strong>γάρ</strong></span> <span class='ocrx_word' id='word_1_407' title='bbox 1713 3031 1724 3043; x_wconf 86' lang='grc'>·</span> <span class='ocrx_word' id='word_1_408' title='bbox 1758 3033 1776 3066; x_wconf 73' lang='grc' dir='ltr'><strong>ι</strong></span> <span class='ocrx_word' id='word_1_409' title='bbox 1807 3033 1850 3091; x_wconf 76' lang='lat' dir='ltr'>c</span> 
     </span>
    </p>
   </div>
   <div class='ocr_carea' id='block_1_50' title="bbox 232 3095 1782 3174">
    <p class='ocr_par' dir='ltr' id='par_1_50' title="bbox 232 3095 1782 3174">
     <span class='ocr_line' id='line_1_50' title="bbox 232 3095 1782 3174; baseline 0.006 -28"><span class='ocrx_word' id='word_1_410' title='bbox 232 3096 326 3147; x_wconf 75' lang='grc' dir='ltr'>καὶ</span> <span class='ocrx_word' id='word_1_411' title='bbox 364 3095 476 3166; x_wconf 80' lang='grc' dir='ltr'><strong>γὰρ</strong></span> <span class='ocrx_word' id='word_1_412' title='bbox 506 3097 720 3167; x_wconf 79' lang='grc' dir='ltr'>άληθῶς</span> <span class='ocrx_word' id='word_1_413' title='bbox 749 3097 912 3150; x_wconf 87' lang='grc' dir='ltr'>κακία</span> <span class='ocrx_word' id='word_1_414' title='bbox 941 3100 1036 3168; x_wconf 84' lang='grc' dir='ltr'><strong>μὲν</strong></span> <span class='ocrx_word' id='word_1_415' title='bbox 1061 3099 1236 3152; x_wconf 76' lang='grc' dir='ltr'>αὐτῶν</span> <span class='ocrx_word' id='word_1_416' title='bbox 1273 3103 1468 3154; x_wconf 78' lang='grc' dir='ltr'>οὐκέτι</span> <span class='ocrx_word' id='word_1_417' title='bbox 1503 3103 1664 3172; x_wconf 80' lang='grc' dir='ltr'>κυρία</span> <span class='ocrx_word' id='word_1_418' title='bbox 1695 3100 1782 3174; x_wconf 76' lang='grc' dir='ltr'><strong>ἦν,</strong></span> 
     </span>
    </p>
   </div>
   <div class='ocr_carea' id='block_1_51' title="bbox 229 3182 1786 3260">
    <p class='ocr_par' dir='ltr' id='par_1_51' title="bbox 229 3182 1786 3260">
     <span class='ocr_line' id='line_1_51' title="bbox 229 3182 1786 3260; baseline 0.006 -26"><span class='ocrx_word' id='word_1_419' title='bbox 229 3185 258 3234; x_wconf 88' lang='lat'><strong>6</strong></span> <span class='ocrx_word' id='word_1_420' title='bbox 295 3182 454 3250; x_wconf 84' lang='grc' dir='ltr'>λόγος</span> <span class='ocrx_word' id='word_1_421' title='bbox 482 3182 540 3235; x_wconf 85' lang='grc' dir='ltr'><strong>δέ</strong></span> <span class='ocrx_word' id='word_1_422' title='bbox 559 3201 572 3213; x_wconf 75' lang='grc' dir='ltr'>ο</span> <span class='ocrx_word' id='word_1_423' title='bbox 607 3187 698 3236; x_wconf 77' lang='grc' dir='ltr'><strong>καὶ</strong></span> <span class='ocrx_word' id='word_1_424' title='bbox 730 3185 1060 3248; x_wconf 84' lang='grc' dir='ltr'><strong>ἁπαξαπλῶς</strong></span> <span class='ocrx_word' id='word_1_425' title='bbox 1096 3187 1293 3257; x_wconf 84' lang='grc' dir='ltr'>Κύριος</span> <span class='ocrx_word' id='word_1_426' title='bbox 1321 3191 1352 3258; x_wconf 85' lang='grc' dir='ltr'><strong>ἡ</strong></span> <span class='ocrx_word' id='word_1_427' title='bbox 1385 3191 1527 3241; x_wconf 80' lang='grc' dir='ltr'>πᾶσα</span> <span class='ocrx_word' id='word_1_428' title='bbox 1552 3190 1786 3260; x_wconf 78' lang='grc' dir='ltr'>ἔμψυχος</span> 
     </span>
    </p>
   </div>
   <div class='ocr_carea' id='block_1_52' title="bbox 230 3271 1783 3348">
    <p class='ocr_par' dir='ltr' id='par_1_52' title="bbox 230 3271 1783 3348">
     <span class='ocr_line' id='line_1_52' title="bbox 230 3271 1783 3348; baseline 0.006 -25"><span class='ocrx_word' id='word_1_429' title='bbox 230 3273 324 3323; x_wconf 77' lang='grc' dir='ltr'>καὶ</span> <span class='ocrx_word' id='word_1_430' title='bbox 363 3271 515 3336; x_wconf 79' lang='grc' dir='ltr'>ζῶσα</span> <span class='ocrx_word' id='word_1_431' title='bbox 561 3274 749 3344; x_wconf 76' lang='grc' dir='ltr'>ἀρετή.</span> <span class='ocrx_word' id='word_1_432' title='bbox 803 3275 960 3327; x_wconf 83' lang='grc' dir='ltr'><strong>Ἀλλὰ</strong></span> <span class='ocrx_word' id='word_1_433' title='bbox 992 3276 1082 3328; x_wconf 64' lang='grc' dir='ltr'><strong>κα)⁸</strong></span> <span class='ocrx_word' id='word_1_434' title='bbox 1118 3276 1272 3348; x_wconf 81' lang='grc' dir='ltr'>εἴπερ</span> <span class='ocrx_word' id='word_1_435' title='bbox 1315 3296 1333 3327; x_wconf 85' lang='grc'><strong>‹</strong></span> <span class='ocrx_word' id='word_1_436' title='bbox 1363 3279 1531 3340; x_wconf 73' lang='grc' dir='ltr'>οὐδεὶς</span> <span class='ocrx_word' id='word_1_437' title='bbox 1568 3279 1783 3332; x_wconf 85' lang='grc' dir='ltr'>δύναται</span> 
     </span>
    </p>
   </div>
   <div class='ocr_carea' id='block_1_53' title="bbox 229 3362 1778 3438">
    <p class='ocr_par' dir='ltr' id='par_1_53' title="bbox 229 3362 1778 3438">
     <span class='ocr_line' id='line_1_53' title="bbox 229 3362 1778 3438; baseline 0.004 -25"><span class='ocrx_word' id='word_1_438' title='bbox 229 3364 426 3425; x_wconf 82' lang='grc' dir='ltr'>εἰπεῖν,</span> <span class='ocrx_word' id='word_1_439' title='bbox 466 3362 671 3432; x_wconf 85' lang='grc' dir='ltr'>Κύριος</span> <span class='ocrx_word' id='word_1_440' title='bbox 727 3363 949 3431; x_wconf 85' lang='grc' dir='ltr'>Ἰησοῦς,</span> <span class='ocrx_word' id='word_1_441' title='bbox 981 3367 1028 3416; x_wconf 79' lang='grc' dir='ltr'><strong>εί</strong></span> <span class='ocrx_word' id='word_1_442' title='bbox 1074 3365 1146 3436; x_wconf 79' lang='grc' dir='ltr'>μὴ</span> <span class='ocrx_word' id='word_1_443' title='bbox 1173 3367 1228 3417; x_wconf 83' lang='grc' dir='ltr'><strong>ὲν</strong></span> <span class='ocrx_word' id='word_1_444' title='bbox 1270 3366 1538 3435; x_wconf 83' lang='grc' dir='ltr'>Πνεύματι</span> <span class='ocrx_word' id='word_1_445' title='bbox 1566 3367 1722 3438; x_wconf 82' lang='grc' dir='ltr'>ἁγίῳ,</span> <span class='ocrx_word' id='word_1_446' title='bbox 1758 3388 1778 3420; x_wconf 69' lang='grc' dir='ltr'><strong>ι</strong></span> 
     </span>
    </p>
   </div>
   <div class='ocr_carea' id='block_1_54' title="bbox 230 3452 1783 3527">
    <p class='ocr_par' dir='ltr' id='par_1_54' title="bbox 230 3452 1783 3527">
     <span class='ocr_line' id='line_1_54' title="bbox 230 3452 1783 3527; baseline 0.005 -23"><span class='ocrx_word' id='word_1_447' title='bbox 230 3454 323 3505; x_wconf 64' lang='grc' dir='ltr'><strong>καὶ</strong></span> <span class='ocrx_word' id='word_1_448' title='bbox 361 3452 592 3523; x_wconf 81' lang='grc' dir='ltr'>νοοῦμεν</span> <span class='ocrx_word' id='word_1_449' title='bbox 638 3454 696 3504; x_wconf 82' lang='grc' dir='ltr'><strong>ὲν</strong></span> <span class='ocrx_word' id='word_1_450' title='bbox 737 3454 909 3523; x_wconf 85' lang='grc' dir='ltr'>τούτῳ</span> <span class='ocrx_word' id='word_1_451' title='bbox 956 3455 1007 3506; x_wconf 84' lang='grc' dir='ltr'><strong>τί</strong></span> <span class='ocrx_word' id='word_1_452' title='bbox 1057 3457 1169 3507; x_wconf 79' lang='grc' dir='ltr'>ἐστι</span> <span class='ocrx_word' id='word_1_453' title='bbox 1197 3455 1258 3507; x_wconf 84' lang='grc' dir='ltr'>τὸ</span> <span class='ocrx_word' id='word_1_454' title='bbox 1305 3457 1492 3522; x_wconf 80' lang='grc' dir='ltr'>εἰπεῖν,</span> <span class='ocrx_word' id='word_1_455' title='bbox 1542 3459 1783 3527; x_wconf 82' lang='grc' dir='ltr'>ιΚύριος</span> 
     </span>
    </p>
   </div>
   <div class='ocr_carea' id='block_1_55' title="bbox 193 3531 1784 3617">
    <p class='ocr_par' dir='ltr' id='par_1_55' title="bbox 193 3531 1784 3617">
     <span class='ocr_line' id='line_1_55' title="bbox 193 3531 1784 3617; baseline 0.004 -21"><span class='ocrx_word' id='word_1_456' title='bbox 193 3531 199 3536; x_wconf 50' lang='grc'><strong>’</strong></span> <span class='ocrx_word' id='word_1_457' title='bbox 238 3545 480 3612; x_wconf 85' lang='grc' dir='ltr'>Ἰησοῦς,</span> <span class='ocrx_word' id='word_1_458' title='bbox 514 3564 532 3594; x_wconf 72' lang='grc' dir='ltr'><strong>ι</strong></span> <span class='ocrx_word' id='word_1_459' title='bbox 592 3544 620 3594; x_wconf 89' lang='lat'><strong>6</strong></span> <span class='ocrx_word' id='word_1_460' title='bbox 668 3544 726 3597; x_wconf 82' lang='grc' dir='ltr'><strong>ὲν</strong></span> <span class='ocrx_word' id='word_1_461' title='bbox 768 3544 1038 3613; x_wconf 88' lang='grc' dir='ltr'>Πνεύματι</span> <span class='ocrx_word' id='word_1_462' title='bbox 1090 3545 1226 3614; x_wconf 79' lang='grc' dir='ltr'>ἁγίῳ</span> <span class='ocrx_word' id='word_1_463' title='bbox 1281 3545 1483 3614; x_wconf 88' lang='grc' dir='ltr'>λέγων,</span> <span class='ocrx_word' id='word_1_464' title='bbox 1548 3548 1784 3617; x_wconf 79' lang='grc' dir='ltr'>«Κύριος</span> 
     </span>
    </p>
   </div>
   <div class='ocr_carea' id='block_1_56' title="bbox 241 3627 1782 3705">
    <p class='ocr_par' dir='ltr' id='par_1_56' title="bbox 241 3627 1782 3705">
     <span class='ocr_line' id='line_1_56' title="bbox 241 3627 1782 3705; baseline 0.003 -20"><span class='ocrx_word' id='word_1_465' title='bbox 241 3634 505 3703; x_wconf 80' lang='grc' dir='ltr'>Ἰησοῦς,›</span> <span class='ocrx_word' id='word_1_466' title='bbox 537 3633 715 3696; x_wconf 89' lang='grc' dir='ltr'>καλῶς</span> <span class='ocrx_word' id='word_1_467' title='bbox 764 3634 932 3702; x_wconf 82' lang='grc' dir='ltr'>λέγει.</span> <span class='ocrx_word' id='word_1_468' title='bbox 991 3634 1054 3686; x_wconf 72' lang='lat' dir='ltr'><strong>Ei</strong></span> <span class='ocrx_word' id='word_1_469' title='bbox 1093 3634 1148 3686; x_wconf 88' lang='grc' dir='ltr'>δὲ</span> <span class='ocrx_word' id='word_1_470' title='bbox 1188 3636 1280 3688; x_wconf 81' lang='grc' dir='ltr'>καὶ</span> <span class='ocrx_word' id='word_1_471' title='bbox 1322 3627 1575 3700; x_wconf 72' lang='grc' dir='ltr'>ό’καλῶς</span> <span class='ocrx_word' id='word_1_472' title='bbox 1612 3637 1782 3705; x_wconf 82' lang='grc' dir='ltr'>λέγων</span> 
     </span>
    </p>
   </div>
   <div class='ocr_carea' id='block_1_57' title="bbox 229 3722 1782 3794">
    <p class='ocr_par' dir='ltr' id='par_1_57' title="bbox 229 3722 1782 3794">
     <span class='ocr_line' id='line_1_57' title="bbox 229 3722 1782 3794; baseline 0.003 -20"><span class='ocrx_word' id='word_1_473' title='bbox 229 3725 446 3787; x_wconf 78' lang='grc' dir='ltr'>πάντως</span> <span class='ocrx_word' id='word_1_474' title='bbox 498 3725 555 3777; x_wconf 84' lang='grc' dir='ltr'>ἐν</span> <span class='ocrx_word' id='word_1_475' title='bbox 599 3722 872 3793; x_wconf 88' lang='grc' dir='ltr'>Πνεύματι</span> <span class='ocrx_word' id='word_1_476' title='bbox 909 3723 1046 3793; x_wconf 85' lang='grc' dir='ltr'>ἁγίῳ</span> <span class='ocrx_word' id='word_1_477' title='bbox 1091 3723 1254 3790; x_wconf 83' lang='grc' dir='ltr'>λέγει,</span> <span class='ocrx_word' id='word_1_478' title='bbox 1296 3723 1543 3794; x_wconf 83' lang='grc' dir='ltr'>ζητήσεις</span> <span class='ocrx_word' id='word_1_479' title='bbox 1593 3725 1680 3778; x_wconf 83' lang='grc' dir='ltr'>διὰ</span> <span class='ocrx_word' id='word_1_480' title='bbox 1719 3725 1782 3778; x_wconf 84' lang='grc' dir='ltr'>τὸ</span> 
     </span>
    </p>
   </div>
   <div class='ocr_carea' id='block_1_58' title="bbox 227 3814 1777 3887">
    <p class='ocr_par' dir='ltr' id='par_1_58' title="bbox 227 3814 1777 3887">
     <span class='ocr_line' id='line_1_58' title="bbox 227 3814 1777 3887; baseline 0.004 -23"><span class='ocrx_word' id='word_1_481' title='bbox 227 3814 343 3878; x_wconf 89' lang='grc' dir='ltr'>νῦν,</span> <span class='ocrx_word' id='word_1_482' title='bbox 410 3833 428 3864; x_wconf 79' lang='grc' dir='ltr'><strong>ι</strong></span> <span class='ocrx_word' id='word_1_483' title='bbox 452 3814 564 3865; x_wconf 75' lang='grc' dir='ltr'><strong>Καὶ</strong></span> <span class='ocrx_word' id='word_1_484' title='bbox 610 3814 788 3875; x_wconf 87' lang='grc' dir='ltr'>καλῶς</span> <span class='ocrx_word' id='word_1_485' title='bbox 836 3814 1040 3882; x_wconf 88' lang='grc' dir='ltr'>λέγετε,</span> <span class='ocrx_word' id='word_1_486' title='bbox 1067 3833 1085 3865; x_wconf 72' lang='lat'><strong>1</strong></span> <span class='ocrx_word' id='word_1_487' title='bbox 1145 3814 1613 3886; x_wconf 78' lang='grc' dir='ltr'>συνεξεταζόμενον</span> <span class='ocrx_word' id='word_1_488' title='bbox 1669 3817 1777 3887; x_wconf 85' lang='grc' dir='ltr'><strong>τῷ·</strong></span> 
     </span>
    </p>
   </div>
   <div class='ocr_carea' id='block_1_59' title="bbox 233 3899 1776 3976">
    <p class='ocr_par' dir='ltr' id='par_1_59' title="bbox 233 3899 1776 3976">
     <span class='ocr_line' id='line_1_59' title="bbox 233 3899 1776 3976; baseline 0.004 -24"><span class='ocrx_word' id='word_1_489' title='bbox 233 3921 251 3952; x_wconf 77' lang='grc' dir='ltr'><strong>ι</strong></span> <span class='ocrx_word' id='word_1_490' title='bbox 279 3902 448 3956; x_wconf 70' lang='grc' dir='ltr'><strong>Οὔπω</strong></span> <span class='ocrx_word' id='word_1_491' title='bbox 470 3903 582 3974; x_wconf 74' lang='grc' dir='ltr'><strong>γὰρ</strong></span> <span class='ocrx_word' id='word_1_492' title='bbox 603 3899 670 3973; x_wconf 82' lang='grc' dir='ltr'><strong>ἦν</strong></span> <span class='ocrx_word' id='word_1_493' title='bbox 685 3903 925 3973; x_wconf 81' lang='grc' dir='ltr'>Πνεῦμα,</span> <span class='ocrx_word' id='word_1_494' title='bbox 947 3905 1026 3955; x_wconf 85' lang='grc' dir='ltr'>ὅτι</span> <span class='ocrx_word' id='word_1_495' title='bbox 1066 3904 1268 3973; x_wconf 85' lang='grc' dir='ltr'>Ἰησοῦς</span> <span class='ocrx_word' id='word_1_496' title='bbox 1298 3904 1444 3957; x_wconf 77' lang='grc' dir='ltr'>οὖπω</span> <span class='ocrx_word' id='word_1_497' title='bbox 1470 3904 1742 3976; x_wconf 78' lang='grc' dir='ltr'>ἐδοξάσθη.</span> <span class='ocrx_word' id='word_1_498' title='bbox 1757 3925 1776 3958; x_wconf 73' lang='grc' dir='ltr'><strong>ι</strong></span> 
     </span>
    </p>
   </div>
   <div class='ocr_carea' id='block_1_60' title="bbox 227 3987 1783 4063">
    <p class='ocr_par' dir='ltr' id='par_1_60' title="bbox 227 3987 1783 4063">
     <span class='ocr_line' id='line_1_60' title="bbox 227 3987 1783 4063; baseline 0.004 -22"><span class='ocrx_word' id='word_1_499' title='bbox 227 3991 470 4061; x_wconf 81' lang='grc' dir='ltr'>Γνησίως</span> <span class='ocrx_word' id='word_1_500' title='bbox 515 3987 607 4044; x_wconf 84' lang='grc' dir='ltr'>οῦν</span> <span class='ocrx_word' id='word_1_501' title='bbox 651 3992 983 4056; x_wconf 84' lang='grc' dir='ltr'>δουλεύοντος</span> <span class='ocrx_word' id='word_1_502' title='bbox 1029 3992 1105 4061; x_wconf 89' lang='grc' dir='ltr'>τῷ</span> <span class='ocrx_word' id='word_1_503' title='bbox 1147 3993 1321 4063; x_wconf 82' lang='grc' dir='ltr'>Λόγῳ,</span> <span class='ocrx_word' id='word_1_504' title='bbox 1365 3993 1520 4063; x_wconf 80' lang='grc' dir='ltr'>ἔργον</span> <span class='ocrx_word' id='word_1_505' title='bbox 1562 3995 1674 4047; x_wconf 76' lang='grc' dir='ltr'>ἐστὶ</span> <span class='ocrx_word' id='word_1_506' title='bbox 1721 3995 1783 4047; x_wconf 79' lang='grc' dir='ltr'>τὸ</span> 
     </span>
    </p>
   </div>
   <div class='ocr_carea' id='block_1_61' title="bbox 229 4079 1782 4150">
    <p class='ocr_par' dir='ltr' id='par_1_61' title="bbox 229 4079 1782 4150">
     <span class='ocr_line' id='line_1_61' title="bbox 229 4079 1782 4150; baseline 0.003 -20"><span class='ocrx_word' id='word_1_507' title='bbox 229 4080 408 4139; x_wconf 77' lang='grc' dir='ltr'>καλῶς</span> <span class='ocrx_word' id='word_1_508' title='bbox 451 4082 647 4142; x_wconf 76' lang='grc' dir='ltr'>εἰπεῖν,</span> <span class='ocrx_word' id='word_1_509' title='bbox 687 4098 703 4129; x_wconf 82' lang='grc' dir='ltr'><strong>ι</strong></span> <span class='ocrx_word' id='word_1_510' title='bbox 729 4079 930 4149; x_wconf 87' lang='grc' dir='ltr'>Κύριος</span> <span class='ocrx_word' id='word_1_511' title='bbox 984 4079 1204 4149; x_wconf 87' lang='grc' dir='ltr'>Ἰησοῦς,</span> <span class='ocrx_word' id='word_1_512' title='bbox 1230 4100 1246 4130; x_wconf 76' lang='lat'><strong>1</strong></span> <span class='ocrx_word' id='word_1_513' title='bbox 1285 4082 1376 4134; x_wconf 76' lang='grc' dir='ltr'>καὶ</span> <span class='ocrx_word' id='word_1_514' title='bbox 1404 4080 1495 4132; x_wconf 91' lang='grc' dir='ltr'><strong>τοῦ</strong></span> <span class='ocrx_word' id='word_1_515' title='bbox 1527 4082 1782 4150; x_wconf 82' lang='grc' dir='ltr'>ἀνάλογον</span> 
     </span>
    </p>
   </div>
   <div class='ocr_carea' id='block_1_62' title="bbox 227 4167 1782 4238">
    <p class='ocr_par' dir='ltr' id='par_1_62' title="bbox 227 4167 1782 4238">
     <span class='ocr_line' id='line_1_62' title="bbox 227 4167 1782 4238; baseline 0.004 -21"><span class='ocrx_word' id='word_1_516' title='bbox 227 4167 403 4237; x_wconf 80' lang='grc' dir='ltr'>τούτῳ</span> <span class='ocrx_word' id='word_1_517' title='bbox 442 4167 685 4238; x_wconf 79' lang='grc' dir='ltr'>μαθητοῦ</span> <span class='ocrx_word' id='word_1_518' title='bbox 715 4169 774 4220; x_wconf 83' lang='grc' dir='ltr'>τὸ</span> <span class='ocrx_word' id='word_1_519' title='bbox 801 4167 977 4230; x_wconf 84' lang='grc' dir='ltr'>καλῶς</span> <span class='ocrx_word' id='word_1_520' title='bbox 1018 4169 1188 4220; x_wconf 70' lang='grc' dir='ltr'>εἰπεῖν</span> <span class='ocrx_word' id='word_1_521' title='bbox 1228 4168 1303 4236; x_wconf 82' lang='grc' dir='ltr'><strong>τῷ</strong></span> <span class='ocrx_word' id='word_1_522' title='bbox 1334 4169 1544 4238; x_wconf 84' lang='grc' dir='ltr'>Σωτῆρι</span> <span class='ocrx_word' id='word_1_523' title='bbox 1573 4171 1662 4223; x_wconf 82' lang='grc' dir='ltr'>τό’</span> <span class='ocrx_word' id='word_1_524' title='bbox 1707 4189 1724 4220; x_wconf 76' lang='grc' dir='ltr'><strong>ε</strong></span> <span class='ocrx_word' id='word_1_525' title='bbox 1753 4173 1782 4223; x_wconf 84' lang='lat'><strong>6</strong></span> 
     </span>
    </p>
   </div>
   <div class='ocr_carea' id='block_1_63' title="bbox 226 4257 1772 4329">
    <p class='ocr_par' dir='ltr' id='par_1_63' title="bbox 226 4257 1772 4329">
     <span class='ocr_line' id='line_1_63' title="bbox 226 4257 1772 4329; baseline 0.002 -23"><span class='ocrx_word' id='word_1_526' title='bbox 226 4257 575 4319; x_wconf 78' lang='grc' dir='ltr'>διδάσκαλοςο</span> <span class='ocrx_word' id='word_1_527' title='bbox 605 4277 623 4307; x_wconf 78' lang='grc' dir='ltr'><strong>ι</strong></span> <span class='ocrx_word' id='word_1_528' title='bbox 674 4259 810 4327; x_wconf 69' lang='grc' dir='ltr'>πρὸς</span> <span class='ocrx_word' id='word_1_529' title='bbox 852 4257 910 4309; x_wconf 85' lang='grc' dir='ltr'><strong>ὃν</strong></span> <span class='ocrx_word' id='word_1_530' title='bbox 957 4257 1148 4325; x_wconf 85' lang='grc' dir='ltr'>λέγοιτ’</span> <span class='ocrx_word' id='word_1_531' title='bbox 1186 4257 1249 4310; x_wconf 83' lang='grc' dir='ltr'>ἂν</span> <span class='ocrx_word' id='word_1_532' title='bbox 1282 4257 1361 4318; x_wconf 83' lang='grc' dir='ltr'>τὸ,</span> <span class='ocrx_word' id='word_1_533' title='bbox 1401 4277 1418 4308; x_wconf 75' lang='grc' dir='ltr'><strong>ι</strong></span> <span class='ocrx_word' id='word_1_534' title='bbox 1442 4259 1568 4327; x_wconf 73' lang='grc' dir='ltr'>Εἰμὶ</span> <span class='ocrx_word' id='word_1_535' title='bbox 1599 4257 1724 4329; x_wconf 84' lang='grc' dir='ltr'>γὰρ,</span> <span class='ocrx_word' id='word_1_536' title='bbox 1754 4278 1772 4309; x_wconf 78' lang='lat' dir='ltr'><strong>r</strong></span> 
     </span>
    </p>
   </div>
   <div class='ocr_carea' id='block_1_64' title="bbox 1890 1844 3424 1914">
    <p class='ocr_par' dir='ltr' id='par_1_64' title="bbox 1890 1844 3424 1914">
     <span class='ocr_line' id='line_1_64' title="bbox 1890 1844 3424 1914; baseline 0 -14"><span class='ocrx_word' id='word_1_537' title='bbox 1890 1848 2085 1914; x_wconf 86' lang='lat' dir='ltr'><strong>quibus</strong></span> <span class='ocrx_word' id='word_1_538' title='bbox 2110 1844 2281 1913; x_wconf 87' lang='lat' dir='ltr'><strong>magis</strong></span> <span class='ocrx_word' id='word_1_539' title='bbox 2320 1844 2468 1899; x_wconf 88' lang='lat' dir='ltr'><strong>deest</strong></span> <span class='ocrx_word' id='word_1_540' title='bbox 2498 1860 2514 1910; x_wconf 91' lang='lat'><strong>;</strong></span> <span class='ocrx_word' id='word_1_541' title='bbox 2551 1853 2604 1900; x_wconf 89' lang='lat' dir='ltr'><strong>et</strong></span> <span class='ocrx_word' id='word_1_542' title='bbox 2628 1844 2777 1909; x_wconf 88' lang='lat' dir='ltr'><strong>illud,</strong></span> <span class='ocrx_word' id='word_1_543' title='bbox 2833 1863 2851 1898; x_wconf 81' lang='grc' dir='ltr'><strong>ι</strong></span> <span class='ocrx_word' id='word_1_544' title='bbox 2885 1844 3012 1900; x_wconf 86' lang='lat' dir='ltr'><strong>Esto</strong></span> <span class='ocrx_word' id='word_1_545' title='bbox 3047 1846 3292 1900; x_wconf 90' lang='lat' dir='ltr'><strong>dominus</strong></span> <span class='ocrx_word' id='word_1_546' title='bbox 3316 1847 3424 1900; x_wconf 58' lang='lat' dir='ltr'><strong>ira-</strong></span> 
     </span>
    </p>
   </div>
   <div class='ocr_carea' id='block_1_65' title="bbox 1894 1933 3422 2004">
    <p class='ocr_par' dir='ltr' id='par_1_65' title="bbox 1894 1933 3422 2004">
     <span class='ocr_line' id='line_1_65' title="bbox 1894 1933 3422 2004; baseline 0.002 -16"><span class='ocrx_word' id='word_1_547' title='bbox 1894 1935 1990 1988; x_wconf 93' lang='lat' dir='ltr'><strong>tris</strong></span> <span class='ocrx_word' id='word_1_548' title='bbox 2025 1933 2101 1986; x_wconf 94' lang='lat' dir='ltr'><strong>tui</strong></span> <span class='ocrx_word' id='word_1_549' title='bbox 2127 1934 2192 1995; x_wconf 84' lang='grc'><strong>¹⁸,</strong></span> <span class='ocrx_word' id='word_1_550' title='bbox 2228 1951 2248 1984; x_wconf 73' lang='grc' dir='ltr'><strong>ι</strong></span> <span class='ocrx_word' id='word_1_551' title='bbox 2281 1933 2347 1986; x_wconf 85' lang='lat' dir='ltr'><strong>ad</strong></span> <span class='ocrx_word' id='word_1_552' title='bbox 2377 1947 2470 1986; x_wconf 87' lang='lat' dir='ltr'><strong>eos</strong></span> <span class='ocrx_word' id='word_1_553' title='bbox 2493 1936 2582 2002; x_wconf 90' lang='lat' dir='ltr'><strong>qui</strong></span> <span class='ocrx_word' id='word_1_554' title='bbox 2608 1933 2772 1990; x_wconf 78' lang='lat' dir='ltr'><strong>Jacob</strong></span> <span class='ocrx_word' id='word_1_555' title='bbox 2810 1935 2985 1990; x_wconf 92' lang='lat' dir='ltr'><strong>instar</strong></span> <span class='ocrx_word' id='word_1_556' title='bbox 3012 1946 3138 1990; x_wconf 91' lang='lat' dir='ltr'><strong>sunt</strong></span> <span class='ocrx_word' id='word_1_557' title='bbox 3165 1945 3422 2004; x_wconf 74' lang='lat' dir='ltr'><strong>prmstan-</strong></span> 
     </span>
    </p>
   </div>
   <div class='ocr_carea' id='block_1_66' title="bbox 1890 2021 3425 2093">
    <p class='ocr_par' dir='ltr' id='par_1_66' title="bbox 1890 2021 3425 2093">
     <span class='ocr_line' id='line_1_66' title="bbox 1890 2021 3425 2093; baseline 0.004 -17"><span class='ocrx_word' id='word_1_558' title='bbox 1890 2023 2076 2086; x_wconf 88' lang='lat' dir='ltr'><strong>tiores,</strong></span> <span class='ocrx_word' id='word_1_559' title='bbox 2100 2021 2438 2090; x_wconf 88' lang='lat' dir='ltr'><strong>perspicuum</strong></span> <span class='ocrx_word' id='word_1_560' title='bbox 2467 2031 2552 2074; x_wconf 93' lang='lat' dir='ltr'><strong>est</strong></span> <span class='ocrx_word' id='word_1_561' title='bbox 2589 2037 2799 2077; x_wconf 88' lang='lat' dir='ltr'><strong>servum</strong></span> <span class='ocrx_word' id='word_1_562' title='bbox 2825 2026 2914 2093; x_wconf 89' lang='lat' dir='ltr'><strong>qui</strong></span> <span class='ocrx_word' id='word_1_563' title='bbox 2955 2025 3128 2079; x_wconf 80' lang='lat' dir='ltr'><strong>factus</strong></span> <span class='ocrx_word' id='word_1_564' title='bbox 3159 2027 3318 2080; x_wconf 81' lang='lat' dir='ltr'><strong>fuerit</strong></span> <span class='ocrx_word' id='word_1_565' title='bbox 3344 2026 3425 2082; x_wconf 87' lang='lat' dir='ltr'><strong>si-</strong></span> 
     </span>
    </p>
   </div>
   <div class='ocr_carea' id='block_1_67' title="bbox 1885 2110 3421 2181">
    <p class='ocr_par' dir='ltr' id='par_1_67' title="bbox 1885 2110 3421 2181">
     <span class='ocr_line' id='line_1_67' title="bbox 1885 2110 3421 2181; baseline 0.002 -15"><span class='ocrx_word' id='word_1_566' title='bbox 1885 2120 1981 2167; x_wconf 87' lang='lat' dir='ltr'><strong>cut</strong></span> <span class='ocrx_word' id='word_1_567' title='bbox 2005 2111 2272 2174; x_wconf 87' lang='lat' dir='ltr'><strong>dominus,</strong></span> <span class='ocrx_word' id='word_1_568' title='bbox 2299 2110 2480 2164; x_wconf 89' lang='lat' dir='ltr'><strong>lavare</strong></span> <span class='ocrx_word' id='word_1_569' title='bbox 2509 2113 2669 2178; x_wconf 90' lang='lat' dir='ltr'><strong>pedes</strong></span> <span class='ocrx_word' id='word_1_570' title='bbox 2692 2126 2874 2166; x_wconf 90' lang='lat' dir='ltr'><strong>eorum</strong></span> <span class='ocrx_word' id='word_1_571' title='bbox 2909 2113 2998 2181; x_wconf 92' lang='lat' dir='ltr'><strong>qui</strong></span> <span class='ocrx_word' id='word_1_572' title='bbox 3024 2115 3264 2168; x_wconf 89' lang='lat' dir='ltr'><strong>serviunt</strong></span> <span class='ocrx_word' id='word_1_573' title='bbox 3291 2116 3421 2169; x_wconf 87' lang='lat' dir='ltr'><strong>doc-</strong></span> 
     </span>
    </p>
   </div>
   <div class='ocr_carea' id='block_1_68' title="bbox 1893 2202 3427 2269">
    <p class='ocr_par' dir='ltr' id='par_1_68' title="bbox 1893 2202 3427 2269">
     <span class='ocr_line' id='line_1_68' title="bbox 1893 2202 3427 2269; baseline -0.001 -13"><span class='ocrx_word' id='word_1_574' title='bbox 1893 2202 2046 2256; x_wconf 65' lang='lat' dir='ltr'><strong>trinae</strong></span> <span class='ocrx_word' id='word_1_575' title='bbox 2071 2215 2230 2268; x_wconf 88' lang='lat' dir='ltr'><strong>quam</strong></span> <span class='ocrx_word' id='word_1_576' title='bbox 2261 2213 2422 2267; x_wconf 87' lang='lat' dir='ltr'><strong>penes</strong></span> <span class='ocrx_word' id='word_1_577' title='bbox 2447 2215 2507 2255; x_wconf 88' lang='lat' dir='ltr'><strong>se</strong></span> <span class='ocrx_word' id='word_1_578' title='bbox 2541 2203 2702 2255; x_wconf 83' lang='lat' dir='ltr'><strong>habet</strong></span> <span class='ocrx_word' id='word_1_579' title='bbox 2726 2216 2743 2264; x_wconf 89' lang='lat'><strong>;</strong></span> <span class='ocrx_word' id='word_1_580' title='bbox 2767 2202 3017 2269; x_wconf 88' lang='lat' dir='ltr'><strong>quoniam</strong></span> <span class='ocrx_word' id='word_1_581' title='bbox 3045 2216 3146 2255; x_wconf 91' lang='lat' dir='ltr'><strong>non</strong></span> <span class='ocrx_word' id='word_1_582' title='bbox 3175 2203 3427 2256; x_wconf 80' lang='lat' dir='ltr'><strong>existimo</strong></span> 
     </span>
    </p>
   </div>
   <div class='ocr_carea' id='block_1_69' title="bbox 1889 2287 3426 2357">
    <p class='ocr_par' dir='ltr' id='par_1_69' title="bbox 1889 2287 3426 2357">
     <span class='ocr_line' id='line_1_69' title="bbox 1889 2287 3426 2357; baseline -0.001 -14"><span class='ocrx_word' id='word_1_583' title='bbox 1889 2289 2089 2344; x_wconf 89' lang='lat' dir='ltr'><strong>dictum</strong></span> <span class='ocrx_word' id='word_1_584' title='bbox 2122 2291 2250 2353; x_wconf 93' lang='lat' dir='ltr'><strong>hoc,</strong></span> <span class='ocrx_word' id='word_1_585' title='bbox 2297 2307 2318 2343; x_wconf 77' lang='grc' dir='ltr'><strong>ι</strong></span> <span class='ocrx_word' id='word_1_586' title='bbox 2349 2289 2458 2344; x_wconf 80' lang='lat' dir='ltr'><strong>Vos</strong></span> <span class='ocrx_word' id='word_1_587' title='bbox 2495 2289 2696 2343; x_wconf 81' lang='lat' dir='ltr'><strong>vocatis</strong></span> <span class='ocrx_word' id='word_1_588' title='bbox 2721 2302 2803 2342; x_wconf 89' lang='lat' dir='ltr'><strong>me</strong></span> <span class='ocrx_word' id='word_1_589' title='bbox 2828 2287 3136 2357; x_wconf 75' lang='lat' dir='ltr'><strong>Magistrum</strong></span> <span class='ocrx_word' id='word_1_590' title='bbox 3160 2299 3212 2342; x_wconf 92' lang='lat' dir='ltr'><strong>et</strong></span> <span class='ocrx_word' id='word_1_591' title='bbox 3248 2289 3426 2343; x_wconf 87' lang='lat' dir='ltr'><strong>Domi-</strong></span> 
     </span>
    </p>
   </div>
   <div class='ocr_carea' id='block_1_70' title="bbox 1889 2377 3426 2443">
    <p class='ocr_par' dir='ltr' id='par_1_70' title="bbox 1889 2377 3426 2443">
     <span class='ocr_line' id='line_1_70' title="bbox 1889 2377 3426 2443; baseline -0.002 -11"><span class='ocrx_word' id='word_1_592' title='bbox 1889 2393 2038 2442; x_wconf 89' lang='lat' dir='ltr'><strong>num,</strong></span> <span class='ocrx_word' id='word_1_593' title='bbox 2067 2387 2121 2432; x_wconf 92' lang='lat' dir='ltr'><strong>et</strong></span> <span class='ocrx_word' id='word_1_594' title='bbox 2151 2380 2290 2434; x_wconf 86' lang='lat' dir='ltr'><strong>bene</strong></span> <span class='ocrx_word' id='word_1_595' title='bbox 2336 2380 2556 2443; x_wconf 83' lang='lat' dir='ltr'><strong>dicitis;</strong></span> <span class='ocrx_word' id='word_1_596' title='bbox 2585 2393 2704 2432; x_wconf 90' lang='lat' dir='ltr'><strong>sum</strong></span> <span class='ocrx_word' id='word_1_597' title='bbox 2749 2379 2968 2441; x_wconf 89' lang='lat' dir='ltr'><strong>etenim,</strong></span> <span class='ocrx_word' id='word_1_598' title='bbox 3001 2397 3020 2430; x_wconf 73' lang='grc' dir='ltr'><strong>ι</strong></span> <span class='ocrx_word' id='word_1_599' title='bbox 3057 2377 3186 2431; x_wconf 90' lang='lat' dir='ltr'><strong>nihil</strong></span> <span class='ocrx_word' id='word_1_600' title='bbox 3209 2379 3426 2432; x_wconf 84' lang='lat' dir='ltr'><strong>omnino</strong></span> 
     </span>
    </p>
   </div>
   <div class='ocr_carea' id='block_1_71' title="bbox 1888 2465 3426 2536">
    <p class='ocr_par' dir='ltr' id='par_1_71' title="bbox 1888 2465 3426 2536">
     <span class='ocr_line' id='line_1_71' title="bbox 1888 2465 3426 2536; baseline -0.001 -16"><span class='ocrx_word' id='word_1_601' title='bbox 1888 2467 2086 2524; x_wconf 88' lang='lat' dir='ltr'><strong>habere</strong></span> <span class='ocrx_word' id='word_1_602' title='bbox 2135 2467 2453 2536; x_wconf 82' lang='lat' dir='ltr'><strong>profundum</strong></span> <span class='ocrx_word' id='word_1_603' title='bbox 2495 2481 2557 2521; x_wconf 90' lang='lat' dir='ltr'><strong>ae</strong></span> <span class='ocrx_word' id='word_1_604' title='bbox 2595 2480 2754 2534; x_wconf 85' lang='lat' dir='ltr'><strong>supra</strong></span> <span class='ocrx_word' id='word_1_605' title='bbox 2792 2466 3080 2519; x_wconf 91' lang='lat' dir='ltr'><strong>multorum</strong></span> <span class='ocrx_word' id='word_1_606' title='bbox 3131 2465 3426 2534; x_wconf 78' lang='lat' dir='ltr'><strong>intelligen-</strong></span> 
     </span>
    </p>
   </div>
   <div class='ocr_carea' id='block_1_72' title="bbox 1887 2560 3423 2630">
    <p class='ocr_par' dir='ltr' id='par_1_72' title="bbox 1887 2560 3423 2630">
     <span class='ocr_line' id='line_1_72' title="bbox 1887 2560 3423 2630; baseline -0.001 -17"><span class='ocrx_word' id='word_1_607' title='bbox 1887 2561 2037 2622; x_wconf 90' lang='lat' dir='ltr'><strong>tiam,</strong></span> <span class='ocrx_word' id='word_1_608' title='bbox 2070 2561 2502 2630; x_wconf 90' lang='lat' dir='ltr'><strong>quandoquidem</strong></span> <span class='ocrx_word' id='word_1_609' title='bbox 2531 2577 2635 2616; x_wconf 93' lang='lat' dir='ltr'><strong>non</strong></span> <span class='ocrx_word' id='word_1_610' title='bbox 2658 2560 2904 2616; x_wconf 91' lang='lat' dir='ltr'><strong>omnibus</strong></span> <span class='ocrx_word' id='word_1_611' title='bbox 2930 2560 3019 2628; x_wconf 93' lang='lat' dir='ltr'><strong>qui</strong></span> <span class='ocrx_word' id='word_1_612' title='bbox 3038 2561 3243 2624; x_wconf 90' lang='lat' dir='ltr'><strong>dicunt,</strong></span> <span class='ocrx_word' id='word_1_613' title='bbox 3275 2577 3294 2611; x_wconf 72' lang='grc' dir='ltr'><strong>ι</strong></span> <span class='ocrx_word' id='word_1_614' title='bbox 3325 2560 3423 2612; x_wconf 82' lang='lat' dir='ltr'><strong>D0—</strong></span> 
     </span>
    </p>
   </div>
   <div class='ocr_carea' id='block_1_73' title="bbox 1887 2651 3422 2717">
    <p class='ocr_par' dir='ltr' id='par_1_73' title="bbox 1887 2651 3422 2717">
     <span class='ocr_line' id='line_1_73' title="bbox 1887 2651 3422 2717; baseline 0.001 -14"><span class='ocrx_word' id='word_1_615' title='bbox 1887 2652 2049 2716; x_wconf 89' lang='lat' dir='ltr'><strong>mine,</strong></span> <span class='ocrx_word' id='word_1_616' title='bbox 2085 2654 2332 2717; x_wconf 89' lang='lat' dir='ltr'><strong>Domine,</strong></span> <span class='ocrx_word' id='word_1_617' title='bbox 2367 2672 2385 2704; x_wconf 72' lang='lat'><strong>1</strong></span> <span class='ocrx_word' id='word_1_618' title='bbox 2413 2654 2613 2708; x_wconf 89' lang='lat' dir='ltr'><strong>dictum</strong></span> <span class='ocrx_word' id='word_1_619' title='bbox 2639 2652 2800 2707; x_wconf 82' lang='lat' dir='ltr'><strong>fuerit</strong></span> <span class='ocrx_word' id='word_1_620' title='bbox 2829 2668 2856 2705; x_wconf 88' lang='lat' dir='ltr'><strong>a</strong></span> <span class='ocrx_word' id='word_1_621' title='bbox 2886 2651 3010 2706; x_wconf 83' lang='lat' dir='ltr'><strong>.lesu</strong></span> <span class='ocrx_word' id='word_1_622' title='bbox 3037 2670 3050 2705; x_wconf 90' lang='lat'>:</span> <span class='ocrx_word' id='word_1_623' title='bbox 3088 2669 3106 2701; x_wconf 77' lang='grc' dir='ltr'><strong>ι</strong></span> <span class='ocrx_word' id='word_1_624' title='bbox 3138 2652 3242 2707; x_wconf 84' lang='lat' dir='ltr'><strong>Vos</strong></span> <span class='ocrx_word' id='word_1_625' title='bbox 3266 2666 3422 2706; x_wconf 81' lang='lat' dir='ltr'><strong>voca-</strong></span> 
     </span>
    </p>
   </div>
   <div class='ocr_carea' id='block_1_74' title="bbox 1888 2739 3418 2819">
    <p class='ocr_par' dir='ltr' id='par_1_74' title="bbox 1888 2739 3418 2819">
     <span class='ocr_line' id='line_1_74' title="bbox 1888 2739 3418 2819; baseline 0.001 -27"><span class='ocrx_word' id='word_1_626' title='bbox 1888 2739 1955 2793; x_wconf 90' lang='lat' dir='ltr'><strong>tis</strong></span> <span class='ocrx_word' id='word_1_627' title='bbox 1994 2754 2078 2794; x_wconf 90' lang='lat' dir='ltr'><strong>me</strong></span> <span class='ocrx_word' id='word_1_628' title='bbox 2117 2741 2400 2796; x_wconf 88' lang='lat' dir='ltr'><strong>Dominum</strong></span> <span class='ocrx_word' id='word_1_629' title='bbox 2427 2755 2488 2794; x_wconf 86' lang='lat' dir='ltr'><strong>ac</strong></span> <span class='ocrx_word' id='word_1_630' title='bbox 2523 2741 2860 2812; x_wconf 85' lang='lat' dir='ltr'><strong>Magistrum,</strong></span> <span class='ocrx_word' id='word_1_631' title='bbox 2901 2750 2954 2796; x_wconf 91' lang='lat' dir='ltr'><strong>et</strong></span> <span class='ocrx_word' id='word_1_632' title='bbox 2987 2742 3123 2796; x_wconf 91' lang='lat' dir='ltr'><strong>bene</strong></span> <span class='ocrx_word' id='word_1_633' title='bbox 3167 2741 3364 2819; x_wconf 85' lang='lat' dir='ltr'><strong>dicitis.</strong></span> <span class='ocrx_word' id='word_1_634' title='bbox 3396 2760 3418 2794; x_wconf 70' lang='grc' dir='ltr'><strong>ι</strong></span> 
     </span>
    </p>
   </div>
   <div class='ocr_carea' id='block_1_75' title="bbox 1886 2826 3419 2898">
    <p class='ocr_par' dir='ltr' id='par_1_75' title="bbox 1886 2826 3419 2898">
     <span class='ocr_line' id='line_1_75' title="bbox 1886 2826 3419 2898; baseline 0.001 -17"><span class='ocrx_word' id='word_1_635' title='bbox 1886 2826 2067 2897; x_wconf 86' lang='lat' dir='ltr'><strong>Neque</strong></span> <span class='ocrx_word' id='word_1_636' title='bbox 2108 2830 2250 2884; x_wconf 91' lang='lat' dir='ltr'><strong>enim</strong></span> <span class='ocrx_word' id='word_1_637' title='bbox 2280 2831 2415 2884; x_wconf 90' lang='lat' dir='ltr'><strong>bene</strong></span> <span class='ocrx_word' id='word_1_638' title='bbox 2444 2832 2630 2886; x_wconf 89' lang='lat' dir='ltr'><strong>dicunt</strong></span> <span class='ocrx_word' id='word_1_639' title='bbox 2678 2830 2774 2894; x_wconf 91' lang='lat' dir='ltr'><strong>illi,</strong></span> <span class='ocrx_word' id='word_1_640' title='bbox 2827 2851 2846 2881; x_wconf 75' lang='grc' dir='ltr'><strong>ι</strong></span> <span class='ocrx_word' id='word_1_641' title='bbox 2881 2830 3120 2893; x_wconf 88' lang='lat' dir='ltr'><strong>Domine,</strong></span> <span class='ocrx_word' id='word_1_642' title='bbox 3154 2847 3172 2881; x_wconf 74' lang='grc' dir='ltr'><strong>ι</strong></span> <span class='ocrx_word' id='word_1_643' title='bbox 3227 2831 3318 2898; x_wconf 89' lang='lat' dir='ltr'><strong>qui</strong></span> <span class='ocrx_word' id='word_1_644' title='bbox 3367 2830 3419 2884; x_wconf 92' lang='lat' dir='ltr'><strong>iu</strong></span> 
     </span>
    </p>
   </div>
   <div class='ocr_carea' id='block_1_76' title="bbox 1885 2918 3418 2984">
    <p class='ocr_par' dir='ltr' id='par_1_76' title="bbox 1885 2918 3418 2984">
     <span class='ocr_line' id='line_1_76' title="bbox 1885 2918 3418 2984; baseline -0.001 -12"><span class='ocrx_word' id='word_1_645' title='bbox 1885 2918 1970 2972; x_wconf 89' lang='lat' dir='ltr'><strong>die</strong></span> <span class='ocrx_word' id='word_1_646' title='bbox 1998 2918 2084 2971; x_wconf 90' lang='lat' dir='ltr'><strong>illa</strong></span> <span class='ocrx_word' id='word_1_647' title='bbox 2118 2919 2312 2973; x_wconf 89' lang='lat' dir='ltr'><strong>dicturi</strong></span> <span class='ocrx_word' id='word_1_648' title='bbox 2346 2928 2509 2973; x_wconf 91' lang='lat' dir='ltr'><strong>sunt:</strong></span> <span class='ocrx_word' id='word_1_649' title='bbox 2545 2937 2564 2970; x_wconf 86' lang='lat' dir='ltr'><strong>t</strong></span> <span class='ocrx_word' id='word_1_650' title='bbox 2596 2919 2837 2984; x_wconf 91' lang='lat' dir='ltr'><strong>Domine,</strong></span> <span class='ocrx_word' id='word_1_651' title='bbox 2872 2919 3110 2983; x_wconf 89' lang='lat' dir='ltr'><strong>Domine,</strong></span> <span class='ocrx_word' id='word_1_652' title='bbox 3155 2932 3332 2971; x_wconf 88' lang='lat' dir='ltr'><strong>nonne</strong></span> <span class='ocrx_word' id='word_1_653' title='bbox 3367 2919 3418 2971; x_wconf 90' lang='lat' dir='ltr'><strong>iu</strong></span> 
     </span>
    </p>
   </div>
   <div class='ocr_carea' id='block_1_77' title="bbox 1887 3007 3422 3073">
    <p class='ocr_par' dir='ltr' id='par_1_77' title="bbox 1887 3007 3422 3073">
     <span class='ocr_line' id='line_1_77' title="bbox 1887 3007 3422 3073; baseline 0.001 -13"><span class='ocrx_word' id='word_1_654' title='bbox 1887 3009 2098 3062; x_wconf 91' lang='lat' dir='ltr'><strong>nomine</strong></span> <span class='ocrx_word' id='word_1_655' title='bbox 2129 3019 2218 3062; x_wconf 93' lang='lat' dir='ltr'><strong>tuo</strong></span> <span class='ocrx_word' id='word_1_656' title='bbox 2250 3010 2473 3073; x_wconf 87' lang='lat' dir='ltr'><strong>edimus,</strong></span> <span class='ocrx_word' id='word_1_657' title='bbox 2509 3016 2564 3062; x_wconf 92' lang='lat' dir='ltr'><strong>et</strong></span> <span class='ocrx_word' id='word_1_658' title='bbox 2610 3009 2664 3061; x_wconf 90' lang='lat' dir='ltr'><strong>in</strong></span> <span class='ocrx_word' id='word_1_659' title='bbox 2694 3011 2907 3062; x_wconf 92' lang='lat' dir='ltr'><strong>nomine</strong></span> <span class='ocrx_word' id='word_1_660' title='bbox 2958 3017 3048 3061; x_wconf 93' lang='lat' dir='ltr'><strong>tuo</strong></span> <span class='ocrx_word' id='word_1_661' title='bbox 3091 3007 3342 3070; x_wconf 87' lang='lat' dir='ltr'><strong>bibimus,</strong></span> <span class='ocrx_word' id='word_1_662' title='bbox 3367 3017 3422 3062; x_wconf 83' lang='lat' dir='ltr'><strong>et</strong></span> 
     </span>
    </p>
   </div>
   <div class='ocr_carea' id='block_1_78' title="bbox 1885 3096 3421 3166">
    <p class='ocr_par' dir='ltr' id='par_1_78' title="bbox 1885 3096 3421 3166">
     <span class='ocr_line' id='line_1_78' title="bbox 1885 3096 3421 3166; baseline -0.001 -16"><span class='ocrx_word' id='word_1_663' title='bbox 1885 3097 1938 3150; x_wconf 92' lang='lat' dir='ltr'><strong>in</strong></span> <span class='ocrx_word' id='word_1_664' title='bbox 1969 3099 2185 3151; x_wconf 91' lang='lat' dir='ltr'><strong>nomine</strong></span> <span class='ocrx_word' id='word_1_665' title='bbox 2217 3107 2308 3153; x_wconf 93' lang='lat' dir='ltr'><strong>tuo</strong></span> <span class='ocrx_word' id='word_1_666' title='bbox 2337 3098 2596 3152; x_wconf 57' lang='lat' dir='ltr'><strong>daemonia</strong></span> <span class='ocrx_word' id='word_1_667' title='bbox 2629 3097 2904 3166; x_wconf 88' lang='lat' dir='ltr'><strong>ejecimus,</strong></span> <span class='ocrx_word' id='word_1_668' title='bbox 2936 3105 2991 3150; x_wconf 87' lang='lat' dir='ltr'><strong>et</strong></span> <span class='ocrx_word' id='word_1_669' title='bbox 3016 3098 3246 3150; x_wconf 90' lang='lat' dir='ltr'><strong>virtutes</strong></span> <span class='ocrx_word' id='word_1_670' title='bbox 3284 3096 3421 3150; x_wconf 85' lang='lat' dir='ltr'><strong>utul-</strong></span> 
     </span>
    </p>
   </div>
   <div class='ocr_carea' id='block_1_79' title="bbox 1883 3185 3419 3257">
    <p class='ocr_par' dir='ltr' id='par_1_79' title="bbox 1883 3185 3419 3257">
     <span class='ocr_line' id='line_1_79' title="bbox 1883 3185 3419 3257; baseline -0.001 -16"><span class='ocrx_word' id='word_1_671' title='bbox 1883 3194 1965 3242; x_wconf 88' lang='lat' dir='ltr'><strong>tas</strong></span> <span class='ocrx_word' id='word_1_672' title='bbox 1991 3185 2216 3242; x_wconf 84' lang='lat' dir='ltr'><strong>fecimus</strong></span> <span class='ocrx_word' id='word_1_673' title='bbox 2240 3189 2264 3240; x_wconf 83' lang='lat'><strong>?</strong></span> <span class='ocrx_word' id='word_1_674' title='bbox 2294 3207 2312 3239; x_wconf 75' lang='grc' dir='ltr'><strong>ι</strong></span> <span class='ocrx_word' id='word_1_675' title='bbox 2342 3188 2566 3257; x_wconf 88' lang='lat' dir='ltr'><strong>proinde</strong></span> <span class='ocrx_word' id='word_1_676' title='bbox 2585 3187 2724 3240; x_wconf 71' lang='lat' dir='ltr'><strong>«licet</strong></span> <span class='ocrx_word' id='word_1_677' title='bbox 2751 3187 2856 3240; x_wconf 91' lang='lat' dir='ltr'><strong>illis</strong></span> <span class='ocrx_word' id='word_1_678' title='bbox 2882 3185 3036 3240; x_wconf 86' lang='lat' dir='ltr'><strong>Jesus</strong></span> <span class='ocrx_word' id='word_1_679' title='bbox 3060 3201 3075 3239; x_wconf 90' lang='lat'><strong>:</strong></span> <span class='ocrx_word' id='word_1_680' title='bbox 3108 3204 3128 3237; x_wconf 71' lang='grc' dir='ltr'><strong>ι</strong></span> <span class='ocrx_word' id='word_1_681' title='bbox 3153 3186 3419 3240; x_wconf 88' lang='lat' dir='ltr'><strong>Discedite</strong></span> 
     </span>
    </p>
   </div>
   <div class='ocr_carea' id='block_1_80' title="bbox 1881 3274 3418 3342">
    <p class='ocr_par' dir='ltr' id='par_1_80' title="bbox 1881 3274 3418 3342">
     <span class='ocr_line' id='line_1_80' title="bbox 1881 3274 3418 3342; baseline 0.001 -15"><span class='ocrx_word' id='word_1_682' title='bbox 1881 3288 1912 3327; x_wconf 82' lang='lat' dir='ltr'><strong>a</strong></span> <span class='ocrx_word' id='word_1_683' title='bbox 1940 3288 2063 3340; x_wconf 89' lang='lat' dir='ltr'><strong>me;</strong></span> <span class='ocrx_word' id='word_1_684' title='bbox 2111 3289 2382 3342; x_wconf 90' lang='lat' dir='ltr'><strong>nunquam</strong></span> <span class='ocrx_word' id='word_1_685' title='bbox 2419 3289 2514 3329; x_wconf 90' lang='lat' dir='ltr'><strong>vos</strong></span> <span class='ocrx_word' id='word_1_686' title='bbox 2549 3275 2696 3339; x_wconf 90' lang='lat' dir='ltr'><strong>novi,</strong></span> <span class='ocrx_word' id='word_1_687' title='bbox 2727 3274 2851 3342; x_wconf 90' lang='lat' dir='ltr'><strong>quia</strong></span> <span class='ocrx_word' id='word_1_688' title='bbox 2891 3275 3122 3342; x_wconf 86' lang='lat' dir='ltr'><strong>operarii</strong></span> <span class='ocrx_word' id='word_1_689' title='bbox 3155 3275 3285 3329; x_wconf 87' lang='lat' dir='ltr'><strong>estis</strong></span> <span class='ocrx_word' id='word_1_690' title='bbox 3313 3275 3418 3328; x_wconf 89' lang='lat' dir='ltr'><strong>iui-</strong></span> 
     </span>
    </p>
   </div>
   <div class='ocr_carea' id='block_1_81' title="bbox 1881 3360 3415 3431">
    <p class='ocr_par' dir='ltr' id='par_1_81' title="bbox 1881 3360 3415 3431">
     <span class='ocr_line' id='line_1_81' title="bbox 1881 3360 3415 3431; baseline 0.001 -16"><span class='ocrx_word' id='word_1_691' title='bbox 1881 3363 2100 3431; x_wconf 86' lang='lat' dir='ltr'><strong>quitatis</strong></span> <span class='ocrx_word' id='word_1_692' title='bbox 2119 3363 2198 3428; x_wconf 89' lang='grc'><strong>¹⁸;</strong></span> <span class='ocrx_word' id='word_1_693' title='bbox 2229 3380 2248 3414; x_wconf 75' lang='lat'><strong>1</strong></span> <span class='ocrx_word' id='word_1_694' title='bbox 2275 3377 2393 3431; x_wconf 73' lang='lat' dir='ltr'><strong>qua:</strong></span> <span class='ocrx_word' id='word_1_695' title='bbox 2411 3363 2592 3427; x_wconf 87' lang='lat' dir='ltr'><strong>verba,</strong></span> <span class='ocrx_word' id='word_1_696' title='bbox 2619 3376 2808 3430; x_wconf 88' lang='lat' dir='ltr'><strong>nempe</strong></span> <span class='ocrx_word' id='word_1_697' title='bbox 2855 3360 3115 3416; x_wconf 74' lang='lat' dir='ltr'><strong>Discedite</strong></span> <span class='ocrx_word' id='word_1_698' title='bbox 3133 3379 3164 3416; x_wconf 84' lang='grc' dir='ltr'>α</span> <span class='ocrx_word' id='word_1_699' title='bbox 3192 3364 3292 3426; x_wconf 65' lang='lat' dir='ltr'><strong>mi,</strong></span> <span class='ocrx_word' id='word_1_700' title='bbox 3310 3377 3415 3417; x_wconf 89' lang='lat' dir='ltr'><strong>non</strong></span> 
     </span>
    </p>
   </div>
   <div class='ocr_carea' id='block_1_82' title="bbox 1883 3451 3410 3515">
    <p class='ocr_par' dir='ltr' id='par_1_82' title="bbox 1883 3451 3410 3515">
     <span class='ocr_line' id='line_1_82' title="bbox 1883 3451 3410 3515; baseline -0.001 -10"><span class='ocrx_word' id='word_1_701' title='bbox 1883 3451 1986 3506; x_wconf 90' lang='lat' dir='ltr'><strong>illis</strong></span> <span class='ocrx_word' id='word_1_702' title='bbox 2001 3452 2219 3506; x_wconf 81' lang='lat' dir='ltr'><strong>dixisset</strong></span> <span class='ocrx_word' id='word_1_703' title='bbox 2240 3451 2284 3507; x_wconf 80' lang='lat' dir='ltr'><strong>si</strong></span> <span class='ocrx_word' id='word_1_704' title='bbox 2307 3451 2379 3506; x_wconf 93' lang='lat' dir='ltr'><strong>illi</strong></span> <span class='ocrx_word' id='word_1_705' title='bbox 2405 3452 2539 3505; x_wconf 86' lang='lat' dir='ltr'><strong>bene</strong></span> <span class='ocrx_word' id='word_1_706' title='bbox 2554 3452 2832 3515; x_wconf 79' lang='lat' dir='ltr'><strong>dixissent,</strong></span> <span class='ocrx_word' id='word_1_707' title='bbox 2853 3469 2870 3501; x_wconf 74' lang='grc' dir='ltr'><strong>ι</strong></span> <span class='ocrx_word' id='word_1_708' title='bbox 2884 3451 3125 3515; x_wconf 87' lang='lat' dir='ltr'><strong>Domine,</strong></span> <span class='ocrx_word' id='word_1_709' title='bbox 3143 3451 3379 3507; x_wconf 85' lang='lat' dir='ltr'><strong>Domine.</strong></span> <span class='ocrx_word' id='word_1_710' title='bbox 3391 3470 3410 3504; x_wconf 68' lang='grc' dir='ltr'>θ</span> 
     </span>
    </p>
   </div>
   <div class='ocr_carea' id='block_1_83' title="bbox 1879 3540 3411 3609">
    <p class='ocr_par' dir='ltr' id='par_1_83' title="bbox 1879 3540 3411 3609">
     <span class='ocr_line' id='line_1_83' title="bbox 1879 3540 3411 3609; baseline 0.001 -17"><span class='ocrx_word' id='word_1_711' title='bbox 1879 3540 2016 3606; x_wconf 84' lang='lat' dir='ltr'><strong>Quin</strong></span> <span class='ocrx_word' id='word_1_712' title='bbox 2043 3540 2201 3595; x_wconf 89' lang='lat' dir='ltr'><strong>etiam</strong></span> <span class='ocrx_word' id='word_1_713' title='bbox 2236 3541 2336 3595; x_wconf 91' lang='lat' dir='ltr'><strong>hoc</strong></span> <span class='ocrx_word' id='word_1_714' title='bbox 2365 3540 2592 3605; x_wconf 85' lang='lat' dir='ltr'><strong>dictum,</strong></span> <span class='ocrx_word' id='word_1_715' title='bbox 2649 3557 2668 3591; x_wconf 73' lang='grc' dir='ltr'><strong>ι</strong></span> <span class='ocrx_word' id='word_1_716' title='bbox 2697 3540 2810 3593; x_wconf 88' lang='lat' dir='ltr'><strong>Non</strong></span> <span class='ocrx_word' id='word_1_717' title='bbox 2837 3541 3080 3609; x_wconf 90' lang='lat' dir='ltr'><strong>quisquis</strong></span> <span class='ocrx_word' id='word_1_718' title='bbox 3107 3541 3234 3594; x_wconf 91' lang='lat' dir='ltr'><strong>mihi</strong></span> <span class='ocrx_word' id='word_1_719' title='bbox 3261 3541 3411 3600; x_wconf 87' lang='lat' dir='ltr'><strong>dicit.</strong></span> 
     </span>
    </p>
   </div>
   <div class='ocr_carea' id='block_1_84' title="bbox 1881 3627 3408 3698">
    <p class='ocr_par' dir='ltr' id='par_1_84' title="bbox 1881 3627 3408 3698">
     <span class='ocr_line' id='line_1_84' title="bbox 1881 3627 3408 3698; baseline -0.001 -16"><span class='ocrx_word' id='word_1_720' title='bbox 1881 3628 2120 3692; x_wconf 88' lang='lat' dir='ltr'><strong>Domine,</strong></span> <span class='ocrx_word' id='word_1_721' title='bbox 2146 3627 2390 3696; x_wconf 90' lang='lat' dir='ltr'><strong>Domine,</strong></span> <span class='ocrx_word' id='word_1_722' title='bbox 2430 3629 2649 3684; x_wconf 84' lang='lat' dir='ltr'><strong>intrabit</strong></span> <span class='ocrx_word' id='word_1_723' title='bbox 2683 3630 2737 3682; x_wconf 93' lang='lat' dir='ltr'><strong>in</strong></span> <span class='ocrx_word' id='word_1_724' title='bbox 2767 3644 2984 3698; x_wconf 84' lang='lat' dir='ltr'><strong>regnum</strong></span> <span class='ocrx_word' id='word_1_725' title='bbox 3012 3630 3268 3684; x_wconf 64' lang='lat' dir='ltr'><strong>caelorum</strong></span> <span class='ocrx_word' id='word_1_726' title='bbox 3294 3630 3356 3693; x_wconf 84' lang='lat'><strong>&quot;,</strong></span> <span class='ocrx_word' id='word_1_727' title='bbox 3387 3647 3408 3680; x_wconf 69' lang='grc' dir='ltr'><strong>ι</strong></span> 
     </span>
    </p>
   </div>
   <div class='ocr_carea' id='block_1_85' title="bbox 1879 3717 3414 3786">
    <p class='ocr_par' dir='ltr' id='par_1_85' title="bbox 1879 3717 3414 3786">
     <span class='ocr_line' id='line_1_85' title="bbox 1879 3717 3414 3786; baseline 0.001 -16"><span class='ocrx_word' id='word_1_728' title='bbox 1879 3717 2051 3786; x_wconf 90' lang='lat' dir='ltr'><strong>palam</strong></span> <span class='ocrx_word' id='word_1_729' title='bbox 2079 3717 2232 3772; x_wconf 91' lang='lat' dir='ltr'><strong>docet</strong></span> <span class='ocrx_word' id='word_1_730' title='bbox 2278 3733 2381 3772; x_wconf 90' lang='lat' dir='ltr'><strong>non</strong></span> <span class='ocrx_word' id='word_1_731' title='bbox 2404 3732 2614 3772; x_wconf 89' lang='lat' dir='ltr'><strong>omnem</strong></span> <span class='ocrx_word' id='word_1_732' title='bbox 2637 3719 2925 3782; x_wconf 90' lang='lat' dir='ltr'><strong>dicentem,</strong></span> <span class='ocrx_word' id='word_1_733' title='bbox 2964 3735 2984 3769; x_wconf 80' lang='grc' dir='ltr'><strong>ι</strong></span> <span class='ocrx_word' id='word_1_734' title='bbox 3020 3719 3263 3784; x_wconf 87' lang='lat' dir='ltr'><strong>Domine,</strong></span> <span class='ocrx_word' id='word_1_735' title='bbox 3311 3719 3414 3772; x_wconf 85' lang='lat' dir='ltr'><strong>Do-</strong></span> 
     </span>
    </p>
   </div>
   <div class='ocr_carea' id='block_1_86' title="bbox 1879 3806 3416 3875">
    <p class='ocr_par' dir='ltr' id='par_1_86' title="bbox 1879 3806 3416 3875">
     <span class='ocr_line' id='line_1_86' title="bbox 1879 3806 3416 3875; baseline 0 -15"><span class='ocrx_word' id='word_1_736' title='bbox 1879 3806 2062 3872; x_wconf 89' lang='lat' dir='ltr'><strong>mine,</strong></span> <span class='ocrx_word' id='word_1_737' title='bbox 2109 3825 2129 3859; x_wconf 72' lang='grc' dir='ltr'><strong>ι</strong></span> <span class='ocrx_word' id='word_1_738' title='bbox 2178 3807 2542 3862; x_wconf 86' lang='lat' dir='ltr'><strong>testimonium</strong></span> <span class='ocrx_word' id='word_1_739' title='bbox 2589 3806 2900 3860; x_wconf 88' lang='lat' dir='ltr'><strong>habiturum</strong></span> <span class='ocrx_word' id='word_1_740' title='bbox 2963 3807 3030 3862; x_wconf 87' lang='lat' dir='ltr'><strong>ab</strong></span> <span class='ocrx_word' id='word_1_741' title='bbox 3079 3808 3231 3875; x_wconf 87' lang='lat' dir='ltr'><strong>ipso.</strong></span> <span class='ocrx_word' id='word_1_742' title='bbox 3279 3809 3416 3862; x_wconf 84' lang='lat' dir='ltr'><strong>sicut</strong></span> 
     </span>
    </p>
   </div>
   <div class='ocr_carea' id='block_1_87' title="bbox 1879 3892 3435 3962">
    <p class='ocr_par' dir='ltr' id='par_1_87' title="bbox 1879 3892 3435 3962">
     <span class='ocr_line' id='line_1_87' title="bbox 1879 3892 3435 3962; baseline 0.001 -16"><span class='ocrx_word' id='word_1_743' title='bbox 1879 3908 2022 3947; x_wconf 87' lang='lat' dir='ltr'><strong>nunc</strong></span> <span class='ocrx_word' id='word_1_744' title='bbox 2055 3894 2302 3962; x_wconf 89' lang='lat' dir='ltr'><strong>apostoli,</strong></span> <span class='ocrx_word' id='word_1_745' title='bbox 2332 3893 2526 3962; x_wconf 88' lang='lat' dir='ltr'><strong>quibus</strong></span> <span class='ocrx_word' id='word_1_746' title='bbox 2557 3893 2692 3947; x_wconf 79' lang='lat' dir='ltr'><strong>dixit</strong></span> <span class='ocrx_word' id='word_1_747' title='bbox 2723 3914 2735 3948; x_wconf 90' lang='lat'>:</span> <span class='ocrx_word' id='word_1_748' title='bbox 2786 3911 2806 3945; x_wconf 80' lang='grc' dir='ltr'><strong>ι</strong></span> <span class='ocrx_word' id='word_1_749' title='bbox 2850 3892 2993 3947; x_wconf 89' lang='lat' dir='ltr'><strong>Bene</strong></span> <span class='ocrx_word' id='word_1_750' title='bbox 3048 3895 3242 3960; x_wconf 89' lang='lat' dir='ltr'><strong>dicitis,</strong></span> <span class='ocrx_word' id='word_1_751' title='bbox 3293 3909 3435 3948; x_wconf 68' lang='lat' dir='ltr'><strong>sum.</strong></span> 
     </span>
    </p>
   </div>
   <div class='ocr_carea' id='block_1_88' title="bbox 1879 3979 3412 4049">
    <p class='ocr_par' dir='ltr' id='par_1_88' title="bbox 1879 3979 3412 4049">
     <span class='ocr_line' id='line_1_88' title="bbox 1879 3979 3412 4049; baseline 0.002 -15"><span class='ocrx_word' id='word_1_752' title='bbox 1879 3981 2098 4034; x_wconf 91' lang='lat' dir='ltr'><strong>etenim.</strong></span> <span class='ocrx_word' id='word_1_753' title='bbox 2133 3997 2152 4032; x_wconf 73' lang='grc' dir='ltr'><strong>ι</strong></span> <span class='ocrx_word' id='word_1_754' title='bbox 2186 3979 2324 4034; x_wconf 84' lang='lat' dir='ltr'><strong>Vere</strong></span> <span class='ocrx_word' id='word_1_755' title='bbox 2344 3981 2483 4034; x_wconf 89' lang='lat' dir='ltr'><strong>enim</strong></span> <span class='ocrx_word' id='word_1_756' title='bbox 2514 3979 2702 4034; x_wconf 83' lang='lat' dir='ltr'><strong>vitium</strong></span> <span class='ocrx_word' id='word_1_757' title='bbox 2735 3994 2839 4034; x_wconf 92' lang='lat' dir='ltr'><strong>non</strong></span> <span class='ocrx_word' id='word_1_758' title='bbox 2870 3980 3094 4049; x_wconf 88' lang='lat' dir='ltr'><strong>amplius</strong></span> <span class='ocrx_word' id='word_1_759' title='bbox 3119 3982 3198 4036; x_wconf 89' lang='lat' dir='ltr'><strong>eis</strong></span> <span class='ocrx_word' id='word_1_760' title='bbox 3242 3982 3412 4037; x_wconf 82' lang='lat' dir='ltr'><strong>domi-</strong></span> 
     </span>
    </p>
   </div>
   <div class='ocr_carea' id='block_1_89' title="bbox 1879 4068 3417 4140">
    <p class='ocr_par' dir='ltr' id='par_1_89' title="bbox 1879 4068 3417 4140">
     <span class='ocr_line' id='line_1_89' title="bbox 1879 4068 3417 4140; baseline 0.002 -19"><span class='ocrx_word' id='word_1_761' title='bbox 1879 4068 2128 4133; x_wconf 89' lang='lat' dir='ltr'><strong>nabatur,</strong></span> <span class='ocrx_word' id='word_1_762' title='bbox 2155 4069 2248 4123; x_wconf 89' lang='lat' dir='ltr'><strong>sed</strong></span> <span class='ocrx_word' id='word_1_763' title='bbox 2273 4069 2462 4136; x_wconf 87' lang='grc' dir='ltr'>Λόγος,</span> <span class='ocrx_word' id='word_1_764' title='bbox 2493 4069 2590 4139; x_wconf 89' lang='lat' dir='ltr'><strong>[id</strong></span> <span class='ocrx_word' id='word_1_765' title='bbox 2625 4079 2704 4124; x_wconf 91' lang='lat' dir='ltr'><strong>est</strong></span> <span class='ocrx_word' id='word_1_766' title='bbox 2727 4071 2864 4123; x_wconf 88' lang='lat' dir='ltr'><strong>ratio</strong></span> <span class='ocrx_word' id='word_1_767' title='bbox 2887 4087 2901 4134; x_wconf 89' lang='lat'><strong>;</strong></span> <span class='ocrx_word' id='word_1_768' title='bbox 2925 4069 2948 4140; x_wconf 94' lang='lat'><strong>]</strong></span> <span class='ocrx_word' id='word_1_769' title='bbox 2969 4079 3022 4124; x_wconf 94' lang='lat' dir='ltr'><strong>et</strong></span> <span class='ocrx_word' id='word_1_770' title='bbox 3043 4079 3099 4124; x_wconf 91' lang='lat' dir='ltr'><strong>ut</strong></span> <span class='ocrx_word' id='word_1_771' title='bbox 3121 4073 3417 4139; x_wconf 87' lang='lat' dir='ltr'><strong>generatim</strong></span> 
     </span>
    </p>
   </div>
   <div class='ocr_carea' id='block_1_90' title="bbox 1880 4157 3408 4223">
    <p class='ocr_par' dir='ltr' id='par_1_90' title="bbox 1880 4157 3408 4223">
     <span class='ocr_line' id='line_1_90' title="bbox 1880 4157 3408 4223; baseline 0.001 -11"><span class='ocrx_word' id='word_1_772' title='bbox 1880 4157 2075 4223; x_wconf 88' lang='lat' dir='ltr'><strong>dicam,</strong></span> <span class='ocrx_word' id='word_1_773' title='bbox 2103 4158 2378 4221; x_wconf 89' lang='lat' dir='ltr'><strong>Dominus,</strong></span> <span class='ocrx_word' id='word_1_774' title='bbox 2417 4160 2519 4213; x_wconf 89' lang='lat' dir='ltr'><strong>hoc</strong></span> <span class='ocrx_word' id='word_1_775' title='bbox 2550 4167 2654 4220; x_wconf 88' lang='lat' dir='ltr'><strong>est.</strong></span> <span class='ocrx_word' id='word_1_776' title='bbox 2692 4159 2938 4212; x_wconf 88' lang='lat' dir='ltr'><strong>universa</strong></span> <span class='ocrx_word' id='word_1_777' title='bbox 2969 4159 3199 4213; x_wconf 85' lang='lat' dir='ltr'><strong>animata</strong></span> <span class='ocrx_word' id='word_1_778' title='bbox 3241 4168 3295 4212; x_wconf 94' lang='lat' dir='ltr'><strong>et</strong></span> <span class='ocrx_word' id='word_1_779' title='bbox 3333 4159 3408 4213; x_wconf 85' lang='lat' dir='ltr'><strong>vi-</strong></span> 
     </span>
    </p>
   </div>
   <div class='ocr_carea' id='block_1_91' title="bbox 1879 4246 3409 4318">
    <p class='ocr_par' dir='ltr' id='par_1_91' title="bbox 1879 4246 3409 4318">
     <span class='ocr_line' id='line_1_91' title="bbox 1879 4246 3409 4318; baseline 0.005 -20"><span class='ocrx_word' id='word_1_780' title='bbox 1879 4259 2010 4301; x_wconf 86' lang='lat' dir='ltr'><strong>vens</strong></span> <span class='ocrx_word' id='word_1_781' title='bbox 2056 4247 2246 4301; x_wconf 91' lang='lat' dir='ltr'><strong>virtus.</strong></span> <span class='ocrx_word' id='word_1_782' title='bbox 2278 4246 2416 4312; x_wconf 84' lang='lat' dir='ltr'><strong>Quin</strong></span> <span class='ocrx_word' id='word_1_783' title='bbox 2447 4249 2608 4301; x_wconf 86' lang='lat' dir='ltr'><strong>etiam</strong></span> <span class='ocrx_word' id='word_1_784' title='bbox 2643 4249 2688 4301; x_wconf 88' lang='lat' dir='ltr'><strong>si</strong></span> <span class='ocrx_word' id='word_1_785' title='bbox 2729 4266 2748 4299; x_wconf 77' lang='grc' dir='ltr'><strong>ι</strong></span> <span class='ocrx_word' id='word_1_786' title='bbox 2785 4249 2959 4302; x_wconf 90' lang='lat' dir='ltr'><strong>nullus</strong></span> <span class='ocrx_word' id='word_1_787' title='bbox 2988 4257 3163 4318; x_wconf 81' lang='lat' dir='ltr'><strong>potes:</strong></span> <span class='ocrx_word' id='word_1_788' title='bbox 3209 4249 3409 4312; x_wconf 82' lang='lat' dir='ltr'><strong>dicere.</strong></span> 
     </span>
    </p>
   </div>
   <div class='ocr_carea' id='block_1_92' title="bbox 229 4336 1787 4416">
    <p class='ocr_par' dir='ltr' id='par_1_92' title="bbox 229 4345 1773 4416">
     <span class='ocr_line' id='line_1_92' title="bbox 229 4345 1773 4416; baseline 0.004 -22"><span class='ocrx_word' id='word_1_789' title='bbox 229 4346 328 4397; x_wconf 78' lang='grc' dir='ltr'><strong>οὐκ</strong></span> <span class='ocrx_word' id='word_1_790' title='bbox 359 4345 424 4399; x_wconf 81' lang='grc' dir='ltr'><strong>ἂν</strong></span> <span class='ocrx_word' id='word_1_791' title='bbox 457 4346 849 4414; x_wconf 86' lang='grc' dir='ltr'>λεχθησόμενον</span> <span class='ocrx_word' id='word_1_792' title='bbox 894 4345 996 4396; x_wconf 79' lang='grc' dir='ltr'><strong>ὑπὸ</strong></span> <span class='ocrx_word' id='word_1_793' title='bbox 1039 4345 1130 4397; x_wconf 88' lang='grc' dir='ltr'><strong>τοῦ</strong></span> <span class='ocrx_word' id='word_1_794' title='bbox 1177 4345 1344 4412; x_wconf 87' lang='grc' dir='ltr'>Λόγου</span> <span class='ocrx_word' id='word_1_795' title='bbox 1378 4346 1454 4416; x_wconf 79' lang='grc' dir='ltr'>τῷ</span> <span class='ocrx_word' id='word_1_796' title='bbox 1482 4347 1773 4401; x_wconf 86' lang='grc' dir='ltr'>δουλεύοντι</span> 
     </span>
    </p>
   </div>
   <div class='ocr_carea' id='block_1_93' title="bbox 1886 4336 3413 4416">
    <p class='ocr_par' dir='ltr' id='par_1_93' title="bbox 1886 4336 3413 4405">
     <span class='ocr_line' id='line_1_93' title="bbox 1886 4336 3413 4405; baseline 0.003 -14"><span class='ocrx_word' id='word_1_797' title='bbox 1886 4338 2132 4392; x_wconf 81' lang='lat' dir='ltr'><strong>Dominus</strong></span> <span class='ocrx_word' id='word_1_798' title='bbox 2159 4336 2334 4402; x_wconf 85' lang='lat' dir='ltr'><strong>Jesus,</strong></span> <span class='ocrx_word' id='word_1_799' title='bbox 2367 4337 2470 4394; x_wconf 86' lang='lat' dir='ltr'><strong>nisi</strong></span> <span class='ocrx_word' id='word_1_800' title='bbox 2493 4338 2545 4391; x_wconf 87' lang='lat' dir='ltr'><strong>itt</strong></span> <span class='ocrx_word' id='word_1_801' title='bbox 2575 4336 2776 4405; x_wconf 89' lang='lat' dir='ltr'><strong>Spiritu</strong></span> <span class='ocrx_word' id='word_1_802' title='bbox 2808 4347 2994 4392; x_wconf 88' lang='lat' dir='ltr'><strong>sancto</strong></span> <span class='ocrx_word' id='word_1_803' title='bbox 3030 4339 3097 4404; x_wconf 83' lang='grc'><strong>¹⁶,</strong></span> <span class='ocrx_word' id='word_1_804' title='bbox 3134 4357 3152 4390; x_wconf 74' lang='lat'><strong>1</strong></span> <span class='ocrx_word' id='word_1_805' title='bbox 3197 4350 3251 4393; x_wconf 93' lang='lat' dir='ltr'><strong>et</strong></span> <span class='ocrx_word' id='word_1_806' title='bbox 3285 4357 3413 4395; x_wconf 86' lang='lat' dir='ltr'><strong>con-</strong></span> 
     </span>
    </p>
   </div>
   <div class='ocr_carea' id='block_1_94' title="bbox 229 4433 1775 4504">
    <p class='ocr_par' dir='ltr' id='par_1_94' title="bbox 229 4433 1775 4504">
     <span class='ocr_line' id='line_1_94' title="bbox 229 4433 1775 4504; baseline 0.003 -18"><span class='ocrx_word' id='word_1_807' title='bbox 229 4436 296 4500; x_wconf 81' lang='grc' dir='ltr'><strong>τῇ</strong></span> <span class='ocrx_word' id='word_1_808' title='bbox 351 4433 620 4504; x_wconf 79' lang='grc' dir='ltr'>ἁμαρτίᾳ,</span> <span class='ocrx_word' id='word_1_809' title='bbox 661 4434 754 4486; x_wconf 74' lang='grc' dir='ltr'>καὶ</span> <span class='ocrx_word' id='word_1_810' title='bbox 793 4433 869 4501; x_wconf 86' lang='grc' dir='ltr'>τῷ</span> <span class='ocrx_word' id='word_1_811' title='bbox 927 4433 1338 4502; x_wconf 84' lang='grc' dir='ltr'>μαθητευομένῳ</span> <span class='ocrx_word' id='word_1_812' title='bbox 1383 4437 1493 4497; x_wconf 86' lang='grc' dir='ltr'>τοῖς</span> <span class='ocrx_word' id='word_1_813' title='bbox 1541 4434 1775 4503; x_wconf 79' lang='grc' dir='ltr'>ψεύδεσι.</span> 
     </span>
    </p>
   </div>
   <div class='ocr_carea' id='block_1_95' title="bbox 231 4520 1779 4590">
    <p class='ocr_par' dir='ltr' id='par_1_95' title="bbox 231 4520 1779 4590">
     <span class='ocr_line' id='line_1_95' title="bbox 231 4520 1779 4590; baseline 0.002 -18"><span class='ocrx_word' id='word_1_814' title='bbox 231 4522 378 4590; x_wconf 85' lang='grc' dir='ltr'>Πλὴν</span> <span class='ocrx_word' id='word_1_815' title='bbox 409 4524 507 4574; x_wconf 78' lang='grc' dir='ltr'>καὶ</span> <span class='ocrx_word' id='word_1_816' title='bbox 548 4521 700 4588; x_wconf 79' lang='grc' dir='ltr'>ἆγιον</span> <span class='ocrx_word' id='word_1_817' title='bbox 737 4521 863 4573; x_wconf 69' lang='grc' dir='ltr'>ὄντα</span> <span class='ocrx_word' id='word_1_818' title='bbox 905 4520 1168 4589; x_wconf 78' lang='grc' dir='ltr'>ἐνδέχεται</span> <span class='ocrx_word' id='word_1_819' title='bbox 1218 4521 1414 4574; x_wconf 86' lang='grc' dir='ltr'>δεῖσθαι</span> <span class='ocrx_word' id='word_1_820' title='bbox 1444 4522 1543 4590; x_wconf 80' lang='grc' dir='ltr'>τῆς</span> <span class='ocrx_word' id='word_1_821' title='bbox 1586 4523 1779 4590; x_wconf 79' lang='grc' dir='ltr'>νίψεως</span> 
     </span>
    </p>
   </div>
   <div class='ocr_carea' id='block_1_96' title="bbox 228 4610 1779 4681">
    <p class='ocr_par' dir='ltr' id='par_1_96' title="bbox 228 4610 1779 4681">
     <span class='ocr_line' id='line_1_96' title="bbox 228 4610 1779 4681; baseline 0.001 -19"><span class='ocrx_word' id='word_1_822' title='bbox 228 4610 340 4663; x_wconf 81' lang='grc' dir='ltr'><strong>τῶν</strong></span> <span class='ocrx_word' id='word_1_823' title='bbox 369 4611 548 4664; x_wconf 82' lang='grc' dir='ltr'>ποδῶν</span> <span class='ocrx_word' id='word_1_824' title='bbox 562 4627 577 4641; x_wconf 74' lang='grc' dir='ltr'><strong><em>ο</em></strong></span> <span class='ocrx_word' id='word_1_825' title='bbox 601 4611 719 4662; x_wconf 73' lang='grc' dir='ltr'><strong>ἐπεὶ</strong></span> <span class='ocrx_word' id='word_1_826' title='bbox 736 4611 828 4663; x_wconf 72' lang='grc' dir='ltr'><strong>καὶ</strong></span> <span class='ocrx_word' id='word_1_827' title='bbox 852 4613 885 4680; x_wconf 84' lang='grc' dir='ltr'><strong>ἡ</strong></span> <span class='ocrx_word' id='word_1_828' title='bbox 907 4610 1301 4680; x_wconf 85' lang='grc' dir='ltr'>καταλεγομένη</span> <span class='ocrx_word' id='word_1_829' title='bbox 1319 4613 1395 4673; x_wconf 71' lang='grc' dir='ltr'>εἰς</span> <span class='ocrx_word' id='word_1_830' title='bbox 1410 4612 1779 4681; x_wconf 80' lang='grc' dir='ltr'>ἐκκλησιαστι-</span> 
     </span>
    </p>
   </div>
   <div class='ocr_carea' id='block_1_97' title="bbox 229 4698 1776 4769">
    <p class='ocr_par' dir='ltr' id='par_1_97' title="bbox 229 4698 1776 4769">
     <span class='ocr_line' id='line_1_97' title="bbox 229 4698 1776 4769; baseline 0 -19"><span class='ocrx_word' id='word_1_831' title='bbox 229 4699 333 4768; x_wconf 79' lang='grc' dir='ltr'><strong>κὴν</strong></span> <span class='ocrx_word' id='word_1_832' title='bbox 374 4699 538 4769; x_wconf 82' lang='grc' dir='ltr'>τιμὴν</span> <span class='ocrx_word' id='word_1_833' title='bbox 579 4699 688 4767; x_wconf 71' lang='grc'><strong>(25)</strong></span> <span class='ocrx_word' id='word_1_834' title='bbox 736 4699 878 4768; x_wconf 86' lang='grc' dir='ltr'>χήρα</span> <span class='ocrx_word' id='word_1_835' title='bbox 927 4698 1232 4763; x_wconf 74' lang='grc' dir='ltr'>ἐξετάζεται</span> <span class='ocrx_word' id='word_1_836' title='bbox 1278 4698 1412 4768; x_wconf 85' lang='grc' dir='ltr'>μετὰ</span> <span class='ocrx_word' id='word_1_837' title='bbox 1453 4698 1558 4750; x_wconf 84' lang='grc' dir='ltr'><strong>τῶν</strong></span> <span class='ocrx_word' id='word_1_838' title='bbox 1606 4699 1776 4751; x_wconf 78' lang='grc' dir='ltr'>ἄλλων</span> 
     </span>
    </p>
   </div>
   <div class='ocr_carea' id='block_1_98' title="bbox 229 4785 1776 4855">
    <p class='ocr_par' dir='ltr' id='par_1_98' title="bbox 229 4785 1776 4855">
     <span class='ocr_line' id='line_1_98' title="bbox 229 4785 1776 4855; baseline 0 -17"><span class='ocrx_word' id='word_1_839' title='bbox 229 4787 409 4840; x_wconf 85' lang='grc' dir='ltr'>καλῶν</span> <span class='ocrx_word' id='word_1_840' title='bbox 440 4788 535 4839; x_wconf 76' lang='grc' dir='ltr'><strong>καὶ</strong></span> <span class='ocrx_word' id='word_1_841' title='bbox 564 4789 622 4838; x_wconf 83' lang='grc' dir='ltr'>ὲν</span> <span class='ocrx_word' id='word_1_842' title='bbox 652 4786 750 4855; x_wconf 83' lang='grc' dir='ltr'>τῷ,</span> <span class='ocrx_word' id='word_1_843' title='bbox 785 4788 832 4838; x_wconf 77' lang='grc' dir='ltr'><strong>εἱ</strong></span> <span class='ocrx_word' id='word_1_844' title='bbox 862 4786 1026 4851; x_wconf 87' lang='grc' dir='ltr'>ἁγίων</span> <span class='ocrx_word' id='word_1_845' title='bbox 1057 4787 1220 4848; x_wconf 86' lang='grc' dir='ltr'>πόδας</span> <span class='ocrx_word' id='word_1_846' title='bbox 1246 4785 1417 4854; x_wconf 74' lang='grc' dir='ltr'>ἐνιψεο</span> <span class='ocrx_word' id='word_1_847' title='bbox 1450 4785 1650 4853; x_wconf 83' lang='grc' dir='ltr'>γελοῖον</span> <span class='ocrx_word' id='word_1_848' title='bbox 1668 4785 1776 4855; x_wconf 85' lang='grc' dir='ltr'><strong>γὰρ</strong></span> 
     </span>
    </p>
   </div>
   <div class='ocr_carea' id='block_1_99' title="bbox 229 4870 1776 4946">
    <p class='ocr_par' dir='ltr' id='par_1_99' title="bbox 229 4870 1776 4946">
     <span class='ocr_line' id='line_1_99' title="bbox 229 4870 1776 4946; baseline 0.001 -20"><span class='ocrx_word' id='word_1_849' title='bbox 229 4870 384 4944; x_wconf 75' lang='grc' dir='ltr'>οἶμαι</span> <span class='ocrx_word' id='word_1_850' title='bbox 413 4876 700 4944; x_wconf 86' lang='grc' dir='ltr'>τυγχάνειν</span> <span class='ocrx_word' id='word_1_851' title='bbox 727 4875 789 4927; x_wconf 84' lang='grc' dir='ltr'>τὸ</span> <span class='ocrx_word' id='word_1_852' title='bbox 828 4875 1014 4945; x_wconf 81' lang='grc' dir='ltr'>στῆναι</span> <span class='ocrx_word' id='word_1_853' title='bbox 1045 4874 1136 4927; x_wconf 78' lang='grc' dir='ltr'><strong>ἐπὶ</strong></span> <span class='ocrx_word' id='word_1_854' title='bbox 1178 4873 1267 4926; x_wconf 90' lang='grc' dir='ltr'><strong>τοῦ</strong></span> <span class='ocrx_word' id='word_1_855' title='bbox 1294 4875 1474 4945; x_wconf 76' lang='grc' dir='ltr'>ῥητοῦ,</span> <span class='ocrx_word' id='word_1_856' title='bbox 1508 4877 1617 4937; x_wconf 74' lang='grc' dir='ltr'>καὶ,</span> <span class='ocrx_word' id='word_1_857' title='bbox 1646 4877 1776 4946; x_wconf 77' lang='grc' dir='ltr'>φέρε</span> 
     </span>
    </p>
   </div>
   <div class='ocr_carea' id='block_1_100' title="bbox 230 4967 1790 5038">
    <p class='ocr_par' dir='ltr' id='par_1_100' title="bbox 230 4967 1790 5038">
     <span class='ocr_line' id='line_1_100' title="bbox 230 4967 1790 5038; baseline 0.002 -22"><span class='ocrx_word' id='word_1_858' title='bbox 230 4969 426 5030; x_wconf 84' lang='grc' dir='ltr'>εἰπεῖν,</span> <span class='ocrx_word' id='word_1_859' title='bbox 478 4969 577 5034; x_wconf 86' lang='grc' dir='ltr'>τὴν</span> <span class='ocrx_word' id='word_1_860' title='bbox 611 4967 831 5036; x_wconf 79' lang='grc' dir='ltr'>ἔχουσαν</span> <span class='ocrx_word' id='word_1_861' title='bbox 865 4968 1040 5021; x_wconf 88' lang='grc' dir='ltr'>πάντα</span> <span class='ocrx_word' id='word_1_862' title='bbox 1078 4969 1145 5021; x_wconf 83' lang='grc' dir='ltr'>τὰ</span> <span class='ocrx_word' id='word_1_863' title='bbox 1187 4970 1644 5038; x_wconf 77' lang='grc' dir='ltr'>χαρακτηρίξοντα</span> <span class='ocrx_word' id='word_1_864' title='bbox 1679 4969 1790 5038; x_wconf 64' lang='grc' dir='ltr'><strong>τὴν</strong></span> 
     </span>
    </p>
   </div>
   <div class='ocr_carea' id='block_1_101' title="bbox 227 5057 1824 5127">
    <p class='ocr_par' dir='ltr' id='par_1_101' title="bbox 227 5057 1824 5127">
     <span class='ocr_line' id='line_1_101' title="bbox 227 5057 1824 5127; baseline 0.001 -19"><span class='ocrx_word' id='word_1_865' title='bbox 227 5057 395 5122; x_wconf 84' lang='grc' dir='ltr'>ἁγίαν</span> <span class='ocrx_word' id='word_1_866' title='bbox 424 5058 618 5126; x_wconf 80' lang='grc' dir='ltr'>χήραν,</span> <span class='ocrx_word' id='word_1_867' title='bbox 651 5059 742 5109; x_wconf 78' lang='grc' dir='ltr'><strong>καὶ</strong></span> <span class='ocrx_word' id='word_1_868' title='bbox 777 5057 948 5127; x_wconf 87' lang='grc' dir='ltr'>τούτῳ</span> <span class='ocrx_word' id='word_1_869' title='bbox 993 5057 1136 5126; x_wconf 81' lang='grc' dir='ltr'>μόνῳ</span> <span class='ocrx_word' id='word_1_870' title='bbox 1172 5057 1476 5119; x_wconf 88' lang='grc' dir='ltr'>λείπουσαν,</span> <span class='ocrx_word' id='word_1_871' title='bbox 1510 5058 1583 5126; x_wconf 82' lang='grc' dir='ltr'>μὴ</span> <span class='ocrx_word' id='word_1_872' title='bbox 1615 5073 1777 5111; x_wconf 83' lang='grc' dir='ltr'>κατα-</span> <span class='ocrx_word' id='word_1_873' title='bbox 1814 5085 1824 5102; x_wconf 79' lang='grc' dir='ltr'><em>ο</em></span> 
     </span>
    </p>
   </div>
   <div class='ocr_carea' id='block_1_102' title="bbox 227 5143 1776 5214">
    <p class='ocr_par' dir='ltr' id='par_1_102' title="bbox 227 5143 1776 5214">
     <span class='ocr_line' id='line_1_102' title="bbox 227 5143 1776 5214; baseline 0.003 -22"><span class='ocrx_word' id='word_1_874' title='bbox 227 5143 489 5212; x_wconf 79' lang='grc' dir='ltr'>τετάχθαι</span> <span class='ocrx_word' id='word_1_875' title='bbox 535 5145 616 5204; x_wconf 80' lang='grc' dir='ltr'><strong>είς</strong></span> <span class='ocrx_word' id='word_1_876' title='bbox 661 5143 1107 5214; x_wconf 81' lang='grc' dir='ltr'>ἐκκλησιαστικὴν</span> <span class='ocrx_word' id='word_1_877' title='bbox 1150 5143 1329 5214; x_wconf 82' lang='grc' dir='ltr'>τιμὴν,</span> <span class='ocrx_word' id='word_1_878' title='bbox 1382 5144 1634 5205; x_wconf 84' lang='grc' dir='ltr'>πολλάκις</span> <span class='ocrx_word' id='word_1_879' title='bbox 1689 5144 1776 5196; x_wconf 82' lang='grc' dir='ltr'>διὰ</span> 
     </span>
    </p>
   </div>
   <div class='ocr_carea' id='block_1_103' title="bbox 1879 4425 3412 4491">
    <p class='ocr_par' dir='ltr' id='par_1_103' title="bbox 1879 4425 3412 4491">
     <span class='ocr_line' id='line_1_103' title="bbox 1879 4425 3412 4491; baseline 0.003 -9"><span class='ocrx_word' id='word_1_880' title='bbox 1879 4428 2170 4482; x_wconf 88' lang='lat' dir='ltr'><strong>sideremus</strong></span> <span class='ocrx_word' id='word_1_881' title='bbox 2195 4425 2320 4491; x_wconf 88' lang='lat' dir='ltr'><strong>quid</strong></span> <span class='ocrx_word' id='word_1_882' title='bbox 2348 4426 2420 4480; x_wconf 89' lang='lat' dir='ltr'><strong>sit</strong></span> <span class='ocrx_word' id='word_1_883' title='bbox 2459 4426 2636 4480; x_wconf 88' lang='lat' dir='ltr'><strong>dicere</strong></span> <span class='ocrx_word' id='word_1_884' title='bbox 2672 4425 2724 4478; x_wconf 91' lang='lat' dir='ltr'><strong>in</strong></span> <span class='ocrx_word' id='word_1_885' title='bbox 2759 4426 2858 4479; x_wconf 90' lang='lat' dir='ltr'><strong>hoc</strong></span> <span class='ocrx_word' id='word_1_886' title='bbox 2907 4426 3046 4490; x_wconf 90' lang='lat' dir='ltr'><strong>loco,</strong></span> <span class='ocrx_word' id='word_1_887' title='bbox 3097 4445 3115 4479; x_wconf 74' lang='grc' dir='ltr'><strong>ι</strong></span> <span class='ocrx_word' id='word_1_888' title='bbox 3158 4428 3412 4486; x_wconf 87' lang='lat' dir='ltr'><strong>Dominus</strong></span> 
     </span>
    </p>
   </div>
   <div class='ocr_carea' id='block_1_104' title="bbox 1876 4515 3408 4588">
    <p class='ocr_par' dir='ltr' id='par_1_104' title="bbox 1876 4515 3408 4588">
     <span class='ocr_line' id='line_1_104' title="bbox 1876 4515 3408 4588; baseline 0.002 -16"><span class='ocrx_word' id='word_1_889' title='bbox 1876 4518 2074 4581; x_wconf 84' lang='lat' dir='ltr'><strong>Jesus;</strong></span> <span class='ocrx_word' id='word_1_890' title='bbox 2107 4535 2124 4568; x_wconf 78' lang='grc' dir='ltr'><strong>ι</strong></span> <span class='ocrx_word' id='word_1_891' title='bbox 2159 4515 2316 4585; x_wconf 66' lang='grc'><strong>422</strong></span> <span class='ocrx_word' id='word_1_892' title='bbox 2369 4516 2457 4584; x_wconf 89' lang='lat' dir='ltr'><strong>qui</strong></span> <span class='ocrx_word' id='word_1_893' title='bbox 2512 4517 2662 4584; x_wconf 91' lang='lat' dir='ltr'><strong>dicit,</strong></span> <span class='ocrx_word' id='word_1_894' title='bbox 2708 4537 2728 4570; x_wconf 74' lang='grc' dir='ltr'><strong>ι</strong></span> <span class='ocrx_word' id='word_1_895' title='bbox 2779 4521 3031 4576; x_wconf 90' lang='lat' dir='ltr'><strong>Dominus</strong></span> <span class='ocrx_word' id='word_1_896' title='bbox 3076 4523 3253 4588; x_wconf 89' lang='lat' dir='ltr'><strong>Jesus,</strong></span> <span class='ocrx_word' id='word_1_897' title='bbox 3287 4543 3305 4576; x_wconf 74' lang='grc' dir='ltr'><strong>ι</strong></span> <span class='ocrx_word' id='word_1_898' title='bbox 3356 4523 3408 4576; x_wconf 91' lang='lat' dir='ltr'><strong>in</strong></span> 
     </span>
    </p>
   </div>
   <div class='ocr_carea' id='block_1_105' title="bbox 1878 4604 3407 4680">
    <p class='ocr_par' dir='ltr' id='par_1_105' title="bbox 1878 4604 3407 4680">
     <span class='ocr_line' id='line_1_105' title="bbox 1878 4604 3407 4680; baseline 0.001 -18"><span class='ocrx_word' id='word_1_899' title='bbox 1878 4607 2080 4676; x_wconf 88' lang='lat' dir='ltr'><strong>Spiritu</strong></span> <span class='ocrx_word' id='word_1_900' title='bbox 2110 4613 2316 4670; x_wconf 90' lang='lat' dir='ltr'><strong>sancto,</strong></span> <span class='ocrx_word' id='word_1_901' title='bbox 2352 4604 2491 4659; x_wconf 91' lang='lat' dir='ltr'><strong>bene</strong></span> <span class='ocrx_word' id='word_1_902' title='bbox 2526 4605 2676 4661; x_wconf 90' lang='lat' dir='ltr'><strong>dicit.</strong></span> <span class='ocrx_word' id='word_1_903' title='bbox 2708 4608 2788 4661; x_wconf 83' lang='lat' dir='ltr'><strong>An</strong></span> <span class='ocrx_word' id='word_1_904' title='bbox 2823 4623 2953 4664; x_wconf 84' lang='lat' dir='ltr'><strong>vero</strong></span> <span class='ocrx_word' id='word_1_905' title='bbox 2983 4613 3072 4680; x_wconf 93' lang='lat' dir='ltr'><strong>qui</strong></span> <span class='ocrx_word' id='word_1_906' title='bbox 3103 4613 3234 4666; x_wconf 88' lang='lat' dir='ltr'><strong>bene</strong></span> <span class='ocrx_word' id='word_1_907' title='bbox 3258 4613 3407 4674; x_wconf 90' lang='lat' dir='ltr'><strong>dicit,</strong></span> 
     </span>
    </p>
   </div>
   <div class='ocr_carea' id='block_1_106' title="bbox 1878 4693 3406 4767">
    <p class='ocr_par' dir='ltr' id='par_1_106' title="bbox 1878 4693 3406 4767">
     <span class='ocr_line' id='line_1_106' title="bbox 1878 4693 3406 4767; baseline 0.002 -16"><span class='ocrx_word' id='word_1_908' title='bbox 1878 4697 1922 4751; x_wconf 92' lang='lat' dir='ltr'><strong>is</strong></span> <span class='ocrx_word' id='word_1_909' title='bbox 1946 4697 2162 4750; x_wconf 91' lang='lat' dir='ltr'><strong>omnino</strong></span> <span class='ocrx_word' id='word_1_910' title='bbox 2186 4695 2328 4748; x_wconf 87' lang='lat' dir='ltr'><strong>dicat</strong></span> <span class='ocrx_word' id='word_1_911' title='bbox 2355 4693 2515 4746; x_wconf 90' lang='lat' dir='ltr'><strong>etiam</strong></span> <span class='ocrx_word' id='word_1_912' title='bbox 2546 4695 2596 4748; x_wconf 90' lang='lat' dir='ltr'><strong>in</strong></span> <span class='ocrx_word' id='word_1_913' title='bbox 2627 4694 2828 4763; x_wconf 92' lang='lat' dir='ltr'><strong>Spiritu</strong></span> <span class='ocrx_word' id='word_1_914' title='bbox 2859 4708 3068 4763; x_wconf 89' lang='lat' dir='ltr'><strong>sancto,</strong></span> <span class='ocrx_word' id='word_1_915' title='bbox 3099 4707 3152 4754; x_wconf 90' lang='lat' dir='ltr'><strong>tu</strong></span> <span class='ocrx_word' id='word_1_916' title='bbox 3181 4715 3406 4767; x_wconf 65' lang='lat' dir='ltr'><strong>quaeres,</strong></span> 
     </span>
    </p>
   </div>
   <div class='ocr_carea' id='block_1_107' title="bbox 1878 4785 3410 4857">
    <p class='ocr_par' dir='ltr' id='par_1_107' title="bbox 1878 4785 3410 4857">
     <span class='ocr_line' id='line_1_107' title="bbox 1878 4785 3410 4857; baseline 0.001 -19"><span class='ocrx_word' id='word_1_917' title='bbox 1878 4793 2096 4857; x_wconf 86' lang='lat' dir='ltr'><strong>propter</strong></span> <span class='ocrx_word' id='word_1_918' title='bbox 2124 4785 2276 4849; x_wconf 87' lang='lat' dir='ltr'><strong>illud,</strong></span> <span class='ocrx_word' id='word_1_919' title='bbox 2329 4805 2348 4840; x_wconf 77' lang='grc' dir='ltr'><strong>ι</strong></span> <span class='ocrx_word' id='word_1_920' title='bbox 2379 4787 2444 4841; x_wconf 84' lang='lat' dir='ltr'><strong>Et</strong></span> <span class='ocrx_word' id='word_1_921' title='bbox 2475 4787 2609 4840; x_wconf 90' lang='lat' dir='ltr'><strong>bene</strong></span> <span class='ocrx_word' id='word_1_922' title='bbox 2637 4786 2836 4849; x_wconf 90' lang='lat' dir='ltr'><strong>dicitis,</strong></span> <span class='ocrx_word' id='word_1_923' title='bbox 2871 4805 2892 4838; x_wconf 72' lang='grc' dir='ltr'><strong>ι</strong></span> <span class='ocrx_word' id='word_1_924' title='bbox 2935 4788 3075 4854; x_wconf 87' lang='lat' dir='ltr'><strong>quod</strong></span> <span class='ocrx_word' id='word_1_925' title='bbox 3108 4803 3249 4839; x_wconf 91' lang='lat' dir='ltr'><strong>nunc</strong></span> <span class='ocrx_word' id='word_1_926' title='bbox 3285 4802 3410 4840; x_wconf 82' lang='lat' dir='ltr'><strong>exa-</strong></span> 
     </span>
    </p>
   </div>
   <div class='ocr_carea' id='block_1_108' title="bbox 1877 4872 3410 4942">
    <p class='ocr_par' dir='ltr' id='par_1_108' title="bbox 1877 4872 3410 4942">
     <span class='ocr_line' id='line_1_108' title="bbox 1877 4872 3410 4942; baseline -0.001 -12"><span class='ocrx_word' id='word_1_927' title='bbox 1877 4877 2115 4930; x_wconf 88' lang='lat' dir='ltr'><strong>minatur</strong></span> <span class='ocrx_word' id='word_1_928' title='bbox 2144 4891 2263 4931; x_wconf 91' lang='lat' dir='ltr'><strong>cum</strong></span> <span class='ocrx_word' id='word_1_929' title='bbox 2294 4875 2385 4930; x_wconf 94' lang='lat' dir='ltr'><strong>illo</strong></span> <span class='ocrx_word' id='word_1_930' title='bbox 2409 4875 2591 4929; x_wconf 88' lang='lat' dir='ltr'><strong>dicto:</strong></span> <span class='ocrx_word' id='word_1_931' title='bbox 2633 4891 2651 4923; x_wconf 77' lang='grc'><strong>(</strong></span> <span class='ocrx_word' id='word_1_932' title='bbox 2685 4872 2928 4927; x_wconf 82' lang='lat' dir='ltr'><strong>Nondum</strong></span> <span class='ocrx_word' id='word_1_933' title='bbox 2968 4875 3108 4928; x_wconf 90' lang='lat' dir='ltr'><strong>enim</strong></span> <span class='ocrx_word' id='word_1_934' title='bbox 3150 4885 3268 4926; x_wconf 88' lang='lat' dir='ltr'><strong>erat</strong></span> <span class='ocrx_word' id='word_1_935' title='bbox 3295 4875 3410 4942; x_wconf 82' lang='lat' dir='ltr'><strong>Spi-</strong></span> 
     </span>
    </p>
   </div>
   <div class='ocr_carea' id='block_1_109' title="bbox 1876 4962 3400 5033">
    <p class='ocr_par' dir='ltr' id='par_1_109' title="bbox 1876 4962 3400 5033">
     <span class='ocr_line' id='line_1_109' title="bbox 1876 4962 3400 5033; baseline -0.002 -14"><span class='ocrx_word' id='word_1_936' title='bbox 1876 4965 2014 5019; x_wconf 85' lang='lat' dir='ltr'><strong>ritus</strong></span> <span class='ocrx_word' id='word_1_937' title='bbox 2032 4965 2203 5030; x_wconf 90' lang='lat' dir='ltr'><strong>datus,</strong></span> <span class='ocrx_word' id='word_1_938' title='bbox 2227 4965 2348 5033; x_wconf 89' lang='lat' dir='ltr'><strong>quia</strong></span> <span class='ocrx_word' id='word_1_939' title='bbox 2373 4964 2603 5018; x_wconf 90' lang='lat' dir='ltr'><strong>nondum</strong></span> <span class='ocrx_word' id='word_1_940' title='bbox 2623 4972 2766 5016; x_wconf 90' lang='lat' dir='ltr'><strong>esset</strong></span> <span class='ocrx_word' id='word_1_941' title='bbox 2785 4962 2936 5017; x_wconf 81' lang='lat' dir='ltr'><strong>Jesus</strong></span> <span class='ocrx_word' id='word_1_942' title='bbox 2955 4962 3353 5033; x_wconf 76' lang='lat' dir='ltr'><strong>gloriﬁcatus&quot;.</strong></span> <span class='ocrx_word' id='word_1_943' title='bbox 3382 4982 3400 5016; x_wconf 74' lang='grc' dir='ltr'><strong>ι</strong></span> 
     </span>
    </p>
   </div>
   <div class='ocr_carea' id='block_1_110' title="bbox 1877 5051 3404 5122">
    <p class='ocr_par' dir='ltr' id='par_1_110' title="bbox 1877 5051 3404 5122">
     <span class='ocr_line' id='line_1_110' title="bbox 1877 5051 3404 5122; baseline -0.003 -13"><span class='ocrx_word' id='word_1_944' title='bbox 1877 5055 2021 5110; x_wconf 82' lang='lat' dir='ltr'><strong>Illius</strong></span> <span class='ocrx_word' id='word_1_945' title='bbox 2060 5055 2243 5122; x_wconf 90' lang='lat' dir='ltr'><strong>itaque</strong></span> <span class='ocrx_word' id='word_1_946' title='bbox 2268 5054 2356 5121; x_wconf 87' lang='lat' dir='ltr'><strong>qui</strong></span> <span class='ocrx_word' id='word_1_947' title='bbox 2392 5055 2600 5108; x_wconf 87' lang='lat' dir='ltr'><strong>sincere</strong></span> <span class='ocrx_word' id='word_1_948' title='bbox 2651 5063 2706 5108; x_wconf 88' lang='lat' dir='ltr'><strong>et</strong></span> <span class='ocrx_word' id='word_1_949' title='bbox 2745 5068 2812 5106; x_wconf 81' lang='lat' dir='ltr'><strong>ex</strong></span> <span class='ocrx_word' id='word_1_950' title='bbox 2861 5053 3040 5106; x_wconf 89' lang='lat' dir='ltr'><strong>animo</strong></span> <span class='ocrx_word' id='word_1_951' title='bbox 3068 5051 3230 5104; x_wconf 85' lang='lat' dir='ltr'><strong>servit</strong></span> <span class='ocrx_word' id='word_1_952' title='bbox 3270 5051 3404 5105; x_wconf 72' lang='lat' dir='ltr'><strong>Filio</strong></span> 
     </span>
    </p>
   </div>
   <div class='ocr_carea' id='block_1_111' title="bbox 1880 5135 3400 5206">
    <p class='ocr_par' dir='ltr' id='par_1_111' title="bbox 1880 5135 3400 5206">
     <span class='ocr_line' id='line_1_111' title="bbox 1880 5135 3400 5206; baseline -0.004 -8"><span class='ocrx_word' id='word_1_953' title='bbox 1880 5144 1997 5206; x_wconf 88' lang='lat' dir='ltr'><strong>Dei,</strong></span> <span class='ocrx_word' id='word_1_954' title='bbox 2037 5142 2270 5197; x_wconf 77' lang='lat' dir='ltr'><strong>ofﬁcium</strong></span> <span class='ocrx_word' id='word_1_955' title='bbox 2299 5150 2378 5195; x_wconf 89' lang='lat' dir='ltr'><strong>est</strong></span> <span class='ocrx_word' id='word_1_956' title='bbox 2403 5141 2537 5196; x_wconf 89' lang='lat' dir='ltr'><strong>bene</strong></span> <span class='ocrx_word' id='word_1_957' title='bbox 2575 5141 2776 5203; x_wconf 87' lang='lat' dir='ltr'><strong>dicere,</strong></span> <span class='ocrx_word' id='word_1_958' title='bbox 2810 5157 2830 5190; x_wconf 72' lang='grc' dir='ltr'><strong>ι</strong></span> <span class='ocrx_word' id='word_1_959' title='bbox 2881 5140 3133 5194; x_wconf 87' lang='lat' dir='ltr'><strong>Dominus</strong></span> <span class='ocrx_word' id='word_1_960' title='bbox 3167 5135 3343 5204; x_wconf 81' lang='lat' dir='ltr'><strong>Jesus,</strong></span> <span class='ocrx_word' id='word_1_961' title='bbox 3381 5159 3400 5192; x_wconf 82' lang='grc' dir='ltr'><strong>ο</strong></span> 
     </span>
    </p>
   </div>
   <div class='ocr_carea' id='block_1_112' title="bbox 305 5276 1787 5368">
    <p class='ocr_par' dir='ltr' id='par_1_112' title="bbox 305 5276 1787 5368">
     <span class='ocr_line' id='line_1_112' title="bbox 305 5276 1787 5368; baseline -0.001 -15"><span class='ocrx_word' id='word_1_962' title='bbox 305 5301 351 5334; x_wconf 76' lang='grc'><strong>⁸·</strong></span> <span class='ocrx_word' id='word_1_963' title='bbox 369 5300 529 5355; x_wconf 81' lang='lat' dir='ltr'><strong>Rom.</strong></span> <span class='ocrx_word' id='word_1_964' title='bbox 545 5316 664 5366; x_wconf 84' lang='lat' dir='ltr'><strong>vrtt,</strong></span> <span class='ocrx_word' id='word_1_965' title='bbox 690 5300 776 5353; x_wconf 74' lang='grc'><strong>15.</strong></span> <span class='ocrx_word' id='word_1_966' title='bbox 826 5299 897 5368; x_wconf 8' lang='grc'><strong>7⁸³</strong></span> <span class='ocrx_word' id='word_1_967' title='bbox 922 5276 1088 5368; x_wconf 11' lang='grc' dir='ltr'><strong>Ιξβῇς.</strong></span> <span class='ocrx_word' id='word_1_968' title='bbox 1111 5313 1208 5361; x_wconf 70' lang='grc' dir='ltr'>ιιι,</span> <span class='ocrx_word' id='word_1_969' title='bbox 1234 5299 1333 5368; x_wconf 49' lang='lat'><strong>28:</strong></span> <span class='ocrx_word' id='word_1_970' title='bbox 1399 5299 1442 5331; x_wconf 70' lang='grc' dir='ltr'>ιδ</span> <span class='ocrx_word' id='word_1_971' title='bbox 1471 5298 1606 5368; x_wconf 83' lang='lat' dir='ltr'><strong>G_en.</strong></span> <span class='ocrx_word' id='word_1_972' title='bbox 1634 5314 1787 5352; x_wconf 42' lang='lat' dir='ltr'><strong>xxvn.</strong></span> 
     </span>
    </p>
   </div>
   <div class='ocr_carea' id='block_1_113' title="bbox 1886 5276 3406 5368">
    <p class='ocr_par' dir='ltr' id='par_1_113' title="bbox 1886 5299 3406 5368">
     <span class='ocr_line' id='line_1_113' title="bbox 1886 5299 3406 5368; baseline -0.001 -13"><span class='ocrx_word' id='word_1_973' title='bbox 1886 5313 1910 5355; x_wconf 75' lang='grc' dir='ltr'>ι.</span> <span class='ocrx_word' id='word_1_974' title='bbox 1985 5302 2028 5332; x_wconf 84' lang='grc'>¹⁸</span> <span class='ocrx_word' id='word_1_975' title='bbox 2047 5301 2172 5358; x_wconf 88' lang='lat' dir='ltr'><strong>ibid.</strong></span> <span class='ocrx_word' id='word_1_976' title='bbox 2193 5300 2281 5354; x_wconf 71' lang='lat'><strong>29.</strong></span> <span class='ocrx_word' id='word_1_977' title='bbox 2355 5301 2397 5332; x_wconf 80' lang='grc'>¹⁶</span> <span class='ocrx_word' id='word_1_978' title='bbox 2421 5300 2609 5354; x_wconf 83' lang='lat' dir='ltr'><strong>Matth.</strong></span> <span class='ocrx_word' id='word_1_979' title='bbox 2633 5300 2831 5368; x_wconf 77' lang='lat' dir='ltr'><strong>vu,22,</strong></span> <span class='ocrx_word' id='word_1_980' title='bbox 2853 5299 2956 5364; x_wconf 74' lang='lat'><strong>23;</strong></span> <span class='ocrx_word' id='word_1_981' title='bbox 2985 5299 3114 5354; x_wconf 90' lang='lat' dir='ltr'><strong>Luc.</strong></span> <span class='ocrx_word' id='word_1_982' title='bbox 3157 5313 3278 5363; x_wconf 79' lang='lat' dir='ltr'><strong>xm,</strong></span> <span class='ocrx_word' id='word_1_983' title='bbox 3314 5299 3406 5368; x_wconf 74' lang='lat'><strong>26,</strong></span> 
     </span>
    </p>
   </div>
   <div class='ocr_carea' id='block_1_114' title="bbox 228 5365 1878 5434">
    <p class='ocr_par' dir='ltr' id='par_1_114' title="bbox 228 5365 1878 5434">
     <span class='ocr_line' id='line_1_114' title="bbox 228 5365 1878 5434; baseline 0.001 -13"><span class='ocrx_word' id='word_1_984' title='bbox 228 5369 323 5423; x_wconf 73' lang='lat'><strong>27.</strong></span> <span class='ocrx_word' id='word_1_985' title='bbox 370 5370 410 5401; x_wconf 69' lang='grc' dir='ltr'><strong>ι’</strong></span> <span class='ocrx_word' id='word_1_986' title='bbox 442 5365 752 5434; x_wconf 52' lang='grc' dir='ltr'>Μειιιιζνη,</span> <span class='ocrx_word' id='word_1_987' title='bbox 775 5367 867 5420; x_wconf 74' lang='grc'><strong>21.</strong></span> <span class='ocrx_word' id='word_1_988' title='bbox 942 5365 1158 5418; x_wconf 76' lang='lat' dir='ltr'><strong>“lCor.</strong></span> <span class='ocrx_word' id='word_1_989' title='bbox 1185 5381 1282 5429; x_wconf 78' lang='lat' dir='ltr'><strong>xu,</strong></span> <span class='ocrx_word' id='word_1_990' title='bbox 1304 5367 1358 5420; x_wconf 81' lang='lat'><strong>5.</strong></span> <span class='ocrx_word' id='word_1_991' title='bbox 1432 5368 1474 5398; x_wconf 83' lang='grc'><strong>¹⁹</strong></span> <span class='ocrx_word' id='word_1_992' title='bbox 1499 5365 1648 5420; x_wconf 82' lang='lat' dir='ltr'><strong>Joau.</strong></span> <span class='ocrx_word' id='word_1_993' title='bbox 1672 5382 1767 5430; x_wconf 86' lang='lat' dir='ltr'><strong>vu,</strong></span> <span class='ocrx_word' id='word_1_994' title='bbox 1788 5368 1878 5422; x_wconf 79' lang='lat'><strong>39.</strong></span> 
     </span>
    </p>
   </div>
   <div class='ocr_carea' id='block_1_115' title="bbox 306 5459 1422 5531">
    <p class='ocr_par' dir='ltr' id='par_1_115' title="bbox 306 5459 1422 5531">
     <span class='ocr_line' id='line_1_115' title="bbox 306 5459 1422 5531; baseline -0.004 -17"><span class='ocrx_word' id='word_1_995' title='bbox 306 5461 422 5531; x_wconf 55' lang='lat'><strong>(:2?)</strong></span> <span class='ocrx_word' id='word_1_996' title='bbox 443 5459 635 5531; x_wconf 12' lang='lat' dir='ltr'><strong>Codex!</strong></span> <span class='ocrx_word' id='word_1_997' title='bbox 653 5459 996 5531; x_wconf 77' lang='lat' dir='ltr'><strong>Bodleianus,</strong></span> <span class='ocrx_word' id='word_1_998' title='bbox 1017 5459 1422 5531; x_wconf 54' lang='grc' dir='ltr'>νενομισμένον,</span> 
     </span>
    </p>
   </div>
   <div class='ocr_carea' id='block_1_116' title="bbox 304 5522 1776 5598">
    <p class='ocr_par' dir='ltr' id='par_1_116' title="bbox 304 5522 1776 5598">
     <span class='ocr_line' id='line_1_116' title="bbox 304 5522 1776 5598; baseline -0.004 -17"><span class='ocrx_word' id='word_1_999' title='bbox 304 5522 418 5598; x_wconf 44' lang='grc'>(⁷25)</span> <span class='ocrx_word' id='word_1_1000' title='bbox 451 5527 559 5581; x_wconf 72' lang='lat' dir='ltr'><strong>Kal</strong></span> <span class='ocrx_word' id='word_1_1001' title='bbox 603 5522 1229 5598; x_wconf 42' lang='grc' dir='ltr'><strong>ἡηκᾳταλετυμένηωεὶς</strong></span> <span class='ocrx_word' id='word_1_1002' title='bbox 1249 5522 1776 5598; x_wconf 21' lang='grc' dir='ltr'>’έκπλησιᾳστῄικὴγ</span> 
     </span>
    </p>
   </div>
   <div class='ocr_carea' id='block_1_117' title="bbox 234 5589 1775 5666">
    <p class='ocr_par' dir='ltr' id='par_1_117' title="bbox 234 5589 1775 5666">
     <span class='ocr_line' id='line_1_117' title="bbox 234 5589 1775 5666; baseline -0.001 -18"><span class='ocrx_word' id='word_1_1003' title='bbox 234 5589 433 5666; x_wconf 41' lang='lat' dir='ltr'><strong>mihi,</strong></span> <span class='ocrx_word' id='word_1_1004' title='bbox 483 5605 590 5653; x_wconf 90' lang='lat' dir='ltr'><strong>etc.</strong></span> <span class='ocrx_word' id='word_1_1005' title='bbox 628 5589 822 5648; x_wconf 55' lang='lat' dir='ltr'><strong>&#39;Vidua’.</strong></span> <span class='ocrx_word' id='word_1_1006' title='bbox 881 5589 1056 5642; x_wconf 87' lang='lat' dir='ltr'><strong>autem</strong></span> <span class='ocrx_word' id='word_1_1007' title='bbox 1098 5589 1198 5642; x_wconf 67' lang='lat' dir='ltr'><strong>illa:</strong></span> <span class='ocrx_word' id='word_1_1008' title='bbox 1232 5595 1298 5647; x_wconf 83' lang='lat' dir='ltr'><strong>ad</strong></span> <span class='ocrx_word' id='word_1_1009' title='bbox 1349 5589 1775 5647; x_wconf 85' lang='lat' dir='ltr'><strong>ecclesiasticum</strong></span> 
     </span>
    </p>
   </div>
   <div class='ocr_carea' id='block_1_118' title="bbox 1882 5454 3410 5525">
    <p class='ocr_par' dir='ltr' id='par_1_118' title="bbox 1882 5454 3410 5525">
     <span class='ocr_line' id='line_1_118' title="bbox 1882 5454 3410 5525; baseline 0.001 -12"><span class='ocrx_word' id='word_1_1010' title='bbox 1882 5459 2136 5513; x_wconf 87' lang='lat' dir='ltr'><strong>honorem</strong></span> <span class='ocrx_word' id='word_1_1011' title='bbox 2169 5457 2378 5525; x_wconf 62' lang='lat' dir='ltr'><strong>ascitas,</strong></span> <span class='ocrx_word' id='word_1_1012' title='bbox 2416 5471 2492 5512; x_wconf 65' lang='lat' dir='ltr'><strong>ea</strong></span> <span class='ocrx_word' id='word_1_1013' title='bbox 2534 5467 2688 5512; x_wconf 84' lang='lat' dir='ltr'><strong>erant</strong></span> <span class='ocrx_word' id='word_1_1014' title='bbox 2708 5471 2825 5525; x_wconf 72' lang='lat' dir='ltr'><strong>qua:</strong></span> <span class='ocrx_word' id='word_1_1015' title='bbox 2870 5454 3187 5525; x_wconf 65' lang='lat' dir='ltr'><strong>diaconissa}</strong></span> <span class='ocrx_word' id='word_1_1016' title='bbox 3251 5458 3410 5514; x_wconf 65' lang='lat' dir='ltr'><strong>dictae</strong></span> 
     </span>
    </p>
   </div>
   <div class='ocr_carea' id='block_1_119' title="bbox 1882 5521 3407 5591">
    <p class='ocr_par' dir='ltr' id='par_1_119' title="bbox 1882 5521 3407 5591">
     <span class='ocr_line' id='line_1_119' title="bbox 1882 5521 3407 5591; baseline 0 -12"><span class='ocrx_word' id='word_1_1017' title='bbox 1882 5535 2040 5588; x_wconf 86' lang='lat' dir='ltr'><strong>sunt;</strong></span> <span class='ocrx_word' id='word_1_1018' title='bbox 2097 5524 2386 5591; x_wconf 84' lang='lat' dir='ltr'><strong>cujusmodi</strong></span> <span class='ocrx_word' id='word_1_1019' title='bbox 2435 5537 2553 5578; x_wconf 85' lang='lat' dir='ltr'><strong>erat</strong></span> <span class='ocrx_word' id='word_1_1020' title='bbox 2610 5521 2814 5580; x_wconf 57' lang='lat' dir='ltr'><strong>Phtﬁbe</strong></span> <span class='ocrx_word' id='word_1_1021' title='bbox 2867 5523 2954 5578; x_wconf 81' lang='lat' dir='ltr'><strong>illa</strong></span> <span class='ocrx_word' id='word_1_1022' title='bbox 3013 5521 3407 5583; x_wconf 81' lang='lat' dir='ltr'><strong>Cenchreensis</strong></span> 
     </span>
    </p>
   </div>
   <div class='ocr_carea' id='block_1_120' title="bbox 1883 5592 2741 5650">
    <p class='ocr_par' dir='ltr' id='par_1_120' title="bbox 1883 5592 2741 5650">
     <span class='ocr_line' id='line_1_120' title="bbox 1883 5592 2741 5650; baseline -0.001 -3"><span class='ocrx_word' id='word_1_1023' title='bbox 1883 5592 2126 5648; x_wconf 75' lang='lat' dir='ltr'><strong>Ecclesia:</strong></span> <span class='ocrx_word' id='word_1_1024' title='bbox 2148 5593 2461 5648; x_wconf 83' lang='lat' dir='ltr'><strong>diacouissa.</strong></span> <span class='ocrx_word' id='word_1_1025' title='bbox 2491 5592 2741 5650; x_wconf 70' lang='lat' dir='ltr'><strong>Hunnus.</strong></span> 
     </span>
    </p>
   </div>
  </div>
