3820 6232
160 1096 167 1101 ,
241 1044 310 1099 δὲ
352 1052 682 1118 παρασχεῖν,
726 1050 818 1103 καὶ
871 1052 1032 1115 αὐτὸς
1068 1053 1132 1106 ἂν
1201 1054 1612 1124 όμολογήσαιμι.
1656 1047 1718 1108 Εἰ
1755 1054 1812 1108 δὲ

196 5600 210 5631 4

236 280 340 343 ’ίΊὸ
1249 311 1596 368 COMMENT.
1635 311 1700 366 IN
1737 311 1926 369 ιοΑΝ.
1960 312 2193 369 TOMUS
2227 314 2435 369 XXXII.
3348 325 3453 377 77L

254 429 334 483 σε,
369 410 476 470 053"-
500 414 649 489 ἔχεις
688 424 856 497 μέρος
897 430 1011 498 μετ’
1052 428 1205 498 ἐμοῦ.
1246 448 1264 480 ι
1311 430 1373 482 Ei
1406 431 1462 482 δὲ
1495 430 1723 484 ἐνταῦθα
1754 431 1805 483 οὗ

1915 432 1995 484 vis
2052 446 2147 499 per
2216 431 2524 501 allegoriam
2579 430 2848 497 dicantur,
2917 433 3261 492 nihilominus
3309 436 3458 506 juxta

257 510 497 564 δυσωπεῖ
521 512 583 564 τὸ
610 513 640 565 ὃ
669 511 847 580 εἷπον,
877 519 1162 586 ἐπίσκεψαι
1189 518 1240 571 τί
1266 535 1323 569 σε
1346 519 1449 589 χρὴ
1477 519 1652 585 λέγειν
1683 519 1805 589 πρὸς

1920 530 2224 573 contextum
2250 520 2391 574 fac'ta
2425 522 2619 586 fuisse,
2654 524 3032 593 moraliterque
3064 524 3225 579 etiam
3259 527 3459 581 intelli-

254 599 360 672 τὴν
393 603 526 673 περ).
564 602 660 656 τοῦ
694 606 744 657 εί
773 607 878 677 χρὴ
925 608 1017 660 καὶ
1065 609 1160 679 τὴν
1204 607 1343 673 λέξιν
1386 608 1597 671 πάντως
1630 612 1805 680 τηρεῖν

1919 610 2087 676 gentia
2128 622 2243 663 esse
2273 609 2388 662 hmc
2436 610 2634 665 verba:
2676 627 2695 662 ι
2723 611 2780 666 Si
2827 612 2988 680 igitur
3028 626 3125 680 ego
3156 613 3258 667 lavi
3290 618 3451 683 pedes

240 690 625 762 Δἔντιατιτόρησιν.
662 694 780 747 ’Ὁτι
823 697 920 763 μὲν
963 692 1054 750 οῦν
1102 714 1230 749 ποτε
1272 696 1491 766 καθήξει
1533 696 1667 766 τῷδε
1716 698 1805 765 μὲν

1916 703 2123 748 vestros
2148 693 2396 763 Magister
2428 703 2482 748 et
2512 696 2784 761 Dominus,
2798 705 2851 750 et
2866 710 2958 751 vos
2986 696 3187 753 debetis
3209 698 3297 751 alii
3325 699 3457 753 alio-

245 777 413 845 νῖψαι
445 781 570 842 τοὺς
607 780 772 843 πόδας
806 782 897 836 τοῦ
939 784 1083 838 δεῖνα
1118 784 1354 855 μαθητοῦ
1412 784 1601 854 Ἰησοῦ,
1640 784 1718 855 τῷ
1755 785 1805 838 δὲ

1918 799 2034 838 rum
2067 783 2245 837 lavare
2273 784 2432 850 pedes
2461 799 2475 836 :
2511 784 2811 853 exemplum
2859 785 3003 838 enim
3047 786 3167 838 dedi
3201 786 3370 848 vobis,
3400 796 3457 838 ut

246 865 640 936 ἐμπαρασχεῖν
686 871 878 933 αὐτοὺς
931 872 1348 943 νιφθησομένους
1390 873 1479 926 ὑπ’
1513 873 1696 938 αὑτοῦ,
1740 872 1805 935 ὡς

1915 871 2358 942 quemadmodum
2380 885 2478 941 ego
2501 870 2600 926 feci
2625 874 2796 937 vobis,
2816 874 2887 928 ita
2906 884 2959 928 et
2980 889 3075 945 vos
3103 873 3316 928 faciatis
3338 875 3383 907 ⁸⁸
3403 889 3454 926 ι»

244 956 369 1008 ἀπὸ
394 957 619 1028 ἀγάπης
651 959 744 1013 καὶ
770 961 1158 1032 φιλοφροσύνης
1186 962 1276 1015 τὸν
1316 963 1412 1033 μὲν
1450 945 1689 1033 ποιῆσαιξ
1724 961 1805 1016 τὸν

1915 961 1983 1016 ad
2027 961 2331 1031 huiusmodi
2382 963 2805 1029 respondendum
2852 973 2937 1018 est
2982 981 2994 1017 :
3044 978 3171 1033 ergo
3205 964 3455 1031 quoniam

1910 1050 2059 1119 juxta
2091 1058 2295 1105 textum
2326 1049 2526 1106 factum
2556 1059 2639 1105 est
2668 1052 2808 1118 quod
2838 1051 2997 1105 l‘etro
3017 1053 3246 1118 dicenti,
3276 1071 3295 1104 ι
3332 1051 3446 1107 Non

1911 1138 2111 1193 lavabis
2137 1138 2265 1193 mihi
2290 1139 2451 1207 pedes
2471 1139 2524 1192 in
2549 1146 2830 1203 aeternum,
2868 1158 2888 1191 ι
2923 1141 3120 1194 dictum
3160 1140 3281 1206 fuit,
3303 1157 3454 1196 nem-

1911 1242 1978 1298 pe
2005 1268 2021 1293 ,
2068 1247 2086 1280 ι
2115 1228 2224 1283 Nisi
2254 1228 2433 1283 lavero
2465 1236 2536 1291 te,
2573 1243 2678 1282 non
2720 1229 2885 1283 habes
2918 1240 3124 1297 partem
3169 1245 3401 1295 mecum,
3433 1249 3452 1281 ι

1909 1319 2068 1373 etiam
2100 1333 2218 1381 nos,
2238 1317 2390 1384 juxta
2425 1326 2760 1380 contextum,
2794 1319 2863 1373 ob
2895 1320 3250 1373 reverentiam
3285 1320 3448 1387 pedes

1910 1424 2038 1464 suos
2084 1408 2340 1462 lavandos
2382 1423 2485 1462 non
2518 1409 2880 1477 praebentibus
2932 1408 3192 1474 dicemus,
3231 1409 3454 1463 audebit

241 1136 511 1205 φήσομεν
562 1138 789 1191 ἕκαστον
840 1139 946 1192 τῶν
998 1142 1070 1212 μὴ
1129 1143 1434 1195 συνειδότων
1487 1144 1593 1213 (29)
1637 1143 1811 1213 ἑαυτῷ

238 1222 420 1276 τοῦτο
441 1226 819 1295 πεποιηκέναι,
857 1228 951 1280 καὶ
981 1230 1146 1296 ἁγίων
1173 1229 1311 1283 οὕτω
1335 1234 1457 1295 τοὺς
1483 1233 1647 1295 πόδας
1673 1250 1811 1287 νενι-

238 1310 443 1377 φέναι,
490 1313 843 1384 ὀφειλομένην
891 1317 1011 1370 τινὰ
1060 1317 1272 1387 ἐντολὴν
1312 1320 1383 1388 μὴ
1425 1320 1813 1375 ἀποδεδωκέναι

235 1398 388 1468 τὴν,
419 1418 440 1450 ι
496 1401 766 1468 Ὀφείλετε
798 1403 1035 1473 ἀλλήλων
1061 1406 1262 1459 νίπτειν
1288 1408 1410 1469 τοὺς
1433 1408 1615 1470 πόδας,
1644 1429 1662 1459 ι
1694 1408 1812 1479 ὥρα

234 1500 360 1542 που
397 1490 510 1558 (50)
543 1491 720 1558 λέγειν
767 1494 930 1560 ἐγγύς
976 1512 1076 1548 που
1116 1496 1316 1559 πάντας
1363 1497 1639 1565 ὀφειλέτας
1675 1495 1805 1551 εἶναι

1916 1513 2139 1566 musque
2167 1498 2358 1553 talibus
2385 1500 2605 1553 dicere:
2646 1517 2663 1549 ι
2699 1497 2806 1552 Nisi
2837 1498 3012 1551 lavero
3042 1507 3094 1552 te
3113 1535 3129 1560 ,
3157 1511 3258 1550 non
3292 1495 3456 1549 babes

233 1575 354 1644 τῆς
376 1576 602 1647 ἐντολῆς
624 1578 845 1649 ταύτης.

1914 1597 2120 1655 partem
2147 1600 2412 1639 mecum.»
2446 1586 2595 1651 Quod
2626 1587 2669 1640 si
2701 1588 2804 1640 hoc
2831 1586 2881 1639 in
2918 1587 3033 1639 loco
3074 1586 3166 1637 tibi
3201 1600 3303 1637 non
3332 1598 3454 1650 per-

234 1666 450 1720 suadet
472 1669 613 1734 quod
642 1670 771 1733 dixi,
808 1674 1075 1740 perpende
1112 1674 1238 1742 quid
1269 1675 1447 1729 dicere
1503 1684 1552 1729 te
1605 1686 1851 1743 oporteat
1902 1688 2089 1732 contra
2120 1676 2531 1739 dubitationem,
2557 1691 2624 1728 an
2663 1677 2884 1730 omnino
2922 1674 3072 1741 juxta
3105 1681 3309 1727 textum
3341 1674 3456 1727 hac

234 1756 366 1809 sint
407 1761 699 1814 servanda.
732 1762 911 1828 Atque
937 1765 1076 1830 quod
1108 1765 1232 1818 huic
1274 1769 1484 1832 quidem
1517 1769 1800 1836 aliquando
1858 1768 2143 1822 conveniat
2169 1768 2349 1820 lavare
2385 1767 2546 1834 pedes
2598 1767 2743 1819 illius
2783 1765 3028 1832 discipuli
3059 1763 3301 1827 Jesu,illi
3328 1777 3454 1816 vero

236 1844 549 1912 aliquando
581 1862 709 1902 suos
736 1849 803 1901 ab
838 1850 950 1917 ipso
976 1852 1226 1907 lavandos
1265 1858 1521 1921 prtehere,
1573 1858 1642 1910 ita
1679 1867 1735 1910 ut
1773 1857 1862 1911 ille
1912 1856 1980 1910 ob
2011 1856 2328 1910 charitatem
2354 1863 2407 1907 et
2432 1855 2740 1909 comitatem
2775 1854 2932 1917 lavet,
2968 1853 3054 1906 hic
3083 1866 3141 1905 se
3166 1851 3448 1905 lavandum

236 1933 534 1996 exhibeat,
569 1936 731 1988 etiam
767 1935 881 2004 ipse
905 1936 1097 1991 fateor.
1143 1938 1235 1993 Sin
1280 1957 1408 1996 vero
1456 1945 1694 1996 dicemus
1751 1956 2184 2011 unumquemque
2230 1956 2337 1995 non
2383 1942 2655 1995 conscium
2691 1940 2792 1994 sibi
2843 1940 2942 1992 hoc
2988 1937 3203 2000 fecisse,
3237 1947 3451 1997 sancto-

239 2036 487 2090 rumque
542 2024 646 2077 isto
678 2027 832 2078 modo
865 2028 1023 2094 pedes
1062 2044 1164 2082 non
1202 2030 1411 2098 lavisse,
1464 2034 1696 2087 debitum
1750 2033 2015 2101 quoddam
2045 2033 2352 2085 mandatum
2389 2044 2494 2082 non
2534 2028 2887 2096 persolvisse,
2919 2041 3127 2093 nempe,
3190 2044 3210 2078 ι
3241 2026 3451 2083 Dehetis

239 2113 341 2167 alii
367 2114 605 2168 aliorum
631 2114 807 2169 lavare
831 2118 1041 2185 pedes,»
1064 2130 1270 2183 tempus
1292 2132 1373 2175 est
1390 2124 1596 2177 dicendi
1616 2139 1801 2177 omnes
1818 2123 1995 2191 aliquo
2017 2123 2172 2175 modo
2203 2123 2357 2188 hujus
2387 2121 2618 2174 mandati
2641 2120 2908 2174 debitores
2935 2133 3066 2173 esse.

320 2200 385 2253 8.
410 2218 431 2250 ι
466 2202 657 2271 Ἀμὴν,
672 2203 817 2273 ἀμὴν
837 2203 976 2271 λέγω
990 2206 1114 2275 ὑμῖν
1132 2224 1145 2236 ο
1166 2209 1276 2261 Οὐκ
1295 2210 1406 2262 ἔστι
1420 2211 1599 2274 δοῦλος
1614 2213 1805 2282 μείζων

1976 2211 2029 2265 8.
2076 2230 2095 2262 ι
2129 2213 2318 2277 Amen,
2344 2226 2498 2265 amen
2527 2211 2643 2265 dico
2665 2210 2854 2264 vobis:
2884 2209 2999 2263 Non
3024 2219 3107 2263 est
3129 2225 3318 2265 servus
3338 2226 3454 2265 ma-

239 2287 346 2341 τοῦ
386 2289 578 2358 κυρίου
612 2291 779 2343 αὐτοῦ
802 2331 817 2355 ,
854 2294 974 2346 οὐδὲ
1003 2295 1292 2358 ἀπόστολος
1327 2297 1524 2366 μείζων
1553 2300 1644 2352 τοῦ
1678 2301 1814 2370 πέμ-

241 2381 455 2448 ψαντος
479 2380 673 2432 αὐτόν·
711 2383 759 2433 εί
786 2381 955 2435 ταῦτα
997 2383 1190 2463 οἴδατε,
1233 2387 1489 2455 μακάριοί
1530 2389 1670 2452 ἐστε,
1720 2389 1812 2441 ἐὰν

244 2469 448 2536 ποιῆτε
475 2469 633 2522 αὐτά.
675 2471 749 2522 Ού
785 2473 911 2540 περ).
934 2472 1144 2524 πάντων
1172 2473 1322 2542 ὑμῶν
1357 2475 1526 2542 λέγω·
1561 2476 1668 2543 ἐγὼ
1697 2473 1813 2530 οἴδα

242 2558 405 2620 τινας
416 2558 760 2629 ἐξελεξάμην
773 2560 886 2612 ἀλλ’
900 2561 983 2614 ἵνα
994 2564 1025 2630 ἠ
1038 2564 1222 2632 Γραφὴ
1235 2564 1336 2633 πλη
1345 2564 1510 2635 ρωθῇ·
1528 2566 1582 2618 '0
1595 2565 1813 2636 τρώγων

248 2664 360 2718 μου
374 2647 465 2700 τὸν
485 2648 648 2717 ἄρτον
666 2648 871 2718 ἐπῆρεν
888 2652 997 2717 (51)
1012 2654 1095 2703 ἐπ’
1112 2652 1209 2721 ἐμὲ
1224 2654 1319 2722 τὴν
1344 2653 1575 2723 πτέρναν
1591 2654 1773 2707 αὐτοῦ.
1789 2673 1806 2703 ι

250 2738 379 2788 Ἔτι
412 2737 508 2789 καὶ
541 2736 710 2788 ταῦτα
736 2737 951 2807 ἔχεσθαί
987 2757 1073 2809 μοι
1101 2741 1245 2793 δοκεῖ
1280 2741 1374 2793 τοῦ
1411 2743 1541 2794 ἰδεῖν
1583 2741 1650 2795 τὰ
1686 2743 1812 2812 περὶ

245 2824 354 2894 τῆς
394 2825 503 2877 τῶν
551 2825 728 2881 ποδῶν
770 2827 964 2895 νίψεως
1009 2831 1349 2900 τροπολογεῖν
1369 2851 1383 2863 ν
1429 2833 1488 2885 τὸ
1519 2834 1654 2902 γάρ,
1697 2853 1714 2884 ι
1748 2835 1810 2888 Ei

246 2912 424 2966 ταῦτα
464 2910 669 2979 οἴδατε,
716 2916 972 2986 μακάριοί
1019 2919 1161 2983 ἐστε,
1206 2920 1298 2972 ἐὰν
1348 2922 1539 2991 ποιῆτε
1587 2923 1743 2988 αὐτὰ,
1785 2944 1803 2975 ι

246 3000 465 3063 οὐδενὸς
505 3002 756 3071 ποιητέον
800 3008 1193 3076 προειρημένου
1232 3009 1264 3079 ἢ
1305 3011 1433 3078 περ).
1483 3011 1579 3080 τῆς
1616 3013 1806 3080 νίψεως

245 3088 360 3140 τῶν
389 3087 586 3152 ποδῶν,
623 3090 710 3141 ἐπ’
754 3092 965 3160 ἐκείνην
1006 3093 1104 3162 τὴν
1147 3095 1419 3166 ἀναφορὰν
1468 3097 1599 3166 ἔχει.
1648 3099 1727 3151 Τὰ
1752 3101 1808 3153 δὲ

248 3181 393 3230 κατά
423 3177 516 3230 τὸν
552 3178 717 3232 τόπον
755 3179 1066 3251 μαθήματα,
1118 3182 1231 3246 πῶς
1278 3202 1336 3236 τε
1374 3186 1528 3248 πόδες
1559 3186 1807 3257 μαθητῶν

250 3266 596 3335 μολύνονται,
637 3269 739 3338 ῆδη
769 3269 1131 3340 λουσαμένων,
1173 3273 1266 3325 καὶ
1298 3274 1418 3326 τίνα
1444 3275 1640 3346 τρόπον
1676 3277 1807 3331 πλύ-

246 3372 451 3419 νονται,
484 3357 778 3421 είδέναιώς
821 3361 850 3412 ὁ
881 3360 1050 3427 Λόγος
1084 3360 1345 3429 βούλεται,
1392 3366 1484 3417 καὶ
1521 3369 1689 3418 ποιεῖν
1731 3367 1805 3429 ὡς

247 3446 396 3499 θέλει
414 3449 444 3499 ὁ
488 3448 719 3517 Ἰησοῦς,
750 3449 962 3519 ἀληθῶς
995 3452 1275 3521 μακαρίων
1296 3452 1442 3507 ἐστὶν
1469 3455 1671 3525 ἀνδρῶν
1696 3455 1803 3524 (52)

245 3534 442 3606 ιργον·
478 3537 541 3588 οῦ
573 3538 686 3607 γὰρ
719 3538 780 3590 τὸ
815 3538 1124 3608 τηλικοῦτον
1163 3541 1349 3611 ὄνομα,
1389 3544 1449 3596 τὸ
1491 3544 1801 3612 μακάριον,

247 3623 467 3692 εῦλογον
495 3625 589 3676 ἐπὶ
629 3628 739 3688 τοῖς
768 3627 985 3696 τυχοῦσι
1032 3630 1199 3698 φῆσαι
1232 3632 1478 3701 παρεῖναί
1519 3649 1676 3697 τισιν,
1720 3635 1803 3701 ἐφ’

241 3705 288 3779 ᾧ
313 3714 411 3766 κα).
431 3714 654 3783 οἰκέτης
687 3715 754 3768 ἂν
798 3715 1008 3770 πλύνων
1036 3721 1160 3780 τοὺς
1200 3720 1362 3782 πόδας
1402 3719 1493 3772 τοῦ
1529 3720 1799 3786 δεσπότου,

246 3804 525 3873 μακάριος
565 3804 633 3856 ἂν
670 3805 789 3856 κατ’
820 3806 950 3858 αὐτὸ
990 3806 1145 3860 τοῦτο
1184 3808 1328 3874 δόξαι
1361 3811 1663 3879 τυγχάνειν,
1713 3798 1803 3866 καὶ

243 3891 458 3956 κόλαξ,·
497 3892 595 3943 καὶ
652 3892 979 3963 ὑποκριτήςο
1034 3895 1062 3946 ὃ
1106 3897 1213 3967 γάρ
1258 3899 1417 3967 ἡμεῖς
1466 3902 1800 3972 ἀποδίδομεν,

242 3979 458 4032 νίπτειν
491 3981 621 4041 τοὺς
657 3981 822 4043 πόδας
858 3983 1107 4052 μαθητῶν
1158 3986 1345 4053 Ἰησοῦ,
1386 3988 1618 4056 μεγάλου
1662 3992 1803 4053 τινός

244 4069 384 4131 ἔστι,
420 4068 518 4121 καὶ¹
562 4069 769 4138 Ἰησοῦν
800 4071 857 4122 ὲν
881 4071 1056 4140 ἑαυτῷ
1095 4072 1324 4141 ἔχοντος,
1353 4077 1445 4127 καὶ
1473 4077 1801 4143 ἁπαξαπλῶς

246 4156 547 4226 μακαρίου.
580 4155 700 4225 Χρὴ
731 4156 787 4208 δὲ
824 4157 1018 4210 εἰδέναι
1047 4159 1222 4224 τοῦτο,
1259 4162 1339 4213 ὃτι
1378 4164 1697 4233 παράκειται
1728 4165 1802 4233 τῷ

247 4244 398 4317 ρητῷ
434 4244 615 4313 τούτῳ
652 4245 829 4313 ὅμοια,
869 4248 926 4297 ὲν
971 4247 1065 4315 μὲν
1101 4247 1176 4316 τῷ
1213 4251 1350 4302 κατά
1400 4252 1670 4306 Ματθαῖον
1708 4254 1767 4305 τό
1786 4272 1799 4284 θ

250 4351 270 4384 ι
319 4334 436 4385 Οὐκ
489 4333 607 4385 ἐστι
659 4334 903 4404 μαθητὴς
953 4336 1095 4406 ὑπὲρ
1148 4337 1234 4391 τὸν
1285 4338 1626 4415 διδάσκαλον,
1683 4343 1801 4395 οὐδὲ

243 4421 431 4485 δοῦλος
474 4423 618 4493 ὑπὲρ
649 4422 741 4474 τὸν
783 4423 966 4492 κύριον
1001 4425 1192 4477 αὑτοῦ·
1228 4427 1450 4496 ἀρκετὸν
1481 4429 1556 4499 τῷ
1592 4432 1798 4502 μαθητῇ

247 4510 335 4563 ἵνα
365 4511 597 4579 γένηται
625 4510 700 4572 ὡς
730 4513 759 4563 ὁ
790 4511 1099 4575 διδάσκαλος
1128 4514 1311 4577 αὐτοῦ,
1347 4517 1438 4568 καὶ
1464 4517 1492 4568 ὀ
1522 4518 1702 4582 δοῦλος
1728 4521 1802 4583 ὡς

243 4600 275 4652 ὁ
311 4600 506 4669 κύριος
545 4600 710 4653 αὑτοῦ
730 4616 745 4631 ο
786 4620 804 4651 ι
844 4604 902 4653 ἐν
927 4601 983 4654 δὲ
1006 4601 1083 4670 τῷ
1103 4604 1239 4657 κατὰ
1275 4606 1484 4658 Λουκᾶν
1514 4608 1603 4660 τό·
1643 4628 1661 4658 ι
1692 4611 1803 4662 Ούκ

244 4690 362 4743 εστι
398 4689 651 4759 μαθητὴς
680 4690 818 4761 ὑπὲρ
861 4691 951 4742 τὸν
992 4692 1328 4745 διδάσκαλον·
1382 4699 1801 4766 κατηρτισμένος

1908 2298 1996 2366 jor
2024 2299 2240 2353 domino
2288 2314 2406 2365 suo,
2437 2313 2610 2367 neque
2655 2298 2862 2367 legatus
2911 2299 3083 2367 major
3121 2309 3206 2353 est
3246 2314 3312 2354 eo
3360 2301 3450 2369 qui

1914 2386 2113 2454 legavit
2144 2387 2316 2455 ipsum
2345 2403 2359 2439 :
2385 2386 2429 2440 si
2462 2385 2578 2440 hzec
2611 2385 2863 2451 novistis,
2891 2384 3032 2438 beati
3062 2388 3214 2450 estis,
3241 2385 3285 2440 si
3316 2386 3454 2442 fece-

1913 2474 2030 2528 ritis
2058 2489 2141 2528 ea.
2168 2474 2280 2528 Non
2332 2475 2399 2529 de
2434 2474 2684 2529 omnibus
2733 2474 2885 2527 vobis
2916 2473 3148 2542 loquor:
3188 2489 3288 2544 ego
3336 2477 3453 2530 seio

1913 2579 2046 2632 quos
2081 2565 2365 2632 elegerim;
2396 2567 2488 2620 sed
2539 2573 2600 2619 ut
2645 2563 2960 2631 impleretur
3004 2564 3276 2634 Scriptura
3311 2564 3452 2631 :Qui
3540 2629 3545 2634 ,

1911 2655 2021 2708 edit
2044 2669 2218 2709 meum
2248 2669 2459 2722 panem,
2479 2653 2698 2708 sustulit
2718 2653 2997 2706 adversum
3024 2666 3109 2705 me
3144 2652 3451 2707 calcaneum

1911 2760 2067 2799 suum
2086 2744 2347 2817 "uaga,
2361 2744 2547 2798 Adhuc
2574 2751 2629 2797 et
2657 2743 2770 2796 haec
2801 2741 3073 2798 cohaerere
3106 2742 3235 2794 mihi
3269 2742 3453 2796 viden-

1912 2840 2020 2895 tur,
2051 2839 2107 2884 ut
2155 2833 2388 2885 sciamus
2437 2831 2503 2883 ad
2535 2844 2712 2884 mores
2759 2829 3013 2884 reducere
3045 2844 3167 2898 quae
3198 2831 3453 2885 dicuntur

1910 2921 1973 2974 de
2026 2919 2292 2972 lavatione
2340 2919 2551 2987 pedum.
2585 2918 2707 2971 Haec
2759 2915 2899 2971 enim
2935 2919 3126 2982 verba,
3188 2937 3207 2969 ι
3241 2918 3296 2973 Si
3337 2918 3451 2973 haec

1908 3010 2155 3074 novistis,
2193 3008 2333 3061 beati
2374 3009 2524 3074 estis,
2550 3009 2593 3061 si
2638 3008 2875 3063 feceritis
2915 3022 2978 3061 ea
3006 3007 3071 3069 ³⁸,
3106 3025 3125 3057 ι
3161 3023 3280 3061 cum
3321 3008 3451 3061 nihil

1907 3103 2062 3147 antea
2096 3092 2460 3161 prtescriptum
2507 3094 2578 3145 sit
2615 3092 2758 3160 quod
2790 3107 2947 3160 agere
2992 3093 3281 3147 debeamus
3308 3108 3449 3161 prae.
3484 3154 3487 3157 ν

1909 3189 2149 3249 terquam
2185 3183 2249 3235 de
2289 3181 2488 3235 lotione
2533 3181 2749 3248 pedum,
2778 3180 2844 3233 ad
2885 3179 2972 3233 illa
2999 3180 3196 3234 habent
3228 3181 3450 3234 relatio-

1906 3270 2324 3326 nem.Ca:terum
2356 3271 2632 3337 praesentis
2654 3269 2753 3322 loci
2776 3268 3047 3324 doctrinas
3072 3269 3208 3324 scire
3232 3279 3290 3323 ut
3325 3268 3452 3326 Ser-

1906 3375 1992 3413 mo
2037 3359 2168 3422 vult,
2197 3369 2248 3413 et
2287 3358 2464 3412 facere
2514 3366 2572 3411 ut
2604 3358 2714 3412 vult
2741 3358 2929 3420 Jesus,
2963 3372 3152 3426 nempe
3176 3360 3446 3426 quomodo

1906 3446 2314 3514 discipulorum,
2342 3447 2432 3514 qui
2452 3447 2560 3515 jam
2601 3446 2866 3508 laverant,
2891 3448 3050 3514 pedes
3075 3446 3446 3514 inquinentur,

1904 3547 1958 3592 et
1988 3552 2216 3607 quonam
2256 3550 2410 3605 pacto
2458 3538 2723 3601 laventur,
2753 3553 2876 3592 vere
2926 3553 3060 3605 opus
3101 3547 3182 3592 est
3212 3538 3447 3591 virorum

1904 3625 2181 3679 beatorum
2213 3625 2348 3679 :hoc
2376 3625 2516 3678 enim
2544 3624 2647 3679 tale
2671 3633 2982 3693 tantumque
3006 3639 3216 3685 nomen.
3239 3637 3427 3692 nempe

1905 3714 2109 3766 beatum
2129 3753 2145 3775 ,
2176 3719 2592 3765 consentaneum
2644 3724 2746 3762 non
2780 3718 2861 3763 est
2890 3709 3068 3761 dicere
3117 3708 3303 3762 adesse
3332 3707 3450 3775 qui—

1902 3802 2127 3856 busdam
2155 3800 2499 3867 vulgaribus:
2529 3797 2663 3851 adeo
2689 3805 2746 3848 ut
2772 3797 2854 3848 vel
2883 3810 3041 3850 servo
3064 3795 3260 3847 lavanti
3289 3798 3449 3862 pedes

1903 3890 2103 3945 domini
2124 3890 2367 3942 videatur
2386 3888 2520 3939 hanc
2549 3885 2617 3939 ob
2635 3898 2851 3937 causam
2885 3884 3023 3937 beati
3052 3898 3243 3937 nomen
3269 3882 3446 3936 obtin-

1902 3994 2048 4049 gere,
2070 3978 2276 4032 etiamsi
2295 3976 2539 4029 adulator
2556 3984 2609 4027 et
2626 3973 2905 4042 hypocrita
2920 3972 3096 4037 fuerit,
3115 3986 3260 4036 cum,
3277 3980 3333 4023 ut
3350 3986 3447 4024 nos

1901 4069 2307 4138 explicavimus,
2338 4065 2512 4119 lavare
2538 4063 2695 4133 pedes
2719 4062 3093 4129 discipulorum
3126 4061 3250 4115 Jesu
3269 4062 3443 4129 magni

1902 4159 2178 4227 cujusdam
2198 4158 2288 4218 sit,
2303 4155 2545 4208 etJesum
2562 4154 2613 4205 in
2635 4168 2690 4206 se
2706 4153 3035 4214 habentis,el
3050 4151 3446 4205 omniuobeati.

1903 4247 2006 4301 Sed
2037 4247 2270 4299 sciamus
2292 4257 2511 4296 necesse
2537 4249 2617 4294 cst
2633 4242 2829 4294 similia
2848 4241 2971 4294 huic
2995 4241 3159 4293 textui
3188 4240 3363 4293 inesse
3392 4240 3442 4292 iu

1901 4333 2193 4402 Evangelio
2210 4348 2237 4384 a
2260 4330 2506 4384 Mallme
2523 4330 2741 4396 tradito;
2767 4331 2843 4383 sic
2862 4330 3003 4382 enim
3021 4329 3235 4382 habet"
3260 4347 3272 4381 :
3301 4328 3442 4381 «Non

1901 4432 1981 4477 est
1997 4420 2284 4490 discipulus
2301 4434 2457 4487 supra
2478 4427 2855 4486 praeceptorem
2868 4459 2883 4483 ,
2903 4432 3072 4485 neque
3086 4430 3272 4471 servus
3288 4430 3442 4485 Supra

1901 4511 2172 4566 dominum
2187 4523 2342 4562 suum
2368 4525 2382 4572 ;
2413 4506 2612 4559 sufficit
2639 4506 2904 4575 discipulo
2924 4515 2983 4559 ut
3003 4506 3074 4559 sit
3103 4505 3294 4559 similis
3310 4520 3445 4574 prte-

1901 4601 2134 4669 ceptoris
2166 4598 2349 4667 ipsius,
2386 4605 2437 4649 et
2460 4606 2515 4649 ut
2545 4611 2735 4651 servus
2768 4596 2958 4651 similis
2976 4596 3175 4650 domini
3201 4596 3387 4664 ipsius.
3419 4614 3437 4645 ι

1901 4691 2073 4745 Lucas
2085 4702 2212 4741 vero
2230 4688 2308 4741 sic
2324 4685 2483 4738 habet
2505 4703 2517 4738 :
2544 4684 2686 4739 tNon
2703 4701 2778 4741 es:
2805 4687 3096 4754 discipulus
3119 4700 3278 4753 supra
3302 4699 3439 4751 pra:-

241 4777 302 4831 δὲ
328 4779 438 4839 πᾶς
472 4776 615 4828 ἔστω
659 4775 734 4838 ὡς
768 4777 796 4827 ὁ
826 4777 1135 4841 διδάσκαλος
1179 4779 1362 4832 αὑτοῦ.
1417 4798 1436 4830 ι
1493 4782 1644 4851 Ἑξῆς
1680 4786 1801 4838 τού-

1908 4789 2174 4847 ceptorem
2197 4791 2351 4831 suum
2374 4794 2390 4842 ;
2422 4775 2692 4843 perfectus
2715 4785 2890 4829 autem
2920 4775 3097 4829 omnis
3121 4775 3224 4827 erit
3250 4774 3441 4828 similis

246 4883 329 4935 τῳ
363 4865 483 4935 ('55)
524 4864 640 4915 ἐστι
673 4864 902 4933 ζητῆσαι
928 4866 1021 4930 τὸ,
1057 4885 1076 4918 ι
1120 4868 1194 4919 Οὐ
1232 4868 1357 4936 περὶ
1401 4868 1612 4920 πάντων
1651 4872 1801 4941 ὑμῶν

1908 4867 2244 4941 praeceptoris
2265 4866 2431 4935 ipsius
2451 4866 2516 4919 ³ο.
2547 4884 2566 4915 ι
2603 4864 2734 4918 Huic
2759 4865 3058 4931 proximum
3085 4872 3186 4925 est,
3214 4871 3273 4916 ut
3292 4878 3438 4930 quaa-

246 4955 413 5023 λέγω,
428 4973 447 5004 ι
464 4954 560 5006 ἐπὶ
575 4953 628 5004 τί
645 4953 959 5023 λελεγμένον
986 4957 1284 5025 ἀνοίσομεν.
1304 4958 1360 5008 ’0
1383 4957 1479 5024 μὲν
1497 4954 1587 5010 οῦν
1603 4977 1682 5022 τις
1703 4964 1805 5032 φή-

248 5061 333 5098 σει
357 5043 470 5113 (54)
490 5042 584 5094 ἐπὶ
606 5041 693 5094 τό’
731 5062 749 5093 ι
784 5044 1054 5114 Μακάριοι
1086 5048 1227 5106 ἐστε,
1253 5045 1343 5098 ἐὰν
1372 5044 1556 5114 ποιῆτε
1582 5049 1739 5100 αὑτά·
1779 5069 1797 5100 ι

247 5133 309 5185 οὐ
351 5130 464 5201 γὰρ
497 5128 765 5199 μακάριος
821 5129 1030 5193 Ἰούδας.
1080 5129 1154 5181 Ού
1200 5127 1400 5197 νομίζω
1425 5127 1480 5179 δὲ
1506 5129 1673 5196 ὑγιῶς
1711 5132 1801 5185 ἐπὶ

321 5247 369 5278 ’⁸
394 5245 560 5310 ,Ιοιιιπ
587 5257 704 5306 xm,
728 5240 791 5293 14
811 5243 927 5306 ,15.

256 5328 378 5376 xm,
408 5315 495 5367 18.

325 5399 439 5468 (29)
483 5396 606 5452 Τῶν
623 5396 712 5468 μὴ
769 5389 1140 5447 συνειδότων.
1198 5382 1539 5442 Scribendum
1587 5388 1803 5446 videtur

257 5468 345 5521 τὸν
377 5468 450 5538 μὴ
477 5468 773 5520 συνειδότα.

324 5537 433 5604 (δυ)
457 5537 632 5590 Codex
673 5529 892 5604 Εὔεῧὲυεν
923 5525 1014 5603 δρὲ
1043 5533 1221 5604 “99:.
1254 5602 1257 5604 _
1293 5587 1342 5604 .,
1485 5594 1496 5604 .
1555 5591 1584 5603 -

461 5585 640 5661 ἆὸῐιὲι
671 5585 887 5663 Regius,
915 5585 1125 5658 τρώγων
1158 5585 1260 5638 τὸν
1286 5587 1457 5658 ἄρτον,
1481 5591 1712 5662 ἐπῆρεν,

1907 4972 2087 5013 ramus
2134 4955 2199 5009 ad
2230 4955 2354 5023 quid
2384 4954 2676 5007 referemus
2708 4951 2759 5004 id
2794 4953 2942 5035 quod
2976 4952 3027 5005 in
3063 4951 3166 5005 tine
3195 4949 3394 5003 dicitur
3422 4966 3437 5002 :

1912 5066 1929 5099 ι
1957 5046 2070 5101 Non
2114 5045 2179 5098 de
2217 5043 2463 5097 omnibus
2508 5041 2658 5094 vobis
2709 5040 2829 5094 dico
2853 5041 2919 5093 ³³.
2951 5057 2971 5092 ι
3026 5039 3203 5106 Atque
3245 5039 3442 5106 aliquis

1900 5136 2117 5206 quidem
2151 5133 2291 5186 dicet
2336 5130 2532 5183 dictum
2567 5130 2667 5182 hoc
2697 5127 2885 5182 referri
2932 5128 2998 5181 ad
3032 5125 3202 5179 illud:
3241 5142 3261 5176 ι
3285 5126 3439 5179 Βισαιί

1034 5238 1458 5308 "ibid.i6seq.
1531 5241 1993 5312 "Joan.xut,i7.
2067 5246 2111 5279 ὀ
2138 5244 2325 5299 Matth.
2353 5257 2409 5307 Χ,
2438 5239 2525 5308 at,
2554 5239 2640 5294 25.
2715 5220 3141 5300 “Luc.vv,10.
3216 5234 3444 5293 "Joan.

1969 5394 2077 5466 (52)
2111 5394 2382 5466 ’ᾼνδρῷἈ
2411 5394 2754 5466 Qesiderattir
2778 5394 2828 5448 in
2853 5392 3092 5448 editione
3124 5386 3337 5454 lluetii,
3369 5395 3457 5446 sed

1908 5461 2100 5535 legiittir
2118 5463 2178 5535 in
2202 5461 2390 5535 pudice
2421 5462 2729 5535 Bodleiano.

1975 5530 2085 5599 (53)
2109 5530 2280 5585 Codex
2314 5530 2539 5599 Regius,
2557 5531 2729 5585 τοῦτο.

1986 5597 2093 5667 (54)
2134 5599 2272 5654 Idem
2320 5598 2479 5653 codex
2510 5597 2723 5668 Regius,
2754 5598 2903 5669 φησί.
