3820 6216
116 5126 119 5129 ‘
224 5126 414 5176 κινιιι,
441 5107 497 5163 6.

249 290 354 344 777

1263 289 1612 344 COMMENT.
1654 289 1717 342 IN
1756 288 1940 347 JOAN.
1980 290 2210 345 TOMUS
2244 289 2455 346 XXXII.

3315 291 3415 343 778

250 398 636 470 μιτιέφρασται
680 397 737 448 δὲ
780 397 840 449 τὸ
892 397 1049 468 ῥητὸν
1089 397 1194 450 ἀπὸ
1232 398 1324 450 τοῦ
1369 397 1784 467 τεσσαρακοστοῦ

1895 400 1992 451 rim
2022 417 2036 452 :
2069 417 2087 449 3
2111 407 2270 467 utque
2294 401 2393 455 hoc
2418 400 2644 463 eveniat,
2670 401 2807 469 quod
2831 402 3026 463 evenit,
3055 417 3188 455 unus
3219 418 3283 456 ex
3322 421 3412 457 γη·-

241 486 489 557 ψαλμθῦ,
532 484 707 548 οὕτως
751 485 901 555 ἔχον·
960 503 977 534 ι
1029 486 1137 537 Καὶ
1173 485 1279 553 γὰρ
1322 485 1349 536 ὁ
1388 485 1661 555 ἅνθρωπος
1693 484 1790 552 τῆς

241 581 473 649 εἰρήνης
509 595 633 648 μου,
662 579 746 645 ἐφ’
781 577 838 630 δν
882 577 1099 645 ἤλπισα,
1144 579 1171 628 6
1214 576 1401 629 ὲσθίων
1440 576 1634 645 ἄρτους
1663 592 1788 645 μου,

239 668 582 738 ἐμεγάλυνεν
620 667 708 718 ἐπ’
759 666 856 735 ἐμὲ
895 664 1242 735 πτερνισμὸν·
1281 684 1299 715 3
1334 663 1522 716 οὐκοῦν
1551 665 1578 715 6
1606 664 1791 733 Σωτὴρ

236 757 304 809 τὸ
355 755 518 826 ῥητὸν
549 754 707 807 τοῦτο
755 753 881 824 περὶ
926 753 1016 805 τοῦ
1080 753 1245 805 ’ἰούδα
1272 755 1364 806 καὶ
1391 751 1577 805 ἑαυτοῦ
1632 768 1791 821 φησιν

235 845 531 915 εἰρῆσθαι·
587 845 646 894 ὲν
699 836 744 908 ᾧ
797 841 1046 911 ζητήσεις
1092 840 1204 903 πῶς
1252 839 1531 910 ἀνθρωπος
1578 840 1791 909 εἰρήνης

251 933 459 994 Ἰούδας
486 927 576 1000 ἧν,
629 929 721 982 καὶ
764 931 850 980 ἐπ’
891 927 1048 979 αὑτὸν
1074 930 1101 980 ὁ
1139 927 1328 997 Σωτὴρ
1359 927 1568 995 ἤλπισε.
1599 924 1791 993 Δηλοῦ-

237 1023 372 1075 σθαι
411 1018 504 1073 οὖν
532 1019 620 1072 διὰ
650 1019 850 1071 τούτων
892 1017 1110 1087 νομίζω,
1139 1018 1217 1069 ὅτι
1244 1016 1473 1091 γνησίως
1514 1016 1638 1069 ποτὲ
1668 1016 1791 1067 ἐπε-

233 1107 556 1160 πιστεύκει·
587 1106 649 1157 ού
679 1105 786 1174 γὰρ
820 1104 905 1165 ἂν,
937 1104 1196 1173 μηδέποτε
1235 1103 1345 1155 υἱόν
1392 1104 1606 1172 εἰρήνης
1651 1102 1793 1169 γενό-

235 1213 409 1265 μενον
440 1195 604 1248 αὑτὸν
629 1193 970 1246 ἀποστέλλων
1021 1191 1155 1260 μετά
1187 1192 1294 1244 τῶν
1332 1191 1531 1244 λοιπῶν
1566 1190 1790 1242 ἀποστό-

230 1283 350 1335 λων
367 1284 500 1351 (58),
514 1282 666 1348 ἔλεγε
683 1282 775 1332 καὶ
796 1279 958 1348 αὐτῷ·
990 1282 1098 1340 τοῖς
1120 1278 1224 1348 γὰρ
1239 1278 1438 1331 δώδεκα
1456 1278 1790 1347 ἀναγέγραπ-

228 1389 330 1426 ται
363 1372 643 1443 εἰρηκέναι
675 1371 755 1422 τό·
785 1388 803 1419 ι
837 1370 1058 1421 Εἴπατε·
1101 1369 1299 1437 Εἰρήνη
1335 1367 1411 1436 τῷ
1444 1368 1574 1436 οἴκῳ
1597 1368 1784 1434 τούτῳ·

227 1462 337 1516 καὶ
368 1461 461 1513 ἐὰν
493 1462 609 1512 ἐκεῖ
639 1456 672 1529 ᾖ
704 1457 819 1520 υἱὸς
859 1457 1094 1527 εἰρήνης,
1125 1456 1158 1523 ἡ
1182 1457 1367 1525 εἰρήνη
1399 1453 1548 1524 ὑμῶν
1578 1455 1662 1506 ἐπ’
1695 1455 1791 1507 αύ-

225 1551 329 1602 τδν
364 1547 768 1602 ἀναπαύσεται·
809 1548 855 1598 εἰ
884 1545 938 1597 δὲ
978 1546 1049 1615 μή
1090 1561 1173 1611 γε,
1222 1547 1255 1612 ἡ
1303 1546 1488 1614 εἰρήνη
1525 1543 1673 1613 ὑμῶν
1705 1543 1786 1611 ἐφ’

229 1639 385 1707 ὑμᾶς
410 1636 726 1704 ἀνακάμψει
744 1650 758 1664 ·
796 1653 816 1685 3
859 1633 951 1686 καὶ
983 1632 1087 1702 γὰρ
1120 1632 1217 1702 ὅρα
1247 1631 1361 1699 μεθ’
1381 1632 1477 1682 ὅσα
1503 1633 1530 1682 6
1552 1630 1788 1693 διάϐολος

229 1726 429 1778 ἔϐαλεν
460 1724 629 1778 αὑτοῦ
662 1726 739 1785 εἰς
768 1722 865 1792 τὴν
891 1721 1111 1793 καρδίαν
1142 1720 1208 1772 τὰ
1235 1719 1370 1772 κατά
1401 1719 1492 1771 τοῦ
1518 1720 1783 1790 Σωτῆρος,

229 1815 330 1867 καί
366 1814 475 1883 πρὸ
523 1812 703 1880 ὀλίγου
746 1811 980 1880 κλέπτης
1023 1808 1157 1863 εἶναι
1203 1808 1639 1879 μεμαρτύρηται·
1686 1809 1784 1860 οὐκ

230 1906 301 1958 ἂν
338 1905 406 1969 δ’,
448 1899 626 1972 οἶμαι,
675 1901 905 1971 ἀρχῆθεν
955 1899 1183 1968 κλέπτης
1245 1897 1339 1959 ὢν,
1389 1898 1671 1967 ἐπιστεύθη
1726 1896 1786 1948 τὸ

228 1993 651 2060 γλωσσόκομον·
700 1990 844 2054 ἄξιος
881 1984 971 2040 οὖν
1010 1986 1101 2039 τοῦ
1147 1985 1492 2055 πιστευθῆναι
1537 1985 1667 2055 (59)
1711 1984 1784 2036 ὢν

231 2082 313 2149 (εἰ
362 2080 457 2132 καὶ
500 2077 852 2148 προεγνώσθη
906 2076 1435 2146 μεταπεσούμενος),
1463 2073 1747 2143 ἐπιστεύθη
1767 2091 1781 2103 ·

230 2173 330 2224 καὶ
358 2169 680 2240 τηλικοῦτος
718 2164 785 2238 ἦν
837 2167 1114 2237 ἄνθρωπος
1159 2167 1375 2234 εἰρήνης
1422 2163 1671 2234 Χριστοῦ,
1712 2164 1786 2227 ὡς

230 2260 459 2321 ἐλπίδας
486 2257 695 2327 ἀγαθάς
719 2273 845 2308 ποτε
867 2255 957 2307 τὸν
1010 2252 1210 2322 Ἰησοῦν
1242 2254 1324 2303 ἐπ’
1366 2251 1510 2319 αὐτῷ
1536 2252 1610 2313 ὡς
1640 2250 1785 2320 καλῷ

228 2350 519 2418 ἀποστόλῳ
544 2345 862 2417 ἐσχηκέναι·
896 2344 1057 2398 ἄκουε
1088 2341 1195 2412 (40)
1227 2341 1334 2411 γὰρ
1361 2339 1470 2392 τοῦ·
1521 2361 1539 2391 ι
1592 2341 1703 2408 Ἐφ’
1729 2340 1786 2392 6v

227 2440 462 2508 ἤλπισα.
499 2455 518 2488 3
566 2433 707 2502 Ἐγὼ
736 2432 780 2485 δ’
809 2430 979 2501 οἶμαι,
1011 2431 1091 2482 ὃτι
1121 2429 1214 2482 καὶ
1256 2428 1424 2495 λόγων
1468 2428 1786 2498 ἀπορρήτων

227 2525 665 2599 τροφιμωτάτων
728 2518 1088 2586 κεκοινώνηκε
1139 2520 1249 2579 τοῖς
1316 2516 1625 2578 ἀποστόλοις
1680 2517 1786 2569 ἀπὸ

243 2617 423 2688 Ἰησοῦ
454 2614 657 2675 λαϐὼν,
706 2611 832 2681 περί
871 2603 944 2662 ὧν
983 2606 1162 2660 εἶπεν·
1196 2626 1215 2657 ι
1258 2606 1315 2659 '0
1358 2605 1544 2657 ἐσθίων
1593 2606 1786 2675 ἄρτους

232 2724 370 2775 μου·
412 2724 431 2755 3
464 2705 527 2757 τὸ
552 2702 609 2755 δέ
638 2699 769 2772 (41)·
805 2718 823 2751 ‹
868 2698 1222 2767 Ἐμεγάλυνεν
1247 2697 1331 2747 ἔπ’
1362 2695 1461 2764 ἐμὲ
1499 2695 1592 2764 τὴν
1625 2693 1787 2764 πτέρ-

230 2815 334 2850 ναν
363 2794 550 2857 αύτοῦ,
594 2812 613 2843 3
654 2788 1093 2862 μεταπέφρασται
1126 2789 1203 2848 είς
1244 2784 1333 2837 τό·
1375 2803 1393 2835 ι
1443 2784 1671 2853 Ἐπῆρεν
1700 2786 1784 2835 ἐπ’

233 2886 340 2954 ἐμὲ
365 2884 464 2952 τὴν
490 2879 726 2949 πτέρναν
752 2875 934 2940 αὑτοῦ,
960 2893 978 2925 3
997 2873 1135 2927 ὥστε
1159 2873 1349 2924 ταύτδν
1368 2867 1501 2924 εἶναι
1525 2870 1603 2931 τὸ,
1641 2872 1788 2937 Ἐμε-

232 2973 485 3045 τάλυνε,
539 2968 634 3037 τῷ,
700 2964 929 3031 Ἐπῆρε.
958 2964 1067 3041 Καὶ.
1110 2962 1158 3013 εἰ
1203 2962 1305 3031 χρὴ
1333 2961 1449 3029 τὴν,
1485 2978 1503 3009 ι
1555 2957 1785 3026 Ἐπῆρεν

233 3065 322 3115 ἐπ’
368 3060 470 3130 ἐμὲ
511 3058 610 3127 τὴν
656 3054 886 3123 πτέρναν
938 3049 1121 3114 αὐτοῦ,
1160 3070 1177 3100 3
1212 3050 1321 3110 καὶ,
1367 3066 1384 3097 ι
1429 3046 1780 3115 Ἐμεγάλυνεν

233 3154 323 3204 ἐπ’
352 3149 453 3218 ἐμὲ
478 3143 805 3216 πτερνισμόν
828 3140 1011 3204 αὐτοῦ,
1056 3159 1074 3189 3
1118 3138 1406 3207 σαφηνίσαι
1435 3135 1594 3199 λέξιν,
1617 3135 1780 3203 φήσο-

234 3258 356 3311 μεν,
383 3240 464 3291 ὅτι
492 3235 653 3289 τοῦτο
679 3235 820 3287 ποιεῖ
843 3233 872 3283 6
899 3230 996 3295 λὰξ
1029 3228 1269 3280 ἐντείνων
1310 3226 1438 3278 τινί·
1472 3222 1704 3285 τοιοῦτος
1725 3223 1781 3274 δὲ

232 3330 329 3384 καὶ
373 3327 573 3386 Ἰούδας
595 3321 684 3394 ἦν,
718 3322 807 3375 τὸν
840 3320 963 3372 Υἰδν
1006 3318 1096 3371 τοῦ
1136 3316 1268 3369 Θεοῦ
1311 3314 1650 3374 καταπατῶν,
1690 3314 1784 3364 καὶ

229 3396 459 3489 eptitva
492 3413 560 3485 ἦν
603 3413 739 3483 μετὰ
767 3412 860 3464 τοῦ
918 3408 1089 3479 Ἰησοῦ
1128 3406 1219 3458 τόν
1261 3406 1421 3476 ἄρτον
1464 3403 1645 3467 αὐτοῦ,
1693 3403 1779 3455 ὅτε

231 3508 414 3577 βάψας
460 3507 488 3557 6
547 3502 753 3572 Ἰησοῦς
787 3500 847 3552 τὸ
875 3496 1083 3566 ψωμίον
1110 3493 1391 3563 λαμϐάνει,
1442 3492 1533 3544 καὶ
1571 3492 1781 3544 δίδωσιν

244 3594 419 3663 Ἰούδᾳ
452 3590 693 3660 Σίμωνος
731 3584 1065 3656 Ἰσκαριώτῃ,
1114 3581 1314 3649 ἐπῆρεν
1356 3579 1550 3641 Ἰούδας
1581 3580 1670 3631 ἐπὶ
1694 3578 1782 3631 τὸν

232 3680 567 3736 Διδάσκαλον
596 3677 694 3746 τὴν
726 3673 957 3743 πτέρναν
979 3670 1160 3734 αὐτοῦ,
1183 3671 1263 3722 ὅτι
1293 3669 1399 3738 (42)
1428 3669 1560 3737 μετὰ
1586 3669 1646 3720 τὸ
1680 3667 1784 3735 ψωο

234 3773 356 3842 μίον
390 3767 641 3835 εἰσῆλθεν
669 3766 697 3817 6
718 3763 956 3823 Σατανᾶς
984 3762 1062 3822 εἰς
1087 3759 1178 3810 τὸν
1219 3757 1433 3810 Ἰούδαν.
1462 3758 1523 3809 Εἰ
1551 3757 1605 3809 δὲ
1631 3757 1784 3809 δύνα-

228 3879 320 3913 ται
346 3860 440 3912 καὶ
466 3856 556 3909 τό·
596 3873 615 3904 ι
661 3854 726 3905 Ἡ
763 3851 960 3921 ἀνομία
997 3849 1092 3917 τῆς
1128 3846 1357 3917 πτέρνης
1392 3863 1490 3915 μου
1519 3846 1780 3899 κυκλώσει

231 3966 324 4019 με,
358 3968 383 3998 3
426 3941 905 4011 συνεξεταζόμενον
938 3936 1013 4007 τῷ
1038 3953 1052 3967 ·
1099 3954 1117 3986 ι
1162 3935 1392 4005 Ἐπῆρεν
1423 3936 1507 3986 ἐπ’
1554 3936 1649 4005 ἐμὲ
1686 3937 1782 4004 τὴν

228 4039 470 4108 πτέρναν
491 4031 678 4095 αὑτοῦ,
718 4049 737 4080 3
763 4027 1121 4099 ἀναφέρεσθαι
1154 4023 1242 4078 ἐπὶ
1274 4025 1360 4078 τὸν
1406 4025 1600 4079 Ἰούδαν
1631 4027 1782 4093 γενό-

230 4142 392 4196 μενον
414 4125 474 4175 ὲν
498 4123 566 4189 τῇ
594 4117 770 4188 μερίδι
794 4114 887 4168 τοῦ
937 4113 1127 4182 Ἰησοῦ,
1165 4115 1258 4164 καὶ
1291 4111 1473 4180 κτῆμα
1519 4128 1620 4181 χρη
1631 4113 1783 4179 ματί-

230 4228 401 4266 σαντα
439 4208 631 4269 αὐτοῦ,
672 4204 765 4257 καὶ
809 4201 1120 4263 ἀπόστολον,
1163 4198 1391 4269 πτέρναν
1428 4199 1483 4251 δὲ
1512 4198 1598 4252 διὰ
1624 4199 1684 4251 τὸ
1705 4216 1784 4251 τε-

1891 486 1972 540 bis
1999 496 2081 540 est
2108 503 2268 539 causa
2295 504 2309 552 ;
2344 488 2433 555 qui
2460 501 2542 540 me
2573 496 2653 542 est
2683 492 3010 557 proditurus,
3042 500 3098 543 ut
3136 491 3415 558 impleatur

1892 572 2162 642 Scriptura
2198 575 2417 627 dicens:
2453 591 2471 623 ι
2503 573 2603 638 Qui
2651 578 2932 629 manducat
2970 591 3158 644 panem
3214 593 3410 637 metunt,

1889 662 2104 715 sustulit
2140 672 2325 715 contra
2373 678 2456 715 me
2490 664 2799 717 calcaneum
2852 682 3002 719 suum
3024 666 3087 718 ⁸³.
3117 686 3135 717 3
3167 666 3415 721 Transla-

1892 759 1996 802 tum
2025 760 2296 804 autemest
2318 753 2774 822 παραφραστικῶς
2804 755 3004 821 dictum
3031 757 3129 809 hoc
3158 771 3187 808 a
3214 756 3417 824 psalmo

1888 840 2311 908 quadragesimo,
2361 839 2441 893 sic
2492 841 2732 894 habens:
2772 859 2792 893 ι
2824 843 3031 897 Etenim
3083 846 3241 897 homo
3268 845 3415 912 pacis

1891 940 2039 990 mea),
2068 928 2119 979 in
2155 940 2257 994 quo
2291 929 2522 994 speravi,
2552 930 2639 995 qui
2679 930 2868 983 edebat
2912 945 3077 997 panes
3106 946 3270 997 meos,
3301 942 3437 984 nta-'

1889 1014 2156 1084 gniﬁcavit
2198 1015 2480 1067 adversum
2516 1030 2598 1068 me
2651 1017 3172 1084 supplantationem;
3203 1037 3221 1069 3
3271 1020 3410 1086 quod

1889 1103 2086 1156 dictum
2146 1102 2402 1157 Servator
2456 1104 2521 1158 de
2574 1101 2730 1169 Juda,
2784 1120 2847 1158 ae
2893 1106 2957 1159 de
3007 1107 3178 1175 seipso
3217 1108 3413 1160 dictum

1890 1190 2052 1244 fuisse
2078 1191 2267 1259 inquit.
2302 1191 2357 1245 In
2391 1206 2494 1259 quo
2523 1207 2731 1259 qua-res
2772 1196 3036 1260 quomodo
3071 1198 3228 1248 homo
3266 1195 3414 1264 pacis

1887 1279 2050 1332 Judas
2079 1279 2257 1344 fuerit,
2284 1292 2338 1335 et
2356 1284 2620 1350 quomodo
2646 1282 2898 1336 Sci-valor
2929 1283 2980 1335 in
3011 1298 3129 1336 eum
3167 1299 3415 1350 sperave-

1890 1369 1976 1418 rit.
2014 1366 2105 1421 llis
2134 1368 2306 1421 verbis
2358 1384 2487 1437 ergo
2533 1370 2788 1422 declarari
2840 1370 3070 1424 arbitror
3097 1370 3284 1425 Iudam
3319 1374 3415 1425 ali-

1888 1458 2101 1522 quando
2121 1458 2328 1512 sincere
2348 1459 2669 1525 credidisse;
2692 1475 2863 1530 neque
2885 1461 3046 1524 enim,
3068 1462 3118 1514 ni
3135 1461 3416 1529 aliquando

1887 1532 2073 1599 fuisset
2097 1546 2234 1600 lilius
2256 1548 2420 1616 pacis,
2452 1549 2681 1603 misisset
2725 1566 2847 1604 eum
2882 1552 3137 1605 Dominus
3172 1568 3288 1605 cum
3313 1567 3420 1606 ca:-

1891 1636 2017 1690 tcris
2045 1637 2327 1703 apostolis;
2359 1637 2513 1703 eique
2536 1638 2759 1691 dixisset
2776 1638 2921 1708 (nam
2962 1639 3238 1695 duodecim
3276 1641 3417 1695 scri-

1816 1715 1858 1769 Β
1887 1735 2031 1793 ptum
2061 1735 2142 1777 est
2173 1740 2294 1779 eum
2326 1725 2566 1793 dixisse),
2607 1744 2626 1777 ι
2654 1727 2819 1781 Dicite
2855 1745 2869 1782 :
2910 1726 3016 1781 Pax
3045 1728 3164 1782 huic
3204 1729 3412 1792 domui;

1888 1823 1942 1868 et
1972 1816 2017 1869 si
2056 1816 2165 1869 illic
2193 1815 2354 1886 426
2379 1815 2541 1869 fuerit
2569 1816 2708 1870 ﬁlius
2735 1817 2902 1886 pacis,
2938 1820 3234 1887 requiescet
3259 1834 3419 1887 super

1888 1904 2035 1957 illum
2068 1919 2167 1974 pax
2193 1916 2406 1968 vestra;
2438 1905 2520 1959 sin
2553 1907 2744 1970 minus,
2775 1909 2841 1960 ad
2865 1922 2957 1961 vos
2992 1918 3289 1963 revertetur
3308 1925 3415 1978 pax

1888 2003 2061 2045 vestra
2087 1992 2165 2057 Ιἰς
2199 2013 2219 2045 3
2253 1996 2476 2063 proinde
2504 1997 2624 2049 vide
2652 2004 2770 2063 post
2815 2006 3013 2064 quanta
3042 1999 3283 2052 diabolus
3316 1999 3415 2051 im-

1890 2081 2092 2137 miserit
2120 2083 2233 2137 liaec
2274 2085 2325 2136 in
2380 2100 2476 2138 cor
2506 2085 2619 2153 ejus
2666 2086 2944 2139 adversum
2972 2084 3332 2150 Servatorem,
3364 2096 3415 2139 et

1888 2169 2010 2238 quia
2032 2171 2203 2226 dictus
2234 2182 2315 2226 est
2337 2174 2490 2240 paulo
2520 2184 2642 2227 ante
2669 2173 2753 2226 fur
2773 2187 2910 2228 esse.
2940 2172 3054 2227 Non
3094 2183 3270 2228 autem
3297 2176 3416 2240 opi-

1890 2274 1986 2313 nor
2022 2261 2160 2328 quod
2197 2264 2517 2330 marsupium
2553 2263 2601 2316 ei
2652 2263 3013 2316 concreditum
3046 2260 3256 2327 fuisset,
3301 2263 3344 2315 si
3385 2277 3416 2315 ιι

1888 2349 2147 2417 principio
2173 2350 2258 2402 fur
2307 2351 2528 2415 fuisset;
2560 2351 2650 2405 sed
2681 2352 2871 2420 dignus
2916 2366 3035 2404 cum
3064 2359 3205 2403 esset
3234 2349 3318 2403 cui
3348 2350 3416 2402 il-

1887 2437 1975 2491 lud
2018 2440 2325 2492 crederetur
2351 2439 2581 2505 (etiamsi
2638 2453 2758 2491 cum
2808 2438 3108 2507 praescisset
3147 2439 3415 2506 lapsuram

1886 2522 2083 2596 Jesus),
2114 2526 2255 2580 illius
2289 2527 2360 2580 illi
2397 2541 2519 2579 cura
2576 2527 2777 2580 credita
2826 2526 2960 2591 ruit;
2989 2526 3194 2595 fuitque
3241 2533 3418 2578 tantus

1888 2610 2044 2665 homo
2087 2615 2233 2680 pacis
2271 2613 2496 2680 Christi,
2544 2623 2600 2667 ut
2647 2615 2695 2667 in
2727 2629 2790 2669 eo
2820 2617 2962 2670 velut
3004 2616 3144 2672 bono
3176 2621 3418 2687 apostolo

1886 2698 2079 2752 bonam
2128 2715 2274 2768 spem
2335 2703 2577 2755 habuerit
2615 2702 2902 2770 aliquando
2925 2703 3109 2771 Jesus;
3140 2708 3417 2763 considera

1885 2791 2027 2844 enim
2076 2791 2240 2845 illud:
2277 2810 2297 2842 ι
2326 2790 2383 2844 lu
2436 2806 2541 2860 quo
2577 2795 2785 2861 speravi
2813 2795 2878 2847 “.
2909 2812 2928 2846 3
2963 2794 3191 2850 Proinde
3239 2812 3414 2852 meum

1885 2888 1967 2932 est
1989 2878 2241 2946 judicium
2265 2894 2540 2934 sermones
2561 2896 2680 2933 eum
2711 2882 2967 2950 occultos,
2984 2893 3039 2936 et
3065 2884 3418 2949 ﬁrmissimos,

1888 2981 1949 3018 ac
1971 2968 2199 3020 maxime
2233 2970 2546 3032 nutrientes,
2574 2984 2707 3037 quos
2740 2986 2767 3023 a
2797 2970 2920 3025 Iesu
2951 2974 3261 3039 accepisset,
3289 2987 3417 3040 apo-

1885 3055 2037 3108 stolis
2064 3057 2508 3115 communicasse.
2534 3057 2599 3110 de
2622 3059 2815 3123 quibus
2837 3058 3008 3112 dixit:
3045 3077 3065 3108 ι
3096 3059 3195 3123 Qui
3227 3059 3416 3113 edebat

1884 3159 2045 3212 panes
2078 3159 2222 3198 meos
2239 3144 2302 3197 ‘7.
2334 3164 2351 3194 3
2385 3144 2646 3211 Caeterum
2693 3161 2787 3214 pro
2816 3165 2830 3200 :
2874 3165 2892 3197 ι
2928 3147 3280 3214 Maguilicavit
3321 3149 3417 3202 ad-

1882 3244 2092 3282 versum
2123 3244 2205 3282 me
2243 3231 2723 3299 supplantationem
2758 3248 2930 3299 suam,
2963 3253 2981 3285 3
3021 3234 3149 3288 fecit
3187 3250 3415 3304 evange-

1881 3316 2001 3370 lista
2036 3335 2048 3369 :
2091 3334 2109 3365 ι
2134 3315 2361 3370 Sustulit
2380 3318 2663 3371 adversum
2689 3333 2772 3373 me
2791 3320 3098 3374 calcaneum
3123 3335 3330 3385 suum,3
3358 3333 3416 3376 ut

1881 3402 2021 3456 idem
2065 3403 2238 3456 valeat
2283 3403 2634 3472 magniﬁcavit
2689 3406 2830 3473 quod
2881 3406 3114 3460 sustulit.
3173 3407 3414 3473 Quodsi

1881 3502 2162 3547 contextus
2194 3493 2319 3546 hic:
2357 3510 2375 3542 ι
2409 3493 2632 3547 Sustulit
2665 3495 2947 3549 adversum
2986 3512 3072 3551 me
3102 3496 3414 3550 calcaneum

1880 3597 2086 3644 suum,3
2122 3581 2892 3652 et,¢Magnilicavitadversum
2930 3600 3012 3639 me
3032 3585 3414 3654 suppiantatio-

1882 3686 2001 3725 nem
2035 3670 2268 3735 suam“,
2304 3689 2323 3721 3
2367 3671 2672 3726 necessario
2718 3673 2871 3727 nobis
2918 3672 3286 3740 etplanandus
3317 3673 3412 3739 sit,

1881 3759 2117 3812 dicemus
2146 3760 2246 3811 hoc
2276 3757 2393 3811 ﬁeri
2423 3773 2451 3810 a
2485 3758 2631 3813 calce
2658 3760 2971 3814 intendente
3014 3761 3196 3829 plagas
3216 3761 3410 3825 alicui;

1879 3847 2177 3913 cuiusmodi
2205 3846 2368 3899 etiam
2400 3856 2516 3899 erat
2556 3845 2721 3902 Judas
2757 3848 2846 3903 Dei
2877 3848 3068 3901 Filiqu
3117 3848 3409 3916 decipiens,

1880 3938 2313 4003 manducansque
2336 3950 2456 3988 cum
2485 3934 2610 3990 Jesu
2644 3934 2758 4002 ejus
2782 3951 2990 4004 panem,
3018 3951 3140 3989 cum
3174 3935 3413 4005 (immer-

1881 4041 1994 4078 sam
2040 4024 2333 4078 buceellam
2388 4025 2681 4088 accipiente
2729 4023 2875 4087 Jesu,
2927 4039 2990 4078 ac
3029 4022 3177 4078 Iuda:
3208 4024 3410 4077 Simoni

1880 4113 2144 4167 lscariotae
2164 4113 2469 4182 porrigente
2486 4112 2575 4181 ",)
2592 4112 2803 4166 sustulit
2820 4112 2982 4166 Judas
3000 4112 3254 4165 adversus
3275 4111 3414 4164 Prm—

1881 4212 2150 4268 ceptorem
2203 4201 2512 4254 calcaneum
2563 4214 2743 4266 suum,
2782 4201 2906 4268 quia
2953 4210 3072 4269 post
3121 4199 3412 4254 buccellam

227 4301 477 4352 λευταῖον
508 4296 669 4349 αὑτὸν
710 4291 986 4362 γεγονέναι
1021 4286 1289 4358 τροπικῶς
1335 4286 1640 4356 λεγόμενον,
1687 4290 1779 4341 καὶ

1889 4292 2101 4345 intravit
2130 4292 2361 4347 Satanas
2412 4292 2464 4346 in
2499 4292 2712 4346 ludam.
2744 4296 2825 4344 An
2876 4305 3003 4344 vero
3053 4290 3215 4344 illud:
3256 4307 3275 4338 ι
3308 4287 3416 4341 lui-

227 4388 389 4450 αὐτὸς
421 4384 813 4453 συνεπισκέψῃ.

1810 4362 1854 4415 ί)
1897 4382 2080 4448 quitas
2103 4379 2337 4435 caleauci
2365 4384 2465 4435 mei
2493 4381 2839 4437 circumdabit
2860 4382 3024 4444 me“,
3050 4399 3069 4430 3
3095 4396 3194 4432 una
3215 4378 3415 4433 exami-

229 4490 416 4534 natum
478 4492 603 4533 cum
657 4452 816 4529 eoat
844 4471 1068 4526 Sustulit
1114 4477 1297 4523 contra
1351 4483 1432 4521 me
1477 4467 1788 4522 ealcaneum
1853 4486 2033 4535 suum,
2063 4489 2083 4522 3
2121 4468 2309 4524 referri
2375 4472 2439 4523 ad
2472 4470 2660 4525 Judam
2698 4472 2883 4539 possit.
2917 4471 3005 4541 qui
3034 4452 3151 4523 fuit'
3178 4471 3230 4523 in
3265 4478 3415 4537 parte

224 4570 374 4631 Jesu,
406 4576 466 4622 et
496 4567 710 4620 habitus
737 4568 1003 4632 possessio
1033 4560 1165 4626 ejus,
1211 4569 1264 4613 et
1299 4558 1589 4625 apostolus,
1626 4561 1796 4615 dictus
1841 4576 1965 4616 vero
2009 4562 2312 4620 calcaneum
2352 4565 2570 4632 tropice,
2597 4564 2737 4632 quod
2776 4564 2887 4633 ipse
2909 4563 3151 4616 ultimum
3181 4561 3417 4628 proditor

225 4658 414 4720 fuerit,
444 4666 501 4709 tu
538 4655 652 4721 ipse
687 4655 847 4706 etiam
872 4650 1262 4705 considerabis.

293 4751 347 4806 9.
377 4770 397 4803 ι
442 4747 677 4817 ’Δπάρτι
705 4745 848 4813 λέγω
899 4746 1025 4813 ὑμῖν
1067 4742 1171 4812 πρὸ
1215 4741 1306 4793 τοῦ
1349 4742 1631 4808 γενέσθαι,
1688 4745 1776 4798 ἵνα

223 4840 594 4908 πιστεύσητε,
636 4835 761 4887 ὃταν
817 4833 1072 4901 γένηται,
1133 4831 1210 4883 ὅτι
1278 4830 1385 4896 ἐγώ
1445 4832 1576 4900 εἰμι.
1617 4851 1635 4881 3
1669 4833 1776 4903 Τὴν

222 4930 508 5000 ἀναφορὰν
535 4929 569 4995 ὴ
601 4924 743 4986 λέξις
773 4922 907 4992 α’ύτη
941 4922 1053 4991 ἔχει
1085 4920 1176 4972 ἐπὶ
1194 4919 1253 4971 τὸ
1280 4920 1662 4990 προειρημένον
1693 4923 1772 4975 τό·

294 5044 345 5074 “
379 5041 517 5094 ibid.
614 5041 660 5067 ”
693 5041 819 5087 Luc.
851 5049 901 5096 κ,
925 5041 977 5094 5.
1002 5041 1057 5086 6.

296 5126 414 5165 vut.
441 5107 497 5163 6.
609 5104 652 5136 ⁸¹
679 5103 834 5158 Joan.
862 5116 977 5165 ιιιι,
1005 5100 1090 5154 19.

295 5222 854 5297 (58)-Αᾎποστόλων.
891 5218 1069 5272 Editio
1101 5215 1275 5271 Huetii
1314 5230 1590 5284 perperam
1620 5217 1783 5271 habet

227 5292 569 5346 ἀποστέλλω.

295 5363 410 5429 (39)
435 5354 837 5429 Πιστευθῇναι
856 5354 1042 5429 christ
1071 5353 1169 5429 zeal
1205 5351 1580 5429 προεγιςώᾳθη
1606 5369 1779 5429 pem-

228 5421 651 5497 πεσούμενος),
683 5421 1025 5497 ἐπιστεύθη.
1069 5421 1348 5497 Sic_re_cte
1395 5423 1557 5473 habet
1616 5422 1779 5497 codex

232 5486 678 5558 llodleianusi'in
734 5491 899 5557 Regio
932 5491 1123 5543 vitiose
1178 5488 1385 5558 legitur,
1432 5486 1779 5555 πιστευθῆναι

226 5555 586 5636 προεγνὼσθη
611 5555 1096 5629 μεταπονούμενος,
1129 5555 1412 5624 ἐπιστεύθη

451 5664 733 5724 Panos.
773 5654 890 5711 Gn.
929 5652 1096 5712 XIV.

614 5037 660 5067 “
690 5034 819 5087 Luc.
851 5049 901 5096 κ,
925 5033 977 5094 5,
1002 5033 1061 5103 ϐ.
1128 5032 1174 5062 ⁸³
1196 5030 1340 5085 Psal.
1370 5047 1456 5094 χι,
1489 5031 1576 5086 10.
1650 5033 1693 5065 ⁸⁷
1722 5035 1784 5089 ibi

1924 5034 2140 5092 "Joatt.
2189 5052 2304 5103 xm,
2357 5036 2443 5090 18.

1948 4746 2000 4799 9.
2023 4765 2041 4796 ι
2071 4745 2220 4799 Nunc
2239 4747 2357 4799 dico
2388 4746 2535 4798 vobis
2562 4755 2843 4813 antequam
2864 4748 3050 4807 llat,ut
3071 4759 3191 4798 cum
3218 4745 3413 4797 factum

1881 4835 2061 4898 fuerit,
2093 4835 2324 4888 credatis
2352 4836 2475 4903 quia
2504 4849 2602 4901 ego
2645 4849 2761 4886 sum
2793 4835 2860 4886 ⁸¹.
2895 4852 2914 4881 3
2947 4833 3278 4886 Relationem
3310 4831 3410 4882 ba-

1881 4925 2010 4978 bent
2041 4924 2201 4977 verba
2241 4924 2356 4978 haec
2399 4927 2464 4977 ad
2512 4926 2561 4977 id
2594 4924 2732 4990 quod
2770 4921 3012 4988 superius
3052 4928 3133 4973 est
3165 4921 3362 4973 dictum
3393 4937 3408 4972 :

2543 5032 2584 5064 ⁸⁸
2614 5023 2769 5082 Joan.
2802 5044 2947 5092 ιχνι,
3000 5027 3092 5083 27.
3197 5027 3242 5058 ”
3274 5027 3411 5082 Psal.

1947 5218 2059 5289 (40)
2089 5218 2264 5289 (Iader;
2293 5209 3088 5289 Dodleia_nus,_;ia_¢ooe'_l}cgius,
3120 5210 3322 5289 ἀκούω.

1951 5278 2071 5358 (At),
2097 5284 2295 5358 Td_66_._
2322 5287 2476 5358 Deest
2506 5286 2557 5338 iu
2594 5278 2832 5340 editioue
2860 5278 3057 5339 Huetii,
3087 5280 3184 5333 sed
3231 5281 3422 5348 legitur

1878 5355 1930 5406 in
1955 5353 2140 5424 Codice
2170 5353 2485 5424 Bodleiano,
2593 5420 2603 5424 Δ
2678 5421 2689 5424 Α
2863 5416 2874 5424 _
2903 5414 2915 5424 _
2956 5419 2965 5424 Δ
3096 5413 3119 5424 u
3388 5413 3399 5424 .

1949 5423 2060 5493 (4:2)
2094 5421 2233 5473 Ὅτι.
2278 5421 2557 5493 tf‘crrarius
2592 5420 2782 5491 legisse
2825 5414 3040 5471 videtur
3093 5413 3211 5479 ὅτε,
3268 5413 3427 5466 vertit

1878 5491 2047 5559 enim,
2075 5507 2094 5541 ι
2129 5491 2359 5560 quando.
2400 5509 2418 5541 3

3128 5630 3215 5689 25
