3820 6224
235 337 371 405 779,

1677 310 1992 367 ORIGENIS

3485 289 3609 342 780

246 470 261 499 ι
296 450 407 502 Non
437 443 502 497 de
528 439 768 495 omnibus
800 434 949 488 vobis
978 434 1096 487 (li-.0
1123 449 1131 484 :
1164 445 1261 499 ego
1285 430 1398 483 scio
1426 443 1561 491 quos
1584 427 1754 497 elege-

2102 423 2140 473 »ἱ
2172 400 2382 475 πάντων
2415 418 2568 490 ὑμῶν
2629 410 2814 485 λέγω·
2866 413 2998 481 ἐγὼ
3033 404 3187 462 οῖδα.
3250 404 3442 465 τίνας
3474 402 3610 468 ἑξε-

242 542 365 600 rim;
412 521 500 587 sed
558 538 613 582 ut
650 526 929 596 impleatur
981 523 1256 591 Scriptura
1292 540 1303 573 :
1338 522 1435 587 Qui
1483 521 1769 573 manducat

241 641 424 697 panem
482 635 675 682 meum,
717 615 928 672 sustulit
988 616 1267 695 adversum
1323 626 1405 665 me
1458 611 1767 664 calcaneum

239 688 389 770 suum
416 713 458 743 "
495 729 507 773 ;
544 729 562 760 ι
593 710 694 762 hoc
731 706 870 760 enim
900 688 1159 766 futurum,
1185 713 1244 755 ut
1272 701 1544 769 Scriptura
1581 700 1769 767 imple-

237 817 382 860 retur
415 803 481 856 de
514 815 575 855 eo
605 798 696 867 qui
757 794 974 851 sustulit
1015 794 1298 847 adversum
1330 805 1414 844 me
1458 791 1767 844 calcaneum

238 908 385 949 suum
423 891 531 960 (qui
570 898 653 942 est
688 887 793 947 ille,
822 884 911 953 qui
972 883 1260 937 manducat
1309 896 1501 950 panem
1537 879 1769 948 meum);

236 997 375 1035 nunc
430 981 548 1033 dico
604 977 773 1038 vobis,
809 984 865 1030 et
906 974 1024 1028 dico
1070 982 1354 1040 antequam
1406 971 1516 1033 ﬁat,
1549 978 1624 1033 ut,
1654 985 1770 1022 cum

238 1074 433 1125 factum
504 1070 663 1122 fuerit
716 1066 856 1133 quod
932 1063 1310 1131 pr0phetatum
1382 1065 1432 1115 in
1492 1059 1771 1127 Scriptura

240 1166 468 1216 futurum
511 1170 593 1213 est
642 1166 699 1209 ut
750 1155 1057 1221 impleatur.
1107 1151 1342 1206 credatis
1378 1165 1462 1203 me
1495 1162 1614 1202 esse
1651 1161 1771 1200 eum

238 1250 393 1321 427
425 1249 486 1300 dc
522 1262 625 1315 quo
676 1246 789 1298 haec
841 1241 1149 1310 prophetata
1196 1249 1339 1304 sunt,
1381 1248 1593 1307 propter
1648 1248 1767 1287 eum

238 1345 351 1413 qui,
372 1357 491 1396 cum
522 1338 871 1391 manducaret
897 1346 1084 1401 panem
1111 1346 1307 1393 meum,
1339 1328 1550 1383 sustulit
1582 1328 1772 1380 adver-

241 1449 356 1487 sum
391 1445 472 1483 me
501 1429 805 1481 calcaneum
832 1437 1007 1475 suum.
1040 1420 1145 1474 Sed
1183 1426 1389 1487 qnmrat
1417 1414 1611 1482 aliquis
1640 1429 1767 1482 quo.

244 1519 399 1572 modo
435 1516 636 1570 dictum
682 1512 753 1566 sit
782 1506 1080 1577 discipulis,
1116 1522 1342 1576 quorum
1376 1506 1580 1559 laverat
1616 1504 1774 1570 pedes

242 1608 421 1668 Jesus,
462 1602 682 1673 perinde
732 1598 883 1667 quasi
928 1598 1157 1650 nondum
1209 1594 1564 1649 credidissent
1603 1592 1774 1657 ipsum

240 1714 359 1754 esse
390 1696 658 1751 Christum
688 1710 700 1745 :
733 1708 753 1741 ι
778 1691 930 1744 Nunc
962 1691 1080 1743 dico
1110 1687 1261 1739 vobis
1295 1695 1580 1748 antequam
1613 1682 1726 1743 liat,
1754 1699 1771 1731 ι

1868 490 2134 583 λεξὰμην·
2184 510 2411 563 ἀλλ’ἵνα
2444 509 2479 578 ἡ
2523 506 2727 577 Γραφὴ
2778 500 3094 573 πληρωθῇ
3131 514 3148 527 -
3211 494 3285 547 Ὀ
3335 490 3609 562 τρώγων

1873 606 1986 674 μετ’
2012 601 2143 673 ἐμοῦ
2166 601 2255 653 τὸν
2284 600 2444 669 ἄρτον
2476 597 2687 667 ἐπῆρεν
2710 595 2801 647 ἐπ’
2832 593 2945 663 ἐμὲ
2985 591 3119 659 τὴν
3160 584 3460 655 πτέρναν
3501 583 3611 634 αὐ·-

1869 673 1980 748 τοῦ.
2035 713 2053 744 ι
2102 692 2270 745 Τοῦτο
2311 689 2419 762 γὰρ
2465 687 2526 740 τὺ
2564 686 2860 755 ἐσόμενον,
2899 683 3000 735 ἵνα
3038 682 3082 748 ἠ
3147 675 3391 745 Γραφὴ
3434 673 3609 742 ίπλη-

1872 784 2016 855 ρωθῇ
2066 782 2191 852 περὶ
2243 779 2336 831 τοῦ
2396 777 2721 847 ἐπαίροντος
2791 774 2890 825 ἐπ’
2946 769 3072 840 ἐμὲ
3133 766 3264 837 τὴν
3330 763 3613 833 πτέρναν

1871 854 2032 925 αὑτοῦ
2098 872 2195 939 (ὃς
2258 870 2374 920 ἐστι
2425 865 2656 937 τρώγων
2723 863 2852 932 μετ’
2914 858 3086 929 ἐμοῦ
3154 856 3278 908 τὸν
3352 854 3609 923 ἄρτον),

1870 963 2073 1032 ἁπάρτι
2124 960 2266 1028 λέγω
2319 960 2467 1027 ὑμῖν,
2524 956 2619 1008 καὶ
2674 954 2829 1021 λέγω
2896 951 3024 1021 πρὸ
3086 946 3211 1000 τοῦ
3276 944 3607 1014 γενέσθαι,

1871 1054 1979 1114 ἵνα,
2011 1051 2145 1103 ἐπὰν
2172 1048 2397 1117 γένηται
2433 1046 2495 1097 τὸ
2530 1041 3083 1114 πληρωθησόμενον
3148 1034 3292 1088 τῶν
3350 1050 3607 1103 προφηο

1869 1140 2161 1194 τευθέντων
2203 1140 2258 1189 έν
2298 1139 2365 1206 τῇ
2415 1135 2629 1204 Γραφῇ,
2678 1129 3084 1196 πιστεύσητε,
3152 1126 3259 1178 ὅτι
3303 1122 3441 1191 ἐγώ
3477 1124 3611 1193 εἰμι

1873 1229 1997 1297 περὶ
2020 1220 2080 1278 οὗ
2107 1224 2281 1278 ταῦτα
2325 1222 2801 1292 προπεφήτευται,
2858 1216 2984 1268 ἀπὸ
3046 1213 3171 1267 τοῦ
3238 1210 3604 1281 τρώγοντος

1876 1317 1989 1387 μετ’
2017 1314 2182 1368 αὐτοῦ
2212 1313 2301 1365 τὸν
2334 1312 2518 1382 ἄρτον,
2575 1309 2899 1378 ὲπάραντος
2934 1306 3057 1376 τὴν
3114 1301 3366 1355 ἑαυτοῦ
3428 1301 3613 1372 πτέρι

1873 1420 1966 1457 ναν
1991 1404 2108 1456 κατ’
2141 1400 2329 1453 αὐτοῦ.
2357 1400 2594 1469 Ζητήσει
2627 1397 2673 1447 δ’
2701 1396 2769 1449 ἄν
2805 1413 2897 1458 τις
2942 1394 3092 1457 πῶς
3151 1394 3425 1463 εἴρηται
3486 1396 3614 1455 τοῖς

1878 1492 2159 1562 μαθηταῖς,
2191 1483 2265 1542 ὧν
2289 1488 2437 1556 ένιψε
2479 1487 2608 1549 τοὺς
2641 1485 2817 1547 πόδας
2863 1487 2894 1536 6
2943 1481 3247 1554 Ἰησοῦς,
3291 1482 3385 1544 ὡς
3422 1480 3613 1551 μηδέ-

1877 1598 1961 1633 πω
2007 1578 2376 1641 πιστεύσασιν,
2409 1578 2493 1628 ὅτι
2535 1576 2632 1629 καὶ
2676 1574 2849 1636 αὐτὸς
2904 1573 3004 1643 εἴη
3048 1575 3087 1625 6
3144 1574 3462 1643 Χριστὸς,
3506 1572 3610 1625 τόο

1884 1690 1901 1721 ι
1941 1670 2166 1741 Ἀπάρτι
2216 1668 2358 1734 λέγω
2400 1667 2531 1735 ὑμῖν
2576 1666 2685 1737 πρὸ
2722 1664 2823 1717 τοῦ
2867 1664 3213 1732 γενέσθαι,
3266 1681 3290 1713 ι
3339 1663 3452 1714 καί
3514 1662 3616 1715 διὰ

241 1800 294 1841 et
320 1796 531 1856 propter
584 1784 683 1835 hoc
719 1782 857 1843 dico,
899 1798 916 1828 ι
948 1786 1003 1829 ιιι
1048 1791 1170 1829 cum
1222 1774 1420 1827 factum
1459 1772 1639 1833 fuerit,
1662 1785 1749 1824 cre

2102 1760 2226 1825 έγω,
2275 1759 2381 1821 ἵνα,
2430 1758 2559 1809 ὅταν
2602 1774 2622 1807 ι
2670 1755 2943 1825 γένηται,
3008 1754 3465 1824 πιστεύσητε,
3519 1755 3610 1807 ὅτι

244 1876 383 1929 datis
414 1887 496 1926 me
527 1883 647 1924 esse
670 1869 714 1900 ⁸³
743 1886 762 1917 ι
818 1865 1088 1919 Christum
1138 1861 1531 1929 prophetatum.
1564 1858 1632 1910 At
1665 1856 1783 1910 vide

244 1980 368 2021 num
414 1961 674 2033 possimus
713 1962 959 2010 caventes
1006 1963 1258 2006 accusare
1306 1948 1478 2015 tales,§
1510 1954 1785 2011 tantosque

243 2053 366 2108 .lesu
393 2046 863 2120 discipulos,quasi
886 2044 975 2112 qui
996 2042 1228 2095 nondum
1255 2036 1632 2100 credidissent,
1653 2048 1782 2086 cou-

245 2145 418 2198 silium
470 2145 629 2195 etlam
676 2148 893 2192 servare
943 2130 1218 2186 dicentis:
1257 2147 1275 2179 ι
1305 2126 1372 2182 Ut
1412 2140 1530 2179 cum
1586 2124 1784 2177 factum

246 2233 425 2293 fuerit,
451 2227 677 2283 credatis
707 2224 830 2293 quia
852 2237 950 2290 ego
987 2234 1124 2274 sum.
1160 2235 1177 2268 ι
1225 2214 1323 2280 Qui
1357 2211 1547 2279 recipit
1576 2210 1786 2278 sapien-

246 2325 331 2378 tiae
365 2324 716 2380 theoremata,
751 2313 1019 2368 interdum
1064 2322 1157 2376 per
1204 2305 1409 2374 priora,
1448 2301 1641 2369 quibus
1674 2300 1784 2367 jam

247 2414 458 2483 sapiens
506 2419 610 2472 est,
633 2405 858 2475 percipit
904 2399 1220 2469 posteriora,
1269 2395 1321 2447 in
1375 2391 1574 2461 quibus
1631 2397 1787 2441 antea

250 2479 355 2558 non
403 2509 516 2555 erat
568 2497 783 2565 sapiens
838 2489 1240 2559 sapientiorqne
1264 2485 1411 2537 erit:
1444 2479 1788 2550 quemadmo-

250 2594 374 2644 dum
406 2589 530 2641 illud
561 2586 720 2639 etiam
749 2582 945 2636 dicitur
978 2593 991 2627 :
1033 2594 1051 2627 ι
1081 2576 1204 2629 εἴπεο
1260 2572 1405 2625 enim
1449 2568 1674 2622 audiens
1703 2580 1789 2620 sa-

250 2680 417 2745 piens,
461 2674 751 2742 sapientior
777 2668 970 2723 erit“.
1001 2683 1019 2715 ι
1062 2663 1131 2718 Ut
1158 2662 1320 2732 igitur
1357 2660 1402 2712 si
1440 2656 1668 2719 sapienti
1706 2655 1788 2709 di-

251 2742 500 2819 cercntur
544 2761 782 2830 qnzedam
808 2797 823 2820 ,
863 2765 917 2809 et
954 2753 1366 2822 subjungeretur
1398 2764 1412 2799 :
1445 2745 1568 2798 Ilaec
1617 2753 1667 2796 te
1712 2742 1789 2795 fa-

254 2856 399 2907 ciunt
442 2852 733 2916 sapientem
764 2866 778 2913 ;
811 2861 916 2899 non
944 2844 1164 2897 omnino
1211 2838 1506 2908 sapientem
1538 2834 1787 2889 conside—

254 2957 501 2997 raremus
531 2955 593 2994 ex
642 2954 744 2993 non
783 2937 1046 3004 sapiente,
1078 2933 1173 2987 sed
1201 2944 1266 2984 ex
1303 2929 1543 2997 sapiente
1576 2924 1792 2992 sapien-

255 3034 466 3095 tiorem,
504 3040 752 3096 tanquam
787 3022 1024 3094 profectu
1073 3017 1410 3091 succedente,
1445 3024 1498 3069 et
1542 3013 1791 3067 tendente
1818 3054 1860 3109 C

1897 3099 2015 3152 σθαι
2032 3097 2343 3168 πιστότερον
2362 3097 2635 3165 γενέσθαι’
2660 3098 2760 3149 καὶ
2785 3097 2912 3169 γὰρ
2933 3101 2993 3151 οἱ
3014 3101 3395 3167 ἀπόστολοι,
3422 3121 3605 3175 προσ-

254 3123 322 3174 ad
371 3118 757 3187 perfectionem
788 3114 905 3168 :sic
965 3110 1093 3165 mihi
1142 3105 1420 3163 considera
1485 3106 1790 3159 credentem

256 3224 411 3277 posse
459 3208 628 3277 magis
668 3206 978 3259 credentem
1029 3200 1142 3254 fieri
1172 3217 1186 3252 :
1217 3195 1440 3267 apostoli
1480 3193 1622 3249 enim
1673 3206 1792 3244 cum

258 3300 545 3367 aliquando
581 3297 646 3350 ad
691 3295 967 3349 Dominum
1006 3290 1381 3349 accessissent,
1431 3299 1533 3338 non
1591 3282 1795 3350 seipsos

259 3388 569 3439 incusantes
606 3395 854 3450 tanquam
900 3395 1006 3434 non
1042 3379 1339 3437 credentes,
1381 3374 1630 3428 dixerunt
1676 3369 1746 3422 illi
1779 3383 1793 3419 :

266 3494 283 3523 ι
310 3474 562 3536 Domine,
610 3472 814 3539 adauge
868 3471 1022 3524 nobis
1066 3467 1328 3521 fidem":
1368 3483 1388 3516 ι
1429 3462 1689 3529 siquidem
1739 3460 1791 3511 in

260 3560 541 3625 vocabulo,
580 3562 799 3625 adaugc,
832 3565 1015 3625 aperte
1044 3554 1344 3608 ostenditur
1371 3551 1526 3605 fidem
1547 3548 1795 3602 habuisse

263 3658 529 3730 apostolos
588 3652 880 3720 capientem
947 3646 1388 3700 additamentum.
1440 3637 1795 3705 Quamobrem

265 3726 313 3806 si
349 3752 462 3803 haec
510 3741 902 3802 intelleximus,
938 3734 1067 3789 mihi
1117 3731 1395 3786 considera
1440 3726 1799 3781 additamenta

264 3854 440 3895 rerum
485 3837 641 3889 fidem
680 3830 1008 3889 facientium,
1061 3832 1179 3893 post
1224 3820 1464 3889 quadam
1489 3832 1606 3886 quae
1642 3824 1798 3869 antea

265 3928 421 3981 fidem
462 3926 720 3986 fecerant,
758 3917 1028 3971 addidisse
1078 3911 1233 3975 ﬁdei;
1273 3910 1408 3963 adeo
1453 3918 1510 3960 ut
1556 3903 1800 3973 discipuli

265 4023 455 4084 praeter
489 4026 549 4064 ea
581 4023 699 4077 quas
723 4006 988 4060 habebant
1010 4001 1165 4054 fidem
1197 3997 1470 4059 facientia,
1497 3995 1659 4047 etiam
1696 3993 1799 4046 hoc

266 4100 674 4170 assumpserint,
717 4105 776 4150 ut
817 4095 1059 4147 viderent
1106 4089 1441 4156 Scripturam
1476 4085 1740 4138 dicentem
1784 4098 1798 4133 :

271 4213 292 4246 ι
319 4195 419 4259 Qui
454 4191 738 4245 manducat
784 4199 973 4253 panem
1010 4195 1206 4243 meum,
1248 4177 1466 4231 sustulit
1491 4183 1674 4229 contra
1719 4187 1803 4227 me

1884 1849 1992 1917 ἐγώ
2019 1852 2131 1918 είμι
2166 1866 2184 1899 ι
2220 1850 2248 1900 6
2281 1845 2687 1917 προφητευθεὶς
2714 1844 3000 1915 Χριστός.
3045 1844 3194 1896 Καὶ⁵
3236 1845 3365 1913 δρα
3400 1844 3458 1894 εἰ
3509 1841 3612 1895 ἆυ·-

1884 1938 2091 2009 νάμεθα
2116 1935 2549 2006 κατηγοροῦντες
2577 1935 2689 1988 τῶν
2722 1934 3118 2005 τηλικούτων
3158 1932 3377 2002 Ἰησοῦ
3418 1933 3615 2002 μαθη-

1882 2030 2010 2091 τῶν,
2045 2029 2118 2091 ὡς
2145 2026 2354 2080 οὐδέπω
2387 2025 2869 2087 πεπιστευκότων,
2903 2025 3016 2077 καλ⁸
3046 2023 3130 2075 τὸ
3169 2022 3473 2092 βούλημα
3501 2021 3615 2073 σώ-

1886 2119 1996 2181 ζειν
2037 2116 2127 2168 τοῦ
2183 2116 2463 2177 εἰπόντος·
2504 2117 2653 2169 «Ἵνα
2680 2114 3077 2184 πιστεύσητε,
3121 2114 3287 2167 ὅταν
3324 2113 3608 2182 γένηται,

1885 2210 1964 2262 ὅτι
2015 2207 2124 2275 ἐγώ
2160 2209 2294 2277 εἰμι.
2337 2225 2356 2257 ι
2390 2204 2860 2275 Παραλαμϐάνων
2918 2204 3165 2272 σοφίας
3227 2202 3613 2273 θεωρήματα

1886 2299 1999 2352 ἐσθ’
2034 2299 2121 2351 ὅτε
2145 2299 2241 2350 καὶ
2268 2296 2555 2367 προτέροις
2572 2296 2674 2366 ἤδη
2709 2295 2830 2364 (45)
2869 2294 3067 2363 σοφός
3110 2298 3300 2348 ἐστιν
3335 2294 3609 2363 ἀναλαμο

1887 2388 2036 2440 6άνει
2062 2385 2308 2455 δεύτερα,
2359 2383 2444 2451 ἐφ’
2475 2377 2560 2444 οἷς
2592 2382 2656 2433 οὐ
2710 2381 3013 2454 πρότερον
3065 2378 3156 2453 ἦν
3218 2382 3438 2451 σοφὸς,
3508 2381 3611 2433 καὶ

1888 2477 2189 2547 σοφώτερος
2233 2476 2417 2528 ἔσται·
2461 2472 2646 2536 καθὼς
2686 2472 2929 2540 λέγεται
2971 2474 3093 2527 καὶ
3167 2474 3285 2527 τόο
3339 2491 3361 2523 ι
3408 2469 3605 2524 Τῶνδε

1887 2568 1994 2638 γὰρ
2016 2566 2249 2627 ἀκούσας
2279 2564 2462 2631 σοφὸς,
2516 2560 2837 2631 σοφώτερος
2893 2561 3107 2615 ἔσται.
3154 2581 3179 2613 ι
3216 2563 3471 2631 ’Ὠσπερ
3504 2556 3607 2613 οὖν

1892 2660 1939 2711 εί
1977 2657 2189 2724 ἐλέγετο
2217 2654 2293 2724 τῷ
2326 2653 2472 2723 σοφῷ
2525 2652 2654 2705 τάδε
2688 2651 2844 2714 τινὰ,
2906 2653 3021 2705 καί
3085 2653 3453 2724 ἐπεφέρετο
3477 2666 3495 2681 ·
3531 2681 3605 2693 -

1889 2745 2071 2798 Ταῦτά
2088 2761 2146 2796 σε
2168 2746 2309 2796 ποιεῖ
2324 2742 2507 2811 σοφὸν,
2524 2773 2594 2784 --
2608 2741 2671 2793 οὐ
2693 2740 2935 2804 πάντως
2961 2740 3042 2795 ἂν
3070 2743 3159 2795 ὲκ
3178 2743 3294 2796 τοῦ
3316 2743 3407 2813 μὴ
3426 2739 3606 2810 σοφοῦ

1892 2833 2049 2900 σοφὸν
2083 2832 2403 2900 ὲνοήσαμεν,
2431 2829 2570 2882 ἀλλὰ
2602 2828 2700 2880 καὶ
2731 2829 2803 2880 ὲκ
2836 2829 3039 2897 σοφοῦ
3077 2830 3480 2900 σοφώτερον,
3524 2830 3603 2893 ὡς

1891 2918 2273 2988 ἐπιγινομένης
2314 2919 2412 2987 τῆς
2436 2916 2750 2988 προκοπῆς,
2790 2916 2898 2968 καὶ
2941 2918 3309 2989 ὀδευούσης
3351 2920 3459 2972 ἐπὶ
3499 2919 3605 2987 vi}:
3667 2982 3679 2989 ρ

1891 3010 2196 3079 τελειότητα
2220 3026 2234 3039 ’
2271 3008 2412 3061 οὕτω
2442 3025 2531 3077 μοι
2555 3008 2667 3061 νόει
2689 3009 2792 3060 καὶ
2822 3008 2930 3061 τὸν
2986 3011 3391 3064 πιστεύοντα
3427 3011 3604 3067 δύνα-

1894 3189 2135 3251 ελθόντες
2178 3187 2309 3239 ποτὲ
2351 3186 2430 3255 τῷ
2476 3185 2688 3256 Κυρίῳ,
2723 3188 2832 3257 οὐχ
2881 3189 3134 3245 ἑαυτῶν
3188 3194 3607 3265 κατηγοροῦν⁴

1894 3297 1984 3342 τες
2005 3281 2081 3341 ὡς
2106 3278 2367 3341 ἀπίστων,
2397 3277 2582 3345 ἔλεγον
2609 3277 2765 3347 αὐτῷ
2811 3279 2882 3331 τό
2904 3297 2957 3332 ⁸(
3032 3282 3281 3355 Κύριε,
3342 3287 3604 3358 πρόσθες

1895 3372 2023 3441 ἡμῖν
2044 3368 2254 3420 πίστιψ
2288 3388 2305 3419 ι
2337 3368 2430 3420 καὶ
2458 3366 2568 3437 γὰρ
2598 3368 2657 3419 ὲν
2685 3368 2792 3437 τῷ.
2812 3370 3155 3438 πρόσθες,
3194 3377 3420 3445 σαφῶς
3461 3395 3607 3449 παρ-

1900 3458 2125 3521 ίσταται,
2157 3456 2239 3508 ὅτι
2267 3455 2448 3507 πίστιν
2492 3453 2637 3524 εἶχον
2673 3456 2995 3525 χωροῦσαν
3052 3464 3463 3536 προσθήκην.
3510 3468 3605 3519 Εἴ-

1899 3566 2001 3615 περ
2030 3544 2120 3601 οὗν
2148 3548 2456 3617 συνήκαμεν
2500 3545 2696 3609 ταῦτα,
2731 3546 2851 3599 νόει
2892 3567 3001 3618 μοι
3063 3552 3192 3617 τὰς
3248 3555 3603 3625 προσθήκας

1897 3638 2002 3690 τῶν
2030 3636 2504 3701 πιστοποιούντων,
2536 3635 2678 3705 μετά
2710 3653 2841 3689 τινα
2882 3640 3210 3713 πρότερον
3244 3648 3605 3717 πιστοποιή-

1901 3741 2080 3787 σοντα,
2108 3723 2453 3795 προστιθέναι
2481 3726 2550 3793 τῇ
2587 3725 2777 3777 πίστει
2797 3742 2811 3754 ·
2840 3726 3007 3781 ὥστε
3060 3733 3186 3785 καὶ
3230 3737 3381 3798 τοὺς
3417 3735 3607 3806 μαθη-

1897 3815 1995 3876 τὰς
2016 3813 2149 3883 πρὸς
2172 3808 2252 3875 οἷς
2276 3808 2419 3881 εἶχον
2449 3818 2966 3884 πιστοποιητικοῖς,
2997 3820 3119 3873 καὶ
3145 3821 3341 3874 τοῦτο
3363 3838 3604 3893 προσει-

1900 3901 2124 3970 ληφέναι
2150 3901 2210 3952 τὸ
2243 3900 2459 3969 βλέπειν
2483 3900 2885 3972 πληρουμένην
2920 3904 3035 3973 τὴν
3079 3906 3409 3976 λέγουσαν
3459 3910 3608 3977 Γρα-

1902 3991 2039 4060 ιρήν⁸
2078 4008 2097 4039 ι
2142 3989 2198 4042 '0
2227 3988 2455 4059 τρώγων
2504 4005 2607 4059 μου
2640 3989 2736 4042 τὸν
2783 3991 2970 4061 ἄρτον
3018 3995 3280 4068 ἐπῆρεν
3341 3998 3444 4050 ἐπ’
3500 3997 3607 4067 ἐμὲ

1902 4081 1997 4151 τὴν
2023 4080 2259 4150 πτέρναν
2310 4078 2497 4144 αὐτοῦ,
2535 4097 2554 4130 ι
2596 4081 2995 4150 παριστάντος
3045 4086 3171 4139 τοῦ
3223 4103 3608 4160 προφητευφ-

1907 4171 2085 4241 μένου,
2114 4171 2194 4223 ὅτι
2222 4169 2383 4231 αὐτὸς
2408 4164 2476 4238 ἦν
2524 4169 2654 4239 περὶ
2696 4164 2760 4223 οὗ
2803 4170 3001 4225 ταῦτα
3034 4174 3428 4242 ὲθεσπίςετο
3460 4176 3604 4246 (44)·

268 4281 574 4334 calcaneum
608 4289 763 4331 suum
790 4273 858 4336 ⁸⁸,
882 4291 899 4322 ι
937 4269 1234 4336 impletum,
1268 4265 1335 4317 ob
1364 4263 1548 4317 oculos
1575 4269 1776 4330 ponent

2097 4276 2182 4313 ουε
2202 4258 2317 4323 τοῦ,
2343 4260 2493 4311 «Ἵνα
2521 4257 2888 4330 πιστεύσητε,
2906 4276 2924 4306 ι
2943 4262 3031 4326 ὡς
3075 4264 3226 4319 ἴσον
3266 4269 3605 4337 δυναμένου

268 4384 333 4423 eo
374 4369 463 4437 qui
502 4364 918 4436 prophetabatur
956 4374 1015 4413 se
1060 4371 1201 4420 esse,
1233 4355 1299 4408 de
1321 4367 1426 4421 quo
1456 4352 1581 4404 talia
1612 4350 1772 4419 praedi

2098 4367 2148 4402 θα
2174 4348 2429 4418 ὲνεργῆτε
2459 4347 2596 4418 (45),
2625 4350 3084 4420 παραμένοντες
3126 4357 3232 4427 τῷ
3272 4358 3606 4420 πιστεύειν,

270 4410 332 4423 ἠ’
374 4410 463 4437 ‘1‘"
504 4410 907 4436 r'Vr--"—'r'—~
957 4410 1009 4413 ε-
1070 4410 1111 4411 η
1189 4410 1201 4420 ι
1339 4410 1352 4421 .
1615 4410 1629 4419 .

269 4468 353 4514 cta
394 4460 603 4510 fuerant
634 4470 651 4506 :
679 4453 902 4519 vidcque
932 4459 995 4504 ut
1030 4446 1294 4514 intelligas
1332 4444 1431 4496 hoc
1469 4439 1777 4495 vocabulum

2099 4440 2294 4510 ,δεμίαν
2329 4410 2583 4509 ἀφορμὴν
2626 4410 2770 4510 προς
2793 4410 2865 4493 τὸ
2895 4410 3367 4512 μετατίθεσθαι
3416 4410 3607 4518 ἴσχονί

277 4570 297 4601 α
331 4549 396 4604 Ut
422 4545 650 4602 credatis
664 4544 732 4607 ετ,
752 4561 770 4592 ι
805 4541 1024 4611 perinde
1045 4553 1107 4593 ac
1132 4537 1221 4600 sit,
1246 4536 1313 4589 Ut
1339 4532 1659 4603 operemini,
1690 4546 1784 4599 per

2100 4530 2152 4581 nti.
2179 4530 2231 4581 εί
2255 4545 2336 4581 τοι
2372 4529 2448 4598 μὴ
2490 4528 2716 4598 μεγέθει
2772 4532 3008 4601 μεγάλη
3049 4536 3094 4604 ἡ
3151 4539 3382 4602 πίστις
3417 4534 3518 4609 ἦν,
3572 4535 3608 4607 ἢ

274 4646 550 4693 manentes
588 4635 641 4688 in
692 4631 1029 4691 credulitate,
1071 4625 1270 4681 nullam
1299 4637 1516 4677 causam
1549 4621 1780 4674 habente

2133 4617 2319 4688 πολλὴ,
2356 4620 2455 4670 οὐκ
2510 4617 2577 4670 ἂν
2627 4618 2822 4688 ἔλεγεν
2866 4624 2898 4674 6
2942 4623 3211 4690 Παῦλος
3267 4631 3377 4682 τό·
3427 4648 3449 4680 σ
3484 4628 3610 4681 Κᾶν

271 4745 376 4799 qua
407 4724 708 4781 mutemini.
756 4722 833 4775 Ac
872 4726 1019 4774 certe
1067 4715 1169 4768 nisi
1213 4711 1584 4781 magnitudine
1616 4724 1779 4776 magn:

2102 4711 2207 4799 ἱσαν
2234 4711 2333 4799 τὴν
2361 4709 2573 4760 πίστιν·
2610 4726 2629 4759 ι
2674 4708 2877 4781 ὥσπερ
2924 4712 3048 4783 γὰρ
3080 4716 3118 4767 6
3172 4718 3454 4780 τέλειος,
3509 4714 3610 4769 καὶ

274 4795 405 4869 fides
440 4821 605 4875 esset,
642 4817 734 4863 aut
779 4804 1116 4860 multitudine
1161 4801 1346 4865 multa,
1391 4797 1782 4864 baudquaquan

2118 4796 2255 4865 ἔχων
2282 4797 2379 4859 τὰς
2406 4795 2631 4866 ἀρετὰς,
2672 4797 2901 4853 τελείαν
2938 4801 3234 4875 ἑκάστην
3257 4805 3606 4866 ἀναλαϐὼν,

274 4905 497 4957 dixisset
542 4895 843 4954 Paulus“:
886 4889 1146 4947 «Etiamsi
1197 4888 1431 4942 habuero
1486 4897 1697 4937 omnem
1749 4882 1778 4933 li

2100 4899 2111 4933 ι
2157 4883 2268 4951 ἔχει
2301 4884 2399 4954 τὴν
2429 4885 2644 4953 σοφίαν,
2688 4890 2792 4942 καὶ
2823 4890 3048 4944 τελείαν
3103 4893 3233 4964 τὴν
3290 4894 3608 4967 σωφροσύ-

275 4994 416 5046 dem.
446 5008 465 5041 ι
503 4989 575 5044 Ut
597 4988 737 5041 enim
786 4983 1074 5052 perfectus,
1104 4987 1157 5033 et
1182 4989 1365 5031 omnes
1408 4972 1612 5026 habens
1640 4967 1780 5020 virtu

2098 4972 2191 5024 5τω
2223 4973 2279 5025 δὲ
2313 4975 2407 5027 καὶ
2428 4975 2527 5045 τὴν
2558 4976 2887 5047 εὐσέϐειαν,
2919 4984 3022 5035 καὶ
3045 4983 3160 5047 τὰς
3196 4986 3439 5051 λοιπάς
3461 5006 3476 5017 ’
3506 4986 3606 5039 οὖ-

278 5091 379 5144 tes,
413 5096 532 5134 cum
578 5074 881 5145 singulatim
935 5078 1366 5137 unamquamque
1403 5063 1657 5112 virtutem
1688 5070 1785 5124 per

2099 5078 2101 5098 ι
2136 5077 2218 5123 τις
2247 5057 2365 5114 εἷπε
2394 5066 2461 5133 τῇ
2486 5064 2583 5116 τοῦ
2631 5070 2936 5126 πιστεύειν
2970 5075 3158 5146 ἀρετῇ
3200 5077 3472 5140 τελείως
3524 5075 3607 5145 τῷ

282 5172 471 5225 rectam
507 5166 823 5237 perceperit,
864 5162 1150 5233 perfectam
1197 5158 1355 5210 habet
1384 5150 1724 5220 sapientiam,
1756 5158 1786 5197 e

2121 5149 2231 5220 (46)
2266 5132 2538 5223 ἔχειντὴν
2565 5156 2785 5217 πίστιν.
2821 5132 3029 5220 Ταῦτα
3065 5132 3345 5240 δέηφημι
3401 5132 3490 5233 ὡς
3542 5132 3606 5220 οίι

382 5278 428 5308 δ’
454 5276 605 5330 Joan.
636 5291 756 5334 xm,
785 5273 868 5328 18.
949 5272 994 5304 ⁵⁸
1015 5269 1169 5326 Joan.
1203 5282 1319 5327 xm,
1358 5264 1443 5316 19.
1514 5259 1557 5289 ⁸⁸
1590 5256 1784 5310 Prov.t

284 5342 330 5373 ⁵⁸
359 5343 517 5396 lCor.
549 5359 663 5406 xm,
699 5342 751 5394 ‘2.

2097 5276 2169 5314 ιο.
2207 5278 2342 5329 xm,
2373 5264 2427 5317 5.
2530 5266 2578 5296 ⁵⁸
2612 5266 2789 5325 Joan.
2824 5289 2959 5342 xm,
2992 5276 3088 5332 18.
3202 5278 3256 5309 ⁸⁷
3292 5279 3447 5333 ibid.
3515 5276 3605 5330 l9.

358 5428 463 5503 ξιξ)
487 5430 647 5503 Ἤδη·
673 5429 811 5503 ιέρερ
839 5428 915 5503 φῖς
940 5433 1073 5503 ἡδηο,
1093 5495 1113 5503 ,
1233 5488 1277 5503 ..
1472 5485 1507 5503 η

674 5472 1366 5565 libadlcviait“grammaire
1392 5503 1408 5550 ;
1470 5481 1689 5548 Regius,
1721 5493 1808 5527 τε-

365 5628 473 5693 (45)
508 5625 895 5698 Εάἱιὶοᾘυριὶἰ,
925 5635 1018 5699 τῷ,
1053 5634 1167 5683 Ἵνα
1182 5622 1518 5690 πιστεύσητε,
1539 5610 1809 5678 ἐνεργῆτε.

2127 5415 2481 5500 Τελείωςζτῷ
2508 5418 2753 5492 πᾶσαν,
2787 5437 2905 5484 etc.
2939 5429 3277 5500 Legendum
3317 5429 3608 5489 fortasse.

1919 5480 2125 5602 ξῖζξίαν
2181 5484 2276 5535 καὶ
2315 5486 2522 5555 πᾶσαν.
2551 5501 2699 5561 εις..
2741 5480 2903 5564 ’νειζ
2930 5480 3331 5556 agema
3356 5480 3607 5558 ίίπεισαοχ
