3820 6252
237 311 325 372 ’ίδὶ

1277 342 1622 399 COMMENT.
1665 344 1728 398 IN
1767 343 1949 398 JOAN.
1994 337 2229 396 TOMUS
2270 332 2479 397 XXXII.

3350 354 3449 410 789

212 436 436 535 αυρίως
457 438 525 493 ἂν
562 444 982 527 λεχῆσομένης
1031 462 1125 530 τῆς
1159 460 1375 522 ἀτελοῦς
1411 462 1672 531 σοφίαςνῆ
1706 480 1779 515 σω

1906 459 2192 527 perfectam
2228 453 2563 529 modestiam,
2599 474 2753 534 atque
2791 465 2950 519 etiam
2980 465 3056 521 sic
3083 469 3358 535 pietatem,
3397 481 3445 524 et

242 529 538 602 (θρασύτης,
567 535 602 605 ἢ
632 539 942 611 εὐσεϐείας,
972 550 1004 620 ἢ
1035 529 1140 602 τῶν
1180 550 1373 602 λοιπῶν
1414 551 1639 618 ἀρετῶν,
1663 529 1806 607 ἀλλά

244 634 725 701 καταχρηστικῶς,
774 641 1001 694 καὶτῶν
1039 647 1094 695 ἐν
1124 645 1322 714 ἑκάστῃ
1363 646 1526 714 ἀρετῇ
1578 662 1805 716 προσκο-

240 718 367 772 πῶν
409 719 716 791 ὁμωνύμως
742 729 810 795 τῇ
840 728 1021 800 τελείᾳ
1047 729 1484 800 ὀνομαζομένων·
1514 731 1653 783 οὕτω
1698 732 1804 802 γάρ

242 812 417 880 σοφὸς
457 810 673 880 λέγεται
726 819 756 868 6
802 818 1126 889 ἁμαρτάνων
1177 821 1272 889 μέν
1307 837 1425 873 τινα
1469 821 1541 883 ὡς
1586 821 1802 889 ἐλέγχου

229 900 480 963 δεῖσθαι,
504 900 565 952 οὐ
601 902 705 970 μὴν
730 905 825 956 καὶ
852 907 1023 973 μισῶν
1045 909 1167 969 τοὺς
1191 907 1522 977 ἐλέγχοντας,
1553 909 1685 962 ἀλλὰ
1713 911 1804 961 καὶ

234 989 458 1057 μᾶλλον
480 990 728 1057 ἀγαπῶν,
761 993 895 1045 καθὸ
927 995 1258 1064 γέγραπται·
1302 1016 1320 1046 ι
1356 998 1577 1066 Ἔλεγχε
1624 999 1800 1066 σοφὸν,

225 1081 339 1132 καὶ
370 1082 653 1150 ἀγαπήσει
689 1099 747 1134 σε
765 1099 782 1113 ·
816 1102 835 1134 ι
867 1084 1007 1137 οὕτω
1035 1085 1090 1137 δὲ
1119 1088 1210 1138 καὶ
1233 1086 1390 1153 σοφὸς
1426 1088 1655 1154 λέγεται,
1683 1090 1800 1140 ἐπι-

216 1166 498 1230 δεκτικὸς
524 1168 599 1221 ὢν
622 1171 817 1239 ἑτέρων
838 1171 1199 1241 θεωρημάτων
1226 1175 1431 1239 σοφίας,
1461 1176 1553 1227 καὶ
1584 1175 1801 1245 μηδέπω

212 1254 383 1322 ἔχων
410 1257 483 1309 τὰ
520 1258 765 1328 δεύτερα,
793 1261 924 1313 καθὸ
955 1262 1165 1327 λέγεται
1194 1265 1282 1316 καὶ
1324 1264 1383 1314 τό
1408 1281 1421 1292 ·
1461 1283 1478 1313 ι
1521 1265 1685 1316 Δίδουν
1709 1281 1796 1315 σο-

216 1345 323 1413 ίγ’-ᾧ
353 1348 640 1417 ἀφορμὴν,
678 1350 767 1400 καὶ⁸
798 1350 1096 1419 σοφώτερος
1133 1350 1300 1403 ἔσται.
1343 1372 1360 1402 ι
1395 1351 1548 1404 Ἀλλά
1573 1353 1676 1422 γὰρ
1704 1352 1796 1406 ἐπὶ

208 1434 415 1485 ταῦτα
476 1434 837 1505 ἐληλύθαμεν,
885 1438 1203 1501 δεικνύντες,
1254 1441 1334 1491 ὅτι
1388 1440 1650 1510 ἐνδέχεται
1707 1442 1794 1493 τὸν

203 1523 336 1592 ἤδη
370 1523 700 1576 πιστεύοντα
733 1524 1016 1593 μανθάνειν
1044 1526 1180 1591 τινά,
1231 1527 1323 1578 ἵνα
1360 1526 1516 1579 πάλιν
1549 1528 1790 1598 πιστεύῃ,

208 1614 328 1662 καὶ
355 1611 449 1663 διὰ
470 1613 571 1681 τῆς
602 1614 915 1683 προσθήκης
946 1615 1049 1666 τῶν
1093 1615 1423 1685 μαθημάτων
1454 1617 1792 1686 προστιθέναι

1908 562 2126 601 caeteras
2169 546 2424 609 virtutes;
2463 552 2541 607 sic
2590 556 2784 624 aliquis
2834 556 3038 610 diceret
3061 559 3358 626 perfectum
3391 563 3441 614 in

1905 638 2108 691 virtute
2155 638 2428 705 credendi,
2456 657 2575 697 eum
2622 661 2833 701 omnem
2885 647 3083 702 habere
3112 638 3288 704 ﬁdem.
3322 649 3443 706 Haec

1902 725 2065 795 428
2107 724 2283 780 aniem
2324 728 2463 791 dico,
2514 741 2766 800 tanquam
2821 739 3106 804 sapientia,
3156 744 3436 802 modestia.

1906 817 2093 882 pietas,
2122 825 2430 883 etetera'que
2455 819 2680 875 virtutes
2714 825 3036 893 imperfectae
3081 846 3184 883 non
3233 831 3436 899 possint

1903 922 1930 958 a
1961 907 2112 960 nobis
2156 908 2369 974 proprie
2397 912 2680 976 nominari,
2711 918 2802 968 sed
2830 920 3081 986 abusive;
3117 938 3236 976 cum
3273 926 3436 981 etiam

1900 995 2170 1063 perfectus
2193 990 2285 1063 qui
2319 996 2546 1052 etﬁcitur
2575 1002 2626 1054 in
2669 1018 2987 1075 unaquaque
3014 1012 3230 1074 virtute,
3263 1030 3426 1068 nomi-

1902 1094 2056 1136 netur
2083 1085 2352 1150 arquivoee
2399 1101 2517 1140 cum
2564 1102 2629 1142 eo
2672 1094 2761 1159 qui
2813 1106 2896 1147 est
2938 1099 3132 1151 virtute
3174 1101 3430 1167 perfecta.

1900 1165 2031 1220 Nam
2062 1170 2201 1225 hunc
2235 1172 2287 1223 in
2323 1175 2533 1226 modum
2575 1179 2785 1244 sapiens
2815 1181 3028 1243 dicitur,
3090 1165 3184 1251 qui
3223 1190 3271 1239 in
3308 1191 3429 1255 qui-

1900 1257 2121 1310 busdam
2171 1261 2385 1325 quidem
2444 1264 2692 1328 olfendit,
2730 1276 2791 1319 ut
2833 1269 3198 1339 objurgatione
3243 1287 3426 1343 egeat,

1901 1345 2039 1397 haud
2082 1355 2256 1401 tamen
2307 1352 2419 1404 odit
2473 1352 2851 1422 objurgautes,
2894 1359 3001 1413 imo
3055 1376 3178 1415 vero
3238 1365 3428 1433 diligit,

1892 1433 2040 1500 juxta
2097 1440 2235 1503 quod
2277 1442 2558 1505 ,scriptum
2612 1458 2694 1498 est
2715 1447 2757 1475 “9
2791 1461 2804 1497 :
2839 1465 2856 1496 ι
2883 1448 3056 1517 Argue
3106 1456 3426 1519 sapientem.

1895 1535 1948 1575 et
1980 1525 2163 1592 diliget
2195 1535 2279 1590 te;
2309 1547 2328 1578 ι
2365 1530 2504 1584 hunc
2532 1532 2690 1586 etiam
2741 1537 2792 1587 in
2848 1539 3059 1592 modum
3090 1543 3303 1609 sapiens
3341 1546 3425 1598 di-

1894 1612 2032 1665 citur
2062 1614 2171 1679 ille,
2221 1618 2309 1683 qui
2357 1633 2519 1687 capax
2568 1637 2689 1676 cum
2735 1625 2805 1677 sit
2842 1626 3064 1680 aliorum
3104 1634 3425 1697 speculatio-

210 1702 293 1768 τῇ
335 1701 549 1764 πίστει.
600 1702 662 1753 Et
701 1703 757 1754 δὲ
795 1702 1087 1773 βουλόμεθα
1116 1706 1308 1757 εἰδέναι
1339 1707 1420 1767 τίς
1464 1708 1608 1758 ἐστιν
1633 1709 1661 1757 6
1691 1709 1779 1758 πάρ

1897 1716 2019 1753 nunt
2068 1705 2356 1770 sapientiae,
2402 1709 2630 1761 nondmn
2665 1728 2782 1778 quae
2825 1724 3026 1771 restant
3062 1719 3239 1783 habet,
3274 1723 3422 1789 juxta

216 1805 334 1840 σαν
369 1788 516 1857 ἔχων
542 1789 638 1859 τὴν
669 1790 870 1846 πίστι-ν,
913 1791 1180 1861 λάϐωμεν,
1211 1794 1301 1844 ἐπὶ
1337 1794 1779 1863 παραδείγματος,

1888 1793 2027 1856 quod
2067 1793 2267 1847 dicitur
2298 1797 2422 1848 illud
2450 1799 2609 1852 etiam
2634 1776 2722 1853 θοι
2758 1820 2775 1851 ι
2802 1805 2872 1856 Da
2914 1809 3144 1873 sapienti
3182 1776 3423 1867 occasio-

212 1873 641 1940 κεφαλαιωδῶς.
656 1874 725 1926 τὰ
756 1878 812 1928 ὲν
838 1877 913 1946 τῷ
942 1879 1284 1932 πιστεύεσθαι
1316 1880 1550 1943 σώζοντα
1587 1882 1676 1932 τὸν
1702 1899 1789 1933 πι-

216 1964 521 2028 στεύοντα,
552 1965 684 2035 φέρε
712 1968 902 2029 εἰπεῖν,
938 1968 1063 2019 ὄντα
1100 1969 1186 2020 τὸν
1213 1969 1436 2038 ἀριθμὸν
1458 1971 1664 2031 ἑκατὸν,
1700 1971 1789 2022 κοιλ⁸

218 2051 505 2120 λέγωμεν,
546 2054 630 2104 ὄτι
656 2057 683 2106 6
712 2056 808 2123 μὲν
833 2056 900 2107 τά
934 2057 1296 2126 προειρημένα
1342 2059 1528 2112 ἑκατὸν
1578 2060 1790 2112 ἀδιστά-

230 2147 379 2202 κτως
411 2142 866 2212 παραδεχόμενος,
889 2147 981 2197 καὶ
1018 2145 1226 2215 ἑκάστῳ
1248 2146 1422 2199 αὐτῶν
1453 2147 1678 2216 βεϐαίως
1700 2166 1789 2200 πι-

233 2231 465 2292 στεύων,
502 2231 682 2283 πᾶσαν
714 2232 824 2301 ἔχει
853 2232 948 2302 τὴν
981 2235 1188 2287 πίστιν·
1227 2238 1254 2287 6
1295 2236 1348 2287 δὲ
1380 2235 1576 2288 λείπων
1603 2236 1658 2287 ἔν
1686 2254 1787 2290 τινι

227 2319 454 2388 ἀριθμῷ
485 2321 594 2374 τῶν
616 2324 672 2373 ὲν
698 2322 774 2390 τῷ
794 2324 1133 2377 πιστεύεσθαι
1166 2325 1458 2388 σωζόντων,
1492 2326 1523 2395 ἢ
1560 2330 1622 2396 τῇ
1653 2329 1787 2396 πρὸς

226 2406 298 2458 τά
330 2407 699 2476 πιστευόμενα
729 2408 1051 2478 βεϐαιότητι,
1072 2410 1317 2463 τοσοῦτον
1357 2412 1523 2465 λείπει
1560 2412 1651 2464 τοῦ
1685 2413 1786 2465 πᾶ-

227 2511 333 2546 σαν
354 2493 498 2563 ἔχειν
527 2494 625 2564 τὴν
650 2496 850 2562 πίστιν,
879 2498 1022 2559 ὅσοις
1048 2499 1297 2569 ἀριθμοῖς
1326 2500 1589 2553 πιστεύων
1626 2500 1781 2562 ἐνδεῖ,

222 2585 258 2654 ἢ
285 2585 412 2637 ὅσον
444 2586 718 2655 ἀφέστηκε
734 2589 830 2655 τῆς
858 2588 983 2657 περὶ
1007 2589 1112 2641 τῶν
1137 2590 1484 2642 πιστευόντων
1512 2590 1784 2660 βεϐαιότη-

222 2693 341 2739 τος,
373 2676 485 2728 εἴτε
515 2677 751 2741 πάντων,
801 2678 910 2730 εἴτε
940 2679 1128 2732 τινῶνθ
1170 2682 1236 2732 ἶν’
1268 2682 1358 2733 ὲπὶ
1388 2681 1480 2733 τοῦ
1523 2681 1782 2751 παρόντος

221 2765 356 2834 δοθῇ
379 2782 490 2818 τισι
518 2767 618 2834 μὲν
642 2766 895 2819 δύνασθαι
940 2767 1165 2835 βεϐαίως
1195 2768 1465 2821 πιστεύειν
1490 2770 1609 2822 τινά
1631 2787 1645 2800 ·
1672 2771 1779 2822 τισὶ

222 2855 284 2907 δὲ
316 2856 596 2908 πιστεύειν
627 2856 744 2925 μὲν,
773 2858 831 2908 οὐ
878 2857 1105 2925 βεϐαίως
1145 2856 1227 2908 δὲ-
1261 2857 1396 2926 πλὴν
1421 2858 1779 2927 ὁμολογουμέ-

224 2958 336 3004 νως
361 2942 538 3012 δοθείη
565 2944 839 3013 ἀμήχανον
869 2944 1274 2997 ἀποδείκνυσθαι
1302 2944 1389 2997 τὸν
1424 2947 1480 2997 ὲν
1504 2948 1581 2999 ὲνὶ
1618 2947 1777 3015 ἀτελῆ

1892 1894 2034 1943 nem,
2066 1891 2121 1934 et
2167 1885 2457 1952 sapientior
2483 1890 2606 1943 erit.
2644 1909 2663 1940 ι
2684 1892 2751 1944 At
2780 1897 2919 1947 enim
2951 1896 3053 1950 huc
3092 1899 3421 1969 deveninms,

1889 1973 2231 2028 ostendentes
2278 1977 2608 2045 contingere.
2646 1991 2705 2033 ut
2744 1984 2834 2048 qui
2876 1982 2986 2049 jam
3020 1989 3208 2050 credit,
3249 1991 3424 2045 discat

1888 2058 2063 2129 aliqua
2118 2078 2327 2115 rursum
2367 2068 2705 2131 crediturus,
2761 2080 2812 2121 et
2862 2087 2955 2139 per
3001 2075 3420 2135 additamentum

1887 2163 2068 2202 eorum
2117 2166 2235 2219 qum
2265 2154 2533 2216 didicerit,
2561 2158 2755 2211 addere
2781 2158 2927 2213 ﬁdei.
2961 2163 3051 2215 Sin
3088 2180 3213 2219 vero
3241 2168 3420 2223 videre

1888 2237 2132 2291 volumus
2171 2242 2414 2305 quisnam
2457 2242 2527 2293 sit
2580 2244 2667 2309 qui
2715 2258 2925 2299 onmem
2986 2249 3179 2306 habeat
3238 2256 3416 2316 ﬁdem,

1887 2339 2178 2389 sumamus,
2211 2329 2436 2395 exempli
2470 2332 2664 2397 gratia,
2694 2334 2928 2389 breviter
2955 2353 3075 2406 quae
3112 2343 3415 2400 credentem

1884 2426 2118 2477 servant,
2169 2420 2291 2470 dum
2341 2422 2630 2473 creduntur
2661 2423 2933 2492 :sintque,
2982 2440 3040 2481 ut
3089 2431 3159 2482 ita
3206 2431 3414 2498 loquar,

1884 2518 2109 2558 numero
2146 2518 2385 2572 centum,
2417 2519 2471 2563 et
2510 2512 2749 2567 dicamus
2780 2528 2897 2568 eum
2930 2518 3143 2584 quidem
3188 2523 3275 2587 qui
3305 2523 3418 2576 base

1883 2600 2117 2659 centum,
2160 2609 2278 2661 qum
2325 2599 2685 2665 praediximus,
2735 2604 2850 2656 sine
2919 2606 3022 2658 ulla
3087 2608 3416 2666 haesitatione

1882 2681 2098 2747 accipit,
2140 2683 2362 2749 singulis
2408 2686 2539 2752 ipsis
2586 2700 2895 2745 constanter
2931 2697 3174 2761 credens,
3203 2714 3414 2755 omnem

1881 2766 2079 2820 habere
2125 2769 2318 2833 ﬁdem;
2350 2772 2684 2828 deﬁcientem
2716 2792 2842 2832 vero
2882 2780 2933 2833 in
2964 2782 3148 2850 aliquo
3194 2801 3416 2841 numero

1883 2868 2057 2906 rerum
2095 2871 2277 2910 earum
2330 2874 2447 2926 quae
2497 2874 2732 2928 servant,
2778 2868 2910 2920 dum
2964 2873 3274 2938 creduntur,
3331 2875 3415 2934 rel

1881 2942 2053 2995 minus
2089 2945 2300 2998 ﬁrmum
2330 2950 2669 3006 cxsisteutem
2699 2970 2823 3022 erga
2866 2972 2925 3010 ea
2953 2974 3070 3025 qua:
3105 2964 3412 3028 creduntur,

226 3032 399 3101 μηδὲν
416 3033 529 3101 (47)
546 3032 688 3101 ἔχειν
711 3033 1027 3103 βεϐαιότητα
1047 3051 1059 3063 ·
1092 3035 1172 3085 ὅτι
1201 3035 1260 3085 οὐ
1281 3035 1341 3085 τὸ
1355 3034 1463 3087 ἴσον
1490 3036 1777 3106 ἀπόστημα

1886 3042 1941 3082 eo
1994 3033 2161 3100 magis
2215 3035 2399 3093 abesse
2436 3039 2503 3093 ab
2548 3040 2792 3094 habendo
2834 3059 3041 3096 onmem
3091 3048 3267 3111 ﬁdem,
3303 3064 3410 3117 quo

221 3120 343 3171 ἀπὸ
372 3121 472 3189 τῆς
514 3121 651 3189 πρὸς
700 3122 766 3172 τά
812 3122 1166 3191 πιστευόμενα
1215 3123 1554 3192 βεϐαιότητος
1589 3125 1777 3194 ἀπέχει

220 3211 458 3271 ἕκαστος
484 3210 618 3273 τῶν,
648 3211 713 3263 ἵν’
738 3210 907 3273 οὕτως
955 3212 1199 3280 ὀνομάσω
1234 3215 1371 3265 κατά
1402 3214 1498 3281 τὴν
1538 3214 1775 3283 Γραφὴν,

219 3301 605 3367 ὀλιγοπίστων,
643 3300 734 3351 καὶ
769 3300 864 3369 τὴν
912 3301 1043 3368 πρὸς
1070 3301 1135 3353 τὰ
1173 3303 1526 3370 πιστευόμενα
1572 3303 1778 3371 βεϐαιό-

218 3407 367 3460 τητα
393 3389 607 3441 οὐδέπω
637 3390 1015 3459 ἀνειληφότων.
1047 3390 1260 3451 Τούτοις
1291 3390 1348 3441 δὲ
1373 3391 1559 3442 ἕπεται
1588 3391 1671 3443 διά
1696 3391 1772 3442 τό·

230 3498 252 3529 ι
290 3477 443 3531 Κατὰ
487 3478 588 3548 τὴν
626 3479 806 3530 πίστιν
836 3492 931 3530 σου
965 3478 1241 3548 γενηθήτω
1272 3497 1371 3540 σοι,
1404 3499 1423 3529 ι
1453 3480 1543 3531 καὶ
1563 3480 1649 3533 διά
1676 3480 1735 3531 τό
1756 3496 1770 3511 ο

229 3586 251 3615 ι
296 3568 361 3618 Ἠ
392 3567 573 3628 πίστις
602 3580 694 3617 σου
736 3565 846 3631 (48)
881 3566 1085 3617 σέσωκέ
1114 3582 1193 3627 σε,
1227 3585 1245 3615 ι
1298 3567 1507 3636 ἑκάστῳ
1541 3569 1776 3637 ἀπαντῆ-

222 3674 316 3707 σαι
345 3658 483 3711 κατὰ
512 3656 610 3725 τὴν
644 3658 700 3707 ὲν
732 3658 795 3724 τῇ
826 3655 1008 3723 δικαίᾳ
1030 3655 1203 3723 κρίσει
1230 3654 1321 3707 τοῦ
1367 3656 1498 3708 Θεοῦ
1525 3656 1772 3726 ἀμοιϐὴν,

216 3748 484 3814 ἀνάλογον
505 3747 682 3815 τοιᾷδε
711 3746 802 3796 καὶ
831 3745 1004 3814 τοιᾷδε
1037 3744 1228 3804 πίστει,
1262 3744 1353 3796 καὶ
1381 3747 1616 3815 σωτηρίᾳ
1642 3746 1768 3814 (49)’

216 3837 277 3889 εἴ
305 3837 368 3904 γέ
412 3836 528 3888 ἐστί
552 3852 637 3896 τις
659 3834 752 3887 καὶ
795 3835 850 3884 ὲν
876 3832 1043 3903 ταύτῃ
1078 3832 1389 3900 σωζομένων
1426 3833 1672 3902 διαφορὰ,
1701 3833 1773 3895 ὡς

216 3928 315 3981 τό·
356 3921 457 3995 ι⁷ῼ
496 3926 677 3994 μέτρῳ
705 3924 967 3992 μετρεῖτε,
1003 3921 1515 3991 ἀντιμετρηθήσεται
1555 3924 1702 3988 ὑμῖν,
1748 3942 1765 3973 ι

217 4017 444 4084 φθάνειν
475 4017 571 4068 καὶ
606 4014 696 4065 ἐπὶ
737 4012 805 4063 τὰ
850 4012 1021 4081 μέτρα
1050 4007 1146 4080 τῆς
1174 4012 1422 4073 πίστεως,
1459 4012 1548 4064 καὶ
1580 4011 1646 4065 τὰ
1678 4012 1772 4079 μέ-

213 4104 322 4177 τρα
347 4107 445 4175 τῆς
476 4104 587 4157 ἀπὸ
616 4102 751 4155 Θεοῦ
780 4101 1028 4171 ἀμοιϐῆς,
1056 4102 1147 4152 καὶ
1179 4101 1461 4169 σωτηρίας.
1502 4101 1559 4152 '0
1595 4094 1651 4152 δὲ
1684 4100 1771 4153 τὸν

213 4195 422 4248 τούτων
443 4192 785 4261 κατανοήσας
811 4190 966 4256 λόγον
995 4188 1251 4258 θεωρήσει
1296 4186 1411 4249 πῶς
1441 4187 1667 4255 εὐλόγως
1695 4187 1770 4250 ὼς

218 4280 294 4348 μὴ
324 4277 646 4346 δυναμένοις
673 4276 873 4346 κρίνειν
901 4277 1009 4335 τοῖς
1034 4272 1331 4342 ἀνθρώποις
1354 4273 1592 4339 λέγεται·
1625 4292 1643 4323 ι
1681 4274 1769 4342 Μὴ

1878 3118 2058 3185 plures
2124 3125 2328 3176 numeri
2389 3127 2493 3180 sibi
2565 3130 2800 3184 credenti
2863 3133 3412 3208 det‘oet-intzquoque

1878 3209 2046 3275 magis
2089 3211 2319 3264 abfuerit
2362 3230 2391 3267 a
2437 3215 2692 3272 ﬁrmitate
2728 3234 2913 3273 eorum
2950 3238 3066 3291 quae
3099 3228 3408 3296 creduntur,

1877 3298 1990 3349 sive
2033 3300 2292 3362 ouantium,
2336 3303 2448 3356 sive
2496 3305 2795 3373 aliquorum
2851 3316 2932 3379 (ut
2978 3314 3190 3368 interim
3222 3317 3409 3373 demus

1876 3388 2102 3453 aliquem
2143 3389 2409 3457 aliquibus
2457 3404 2763 3460 constanter
2813 3405 3032 3455 credere
3076 3419 3273 3471 posse,
3314 3407 3410 3459 ali-

1875 3476 2069 3541 quibus
2097 3490 2225 3530 vero
2257 3481 2496 3545 credere,
2525 3484 2614 3536 sed
2650 3498 2751 3538 non
2785 3493 3134 3556 constanter),
3169 3504 3406 3550 attamen

1874 3563 2107 3616 omnium
2158 3581 2424 3621 consensu
2479 3571 2691 3625 dederis
2756 3575 3122 3634 diﬁicillimum
3188 3584 3410 3640 demoti.-

1874 3662 2045 3705 stratu
2089 3669 2224 3719 esse,
2266 3666 2327 3708 ut
2370 3659 2453 3710 cui
2507 3676 2642 3714 unus
2695 3663 2925 3719 defuerit
2976 3686 3248 3736 numerus,
3277 3678 3406 3733 nihil

1876 3741 2071 3795 habeat
2103 3744 2369 3798 ﬁrmitatis
2400 3766 2412 3798 :
2438 3762 2504 3800 eo
2536 3751 2676 3816 quod
2702 3767 2805 3804 non
2833 3758 3022 3822 atquali
3052 3760 3301 3816 distantia
3326 3767 3405 3817 di-

1874 3840 1976 3883 stet
2007 3847 2035 3882 a
2078 3832 2344 3898 ﬁrmitate,
2371 3850 2495 3905 erga
2524 3851 2584 3890 ea
2615 3854 2732 3904 qum
2769 3845 3078 3908 creduntur,
3116 3854 3404 3921 nolisquis-

1874 3932 1976 3984 que
2022 3933 2207 3971 eorum
2234 3921 2322 3987 qui
2351 3936 2491 3985 sunt,
2526 3934 2582 3976 ut
2627 3926 2697 3977 ita
2727 3927 2915 3994 loquar
2940 3930 3093 3997 juxta
3158 3934 3402 4006 Scriptuo

1874 4023 2011 4071 ram,
2046 4009 2235 4078 exigua
2280 4011 2382 4063 ﬁde
2423 4015 2652 4079 prmditi,
2685 4025 2738 4068 et
2773 4020 2859 4084 qui
2904 4023 3135 4075 nondum
3185 4041 3404 4096 recepe-

1873 4106 1994 4149 runt
2024 4097 2330 4152 ﬁrmitatem
2362 4114 2487 4167 erga
2535 4115 2597 4155 ea
2647 4119 2766 4170 quae
2804 4108 3115 4164 creduntur.
3150 4112 3243 4167 llis
3277 4130 3405 4170 vero

1872 4201 2203 4253 consequens
2251 4198 2353 4252 est,
2382 4199 2600 4256 propter
2629 4191 2754 4245 illud
2788 4212 2800 4246 :
2835 4212 2854 4242 ι
2876 4194 3036 4248 Juxta
3076 4200 3229 4253 ﬁdem
3260 4211 3402 4257 tuam

1874 4274 1965 4325 ﬁat
2002 4275 2172 4339 tibi“,
2198 4293 2223 4325 τ
2269 4287 2324 4329 et
2365 4277 2527 4329 illud:
2562 4278 2767 4355 {Fides
2810 4291 2898 4336 tua
2939 4293 2989 4336 te
3037 4290 3347 4355 servavit“,
3378 4311 3397 4347 ι

214 4368 454 4438 κρίνετε,
490 4368 579 4419 ἵνα
607 4367 684 4435 μὴ
704 4364 944 4434 κριθῆτε,
981 4383 999 4413 ι
1034 4365 1126 4415 καὶ
1156 4364 1244 4415 τόο
1282 4380 1300 4411 ι
1336 4363 1424 4431 Μὴ
1451 4364 1552 4431 πρὸ
1580 4362 1768 4432 καιροῦ

1886 4379 2304 4431 unumquemque
2348 4367 2544 4422 habere
2587 4372 2992 4426 retributionem
3048 4389 3165 4443 qua:
3220 4387 3302 4434 est
3347 4383 3401 4436 iu

212 4471 265 4505 τι
295 4456 537 4525 κρίνετε,
569 4452 673 4512 ἕως
696 4450 762 4502 ἂν
795 4450 920 4519 ἔλθῃ
948 4452 975 4502 6
1006 4449 1224 4518 Κύριος.
1249 4469 1266 4500 ι
1295 4449 1456 4503 Πάλιν
1480 4452 1556 4511 είς
1578 4450 1767 4512 ταῦτα,

211 4546 334 4597 ἐπεὶ
367 4544 581 4609 ἔλεγον,
609 4538 684 4601 ὡς
717 4539 825 4610 (50)
855 4539 946 4590 ἐπὶ
979 4538 1424 4609 παραδείγματος,
1459 4538 1646 4588 ἑκατὸν
1683 4537 1770 4588 όν-

1863 4450 2006 4519 justo
2037 4452 2237 4519 judicio
2276 4455 2387 4518 Dei,
2420 4455 2574 4523 juxta
2615 4463 3011 4526 proportionem
3043 4465 3164 4520 talis
3193 4476 3247 4520 et
3280 4469 3401 4526 talis

1870 4541 1991 4595 ﬁdei
2050 4550 2104 4595 et
2140 4542 2372 4597 salutis:
2404 4547 2828 4616 quandoquidem
2865 4552 2916 4603 in
2948 4553 3047 4607 hac
3090 4565 3173 4609 est
3215 4574 3401 4614 eorum

208 4647 316 4681 των
338 4629 450 4681 τῶν
485 4625 767 4689 σωζόντων
790 4628 846 4678 ἐν
884 4624 960 4693 τῷ
1001 4623 1359 4688 πιστεύεσθαι,
1392 4623 1479 4675 τὸν
1518 4625 1616 4692 μὲν
1661 4626 1770 4685 τοῖς

1886 4630 1956 4698 μή
2007 4639 2287 4684 servantur
2351 4633 2650 4688 differentia
2690 4640 2866 4692 :adeo
2918 4647 2978 4691 υι
3038 4642 3212 4696 illud:
3246 4664 3263 4696 ι
3290 4647 3403 4710 Qua

210 4721 406 4774 ἑκατὸν
439 4715 674 4786 βεϐαίως
702 4713 1018 4767 πιστεύοντα
1062 4715 1237 4765 πᾶσαν
1261 4712 1399 4781 ἔχειν
1425 4713 1522 4781 τὴν
1557 4713 1735 4765 πίστιν
1753 4752 1767 4777 ,

208 4811 298 4861 τὸν
325 4810 384 4861 δὲ
412 4806 672 4858 λείποντα
705 4807 768 4870 τῇ
795 4802 929 4871 πρός
956 4819 1074 4853 τινα
1107 4802 1212 4853 τῶν
1237 4802 1424 4855 ἑκατὸν
1466 4802 1661 4865 πίστει,
1701 4806 1766 4872 τῇ

211 4896 345 4964 πρὸς
370 4891 444 4946 τά
464 4887 831 4956 πιστευόμενα
859 4886 1156 4957 βεϐαιότητι
1176 4888 1456 4957 διαφόρως,
1491 4889 1563 4957 μὴ
1594 4890 1767 4941 πᾶσαν

212 4984 354 5052 ἔχειν
388 4981 491 5049 τὴν
517 4979 720 5030 πίστιν·
745 4976 1043 5046 ὲκθήσομεν
1069 4977 1360 5044 σαφηνείας
1390 4977 1572 5030 ’ἐνεκεν
1598 4978 1769 5030 τοιαύ-

212 5093 292 5127 τα.
325 5071 559 5142 Πρῶτον
590 5067 807 5119 πάντων
841 5067 1141 5128 πίστευσον,
1165 5067 1246 5118 ὃτι
1273 5062 1351 5127 εἷς
1382 5068 1523 5119 ἐστιν
1551 5070 1578 5120 6
1613 5068 1762 5132 Θεὸς,

1869 4731 2117 4772 mensura
2171 4721 2485 4788 metiemiui,
2533 4725 2719 4779 eadem
2789 4740 3039 4779 mensura
3097 4734 3408 4786 retnetietur

1873 4807 2023 4862 vobis
2037 4795 2105 4870 “,
2131 4826 2150 4857 ι
2180 4809 2445 4876 pertingat
2486 4812 2645 4864 etiam
2677 4816 2742 4865 ad
2774 4829 3058 4868 mensuras
3083 4817 3228 4882 ﬁdei,
3258 4830 3312 4873 et
3343 4822 3408 4873 ad

1874 4910 2149 4950 mensuras
2194 4898 2575 4960 retributionis.
2612 4910 2666 4953 et
2707 4901 2900 4952 salutis
2938 4917 3068 4967 qua:
3102 4914 3185 4956 est
3215 4921 3244 4957 a
3284 4908 3412 4965 Deo.

1872 4977 2020 5033 Hanc
2067 4981 2325 5033 rationem
2356 4983 2443 5048 qui
2482 4984 2842 5037 considerarit
2867 4985 3184 5051 diligenter,
3214 4991 3417 5045 videbit

1871 5068 2135 5136 quomodo
2164 5069 2359 5122 merito
2387 5071 2596 5124 dicatur
2624 5071 2960 5133 hominibus,
2989 5074 3153 5137 quasi
3180 5074 3426 5140 judicare

271 5207 506 5259 "Prov.
538 5219 615 5270 lx,
650 5202 705 5259 8.
782 5203 981 5258 “ibid.
1025 5205 1080 5258 9.
1156 5203 1197 5234 οι
1225 5201 1412 5256 Matth.
1450 5206 1633 5266 mea.
1712 5206 1779 5259 ιι

1889 5241 1903 5258 .
1961 5206 2064 5270 22;
2096 5204 2259 5259 Marc.
2287 5221 2342 5270 ι,
2371 5207 2457 5261 52.
2534 5208 2579 5238 ⁸³
2611 5206 2811 5260 Matth.
2844 5207 3029 5269 vn,2;
3064 5205 3236 5259 Marc.
3259 5213 3436 5273 ψει.

280 5332 851 5405 (4A7)_CAodexRegius
881 5347 1154 5405 perperam
1200 5332 1379 5394 habet,
1406 5334 1763 5405 ὁμολογοῦμεν

213 5398 304 5476 ὡςξ
334 5402 585 5476 δοθεῖσαν
621 5398 900 5476 ἀμήῇανον
937 5398 1340 5476 ἀποδερινυνται
1397 5398 1494 5476 ἰιδνΔ
1541 5398 1759 5476 ἐνατέλη

215 5470 348 5538 πρὸς
395 5469 579 5539 μηδέν,
621 5469 842 5526 εἰοῖλι
893 5472 1055 5522 codex
1099 5469 1425 5521 Bodleianus
1482 5469 1759 5529 lectionem

219 5540 384 5610 nostri
423 5548 602 5594 textus
632 5540 868 5603 exhibet,
900 5544 1183 5610 quae_certe
1225 5547 1350 5610 vera
1373 5546 1493 5610 _est.
1531 5562 1600 5576 α-
1630 5540 1760 5610 ϐεεν-

220 5609 326 5658 tius
356 5605 535 5661 forsan
562 5610 626 5664 ad
663 5623 846 5665 verum
876 5603 1167 5673 accederet.
1203 5602 1249 5675 ξέ
1276 5602 1420 5670 πρός
1444 5616 1567 5678 ante
1595 5607 1756 5683 μηδέν

1865 5339 2275 5415 ιιιιιςτοίίζῐὶιιεςζ
2300 5342 2699 5415 restitueretur.
2733 5338 2912 5415 Enn”,
2943 5338 3197 5415 Pnnott.
3231 5405 3242 5415 υ

1935 5409 2042 5474 (48)
2075 5404 2226 5460 Σουξ
2243 5408 2398 5462 Deest
2426 5411 2477 5462 ιιι
2528 5409 2721 5462 codice
2762 5405 2962 5471 Regio,
2999 5404 3103 5456 sed
3136 5404 3348 5469 legitur
3402 5411 3457 5465 in

779 5474 842 5526 At
893 5472 1055 5522 codex
1099 5467 1425 5521 Bodleianus
1482 5467 1759 5529 lectioneui
1863 5467 2167 5529 Bodleiano.

2062 5539 2236 5621 godcx
2259 5542 2467 5621 ,βοείας
2494 5543 2656 5621 habet
2679 5536 3204 5621 amgnpiaw,‘m'alc.
3256 5604 3271 5621 ο

1928 5604 2036 5679 (50)
2064 5610 2237 5664 Codex
2258 5604 2471 5680 Regius,
2497 5611 2661 5663 πάλιν
2690 5604 2892 5658 ταῦτα
2912 5605 3030 5657 επεὶ
3044 5604 3212 5667 λέγον
3241 5604 3352 5664 ὡς,
3378 5616 3462 5657 etc
