3820 6208
190 241 315 321 κ735
1226 241 1575 297 COMMENT.
1617 241 1684 296 IN
1719 240 1905 296 JOAN.
1942 241 2172 298 TOMUS
2202 243 2411 300 XXXII.
3289 246 3391 301 786

233 352 362 400 ἐστιν
392 349 427 417 ἢ
453 344 592 399 κατά
618 347 718 418 τὴν
746 350 925 403 πᾶσαν
947 351 1124 404 πίστιν
1153 350 1338 421 ἀρετὴ,
1374 353 1468 405 καὶ
1506 352 1587 405 ὅτι
1630 368 1741 404 στοας

1883 352 2080 406 lueitur
2106 355 2286 418 navis;
2328 355 2409 408 sic
2447 355 2604 409 veluti
2647 355 2798 410 multi
2832 355 3213 410 transferentes
3242 372 3391 410 mon-

242 437 354 498 νίως
383 436 767 508 εὑρισκομένη·
807 440 956 510 πόσῳ
981 441 1023 492 δ’
1055 441 1276 503 ἕκαστος
1304 440 1456 510 ἡμῶν
1483 440 1750 494 ἀπολείπῶ

1874 451 1945 495 les
1983 449 2063 494 est
2101 442 2277 495 omnis
2311 442 2463 507 tides,
2499 446 2550 497 in
2577 460 2679 514 qua
2710 449 2801 512 qui
2833 445 2993 499 fuerit
3019 444 3382 513 imperfectus,

239 541 320 577 ται
346 524 434 576 τοῦ
462 526 558 595 τὴν
603 528 785 580 πᾶσαν
830 528 970 598 ἔχειν
999 529 1197 592 πίστιν,
1219 529 1357 580 ὥστε
1381 528 1478 598 ὅρη
1514 528 1747 598 μεθιστά-

1881 545 1970 599 [uo
2003 531 2175 584 minus
2207 530 2455 585 habuerit
2475 548 2683 587 onmem
2722 535 2902 599 tidem,
2934 550 2998 588 eo
3036 534 3203 601 magis
3222 534 3389 588 aberit

241 630 360 666 νειν.
386 613 526 682 Πλὴν
549 614 651 666 οὐκ
680 616 1144 687 εὐκαταφρόνητον
1179 616 1313 686 πρὸς
1352 616 1412 667 τὸ
1457 616 1623 668 ποιεῖν
1669 632 1749 666 πι-

1879 634 1895 673 ι
1932 621 2168 687 potentia
2223 619 2579 676 transferendi
2628 632 2855 679 montes.
2905 623 3136 677 Proinde
3174 623 3291 677 vide
3323 641 3387 675 an

240 702 433 755 στεύειν
459 706 576 757 ἐστὶ
605 705 745 758 κατά
770 706 836 759 τά
865 707 959 761 νῦν
1001 707 1348 777 προκείμενα,
1384 704 1445 757 τὸ
1481 706 1606 767 τοὺς
1629 720 1748 773 προ-

1881 721 1970 761 ιοιι
2009 708 2213 762 utiliter
2260 710 2375 762 haec
2424 710 2606 763 omnia
2649 711 2892 780 indagata
2930 710 3129 764 fuerint
3176 720 3389 779 propter

238 795 396 860 φήτας
424 794 522 862 μὲν
544 796 1022 866 προτεθεπικέναι
1043 797 1111 849 τά
1130 794 1367 866 περὶτοῦ
1393 792 1561 863 Ἰησοῦ
1582 808 1597 824 ο
1625 792 1746 845 κατὸ

1883 796 2175 864 liscipulos,
2207 797 2273 851 ad
2311 812 2450 865 quos
2484 798 2624 867 (cum
2648 799 2870 854 lavisset
2905 799 3266 854 Jesuseorum
3301 813 3391 867 pe—

232 883 284 933 δὲ
309 883 394 934 τὸν
413 882 569 951 λόγον
596 885 773 940 αὐτῶν
799 886 1162 957 ἀπηντηκέναι
1189 886 1266 955 τῷ
1295 884 1502 955 Σωτῆρι
1527 884 1593 938 τά
1630 902 1740 956 προ

1882 884 1979 954 les)
2010 892 2069 938 ut
2095 886 2352 953 suspicari
2385 895 2563 955 posset
2604 889 2875 957 negligens
2919 890 3108 951 lector,
3141 890 3390 958 quasi'ad

232 972 494 1041 ειρημένα.
1863 974 2097 1027 nondum
2126 976 2616 1041 credentes,dixit:
2655 994 2674 1027 ι
2699 977 2849 1032 Nunc
2886 979 3004 1034 dico
3036 980 3184 1034 vobis
3216 981 3391 1049 prius-

231 1077 378 1129 quam
414 1062 527 1125 fiat,
560 1073 621 1116 ut
645 1079 767 1118 cum
819 1064 1019 1120 factum
1045 1065 1227 1130 fuerit,
1285 1064 1517 1121 credatis
1543 1062 1667 1132 quia
1692 1075 1790 1131 ego
1828 1075 1947 1115 sum
1963 1063 2026 1116 ⁸⁷.
2053 1081 2073 1115 ι
2108 1063 2317 1120 Pariter
2370 1079 2495 1119 vero
2521 1066 2680 1120 etiam
2708 1068 2969 1136 explicata
2995 1068 3187 1132 oratio,
3219 1083 3389 1135 quan-

233 1162 283 1203 ta
317 1166 400 1205 res
447 1152 523 1206 sit
551 1154 726 1209 virtus
759 1169 972 1209 omnem
1001 1156 1284 1209 continens
1330 1156 1486 1208 ﬁdem
1539 1152 1792 1218 ostendit,
1827 1161 1882 1206 et
1929 1154 2069 1220 quod
2115 1168 2236 1208 raro
2289 1154 2628 1208 inveniatur:
2657 1156 2888 1210 ostendit
2924 1168 3176 1224 praeterea
3231 1171 3388 1225 quam

230 1243 402 1310 procul
447 1243 592 1298 absit
634 1245 816 1313 quivis
860 1254 1142 1311 nostrum,
1186 1255 1246 1299 ut
1290 1244 1487 1300 habeat
1526 1243 1668 1298 illam
1708 1255 1917 1295 omnem
1979 1241 2157 1308 fidem,
2219 1258 2322 1311 qua
2382 1253 2586 1299 montes
2634 1245 2938 1301 transferat.
2984 1248 3242 1300 Cmterum
3284 1262 3388 1298 non

230 1333 611 1386 contemnenda
644 1349 728 1388 res
757 1344 842 1389 est
875 1349 993 1402 quae
1022 1350 1119 1390 nos
1146 1336 1212 1390 ad
1241 1334 1563 1389 credendum
1588 1329 1811 1393 inducit,
1839 1328 1988 1397 juxta
2013 1346 2074 1385 ea
2107 1347 2225 1401 qua:
2254 1350 2394 1390 [nunc
2433 1344 2558 1390 sunt
2592 1337 2882 1404 proposita,
2935 1340 3074 1405 quod
3121 1339 3391 1406 prophetae

228 1423 491 1477 vaticinati
530 1433 694 1478 antea
743 1425 948 1480 fuerint
992 1440 1112 1495 quae
1151 1427 1217 1481 ad
1251 1424 1432 1480 Jesum
1462 1421 1754 1493 pertinent,
1783 1427 1838 1475 et
1863 1423 2003 1489 quod
2035 1422 2188 1490 juxta
2218 1440 2517 1481 sermonem
2548 1426 2755 1481 illorum
2803 1427 3074 1481 Servatori
3102 1429 3390 1483 acciderint

225 1531 338 1584 quas
362 1515 428 1570 ab
457 1516 592 1583 ipsis
624 1517 886 1584 praedicta
918 1514 1155 1570 fuerunt.

294 1605 375 1660 10.
412 1624 431 1657 ι
465 1607 662 1677 Ἀμὴν,
691 1606 836 1676 ἀμὴν
882 1607 1023 1673 λέγω
1070 1608 1230 1676 ὑμῖν⁸
1274 1606 1331 1658 '0
1364 1604 1648 1673 λαμϐάνων
1677 1602 1764 1654 ὃν·
1793 1608 1802 1662 J

1934 1599 2020 1653 lO.
2066 1617 2084 1650 ι
2111 1600 2302 1662 Amen,
2327 1614 2482 1654 amen
2511 1601 2629 1655 dico
2654 1601 2806 1656 vobis
2832 1618 2842 1652 :
2868 1601 2967 1667 Qui
2997 1603 3184 1670 recipit
3209 1619 3389 1673 quem.

226 1714 338 1750 τινα
391 1694 615 1763 πέμψω,
675 1695 775 1763 ἐμὲ
807 1693 1102 1762 λαμϐάνειο
1156 1694 1185 1745 ό
1226 1693 1281 1745 δὲ
1329 1692 1428 1761 ἐμὲ
1477 1689 1734 1760 λαμϐάνω

1878 1701 2073 1756 :unque
2111 1689 2328 1750 misero,
2360 1703 2444 1742 me
2474 1689 2665 1757 recipit
2694 1708 2707 1742 :
2745 1691 2834 1758 qui
2859 1699 3037 1743 autem
3067 1707 3149 1746 me
3176 1695 3386 1762 recipit,

231 1782 482 1853 λαμϐάνει
504 1782 602 1835 τὸν
630 1781 921 1851 πέμψαντά
946 1797 1031 1850 με.
1067 1799 1086 1831 ι
1127 1781 1183 1833 '0
1225 1779 1425 1849 Ἰησοῦς
1462 1779 1664 1847 πέμπει
1700 1794 1739 1828 οι

1883 1777 2051 1845 ὀσὶιιίι
2074 1791 2195 1831 eum
2226 1778 2315 1845 qui
2345 1777 2596 1832 misitme
2618 1779 2683 1831 ⁸³.
2718 1796 2736 1828 ι
2776 1777 2937 1832 Mittit
2983 1777 3139 1834 Jesus
3182 1796 3285 1834 non
3309 1798 3391 1835 so-

228 1875 372 1943 μόνον
413 1872 627 1940 άγίους,
675 1872 811 1925 ἀλλά
846 1872 938 1923 καὶ
975 1871 1157 1938 ἁγίους
1208 1870 1302 1923 καὶ
1336 1869 1593 1936 ἀγγέλους
1614 1884 1627 1897 ⁸
1672 1884 1736 1920 κα

1882 1882 1966 1920 um
1999 1874 2235 1930 sanctos,
2264 1881 2451 1921 verum
2501 1867 2661 1920 etiam
2708 1876 2762 1921 et
2817 1880 3028 1923 sanctos
3046 1879 3099 1923 et
3128 1870 3385 1939 angelos:

224 1962 417 2030 πέμπει
448 1960 543 2028 μὲν
590 1959 718 2021 τοὺς
763 1958 851 2011 διά
895 1958 955 2010 τὸ
1003 1957 1416 2010 ἀποστέλλεσθαι
1457 1957 1546 2009 ὑπ’
1599 1956 1728 2009 αὐτο

1879 1954 2320 2023 mminanturque
2370 1955 2422 2009 hi
2459 1970 2596 2023 quos
2643 1956 2830 2020 mittit,
2873 1972 2936 2011 eo
2973 1959 3112 2027 quod
3158 1961 3223 2014 ab
3270 1960 3387 2028 ipso

222 2048 537 2109 ἀποστόλους
569 2045 1018 2116 ὀνομαζομένους.
1053 2045 1187 2115 Ἤδη
1242 2045 1297 2097 δὲ
1339 2044 1536 2098 τούτων
1573 2044 1622 2095 οἱ
1666 2043 1730 2112 μὲ

1877 2045 2159 2107 nittantur,
2191 2046 2436 2113 apostoli,
2472 2044 2597 2116 [hoc
2634 2056 2716 2102 est
2752 2049 2919 2101 missi.
2926 2048 2945 2119 J
2985 2047 3101 2102 1am
3134 2063 3258 2103 vero
3289 2050 3385 2103 ho-

222 2137 479 2209 ἀνθρωποί
509 2137 674 2201 εἰσιν,
707 2136 757 2187 οί
803 2135 860 2187 δὲ
899 2135 1150 2203 δυνάμεις
1193 2135 1499 2203 κρείττους⁸
1556 2133 1614 2184 οὐ
1656 2132 1725 2200 γά

1875 2147 1979 2185 rum
2024 2134 2389 2203 apostolorum
2441 2135 2530 2189 alii
2579 2146 2704 2190 sunt
2743 2138 3017 2201 homines;
3063 2139 3155 2191 alii
3188 2139 3383 2193 virtute

223 2227 643 2298 ἁμαρτησόμεθα
675 2224 758 2288 τὸ,
795 2223 1107 2286 ἀπόστολος,
1148 2223 1315 2293 ὄνομα
1355 2223 1638 2285 τάσσοντες
1670 2240 1731 2276 κο

1882 2222 2255 2276 »ταξειοιιιίοτεε
2287 2241 2301 2275 :
2330 2237 2429 2276 nec
2458 2223 2601 2277 enim
2643 2240 2669 2277 a
2701 2239 2826 2278 vero
2854 2226 3217 2281 aberravimus
3269 2244 3390 2297 apo—

219 2317 559 2389 περὶτούτων
589 2317 722 2386 περὶ
748 2312 821 2368 ὧν
853 2314 1187 2384 γέγραπται·
1231 2331 1249 2363 ι
1287 2313 1489 2373 Πάντες
1527 2313 1630 2365 εἰσὶ
1659 2312 1727 2365 λει

1881 2306 1995 2364 ειοιΰ
2020 2324 2211 2363 nomen
2246 2310 2329 2364 bis
2372 2312 2575 2380 angelis
2612 2314 2769 2366 etiam
2805 2324 3080 2381 ponentes,
3110 2316 3174 2369 de
3196 2318 3389 2383 quibus

220 2406 469 2477 τουργικά
488 2404 793 2474 ’πνεύματα
813 2404 893 2464 είς
922 2402 1190 2455 διακονίαν
1210 2399 1638 2469 ἀποστελλόμενα
1674 2401 1728 2452 διι

1880 2398 2113 2462 scriptum
2146 2398 2311 2462 est“,
2350 2401 2488 2469 quod
2526 2418 2544 2450 ι
2577 2415 2764 2454 omnes
2800 2402 2907 2455 sint
2952 2402 3388 2457 administratorii

221 2495 337 2557 τοὺς
384 2494 676 2564 μέλλοντας
727 2492 1077 2561 κληρονομεῖν
1121 2490 1382 2560 σωτηρίαν
1397 2504 1412 2519 ⁸
1458 2508 1480 2541 ι
1544 2492 1606 2541 Ei
1655 2490 1724 2557 γά

1880 2488 2103 2556 .ptritus,
2134 2488 2225 2557 qui
2270 2489 2323 2541 in
2376 2489 2728 2543 ministerium
2780 2491 3120 2557 emittuntur,
3171 2504 3388 2564 propter

222 2584 360 2655 παρά
402 2583 508 2653 (56)
542 2583 603 2635 τὸ
644 2580 1126 2635 ἀποστέλλεσθαι
1169 2578 1467 2641 ἀπόστολοι,
1489 2578 1683 2641 πάντες
1704 2580 1730 2632 δ

1879 2591 1951 2631 :os
1997 2578 2089 2645 qui
2140 2577 2378 2632 lueredes
2427 2589 2584 2632 erunt
2612 2579 2817 2634 salutis.
2859 2598 2878 2632 ι
2918 2580 3047 2635 Nam
3074 2583 3117 2637 si
3154 2583 3302 2655 παρά
3325 2583 3387 2637 τδ

222 2674 348 2724 εἰσιν
375 2672 474 2724 ὑπὸ
504 2689 521 2721 ι
549 2669 647 2722 τοῦ
673 2668 946 2730 ποιοῦντος
977 2668 1099 2729 τοὺς
1131 2666 1391 2734 ἀγγέλους
1415 2665 1573 2719 αὑτοῦ
1597 2666 1726 2718 πνεύ

1878 2665 2331 2722 ἱποστέλλεσθαι
2346 2669 2623 2722 ἀπόστολοι
2638 2669 2759 2741 [hoc
2780 2681 2881 2737 est,
2901 2687 2928 2724 a
2945 2673 3192 2727 mittendo
3219 2673 3386 2746 missi]

221 2779 376 2832 ματα,
417 2763 511 2815 καὶ
542 2762 676 2823 τοὺς
720 2759 1063 2828 λειτουργοὺς
1108 2756 1271 2809 αὐτοῦ
1305 2757 1470 2827 πυρὸς
1506 2756 1692 2824 φλόγα,

1879 2769 2150 2824 imuesque
2189 2756 2257 2811 ab
2304 2772 2368 2812 eo
2401 2777 2419 2809 ι
2453 2759 2537 2827 qui
2568 2760 2692 2812 facit
2720 2761 2944 2829 angelos
2978 2777 3103 2817 suos
3145 2765 3387 2832 spiritus,

220 2855 294 2914 είς
317 2851 580 2913 διακονίας
610 2849 729 2919 (57)
775 2847 1219 2916 ἀποστελλόμενοι
1245 2846 1392 2908 ὄντες
1422 2846 1728 2916 λειτουργικι

1882 2852 1913 2896 :t
1958 2845 2228 2901 ministros
2272 2859 2395 2901 suos
2429 2847 2565 2914 ignis
2620 2847 2887 2902 flammam
2903 2851 2971 2915 ⁷ο,
3003 2870 3021 2902 ι
3057 2853 3107 2905 in
3148 2853 3390 2906 ministe—

221 2939 509 3009 πνεύματα,
563 2938 662 2990 καὶ
724 2930 867 2988 οὗτοι
911 2934 978 2987 ἂν
1023 2930 1129 2986 εἷεν
1177 2933 1455 2987 ἀπόστολοι
1498 2932 1592 2985 τοῦ
1624 2934 1729 2986 ἀπο

1878 2931 1996 2985 ’ἱιιιιι
2032 2933 2315 2987 mittuntur
2351 2935 2789 2991 administratorii
2838 2938 3077 3005 spiritus,
3115 2939 3166 2992 lii
3224 2940 3386 2993 etiam

220 3028 512 3089 στέλλοντας
550 3023 786 3086 αὐτούς’
821 3024 912 3076 καὶ⁸
950 3022 1176 3084 ἕκαστός
1226 3038 1288 3089 γε
1339 3021 1446 3074 τῶν
1475 3024 1728 3092 πεμπομέ

1880 3021 2077 3089 apostoli
2115 3022 2242 3092 [hoc
2285 3032 2369 3077 est
2414 3023 2580 3094 missi]
2617 3023 2860 3078 dicentur
2903 3027 3018 3094 ejus
3047 3041 3075 3079 a
3119 3041 3226 3095 quo
3267 3029 3388 3080 mit-

217 3136 314 3171 νων
336 3098 438 3170 ἀπό
468 3133 614 3178 τινος
638 3112 938 3174 ἀπόστολός
968 3114 1082 3164 ἐστι
1107 3112 1199 3164 τοῦ
1243 3112 1549 3181 πέμψαντος
1567 3128 1580 3142 ·
1626 3112 1725 3164 καθ

1878 3116 2061 3162 untur.
2105 3110 2279 3177 Atque
2325 3112 2691 3180 unusquisque
2738 3112 2978 3180 profecto
3021 3117 3111 3183 qui
3158 3116 3386 3169 mittitur

217 3212 269 3263 ὲν
317 3213 424 3273 τοῖς
480 3209 744 3277 ἀνωτέρω
796 3205 1043 3259 λέλεκται
1092 3204 1227 3275 μετά
1273 3205 1332 3257 τό
1353 3221 1367 3235 ο
1409 3222 1429 3255 ι
1489 3205 1601 3258 οὐκ
1645 3204 1725 3257 εστ

1874 3198 1927 3252 ιι)
1947 3197 2144 3266 aliquo,
2164 3201 2456 3267 apostolus,
2483 3198 2611 3271 [hoc
2633 3209 2718 3256 est
2748 3202 2985 3273 missus,]
3014 3211 3098 3258 est
3126 3204 3267 3258 illius
3294 3206 3382 3272 qui

213 3297 382 3361 δοῦλος
434 3297 633 3367 μείζων
694 3293 790 3347 τοῦ
852 3293 1039 3363 κυρίου
1108 3290 1291 3356 αὐτοῦ,
1333 3291 1452 3344 οὐδὲ
1532 3290 1721 3344 ἀπόστι

1876 3286 2003 3338 nisit
2021 3303 2035 3350 ;
2048 3284 2196 3351 juxta
2215 3288 2356 3355 quod
2387 3288 2440 3340 in
2457 3287 2826 3356 superioribus
2847 3298 2932 3344 est
2962 3291 3156 3344 dictum
3175 3300 3296 3359 post
3323 3306 3384 3345 ea

213 3390 297 3452 λος
326 3389 522 3459 μείζων
542 3387 640 3441 τοῦ
664 3386 977 3456 πέμψαντος
1022 3385 1199 3438 αὐτόν.
1243 3404 1262 3434 ι
1308 3384 1463 3437 Κατά
1506 3385 1659 3437 τοῦτο
1700 3386 1721 3437 ὃ

1880 3376 2035 3429 'erba:
2049 3395 2065 3427 ι
2079 3375 2190 3430 Νοιι
2212 3385 2293 3430 est
2317 3391 2501 3432 servus
2522 3380 2691 3447 major
2712 3379 2926 3433 domino
2947 3395 3065 3446 suo,
3083 3395 3252 3447 neque
3267 3396 3388 3449 apo-

218 3479 310 3548 οὑχ
335 3480 636 3550 ἁμαρτήσει
685 3477 784 3529 καὶ⁹
828 3475 920 3527 τὸν
963 3474 1208 3543 Ἰωάννην
1257 3473 1545 3526 ἀπόστολον
1586 3473 1726 3541 λέγω

1877 3466 2022 3520 ιιοΙιιε
2065 3465 2220 3536 431
2252 3472 2422 3533 major
2451 3482 2516 3523 eo
2543 3469 2631 3536 qui
2679 3469 2823 3522 misit
2851 3471 3039 3538 ipsum.
3079 3491 3098 3524 ι
3142 3472 3288 3527 Hauc
3317 3476 3385 3529 ob

222 3567 348 3619 Θεοῦ
390 3568 476 3621 διὰ
497 3567 587 3620 τόο
645 3585 668 3618 ι
747 3564 989 3631 Ἐγένετο
1031 3562 1309 3631 ἄνθρωπος
1361 3562 1730 3632 ἀπεσταλμένα

1876 3570 2071 3610 :ausam
2120 3572 2221 3609 non
2272 3559 2545 3614 aberrabit
2589 3573 2617 3611 a
2645 3573 2773 3615 vero
2807 3561 2893 3628 qui
2935 3560 3190 3615 Joannem
3221 3564 3384 3617 etiam

222 3655 359 3728 παρὰ
383 3654 536 3717 Θεοῦ,
559 3655 737 3724 ὄνομα
765 3651 912 3721 αὑτῷ
952 3651 1198 3718 Ἰωάννης
1215 3666 1230 3681 ·
1262 3669 1280 3700 ι
1307 3650 1503 3703 καὶτὸν
1535 3649 1730 3703 Ἦσαῖα

1877 3643 2049 3697 lixerit
2075 3642 2167 3696 Dei
2202 3646 2494 3711 apostolum
2523 3655 2739 3715 propter
2780 3648 2940 3701 illud:
3003 3665 3021 3698 ι
3054 3648 3175 3703 Fuit
3231 3652 3385 3706 homo

213 3742 293 3795 διά
315 3744 404 3795 τό·
446 3762 465 3793 ι
500 3744 637 3795 Τίνα
684 3737 986 3799 ἀποστελῶ,
1036 3738 1129 3789 καὶ
1168 3736 1251 3799 τίς
1282 3736 1596 3805 πορεύσεται
1625 3736 1721 3805 πρὸ

1874 3732 2049 3784 uissus
2085 3746 2115 3782 ιι
2149 3730 2291 3794 Deo,
2320 3731 2405 3784 cui
2433 3746 2620 3786 nomen
2663 3742 2780 3786 erat
2817 3734 3046 3789 Joannes
3076 3736 3139 3789 ⁷⁸.
3190 3755 3208 3789 ι
3248 3737 3382 3802 Quin

209 3831 293 3884 τὸν
323 3832 445 3886 λαὸν
472 3831 697 3894 τοῦτον;
744 3846 763 3879 ι
799 3830 886 3881 ὅτε
933 3826 1259 3893 ἀπεκρίνατο
1299 3825 1497 3892 λέγων·
1553 3844 1572 3875 ι
1630 3825 1717 3877 Ἰδο

1877 3820 2014 3873 saias
2040 3834 2249 3888 quoque
2267 3819 2535 3887 apostolus
2564 3822 2687 3885 erit,
2719 3830 2933 3891 prepter
2958 3823 3081 3878 illud
3115 3843 3127 3878 :
3169 3843 3187 3874 ι
3217 3826 3383 3891 Quem

207 3922 313 3989 ειμι
336 3922 466 3989 ἐγὼ,
498 3917 824 3973 ἀπόστειλόν
862 3932 948 3984 με.
989 3933 1009 3965 ι
1046 3913 1111 3964 Τί
1135 3913 1190 3964 δὲ
1221 3912 1569 3982 περὶτούτων
1595 3912 1715 3980 λέγει

1874 3909 2092 3973 uittam,
2120 3919 2176 3963 et
2204 3911 2322 3978 quis
2356 3909 2453 3963 ibit
2482 3912 2547 3962 ad
2589 3911 2837 3979 populum
2882 3913 3060 3966 hunc?
3100 3932 3119 3965 ι
3171 3916 3382 3982 quando

205 4011 287 4061 ὅτε
314 4010 407 4063 καὶ
423 4012 482 4061 ὲν
506 4011 574 4077 τῇ
603 4007 747 4076 πρὸς
792 4002 1069 4073 Ἑϐραίους
1118 4001 1394 4070 Ἐπιστολῇ
1422 4001 1530 4067 (58)
1556 4002 1584 4052 ό
1608 4001 1713 4071 τηλς

1869 4000 2127 4066 respondit
2168 3999 2382 4053 dicens:
2437 4017 2456 4049 ι
2505 3998 2581 4052 Ειι
2625 4013 2723 4069 ego
2772 4014 2922 4063 sum,
2965 4001 3116 4055 mitte
3158 4001 3325 4055 me".
3358 4020 3377 4054 ι

206 4098 387 4160 χοῦτος
416 4097 575 4168 ἡμῶν
605 4093 805 4163 Σωτὴρ
836 4090 1123 4151 ἀπόστολος
1154 4089 1362 4159 εἴρηται
1392 4089 1484 4141 τοῦ
1512 4090 1714 4159 Πατρός

1875 4089 1958 4142 Sed
1988 4088 2113 4155 quid
2145 4088 2209 4142 de
2251 4088 2397 4142 hisce
2431 4088 2550 4141 dico
2571 4124 2587 4151 ,
2620 4087 2830 4155 quando
2870 4097 2922 4142 et
2953 4088 3006 4141 in
3039 4088 3270 4156 Epistola
3318 4089 3383 4140 ad

204 4187 502 4259 γέγραπται
530 4186 673 4255 γάρ’
706 4202 726 4233 ι
756 4183 1007 4249 Ἔχοντες
1033 4175 1123 4231 οὖν
1154 4178 1407 4249 ἀρχιερέα
1436 4177 1605 4248 μέγαν
1623 4178 1710 4244 (59

1878 4178 2106 4233 lebraaos
2132 4177 2252 4231 talis
2288 4185 2567 4245 tantusque
2599 4175 2850 4231 Servator
2885 4185 3063 4230 noster
3105 4178 3277 4231 dictus
3317 4177 3386 4229 sit

202 4278 291 4329 καὶ
315 4276 612 4329 ἀπόστολον
642 4269 855 4342 Ἰησοῦν
880 4268 1131 4339 Χριστόν.
1165 4286 1184 4318 ι
1221 4269 1329 4320 Καὶ
1359 4266 1453 4321 νῦν
1474 4265 1564 4321 οὖν
1583 4268 1640 4321 ὃν
1663 4268 1710 4321 ὲὸ

1878 4268 2126 4338 ipostolus
2153 4284 2182 4320 a
2215 4267 2413 4321 Patre?
2440 4265 2706 4333 Scriptum
2734 4275 2817 4318 est
2842 4267 2983 4319 enim
3011 4281 3025 4316 :
3060 4283 3080 4315 ι
3116 4265 3386 4320 Habentes

201 4365 495 4435 ἀποστέλλῃ
536 4367 566 4417 ὁ
596 4362 796 4431 Σωτὴρ
823 4358 1266 4428 διακονησάμενον
1296 4360 1362 4427 τῇ
1389 4374 1545 4412 τινων
1584 4375 1709 4411 σωτι

1880 4360 2016 4426 gitur
2034 4357 2342 4412 Pontificem
2363 4370 2605 4423 magnum
2634 4364 2688 4408 et
2711 4355 3007 4422 aposrolum
3029 4353 3209 4409 Jesum
3234 4354 3388 4409 Chri-

206 4455 321 4524 ρίᾳ,
355 4456 384 4506 ό
416 4451 888 4520 ἀποστελλόμενος
915 4446 1203 4508 ἀπόστολός
1232 4447 1375 4500 ἐστιν
1421 4446 1591 4515 Ἰησοῦ
1621 4446 1714 4516 Χρι

1878 4455 1997 4499 itum
2033 4446 2097 4498 ⁷³.
2136 4463 2156 4496 ι
2189 4442 2541 4509 Quamobrem
2584 4444 2628 4497 si
2662 4443 2914 4496 Servator
2954 4442 3180 4509 aliquem
3223 4442 3386 4496 mise-

204 4544 346 4598 στοῦὶ
396 4544 538 4596 Ἀλλ’
601 4546 631 4595 ό
667 4537 981 4600 ἀπόστολος,
1021 4535 1205 4605 ὥσπερ
1226 4534 1319 4587 τοῦ
1349 4536 1712 4588 ἀποστείλαντι

1875 4534 1927 4586 ’ἰι
1972 4533 2064 4601 qui
2115 4531 2411 4600 aliquorum
2470 4532 2694 4586 salutem
2743 4530 3164 4594 administrarit,
3212 4531 3258 4584 is
3292 4531 3383 4598 qui

201 4633 341 4685 ἐστιν
376 4632 681 4693 ἀπόστολος
706 4669 722 4694 ,
768 4626 937 4688 οὕτως
961 4626 1069 4677 τισὶ
1097 4623 1230 4692 πρὸς
1255 4623 1346 4686 οὓς
1375 4625 1709 4678 ἀποστέλλετι

1877 4623 2117 4684 nittitur,
2163 4622 2434 4690 apostolus
2481 4629 2564 4677 est
2605 4619 2738 4677 Jesu
2786 4620 3004 4674 Christi.
3077 4619 3271 4673 Verum
3330 4629 3385 4673 ut

202 4723 372 4789 μόνοις
417 4723 531 4793 (60)
565 4721 721 4773 ἐστὶν
771 4716 1085 4778 ἀπόστολος·
1139 4715 1273 4782 ὅπερ
1304 4714 1434 4767 νοῶν
1471 4716 1501 4766 ό
1548 4713 1710 4767 Παῢλι

1877 4710 2123 4779 ipostolus
2149 4709 2416 4778 apostolus
2443 4718 2525 4764 est
2560 4707 2679 4776 ejus
2708 4709 2798 4777 qui
2832 4708 3010 4771 misit,
3060 4706 3137 4759 sic
3168 4705 3385 4772 quihus-

199 4812 410 4881 ἔλεγεν*
449 4832 469 4864 ι
514 4792 591 4865 Et
625 4809 726 4862 καὶ
769 4806 943 4867 ἀλλοις
982 4805 1081 4857 οὐκ
1119 4803 1233 4871 είμὶ
1276 4802 1586 4865 ἀπόστολος,
1620 4803 1707 4856 ἀλλ

1878 4801 1977 4852 Iam
2017 4798 2144 4852 solis
2197 4798 2264 4852 ad
2305 4812 2437 4867 quos
2481 4796 2743 4858 mittitur,
2790 4802 2871 4848 est
2912 4792 3198 4861 apostolus.
3238 4792 3386 4845 llane

199 4917 257 4969 γε
294 4877 422 4971 υμῖν
465 4902 613 4970 εἶμι·
666 4899 704 4967 ἡ
762 4896 870 4965 γάρ
918 4891 1148 4963 σφραγίς
1198 4907 1295 4959 μου
1326 4891 1426 4959 τῆς
1457 4891 1707 4943 ἀποστολὶ

1876 4902 1968 4943 'em
2011 4887 2356 4941 considerans
2393 4884 2589 4939 Paulus
2632 4881 2843 4935 dicebat
2879 4894 2889 4927 :
2942 4897 2962 4931 ι
3000 4877 3221 4932 Etiamsi
3262 4877 3384 4933 aliis

200 4966 350 5059 όμείς
378 4992 501 5042 ἐστε
523 4966 594 5041 ⁷ὲν
625 4984 840 5054 Κυρίῳ.
880 5000 899 5033 ι
934 4981 1177 5046 Ἔξεστιν
1203 4973 1294 5030 οὖν
1320 4994 1441 5029 τινα
1464 4974 1597 5031 εἶναι
1620 4979 1708 5032 ἀπε

1878 4993 1959 5032 ιοιι
1979 4977 2078 5031 sim
2107 4976 2374 5044 apostolus
2396 5011 2412 5038 ,
2457 4971 2608 5026 vobis
2638 4984 2755 5023 sum
2789 4977 3004 5032 tamen;
3037 4980 3160 5020 nam
3203 4966 3386 5033 signa—

254 5103 297 5134 "
320 5101 481 5158 Joan.
513 5114 639 5161 xm,
669 5096 757 5148 l9.
832 5094 875 5126 "'
906 5092 1034 5147 ibid.
1092 5090 1182 5145 26.
1256 5086 1461 5142 "Hebr.
1484 5104 1526 5153 ι,
1552 5091 1638 5146 14.
1711 5090 1756 5122 ⁷⁸
1788 5090 1919 5145 ibid.
1949 5090 1982 5142 7
2014 5098 2069 5143 et
2096 5087 2236 5141 Psal.
2297 5100 2410 5151 cm,
2439 5083 2489 5135 4.
2564 5082 2607 5113 '"
2639 5080 2794 5135 Joan.
2823 5095 2862 5144 ι,
2894 5079 2947 5135 6.
3022 5079 3067 5111 "
3096 5076 3199 5129 lsa.
3230 5091 3308 5141 vt,
3333 5077 3391 5132 8.

198 5170 242 5202 "
267 5170 426 5224 llebr.
461 5183 546 5231 ιιι,
580 5168 606 5219 1
634 5184 650 5231 ;
679 5178 757 5226 IV,
795 5163 878 5216 14.

276 5258 384 5328 (ὅθ)
410 5255 601 5323 "apd.
637 5254 810 5308 Deest
829 5250 880 5302 in
912 5249 1099 5304 codice
1130 5244 1295 5313 Regio
1314 5283 1329 5308 ,
1358 5245 1452 5299 sed
1478 5245 1669 5315 legitur
1693 5249 1745 5303 in

1923 5247 2344 5328 (⁵9).ἐκοντες
2374 5242 2483 5294 οὖν
2529 5237 3046 5328 ἀρχιερέει,-έέέτίέτν
3075 5231 3395 5328 ,εξςςςηίὶιξίὶὲ

204 5307 553 5378 nauigia?
587 5307 598 5310 ⁷
1211 5307 1235 5313 ⁷
1530 5307 1558 5315 ⁷

1893 5307 2097 5368 u-os'in
2138 5307 2336 5371 unum,
2395 5307 2663 5378 memoria
2706 5307 2921 5378 lapsurs,_
2956 5315 3015 5358 ut
3073 5307 3401 5378 contingere

272 5366 751 5460 ξέιξᾌῗοιλιονίαςΖ
771 5382 932 5460 Forte
964 5379 1241 5460 legendum
1266 5378 1547 5460 διακονίαν.
1603 5449 1617 5460 ⁸

1894 5366 2224 5460 estiuantibus
2261 5366 2413 5460 solet,
2443 5375 2693 5460 _coufqdit
2723 5366 2809 5426 hic
2834 5366 3130 5444 Origenes;
3167 5366 3402 5422 alterum

273 5442 770 5521 ἱῦδῖῖιέπιστολῇ.
813 5451 967 5506 Deest
994 5442 1049 5502 iii
1087 5444 1266 5502 codice
1298 5447 1480 5514 ltegio,
1521 5449 1618 5504 sed
1667 5459 1748 5506 est

1298 5447 1480 5514 ltegio,
1521 5449 1618 5504 sed
1667 5459 1748 5506 est
1855 5451 2018 5521 Hebr.
2051 5463 2132 5521 n_t,
2163 5448 2218 5521 ι,
2245 5452 2311 5521 et
2330 5461 2401 5521 tv,
2440 5444 2524 5505 ιι,
2563 5442 2806 5521 alterum.

213 5511 601 5582 iu'Bo'dlciano.
715 5511 743 5520 "
1379 5511 1397 5514 ‘
1468 5511 1472 5513 '
1924 5517 2032 5587 (60)
2071 5516 2244 5571 Codex
2275 5512 2490 5584 Regius,
2520 5511 2694 5582 μόνος.
