3820 6220
370 279 469 332 737
1807 253 1878 305 01‘

3520 229 3548 278 -ι
3562 224 3630 277 .ςὸ

370 390 542 443 rulum
567 379 885 452 apostolatus
905 374 1004 427 mei
1029 388 1120 427 vos
1145 373 1269 426 estis
1299 373 1349 425 in
1368 373 1587 426 Domino
1615 372 1688 433 7*;
1714 387 1731 420 ι
1766 383 1878 435 pro-

2124 378 2173 412 ον
2228 355 2395 426 Ἰησοῦ
2437 352 2669 423 Χριστοῦ
2718 351 2799 401 ἑνὶ
2844 348 3003 416 μόνῳ
3040 336 3539 406 ἐξαποσταλέντα,
3580 337 3632 386 εξ

2161 451 2167 452 “
2310 448 2330 452 ⁴
2403 445 2427 452 “
2633 443 2644 452 ¹
2763 440 2776 452 ‘
2853 438 2870 452 ‘
2900 438 2915 452 '
3067 429 3461 452 ’μμ--Α--ιι---Α
3518 427 3625 452 ἰτ-Λ

371 479 487 530 inde
519 444 635 526 licet
663 467 816 521 alicui
848 478 965 518 esse
1001 463 1242 531 apostolo
1265 462 1387 516 Jesu
1410 462 1602 515 Christi
1636 460 1698 513 ad
1729 473 1879 511 unum

2118 451 2265 519 ιόνῳ,
2300 445 2430 499 Θεοῦ
2457 443 2704 513 προνοίᾳ,
2728 440 2820 491 τὸν
2853 438 3025 503 λόγον
3062 429 3481 526 διηκονήσατο.
3518 427 3626 477 Καὶ

369 566 532 619 solum
573 560 764 617 misso;
802 555 882 617 si,
921 554 1010 606 Dei
1047 554 1407 620 providentia,
1438 552 1525 603 uni
1555 550 1652 604 soli
1690 562 1877 602 sermo'

2104 538 2156 591 rd
2189 551 2364 606 φαμεν
2399 535 2484 585 ἵνα
2511 530 2674 582 πάλιν
2709 527 3011 596 βλέπωμεν
3054 519 3167 587 τὴν
3196 519 3612 620 τῶνοχρηματι-

368 661 483 699 nem
530 643 573 695 is
621 638 1091 692 administraverit.
1147 637 1272 701 Qua:
1299 638 1508 704 quidem
1545 636 1804 694 diximus,
1839 649 1867 684 ιι

2102 604 2214 680 των
2243 604 2414 694 Ἰησοῦ
2444 619 2680 691 Χριστοῦ
2716 613 3046 669 ἀποστόλων
3084 605 3395 704 ὑπεροχην
3419 619 3435 632 ⁸
3473 620 3496 653 ι
3534 604 3610 653 As-

368 744 550 783 rursus
595 728 866 778 videamus
915 738 1100 777 eorum
1132 725 1218 789 qui
1252 720 1375 777 Jesu
1423 723 1620 779 Christi
1670 720 1870 789 apostol

2106 734 2109 767 7
2143 714 2268 784 γὰρ,
2307 692 2494 781 νφησὶν,
2536 709 2746 759 ἔδωκαν
2796 703 2948 771 ἐμοὶ,
2991 698 3095 750 καὶ
3125 692 3414 789 Βαρνάϐα
3442 708 3614 742 κοινω

367 823 577 872 fuerunt
638 815 831 878 habiti,
880 814 1243 868 excellentiam
1305 831 1319 866 :
1370 832 1387 864 ι
1448 814 1702 868 Dexteras
1754 812 1875 863 enin

2116 846 2128 867 ,
2174 782 2258 856 ἵνα
2296 803 2454 871 ἡμεῖς
2493 801 2572 859 εἰς
2605 796 2674 848 τά
2713 795 2842 863 ἔθνη
2864 833 2878 854 ,
2920 790 3091 843 αὐτοὶ
3125 787 3191 838 δὲ
3225 786 3316 847 εἰς
3472 796 3624 884 περι-

365 907 630 962 societatis
695 905 853 967 mihi,
922 914 971 957 et
1021 905 1303 967 Barnabas,
1367 904 1569 972 inquit,
1615 903 1871 955 dederunt

2120 912 2178 965 ιν.
2249 912 2266 941 ι
2306 868 2512 943 ὀύκοῦν
2563 885 2777 945 Παῦλος
2824 881 3014 933 ἔθνεσι
3071 868 3628 972 μάθοις-ἀποίστολρς

367 1011 420 1052 ιιι
450 1012 546 1052 nos
574 998 625 1050 in
658 1005 872 1064 gentes,
904 996 1002 1062 ipsi
1038 1010 1162 1046 vero
1195 995 1247 1046 iu
1277 994 1734 1046 circumcisionem
1766 992 1829 1043 ⁷⁸.
1873 1010 1875 1039 :

2124 959 2235 1036 ’καὶ
2279 982 2481 1051 Πέτρος
2522 978 2619 1048 ὅλῃ
2669 978 2736 1044 τῇ
2791 971 3106 1042 περιτομῇ.
3157 959 3364 1064 ἰἱμῶν
3423 961 3494 1059 6t-
3528 959 3632 1012 κᾶν

366 1084 529 1155 igitur
559 1085 750 1138 Paulus
774 1084 1017 1153 gentibus
1044 1084 1171 1137 solis
1219 1092 1335 1136 erat
1378 1081 1641 1148 apostolus
1662 1120 1675 1144 ,
1711 1078 1874 1132 Petru:

2121 1075 2196 1142 »θῇ
2241 1088 2343 1135 τις,
2392 1071 2467 1131 ὡς
2501 1067 2850 1136 παρέστησεν
2898 1064 2929 1113 6
2965 1054 3499 1155 ’Anéctokog,‘eoﬁ
3534 1065 3629 1155 '75-

367 1177 460 1231 toti
495 1175 910 1231 circumcisioui.
955 1174 1105 1237 Quod
1135 1174 1180 1226 si
1214 1188 1276 1226 ex
1305 1172 1457 1225 nobis
1487 1171 1699 1224 habitus
1740 1168 1869 1221 t‘ueri

2112 1172 2176 1217 lat
2219 1163 2296 1214 ἑνί
2353 1178 2474 1221 που,
2528 1160 2561 1227 ἢ
2607 1157 2776 1224 ὀλίγῳ
2809 1154 3092 1211 πλείοσιν,
3128 1142 3457 1205 ἀπόστολος
3488 1142 3620 1237 riva-

367 1263 556 1331 aliquis
588 1264 795 1330 dignus,
836 1270 889 1313 ut
917 1261 1148 1314 ostendit
1173 1259 1447 1328 apostolus
1471 1298 1485 1321 ,
1513 1259 1669 1312 eundi
1704 1258 1767 1310 ad
1803 1257 1875 1307 ali

2150 1249 2267 1302 Κάν
2314 1249 2534 1315 γένηται
2575 1245 2653 1308 δὲ,
2705 1244 2780 1312 μὴ
2831 1238 3194 1309 ἐπαιρέσθω,
3221 1325 3233 1331 _
3273 1232 3631 1331 pspvqpérx

367 1318 522 1419 quem
543 1392 559 1415 ,
591 1318 671 1407 vel
704 1351 769 1405 ad
805 1352 961 1419 paulo
997 1351 1174 1416 plures
1195 1318 1221 1410 ί
1249 1349 1522 1417 apostolus
1552 1349 1595 1401 is
1641 1347 1872 1401 efﬁcitur

2163 1356 2181 1389 ι
2222 1338 2284 1388 "0
2308 1336 2362 1388 δὲ
2387 1334 2590 1395 λοιπὸν,
2631 1331 2880 1399 ζητεῖται
2920 1329 2982 1378 ὲν
3021 1328 3150 1386 τοῖς
3182 1320 3516 1419 οῑκρνόμοις
3546 1318 3632 1419 ἵνα

369 1445 482 1498 Nec
510 1442 979 1498 extollaturfaetus
1006 1441 1310 1509 Apostolus,
1343 1438 1483 1492 illius
1508 1440 1632 1492 dicti
1659 1455 1863 1493 memor

2127 1426 2181 1487 ός
2208 1440 2290 1485 τις
2325 1422 2552 1492 εὑρεθῇ’
2602 1438 2620 1468 ι
2656 1418 2721 1469 οὺ
2757 1415 2870 1484 γὰρ
2902 1414 3141 1471 πάντως
3172 1411 3227 1461 εἰ
3266 1404 3635 1509 ζητεῖταιζ

375 1555 393 1584 σ
431 1535 579 1600 Quod
612 1539 1050 1602 superestautem
1075 1571 1088 1591 ,
1126 1531 1251 1583 illud
1285 1527 1649 1594 requiriturin
1692 1530 1883 1596 dispen-

2125 1514 2320 1581 ιύμενον
2362 1509 2693 1579 εὑρίσκεται.
2734 1504 2926 1557 Ταῦτα
2958 1501 3057 1553 διὰ
3093 1500 3196 1551 τό·
3239 1517 3260 1547 ι
3322 1497 3387 1547 '0
3420 1493 3633 1563 λαμϐά-

370 1625 655 1683 satoribus,
688 1634 741 1675 ut
771 1622 905 1675 ﬁdus
923 1621 1112 1688 aliquis
1133 1619 1434 1673 inveniatur
1455 1621 1538 1682 ⁷⁶;
1581 1637 1598 1669 ι
1632 1633 1734 1672 non
1758 1618 1878 1671 enin

2144 1603 2236 1654 ἐάν
2286 1618 2403 1653 τινα
2457 1598 2690 1667 πέμψω·
2743 1613 2761 1644 ι
2820 1596 2989 1653 ὅσους
3040 1588 3358 1688 ἐνδέχεται,
3411 1586 3629 1688 πέμπε-

370 1717 412 1767 sl
445 1713 696 1782 quaeritur
726 1712 959 1780 aliquid,
1005 1710 1129 1763 illud
1163 1710 1380 1763 omnino
1415 1709 1700 1763 invenitur.
1731 1708 1878 1762 ϐίοιο

2164 1689 2273 1758 (61)
2309 1689 2412 1740 ὑπὸ
2445 1685 2540 1738 τοῦ
2586 1683 2762 1753 Ἰησοῦ
2799 1678 3079 1750 ὀνομάζει
3111 1675 3494 1738 ἀποστόλους,
3532 1672 3639 1725 κᾶν

372 1764 484 1854 rum
513 1811 728 1871 pr0pter
754 1764 854 1855 hoc
879 1801 1078 1853 dictum
1109 1815 1122 1852 :
1154 1818 1170 1847 ι
1204 1798 1300 1862 Qui
1331 1797 1518 1864 recipit
1547 1798 1589 1850 si
1618 1810 1771 1863 quem
1800 1796 1880 1871 mi.

2142 1779 2213 1840 ὡς
2260 1778 2579 1846 εἰρήκαμεν,
2637 1772 2873 1825 τοιοῦτοι
2901 1764 3038 1830 ὦσι,
3090 1767 3199 1820 καὶ
3229 1767 3321 1818 ὅτι
3356 1765 3631 1833 ἐνδέχεται

372 1908 490 1946 sero
524 1892 567 1923 ⁷*
598 1934 612 1956 ,
640 1910 658 1941 ι
689 1902 1030 1959 quoscunque
1065 1888 1344 1953 contigerit
1377 1903 1404 1939 a
1430 1885 1551 1939 Jesu
1584 1886 1756 1949 mitti,
1802 1870 1880 1936 ho:

2122 1870 2213 1938 τῆς
2248 1865 2547 1936 ἀνθρώπων
2587 1861 2805 1929 φύσεως
2853 1859 3176 1928 κρείττονα
3214 1856 3356 1908 ὄντα
3410 1855 3630 1923 πέμπε-

372 1982 605 2046 nominat
632 1980 923 2048 apostolos,
956 1978 1164 2031 etiamsi
1208 1977 1341 2029 tales
1380 1992 1481 2029 non
1516 1978 1621 2029 siut
1657 1984 1715 2027 ut
1764 1975 1880 2027 dixi

2151 1956 2254 2008 ὑπὸ
2279 1954 2369 2006 τοῦ
2408 1951 2610 2021 Ἰησοῦ*
2654 1953 2683 2002 6
2707 1945 2801 2000 οῦν
2835 1946 3159 2015 λαμϐάνων
3184 1945 3253 1996 ὃν
3286 1943 3357 1996 ἂν
3380 1943 3576 2011 πέμψῃ
3604 1944 3634 1992 6

370 2087 505 2125 mus.
547 2072 785 2125 Diximus
816 2073 974 2124 etiam
1007 2069 1332 2136 contingere,
1373 2076 1428 2119 ut
1450 2067 1619 2134 aliqua
1645 2077 1878 2133 pra-stant

2122 2045 2228 2108 οῦς,
2269 2044 2356 2095 τὸν
2394 2043 2450 2093 ἐν
2479 2040 2556 2108 τῷ
2583 2037 2953 2092 ἀποσταλέντι
3006 2034 3243 2104 Ἰησοῦν
3269 2032 3579 2101 λαμϐάνειο
3602 2034 3630 2082 6

373 2162 531 2225 tiora,
560 2174 717 2229 quam
738 2170 925 2212 natura
954 2159 1022 2212 sit
1055 2158 1321 2210 hominum
1343 2196 1357 2218 ,
1386 2156 1662 2208 mittantur
1687 2170 1714 2207 a
1739 2155 1858 2208 Jesu

2124 2133 2372 2203 αμϐἀνων
2414 2131 2501 2183 τὸν
2547 2127 2753 2198 Ἰησοῦν
2802 2126 3041 2194 Πατέρα
3088 2124 3422 2194 λαμϐάνει’
3460 2124 3489 2174 6
3525 2122 3632 2191 ἄρα

376 2210 531 2225 --ν-ν,
566 2210 763 2229 ,πη-ρ
961 2210 968 2212 ἡ
1346 2210 1356 2218 .

371 2234 670 2319 propterea,
700 2248 787 2315 qui
820 2248 1009 2312 recipit
1045 2260 1199 2311 quem
1241 2244 1444 2297 miserit
1488 2243 1671 2305 Jesus,
1720 2242 1879 2295 Jesuu

2120 2223 2281 2275 56tva
2299 2221 2355 2272 ὃν
2382 2219 2446 2271 ἂν
2475 2218 2662 2285 πέμψῃ
2686 2219 2714 2267 6
2753 2214 2997 2284 Ἰησοῦς,
3033 2213 3335 2283 λαμϐάνει
3360 2212 3456 2263 τὸν
3488 2210 3628 2278 πέμ-

372 2338 423 2389 in
454 2337 617 2390 misso
652 2337 869 2403 recipit;
896 2335 984 2402 qui
1014 2343 1188 2386 autem
1228 2331 1407 2386 Jesum
1446 2332 1651 2398 recipit,
1688 2331 1877 2383 Patren

2123 2329 2168 2362 τα
2195 2310 2283 2361 τὸν
2327 2307 2499 2377 Ἰησοῦ
2534 2306 2773 2375 Πατέρα.
2812 2303 3074 2356 Δύναται
3107 2303 3172 2354 δὲ
3203 2303 3309 2357 καὶ
3337 2302 3578 2362 τοιοῦτος
3600 2302 3631 2352 6

371 2427 590 2492 recipit:
621 2389 781 2492 igitur
808 2389 1123 2491 qui'recipit
1152 2437 1305 2489 quem
1337 2419 1489 2473 Jesus
1524 2421 1745 2483 miserit,
1773 2417 1879 2473 JeSI

2123 2417 2147 2461 ς
2186 2394 2351 2449 εἶναι’
2404 2397 2461 2446 '(l
2505 2396 2600 2464 μὲν
2635 2394 2939 2462 λαμϐάνων
2972 2393 3039 2446 ὃν
3086 2392 3193 2445 ὲάν
3241 2389 3630 2459 ἐγὼ-πέμψω,

372 2512 583 2568 Patrem
623 2515 828 2581 recipit,
862 2514 950 2581 qui
983 2513 1123 2564 misit
1155 2512 1347 2579 ipsum.
1390 2507 1569 2565 Potest
1601 2514 1758 2566 etiam
1788 2512 1880 2564 Ιιαιι

2121 2488 2398 2556 λαμϐάνει,
2431 2487 2525 2537 καὶ
2561 2485 2720 2554 μέχρι
2749 2482 2847 2534 τοῦ
2884 2482 2995 2551 ἐμὲ
3018 2480 3469 2551 παραδέξασθαι
3498 2479 3626 2548 φθά-

373 2604 541 2667 oratio
570 2604 690 2657 tatis
715 2617 832 2657 esse
862 2620 875 2655 :
912 2602 1008 2668 Qui
1043 2604 1228 2671 recipit
1264 2618 1417 2670 quem
1440 2616 1538 2669 ego
1567 2586 1782 2663 misero,
1817 2615 1881 2652 mi

2142 2580 2170 2629 6
2195 2578 2250 2629 δὲ
2271 2576 2342 2646 μὴ
2362 2573 2451 2627 διά
2473 2591 2617 2636 τινος
2639 2573 2775 2643 ἐμοῦ
2807 2573 3144 2626 ἀποστόλου
3169 2574 3282 2642 ἐμὲ
3312 2571 3622 2641 λαμϐάνων,

374 2690 696 2758 reclpit,-co
750 2675 1266 2759 usquc’pertingens
1305 2702 1364 2744 ut
1405 2705 1489 2744 me
1517 2689 1771 2756 recipiat;
1808 2674 1877 2757 qu

2114 2674 2129 2721 ι
2160 2666 2348 2736 χωρῶν
2392 2665 2490 2733 ἐμὲ
2531 2666 2630 2716 ούκ
2670 2665 2766 2716 ἀπ’
2808 2663 3173 2733 ἀνθρώπων,
3209 2664 3278 2715 οὐ
3312 2663 3383 2715 δι’
3420 2662 3622 2732 ἀνθρώ-

374 2792 501 2831 ι-εινο
532 2792 614 2831 me
644 2791 746 2832 non
787 2778 973 2846 recipit
996 2791 1093 2846 per
1125 2778 1353 2845 aliquem
1380 2793 1553 2831 meum
1580 2777 1874 2845 apostolum

2138 2759 2564 2828 διακονούμενον,
2589 2756 2704 2809 ἀλλ’
2727 2756 3137 2825 ἐπιδημοῦντα
3156 2759 3291 2818 ταῖς
3316 2756 3430 2808 τῶν
3459 2756 3627 2822 εὐτρε-

373 2866 466 2918 sed
491 2861 649 2935 432
685 2878 769 2918 me
798 2843 1013 2930 recipit,
1032 2878 1135 2916 non
1163 2843 1231 2917 ah
1253 2864 1575 2926 hominibus,
1611 2843 1780 2931 neque
1809 2877 1881 2930 pe:

2118 2852 2266 2902 ιντων
2296 2847 2518 2907 ἑαυτοὺς
2548 2845 2684 2914 πρὸς
2704 2843 2804 2913 τὴν
2835 2844 2990 2914 ἐμὴν
3025 2845 3379 2915 παραδοχὴν
3409 2843 3626 2912 ψυχαῖς,

375 2953 613 3006 homines
655 2952 1081 3006 administratum
1103 2991 1118 3015 ,
1151 2951 1242 3005 sed
1270 2950 1333 3004 ad
1363 2952 1568 3004 animas
1609 2951 1883 3004 advenien-

2118 2938 2404 3009 πέμψαντά
2434 2954 2498 3006 με
2522 2935 2789 3005 λαμϐάνει
2811 2935 3082 3005 Πατέρα,
3112 2937 3198 2999 ὡς
3235 2936 3317 3006 μὴ
3341 2935 3504 3005 μόνον
3532 2936 3626 3003 ἐμὲ

375 3049 480 3093 tem
512 3052 693 3093 eorum
728 3040 820 3108 qui
857 3054 914 3094 se
957 3040 1097 3106 ipsos
1143 3039 1424 3108 diligenter
1465 3053 1883 3108 praeparaverunt

2130 3027 2358 3097 Χριστὸν
2410 3022 2545 3077 εἶναι
2588 3026 2645 3076 ἐν
2687 3022 2865 3092 αὐτῷ,
2904 3022 3063 3075 ἀλλὰ
3114 3025 3221 3078 καὶ
3255 3025 3354 3077 τὸν
3390 3023 3621 3093 Πατέρα.

373 3131 438 3198 ad
471 3132 568 3184 mei
600 3131 990 3198 receptionem;
1035 3130 1087 3183 hi
1119 3130 1349 3194 Patrem,
1376 3132 1466 3199 qui
1493 3145 1578 3183 me
1604 3130 1748 3185 misit
1769 3170 1784 3193 ,
1816 3145 1881 3185 rei

2118 3133 2152 3168 τι
2193 3115 2248 3167 δὲ
2281 3115 2347 3166 ὲκ
2381 3113 2584 3164 τούτων
2627 3113 2724 3163 καὶ
2773 3110 2845 3162 τὰ
2890 3114 3029 3163 κατ’
3083 3113 3465 3180 ἐναντιότητα
3506 3110 3626 3177 νοῆ-

374 3197 605 3286 cipiunt,
634 3197 786 3272 itaut
812 3232 914 3274 ιιοιι
942 3218 1086 3273 solus
1107 3197 1463 3287 egoChristus
1487 3219 1697 3272 futurus
1727 3219 1824 3271 sim
1848 3218 1882 3271 ir

2126 3203 2237 3274 (62)
2264 3220 2276 3233 ·
2323 3204 2351 3254 6
2376 3203 2483 3271 γὰρ
2524 3200 2822 3269 λαμϐάνων
2851 3199 2914 3250 ὃν
2958 3199 3069 3252 ἐὰν
3106 3200 3320 3271 πέμψῃ
3349 3202 3379 3254 6
3407 3200 3519 3260 υἱὸς
3542 3197 3626 3249 τοῦ

373 3306 509 3373 ipso,
538 3307 629 3360 sed
660 3309 770 3375 ipse
787 3322 996 3375 quoque
1018 3306 1190 3361 Pater.
1212 3307 1700 3362 Possumus'autem
1730 3322 1791 3361 ex
1816 3308 1881 3360 hi:

2120 3292 2252 3362 λροῦ,
2275 3292 2476 3350 ἐκεῖνος
2498 3289 2588 3340 τὸν
2605 3288 2992 3357 Ἀντίχριστον
3014 3288 3336 3359 λαμϐάνει·
3369 3293 3400 3344 6
3422 3289 3479 3341 δὲ
3500 3288 3628 3356 λαμ-

375 3379 720 3463 repuguautia
753 3395 909 3448 etiam
934 3396 1272 3449 considerare
1297 3414 1310 3448 :
1338 3397 1429 3464 qui
1462 3411 1691 3465 namque
1715 3396 1876 3463 recipi

2119 3399 2173 3434 ον
2198 3380 2286 3431 τὸν
2310 3379 2422 3430 υἱὸν
2452 3377 2546 3429 τοῦ
2578 3376 2816 3448 πονηροῦ
2834 3416 2849 3439 ,
2891 3378 2997 3431 καὶ
3035 3380 3518 3450 παραδεξάμενος
3546 3377 3627 3429 τὸν

377 3495 533 3550 quem
565 3482 767 3534 miserit
791 3482 928 3538 illius
963 3483 1109 3546 mali,
1137 3482 1225 3535 ille
1252 3485 1635 3538 Autiehristum
1674 3485 1885 3552 recipit:

2121 3485 2331 3538 χριστον
2360 3467 2535 3534 λόγον,
2561 3468 3010 3536 ὑποκρινόμενον
3039 3465 3201 3523 εἶναι
3231 3469 3521 3542 ἀλήθειαν,
3542 3467 3629 3520 καὶ

376 3571 464 3636 qui
494 3582 617 3621 vero
644 3570 830 3637 recipit
861 3569 1023 3622 ﬁlium
1058 3570 1215 3633 mali,
1242 3581 1297 3625 et
1347 3574 1579 3626 admittit
1606 3550 1884 3627 sermouen

2121 3557 2202 3619 ῑῶς
2227 3554 2687 3625 ἐπαγγελλόμενον
2721 3550 2862 3606 εἶναι
2890 3555 3321 3628 δικαιοσύνην,
3363 3553 3517 3618 οὗτος
3549 3558 3629 3608 αὺ-

378 3656 596 3712 Christo
640 3660 963 3715 contrarium
987 3697 1003 3722 ,
1032 3658 1311 3727 ﬁngentem
1342 3674 1399 3713 se
1442 3675 1559 3714 esse
1600 3664 1876 3716 veritatem

2122 3646 2383 3716 λαμϐάνει
2415 3646 2505 3697 τὸν
2549 3645 2805 3713 πονηρόν.
2847 3646 2949 3699 Διὸ
2988 3650 3416 3721 προσέχωμεν,
3460 3650 3524 3701 ἶν’
3562 3647 3630 3710 ὡς

377 3748 623 3816 falsoque
668 3749 1064 3816 promittentem
1106 3761 1163 3799 se
1188 3761 1305 3801 esse
1325 3749 1617 3814 justitiam,
1653 3749 1696 3802 is
1733 3751 1885 3817 ipsun

2124 3739 2153 3789 ιὶ
2192 3736 2508 3806 τραπεζῖται
2549 3734 2946 3803 δοκιμάςωμεν
2982 3738 3100 3805 μὲν
3137 3740 3239 3795 τὸν
3276 3740 3392 3793 τῶν
3427 3736 3632 3806 ἀληθῶν

377 3837 572 3906 recipit
615 3837 836 3892 malum.
892 3838 1243 3902 Quamobrem
1292 3839 1656 3900 attendamus,
1687 3847 1742 3890 ut
1792 3847 1879 3890 tan

2123 3843 2239 3878 ονον
2270 3865 2284 3889 ,
2351 3825 2844 3894 ἀποδοκιμάζωμεν
2911 3826 2976 3879 δὲ
3042 3828 3149 3881 τὸν
3230 3831 3348 3883 τῶν
3409 3828 3630 3898 ψευδῶν.

377 3940 534 3993 quam
581 3927 700 3978 boui
734 3927 1069 3980 nuuunularii
1093 3966 1108 3990 ,
1141 3940 1321 3979 eorum
1362 3927 1570 3993 quidem
1620 3941 1736 3993 qua:
1770 3941 1885 3979 vera

2130 3915 2227 3968 ιάδε
2264 3915 2360 3983 μὲν
2381 3910 2474 3965 οῦν
2507 3932 2526 3963 ι
2567 3916 2595 3965 6
2620 3914 2948 3982 λαμϐάνων,
2978 3919 3198 3988 φησὶν,
3225 3920 3331 3973 ἐάν
3360 3936 3486 3973 τινα
3506 3917 3638 3985 πέμ-

377 4024 530 4079 suut,
586 4016 883 4081 ministrum
940 4018 1248 4084 probemus,
1300 4014 1426 4067 falsa
1498 4029 1623 4067 vero
1677 4016 1885 4068 admini‘

2141 4005 2237 4074 ἐμὲ
2267 4003 2558 4071 λαμϐάνει·
2608 4004 2637 4054 6
2672 4002 2731 4054 δὲ
2754 4004 2858 4073 ἐμὲ
2883 4005 3219 4075 λαμϐάνων
3244 4009 3527 4079 λαμϐάνει
3553 4005 3636 4058 τὸν

377 4113 637 4159 stt-autem
669 4106 1030 4172 reprobemus.
1071 4108 1244 4173 Atque
1272 4104 1370 4156 hoc
1416 4105 1628 4171 quidem
1669 4105 1719 4157 iu
1769 4103 1884 4156 loco

2130 4092 2292 4161 ικαντά
2332 4108 2428 4160 με’
2461 4092 2556 4143 καὶ
2602 4095 2630 4145 6
2679 4092 2911 4161 θεωρῶν
2960 4096 3076 4163 ἐμὲ
3120 4096 3342 4167 θεωρεῖ
3379 4098 3474 4149 τὸν
3509 4095 3638 4163 πέμ-

384 4206 409 4251 (
440 4191 539 4255 Qui
568 4194 787 4261 recipit,
853 4193 1061 4258 inquit,
1105 4193 1148 4246 si
1176 4180 1337 4260 quem
1386 4194 1578 4245 misero
1602 4232 1616 4255 ,
1666 4208 1748 4244 me
1774 4193 1892 4245 reci!

2131 4181 2182 4233 cdt
2218 4196 2314 4248 με·
2362 4198 2379 4229 ι
2418 4178 2542 4231 οὔτε
2564 4180 2623 4232 δὲ
2655 4179 2908 4250 εἴρηται”
2955 4182 3022 4233 '0
3053 4185 3360 4239 πιστεύων
3387 4188 3468 4247 εἰς
3504 4184 3639 4253 ὑμᾶς

376 4280 489 4349 pit;
537 4280 626 4346 qui
681 4289 856 4332 autem
899 4294 982 4333 me
1031 4285 1249 4349 recipit,
1293 4283 1479 4352 recipit
1533 4298 1652 4335 eum
1702 4283 1789 4350 qui
1826 4297 1884 4333 ιιι‹

2129 4269 2341 4330 τεύειεῖς
2367 4268 2466 4337 ὲμέ
2486 4285 2500 4298 ο
2527 4267 2650 4320 οὔτε
2668 4286 2681 4300 ·
2720 4269 2782 4321 '0
2809 4268 3055 4339 θεωρῶν
3086 4274 3253 4343 ὑμᾶς
3280 4276 3487 4346 θεωρεῖ
3514 4273 3637 4343 ὲμέ’

382 4366 529 4420 misit
556 4368 604 4398 "
630 4386 645 4421 :
686 4386 705 4418 ι
738 4377 826 4420 et:
851 4385 868 4417 ι
901 4368 997 4432 Qui
1025 4371 1166 4424 videt
1188 4387 1290 4435 me,
1319 4373 1457 4425 videt
1478 4387 1619 4434 eum,
1646 4372 1735 4437 qui
1767 4369 1890 4422 misi

2133 4358 2297 4410 Βάνειν
2339 4357 2435 4426 μὲν
2476 4357 2584 4426 γὰρ
2622 4359 2776 4427 ἡμᾶς
2812 4359 3087 4427 βούλεται
3124 4367 3271 4429 τοὺς
3310 4364 3641 4425 ἀποστόλους

383 4464 469 4517 nte
491 4453 575 4504 ":
617 4470 637 4503 ι
695 4464 749 4507 at
802 4465 928 4507 vero
970 4470 1071 4508 non
1117 4457 1312 4510 dictmn
1345 4465 1465 4509 est:
1496 4456 1596 4521 Qui
1641 4436 1811 4508 credit
1854 4455 1891 4506 ir

2137 4446 2197 4498 οῦ
2217 4485 2231 4508 ,
2273 4446 2331 4496 ού
2368 4445 2472 4514 μὴν
2505 4448 2600 4498 καὶ
2629 4447 2916 4501 πιστεύειν
2941 4454 3029 4514 εἱς
3055 4454 3303 4518 αὐτούς.
3339 4436 3645 4524 Λοιμϐἀνωω⁴

382 4554 497 4608 vos,
526 4542 698 4609 credit
728 4542 778 4595 in
805 4557 914 4607 me;
952 4557 1121 4610 neque
1153 4563 1169 4615 ι
1195 4546 1291 4610 Qui
1320 4545 1460 4598 videt
1485 4560 1605 4603 vos,
1625 4544 1768 4596 videt
1792 4557 1875 4594 me

2143 4530 2232 4585 οὖν
2262 4534 2386 4595 τοὺς
2419 4534 2524 4586 ὑπὸ
2553 4533 2648 4585 τοῦ
2679 4536 2860 4603 Λόγου
2899 4542 3046 4608 ἡμῖν
3090 4543 3637 4614 ἀποστελλομένους.

382 4639 441 4684 ιιι
462 4630 603 4684 enim
636 4631 952 4699 recipiamus
980 4647 1107 4687 suos
1134 4634 1301 4701 ipsius
1337 4634 1605 4701 apostolos
1636 4632 1745 4683 vult
1789 4632 1890 4697 qui

2136 4623 2285 4675 ιύτδν
2315 4623 2404 4674 τὸν
2433 4622 2604 4689 Λόγον
2637 4623 2732 4676 τοῦ
2764 4626 2909 4680 Θεοῦ
2933 4646 2945 4658 ·
2987 4632 3291 4700 μηδέποτε
3319 4636 3381 4688 δὲ
3416 4632 3644 4705 παραδε-

384 4720 504 4779 dem
541 4717 661 4783 ille,
708 4733 810 4771 non
844 4726 1017 4772 tamen
1047 4730 1102 4771 ut
1147 4722 1199 4773 in
1230 4722 1345 4775 illos
1378 4721 1673 4774 credamus.
1711 4718 1892 4782 Quam-

2065 4714 2227 4784 ὒμεθα
2258 4713 2549 4765 ἀπόστολον
2578 4714 2986 4786 Ἀντιχρίστου,
3026 4724 3131 4775 κα)⁴
3167 4724 3345 4792 λόγον
3378 4724 3573 4795 ψευδῆ.

381 4807 563 4869 obrem
599 4805 916 4888 recipiamus
960 4819 1053 4859 eos
1113 4807 1205 4875 qui
1255 4822 1284 4860 a
1349 4805 1603 4860 Sermone
1660 4805 1724 4856 ad
1758 4816 1855 4854 nos
1923 4803 2242 4865 mittuntur,
2275 4801 2558 4871 ipsumque
2607 4803 2705 4856 Dei
2757 4805 3145 4880 Sermonem;
3202 4816 3642 4886 haudquaquam

385 4905 562 4958 tamen
590 4896 906 4963 recipiamus
928 4897 1218 4962 apostolum
1242 4894 1552 4950 Antichristi
1585 4904 1986 4958 sermonemque
2017 4891 2228 4945 falsum.

451 4985 535 5037 ﬂ.
582 5001 602 5035 ι
631 4983 761 5038 Cum
790 4985 902 5038 hate
934 4985 1158 5038 dixisset
1191 4984 1368 5049 Jesus,
1394 4985 1638 5036 turbatus
1669 4990 1753 5034 est
1793 4979 1902 5047 spi-

2139 5020 2164 5036 ».
2204 5002 2222 5034 ι
2252 4980 2435 5035 Ταῦτα
2465 4982 2637 5035 εἰπὼν
2669 4986 2701 5036 6
2747 4988 2970 5060 Ἰησοῦς
3021 4995 3326 5067 ἐταράχθη
3354 4998 3439 5068 τῷ
3490 4995 3647 5050 ma.

385 5071 527 5134 ritu,
577 5080 633 5125 et
678 5072 993 5126 testiﬁcatus
1027 5083 1139 5137 est,
1184 5083 1238 5127 et
1281 5073 1455 5126 dixit:
1499 5075 1698 5133 Amen,
1752 5082 1893 5131 amen

2140 5111 2144 5122 ι
2172 5111 2211 5160 .,_
2241 5073 2331 5125 καὶ
2385 5072 2745 5160 ἐμαρτύρησε
2804 5083 2921 5135 καὶ
2954 5078 3116 5137 εἶπεν
3138 5102 3153 5116 ο
3212 5088 3414 5160 Ἀμὴν
3435 5128 3452 5152 ,
3508 5086 3648 5157 ἀμὴν

387 5124 691 5225 αιωὶυδιυ,
708 5163 848 5228 quod
870 5124 1003 5214 unus
1272 5124 1859 5231 meproditurus'est'i.
1885 5173 1895 5206 ι

2144 5176 2154 5207 ι
2193 5157 2443 5227 ὑμῖν,ὃτι
2468 5124 2545 5227 είς
2569 5146 2630 5228 ἐξ
2657 5124 2827 5237 ῦμῶν
2877 5172 3207 5244 παραδώσει
3421 5128 3452 5231 ι’
3503 5124 3652 5232 1:1;-

454 5268 499 5299 ⁷⁵
529 5267 549 5323 ι
577 5271 699 5325 Cor.
729 5284 803 5339 Ix,
826 5272 882 5325 2.
954 5273 1000 5306 ’⁸
1031 5272 1201 5339 Galat.
1236 5289 1294 5340 ιι,
1321 5275 1375 5332 9.
1449 5274 1492 5306 "
1527 5275 1547 5328 Ι
1576 5274 1696 5327 Cor.
1722 5287 1794 5336 tv,
1827 5270 1881 5322 2.

389 5350 507 5401 χιιι,
544 5336 634 5402 21,
661 5335 749 5390 22.
1374 5340 1381 5346 ’

2142 5309 2158 5326 ο
2232 5270 2278 5307 ⁸⁸
2299 5273 2462 5331 ³0³11·
2490 5292 2608 5344 XIII.
2644 5278 2754 5333 20·
2829 5290 3072 5347 "Joan.
3112 5307 3215 5357 xu,
3248 5293 3346 5347 £5.
3410 5293 3462 5326 ⁸⁸
3490 5292 3644 5348 Joau.

461 5426 569 5492 (61)
602 5428 691 5501 Sic
716 5428 880 5482 codex
912 5430 1259 5497 Bodleiauus,
1308 5432 1506 5503 Regius
1538 5447 1683 5497 vero,
1718 5430 1808 5483 ἐὰν
1837 5428 1898 5479 δέη

390 5507 539 5558 χεται
567 5494 889 5572 πέμψασθαιο.
1406 5514 1409 5517 ι

2144 5426 2428 5554 Battiade}:
2476 5431 2681 5533 liesius
2715 5457 3029 5517 perperam
3057 5450 3225 5507 habet
3242 5448 3545 5517 κατέναντι,
3568 5447 3652 5517 6,1!
