3820 6208
241 246 327 296 ων
1241 245 1589 298 CUMMENT.
1627 247 1688 296 ΙΝ
1720 248 1913 302 JOAN.
1955 250 2188 306 TOMUS
2226 253 2433 308 XXXII.

3304 265 3406 320 790

246 351 377 421 τέρω
404 341 556 402 εἷπε·
594 367 613 400 t
657 349 772 404 Νῦν
799 352 832 421 ἡ
864 352 1004 422 ψυχή
1037 370 1133 422 μου
1165 355 1516 424 τετάρακται⁸
1553 376 1570 407 ι
1610 356 1701 411 νῦν
1721 358 1775 411 δὲ

1882 360 2137 431 Superius
2156 366 2393 420 dixerat:
2425 385 2443 417 ι
2469 367 2620 424 Νιιιιε
2637 369 2811 424 anima
2826 384 2941 424 mea
2969 371 3169 426 turbata
3185 382 3267 428 est
3285 378 3362 441 ";
3389 397 3425 437 ι,

255 442 471 509 Λέγεται,
510 441 590 492 eu
627 459 645 490 ι
687 441 872 494 Ταῦτα
904 441 1067 496 εἰπὼν
1097 445 1125 494 6
1174 444 1371 514 Ἰησοῦς
1408 446 1673 517 ἐταράχθη
1706 446 1780 516 τῷ

257 530 507 598 πνεύματι
529 545 541 558 ο
557 548 575 580 ι
600 530 692 583 καὶ
720 530 865 601 ζητῶ
880 532 1096 585 τοιαῦτα
1115 533 1192 595 εἰς
1213 534 1301 587 τὸν
1316 535 1495 599 τόπον,
1518 537 1569 587 τί
1588 536 1782 606 δήποτε

253 621 342 672 οὐκ
369 619 574 688 εἴρηται
617 620 873 687 ἀνάλογον
904 621 1012 690 τῷ·
1055 641 1072 672 ι
1111 621 1222 675 Νῦν
1255 625 1287 692 ἡ
1315 624 1454 694 ψυχή
1491 641 1589 693 μου
1622 625 1778 677 τετά-

254 725 458 777 ρακται,
490 727 510 758 ι
540 709 632 760 τό·
662 727 680 758 ι
710 709 783 761 T6
810 710 1022 779 πνεῦμα
1056 730 1074 761 ι
1106 711 1196 764 τοῦ
1229 712 1398 781 Ἰησοῦ
1423 714 1744 784 τετάρακται
1763 731 1776 745 ο

252 799 282 867 ῆ
330 797 738 869 ἀνάλογονπῷ·
782 818 800 850 ι
824 800 1118 871 Ἐταράχθη
1168 801 1245 871 τῷ
1297 803 1575 872 πνεύματι,
1619 823 1637 854 ι
1686 804 1776 855 τό·

264 906 284 939 ι
319 888 426 940 Νῦν
454 891 486 957 ή
522 888 665 959 ψυχή
701 906 798 959 μου
830 889 1170 960 τετάρακται.
1211 909 1230 941 ι
1262 892 1368 943 Καὶ
1399 891 1568 944 ταῦτα
1605 890 1780 961 ζητεῖν

256 978 513 1046 ἐτόλμησα
553 980 806 1048 μετρίως,
839 981 1078 1048 τηρήσας
1106 983 1160 1033 ὲν
1186 981 1329 1053 πάσῃ
1361 980 1466 1051 (δδ)
1500 984 1561 1051 τῇ
1596 982 1778 1051 Γραφῇ

249 1066 494 1136 διαφοράν
542 1066 716 1136 ψυχῆς
758 1068 849 1119 καὶ
894 1069 1222 1139 πνεύματος,
1265 1071 1357 1123 καὶ
1389 1070 1547 1139 μέσον
1589 1069 1688 1139 μέν
1731 1087 1780 1121 τι

240 1154 452 1222 θεωρῶν
482 1153 735 1224 εἶναιτὴν
755 1157 928 1227 ψυχὴν
962 1159 1053 1210 καὶ
1072 1159 1448 1227 ἐπιδεχομένην
1468 1160 1664 1229 ἀρετὴν
1688 1160 1780 1212 καὶ

250 1246 433 1303 κακίαν
451 1262 464 1273 ·
498 1246 843 1299 ἀνεπίδεκτον
870 1248 923 1299 δὲ
953 1248 1057 1300 τῶν
1088 1250 1336 1319 χειρόνων
1359 1250 1419 1300 τὸ
1451 1249 1659 1317 πνεῦμα
1686 1248 1775 1301 τοῦ

250 1332 525 1402 ἀνθρώπου
559 1335 621 1386 τὸ
655 1337 710 1385 ἐν
743 1334 917 1404 αὐτῷ·
952 1335 1018 1387 τὰ
1042 1338 1146 1406 γὰρ
1177 1336 1429 1389 κάλλιστα
1460 1339 1657 1408 καρποὶ⁹
1691 1337 1777 1389 λέ-

245 1436 421 1486 γονται
454 1420 594 1472 εἶναι
635 1421 727 1477 τοῦ
756 1422 1074 1493 πνεύματος,
1117 1424 1211 1493 οὐχ
1247 1424 1323 1487 ὡς
1363 1425 1428 1476 ἂν
1463 1426 1662 1495 οἰηθείη
1697 1443 1778 1487 τις

247 1508 334 1560 τοῦ
365 1510 538 1576 ἁγίου,
583 1511 718 1565 ἀλλὰ
758 1511 850 1565 τοῦ
888 1512 1166 1581 ἀνθρώπου
1186 1532 1198 1544 ο
1236 1515 1366 1583 πρὸς
1388 1515 1776 1585 ἀντιδιαστολὴν

243 1599 341 1669 γὰρ
367 1599 551 1655 τούτου
592 1601 796 1670 φανερὰ
836 1602 1045 1670 λέγεται
1079 1600 1214 1657 εἶναι
1260 1605 1323 1657 τὰ
1359 1604 1491 1674 ἔργα
1520 1606 1616 1675 τῆς
1650 1622 1779 1675 σαρ-

1881 467 2021 505 nunc
2043 467 2173 506 vero
2195 453 2389 508 dicitur
2429 473 2441 507 :
2481 474 2499 506 ι
2530 456 2650 512 Haec
2676 474 2794 512 cum
2832 461 3051 514 dixisset
3076 458 3259 523 Jesus,
3296 473 3409 518 tur-

1879 539 2033 592 batus
2063 549 2145 594 est
2180 543 2399 609 spiritu;
2443 562 2462 596 ι
2494 555 2546 599 ει
2588 560 2766 613 (ποιειο
2796 547 2937 601 Ιιιιιιε
2962 549 3012 601 in
3038 548 3210 603 locum
3242 552 3365 606 talia
3393 569 3409 617 ;

1880 643 2098 682 curnam
2144 632 2346 686 scilicet
2372 634 2567 689 dictum
2610 651 2714 691 non
2766 636 2965 702 fuerit,
3013 638 3240 707 Spiritus
3286 641 3410 696 Jesu

1881 718 2122 772 turbatus
2170 728 2283 784 est,
2335 722 2556 789 perinde
2598 731 2784 792 atque,
2824 742 2843 775 ι
2872 724 3023 781 Νιιιιε
3071 728 3244 781 anima
3294 744 3410 784 mea

1881 807 2088 859 turbata
2128 815 2240 872 est;
2276 825 2295 859 ι
2325 808 2404 862 vel
2440 824 2534 863 cur
2562 808 2663 864 hoc
2685 811 2882 866 dictum
2918 830 2932 866 :
2971 832 2992 864 ι
3034 814 3186 877 Nune
3233 817 3409 870 anima

1881 906 1995 946 mea
2024 894 2233 948 turbata
2271 905 2386 960 est,
2430 915 2449 949 ι
2482 898 2548 951 ad
2589 899 2987 957 similitudinem
3036 904 3177 958 illius
3230 907 3356 960 dicti
3391 925 3404 960 :

1885 998 1903 1028 ι
1932 980 2200 1037 Turbatus
2222 991 2305 1038 est
2323 985 2511 1052 spiritu
2533 1024 2549 1050 ,
2581 1003 2600 1057 ι
2643 992 3039 1055 pronuntiatum
3074 1007 3180 1045 non
3226 993 3404 1047 fuerit.
3438 1040 3441 1043 ,

1880 1068 2004 1134 Quae
2032 1083 2271 1137 quaerere
2304 1085 2465 1126 ausus
2491 1087 2608 1127 sum
2638 1074 3003 1141 mediocriter,
3032 1080 3171 1146 quod
3206 1093 3300 1148 per
3326 1090 3408 1135 to-

1883 1165 1987 1210 tam
2017 1157 2346 1224 Scripturam
2370 1159 2648 1229 diligenter
2676 1161 3071 1218 observaverim
3104 1167 3326 1234 spiritus
3353 1179 3409 1220 et

1879 1246 2070 1299 anima:
2094 1245 2442 1301 diﬂ‘crentiam
2463 1288 2478 1314 ,
2526 1249 2861 1316 mediumque
2887 1253 3133 1318 quiddam
3183 1257 3404 1310 viderim

1878 1348 1996 1387 csse
2018 1333 2271 1402 animam,
2292 1350 2649 1405 capacemque
2676 1338 2889 1394 virtutis
2910 1349 2964 1394 et
2981 1342 3131 1406 vitii;
3160 1344 3404 1411 spiritum

1876 1437 2004 1476 vero
2033 1423 2261 1479 hominis
2282 1426 2372 1494 qui
2405 1427 2457 1479 in
2485 1427 2599 1497 ipso
2626 1439 2735 1495 est,
2764 1430 2899 1481 mala
2924 1430 3161 1499 recipere
3189 1433 3407 1489 minime

1877 1526 2074 1578 posse;
2120 1513 2313 1583 quippe
2362 1530 2481 1570 cum
2538 1533 2624 1571 res
2658 1520 2871 1587 optima:
2916 1521 3125 1575 fructus
3163 1522 3407 1577 dicantur

1877 1614 1993 1653 esse
2057 1601 2292 1669 spiritus,
2334 1612 2389 1658 et
2435 1605 2652 1673 spiritus
2704 1608 2968 1671 hominis,
3028 1623 3132 1662 non
3179 1610 3407 1677 Spiritus

244 1687 351 1749 κὸς,
401 1688 577 1740 πάντα
624 1688 796 1757 ψεκτά
840 1692 1194 1759 τυγχάνοντα⁹
1243 1694 1361 1745 ἐπεὶ
1423 1695 1581 1763 μηδὲν
1626 1694 1775 1765 ἔργον

1878 1691 2045 1743 sancti
2068 1730 2084 1754 ,
2116 1700 2172 1745 ut
2197 1691 2546 1748 arbitraretur
2585 1696 2802 1765 aliquis.
2848 1696 2980 1751 Nam
3010 1699 3073 1751 ad
3104 1698 3404 1754 distinctio-

243 1776 432 1844 σαρκὸς
472 1777 773 1829 ἐπαινετόν.
826 1779 1000 1845 ’Ἀπαξ
1033 1781 1087 1832 δὲ
1121 1781 1277 1850 μέχρι
1312 1780 1404 1833 τοῦ
1445 1781 1599 1853 δεῦρο
1627 1777 1777 1851 εὖρον

243 1865 444 1934 πνεῦμα
481 1867 688 1934 φαύλου
724 1870 1107 1940 σκληρύνεσθαι
1133 1871 1415 1941 λεγόμενον
1443 1872 1545 1924 ὑπὸ
1576 1874 1774 1943 Κυρίου

239 1953 326 2005 τοῦ
370 1955 528 2007 Θεοῦο
577 1957 887 2027 γέγραπται
931 1959 1035 2029 γάρ
1073 1959 1241 2022 οὕτως
1272 1960 1328 2010 ἐν
1360 1959 1433 2028 τῷ
1467 1962 1775 2029 Δευτερονο-

243 2043 342 2112 μίῳ
363 2059 378 2074 ·
409 2063 427 2094 ι
462 2046 573 2098 Καὶ
601 2048 699 2099 οὐκ
726 2048 951 2117 ἠθέλησε
970 2049 1122 2117 Σηὼν
1145 2049 1389 2117 βασιλεὺς
1420 2050 1645 2107 Ἐσεϐὼν
1667 2050 1772 2119 (64)

240 2133 512 2203 παρελθεῖν
552 2138 704 2205 ἡμᾶς
749 2137 816 2189 δι’
849 2138 1031 2201 αὑτοῦ,
1069 2140 1149 2191 ὅτι
1191 2140 1482 2209 ἐσκλήρυνε
1512 2140 1707 2210 Κύριος
1748 2143 1775 2192 6

238 2222 362 2285 Θεὸζ
388 2223 445 2276 τὸ
468 2224 688 2293 πνεῦμα
710 2225 896 2290 αὐτοῦ,
920 2229 1011 2280 καὶ
1037 2229 1323 2296 κατίσχυσε
1349 2228 1568 2301 καρδίαν
1590 2229 1772 2294 αὐτοῦ,

238 2311 319 2365 ἵνα
364 2314 639 2383 παραδοθῇ
685 2317 764 2377 εἰς
805 2315 901 2377 τὰς
948 2317 1133 2387 χεῖράς
1175 2333 1287 2379 σου,
1318 2317 1392 2379 ὼς
1422 2321 1478 2370 ἐν
1504 2321 1568 2387 τῇ
1598 2319 1777 2390 ἡμέρᾳ

236 2401 415 2471 ταύτῃο
443 2419 464 2454 ι
497 2402 635 2456 ἀλλὰ
658 2403 726 2456 τὰ
753 2405 878 2474 περὶ
907 2405 1002 2473 μὲν
1033 2405 1217 2458 τούτου
1242 2407 1556 2478 οἰκειότερον
1589 2410 1646 2460 ἐν
1666 2412 1774 2471 τοῖς

238 2493 314 2554 εἰς
341 2493 400 2544 τὸ
428 2494 842 2564 Δευτερονόμιον
879 2493 1181 2564 ἐξετασθείη
1223 2495 1286 2548 ἄν
1306 2515 1318 2529 ι
1349 2496 1440 2548 νῦν
1477 2497 1532 2549 δὲ
1568 2499 1777 2568 πρόκει-

240 2598 321 2635 ται
368 2582 537 2650 λέγειν
602 2582 723 2644 πῶς
769 2584 838 2636 τὰ
896 2585 1264 2655 προειρημένα
1304 2586 1468 2638 εἰπὼν
1505 2588 1532 2638 6
1574 2589 1773 2658 Ἰησοῦς

239 2669 518 2739 ἐταράχθη,
546 2671 607 2721 οὐ
628 2671 730 2739 τὴν
749 2670 943 2741 ψυχὴν,
976 2673 1094 2724 οὐδὲ
1115 2674 1178 2742 τῇ
1203 2672 1364 2742 ψυχῇ,
1397 2673 1509 2725 ἀλλ’
1533 2674 1651 2726 οὐδὲ
1680 2675 1772 2728 τοῦ

240 2757 557 2825 πνεύματος,
588 2758 729 2812 ἀλλὰ
757 2759 834 2827 τῷ
876 2760 1156 2830 πνεύματι.
1208 2761 1300 2813 ⁹Ὶν’
1333 2758 1423 2814 οὖν
1449 2762 1509 2814 τὸ
1537 2763 1662 2833 περὶ
1680 2764 1770 2816 τοῦ

241 2843 530 2912 πνεύματος
571 2847 951 2916 παρατήρημα
1003 2850 1077 2918 μὴ
1120 2848 1398 2918 διαπίπτῃ,
1432 2849 1662 2914 λεκτέον,
1692 2852 1770 2904 ὅτι

240 2933 292 2984 ἐν
320 2933 413 3001 μὲν
435 2934 510 3003 τῷ
530 2953 542 2964 ·
585 2953 602 2984 ι
647 2934 766 2987 Νῦν
803 2938 836 3005 ἡ
861 2935 1001 3005 ψυχή
1038 2953 1134 3004 μου
1159 2936 1498 3005 τετάρακται,
1539 2957 1558 2988 ι
1593 2939 1653 2990 τὺ
1676 2940 1771 3008 τῆς

1878 1794 1997 1832 ηειιι
2023 1780 2180 1850 hujus
2208 1783 2428 1850 spiritus
2461 1786 2719 1851 hominis,
2749 1788 3030 1843 manifesta
3079 1803 3239 1857 opera
3285 1804 3407 1843 car-

1877 1868 1957 1920 uis
1981 1879 2351 1938 nuncupantur
2379 1888 2439 1924 ea
2483 1875 2661 1927 omnia
2692 1889 2811 1942 quae
2851 1885 2975 1930 sunt
3015 1876 3403 1943 vituperabilis,

1875 1956 2123 2021 quoniam
2157 1959 2375 2013 ‘nullum
2418 1971 2499 2014 cst
2538 1965 2716 2017 carnis
2749 1978 2883 2031 opus
2921 1966 3205 2019 laudabile.
3248 1966 3405 2036 5.33

1877 2045 2141 2101 llactenus
2190 2057 2365 2103 autem
2415 2053 2578 2105 semel
2625 2053 2798 2105 inveni
2865 2055 3106 2122 spiritum
3175 2057 3405 2111 hominis

1876 2134 1998 2187 mali
2030 2135 2263 2190 indurari
2297 2137 2491 2191 dictum
2537 2154 2568 2191 a
2597 2141 2819 2195 Domino
2848 2143 2971 2196 Deo.
3017 2142 3167 2196 Hunc
3186 2145 3328 2197 enim
3351 2145 3403 2197 in

1875 2223 2085 2276 modum
2114 2224 2367 2292 scriptum
2396 2235 2478 2279 est
2500 2227 2552 2279 in
2582 2229 2991 2283 Deuteronomio
3019 2246 3033 2282 :
3074 2250 3091 2279 ι
3123 2231 3406 2298 Noluitquc

1875 2312 2034 2374 Sson,
2068 2327 2158 2366 rex
2202 2313 2428 2378 Esebou,
2458 2316 2727 2382 praeterire
2762 2332 2860 2371 nos
2891 2332 2986 2385 per
3026 2319 3195 2387 ipsum
3219 2358 3232 2381 ,
3265 2319 3405 2387 quod

1877 2401 2216 2455 induraverat
2248 2400 2501 2457 Dominus
2530 2404 2668 2459 Deus
2693 2406 2936 2475 spiritum
2967 2407 3110 2475 ejus;
3156 2418 3207 2462 et
3247 2423 3406 2463 occu-

1873 2488 2018 2557 pavit
2044 2503 2137 2543 cor
2164 2488 2278 2557 ejus
2299 2528 2314 2554 ,
2344 2501 2402 2544 ut
2436 2491 2734 2546 traderetur
2783 2493 2835 2546 in
2867 2510 3056 2550 manus
3092 2504 3237 2558 tuas,
3266 2503 3322 2548 ut
3350 2496 3403 2549 in

1874 2576 1959 2628 die
1982 2575 2082 2630 hac
2106 2577 2150 2607 ⁸³
2177 2592 2194 2640 ;
2232 2596 2251 2626 ι
2287 2592 2402 2645 quae
2424 2579 2635 2646 quidem
2660 2582 3106 2637 accommodatius
3129 2583 3180 2636 in
3213 2585 3406 2638 Deute~

1875 2665 2118 2719 ronomio
2159 2666 2626 2721 examinabuutur.
2673 2666 2825 2722 Nunc
2865 2678 3041 2723 autem
3075 2670 3403 2738 propositum

1872 2766 1955 2809 est
1985 2757 2142 2810 nobis
2177 2756 2384 2825 dicere,
2415 2758 2712 2826 quomodo,
2738 2772 2855 2826 qua:
2873 2759 3118 2827 superius
3150 2759 3417 2827 diximus,

1873 2844 2082 2899 loculus
2105 2843 2284 2909 Jesus,
2312 2848 2556 2900 turbatus
2592 2848 2787 2914 luerit;
2817 2859 2868 2902 et
2902 2864 2999 2901 cur
3024 2849 3268 2903 turbatus
3301 2863 3404 2903 non

1875 2935 2033 2989 fuerit
2079 2937 2133 2988 in
2164 2937 2339 2990 anima
2361 2975 2376 3001 ,
2411 2951 2581 3004 neque
2606 2947 2821 3023 propter
2852 2939 3085 2993 animam
3107 2976 3122 3001 ,
3169 2951 3341 3006 neque
3374 2952 3406 2990 a

238 3024 465 3092 ταραχῆς
485 3024 657 3087 πάθος
680 3023 855 3094 ψυχῆς
884 3020 951 3093 ἦν
970 3042 982 3054 ο
1015 3027 1073 3076 ἐν
1098 3026 1152 3077 δὲ
1174 3025 1252 3093 τῷ
1267 3042 1282 3056 ’
1319 3044 1337 3075 ι
1383 3027 1680 3096 Ἐταράχθη
1698 3028 1774 3097 τῷ

1876 3023 2061 3092 spiritu
2085 3062 2102 3089 ,
2150 3024 2239 3078 sed
2271 3025 2479 3091 spiritu.
2521 3024 2598 3079 Ne
2639 3020 2798 3095 igitur
2824 3027 2967 3094 quod
3002 3025 3406 3079 observavimus

239 3112 486 3181 πνεύματι
517 3114 546 3164 6
591 3111 821 3182 Ἰησοῦς,
868 3131 888 3162 ι
924 3113 1058 3181 ὅπερ
1088 3113 1200 3165 ἐστὶ
1233 3113 1293 3165 τὸ
1323 3113 1669 3183 ἀνθρώπινον,
1714 3115 1774 3167 τὸ

239 3196 396 3259 πάθος
435 3194 501 3267 ἦν
541 3198 839 3268 ἐρχόμενον
870 3201 934 3268 τῇ
976 3199 1294 3269 ἐπικρατείᾳ
1322 3200 1413 3253 τοῦ
1442 3201 1768 3270 πνεύματοςο

235 3282 304 3344 ὡς
332 3281 433 3352 γάρ
469 3285 498 3336 6
532 3284 692 3351 ἅγιος
722 3285 787 3353 ζῇ
830 3285 1093 3354 πνεύματι
1131 3286 1551 3356 προκατάρχοντι
1583 3287 1686 3341 τῶν
1718 3290 1773 3341 ἐν

236 3371 306 3439 τῷ
337 3373 452 3442 ζῇν,
478 3376 571 3427 καὶ
594 3377 781 3444 πάσης
802 3374 1068 3445 πράξεως,
1096 3377 1188 3429 καὶ
1202 3376 1380 3446 εὐχῆς,
1409 3378 1500 3430 καὶ
1529 3378 1620 3432 τοῦ
1644 3380 1773 3448 πρὸς

236 3462 356 3515 Θεὸν
409 3463 575 3533 ὕμνου
602 3482 616 3496 ο
670 3464 844 3527 οὕτως
889 3467 994 3517 πᾶν
1042 3467 1070 3518 ὅ
1112 3465 1164 3517 τί
1204 3467 1318 3518 ποτ’
1358 3466 1422 3520 ἂν
1458 3472 1604 3538 ποιῇ,
1636 3472 1777 3522 ποιεῖ

238 3552 517 3620 πνεύματι·
553 3553 691 3607 ἀλλὰ
722 3554 824 3606 κᾶν
856 3555 1055 3623 πάσχῃ,
1093 3555 1285 3622 πάσχει
1317 3555 1596 3625 πνεύματι.
1626 3558 1688 3609 Εἰ
1719 3558 1773 3614 δὲ

235 3638 259 3687 6
290 3638 452 3705 ἅγιος,
497 3642 648 3710 πόσῳ
699 3640 904 3711 μᾶλλον
956 3641 1125 3697 ταῦτα
1164 3640 1375 3694 λεκτέον
1399 3643 1638 3711 περὶτοῦ
1671 3644 1775 3697 τῶν

233 3727 390 3793 ἁγίων
410 3730 653 3799 ἀρχηγοῦ
709 3729 903 3798 Ἰησοῦ,
932 3725 990 3783 οὗ
1018 3731 1322 3800 τὸ-πνεῦμα
1352 3736 1444 3788 τοῦ
1472 3732 1772 3802 ἀνθρώπου,

234 3818 286 3867 ὲν
306 3817 379 3887 τῷ
407 3820 758 3889 ἀνειληφέναι
797 3820 957 3873 αὐτὸν
984 3820 1101 3873 ὅλον
1129 3820 1426 3888 ἄνθρωπον,
1467 3823 1526 3873 τὸ
1550 3824 1604 3873 ἐν
1632 3822 1776 3890 αὐτῷ

231 3905 446 3960 διέσεισε
482 3909 551 3961 τά
586 3907 757 3961 λοιπὰ
799 3911 855 3961 ὲν
897 3909 1042 3978 αὐτῷ
1088 3909 1426 3981 ἁνθρώπινα;
1464 3911 1571 3961 Καὶ
1610 3910 1776 3972 οὓτως

233 4002 494 4073 ἐταράχθη
531 4003 609 4070 τῷ
636 4003 938 4073 πνεύματι,
975 4003 1059 4055 ἵνα
1091 4004 1425 4073 μαρτυρήσῃ,
1464 4004 1556 4056 καὶ
1586 4004 1674 4056 ἴνα
1697 4002 1775 4054 εἵ-

231 4106 302 4161 πῃ
344 4091 479 4159 μετὰ
508 4091 603 4146 τοῦ
636 4091 787 4143 θείου
829 4092 983 4143 οἱονεὶ
1019 4092 1197 4160 ὅρκου,
1229 4090 1341 4154 τοῦ,
1375 4110 1392 4142 ι
1414 4092 1599 4161 Ἀμὴν,
1634 4110 1652 4141 ι
1678 4091 1737 4143 τό
1758 4108 1770 4123 ο

235 4198 251 4228 ι
281 4180 432 4247 Λέγω
478 4181 629 4251 ὑμῖν,
663 4181 749 4233 ὅτι
786 4173 866 4242 εἷς
909 4179 966 4242 ἐξ
992 4179 1143 4249 ὑμῶν
1168 4179 1468 4251 παραδώσει
1499 4197 1564 4249 με
1587 4198 1599 4210 ·
1639 4199 1656 4231 ι
1682 4179 1774 4233 τοῦ

228 4268 329 4337 γὰρ
366 4270 699 4339 πνεύματος,
734 4264 904 4337 οἶμαι,
938 4268 1303 4339 θεωρήσαντος
1324 4270 1383 4321 τὸ
1416 4270 1512 4339 ἤδη
1547 4270 1652 4322 ἀπὸ
1681 4269 1771 4322 τοῦ

1873 3113 1936 3163 de
1981 3111 2167 3178 spiritu
2201 3119 2479 3180 praetereat
2504 3151 2518 3175 ,
2559 3113 2836 3167 dicendum
2861 3121 2978 3178 est,
3025 3111 3115 3166 ubi
3167 3112 3402 3165 dicitur:

1876 3215 1895 3246 ι
1931 3196 2083 3252 Nunc
2110 3200 2285 3252 auima
2315 3215 2429 3254 mea
2469 3203 2674 3254 turbata
2710 3209 2812 3266 cst,
2851 3219 2869 3252 ι
2908 3200 3050 3253 illam
3085 3198 3404 3253 turbationis

1871 3287 2201 3344 affectionem
2238 3290 2401 3345 fuisse
2426 3292 2647 3355 animaa;
2676 3290 2761 3344 ubi
2788 3304 2918 3344 vero
2943 3290 3166 3344 dicitur:
3208 3308 3226 3341 ι
3250 3289 3404 3344 Iesus

1871 3383 2111 3433 turbatus
2126 3389 2206 3433 est
2222 3381 2434 3448 Spiritu,
2454 3400 2472 3434 ι
2497 3379 2826 3435 affectionem
2843 3381 3124 3437 humanam
3142 3378 3306 3432 fuisse
3323 3392 3407 3431 ve-

1872 3468 2099 3521 nientem
2122 3485 2149 3520 a
2165 3469 2397 3522 dominio
2420 3470 2655 3538 spiritus.
2671 3469 2741 3529 Ut
2760 3471 2899 3523 enim
2920 3479 3134 3524 sanctus
3154 3469 3280 3521 vivit
3299 3469 3404 3535 spi-

1873 3558 1975 3609 ritu
2000 3558 2307 3624 auspicante
2327 3559 2379 3611 in
2399 3561 2505 3612 vita
2528 3560 2787 3613 actionem
2804 3573 3034 3625 omnem,
3059 3567 3111 3612 et
3130 3569 3327 3620 votum,
3352 3567 3407 3610 et

1874 3644 2080 3698 laudem
2103 3645 2169 3698 ad
2197 3647 2392 3710 Deum;
2430 3647 2508 3700 sic
2540 3647 2794 3715 quidquid
2826 3646 3033 3713 fecerit,
3067 3648 3116 3701 id
3141 3648 3270 3700 facit
3297 3648 3405 3713 spi-

1877 3734 2013 3798 ritu;
2053 3744 2213 3802 atque
2239 3735 2420 3800 etiam,
2457 3737 2499 3789 si
2526 3737 2743 3804 patitur,
2777 3737 2965 3803 spiritu
2999 3737 3216 3803 patitur.
3253 3735 3402 3799 Quod

1873 3822 1917 3874 si
1949 3831 2161 3875 sanctus
2187 3823 2267 3876 sic
2295 3837 2351 3875 se
2376 3824 2534 3875 habet
2554 3861 2570 3883 ,
2605 3832 2807 3890 quanto
2836 3824 3001 3890 magis
3028 3822 3247 3877 dicenda
3280 3831 3404 3877 sunt

1874 3911 1986 3962 haec
2013 3912 2078 3964 de
2101 3909 2225 3963 Jesu
2252 3922 2561 3964 sanctorum
2588 3910 2845 3978 principe,
2872 3910 3023 3977 cujus
3057 3908 3272 3976 spiritus
3304 3909 3402 3960 ho-

1875 3998 2028 4052 minis
2050 4000 2138 4066 qui
2171 4000 2223 4051 in
2252 4014 2316 4052 eo
2350 4007 2454 4062 est,
2481 3999 2606 4052 dum
2634 3999 2804 4065 ipsum
2835 4006 2999 4052 totum
3025 3998 3291 4051 hominem
3319 4011 3408 4050 as-

1874 4097 2111 4145 sumeret
2133 4126 2149 4152 ,
2180 4089 2453 4142 concussit
2476 4096 2669 4140 caetera
2697 4087 2751 4139 in
2788 4087 2903 4154 ipso
2935 4085 3207 4139 humana?
3228 4085 3443 4165 Huni».

1873 4190 1975 4244 que
2000 4176 2050 4228 iu
2080 4176 2293 4229 modum
2323 4177 2567 4228 turbatus
2610 4183 2690 4259 est
2735 4174 2956 4241 Spiritu,
2991 4184 3050 4226 ut
3096 4182 3403 4236 testaretur,

1875 4276 1928 4319 et
1948 4267 2147 4321 diceret
2167 4282 2284 4320 cum
2306 4266 2485 4319 divino
2504 4265 2651 4333 quasi
2671 4266 2974 4332 juramento
2997 4266 3120 4319 illud
3147 4283 3161 4318 :
3191 4283 3209 4322 ι
3238 4266 3408 4321 Amen

229 4357 465 4413 διαϐόλου
504 4357 839 4427 βεϐλημένον
862 4359 941 4420 είς
963 4357 1058 4426 τὴν
1092 4357 1311 4426 καρδίαν
1351 4358 1514 4410 Ἰούδα
1543 4360 1774 4428 Σίμωνος

1876 4355 1995 4407 dico
2015 4355 2186 4419 vobis,
2203 4355 2342 4422 quod
2366 4369 2501 4409 unus
2516 4370 2581 4409 ex
2603 4355 2754 4409 vobis
2777 4368 2861 4408 me
2876 4355 3185 4422 proditurus
3201 4352 3340 4406 est"
3354 4368 3369 4415 ;
3385 4371 3403 4403 ι

240 4444 601 4514 Ἰσκαριώτου,
626 4446 716 4497 ἵνα
733 4444 822 4496 τὸν
848 4444 1166 4497 Διδάσκαλον
1191 4444 1430 4514 παραδῷ,
1455 4446 1775 4512 φωτισθείσα

1876 4457 1991 4495 cum
2022 4444 2184 4509 enim,
2219 4445 2428 4511 opinor,
2454 4445 2671 4513 spiritus
2695 4443 2913 4497 vidisset
2943 4442 2994 4495 id
3018 4442 3157 4510 quod
3178 4442 3286 4507 jam
3312 4440 3410 4495 itu-

228 4530 284 4582 τὸ
310 4533 563 4601 ἐσόμενον
606 4532 722 4601 (65)
752 4531 1019 4612 ἐταράχθη
1043 4548 1055 4560 ·
1092 4531 1184 4583 καὶ¹
1212 4533 1330 4583 ἐπεὶ
1357 4535 1388 4601 ἡ
1428 4534 1633 4603 ταραχὴ
1668 4535 1772 4586 άπὸ

1876 4532 2090 4585 missum
2124 4532 2295 4584 fuerat
2345 4548 2373 4589 a
2402 4532 2610 4586 diabolo
2639 4531 2691 4583 in
2715 4544 2805 4584 cor
2829 4529 2975 4585 Judte
3006 4527 3238 4581 Simonis
3267 4526 3408 4579 lscao

227 4620 319 4689 τῆς
345 4623 402 4674 ἐν
427 4621 704 4692 πνεύματι
724 4620 975 4688 γνώσεως
998 4619 1299 4688 γεγένηται,
1333 4620 1360 4671 ὂ
1382 4621 1472 4673 καὶ
1494 4624 1549 4673 ἐν
1567 4626 1774 4692 ταραχῇ

1876 4619 2055 4683 riotzc,
2083 4621 2335 4678 uimirum
2366 4630 2421 4674 ut
2443 4620 2834 4688 Praeceptorem
2865 4619 3140 4686 proderet,
3173 4616 3409 4669 futurum

226 4707 456 4774 ἐγένετο,
517 4690 750 4780 Ἰησοῦς,
798 4708 1027 4779 εἴρηται,
1074 4707 1342 4777 ἐταράχθη
1384 4709 1458 4778 τῷ
1492 4690 1772 4780 πνεύματι,

1876 4708 2169 4775 praevidens
2213 4711 2455 4763 turbatus
2506 4717 2628 4774 est;
2678 4718 2731 4762 et
2772 4707 3024 4774 quoniam
3079 4703 3410 4771 perturbatio

227 4799 372 4868 Τάχα
426 4801 484 4857 δὲ
527 4801 625 4853 καὶ
692 4797 834 4849 κατὰ
880 4798 1003 4866 μίαν
1049 4796 1266 4864 ἐκδοχὴν
1314 4797 1430 4872 τὴν,
1482 4816 1500 4847 ι
1551 4800 1613 4851 Ἠ
1648 4800 1775 4870 σὰρξ

1882 4797 1967 4850 illa
1993 4812 2060 4852 ex
2089 4799 2388 4867 cognitione
2430 4806 2513 4852 est
2561 4806 2678 4850 orta
2713 4810 2833 4862 qua:
2854 4804 2967 4848 erat
3008 4807 3101 4860 per
3140 4792 3409 4859 spiritum,

228 4889 467 4958 ἀσθενὴς,
520 4907 540 4940 ι
594 4889 691 4941 καὶ
719 4889 754 4956 ἡ
791 4887 922 4957 σὰρξ
960 4888 1317 4955 τετάρακται·
1362 4886 1526 4947 ταῦτα
1571 4889 1613 4940 δ’
1654 4887 1775 4960 ἦνό

1883 4888 1970 4956 qui
2000 4888 2159 4941 etiam
2188 4888 2409 4956 spiritus
2452 4884 2897 4957 perturbabatur,
2927 4882 3098 4937 dictus
3132 4886 3212 4932 est
3254 4877 3412 4951 Jesus

242 4976 457 5045 Ἰησοῦς,
488 4977 618 5046 περὶ
647 4970 710 5028 οὗ
742 4974 843 5026 ὑπδ
876 4973 967 5026 τοῦ
1010 4973 1241 5043 Γαϐριὴλ
1273 4974 1405 5041 πρὸς
1440 4972 1535 5042 τὴν
1567 4977 1775 5045 Μαρίαν

1886 4976 2315 5033 turbatus'fuisse
2350 4976 2557 5044 spiritu.
2596 4973 2849 5026 Fortasse
2904 4984 3027 5023 vero
3061 4969 3212 5036 juxta
3250 4981 3413 5023 unam

322 5107 367 5138 ⁰¹
397 5106 555 5161 Joan.
590 5124 690 5174 im,
724 5107 815 5160 27.
889 5107 932 5137 ⁸¹
974 5109 1123 5160 Deut.
1155 5121 1213 5170 ιι,
1254 5103 1339 5159 30.
1414 5106 1458 5136 ⁸⁸
1488 5104 1639 5161 Joan.
1670 5125 1788 5179 xm,
1822 5113 1909 5167 2l.

295 5218 404 5287 (63)
455 5219 736 5295 Τηρήςας
792 5216 859 5268 ἐν
905 5215 1090 5281 πάσῃ,
1132 5220 1236 5266 etc.
1301 5212 1432 5266 Vide
1479 5215 1535 5266 in
1585 5215 1774 5277 Manli,

1884 5226 2114 5295 futurum
2140 5232 2296 5295 erat;
2346 5239 2363 5270 ι
2400 5221 2624 5295 videtur.
2648 5215 2861 5295 legisse.
2900 5207 3321 5295 tpwvtdﬁfiiels
3347 5212 3425 5295 ¹τὶ)

236 5278 726 5361 |0|p:-:x|l.!’—!1"2Lv
785 5351 797 5361 .
918 5352 954 5361 ..
990 5349 1003 5361 .
1038 5278 1115 5361 ﬂ.
1210 5347 1227 5361 ε
1273 5348 1285 5361 .
1420 5348 1433 5361 .
1513 5349 1577 5361 ι...

1883 5293 2152 5361 ἐσόμενον.
2189 5278 2386 5361 Eodem
2425 5287 2560 5338 redit
2586 5278 2819 5337 FerFarii
2851 5278 3307 5361 interpretation:
3347 5278 3428 5361 lu-

302 5354 408 5425 (64)
441 5347 623 5408 codex
656 5349 1069 5425 γηρςῑιιεηΣιὼν.
1089 5347 1355 5425 βασιλεὺξ.
1385 5348 1638 5425 εῦσεδῶν.
1677 5391 1703 5425 ._

1887 5347 2062 5413 turum
2088 5356 2405 5425 praevidens,
2437 5373 2454 5404 ι
2488 5366 2642 5421 quem
2667 5361 2843 5406 tamen
2872 5350 2943 5405 ita
2972 5347 3170 5419 legisse
3200 5356 3312 5394 nou
3343 5356 3434 5404 as-

304 5415 412 5490 (65')
435 5415 811 5474 ¢¢ot100576a
850 5418 912 5469 τὸ
952 5418 1270 5490 ἐσόμενον.
1302 5415 1391 5468 Sic
1422 5416 1774 5490 habetrudex

1878 5415 2188 5487 scverar'im.
2228 5423 2482 5485 "UEIIUS.

239 5483 448 5567 lit-gius.
508 5490 799 5544 Periouius
836 5485 1013 5548 vertit,
1045 5501 1063 5533 ι
1105 5483 1395 5539 illustratus
1438 5485 1500 5539 ad
1549 5485 1604 5539 id
1635 5491 1779 5558 quod
