3820 6228
277 277 368 327 791
1694 258 1830 313 0le

3498 232 3614 286 792

274 388 670 455 intelligentiam
698 422 713 446 ,
774 394 960 448 nempe
995 380 1135 433 illam
1161 393 1277 447 quae
1300 378 1421 432 dicit
1451 418 1464 441 ,
1496 397 1513 429 ι
1553 379 1689 432 Caro
1722 386 1800 433 est

2034 390 2111 425 rat.
2131 373 2189 426 τό
2209 390 2222 403 ο
2260 391 2278 423 t
2301 372 2409 425 Καὶ
2432 371 2534 423 ἰδοὺ
2564 368 2823 441 συλλήψῃ
2855 367 2919 418 ἐν
2955 356 3230 430 γαστρὶ,
3268 351 3382 455 καὶ
3420 349 3609 455 καλέῖ

277 479 483 531 infirma
513 477 577 537 “,
625 492 642 523 ι
677 487 803 524 caro
823 472 982 524 etiam
1012 471 1314 537 perturbata
1340 477 1453 525 est:
1486 470 1597 523 ltzec
1629 480 1803 521 autem

279 582 404 618 raro
434 572 549 617 erat
572 562 725 615 Jesus
746 602 762 626 ,
781 560 931 627 juxta
967 560 1091 611 illud
1116 559 1254 626 quod
1283 572 1311 611 a
1343 558 1588 612 Gabriele
1630 557 1808 611 Mariae

279 655 473 711 dictum
499 658 579 703 est
602 665 626 701 τ·
656 665 676 698 ι
708 646 846 701 Ecce
885 647 1155 713 concipies
1186 648 1239 698 itt
1269 657 1420 700 utero
1445 685 1461 710 ,
1512 655 1560 699 et
1593 645 1808 698 vocabis

278 753 464 793 nomen
486 738 598 805 ejus
624 737 827 791 Jesum.
868 735 963 788 llic
985 737 1093 789 erit
1119 740 1363 804 magnus,
1397 746 1451 789 et
1480 735 1619 789 illius
1648 734 1809 787 Altis-

277 827 394 880 simi
419 827 695 879 vocabitur
716 825 784 877 ³⁸.
818 842 837 873 ι
861 825 1121 878 Caeterum
1155 824 1363 877 notabis
1386 823 1438 876 in
1466 824 1550 876 Itis
1578 836 1697 892 quae
1724 822 1808 873 in-

277 914 613 982 tlagavimtts,
658 913 924 980 quomodo
962 928 1059 965 vox
1103 922 1317 965 testatus
1354 922 1426 965 est
1458 910 1721 964 referatur
1743 910 1809 962 ad

277 1019 336 1054 ea
394 1004 574 1064 verba,
628 1019 647 1053 ι
696 1003 843 1056 Unus
876 1016 940 1055 ex
974 1002 1127 1055 vobis
1170 1017 1254 1055 me
1282 1002 1587 1069 proditurus
1634 1008 1737 1055 est.
1786 1019 1804 1051 ι

277 1092 388 1146 lloc
422 1093 615 1146 etenim
644 1092 841 1145 dictum
884 1091 1191 1160 discipulis,
1232 1099 1285 1145 et
1327 1090 1699 1159 prophetatum
1745 1090 1810 1143 de

275 1182 428 1244 Jttda,
457 1180 547 1249 qtti
575 1179 736 1251 434
767 1196 901 1234 unus
930 1190 1044 1233 erat
1074 1195 1140 1235 ex
1163 1180 1269 1245 eis,
1312 1180 1670 1233 testimonium
1697 1186 1813 1231 erat

275 1271 546 1339 mquivoce
563 1308 578 1333 ,
603 1270 792 1337 opinor
809 1309 823 1333 ,
850 1284 968 1323 cum
1005 1268 1091 1321 illa
1116 1268 1510 1338 signiﬁcatione
1532 1281 1649 1335 quae
1675 1282 1702 1319 a
1730 1275 1812 1317 te-

278 1358 469 1412 stando
514 1366 567 1411 et
613 1358 885 1411 moriendo
914 1372 1011 1426 pro
1051 1356 1144 1409 Dei
1183 1356 1328 1410 cultu
1370 1355 1669 1412 deducitur.
1706 1353 1815 1407 Nec

277 1448 417 1503 enim
447 1448 689 1502 eamdem
716 1447 1157 1517 significationem
1188 1447 1349 1499 fuisse
1372 1460 1493 1499 reor
1517 1461 1611 1514 per
1632 1459 1814 1498 vocem

280 1545 496 1590 testatus
521 1546 595 1590 est
618 1578 633 1602 ,
656 1539 869 1605 quando
897 1537 1200 1591 declaratur
1226 1538 1443 1590 verbum
1472 1537 1621 1600 illttd,
1652 1550 1681 1588 a
1710 1549 1817 1603 quo

280 1629 308 1679 ὁ
337 1627 541 1696 μάρτυς
574 1626 706 1697 {hoc
733 1636 818 1681 est
846 1626 1027 1697 testis]
1059 1627 1148 1681 Dei
1186 1635 1240 1681 et
1269 1626 1467 1681 Christi
1505 1626 1584 1679 sui
1616 1625 1815 1692 [igura-

283 1728 370 1770 tus
396 1727 513 1781 est,
559 1726 614 1770 et
654 1732 795 1772 nunc
816 1718 1028 1785 quando
1081 1717 1312 1770 refertur
1364 1716 1430 1769 ad
1472 1715 1584 1769 hmc
1633 1713 1814 1777 verba,

288 1822 308 1855 ι
345 1805 485 1859 Unus
523 1820 588 1859 ex
633 1806 787 1860 vobis
825 1820 909 1859 me
952 1805 1263 1873 proditurus
1300 1813 1404 1857 est.
1443 1822 1463 1855 ι
1502 1802 1688 1855 Adhuc
1723 1814 1820 1868 pro

284 1893 485 1947 viribus
528 1895 777 1956 observo,
834 1912 854 1944 ι
898 1892 1045 1947 Unus
1091 1906 1157 1945 ex
1203 1892 1355 1946 vobis
1395 1906 1480 1945 me
1515 1891 1821 1959 proditurus

287 1991 401 2046 est,
446 2000 467 2034 ι
502 1982 642 2050 quod
667 1981 896 2036 refertur
933 1985 997 2035 ad
1021 1980 1232 2043 ludam,
1260 1996 1327 2033 ne
1354 1980 1490 2033 forte
1518 1980 1619 2034 hoc
1643 1988 1824 2033 osten-

288 2071 377 2122 dat
403 2084 523 2123 eum
554 2069 618 2122 ab
644 2070 834 2125 ordine
871 2068 1166 2138 apostolico
1190 2068 1473 2129 decidisse,
1508 2067 1562 2120 in
1592 2080 1695 2135 quo
1721 2066 1821 2119 fuit

288 2168 341 2213 et
366 2158 478 2225 ipse
499 2159 850 2222 sublimatus,
899 2160 1041 2226 quod
1088 2156 1375 2225 aliquando
1420 2170 1569 2224 mque
1604 2155 1826 2209 allectus

290 2250 447 2303 fuerit
474 2258 635 2318 atque
663 2250 751 2303 alii
784 2250 1034 2318 apostoli.
1076 2249 1167 2303 Sic
1201 2249 1344 2302 enim
1385 2262 1481 2316 ego
1510 2247 1746 2315 intelligo
1775 2255 1828 2298 et

291 2339 452 2393 illud:
480 2359 499 2391 ι
529 2340 603 2394 En
625 2341 792 2394 Adam
814 2339 984 2394 factus
1010 2348 1093 2394 est
1112 2338 1260 2409 quasi
1287 2354 1422 2392 unus
1445 2352 1508 2392 ex
1530 2337 1684 2393 nobis
1706 2337 1780 2402 3‘;
1803 2355 1823 2386 ι

290 2431 558 2497 quoniam
593 2445 658 2483 ne
706 2429 813 2483 illic
862 2429 1076 2495 quidem
1120 2429 1317 2481 dictum
1360 2427 1520 2481 fuerit
1542 2428 1689 2496 quasi
1716 2442 1826 2485 nos,

292 2516 375 2569 vel
400 2516 548 2583 quasi
574 2531 665 2584 ego
683 2532 702 2579 ;
737 2516 828 2568 sed
860 2520 1076 2581 propter
1106 2526 1271 2564 unum
1300 2511 1389 2579 qui
1431 2510 1625 2563 cecidit
1652 2527 1678 2561 a
1701 2511 1828 2562 bea-

295 2604 539 2668 titudine,
575 2603 726 2671 quasi
762 2618 894 2653 unus
919 2616 982 2653 ex
1028 2601 1174 2652 nobis
1196 2640 1210 2664 ,
1239 2599 1489 2666 quoniam
1529 2611 1663 2649 unus
1691 2597 1832 2649 ceci-

297 2694 408 2756 dit;
446 2692 584 2759 quod
629 2691 790 2745 etiam
838 2690 1123 2744 concinere
1155 2687 1283 2741 mihi
1331 2686 1540 2739 videtur
1579 2699 1701 2739 cum
1731 2684 1833 2737 hoc

299 2794 457 2834 versu
483 2796 496 2831 :
543 2796 563 2830 ι
603 2777 707 2832 Vos
730 2786 904 2831 autem
934 2777 1089 2845 quasi
1120 2775 1364 2829 homines
1417 2772 1751 2837 moriemini,
1781 2783 1835 2825 et

299 2869 450 2937 quasi
481 2882 620 2922 unus
645 2869 711 2921 de
732 2867 1063 2936 principibus
1099 2863 1305 2920 cadetis
1330 2863 1396 2918 ⁸⁷.
1433 2881 1453 2913 ι
1481 2861 1664 2916 Plures
1692 2862 1833 2915 enim

1908 439 2020 527 σεις
2043 464 2102 516 τὸ
2127 464 2293 532 ὄνομα
2318 460 2479 514 αὑτοῦ
2522 459 2750 529 Ἰησοῦν.
2779 439 2967 517 Οὗτος
3001 451 3195 504 ἔσται
3232 443 3470 514 μέγας,
3502 439 3612 532 καὶ

1906 554 2019 614 υίὸς
2062 528 2310 620 Ὑψίστου
2343 528 2689 620 κληθήσεται.
2731 567 2750 597 ι
2792 540 3136 615 Σημειώσῃ
3179 535 3252 588 δὲ
3289 532 3439 584 τίνα.
3480 528 3613 600 τρό-

1908 659 2006 696 πον
2055 644 2111 695 ὲν
2152 645 2261 704 τοῖς
2297 638 2703 707 ἐξεταζομένοις
2746 636 2835 699 τὸ,
2880 629 3418 702 ἐμαρτύρησεν,
3465 622 3615 673 ἀνα-

1907 734 2123 803 φέρεται
2152 733 2244 784 ἐπὶ
2270 730 2379 800 (66)
2408 729 2468 781 τό
2490 746 2503 759 ·
2543 746 2561 777 ι
2598 722 2697 790 Εἷς
2730 726 2793 791 ἐξ
2821 724 2990 795 ὑμῶν
3018 713 3413 790 παραδώσει
3458 726 3607 803 με.)

1908 802 2018 878 καὶ
2071 823 2224 876 τοῦτο
2259 822 2357 892 μὲν
2403 818 2691 887 λεγόμενον
2734 816 2835 868 καὶ
2869 806 3455 883 προφητευόμενον
3490 802 3618 860 τοῖς

1913 914 2173 984 μαθηταῖς
2215 912 2341 982 περὶ
2374 908 2465 961 τοῦ
2502 906 2671 959 Ἰούδα
2698 904 2798 957 τοῦ
2827 903 2955 965 ἑνὸς
2984 899 3065 963 ἐξ
3102 893 3332 949 αὐτῶν
3382 905 3620 960 μαρτυ-

1913 1005 2001 1075 ρία
2045 1001 2113 1073 ἦν
2162 1004 2463 1074 ὁμώνυμος,
2498 996 2675 1071 οἶμαι,
2709 997 2791 1067 τῷ
2851 992 3022 1064 παρὰ
3084 988 3166 1041 τὸ
3241 984 3620 1075 μαρτυρεῖνῖ

1911 1071 2002 1147 καὶ
2042 1071 2400 1163 ἀποθνήσκειν
2438 1091 2579 1161 ὑπὲρ
2612 1084 2939 1147 θεοσεϐείας
2989 1074 3512 1163 σημαινομένῳο
3551 1071 3622 1122 οὐ

1912 1184 2018 1255 γάρ
2043 1183 2210 1236 ταῦτα
2228 1162 2431 1252 νομίζω
2457 1175 2827 1251 σημαίνεσθαι
2857 1175 2921 1226 ὲν
2937 1170 3058 1240 τῷ,
3090 1162 3622 1255 ἐμαρτύρησεν,

1913 1253 1998 1328 ὅτε
2043 1273 2291 1343 δηλοῦται
2318 1272 2376 1325 τὸ
2419 1272 2569 1342 ῥῆμα
2618 1268 2747 1337 παρ’
2780 1264 2810 1318 δ
2852 1265 3101 1335 μάρτυς
3143 1253 3626 1327 ἐσχημάτισται

1913 1363 2005 1416 τοῦ
2038 1362 2171 1415 Θεοῦ
2192 1404 2206 1427 ,
2240 1359 2452 1414 καὶτοῦ
2487 1356 2729 1429 Χριστοῦ
2764 1351 2967 1415 αὐτοῦ,
3010 1349 3133 1401 καὶ
3169 1345 3292 1401 νῦν
3328 1344 3436 1397 ὅτε
3475 1344 3629 1396 ἀνα-

1916 1453 2131 1523 φέρεται
2169 1451 2259 1502 ἐπὶ
2291 1449 2399 1521 (67)
2432 1448 2523 1501 τό·
2567 1466 2585 1497 ι
2620 1440 2717 1508 Εἷς
2741 1444 2802 1507 ἐξ
2833 1442 3002 1511 ὑμῶν
3040 1434 3436 1507 παραδώσει

1921 1518 2037 1593 ’Ἔτι
2061 1540 2199 1593 κατὰ
2240 1518 2465 1608 δύναμιν
2497 1535 2608 1604 ἐγὼ
2653 1535 2928 1603 ἐφίστημι
2964 1531 3083 1584 καὶ
3124 1524 3264 1597 eff)“
3336 1542 3360 1577 ε
3410 1518 3525 1585 Εἷς
3565 1521 3632 1586 ἐξ

1917 1631 2087 1701 ὑμῶν,
2129 1649 2147 1679 ι
2200 1629 2588 1699 ἀναφερομένῳ
2631 1625 2727 1677 ἐπὶ
2766 1624 2863 1676 τὸν
2904 1621 3177 1683 Ἰούδαν,
3223 1618 3481 1687 μήποτε
3519 1614 3631 1682 ὲμσο

1919 1722 2094 1791 φαίνει
2144 1720 2204 1772 τὸ
2242 1720 2349 1773 ἀπὸ
2389 1719 2595 1784 τάξεως
2637 1714 3061 1782 ἀποπολικῆς,
3094 1714 3168 1763 ὲν
3294 1708 3409 1762 καὶ
3446 1707 3632 1769 αὐτὸς

1921 1810 2124 1878 ὕψωται
2160 1809 2265 1878 (68)
2299 1806 2376 1877 τῷ
2397 1806 2637 1860 διάθεσίν
2672 1800 2808 1858 ποτε
2839 1799 3309 1872 παραπλησίαν
3341 1800 3475 1860 τοῖς
3509 1797 3631 1848 λοι-

1920 1901 2038 1961 ποῖς
2069 1896 2378 1958 ἀποστόλοις
2405 1894 2547 1965 ἔχειν
2579 1893 2766 1958 αὐτὸν,
2801 1888 3352 1945 ἀποπεπτωκέναι
3378 1899 3397 1913 ·
3434 1884 3634 1948 οὕτως

1920 1986 2026 2057 γὰρ
2068 1984 2175 2053 ἐγὼ
2198 1987 2405 2056 ἥκουσα
2437 1985 2531 2037 καλ⁸
2558 1983 2687 2035 τοῦθ
2733 2001 2752 2033 ι
2776 1982 2917 2035 Ἰδοὺ
2972 1980 3192 2049 Ἀδὰμ
3231 1978 3504 2045 γέγονεν
3549 1976 3634 2038 ὡς

1923 2076 2002 2140 εἷς
2031 2078 2089 2140 ἐξ
2114 2076 2295 2147 ἡμῶνο
2337 2094 2356 2127 ι
2386 2074 2505 2126 ἐπεὶ
2538 2073 2672 2141 μηδὲ
2699 2073 2821 2124 ἐκεῖ
2852 2069 3135 2139 εἴρηται,
3176 2068 3278 2131 ὠς
3310 2063 3537 2135 ἡμεῖς,
3568 2062 3632 2133 ἢ,

1924 2169 2002 2232 ὡς
2026 2167 2159 2235 ἐγὼ,
2199 2166 2331 2220 ἀλλὰ
2362 2164 2449 2218 διὰ
2482 2163 2574 2217 τὸν
2614 2162 2713 2214 ἕνα
2757 2160 3109 2213 ἐκπεσόντα
3168 2159 3292 2229 τῆς
3337 2155 3636 2227 μακαριό-

1924 2272 2100 2324 τητος,
2141 2255 2227 2307 τόο
2268 2256 2363 2318 Ὠς
2393 2250 2473 2317 εἷς
2516 2252 2586 2314 ἐξ
2616 2250 2824 2317 ἡμῶν,
2862 2249 2946 2311 ὡς
2984 2243 3086 2310 εἷς
3133 2247 3456 2299 πέπτωκε
3479 2262 3496 2276 ο
3535 2244 3639 2298 καὶ

1929 2344 2168 2414 συνᾴδειν
2198 2361 2283 2413 μοι
2315 2343 2461 2395 δοκεῖ
2480 2343 2572 2395 καὶ
2599 2339 2740 2410 μετὰ
2774 2338 2873 2392 τοῦ
2894 2355 2910 2369 ’
2944 2357 2963 2389 α
3019 2339 3263 2407 ’Υμεῖς
3308 2336 3440 2406 (69)
3470 2336 3535 2389 δὲ
3554 2333 3639 2397 ὡς

1928 2431 2196 2502 ἄνθρωποι
2222 2429 2610 2500 άποθνήσκετε,
2637 2429 2733 2480 καὶ
2760 2428 2841 2490 ὡς
2866 2420 2958 2489 εἷς
2992 2426 3129 2479 τῶν
3172 2424 3511 2496 ἀρχόντων
3542 2421 3639 2474 πί-

1930 2535 2122 2572 πτετεο
2163 2537 2181 2570 ι
2214 2517 2471 2570 πλειόνων
2520 2514 2631 2586 γὰρ
2684 2514 2985 2585 ἀρχόντων
3016 2512 3426 2583 γενομένων,
3462 2512 3498 2562 ό
3551 2505 3639 2572 εἷς

1932 2607 2236 2670 πέπτωκεν,
2282 2600 2327 2673 ᾧ
2370 2603 2766 2675 παραπλησίως
2818 2602 3210 2673 μιμούμενοι
3242 2602 3363 2673 τὴν
3400 2599 3636 2653 ἐκείνου

1933 2697 2137 2751 πτῶσιν
2173 2697 2456 2748 πίπτουσιν
2492 2695 2541 2747 oi
2568 2690 3008 2763 ἁμαρτάνοντες
3032 2708 3049 2722 ο
3097 2691 3199 2755 ὡς
3234 2691 3369 2762 γὰρ
3404 2690 3637 2752 ἐκεῖνος

1932 2790 1988 2840 ὲν
2032 2786 2245 2857 θεότητι
2287 2785 2565 2855 τυγχάνων
2593 2784 2919 2846 πέπτωκεν,
2977 2781 3157 2835 οὕτω
3196 2784 3317 2836 καὶ
3346 2780 3509 2851 πρὸς
3535 2778 3639 2841 οὓς

1934 2877 1962 2927 ό
1997 2876 2164 2942 Λόγος
2194 2874 2326 2942 φησὶ
2356 2873 2418 2925 τό
2444 2889 2457 2901 ·
2500 2888 2520 2922 r
2564 2868 2708 2937 Ἐγὼ
2742 2865 2882 2921 εἶπα
2903 2884 2920 2898 ·
2960 2868 3112 2921 Θεοί
3156 2870 3340 2935 ἐστε,
3381 2868 3491 2921 καὶ
3525 2866 3638 2918 υἱοὶ

300 2973 420 3012 cum
440 2966 618 3012 essent
647 2959 938 3026 principes,
964 2970 1101 3009 unus
1133 2954 1239 3007 ruit
1258 2993 1272 3019 ,
1310 2951 1459 3018 cujus
1486 2952 1692 3006 ruinam
1723 2950 1830 3005 fere

2034 2966 2196 3029 μίστου
2215 2965 2410 3024 πάντες
2430 2978 2443 2989 ·
2467 2975 2487 3011 ι
2518 2959 2904 3020 ἁποπεσόντες
2927 2958 2995 3010 δὲ
3023 2958 3147 3028 τῆς
3171 2958 3640 3028 μακαριότητος

302 3047 570 3103 imitantes
597 3057 926 3116 peccatores,
960 3047 1100 3101 illius
1128 3045 1278 3100 ruina
1325 3051 1507 3097 ruunt.
1577 3041 1648 3097 Ut
1689 3042 1833 3096 enim

303 3140 389 3194 ille
408 3140 461 3195 in
484 3140 757 3193 divinitate
777 3137 1041 3192 exsistens
1062 3137 1189 3202 ruit,
1214 3135 1291 3190 sic
1313 3132 1424 3187 etii
1446 3133 1638 3200 quibus
1661 3146 1838 3187 sermo

305 3231 392 3285 ille
415 3230 627 3299 inquit:
664 3248 683 3280 ι
718 3230 824 3297 Ego
857 3228 1007 3281 dixi:
1071 3225 1153 3279 Dii
1201 3225 1368 3289 estis,
1410 3232 1466 3279 et
1510 3222 1605 3276 ﬁlii
1632 3222 1837 3277 Excelsi

306 3335 491 3375 omnes
512 3320 577 3374 ⁸⁸.
615 3339 633 3371 ι
690 3321 822 3373 Cum
876 3328 1053 3371 autem
1087 3315 1377 3370 ceciderint
1415 3329 1443 3366 a
1493 3313 1837 3377 beatitudine,

310 3425 428 3462 eum
461 3408 826 3477 principaliter
863 3422 967 3459 non
1000 3414 1179 3459 essent
1229 3405 1472 3458 homines
1494 3442 1509 3465 ,
1541 3402 1841 3456 moriuntur

309 3497 461 3562 quasi
490 3495 749 3557 homines,
774 3502 828 3547 et
849 3493 1003 3562 quasi
1025 3507 1160 3546 unus
1185 3506 1249 3545 ex
1271 3491 1597 3559 principibus
1620 3490 1836 3544 cadunt.

311 3579 569 3633 Existimo
594 3595 721 3634 vero
748 3581 906 3633 etiam
935 3593 1053 3632 cum
1083 3579 1436 3653 admiratione
1484 3577 1625 3632 dicta
1675 3576 1842 3630 fuisse

314 3671 429 3722 haec
461 3670 622 3722 verba
650 3669 740 3722 tali
771 3681 929 3722 sensu
959 3682 973 3718 :
1012 3666 1114 3733 Qui
1153 3682 1237 3719 me
1270 3667 1576 3734 proditurus
1600 3673 1704 3729 est,
1735 3678 1840 3718 non

313 3765 394 3810 est
419 3755 622 3809 alienus
646 3770 675 3809 a
702 3755 977 3824 discipulis
1004 3756 1155 3817 meis,
1188 3769 1251 3808 ac
1279 3769 1347 3808 ne
1371 3767 1508 3807 unus
1534 3753 1745 3821 quidem
1775 3766 1840 3805 ex

312 3843 493 3898 multis
516 3853 570 3899 et
608 3843 909 3912 vulgaribus
939 3843 1231 3912 discipulis,
1263 3843 1356 3897 sed
1383 3856 1520 3896 unus
1540 3856 1605 3895 cx
1632 3840 1841 3894 illorum

315 3934 672 4001 apostolorum
710 3948 930 3988 numero
956 3946 1089 4003 quos
1134 3947 1230 4001 ego
1264 3934 1388 3987 mihi
1415 3931 1725 3986 honorando
1753 3931 1845 3981 de-

316 4024 568 4094 legerant.
603 4025 774 4090 Atque
794 4023 942 4077 multi
972 4024 1183 4091 quidem
1212 4024 1300 4091 qui
1323 4022 1504 4077 Iesum
1525 4020 1845 4075 condemna-

318 4122 478 4175 runt,
503 4114 687 4168 dicunt
717 4129 731 4163 :
767 4130 787 4163 ι
820 4112 1085 4181 Crucifige
1105 4151 1122 4176 ,
1152 4112 1405 4181 cruciﬁge
1442 4126 1564 4166 eum
1595 4110 1677 4176 ⁸⁸,
1715 4129 1734 4160 ι
1768 4119 1844 4173 et,

321 4219 340 4249 ‹
376 4199 524 4254 Tolle
552 4201 697 4254 hunc
720 4214 750 4253 e
780 4211 921 4254 terra
950 4200 1030 4262 ὀς
1066 4215 1088 4261 ι
1123 4210 1178 4251 at
1204 4214 1324 4253 eum
1366 4199 1575 4252 tradere
1625 4210 1758 4264 opus
1784 4196 1848 4248 il-

1939 3054 1999 3105 οὐ
2042 3051 2460 3123 προηγουμένως
2505 3048 2660 3110 ὀντες
2714 3047 3024 3118 ἄνθρωποι
3052 3086 3070 3112 ,
3140 3047 3636 3118 ἀποθνήσκουσι,

1941 3147 2035 3200 καὶ
2072 3145 2147 3207 ὡς
2174 3138 2253 3205 εἷς
2280 3142 2387 3194 τῶν
2429 3135 2707 3211 ἀρχόντων
2752 3139 3072 3191 πίπτουσι.
3131 3137 3413 3209 Νομίζω
3443 3138 3507 3190 δὲ
3538 3137 3641 3189 καὶ

1943 3231 2323 3304 θαυμαστικῶς
2350 3228 2599 3300 εἰρῆσθαι
2629 3227 2866 3298 τοιούτῳ
2901 3228 2993 3297 νῷ
3025 3227 3100 3282 τὸ
3131 3229 3491 3299 λεγόμενον
3513 3245 3528 3258 ·
3578 3226 3644 3280 '0

1943 3322 2274 3395 παραδώσων
2322 3336 2389 3389 με
2439 3319 2538 3371 οὑκ
2589 3317 2885 3387 ἀλλότριος
2933 3319 3065 3371 τῶν
3122 3319 3314 3389 ἐμῶν
3353 3317 3642 3389 μαθητῶν

1944 3412 2106 3472 ἐστιν,
2158 3407 2271 3460 ἀλλ’
2308 3405 2426 3458 οὐδὲ
2455 3401 2535 3469 εἷς
2566 3403 2676 3458 τῶν
2701 3404 2931 3457 πολλῶν
2976 3404 3319 3475 μαθητῶν,
3370 3404 3533 3458 ἀλλὰ
3558 3399 3641 3468 εἷς

1944 3495 2050 3548 τῶν
2081 3495 2141 3547 ὲν
2171 3493 2364 3562 ἐκλογῇ
2404 3509 2493 3562 μοι
2532 3492 2931 3561 τετιμημένων
2976 3494 3390 3548 ἀποστόλων.
3432 3493 3645 3546 Πολλοὶ

1950 3585 2043 3654 μὲν
2076 3578 2168 3636 οὖν
2197 3580 2692 3650 καταψηφιζόμενοι
2734 3580 2833 3634 τοῦ
2882 3582 3088 3651 Ἰησοῦ
3126 3601 3334 3652 φασιο
3383 3603 3408 3635 c
3453 3582 3642 3637 Σταύ-

1950 3690 2063 3744 ρου,
2091 3673 2318 3739 σταύρου
2352 3670 2533 3735 αὐτὸν,
2571 3688 2591 3721 ι
2639 3666 2769 3723 καίλ
2813 3689 2833 3721 r
2885 3668 3040 3741 Αἶρε
3074 3673 3213 3726 ἀπὸ
3250 3676 3369 3746 τῆς
3401 3677 3521 3744 γῆς
3546 3675 3646 3727 τδν

1947 3760 2179 3813 τοιοῦτον
2194 3774 2207 3787 °
2232 3778 2251 3809 ι
2269 3759 2330 3811 τὸ
2349 3759 2405 3810 δὲ
2422 3756 2760 3827 παραδοῦναι
2782 3758 2961 3810 αὐτὸν
2982 3760 3179 3829 ἔργον
3206 3758 3294 3832 ἦν
3316 3762 3430 3815 τοῦ
3456 3764 3650 3834 ἑωρα-

1948 3852 2100 3912 κότος
2145 3847 2240 3900 καὶ
2278 3845 2592 3915 νενοηκότος
2634 3845 2799 3897 αὐτόν
2821 3861 2833 3872 ·
2886 3846 3277 3904 διδάσκαλον
3312 3851 3442 3923 γὰρ
3469 3852 3649 3905 αὑτὸν

1949 3938 2302 4008 ἐπιστάμενος
2328 3935 2436 3988 τῶν
2471 3934 2812 4004 τηλικούτων
2842 3936 2950 3989 καὶ
2985 3940 3324 3995 τοσούτων
3365 3943 3495 4014 (70)
3533 3959 3650 4013 μα·

1950 4028 2224 4099 θημάτων,
2255 4026 2290 4078 ἃ
2320 4026 2439 4078 κατ’
2468 4023 2604 4076 ίδίαν
2641 4023 2784 4093 μετὰ
2817 4024 2938 4078 τῶν
2969 4029 3358 4085 ἀποστόλων
3399 4034 3650 4102 ἢκουσε,

1950 4120 2041 4169 καὶ
2067 4116 2266 4186 Κύριον
2288 4114 2448 4166 αὐτὸν
2474 4111 2653 4175 εἰδὼς,
2681 4114 2976 4183 παραδοὺς
3012 4117 3151 4185 (71)
3179 4122 3412 4183 αὐτὸν,
3439 4123 3474 4174 ὅ
3497 4123 3655 4190 ἔγνω

1954 4204 2174 4275 μέγεθος
2213 4201 2373 4255 αὑτοῦ
2403 4201 2743 4271 παρέδωκεν,
2772 4203 2881 4255 οὐκ
2917 4204 2994 4257 ἂν
3028 4209 3438 4278 ποιήσαντος
3476 4212 3657 4264 τοῦτό

319 4291 422 4344 lius
470 4290 569 4344 fuit
607 4290 697 4357 qui
747 4288 879 4343 vidit
927 4297 980 4341 et
1002 4289 1251 4355 cognovit
1283 4303 1402 4341 eum
1439 4286 1661 4340 :talium
1704 4286 1830 4338 enitr

2034 4313 2086 4358 ος
2125 4294 2186 4346 τὸ
2227 4293 2453 4361 μέγεθος
2496 4292 2662 4345 αὐτοῦ
2705 4293 2783 4363 μὴ
2834 4295 3361 4367 τεθεωρηκάτος·
3405 4303 3514 4357 τὸν
3547 4305 3657 4373 μὲν

320 4388 695 4443 tantarumque
718 4374 1139 4443 disciplinarum,
1165 4391 1299 4445 quas
1328 4375 1552 4429 seorsint
1579 4387 1700 4429 cum
1725 4388 1852 4441 apo-

318 4467 470 4520 stolis
492 4465 754 4528 audierat,
803 4478 922 4518 cnm
973 4466 1138 4519 sciret
1177 4480 1297 4518 eum
1343 4471 1719 4533 praeceptorem
1742 4500 1759 4527 ,
1789 4476 1852 4517 ac

320 4557 600 4609 Dominum
633 4567 753 4608 cum
781 4555 1104 4624 agnovisset,
1144 4557 1375 4624 prodens
1406 4566 1550 4617 eum,
1590 4553 1851 4622 magnitu-

323 4645 500 4697 dinem
535 4642 697 4706 illius,
727 4658 882 4711 quam
914 4654 1083 4705 norat,
1113 4644 1365 4713 prodidit,
1394 4656 1517 4696 cum
1548 4641 1724 4695 nullus
1754 4642 1842 4709 qui

320 4732 736 4800 magnitudinem
749 4730 894 4785 illius
914 4747 1015 4785 non
1029 4732 1270 4796 vidisset,
1291 4742 1507 4785 acturus
1527 4730 1716 4784 fuisset
1730 4730 1847 4784 hoc.

321 4820 456 4874 Nam
478 4819 706 4889 prodens
729 4820 978 4888 proderet
998 4821 1084 4875 ille
1111 4821 1324 4888 quidem
1351 4833 1634 4887 magnum;
1670 4825 1725 4870 at
1746 4832 1848 4871 non

324 4907 375 4961 in
398 4915 653 4976 quantum
693 4916 774 4960 est
809 4922 1060 4977 magnus,
1087 4924 1206 4961 cum
1240 4907 1419 4962 Iesum
1462 4920 1566 4960 non
1589 4913 1771 4959 nosset
1795 4904 1848 4958 in

387 5064 434 5145 ’ξ
468 5062 655 5117 Matth.
683 5077 831 5145 χχχι,
862 5063 955 5145 4t.
993 5062 1184 5145 Διξτιινιι.
1212 5063 1445 5145 χινλαῦε.
1520 5063 1569 5095 ⁸⁸
1593 5060 1722 5115 Luc.
1742 5075 1784 5125 ι,
1812 5061 1830 5115 Ξ

2091 5067 2138 5100 ³⁸
2159 5066 2293 5122 Gen.
2325 5083 2409 5132 ιιι,
2438 5067 2531 5123 22.
2614 5073 2662 5105 ⁸⁷
2681 5073 2891 5131 Psalm.
2914 5093 3118 5145 Lxxxl,
3150 5079 3218 5137 7.

325 5128 370 5161 "
404 5129 531 5185 Luc.
559 5146 715 5197 xstn,
744 5131 833 5183 2i.
908 5132 955 5161 ’°
981 5132 1099 5185 Act.
1135 5147 1268 5199 xm,
1296 5130 1385 5186 22.

400 5263 510 5337 (βξ)
545 5264 885 5337 3721!.th
905 5266 967 5337 ⁸ιιι
997 5265 1184 5337 codice
1212 5267 1407 5337 negto.

394 5329 506 5404 (φ)
544 5333 687 5404 Ἐπί.
717 5331 877 5404 Deest
904 5334 957 5385 in
984 5335 1170 5404 codice
1206 5329 1394 5404 Regio.

533 5400 713 5474 99d“
747 5399 942 5474 3.98513
983 5401 1173 5474 ὶῖδιτοι,
1216 5394 1361 5474 ἐξῇ
1406 5403 1563 5474 αὐτος
1596 5398 1730 5468 ὕψω,
1764 5394 1860 5474 τῷ.

394 5458 507 5580 $69)
533 5464 671 5518 idem
699 5458 865 5550 code?
893 5466 1107 5533 Regius,
1137 5458 1209 5532 ὡς
1234 5458 1604 5539 εἷς,”συνᾴ,δέιν
1642 5458 1740 5538 ’μοι
1780 5458 1858 5515 εδ.

394 5570 395 5575 η
444 5532 533 5580 καὶ
551 5532 685 5580 μετὰ
712 5531 803 5580 τό’
865 5533 1047 5580 Υιιείς-

332 5531 419 5582 κεῖ
444 5532 533 5584 καὶ
550 5532 685 5599 μετά
712 5531 772 5581 τό
788 5547 803 5560 ⁸
847 5531 1047 5599 Ὑμεῖς.

1947 4384 2056 4453 γὰρ
2086 4382 2255 4452 μέγαν
2287 4380 2693 4451 παραδέδωκεν,
2729 4382 2793 4434 οὐ
2829 4383 2980 4437 καθὸ
3022 4387 3239 4456 μέγας
3278 4393 3485 4458 ἐστὶν,
3520 4395 3659 4447 ἐπεὶ

1949 4473 2021 4544 μὴ
2051 4471 2154 4525 εἶδε
2189 4471 2322 4525 καθὸ
2356 4470 2527 4541 μέγας
2555 4473 2735 4525 ἐστίν·
2774 4475 2806 4525 ό
2837 4473 2898 4526 δὲ
2931 4478 3040 4528 καὶ
3079 4478 3321 4547 μαθὼν
3364 4485 3503 4549 πῶς
3550 4485 3657 4554 μέ-

1944 4579 2047 4629 γας
2071 4557 2157 4630 ἦν,
2202 4562 2297 4613 και
2344 4561 2619 4632 ἀκροατὴς
2646 4564 2955 4632 γενόμενος
2986 4566 3095 4620 τοῦ
3154 4573 3492 4640 μεγέθους
3548 4575 3659 4644 τῆς

1945 4653 2001 4704 έν
2033 4651 2175 4720 αὐτῷ
2202 4650 2409 4717 σοφίας,
2437 4651 2531 4703 καὶ
2564 4650 2748 4719 λόγου,
2780 4654 2879 4706 καὶ
2910 4654 3195 4727 χάριτος,
3233 4665 3356 4717 καὶ
3391 4667 3659 4737 προδοὺς

1954 4740 2110 4793 αὑτὸν
2149 4738 2450 4808 προέδωκεν
2493 4740 2554 4791 οὐ
2590 4740 2715 4793 καθ’
2765 4742 2894 4796 ὅλον
2932 4744 2966 4795 ὃ
2998 4741 3124 4799 εἶδε
3166 4749 3313 4820 (72)
3365 4754 3657 4823 μέγεθος.

1954 4826 2051 4879 Διὰ
2086 4824 2239 4878 τοῦτο
2268 4824 2560 4896 συνέφερεν
2594 4828 2749 4899 αὐτῷ
2782 4830 2834 4881 εί
2873 4829 2955 4901 μὴ
2984 4833 3341 4908 ἐγεννήθη,
3386 4843 3517 4895 εἴτε
3551 4843 3662 4911 τὴν

1954 4916 2051 4985 τῆς
2097 4914 2508 4982 παλιγγενεσίας
2550 4918 2771 4985 γένεσιν
2797 4960 2814 4986 ,
2857 4921 2937 4985 ὡς
2996 4923 3069 4976 ἂν
3137 4923 3515 5001 βαθύτερόν
3570 4950 3662 4998 τις

3320 5087 3379 5121 ⁸⁸
3408 5089 3565 5147 ibid.
3595 5091 3659 5150 6.

2034 5263 2146 5387 illi
2173 5263 2616 5387 ξῖίἓξί¹ρὲιῗὲὲ¹¹ῗί
2651 5276 3066 5357 ηλικουτῶνδε
3090 5281 3200 5365 κει
3238 5288 3563 5344 τοσῶνδεο

2618 5358 2789 5387 ρσιιιει
2843 5365 2920 5387 οπη
2933 5348 3187 5387 numam..-

2266 5351 2322 5421 ιιι
2336 5338 2523 5421 ’codens
2555 5338 2811 5421 liegi'tts,
2843 5348 3209 5421 παραδιδοξῧς·

2034 5263 2351 5523 (ῖοέὓεοόει
2377 5265 2616 5336 Begtus,
2651 5276 3066 5357 τηλικουτὼδε
3090 5281 3200 5335 καὶ
3238 5288 3563 5344 τοσῶνδε.

2067 5335 2116 5386 tl
2174 5331 2317 5387 hleut
2341 5338 2522 5420 .codex
2565 5339 2811 5415 liegtus,
2843 5348 3209 5421 παραδιδούς.

2006 5401 2126 5481 ,(72
2173 5400 2364 5482 Ρῐοου
2396 5405 2523 5459 καθ’
2553 5407 2690 5491 ὅλον
2741 5417 2773 5471 δ
2824 5416 2957 5483 εἶδε,
2987 5419 3130 5486 quod
3167 5420 3421 5487 legitur
3458 5428 3523 5481 in
3562 5446 3666 5483 eo.

1970 5471 2087 5526 dtce
2191 5470 2680 5526 dlcmno.Remng
2724 5488 2887 5526 ιμιιιηι
2923 5491 2952 5526 ,ι
2991 5487 3197 5526 κωνεί-
3239 5486 3377 5526 ευρ

2191 5470 2431 5540 dlcinno,
2455 5473 2680 5550 Regius
2724 5470 2899 5546 ιίιιιςεί
2980 5470 3204 5549 una;
3221 5470 3407 5547 ’ἒῖὲὲἷ
