3820 6214
312 246 423 304 793

1327 253 1670 325 COMMENT.
1704 266 1769 320 lN
1805 266 1992 322 JOAN.
2026 266 2262 325 TOMUS
2298 272 2507 329 XXXII.

3392 289 3489 337 7υῶ

308 361 551 419 ἀκούσαι
566 363 698 438 (75),
719 368 829 422 εἴτε
844 371 937 424 καὶ
957 373 1053 444 τὴν
1079 375 1370 445 κοινότερον
1393 380 1676 447 νοουμένην
1698 397 1711 411 ·
1742 381 1847 449 περ

1962 390 2215 447 quantum
2257 399 2520 453 magnum.
2561 388 2628 441 At
2646 400 2777 442 vero
2805 392 2888 445 hic
2923 393 3013 460 qui
3039 393 3324 460 didicerat,
3356 413 3489 466 quo-

312 450 393 527 ἧς
425 458 454 509 6
479 458 815 527 πραγμάτων
839 461 1028 515 ἑαυτὸν
1054 464 1401 518 ἀπαλλάττειν
1426 466 1588 519 θέλων
1605 507 1618 530 ,
1648 470 1736 521 καὶ
1764 467 1860 537 ζη-

311 547 500 615 τήσας
517 546 599 598 ὅτι
625 541 671 615 ᾧ
692 550 989 620 συμφέρει,
1014 551 1123 604 ὄντι
1150 554 1427 622 συμφέρει,
1457 557 1547 608 καὶ
1570 557 1862 626 ὑπονοήσας

311 633 427 684 οὐκ
452 633 522 685 ἂν
566 634 639 703 μὴ
668 634 779 687 δντι
804 636 910 704 (74)
936 637 1080 706 αὐτῷ
1112 626 1418 709 σῦνέφερεν,
1444 642 1534 693 ἐπὶ
1563 642 1658 711 τὴν
1683 644 1861 695 δευτέ-

319 732 430 785 ραν
464 717 735 772 κατελθὼν
760 721 871 791 (75)
901 723 1144 794 διήγησιν
1163 761 1179 786 ,
1220 724 1429 795 εκείνην
1456 727 1649 795 μᾶλλον
1691 747 1865 800 παρα-

310 801 552 867 δέξεται.
634 866 637 873 ,

1967 469 2122 523 modo
2138 470 2208 523 sit
2220 487 2457 541 magnus,
2481 477 2692 531 auditor
2712 478 2760 531 fa
2768 490 2882 534 ctus
2901 483 3274 548 magnitudinis
3285 500 3339 538 sa
3347 491 3488 554 pien-

1967 559 2068 618 tize,
2099 573 2215 625 quas
2242 569 2323 613 est
2348 566 2398 615 in
2420 578 2505 628 eo,
2534 576 2589 619 et
2607 568 2846 632 rationis,
2871 577 2925 623 et
2946 572 3152 638 gratiae,
3181 583 3232 625 et
3254 574 3484 640 prodidit
3546 613 3548 617 ν

1963 659 2105 710 eum,
2133 656 2188 700 et
2207 651 2434 715 prodidit
2464 661 2648 718 totam,
2674 669 2826 722 quam
2849 659 3014 721 novit,
3047 660 3480 727 magnitudinem.

1961 733 2119 804 5,35
2147 736 2291 792 Hanc
2328 741 2395 792 ob
2438 755 2653 796 causam
2697 748 3026 801 conducebat
3064 749 3137 802 illi
3167 759 3344 803 natum
3378 767 3479 806 non

1964 822 2206 888 fuisse“,
2229 826 2343 881 sive
2362 833 2779 897 regenerationis
2803 847 2944 899 ortu,
2961 845 3017 890 ut
3038 837 3350 904 profundius
3363 842 3483 907 quis

316 897 675 967 intelligeret,
701 900 814 955 sive
834 903 936 956 hoc
954 905 1302 960 communiori
1331 916 1486 961 ortu:
1509 909 1575 962 de
1602 924 1708 977 quo
1727 920 1844 964 ortu
1870 914 2122 971 molestiis
2153 932 2211 974 se
2241 922 2474 976 eximere
2497 927 2618 992 quis
2654 928 2852 993 volens,
2879 945 2996 983 cum
3020 933 3317 1000 inquisierit
3342 897 3480 1003 quod

313 993 584 1062 quidquid
613 994 745 1047 utile
772 1003 875 1060 est,
908 997 1037 1052 utile
1062 998 1132 1051 sit
1157 1001 1204 1052 ei
1232 1001 1320 1066 qui
1350 1011 1454 1065 est,
1475 1011 1527 1055 et
1547 1006 1886 1061 considerans
1914 1010 2055 1076 quod
2077 1012 2126 1065 ei
2153 1014 2243 1081 qui
2268 1029 2374 1069 non
2403 1017 2473 1071 sit
2506 1019 2638 1073 nihil
2660 1021 2924 1088 conferat,
2951 1034 3004 1081 et
3025 993 3155 1080 utile
3185 1028 3274 1093 sit,
3303 993 3374 1081 ad
3396 1043 3482 1082 se-

310 1085 555 1139 cundam
581 1086 961 1153 expositionem
986 1101 1106 1141 cum
1135 1088 1422 1154 devenerit,
1453 1091 1591 1145 illam
1626 1096 1792 1162 magis
1818 1098 2085 1165 suscipiet.

388 1193 480 1245 12.
515 1211 537 1244 ι
570 1194 834 1248 Ἐϐλεπον
865 1196 922 1249 δὲ
963 1200 1041 1260 είς
1071 1197 1326 1269 ἀλλήλους
1360 1203 1407 1253 οἱ
1441 1203 1701 1273 μαθηταὶ,
1725 1207 1857 1259 ἀπο·

314 1281 416 1348 ρού
424 1297 575 1348 μενοι
605 1285 729 1351 περὶ
755 1284 896 1347 τίνος
925 1284 1087 1350 λέγει.
1121 1304 1140 1336 ι
1165 1288 1226 1339 Ei
1255 1289 1352 1357 μὲν
1379 1292 1648 1362 προφανὴς
1660 1288 1726 1362 ἦν
1750 1297 1859 1357 τοῖς

328 1369 511 1437 Ἰησοῦ
549 1370 810 1441 μαθηταῖς
837 1375 870 1442 ή
914 1373 1005 1425 τοῦ
1045 1376 1206 1428 Ἰούδα
1236 1377 1396 1431 κακία
1415 1417 1431 1441 ,
1476 1380 1576 1433 κᾶν
1609 1380 1857 1449 ἔγνωστο,

2029 1212 2112 1265 12.
2134 1230 2153 1263 ι
2172 1214 2511 1283 Aspiciebant
2531 1227 2701 1273 autem
2719 1235 2834 1275 sese
2849 1232 3029 1277 mutuo
3045 1224 3307 1291 discipuli,
3322 1228 3479 1280 dulii-

1961 1306 2133 1353 tantes
2149 1303 2213 1355 de
2228 1318 2455 1370 quonam
2474 1307 2747 1361 diceret“.
2770 1327 2787 1358 ι
2807 1308 3060 1377 Equidem
3084 1313 3126 1366 si
3147 1322 3326 1380 aperta
3352 1313 3479 1368 fuis-

1960 1397 2039 1442 set
2066 1389 2212 1444 Judte
2234 1392 2432 1445 malitia
2460 1393 2579 1447 Jesu
2603 1396 2894 1463 discipulis,
2927 1399 3132 1466 agnitus
3162 1400 3319 1453 etiam
3347 1402 3477 1456 l‘uis-

312 1458 567 1521 εἰπόντος
594 1460 689 1512 τοῦ
714 1462 976 1533 Σωτῆρος,
1005 1464 1104 1528 ὅτι,
1128 1483 1147 1515 ι
1177 1462 1269 1529 Εἷς
1292 1468 1349 1530 ἐξ
1378 1468 1526 1538 ὑμῶν
1557 1470 1847 1540 παραδώσει

316 1565 387 1571 --_
474 1567 488 1571 _
524 1549 606 1571 -1-
636 1545 704 1571 Ῑ..
739 1551 758 1571 1
809 1552 982 1571 .__-__!~
1001 1550 1059 1571 [κ
1126 1570 1129 1571 ,
1196 1554 1211 1571 \
1282 1557 1295 1571 Δ
1334 1554 1384 1571 αι
1497 1556 1515 1571 ι
1735 1559 1748 1571 ι
1806 1561 1845 1571 λ.

1958 1485 2039 1530 set
2062 1477 2149 1530 ille
2170 1480 2256 1546 qui
2280 1479 2583 1547 Magistrum
2609 1458 2911 1550 proditurus
2937 1458 3099 1547 esset,
3123 1486 3332 1541 dicente
3354 1489 3479 1541 Ser-

313 1565 388 1616 με
416 1587 432 1609 ,
472 1567 493 1598 ι
522 1549 606 1611 τίς
634 1545 704 1619 ἦν
734 1551 763 1601 6
805 1550 1131 1621 παραδώσων
1164 1554 1249 1606 τὸν
1269 1554 1614 1610 Διδάσκαλον·
1645 1559 1759 1611 νυνὶ
1800 1561 1847 1612 δὲ

1958 1573 2174 1619 vatore:
2215 1583 2234 1616 ι
2270 1567 2418 1621 Unus
2449 1581 2681 1623 vestrum
2723 1586 2806 1625 me
2834 1572 3138 1638 proditurus
3174 1576 3350 1638 est”;
3380 1594 3397 1625 ι
3426 1585 3478 1627 at

311 1637 606 1705 βλέπουσιν
627 1640 707 1701 είς
729 1638 982 1710 ἀλλήλους
1007 1643 1055 1694 οἱ
1083 1642 1333 1712 μαθηταὶ,
1358 1645 1707 1717 ἀπορούμενοι
1734 1650 1856 1719 περὶ

307 1725 463 1788 τίνος
493 1725 659 1793 λέγει.
694 1729 802 1779 Καὶ
832 1729 939 1798 γὰρ
978 1730 1171 1793 Ἰούδας
1201 1732 1337 1800 τάχα
1367 1733 1463 1801 μὲν
1501 1735 1563 1786 ἐκ
1601 1735 1856 1806 πρότερον

308 1815 695 1886 χρηστοτέρων
723 1817 982 1870 ἐδυσώπει
1008 1820 1133 1881 τοὺς
1168 1820 1486 1885 ἀποστόλους
1516 1824 1648 1893 πρὸς
1672 1825 1733 1876 τὸ
1757 1842 1858 1895 μη-

308 1902 405 1954 δέν
443 1904 738 1972 ὑπονοῆσαι
782 1907 907 1974 περὶ
936 1907 1096 1958 αὑτοῦ
1134 1906 1329 1975 φαῦλον
1352 1926 1365 1939 ·
1397 1912 1535 1980 τάχα
1556 1911 1612 1962 δὲ
1650 1912 1854 1964 καὶτοῦ

307 1991 561 2043 διαϐόλου
588 1993 688 2061 ήδη
711 1993 1026 2063 βεϐληκότος
1049 1998 1127 2058 είς
1153 1997 1249 2066 τήν
1266 1997 1504 2067 καρδίαν,
1527 1999 1611 2050 ἵνα
1635 2000 1855 2071 παραδῷ

310 2082 478 2134 αὐτὸν
522 2082 720 2146 Ἰούδας
746 2083 980 2153 Σίμωνος
1012 2084 1382 2156 Ἰσκαριώτης,
1414 2088 1510 2139 οὐκ
1549 2084 1617 2157 ἦν
1642 2089 1737 2157 τῆς
1763 2107 1856 2141 πο-

309 2170 507 2240 νηρίας
552 2169 750 2233 ὲξολών
787 2171 959 2241 (76)·
1000 2172 1290 2241 λείμματος
1338 2173 1444 2243 γὰρ
1495 2178 1855 2245 προαιρέσεως

311 2259 523 2328 ἀγαθῆς
549 2260 879 2328 ὑπάρχοντος
920 2260 976 2312 ὲν
1016 2261 1159 2330 αὐτῷ
1181 2302 1196 2327 ,
1240 2261 1391 2324 ἰδὼν,
1423 2264 1501 2315 ὅτι
1542 2266 1850 2335 κατεκρίθη,

312 2347 472 2413 ἡνίκα
491 2348 747 2418 δήσαντες
780 2349 938 2402 αὐτὸν
965 2350 1260 2419 ἀπήγαγον,
1296 2352 1387 2403 καὶ
1414 2353 1727 2423 παρέδωκαν
1755 2356 1851 2406 Πι-

308 2437 454 2506 λάτῳ
483 2438 562 2505 τῷ
588 2437 846 2507 ἡγεμόνι,
893 2457 912 2488 ι
952 2439 1339 2508 μεταμεληθεὶς
1368 2440 1591 2511 ἔστρεφε
1614 2441 1680 2495 τὰ
1702 2444 1852 2513 τριά-

310 2543 471 2578 κοντα
491 2525 728 2595 ἀργύρια
755 2529 866 2588 τοῖς
888 2527 1194 2597 ἀρχιερεῦσι
1222 2529 1312 2581 καὶ
1336 2530 1736 2600 πρεσϐυτέροις,
1765 2532 1851 2585 λέ-

310 2630 421 2681 γων
443 2631 458 2646 ο
491 2616 774 2685 Ἥμαρτον
801 2616 1071 2684 παραδοὺς
1095 2611 1229 2685 αἷμα
1254 2617 1424 2670 ἀθῶον
1446 2634 1461 2649 ’
1491 2638 1510 2669 ι
1546 2620 1653 2682 ὅτε,
1676 2621 1852 2674 εἰπόν-

310 2719 416 2755 των
448 2701 660 2754 αύτῶν’
693 2719 712 2751 ι
747 2702 811 2753 Τί
841 2702 972 2771 πρὸς
996 2704 1181 2771 ήμᾶς;
1215 2704 1277 2755 σὺ
1473 2705 1630 2776 ῥίψας
1663 2725 1681 2758 ι
1714 2708 1851 2775 ὀφι-

1957 1669 2095 1707 ιιιιιιο
2140 1656 2416 1711 intuentur
2444 1673 2560 1713 sese
2592 1671 2773 1713 mutuo
2801 1662 3067 1731 discipuli,
3098 1666 3396 1720 dubitantes
3413 1669 3478 1720 de

1953 1757 2059 1810 quo
2090 1744 2311 1800 diceret.
2339 1745 2506 1801 Judas
2537 1749 2729 1802 etenim
2759 1749 2986 1805 fortasse
3026 1753 3238 1820 quidem
3283 1767 3350 1808 ex
3396 1755 3478 1809 his

1953 1846 2069 1900 qua:
2096 1843 2253 1888 antea
2297 1847 2443 1891 recte
2488 1849 2691 1906 egerat,
2734 1854 3075 1908 persuaserat
3112 1843 3365 1911 apostolis
3421 1855 3477 1899 ut

1954 1923 2084 1976 nihil
2114 1927 2178 1979 de
2207 1925 2298 1979 illo
2320 1927 2717 1993 suspicarentur
2749 1931 2871 1982 mali
2899 1947 2912 1981 :
2952 1930 3175 1985 fortasse
3197 1948 3323 1985 vero
3345 1949 3476 1988 non-

1952 2014 2073 2065 dum
2105 2013 2271 2069 Judas
2302 2015 2482 2069 Simon
2508 2016 2786 2071 [scariotes
2815 2020 3036 2087 perdita:
3083 2020 3299 2075 malitiae
3340 2033 3476 2088 erat,

1950 2102 2154 2155 etiamsi
2198 2103 2434 2157 diabolus
2476 2105 2586 2173 jam
2639 2106 2944 2162 immisisset
2999 2112 3050 2161 in
3095 2126 3189 2165 cor
3234 2112 3375 2166 illius
3421 2124 3472 2165 ut

1951 2191 2196 2256 proderet
2232 2189 2433 2254 Jesnm,
2459 2193 2696 2260 reliquiis
2719 2195 3007 2248 etiamnum
3029 2198 3402 2252 easistentibns
3423 2201 3474 2252 in

1952 2281 2065 2347 ipso
2098 2281 2218 2333 boni
2244 2282 2518 2348 propositi,
2542 2282 2736 2350 quibus
2767 2298 2887 2336 enm
2918 2286 3272 2354 perspexisset
3298 2285 3473 2339 Jesnm

1949 2369 2373 2430 condemnatum,
2416 2372 2627 2438 quando
2664 2372 2883 2439 ligatum
2917 2387 3042 2426 eum
3068 2374 3397 2429 abduxerunt
3423 2385 3473 2427 et

1951 2455 2279 2508 tradiderunt
2304 2456 2470 2509 Pilato
2502 2457 2734 2525 praesidi,
2765 2476 2783 2508 ι
2813 2458 3137 2525 ρωηίιυίιίηο
3176 2460 3363 2514 ductus
3394 2475 3474 2512 re-

1950 2543 2072 2596 tulit
2107 2545 2316 2613 triginta
2344 2555 2629 2614 argenteos
2660 2547 2989 2617 principibus
3035 2549 3390 2609 sacerdotum.
3421 2561 3474 2601 et

1947 2635 2266 2698 senioribus,
2292 2635 2510 2692 dicens:
2542 2637 2759 2691 Peccavi
2798 2638 3012 2692 tradens
3043 2640 3351 2706 sanguinem
3393 2639 3474 2690 in-

1949 2733 2263 2791 nocentem;
2293 2744 2312 2776 ι
2349 2727 2561 2794 quando
2585 2736 2639 2780 et
2676 2728 2973 2783 dicentibus
3002 2728 3135 2782 illis:
3172 2747 3192 2781 ι
3236 2729 3369 2795 Quid
3408 2730 3472 2780 ad

309 2792 576 2862 λάργυρος
603 2791 798 2852 Ἰούδας
827 2810 845 2840 ι
875 2790 943 2842 τὰ
969 2792 1219 2861 ἀργύρια,
1244 2793 1485 2847 ἀπελθὼν
1509 2795 1802 2865 ἀπήγξατο,
1826 2816 1847 2847 ι

1955 2811 2089 2864 ιιοεῖ
2124 2820 2173 2865 tu
2199 2790 2423 2879 videris;
2448 2815 2695 2883 proiectis
2721 2818 2986 2884 argenteis
3015 2836 3033 2867 ι
3060 2815 3243 2880 Iudas,
3267 2817 3472 2885 argenti

314 2880 445 2950 μηδὲ
474 2880 795 2950 περιμείνας
823 2882 947 2934 ίδεϊν
968 2881 1060 2933 τοῦ
1096 2883 1221 2952 περὶ
1245 2884 1334 2935 τὸν
1369 2884 1568 2953 Ἰησοῦν
1594 2886 1738 2954 παρά
1767 2887 1847 2957 τῷ

312 2969 524 3038 Πιλάτῳ
557 2968 818 3038 κρίματος
849 2968 909 3019 τὸ
937 2967 1104 3029 τέλος.
1151 2969 1257 3020 Καὶ
1301 2969 1518 3036 γέγονεν
1552 2971 1695 3040 αὐτῷ
1727 2969 1846 3025 οὒτε

310 3056 522 3130 καθαρά
551 3056 661 3108 ἀπὸ
700 3056 966 3128 ἁμαρτίας
999 3056 1245 3126 μετάνοια
1270 3097 1284 3121 ,
1310 3056 1430 3109 οὔτε
1458 3058 1690 3127 ἄκρατος
1715 3063 1848 3133 πρός

308 3166 359 3200 τι
385 3147 742 3218 χρηστότερον
769 3149 801 3215 ή
831 3146 1075 3216 πονηρία’
1101 3148 1149 3198 εί
1183 3147 1278 3215 μὲν
1296 3147 1402 3217 γὰρ
1428 3147 1674 3219 καθαρῶς
1696 3168 1849 3220 μετε-

309 3240 444 3302 νόει,
488 3239 583 3291 καὶ
635 3238 711 3300 ὠς
747 3239 776 3288 6
803 3236 999 3306 λῃστὴς
1026 3235 1222 3288 είπών·
1255 3255 1274 3286 ι
1297 3238 1570 3307 Μνήσθητί
1600 3256 1717 3308 μου,
1754 3242 1848 3312 Ἰη-

311 3326 425 3390 σοῦ,
456 3327 585 3379 ὅταν
613 3325 771 3394 ἔλθῃς
802 3327 858 3376 ὲν
889 3327 953 3393 τῇ
980 3323 1216 3394 βασιλείᾳ
1244 3340 1355 3387 σου,
1387 3344 1405 3374 ι
1441 3327 1745 3395 προσελθὼν
1770 3329 1848 3399 τῷ

308 3415 514 3484 Σωτῆρι
541 3412 713 3465 ἐποίει
752 3411 820 3464 τὰ
863 3412 992 3481 παρ’
1027 3410 1218 3473 αὑτοῦ,
1246 3411 1379 3480 πρὸς
1406 3410 1466 3462 τὸ
1510 3410 1846 3475 ἐξιλάσασθαι

306 3504 462 3557 αὐτὸν
497 3504 603 3559 ,ἐπὶ
651 3505 716 3571 τῇ
781 3501 1027 3572 φθασάσῃ
1070 3499 1342 3567 γεγονέναι
1391 3502 1655 3571 προδόσει.
1702 3504 1764 3556 Ei
1791 3504 1846 3557 δὲ

306 3591 479 3660 πάντη
502 3590 603 3660 τὴν
627 3590 720 3642 τοῦ
742 3587 902 3642 καλοῦ
939 3587 1144 3641 εὔνοιαν
1169 3587 1497 3655 ὲξεληλακὼς
1516 3586 1583 3660 ἦν
1602 3592 1699 3661 τῆς
1725 3594 1847 3645 ἐαυ-

303 3678 394 3734 τοῦ
433 3678 632 3748 ψυχῆς,
664 3676 774 3729 οὔτ’
807 3676 871 3728 ἂν
905 3675 1237 3745 μετεμελήθη
1269 3675 1409 3739 ἰδὼν,
1440 3676 1521 3728 ὅτι
1552 3679 1842 3750 κατεκρίθη

301 3770 330 3821 6
351 3768 557 3838 Ἰησοῦς
577 3783 592 3797 ⁸
617 3766 750 3818 ἀλλά
780 3764 872 3818 καὶ
901 3763 1202 3834 προσετίθει
1230 3764 1296 3816 ἂν
1326 3763 1511 3833 λόγους
1531 3767 1844 3837 κατηγορῶν

303 3857 462 3910 αὑτοῦ
506 3857 784 3922 συγγενεῖς
830 3855 895 3922 τῇ
945 3853 1225 3922 προδοσίᾳ·
1263 3853 1395 3905 ἀλλὰ
1441 3855 1532 3907 καὶ
1565 3855 1842 3909 ἀπολαύων

302 3947 367 4000 ἀν
397 3948 473 4010 ὡς
495 3945 825 4015 φιλάργυρος
856 3937 930 3997 ὧν
955 3942 1107 3995 ἔλαϐε
1132 3944 1414 4013 τριάκοντα
1439 3945 1727 4016 ἀργυρίων,
1747 3947 1841 4017 τὴν

296 4034 460 4105 τιμὴν
488 4033 582 4085 τοῦ
616 4030 970 4101 τετιμημένου
986 4069 1000 4092 ,
1025 4028 1133 4081 οὔτ’
1159 4028 1222 4080 ἂν
1247 4028 1591 4082 ἐϐουλεύσατο
1618 4030 1839 4084 ἀπώσα-

1948 2899 2061 2966 ipse
2089 2900 2330 2967 cupidus,
2371 2920 2389 2951 ι
2416 2903 2599 2957 abiens
2624 2903 2818 2972 laqueo
2858 2919 2916 2958 se
2958 2906 3311 2972 suspendit“,
3340 2924 3358 2954 ι
3408 2921 3473 2957 nc

1944 2988 2355 3057 videreqnidem
2378 2992 2891 3059 cxspeetansjndicii
2924 2994 3079 3047 linem
3106 2994 3168 3047 de
3188 2991 3309 3046 Jesu
3335 2995 3470 3061 apud

1945 3075 2187 3130 Pontium
2219 3078 2472 3134 Pilatum.
2505 3080 2685 3150 Neque
2713 3081 2797 3134 hic
2829 3081 3039 3137 sincere
3067 3097 3094 3132 a
3134 3090 3349 3148 peccato
3389 3097 3471 3134 re-

1945 3165 2122 3231 sipnit,
2152 3180 2321 3233 neque
2345 3165 2447 3219 fuit
2476 3167 2630 3230 huius
2658 3169 2856 3221 malitia
2886 3169 2949 3221 ad
2980 3169 3178 3237 aliquid
3207 3168 3329 3223 boni
3367 3169 3469 3223 im-

1946 3266 2073 3317 pos;
2115 3252 2156 3304 si
2190 3253 2331 3304 enim
2362 3254 2569 3307 sincere
2601 3254 2936 3323 resipuisset,
2968 3256 3129 3309 etiam
3163 3257 3379 3323 perinde
3405 3270 3469 3308 ac

1944 3338 2081 3391 latro
2119 3338 2207 3391 ille
2231 3339 2322 3406 qni
2346 3339 2512 3392 dixit:
2544 3358 2564 3389 ι
2599 3340 2860 3395 Memento
2896 3343 3018 3407 mei,
3068 3343 3303 3404 Domine,
3347 3343 3467 3394 dum

1944 3427 2155 3480 veneris
2190 3430 2242 3479 in
2272 3437 2485 3495 regnum
2521 3430 2754 3493 tuum",
2785 3448 2804 3479 ι
2839 3430 2905 3482 ad
2946 3429 3281 3484 Servatorem
3314 3445 3467 3483 acce-

1943 3517 2074 3567 dens
2114 3514 2327 3568 fecissct
2358 3530 2474 3582 qua:
2500 3518 2563 3569 ad
2596 3518 2769 3585 ipsum
2796 3517 3150 3585 pertinebant,
3194 3527 3250 3570 nt
3288 3516 3467 3572 Jesum

1942 3600 2210 3668 placatum
2257 3604 2503 3656 redderet
2547 3605 2615 3658 ob
2643 3606 3011 3671 proditionem,
3037 3620 3152 3672 quae
3178 3606 3287 3672 jam
3335 3620 3464 3672 prac-

1920 3691 2194 3742 'cesserat.
2226 3690 2374 3753 Quod
2399 3691 2441 3742 si
2469 3705 2593 3745 vero
2615 3693 2832 3745 omnino
2864 3692 3152 3759 expulisset
3189 3694 3255 3746 ab
3294 3694 3465 3744 anima

1940 3791 2034 3830 sua
2060 3778 2181 3831 boni
2204 3780 2492 3842 notionem,
2517 3780 2921 3848 haudquaquam
2954 3782 3260 3848 resipuisset
3283 3781 3464 3834 videns

1940 3863 2117 3920 Jesum
2146 3869 2593 3922 condemnatum:
2641 3870 2746 3922 itno
2777 3869 2919 3921 illum
2955 3884 3213 3922 accusans
3235 3871 3461 3923 addidis-

1939 3960 2018 4005 set
2049 3966 2322 4006 sermones
2343 3954 2542 4007 similes
2575 3956 2863 4023 proditioni
2884 3972 2896 4006 :
2916 3954 3042 4021 quin
3074 3956 3232 4008 etiam
3262 3957 3463 4015 fruens,

1939 4052 2032 4091 ceu
2066 4040 2270 4107 argenti
2304 4039 2553 4107 cupidus,
2602 4039 2870 4107 argenteis
2912 4039 3148 4105 triginta,
3197 4053 3328 4106 quos
3371 4054 3462 4092 ac-

298 4126 421 4178 σθαι
447 4123 517 4176 τὰ
544 4120 801 4191 ἀργύρια,
824 4117 931 4170 οὔτ’
963 4119 1027 4172 ἂν
1056 4118 1310 4189 ἔστρεψεν
1338 4119 1475 4173 αύτά
1512 4123 1620 4181 τοῖς
1655 4121 1838 4190 ἀρχιε-

1948 4136 2153 4194 ceperat
2175 4128 2400 4194 pretium
2437 4128 2743 4196 appretiati,
2773 4141 2946 4194 neque
2975 4127 3230 4180 voluisset
3271 4142 3449 4195 argen-

297 4214 450 4286 ρεῦσι
473 4213 570 4266 καὶ
596 4210 1008 4281 πρεσϐυτέροις,
1040 4208 1148 4263 οὔτ’
1181 4210 1244 4262 ἂν
1285 4212 1369 4262 ἐπ’
1403 4212 1575 4265 αὐτῶν
1619 4214 1836 4265 ἐκείνων

291 4304 759 4374 ἔξωμολογήσατο,
793 4301 953 4354 αὑτοῦ
993 4300 1087 4370 μὲν
1112 4300 1442 4370 κατηγορῶν,
1468 4301 1556 4354 τὸν
1583 4302 1839 4355 Διδάσκα-

291 4394 382 4448 λον
423 4393 482 4445 δὲ
507 4389 864 4460 ὲγκωμιάζων
887 4389 995 4459 (77)
1021 4391 1079 4441 ὲν
1099 4388 1175 4458 τῷ
1197 4406 1209 4418 ·
1237 4390 1543 4458 «Ἥμαρτον
1570 4390 1838 4460 παραδοὺς

290 4477 431 4551 αἷμα
466 4480 691 4531 δίκαιον.
729 4496 748 4528 ι
793 4476 949 4528 Ἀλλά
992 4476 1083 4529 καὶ
1118 4477 1176 4529 τὸ
1205 4477 1540 4543 ἀπάγξασθαι
1569 4479 1726 4531 αὐτὸν
1749 4480 1829 4531 οὐ·

288 4573 400 4634 δεῖς
428 4569 588 4630 ἄλλος
611 4567 880 4635 ἐποίησεν,
902 4566 934 4635 ἢ
957 4568 984 4618 6
1015 4565 1285 4635 βεϐληκὼς
1306 4566 1465 4618 αὐτοῦ
1492 4568 1570 4629 είς
1594 4568 1692 4637 τήν
1705 4587 1837 4641 καρ-

289 4661 406 4713 δίαν
430 4699 446 4722 ,
482 4659 575 4710 ἵνα
623 4653 846 4725 παραδῷ
880 4655 970 4706 τὸν
1015 4654 1236 4724 Σωτῆρα
1276 4654 1382 4724 (78)
1401 4672 1414 4685 ·
1447 4657 1539 4708 καὶ
1576 4658 1732 4710 τόπον
1771 4676 1835 4725 γε

290 4748 412 4800 κατ’
446 4744 732 4814 ἀμφότερα
773 4741 937 4794 ἔδωκε
992 4741 1067 4810 τῷ
1097 4741 1340 4811 διαϐόλῳ.
1397 4742 1578 4796 Ταῦτα
1616 4746 1672 4797 δὲ
1699 4745 1837 4798 κατά

289 4832 521 4899 δύναμιν
548 4826 1037 4896 ἐπεξειργασάμην,
1063 4827 1175 4895 ἅμα
1204 4829 1300 4896 μὲν
1321 4830 1581 4898 παριστὰς
1602 4834 1713 4896 τοῖς
1734 4834 1838 4886 oio-

359 4966 409 4999 "
445 4964 642 5018 Matth.
669 4976 819 5027 xm,
842 4962 936 5022 24;
970 4963 1133 5019 Marc.
1165 4979 1275 5027 xw,
1296 4963 1385 5017 21.

292 5049 455 5098 unt,
484 5032 578 5086 ιε.

361 5166 479 5236 (73)
518 5166 811 5236 ᾏκοίύσζᾳι.
844 5163 1004 5236 Deest
1032 5164 1082 5236 in
1112 5163 1295 5236 c_odice
1320 5162 1501 5233 Regio.

362 5230 480 5302 (⁸14)
514 5234 691 5286 Editio
724 5232 921 5302 iiuetii,
943 5231 1101 5302 male,
1131 5230 1299 5302 ὄντος.

366 5295 483 5368 (75)
505 5298 845 5368 ιίιῑιίιλθιὶινἒ
879 5300 1034 5368 Deest
1066 5298 1119 5349 in
1145 5298 1327 5368 codice
1362 5295 1546 5368 liegio.

363 5364 478 5438 (76)
496 5437 501 5438 γ
522 5367 791 5430 Ὲεολών.
812 5365 904 5438 §ic
931 5365 1149 5438 videtur_
1165 5365 1353 5431 legisse
1382 5364 1661 5438 Per-ionius
1683 5384 1836 5432 uer.

291 5431 379 5489 tit‘
418 5431 584 5498 enim,
641 5454 659 5485 ι
703 5434 927 5502 perditae
982 5431 1421 5502 comploratacque
1472 5431 1830 5502 improbitatis

294 5521 403 5558 non
446 5497 580 5557 erat.
625 5522 642 5554 ι
686 5497 971 5555 Ferrarius
1014 5512 1135 5554 vero
1178 5497 1403 5563 legebat,
1442 5502 1492 5554 ni
1542 5497 1732 5565 fallor,
1771 5504 1829 5565 ἐξ

1485 4967 1529 4998 ³⁸
1554 4965 1710 5024 Joau.
1738 4987 1857 5039 χιιι,
1888 4974 1974 5029 22.
2047 4976 2092 5008 ’³
2127 4976 2257 5032 ibid.
2293 4978 2383 5031 21.

1942 4224 2054 4269 teos
2078 4218 2376 4285 projicere;
2407 4231 2578 4284 neque
2610 4218 2877 4272 retulisset
2901 4231 2994 4272 eos
3018 4220 3345 4286 principibus
3376 4236 3458 4272 sa-

1938 4304 2210 4358 cerdotum
2255 4315 2310 4360 et
2335 4306 2495 4376 436
2528 4306 2871 4361 senioribus:
2913 4321 3085 4374 neque
3134 4321 3311 4360 coram
3361 4306 3469 4359 illis

1940 4391 2068 4461 ipsis
2097 4404 2370 4462 peccatum
2393 4409 2543 4448 suum
2583 4395 2757 4449 fassus
2794 4394 2982 4449 fuisset
3024 4397 3254 4463 seipsum
3307 4409 3463 4448 accu-

1939 4495 2082 4546 sans,
2109 4490 2161 4535 et
2182 4482 2487 4550 Magistrum
2514 4485 2735 4538 laudans
2758 4484 2987 4539 dicendo
3014 4509 3025 4541 ;
3060 4503 3081 4537 ι
3110 4485 3331 4538 Peccavi
3355 4494 3456 4536 tra-

1933 4570 2064 4623 deos
2095 4572 2400 4640 sanguinem
2421 4572 2675 4640 justunm
2710 4574 2846 4639 Quin
2889 4576 3048 4628 etiam
3074 4574 3358 4643 praal'ocare
3383 4587 3454 4626 se-

1935 4657 2111 4724 ipsum
2147 4657 2343 4726 laqueo
2370 4675 2526 4715 nemo
2551 4663 2684 4715 alius
2712 4660 2946 4726 fecisset,
2976 4671 3171 4730 prmter
3196 4661 3339 4712 illum
3376 4658 3467 4724 qui

1935 4746 1989 4799 in
2018 4761 2111 4800 cor
2155 4762 2310 4802 suum
2354 4751 2589 4806 misisset
2636 4762 2692 4805 ut
2725 4752 2975 4820 proderet
3000 4751 3358 4804 Servatorem.
3391 4751 3459 4799 Ac

1934 4834 2173 4901 profecto
2200 4837 2251 4890 in
2280 4839 2518 4908 utrisque
2544 4839 2864 4894 deditJudas
2890 4839 3060 4893 locum
3090 4837 3319 4891 diabolo.
3345 4837 3453 4891 Ca:-

2482 4979 2528 5011 ”
2560 4976 2744 5030 Matth.
2786 4991 2918 5040 xvn,
2972 4974 3005 5026 5
3050 4985 3161 5038 seq.
3250 4971 3296 5002 "
3332 4970 3443 5026 Luc

1941 5173 2095 5248 ὅλων,
2121 5175 2164 5228 si
2197 5175 2409 5248 quidem
2437 5176 2599 5248 vertit
2633 5191 2676 5229 τι
2711 5174 3200 5248 ιιοιιιι-υιηλυνοιξυε
3234 5184 3277 5248 a_
3312 5171 3452 5222 mali

1944 5243 2011 5294 tia
2039 5234 2447 5317 dependebat._o_
2479 5241 2730 5317 Neutrum
2761 5243 2891 5317 satis
2921 5234 3094 5317 placet
3120 5234 3361 5301 ﬂuetio;
3388 5249 3456 5290 αις

1944 5317 2118 5361 tamen
2141 5311 2337 5363 rectius
2364 5310 2572 5363 videtur
2596 5310 2785 5376 legisse
2816 5310 3114 5376 Perionius.

2009 5377 2117 5450 (Π)
2150 5377 2327 5450 _C_odex
2368 5376 2584 5450 Regius,
2612 5369 2704 5450 κᾶὶ
2736 5369 3110 5450 ἐγκωμιάζων.

2006 5445 2113 5514 (78)
2150 5443 2286 5500 Idem
2314 5443 2475 5499 codei
2508 5444 2717 5513 Regius,
2760 5443 2997 5514 Ἰησοῦν.
