3820 6186
305 263 397 317 797
1321 262 1666 318 COMMENT.
1704 264 1764 315 ΙΝ
1796 262 1833 316 ι‹

1934 262 1984 318 Ἰ.
2020 263 2253 318 TOMUS
2291 263 2497 317 XXXII.
3371 263 3469 317 793

313 370 566 442 εἰρηκέναι
590 388 601 402 ο
630 390 648 422 ι
685 373 876 444 Ἀμὴν,
907 375 1048 444 ἀμὴν
1071 373 1209 442 λέγω
1239 373 1383 441 ὑμῖν,
1405 375 1485 425 ὅτι
1507 368 1583 436 εἷς
1607 375 1665 436 ἐξ
1693 374 1833 443 ὑμῶν

1941 373 2079 439 quod
2107 373 2416 438 simpliciter
2441 370 2770 439 intelligitur,
2808 370 2912 423 tale
2944 368 3187 436 quiddam
3211 369 3469 425 declarat.

314 459 597 528 παραδώσει
649 477 737 530 με,
775 480 793 512 ι
825 463 915 514 ἐπὶ
969 462 1211 514 τοσοῦτον
1270 464 1536 532 τραπῆναι
1586 464 1676 515 καὶ
1724 465 1833 513 ἐπι-

1944 461 2084 526 quod
2118 460 2474 526 nmisquisque
2515 459 2664 524 juxta
2711 458 2852 510 vires
2895 457 3139 509 humana!
3179 466 3379 510 naturae
3414 461 3467 510 in

304 547 545 602 λαθέσθαι
581 549 687 601 τῶν
715 549 809 602 τοῦ
858 552 1179 604 Διδασκάλου
1230 552 1589 623 μαθημάτων,
1627 551 1700 613 ὡς
1745 553 1833 603 καὶ

1938 548 2268 615 propositum
2295 548 2513 599 alterius
2538 548 2851 611 intueretur,
2883 545 3196 598 addubitans
3215 560 3279 598 an
3303 549 3472 614 possit

310 639 390 690 ἐπὶ
431 637 527 707 τὴν
551 638 829 707 προδοσίαν
870 640 1029 691 αὐτοῦ
1072 641 1267 708 φθάσαι
1294 658 1306 671 ·
1343 640 1640 709 ὲμφαντικὴ
1672 640 1775 709 γὰρ
1802 643 1833 709 ἡ

1942 639 2118 690 anima
2155 652 2269 702 qua:
2303 636 2425 688 talia
2459 639 2738 705 peregerit,
2775 646 2828 689 et
2856 636 2933 689 sic
2958 634 3151 688 aﬂ‘ecta
3205 651 3326 703 erga
3381 652 3469 689 ve-

312 727 422 794 περὶ
444 726 548 778 τῶν
574 725 825 796 μαθητῶν
844 728 984 792 λέξις
1013 730 1066 797 ή,
1095 746 1114 781 ι
1136 727 1512 798 Ἀποροῦμενοι
1547 726 1670 795 περὶ
1698 727 1833 788 τίνος

1940 739 2114 777 racem
2141 724 2468 792 Magistrum,
2503 725 2593 790 qui
2620 739 2745 778 vere
2770 733 2992 778 testatus
3022 724 3179 776 fuerit
3204 725 3427 777 dicendo
3451 740 3467 778 :

304 814 469 881 λέγει·
511 834 530 865 ι
579 815 640 866 οὐ
680 814 787 884 γὰρ
829 816 1084 885 εὐπόρουν
1125 816 1368 885 ἐννοῆσαι
1419 816 1544 883 περὶ
1591 812 1730 874 τίνος
1779 814 1833 865 τὸ

1949 831 1967 863 ι
2005 814 2194 875 Amen,
2225 827 2376 864 amen
2402 813 2522 863 dico
2553 814 2720 871 vobis,
2750 813 2892 878 quod
2925 827 3063 864 unus
3092 825 3154 863 ex
3185 813 3336 864 vobis
3385 826 3469 863 me

310 903 681 972 προειρημένον
716 899 811 973 ἦν·
850 904 961 955 ἀλλ’
1007 900 1142 973 ἦσαν
1170 905 1295 973 περ).
1319 904 1504 955 τούτου
1530 903 1833 973 ἀπορούμε-

1936 900 2243 967 proditurus
2268 910 2368 961 est,
2402 917 2419 949 ι
2449 914 2497 951 ιιι
2531 907 2733 951 tantum
2782 900 3077 961 immutari,
3124 911 3173 952 et
3229 900 3464 953 oblivisci

306 1005 406 1049 τοι,
439 988 530 1041 καὶ
581 988 730 1040 οὐδὲν
774 988 894 1040 οὔτε
927 992 1062 1040 νοεῖν
1082 1029 1096 1052 ,
1126 987 1247 1040 οὔτε
1282 990 1457 1056 λέγειν
1494 990 1658 1057 σαφὲς
1690 988 1833 1057 εὑρί-

1936 989 2293 1064 doctrinarum
2321 988 2578 1058 Magistri,
2613 997 2668 1040 ut
2701 988 2766 1039 ad
2804 1003 2921 1040 eum
2978 989 3290 1041 tradendum
3341 1002 3466 1055 pen-

308 1092 532 1138 :xomg.
1936 1079 2231 1132 venirent:
2280 1080 2553 1144 emphasin
2617 1079 2757 1130 enim
2814 1080 2972 1132 habet
3026 1078 3187 1131 dictio
3240 1079 3350 1131 haec
3401 1078 3468 1130 de

306 1167 589 1235 dtscipulis,
647 1187 666 1219 ι
724 1167 1028 1223 dubitantes
1080 1169 1144 1221 de
1197 1184 1301 1236 quo
1353 1169 1581 1231 diceret,
1628 1188 1648 1219 ι
1711 1183 1812 1221 non
1862 1169 2003 1221 enim
2089 1170 2358 1223 habebant
2409 1170 2610 1235 copiam
2675 1170 2938 1237 cogitandi
2990 1170 3071 1221 cui
3146 1179 3470 1237 competeret

305 1257 433 1327 quod
469 1258 780 1324 prmdictum
850 1257 1051 1320 fuerat,
1079 1260 1168 1311 sed
1209 1260 1272 1310 de
1305 1258 1404 1311 hoc
1447 1258 1774 1319 dubitabant,
1815 1257 1947 1310 nihil
1992 1267 2229 1323 apertum
2284 1258 2366 1309 Vel
2402 1259 2636 1325 cogitare
2688 1258 2767 1310 vel
2810 1257 2986 1309 dicere
3021 1258 3362 1311 invenientes.

367 1347 444 1400 15.
477 1338 617 1398 (Ἦν
647 1348 996 1413 ἀνακείμενος
1032 1343 1110 1408 εἷς
1142 1350 1205 1398 ὲκ
1248 1346 1352 1399 τῶν
1397 1346 1646 1416 μαθητῶν
1676 1346 1833 1397 αὐτοῦ

2013 1347 2096 1400 l5.
2131 1365 2149 1396 ι
2183 1347 2308 1399 Erat
2334 1357 2510 1398 autem
2540 1361 2675 1399 unus
2707 1361 2770 1399 ex
2803 1347 3075 1415 discipulis
3105 1346 3226 1399 Jesu
3261 1364 3465 1400 recum-

292 1438 354 1488 ἐν
375 1431 451 1502 τῷ
479 1433 661 1502 κόλπῳ
687 1433 781 1484 τοῦ
819 1432 989 1502 Ἰησοῦ
1009 1473 1023 1493 ,
1055 1433 1113 1485 δν
1136 1434 1322 1501 ἠγάπα
1348 1436 1377 1485 6
1425 1433 1643 1501 Ἰησοῦς.
1679 1432 1833 1483 Νεύει

1940 1435 2147 1488 bensiu
2176 1435 2293 1488 sinu
2344 1435 2529 1503 ipsius,
2572 1450 2727 1501 quem
2777 1433 3026 1501 diligebat
3071 1434 3245 1488 Iesus.
3291 1438 3468 1489 lnnuit

292 1519 380 1576 οὖν
408 1522 580 1590 τούτῳ
612 1523 789 1591 Σίμων
817 1524 1018 1592 Πέτρος
1041 1564 1055 1587 ,
1084 1525 1174 1575 καὶ
1205 1524 1348 1592 λέγει
1390 1524 1565 1592 αὐτῷ’
1597 1525 1727 1575 Εἰπὲ
1751 1525 1833 1586 τίς

1934 1538 2061 1590 ergo
2093 1524 2215 1575 huic
2247 1523 2427 1576 Simon
2459 1522 2669 1586 Petrus,
2693 1533 2744 1575 et
2765 1523 2901 1575 dixit
2926 1522 2995 1586 ei,
3023 1532 3079 1574 ut
3105 1524 3470 1576 sciscitaretur

294 1616 401 1666 ἐστι
431 1612 558 1682 περὶ
585 1607 646 1665 οὗ
675 1612 839 1679 λέγει.
881 1613 1183 1665 Ἀναπεσὼν
1212 1615 1412 1675 ἐκεῖνος
1436 1613 1527 1665 ἐπὶ
1558 1613 1618 1665 τὸ
1649 1613 1836 1682 στῆθος

293 1700 379 1755 τοῦ
420 1700 612 1770 Ἰησοῦ,
642 1700 788 1768 λέγει
817 1702 961 1771 αὐτῷ
981 1718 993 1731 ⁸
1028 1703 1226 1773 Κύριε,
1251 1702 1332 1765 τίς
1363 1705 1507 1754 ἐστιν
1532 1718 1546 1765 ;
1585 1703 1834 1772 Ἀποκρί-

294 1806 430 1842 νεται
454 1785 543 1842 οὖν
571 1792 602 1842 6
644 1789 849 1859 Ἰησοῦς
871 1808 884 1820 ο
936 1791 1167 1855 Ἐκεῖνός
1203 1794 1344 1844 ἐστιν
1389 1788 1433 1859 ᾧ
1462 1792 1567 1859 ἐγὼ
1599 1792 1748 1861 βάψω
1777 1793 1836 1844 τὸ

291 1875 505 1952 ψωμίον.
544 1876 732 1944 Βάψας
756 1875 846 1929 οὖν
877 1878 936 1929 τὺ
964 1877 1170 1947 ψωμίον
1202 1878 1480 1948 λαμϐάνει,
1507 1879 1600 1931 καὶ
1625 1880 1835 1931 δίδωσιν

303 1960 460 2030 Ἰούδᾳ
484 1962 688 2031 Σίμωνι
729 1963 1044 2034 Ἰσκαριώτῃ
1074 1964 1180 2032 (85)
1203 1981 1225 2025 ’ν
1249 1966 1341 2018 καὶ
1381 1966 1515 2034 μετά
1543 1966 1604 2017 τὸ
1623 1965 1831 2034 ψωμίον

292 2048 402 2101 τότε
430 2048 678 2117 εἰσῆλθεν
705 2051 784 2110 εἰς
822 2051 1024 2102 ἐκεῖνον
1054 2054 1082 2103 6
1107 2052 1362 2113 Σατανᾶς.
1394 2053 1551 2120 Λέγει
1576 2050 1665 2105 οὖν
1692 2053 1836 2122 αὐτῷ

299 2139 328 2191 ό
346 2137 543 2207 Ἰησοῦς
565 2155 581 2169 ·
614 2140 679 2190 Ὃ
702 2141 890 2201 ποιεῖς,
916 2140 1137 2208 ποίησον
1165 2142 1364 2209 τάχιον.
1391 2142 1557 2194 Τοῦτο
1582 2143 1637 2194 δὲ
1668 2144 1835 2205 οὐδεὶς

294 2234 422 2294 ἔγνω
438 2228 544 2282 τῶν
568 2230 948 2299 ἀνακειμένων
966 2231 1098 2300 πρὸς
1127 2231 1177 2283 τί
1202 2228 1348 2284 εἶπεν
1370 2233 1513 2301 αὑτῷ
1528 2250 1540 2262 ·
1566 2232 1706 2293 τινες
1730 2233 1834 2302 γὰρ

294 2310 515 2378 ἐδόκουν,
535 2318 661 2369 ἐπεὶ
688 2318 749 2369 τὸ
776 2318 1153 2387 γλωσσόκομον
1180 2316 1321 2387 εἶχεν
1351 2321 1564 2382 Ἰούδας,
1588 2322 1668 2371 ὅτι
1691 2319 1834 2386 λέγει

293 2403 427 2474 αὐτῷ
467 2406 707 2476 Ἰησοῦςο
752 2407 1039 2476 Ἀγόρασον
1081 2401 1154 2460 ὧν
1185 2409 1371 2478 χρείαν
1415 2409 1603 2478 ἔχομεν
1632 2410 1710 2470 είς
1738 2409 1834 2478 τὴν

291 2490 467 2561 ἑορτήν
484 2508 499 2522 ο
527 2492 560 2562 ἢ
590 2495 713 2555 τοῖς
736 2497 965 2563 πτωχοῖς
1003 2496 1088 2547 ἵνα
1112 2513 1162 2547 τι
1201 2496 1294 2565 δῷ.
1329 2515 1348 2546 ι
1387 2498 1444 2548 '0
1470 2498 1524 2547 ὲν
1551 2497 1628 2564 τῷ
1654 2496 1834 2566 κόλπῳ

286 2580 378 2632 τοῦ
417 2581 585 2650 Ἰησοῦ
620 2583 974 2653 ἀνακείμενος
1007 2579 1085 2646 εἷς
1120 2585 1226 2637 τῶν
1269 2586 1536 2656 μαθητῶν,
1563 2587 1620 2639 ὃν
1649 2587 1833 2655 ἠγάπα

294 2672 319 2722 6
348 2668 561 2740 Ἰησοῦς,
585 2670 764 2724 ἔοικεν
785 2674 815 2723 6
836 2672 1048 2742 γράψας
1069 2673 1126 2725 τὸ
1152 2675 1471 2741 Εὐαγγέλιον
1489 2673 1623 2728 εἶναι
1655 2676 1802 2729 Ἰωάν
1816 2703 1832 2715 ο

296 2778 412 2831 νης-
445 2763 533 2814 ἐπὶ
553 2764 663 2832 γὰρ
702 2763 781 2832 τῷ
806 2762 944 2815 τέλει
969 2762 1059 2816 τοῦ
1089 2765 1410 2832 Εὐαγγελίου
1438 2766 1736 2835 γέγραπται
1760 2766 1835 2829 ὡς

297 2870 315 2900 ι
335 2852 716 2921 Ἐπιστραφεὶς
733 2855 762 2904 6
782 2853 980 2923 Πέτρος
1003 2853 1184 2920 βλέπει
1205 2854 1291 2906 τὸν
1316 2855 1554 2924 μαθητὴν
1568 2855 1628 2907 δν
1648 2857 1834 2923 ἠγάπα.

293 2934 320 2985 ό
344 2936 538 3005 Ἰησοῦς
552 2938 966 2999 ἀκολουθοῦντα,
982 2939 1038 3001 ὃς
1064 2942 1154 2992 κα)⁸
1184 2941 1437 2992 ἀνέπεσεν
1462 2944 1517 2994 ὲν
1539 2942 1616 3011 τῷ
1640 2942 1834 3012 δείπνῳ

292 3024 373 3076 ἐπὶ
402 3025 458 3077 τὸ
502 3026 700 3096 στῆθσς
730 3026 924 3089 αὐτοῦ,
960 3028 1052 3079 καὶ
1097 3024 1245 3080 εἴπεο
1283 3031 1451 3099 Κύριε
1471 3070 1485 3093 ,
1529 3031 1610 3093 τίς
1636 3034 1780 3084 ἐστιν
1808 3036 1837 3085 6

290 3113 597 3181 παραδιδούς
627 3131 694 3166 σε
720 3131 734 3177 ;
763 3115 959 3167 Τοῦτον
993 3113 1085 3168 οὖν
1110 3116 1228 3170 ίδὼν
1259 3119 1286 3169 6
1315 3119 1514 3188 Πέτρος
1532 3161 1546 3184 ,
1578 3120 1720 3186 λέγει
1760 3122 1835 3190 τῷ

297 3203 461 3271 Ἰησοῦ
481 3221 495 3235 ο
529 3204 735 3274 Κύριε,
770 3200 917 3267 οὗτος
945 3205 1003 3256 δὲ
1028 3207 1078 3257 τί
1104 3223 1118 3270 ;
1153 3207 1310 3274 Λέγει
1360 3209 1503 3276 αὐτῷ
1529 3210 1557 3259 6
1599 3210 1798 3279 Ἰησοῦς
1817 3229 1829 3241 ·

296 3293 413 3346 Ἐὰν
435 3294 595 3349 αὐτὸν
624 3295 768 3348 θέλω
798 3296 975 3363 μένειν
1004 3295 1106 3357 ἕως
1130 3295 1372 3365 ἔρχομαι,
1399 3298 1452 3349 τί
1480 3297 1609 3366 πρὸς
1639 3299 1733 3362 σέ;
1763 3299 1832 3350 Σύ

291 3399 370 3450 μοι
394 3384 700 3437 ἀκολούθει.
736 3384 982 3453 Ἐξῆλθεν
1001 3379 1092 3436 οὗν
1110 3386 1138 3436 6
1158 3384 1310 3451 λόγος
1323 3388 1400 3447 είς
1420 3387 1542 3448 τοὺς
1562 3387 1832 3455 ἀδελφοὺς,

280 3471 356 3524 ὅτι
383 3474 410 3525 6
438 3473 699 3544 μαθητὴς
742 3473 943 3533 ἐκεῖνος
974 3471 1070 3522 οὐκ
1107 3472 1459 3541 ἀποθνήσκει·
1485 3475 1582 3525 οὐκ
1616 3470 1735 3526 εἷπε
1778 3475 1835 3527 δὲ

278 3561 418 3630 αὐτῷ
444 3563 473 3613 6
507 3560 743 3631 Ἰησοῦς,
772 3560 988 3613 ὄτιὈύκ
1017 3560 1359 3629 ἀποθνήσκει,
1382 3561 1646 3613 ἀλλ’·Ἐὰν
1677 3562 1833 3614 αὑτὸν

281 3649 410 3702 θέλω
441 3651 622 3721 μένειν
648 3651 760 3710 ἕως
790 3649 1034 3718 ἔρχομαι,
1053 3648 1104 3700 τί
1125 3649 1257 3719 πρὸς
1286 3649 1381 3713 σέ;
1414 3669 1431 3699 ι
1462 3652 1577 3702 Ὀτι
1602 3651 1659 3702 δὲ
1686 3654 1714 3703 6
1741 3669 1835 3720 pat-

279 3738 439 3809 θητὴς
465 3735 621 3801 οὗτος
649 3742 678 3792 6
700 3738 921 3807 γράψας
940 3737 1001 3788 τὸ
1041 3738 1360 3804 Εὐαγγέλιω
1400 3740 1644 3808 Ἰωάννης
1669 3741 1830 3801 ἐστὶν,

274 3827 422 3897 δῆλον
442 3829 506 3880 ὲκ
527 3827 640 3880 τῶν
662 3827 1091 3895 ἐπιφερομένων,
1115 3826 1283 3889 οὕτως
1306 3826 1530 3895 ἐχόντων
1545 3844 1559 3859 ο
1588 3829 1667 3880 ὅτι
1696 3846 1714 3877 ι
1741 3820 1834 3879 Οὗ-

271 3918 359 3980 τός
392 3921 540 3971 ἐστιν
581 3921 611 3971 6
658 3916 910 3987 μαθητὴς
936 3918 964 3967 6
1005 3917 1291 3987 μαρτυρῶν
1314 3919 1439 3987 περὶ
1473 3918 1675 3971 τούτων
1695 3958 1709 3981 ,
1742 3918 1833 3970 καὶ

271 4006 482 4075 γράψας
521 4007 721 4060 ταῦτα.
768 4024 787 4056 ι
832 4007 1138 4075 Παρατήρει
1182 4007 1238 4058 δὲ
1277 4008 1333 4058 ἐν
1364 4009 1686 4077 ἀμφοτέροις
1721 4010 1832 4069 τοῖς

1861 2803 1902 2859 C

1936 1614 2055 1678 quis
2094 1623 2235 1665 esset
2282 1612 2346 1663 de
2390 1626 2497 1679 quo
2552 1611 2874 1679 loqueretur.
2916 1610 3096 1679 Itaque
3138 1627 3259 1664 cum
3316 1628 3469 1666 recua‘

1933 1699 2134 1753 bnisset
2174 1699 2259 1751 ille
2312 1713 2471 1767 super
2512 1707 2697 1766 pectus
2739 1696 2885 1761 Jesu,
2933 1699 3060 1752 dicit
3086 1700 3175 1753 ei:
3221 1701 3464 1764 Domine,

1934 1790 2053 1855 quis
2074 1790 2192 1842 est?
2212 1789 2500 1856 Respondit
2531 1786 2721 1841 Jesns:
2752 1788 2840 1842 Ille
2857 1798 2934 1842 est
2955 1791 3037 1843 cui
3061 1805 3160 1858 ego
3187 1791 3463 1844 intinctam

1932 1878 2143 1933 ollulam
2174 1893 2480 1948 porrexero.
2515 1879 2579 1931 Et
2607 1894 2726 1932 cum
2774 1880 3075 1934 intinxisset
3103 1879 3334 1945 ollulam,
3371 1881 3463 1934 de-

1935 1970 2010 2021 dit
2038 1973 2178 2021 ttlam
2218 1968 2366 2021 Judtn
2398 1967 2599 2021 Simoni
2647 1968 2947 2023 lscariotm:
2996 1979 3048 2024 et
3090 1980 3209 2040 post
3254 1970 3464 2024 offulam

1934 2057 2204 2123 ingressus
2228 2068 2310 2112 est
2344 2060 2394 2111 in
2427 2075 2547 2112 eum
2583 2060 2823 2113 Satanas.
2853 2061 2986 2114 Dicit
3017 2062 3177 2129 igitur
3205 2065 3250 2115 ei
3276 2061 3464 2115 Jesns:

1935 2146 2082 2209 Quod
2116 2144 2264 2207 facis,
2291 2147 2374 2200 iac
2403 2148 2570 2200 ocius.
2607 2147 2717 2200 Hoc
2744 2157 2918 2200 autem
2952 2164 3107 2203 nemo
3129 2150 3467 2204 discumben-

1936 2236 2066 2286 tium
2100 2234 2427 2301 iutelligebat
2458 2238 2521 2288 ad
2555 2236 2682 2303 quid
2712 2236 2760 2288 ei
2790 2237 3050 2290 dixisset:
3081 2239 3296 2305 quidam
3325 2240 3465 2291 enim

1934 2324 2191 2391 putabant
2215 2324 2335 2390 quia
2367 2324 2568 2380 loculos
2598 2325 2829 2378 habebat
2855 2324 3039 2388 Judas,
3073 2327 3271 2379 dixisse
3296 2328 3343 2379 ei
3379 2326 3468 2378 Je-

1933 2427 2046 2465 sum
2070 2430 2082 2465 :
2103 2413 2230 2465 Eme
2250 2426 2310 2465 ea
2339 2427 2456 2481 quae
2484 2429 2619 2482 opus
2650 2424 2776 2469 sunt
2801 2415 2954 2468 nobis
2987 2417 3050 2466 ad
3086 2416 3225 2467 diem
3251 2414 3467 2479 festum,

1934 2510 2025 2553 aut
2065 2503 2246 2569 egenis
2276 2511 2332 2555 ut
2363 2504 2560 2571 aliquid
2587 2505 2740 2557 daret
2767 2505 2808 2558 ⁸.
2840 2522 2859 2555 ι
2892 2504 2980 2558 llle
3003 2505 3093 2573 qui
3124 2505 3173 2557 in
3204 2506 3318 2557 sinu
3343 2504 3466 2558 Jesu

1932 2600 2045 2643 erat
2072 2591 2403 2656 recumbens,
2435 2609 2571 2647 unus
2609 2608 2672 2647 ex
2706 2593 3003 2660 discipulis,
3031 2608 3187 2659 quem
3218 2594 3468 2662 diligebat

1932 2678 2105 2744 Jesus,
2151 2682 2359 2734 videtur
2405 2698 2522 2735 esse
2557 2682 2790 2736 Joannes
2820 2684 2905 2751 qui
2943 2666 3287 2749 Evangelium
3333 2684 3467 2735 scri-

1935 2769 2068 2834 psit,
2113 2769 2255 2836 quod
2299 2770 2349 2822 in
2393 2769 2495 2823 line
2525 2771 2795 2838 Evangelii
2837 2772 3090 2837 scriptum
3140 2772 3207 2824 sit
3240 2772 3378 2824 hunc
3415 2772 3465 2824 in

1933 2857 2145 2909 modum
2162 2858 2216 2907 ἰ
2248 2875 2267 2907 ι
2290 2858 2589 2912 Conversus
2613 2858 2799 2912 Petrus
2820 2860 2959 2911 videt
2985 2859 3131 2911 illum
3152 2860 3466 2925 discipulum

1933 2959 2087 3010 quem
2136 2945 2387 3011 diligebat
2423 2945 2597 3009 Jesus,
2620 2956 2948 3014 sequentem,
2997 2949 3084 3014 qui
3131 2957 3185 2999 et
3226 2949 3469 3000 recubuit

1935 3033 1987 3085 in
2025 3047 2172 3085 coma
2204 3048 2364 3101 super
2392 3044 2576 3100 pectus
2606 3034 2740 3100 ejus,
2776 3044 2828 3086 et
2864 3036 3033 3087 dixit:
3072 3036 3310 3098 Domine,
3350 3038 3468 3103 quis

1933 3121 2117 3175 estille
2141 3121 2212 3172 tui
2243 3122 2516 3187 proditor?
2544 3122 2693 3174 lluuc
2717 3136 2844 3187 ergo
2872 3137 2990 3175 cum
3011 3124 3227 3176 vidisset
3257 3124 3465 3188 Petrus,

1933 3207 2239 3262 dicitJesu:
2268 3207 2431 3277 438
2484 3209 2727 3272 Domine,
2777 3211 2863 3263 hic
2901 3220 3080 3263 autem
3130 3211 3293 3277 quid?
3332 3212 3469 3266 Dicit

1932 3296 1979 3349 ei
2011 3296 2161 3349 Jesus
2187 3311 2200 3347 :
2232 3295 2285 3349 Si
2308 3311 2428 3349 eum
2453 3297 2605 3348 velim
2631 3312 2867 3363 manere,
2901 3299 3067 3351 donec
3095 3300 3467 3368 veniam,quid

1934 3385 1999 3437 ad
2038 3385 2126 3436 te?
2155 3384 2231 3436 Tu
2263 3399 2346 3437 me
2378 3399 2618 3452 sequere.
2648 3385 2791 3437 Exiit
2823 3401 2951 3451 ergo
2979 3402 3154 3440 sermo
3196 3389 3283 3439 ille
3328 3390 3467 3442 inter

1933 3474 2143 3534 fratres,
2175 3475 2313 3539 quod
2345 3474 2636 3541 discipulus
2663 3475 2748 3527 ille
2776 3491 2878 3528 non
2917 3487 3245 3540 moreretur,
3281 3485 3335 3527 et
3362 3492 3462 3528 non

1932 3563 2135 3614 dixerat
2163 3562 2209 3614 ei
2258 3561 2446 3615 Jesus:
2483 3563 2596 3614 Non
2644 3564 2896 3626 moritur,
2940 3565 3029 3616 sed
3071 3564 3115 3616 si
3156 3565 3311 3617 velim
3346 3579 3463 3617 eum

1934 3665 2170 3711 manere,
2204 3651 2371 3703 donec
2407 3652 2638 3714 veniam,
2669 3652 2793 3718 quid
2828 3655 2891 3702 ad
2921 3652 3008 3703 te?
3036 3669 3056 3701 ›
3093 3653 3244 3716 Quod
3289 3663 3463 3704 autem

1932 3738 2221 3805 discipulus
2248 3739 2347 3791 iste
2370 3740 2457 3806 qui
2486 3740 2704 3806 scripsit
2730 3740 3093 3806 Evangelium,
3118 3743 3189 3793 sit
3210 3741 3465 3801 Joannes,

1932 3828 2102 3894 liquet
2138 3842 2202 3880 ex
2232 3828 2317 3880 his
2347 3843 2464 3895 quae
2493 3828 2961 3895 subiunguntur":
3019 3845 3037 3877 ι
3071 3828 3166 3879 llic
3196 3839 3277 3881 est
3308 3830 3467 3881 disci-

1932 3916 2091 3983 pulus
2119 3916 2204 3968 ille
2229 3918 2319 3984 qui
2350 3917 2709 3969 testimonium
2728 3917 2968 3982 perhibet
2993 3917 3057 3968 de
3084 3916 3165 3969 his
3182 3924 3235 3968 et
3254 3917 3467 3984 scripsit

1934 4007 2099 4059 haec.»
2150 4005 2383 4059 Observa
2417 4018 2593 4058 autem
2638 4006 2689 4057 in
2744 4007 2979 4072 utrisque
3016 4005 3281 4072 Evangelii
3313 4006 3466 4070 locis,

268 4095 446 4159 τάττοις
470 4095 567 4148 τοῦ
612 4094 952 4162 Εὐαγγελίου
983 4094 1101 4147 τίνα
1133 4096 1328 4165 τρόπον
1370 4096 1397 4145 ὁ
1423 4095 1622 4165 Πέτρος
1646 4096 1719 4158 ὡς
1742 4097 1832 4148 ἐπὶ

1934 4109 2158 4162 quonam
2185 4105 2337 4160 pacto
2361 4094 2551 4147 Petrus
2570 4094 2707 4146 velut
2725 4094 3165 4162 quamplurimum
3186 4094 3255 4146 illi
3279 4095 3464 4159 ﬁdens,

268 4182 443 4236 πλεῖον
485 4183 641 4252 αὐτῷ
681 4179 906 4252 θαρρῶν
927 4220 941 4244 ,
977 4181 1068 4233 καὶ
1117 4181 1530 4250 ἀνακεκλιμένος
1559 4181 1664 4251 (84)
1701 4183 1831 4233 ὅπου

269 4273 364 4341 μὲν
384 4273 529 4325 νεύει
561 4272 719 4341 αὐτῷ
741 4310 756 4334 ,
795 4271 888 4323 καὶ¹
929 4270 1107 4337 λέγει·
1149 4288 1168 4320 ι
1202 4270 1297 4332 Τίς
1335 4271 1449 4322 ἐστι
1473 4270 1581 4339 (85)
1614 4271 1738 4341 περὶ
1773 4267 1831 4324 οὗ

265 4361 292 4411 6
327 4362 529 4431 Ἰησοῦς
563 4358 944 4431 προδώσοντός
980 4375 1180 4427 φησιν;
1217 4377 1236 4409 ι
1264 4359 1396 4415 ὅπου
1420 4359 1474 4410 δὲ
1519 4358 1637 4411 ίδὼν
1673 4361 1830 4412 αὐτὸν

263 4451 682 4518 ἀκολουθοῦντα,
702 4451 783 4513 ὡς
809 4450 1101 4518 φροντίζων
1123 4449 1283 4501 αὐτοῦ
1316 4449 1507 4518 μᾶλλον
1530 4452 1676 4520 παρὰ
1707 4452 1831 4514 τοὺς

264 4538 500 4604 λοιποὺς,
532 4542 686 4608 λέγει
716 4539 801 4608 τῷ
842 4537 1012 4609 Ἰησοῦ
1038 4541 1162 4609 περὶ
1184 4538 1346 4593 αὐτοῦ
1369 4555 1383 4569 ⁸
1427 4556 1446 4588 α
1472 4539 1661 4607 Κύριε,
1684 4534 1836 4604 οὗτος

264 4627 317 4680 δὲ
342 4630 434 4693 ei;
472 4651 492 4683 ι
529 4631 864 4700 βουλόμενος
897 4628 1082 4698 μαθεῖν
1124 4631 1216 4681 καὶ
1255 4629 1317 4679 τὸ
1361 4627 1499 4680 κατά
1529 4628 1618 4680 τὸν
1659 4631 1836 4682 Ἰωάν-

265 4731 358 4785 νην
382 4718 537 4782 τέλος
561 4759 577 4783 ,
609 4720 823 4789 ὁμοίως
846 4717 923 4786 τῷ
950 4719 1237 4785 ἐγνωκέναι
1256 4716 1323 4768 τὰ
1354 4717 1480 4785 περὶ
1517 4718 1702 4781 αὐτοῦ,
1729 4721 1828 4781 ὅτι,

268 4804 389 4857 ὃταν
418 4808 666 4878 γηράσῃ,
698 4808 912 4858 ἐκτενεῖ
934 4804 1043 4875 (86)
1075 4806 1169 4867 τὰς
1194 4806 1380 4873 χεῖρας
1406 4803 1591 4865 αὐτοῦ,
1621 4808 1714 4857 καὶ
1742 4806 1834 4859 ἀλ-

1934 4194 1988 4236 et
2014 4188 2358 4247 accumbens,
2384 4184 2673 4252 aliquando
2705 4185 2914 4251 quidem
2950 4184 3132 4236 innuat
3163 4183 3352 4237 Joanni
3392 4186 3470 4236 di-

1935 4286 2099 4324 cens:
2129 4289 2146 4321 ι
2173 4271 2303 4335 Quis
2318 4279 2420 4334 est,
2440 4272 2504 4322 de
2522 4283 2628 4336 quo
2643 4270 2920 4336 prodituro
2942 4267 3094 4321 Jesus
3121 4269 3356 4335 loquitur
3374 4269 3393 4300 ⁹
3413 4269 3464 4321 ἲ»

1933 4358 2220 4426 aliquando
2249 4371 2379 4410 vero
2407 4372 2529 4409 eum
2563 4356 2784 4409 intuitus
2818 4365 3150 4424 sequentem,
3198 4356 3359 4409 veluti
3410 4356 3471 4408 il-

1934 4450 2034 4501 lius
2068 4447 2347 4515 plusquam
2379 4454 2688 4499 cancrorum
2725 4458 2906 4498 curam
2937 4446 3155 4508 habens,
3182 4446 3320 4498 dicat
3345 4444 3468 4498 Jesu

1934 4538 1999 4587 de
2027 4548 2130 4586 eo:
2186 4552 2204 4583 ι
2237 4533 2479 4596 Domine,
2521 4534 2604 4586 hic
2648 4544 2824 4585 autem
2869 4533 2994 4613 quid
3020 4534 3105 4585 ‘°?
3135 4553 3154 4584 ι
3192 4534 3346 4585 linem
3379 4533 3467 4586 Jo-

1931 4624 2086 4677 annis
2114 4623 2320 4676 discere
2359 4622 2560 4687 voleus,
2603 4624 2826 4690 perinde
2863 4633 3021 4689 atque
3049 4636 3203 4673 suum
3243 4635 3471 4688 agnoveo

1931 4723 2050 4777 rat,
2087 4727 2277 4780 nempe
2306 4714 2449 4779 quod
2474 4727 2592 4765 cum
2646 4712 2928 4772 senuisset,
2983 4711 3217 4762 futurum
3262 4717 3379 4761 erat
3413 4717 3473 4760 ut

1937 4816 2127 4855 manus
2177 4815 2304 4854 suas
2345 4801 2679 4863 extenderet,
2708 4808 2762 4852 et
2801 4798 2934 4850 alius
2965 4811 3084 4850 eum
3132 4798 3388 4863 cingeret,
3421 4802 3476 4847 et

267 4893 354 4955 λος
384 4896 545 4948 αὐτὸν
571 4896 765 4959 ζώσει,
804 4895 894 4945 καὶ
922 4893 1055 4945 οἴσει
1082 4895 1210 4945 ὅπου
1236 4892 1297 4942 οὐ
1327 4890 1484 4943 θέλει.
1514 4893 1688 4963 Εἴπερ
1718 4894 1773 4945 δὲ
1800 4893 1833 4945 ἃ

1943 4892 2159 4946 duceret
2192 4906 2296 4958 quo
2330 4904 2435 4942 non
2466 4888 2622 4942 vellet
2646 4889 2708 4942 “.
2743 4889 2892 4951 Quod
2922 4889 2965 4939 si
3006 4900 3132 4937 vero
3165 4886 3326 4936 verba
3351 4898 3475 4951 qua:

273 4982 442 5038 nam
469 4987 700 5057 ῥήματα
727 4986 758 5036 6
795 4984 1018 5052 Ἰησοῦς,
1044 4982 1253 5050 πνεῦμά
1284 4982 1418 5044 ἐστι,
1454 4984 1545 5034 καὶ
1565 4984 1630 5034 οὐ
1664 4985 1837 5055 γράμ-

276 5085 369 5148 μα,
394 5070 461 5124 δι’
490 5072 630 5127 ὅλων
656 5072 773 5142 ζωή
803 5072 937 5135 ἐστι,
960 5071 1049 5123 καὶ
1079 5066 1323 5136 οὐδαμῶς
1354 5067 1600 5131 θάνατος,
1625 5069 1720 5121 καὶ
1751 5087 1837 5138 μι-

1943 4980 2147 5033 locutus
2171 4990 2254 5033 est
2276 4979 2450 5041 Jesus,
2476 4977 2695 5045 spiritus
2723 4985 2848 5028 sunt
2868 4977 2939 5037 ¹¹,
2965 4983 3017 5026 et
3049 4987 3151 5025 non
3187 4974 3383 5035 littera,
3422 4975 3479 5025 in

1943 5071 2132 5138 quibus
2159 5070 2405 5123 omnibus
2431 5068 2535 5119 vita
2579 5079 2682 5130 est,
2709 5074 2763 5118 et
2814 5077 3074 5130 nusquam
3109 5075 3285 5127 mors,
3316 5069 3368 5114 et
3397 5062 3477 5117 di-

344 5231 537 5299 ‘Joan.
562 5230 802 5299 χιιι,εὸ
839 5245 947 5299 seq.
1021 5231 1039 5260 ⁷
1065 5228 1214 5285 Joau.
1259 5239 1376 5290 xxi,
1409 5228 1493 5291 20,
1530 5241 1653 5294 seq.
1732 5228 1753 5259 ⁸
1788 5228 1916 5281 ibid.
1942 5228 2031 5280 ει.
2107 5231 2126 5259 ⁹
2151 5227 2302 5281 .loan.
2339 5222 2569 5285 xutﬂl.
2647 5221 2857 5276 “Joan.
2881 5216 3081 5279 “1,21.
3157 5215 3201 5249 η
3224 5215 3353 5272 ibid.
3384 5219 3470 5277 i8,

276 5298 316 5328 ε’
353 5298 509 5354 Joan.
536 5315 616 5366 vt,
644 5297 736 5352 64.

346 5426 454 5493 (85)
477 5426 654 5480 Codex
686 5423 909 5493 Regius,
940 5421 1180 5493 Elim)on
1202 5417 1569 5493 Ἰσκαριώτου.

346 5427 433 5493 (85
477 5426 654 5480 Codex
686 5426 909 5491 Regius,
940 5426 1160 5488 Σίμωνος
1204 5426 1404 5483 Ἰσκαρι

346 5426 459 5572 (8δέ
480 5494 664 5549 Codex
695 5491 913 5556 Regius,
942 5484 1404 5560 προσκεκλιμένος.

2013 5426 2122 5493 (85)
2160 5421 2305 5478 Idem
2340 5424 2501 5475 codex
2518 5422 2753 5493 Begius,
2777 5422 2903 5493 εἰπεΔ
2925 5416 3007 5479 τίς
3036 5418 3175 5470 ἐστι.

2011 5488 2122 5571 (86)
2155 5498 2295 5551 Idem
2322 5492 2489 5547 codex
2513 5488 2726 5559 Regius,
2762 5488 3008 5544 ἐκτείνει.
