3820 6226
263 250 363 306 799
1675 232 1771 289 Olli

3444 211 3554 265 800

266 362 500 429 scipulus
516 370 669 427 quem
698 351 943 420 diligebat
967 347 1143 412 Jesus,
1169 345 1343 414 ipsum
1368 345 1608 413 imitans,
1631 348 1774 415 spiri-

2049 360 2162 405 ενος
2196 343 2356 396 αὐτὸν
2392 341 2420 393 ό
2465 337 2712 410 μαθητὴς
2744 336 2809 389 δν
2841 333 3091 429 ,ὴγάπῗ
3107 368 3126 392 ,
3457 329 3554 378 καὶ

270 411 378 505 tum
402 460 453 504 et
480 411 638 500 viiam
659 442 889 509 scripsit,
916 437 1310 506 intelligendum
1335 445 1417 489 est
1438 436 1564 490 illud
1589 454 1602 488 :
1637 435 1778 490 «Eral

2065 430 2363 498 ἀναγράφει
2385 445 2397 456 ’
2428 425 2723 480 ἀκουστέον
2770 419 2873 474 τοῦ
2894 437 2907 449 ·
2952 436 2974 468 ι
3002 413 3128 468 Ἶιν
3164 411 3550 519 ἀνακείμενος

271 537 578 594 recumbens
601 546 735 585 unus
762 544 827 582 ex
852 526 1122 595 discipulis
1137 526 1251 594 ejus
1274 525 1329 577 in
1351 525 1468 579 sinu
1495 524 1674 588 Jesu,»
1700 540 1779 592 prt

2042 537 2062 571 ι
2089 519 2192 571 τῶν
2225 516 2475 588 μαθητῶν
2504 513 2669 567 αὐτοῦ
2699 514 2759 564 ὲν
2788 509 2875 579 τῷ
2901 508 3118 574 κόλπῳ
3154 502 3262 554 τοῦ
3303 502 3550 595 ’1ησοῦ,ἷ

270 628 521 695 dignitate
570 620 807 681 honoris,
859 632 1017 686 quem
1063 618 1387 670 conveniens
1415 625 1497 671 est
1531 615 1665 669 Filio
1700 616 1772 668 De

2046 609 2176 677 ῖτῆς
2210 607 2369 676 τιμῆς
2392 605 2459 674 ἠν
2486 603 2689 672 πρέπει
2725 600 2843 703 (87')
2874 595 3102 701 διδόναι
3138 590 3256 703 τὸν.
3281 587 3423 688 Υἱδν
3456 587 3554 701 τοῖς

269 687 415 773 δεῖτε,
448 720 501 762 et
519 709 564 761 ei
588 722 743 774 quem
766 707 878 773 ipse
906 706 1171 768 dilexerit,
1192 705 1456 772 accipere,
1478 713 1532 758 et
1550 704 1777 759 existimt

2077 698 2165 750 καὶ
2192 695 2482 766 λαμϐάνειν
2507 692 2597 744 τὸν
2627 687 3016 757 ἀγαπώμενον
3050 687 3157 735 ὑπ’
3187 687 3373 733 αὐτου
3400 694 3415 706 ·
3455 687 3556 727 καὶ

269 767 411 866 quod
436 767 682 864 quamris
710 767 1002 863 symbolice
1039 767 1373 847 recumberet
1413 767 1520 846 tum
1547 790 1777 861 tempori:

2049 790 2134 850 ω,
2170 787 2281 849 ὅτι,
2324 787 2372 836 εἰ
2415 783 2509 835 καὶ
2554 777 2910 850 συμϐολικῶς
2965 773 3112 826 τότε
3161 767 3557 836 ἀνακείμενος

267 858 495 941 Joannes
548 885 600 937 in
648 884 766 936 sinu
815 880 963 944 Jesn,
1016 882 1115 934 hoc
1154 897 1376 937 munere
1408 883 1654 951 dignatus
1701 896 1775 934 cet

2050 893 2158 944 δνης
2203 872 2269 945 ἦν
2304 878 2360 927 ὲν
2401 873 2479 942 τῷ
2523 873 2713 940 κόλπῳ
2753 868 2851 921 τοῦ
2904 862 3151 933 Ἰησοῦ,
3212 860 3323 951 τοῦ
3370 858 3558 951 γέρως

270 974 532 1043 praecipuo
558 987 740 1025 amore
766 970 1008 1038 Magistri
1035 969 1250 1023 habitus
1292 971 1504 1038 dignus,
1532 970 1632 1023 ltoc
1656 984 1771 1038 sym

2051 982 2083 1016 υ
2114 964 2362 1028 ἀξιωθεὶς
2393 963 2469 1026 ὼς
2506 962 2789 1031 ὲξαιρὲτου
2832 950 3357 1050 ἀγάπησκριθξὶς
3405 947 3559 1011 ἄξιος

269 1042 495 1119 liolicum
520 1063 773 1116 denotare
795 1059 1078 1125 Joannem,
1109 1061 1373 1115 addictum
1405 1062 1455 1114 in
1490 1061 1777 1116 Sermonen

2051 1054 2127 1106 ,πὸ
2156 1053 2246 1105 τοῦ
2274 1050 2606 1104 Διδασκάλου
2627 1088 2644 1113 ,
2686 1049 2749 1100 τὸ
2788 1042 3152 1116 συμϐολικὸν
3184 1042 3362 1091 τοῦτο
3412 1052 3559 1106 παρ-

270 1154 460 1208 Filium
488 1152 600 1215 Dei,
631 1164 972 1219 propensum,
1001 1159 1055 1203 et
1083 1148 1156 1202 illi
1190 1148 1409 1201 multum
1440 1147 1725 1211 faventem,
1753 1149 1778 1200 in

2054 1162 2135 1207 rw,
2164 1145 2244 1196 ὅτι
2279 1144 2527 1211 Ἰωάννης
2552 1139 2921 1209 ἀνακείμενος
2949 1133 3045 1204 τῷ
3077 1131 3284 1200 Λόγῳ,
3321 1128 3423 1182 καὶ
3446 1128 3562 1219 rei;

274 1243 536 1309 rebusque
565 1240 948 1294 secretioribus
990 1239 1446 1305 acquiescentem,
1497 1240 1782 1292 recubuisst

2058 1236 2326 1305 ικωτέροις
2357 1231 2765 1299 ὲναπαυόμενος
2788 1266 2804 1291 ,
2844 1225 3125 1279 ἀνέκειτο
3280 1221 3407 1281 τοῖς
3438 1216 3566 1309 κόλ-

273 1333 325 1382 in
358 1306 564 1384 sinibus
588 1329 873 1382 Sermonis
904 1326 1045 1397 [Filii
1077 1326 1217 1397 Dei],
1249 1328 1468 1395 perinde
1499 1336 1659 1395 atque
1691 1327 1781 1395 ipsi

2057 1324 2146 1378 τοῦ
2180 1326 2372 1391 Λόγου,
2394 1321 2656 1387 ἀνάλογον
2691 1317 2771 1388 τῷ
2801 1315 2902 1369 καὶ
2936 1314 3127 1367 αὐτὸν
3165 1306 3324 1363 εἶναι
3350 1307 3565 1397 ὲνᾼτοῖς

275 1420 365 1473 Dei
398 1421 584 1472 Sermo
624 1429 708 1474 est
728 1419 780 1470 in
808 1395 1013 1472 sini—bus
1036 1395 1229 1480 Patris,
1257 1418 1407 1486 juxta
1438 1417 1600 1472 illud:
1632 1435 1652 1468 ι
1685 1417 1783 1473 Uni

2055 1432 2126 1476 οις
2151 1413 2243 1465 τοῦ
2276 1410 2508 1481 Πατρός,
2541 1408 2687 1462 κατά
2714 1407 2779 1460 τό
2803 1424 2819 1436 ο
2862 1424 2881 1456 ι
2923 1405 2993 1456 '0
3031 1398 3370 1472 μονογενὴς
3400 1395 3563 1458 Θεὸς,

275 1509 489 1577 genitus
519 1509 680 1571 Deus,
712 1507 802 1574 qui
839 1516 923 1561 est
953 1507 1005 1560 in
1034 1507 1152 1560 sinu
1192 1505 1390 1571 Patris,
1437 1508 1550 1574 ipse
1595 1522 1783 1561 enarra

2056 1511 2134 1571 είς
2164 1508 2255 1559 τὸν
2281 1505 2480 1558 κόλπον
2500 1501 2591 1555 τοῦ
2620 1499 2865 1569 Πατρὸς,
2889 1497 3129 1555 ἐκεῖνος
3151 1490 3509 1561 ἐξηγήσατο.
3541 1504 3560 1536 ι

276 1598 352 1650 vit
373 1598 467 1650 ¹³.›
497 1596 634 1662 Quin
663 1594 764 1649 nisi
788 1594 1045 1662 abiectius
1078 1594 1436 1664 intelligamus
1461 1597 1560 1650 hoc
1583 1596 1778 1649 dictum

2059 1601 2080 1668 ὴ
2118 1588 2497 1663 ταπεινότερον
2517 1592 2574 1644 δὲ
2600 1589 2880 1658 ἀκούομεν
2910 1586 3022 1638 καὶ
3069 1580 3181 1635 τοῦ
3203 1598 3219 1611 ο
3259 1599 3280 1630 ι
3306 1579 3567 1668 Ἐγένετο

283 1703 302 1734 α
334 1685 525 1737 Evenit
553 1691 730 1737 autem
764 1690 824 1736 ut
853 1690 1155 1736 moreretur
1184 1683 1477 1745 mendicus,
1508 1693 1561 1736 et
1589 1683 1791 1738 deduce

2058 1665 2276 1738 τοθανεῖν
2298 1683 2387 1735 τὸν
2410 1681 2645 1748 πτωχὸν,
2670 1679 2769 1731 καὶ
2802 1673 3213 1743 ἀπενεχθῆναι
3248 1669 3425 1767 aitth
3440 1665 3566 1767 ea».

278 1786 426 1831 retur
450 1779 515 1829 ab
537 1776 740 1845 angelis
768 1777 820 1829 in
849 1775 1023 1829 sinum
1053 1773 1516 1836 Abrahte“,ttale
1559 1775 1786 1843 quiddan

2059 1774 2288 1842 Ξιγγέλων
2325 1775 2404 1835 εἰς
2431 1771 2521 1823 τὸν
2554 1769 2756 1822 κόλπον
2799 1764 3121 1836 ’Δϐραὰμ,
3164 1779 3187 1812 ι
3223 1757 3487 1812 τοιοῦτόν
3512 1772 3567 1807 τι

279 1866 344 1917 de
374 1865 492 1918 sinu
518 1864 744 1917 Abralta:
772 1863 930 1916 etiam
961 1860 1444 1924 considerabimus,
1504 1863 1647 1929 quod
1674 1864 1787 1914 bunt

2058 1867 2157 1936 rapi.
2187 1863 2277 1916 τοῦ
2309 1864 2509 1916 κόλπου
2551 1859 2808 1931 ’Λϐραάμ
2840 1859 3143 1928 νοήσομεν
3190 1852 3316 1923 (88)
3338 1867 3352 1880 ⁶
3402 1850 3566 1918 ὅπερ.

282 1952 333 2002 in
386 1950 599 2003 modum
654 1949 1048 2008 enarrabimus,
1099 1959 1195 2000 nos
1247 1944 1591 2003 defendentes
1628 1958 1790 2003 contr:

2061 1954 2205 2015 ,ὓτως
2233 1950 2619 2022 διηησώμεθα
2644 1990 2659 2012 ,
2690 1947 3218 2016 ἀπολογησάμενοι
3272 1941 3422 2012 πρὸς
3467 1939 3569 2006 τὴν

280 2039 665 2093 dubitationem
683 2053 746 2091 ex
766 2037 1066 2106 ignorantia
1093 2036 1389 2104 Scriptura:
1419 2038 1632 2090 ductam
1664 2038 1729 2090 ab
1753 2052 1788 2090 Ct

2076 2044 2292 2112 ἄγνοιαν
2327 2044 2454 2111 περὶ
2481 2041 2582 2109 τῆς
2615 2039 2840 2110 Γραφῆς
2878 2036 3272 2107 ὲπαπόρησιν
3292 2071 3309 2093 ,
3341 2030 3569 2099 λεχθείη

281 2128 368 2192 qui
384 2141 637 2195 spernere
651 2125 1221 2179 voluitenarrationem
1242 2125 1309 2178 de
1323 2124 1485 2177 divite
1498 2132 1551 2176 et
1564 2139 1789 2191 paupere

2062 2131 2112 2183 τὸ
2140 2130 2231 2183 τοῦ
2267 2129 2616 2198 βουληθέντος
2646 2126 2919 2195 ἀθετῆσαι
2953 2124 3070 2194 τὴν
3105 2124 3254 2193 περὶ
3277 2121 3377 2174 τὸν
3406 2118 3570 2173 πλού-

287 2235 305 2266 ι
329 2216 456 2268 Nam
470 2215 514 2269 si
535 2214 888 2279 recumbebat,
908 2214 1100 2281 inquit,
1119 2213 1349 2266 Lazarus
1364 2213 1549 2281 in‘sinu
1567 2214 1794 2266 Abralne

2066 2219 2159 2272 καὶ
2210 2219 2299 2270 τὸν
2331 2217 2538 2286 πένητα
2569 2216 2827 2284 διήγησιν
2852 2229 2866 2242 ·
2932 2231 2953 2263 ι
3001 2212 3077 2263 Εἰ
3116 2211 3243 2280 γάρ
3287 2209 3567 2270 ἀνέκειτο,

277 2302 442 2370 439
489 2302 626 2356 alter
653 2312 936 2371 antequam
981 2302 1068 2356 hic
1114 2317 1177 2355 ex
1221 2303 1319 2355 hac
1348 2303 1453 2354 vita
1508 2304 1785 2356 excederet

2058 2326 2118 2364 ν.
2179 2309 2257 2369 εἰς
2301 2306 2390 2358 τὸν
2455 2304 2652 2357 κόλπον
2710 2301 2807 2354 τοῦ
2851 2301 3145 2372 Ἀϐραὰμ.
3194 2302 3228 2352 ό
3280 2298 3566 2369 Λάζαρος,

283 2393 471 2445 eratin
497 2393 721 2446 Abrahae
738 2394 880 2458 sinu,
903 2401 956 2446 et
986 2402 1110 2446 ante
1136 2392 1283 2446 illum
1307 2393 1442 2447 alius
1468 2408 1483 2446 :
1505 2394 1632 2461 quin
1656 2394 1791 2447 ctian

2062 2415 2102 2461 >ς
2134 2398 2240 2468 πρὸ
2275 2396 2369 2449 τοῦ
2402 2396 2587 2448 τοῦτον
2630 2394 2875 2459 ἐξελθεῖν
2921 2392 3031 2444 τοῦ
3074 2392 3237 2461 βίου,
3277 2386 3354 2461 ἦν
3396 2393 3456 2441 ὲν
3492 2387 3570 2457 τῷ

284 2480 410 2546 alio,
463 2481 634 2549 inquit
660 2519 675 2543 ,
706 2480 854 2549 justo
896 2495 962 2534 ex
1014 2481 1122 2534 vita
1160 2481 1446 2534 decedente
1474 2519 1492 2545 ,
1544 2482 1788 2535 mendica

2062 2506 2103 2557 ῳ
2141 2486 2234 2540 τοῦ
2263 2484 2547 2556 Ἀϐραὰμ,
2599 2485 2695 2537 καὶ
2752 2484 2866 2554 πρὸ
2901 2484 3145 2536 ἐκείνου
3185 2482 3380 2544 ἄλλος’
3435 2479 3570 2533 ἀλλὰ

287 2579 553 2636 assurget.
592 2588 609 2620 ι
643 2568 747 2622 Sed
783 2568 873 2636 qui
906 2570 971 2623 de
998 2572 1146 2624 hisce
1176 2571 1406 2633 dubitat,
1444 2587 1551 2626 non
1584 2572 1714 2625 vidit
1744 2574 1788 2626 si

2059 2577 2384 2647 ἱλλου,φησὶ,
2407 2576 2613 2629 δικαίου
2644 2574 2997 2640 ἐξελθόντος,
3024 2577 3059 2627 ὁ
3078 2575 3320 2643 πτωχὸς
3358 2574 3567 2626 ὑπανα-

288 2671 413 2708 num
440 2657 703 2721 Abraltm;
740 2671 838 2710 nec
884 2656 1042 2711 facile
1088 2657 1228 2711 factu
1252 2673 1370 2712 esse
1399 2660 1548 2726 vidit,
1583 2669 1639 2712 ut
1666 2661 1790 2712 iunu

2060 2684 2203 2720 εται·
2249 2686 2267 2718 ι
2321 2667 2382 2719 οὐ
2413 2666 2522 2734 γάρ
2573 2663 2722 2732 ἑώρα
2770 2664 2866 2717 τὸν
2901 2664 3134 2717 κόλπον
3165 2664 3273 2716 τοῦ
3308 2662 3568 2733 ’Δϐραὰμ

290 2746 420 2798 meri
452 2746 503 2798 in
552 2746 668 2797 sinu
700 2746 928 2798 Abrahae
958 2761 1060 2798 una
1095 2748 1499 2815 conquiescant,
1540 2748 1795 2816 participe

2060 2757 2111 2826 pl.
2138 2753 2337 2806 τούτων
2364 2752 2686 2823 ὲπαπορῶν,
2736 2752 2837 2804 καὶ
2883 2753 2979 2806 ὅτι
3020 2752 3278 2805 δυνατόν
3315 2754 3439 2804 ἐστι
3481 2768 3568 2819 μυ-

292 2848 467 2887 rermn
499 2833 577 2885 illi
608 2843 951 2890 retectarum.
998 2833 1091 2888 Sin
1122 2849 1250 2889 vero
1295 2836 1467 2890 locum
1518 2837 1679 2890 alium
1727 2852 1800 2905 pri

2060 2862 2073 2907 ;
2105 2846 2162 2896 ὲν
2186 2843 2264 2912 τῷ
2292 2843 2477 2911 κόλπῳ
2499 2840 2594 2892 τοῦ
2623 2840 2890 2911 Ἀϐραὰμ
2943 2841 3082 2910 ἅμα
3131 2839 3568 2895 ἀναπαύσεσθαι

291 2926 436 2979 sinus
459 2925 857 2979 nomenclatura
891 2927 943 2979 in
983 2926 1216 2980 medium
1247 2926 1488 2995 proferre
1507 2942 1638 2997 opus
1662 2928 1795 2982 fueri

2062 2929 2312 2991 υνοῦντας
2352 2928 2459 2980 τῶν
2485 2927 3010 2995 ἀποκαλυφθέντων
3055 2929 3251 2998 αὐτῷ.
3294 2930 3365 2982 El
3393 2930 3452 2982 δὲ
3479 2929 3570 2981 καὶ

289 3030 354 3069 ex
384 3016 681 3084 Scriptura,
713 3031 809 3085 age
833 3016 1204 3069 examinemus
1233 3030 1463 3084 quonam
1496 3027 1649 3084 pacto
1680 3017 1797 3071 dixe

2060 3020 2259 3074 ντόπον
2304 3018 2428 3088 περὶ
2459 3018 2560 3087 τῆς
2598 3017 2693 3070 τοῦ
2728 3017 2945 3070 κόλπου
3006 3019 3344 3089 ὀνομασίας
3393 3019 3568 3088 δεήσει

295 3106 363 3158 rit
397 3106 648 3159 Dominus
699 3105 904 3176 Moysi:
945 3123 964 3156 ι
1000 3104 1207 3159 Rursus
1252 3104 1393 3159 infer
1438 3121 1649 3160 manum
1682 3121 1803 3161 tuan

2061 3111 2258 3164 ιθέσθαι
2316 3109 2422 3162 ἀπὸ
2469 3109 2571 3178 τῆς
2638 3108 2875 3180 Γραφῆς
2903 3148 2921 3172 ,
2990 3111 3146 3181 φέρε
3212 3112 3569 3181 ἐξετάσωμεν

296 3194 347 3245 in
398 3194 572 3248 sinum
610 3203 787 3258 tuum;
847 3203 900 3248 et
923 3193 1104 3247 intulit
1133 3208 1348 3247 manum
1392 3208 1541 3248 suam
1573 3195 1623 3248 in
1654 3197 1804 3249 siuun

2088 3200 2283 3270 τρόπον
2313 3194 2435 3251 εἷπε
2462 3197 2668 3270 Κύριος
2706 3198 2788 3268 τῷ
2832 3200 3072 3272 Μωῢσῇ
3105 3219 3121 3233 ο
3171 3221 3193 3253 ι
3241 3202 3427 3256 Πάλιν
3462 3204 3571 3255 εἰσι

295 3297 483 3347 suum;
532 3297 762 3346 eumque
813 3284 1113 3337 exeruisset
1159 3299 1276 3337 eam
1325 3299 1356 3338 e
1400 3284 1517 3337 sinu
1565 3299 1681 3348 suo,
1716 3301 1803 3337 era

2063 3306 2143 3341 ιον
2175 3288 2270 3358 τὴν
2325 3288 2484 3357 χεῖρά
2515 3304 2609 3340 σου
2640 3288 2722 3351 εἰς
2752 3288 2848 3341 τὸν
2886 3289 3120 3344 κόλπον
3153 3309 3259 3345 σου
3281 3310 3296 3323 ·
3328 3294 3432 3346 καὶ
3459 3295 3571 3344 stc-

300 3387 482 3426 mauus
511 3372 624 3438 ejus
650 3372 881 3440 Ieprosa,
910 3372 1052 3426 velut
1074 3374 1187 3426 nix.
1217 3372 1282 3425 Et
1309 3372 1445 3425 dixit
1471 3389 1485 3425 :
1515 3371 1694 3427 lusere
1718 3390 1808 3426 ma

2065 3396 2122 3431 κε
2172 3380 2271 3447 τὴν
2309 3381 2467 3449 χεῖρα
2491 3379 2657 3430 αὐτοῦ
2695 3381 2777 3442 εἰς
2814 3379 2916 3434 τὸν
2947 3382 3183 3437 κόλπον
3226 3385 3408 3438 αὑτοῦ
3430 3402 3445 3415 ’
3481 3384 3573 3438 καὶ

299 3474 423 3512 num
453 3468 591 3512 tuam
618 3459 671 3512 iu
709 3460 880 3513 sinum
912 3470 1078 3527 tuum,
1108 3470 1165 3515 et
1193 3461 1415 3515 inseruit
1443 3476 1654 3514 manum
1682 3477 1807 3515 suan

2063 3484 2212 3535 εγκεν
2239 3467 2405 3537 αὐτὴν
2439 3471 2503 3520 ὲκ
2531 3467 2626 3520 τοῦ
2648 3468 2857 3522 κόλπου
2888 3472 3108 3525 αὐτοῦ’
3146 3477 3256 3529 καὶ
3288 3477 3515 3545 ἐγένετο
3540 3477 3571 3544 ἡ

301 3554 353 3605 in
387 3552 560 3605 sinum
587 3567 762 3618 suum,
797 3562 851 3607 et
878 3568 997 3606 eum
1021 3557 1317 3610 exemisset
1357 3572 1483 3623 eam,
1508 3572 1539 3611 e
1571 3558 1689 3612 sinu
1712 3574 1809 3611 suo

2098 3557 2257 3609 αὐτοῦ
2299 3556 2555 3625 λεπρῶσα
2608 3556 2721 3626 (89)
2761 3559 2908 3612 ὡσεὶ
2967 3562 3146 3632 χιών.
3206 3566 3334 3618 Καὶ
3380 3562 3570 3617 εἶπεν·

302 3659 509 3697 rursum
546 3645 789 3698 restituta
835 3657 916 3699 est
960 3646 1010 3698 in
1063 3647 1292 3702 colorem
1342 3650 1522 3702 carnis
1555 3664 1663 3702 suae
1696 3648 1760 3701 “.

2066 3662 2211 3712 ιεγκε
2239 3645 2337 3715 τὴν
2371 3647 2526 3716 χεῖρά
2557 3664 2651 3699 σου
2674 3650 2756 3711 εἰς
2776 3649 2875 3702 τὸν
2912 3652 3145 3707 κόλπον
3178 3671 3306 3708 σου·
3328 3657 3432 3710 καὶ¹
3463 3658 3574 3709 εισ-

301 3740 476 3806 Atque
497 3735 708 3791 dill'icile
728 3737 940 3805 quidem
969 3747 1150 3802 csl,ac
1174 3753 1332 3807 supra
1358 3748 1570 3807 captum
1597 3750 1809 3793 nostrun

2067 3751 2121 3786 κε
2158 3735 2255 3804 τὴν
2303 3737 2458 3805 χεῖρα
2511 3736 2676 3789 αὑτοῦ
2720 3740 2805 3800 είς
2838 3740 2939 3793 τὸν
2973 3743 3207 3798 κόλπον
3245 3746 3446 3801 αὐτοῦ’
3481 3748 3575 3800 καὶ

303 3825 502 3891 videre,
531 3826 684 3893 cujus
712 3828 781 3879 rei
807 3835 932 3879 uota
961 3828 1127 3895 possit
1153 3842 1270 3882 esse
1303 3828 1403 3882 hoc
1429 3829 1661 3896 signum.
1692 3829 1808 3893 Quo

2070 3839 2211 3889 εγκεν
2259 3824 2427 3892 αὐτὴν
2482 3826 2548 3877 ὲκ
2596 3825 2690 3878 τοῦ
2726 3827 2943 3882 κόλπου
2984 3833 3204 3899 αὐτοῦ,
3263 3838 3369 3889 καὶ
3419 3836 3578 3889 πάλιν

303 3916 443 3969 niam
498 3930 626 3969 vero
675 3930 779 3969 non
828 3925 1035 3983 oportet
1065 3926 1117 3969 et
1160 3932 1255 3970 nos
1281 3932 1310 3970 a
1342 3918 1629 3985 quaerendo
1655 3918 1811 3970 doleri

2072 3911 2337 3981 ατεστάθη
2409 3914 2488 3975 εἰς
2550 3914 2650 3984 τὴν
2726 3918 2902 3985 χρόαν
2975 3922 3096 3991 τῆς
3180 3926 3402 3996 σαρκὸς
3483 3926 3580 3978 ait-

300 4007 440 4070 quod
490 4002 643 4057 nobis
669 4005 934 4058 succurrit
984 4007 1252 4058 tradentes
1286 4006 1349 4057 ad
1384 4005 1729 4073 iudicandum
1756 4006 1804 4059 lc

2071 4019 2090 4051 ι
2141 4001 2388 4052 Χαλεπὸν
2425 4003 2522 4070 μὲν
2551 3999 2646 4055 οὖν
2697 4005 2828 4059 ἰδεῖν
2885 4010 2993 4062 καὶ
3024 4013 3190 4083 ὑπὲρ
3227 4017 3393 4086 ἡμᾶς
3435 4016 3579 4075 τινος

300 4099 476 4156 cturo,
506 4092 742 4145 dicemus
771 4107 981 4145 manum
1009 4092 1321 4161 plerumque
1349 4095 1717 4159 operatiouum
1744 4109 1808 4147 uo

2070 4092 2194 4145 ἱολον
2227 4087 2363 4144 εἶναι
2396 4091 2624 4146 δύναται
2670 4095 2733 4147 τὸ
2779 4101 3025 4166 σημεῖον
3089 4104 3297 4158 τοῦτο.
3350 4105 3578 4174 Ἐπειδὴ

303 4188 409 4230 tam
441 4192 588 4240 esse;
620 4178 796 4231 sinum
824 4193 951 4231 vero
989 4182 1181 4249 Moysis
1213 4182 1345 4234 duas
1373 4182 1639 4249 potentias
1669 4182 1811 4235 habet

2092 4182 2184 4232 καὶ
2231 4182 2377 4249 ἡμᾶς
2420 4180 2494 4250 μὴ
2523 4182 2715 4250 ἀλγεῖν
2743 4186 2858 4238 ἀπὸ
2914 4188 3023 4242 τοῦ
3081 4190 3291 4262 ζητεῖν
3338 4196 3405 4247 τὸ
3445 4196 3581 4247 ὑπο-

304 4280 362 4317 re
392 4282 407 4317 :
435 4268 663 4334 priorem
691 4266 904 4333 quidem
948 4267 1231 4322 facientem
1271 4268 1424 4335 juxta
1458 4270 1648 4322 littera:
1678 4284 1812 4323 scus:

2074 4288 2129 4324 ον
2161 4272 2239 4332 εἰς
2274 4271 2450 4340 κρίσιν
2490 4274 2830 4343 παραδοῦναι
2871 4278 2958 4347 τῷ
3011 4283 3455 4356 ὲντευξομένῳ,
3482 4287 3582 4355 φή-

303 4355 574 4420 opcrautis
605 4354 888 4417 actionem,
933 4354 1199 4421 lt-prosam
1240 4357 1404 4411 veluti
1432 4358 1543 4421 nix,
1575 4367 1811 4424 quantuu

2074 4378 2099 4412 ν
2131 4358 2260 4429 (90),
2299 4360 2379 4412 ὅτι
2418 4362 2451 4430 ἡ
2493 4363 2617 4433 χεὶρ
2647 4365 2912 4435 πράξεων
2941 4369 3252 4443 πολλαχοῦ
3300 4354 3582 4446 σύμϐολόν

305 4442 371 4495 ad
403 4441 739 4495 Hebraeorum
764 4456 983 4508 vocem;
1016 4447 1361 4510 posteriorem
1395 4462 1519 4501 vero
1549 4448 1813 4501 osteuden

2074 4464 2111 4491 ν·
2147 4449 2174 4499 ὁ
2201 4447 2257 4499 δὲ
2289 4447 2486 4510 κόλπος
2524 4452 2807 4516 Μωῦσέως
2837 4455 2938 4508 δύο
2972 4441 3269 4528 δυνάμεις
3302 4441 3448 4533 ἔχει,
3485 4463 3582 4533 τὴν

307 4540 409 4583 tem
435 4532 736 4583 institutum
761 4532 884 4584 vita:
903 4531 1189 4598 sincerum,
1210 4535 1363 4603 juxta
1389 4537 1720 4604 spiritttalem
1751 4538 1815 4590 |e«

2091 4537 2357 4607 προτέραν
2409 4538 2504 4591 καὶ
2539 4541 2684 4594 κατά
2733 4543 2806 4596 τὰ
2859 4545 2962 4598 τοῦ
3030 4531 3403 4621 γράμματᾷς
3458 4531 3583 4623 νοή-

302 4634 445 4687 gem,
476 4618 773 4672 restitutum
801 4618 866 4672 ad
910 4619 1230 4675 voluntatem
1279 4635 1483 4678 natura:
1510 4633 1561 4678 et
1590 4624 1810 4677 rationis

2074 4643 2087 4677 ι
2138 4625 2393 4678 ποιοῦσαν
2453 4626 2552 4697 τὴν
2618 4632 2827 4701 πρᾶξιν
2864 4632 2967 4687 τοῦ
3446 4618 3582 4695 ὡσεὶ

305 4710 372 4763 Et
410 4710 633 4764 observa
667 4709 808 4777 quod
839 4709 924 4764 ltis
952 4711 1305 4781 sultjungatur
1334 4732 1348 4767 :
1384 4733 1403 4765 ι
1435 4714 1489 4768 Si
1524 4731 1628 4768 non
1664 4715 1808 4767 credi

2094 4751 2110 4777 ,
2158 4714 2279 4765 ὅσον
2333 4714 2428 4767 ἐπὶ
2457 4719 2527 4788 τῇ
2565 4718 2842 4791 Ἐϐραίων
2875 4727 3040 4796 φωνῇ
3062 4764 3078 4788 ,
3109 4728 3145 4797 ἢ
3186 4730 3297 4783 καὶ
3357 4729 3582 4800 λεπρῶ-

305 4799 481 4852 derint
508 4797 626 4861 tibi,
671 4811 844 4866 neque
880 4800 1218 4855 exaudierint
1249 4816 1435 4856 vocem
1467 4800 1626 4869 primi
1671 4799 1806 4867 signi

2104 4802 2201 4871 τὴν
2233 4801 2492 4874 δευτέραν
2522 4807 2619 4860 καὶ
2650 4809 2798 4863 κατά
2828 4811 2925 4863 τὸν
2953 4818 3369 4885 πνευματικὸν
3413 4797 3582 4888 νόμον

305 4889 522 4943 credent
548 4897 722 4942 tamen
752 4888 869 4944 voci
900 4891 1213 4958 posterioris
1241 4892 1379 4960 signi
1406 4892 1489 4955 “3;
1520 4909 1541 4943 ι
1579 4905 1701 4943 nam
1739 4905 1809 4957 qu

2071 4891 2196 4959 ρὰν,
2225 4892 2627 4951 ἀποδεικνῠσαν
2673 4899 2775 4970 τὴν
2806 4900 3132 4967 πολιτείαν,
3171 4907 3281 4959 καὶ
3319 4908 3579 4961 ἀποκαθ-

308 4992 412 5031 nou
453 4976 744 5033 crediderit
789 4979 1216 5050 interpretationi
1249 4981 1460 5045 litteras,
1496 4981 1542 5035 is
1565 4981 1633 5035 ob
1666 4981 1816 5033 animi

2075 4978 2283 5049 ωμένην
2340 4985 2421 5048 εἰς
2469 4987 2532 5039 τὸ
2578 4988 2835 5061 βούλημα
2897 4992 3004 5064 τῆς
3036 4992 3279 5063 φύσεως
3332 4998 3440 5052 τοῦ
3494 4999 3583 5051 λό-

379 5115 421 5146 ¹³
445 5114 750 5180 Joau.t,18.
820 5116 865 5151 “
888 5116 1017 5174 Luc.
1062 5135 1170 5183 xvr,
1194 5118 1283 5171 εε.
1361 5119 1403 5149 ⁸⁸
1442 5117 1610 5173 Exod.
1645 5132 1715 5183 Iv,
1766 5117 1818 5181 6,
1861 5119 1913 5173 7.
1991 5121 2033 5151 ¹⁶
2071 5118 2196 5172 ibid.
2220 5118 2274 5173 8.

380 5224 487 5317 $87)
516 5222 658 5279 Idem
701 5226 866 5283 codex
926 5229 1140 5299 Regius,
1184 5227 1346 5292 ἀξίως
1389 5228 1553 5298 τιμῆς
1590 5222 1658 5296 ἦς
1705 5228 1835 5296 πρέ-

2071 5227 2249 5317 ῧὶέίίξι
2284 5233 2445 5317 ὑπὲέ
2482 5240 2641 5317 ἡμᾶς
2682 5246 2855 5317 τινος
2884 5249 2972 5314 εὶς
2997 5246 3210 5317 κρίσιν
3253 5247 3579 5317 παραδοῖ).

313 5306 419 5342 πει.

381 5355 486 5388 [ΩΩΧ
514 5357 684 5388 Ρωιιι..
735 5361 925 5388 ἰ)..-ε---
998 5364 1306 5388 -.-.L-....-..-
1364 5365 1496 5388 ς---
1543 5363 1634 5388 ιλ...
1672 5361 1821 5388 ,ει-..λ

2661 5299 2967 5388 {private}:
3140 5299 3301 5371 hunc
3344 5299 3578 5388 locum,

380 5355 948 5455 ﬁgfogzﬁpegilus,
997 5364 1307 5433 νοήσωμεν·
1362 5365 1498 5434 ὅπερ
1540 5363 1634 5418 ἐὰν
1671 5361 1837 5426 οὕτως

2090 5365 2101 5374 .
2136 5355 2146 5361 -
2304 5372 2315 5383 ,
2359 5355 2633 5380 vsa“...—
2661 5355 2783 5386 ,μιν
2799 5355 2967 5388 ora.
2998 5355 3090 5372 υ...
3358 5355 3578 5376 “mu...

2070 5372 2392 5455 ,,'_'_',.°f’_d}ce
2432 5383 2626 5455 _l\egin
2666 5390 2897 5446 omnino
2925 5402 3152 5446 mancus
3184 5394 3303 5452 est,
3340 5386 3578 5441 sanitati

314 5422 1090 5517 έσέξΐξῖδαιιὲλτξῖλῗῖηξάμέγοιδ
1467 5422 1478 5434 ’
1819 5422 1822 5425 ’

1467 5422 1478 5434 ·
1819 5422 1831 5426 ⁷
1950 5422 2182 5487 restituit
2212 5422 2401 5500 code;

3609 5154 3615 5191 Ξ
