3820 6192
314 318 404 372 801

1317 314 1664 370 COMMENT.
1709 312 1770 368 IN
1808 311 1996 369 JOAN.
2037 310 2272 368 TOMUS
2309 308 2520 365 XXXII.

3374 298 3480 353 802

313 450 425 501 γου.
446 432 553 485 Καὶ
577 433 733 503 τήρει
762 449 848 502 γε,
878 435 958 487 ὅτι
980 433 1287 504 ἐπιφέρεται
1313 433 1520 495 τούτοις
1543 434 1623 484 τό·
1665 452 1682 482 ι
1718 431 1843 483 Ἐὰν

1956 430 2302 498 praestantiam
2366 427 2549 482 credet
2605 419 2868 490 spirituali
2926 417 3060 486 legis
3126 411 3475 467 enarrationi.

316 523 387 591 μὴ
409 521 737 575 πιστεύσωσί
768 541 870 588 σοι,
900 524 1030 594 μηδὲ
1051 524 1399 578 εἰσακούσωσι
1430 525 1526 593 τῆς
1548 524 1725 592 φωνῆς
1754 522 1846 575 τοῦ

316 609 536 679 σημείου
562 609 657 662 τοῦ
693 611 927 681 πρώτου,
955 612 1293 665 πιστεύσουσί
1319 629 1398 664 σοι
1431 613 1526 682 τῆς
1554 612 1734 680 φωνῆς
1755 611 1847 664 τοῦ

316 698 538 768 σημείου
569 697 663 751 τοῦ
691 698 957 770 δευτέρου·
989 719 1007 752 ι
1038 704 1067 754 6
1095 701 1201 771 γάρ
1233 701 1308 771 μὴ
1345 701 1631 763 πιστεύσας
1658 704 1721 771 τῇ
1757 703 1849 754 ἐκ-

312 788 434 856 δοχῇ
463 785 555 839 τοῦ
590 787 933 857 γράμματος,
971 788 1057 841 διά
1087 789 1428 858 μεγαλόνοιαν
1461 789 1732 841 πιστεύσει
1782 791 1848 858 τῇ

314 881 651 949 πνευματικῇ
703 879 796 930 τοῦ
850 879 1014 948 νόμου
1066 879 1325 949 διηγήσει.
1374 879 1496 932 Ἐἀν
1536 879 1590 931 δέ
1648 896 1729 941 τις
1776 878 1850 949 μὴ

315 967 571 1036 πιστεύσῃ
615 971 726 1030 τοῖς
761 967 878 1019 δυσὶ
927 967 1163 1036 σημείοις
1207 969 1443 1030 τούτοις,
1470 967 1545 1036 τῷ
1584 967 1678 1037 μὲν
1724 984 1853 1037 προ-

311 1056 470 1123 τέρῳ,
511 1055 593 1108 ὅτι
625 1056 829 1125 λεπράν
859 1058 999 1108 ποιεῖ
1025 1056 1121 1126 τὴν
1153 1056 1368 1126 πρᾶξιν,
1396 1056 1473 1125 τῷ
1503 1057 1558 1108 δὲ
1585 1056 1815 1126 δευτέρῳ
1834 1095 1849 1118 ,

312 1147 391 1197 ὅτι
422 1145 847 1215 ἀποκαθίστησιν
867 1146 1030 1214 αὐτὴν
1062 1148 1140 1208 είς
1170 1146 1230 1198 rb
1256 1146 1392 1198 κατά
1419 1147 1595 1214 φύσιν,
1626 1146 1685 1197 rb
1713 1146 1852 1216 ὕδωρ

311 1232 481 1301 τούτῳ
527 1227 667 1301 αἷμα
715 1233 951 1298 γίνεται’
984 1234 1283 1303 γέγραπται
1317 1235 1451 1305 γάρ’
1495 1253 1513 1284 ι
1554 1235 1662 1287 Καὶ
1705 1235 1853 1286 ἔσται

312 1322 404 1372 ὲάν
435 1320 511 1390 μὴ
542 1320 867 1372 πιστεύσωσί
924 1338 1004 1373 σοι
1033 1325 1142 1383 τοῖς
1177 1322 1292 1373 δυσὶ¹
1323 1324 1562 1392 σημείοις
1605 1322 1807 1384 τούτοις
1834 1363 1851 1388 ,

314 1411 446 1479 μηδὲ
502 1410 859 1463 είσακούσωσι
905 1412 1001 1479 τῆς
1047 1410 1226 1479 φωνῆς
1274 1428 1387 1472 σου,
1436 1412 1591 1481 λήψει
1624 1413 1729 1465 ἀπὸ
1763 1413 1853 1464 τοῦ

313 1499 501 1561 ὓδατος
544 1498 638 1550 τοῦ
687 1499 957 1569 ποταμοῦ,
989 1502 1080 1553 καὶ
1127 1503 1299 1569 ἐκχεῖς
1340 1500 1430 1553 ἐπὶ
1465 1500 1524 1552 rb
1554 1499 1731 1570 ξηρόνο
1765 1502 1855 1562 καὶ

312 1589 459 1643 ἔσται
492 1591 554 1643 rb
584 1589 728 1660 ὕδωρ
766 1590 813 1643 δ’
836 1591 927 1643 ὲάν
976 1590 1143 1661 λάϐῃς
1175 1591 1279 1643 ἀπὸ
1316 1590 1407 1643 τοῦ
1450 1589 1690 1660 ποταμοῦ
1717 1585 1854 1659 αἷμα

314 1682 402 1732 ἐπὶ
421 1678 519 1732 τοῦ
548 1678 734 1748 ξηροῦ..
770 1697 788 1729 ι
814 1679 921 1730 Καὶ
964 1677 1192 1747 πρόσχες
1215 1678 1269 1729 δὲ
1287 1718 1301 1742 ,
1329 1679 1408 1730 ὅτι
1431 1678 1520 1728 ἐπὶ
1550 1677 1733 1729 τούτου
1762 1677 1853 1729 τοῦ

316 1770 541 1839 σημείου
598 1745 696 1819 οὐκ
739 1767 817 1820 ἔτι
862 1745 1075 1834 λέγεται
1106 1745 1192 1829 τὸ,
1225 1766 1278 1836 ἢ,
1309 1766 1636 1819 Πιστεύσωσί
1669 1782 1769 1828 σοι,
1795 1767 1850 1835 ἢ,
1886 1745 1926 1796 Β

314 1861 387 1910 Ού
442 1857 774 1911 πιστεύσωσι
794 1875 808 1890 ο
840 1857 1086 1926 δηλοῦται
1131 1857 1256 1925 γὰρ,
1290 1856 1370 1907 ὅτι
1403 1855 1479 1925 τῷ
1511 1855 1585 1925 μὴ
1634 1854 1852 1906 πιστεύ-

316 1963 465 2000 σαντι
493 1949 605 2008 τοῖς
642 1945 761 1998 δυσ)⁵
810 1945 1050 2014 σημείοις
1098 1943 1160 1995 rb
1198 1942 1595 2012 λαμϐανόμενον
1621 1943 1725 1995 ἀπὸ
1761 1941 1853 1993 τοῦ

315 2038 560 2108 ποταμοῦ
598 2037 742 2108 ῦδωρ
769 2032 904 2107 αἷμα
938 2037 1176 2104 γίνεται,
1224 2036 1290 2088 δι’
1331 2036 1578 2087 ἀπιστίαν
1631 2035 1854 2104 ποτίμου

315 2127 606 2182 ἀπολαύειν
644 2128 704 2179 ού
732 2126 1006 2196 δυναμένῳ
1042 2125 1217 2192 λόγου.
1245 2123 1402 2176 Ἀλλά
1427 2124 1533 2194 γάρ
1556 2122 1855 2176 ἐπανέλθω-

319 2237 433 2288 μεν,
468 2217 689 2269 πλείονα
742 2215 835 2268 τοῦ
870 2216 1073 2278 δέοντος
1103 2214 1190 2266 διὰ
1215 2214 1303 2267 τὸν
1331 2214 1524 2266 κόλπον
1552 2213 1644 2266 τοῦ
1683 2211 1855 2281 Ἰησοῦ

316 2300 720 2379 παραλαϐόντες
745 2309 822 2369 είς
845 2306 933 2358 τὸν
958 2306 1118 2358 τόπον
1145 2305 1235 2356 ἐπὶ
1278 2305 1338 2357 rb
1369 2305 1736 2375 προκείμενον,
1763 2303 1857 2356 καί¹

319 2398 598 2468 μαθόντες,
640 2399 723 2450 ὅτι
763 2395 820 2447 ὃν
869 2395 1056 2463 ὴγάπα
1079 2397 1107 2448 6
1143 2394 1364 2463 Ἰησοῦς,
1404 2389 1471 2463 ἦν
1509 2393 1858 2463 ἀνακείμενος

316 2489 372 2540 ἑν
401 2487 479 2557 τῷ
515 2487 699 2556 κόλπῳ
737 2486 830 2538 τοῦ
889 2485 1089 2555 Ἰησοῦ,
1135 2484 1308 2536 πάντα
1358 2482 1677 2553 πράττωμεν
1726 2483 1860 2552 πρὸς

312 2577 373 2628 rb
399 2576 722 2646 ὲγκριθῆναι
754 2577 818 2644 τῇ
853 2573 1112 2643 ἐξαιρέτῳ
1137 2570 1297 2625 αὐτοῦ
1326 2572 1542 2642 ἀγάπῃο
1575 2572 1714 2623 οὕτω
1751 2571 1859 2642 γάρ

315 2667 410 2718 καὶ
434 2666 588 2718 αὐτοὶ
622 2662 1016 2733 ἀνακεισόμεθα
1066 2664 1124 2714 έν
1176 2660 1252 2730 τῷ
1293 2660 1474 2729 κόλπῳ
1524 2659 1616 2711 τοῦ
1660 2659 1855 2728 Ἰησοῦ.

315 2752 474 2804 Νεύει
503 2751 562 2803 δὲ
588 2750 666 2820 τῷ
687 2748 1029 2818 ἀγαπωμένῳ
1053 2747 1261 2818 μαθητῇ
1305 2747 1482 2817 Σίμων
1515 2747 1735 2817 Πέτρος,
1767 2747 1860 2799 καὶ

319 2844 390 2912 μὴ
441 2841 780 2913 ἀρκούμενος
828 2839 905 2909 τῷ
944 2838 1165 2908 νεύματί
1203 2856 1332 2909 φησι
1351 2837 1524 2907 αὐτῷ’
1553 2855 1572 2887 ι
1601 2838 1734 2890 Εἰπὲ
1776 2838 1860 2901 τίς

314 2933 428 2983 ἐστι
481 2930 614 2999 περὶ
667 2923 728 2981 οῦ
781 2927 948 2995 λέγει.
990 2946 1009 2978 ι
1060 2927 1209 2978 Ἐπεὶ
1236 2920 1325 2977 οῦν
1349 2926 1407 2977 rb
1441 2927 1636 2978 νεύειν
1663 2928 1719 2978 ὲν
1744 2929 1860 2988 ταῖς

1949 521 2100 586 Quod
2131 521 2173 575 si
2202 520 2321 588 quis
2343 531 2471 571 vero
2503 516 2586 569 his
2611 514 2816 567 duobus
2844 509 3010 579 signis
3036 520 3138 559 non
3160 501 3477 563 crediderit,

1950 609 2109 678 priori
2156 608 2390 677 quidem,
2425 606 2548 673 quia
2585 603 2846 671 leprosam
2876 596 3005 651 facit
3044 595 3341 654 actionem;
3395 606 3480 643 se-

1948 701 2121 754 cnndo
2149 708 2344 760 autem,
2369 698 2493 765 quia
2520 709 2639 749 eam
2678 688 2913 744 restituit
2949 687 3002 739 in
3039 692 3278 738 naturam
3301 694 3479 742 suam,

1953 807 2086 859 aqua
2121 790 2245 843 huic
2270 787 2494 843 eﬂicitnr
2526 784 2781 852 sanguis;
2810 780 3067 847 scriptum
3107 782 3190 828 est
3217 773 3356 826 enim
3390 770 3432 801 ¹¹¹
3461 782 3479 823 :

1957 902 1977 933 ι
2002 858 2071 933 Et
2097 882 2220 941 erit,
2247 879 2289 932 si
2320 893 2423 930 non
2454 874 2660 929 duobus
2706 870 2789 923 his
2813 867 2982 936 signis
3011 862 3353 924 crediderint,
3389 858 3481 913 ne;

1952 988 2055 1041 que
2104 969 2370 1024 audierint
2398 978 2577 1018 vocem
2614 971 2798 1022 tuam;
2834 955 3065 1023 accipies
3095 954 3159 1006 de
3189 952 3341 1019 aquis
3384 949 3482 1000 lin-

1951 1061 2131 1125 minis,
2168 1069 2222 1112 et
2242 1055 2482 1111 etl'nndes
2506 1053 2556 1105 in
2589 1051 2784 1103 siccam
2813 1049 3029 1099 humum
3056 1058 3073 1108 ;
3111 1042 3318 1108 eritque
3347 1052 3482 1106 aqua

1952 1150 2059 1212 illa,
2089 1161 2248 1215 quam
2291 1144 2357 1198 de
2402 1141 2618 1196 ﬂumine
2647 1135 2934 1202 acceperis,
2962 1132 3124 1203 ΜΟ
3166 1131 3384 1197 sanguis
3430 1129 3482 1178 in

1952 1238 2149 1292 siccam
2180 1237 2414 1288 humum.
2448 1250 2466 1283 ι
2502 1230 2568 1283 Ει
2594 1237 2823 1283 mentem
2851 1224 3061 1283 adhibe,
3101 1221 3242 1288 quod
3281 1219 3334 1270 in
3385 1217 3486 1267 hoc

1952 1328 2103 1394 signo
2135 1338 2235 1375 nou
2278 1320 2504 1387 amplius
2527 1320 2735 1372 dicatur
2764 1332 2778 1368 :
2803 1313 3052 1371 Credent,
3082 1307 3189 1369 vel,
3224 1305 3339 1358 Non
3369 1317 3487 1355 cre~

1953 1418 2076 1470 dent
2121 1414 2237 1468 tibi.
2265 1411 2509 1464 lnnuitur
2542 1408 2705 1468 enim,
2750 1402 2892 1472 quod
2929 1415 3031 1454 non
3069 1394 3314 1450 credenti
3358 1395 3490 1445 dun-

1952 1506 2055 1559 bus
2084 1501 2269 1571 signis,
2300 1512 2435 1568 aqua
2485 1499 2549 1551 de
2584 1495 2800 1549 ﬂumine
2843 1498 3051 1557 sumpta
3101 1485 3193 1538 ﬁat
3245 1480 3484 1550 sanguis,

1956 1591 2239 1662 nequeunti
2288 1597 2505 1658 propter
2536 1584 2905 1639 inﬁdelitatem
2936 1577 3041 1631 frui
3071 1575 3281 1628 ratione
3330 1578 3489 1636 pota-

1956 1659 2070 1737 bili.
2093 1681 2199 1735 Sed
2226 1680 2506 1733 redeamus
2527 1674 2667 1728 unde
2683 1672 2957 1727 aberrarat
2982 1667 3177 1727 oratio,
3195 1675 3315 1716 eum
3335 1659 3486 1729 plura

1953 1788 2110 1842 quam
2126 1785 2357 1840 praesens
2384 1767 2527 1821 locus
2549 1763 2800 1833 postulet,
2823 1762 2885 1814 de
2902 1758 3018 1812 sinu
3038 1754 3163 1809 Jesu
3187 1761 3488 1813 assumpse-

1952 1865 2148 1926 rimus;
2187 1872 2415 1926 cumque
2451 1853 2796 1909 didicerimus
2821 1862 2939 1903 eum
2970 1859 3127 1914 quem
3158 1849 3303 1894 amat
3333 1837 3487 1891 Jesus

1952 1955 2260 2010 recumbere
2279 1951 2331 2003 in
2346 1950 2466 2003 sinu
2485 1945 2629 2008 Jesu,
2648 1942 2778 1996 nihil
2802 1955 2905 1993 non
2921 1949 3159 2004 agamus,
3172 1946 3276 2000 quo
3297 1929 3488 1999 prmei-

1954 2059 2058 2113 puo
2074 2043 2239 2111 ipsius
2259 2052 2440 2092 amore
2456 2035 2597 2102 digni
2620 2031 2950 2100 iudicemur:
2978 2027 3121 2078 hunc
3144 2021 3286 2075 enim
3305 2019 3355 2070 in
3374 2031 3489 2069 mu-

1954 2103 2076 2187 dum
2096 2103 2465 2184 recumbetnus
2488 2124 2648 2177 etiam
2677 2119 2775 2187 ipsi
2812 2118 2862 2169 in
2891 2114 3006 2167 sinu
3035 2110 3180 2164 Jesu.
3206 2108 3278 2160 At
3304 2103 3490 2157 annuit

1955 2222 2146 2274 dilecto
2180 2215 2440 2284 discipulo
2468 2212 2651 2266 Simon
2682 2207 2892 2267 Petrus,
2937 2214 3034 2254 nec
3066 2197 3317 2251 annuisse
3360 2208 3490 2245 con.

1958 2316 2133 2364 tentus
2166 2282 2337 2374 inquit
2364 2302 2437 2356 illi
2469 2318 2485 2353 :
2523 2317 2542 2349 ι
2573 2295 2888 2355 Sciscitare,
2921 2290 3167 2356 quisnam
3202 2283 3273 2338 sit
3308 2282 3395 2334 ille
3426 2283 3492 2334 de

1955 2414 2060 2468 quo
2083 2368 2318 2465 loquitur
2351 2393 2414 2444 ιδ.
2450 2409 2469 2441 ι
2503 2386 2854 2454 Quamobrem
2884 2378 3137 2448 quoniam
3167 2385 3395 2425 annuere
3435 2368 3490 2420 in

1955 2483 2261 2541 Proverbiis
2277 2480 2566 2535 assumitur
2582 2476 2634 2528 in
2657 2469 3003 2530 calumniam,
3022 2478 3140 2518 nam
3160 2461 3330 2515 malus
3356 2475 3374 2508 ι
3396 2472 3490 2508 an-

1958 2575 2070 2628 nuit
2100 2571 2274 2635 ocnlo,
2316 2568 2504 2622 annuit
2537 2574 2590 2618 et
2622 2560 2778 2632 pede,
2808 2561 3068 2623 docetque
3102 2550 3318 2603 nutibus
3350 2546 3490 2613 digi-

1960 2673 2155 2724 torum,
2192 2660 2350 2714 corde
2397 2666 2648 2725 perverso
2680 2648 2818 2704 mala
2865 2643 3179 2698 machinaus
3209 2639 3295 2701 ¹⁹;
3337 2653 3357 2686 ι
3392 2644 3445 2688 et
3474 2652 3488 2687 :

1961 2767 1980 2800 ι
2027 2748 2125 2816 Qui
2155 2746 2340 2799 annuit
2370 2724 2541 2797 oculis
2582 2753 2702 2794 cum
2745 2735 2886 2796 dolo,
2912 2736 3164 2800 aggregat
3190 2724 3323 2778 viris
3362 2736 3493 2776 mm—

1958 2852 2110 2893 rorcs
2136 2834 2206 2898 ",
2240 2852 2258 2885 ι
2289 2832 2568 2886 dicendum
2598 2836 2681 2881 est
2710 2823 2904 2877 malum
2936 2833 3040 2873 non
3081 2829 3200 2869 esse
3233 2823 3491 2874 annuere,

1959 2927 2052 2982 sed
2083 2924 2239 2979 oculo
2262 2919 2614 2983 annuere,hoc
2631 2921 2734 2979 est,
2757 2911 2911 2964 oculo
2929 2917 3229 2961 transversa
3254 2899 3412 2962 tueri,
3438 2907 3494 2950 et

315 2985 641 3089 Παροιμίαις
672 3018 752 3079 είς
791 2985 1035 3086 διαϐολὴν
1065 3014 1408 3083 λαμϐάνεταιο
1446 3015 1475 3065 6
1509 3014 1617 3084 γὰρ
1660 2985 1856 3081 φαῦλος

1961 3029 2062 3068 non
2095 3021 2242 3066 recte
2266 3009 2469 3069 videre,
2495 3015 2549 3058 et
2569 3014 2807 3055 annuere
2828 3011 2949 3051 cum
2974 2993 3115 3055 dolo,
3142 2985 3494 3055 vituperabile

2736 3087 2772 3097 "
2866 3086 2877 3097 ⁸
2931 3081 2976 3097 Μ
3014 3083 3025 3094 ⁸
3052 3096 3059 3097 κ
3088 3094 3113 3097 Α
3150 3091 3256 3097 ιη--
3302 3082 3347 3097 Α.
3370 3075 3491 3097 l-.-:-

318 3126 338 3157 ι
367 3106 573 3159 ὲννεύει
606 3105 703 3174 μὲν
742 3103 1000 3173 ὀφθαλμῷ
1024 3144 1039 3167 ,
1087 3103 1334 3172 σημαίνει
1363 3102 1419 3154 δὲ
1450 3102 1597 3163 ποδὶ,
1626 3101 1860 3155 διδάσκει

312 3197 368 3249 δὲ
427 3196 661 3266 νεύμασι
717 3193 1028 3258 δακτύλων,
1082 3195 1176 3245 καὶ
1224 3191 1620 3263 διεστραμμένη
1671 3192 1863 3261 καρδίᾳ

311 3284 656 3336 τεκταίνεται
711 3279 820 3350 (91)
859 3281 1034 3333 κακά·
1073 3299 1093 3331 ι
1126 3278 1235 3332 καί·
1278 3297 1296 3328 ι
1335 3280 1393 3331 '0
1422 3278 1645 3330 ὲννεύων
1671 3277 1864 3345 ὀφθαλ-

316 3377 436 3443 μοῖς
468 3372 613 3442 μετά
650 3371 803 3425 δόλου
847 3371 1064 3438 συνάγει
1089 3370 1307 3439 ἀνδράσι
1333 3368 1526 3431 λύπαςο
1560 3387 1578 3418 ι
1613 3368 1859 3431 λεκτέον,

310 3462 390 3515 ὅτι
411 3462 617 3530 φαῦλον
646 3461 708 3513 ού
740 3459 801 3513 τὸ
827 3459 998 3513 νεύειν
1026 3458 1186 3519 ἐστὶν,
1216 3457 1346 3509 ἀλλά
1378 3457 1438 3509 rb
1474 3456 1645 3509 νεύειν
1668 3456 1862 3524 ὀφθαλ-

313 3554 399 3623 μῷ
423 3596 438 3619 ,
473 3552 725 3606 τουτέστι
752 3589 768 3615 ,
808 3548 1119 3616 πλαγιάζειν
1170 3546 1258 3598 τὸν
1305 3546 1610 3614 ὀφθαλμὸν,
1661 3547 1753 3597 καὶ
1790 3545 1862 3614 μὴ

310 3643 447 3715 ὀρθὰ
503 3642 763 3712 βλέπειν,
814 3639 909 3691 καὶ
949 3637 1009 3689 rb
1046 3636 1216 3690 νεύειν
1264 3636 1399 3705 μετά
1443 3636 1588 3688 δόλου
1638 3636 1751 3687 ἐστὶ
1804 3634 1864 3687 rb

307 3734 507 3802 ψεκτόν
527 3749 544 3764 ·
578 3730 754 3784 νεύειν
796 3728 852 3780 δὲ
884 3725 1191 3797 φιλομαθῶς
1230 3725 1432 3795 Πέτρου
1456 3724 1610 3795 ἔργον
1634 3719 1701 3793 ἦν
1722 3762 1737 3787 ,
1772 3723 1864 3776 καὶ

308 3823 627 3885 ἀκολούθως
669 3819 748 3889 τῷ
793 3817 1012 3888 τοιούτῳ
1058 3815 1282 3885 νεύματι
1326 3814 1499 3883 λέγειν
1529 3813 1605 3882 τῷ
1638 3829 1861 3882 συμφοι-

307 3918 482 3985 τητῇ,
529 3914 612 3976 ὡς
658 3909 967 3980 παρρησίαν
1014 3906 1230 3958 πλείονα
1257 3904 1429 3974 ἔχοντι
1462 3904 1595 3973 πρὸς
1643 3902 1732 3954 τὸν
1775 3904 1863 3953 Δι-

308 4004 615 4059 δάσκαλον·
669 4018 689 4051 t
717 3999 851 4052 Είπὲ
893 3997 976 4059 τίς
1007 3999 1120 4049 ἐστι
1155 3995 1277 4063 περὶ
1327 3989 1386 4047 οὗ
1430 3993 1592 4060 λέγει.
1627 4011 1644 4043 ι
1688 3991 1867 4044 Ἐϐού-

307 4093 431 4145 λετο
469 4090 588 4160 γὰρ
624 4087 753 4150 ἴσως
781 4086 841 4139 rb
870 4082 1008 4136 κατά
1048 4082 1145 4152 τὴν
1180 4082 1463 4153 προδοσίαν
1501 4081 1566 4150 ἡν
1614 4080 1867 4150 προδίδω-

1961 3115 2111 3164 esse;
2135 3107 2186 3152 at
2204 3104 2448 3149 amanter
2467 3104 2720 3150 annuere,
2736 3086 2878 3140 Petri
2894 3081 3120 3135 cilicium
3143 3091 3280 3139 esse,
3297 3082 3351 3128 et
3370 3075 3495 3127 huic

1960 3197 2345 3255 consequenter
2391 3180 2541 3233 nntui
2585 3179 2766 3232 dicere
2809 3167 3206 3237 condiscipulo,
3241 3175 3493 3232 tanquam

1961 3251 2212 3343 majorem
2244 3286 2368 3342 erga
2399 3268 2707 3337 Magistrum
2729 3264 3031 3318 libertatem
3051 3255 3266 3311 habenti
3291 3270 3304 3305 :
3338 3271 3357 3303 ι
3380 3251 3497 3305 Sci-

1960 3367 2175 3426 scitare,
2198 3363 2442 3429 quisnam
2473 3359 2540 3411 sit
2560 3356 2668 3420 ille,
2698 3358 2762 3408 de
2788 3368 2893 3422 quo
2923 3351 3173 3419 loquitur.
3216 3366 3237 3399 ι
3270 3345 3497 3399 Volebat

1961 3457 2100 3510 enim
2133 3452 2377 3507 fortassis
2413 3448 2751 3516 mysterium,
2780 3444 2919 3512 quod
2948 3449 3067 3496 erat
3109 3439 3162 3493 in
3194 3435 3498 3501 proditione

1961 3560 2066 3614 qua
2097 3543 2277 3599 Jesum
2302 3538 2467 3594 ludas
2488 3537 2686 3604 prodit,
2722 3550 2918 3599 nosse;
2950 3531 3090 3600 quod
3119 3538 3176 3583 ut
3203 3529 3374 3583 discat
3396 3525 3501 3579 Pe-

1961 3643 2100 3699 trus,
2152 3632 2387 3686 Joannes
2417 3629 2509 3698 qui
2544 3629 2693 3696 prius
2743 3628 3064 3680 recubuerat
3096 3623 3151 3675 in
3184 3620 3302 3674 sinu
3347 3617 3499 3680 Jesn,

1962 3722 2362 3792 superascendit
2401 3730 2456 3772 et
2500 3716 2742 3772 recubuit
2772 3730 2933 3783 super
2973 3721 3178 3782 pectus.
3209 3710 3275 3762 Et
3296 3709 3497 3762 fortas-

1961 3813 2038 3866 sis
2075 3825 2181 3866 non
2217 3807 2546 3862 recnmbenti
2588 3819 2748 3872 super
2774 3814 2983 3871 pectus,
3014 3801 3105 3853 sed
3135 3796 3500 3866 perseveranti

1962 3902 2016 3954 in
2038 3900 2155 3953 sinu
2192 3896 2496 3950 recumbere
2530 3893 2941 3959 haudquaquam
2966 3886 3284 3942 reddidisset
3317 3884 3497 3946 Jesus,

1962 4001 2118 4057 quem
2153 3985 2343 4038 Petrus
2370 3991 2424 4036 et
2465 3981 2700 4036 Joannes
2742 3978 3140 4041 desiderabant,
3173 3988 3497 4029 sermonem.

1963 4075 2216 4143 Quamvis
2271 4075 2430 4143 igitur
2481 4080 2641 4125 antea
2675 4069 3010 4124 recumberet
3064 4066 3115 4120 in
3171 4067 3290 4119 sinu
3342 4062 3494 4125 Jesu,

311 4197 395 4233 σιν
413 4154 626 4239 Ἰούδας
641 4175 732 4229 τὸν
747 4171 951 4243 Ἰησοῦν
975 4172 1264 4242 μυστήριον
1290 4170 1430 4223 ἰδεῖν·
1452 4169 1584 4238 ὅπερ
1609 4169 1693 4221 ἶνα
1725 4168 1856 4240 μάθτ

1966 4166 2154 4221 deinde
2174 4179 2301 4219 vero
2353 4162 2658 4218 recubuerit
2705 4174 2862 4228 supra
2896 4168 3084 4227 pectus
3133 4154 3281 4218 Iesu,
3319 4163 3499 4207 tamen

306 4272 335 4322 6
388 4271 624 4343 Πέτρος,
673 4265 923 4332 Ἰωάννης
973 4261 1231 4332 πρότερον
1284 4258 1632 4327 ἀνακείμενος
1682 4258 1738 4310 ἐν
1791 4256 1856 4326 τῷ

1966 4271 2064 4324 per
2087 4256 2377 4310 secundum
2407 4254 2535 4308 illud
2561 4292 2578 4315 ,
2624 4260 2805 4319 utpote
2834 4247 3003 4316 majus
3029 4258 3085 4301 et
3127 4245 3501 4308 excellentius,

307 4334 637 4428 κόλπῳποῦ
684 4351 857 4423 Ἰησοῦ
890 4349 1259 4420 ὲπαναὸέόηκε
1282 4388 1297 4414 ,
1344 4348 1436 4401 καὶ
1473 4348 1730 4400 ἀνέπεσεν
1776 4347 1856 4399 ὲ.πῖ

1965 4361 2249 4414 germanus
2289 4344 2414 4399 Jesu
2465 4343 2758 4411 discipulus
2809 4340 2861 4394 in
2893 4337 3177 4410 postremis
3222 4334 3499 4403 Evangelii

305 4450 369 4501 rb
415 4425 643 4516 στῆθος.
674 4444 784 4497 Καὶ
816 4442 953 4511 τάχα
987 4438 1060 4510 μὴ
1088 4438 1403 4492 ἀναπεσόντι
1433 4437 1523 4488 ἐπὶ
1550 4437 1609 4488 rb
1633 4433 1823 4504 στῆθος
1847 4473 1856 4498 ,

1963 4435 2293 4504 designatur;
2320 4436 2574 4503 scriptum
2598 4442 2681 4485 est
2710 4430 2852 4484 enim
2879 4446 2895 4484 :
2927 4446 2945 4479 ι
2965 4429 3265 4482 Conversus
3287 4425 3505 4486 Petrus,

306 4539 443 4592 ἀλλά
482 4538 736 4609 μείναντι
793 4533 883 4587 ἐπὶ
938 4530 1030 4584 τοῦ
1086 4522 1392 4582 ἀνακεῖσθαι
1425 4528 1482 4579 ὲν
1524 4525 1600 4596 τῷ
1639 4525 1856 4595 κόλπῳ,

1960 4524 2111 4579 videt
2136 4524 2474 4591 discipulum,
2501 4537 2658 4591 quem
2687 4521 2941 4590 diligebat
2964 4517 3135 4581 Iesus,
3167 4524 3503 4584 sequentem,

305 4631 407 4682 οὐκ
442 4598 513 4681 ἂν
547 4623 865 4695 παρέδωκεν
908 4621 965 4673 δν
1013 4618 1190 4671 ἐπόθει
1227 4616 1508 4687 μανθάνειν
1550 4615 1797 4683 Ἰωάννης
1832 4616 1856 4685 ἢ

1964 4612 2056 4681 qui
2082 4620 2137 4665 et
2164 4610 2415 4665 recubuit
2436 4611 2488 4663 in
2520 4621 2671 4662 cmna
2703 4621 2865 4672 super
2885 4614 3074 4673 pectus
3097 4600 3233 4667 ejus,
3255 4608 3309 4652 et
3338 4598 3501 4650 dixit:

306 4719 519 4788 Πέτρος
539 4686 724 4781 λόγον.
743 4713 803 4763 Ei
828 4710 919 4763 καὶ
939 4686 1285 4778 ἀνακείμενος
1303 4702 1395 4758 οὖν
1412 4706 1668 4774 πρότερον
1688 4705 1784 4774 μὲν
1799 4701 1856 4775 ἦν

1962 4702 2207 4767 Domine,
2233 4701 2353 4770 quis
2387 4710 2469 4754 est
2491 4700 2579 4768 qui
2604 4697 2776 4752 tradet
2806 4705 2856 4748 te
2881 4697 2924 4726 ἰ
2952 4694 2975 4746 l
3011 4713 3029 4743 ι
3067 4707 3173 4745 non
3201 4689 3341 4743 enim
3370 4686 3509 4740 scri-

306 4810 366 4861 ὲν
394 4780 477 4878 τῷ
510 4780 708 4872 κόλπῳ
733 4800 825 4854 τοῦ
854 4796 1048 4869 Ἰησοῦ,
1083 4797 1302 4867 ὕστερον
1325 4795 1381 4847 δὲ
1410 4794 1667 4846 ἀνέπεσεν
1694 4794 1785 4846 ἐπὶ
1807 4791 1856 4848 τί

1969 4802 2118 4863 ptum
2148 4800 2252 4856 est,
2281 4810 2300 4842 ι
2332 4790 2431 4857 Qui
2460 4788 2704 4843 recubuit
2726 4788 2778 4839 in
2804 4785 2921 4838 sinu
2952 4780 3100 4834 Jcsu.
3134 4799 3154 4831 ι

306 4866 512 4972 στῆθος
546 4897 649 4951 τοῦ
677 4866 886 4965 Ἰησοῦ,
920 4866 1006 4947 διὰ
1036 4890 1129 4944 τοῦ
1196 4866 1446 4958 δευτέρου
1479 4887 1536 4938 ὲν
1578 4889 1686 4949 τοῖς
1731 4886 2052 4950 τελευταίοις
2108 4885 2431 4953 Εὐαγγελίου
2485 4877 2952 4951 χαρακτηρίζεται,
3020 4872 3093 4933 ὼς
3137 4866 3372 4939 μείζονος
3408 4866 3504 4918 καὶ

303 4954 702 5061 διαίρέβοντος,
820 4954 911 5035 τείῦ
969 4978 1142 5049 Ἰησοῦ
1188 4954 1405 5046 γνήσιός
1475 4973 1748 5061 μαθητήςθ
1798 4976 2099 5047 γέγραπται
2157 4974 2302 5045 γὰρ,
2354 4974 2501 5024 ὅτιοι
2565 4964 2936 5036 Ἐπιστραφεὶς
2976 4963 3004 5012 6
3062 4960 3261 5028 Πέτρος
3322 4954 3505 5023 βλέπει

298 5045 421 5136 «ξὺν⁸
458 5045 719 5147 μαθητην
761 5072 820 5123 ὃν
858 5045 1045 5137 ἠγάπα
1094 5069 1123 5119 ό
1178 5045 1381 5136 Ἰησοῦς
1443 5060 1826 5116 ἀκολουθοῦντα
1851 5103 1865 5128 ,
1904 5045 1965 5126 bc;
2002 5065 2095 5117 xui
2148 5063 2401 5115 ἀνέπεσεν
2453 5060 2509 5111 ἐν
2560 5057 2637 5126 τῷ
2691 5056 2884 5121 δείπνῳ
2926 5051 3015 5101 ἐπὶ
3059 5048 3118 5099 rb
3166 5045 3356 5114 στῆθος
3410 5046 3506 5096 αὐ-

297 5134 416 5241 τοῦ,
458 5134 561 5225 καὶ
593 5134 745 5220 ὲιτὲε-
779 5134 969 5233 Κύριε,
990 5162 1072 5222 τίς
1101 5134 1299 5211 ἐστινὝὸ
1324 5152 1639 5223 παραδιδούς
1667 5172 1766 5223 σε;
1812 5175 1830 5208 ι
1856 5157 1915 5209 οὐ
1969 5157 2076 5225 γὰρ
2117 5156 2438 5223 γέγραπται·
2476 5168 2496 5200 ι
2539 5152 2632 5210 Ὃς
2680 5142 2748 5214 ἦν
2776 5142 3120 5210 ἀνακείμενος
3169 5139 3226 5190 ὲν
3263 5134 3341 5204 τῷ
3381 5134 3507 5187 κάλ-

301 5285 388 5336 πῳ
419 5260 599 5319 αὑτοῦ
635 5259 766 5328 (9‘2).
800 5275 818 5307 ι

1403 5383 1446 5415 ¹⁹
1479 5378 1634 5436 Prov.
1668 5396 1752 5449 vr,
1776 5384 1866 5449 l3,
1897 5382 1985 5436 M.
2081 5379 2127 5413 ὀ
2158 5375 2318 5430 Prov.
2347 5368 2510 5435 x,10.
2583 5368 2626 5400 ἰ
2649 5366 2799 5422 Joan.
2825 5378 2940 5429 χχι,
2964 5359 3057 5415 20.

381 5519 498 5589 (Μ)
525 5515 715 5589 ροόεκ
736 5510 973 5589 .chins.
992 5506 1167 5589 ἐποίει.
1203 5498 1578 5589 ἰτεκιιεενεύιεταιἶ
1635 5568 1668 5589 L
1824 5570 1851 5581 _

1956 5583 2037 5589 _--_
2049 5565 2156 5589 ..ξηι-
2202 5557 2404 5589 Ιιυιιιιιιιι

527 5554 1291 5640 EFEsRSIEJaé;négaus
1322 5577 1524 5622 tantum
1563 5568 1736 5625 habet
1764 5565 2158 5628 rolFerrarius
2202 5557 2411 5629 legebat
2449 5554 2642 5625 Ἰησοῦ,

416 5403 458 5434 ι’
508 5397 651 5453 ibid.
690 5394 743 5448 9.
819 5390 863 5422 ¹⁸
884 5390 1036 5442 Joan.
1063 5402 1181 5445 xm,
1218 5385 1306 5437 24.
