3820 6210
382 285 487 340 803

389 495 601 550 dixerit,
630 490 919 538 videamus.
955 500 972 530 ι
1014 481 1120 543 Ille,
1169 482 1358 547 inquit,
1406 490 1506 543 est,
1538 482 1621 535 cui
1653 498 1747 551 ego
1779 483 1916 537 oﬂ‘u-

387 583 486 633 lam
527 579 800 641 iutingam,
848 581 902 623 et
952 585 1238 636 porrexero
1268 573 1332 623 ²².
1378 591 1396 629 ι
1433 572 1571 624 Dixit
1625 573 1785 640 igitur
1818 574 1918 625 hoc

383 667 569 725 Jesus;
615 681 633 712 ι
675 674 899 723 cumque
924 660 1228 712 iutiuxisset
1266 660 1502 721 ollulam,
1539 681 1557 711 ι
1589 676 1704 714 eam
1730 662 1913 724 sumit,

382 762 434 803 et
458 771 475 800 ι
512 749 732 816 porrigit
758 747 903 823 Julia:
938 746 1143 799 Simoni
1175 745 1443 801 lscariota:
1470 788 1486 812 ,
1513 760 1566 801 et
1590 752 1770 802 statim
1801 758 1918 817 post.

382 837 592 889 offulam
644 834 857 887 intravit
903 834 953 884 in
1007 834 1153 886 illum
1201 832 1429 889 Satanas
1453 837 1518 899 ³³,
1555 856 1573 888 ι
1611 839 1699 903 qtti
1746 852 1916 905 neque

381 934 535 976 antea
570 922 805 974 valuerat
833 923 1052 984 intrare,
1089 937 1257 989 neque
1304 924 1465 976 etiam
1494 941 1614 977 mox
1661 940 1780 978 cum
1818 927 1917 978 mi-

382 1015 537 1067 sisset
570 1014 618 1065 in
642 1013 782 1064 illius
814 1027 905 1066 cor
940 1021 997 1065 ut
1024 1027 1141 1066 eum
1174 1016 1420 1081 proderet
1446 1016 1510 1068 ’³.
1536 1016 1758 1069 Necesse
1773 1018 1912 1070 enim

378 1112 512 1163 erat,
540 1102 749 1168 opinor,
796 1103 865 1154 ob
919 1102 1186 1154 dationem
1219 1103 1410 1166 oﬂ‘ulze,
1441 1113 1497 1157 ut
1523 1104 1677 1158 Jesus
1717 1108 1916 1159 reae-ei-

380 1201 529 1258 peret
550 1194 615 1243 ab
660 1190 874 1258 indigno
913 1190 1039 1242 illud
1076 1192 1413 1257 praestantius
1437 1196 1571 1259 quod
1600 1195 1800 1247 habere
1840 1194 1915 1244 vi-

378 1282 620 1342 debatur,
665 1282 1092 1347 quandoquidem
1146 1299 1164 1331 ι
1203 1283 1268 1335 ab
1293 1298 1356 1335 eo
1384 1284 1472 1350 qui
1513 1298 1614 1336 non
1649 1285 1827 1343 habet.
1862 1293 1914 1337 et

377 1369 430 1421 id
459 1369 597 1435 quod
625 1370 832 1421 videtur
859 1370 1075 1432 habere.
1101 1371 1373 1424 auferetur
1402 1373 1468 1423 ab
1491 1387 1553 1425 eo
1575 1373 1641 1426 ’⁸.
1679 1390 1696 1421 ι
1734 1373 1914 1424 Priva-

382 1468 464 1510 tus
509 1472 635 1525 ergo
688 1456 870 1519 ludas,
904 1459 1066 1511 veluti
1120 1460 1385 1527 indiguus,
1421 1461 1486 1513 ab
1537 1462 1911 1514 exeelleutiori

377 1549 464 1614 qui
505 1558 751 1614 precatus
790 1548 964 1600 fuerat
992 1565 1199 1617 pacem,
1233 1551 1431 1617 recepit
1483 1550 1779 1618 ingressum
1813 1550 1914 1601 Sa-

380 1644 517 1689 tanze
563 1637 614 1688 iu
659 1652 734 1689 se.
766 1636 1003 1703 Exempli
1034 1647 1207 1689 autem
1239 1639 1435 1706 gratia,
1487 1647 1539 1689 ιιι
1588 1638 1912 1704 intelligatur

378 1727 642 1794 quomodo
665 1726 812 1780 Judae
844 1727 1056 1793 quidem
1111 1727 1316 1779 dederit
1366 1727 1619 1780 Dominus
1650 1728 1868 1781 oll'ulam
1896 1766 1910 1788 ,

385 1819 472 1870 ille
497 1829 668 1871 autem
704 1829 825 1870 tunc
869 1818 995 1869 illud
1026 1834 1053 1869 a
1082 1832 1140 1871 se
1172 1819 1427 1884 repulerit
1464 1819 1603 1885 quod
1636 1818 1686 1870 in
1712 1832 1771 1871 se
1802 1819 1916 1871 exi-

384 1910 545 1962 mium
564 1910 809 1971 habebat,
834 1919 886 1961 et
916 1909 1143 1962 fortasse
1170 1925 1355 1976 pacem
1391 1917 1739 1962 revertentem
1763 1909 1829 1961 ab
1851 1925 1914 1963 eo

378 2001 472 2066 qui
524 1998 759 2056 audivit.
805 2007 858 2051 el.
909 2013 1010 2050 non
1044 1999 1278 2063 admisit,
1329 2000 1395 2050 ad
1445 1999 1755 2051 dicentem:
1788 2018 1805 2049 ι
1858 2001 1911 2053 Si

380 2086 640 2137 manserit
687 2085 792 2137 illic
844 2085 982 2136 lilius
1015 2085 1176 2152 pacis,
1221 2101 1323 2152 pax
1365 2096 1541 2139 vestra
1575 2102 1735 2153 super
1767 2088 1912 2140 illum

383 2173 708 2240 requiescet;
739 2176 819 2225 sin
866 2174 1061 2237 minus,
1089 2189 1189 2239 pax
1239 2185 1413 2228 vestra
1464 2174 1525 2226 ad
1564 2190 1656 2227 vos
1683 2186 1916 2229 reverte-

381 2271 466 2312 tur
495 2262 562 2323 ³⁶,
612 2278 631 2310 ι
661 2262 708 2313 in
741 2263 972 2323 medium
1005 2264 1328 2317 adducemus
1358 2278 1474 2330 quae
1512 2264 1561 2317 in
1591 2266 1821 2319 secunda
1849 2268 1913 2318 ad

378 2350 683 2402 Corinthios
713 2350 948 2416 Epistula
991 2353 1132 2405 hunc
1182 2353 1234 2405 in
1282 2354 1491 2404 modum
1521 2362 1645 2406 sunt
1673 2356 1908 2422 scripta:

387 2452 407 2485 ι
446 2437 630 2490 Vestra
664 2436 818 2504 copia
855 2437 1062 2491 illorum
1095 2440 1285 2506 inopia:
1303 2451 1602 2502 suoeurrat,
1635 2451 1769 2497 utet
1802 2443 1914 2497 illo-

385 2539 502 2577 rum
552 2526 703 2592 copia
746 2536 936 2579 vestrae
982 2527 1171 2594 inepiae
1198 2528 1262 2579 ’⁷.
1307 2546 1325 2578 ι
1355 2528 1410 2581 Si
1442 2529 1583 2583 enim
1612 2532 1915 2585 considera-

383 2614 526 2665 veris
556 2614 955 2666 retributionem
995 2615 1045 2667 iu
1085 2616 1230 2669 hisee
1260 2618 1417 2671 rebus
1469 2634 1644 2671 rerum
1677 2628 1914 2673 terrena-

381 2715 497 2752 rum
528 2701 592 2753 ad
626 2702 945 2767 spiritualia,
996 2704 1139 2756 scire
1182 2703 1385 2771 poteris
1426 2708 1691 2772 quomodo
1723 2709 1772 2761 ei
1820 2711 1910 2776 qui

382 2790 626 2857 indiguus
671 2800 787 2842 erat
841 2805 1013 2857 pane,
1052 2792 1385 2846 distribuerit
1422 2795 1655 2859 ollulam,
1709 2804 1765 2847 ut
1820 2811 1915 2864 per

378 2892 498 2930 eam
529 2894 557 2930 a
598 2877 731 2931 Juda
763 2880 995 2932 auferret.
1044 2895 1249 2947 pacem,
1281 2891 1531 2949 tauquam
1567 2883 1783 2952 indigno
1822 2886 1910 2952 qui

1792 274 2104 332 ORIGENIS
2203 301 2206 304 ~

456 404 610 473 Ml
644 402 727 454 Η.
770 395 900 460 Quid
952 407 1074 445 vero
1109 393 1264 446 etiam
1303 393 1626 458 respondens
1659 393 1913 449 Dominus
1942 403 1985 456 Α

3464 274 3555 330 8οι

2086 396 2167 447 M.
2202 395 2262 445 Τί
2298 394 2353 444 δὲ
2386 394 2476 444 καὶ
2502 391 2937 461 ἀποκρινόμενος
2966 385 3117 442 εἶπεν
3147 391 3175 441 6
3200 388 3411 457 Κύριος,
3439 390 3554 443 θεω-

2022 487 2287 555 ρήσωμεν.
2325 501 2343 532 ι
2394 485 2646 545 Ἐκεῖνος,
2710 482 2881 550 φησὶν
2910 519 2926 544 ,
2981 480 3129 531 ἐστὶν
3178 472 3222 545 ᾧ
3268 478 3373 546 ἐγὼ
3426 478 3559 547 parem

2015 576 2076 625 τὸ
2120 575 2326 642 ψωμίον
2352 613 2365 635 ,
2426 572 2517 624 καὶ
2567 570 2722 622 δώσω
2754 567 2926 637 αὐτῷ.
2971 587 2989 616 ι
3029 564 3195 618 Εἶπεν
3225 562 3313 618 οὖν
3355 565 3497 617 τοῦτο
3532 569 3557 619 6

2029 660 2261 730 Ἰησοῦς·
2301 677 2318 707 ι
2357 660 2450 711 καὶ
2495 657 2672 726 βάψας
2715 656 2780 708 τὸ
2810 656 3049 724 ψωμίον,
3081 674 3098 705 ι
3135 653 3392 723 λαμϐάνει
3416 697 3430 717 ,
3473 654 3552 707 καὶ

2021 766 2038 796 ε
2062 748 2266 800 δίδωσιν
2295 748 2463 818 Ἰούδᾳ
2497 748 2699 815 Σίμωνι
2728 744 3056 813 Ἰσκαριώτῃ
3087 743 3218 810 (95),
3248 742 3337 806 καὶ
3359 744 3481 811 μετὰ
3506 744 3559 795 τὸ

2014 835 2219 903 ψωμίον
2247 837 2364 887 τότε
2392 836 2636 905 εἰσῆλθεν
2664 836 2743 896 εἰς
2775 836 2981 886 ἐκεῖνον
3009 834 3037 885 ό
3068 834 3328 894 Σατανᾶς,
3352 851 3369 882 ι
3403 834 3457 885 οὐ
3481 832 3559 885 δυο

2015 925 2194 993 νηθεὶς
2226 925 2485 994 πρότερον
2510 923 2794 984 εἰσελθεῖν,
2840 923 2952 974 οὐδ’
3005 921 3205 981 εὐθέως
3232 920 3342 987 ἅμα
3376 919 3447 989 τῷ
3483 921 3557 988 βε-

2015 1013 2271 1083 ϐληκέναι
2298 1015 2375 1075 εἰς
2408 1013 2504 1080 τὴν
2546 1012 2797 1081 καρδίαν,
2830 1012 2917 1061 ἵνα
2953 1009 3179 1078 παραδῷ
3207 1010 3383 1063 αὐτόν.
3426 1011 3559 1080 Χρῆν

2014 1104 2139 1171 γὰρ,
2173 1097 2341 1169 οἶμαι,
2375 1102 2462 1154 διὰ
2494 1102 2591 1169 τῆς
2625 1101 2823 1162 δόσεως
2865 1100 2978 1167 (94)
3012 1099 3105 1150 τοῦ
3137 1099 3344 1167 ψωμίου
3374 1101 3562 1153 ἀντιλαι

2015 1193 2124 1243 ϐεῖν
2152 1192 2281 1244 αὐτὸ
2315 1191 2424 1243 ἀπὸ
2451 1190 2543 1242 τοῦ
2568 1190 2787 1252 ἀναξίου
2821 1189 2966 1257 ἔχειν
3000 1187 3063 1240 τὸ
3101 1193 3338 1259 κρεῖττον
3367 1190 3394 1241 ὃ
3413 1190 3561 1242 ἐδόκει

2015 1280 2171 1348 ἔχειν·
2209 1298 2225 1328 ι
2265 1280 2369 1332 ἀπὸ
2418 1278 2524 1347 γὰρ
2579 1279 2673 1329 τοῦ
2715 1279 2791 1346 μὴ
2818 1278 3058 1346 ἔχοντος,
3091 1278 3184 1330 καὶ
3215 1278 3399 1347 ὅδοκεῖ
3439 1279 3563 1346 ἔχειν

2014 1368 2306 1437 ἀρθήσεται
2335 1368 2427 1417 ἀπ’
2454 1364 2641 1418 αὐτοῦ·
2678 1385 2695 1415 ι
2735 1366 3059 1435 ἀφαιρεθεὶς
3091 1360 3182 1417 οὖν
3210 1368 3237 1417 6
3267 1366 3470 1427 Ἰούδας,
3498 1365 3562 1427 ὼς

2013 1456 2222 1519 ἀνάξιος
2251 1455 2340 1507 τοῦ
2393 1456 2700 1525 κρείττονος
2744 1456 2838 1506 τοῦ
2872 1456 3118 1516 εἰπόντος
3155 1456 3286 1519 (94⁵)
3310 1454 3561 1524 κεχώρηκε

2012 1537 2109 1615 τῆν
2145 1547 2222 1606 είς
2247 1544 2405 1596 αὑτὸν
2424 1543 2517 1595 τοῦ
2551 1544 2770 1597 Σατανᾶ
2791 1544 3020 1596 εἴσοδον.
3066 1542 3493 1612 Παραδείγματος
3515 1542 3563 1593 δὲ

2013 1635 2216 1695 ἕνεκεν,
2246 1635 2330 1685 ἵνα
2365 1632 2528 1702 νοηθῇ
2562 1632 2677 1693 πῶς
2703 1632 2920 1700 ψωμίον
2969 1633 3066 1701 μὲν
3097 1632 3291 1684 ἔδωκεν
3321 1634 3348 1683 6
3386 1632 3563 1701 Κύριος

2014 1726 2089 1794 τῷ
2117 1724 2306 1793 Ἰούδᾳ,
2337 1727 2539 1786 ἐκεῖνος
2565 1724 2622 1775 δὲ
2653 1724 2774 1773 τότε
2810 1723 3051 1774 ἀπέθετο
3082 1723 3323 1792 κρεῖττόν
3351 1741 3399 1775 τι
3422 1725 3563 1775 ὲνυπ-

2015 1817 2178 1884 ἁρχον
2227 1816 2284 1865 ὲν
2323 1812 2487 1881 αύτῷ,
2543 1812 2637 1864 καὶ
2686 1812 2829 1880 τάχα
2886 1812 2988 1882 τὴν
3034 1815 3278 1883 εἰρήνην,
3325 1814 3563 1884 ὑποστρέ-

2015 1920 2216 1972 φουσαν
2258 1903 2363 1955 ἀπὸ
2410 1902 2502 1954 τοῦ
2536 1901 2895 1967 ἀκούσαντος,
2953 1904 3050 1955 καὶ
3106 1904 3179 1974 μὴ
3217 1900 3564 1973 παραδεξαμέ-

2014 2011 2103 2045 νου
2151 1996 2240 2045 ἐπὶ
2276 1994 2366 2045 τὸν
2408 1992 2651 2053 εἰπόντα,
2684 1993 2831 2044 κατά
2866 1993 2930 2045 τὸ
2972 1974 3262 2063 λεγόμενον
3308 1994 3430 2062 (95),
3474 1995 3560 2055 ᾶτι,

2021 2103 2038 2134 ι
2089 2085 2209 2135 Ἐὰν
2246 2084 2341 2152 μὲν
2432 2084 2546 2133 ἐκεῖ
2576 2082 2689 2143 υἱὸς
2734 2084 2966 2153 εἰρήνης
2995 2121 3010 2144 ,
3046 2085 3079 2152 ἡ
3114 2082 3465 2153 εἰρὴνη’ύμῶν
3490 2085 3563 2135 ἐπ’

2013 2174 2171 2226 αὑτὸν
2197 2173 2583 2225 ἀναπαύσεται·
2618 2174 2712 2226 ἐὰν
2746 2173 2805 2225 δὲ
2866 2176 2943 2243 μὴ
3058 2176 3173 2226 ἐκεῖ
3205 2174 3313 2235 υίὸς
3344 2174 3560 2243 εἰρήνης,

2013 2264 2044 2331 ἡ
2074 2246 2257 2331 εἰρήνη
2292 2261 2441 2330 ὑμῶν
2474 2262 2557 2329 ἐφ’
2591 2261 3105 2331 ύμᾶςτάνακάμψει·
3125 2281 3141 2311 ι
3172 2261 3565 2332 παραθησόμεθα

2016 2351 2103 2401 καὶ
2117 2350 2222 2400 ἀπὸ
2237 2350 2332 2418 τῆς
2354 2349 2485 2419 πρὸς
2507 2348 2832 2419 Κορινθίους
2844 2350 3107 2421 δευτέρας
3132 2352 3434 2421 Ἐπιστολῆς
3451 2350 3562 2404 ταῦ-

2014 2456 2079 2490 τα
2109 2438 2277 2499 οὕτως
2311 2440 2688 2508 γεγραμμένα·
2725 2460 2745 2489 ι
2772 2442 2848 2493 Τὸ
2880 2441 3036 2511 ὑμῶν
3069 2442 3399 2511 περίσσευμα
3423 2445 3491 2503 εἰς
3516 2441 3565 2493 τὸ

2016 2531 2233 2583 ἐκείνων
2262 2532 2561 2601 ὑστέρημα,
2596 2532 2683 2585 ἴνα
2742 2534 2844 2585 καὶ
2902 2534 2964 2587 τὸ
3013 2535 3223 2587 ἐκείνου
3259 2536 3561 2603 περίσσευμα

2013 2622 2231 2691 γένηται
2259 2624 2336 2683 εἰς
2363 2621 2421 2672 τὸ
2446 2613 2595 2690 ὑμῶν
2619 2622 2970 2693 ὑστέρημα·›
2994 2626 3332 2694 κατανοήσας
3358 2626 3455 2693 γὰρ
3484 2626 3563 2695 τὴν

2012 2712 2071 2762 ὲν
2097 2714 2302 2773 τούτοις
2329 2708 2589 2763 ἀντίδοσιν
2614 2712 2820 2778 χοῖκῶν
2846 2712 2985 2784 πρὸς
3009 2714 3366 2783 πνευματικὰ,
3392 2713 3563 2784 δυνήσῃ

2016 2798 2142 2851 ἰδεῖν
2184 2798 2299 2861 πῶς
2342 2799 2419 2868 τῷ
2451 2798 2526 2868 μὴ
2561 2799 2696 2869 ἀξίῳ
2752 2802 2924 2871 ἄρτου
2972 2802 3188 2873 ψωμίον
3236 2803 3563 2864 ἐπιδέδωκεν,

2016 2889 2101 2941 ἵνα
2130 2887 2217 2941 διὰ
2240 2890 2331 2941 τοῦ
2360 2889 2571 2960 ψωμίου
2613 2892 2800 2964 ἀφέλῃ
2831 2893 3024 2957 αὑτοῦ,
3058 2927 3127 2935 -
3151 2893 3225 2957 ὡς
3273 2894 3475 2957 ἀναξίου
3500 2892 3564 2943 ἔτι

379 2968 604 3034 amplius
628 2969 837 3021 audiret
867 2983 881 3020 :
915 2987 933 3020 ι
968 2968 1175 3022 Etenim
1220 2972 1376 3023 homo
1432 2972 1577 3038 pacis
1607 2987 1736 3025 mere
1766 2973 1849 3038 ";
1888 2992 1905 3024 ι

2017 2977 2244 3030 ἀκούειν·
2272 2980 2406 3031 «Καὶ
2443 2979 2550 3051 γὰρ
2577 2981 2606 3032 6
2638 2980 2941 3050 ἄνθρωπος
2969 2982 3069 3052 τῆς
3099 2985 3319 3053 εἰρήνης
3353 3000 3489 3052 pou,»
3511 3012 3565 3021 -ο

381 3074 501 3111 nam
536 3079 553 3110 ι
584 3058 841 3112 Sordidus
866 3060 1142 3111 sordescat
1173 3060 1347 3114 adhuc
1374 3060 1451 3123 ’5;
1499 3080 1516 3109 ι
1563 3075 1665 3128 qua
1712 3060 1907 3124 ablata,

380 3148 468 3201 ille
496 3148 584 3215 qui
620 3147 938 3201 observabat
975 3150 1310 3202 occasionem
1352 3149 1679 3218 ingrediendi
1713 3150 1763 3204 in
1797 3151 1907 3203 aui-

381 3256 519 3293 mam
571 3241 737 3302 illius,
763 3248 818 3292 et
859 3240 912 3292 in
948 3240 1161 3293 dantem
1195 3240 1293 3294 sibi
1336 3241 1663 3306 ingrediendi
1711 3242 1907 3308 locum,

378 3331 435 3382 in
476 3329 664 3383 ludam
708 3331 979 3398 ingressus
1019 3340 1121 3383 est.
1158 3329 1371 3384 Pariter
1395 3335 1620 3384 observa
1656 3331 1910 3385 Satanam

381 3429 538 3470 antea
569 3434 671 3470 nou
702 3419 994 3485 ingressum
1045 3419 1210 3472 fuisse
1249 3420 1299 3472 in
1345 3418 1559 3483 ludam,
1584 3422 1677 3474 sed
1707 3430 1909 3475 tantum

383 3506 590 3560 misisse
614 3507 663 3558 iu
687 3521 780 3559 cor
803 3507 916 3572 ejus
946 3518 1003 3559 ut
1044 3507 1352 3576 Magistrum
1379 3510 1630 3574 proderet
1654 3508 1730 3574 a°;
1760 3512 1911 3577 juxta

381 3610 444 3647 ea
477 3609 600 3648 vero
623 3610 742 3663 qua:
774 3610 918 3649 nunc
951 3607 1199 3650 accurate
1243 3598 1641 3664 quuisivimus,
1679 3611 1795 3665 post
1826 3592 1911 3653 of-

383 3684 541 3736 fulam
570 3684 836 3739 introiisse
868 3686 918 3738 iu
947 3700 1087 3738 eum.
1137 3686 1486 3752 Quamobrem
1531 3705 1814 3743 caveamus
1847 3699 1909 3744 et

381 3785 480 3825 nos
511 3787 574 3825 ne
608 3774 816 3838 quando
852 3771 1092 3825 diabolus
1118 3772 1170 3825 iu
1198 3788 1291 3825 cor
1321 3784 1556 3826 nostrum
1583 3776 1755 3843 jaeiat
1777 3791 1911 3844 qua-

384 3859 693 3927 lemcunque
722 3861 966 3928 sagittam
992 3861 1071 3913 sui
1116 3862 1279 3928 ipsius
1307 3863 1526 3930 ignitum
1555 3880 1568 3926 ;
1608 3880 1727 3916 nam
1763 3866 1806 3917 si
1829 3865 1912 3933 je-

382 3948 537 4010 rerit,
572 3962 689 3999 mox
716 3950 875 3999 etiam
903 3948 1150 4001 observat
1180 3957 1385 4017 tempus
1424 3949 1780 4018 ingrediendi.
1810 3950 1913 4003 Sed

382 4046 583 4103 quaret
613 4036 807 4103 aliquis
830 4052 994 4105 quare
1024 4037 1278 4103 scriptum
1308 4052 1409 4091 non
1435 4037 1617 4101 fuerit,
1654 4056 1671 4088 ι
1701 4037 1792 4090 Ille
1809 4049 1911 4103 est,

381 4125 464 4177 cui
542 4137 643 4192 ego
690 4124 899 4177 oﬂ‘ulam
939 4126 1126 4178 dedero
1154 4127 1218 4190 ⁸¹,
1254 4146 1271 4177 ι
1309 4127 1400 4179 sed
1446 4141 1566 4180 cum
1618 4128 1915 4192 adjectioue

384 4214 500 4277 bac,
535 4216 785 4282 iutingam
810 4229 829 4265 :
857 4234 876 4265 ι
912 4216 1005 4268 Cui
1050 4232 1144 4286 ego
1185 4237 1204 4269 ι
1239 4219 1402 4280 enim,
1447 4219 1637 4286 inquit,
1690 4236 1707 4266 ι
1750 4220 1912 4271 intin-

2013 3066 2107 3135 τὴν
2152 3068 2391 3136 εἰρήνην·
2431 3088 2448 3118 ι
2502 3069 2558 3121 '0
2609 3071 2870 3138 ῥυπαρὸς
2924 3071 3037 3141 γὰρ
3093 3072 3409 3143 ῥυπανθήτω
3439 3072 3560 3124 ἑτι-ι

2010 3149 2078 3224 ἧς
2110 3155 2515 3225 ἀφαιρεθείσης,
2534 3158 2563 3209 6
2582 3159 2872 3229 ἐπιτηρῶν
2899 3163 3097 3231 καιρὸν
3117 3163 3216 3231 τῆς
3246 3164 3325 3223 εἰς
3362 3162 3450 3230 τὴν
3473 3160 3563 3225 (96)

2010 3241 2185 3311 ψυχὴν
2234 3245 2437 3296 εἰσόδου
2486 3246 2676 3308 αὐτοῦ,
2718 3249 2815 3300 καὶ⁵
2857 3250 2953 3302 τὸν
2999 3250 3212 3305 διδόντα
3258 3246 3397 3321 αύτῷ
3427 3251 3562 3302 τόπον

2012 3330 2289 3393 εἰσελθεῖν,
2336 3334 2415 3393 εἰς
2456 3332 2546 3384 τὸν
2590 3334 2805 3387 Ἰούδαν
2851 3338 3107 3407 εἰσῆλθεν
3159 3338 3289 3408 (97).
3333 3341 3469 3408 ’Ἅμα
3517 3338 3563 3388 δὲ

2014 3421 2347 3489 παρατήρει,
2387 3421 2467 3472 ὅτι
2503 3422 2775 3492 πρότερον
2813 3426 2912 3494 μὲν
2946 3430 3049 3481 ούκ
3072 3428 3316 3499 εἰσῆλθεν
3355 3431 3382 3482 6
3424 3429 3565 3480 Σατα-

2012 3510 2106 3570 νᾶς
2125 3511 2203 3570 εἰς
2221 3509 2311 3561 τὸν
2338 3510 2558 3573 Ἰούδαν,
2582 3513 2725 3565 ἀλλά
2741 3515 3037 3587 ἐϐεϐλὴκει
3066 3519 3224 3588 μόνον
3245 3523 3320 3582 είς
3339 3520 3429 3589 τὴν
3451 3535 3564 3587 καρ-

2012 3597 2127 3650 δίαν
2180 3597 2341 3650 αύτοῦ
2379 3599 2486 3668 (98)
2526 3601 2613 3653 ἵνα
2665 3604 2907 3675 παραδῷ
2949 3606 3042 3658 τὸν
3087 3607 3425 3671 Διδάσκαλον,
3450 3603 3566 3657 κατὰ

2012 3687 2066 3738 δὲ
2093 3687 2159 3739 τὰ
2185 3687 2278 3739 νῦν
2301 3688 2666 3759 ἐξεταζόμενα
2706 3696 2853 3762 μετὰ
2889 3696 2952 3748 τὸ
2977 3696 3195 3767 ψωμίον
3238 3697 3476 3750 εἰσελθεῖν
3504 3697 3569 3755 εἰς

2014 3778 2233 3827 ἐκεῖνον.
2282 3777 2479 3855 Διόπερ
2524 3779 2617 3829 καί
2662 3784 2837 3850 ἡμεῖς
2871 3787 3275 3859 φυλαττώμεθα
3303 3789 3371 3858 μή
3398 3801 3511 3837 ποτε
3546 3784 3570 3836 6

2013 3864 2250 3927 διάϐολος
2285 3864 2415 3935 βάλῃ
2452 3869 2529 3928 εἰς
2560 3868 2663 3936 τὴν
2722 3874 2959 3943 καρδίαν
2995 3878 3153 3946 ἡμῶν
3184 3877 3451 3929 ότιποτοῦν
3480 3874 3570 3927 τῶν

2014 3955 2419 4024 πεπυρωμένων
2456 3956 2619 4008 αὑτοῦ
2662 3956 2879 4027 βελῶν·
2914 3966 3011 4019 ἐὰν
3044 3969 3156 4038 γὰρ
3208 3967 3360 4038 βάλῃ,
3408 3967 3572 4031 ἐπιτη-

2018 4048 2098 4115 ρεῖ
2128 4044 2262 4112 μετά
2289 4045 2448 4098 τοῦτο
2472 4048 2565 4099 καὶ
2594 4047 2770 4115 αὐτὸς
2816 4055 3107 4113 εἰσελθεῖν.
3146 4058 3379 4126 Ζητήσαι
3430 4056 3469 4106 δ’
3515 4056 3570 4107 ἄν

2013 4149 2093 4194 τις
2132 4130 2217 4183 διὰ
2256 4132 2307 4183 τί
2342 4135 2400 4185 ού
2439 4134 2791 4204 γέγραπται·
2838 4161 2856 4192 ι
2928 4144 3172 4209 Ἐκεῖνός
3224 4148 3364 4199 ἐστιν
3406 4138 3447 4212 ᾧ
3481 4136 3574 4210 ἐγὼ

2013 4222 2181 4273 δώσω
2238 4222 2297 4273 τὸ
2352 4223 2579 4292 ψωμίον,
2627 4245 2645 4275 ι
2717 4231 2860 4285 ἀλλὰ
2923 4236 3067 4303 μετά
3125 4238 3431 4309 προσθήκης
3473 4236 3571 4303 τῆς.

381 4316 499 4369 gam
547 4301 759 4353 olfulam
787 4314 840 4355 et
866 4318 1146 4369 porrexero
1169 4323 1185 4372 ;
1208 4316 1260 4359 et.
1291 4321 1407 4359 cum
1442 4305 1741 4359 intinxisset
1780 4307 1909 4359 buc-

2017 4309 2215 4376 βάψω·
2244 4330 2261 4359 ‹
2299 4311 2460 4380 Βάψω
2489 4333 2506 4364 ι
2536 4316 2672 4386 γὰρ,
2709 4323 2872 4391 φησι,
2957 4320 3019 4377 τὸ
3045 4301 3279 4396 ψωμίον,
3310 4301 3400 4380 καί
3422 4301 3570 4376 δώσω·

383 4388 593 4450 cellam,
637 4407 656 4438 ι
705 4392 863 4442 sumit
892 4405 1007 4442 eam
1035 4431 1050 4455 ,
1097 4402 1150 4446 et
1198 4412 1216 4445 ι
1258 4395 1481 4462 porrigit
1512 4389 1661 4448 Judae
1707 4393 1910 4447 Simoni

383 4475 664 4528 lscariotzr.
700 4494 717 4526 ι
751 4476 805 4528 lu
831 4478 1090 4534 similibus
1120 4492 1293 4535 autem
1326 4482 1483 4553 “2
1518 4483 1649 4537 locis
1678 4492 1910 4535 mentem

381 4565 595 4627 adhibe,
624 4581 689 4617 an
719 4567 887 4633 possis
926 4569 1101 4623 dicere
1140 4571 1406 4625 sincerum
1445 4588 1633 4641 panem
1662 4587 1765 4626 non
1794 4587 1911 4626 esse

384 4655 625 4718 tinctum,
668 4657 758 4708 sed
801 4670 865 4709 ex
915 4671 973 4709 se
1020 4674 1135 4712 esse
1203 4662 1482 4732 τρόφιμον,
1523 4661 1647 4733 [hoc
1704 4671 1786 4715 est
1816 4679 1912 4714 nu-

382 4742 602 4815 triens];
630 4745 756 4798 illud
799 4761 924 4798 vero
957 4749 1094 4814 quod
1122 4748 1267 4803 Judae
1302 4753 1549 4813 dabatur,
1592 4767 1695 4803 non
1742 4750 1909 4804 fuisse

382 4848 567 4900 panem
594 4875 609 4900 ,
657 4836 750 4889 sed
796 4835 1042 4902 oﬂ'ulam;
1091 4849 1145 4892 et
1191 4855 1294 4895 non
1331 4841 1545 4893 oﬂ‘ulam
1581 4841 1781 4907 absque
1811 4840 1909 4891 im-

470 5016 515 5046 ²¹
541 5015 691 5068 Joan.
720 5033 833 5077 xm.
869 5019 958 5073 26.
1034 5021 1078 5051 ’³
1104 5021 1233 5073 ibid.
1260 5023 1349 5074 ‘27.
1437 5023 1481 5053 “
1520 5021 1645 5075 ibid.
1669 5021 1722 5074 9..

384 5093 496 5142 vut,
525 5083 607 5134 Μ.
681 5087 738 5152 ,⁸⁸
762 5084 905 5142 Psal.
935 5104 1017 5154 η,
1047 5089 1126 5141 10.
1203 5090 1246 5121 ²⁹
1273 5092 1437 5159 Apoc.
1462 5107 1589 5154 xxu,
1617 5090 1702 5143 11.

585 5216 761 5297 ςςιιιεκ
790 5220 1003 5297 Regius,
1035 5224 1269 5297 Σίμωνος
1306 5227 1662 5297 Ἰσκαριώτου.

452 5282 729 5362 (ρῇιιξοιιι
757 5282 917 5341 eode:
940 5282 1170 5358 Regius,
1196 5282 1371 5362 δόσης,
1403 5282 1560 5350 male.

454 5348 586 5423 (94⁸)
619 5350 907 5418 Lacunam,
954 5348 1109 5424 quam
1156 5348 1418 5414 asterisco
1455 5348 1657 5416 notavit
1688 5363 1904 5426 Ruaeus,

386 5412 597 5495 navum.
627 5432 743 5495 ρει,
789 5412 1123 5495 ξοιιίιειῇἰιιιη
1163 5412 1389 5495 ﬁniant:
1689 5412 1907 5484 ’ἐέὲρῑὲἑ

386 5480 675 5561 ειιξὶρίιεηιῑρ
701 5480 938 5561 εἰρήνην.
976 5492 1128 5544 Ent'r.
1162 5493 1396 5547 ΡΔτιιοι..

457 5546 567 5603 (95)
600 5546 847 5603 ΚατάἜύ
876 5546 995 5612 iter.
1034 5561 1184 5613 Deest
1235 5546 1287 5613 in
1322 5546 1455 5616 ad.
1497 5563 1798 5620 Bodleiano.
1856 5585 1862 5590 -

1825 5023 1877 5092 “_
1891 5022 2073 5075 Matth.
2102 5039 2225 5083 xxv,
2246 5023 2316 5076 20
2340 5040 2354 5083 ζ
2401 5025 2563 5079 Μαΐο-
2595 5042 2674 5092 Ws
2696 5033 2792 5087 25-

1787 5091 1832 5121 ”
1853 5090 2007 5160 Joau.
2035 5107 2151 5157 xm,
2184 5092 2237 5144 2.

2008 4400 2100 4451 καὶ
2156 4399 2328 4467 βάψας
2358 4402 2416 4453 τὸ
2455 4401 2696 4473 ψωμίον,
2754 4429 2773 4459 ι
2836 4412 3149 4483 λαμϐάνει,
3206 4418 3299 4470 καὶ
3336 4436 3353 4467 ι
3390 4414 3575 4467 δίδωσιν

2020 4490 2187 4559 Ἰούδᾳ
2238 4491 2437 4560 Σίμωνι
2486 4495 2851 4574 Ἰσκαριὼτῃ.
2896 4523 2915 4554 ι
2968 4507 3061 4569 Ὠς
3120 4510 3178 4561 ὲν
3230 4504 3478 4567 τοιούτοις
3522 4502 3575 4573 δὴ

2005 4579 2190 4668 τόποις
2228 4580 2460 4668 πρόσχες
2493 4584 2541 4634 εἰ
2575 4584 2812 4643 δύνασαι
2849 4590 2944 4645 τὸν
2985 4592 3257 4667 εἰλικρινῆ
3289 4599 3439 4668 ἄρτον
3465 4594 3577 4647 ἀϐα-

2008 4667 2081 4756 φη
2115 4667 2338 4756 φάσκειν
2377 4665 2514 4756 εἶναι
2539 4710 2553 4732 ,
2606 4678 2707 4728 καὶ
2748 4683 2875 4733 καθ’
2934 4684 3101 4737 αὑτὸν
3135 4665 3427 4756 -τρόιριμοψ
3454 4683 3508 4736 τὸ
3530 4683 3577 4735 δὲ

2012 4754 2088 4822 τῷ
2129 4754 2296 4844 Ἰούδᾳ
2327 4755 2695 4827 ὲπιδιδόμενον
2731 4769 2830 4819 καὶ
2857 4772 2960 4822 οὐκ
2998 4773 3165 4843 ἄρτος
3180 4754 3259 4844 -ἦν
3284 4754 3342 4826 τὸ
3370 4772 3575 4841 ψωμίον,

2015 4845 2107 4896 καὶ
2134 4844 2192 4895 οὐ
2220 4843 2425 4914 ψωμίον
2456 4846 2688 4917 ἀϐαφὲς,
2737 4855 2881 4911 ἀλλά
2931 4843 3283 4933 βεϐαμμένον
3327 4863 3402 4932 τῷ
3439 4862 3576 4914 δυνα-

2872 5035 2922 5066 ²⁶
2947 5036 3086 5095 Luc.
3111 5056 3168 5106 ι,
3199 5040 3252 5095 6.
3344 5041 3385 5072 ³⁷
3408 5038 3447 5092 ll
3467 5035 3575 5091 Cor.

2333 5093 2372 5123 ³³
2408 5094 2535 5147 ibid.
2573 5096 2671 5152 26.

2073 5226 2824 5317 i215).9.2‘5.":‘13-,23°9."“Pt°s
2857 5241 2966 5317 καὶ,
2998 5242 3232 5317 rima:
3259 5248 3335 5308 είς
3352 5245 3462 5317 τήνν
3482 5249 3572 5317 φιν·

2009 5296 2531 5416 ἰιιἮύξίξξξίῇέθεἈ
2566 5296 2736 5359 ὒθρδὶ
2761 5296 2823 5360 ἰή
2843 5296 3040 5367 θθδίέθ
3070 5296 3577 5386 λίθεῗόξὲὶιιῖθιςίιυτ

2074 5430 2427 5519 ίὲἒὲὶᾼΐξῖσῦο
2479 5436 2640 5519 Decf!
2684 5441 2744 5519 ie
2781 5447 2979 5519 ςριιίεα
3015 5450 3210 5519 Regio.
3256 5451 3309 5502 in
3339 5464 3441 5519 ιιιιο
3469 5459 3572 5519 rm"

2004 5496 2209 5588 Eutr;
2219 5514 2243 5588 ξ
2256 5502 2405 5588 jus
2422 5504 2654 5573 παραδῷ
2700 5496 2943 5578 iam;
2957 5496 3210 5588 ’Σξρῖὲᾴέξ
3256 5496 3576 5588 nam;

1946 5603 1954 5611 .
2002 5564 2090 5614 τὸν
2121 5565 2464 5622 Διδάσκαλον.
