3820 6190
284 300 378 361 805

1265 298 1611 357 COMMENT.
1655 297 1719 350 IN
1754 296 1945 351 JOAN.
1983 296 2216 352 TOMUS
2253 294 2472 352 XXXII.

3319 292 3427 349 806

288 414 418 487 μένῳ
441 382 750 465 ἀποσπᾶσαι
783 412 882 482 τῆς
914 412 1086 482 ψυχῆς
1136 415 1296 466 αὑτοῦ
1333 415 1429 483 τὴν
1466 416 1570 467 ἀπὸ
1604 413 1696 464 τοῦ
1732 412 1813 465 λό-

1923 415 2197 473 mersione,
2233 415 2325 466 sed
2353 415 2592 474 tinctam,
2626 423 2677 467 et
2708 414 3009 467 immersam
3035 412 3102 465 ob
3130 428 3194 466 eo
3224 414 3315 480 qui
3336 430 3441 489 po-

283 521 370 571 γου
399 502 491 553 ἐπὶ
517 501 677 555 ποσὸν
704 503 1056 572 ἐγγινομένην
1087 503 1277 572 βαφὴν,
1314 504 1398 554 ἵνα
1430 503 1563 572 μετά
1596 502 1657 554 τὸ
1697 501 1810 569 ψω-

288 594 394 661 μίον
425 591 636 663 εἰσέλθῃ
687 593 891 644 ἐκεῖνον
922 594 950 643 6
977 594 1233 654 Σατανᾶς.
1275 591 1412 658 Ἐγὼ
1441 591 1497 643 δὲ
1525 590 1811 659 ζητήσαιμ⁹

284 684 341 737 ἀν
370 682 440 743 ὡς
466 681 638 751 τούτῳ
670 681 779 749 (99)
838 683 1093 750 συγγενὲς
1124 683 1185 734 τὸ
1224 683 1328 735 ἀπὸ
1356 681 1447 735 τοῦ
1480 681 1617 732 κατά
1664 681 1815 732 Ματ-

287 770 450 821 θαῖον*
476 786 497 817 ‹
539 768 595 819 '0
638 767 887 837 ἐμϐάψας
926 768 1022 838 τὴν
1069 770 1223 838 χεῖρα
1275 770 1387 837 μετ’
1439 767 1570 837 ἐμοῦ
1629 768 1685 818 ἐν
1738 765 1813 834 τῷ

283 856 526 928 τρυϐλίῳ,
558 848 709 918 οὗτός
739 873 805 925 με
834 856 1185 927 παραδώσει·›
1222 858 1313 908 καὶ
1340 856 1400 908 τὸ
1428 856 1532 908 ἀπὸ
1556 853 1646 906 τοῦ
1678 854 1813 907 κατὰ

285 948 493 1016 Μάρκον
519 963 532 976 ·
573 965 591 996 ι
632 947 691 998 '0
714 946 1114 1015 ἐμϐαπτόμενος
1148 947 1261 1015 μετ’
1292 946 1423 1015 ἐμοῦ
1472 947 1548 1006 εἰς
1591 945 1649 996 τὸ
1688 960 1813 1011 τρυ-

283 1038 434 1089 ϐλίον·
470 1055 488 1086 ι
521 1037 614 1089 καὶ
643 1035 704 1086 τὸ
740 1035 847 1086 ἀπὸ
869 1036 960 1087 τοῦ
988 1035 1126 1088 κατὰ
1158 1036 1364 1087 Λουκᾶν
1394 1034 1470 1096 δὲ,
1519 1035 1564 1084 εί
1596 1033 1688 1085 καὶ
1741 1031 1812 1100 μὴ

282 1125 521 1195 ὀνομάζει
555 1127 633 1176 τό·
674 1144 692 1175 ι
726 1125 995 1194 ἐμϐάψας,
1036 1145 1054 1175 ι
1093 1125 1205 1177 ἀλλ’
1301 1125 1430 1193 φησί
1481 1140 1543 1189 γε
1568 1139 1580 1152 ·
1618 1141 1636 1172 ι
1672 1121 1812 1189 Πλὴν

284 1215 382 1267 ἰδοὺ
420 1216 452 1283 ἡ
495 1214 618 1283 χεὶρ
652 1212 741 1267 τοῦ
773 1213 1145 1284 παραδιδόντος
1174 1230 1239 1282 με
1281 1214 1394 1281 μετ’
1424 1210 1555 1280 ἐμοῦ
1587 1212 1676 1261 ἐπὶ
1718 1212 1814 1280 τῆς

279 1300 563 1375 τραπέζης.
599 1321 617 1351 ι
666 1303 723 1353 '0
777 1296 987 1370 μὲνοῦν
1018 1300 1140 1368 περὶ
1191 1297 1374 1349 τούτου
1416 1294 1613 1364 ἀληθὴς
1663 1294 1813 1360 λόγος

279 1393 418 1464 παρά
468 1395 582 1454 τοῖς
638 1390 772 1457 ἐμοῦ
829 1389 1071 1460 εὑρεθείη
1127 1388 1191 1441 ἂν
1237 1386 1410 1454 πολλῷ
1454 1383 1772 1452 σοφωτέροις
1798 1397 1812 1410 ’

277 1485 379 1552 ἐγὼ
407 1483 461 1535 δὲ
492 1481 820 1550 στοχάζομαι
852 1482 1053 1549 μήποτε
1083 1478 1174 1530 καὶ
1205 1477 1263 1528 τὸ
1294 1475 1502 1536 ἀναιδὲς
1522 1472 1612 1525 τοῦ
1648 1471 1813 1523 Ἰούδα

279 1574 363 1627 καὶ
390 1575 444 1624 ἐν
471 1572 648 1640 τούτῳ
677 1571 995 1640 ἐμφαίνεται
1032 1569 1103 1637 μὴ
1128 1566 1388 1636 τιμῶντος
1439 1565 1529 1615 τὸν
1555 1562 1812 1614 Διδάσκα-

275 1665 358 1715 λον
386 1702 398 1724 ,
443 1663 502 1714 ἐν
554 1661 632 1730 τῷ
683 1658 998 1721 συνεσθίειν,
1036 1657 1168 1726 μηδέ
1201 1651 1639 1725 παραχωροῦντος
1670 1651 1812 1720 αὐτῷ

386 1713 481 1813 ἐἰς
521 1713 861 1819 τδιτρυϐλίον
894 1713 1176 1816 ἐμϐάίιίεως
1198 1784 1212 1807 ,
1255 1713 1329 1806 ὧς
1349 1713 1715 1812 ’.παρεχώρουν
1765 1713 1811 1792 oi
1847 1713 1885 1767 Β

276 1844 457 1895 λοιποί.
512 1841 716 1907 Διόπερ
766 1836 983 1890 ἐκείνων
1036 1836 1130 1904 μὲν
1178 1834 1348 1895 οὐδεὶς
1403 1834 1661 1885 ἐνέϐαπτε
1716 1830 1812 1899 τὴν

277 1935 421 2001 χεῖρα
461 1932 540 1991 είς
579 1929 641 1980 τὸ
692 1926 939 1997 τρυϐλίον
993 1926 1104 1991 μετ’
1160 1922 1340 1974 αὐτοῦ’
1387 1916 1536 1983 οὗτος
1578 1921 1667 1981 δὲ,
1716 1920 1813 1970 οὐκ

277 2020 429 2083 ἀξιῶν
463 2018 580 2087 μετ’
607 2015 783 2068 αὐτῶν
817 2014 1128 2084 ἐμϐάπτειν,
1178 2014 1291 2081 μετ’
1323 2008 1484 2064 αὑτοῦ
1535 2010 1812 2068 ἐνέϐαπτε,

278 2111 368 2180 τὴν
404 2109 619 2178 ἰσότητα
657 2107 821 2159 θέλων
853 2105 995 2175 ἔχειν
1023 2105 1156 2173 πρὸς
1186 2103 1366 2163 αὐτὸν,
1395 2103 1508 2154 δέον
1533 2101 1678 2170 αὐτῷ
1710 2119 1813 2152 πα-

280 2202 531 2269 ραχωρεῖν
578 2196 681 2264 τῆς
730 2195 1017 2264 ὑπεροχῆς.
1054 2194 1199 2261 Τάχα
1230 2188 1320 2244 οῦν
1368 2190 1460 2242 τοῦ
1499 2190 1656 2242 αὐτοῦ
1704 2190 1818 2259 ἐχε-

276 2306 358 2340 τιιι
387 2288 475 2340 καὶ
506 2286 598 2338 τό·
638 2304 655 2335 ι
697 2283 839 2353 Πλὴν
872 2283 979 2335 ἰδοὺ
1007 2283 1040 2351 ἡ
1071 2282 1187 2352 χεὶρ
1219 2279 1310 2331 τοῦ
1349 2278 1720 2348 παραδιδόντος
1752 2294 1816 2346 με

279 2379 385 2443 μετ’
418 2375 549 2445 ἐμοῦ
580 2375 673 2426 ἐπὶ
701 2373 799 2440 τῆς
823 2370 1116 2441 τραπέζης.
1152 2388 1169 2419 ι
1210 2369 1314 2421 Καὶ
1359 2365 1818 2436 χαριεντιζόμενος

275 2466 328 2517 δέ
368 2481 493 2517 ποτε
541 2466 626 2525 είς
672 2460 979 2531 προτροπὴν
1023 2460 1159 2520 νέοις
1206 2457 1331 2527 περὶ
1364 2456 1462 2524 τῆς
1496 2458 1552 2508 ἐν
1583 2455 1815 2508 ἑστιάσει

275 2556 432 2625 τιμῆς
462 2553 572 2606 τῶν
606 2549 985 2621 πρεσϐυτέρων
1011 2586 1025 2610 ,
1077 2547 1352 2616 συγχρήσῃ
1386 2544 1460 2614 (1)
1506 2542 1582 2612 τῷ
1626 2544 1771 2613 ῥητῷ
1802 2581 1817 2605 ,

279 2648 360 2698 ἶνα
388 2644 460 2714 μὴ
493 2640 818 2694 συνθλίϐωσι
845 2639 943 2707 τὴν
972 2639 1126 2705 χεῖρα
1156 2635 1262 2686 τῶν
1300 2633 1693 2703 πρεσϐυτέρων.
1723 2633 1818 2683 Γέ-

276 2750 509 2805 γραπται
538 2732 653 2800 γάρ
674 2730 769 2782 καὶ
796 2726 969 2780 τοῦτο’
1007 2745 1024 2776 ι
1054 2724 1144 2794 Μὴ
1195 2722 1472 2775 συνθλίϐου
1509 2722 1622 2791 μετ’
1657 2714 1818 2774 αὺτοῦ

276 2826 329 2877 ἐν
352 2823 426 2893 τῷ
447 2819 708 2893 τρυϐλίῳζ
742 2837 759 2868 ι
793 2817 904 2869 Οὐκ
927 2813 1243 2881 ἀγνοοῦντες
1269 2812 1326 2865 δὲ
1348 2811 1500 2875 δόξαν
1534 2810 1818 2881 περιέργου

274 2910 545 2981 ζητήσεως
566 2948 582 2971 ,
620 2906 717 2960 καὶ
751 2903 953 2957 πείθειν
985 2902 1057 2971 μὴ
1096 2898 1392 2968 δυναμένης
1422 2898 1513 2950 τὸν
1553 2897 1820 2967 ἀκροατὴν

272 3001 561 3066 ἀπολογίας
585 2992 957 3064 ἀποφέρεσθαι
996 2992 1069 3059 (Ξ)
1099 2989 1246 3060 παρά
1275 2992 1385 3050 τοῖς
1424 2987 1623 3040 τούτων
1660 2987 1814 3039 ἀκού-

271 3107 403 3155 ουσι,
439 3088 613 3141 ταῦτα
645 3084 1042 3153 ἐτολμήσαμεν,
1078 3082 1316 3149 κρεῖττον
1349 3073 1485 3129 εἷναι
1515 3075 1817 3145 νομίζοντες

268 3182 326 3233 τὸ
356 3181 530 3232 πάντα
570 3171 879 3246 βασανίζειν
908 3169 999 3224 τοῦ
1046 3168 1327 3238 παρελθεῖν
1374 3184 1425 3219 τι
1464 3166 1815 3218 ἀϐασάνιστον

268 3271 372 3322 τῶν
394 3263 818 3337 γεγραμμένων.

334 3356 420 3409 15.
450 3352 803 3412 Εἰσελθόντος
838 3348 1012 3417 μέντοι
1032 3344 1124 3396 τοῦ
1148 3344 1355 3396 Σατανᾶ
1386 3343 1463 3403 είς
1488 3342 1575 3395 τὸν
1598 3341 1843 3401 Ἰούδαν,,

273 3462 292 3496 ι
325 3444 485 3513 φησιν
533 3439 688 3509 αὐτῷ
723 3437 795 3506 ('5)
837 3439 864 3488 6
898 3432 1134 3503 Ἰησοῦς·
1184 3433 1248 3482 Ὃ
1295 3433 1493 3492 ποιεῖς,
1544 3430 1680 3481 ποίει
1728 3430 1819 3481 τά·

266 3550 396 3602 χιον·
434 3551 452 3582 ι
483 3531 591 3582 τίνι
628 3528 720 3589 δὲ,
748 3523 914 3592 αὐτῷ,
942 3519 1254 3591 ἀμφίϐολονο
1291 3519 1409 3570 ἐπεὶ
1434 3518 1649 3569 δύναται
1677 3516 1820 3586 αύτῷ

265 3623 338 3691 τῷ
374 3622 546 3690 Ἰούδᾳ
578 3619 682 3688 (4),
734 3617 768 3687 ἢ
813 3615 892 3683 τῷ
945 3613 1152 3680 Σατανᾷ
1199 3608 1469 3679 εἰρηκέναι
1512 3612 1540 3659 6
1578 3607 1773 3677 Κύριος
1802 3623 1814 3635 ·

269 3730 287 3760 ι
321 3713 384 3763 Ὃ
420 3711 628 3770 ποιεῖς,
681 3705 904 3773 ποίησον
934 3702 1136 3769 τάχιον,
1170 3717 1187 3748 ι
1244 3696 1675 3767 προκαλούμενος
1729 3695 1819 3747 τὸν

266 3796 673 3866 ἀνταγωνιστὴν
719 3792 810 3845 ἐπὶ
852 3792 949 3860 τὴν
1000 3788 1175 3856 πάλην
1209 3785 1321 3857 (5),
1360 3786 1390 3855 ἢ
1436 3785 1525 3837 τὸν
1563 3785 1819 3854 προδότην

264 3891 353 3942 ἐπὶ
420 3889 482 3940 τὸ
539 3882 862 3951 διακονῆσαι
921 3882 985 3950 τῇ
1045 3875 1292 3946 σωτηρίῳ
1355 3874 1538 3942 κόσμῳ
1598 3872 1819 3943 ἐσομένη

262 3977 574 4046 οἰκονομίᾳ·
627 3974 699 4043 ἢν
741 3971 840 4023 οὐκ
892 3968 971 4021 ἔτι
1027 3966 1236 4036 μέλλειν
1262 4003 1276 4028 ,
1329 3963 1447 4016 οὐδὲ
1502 3962 1777 4032 βραδύνειν
1803 3999 1818 4025 ,

262 4068 370 4120 ἀλλ’
416 4069 516 4138 ὅση
559 4063 797 4133 δύναμις
835 4057 1082 4128 ταχύνειν
1130 4054 1313 4125 ἢθελεν
1354 4052 1447 4123 (6)·
1482 4054 1540 4104 οὐ
1572 4051 1777 4104 δειλιῶν
1803 4092 1818 4116 ,

260 4157 333 4219 ὡς
372 4153 577 4208 οἴονταί
630 4164 778 4210 τινες
818 4145 926 4197 τῶν
981 4142 1054 4213 μὴ
1117 4141 1417 4210 νοησάντων
1467 4139 1584 4191 τίνα
1628 4140 1821 4209 τρόπον

260 4242 407 4298 εἷπε·
448 4263 467 4295 ι
506 4243 700 4309 Πάτερ
725 4277 740 4301 ,
778 4237 825 4288 εί
851 4232 1102 4293 δυνατὸν,
1153 4228 1456 4300 παρελθέτω
1486 4228 1545 4279 τὸ
1571 4228 1820 4298 ποτήριον

259 4333 434 4394 τοῦτο,
476 4349 496 4382 ι
534 4326 677 4381 ἀλλὰ
710 4319 1122 4391 θαρῤαλεώτατα
1164 4317 1255 4369 ἐπλ⁸
1281 4317 1375 4369 τὸν
1402 4317 1603 4383 ἀγῶνα,
1633 4315 1697 4367 ἵν’
1728 4314 1818 4366 οῦ-

257 4441 364 4487 τως
387 4421 531 4475 εἴπω
558 4418 680 4490 (7),
710 4411 1085 4481 ἀποδυόμενος.
1134 4405 1350 4475 Νομίζω
1392 4406 1447 4458 δὲ
1479 4406 1573 4458 καὶ
1611 4405 1699 4456 τὸν
1730 4409 1820 4468 κς⁹

257 4510 466 4579 ψαλμὸν
509 4511 579 4560 ἐκ
629 4498 926 4573 προσώπου
961 4493 1051 4547 τοῦ
1093 4493 1335 4561 Σωτῆρος
1366 4490 1823 4579 Ανπροφητεύεσθαι

258 4577 405 4672 παρ-ἀ
439 4600 532 4651 τὸν
556 4591 759 4660 καιρὸν
787 4586 877 4638 τοῦ
910 4583 1141 4672 πάθους,
1181 4582 1271 4672 διαὶ
1299 4577 1390 4672 τοῦ
1431 4578 1660 4672 πονηροῦ
1685 4594 1824 4672 γῆν-

260 4664 479 4756 στρατεὶ
496 4675 912 4751 ἀγωνιζομένου
925 4670 1040 4724 κατ’
1058 4667 1237 4722 αὐτοῦ·
1269 4667 1511 4726 οὕστινας
1530 4664 1648 4716 ἰδὼν
1677 4664 1826 4716 ὁπλι-

260 4753 517 4844 ζομένους
548 4768 681 4823 καθ’
708 4763 871 4818 αὑτοῦ
893 4800 907 4825 ,
939 4760 1031 4814 καὶ
1085 4757 1442 4825 κινουμένους,
1467 4753 1827 4844 ἡνίκαιπαρέ·

261 4841 464 4933 στησαν
488 4864 540 4914 oi
573 4855 826 4929 βασιλεῖς
846 4850 943 4920 τῆς
961 4850 1082 4917 γῆς,
1100 4847 1192 4899 καὶ
1217 4847 1264 4897 οἱ
1289 4845 1541 4914 ἄρχοντες
1564 4841 1826 4912 συνήχθησ

1916 510 2052 555 terat
2084 504 2149 554 ab
2183 503 2357 554 anima
2388 502 2554 566 ipsius
2582 502 2810 557 avellere
2856 517 3067 557 omnem
3099 502 3381 556 tinctnram
3411 518 3440 552 a

1914 592 2120 644 ratione
2151 590 2533 658 aliquantulum
2564 593 2818 654 infusam,
2870 601 2927 643 ιιι
2969 598 3086 657 post
3116 590 3327 644 otiulam
3359 591 3440 642 in-

1911 680 2220 745 grederetur
2263 680 2312 732 in
2347 680 2492 732 illttm
2529 681 2781 733 Satanas.
2815 682 2885 733 At
2915 693 3016 748 ego
3039 679 3214 731 adhuc
3245 694 3441 746 quaere-

1912 783 2023 821 rem
2050 770 2188 835 quod
2219 768 2270 820 in
2301 768 2553 822 Matthan
2588 770 2840 821 scribitur
2867 768 2990 822 huic
3023 768 3139 822 loco
3162 766 3334 828 afﬁne,
3364 769 3442 821 sic

1913 855 2113 907 habens
2145 872 2159 908 :
2194 873 2211 905 ι
2251 854 2349 920 Qui
2384 855 2606 908 intinxit
2639 871 2843 909 meeum
2884 870 3094 907 manum
3145 856 3196 907 in
3246 856 3441 916 catino,

1914 942 2000 995 hic
2028 957 2111 996 me
2140 944 2444 1009 proditurus
2477 953 2559 996 est
2588 944 2672 1007 ³²;
2708 961 2727 993 ι
2756 945 2881 996 item
2917 944 3040 996 illud
3080 944 3219 1010 quod
3252 943 3444 995 scribit

1912 1030 2121 1083 Marcus
2144 1032 2227 1083 83:
2266 1050 2283 1080 ‹
2325 1032 2590 1099 lntingens
2623 1046 2827 1083 mecum
2877 1032 2926 1083 in
2957 1032 3170 1093 catino;
3209 1050 3226 1081 ι
3263 1046 3446 1083 rursus

1913 1117 2071 1169 ctiam
2120 1117 2258 1184 quod
2305 1117 2478 1171 Lucas
2517 1117 2581 1180 ³⁵,
2629 1118 2840 1170 etiamsi
2876 1134 2977 1170 non
3011 1119 3189 1181 dicat,
3222 1136 3240 1167 ι
3282 1118 3446 1169 intin-

1914 1205 2010 1267 xit,
2058 1223 2077 1255 ι
2111 1205 2204 1257 Sed
2248 1215 2497 1257 tantum:
2534 1224 2551 1255 ι
2603 1206 2973 1258 Verumtamen
3019 1221 3085 1258 cn
3129 1222 3318 1259 manus
3362 1221 3448 1258 me

1912 1295 2180 1361 prodeuntis
2205 1305 2284 1348 est
2315 1311 2517 1348 mecum
2562 1297 2612 1349 in
2646 1311 2847 1348 mensa.
2900 1315 2918 1345 ι
2952 1297 3125 1363 Atque
3154 1311 3311 1348 verus
3333 1296 3449 1363 qui-

1911 1378 2029 1431 dem
2068 1368 2216 1433 hisce
2248 1383 2313 1432 de
2345 1381 2501 1434 rebus
2530 1396 2706 1435 sermo
2733 1383 3031 1435 inveniatur
3061 1382 3197 1449 apud
3232 1396 3322 1434 eos
3354 1383 3444 1449 qui

1914 1484 1997 1522 me
2042 1468 2195 1536 longe
2238 1469 2496 1535 sapientia
2529 1479 2806 1536 praestant,
2837 1484 2935 1537 ego
2966 1480 3141 1522 autem
3177 1469 3449 1537 coniector

1913 1569 1978 1607 ne
2010 1555 2147 1608 forte
2188 1556 2510 1623 impudentia
2539 1555 2687 1609 Judze
2732 1568 2987 1625 appareat
3018 1558 3117 1610 hac
3150 1572 3363 1625 quoque
3391 1558 3444 1609 in

1916 1658 1994 1705 re,
2026 1658 2127 1696 non
2161 1643 2470 1696 honorantis
2497 1643 2805 1712 Magistrum
2831 1644 2880 1696 in
2906 1643 3170 1705 convivio,
3194 1644 3317 1696 dum
3342 1658 3447 1694 una

1914 1732 2254 1797 comederet;
2307 1746 2477 1799 neque
2522 1731 2810 1786 deferentis
2857 1732 2952 1796 illi,
2998 1734 3120 1784 dum
3171 1732 3223 1785 in
3272 1732 3450 1787 catino

1914 1820 2275 1886 immergeret,
2302 1827 2359 1871 ut
2390 1820 2565 1872 caueri
2595 1819 2922 1873 deferebant.
2956 1816 3103 1871 Hanc
3142 1819 3210 1873 ob
3233 1834 3447 1872 causam

1914 1921 2034 1959 cum
2067 1920 2220 1959 nemo
2245 1906 2450 1960 illorum
2486 1908 2821 1977 immergeret
2850 1924 2969 1962 cum
3006 1907 3155 1969 Jesu.
3205 1911 3317 1977 ipse
3359 1910 3449 1976 qui

1917 2012 2017 2048 non
2044 1997 2363 2063 dignabatur
2405 2012 2523 2049 cum
2572 1998 2673 2051 illis
2716 1998 3051 2065 immergere,
3087 1998 3446 2066 aequalitatem

1916 2086 2095 2137 volens
2116 2100 2236 2137 cum
2270 2086 2360 2137 illo
2404 2087 2620 2151 habere,
2645 2101 2765 2139 cum
2796 2088 2908 2154 ipso
2933 2088 3305 2155 immergebat,
3330 2104 3448 2142 cum

1916 2174 2103 2226 cedere
2156 2173 2424 2227 debuisset
2482 2175 2809 2228 excellentia:
2865 2176 3048 2242 ipsius.
3090 2175 3449 2241 Quamobrem

1920 2262 2043 2314 huic
2086 2261 2314 2314 fortasse
2360 2263 2661 2329 proximum
2703 2271 2782 2315 est
2819 2262 2946 2315 illud
2978 2280 2992 2315 :
3021 2280 3039 2313 ι
3071 2260 3450 2316 Verumtamen

1917 2367 1982 2405 en
2016 2366 2202 2404 manus
2224 2365 2307 2403 me
2332 2352 2621 2416 prodeatis,
2657 2365 2863 2404 mecum
2904 2359 2988 2403 est
3011 2351 3063 2403 in
3091 2365 3291 2403 mensa.
3324 2369 3342 2401 ι
3374 2352 3454 2405 Ac

1918 2443 2155 2511 profecto
2181 2443 2426 2511 quisquis
2469 2444 2669 2495 urbane
2701 2440 2986 2508 aliquando
3010 2440 3239 2508 juvenes
3264 2442 3453 2493 admo-

1919 2533 2117 2593 nuerit,
2146 2540 2203 2584 ut
2236 2531 2538 2584 senioribus
2567 2531 2617 2583 in
2662 2529 2921 2583 conviviis
2952 2528 3216 2593 deferant,
3249 2529 3349 2582 hoc
3378 2529 3456 2582 di-

1918 2629 2004 2673 cto
2025 2629 2227 2683 utetur,
2256 2635 2324 2672 ne
2374 2634 2588 2672 manum
2617 2620 2977 2687 compritnant
3016 2633 3231 2672 suorum
3276 2618 3457 2671 senio-

1921 2723 2058 2761 rum.
2082 2709 2347 2776 Scriptum
2373 2718 2453 2763 est
2486 2709 2627 2761 enim
2656 2708 2833 2761 ethoc
2870 2722 3118 2775 quoque:
3154 2725 3174 2758 ι
3206 2706 3281 2760 Ne
3310 2722 3459 2760 con:—

1921 2799 2169 2865 primaris
2201 2815 2317 2852 cum
2346 2814 2411 2854 eo
2436 2801 2485 2852 in
2517 2798 2696 2852 catino
2719 2799 2782 2852 ³⁸.
2821 2817 2840 2849 ι
2890 2798 3155 2851 Craterum
3185 2813 3287 2852 non
3310 2798 3458 2867 igno-

1923 2894 2100 2939 rantes
2148 2887 2212 2938 de
2238 2887 2445 2938 curiosa
2470 2885 2779 2952 quaestione,
2806 2894 2859 2938 et
2884 2885 2949 2937 de
2982 2884 3294 2938 defensione
3342 2899 3458 2951 per-

1921 2974 2144 3024 suadere
2171 2972 2398 3023 auditori
2425 2987 2527 3023 non
2553 2971 2768 3033 valenti,
2793 2970 3014 3038 gloriam
3043 2986 3144 3022 non
3180 2973 3447 3038 reportari

1924 3062 2059 3127 apud
2088 3075 2178 3114 eos
2207 3061 2294 3127 qui
2342 3061 2454 3112 haec
2483 3060 2722 3121 audiunt,
2750 3059 2860 3112 haec
2889 3058 3004 3110 ausi
3024 3073 3227 3120 sumus,
3270 3058 3460 3111 melius

1921 3164 2040 3202 esse
2063 3151 2160 3202 rati
2198 3152 2374 3203 omnia
2400 3150 2676 3216 explorare
2703 3163 2862 3217 quam
2893 3148 3093 3217 aliquid
3128 3149 3270 3217 quod
3319 3150 3458 3203 scri-

1922 3244 2066 3301 ptum
2095 3237 2163 3289 sit
2191 3238 2468 3303 prteterire
2490 3237 2772 3289 intactum.

1993 3323 2078 3377 15.
2109 3324 2240 3377 Cum
2264 3339 2393 3377 vero
2412 3324 2685 3390 ingressus
2711 3324 2897 3377 fuisset
2920 3324 3149 3379 Satanas
3168 3325 3217 3377 in
3239 3323 3458 3390 ludam,

1928 3430 1946 3461 ‹
1979 3412 2107 3464 dicit
2148 3411 2220 3464 illi
2255 3410 2448 3464 Iesus:
2480 3412 2631 3475 Quod
2672 3410 2828 3477 facis,
2865 3413 2947 3467 fac
2996 3414 3146 3468 ocius
3170 3414 3254 3477 ³⁶;
3309 3432 3329 3464 ι
3367 3416 3458 3467 sed

1923 3502 2006 3552 cui
2039 3500 2180 3553 dicat
2224 3499 2437 3552 dubium
2470 3510 2585 3564 est;
2639 3515 2760 3552 nam
2805 3501 2886 3552 vel
2923 3500 3072 3553 Jndte
3124 3502 3203 3553 vel
3250 3502 3461 3554 Satanae

1924 3600 2098 3658 potest
2130 3590 2326 3642 dixisse
2352 3588 2605 3641 Dominus
2630 3605 2645 3642 :
2710 3606 2730 3638 ι
2753 3588 2901 3653 Quod
2930 3588 3089 3652 facis,
3118 3588 3202 3643 fac
3241 3590 3411 3651 ocius,
3434 3608 3457 3641 ι

1926 3679 2161 3732 invitans
2183 3678 2263 3731 vel
2294 3679 2684 3743 antagonistam
2712 3678 2777 3731 ad
2809 3694 3038 3745 pugnam
3064 3693 3080 3741 ;
3127 3678 3206 3731 vel
3234 3679 3459 3745 prodito-

1926 3784 2036 3822 rem
2087 3769 2151 3819 ad
2195 3767 2705 3820 subministrandum
2757 3765 3172 3834 dispensationi,
3219 3780 3336 3833 quae
3382 3776 3461 3818 to-

1929 3866 1979 3908 to
2032 3854 2150 3908 orbi
2203 3852 2476 3907 salutifera
2541 3852 2717 3905 futura
2742 3860 2908 3914 erat;
2973 3867 3131 3920 quam
3197 3868 3298 3903 non
3350 3866 3462 3902 ant-

1924 3946 2062 4013 plius
2137 3944 2414 3995 retardare
2451 3980 2466 4004 ,
2530 3943 2623 3994 sed
2699 3955 2797 4008 pro
2869 3939 3076 3993 viribus
3159 3938 3461 3991 accelerare

1925 4034 2197 4096 volebat;
2272 4046 2375 4084 non
2463 4039 2753 4092 metuens,
2823 4037 2881 4082 ut
2957 4029 3172 4095 quidam
3262 4028 3461 4080 existi-

1926 4133 2111 4188 mant,
2170 4139 2271 4177 non
2343 4122 2700 4189 intelligentes
2762 4121 3027 4185 quomodo
3088 4117 3249 4188 M3
3312 4118 3460 4169 dixe-

1927 4216 1995 4268 rit
2042 4233 2054 4266 :
2111 4231 2131 4264 ι
2183 4213 2374 4276 Pater,
2434 4210 2478 4263 si
2532 4208 2644 4262 ﬁeri
2700 4215 2917 4275 potest,
2986 4215 3222 4258 transeat
3294 4219 3324 4255 a
3379 4217 3463 4256 me

1929 4305 2067 4359 c'alix
2113 4303 2212 4356 iste
2248 4301 2312 4364 ³⁷,
2358 4319 2377 4352 ι
2429 4298 2523 4352 sed
2569 4297 3019 4352 conﬁdentissime
3061 4295 3126 4348 ad
3171 4302 3460 4362 certamen,

1925 4407 1982 4450 ut
2014 4395 2085 4449 ita
2115 4395 2319 4461 loquar,
2365 4399 2575 4448 exutus.
2614 4387 2843 4441 Proinde
2876 4386 3111 4440 arbitror
3155 4383 3462 4437 vicesimum

1925 4496 2129 4541 sextum
2158 4485 2318 4537 etiam
2353 4482 2610 4549 psalmum
2651 4492 2718 4532 ex
2756 4491 2982 4545 persona
3017 4472 3315 4528 Servatoris
3338 4485 3463 4538 pro.

1923 4574 2191 4641 phetatnm
2240 4569 2403 4623 fuisse
2454 4575 2666 4634 propter
2697 4574 2904 4630 tempus
2942 4559 3226 4629 passionis,
3256 4554 3463 4609 diabolo

1929 4663 2050 4715 totis
2082 4660 2281 4713 viribus
2309 4660 2566 4711 adversus
2604 4670 2723 4708 eum
2747 4652 3130 4713 contendente;
3152 4662 3283 4715 quos
3306 4643 3460 4697 intui-

1926 4759 2011 4804 tus
2044 4751 2321 4803 adversnm
2347 4762 2405 4801 se
2436 4754 2688 4806 armatos,
2715 4751 2873 4808 atque
2899 4741 2963 4793 ad
2986 4750 3210 4806 pugnam
3229 4742 3462 4802 paratos,

1929 4840 2141 4905 quando
2173 4855 2192 4887 ι
2229 4836 2514 4890 astiterunt
2560 4846 2711 4900 reges
2743 4838 2919 4892 terrae,
2960 4835 3014 4879 et
3043 4823 3310 4893 principes
3359 4834 3460 4871 una

313 5050 356 5081 ³⁸
399 5041 598 5095 Matth.
627 5049 786 5095 xxvr,
807 5031 896 5087 25.
988 5029 1032 5060 ⁸³
1056 5027 1218 5081 Marc.
1242 5040 1345 5086 xw,
1376 5024 1463 5080 20.
1538 5025 1582 5055 ³⁵
1606 5023 1730 5077 Luc.
1754 5039 1887 5090 xm,
1920 5025 2004 5077 2|.
2082 5022 2124 5053 ³⁸
2142 5018 2303 5075 Eccli.
2329 5032 2476 5081 rut,
2507 5015 2592 5079 17,
2618 5013 2750 5065 alias
2772 5022 2956 5070 xxxw,
2983 5005 3068 5069 14,
3096 5004 3176 5057 l7.
3251 4997 3460 5053 "Joan.

248 5132 367 5182 xm,
414 5111 511 5167 27.
626 5107 676 5141 ³⁷
709 5101 905 5154 Matth.
935 5113 1085 5160 xxvr,
1119 5095 1201 5151 19.

315 5218 1472 5311 (99)9°08".393‘11‘3'..'3‘?leaf?32’.f‘73,PES

316 5286 991 5373 ἰῖΫΣῖιλγχρῇσηῖυοθὲι
1015 5292 1065 5373 ίιι
1100 5286 1550 5373 ε.φ,ίῖἰεὲ,¹ἓ9.εῧ9ι.

316 5312 362 5373 (1
436 5312 808 5373 Συγχρησ-ῃ.
836 5312 989 5344 UCCSI.
1015 5312 1065 5342 III
1100 5312 1495 5366 cuuwc‘ncpu.
1537 5352 1550 5370 .

313 5312 393 5447 (ἓξ
440 5362 904 5436 Ἀποφέρεσθαι.
932 5357 1228 5426 Legentlum
1260 5355 1467 5408 vnlelur
1500 5368 1596 5404 ουκ
1629 5352 1825 5419 ἀποφέ-

250 5447 434 5520 es???“
455 5478 496 5520 --
600 5504 612 5520 .

313 5515 392 5581 ('5)
454 5511 660 5572 Φησὶν

248 5584 407 5651 αὐτῷ.

724 5491 909 5555 αὐτῷ.
959 5490 1130 5546 Codex
1191 5489 1405 5556 Regius,
1461 5488 1624 5556 λέγει,
1667 5490 1826 5557 φησιν

2002 5218 2074 5290 (4.)
2109 5215 2253 5290 metu
2286 5210 2698 5290 θοινηιιοεῖιιεο
2728 5208 2947 5290 ww
2973 5199 3370 5290 raileésagu.

2123 5267 2301 5337 Codex
2358 5267 2699 5341 Bodleia'nus',
2747 5278 2968 5345 Optime,
3020 5267 3462 5338 irﬂqvﬁlicgius,

1930 5357 2088 5408 male.
2113 5350 2283 5402 πόλιν.
2984 5406 3042 5408 Α
3271 5404 3298 5408 _
3381 5404 3392 5408 _

2000 5393 2088 5491 lii),
2120 5393 2441 5481 Sic'optintc
2468 5414 2632 5467 habet
2670 5412 2832 5465 codex
2867 5406 3221 5487 Bodleianus;
3269 5404 3462 5523 Regius

2001 5502 2102 5523 tum
2159 5486 2382 5523 nnccirnn
2431 5482 2544 5523 ἀλλ’
2576 5479 2643 5523 ἶς’
2676 5484 2705 5523 ἦ
2737 5479 2959 5523 δύναμις
2997 5477 3225 5523 ίσγυνειν
3258 5473 3350 5523 ᾕθε
3387 5488 3461 5522 εν.

1931 5473 2126 5542 aufem.
2159 5473 2403 5546 pessime,
2430 5482 2544 5535 ἀλλ’
2576 5479 2643 5551 ἧς
2676 5484 2707 5549 ἡ
2737 5479 2959 5551 δύναμις
2997 5474 3225 5543 ἰσχύνειν
3258 5473 3461 5542 ἤθελεν.

1901 5604 1909 5611 .
2001 5559 2074 5626 ('7)
2120 5554 2295 5608 Εἴπω.
2326 5553 2479 5606 Deest
2520 5554 2569 5605 in
2599 5547 2784 5606 codice
2814 5547 3003 5612 Regio.
