3836 6254
186 5687 197 5713 ἰ

170 5736 201 5755 ὀ

312 346 405 406 8'39

1262 345 1603 402 COHMENT.
1643 342 1707 399 IN
1743 339 1931 397 JOAN.
1971 341 2200 400 TOMUS
2240 335 2454 401 XXXII.

3344 344 3446 400 810

301 478 385 524 τος
408 460 505 514 τοῦ
533 459 860 524 εἰσελθόντος
893 462 971 524 είς
996 460 1086 513 τὸν
1126 460 1318 515 Ἰούδαν
1346 461 1554 514 Σατανᾶ
1582 459 1674 529 τὴν
1701 458 1814 528 χρῆ-

1930 467 2074 520 lana,
2106 457 2197 526 qui
2231 455 2502 523 ingressus
2529 459 2701 515 fuerat
2736 462 2787 515 in
2827 457 3036 520 ludam.
3063 457 3235 515 oliulte
3269 476 3444 522 usum.

289 544 375 604 ’σιν
396 547 489 599 τοῦ
521 546 771 617 ψωμίου,
805 550 890 601 ἵνα
919 550 992 619 μὴ
1039 549 1217 618 δνηται
1266 551 1294 601 6
1336 549 1529 612 Ἰούδας
1575 550 1670 618 τῆς
1719 548 1822 601 ἀπὸ

298 636 381 692 τοῦ
418 635 591 707 Ἰησοῦ
620 637 817 700 δόσεως
856 636 948 690 τοῦ
993 637 1200 708 ψωμίου
1221 654 1233 667 ·
1259 638 1318 690 τὸ
1343 638 1437 708 μὲν
1472 637 1578 708 γὰρ
1598 635 1709 709 εἶχε
1731 638 1821 691 δύ-

238 778 243 781 .
296 745 444 798 ναμιν
471 727 816 798 ὠφελητικὴν
838 729 915 799 τῷ
943 728 1252 800 χρησομένῳ
1270 745 1284 759 ⁸
1309 729 1336 781 ὁ
1376 729 1450 792 δὲ,
1481 729 1622 795 ἅπαξ
1653 729 1822 799 βαλὼν

295 817 440 872 αὐτοῦ
467 819 547 878 εἰς
578 817 675 886 τὴν
708 816 931 888 καρδίαν
951 859 966 881 ,
1005 817 1089 871 ἵνα
1117 817 1333 887 παραδῷ
1362 819 1449 871 τὸν
1492 819 1818 883 διδάσκαλον,

294 905 606 976 φοϐούμενος
643 905 717 976 μὴ
740 906 800 958 τὸ
831 906 1151 976 βεϐλημένον
1183 907 1386 977 ἐκπέσῃ
1420 908 1510 960 τοῦ
1539 907 1821 977 βληθέντος

294 996 373 1049 διὰ
402 998 493 1065 τῆς
520 996 615 1049 τοῦ
645 995 856 1066 ψωμίου
885 1000 1159 1069 χρήσεως,
1186 997 1462 1067 προλαϐὼν
1494 999 1606 1069 ἅμα
1630 998 1704 1069 τῷ
1726 1000 1819 1053 λα·-

293 1085 394 1137 ϐεῖν
419 1084 507 1136 τὸν
546 1085 745 1138 Ἰούδαν
770 1086 828 1137 τὸ
859 1086 1085 1155 ψωμίον,
1114 1086 1355 1156 εἰσῆλθεν
1392 1090 1471 1151 είς
1514 1088 1701 1153 αὐτὸν,
1734 1090 1821 1142 ὅτε

294 1176 377 1227 καὶ
402 1174 686 1244 εἰρημένου
713 1173 807 1226 τοῦ
828 1191 840 1204 ·
876 1192 894 1225 ι
911 1176 973 1228 Ὃ
1004 1178 1189 1238 ποιεῖς,
1215 1177 1433 1248 ποίησον
1458 1177 1658 1247 τάχιον,
1683 1196 1702 1230 ι
1735 1177 1823 1231 λα-

292 1263 389 1315 ϐὼν
419 1263 478 1316 τὸ
516 1263 726 1333 ψωμίον
769 1263 997 1326 Ἰούδας,
1032 1263 1249 1332 ἐξῆλθεν
1289 1263 1463 1328 εὐθύς.
1507 1266 1618 1318 Καὶ
1655 1265 1821 1330 οὕτως

289 1354 329 1406 δ⁴
353 1354 415 1408 ἂν
439 1353 540 1407 οὐκ
571 1352 849 1416 ἀπιθάνως
876 1356 954 1416 είς
980 1355 1070 1408 τὸν
1099 1355 1257 1408 τόπον
1301 1356 1507 1424 λέγοιτο
1527 1395 1542 1422 ,
1585 1356 1768 1428 ὥσπερ
1793 1359 1820 1411 6

288 1443 509 1507 ἀναξίως
533 1443 727 1497 ἐσθίων
751 1443 840 1495 τὸν
861 1444 1018 1514 ἄρτον
1044 1444 1136 1497 τοῦ
1166 1443 1383 1516 Κυρίου,
1406 1445 1438 1515 ἢ
1473 1445 1635 1500 πίνων
1658 1448 1819 1501 αὐτοῦ

287 1534 342 1589 τὸ
370 1535 646 1604 ποτήριον,
674 1534 753 1596 είς
775 1536 945 1603 κρῖμα
973 1533 1158 1597 ἐσθίει,
1188 1536 1281 1587 καὶ
1307 1535 1466 1599 πίνει,
1492 1537 1590 1608 τῆς
1615 1540 1739 1607 μιᾶς
1760 1540 1818 1592 ὲν

287 1623 356 1693 τῷ
380 1624 526 1693 ἄρτῳ
570 1623 874 1691 κρείττονος
901 1622 1202 1692 δυνάμεως,
1240 1625 1330 1678 καὶ
1359 1628 1414 1680 ἐν
1443 1629 1519 1698 τῷ
1559 1631 1814 1701 ποτηρίῳ,

286 1713 606 1783 ὑποκειμένῃ
641 1714 737 1783 μὲν
764 1712 993 1766 διαθέσει
1024 1715 1284 1784 κρείττονι
1314 1716 1732 1792 ἐνεργαζομένης
1755 1721 1816 1774 τὸ

284 1779 515 1872 βέλτιον,
548 1779 753 1874 χείρονι
800 1803 856 1856 δέ
900 1779 1224 1873 ἐμποιούσης
1258 1806 1318 1858 τὸ
1551 1779 1733 1865 ’.οὕτω
1756 1812 1817 1866 τὸ
1848 1779 1886 1832 Β

282 1894 381 1947 ἀπὸ
420 1893 512 1946 τοῦ
551 1895 726 1964 Ἰησοῦ
754 1895 959 1965 ψωμίον
997 1898 1244 1966 ὁμογενὲς
1272 1894 1338 1968 ἦν
1361 1898 1437 1968 τῷ
1480 1899 1676 1954 δοθέντι
1706 1902 1814 1973 (19..)

281 1986 497 2047 καὶτοῖς
539 1984 746 2048 λοιποῖς
776 1986 1082 2048 ἀποστόλοις
1106 2025 1122 2049 ,
1154 1988 1210 2038 ἐν
1231 1988 1306 2058 τῷ
1328 2007 1341 2019 ·
1381 2009 1400 2041 ι
1439 1992 1643 2045 Λάϐετε
1666 2032 1682 2054 ,
1716 1994 1816 2062 φά..

278 2091 393 2142 γετε
416 2092 430 2105 ·
474 2093 492 2124 ι
529 2073 644 2127 ἀλλ’
673 2075 895 2138 ἐκείνοις
918 2074 1013 2144 μὲν
1042 2076 1120 2137 εἰς
1145 2078 1430 2147 σωτηρίαν,
1461 2079 1536 2149 τῷ
1556 2080 1611 2134 δὲ
1651 2082 1817 2154 Ἰούδα

279 2167 353 2227 εἰς
378 2167 568 2234 κρῖμα,
600 2162 676 2225 ὡς
709 2163 845 2232 μετὰ
875 2164 935 2217 τὸ
957 2164 1165 2235 ψωμίον
1203 2167 1595 2238 εἰσεληλυθέναι
1622 2173 1701 2234 είς
1728 2173 1818 2225 αὐ-

276 2254 360 2308 τὸν
385 2254 472 2306 τὸν
501 2255 768 2307 Σατανᾶν.
794 2253 1030 2308 Νοείσθω
1053 2256 1108 2308 δὲ
1127 2259 1154 2310 6
1174 2258 1332 2326 ἄρτος
1357 2257 1447 2311 καὶ
1477 2258 1537 2311 τὸ
1567 2261 1817 2331 ποτήριον

275 2347 382 2405 τοῖς
409 2343 504 2412 μὲν
537 2341 923 2412 ἁπλουστέροις
945 2344 1083 2397 κατὰ
1113 2346 1210 2415 τὴν
1239 2347 1539 2418 κοινοτέραν
1567 2350 1691 2420 περὶ
1720 2351 1817 2419 τῆς

276 2433 637 2503 Εύχαριστίας
667 2433 891 2502 ἐκδοχὴν
909 2450 923 2463 ·
951 2438 1062 2497 τοῖς
1088 2435 1142 2487 δὲ
1183 2435 1466 2505 βαθύτερον
1497 2437 1708 2490 ἀκούειν
1732 2456 1819 2506 με-

280 2523 539 2591 μαθηκόσι
569 2523 714 2576 κατὰ
748 2523 840 2593 τὴν
867 2523 1133 2595 θειοτέραν
1158 2525 1251 2578 καὶ⁸
1279 2528 1403 2597 περὶ
1440 2527 1532 2580 τοῦ
1558 2531 1815 2600 τροφίμου

273 2610 365 2682 τῆς
390 2611 651 2682 ἀληθείας
675 2612 847 2679 Λόγου
896 2613 1250 2681 ἐπαγγελίανο
1278 2615 1351 2680 ὡς
1389 2617 1439 2668 εί
1481 2618 1537 2670 ἐν
1570 2618 1817 2689 παραδεί-

275 2714 437 2769 γματι
468 2701 579 2771 (15)
610 2701 815 2769 ἔλεγον,
846 2702 926 2755 ὅτι
947 2703 1038 2755 καί
1062 2705 1090 2755 6
1116 2703 1252 2757 κατὰ
1280 2704 1340 2757 τὸ
1374 2707 1675 2775 σωματικὸν
1702 2725 1818 2779 τρο-

272 2789 577 2860 φιμώτατος
608 2792 773 2862 ἄρτος
797 2807 1024 2861 πυρετον
1050 2792 1148 2862 μὲν
1176 2794 1520 2864 ὑποκείμενον
1540 2795 1707 2862 αὔξει,
1737 2800 1816 2860 είς

271 2879 450 2947 ὑγείαν
476 2881 535 2933 δὲ
558 2881 667 2948 τὴν
693 2880 1023 2949 εύεξίαν(14)
1049 2881 1250 2949 ἀνάγει.
1273 2882 1360 2936 Διδ
1384 2883 1636 2949 πολλάκις
1663 2885 1814 2955 λόγος

269 2968 464 3038 ἀληθὴς
500 2969 656 3038 ψυχῇ
687 2968 931 3039 νοσούσῃ,
959 2970 1018 3021 ού
1067 2970 1290 3042 δεομένῃ
1331 2973 1570 3042 τοιαύτης
1612 2975 1815 3046 τροφῆς

1922 562 1989 601 ne
2012 546 2175 601 Jndas
2201 547 2563 615 adjumentum
2594 553 2890 621 perciperet
2909 567 2977 607 ex
3003 553 3122 607 data
3146 566 3185 606 a
3206 552 3328 607 Jesu
3361 554 3444 608 of»

1920 638 2026 692 l'nla
2057 637 2305 709 (habebat
2354 640 2497 694 enim
2537 642 2649 696 haec
2675 643 2886 711 quidem
2928 644 3034 697 vim
3075 643 3354 712 adjuvandi
3380 658 3442 699 ea

1920 746 2156 794 nsnrnm,
2190 730 2282 785 sed
2308 742 2586 801 acceperat
2614 734 2724 801 jam
2767 735 2930 789 semel
2963 736 3013 789 in
3039 751 3191 789 suum
3220 751 3312 791 cor
3354 732 3444 791 Ju-

1919 820 2015 874 das
2055 829 2113 874 ut
2152 819 2456 888 Magistrum
2489 822 2798 892 proderet),
2835 825 3025 879 timens
3075 841 3141 880 ne
3178 826 3340 879 telum
3390 827 3444 880 in

1916 908 2103 962 .Indam
2128 909 2376 962 emissum
2410 909 2700 973 aberraret,
2727 913 2770 964 si
2800 911 2963 966 ludas
2985 928 3110 967 usus
3130 912 3287 967 oﬂ'nla
3316 915 3448 969 fuis-

1917 1008 2017 1060 set,
2047 999 2361 1066 anticipans,
2394 1014 2509 1054 mox
2538 1009 2697 1067 atque
2717 999 2882 1054 Jndas
2910 1003 3071 1055 sumit
3094 1002 3331 1067 ollulam,
3358 1006 3447 1058 in-

1917 1101 2132 1154 gressus
2159 1089 2317 1142 estin
2356 1087 2522 1149 illum.
2554 1097 2665 1142 tum
2706 1089 2926 1153 scilicet,
2971 1105 3088 1143 cum
3121 1092 3342 1147 dixisset
3369 1093 3444 1147 illi

1919 1179 2170 1233 Servatur
2196 1197 2210 1232 :
2235 1195 2252 1229 I
2276 1178 2425 1245 Quod
2449 1177 2597 1238 facis.
2614 1181 2694 1232 fac
2712 1178 2878 1241 ocius,
2896 1197 2914 1231 ο
2943 1180 3336 1250 accepissetque
3360 1184 3445 1238 of-

1916 1266 2079 1321 fulam
2112 1267 2294 1333 Judas,
2317 1283 2561 1337 egressus
2585 1277 2667 1323 est
2698 1269 2898 1323 statim.
2932 1269 3156 1324 Proinde
3188 1273 3327 1326 haud
3351 1273 3446 1327 ab-

1916 1359 2133 1413 surdum
2173 1358 2223 1412 in
2251 1358 2493 1424 praesenti
2524 1358 2639 1415 loco
2670 1358 2955 1418 diceretur.
2983 1361 3122 1428 quod
3148 1368 3204 1413 ut
3248 1363 3335 1429 qui
3363 1363 3448 1414 in-

1916 1447 2072 1516 digne
2096 1462 2278 1514 panem
2301 1447 2505 1502 Domini
2531 1449 2777 1511 comedit,
2798 1450 2879 1501 vel
2899 1448 3120 1503 calicem
3148 1449 3262 1518 ejus
3287 1451 3440 1513 bibit,

1915 1537 1967 1590 in
1992 1536 2248 1605 judicium
2284 1537 2564 1591 manducat
2586 1545 2639 1590 et
2666 1537 2858 1590 bibit“I
2894 1554 2909 1602 ;
2942 1537 2991 1589 in
3024 1550 3161 1607 pane
3182 1546 3238 1592 et
3276 1538 3445 1593 calice

1915 1641 2019 1680 una
2061 1629 2256 1680 virtute
2288 1627 2640 1693 praestantiuri
2684 1635 2934 1694 operante
2963 1627 3160 1681 bonum
3204 1627 3257 1680 in
3307 1627 3446 1682 bono

1915 1714 2105 1772 affectu
2133 1718 2442 1778 constituto,
2482 1714 2534 1768 in
2586 1712 2777 1768 aﬁectu
2830 1729 2956 1769 vero
3004 1718 3145 1771 malo
3190 1727 3445 1786 operante

1913 1804 2401 1859 condemnationem
2424 1820 2440 1867 ;
2467 1804 2544 1858 sic
2563 1803 2775 1857 oﬂ‘ulam
2795 1818 2824 1856 a
2849 1803 2972 1859 Jesu
3001 1805 3176 1859 datam
3207 1805 3443 1873 ejusdem

1911 1893 2120 1961 generis
2139 1891 2300 1948 fuisse
2319 1908 2438 1948 cum
2464 1908 2527 1947 ea
2551 1908 2708 1962 quam
2736 1892 2890 1947 Jesus
2910 1894 3053 1949 dedit
3082 1896 3290 1949 caeteris
3313 1909 3441 1964 apo-—

1911 1982 2085 2045 stolis,
2110 1983 2232 2037 dum
2267 1983 2467 2037 diceret
2504 2000 2517 2033 :
2549 2001 2567 2033 ι
2604 1982 2861 2050 Accipite,
2891 1984 3205 2038 comedite“
3236 2000 3251 2047 ;
3283 2003 3303 2037 ι
3344 1988 3439 2040 sed

1916 2074 2018 2135 illis
2054 2074 2268 2142 quidem
2296 2074 2363 2127 ad
2409 2071 2828 2134 salutemJudae
2854 2087 2978 2126 vero
3014 2075 3080 2127 ad
3111 2075 3438 2129 condemna-

1915 2166 2138 2227 tionem;
2169 2166 2238 2217 ita
2284 2172 2342 2216 ut
2386 2172 2502 2231 post
2550 2161 2763 2216 oﬂ‘ulam
2794 2164 3161 2232 ingrederetur
3204 2166 3254 2218 in
3290 2166 3440 2222 illum

1914 2252 2156 2316 Satanas.
2181 2253 2440 2307 Ceterum
2475 2251 2837 2306 consideretur
2863 2252 2947 2305 hic
2973 2253 3124 2319 panis
3141 2263 3195 2308 et
3224 2255 3323 2309 hoc
3345 2270 3442 2323 po-

1912 2342 2086 2397 culum
2107 2356 2138 2396 a
2162 2340 2575 2410 simplicioribus
2623 2341 2768 2406 iuxta
2793 2341 3204 2396 communiorem
3250 2345 3444 2398 intelli-

1912 2432 2138 2500 gentiam
2153 2432 2217 2486 de
2237 2431 2588 2495 Eucharistia,
2619 2431 2671 2485 id
2691 2439 2772 2485 est
2796 2432 2859 2485 de
2885 2432 3171 2499 gratiarum
3195 2434 3400 2489 actione
3423 2452 3438 2497 ;

1913 2531 1969 2576 at
1998 2523 2086 2589 qui
2116 2522 2273 2576 altius
2306 2522 2419 2574 hzec
2448 2520 2744 2588 intelligere
2769 2521 3071 2586 didicerint,
3102 2523 3443 2579 considerent

1913 2611 2017 2666 hoc
2041 2611 2237 2666 dictum
2272 2611 2438 2666 fuisse
2481 2612 2632 2680 juxta
2676 2612 2986 2666 diviniorem
3034 2614 3440 2682 promissionem

1911 2702 2071 2756 etiam
2103 2701 2168 2755 de
2190 2701 2365 2771 Λόγῳ,
2396 2710 2451 2755 et
2496 2701 2671 2755 Verbo
2699 2703 2939 2757 veritatis
2966 2702 3271 2757 alimentum
3308 2705 3441 2760 ube-

1911 2793 2021 2848 rius
2034 2801 2351 2861 praestante;
2373 2802 2618 2860 tanquam
2646 2794 2691 2846 si
2716 2793 2959 2861 exemplo
2974 2795 3202 2847 dicerem
3226 2809 3439 2862 panem,

1911 2883 2050 2951 quod
2081 2884 2145 2937 ad
2172 2896 2365 2950 corpus
2394 2883 2600 2942 attinet,
2619 2882 2923 2936 alimentum
2953 2884 3275 2937 uberrimum
3302 2899 3441 2953 pra:-

1911 2983 2159 3040 Stantem,
2194 2972 2384 3027 febrim
2418 2972 2707 3039 subjectum
2742 2986 2952 3041 augere,
2982 2987 3101 3026 cum
3127 2988 3306 3026 contra
3339 2974 3439 3027 bo-

263 3056 526 3128 διδόμενος
544 3099 561 3123 ,
593 3058 869 3129 ἐπιτρίϐει
897 3059 1062 3129 αὐτὴν
1084 3096 1099 3121 ,
1138 3061 1229 3112 καὶ
1254 3061 1520 3131 πρόφασις
1545 3064 1653 3133 (15)
1678 3065 1812 3135 αὐτῇ

1917 3079 2036 3117 nam
2084 3062 2327 3130 corporis
2378 3061 2736 3114 habitudinem
2764 3061 2829 3113 ad
2874 3061 3150 3114 sanitatem
3200 3064 3438 3117 reducat.

260 3149 514 3219 χειρόνων
566 3146 814 3216 γίνεται·
862 3147 953 3199 καὶ
986 3146 1154 3210 οὕτως
1200 3148 1291 3200 καὶ
1325 3149 1392 3201 τὰ
1433 3150 1602 3221 ἀληθῆ
1643 3151 1816 3219 λέγειν

262 3239 577 3303 κινδυνῶδές
631 3240 771 3289 ἐστι.
821 3235 987 3287 Τοῦτο
1029 3234 1083 3287 δέ
1133 3253 1217 3305 μοι
1258 3237 1465 3308 εἴρηται
1501 3238 1587 3291 διὰ
1615 3238 1675 3290 τὸ
1709 3239 1819 3307 ψω-

260 3327 381 3400 μίον
406 3328 540 3398 (16),
564 3328 594 3381 ὃ
615 3325 872 3397 ἐμϐάψας
893 3325 1101 3378 δίδωσιν
1128 3324 1291 3393 Ἰούδᾳ
1319 3327 1513 3395 Σίμωνι
1538 3326 1616 3396 τῷ
1649 3329 1818 3382 Ἰσκα-

260 3419 424 3490 ριώτῃ
450 3418 602 3489 (17)·
628 3418 731 3470 καὶ
752 3417 1116 3485 κεκινήκαμεν
1146 3415 1297 3482 λόγον
1330 3416 1420 3469 τὸν
1449 3420 1528 3480 εἰς
1565 3418 1812 3489 ἑκάτερα,

255 3509 362 3561 εἴτε
384 3508 493 3580 χρὴ
521 3508 715 3576 λέγειν
746 3505 904 3558 αὐτὸν
937 3504 1260 3574 βεϐρωκέναι
1299 3504 1527 3561 λαϐόντα
1545 3546 1560 3570 ,
1587 3510 1692 3561 εἴτε
1721 3526 1813 3561 κε-

252 3598 528 3651 κωλύσθαι
555 3597 669 3651 ἀπὸ
689 3594 786 3648 τοῦ
808 3593 1131 3657 εἰσελθόντος
1162 3596 1241 3657 είς
1265 3594 1351 3647 τὸν
1373 3596 1566 3649 Ἰούδαν
1587 3598 1810 3651 Σατανᾶ.

1914 3154 2083 3220 Quam
2105 3155 2171 3208 ob
2194 3167 2403 3206 causam
2443 3151 2751 3220 plerumque
2779 3164 2954 3204 sermo
2981 3164 3136 3204 verus
3163 3151 3442 3219 aegrotanti

1912 3243 2121 3303 animae,
2146 3256 2247 3293 non
2278 3238 2532 3305 indigenti
2563 3237 2654 3289 tali
2686 3237 2805 3290 cibo
2855 3237 3031 3297 datus,
3078 3235 3216 3289 illam
3253 3247 3437 3292 conte-

1913 3341 2015 3397 ret,
2040 3332 2113 3384 illi
2145 3340 2200 3382 ut
2231 3330 2377 3397 pejus
2427 3342 2485 3382 se
2529 3327 2719 3381 habeat
2749 3341 2906 3381 causa
2946 3326 3208 3381 exsistens
3235 3343 3250 3379 :
3277 3325 3438 3399 445

1910 3432 2071 3491 atque
2114 3422 2272 3474 etiam
2306 3420 2385 3474 sic
2424 3421 2682 3489 sequitur,
2708 3428 2766 3472 ut
2797 3432 2925 3473 vera
2970 3418 3145 3473 dicere
3181 3416 3439 3485 periculo—

1911 3526 2026 3565 sam
2059 3511 2151 3563 sit.
2185 3508 2297 3563 Hoc
2337 3516 2510 3562 autem
2552 3508 2680 3560 mihi
2715 3508 2909 3561 dictum
2949 3516 3031 3561 est
3060 3515 3276 3577 propter
3305 3504 3437 3561 oﬂ‘uc

1908 3601 2013 3654 lam
2034 3614 2190 3668 quam
2213 3598 2486 3651 intinctam
2515 3597 2662 3652 dedit
2684 3594 2840 3651 Jesus
2874 3596 3020 3652 Jndte
3066 3594 3267 3651 Simoni
3295 3596 3437 3651 laca-

1908 3690 2056 3743 riutte
2092 3703 2107 3737 :
2136 3687 2497 3755 movimusque
2527 3688 2782 3739 rationem
2811 3687 2863 3738 in
2890 3696 3166 3754 utramque
3198 3696 3433 3751 partem,

249 3689 312 3741 Εἰ
333 3689 390 3742 δὲ
414 3689 525 3761 χρὴ
556 3689 637 3751 ὡς
675 3685 755 3756 μὴ
783 3687 900 3756 εἰκῆ
934 3685 1367 3755 παρερριμμένον
1395 3686 1496 3739 ὑπὸ
1518 3687 1613 3739 τοῦ
1656 3688 1815 3756 εὐαγ-

314 3767 492 3832 heroi}
519 3779 637 3840 (l8)
675 3776 923 3838 ἐξετάσαι
948 3775 1004 3827 δὲ
1031 3775 1109 3837 τὸ,
1138 3770 1270 3826 «Ἦν
1299 3775 1355 3828 δὲ
1378 3776 1490 3840 νὺξ,
1519 3794 1538 3827 ι
1573 3777 1810 3840 λεκτέον,
1907 3778 2020 3831 sive
2052 3790 2270 3831 necesse
2301 3776 2371 3830 sit
2400 3775 2576 3829 dicere
2595 3771 2783 3826 Judam
2806 3782 3076 3840 acceptam
3102 3771 3315 3826 ollulam
3339 3786 3434 3827 σο·-

244 3780 492 3846 γελιστοῦ
519 3779 637 3849 (l8)
675 3776 923 3838 ἐξετάσαι
948 3775 1004 3827 δὲ
1031 3775 1109 3837 τὸ,
1138 3770 1270 3826 «'Hv
1299 3775 1355 3828 δὲ
1378 3776 1490 3840 νὺξ,
1519 3794 1538 3827 ι
1573 3777 1810 3841 λεκτέον,

243 3868 324 3921 ὅτι
351 3868 722 3940 συμϐολικῶς
746 3868 864 3920 τότε
899 3867 932 3935 ἡ
956 3863 1182 3933 αἰσθητὴ
1213 3864 1307 3929 νὺξ
1334 3859 1423 3935 ἦν,
1445 3863 1605 3918 εἰκὼν
1624 3869 1814 3937 τυγχά-

237 3975 402 4012 νουσα
452 3961 559 4030 τῆς
613 3956 920 4027 γενομένης
959 3957 1016 4007 ἐν
1070 3957 1135 4023 τῇ
1181 3954 1324 4024 ψυχῇ
1385 3954 1548 4008 Ἰούδα
1591 3957 1807 4020 νυκτός·

238 4048 397 4118 ἡνίκα
422 4049 485 4102 τὸ
513 4046 927 4117 ἐπιφερόμενον
960 4045 1143 4106 σκότος
1177 4044 1359 4098 ἐπάνω
1395 4045 1495 4115 τῆς
1530 4045 1760 4099 ἀϐύσσου
1782 4050 1812 4101 6

241 4140 492 4202 Σατανᾶς
536 4135 805 4208 εἰσῆλθεν
829 4136 909 4197 εἰς
939 4134 1093 4186 αὐτόν
1115 4149 1130 4165 ο
1156 4134 1374 4187 ἐκάλεσε
1413 4134 1516 4203 γὰρ
1545 4137 1573 4187 6
1594 4136 1721 4198 Θεὸς
1748 4136 1810 4189 τὸ

236 4231 427 4294 σκότος
478 4229 664 4283 νύκτα
690 4243 707 4259 ο
756 4224 895 4277 ὥστε
933 4224 1154 4285 νυκτὸς,
1183 4224 1342 4293 φησὶν
1381 4226 1410 4276 6
1445 4224 1647 4288 Παῦλος
1668 4269 1683 4289 ,
1712 4227 1811 4279 οὐκ

1916 4222 2073 4277 bolice
2097 4232 2219 4276 tunc
2243 4230 2449 4276 noctem
2476 4222 2635 4276 fuisse
2657 4224 2755 4276 sub
2770 4236 2981 4277 sensum
3001 4221 3294 4281 cadentem,
3313 4231 3431 4286 qua:

228 4321 398 4391 ἐσμὲν
427 4320 629 4379 τέκνα,
670 4314 801 4369 οὐδὲ
833 4313 1070 4375 σκότους,
1100 4313 1267 4380 λέγων
1290 4329 1303 4342 ·
1342 4315 1490 4383 «Ἆρ’
1519 4310 1630 4379 οὖν,
1659 4315 1809 4368 ἀδελ-

1916 4324 2077 4379 imago
2097 4311 2374 4365 exsisteret
2390 4311 2560 4365 noctis
2576 4310 2732 4364 facta:
2749 4312 2798 4363 in
2819 4309 2994 4364 anima
3019 4307 3198 4371 ludas;
3221 4303 3434 4374 quando

229 4388 341 4478 (poi,
369 4410 477 4462 οὐκ
500 4407 686 4479 ἐσμὲν
709 4403 925 4465 νυκτὸς,
952 4401 1068 4454 οὐδὲ
1092 4401 1306 4463 σκότους
1333 4402 1491 4454 τέκνα
1519 4402 1679 4472 (19),ι
1718 4404 1810 4461 καὶ

1916 4414 2026 4467 qua:
2057 4399 2361 4455 ferebantur
2386 4415 2544 4470 super
2575 4400 2847 4470 abyssum,
2881 4400 2980 4453 illa:
3009 4398 3259 4462 tenebrae,
3286 4408 3433 4449 nem-

224 4501 312 4553 τά-
341 4518 362 4550 ε
386 4500 594 4569 Ἡμεῖς
626 4497 693 4550 δὲ
725 4493 939 4564 ἡμέρας
971 4492 1121 4554 ὄντες
1147 4492 1418 4560 νήφωμεν.
1444 4509 1464 4542 r
1494 4492 1604 4544 Οὐκ
1629 4488 1694 4563 ἦν
1718 4489 1810 4546 οὖν

1916 4504 1971 4557 pe
2022 4489 2262 4554 Satanas,
2320 4485 2568 4559 ingressae
2614 4498 2736 4544 sunt
2764 4491 2812 4542 it.
2858 4502 3015 4552 eum;
3043 4486 3255 4541 vocavit
3288 4483 3433 4539 enim

223 4589 323 4654 νὺξ
355 4594 478 4652 τοῖς
515 4584 885 4655 νιπτομένοις
934 4582 1058 4643 τοὺς
1112 4580 1271 4643 πόδας
1320 4580 1422 4632 ὑπὸ
1464 4580 1556 4633 τοῦ
1617 4582 1807 4652 Ἰησοῦ,

1916 4580 2043 4634 Deus
2099 4581 2372 4656 tenebras,
2427 4591 2634 4636 noctem
2662 4580 2749 4646 ⁸⁸;
2790 4595 2956 4650 quare
3006 4579 3212 4643 noctis,
3261 4575 3434 4644 inquit

223 4677 338 4731 ἀλλ’
377 4679 581 4750 ἡμέρα
615 4671 1008 4744 λαμπροτάτη,
1049 4668 1481 4739 καθαιρομένοις,
1518 4668 1608 4722 καὶ
1638 4671 1807 4740 άποῤ-

1916 4671 2119 4734 l’uulus,
2138 4686 2241 4723 non
2278 4686 2463 4724 sumus
2492 4670 2607 4734 lilii,
2634 4684 2801 4738 neque
2831 4669 3186 4729 tenebrarum,
3213 4666 3426 4720 dicens:

223 4770 592 4840 ῥιπτομένοις
629 4767 770 4827 τοὺς
804 4764 861 4815 ἐν
893 4764 1002 4822 τοῖς
1040 4760 1163 4813 ποσὶ
1195 4759 1292 4828 τῆς
1322 4759 1494 4828 ψυχῆς
1527 4760 1701 4812 αὐτῶν
1725 4761 1809 4819 ρύ.

1916 4782 1931 4813 ι
1973 4766 2129 4830 Ergo,
2166 4763 2376 4824 fratres,
2412 4774 2514 4811 non
2557 4774 2738 4812 sumus
2764 4760 2955 4821 noctis,
2988 4771 3159 4824 neque
3185 4753 3428 4808 tenebra-

1908 3866 2170 3930 medisse,
2199 3867 2313 3919 sive
2352 3881 2382 3918 a
2422 3864 2613 3918 Satana
2642 3901 2659 3927 ,
2704 3864 2793 3930 qui
2833 3862 2884 3915 in
2934 3863 3106 3928 ipsum
3156 3863 3428 3929 ingressus

1906 3954 2100 4021 fuerat,
2118 3954 2436 4023 prohibitum
2469 3952 2652 4007 fuisse.
2669 3951 2761 4005 Sin
2786 3964 2909 4006 vero
2928 3951 3253 4019 perpendere
3270 3950 3433 4003 etiam

1907 4042 2032 4097 illud
2053 4052 2284 4111 oportet,
2315 4060 2335 4092 ι
2368 4054 2481 4097 erat
2532 4051 2708 4097 autem
2755 4055 2857 4096 nox
2880 4039 2948 4102 ‘7,
2985 4058 3005 4092 ι
3031 4047 3278 4107 tanquam
3326 4052 3432 4092 non

1907 4141 2105 4186 temere
2125 4133 2446 4201 assignatum
2463 4133 2527 4186 ab
2543 4132 2880 4202 evangelista,
2901 4130 3180 4185 dicendum
3196 4136 3278 4182 est
3290 4141 3433 4197 sym-

293 4900 344 4934 ⁸⁸
377 4901 397 4954 1
432 4900 572 4953 Cor.
629 4911 721 4959 χι,
761 4891 855 4945 29.
928 4891 974 4922 ⁸⁸
1004 4890 1193 4943 Matth.
1234 4904 1381 4953 xxvi,
1415 4888 1503 4941 26.
1599 4889 1641 4920 ⁸⁷
1672 4888 1814 4944 Joan.

1916 4909 1965 4956 ιι,
1997 4892 2084 4945 50.
2159 4889 2203 4920 ⁸⁸
2241 4887 2433 4942 Cenes.
2460 4904 2496 4951 ι,
2526 4888 2578 4940 5.

1975 5026 2085 5097 (15)
2113 5026 2289 5097 ςοάοι
2307 5021 2543 5097 _Regins,
2572 5021 2646 5083 ὡς
2674 5019 3185 5097 év_1capa_taslypart.

1977 5085 2083 5166 (μ)
2119 5094 2220 5148 Pro
2247 5091 2365 5166 _‘t'hv
2403 5085 2611 5155 ἐύεξίαν
2658 5091 2822 5141 codex
2854 5085 3069 5158 'liegiu's
3123 5085 3304 5151 habet,
3337 5091 3430 5147 mi.

1905 5162 2371 5236 εὐέξξᾴνυιιέίθολ
2783 5224 2794 5236 .
3230 5221 3271 5236 ..
3352 5228 3380 5236 Α.

1978 5221 2087 5316 (ἱὸ)
2114 5221 2288 5284 Codex
2332 5224 2666 5316 I'lodleianus,
2693 5224 2988 5291 πρόφασις·
3021 5221 3183 5274 editio
3227 5221 3426 5290 Huctii,

297 5048 413 5122 (η)
456 5035 808 5122 ὀμοτενες
848 5028 1317 5122 anteiam.
1330 5027 1803 5122 ,θεεέηὶῐζεξτὲξιξ

224 5098 491 5185 ιιιὲἐᾶίιε-
520 5098 812 5185 inarari.
832 5184 837 5185 ,
856 5098 1480 5185 tiysdacsi'rsds'rtLEE".
1512 5098 1804 5185 ἒέξιειξξεξξθ

225 5162 1055 5248 ξοδ-’δοῖἰιιῖἱιίέιειρεᾱιυὺτίο
1081 5180 1210 5248 esse.
1239 5169 1485 5239 poterant
1512 5162 1595 5248 vel
1624 5164 1799 5240 noxia.

225 5234 443 5314 iram.
474 5234 989 5314 discrepabaquet
1010 5244 1168 5314 ςνεξυι
1192 5234 1704 5314 ἑτερογξγῆιξξίξηὲη,
1736 5248 1802 5314 eo

225 5298 736 5396 ἕὲἑὲἔὲιίῐεὶέιυδα
800 5304 968 5396 οίξυξξ
995 5298 1444 5396 Miretur}:
1474 5310 1805 5396 Plifﬂi°lf‘

1916 5298 2218 5373 προφάσεις,
2252 5298 2410 5349 male.
2436 5362 2446 5373 _
2636 5360 2660 5370 η

1977 5367 2080 5396 Iu:\
2119 5362 2512 5396 l‘anv'Roanvc
2566 5378 2660 5396 n-nm

436 5355 970 5443 KiilttYEQEI-o'dité
993 5355 1240 5438 apostolis
1265 5364 1444 5435 specie
1478 5371 1669 5415 tantum
1699 5355 1803 5434 pa;

644 5460 753 5466 ,__-
783 5440 981 5466 t‘l._:...:
1014 5450 1196 5466 ..Α-...η
1221 5446 1363 5466 nnc-nl
1387 5449 1400 5461 ο
1429 5438 1611 5466 nnnlrn
1631 5446 1799 5466 annm

1952 5355 2080 5440 '(t'ti)
2119 5355 2292 5419 (Io-dett
2313 5362 2535 5430 Regius,
2566 5360 2731 5413 ταῦτα
2764 5360 2819 5412 δέ
2853 5376 2939 5429 μοι
2961 5357 3169 5466 εἴρηται
3201 5355 3430 5427 ψωμίου,

1979 5439 2084 5466 .r-n
2112 5437 2247 5466 I.Innl
2275 5433 2434 5466 nntlur
2470 5431 2665 5466 Raainc
2718 5428 2950 5466 Yinmunr
2995 5426 3007 5446 ’
3039 5426 3332 5466 axamﬁnm-

227 5426 758 5517 ίῖἔξτέιέἱῖἔνέῶ
783 5426 982 5519 libris“
1012 5426 1198 5519 έοτβιξε
1220 5426 1802 5519 ςΐεέειξρεἲῗῗὶίδέξεάιηι

1977 5426 2085 5519 it!)
2112 5426 2950 5519 2:199:-9299},reserasse:
2995 5426 3334 5496 ἰσκαρκίιτειο

227 5441 525 5517 KQS-3m,
551 5460 757 5506 revera
783 5441 982 5496 Christi
1012 5450 1198 5505 corpus
1220 5446 1400 5489 erant:
1429 5441 1611 5483 contra
1631 5446 1802 5497 quam

223 5547 290 5586 ex
307 5533 412 5584 hoc
433 5528 561 5579 loco
590 5510 986 5573 ratiocinando
1016 5497 1808 5581 εοηοΙιιεὶιΕιΙιηιιηόιιεΑΙιως-

227 5603 377 5641 malum
404 5599 459 5641 in
485 5602 668 5641 onere
696 5581 785 5636 De
800 5584 1118 5641 sacramento
1144 5572 1505 5641 Eae/tamur},
1529 5563 1615 5641 lib.
1640 5582 1709 5630 ιι,
1740 5584 1805 5623 ιη

2004 5441 2061 5489 Π
2112 5441 2249 5486 Idem
2275 5441 2438 5483 cortex
2470 5441 2686 5498 ttegms,
2717 5441 2950 5498 Σίμωνος

1976 5441 2088 5641 (ηιξ
2109 5502 2284 5555 Codex
2322 5498 2899 5577 Regitts,_e6ans).£ou.
2965 5562 2977 5573 ο

2002 5575 2064 5628 l9
2129 5568 2326 5623 Τέκνα.
2362 5565 2517 5620 Deest
2544 5582 2599 5619 tu
2631 5570 2815 5621 codtce
2852 5566 2977 5633 llegt

227 5563 785 5659 ῗιῖιὶἒὲἷιένὸὗέτέῑι
800 5584 1129 5659 emtum
1140 5566 1505 5659 ἕιξξωίζίξιίίξν
1529 5563 1805 5659 liii-.121"

1978 5563 2088 5641 819)
2129 5568 2326 5623 Τέκνα.
2362 5563 2517 5620 Deest
2544 5566 2599 5619 iu
2631 5563 2815 5621 cudice
2852 5563 3036 5633 ltegio.

238 5631 988 5723 Exligevigs-tinioniorum
1008 5640 1260 5705 Origenis,
1294 5648 1416 5702 cap.
1442 5631 1496 5684 2o
1525 5631 1801 5693 Hvﬁrtus.

547 5710 848 5810 ᾗχι-σοι.
895 5734 1007 5794 Gn.
1034 5729 1188 5789 XIV.
3094 5710 3171 5768 ⁵³³6
