3836 6250
313 284 410 327 817

1268 274 1613 328 ϋυΜΜΕΝΤ.
1647 273 1712 323 IN
1751 272 1936 325 JOAN.
1979 271 2209 326 TOMUS
2245 272 2452 326 XXXII.

3357 272 3458 326 8i8

226 407 234 417 δ
309 380 666 452 καθαρμένος,
699 380 788 433 καὶ
821 379 1154 451 ὑπεραναϐὰς
1199 379 1371 432 πάντα
1402 378 1555 431 ύλικὰ
1582 375 1720 438 νοῦς,
1749 376 1835 427 ἵνα

1945 388 2168 443 scunlur,
2190 395 2409 446 quaeque
2429 378 2541 432 acie
2570 379 2760 432 mentis
2783 378 3144 444 dispiciuntur,
3176 389 3297 448 apte
3339 395 3462 449 pro-

307 470 590 542 ἀκριὸώσῃ
611 470 707 539 τὴν
745 469 970 541 θεωρίαν
997 468 1088 521 τοῦ
1118 467 1268 531 Θεοῦ,
1301 469 1357 521 ἐν
1382 464 1460 530 οἷς
1488 468 1696 537 θεωρεῖ,
1725 464 1837 517 θεο-

307 562 568 612 ποιετται·
617 559 830 612 λεκτέον
873 559 1108 612 τοιοῦτον
1157 555 1290 611 εἷναι
1341 560 1398 612 τὸ
1447 557 1750 624 δεδοξάσθαι
1781 557 1838 611 τὸ

303 647 594 718 πρόσωπον
624 647 717 699 τοῦ
747 648 1106 719 θεωρήσαντος
1147 647 1236 699 τὸν
1271 648 1418 709 Θεὸν,
1445 649 1533 700 καὶ
1559 651 1840 721 ὁμιλήσαν..

301 753 398 801 τος
429 736 594 806 αύτῷ,
624 739 714 790 καὶ
738 739 1194 809 συνδιατρίψαντος
1220 738 1432 809 τοιαύτῃ
1473 739 1586 810 θέᾳ,
1614 741 1688 804 ὡς
1717 743 1838 794 τοῦ-

303 842 367 879 το
395 823 530 880 εἶναι
555 827 826 898 τροπικῶς
864 828 924 880 τὸ
966 828 1336 898 δεδοξασμένον
1373 829 1654 898 πρόσωπον
1680 832 1839 883 Matii-

301 916 465 980 σέως,
507 915 907 987 θεοποιηθέντος
946 917 1089 986 αὐτῷ
1120 917 1209 969 τοῦ
1255 916 1362 969 νοῦ.
1410 919 1562 971 Κατὰ
1605 918 1757 971 τοῦτο
1784 920 1839 972 δέ

297 1005 402 1058 καὶ
432 1004 462 1054 6
510 1003 823 1064 Ἀπόστολος
848 1003 994 1071 ἔλεγε
1026 1005 1086 1056 τό
1104 1021 1116 1033 ’
1146 1022 1164 1054 ι
1187 1006 1371 1073 Ἡμεῖς
1397 1004 1450 1056 δέ
1480 1006 1692 1069 πάντες,
1717 1009 1842 1059 ἀνα-

296 1091 705 1160 κεκαλυμμένῳ
734 1090 1002 1161 προσώπῳ
1029 1091 1122 1162 τὴν
1153 1091 1303 1154 δόξαν
1335 1092 1532 1162 Κυρίου
1566 1111 1843 1165 κατοπτρι-

294 1179 540 1246 ζόμενοι,
575 1179 672 1250 τὴν
709 1179 874 1248 αὐτὴν
913 1178 1091 1230 εἰκόνα
1136 1181 1634 1250 μεταμορφούμεθα.
1661 1200 1679 1231 ι
1718 1183 1843 1233 ’Ὠσ-

293 1285 408 1338 περ
439 1267 497 1320 δὲ
526 1270 558 1337 ή
610 1267 702 1320 τοῦ
744 1268 1047 1338 νυκτερινοῦ
1080 1268 1248 1337 φωτὸς
1299 1269 1609 1340 λαμπρότης
1639 1271 1844 1324 ἀνατεί-

292 1358 496 1419 λαντος
518 1356 610 1410 τοῦ
643 1358 790 1427 ἡλίου
823 1359 1180 1428 ἀμαυροῦται,
1210 1357 1348 1410 οὕτω
1376 1361 1408 1428 ἡ
1441 1359 1542 1410 ὑπὸ
1573 1360 1844 1422 Μωῦσέως

290 1447 425 1510 δόξα
460 1447 566 1500 ὑπὸ
597 1448 694 1517 τῆς
722 1450 777 1499 ἐν
804 1447 1018 1517 Χριστῷ
1038 1464 1050 1478 ο
1085 1447 1358 1518 σύγκρισιν
1381 1447 1486 1518 γάρ
1513 1449 1609 1500 οὐκ
1639 1444 1779 1518 εἶχεν
1810 1452 1842 1520 ή

290 1539 354 1590 ἐν
397 1536 619 1608 Χριστῷ
665 1537 900 1607 ὑπεροχὴ
936 1538 998 1606 ἢν
1039 1536 1310 1604 γινώσκων
1343 1537 1452 1606 (51)
1499 1537 1586 1590 τὸν
1633 1538 1844 1608 Πατέρα

290 1622 522 1689 ἐδόξασε
552 1624 680 1694 περὶ
708 1623 868 1676 αὐτοῦ
887 1626 1016 1693 πρὸς
1047 1624 1112 1676 τά
1157 1624 1258 1677 ὑπὸ
1284 1624 1552 1686 Μωῦσέως
1583 1625 1843 1690 γνωσθέν-

1934 475 2050 533 pter
2074 467 2442 520 excellentiam
2476 469 2718 536 puritatis
2763 469 3002 521 dicentur
3027 481 3145 523 esse
3169 469 3330 538 gloria
3368 470 3456 523 Dei

1935 563 2239 619 conspecta,
2274 553 2521 620 quoniam
2553 571 2699 607 mens
2725 555 3084 617 mundificata,
3113 565 3165 609 et
3195 571 3312 623 qua:
3344 569 3457 608 ma-

1939 640 2138 694 terialia
2169 653 2356 695 cuneta
2389 645 2792 704 transcenderit,
2827 656 2882 694 ut
2913 652 3158 696 accurate
3190 644 3456 698 intueatur

1935 730 2188 784 visionem
2216 731 2326 792 Dei,
2348 732 2413 784 ob
2433 748 2493 784 ea
2518 747 2635 798 quae
2655 733 2906 796 intuetur,
2936 732 3230 790 deificatnr.
3267 733 3453 788 Dicen-

1937 821 2058 874 dum
2085 829 2166 874 est
2189 820 2346 874 etiam
2373 821 2626 889 ejusmodi
2657 835 2774 875 esse
2804 822 3082 892 glorificari
3110 822 3298 876 faciem
3344 823 3456 891 ejus

1936 910 2025 977 qui
2063 909 2225 962 Deum
2255 910 2475 963 intuitus
2503 909 2680 975 fuerit,
2706 921 2759 964 et
2789 927 2907 965 cum
2949 913 3064 980 ipso
3095 922 3453 976 conversatus,

1937 999 2132 1068 quique
2177 1014 2297 1054 cum
2331 998 2626 1065 huiusmodi
2655 1001 2858 1055 visione
2890 1003 3326 1056 consuetudinem
3356 1003 3456 1056 ha-

1940 1085 2131 1148 buerit,
2177 1096 2235 1138 ut
2275 1088 2472 1155 tropice
2519 1087 2807 1156 glorificata
2861 1088 3019 1143 fuisse
3057 1090 3250 1158 Moysis
3294 1091 3458 1145 facies

1941 1177 2284 1245 intelligatur,
2312 1180 2432 1245 quia
2453 1193 2597 1231 tnens
2617 1177 2756 1232 illius
2785 1179 3026 1232 deiﬁcata
3049 1179 3225 1232 fuerit.
3246 1181 3302 1235 II
3327 1181 3460 1235 hanc

1940 1267 2252 1319 sententiam
2275 1267 2559 1334 Apostolus
2587 1282 2792 1334 quoque
2818 1269 3025 1321 dicehat
3046 1270 3129 1322 ἠε
3171 1287 3189 1319 ι
3217 1269 3322 1324 Nos
3364 1285 3460 1323 au-

1940 1364 2043 1409 tem
2077 1371 2257 1410 omnes
2289 1367 2482 1410 retecta
2511 1357 2643 1409 facie
2674 1357 2895 1425 gloriam
2922 1358 3127 1411 Domini
3163 1359 3214 1412 in
3244 1361 3461 1427 speculo

1940 1455 2398 1514 repraesentantes,
2437 1447 2500 1499 ad
2527 1447 2762 1500 eamdem
2795 1447 3074 1516 imaginem
3118 1449 3463 1504 transforma-

1939 1553 2109 1590 mur.»
2147 1535 2214 1590 Ut
2240 1546 2414 1591 autem
2450 1547 2718 1590 nocturnze
2745 1537 2875 1590 lucis
2914 1538 3163 1604 splendor
3192 1540 3462 1592 exoriente

1941 1627 2052 1680 sole
2085 1626 2393 1688 oll‘uscatur,
2423 1627 2500 1679 sic
2527 1625 2718 1696 Moysis
2741 1627 2922 1695 gloriae
2955 1628 3198 1681 tenebras
3239 1626 3463 1681 oll‘undit

288 1733 382 1778 τα,
420 1715 520 1767 καὶ
565 1713 856 1778 δοξάσαντα
889 1713 946 1766 τὸ
989 1715 1267 1784 πρόσωπον
1308 1714 1404 1782 τῆς
1434 1713 1606 1783 ψυχῆς
1650 1709 1840 1768 αὐτοῦ’

1945 1717 2104 1785 gloria
2153 1731 2272 1783 quae
2317 1725 2403 1770 est
2439 1717 2488 1768 in
2520 1715 2764 1770 Christo;
2795 1715 2955 1786 M9
2988 1731 3104 1769 cum
3141 1717 3334 1780 alioqui
3373 1731 3463 1770 ex-

289 1807 373 1860 διὸ
403 1805 820 1876 καταργουμένη
850 1804 1057 1874 εἴρηται
1095 1806 1126 1873 ἠ
1176 1804 1266 1855 ἐπὶ
1298 1805 1562 1866 Μωῡσέως
1589 1803 1710 1870 δόξα
1735 1803 1840 1855 ἀπὸ

287 1898 394 1967 τῆς
428 1893 873 1965 ὑπερϐαλλούσης
901 1897 957 1947 ἐν
985 1893 1196 1964 Χριστῷ
1227 1893 1399 1962 δόῇς.

1942 1805 2183 1860 cellentia
2218 1820 2336 1873 qua:
2383 1814 2465 1858 est
2512 1804 2561 1856 in
2593 1805 2804 1858 Christo
2852 1805 3300 1870 comparationem
3357 1821 3462 1858 non

1944 1896 2156 1959 habeat,
2186 1909 2287 1962 qua
2314 1909 2605 1964 agnoscens
2634 1893 2846 1947 Patrem
2887 1893 3147 1957 Christus,
3182 1896 3333 1964 longe
3360 1910 3464 1948 nta-

291 1988 375 2055 gis
404 1987 740 2058 glorificatus
767 1987 864 2039 fuit
893 2001 1047 2053 quam
1083 1987 1241 2039 fuerit
1270 1987 1472 2056 Moyses
1519 2001 1586 2040 ex
1638 1987 1720 2040 his
1755 2001 1870 2056 quae
1914 2001 1942 2038 a
1987 2003 2043 2041 se
2073 1989 2280 2054 cognita
2331 1988 2501 2050 fuere,
2545 1995 2598 2040 et
2651 2003 2766 2055 qua:
2797 1988 3232 2056 glorificaverunt
3279 1987 3461 2042 faciem

290 2081 494 2134 animat
524 2081 663 2145 ejus.
692 2079 892 2134 Idcirco
918 2079 1083 2148 gloria
1108 2082 1158 2134 in
1195 2080 1369 2150 Moyse
1388 2081 1650 2134 exsistens
1685 2081 1822 2134 dicta
1845 2089 1927 2134 est
1955 2080 2156 2134 destrui
2187 2096 2215 2132 a
2242 2081 2651 2147 supereminenti
2677 2081 2841 2146 gloria
2872 2095 2989 2147 quae
3025 2091 3104 2134 est
3135 2081 3188 2133 in
3228 2080 3462 2136 Christo.

363 2171 453 2225 18.
492 2170 709 2232 Τούτων
747 2169 810 2238 δὴ
841 2169 996 2239 ἡμῶν
1055 2169 1192 2222 κατὰ
1236 2169 1456 2239 δύναμιν
1485 2171 1540 2222 ἐν
1572 2170 1842 2240 βραχέσιν,

291 2260 372 2322 εἰς
394 2258 432 2312 ἃ.
467 2257 831 2327 παρεθέμεθα,
859 2257 1206 2328 λελεγμένων,
1238 2257 1604 2327 ἐπανέλθωμεν
1632 2259 1721 2310 ἐπὶ
1751 2259 1840 2311 τό·

297 2366 315 2398 ι
346 2346 462 2398 Νῦν
489 2345 745 2415 ἐδοξάσθη
773 2346 800 2396 6
827 2345 952 2409 Υἱὸς
975 2345 1067 2398 τοῦ
1094 2345 1392 2416 ἀνθρώπου,
1423 2347 1515 2398 καὶ
1535 2346 1563 2396 6
1588 2345 1716 2406 Θεὸς
1734 2345 1842 2397 ἐδο-

295 2436 468 2506 ξάσθη
503 2437 561 2488 ἐν
593 2435 760 2504 αὐτῷ.
792 2455 810 2486 ι
860 2433 1114 2488 Γινώσκει
1161 2432 1251 2487 οὖν
1281 2435 1370 2488 τὸν
1404 2434 1617 2503 Πατέρα
1640 2435 1669 2486 6
1698 2434 1843 2498 Υἱὸς,

291 2526 444 2595 αὐτῷ
474 2525 555 2595 τῷ
576 2524 860 2594 γινώσκειν
901 2526 1056 2578 αὐτὸν
1082 2525 1191 2577 ὄντι
1243 2524 1476 2593 μεγίστῳ
1511 2523 1716 2593 ἀγαθῷ,
1752 2524 1842 2576 καὶ

294 2618 480 2670 ὁποῖον
509 2615 574 2668 ἂν
605 2617 633 2668 6
664 2615 756 2667 ἐπὶ
783 2615 987 2666 τελείαν
1015 2614 1206 2682 γνῶσιν
1242 2612 1335 2677 ὢν,
1365 2614 1428 2682 ἢν
1458 2612 1706 2680 γινώσκει
1732 2613 1840 2682 (52)

294 2709 324 2760 6
358 2705 490 2767 Υἱὸς
515 2704 605 2756 τὸν
629 2703 866 2769 Πατέρα,
899 2701 1145 2771 ἐδοξάσθη
1166 2718 1180 2731 ·
1210 2695 1376 2769 οἶμαι,
1406 2701 1506 2762 ὅτι,
1537 2701 1627 2753 καὶ
1657 2700 1842 2754 ἑαυτὸν

295 2791 601 2862 γινώσκων,
632 2791 788 2859 (ὅπερ
816 2791 908 2842 καὶ
936 2790 1063 2841 αύτὸ
1087 2790 1147 2841 ού
1172 2788 1380 2859 μακρὰν
1411 2789 1592 2841 ἀποδεί
1625 2789 1728 2858 (55)
1751 2789 1840 2840 τοῦ

2016 2169 2101 2222 l8.
2133 2169 2324 2222 Verum
2355 2170 2624 2223 enimvero
2657 2184 2776 2221 cunt
2811 2171 2921 2222 haec
2961 2184 3056 2235 pro
3103 2169 3236 2220 virili
3284 2169 3465 2234 paucis

1943 2258 2348 2314 disseruerimus
2382 2258 2554 2311 dehis
2589 2273 2706 2321 qua:
2756 2259 2805 2310 in
2856 2259 3080 2311 medium
3131 2258 3463 2323 protulimus,

1945 2350 2220 2404 redeamus
2265 2349 2332 2401 ad
2378 2349 2543 2401 illud:
2602 2365 2620 2397 ι
2655 2347 2803 2400 Nunc
2843 2347 3170 2416 glorificatus
3199 2356 3280 2401 est
3305 2347 3466 2401 Filius

1943 2439 2195 2502 hominis,
2213 2447 2266 2492 et
2284 2440 2420 2492 Deus
2437 2438 2760 2507 glorificatus
2785 2445 2863 2491 est
2885 2451 2978 2504 per
2999 2438 3166 2503 ipsum
3188 2435 3466 2503 ".tAgno-

1946 2543 2098 2582 scena
2121 2527 2331 2581 Patrem
2364 2528 2527 2582 Filius
2554 2527 2882 2597 glorificatus
2897 2537 2977 2582 est
2998 2528 3106 2594 ipsa
3135 2526 3309 2579 Patris
3326 2526 3466 2594 agni-

1948 2618 2110 2679 tione,
2145 2631 2260 2684 quaa
2287 2627 2368 2671 est
2403 2619 2692 2671 maximum
2733 2619 2951 2680 bonum,
2973 2625 3025 2670 et
3065 2617 3167 2670 tale
3212 2625 3268 2669 ut
3305 2616 3468 2670 Filius

1946 2705 2272 2774 gloriﬁcetur
2315 2707 2366 2759 in
2414 2705 2648 2774 perfecta
2688 2706 2989 2776 cognitione
3025 2705 3306 2769 exsistens,
3365 2720 3467 2773 qua

1945 2795 2182 2862 agnoscit
2211 2793 2442 2850 Patrem.
2473 2796 2720 2848 Arbitror
2741 2810 2868 2850 vero
2889 2796 3048 2850 etiam
3075 2796 3216 2865 quod
3239 2799 3466 2866 seipsum

298 2882 616 2954 προτέρου,)
647 2877 902 2948 ἐδοξάσθη
953 2881 1017 2931 ἐκ
1047 2878 1137 2931 τοῦ
1169 2878 1325 2932 αὑτὸν
1351 2877 1656 2945 ἐγνωκέναι.
1705 2879 1764 2929 Εἰ
1791 2877 1842 2929 δέ

1945 2897 2237 2950 agnoscens
2270 2882 2409 2954 (quae
2443 2885 2554 2952 ipsa
2581 2899 2663 2937 res
2693 2900 2794 2938 non
2816 2887 2996 2954 procul
3030 2901 3058 2938 a
3081 2887 3243 2954 priori
3275 2888 3466 2955 abest),

298 2969 391 3020 καὶ
417 2968 551 3037 περὶ
601 2966 708 3019 τῶν
738 2965 870 3018 ὅλων
903 2965 1097 3032 γνῶσις
1122 2965 1230 3034 (54)
1276 2965 1576 3037 συμπληροί
1603 2965 1663 3016 τὸ
1691 2965 1846 3034 μέγε-

298 3055 387 3120 θος
409 3057 515 3125 τῆς
548 3056 706 3125 δόξης
738 3055 920 3120 αὑτοῦ,
949 3055 1048 3107 ὅσα
1092 3055 1206 3106 ἐστὶ
1240 3055 1450 3124 κρυπτὰ
1500 3055 1592 3107 καὶ
1639 3056 1844 3124 ἐμφανῆ

295 3147 678 3215 γινώσκοντος,
713 3145 992 3216 ζητήσειςο
1044 3145 1136 3196 καὶ
1179 3146 1381 3215 μήποτε
1410 3147 1516 3214 (55)
1559 3145 1710 3198 τοῦτό
1736 3148 1847 3199 ἐστι

295 3241 356 3288 τὸ
385 3233 532 3291 εἶναι
559 3235 871 3303 αὐτοσοφία,
913 3235 946 3304 ἦ
978 3234 1054 3303 τῷ
1077 3234 1346 3303 λεγομένῳ
1374 3233 1602 3304 αύτουιῷ
1637 3235 1728 3286 τοῦ
1757 3236 1847 3287 άν-

297 3325 521 3396 θρώπου
552 3326 614 3377 τὸ
633 3324 940 3390 δεδοξάσθαι
965 3327 1027 3376 ἐκ
1046 3323 1137 3376 τοῦ
1158 3324 1390 3394 ἡνῶσθαι
1412 3328 1477 3394 τῇ
1509 3326 1682 3395 σοφίᾳ.
1711 3325 1848 3377 Ταύ-

296 3413 394 3484 τὴν
422 3416 478 3468 δὲ
506 3417 686 3468 πᾶσαν
713 3416 810 3486 τὴν
838 3414 1010 3480 δόξαν,
1050 3415 1112 3484 ἢν
1145 3414 1395 3484 ἐδοξάσθη
1425 3418 1452 3468 6
1485 3416 1608 3477 Υἱὸς
1637 3414 1728 3467 τοῦ
1757 3416 1848 3467 άν-

298 3504 545 3576 θρώπου,
579 3504 955 3574 δωρησαμένου
982 3502 1071 3556 τοῦ
1107 3503 1312 3573 Πατρὸς
1340 3503 1608 3573 ἐδοξάσθη.
1636 3502 1847 3557 Πολλῶν

296 3597 353 3650 δὲ
385 3597 560 3648 ὄντων
603 3594 712 3646 τῶν
745 3591 1193 3662 συμπληρούντων
1238 3592 1332 3662 τὴν
1371 3591 1522 3657 δόξαν
1548 3593 1724 3645 πᾶσαν
1755 3593 1845 3645 τοῦ

299 3685 609 3756 ἀνθρώπου,
641 3681 702 3735 τὸ
748 3683 864 3734 κατ’
908 3681 1092 3750 ἐξοχὴν
1145 3679 1342 3732 τούτων
1387 3682 1634 3734 ἁπάντων
1662 3682 1689 3732 6
1721 3682 1847 3744 Θεός

298 3777 464 3828 ἐστιν.
495 3775 576 3837 ὃς,
625 3772 702 3841 τῷ
729 3770 1076 3840 γινώσκεσθαι
1111 3771 1214 3824 ἀπὸ
1243 3771 1333 3824 τοῦ
1366 3771 1513 3835 Υἱοῦ,
1545 3773 1640 3842 ούχ
1668 3773 1848 3833 άπλῶς

298 3865 414 3916 ἐστι
447 3861 823 3930 δοξαζόμενος,
871 3861 981 3912 ἀλλ’
1011 3863 1066 3914 ἐν
1099 3860 1209 3930 Υἱῷ
1235 3860 1573 3930 δοξαζόμενος
1596 3877 1608 3891 ο
1661 3861 1778 3913 καθ’
1820 3860 1848 3912 ὃ

1941 2970 2262 3038 glorificatus
2289 2973 2375 3037 sit,
2399 2988 2462 3025 eo
2489 2974 2626 3040 quod
2657 2976 2885 3040 seipsutn
2909 2975 3204 3043 agnoverit.
3239 2977 3319 3028 An
3340 2991 3468 3031 vero

1942 3061 2100 3114 etiam
2143 3061 2508 3114 universorum
2561 3064 2792 3130 cognitio
2840 3066 3249 3131 magnitudinem
3289 3065 3469 3134 gloriae

1944 3148 2106 3214 ipsius
2134 3150 2412 3216 compleat,
2435 3165 2552 3217 qna:
2578 3160 2702 3202 sunt.
2739 3153 2971 3214 occulta,
3018 3168 3242 3222 quaeque
3283 3163 3467 3222 aperta

1941 3240 2331 3303 cognoscentis,
2367 3254 2592 3306 quaeres,
2620 3250 2673 3294 et
2695 3241 2814 3293 vide
2836 3255 2900 3294 ne
2927 3239 3066 3295 forte
3110 3242 3245 3294 hanc
3272 3242 3469 3311 gloriﬁ-

1943 3325 2200 3377 cationent
2229 3325 2392 3379 Filius
2418 3328 2645 3380 hominis
2671 3327 2883 3392 habeat,
2908 3329 3030 3395 quia
3063 3329 3243 3384 unitus
3273 3332 3341 3386 sit
3369 3330 3470 3384 Sa-

1943 3413 2155 3479 pientia:
2182 3429 2302 3466 cunt
2347 3416 2457 3481 ipse
2497 3415 2568 3468 sit
2612 3417 2900 3486 αύτοσοφία
2930 3418 3030 3481 vel,
3077 3430 3135 3472 ut
3165 3429 3351 3474 vocant
3375 3422 3468 3474 αύ-

1943 3503 2118 3566 τουιός
2154 3501 2277 3573 [hoc
2325 3515 2406 3558 est
2462 3504 2729 3574 Sapientia
2764 3508 2896 3576 ipsa,
2951 3511 3030 3562 vel
3092 3507 3257 3564 Filius
3306 3509 3468 3580 ipse.]

1945 3593 2054 3648 Hac
2080 3606 2254 3649 autem
2286 3600 2427 3649 omni
2454 3597 2646 3665 gloria,
2696 3615 2802 3668 qua
2835 3601 3163 3668 glorificatus
3189 3611 3271 3655 est
3301 3601 3470 3656 Filius

1945 3685 2176 3737 hominis
2206 3723 2220 3748 ,
2269 3700 2297 3736 a
2335 3685 2508 3750 l’atre,
2539 3689 2627 3754 qni
2655 3688 2754 3741 hoc
2778 3689 2848 3741 illi
2880 3689 3117 3752 donavit,
3148 3691 3472 3760 glorificatus

1945 3773 2062 3825 fuit.
2094 3771 2360 3841 Multaque
2403 3789 2522 3828 cum
2569 3775 2678 3830 sint
2717 3777 2940 3844 gloriam
2981 3794 3191 3833 omnem
3239 3780 3472 3834 hominis

1943 3877 2059 3930 qua:
2090 3865 2410 3932 compleant,
2463 3866 2545 3919 his
2578 3869 2824 3923 omnibus
2872 3879 3130 3936 praestans
3174 3880 3258 3924 est
3309 3869 3468 3935 Deus,

298 3954 391 4006 καὶ
418 3953 694 4024 τολμηρὸν
731 3954 848 4022 μὲν,
892 3951 982 4004 καὶ
1032 3951 1208 4021 μεῖζον
1239 3949 1270 4020 ἢ
1304 3949 1421 4002 καθ’
1461 3952 1604 4019 ἡμᾶς
1647 3951 1758 4002 ἐστι
1788 3951 1842 4002 τὸ

1945 3961 2033 4026 qui
2065 3974 2168 4014 non
2197 3961 2508 4029 simpliciter
2529 3978 2558 4016 a
2580 3964 2736 4031 Filio,
2761 3966 2883 4018 dum
2911 3969 3272 4035 cognoscitur,
3309 3968 3471 4037 glori-

298 4041 378 4102 εἰς
428 4039 676 4104 ἐξέτασιν
723 4037 944 4099 ἑαυτοὺς
991 4036 1258 4088 ἐπιδοῦναι
1302 4037 1610 4106 τηλικούτου
1657 4037 1842 4104 λόγον

1945 4047 2170 4114 tlcatur;
2203 4049 2296 4102 sed
2338 4063 2431 4116 per
2475 4049 2666 4105 Filium
2712 4052 3058 4122 glorificatur.
3102 4054 3261 4110 Juxta
3306 4036 3468 4123 quod,

296 4131 448 4199 ὅμως
480 4130 539 4182 δέ
569 4127 860 4197 τολμητέον
893 4125 1205 4180 ὑποϐάλλειν
1233 4125 1292 4177 τὸ
1323 4128 1378 4178 ἐν
1419 4125 1494 4196 τῷ
1522 4128 1665 4195 τόπῳ
1694 4126 1842 4198 ζητη-

1948 4139 2116 4193 audax
2161 4141 2372 4208 quidem
2414 4141 2644 4207 facinus,
2678 4158 2940 4213 supraque
2977 4154 3187 4214 captum
3231 4150 3468 4198 nostrum

299 4222 452 4292 θῆναι
483 4219 798 4288 δυνάμενον.
852 4216 1003 4282 Ζητῶ
1048 4218 1104 4270 δέ
1133 4220 1178 4269 εἰ
1210 4217 1376 4268 ἔνεστι
1421 4217 1730 4287 δοξασθῆναι
1759 4218 1842 4270 τὸν

1947 4231 2302 4297 nosmetipsos
2326 4231 2636 4298 permittere
2662 4233 2846 4287 horum
2877 4233 3227 4304 inquisitioni,
3269 4232 3359 4287 sed
3385 4242 3467 4284 ta-

297 4311 448 4372 Θεὸν,
476 4309 632 4381 παρὰ
658 4308 718 4360 τὸ
746 4307 1054 4373 δοξάζεσθαι
1086 4309 1141 4360 ἐν
1170 4307 1300 4376 Υἱῷ,
1324 4307 1396 4369 ώς
1419 4306 1842 4378 ἀποδεδώκαμεν,

1945 4332 2065 4372 men
2092 4320 2388 4374 audendum
2413 4331 2494 4376 est
2524 4337 2815 4391 suggerere
2842 4325 2981 4390 quod
3027 4324 3128 4378 hoc
3174 4323 3228 4376 in
3259 4321 3374 4376 loco
3417 4322 3472 4374 in

301 4401 568 4469 μειζόνως
597 4398 757 4450 αὐτὸν
787 4398 894 4466 (56)
928 4400 984 4450 ἐν
1028 4396 1200 4466 ἐαυτῷ
1244 4397 1605 4466 δοξαζόμενον,
1645 4400 1751 4464 ὅτε,
1792 4401 1842 4451 ἐν

1945 4409 2289 4475 quaestionem
2321 4411 2507 4465 adduci
2535 4413 2720 4479 possit.
2778 4413 2967 4478 Qumro
3003 4424 3178 4468 autem
3213 4427 3277 4467 an
3303 4411 3474 4481 possit

295 4494 361 4560 τῇ
399 4488 599 4542 ἑαυτοῦ
625 4488 902 4556 γινόμενος
934 4489 1200 4557 περιωπῇ,
1223 4487 1311 4538 ἐπὶ
1334 4489 1394 4554 τῇ
1427 4487 1608 4538 ἐαυτοῦ
1634 4487 1842 4554 γνώσει,

1945 4497 2109 4564 gloria
2148 4496 2282 4552 allici
2326 4500 2482 4564 Deus,
2531 4512 2725 4570 praeter
2768 4503 2989 4572 gloriam
3017 4518 3177 4572 quam
3224 4503 3386 4557 habet
3419 4503 3473 4554 in

298 4582 391 4633 καὶ
417 4585 485 4652 τῇ
519 4581 714 4635 ἐαυτοῦ
764 4579 961 4650 θεωρίᾳ
989 4578 1118 4648 θύσῃ
1153 4578 1352 4648 μείζονι
1397 4580 1492 4648 τῆς
1519 4578 1625 4649 (57)
1655 4581 1710 4631 ἐν
1737 4580 1842 4650 Υἱῷ

1951 4583 2106 4648 Filio,
2137 4589 2207 4639 ita
2231 4595 2289 4639 ut
2315 4589 2647 4652 tradidimus,
2676 4592 2860 4658 majori
2893 4592 2945 4643 in
2978 4609 3036 4646 se
3064 4594 3178 4659 ipso
3201 4589 3366 4657 gloria
3394 4587 3453 4640 af
3461 4619 3474 4632 ο

298 4672 558 4743 θεωρίας,
595 4673 671 4734 ώς
699 4672 790 4723 ἐπὶ
833 4668 964 4722 Θεοῦ
994 4667 1096 4739 χρὴ
1120 4671 1254 4720 νοεῖν
1285 4668 1350 4720 τά
1393 4669 1627 4734 τοιαῦτα,
1660 4671 1738 4722 δεῖ
1767 4670 1842 4722 λέ-

1953 4672 2142 4741 fectus,
2173 4690 2293 4730 cum
2339 4678 2391 4730 in
2422 4694 2514 4731 sua
2546 4679 2708 4746 ipsius
2729 4690 2811 4733 est
2839 4683 3074 4748 specula,
3117 4686 3336 4746 propter
3390 4677 3473 4729 sui

366 4847 416 4881 ⁷⁸
433 4847 480 4903 Π
500 4845 634 4901 Cor.
654 4859 739 4906 ttt,
763 4843 847 4898 18.
920 4843 962 4873 ⁷⁷
986 4839 1136 4896 Joan.
1159 4855 1275 4906 xnt,
1304 4842 1388 4895 51.

2015 5031 2126 5102 (54)
2159 5030 2334 5102 Codex
2353 5029 2571 5102 _Regius,
2594 5027 2746 5102 male,
2774 5028 2986 5102 γνῶσιν.
3043 5094 3055 5102 _
3206 5088 3240 5102 ν

2015 5089 2123 5170 (55)
2153 5099 2261 5152 Καὶ
2284 5089 2532 5170 μήπόἱε,
2554 5089 2658 5149 etc.
2701 5089 3000 5170 lta'legitur
3122 5089 3309 5170 codice
3345 5089 3498 5170 Bod-Z

1946 5158 2138 5233 leiano,
2164 5158 2386 5226 rectius.
2413 5158 2622 5230 Opinor,
2649 5178 2808 5233 quam
2860 5158 2914 5215 in
2941 5162 3122 5233 codice
3149 5158 3348 5233 R’egio,
3401 5163 3505 5233 gn}

1945 5237 2022 5288 sic
2046 5221 2204 5305 habet
2224 5252 2245 5305 ε
2279 5221 2385 5305 Καὶ.
2431 5221 2639 5305 μήποτε.
2669 5221 3009 5305 ’τοῦτό-ἐστε
3043 5227 3102 5305 τὸ
3135 5221 3290 5305 “strvat
3339 5221 3512 5305 αὐτῷ

1945 5304 2100 5372 σοφία
2127 5302 2256 5372 ήᾼτῷ
2283 5293 2728 5372 λεγομῌένῳῄαύτῷ
2773 5299 2884 5368 Υῐῷ
2920 5296 3012 5372 τοῦ
3065 5293 3389 5360 ἀνθρώπου,
3457 5295 3517 5348 τὸ

1943 5367 2243 5434 δεδοξάσθαι
2281 5367 2462 5422 ἐκίτοῦ
2481 5367 2715 5438 ἡνῶσθαι
2737 5372 2802 5437 τῇ
2833 5367 3013 5438 σοφίᾳ.Ἴ

2013 5433 2116 5502 (56)
2140 5439 2316 5491 Codex
2351 5433 2563 5504 Regius,
2595 5437 2748 5498 male,
2777 5433 3093 5504 ’μεῖζονὼςο

2011 5507 2118 5578 (5⁷)
2143 5506 2271 5575 Τῆς.
2297 5509 2450 5562 Dccst
2485 5507 2536 5559 in
2554 5506 2737 5560 codice
2769 5505 2951 5572 ltcgio.

374 5031 491 5096 (51)
516 5027 700 5084 Codex
736 5025 953 5096 Regius,
982 5022 1057 5096 ᾶιν
1087 5021 1382 5096 γινώσκων.

374 5031 460 5096 (51
516 5031 700 5084 Codex
736 5031 953 5094 Regius,
982 5031 1057 5075 ὢν
1087 5031 1382 5094 γινώσκων.

373 5031 491 5165 (52)
512 5097 668 5165 Idem
707 5095 876 5150 codex
906 5093 1123 5160 Regius,
1151 5087 1208 5142 οἷ
1253 5089 1344 5141 ἐπὶ
1387 5090 1593 5143 τελείαν
1626 5091 1838 5158 γνῶσιν,

301 5168 368 5238 ἣν
385 5164 681 5238 intami-

376 5227 488 5302 (55)
513 5229 862 5302 Ὅπερ-αὑτὸ
891 5229 987 5282 καὶ
1012 5229 1082 5302 ot?
1094 5227 1322 5296 μακρὰν
1340 5228 1560 5302 ἀποδεῖ,
1578 5241 1680 5302 etc.
1702 5231 1841 5285 Ano-

307 5296 498 5372 nyinus
529 5296 948 5372 apud__Photitttn
977 5296 1094 5349 cod.
1154 5298 1475 5372 cx\'_tt,___hoc
1505 5301 1716 5372 nomine
1753 5314 1840 5351 ac-

311 5363 769 5423 cusatum'scribit
798 5365 1099 5432 Origenem,
1123 5364 1261 5431 quod
1280 5363 1467 5418 Filium
1495 5367 1708 5424 dixerit,
1737 5383 1838 5420 non

315 5453 539 5491 noscere
574 5436 792 5488 Patrem
825 5431 1169 5495 nt’seipsum.
1209 5432 1358 5495 Quod
1387 5432 1554 5498 ipsum
1589 5434 1674 5485 hic
1699 5435 1837 5487 vide-

313 5513 397 5556 tnr
429 5505 760 5573 signiﬁcare.
795 5500 901 5554 Nos
931 5513 1042 5552 rem
1093 5501 1433 5567 expendimus
1471 5503 1522 5554 in
1573 5502 1838 5570 Origenia-

319 5575 413 5626 uia.
447 5573 706 5629 llus-rtus.
