3836 6208
325 269 425 324 89.1

1277 266 1625 325 COMMENT.
1666 267 1732 322 IN
1767 267 1956 324 JOAN.
1998 269 2232 325 TOMUS
2268 271 2482 326 XXXII.

3360 272 3464 326 8‘29

263 448 265 450 η
324 383 414 433 καὶ
432 381 593 433 εἰκόνι
610 379 704 432 τοῦ
727 379 860 436 Θεοῦ
888 382 1110 454 ἀοράτου
1129 380 1156 432 6
1181 383 1439 453 γεννήσας
1466 382 1622 435 αὐτὸν
1640 382 1844 454 Πατὴρ,

1948 382 2110 438 Filius
2151 397 2218 438 ex
2250 384 2566 451 oeconomia,
2612 385 2747 438 hanc
2789 385 2856 438 ob
2899 396 3108 438 causam
3151 384 3309 437 etiam
3356 383 3463 436 Pa-

330 470 415 522 τοῦ
447 468 698 530 ἐνιδόντος
731 473 796 540 τῇ
821 473 983 525 εικόνι
1003 470 1094 524 τοῦ
1122 471 1346 540 ἀοράτου
1367 471 1496 525 Θεοῦ
1520 472 1716 536 εὐθέως
1743 473 1852 526 ἐνο-

325 558 422 625 ρᾷν
444 557 732 626 δυναμένου
760 560 854 611 καὶ
869 561 946 629 τῷ
969 557 1294 630 πρωτοτύπῳ
1311 559 1410 628 τῆς
1430 559 1628 622 εἰκόνος
1653 560 1729 630 τῷ
1749 562 1852 614 Πα-

321 646 426 714 τρί.
461 648 576 698 Ἔτι
609 647 664 699 δὲ
710 649 802 700 καὶ
829 649 994 712 οὕτως
1019 651 1334 719 σαφέστερον
1379 649 1443 702 ἂν
1469 651 1536 704 τὰ
1572 651 1709 703 κατὰ
1762 650 1851 702 τὸν

317 735 478 786 τόπον
507 736 848 806 λαμϐάνοιτοο
897 741 981 802 Ὠς
1011 740 1097 792 διά
1133 757 1276 803 τινας
1309 741 1368 793 τὸ
1393 740 1557 810 ὄνομα
1587 740 1677 793 τοῦ
1717 741 1848 794 Θεοῦ

319 830 714 900 βλασφημεῖται
739 831 796 882 ἐν
821 833 930 893 τοῖς
967 831 1186 895 ἔθνεσιν,
1212 830 1348 884 οὕτω
1383 831 1468 884 διὰ
1489 833 1610 894 τοὺς
1646 831 1852 898 ἁγίους,

316 914 390 972 ὧν
425 919 676 988 βλέπεται
709 919 778 972 τά
826 919 962 972 καλά
991 921 1120 992 ἔργα
1169 921 1512 990 λαμπρότατα
1553 920 1849 990 ἔμπροσθεν

313 1011 420 1064 τῶν
448 1009 765 1080 ἀνθρώπων,
794 1009 1066 1074 δοξάζεται
1095 1011 1154 1062 τὸ
1199 1011 1362 1079 ὄνομα
1387 1010 1476 1062 τοῦ
1507 1009 1713 1078 Πατρὸς
1756 1009 1847 1062 τοῦ

312 1099 371 1150 ἐν
413 1099 526 1158 τοῖς
562 1098 824 1166 οὐρανοῖςθ
859 1099 914 1148 ἐν
939 1097 1040 1149 τίνι
1058 1094 1147 1150 οὖν
1177 1098 1424 1168 ἐδοξάσθη
1460 1097 1702 1150 τοσοῦτον
1730 1098 1850 1150 ὅσον

313 1190 370 1240 ἐν
409 1186 490 1254 τῷ
550 1187 742 1256 Ἰησοῦ,
789 1187 907 1239 ἐπεὶ
952 1206 970 1238 ι
1009 1188 1274 1258 ἁμαρτίαν
1310 1189 1407 1240 οὐκ
1449 1188 1684 1257 ἐποίησε,
1719 1187 1850 1258 μηδέ

312 1276 508 1347 εὑρέθη
533 1277 680 1339 δόλος
698 1279 753 1330 ἐν
775 1277 850 1346 τῷ
879 1277 1098 1346 στόματι
1128 1278 1309 1341 αὑτοῦ,
1334 1297 1352 1330 ι
1381 1279 1510 1348 μηδέ
1525 1278 1661 1345 ἔγνω
1682 1279 1849 1348 ἀμαρ-

311 1365 462 1429 τίαν’;
521 1365 628 1416 Καὶ
675 1364 908 1426 τοιοῦτος
945 1360 1036 1417 οὖν
1064 1363 1136 1416 ὢν
1167 1367 1195 1416 6
1239 1365 1365 1428 Υἱὸς
1393 1363 1665 1434 ἐδοξάσθη,
1689 1363 1780 1416 καὶ
1818 1364 1847 1414 6

310 1457 438 1518 Θεὸς
471 1456 726 1526 ἐδοξάσθη
760 1459 818 1508 ἐν
846 1455 1008 1525 αὐτῷ.
1039 1457 1100 1508 Εἰ
1121 1457 1175 1508 δὲ
1203 1459 1231 1508 6
1253 1456 1381 1518 Θεὸς
1411 1455 1659 1526 ἐδοξάσθη
1686 1457 1743 1508 ἐν
1761 1457 1848 1509 αύ-

307 1547 402 1615 τῷ,
431 1547 804 1615 ἀντιδωρεῖται
832 1546 976 1615 αὐτῷ
1012 1549 1039 1598 6
1081 1547 1265 1617 Πατὴρ
1298 1546 1358 1598 τὸ
1390 1548 1564 1616 μεῖζον
1591 1540 1650 1599 οὗ
1675 1548 1704 1598 6
1725 1545 1846 1609 Υἱὸς

305 1635 398 1688 τοῦ
451 1634 740 1705 ἀνθρώπου
774 1635 1056 1704 πεποίηκε·
1104 1635 1279 1704 μεῖζον
1315 1634 1419 1706 γὰρ
1449 1634 1525 1704 τῷ
1573 1633 1846 1698 δοξάσαντι

305 1720 394 1772 τὸν
421 1719 579 1783 Θεὸν,
610 1720 847 1773 ἐλάττονι
873 1721 960 1773 τὸν
988 1721 1318 1791 διαφέροντα,
1345 1722 1479 1774 κατὰ
1501 1723 1578 1774 τόο
1604 1741 1624 1773 ι
1663 1723 1718 1774 Ὁ
1740 1723 1847 1775 Πα-

307 1810 406 1878 τὴρ
441 1808 470 1858 6
505 1807 727 1876 πέμψας
777 1824 843 1877 με
885 1807 1079 1876 μείζων
1123 1808 1228 1878 (45)
1264 1825 1361 1878 μου
1393 1807 1526 1874 ἐστὶ,
1569 1829 1586 1860 ι
1614 1811 1672 1862 τὸ
1697 1811 1847 1876 δοξα-

309 1899 497 1967 σθῆναι
535 1898 630 1949 τὸν
666 1898 790 1950 Υίὺν
816 1898 906 1950 τοῦ
939 1899 1215 1969 ἀνθρώπου
1242 1899 1335 1952 τοῦ
1359 1900 1465 1968 (Μ)
1487 1901 1576 1952 τὸν
1597 1901 1846 1955 ἐλάττονα

306 1989 362 2040 ἐν
387 1985 464 2055 τῷ
501 1985 624 2055 Θεῷ
657 1985 768 2055 (45)
794 1987 1074 2056 κρείττονι.
1096 1989 1203 2040 Καὶ
1229 1987 1400 2057 πολλῷ
1424 2005 1485 2056 γε
1516 1990 1846 2059 ὑπερέχουσα

305 2077 338 2144 ἡ
361 2076 484 2140 δόξα
521 2078 580 2129 ἐν
615 2075 692 2146 τῷ
716 2077 830 2146 Υἱῷ
867 2079 1032 2141 ἐστιν,
1065 2080 1152 2131 ὅτε
1177 2078 1382 2141 δοξάζει
1411 2080 1567 2132 αὐτὸν
1589 2083 1618 2132 6
1640 2081 1844 2151 Πατὴρ,

303 2164 336 2233 ἢ
362 2167 418 2216 ἐν
436 2163 512 2233 τῷ
540 2165 738 2235 Πατρὶ,
770 2166 857 2217 ὅτε
892 2166 1142 2236 ἐδοξάσθη
1172 2168 1198 2218 6
1219 2167 1402 2238 Πατὴρ
1427 2170 1481 2221 ἐν
1496 2168 1570 2238 τῷ
1591 2169 1718 2238 Υἰῷ.
1739 2169 1846 2222 Καὶ

304 2253 505 2322 ἔπρεπέ
553 2270 619 2320 γε
665 2255 755 2308 τὸν
790 2255 1006 2324 μείζονα
1049 2256 1396 2326 ἀμειϐόμενον
1426 2257 1524 2327 τὴν
1563 2257 1737 2324 δόξαν,
1781 2259 1845 2328 ἢν

302 2341 547 2407 ἐδόξασεν
574 2342 736 2396 αὐτὸν
765 2345 793 2394 6
821 2344 967 2405 Υἱὸς,
1011 2344 1327 2413 χαρίσασθαι
1366 2346 1442 2414 τῷ
1467 2346 1578 2416 Υίῷ
1607 2347 1668 2398 τὸ
1693 2345 1846 2410 δοξά-

305 2447 391 2484 σαι
421 2432 584 2484 αύτὸν
618 2433 676 2483 ἐν
701 2431 867 2500 αύτῷ,
897 2433 961 2484 ἵν’
991 2434 1019 2484 6
1053 2434 1176 2496 Υἱὸς
1259 2435 1314 2488 ἐν
1333 2434 1408 2504 τῷ
1427 2435 1540 2505 Θεῷ
1568 2435 1848 2505 δοξαζόμε-

304 2536 408 2581 νος.
440 2516 554 2571 Εἶτ’
595 2520 718 2572 ἐπεὶ⁹
761 2521 882 2573 ὅσον
926 2521 1132 2574 οὐδέπω
1170 2522 1339 2574 ταῦτα
1374 2523 1608 2590 γίνεσθαι
1638 2523 1844 2594 ἔμελλε,

304 2609 462 2678 (λέγω
486 2611 543 2662 δὲ
575 2610 638 2662 τὸ
660 2610 974 2676 δοξάζεσθαι
1000 2612 1090 2664 τὸν
1105 2613 1229 2665 Υἱὸν
1261 2613 1419 2688 ἐντῷ
1449 2614 1607 2683 Θεῷ),
1630 2615 1715 2668 διά
1732 2615 1845 2668 τοῦ·

303 2716 358 2751 το
388 2699 638 2770 ἐπιφέρει
663 2701 742 2752 τό*
786 2719 805 2754 t
840 2701 948 2753 Kal.
975 2700 1130 2764 εὐθὺς
1157 2701 1359 2766 δοξάσει
1387 2703 1562 2756 αὐτόν.
1601 2723 1620 2754 ι
1666 2705 1846 2759 Ταῦτα

301 2787 358 2840 δὲ
381 2789 477 2841 οὐκ
501 2789 802 2859 ἀγνοοῦμεν
851 2789 1026 2858 πολλῷ
1065 2786 1197 2841 εἶναι
1229 2791 1476 2844 ἐλάττονα
1507 2785 1580 2845 ὧν
1607 2796 1768 2862 χωρεῖ
1817 2796 1846 2847 6

300 2879 456 2943 τόπος
489 2879 899 2950 ἐξεταζόμενος,
939 2881 1402 2944 ἀποκαλύπτοντος
1435 2882 1526 2934 τοῦ
1557 2883 1709 2946 Θεοῦ,
1753 2885 1844 2936 καὶ

301 2971 689 3041 ἐπιδημοῦντος
713 2970 802 3023 τοῦ
822 2973 990 3064 Λόγου
1024 2971 1182 3024 αὑτοῦ
1202 2972 1280 3033 εἰς
1305 2971 1366 3023 τὸ
1395 2974 1728 3042 παραστῆσαι
1745 2974 1841 3043 τὴν
1868 3008 1908 3064 c

299 3059 447 3124 δόξαν
482 3061 578 3114 τοῦ
615 3061 770 3123 Θεοῦ,
802 3062 894 3114 καὶ
914 3055 957 3128 ᾧ
995 3061 1210 3114 δύναται
1237 3061 1574 3131 δωρήσασθαι
1605 3065 1631 3115 6
1657 3063 1840 3133 Πατὴρ

297 3146 639 3221 δωρούμενος
687 3151 988 3221 γνωσθῆναι
1038 3152 1135 3221 τὴν
1187 3154 1358 3204 πᾶσαν
1387 3151 1540 3214 δόξαν
1569 3152 1660 3204 τοῦ
1688 3150 1837 3204 Θεοῦο

295 3239 373 3291 διὸ
387 3240 461 3302 ὠς
489 3241 718 3311 βραχεῖς
747 3242 839 3293 καὶ
866 3239 1038 3309 πολλῷ
1057 3240 1415 3310 ταπεινότεροι
1446 3241 1544 3309 τῆς
1574 3240 1724 3305 ἀξίας
1736 3241 1842 3293 τῶν

294 3327 486 3396 λόγων,
522 3329 622 3382 καὶ
670 3331 762 3382 ἐπὶ
793 3332 903 3391 τοῖς
927 3328 1185 3381 ἐκτεθεῖσι
1227 3329 1447 3398 χάριτας
1485 3329 1842 3400 ὁμολογοῦμεν

296 3417 370 3486 τῷ
421 3418 543 3490 Θεῷ
600 3413 721 3472 οὖσι
777 3417 952 3488 πολλῷ
1012 3416 1216 3488 μείζοσι
1271 3418 1380 3471 (Mil
1431 3419 1531 3481 τῆς
1575 3420 1841 3489 ἡμετέρας

295 3507 467 3572 ἀξίας.

1953 480 2030 526 ter
2074 485 2168 539 per
2214 472 2404 526 Filium
2461 473 2786 541 gloriﬁcatus
2834 479 2934 527 est.
2976 469 3067 527 Vel
3119 471 3288 525 illud:
3331 489 3350 522 ι
3397 471 3462 525 Et

1947 560 2086 616 Deus
2106 562 2434 631 gloriﬁcatus
2469 572 2548 618 est
2573 579 2666 632 per
2691 565 2913 629 ipsum,»
2948 563 3281 618 examinabis
3305 564 3461 618 simul

1947 665 2066 703 cum
2094 651 2181 706 illo
2207 652 2348 705 dicto
2378 670 2392 703 :
2423 651 2557 712 «Qui
2609 652 2740 705 vidit
2776 666 2881 716 me,
2925 651 3054 705 vidit
3095 649 3324 714 Patrem,
3370 651 3462 720 qui

1945 740 2100 810 5.51
2141 741 2283 795 misit
2309 757 2392 796 me
2411 741 2477 794 °°.-
2502 752 2522 784 ι
2557 741 2774 812 Videtur
2801 743 2941 796 enim
2977 743 3028 796 iu
3063 741 3318 796 Sermone
3344 741 3462 794 exi-

1947 831 2106 884 stenti
2157 831 2284 894 Deo,
2321 839 2376 886 et
2425 830 2659 900 imagine
2714 830 2998 886 invisibilis
3028 829 3122 885 Dei
3170 829 3330 884 Pater
3371 830 3462 898 qui

1947 917 2116 985 ipsum
2151 917 2369 986 genuit:
2403 933 2524 973 cum
2574 918 2621 972 is
2653 918 2742 987 qui
2791 917 3082 986 inspexerit
3136 918 3188 972 in
3236 918 3465 988 imagine

1947 1009 2228 1065 invisibilis
2275 1011 2390 1074 Dei,
2439 1011 2621 1064 statim
2671 1011 2934 1079 inspicere
2984 1011 3145 1068 etiam
3205 1012 3374 1080 possit
3413 1012 3464 1067 iu

1945 1096 2121 1164 Patre,
2164 1098 2255 1166 qui
2288 1107 2368 1151 est
2398 1099 2621 1166 primum
2654 1099 2945 1167 exemplar.
2989 1099 3176 1154 Adhuc
3228 1100 3369 1153 hunc
3410 1100 3463 1153 in

1948 1186 2158 1240 modum
2183 1186 2418 1254 apertius
2436 1187 2593 1240 etiam
2616 1187 2948 1254 interpretari
2967 1196 3140 1255 potest
3161 1189 3247 1241 hic
3273 1187 3419 1240 locus
3442 1199 3462 1239 ι

1945 1289 2062 1329 cum
2086 1275 2224 1328 enim
2258 1290 2353 1344 per
2377 1285 2605 1340 sanctos,
2636 1290 2856 1344 quorum
2878 1276 3123 1330 videntur
3150 1276 3284 1333 bona
3305 1290 3464 1345 opera

1945 1364 2364 1433 splendidissima
2417 1379 2600 1419 coram
2657 1365 2959 1420 hominibus
3014 1365 3080 1430 ⁸⁷,
3139 1365 3465 1434 gloriﬁcetur

1947 1468 2134 1508 nomen
2158 1452 2330 1508 Patris
2350 1454 2402 1507 in
2427 1453 2595 1516 caelis,
2619 1453 3056 1520 quemadmodum
3081 1456 3240 1508 etiam
3271 1466 3462 1507 nomen

1946 1542 2037 1595 Dei
2071 1556 2165 1609 per
2190 1542 2446 1610 quosdam
2491 1542 2884 1610 blasphematur
2926 1543 3063 1596 inter
3107 1551 3290 1611 gentes
3317 1541 3382 1606 ⁸³,
3410 1543 3463 1595 in

1945 1645 2174 1699 quonam
2228 1633 2446 1700 perinde
2493 1632 2819 1700 glorilicatus
2858 1641 2937 1686 est
2985 1631 3165 1697 Pater,
3211 1641 3370 1700 atque
3407 1632 3462 1686 in

1944 1719 2084 1782 Jesu,
2118 1719 2538 1788 quandoquidem
2575 1736 2594 1770 ι
2627 1730 2898 1787 peccatum
2929 1733 3030 1773 non
3066 1718 3225 1785 fecit,
3255 1734 3355 1774 nec
3380 1719 3464 1773 in-

1945 1817 2133 1861 ventus
2159 1807 2258 1860 fuit
2288 1807 2440 1862 dolus
2472 1808 2525 1861 in
2554 1822 2648 1862 ore
2703 1808 2820 1877 ejus
2841 1807 2910 1872 ⁸³,
2942 1825 2960 1859 ι
3000 1822 3172 1876 neque
3225 1809 3469 1876 cognovit

1946 1906 2220 1965 peccatum
2245 1898 2268 1951 ?
2299 1896 2444 1952 Talis
2481 1898 2642 1967 igitur
2683 1913 2801 1952 cum
2824 1909 2963 1952 esset
2989 1897 3178 1963 Filius,
3201 1898 3466 1967 gloriﬁca-

1946 1996 2030 2037 tus
2056 1993 2158 2046 est,
2183 1994 2236 2038 et
2266 1984 2405 2039 Deus
2425 1985 2751 2052 gloriﬁcatus
2781 2001 2872 2053 per
2905 1986 3074 2054 ipsum
3107 1996 3206 2041 est.
3238 1987 3389 2052 Quod
3417 1988 3466 2042 si

1944 2073 2082 2128 Deus
2112 2075 2438 2143 gloriticatus
2464 2084 2548 2128 est
2573 2089 2667 2143 per
2694 2075 2886 2143 ipsum,
2929 2076 3067 2128 Deus
3106 2076 3187 2128 illi
3229 2077 3464 2131 vicissim

1944 2163 2106 2216 donat
2156 2163 2296 2232 quod
2346 2164 2514 2232 majus
2550 2173 2632 2218 est
2685 2178 2743 2217 re
2789 2163 2875 2217 illa
2921 2179 3081 2232 quam
3127 2165 3251 2220 fecit
3294 2165 3463 2221 Filius

1943 2252 2195 2307 hominis.
2221 2251 2389 2319 Majus
2417 2253 2560 2306 enim
2590 2261 2672 2306 est
2698 2254 2838 2320 quod
2882 2252 3042 2308 Filius
3087 2255 3314 2308 hominis
3345 2255 3461 2324 glo-

1944 2344 2180 2398 riﬁcatus
2209 2343 2370 2397 luerit
2400 2357 2494 2410 per
2516 2343 2678 2396 Deum
2705 2383 2721 2408 ,
2755 2342 2975 2396 inferior
3005 2358 3100 2412 per
3131 2344 3465 2411 pmstantio-

1943 2449 2074 2499 rem,
2100 2447 2256 2501 quam
2284 2435 2420 2501 quod
2448 2431 2667 2487 inferior
2707 2432 3080 2502 gloriﬁcaverit
3111 2435 3270 2488 Deum
3321 2449 3462 2502 pra:-

1942 2525 2250 2578 stantiorem
2269 2521 2418 2588 juxta
2441 2521 2606 2578 illud:
2638 2539 2657 2573 ι
2689 2521 2846 2577 Pater
2872 2524 2960 2592 qui
2994 2525 3138 2577 misit
3165 2538 3269 2589 me,
3298 2525 3466 2593 major

1941 2629 2025 2667 me
2049 2622 2129 2667 est
2161 2615 2259 2668 “.i
2293 2615 2466 2684 Atque
2493 2613 2731 2682 profecto
2754 2613 2912 2682 longe
2934 2615 3275 2670 excellentior
3297 2614 3464 2684 gloria

1940 2711 2020 2757 est
2056 2705 2106 2755 in
2137 2703 2292 2768 Filio,
2321 2704 2532 2772 quando
2567 2702 2828 2773 gloriﬁcat
2871 2706 3038 2773 ipsum
3071 2705 3247 2770 Pater,
3302 2719 3465 2774 quam

1941 2789 2012 2843 sit
2039 2789 2089 2843 in
2115 2790 2294 2857 Patre,
2334 2791 2547 2860 quando
2579 2791 2905 2861 gloriﬁcatus
2931 2791 3092 2847 fuerit
3131 2810 3224 2864 per
3248 2793 3462 2849 Filium.

1941 2881 2273 2950 Decehatque
2299 2881 2537 2950 profecto
2565 2920 2581 2942 ,
2613 2891 2670 2934 ut
2704 2881 2871 2949 major
2900 2882 3132 2937 vicissim
3168 2885 3464 2950 rependens

1941 2970 2178 3038 gloriam,
2209 2985 2311 3039 qua
2339 2970 2664 3038 gloriﬁcarat
2707 2983 2826 3022 eum
2854 2968 3040 3034 Filius,
3075 2972 3464 3040 gratiﬁcaretur

1943 3059 2077 3112 Filio
2110 3059 2454 3127 gloriﬁcaudo
2483 3073 2602 3113 eum
2628 3057 2678 3110 in
2707 3071 2765 3111 se
2793 3057 2967 3112 Patre.
2992 3059 3190 3114 Deinde
3212 3063 3462 3130 quoniam

1943 3151 2056 3203 haec
2078 3151 2187 3219 jam
2221 3149 2396 3204 futura
2441 3159 2593 3202 erant
2638 3150 2792 3218 (dico
2837 3159 3011 3203 autem
3053 3152 3341 3217 gloriﬁcari
3373 3153 3464 3207 Fi-

1943 3237 2069 3291 lium
2113 3239 2345 3293 hominis
2392 3253 2486 3308 per
2517 3237 2723 3308 Deum)
2769 3239 2967 3292 idcirco
3009 3241 3278 3310 subjungit
3305 3257 3319 3294 :
3350 3257 3372 3292 ι
3397 3241 3462 3295 Ει

1943 3328 2192 3382 continuo
2220 3327 2538 3396 gloriﬁcabit
2569 3344 2690 3382 eum
2721 3327 2788 3381 ".
2819 3345 2839 3380 ι
2871 3328 2978 3384 Nec
3012 3345 3136 3385 vero
3159 3319 3462 3400 ignoramus

1941 3419 2053 3472 haec
2077 3421 2229 3487 longe
2255 3417 2506 3472 inferiora
2544 3431 2661 3472 esse
2699 3419 2780 3472 his
2811 3435 2929 3489 quae
2967 3436 3199 3488 praesens
3225 3423 3463 3491 requirat

1940 3508 2111 3572 locus,
2145 3523 2300 3575 quem
2333 3521 2473 3561 nunc
2498 3508 2862 3563 examinamus
2888 3510 3153 3564 revelante
3207 3510 3313 3566 Deo
3334 3549 3354 3578 ,
3406 3520 3461 3567 et

295 3609 562 3665 praesente
594 3600 890 3655 exsistente
921 3600 1092 3655 Verbo
1141 3613 1238 3654 suo
1286 3599 1352 3654 ad
1393 3600 1853 3655 demonstrandum
1907 3599 2129 3668 gloriam
2160 3599 2293 3652 Dei:
2321 3597 2341 3669 [
2372 3597 2506 3669 (η’)
2553 3598 2744 3670 cuique
2804 3598 2962 3654 Pater
3005 3601 3133 3654 dare
3168 3610 3368 3670 posset,
3403 3610 3462 3655 ut

294 3693 469 3746 omnis
531 3693 630 3746 Dei
674 3692 843 3760 gloria
905 3691 1380 3762 cognosceretur.]
1433 3692 1606 3757 Quare
1657 3693 1817 3746 veluti
1875 3693 2046 3761 parvi,
2099 3701 2152 3746 et
2196 3691 2350 3758 longe
2407 3691 2722 3758 abiectiores
2768 3707 2924 3760 quam
2970 3693 3205 3761 dignitas
3256 3707 3458 3749 sermo-

296 3793 422 3831 num
457 3779 674 3846 exigat,
700 3778 904 3844 gratias
932 3777 1048 3831 Deo'
1067 3793 1285 3846 agamus
1319 3794 1411 3844 pro
1438 3779 1519 3832 bis
1544 3794 1660 3846 quae
1681 3781 2056 3846 exposuimus;
2112 3794 2232 3848 qua:
2285 3779 2438 3848 longe
2463 3788 2586 3833 sunt
2615 3778 2813 3846 majora
2860 3788 3040 3835 nostra
3077 3783 3355 3852 dignitate.

361 3867 448 3921 19.
479 3885 499 3918 ι
523 3867 752 3929 Τεκνία,
788 3865 866 3918 ἔτι
897 3867 1084 3937 μικρὸν
1112 3868 1393 3939 μεθ’ὐμῶν
1425 3873 1566 3940 εἰμι’
1603 3872 1836 3941 Ζητήσε-

2010 3870 2098 3927 l9.
2149 3888 2168 3921 ι
2200 3869 2392 3937 Filioli,
2453 3871 2627 3926 adhuc
2681 3869 2954 3939 paulisper
3004 3875 3275 3928 vobiscum
3321 3889 3458 3928 sum.

288 3961 345 4010 τέ
385 3974 474 4026 με,
525 3959 626 4010 καὶ
669 3955 851 4019 καθὼς
882 3953 1030 4010 εἷπον
1066 3961 1178 4022 τοῖς
1219 3961 1503 4025 Ἰουδαίοις,
1544 3963 1624 4014 ὅτι
1665 3963 1834 4015 Ὅπου

1944 3957 2196 4024 ρυωτειίε
2224 3974 2327 4026 me,
2358 3969 2410 4014 et
2435 3961 2573 4014 sicut
2603 3959 2710 4014 dixi
2736 3959 2930 4016 Judaais
2962 3981 2976 4016 :
3008 3962 3122 4028 Quo
3161 3978 3258 4032 ego
3302 3966 3457 4028 abeo,

288 4047 398 4114 ἐγώ
433 4050 576 4118 εἰμι,
613 4048 776 4116 ὑμεῖς
815 4047 876 4098 οὐ
916 4047 1135 4099 δύνασθε
1173 4048 1358 4114 ἐλθεῖν,
1405 4052 1497 4102 καὶ
1529 4052 1652 4120 ὑμῖν
1695 4051 1837 4118 λέγω

1944 4062 2031 4101 vos
2066 4063 2168 4102 non
2194 4050 2415 4116 potestis
2449 4052 2630 4104 venire
2658 4067 2674 4117 ;
2706 4059 2762 4105 et
2797 4053 2944 4106 vobis
2982 4052 3102 4106 dico
3149 4068 3290 4106 nunc
3333 4053 3396 4105 ⁸⁸.
3433 4071 3452 4104 ι

284 4139 429 4207 ἄρτι.
462 4157 482 4190 ι
519 4135 858 4203 Συναγαγὼν
906 4137 970 4189 ἐκ
1011 4137 1114 4189 τῶν
1139 4138 1475 4206 Εὑαγγελίων
1489 4140 1586 4202 τάς
1619 4141 1693 4202 ὡς
1731 4139 1834 4192 ὑπὸ

1944 4134 2068 4189 Cum
2099 4137 2378 4207 collegeris
2404 4152 2469 4190 ex
2491 4138 2793 4206 Evangeliis
2822 4156 2978 4194 voces
3005 4156 3121 4208 quae
3151 4141 3399 4194 dicuntur
3425 4157 3456 4195 a

283 4229 500 4300 Πατρὸς
516 4228 615 4281 τοῦ
641 4229 890 4296 Σωτῆρος
909 4227 1059 4297 ἡμῶν
1089 4228 1376 4299 λεγομένας
1395 4232 1525 4302 πρὸς
1554 4232 1713 4284 τέκνα
1729 4249 1836 4300 φω-

1944 4224 2222 4280 Servatore
2255 4237 2459 4291 nostro,
2487 4236 2734 4298 tanquam
2771 4245 2801 4284 a
2829 4241 2977 4295 patre
3007 4231 3072 4283 ad
3101 4230 3256 4297 ﬁlios,
3291 4231 3459 4284 conﬁ-

280 4318 398 4382 νὰς,
429 4319 634 4390 θάρρει
662 4317 860 4384 λέγειν,
888 4317 967 4369 ὅτι
994 4318 1150 4370 τινῶν
1177 4321 1204 4371 6
1233 4321 1416 4390 Σωτὴρ
1455 4323 1639 4393 Πατήρ
1671 4324 1833 4374 ἐστιν’

1944 4319 2051 4374 dito
2099 4319 2279 4374 dicere
2343 4319 2680 4374 Servatorem
2732 4332 2849 4373 esse
2893 4317 3187 4386 aliquorum
3229 4327 3457 4388 patrem.

278 4407 358 4476 τῷ
403 4411 506 4479 μὲν
553 4411 672 4480 γὰρ
722 4409 1068 4479 παραλυτικῷ
1118 4429 1266 4480 φησι·
1317 4431 1335 4462 ι
1374 4414 1587 4483 Θάρσει,
1632 4415 1836 4482 τέκνον,

1944 4409 2112 4478 lnquit
2137 4409 2279 4463 enim
2311 4408 2602 4479 paralytico
2635 4407 2680 4440 ⁸³
2707 4425 2721 4461 :
2751 4426 2770 4460 ι
2806 4407 3041 4472 Conﬁde,
3068 4408 3159 4472 lili,
3179 4409 3462 4467 remittun-

277 4498 536 4566 ἀφίενταί
576 4517 665 4551 σοι
696 4500 1046 4570 αἱάμαρτίαιο
1083 4519 1102 4551 ι
1136 4505 1200 4571 τῇ
1227 4501 1280 4554 δὲ
1303 4503 1676 4575 αίμορῤοούσῃο
1697 4523 1715 4556 ι
1737 4504 1838 4557 Θύ-

1944 4508 2024 4552 tur
2059 4497 2150 4551 tibi
2181 4496 2338 4566 452
2365 4507 2577 4567 peccata
2601 4515 2616 4564 ;
2647 4515 2666 4550 ι
2704 4497 2911 4552 feminae
2932 4510 3056 4552 vero
3077 4497 3219 4554 ﬁuxu
3242 4499 3460 4568 sangui-

278 4603 472 4659 γατερ,
507 4591 543 4659 ἡ
589 4589 778 4649 πίστις
813 4605 903 4640 σου
934 4589 1132 4642 σέσωκέ
1164 4607 1240 4642 σε.
1279 4612 1298 4643 ι
1334 4592 1440 4644 Καὶ
1471 4591 1564 4644 νῦν
1594 4597 1702 4657 τοῖς
1737 4611 1840 4664 μα-

1944 4589 2021 4642 nis
2053 4587 2313 4642 laboranti
2339 4605 2355 4642 :
2384 4607 2401 4639 ι
2421 4589 2573 4654 Filia,
2598 4589 2726 4642 ﬁdes
2755 4597 2842 4641 tua
2869 4596 2921 4641 te
2946 4589 3146 4642 salvam
3176 4588 3300 4644 fecit
3353 4588 3450 4644 ⁸⁵.»

279 4678 472 4749 θηταῖς
505 4681 666 4748 λέγει
711 4680 789 4732 τόο
823 4698 842 4731 t
878 4681 1088 4747 Τεκνία,
1130 4701 1147 4731 ι
1177 4681 1539 4750 ἐμφαίνοντος,
1574 4681 1745 4752 οἶμαι,
1785 4685 1838 4738 τί

1944 4679 2088 4733 Nunc
2132 4679 2292 4732 etiam
2327 4677 2596 4746 discipulis
2650 4677 2822 4745 inquit
2853 4691 2869 4730 :
2901 4695 2920 4728 ι
2948 4677 3121 4732 Filioli
3149 4694 3164 4743 ;
3191 4697 3210 4731 ι
3271 4687 3456 4733 osten-

277 4768 373 4820 καὶ
402 4769 501 4822 τοῦ
536 4769 982 4839 ὑποκοριστικοῦ,
1004 4772 1094 4822 καὶ
1128 4771 1456 4830 διδάσκοντος
1487 4770 1582 4840 τὴν
1599 4773 1678 4834 ἔτι
1707 4775 1837 4847 βρα-

1944 4767 2115 4832 dente,
2167 4769 2376 4836 opinor,
2419 4766 2542 4821 Jcsu
2590 4768 2898 4821 nonnullum
2952 4768 3272 4822 blandientis
3327 4769 3456 4822 alle-

275 4853 487 4924 χύτητα
519 4857 627 4925 τῆς
655 4855 764 4906 τῶν
790 4856 1092 4910 ἀποστόλων
1129 4857 1299 4926 ψυχῆς
1326 4856 1464 4933 τότε.
1507 4858 1630 4911 Ἐὰν
1665 4861 1721 4914 δέ
1757 4881 1838 4926 τις

1944 4867 2098 4923 ctum,
2123 4858 2383 4924 simulque
2413 4858 2632 4910 docente
2653 4859 2924 4924 apostolos
2943 4859 3102 4910 etiam
3140 4867 3248 4910 tum
3276 4857 3457 4912 animo

277 4943 435 5014 ζητῇ·
450 4940 525 4996 Ἀ
532 4961 566 5013 ρ
583 4943 598 4963 ’
617 4941 718 4997 οῦν
733 4944 761 4995 6
782 4945 1134 5016 παραλυτικὸς
1154 4943 1375 5003 ἀκούων,
1395 4941 1611 5008 Τέκνον,
1637 4951 1841 5006 ἐντελέ-

1944 4945 2153 5014 pusillos
2179 4960 2315 5000 esse.
2347 4945 2441 4999 Sin
2467 4959 2596 4999 vero
2630 4953 2832 5011 quaerat
2859 4943 3051 5014 aliquis
3081 4960 3208 4998 num
3237 4947 3453 5017 paraly-

279 5047 470 5100 στερος
491 5029 561 5102 ἦν
589 5031 707 5083 τῶν
731 5031 836 5100 (47)
858 5033 995 5102 πρὸς
1014 5033 1104 5096 οὒς
1125 5036 1152 5086 6
1180 5034 1340 5099 Λόγος
1356 5031 1502 5098 φησὶ,
1535 5050 1552 5082 ι
1578 5036 1838 5093 Τεκνίαη

1944 5037 2074 5090 licus
2127 5037 2296 5089 dictus
2349 5035 2509 5098 ﬁlius,
2567 5035 2933 5090 honorabilior
2982 5036 3051 5090 sit
3102 5035 3207 5089 illis
3261 5037 3458 5102 quibus

279 5119 528 5183 ἀκούσει,
560 5121 670 5181 ὅτι,
707 5120 760 5171 εἴ
799 5138 881 5184 τις
916 5121 1014 5190 μέν
1052 5124 1162 5173 ἐστι
1200 5119 1420 5180 τεκνίον,
1465 5119 1687 5188 πάντως
1730 5129 1842 5182 ἐστὶ

1944 5125 2103 5180 Filius
2134 5125 2224 5178 Dei
2247 5125 2400 5187 dixit,
2433 5143 2451 5173 ε
2473 5123 2699 5187 Filioli,»
2725 5125 2770 5178 is
2798 5125 2929 5180 sciat
2956 5139 3078 5180 eum
3102 5125 3194 5194 qui
3222 5124 3294 5177 sit
3316 5124 3454 5178 ﬁlio-

349 5210 396 5240 “
427 5208 592 5284 {nam
619 5223 737 5284 λιιζ
771 5209 858 5262 45.
930 5209 975 5240 ⁸⁷
1017 5209 1196 5284 Ma_tl_lt.
1241 5223 1285 5284 ll:
1461 5274 1472 5284 _
1502 5207 1544 5241 ⁸³
1583 5211 1766 5272 Rom.
1804 5233 1840 5272 ιι

1944 5219 1981 5272 ι.
2043 5217 2125 5271 εἸ
2159 5217 2300 5284 Petr.
2327 5230 2384 5277 ll,
2411 5215 2498 5267 2-3.
2600 5215 2645 5247 ⁹⁰
2671 5215 2826 5270 Joan.
2876 5232 2989 5284 xtv,
3032 5215 3120 5271 28.
3221 5215 3265 5248 “
3298 5215 3458 5276 δορυ.

281 5292 398 5342 xm,
446 5279 539 5331 δὲ.
619 5275 670 5306 ⁹¹
713 5275 867 5330 Joan.
913 5291 1042 5338 χιιι,
1089 5277 1172 5330 55.
1242 5274 1286 5305 ⁸⁸
1331 5273 1506 5328 Matth.
1545 5295 1634 5344 ιι,
1706 5286 1762 5339 2,
1836 5289 1846 5319 ι

1953 5287 2084 5341 atth.
2119 5301 2195 5347 Ix,
2219 5283 2306 5340 2‘2.

352 5370 464 5436 (43)
498 5369 684 5446 ςΞοιΙει
720 5367 938 5446 llegius,
979 5367 1126 5427 male,
1151 5363 1282 5416 κατά
1309 5363 1336 5413 6
1366 5363 1531 5438 Πατὴρ
1581 5373 1613 5425 ό
1688 5376 1838 5446 πέμ.

2008 5378 2114 5446 (46)
2143 5377 2312 5446 Codex
2335 5373 2569 5446 _Regius.
2603 5376 2798 5443 μεῖζον.

352 5378 464 5436 (45)
500 5378 684 5419 (ξοιιει
723 5378 938 5437 ttegius,
979 5378 1126 5427 male,
1151 5378 1282 5416 κατα
1309 5378 1336 5413 ο
1366 5378 1531 5438 ιιατηρ
1581 5378 1613 5425 ό
1688 5378 1838 5446 πέμ.

281 5436 783 5515 Φαίιξείέειὲννξίοο
841 5504 852 5515 .
1000 5501 1029 5515 ..
1233 5500 1244 5512 .

2031 5379 2094 5430 46
2143 5378 2312 5428 Codex
2350 5378 2569 5442 Regius.
2603 5378 2798 5443 μεῖζον.

2008 5378 2118 5515 ΣΗ)
2165 5442 2301 5515 Τῶν.
2335 5443 2486 5495 Deest
2513 5445 2562 5515 in
2600 5446 2782 5515 codice
2805 5441 2988 5515 Regio.

355 5455 384 5498 ς
411 5455 648 5556 μειςαὲν,
677 5455 783 5488 etc.
1019 5502 1029 5512 _
1233 5500 1244 5512 .
2011 5455 2118 5515 (Π)
2165 5455 2301 5496 Ἰων.
2335 5455 2486 5495 ueest
2515 5458 2562 5494 In
2600 5455 2782 5496 cadtce
2805 5455 2986 5512 ttegno.

354 5505 466 5585 ﬁ”)
493 5509 630 5585 Z01;-
656 5501 891 5585 [10°51]?
915 5501 1107 5585 θράξςὲ
1126 5501 1303 5585 Βίῗὲίῑος
1337 5565 1399 5585 η,
1438 5570 1447 5581 ,
2013 5517 2140 5585 (47')
2162 5513 2280 5568 Haec
2299 5511 2651 5580 supplevimus
2669 5526 2700 5566 e
2725 5511 2986 5568 Periouio.

351 5565 463 5640 (45)
492 5570 636 5635 Θεῷ.
666 5569 827 5626 Deest
857 5572 915 5625 in
937 5568 1114 5622 eodem
1145 5565 1307 5622 codice
1333 5565 1489 5631 Regio.
