  <div class='ocr_page' id='page_1' title='image "/cluster/home/n/w/nwhite01/storage/ocr_20150623/14 (Origen; pt. 4)/nyp.33433081862280/422.png"; bbox 0 0 3836 6220; ppageno 0'>
   <div class='ocr_carea' id='block_1_1' title="bbox 300 273 409 334">
    <p class='ocr_par' dir='ltr' id='par_1_1' title="bbox 300 273 409 334">
     <span class='ocr_line' id='line_1_1' title="bbox 300 273 409 334; baseline 0 0"><span class='ocrx_word' id='word_1_1' title='bbox 300 273 409 334; x_wconf 59' lang='lat'><strong>8‘6</strong></span> 
     </span>
    </p>
   </div>
   <div class='ocr_carea' id='block_1_2' title="bbox 1273 282 2466 352">
    <p class='ocr_par' dir='ltr' id='par_1_2' title="bbox 1273 282 2466 352">
     <span class='ocr_line' id='line_1_2' title="bbox 1273 282 2466 352; baseline 0 -18"><span class='ocrx_word' id='word_1_2' title='bbox 1273 282 1622 336; x_wconf 78' lang='lat' dir='ltr'><strong>CUMMENT.</strong></span> <span class='ocrx_word' id='word_1_3' title='bbox 1664 285 1725 336; x_wconf 74' lang='grc' dir='ltr'><strong>ΙΝ</strong></span> <span class='ocrx_word' id='word_1_4' title='bbox 1765 285 1948 352; x_wconf 74' lang='lat' dir='ltr'><strong>JOAN.</strong></span> <span class='ocrx_word' id='word_1_5' title='bbox 1993 284 2220 336; x_wconf 76' lang='lat' dir='ltr'><strong>TOMUS</strong></span> <span class='ocrx_word' id='word_1_6' title='bbox 2261 285 2466 334; x_wconf 65' lang='lat' dir='ltr'><strong>XXXII.</strong></span> 
     </span>
    </p>
   </div>
   <div class='ocr_carea' id='block_1_3' title="bbox 3359 286 3461 336">
    <p class='ocr_par' dir='ltr' id='par_1_3' title="bbox 3359 286 3461 336">
     <span class='ocr_line' id='line_1_3' title="bbox 3359 286 3461 336; baseline 0.01 -2"><span class='ocrx_word' id='word_1_7' title='bbox 3359 286 3461 336; x_wconf 67' lang='grc'><strong>826</strong></span> 
     </span>
    </p>
   </div>
   <div class='ocr_carea' id='block_1_4' title="bbox 311 387 1822 463">
    <p class='ocr_par' dir='ltr' id='par_1_4' title="bbox 311 392 1822 463">
     <span class='ocr_line' id='line_1_4' title="bbox 311 392 1822 463; baseline -0.005 -12"><span class='ocrx_word' id='word_1_8' title='bbox 311 392 502 462; x_wconf 75' lang='grc' dir='ltr'>ἢτρεῖς</span> <span class='ocrx_word' id='word_1_9' title='bbox 528 393 858 461; x_wconf 80' lang='grc' dir='ltr'>συνηγμένοι</span> <span class='ocrx_word' id='word_1_10' title='bbox 891 397 966 458; x_wconf 88' lang='grc' dir='ltr'>είς</span> <span class='ocrx_word' id='word_1_11' title='bbox 996 395 1053 446; x_wconf 74' lang='grc' dir='ltr'><strong>τὸ</strong></span> <span class='ocrx_word' id='word_1_12' title='bbox 1087 392 1209 462; x_wconf 71' lang='grc' dir='ltr'>ἐμὸν</span> <span class='ocrx_word' id='word_1_13' title='bbox 1235 393 1420 462; x_wconf 73' lang='grc' dir='ltr'>ὄνομα,</span> <span class='ocrx_word' id='word_1_14' title='bbox 1451 394 1600 461; x_wconf 84' lang='grc' dir='ltr'><strong>κὰγώ</strong></span> <span class='ocrx_word' id='word_1_15' title='bbox 1628 396 1739 463; x_wconf 85' lang='grc' dir='ltr'>είμι</span> <span class='ocrx_word' id='word_1_16' title='bbox 1783 395 1822 444; x_wconf 51' lang='grc' dir='ltr'>ἐκ</span> 
     </span>
    </p>
   </div>
   <div class='ocr_carea' id='block_1_5' title="bbox 1924 387 3461 463">
    <p class='ocr_par' dir='ltr' id='par_1_5' title="bbox 1943 387 3461 457">
     <span class='ocr_line' id='line_1_5' title="bbox 1943 387 3461 457; baseline 0.003 -15"><span class='ocrx_word' id='word_1_17' title='bbox 1943 391 2024 444; x_wconf 89' lang='lat' dir='ltr'><strong>bis</strong></span> <span class='ocrx_word' id='word_1_18' title='bbox 2052 391 2213 443; x_wconf 88' lang='lat' dir='ltr'><strong>etiam</strong></span> <span class='ocrx_word' id='word_1_19' title='bbox 2244 405 2366 444; x_wconf 90' lang='lat' dir='ltr'><strong>esse</strong></span> <span class='ocrx_word' id='word_1_20' title='bbox 2397 406 2425 442; x_wconf 89' lang='lat' dir='ltr'><strong>a</strong></span> <span class='ocrx_word' id='word_1_21' title='bbox 2454 389 2644 457; x_wconf 88' lang='lat' dir='ltr'><strong>quibus</strong></span> <span class='ocrx_word' id='word_1_22' title='bbox 2673 403 2774 442; x_wconf 89' lang='lat' dir='ltr'><strong>non</strong></span> <span class='ocrx_word' id='word_1_23' title='bbox 2807 397 3174 456; x_wconf 73' lang='lat' dir='ltr'><strong>cognoscatur.</strong></span> <span class='ocrx_word' id='word_1_24' title='bbox 3206 387 3310 442; x_wconf 85' lang='lat' dir='ltr'><strong>Sed</strong></span> <span class='ocrx_word' id='word_1_25' title='bbox 3343 393 3461 446; x_wconf 85' lang='lat' dir='ltr'><strong>vide</strong></span> 
     </span>
    </p>
   </div>
   <div class='ocr_carea' id='block_1_6' title="bbox 311 482 1842 555">
    <p class='ocr_par' dir='ltr' id='par_1_6' title="bbox 311 482 1842 555">
     <span class='ocr_line' id='line_1_6' title="bbox 311 482 1842 555; baseline 0 -19"><span class='ocrx_word' id='word_1_26' title='bbox 311 484 462 555; x_wconf 74' lang='grc' dir='ltr'>μέσῳ</span> <span class='ocrx_word' id='word_1_27' title='bbox 500 482 696 534; x_wconf 79' lang='grc' dir='ltr'>αὑτῶν·</span> <span class='ocrx_word' id='word_1_28' title='bbox 730 503 746 534; x_wconf 73' lang='grc' dir='ltr'><strong>ι</strong></span> <span class='ocrx_word' id='word_1_29' title='bbox 783 488 875 538; x_wconf 70' lang='grc' dir='ltr'>καὶ</span> <span class='ocrx_word' id='word_1_30' title='bbox 917 488 992 539; x_wconf 77' lang='grc' dir='ltr'>τό’</span> <span class='ocrx_word' id='word_1_31' title='bbox 1029 503 1046 535; x_wconf 89' lang='lat'><strong>«</strong></span> <span class='ocrx_word' id='word_1_32' title='bbox 1093 485 1216 536; x_wconf 78' lang='grc' dir='ltr'>Ἰδοὺ</span> <span class='ocrx_word' id='word_1_33' title='bbox 1247 483 1354 550; x_wconf 84' lang='grc' dir='ltr'><strong>ἐγὼ</strong></span> <span class='ocrx_word' id='word_1_34' title='bbox 1397 485 1512 554; x_wconf 79' lang='grc' dir='ltr'>μεθ’</span> <span class='ocrx_word' id='word_1_35' title='bbox 1547 485 1696 553; x_wconf 83' lang='grc' dir='ltr'>ὑμῶν</span> <span class='ocrx_word' id='word_1_36' title='bbox 1731 486 1842 553; x_wconf 77' lang='grc' dir='ltr'>εἰμι</span> 
     </span>
    </p>
   </div>
   <div class='ocr_carea' id='block_1_7' title="bbox 305 575 1836 646">
    <p class='ocr_par' dir='ltr' id='par_1_7' title="bbox 305 575 1836 646">
     <span class='ocr_line' id='line_1_7' title="bbox 305 575 1836 646; baseline -0.002 -17"><span class='ocrx_word' id='word_1_37' title='bbox 305 576 488 637; x_wconf 80' lang='grc' dir='ltr'>πάσας</span> <span class='ocrx_word' id='word_1_38' title='bbox 510 575 608 636; x_wconf 77' lang='grc' dir='ltr'>τὰς</span> <span class='ocrx_word' id='word_1_39' title='bbox 635 575 845 644; x_wconf 73' lang='grc' dir='ltr'>ἡμέρας</span> <span class='ocrx_word' id='word_1_40' title='bbox 875 579 974 638; x_wconf 71' lang='grc' dir='ltr'><strong>ἕως</strong></span> <span class='ocrx_word' id='word_1_41' title='bbox 1005 578 1096 646; x_wconf 79' lang='grc' dir='ltr'>τῆς</span> <span class='ocrx_word' id='word_1_42' title='bbox 1131 575 1420 637; x_wconf 80' lang='grc' dir='ltr'><strong>συντελείας</strong></span> <span class='ocrx_word' id='word_1_43' title='bbox 1456 575 1546 628; x_wconf 91' lang='grc' dir='ltr'><strong>τοῦ</strong></span> <span class='ocrx_word' id='word_1_44' title='bbox 1577 577 1784 638; x_wconf 83' lang='grc' dir='ltr'>αἰῶνος,</span> <span class='ocrx_word' id='word_1_45' title='bbox 1818 595 1836 626; x_wconf 75' lang='grc' dir='ltr'><strong>ι</strong></span> 
     </span>
    </p>
   </div>
   <div class='ocr_carea' id='block_1_8' title="bbox 301 666 1841 736">
    <p class='ocr_par' dir='ltr' id='par_1_8' title="bbox 301 666 1841 736">
     <span class='ocr_line' id='line_1_8' title="bbox 301 666 1841 736; baseline 0 -18"><span class='ocrx_word' id='word_1_46' title='bbox 301 666 358 718; x_wconf 87' lang='grc' dir='ltr'><strong>οὑ</strong></span> <span class='ocrx_word' id='word_1_47' title='bbox 391 666 629 718; x_wconf 83' lang='grc' dir='ltr'>τοιοῦτον</span> <span class='ocrx_word' id='word_1_48' title='bbox 674 667 730 720; x_wconf 85' lang='grc' dir='ltr'>δὲ</span> <span class='ocrx_word' id='word_1_49' title='bbox 767 667 844 718; x_wconf 90' lang='grc' dir='ltr'>τό·</span> <span class='ocrx_word' id='word_1_50' title='bbox 883 688 900 718; x_wconf 93' lang='lat'><strong>«</strong></span> <span class='ocrx_word' id='word_1_51' title='bbox 937 671 1109 729; x_wconf 82' lang='grc' dir='ltr'>Μέσος</span> <span class='ocrx_word' id='word_1_52' title='bbox 1149 667 1296 734; x_wconf 77' lang='grc' dir='ltr'>ὑμῶν</span> <span class='ocrx_word' id='word_1_53' title='bbox 1325 668 1555 736; x_wconf 82' lang='grc' dir='ltr'>ἐστήκει,</span> <span class='ocrx_word' id='word_1_54' title='bbox 1595 668 1652 718; x_wconf 80' lang='grc' dir='ltr'>ὃν</span> <span class='ocrx_word' id='word_1_55' title='bbox 1687 668 1841 735; x_wconf 82' lang='grc' dir='ltr'>ὑμεῖς</span> 
     </span>
    </p>
   </div>
   <div class='ocr_carea' id='block_1_9' title="bbox 297 753 1836 824">
    <p class='ocr_par' dir='ltr' id='par_1_9' title="bbox 297 753 1836 824">
     <span class='ocr_line' id='line_1_9' title="bbox 297 753 1836 824; baseline 0.002 -20"><span class='ocrx_word' id='word_1_56' title='bbox 297 753 400 804; x_wconf 86' lang='grc' dir='ltr'><strong>οὑκ</strong></span> <span class='ocrx_word' id='word_1_57' title='bbox 445 753 639 805; x_wconf 79' lang='grc' dir='ltr'>οἴδατε.</span> <span class='ocrx_word' id='word_1_58' title='bbox 665 771 684 804; x_wconf 72' lang='grc' dir='ltr'><strong>ι</strong></span> <span class='ocrx_word' id='word_1_59' title='bbox 712 755 820 807; x_wconf 69' lang='grc' dir='ltr'>Καὶ</span> <span class='ocrx_word' id='word_1_60' title='bbox 847 757 902 807; x_wconf 89' lang='grc' dir='ltr'>ἐν</span> <span class='ocrx_word' id='word_1_61' title='bbox 933 756 1007 824; x_wconf 83' lang='grc' dir='ltr'>τῷ</span> <span class='ocrx_word' id='word_1_62' title='bbox 1046 756 1377 824; x_wconf 77' lang='grc' dir='ltr'><strong>προκειμένῳ</strong></span> <span class='ocrx_word' id='word_1_63' title='bbox 1406 757 1578 806; x_wconf 89' lang='grc' dir='ltr'>τοίνυν</span> <span class='ocrx_word' id='word_1_64' title='bbox 1605 758 1632 807; x_wconf 93' lang='lat'><strong>6</strong></span> <span class='ocrx_word' id='word_1_65' title='bbox 1653 754 1836 807; x_wconf 73' lang='grc' dir='ltr'>εἰπών’</span> 
     </span>
    </p>
   </div>
   <div class='ocr_carea' id='block_1_10' title="bbox 299 841 1838 915">
    <p class='ocr_par' dir='ltr' id='par_1_10' title="bbox 299 841 1838 915">
     <span class='ocr_line' id='line_1_10' title="bbox 299 841 1838 915; baseline 0.003 -23"><span class='ocrx_word' id='word_1_66' title='bbox 299 862 314 892; x_wconf 95' lang='lat'><strong>«</strong></span> <span class='ocrx_word' id='word_1_67' title='bbox 372 844 516 895; x_wconf 77' lang='grc' dir='ltr'>Ἰδοὺ</span> <span class='ocrx_word' id='word_1_68' title='bbox 545 841 651 910; x_wconf 83' lang='grc' dir='ltr'><strong>ἐγὼ</strong></span> <span class='ocrx_word' id='word_1_69' title='bbox 675 844 789 912; x_wconf 84' lang='grc' dir='ltr'>μεθ’</span> <span class='ocrx_word' id='word_1_70' title='bbox 816 845 964 914; x_wconf 81' lang='grc' dir='ltr'>ὑμῶν</span> <span class='ocrx_word' id='word_1_71' title='bbox 995 847 1126 914; x_wconf 84' lang='grc' dir='ltr'>εἰμι,</span> <span class='ocrx_word' id='word_1_72' title='bbox 1153 864 1170 894; x_wconf 72' lang='grc' dir='ltr'><strong>ι</strong></span> <span class='ocrx_word' id='word_1_73' title='bbox 1192 846 1320 913; x_wconf 73' lang='grc' dir='ltr'>φησὶ</span> <span class='ocrx_word' id='word_1_74' title='bbox 1350 847 1427 896; x_wconf 75' lang='grc' dir='ltr'>τόο</span> <span class='ocrx_word' id='word_1_75' title='bbox 1456 863 1473 894; x_wconf 90' lang='lat'><strong>«</strong></span> <span class='ocrx_word' id='word_1_76' title='bbox 1514 846 1631 896; x_wconf 85' lang='grc' dir='ltr'><strong>Ἔτι</strong></span> <span class='ocrx_word' id='word_1_77' title='bbox 1651 846 1838 915; x_wconf 85' lang='grc' dir='ltr'>μικρὸν</span> 
     </span>
    </p>
   </div>
   <div class='ocr_carea' id='block_1_11' title="bbox 293 929 1836 1002">
    <p class='ocr_par' dir='ltr' id='par_1_11' title="bbox 293 929 1836 1002">
     <span class='ocr_line' id='line_1_11' title="bbox 293 929 1836 1002; baseline 0.004 -23"><span class='ocrx_word' id='word_1_78' title='bbox 293 929 420 998; x_wconf 81' lang='grc' dir='ltr'>μεθ’</span> <span class='ocrx_word' id='word_1_79' title='bbox 465 930 616 999; x_wconf 82' lang='grc' dir='ltr'>ὑμῶν</span> <span class='ocrx_word' id='word_1_80' title='bbox 646 933 776 1000; x_wconf 78' lang='grc' dir='ltr'>εἰμι.</span> <span class='ocrx_word' id='word_1_81' title='bbox 815 951 831 981; x_wconf 73' lang='grc' dir='ltr'><strong>ι</strong></span> <span class='ocrx_word' id='word_1_82' title='bbox 889 934 945 984; x_wconf 85' lang='grc' dir='ltr'><strong>Ὀ</strong></span> <span class='ocrx_word' id='word_1_83' title='bbox 978 933 1030 984; x_wconf 85' lang='grc' dir='ltr'><strong>δέ</strong></span> <span class='ocrx_word' id='word_1_84' title='bbox 1061 933 1246 998; x_wconf 76' lang='grc' dir='ltr'>λέγων’</span> <span class='ocrx_word' id='word_1_85' title='bbox 1287 952 1303 982; x_wconf 83' lang='grc' dir='ltr'><strong>ι</strong></span> <span class='ocrx_word' id='word_1_86' title='bbox 1345 935 1460 985; x_wconf 82' lang='grc' dir='ltr'>Ἔτι</span> <span class='ocrx_word' id='word_1_87' title='bbox 1501 933 1688 1002; x_wconf 79' lang='grc' dir='ltr'>μικρὸν</span> <span class='ocrx_word' id='word_1_88' title='bbox 1722 933 1836 1002; x_wconf 84' lang='grc' dir='ltr'>μεθ’</span> 
     </span>
    </p>
   </div>
   <div class='ocr_carea' id='block_1_12' title="bbox 288 1019 1838 1091">
    <p class='ocr_par' dir='ltr' id='par_1_12' title="bbox 288 1019 1838 1091">
     <span class='ocr_line' id='line_1_12' title="bbox 288 1019 1838 1091; baseline 0.003 -22"><span class='ocrx_word' id='word_1_89' title='bbox 288 1019 455 1087; x_wconf 83' lang='grc' dir='ltr'>ὑμῶν</span> <span class='ocrx_word' id='word_1_90' title='bbox 492 1022 626 1088; x_wconf 82' lang='grc' dir='ltr'>εἰμι,</span> <span class='ocrx_word' id='word_1_91' title='bbox 676 1041 694 1071; x_wconf 74' lang='grc' dir='ltr'><strong>ι</strong></span> <span class='ocrx_word' id='word_1_92' title='bbox 729 1021 826 1073; x_wconf 86' lang='grc' dir='ltr'><strong>οὑκ</strong></span> <span class='ocrx_word' id='word_1_93' title='bbox 866 1021 928 1073; x_wconf 83' lang='grc' dir='ltr'><strong>ἂν</strong></span> <span class='ocrx_word' id='word_1_94' title='bbox 957 1023 1170 1090; x_wconf 83' lang='grc' dir='ltr'><strong>παρόντι</strong></span> <span class='ocrx_word' id='word_1_95' title='bbox 1217 1023 1476 1090; x_wconf 82' lang='grc' dir='ltr'><strong>αἰσθητῶς</strong></span> <span class='ocrx_word' id='word_1_96' title='bbox 1520 1023 1596 1091; x_wconf 79' lang='grc' dir='ltr'>τῷ</span> <span class='ocrx_word' id='word_1_97' title='bbox 1652 1023 1838 1087; x_wconf 82' lang='grc' dir='ltr'>Ἰούδᾳ,</span> 
     </span>
    </p>
   </div>
   <div class='ocr_carea' id='block_1_13' title="bbox 283 1109 1832 1182">
    <p class='ocr_par' dir='ltr' id='par_1_13' title="bbox 283 1109 1832 1182">
     <span class='ocr_line' id='line_1_13' title="bbox 283 1109 1832 1182; baseline 0.001 -21"><span class='ocrx_word' id='word_1_98' title='bbox 283 1109 381 1161; x_wconf 81' lang='grc' dir='ltr'><strong>τοῦ</strong></span> <span class='ocrx_word' id='word_1_99' title='bbox 422 1109 665 1161; x_wconf 76' lang='grc' dir='ltr'>διαϐόλου</span> <span class='ocrx_word' id='word_1_100' title='bbox 694 1111 791 1180; x_wconf 81' lang='grc' dir='ltr'><strong>ήδη</strong></span> <span class='ocrx_word' id='word_1_101' title='bbox 843 1111 1152 1180; x_wconf 76' lang='grc' dir='ltr'>βεϐληκότος</span> <span class='ocrx_word' id='word_1_102' title='bbox 1180 1115 1254 1174; x_wconf 81' lang='grc' dir='ltr'>είς</span> <span class='ocrx_word' id='word_1_103' title='bbox 1283 1113 1377 1182; x_wconf 77' lang='grc' dir='ltr'><strong>τὴν</strong></span> <span class='ocrx_word' id='word_1_104' title='bbox 1414 1112 1632 1181; x_wconf 81' lang='grc' dir='ltr'>καρδίαν</span> <span class='ocrx_word' id='word_1_105' title='bbox 1656 1110 1832 1174; x_wconf 86' lang='grc' dir='ltr'>αὑτοῦ,</span> 
     </span>
    </p>
   </div>
   <div class='ocr_carea' id='block_1_14' title="bbox 284 1198 1836 1272">
    <p class='ocr_par' dir='ltr' id='par_1_14' title="bbox 284 1198 1836 1272">
     <span class='ocr_line' id='line_1_14' title="bbox 284 1198 1836 1272; baseline 0.002 -23"><span class='ocrx_word' id='word_1_106' title='bbox 284 1199 374 1250; x_wconf 80' lang='grc' dir='ltr'>ἵνα</span> <span class='ocrx_word' id='word_1_107' title='bbox 423 1199 651 1268; x_wconf 86' lang='grc' dir='ltr'>παραδῴ</span> <span class='ocrx_word' id='word_1_108' title='bbox 684 1199 773 1252; x_wconf 81' lang='grc' dir='ltr'><strong>τὸν</strong></span> <span class='ocrx_word' id='word_1_109' title='bbox 819 1201 1060 1272; x_wconf 80' lang='grc' dir='ltr'>Σωτῆρα,</span> <span class='ocrx_word' id='word_1_110' title='bbox 1094 1198 1238 1254; x_wconf 76' lang='grc' dir='ltr'>εἶπεν</span> <span class='ocrx_word' id='word_1_111' title='bbox 1284 1201 1347 1254; x_wconf 85' lang='grc' dir='ltr'><strong>ἂν</strong></span> <span class='ocrx_word' id='word_1_112' title='bbox 1384 1200 1526 1269; x_wconf 85' lang='grc' dir='ltr'>αὑτῷ</span> <span class='ocrx_word' id='word_1_113' title='bbox 1575 1201 1652 1252; x_wconf 71' lang='grc' dir='ltr'>τόο</span> <span class='ocrx_word' id='word_1_114' title='bbox 1687 1200 1836 1252; x_wconf 85' lang='grc' dir='ltr'>Μετὰ</span> 
     </span>
    </p>
   </div>
   <div class='ocr_carea' id='block_1_15' title="bbox 283 1288 1833 1360">
    <p class='ocr_par' dir='ltr' id='par_1_15' title="bbox 283 1288 1833 1360">
     <span class='ocr_line' id='line_1_15' title="bbox 283 1288 1833 1360; baseline -0.001 -19"><span class='ocrx_word' id='word_1_115' title='bbox 283 1289 382 1341; x_wconf 85' lang='grc' dir='ltr'><strong>σοῦ</strong></span> <span class='ocrx_word' id='word_1_116' title='bbox 422 1289 541 1359; x_wconf 73' lang='grc'><strong>(52)</strong></span> <span class='ocrx_word' id='word_1_117' title='bbox 572 1292 706 1359; x_wconf 72' lang='grc' dir='ltr'>είμιο</span> <span class='ocrx_word' id='word_1_118' title='bbox 747 1291 844 1343; x_wconf 91' lang='grc' dir='ltr'><strong>οὑκ</strong></span> <span class='ocrx_word' id='word_1_119' title='bbox 891 1291 968 1343; x_wconf 74' lang='grc' dir='ltr'>ἔτι</span> <span class='ocrx_word' id='word_1_120' title='bbox 1009 1290 1112 1360; x_wconf 84' lang='grc' dir='ltr'>γὰρ</span> <span class='ocrx_word' id='word_1_121' title='bbox 1144 1288 1208 1360; x_wconf 82' lang='grc' dir='ltr'><strong>ἦν</strong></span> <span class='ocrx_word' id='word_1_122' title='bbox 1252 1293 1363 1360; x_wconf 87' lang='grc' dir='ltr'>μετ’</span> <span class='ocrx_word' id='word_1_123' title='bbox 1400 1289 1580 1352; x_wconf 87' lang='grc' dir='ltr'>αὑτοῦ,</span> <span class='ocrx_word' id='word_1_124' title='bbox 1611 1290 1716 1341; x_wconf 84' lang='grc' dir='ltr'>οὐδ’</span> <span class='ocrx_word' id='word_1_125' title='bbox 1748 1291 1833 1341; x_wconf 81' lang='grc' dir='ltr'>ὅτε</span> 
     </span>
    </p>
   </div>
   <div class='ocr_carea' id='block_1_16' title="bbox 282 1376 1836 1446">
    <p class='ocr_par' dir='ltr' id='par_1_16' title="bbox 282 1376 1836 1446">
     <span class='ocr_line' id='line_1_16' title="bbox 282 1376 1836 1446; baseline -0.001 -17"><span class='ocrx_word' id='word_1_126' title='bbox 282 1376 471 1446; x_wconf 60' lang='grc' dir='ltr'>βάψας</span> <span class='ocrx_word' id='word_1_127' title='bbox 503 1377 564 1429; x_wconf 82' lang='grc' dir='ltr'>τὸ</span> <span class='ocrx_word' id='word_1_128' title='bbox 600 1377 809 1446; x_wconf 75' lang='grc' dir='ltr'>ψωμίον</span> <span class='ocrx_word' id='word_1_129' title='bbox 830 1379 995 1430; x_wconf 81' lang='grc' dir='ltr'>ἐδίδου</span> <span class='ocrx_word' id='word_1_130' title='bbox 1024 1379 1185 1446; x_wconf 82' lang='grc' dir='ltr'>αὑτῷ·</span> <span class='ocrx_word' id='word_1_131' title='bbox 1219 1378 1329 1431; x_wconf 84' lang='grc' dir='ltr'>ἀλλ’</span> <span class='ocrx_word' id='word_1_132' title='bbox 1357 1379 1442 1430; x_wconf 83' lang='grc' dir='ltr'>ὅτε</span> <span class='ocrx_word' id='word_1_133' title='bbox 1477 1377 1611 1446; x_wconf 80' lang='grc' dir='ltr'>μετὰ</span> <span class='ocrx_word' id='word_1_134' title='bbox 1638 1377 1698 1428; x_wconf 85' lang='grc' dir='ltr'><strong>τὸ</strong></span> <span class='ocrx_word' id='word_1_135' title='bbox 1724 1377 1836 1444; x_wconf 71' lang='grc' dir='ltr'><strong>ψω-</strong></span> 
     </span>
    </p>
   </div>
   <div class='ocr_carea' id='block_1_17' title="bbox 283 1461 1834 1536">
    <p class='ocr_par' dir='ltr' id='par_1_17' title="bbox 283 1461 1834 1536">
     <span class='ocr_line' id='line_1_17' title="bbox 283 1461 1834 1536; baseline 0.001 -20"><span class='ocrx_word' id='word_1_136' title='bbox 283 1465 437 1532; x_wconf 81' lang='grc' dir='ltr'>μίον,</span> <span class='ocrx_word' id='word_1_137' title='bbox 471 1466 560 1517; x_wconf 78' lang='grc' dir='ltr'><strong>ὅτε</strong></span> <span class='ocrx_word' id='word_1_138' title='bbox 592 1461 750 1535; x_wconf 75' lang='grc' dir='ltr'>ἦλθεν</span> <span class='ocrx_word' id='word_1_139' title='bbox 791 1469 869 1528; x_wconf 85' lang='grc' dir='ltr'>είς</span> <span class='ocrx_word' id='word_1_140' title='bbox 917 1469 1113 1519; x_wconf 88' lang='grc' dir='ltr'>ἐκεῖνον</span> <span class='ocrx_word' id='word_1_141' title='bbox 1138 1468 1166 1518; x_wconf 93' lang='lat'><strong>6</strong></span> <span class='ocrx_word' id='word_1_142' title='bbox 1189 1467 1446 1529; x_wconf 83' lang='grc' dir='ltr'>Σατανᾶς,</span> <span class='ocrx_word' id='word_1_143' title='bbox 1477 1465 1651 1536; x_wconf 82' lang='grc' dir='ltr'>πολλῷ</span> <span class='ocrx_word' id='word_1_144' title='bbox 1677 1466 1834 1518; x_wconf 84' lang='grc' dir='ltr'>πλέον</span> 
     </span>
    </p>
   </div>
   <div class='ocr_carea' id='block_1_18' title="bbox 279 1550 1832 1624">
    <p class='ocr_par' dir='ltr' id='par_1_18' title="bbox 279 1550 1832 1624">
     <span class='ocr_line' id='line_1_18' title="bbox 279 1550 1832 1624; baseline 0.001 -19"><span class='ocrx_word' id='word_1_145' title='bbox 279 1555 382 1606; x_wconf 81' lang='grc' dir='ltr'><strong>οὑκ</strong></span> <span class='ocrx_word' id='word_1_146' title='bbox 419 1550 492 1623; x_wconf 85' lang='grc' dir='ltr'>ἦν</span> <span class='ocrx_word' id='word_1_147' title='bbox 518 1555 546 1603; x_wconf 92' lang='lat'><strong>6</strong></span> <span class='ocrx_word' id='word_1_148' title='bbox 577 1555 805 1624; x_wconf 82' lang='grc' dir='ltr'>Χριστὸς</span> <span class='ocrx_word' id='word_1_149' title='bbox 833 1555 965 1624; x_wconf 85' lang='grc' dir='ltr'>μετὰ</span> <span class='ocrx_word' id='word_1_150' title='bbox 985 1555 1076 1607; x_wconf 90' lang='grc' dir='ltr'><strong>τοῦ</strong></span> <span class='ocrx_word' id='word_1_151' title='bbox 1117 1555 1298 1617; x_wconf 83' lang='grc' dir='ltr'>Ἰούδα,</span> <span class='ocrx_word' id='word_1_152' title='bbox 1330 1555 1689 1624; x_wconf 85' lang='grc' dir='ltr'>μακρύναντος</span> <span class='ocrx_word' id='word_1_153' title='bbox 1711 1557 1832 1607; x_wconf 85' lang='grc' dir='ltr'>ἐαυ-</span> 
     </span>
    </p>
   </div>
   <div class='ocr_carea' id='block_1_19' title="bbox 278 1644 1832 1715">
    <p class='ocr_par' dir='ltr' id='par_1_19' title="bbox 278 1644 1832 1715">
     <span class='ocr_line' id='line_1_19' title="bbox 278 1644 1832 1715; baseline -0.001 -19"><span class='ocrx_word' id='word_1_154' title='bbox 278 1644 371 1696; x_wconf 84' lang='grc' dir='ltr'>τὸν</span> <span class='ocrx_word' id='word_1_155' title='bbox 421 1645 533 1696; x_wconf 74' lang='grc' dir='ltr'><strong>ἀπὸ</strong></span> <span class='ocrx_word' id='word_1_156' title='bbox 573 1644 667 1697; x_wconf 90' lang='grc' dir='ltr'><strong>τοῦ</strong></span> <span class='ocrx_word' id='word_1_157' title='bbox 713 1645 977 1715; x_wconf 85' lang='grc' dir='ltr'><strong>Σωτῆρος·</strong></span> <span class='ocrx_word' id='word_1_158' title='bbox 1013 1663 1032 1696; x_wconf 80' lang='grc' dir='ltr'><strong>ι</strong></span> <span class='ocrx_word' id='word_1_159' title='bbox 1069 1646 1162 1708; x_wconf 87' lang='grc' dir='ltr'>Τίς</span> <span class='ocrx_word' id='word_1_160' title='bbox 1189 1645 1294 1712; x_wconf 82' lang='grc' dir='ltr'>γὰρ</span> <span class='ocrx_word' id='word_1_161' title='bbox 1336 1644 1678 1715; x_wconf 75' lang='grc' dir='ltr'><strong>συμφώνησις</strong></span> <span class='ocrx_word' id='word_1_162' title='bbox 1707 1646 1832 1713; x_wconf 87' lang='grc' dir='ltr'>Χρι-</span> 
     </span>
    </p>
   </div>
   <div class='ocr_carea' id='block_1_20' title="bbox 1938 477 3456 547">
    <p class='ocr_par' dir='ltr' id='par_1_20' title="bbox 1938 477 3456 547">
     <span class='ocr_line' id='line_1_20' title="bbox 1938 477 3456 547; baseline 0.001 -15"><span class='ocrx_word' id='word_1_163' title='bbox 1938 494 2005 533; x_wconf 89' lang='lat' dir='ltr'><strong>ne</strong></span> <span class='ocrx_word' id='word_1_164' title='bbox 2051 477 2187 532; x_wconf 78' lang='lat' dir='ltr'><strong>forte</strong></span> <span class='ocrx_word' id='word_1_165' title='bbox 2236 479 2372 532; x_wconf 89' lang='lat' dir='ltr'><strong>idem</strong></span> <span class='ocrx_word' id='word_1_166' title='bbox 2411 480 2633 533; x_wconf 64' lang='lat' dir='ltr'><strong>non‘sit</strong></span> <span class='ocrx_word' id='word_1_167' title='bbox 2674 493 2790 532; x_wconf 90' lang='lat' dir='ltr'><strong>esse</strong></span> <span class='ocrx_word' id='word_1_168' title='bbox 2818 493 2938 533; x_wconf 91' lang='lat' dir='ltr'><strong>cum</strong></span> <span class='ocrx_word' id='word_1_169' title='bbox 2985 477 3182 545; x_wconf 86' lang='lat' dir='ltr'><strong>aliquo,</strong></span> <span class='ocrx_word' id='word_1_170' title='bbox 3231 483 3368 547; x_wconf 88' lang='lat' dir='ltr'><strong>quod</strong></span> <span class='ocrx_word' id='word_1_171' title='bbox 3404 483 3456 534; x_wconf 92' lang='lat' dir='ltr'><strong>in</strong></span> 
     </span>
    </p>
   </div>
   <div class='ocr_carea' id='block_1_21' title="bbox 1937 568 3459 637">
    <p class='ocr_par' dir='ltr' id='par_1_21' title="bbox 1937 568 3459 637">
     <span class='ocr_line' id='line_1_21' title="bbox 1937 568 3459 637; baseline 0 -15"><span class='ocrx_word' id='word_1_172' title='bbox 1937 569 2290 637; x_wconf 86' lang='lat' dir='ltr'><strong>promissione</strong></span> <span class='ocrx_word' id='word_1_173' title='bbox 2321 577 2565 635; x_wconf 90' lang='lat' dir='ltr'><strong>tanquam</strong></span> <span class='ocrx_word' id='word_1_174' title='bbox 2593 568 2766 636; x_wconf 91' lang='lat' dir='ltr'><strong>dignis</strong></span> <span class='ocrx_word' id='word_1_175' title='bbox 2804 569 2982 631; x_wconf 87' lang='lat' dir='ltr'><strong>datur,</strong></span> <span class='ocrx_word' id='word_1_176' title='bbox 3020 579 3072 621; x_wconf 90' lang='lat' dir='ltr'><strong>et</strong></span> <span class='ocrx_word' id='word_1_177' title='bbox 3101 577 3243 621; x_wconf 86' lang='lat' dir='ltr'><strong>stare</strong></span> <span class='ocrx_word' id='word_1_178' title='bbox 3268 569 3316 620; x_wconf 94' lang='lat' dir='ltr'><strong>in</strong></span> <span class='ocrx_word' id='word_1_179' title='bbox 3350 584 3459 622; x_wconf 74' lang='lat' dir='ltr'><strong>meo</strong></span> 
     </span>
    </p>
   </div>
   <div class='ocr_carea' id='block_1_22' title="bbox 1937 657 3455 726">
    <p class='ocr_par' dir='ltr' id='par_1_22' title="bbox 1937 657 3455 726">
     <span class='ocr_line' id='line_1_22' title="bbox 1937 657 3455 726; baseline -0.001 -14"><span class='ocrx_word' id='word_1_180' title='bbox 1937 660 2022 713; x_wconf 92' lang='lat' dir='ltr'><strong>dio</strong></span> <span class='ocrx_word' id='word_1_181' title='bbox 2048 673 2150 712; x_wconf 91' lang='lat' dir='ltr'><strong>non</strong></span> <span class='ocrx_word' id='word_1_182' title='bbox 2179 657 2577 726; x_wconf 87' lang='lat' dir='ltr'><strong>agnoscentinm</strong></span> <span class='ocrx_word' id='word_1_183' title='bbox 2619 671 2765 710; x_wconf 91' lang='lat' dir='ltr'><strong>eum.</strong></span> <span class='ocrx_word' id='word_1_184' title='bbox 2802 657 2934 710; x_wconf 90' lang='lat' dir='ltr'><strong>Cum</strong></span> <span class='ocrx_word' id='word_1_185' title='bbox 2967 657 3107 710; x_wconf 90' lang='lat' dir='ltr'><strong>enim</strong></span> <span class='ocrx_word' id='word_1_186' title='bbox 3139 657 3207 710; x_wconf 90' lang='lat' dir='ltr'><strong>sit</strong></span> <span class='ocrx_word' id='word_1_187' title='bbox 3246 657 3296 708; x_wconf 92' lang='lat' dir='ltr'><strong>in</strong></span> <span class='ocrx_word' id='word_1_188' title='bbox 3334 671 3455 724; x_wconf 88' lang='lat' dir='ltr'><strong>pro-</strong></span> 
     </span>
    </p>
   </div>
   <div class='ocr_carea' id='block_1_23' title="bbox 1935 745 3455 812">
    <p class='ocr_par' dir='ltr' id='par_1_23' title="bbox 1935 745 3455 812">
     <span class='ocr_line' id='line_1_23' title="bbox 1935 745 3455 812; baseline -0.001 -11"><span class='ocrx_word' id='word_1_189' title='bbox 1935 749 2183 802; x_wconf 78' lang='lat' dir='ltr'><strong>missione</strong></span> <span class='ocrx_word' id='word_1_190' title='bbox 2213 748 2339 800; x_wconf 88' lang='lat' dir='ltr'><strong>illud</strong></span> <span class='ocrx_word' id='word_1_191' title='bbox 2380 764 2394 799; x_wconf 91' lang='lat'><strong>:</strong></span> <span class='ocrx_word' id='word_1_192' title='bbox 2427 745 2558 800; x_wconf 90' lang='lat' dir='ltr'><strong>«Ubi</strong></span> <span class='ocrx_word' id='word_1_193' title='bbox 2587 748 2712 809; x_wconf 91' lang='lat' dir='ltr'><strong>duo,</strong></span> <span class='ocrx_word' id='word_1_194' title='bbox 2739 748 2816 800; x_wconf 90' lang='lat' dir='ltr'><strong>vel</strong></span> <span class='ocrx_word' id='word_1_195' title='bbox 2855 756 2962 800; x_wconf 91' lang='lat' dir='ltr'><strong>tres</strong></span> <span class='ocrx_word' id='word_1_196' title='bbox 2993 745 3301 812; x_wconf 76' lang='lat' dir='ltr'><strong>congregati</strong></span> <span class='ocrx_word' id='word_1_197' title='bbox 3337 747 3455 799; x_wconf 79' lang='lat' dir='ltr'><strong>fue-</strong></span> 
     </span>
    </p>
   </div>
   <div class='ocr_carea' id='block_1_24' title="bbox 1936 837 3455 903">
    <p class='ocr_par' dir='ltr' id='par_1_24' title="bbox 1936 837 3455 903">
     <span class='ocr_line' id='line_1_24' title="bbox 1936 837 3455 903; baseline -0.002 -11"><span class='ocrx_word' id='word_1_198' title='bbox 1936 839 2044 892; x_wconf 88' lang='lat' dir='ltr'><strong>rint</strong></span> <span class='ocrx_word' id='word_1_199' title='bbox 2076 839 2127 891; x_wconf 92' lang='lat' dir='ltr'><strong>in</strong></span> <span class='ocrx_word' id='word_1_200' title='bbox 2167 838 2384 890; x_wconf 83' lang='lat' dir='ltr'><strong>nomine</strong></span> <span class='ocrx_word' id='word_1_201' title='bbox 2420 851 2556 899; x_wconf 90' lang='lat' dir='ltr'><strong>meo,</strong></span> <span class='ocrx_word' id='word_1_202' title='bbox 2602 851 2701 903; x_wconf 81' lang='lat' dir='ltr'><strong>ego</strong></span> <span class='ocrx_word' id='word_1_203' title='bbox 2740 837 2898 889; x_wconf 88' lang='lat' dir='ltr'><strong>etiam</strong></span> <span class='ocrx_word' id='word_1_204' title='bbox 2957 837 3007 888; x_wconf 92' lang='lat' dir='ltr'><strong>in</strong></span> <span class='ocrx_word' id='word_1_205' title='bbox 3056 837 3228 888; x_wconf 88' lang='lat' dir='ltr'><strong>medio</strong></span> <span class='ocrx_word' id='word_1_206' title='bbox 3273 849 3455 889; x_wconf 90' lang='lat' dir='ltr'><strong>eorum</strong></span> 
     </span>
    </p>
   </div>
   <div class='ocr_carea' id='block_1_25' title="bbox 1933 924 3456 990">
    <p class='ocr_par' dir='ltr' id='par_1_25' title="bbox 1933 924 3456 990">
     <span class='ocr_line' id='line_1_25' title="bbox 1933 924 3456 990; baseline -0.003 -8"><span class='ocrx_word' id='word_1_207' title='bbox 1933 941 2085 990; x_wconf 88' lang='lat' dir='ltr'><strong>sum;</strong></span> <span class='ocrx_word' id='word_1_208' title='bbox 2120 943 2139 978; x_wconf 77' lang='grc' dir='ltr'><strong>ι</strong></span> <span class='ocrx_word' id='word_1_209' title='bbox 2162 936 2215 980; x_wconf 91' lang='lat' dir='ltr'><strong>et</strong></span> <span class='ocrx_word' id='word_1_210' title='bbox 2247 926 2371 978; x_wconf 91' lang='lat' dir='ltr'><strong>illud</strong></span> <span class='ocrx_word' id='word_1_211' title='bbox 2404 944 2416 978; x_wconf 92' lang='lat'>:</span> <span class='ocrx_word' id='word_1_212' title='bbox 2449 924 2618 978; x_wconf 83' lang='lat' dir='ltr'><strong>«Ecce</strong></span> <span class='ocrx_word' id='word_1_213' title='bbox 2642 938 2738 990; x_wconf 90' lang='lat' dir='ltr'><strong>ego</strong></span> <span class='ocrx_word' id='word_1_214' title='bbox 2763 925 3035 978; x_wconf 88' lang='lat' dir='ltr'><strong>vobiscum</strong></span> <span class='ocrx_word' id='word_1_215' title='bbox 3074 939 3185 976; x_wconf 90' lang='lat' dir='ltr'><strong>smn</strong></span> <span class='ocrx_word' id='word_1_216' title='bbox 3214 925 3456 978; x_wconf 89' lang='lat' dir='ltr'><strong>omnibus</strong></span> 
     </span>
    </p>
   </div>
   <div class='ocr_carea' id='block_1_26' title="bbox 1931 1015 3455 1084">
    <p class='ocr_par' dir='ltr' id='par_1_26' title="bbox 1931 1015 3455 1084">
     <span class='ocr_line' id='line_1_26' title="bbox 1931 1015 3455 1084; baseline -0.003 -13"><span class='ocrx_word' id='word_1_217' title='bbox 1931 1017 2118 1072; x_wconf 90' lang='lat' dir='ltr'><strong>diebus</strong></span> <span class='ocrx_word' id='word_1_218' title='bbox 2172 1032 2339 1084; x_wconf 90' lang='lat' dir='ltr'><strong>usque</strong></span> <span class='ocrx_word' id='word_1_219' title='bbox 2375 1017 2439 1068; x_wconf 89' lang='lat' dir='ltr'><strong>ad</strong></span> <span class='ocrx_word' id='word_1_220' title='bbox 2489 1015 2994 1069; x_wconf 86' lang='lat' dir='ltr'><strong>consummationem</strong></span> <span class='ocrx_word' id='word_1_221' title='bbox 3031 1015 3239 1079; x_wconf 62' lang='lat' dir='ltr'><strong>saeculi,</strong></span> <span class='ocrx_word' id='word_1_222' title='bbox 3269 1034 3286 1065; x_wconf 73' lang='grc' dir='ltr'><strong>ι</strong></span> <span class='ocrx_word' id='word_1_223' title='bbox 3351 1028 3455 1067; x_wconf 91' lang='lat' dir='ltr'><strong>non</strong></span> 
     </span>
    </p>
   </div>
   <div class='ocr_carea' id='block_1_27' title="bbox 1931 1103 3456 1174">
    <p class='ocr_par' dir='ltr' id='par_1_27' title="bbox 1931 1103 3456 1174">
     <span class='ocr_line' id='line_1_27' title="bbox 1931 1103 3456 1174; baseline -0.002 -15"><span class='ocrx_word' id='word_1_224' title='bbox 1931 1107 2186 1174; x_wconf 83' lang='lat' dir='ltr'><strong>ejusmodi</strong></span> <span class='ocrx_word' id='word_1_225' title='bbox 2209 1117 2290 1161; x_wconf 90' lang='lat' dir='ltr'><strong>est</strong></span> <span class='ocrx_word' id='word_1_226' title='bbox 2313 1107 2436 1159; x_wconf 92' lang='lat' dir='ltr'><strong>illud</strong></span> <span class='ocrx_word' id='word_1_227' title='bbox 2472 1125 2484 1159; x_wconf 89' lang='lat'><strong>:</strong></span> <span class='ocrx_word' id='word_1_228' title='bbox 2519 1124 2537 1156; x_wconf 94' lang='lat'><strong>«</strong></span> <span class='ocrx_word' id='word_1_229' title='bbox 2567 1103 2622 1156; x_wconf 93' lang='lat' dir='ltr'><strong>In</strong></span> <span class='ocrx_word' id='word_1_230' title='bbox 2650 1105 2819 1156; x_wconf 90' lang='lat' dir='ltr'><strong>medio</strong></span> <span class='ocrx_word' id='word_1_231' title='bbox 2846 1105 3005 1157; x_wconf 84' lang='lat' dir='ltr'><strong>vestri</strong></span> <span class='ocrx_word' id='word_1_232' title='bbox 3032 1113 3155 1166; x_wconf 84' lang='lat' dir='ltr'><strong>stat,</strong></span> <span class='ocrx_word' id='word_1_233' title='bbox 3182 1120 3339 1172; x_wconf 87' lang='lat' dir='ltr'><strong>quem</strong></span> <span class='ocrx_word' id='word_1_234' title='bbox 3363 1119 3456 1156; x_wconf 92' lang='lat' dir='ltr'><strong>vos</strong></span> 
     </span>
    </p>
   </div>
   <div class='ocr_carea' id='block_1_28' title="bbox 1932 1192 3454 1263">
    <p class='ocr_par' dir='ltr' id='par_1_28' title="bbox 1932 1192 3454 1263">
     <span class='ocr_line' id='line_1_28' title="bbox 1932 1192 3454 1263; baseline -0.001 -17"><span class='ocrx_word' id='word_1_235' title='bbox 1932 1195 2166 1250; x_wconf 82' lang='lat' dir='ltr'><strong>nescitis.</strong></span> <span class='ocrx_word' id='word_1_236' title='bbox 2189 1211 2207 1242; x_wconf 73' lang='grc' dir='ltr'><strong>ι</strong></span> <span class='ocrx_word' id='word_1_237' title='bbox 2232 1192 2456 1248; x_wconf 89' lang='lat' dir='ltr'><strong>Proinde</strong></span> <span class='ocrx_word' id='word_1_238' title='bbox 2473 1193 2564 1262; x_wconf 91' lang='lat' dir='ltr'><strong>qui</strong></span> <span class='ocrx_word' id='word_1_239' title='bbox 2583 1195 2790 1245; x_wconf 76' lang='lat' dir='ltr'><strong>dixerat</strong></span> <span class='ocrx_word' id='word_1_240' title='bbox 2823 1210 2836 1244; x_wconf 90' lang='lat'><strong>:</strong></span> <span class='ocrx_word' id='word_1_241' title='bbox 2880 1194 3044 1246; x_wconf 86' lang='lat' dir='ltr'><strong>«Ecce</strong></span> <span class='ocrx_word' id='word_1_242' title='bbox 3063 1209 3158 1263; x_wconf 84' lang='lat' dir='ltr'><strong>ego</strong></span> <span class='ocrx_word' id='word_1_243' title='bbox 3185 1193 3454 1247; x_wconf 81' lang='lat' dir='ltr'><strong>vobiscum</strong></span> 
     </span>
    </p>
   </div>
   <div class='ocr_carea' id='block_1_29' title="bbox 1931 1284 3454 1353">
    <p class='ocr_par' dir='ltr' id='par_1_29' title="bbox 1931 1284 3454 1353">
     <span class='ocr_line' id='line_1_29' title="bbox 1931 1284 3454 1353; baseline 0 -15"><span class='ocrx_word' id='word_1_244' title='bbox 1931 1300 2069 1347; x_wconf 90' lang='lat' dir='ltr'><strong>sum,</strong></span> <span class='ocrx_word' id='word_1_245' title='bbox 2102 1302 2120 1335; x_wconf 74' lang='grc' dir='ltr'><strong>ι</strong></span> <span class='ocrx_word' id='word_1_246' title='bbox 2165 1285 2216 1337; x_wconf 91' lang='lat' dir='ltr'><strong>in</strong></span> <span class='ocrx_word' id='word_1_247' title='bbox 2263 1284 2511 1352; x_wconf 72' lang='lat' dir='ltr'><strong>praesenti</strong></span> <span class='ocrx_word' id='word_1_248' title='bbox 2541 1291 2791 1337; x_wconf 80' lang='lat' dir='ltr'><strong>contextu</strong></span> <span class='ocrx_word' id='word_1_249' title='bbox 2825 1285 2995 1352; x_wconf 88' lang='lat' dir='ltr'><strong>inquit</strong></span> <span class='ocrx_word' id='word_1_250' title='bbox 3020 1299 3068 1336; x_wconf 87' lang='lat'><strong>:«</strong></span> <span class='ocrx_word' id='word_1_251' title='bbox 3100 1286 3282 1338; x_wconf 86' lang='lat' dir='ltr'><strong>Adhuc</strong></span> <span class='ocrx_word' id='word_1_252' title='bbox 3325 1300 3454 1353; x_wconf 78' lang='lat' dir='ltr'><strong>pau-</strong></span> 
     </span>
    </p>
   </div>
   <div class='ocr_carea' id='block_1_30' title="bbox 1931 1372 3457 1442">
    <p class='ocr_par' dir='ltr' id='par_1_30' title="bbox 1931 1372 3457 1442">
     <span class='ocr_line' id='line_1_30' title="bbox 1931 1372 3457 1442; baseline -0.001 -15"><span class='ocrx_word' id='word_1_253' title='bbox 1931 1375 2091 1442; x_wconf 90' lang='lat' dir='ltr'><strong>lisper</strong></span> <span class='ocrx_word' id='word_1_254' title='bbox 2122 1375 2396 1428; x_wconf 89' lang='lat' dir='ltr'><strong>vobiscum</strong></span> <span class='ocrx_word' id='word_1_255' title='bbox 2423 1390 2561 1429; x_wconf 91' lang='lat' dir='ltr'><strong>sum.</strong></span> <span class='ocrx_word' id='word_1_256' title='bbox 2591 1391 2611 1425; x_wconf 72' lang='grc' dir='ltr'><strong>ι</strong></span> <span class='ocrx_word' id='word_1_257' title='bbox 2648 1372 2714 1427; x_wconf 85' lang='grc' dir='ltr'>Ει</span> <span class='ocrx_word' id='word_1_258' title='bbox 2737 1374 2829 1441; x_wconf 86' lang='lat' dir='ltr'><strong>qui</strong></span> <span class='ocrx_word' id='word_1_259' title='bbox 2859 1373 2988 1427; x_wconf 91' lang='lat' dir='ltr'><strong>dicit</strong></span> <span class='ocrx_word' id='word_1_260' title='bbox 3017 1391 3030 1428; x_wconf 90' lang='lat'><strong>:</strong></span> <span class='ocrx_word' id='word_1_261' title='bbox 3067 1393 3086 1425; x_wconf 93' lang='lat'><strong>«</strong></span> <span class='ocrx_word' id='word_1_262' title='bbox 3118 1375 3302 1427; x_wconf 81' lang='lat' dir='ltr'><strong>Adhuc</strong></span> <span class='ocrx_word' id='word_1_263' title='bbox 3329 1389 3457 1442; x_wconf 88' lang='lat' dir='ltr'><strong>pau-</strong></span> 
     </span>
    </p>
   </div>
   <div class='ocr_carea' id='block_1_31' title="bbox 1930 1461 3455 1530">
    <p class='ocr_par' dir='ltr' id='par_1_31' title="bbox 1930 1461 3455 1530">
     <span class='ocr_line' id='line_1_31' title="bbox 1930 1461 3455 1530; baseline 0 -14"><span class='ocrx_word' id='word_1_264' title='bbox 1930 1464 2090 1528; x_wconf 84' lang='lat' dir='ltr'><strong>lisper</strong></span> <span class='ocrx_word' id='word_1_265' title='bbox 2133 1461 2400 1516; x_wconf 77' lang='lat' dir='ltr'><strong>vobiSCum</strong></span> <span class='ocrx_word' id='word_1_266' title='bbox 2455 1477 2642 1527; x_wconf 64' lang='lat' dir='ltr'><strong>sum,»</strong></span> <span class='ocrx_word' id='word_1_267' title='bbox 2716 1461 3132 1529; x_wconf 86' lang='lat' dir='ltr'><strong>haudquaquam</strong></span> <span class='ocrx_word' id='word_1_268' title='bbox 3202 1463 3455 1530; x_wconf 68' lang='lat' dir='ltr'><strong>prmsenti</strong></span> 
     </span>
    </p>
   </div>
   <div class='ocr_carea' id='block_1_32' title="bbox 1930 1551 3456 1620">
    <p class='ocr_par' dir='ltr' id='par_1_32' title="bbox 1930 1551 3456 1620">
     <span class='ocr_line' id='line_1_32' title="bbox 1930 1551 3456 1620; baseline -0.001 -13"><span class='ocrx_word' id='word_1_269' title='bbox 1930 1551 2258 1607; x_wconf 88' lang='lat' dir='ltr'><strong>sensibiliter</strong></span> <span class='ocrx_word' id='word_1_270' title='bbox 2309 1551 2498 1616; x_wconf 59' lang='lat' dir='ltr'><strong>ludat,</strong></span> <span class='ocrx_word' id='word_1_271' title='bbox 2570 1553 2622 1606; x_wconf 93' lang='lat' dir='ltr'><strong>in</strong></span> <span class='ocrx_word' id='word_1_272' title='bbox 2685 1553 2835 1620; x_wconf 80' lang='lat' dir='ltr'><strong>cujus</strong></span> <span class='ocrx_word' id='word_1_273' title='bbox 2881 1569 2975 1606; x_wconf 91' lang='lat' dir='ltr'><strong>cor</strong></span> <span class='ocrx_word' id='word_1_274' title='bbox 3021 1552 3128 1618; x_wconf 87' lang='lat' dir='ltr'><strong>jam</strong></span> <span class='ocrx_word' id='word_1_275' title='bbox 3161 1553 3456 1606; x_wconf 82' lang='lat' dir='ltr'><strong>immiserat</strong></span> 
     </span>
    </p>
   </div>
   <div class='ocr_carea' id='block_1_33' title="bbox 1930 1641 3452 1710">
    <p class='ocr_par' dir='ltr' id='par_1_33' title="bbox 1930 1641 3452 1710">
     <span class='ocr_line' id='line_1_33' title="bbox 1930 1641 3452 1710; baseline 0.001 -14"><span class='ocrx_word' id='word_1_276' title='bbox 1930 1641 2189 1705; x_wconf 86' lang='lat' dir='ltr'><strong>diabolus,</strong></span> <span class='ocrx_word' id='word_1_277' title='bbox 2229 1649 2290 1695; x_wconf 87' lang='lat' dir='ltr'><strong>ut</strong></span> <span class='ocrx_word' id='word_1_278' title='bbox 2319 1644 2570 1710; x_wconf 87' lang='lat' dir='ltr'><strong>proderet</strong></span> <span class='ocrx_word' id='word_1_279' title='bbox 2618 1642 2958 1697; x_wconf 79' lang='lat' dir='ltr'><strong>Servatorem</strong></span> <span class='ocrx_word' id='word_1_280' title='bbox 2983 1682 2999 1704; x_wconf 91' lang='lat'><strong>,</strong></span> <span class='ocrx_word' id='word_1_281' title='bbox 3047 1643 3182 1695; x_wconf 80' lang='lat' dir='ltr'><strong>dixit</strong></span> <span class='ocrx_word' id='word_1_282' title='bbox 3212 1659 3227 1696; x_wconf 88' lang='lat'><strong>:</strong></span> <span class='ocrx_word' id='word_1_283' title='bbox 3254 1641 3452 1697; x_wconf 87' lang='lat' dir='ltr'><strong>Tecum</strong></span> 
     </span>
    </p>
   </div>
   <div class='ocr_carea' id='block_1_34' title="bbox 281 1720 1822 1805">
    <p class='ocr_par' dir='ltr' id='par_1_34' title="bbox 281 1733 1822 1805">
     <span class='ocr_line' id='line_1_34' title="bbox 281 1733 1822 1805; baseline 0.001 -21"><span class='ocrx_word' id='word_1_284' title='bbox 281 1733 414 1785; x_wconf 89' lang='grc' dir='ltr'>στοῦ</span> <span class='ocrx_word' id='word_1_285' title='bbox 445 1735 583 1803; x_wconf 77' lang='grc' dir='ltr'>πρὸς</span> <span class='ocrx_word' id='word_1_286' title='bbox 623 1734 852 1804; x_wconf 86' lang='grc' dir='ltr'>Βελίαρ;</span> <span class='ocrx_word' id='word_1_287' title='bbox 893 1755 912 1786; x_wconf 70' lang='grc' dir='ltr'><strong>ι</strong></span> <span class='ocrx_word' id='word_1_288' title='bbox 943 1735 1002 1786; x_wconf 81' lang='grc' dir='ltr'><strong>Εἰ</strong></span> <span class='ocrx_word' id='word_1_289' title='bbox 1030 1736 1118 1786; x_wconf 73' lang='grc' dir='ltr'>καὶ</span> <span class='ocrx_word' id='word_1_290' title='bbox 1155 1735 1340 1805; x_wconf 83' lang='grc' dir='ltr'>μικρὸν</span> <span class='ocrx_word' id='word_1_291' title='bbox 1366 1735 1419 1787; x_wconf 84' lang='grc' dir='ltr'><strong>δὲ</strong></span> <span class='ocrx_word' id='word_1_292' title='bbox 1445 1734 1521 1786; x_wconf 83' lang='grc' dir='ltr'><strong>ἐτι</strong></span> <span class='ocrx_word' id='word_1_293' title='bbox 1550 1734 1683 1803; x_wconf 77' lang='grc' dir='ltr'>μετὰ</span> <span class='ocrx_word' id='word_1_294' title='bbox 1718 1733 1822 1786; x_wconf 85' lang='grc' dir='ltr'><strong>τῶν</strong></span> 
     </span>
    </p>
   </div>
   <div class='ocr_carea' id='block_1_35' title="bbox 1924 1720 3455 1805">
    <p class='ocr_par' dir='ltr' id='par_1_35' title="bbox 1929 1731 3455 1800">
     <span class='ocr_line' id='line_1_35' title="bbox 1929 1731 3455 1800; baseline -0.001 -16"><span class='ocrx_word' id='word_1_295' title='bbox 1929 1747 2066 1795; x_wconf 90' lang='lat' dir='ltr'><strong>sum;</strong></span> <span class='ocrx_word' id='word_1_296' title='bbox 2097 1744 2202 1785; x_wconf 92' lang='lat' dir='ltr'><strong>non</strong></span> <span class='ocrx_word' id='word_1_297' title='bbox 2233 1731 2459 1800; x_wconf 86' lang='lat' dir='ltr'><strong>amplius</strong></span> <span class='ocrx_word' id='word_1_298' title='bbox 2492 1733 2632 1784; x_wconf 90' lang='lat' dir='ltr'><strong>enim</strong></span> <span class='ocrx_word' id='word_1_299' title='bbox 2658 1741 2767 1785; x_wconf 87' lang='lat' dir='ltr'><strong>erat</strong></span> <span class='ocrx_word' id='word_1_300' title='bbox 2802 1747 2922 1784; x_wconf 87' lang='lat' dir='ltr'><strong>cum</strong></span> <span class='ocrx_word' id='word_1_301' title='bbox 2949 1731 3062 1798; x_wconf 89' lang='lat' dir='ltr'><strong>ipso</strong></span> <span class='ocrx_word' id='word_1_302' title='bbox 3087 1770 3102 1793; x_wconf 94' lang='lat'><strong>,</strong></span> <span class='ocrx_word' id='word_1_303' title='bbox 3139 1747 3256 1784; x_wconf 83' lang='lat' dir='ltr'><strong>cum</strong></span> <span class='ocrx_word' id='word_1_304' title='bbox 3294 1731 3455 1783; x_wconf 89' lang='lat' dir='ltr'><strong>intin-</strong></span> 
     </span>
    </p>
   </div>
   <div class='ocr_carea' id='block_1_36' title="bbox 276 1822 1820 1894">
    <p class='ocr_par' dir='ltr' id='par_1_36' title="bbox 276 1822 1820 1894">
     <span class='ocr_line' id='line_1_36' title="bbox 276 1822 1820 1894; baseline 0.001 -18"><span class='ocrx_word' id='word_1_305' title='bbox 276 1824 516 1876; x_wconf 79' lang='grc' dir='ltr'>τεκνίων</span> <span class='ocrx_word' id='word_1_306' title='bbox 563 1823 780 1892; x_wconf 78' lang='grc' dir='ltr'>ἔμελλεν</span> <span class='ocrx_word' id='word_1_307' title='bbox 814 1822 946 1876; x_wconf 75' lang='grc' dir='ltr'>εἶναι</span> <span class='ocrx_word' id='word_1_308' title='bbox 977 1825 1004 1876; x_wconf 97' lang='lat'><strong>6</strong></span> <span class='ocrx_word' id='word_1_309' title='bbox 1035 1825 1209 1894; x_wconf 77' lang='grc' dir='ltr'>πατὴρ</span> <span class='ocrx_word' id='word_1_310' title='bbox 1245 1824 1417 1878; x_wconf 77' lang='grc' dir='ltr'>αὐτῶν</span> <span class='ocrx_word' id='word_1_311' title='bbox 1459 1823 1677 1893; x_wconf 85' lang='grc' dir='ltr'>Ἰησοῦς,</span> <span class='ocrx_word' id='word_1_312' title='bbox 1719 1825 1820 1894; x_wconf 83' lang='grc' dir='ltr'><strong>χρὴ</strong></span> 
     </span>
    </p>
   </div>
   <div class='ocr_carea' id='block_1_37' title="bbox 276 1911 1821 1985">
    <p class='ocr_par' dir='ltr' id='par_1_37' title="bbox 276 1911 1821 1985">
     <span class='ocr_line' id='line_1_37' title="bbox 276 1911 1821 1985; baseline 0.001 -20"><span class='ocrx_word' id='word_1_313' title='bbox 276 1913 483 1965; x_wconf 74' lang='grc' dir='ltr'>εἰδέναι</span> <span class='ocrx_word' id='word_1_314' title='bbox 524 1914 586 1965; x_wconf 81' lang='grc' dir='ltr'><strong>τὸ</strong></span> <span class='ocrx_word' id='word_1_315' title='bbox 637 1913 776 1983; x_wconf 76' lang='grc' dir='ltr'>μέγα</span> <span class='ocrx_word' id='word_1_316' title='bbox 816 1931 837 1964; x_wconf 74' lang='grc' dir='ltr'><strong>ι</strong></span> <span class='ocrx_word' id='word_1_317' title='bbox 879 1914 935 1966; x_wconf 84' lang='grc' dir='ltr'>τὺ</span> <span class='ocrx_word' id='word_1_318' title='bbox 965 1915 1149 1985; x_wconf 85' lang='grc' dir='ltr'>μικρὸν</span> <span class='ocrx_word' id='word_1_319' title='bbox 1183 1933 1201 1964; x_wconf 76' lang='grc' dir='ltr'><strong>ι</strong></span> <span class='ocrx_word' id='word_1_320' title='bbox 1232 1917 1420 1977; x_wconf 88' lang='grc' dir='ltr'>ἐκεῖνο,</span> <span class='ocrx_word' id='word_1_321' title='bbox 1453 1916 1500 1966; x_wconf 86' lang='grc' dir='ltr'>εξ</span> <span class='ocrx_word' id='word_1_322' title='bbox 1528 1915 1617 1966; x_wconf 79' lang='grc' dir='ltr'><strong>καὶ</strong></span> <span class='ocrx_word' id='word_1_323' title='bbox 1656 1915 1727 1984; x_wconf 84' lang='grc' dir='ltr'>μὴ</span> <span class='ocrx_word' id='word_1_324' title='bbox 1755 1911 1821 1983; x_wconf 83' lang='grc' dir='ltr'>ἦν</span> 
     </span>
    </p>
   </div>
   <div class='ocr_carea' id='block_1_38' title="bbox 279 1997 1820 2072">
    <p class='ocr_par' dir='ltr' id='par_1_38' title="bbox 279 1997 1820 2072">
     <span class='ocr_line' id='line_1_38' title="bbox 279 1997 1820 2072; baseline 0.001 -21"><span class='ocrx_word' id='word_1_325' title='bbox 279 2004 403 2070; x_wconf 78' lang='grc' dir='ltr'>μετ’</span> <span class='ocrx_word' id='word_1_326' title='bbox 437 2002 637 2063; x_wconf 86' lang='grc' dir='ltr'>αὑτῶν,</span> <span class='ocrx_word' id='word_1_327' title='bbox 670 2003 818 2054; x_wconf 79' lang='grc' dir='ltr'>οὐδὲν</span> <span class='ocrx_word' id='word_1_328' title='bbox 843 1997 996 2071; x_wconf 86' lang='grc' dir='ltr'>ἦττον</span> <span class='ocrx_word' id='word_1_329' title='bbox 1028 2003 1219 2054; x_wconf 85' lang='grc' dir='ltr'>ἐκεῖνοι</span> <span class='ocrx_word' id='word_1_330' title='bbox 1245 2002 1421 2072; x_wconf 79' lang='grc' dir='ltr'>ζητεῖν</span> <span class='ocrx_word' id='word_1_331' title='bbox 1474 2002 1688 2070; x_wconf 76' lang='grc' dir='ltr'>ἔμελλον</span> <span class='ocrx_word' id='word_1_332' title='bbox 1733 2002 1820 2054; x_wconf 80' lang='grc' dir='ltr'><strong>τὸν</strong></span> 
     </span>
    </p>
   </div>
   <div class='ocr_carea' id='block_1_39' title="bbox 287 2089 1821 2160">
    <p class='ocr_par' dir='ltr' id='par_1_39' title="bbox 287 2089 1821 2160">
     <span class='ocr_line' id='line_1_39' title="bbox 287 2089 1821 2160; baseline 0.001 -20"><span class='ocrx_word' id='word_1_333' title='bbox 287 2089 524 2158; x_wconf 75' lang='grc' dir='ltr'>ἰησοῦνο</span> <span class='ocrx_word' id='word_1_334' title='bbox 581 2090 658 2151; x_wconf 82' lang='grc' dir='ltr'>ὡς</span> <span class='ocrx_word' id='word_1_335' title='bbox 686 2092 714 2142; x_wconf 86' lang='grc' dir='ltr'><strong>ὁ</strong></span> <span class='ocrx_word' id='word_1_336' title='bbox 752 2089 951 2159; x_wconf 80' lang='grc' dir='ltr'>Πέτρος</span> <span class='ocrx_word' id='word_1_337' title='bbox 994 2090 1125 2158; x_wconf 77' lang='grc' dir='ltr'>μετὰ</span> <span class='ocrx_word' id='word_1_338' title='bbox 1149 2090 1209 2141; x_wconf 79' lang='grc' dir='ltr'>τὸ</span> <span class='ocrx_word' id='word_1_339' title='bbox 1244 2090 1570 2159; x_wconf 81' lang='grc' dir='ltr'>ἀρνήσασθαι</span> <span class='ocrx_word' id='word_1_340' title='bbox 1615 2091 1821 2160; x_wconf 85' lang='grc' dir='ltr'>πικρῶς</span> 
     </span>
    </p>
   </div>
   <div class='ocr_carea' id='block_1_40' title="bbox 272 2174 1816 2248">
    <p class='ocr_par' dir='ltr' id='par_1_40' title="bbox 272 2174 1816 2248">
     <span class='ocr_line' id='line_1_40' title="bbox 272 2174 1816 2248; baseline -0.001 -17"><span class='ocrx_word' id='word_1_341' title='bbox 272 2179 520 2240; x_wconf 77' lang='grc' dir='ltr'>ἔκλαιεν,</span> <span class='ocrx_word' id='word_1_342' title='bbox 547 2177 720 2248; x_wconf 74' lang='grc' dir='ltr'>οἶμαι,</span> <span class='ocrx_word' id='word_1_343' title='bbox 759 2178 930 2247; x_wconf 80' lang='grc' dir='ltr'>ζητῶν</span> <span class='ocrx_word' id='word_1_344' title='bbox 969 2179 1056 2230; x_wconf 79' lang='grc' dir='ltr'><strong>τὸν</strong></span> <span class='ocrx_word' id='word_1_345' title='bbox 1099 2177 1320 2247; x_wconf 82' lang='grc' dir='ltr'>Ἰησοῦν.</span> <span class='ocrx_word' id='word_1_346' title='bbox 1350 2177 1459 2229; x_wconf 84' lang='grc' dir='ltr'>Νῦν</span> <span class='ocrx_word' id='word_1_347' title='bbox 1504 2178 1600 2246; x_wconf 89' lang='grc' dir='ltr'><strong>μέν</strong></span> <span class='ocrx_word' id='word_1_348' title='bbox 1624 2174 1714 2229; x_wconf 84' lang='grc' dir='ltr'><strong>οὖν</strong></span> <span class='ocrx_word' id='word_1_349' title='bbox 1740 2178 1816 2229; x_wconf 78' lang='grc' dir='ltr'>τό’</span> 
     </span>
    </p>
   </div>
   <div class='ocr_carea' id='block_1_41' title="bbox 279 2266 1819 2338">
    <p class='ocr_par' dir='ltr' id='par_1_41' title="bbox 279 2266 1819 2338">
     <span class='ocr_line' id='line_1_41' title="bbox 279 2266 1819 2338; baseline 0 -20"><span class='ocrx_word' id='word_1_350' title='bbox 279 2287 299 2318; x_wconf 75' lang='grc' dir='ltr'><strong>ι</strong></span> <span class='ocrx_word' id='word_1_351' title='bbox 341 2266 466 2320; x_wconf 83' lang='grc' dir='ltr'><strong>Ἐτι</strong></span> <span class='ocrx_word' id='word_1_352' title='bbox 506 2268 698 2338; x_wconf 73' lang='grc' dir='ltr'>μικρὸν</span> <span class='ocrx_word' id='word_1_353' title='bbox 738 2267 851 2336; x_wconf 88' lang='grc' dir='ltr'>μεθ’</span> <span class='ocrx_word' id='word_1_354' title='bbox 887 2267 1036 2336; x_wconf 86' lang='grc' dir='ltr'>ὑμῶν</span> <span class='ocrx_word' id='word_1_355' title='bbox 1067 2270 1200 2337; x_wconf 73' lang='grc' dir='ltr'>ειμι,</span> <span class='ocrx_word' id='word_1_356' title='bbox 1237 2287 1254 2319; x_wconf 74' lang='grc' dir='ltr'><strong>ι</strong></span> <span class='ocrx_word' id='word_1_357' title='bbox 1297 2267 1555 2320; x_wconf 66' lang='grc' dir='ltr'>λέλεκταν</span> <span class='ocrx_word' id='word_1_358' title='bbox 1579 2267 1738 2336; x_wconf 82' lang='grc' dir='ltr'>ὀλίγῳ</span> <span class='ocrx_word' id='word_1_359' title='bbox 1764 2267 1819 2318; x_wconf 83' lang='grc' dir='ltr'>δὲ</span> 
     </span>
    </p>
   </div>
   <div class='ocr_carea' id='block_1_42' title="bbox 273 2357 1816 2427">
    <p class='ocr_par' dir='ltr' id='par_1_42' title="bbox 273 2357 1816 2427">
     <span class='ocr_line' id='line_1_42' title="bbox 273 2357 1816 2427; baseline 0 -19"><span class='ocrx_word' id='word_1_360' title='bbox 273 2357 530 2427; x_wconf 72' lang='grc' dir='ltr'>ὕστερον,</span> <span class='ocrx_word' id='word_1_361' title='bbox 569 2377 588 2408; x_wconf 90' lang='lat'><strong>«</strong></span> <span class='ocrx_word' id='word_1_362' title='bbox 633 2357 860 2426; x_wconf 84' lang='grc' dir='ltr'>Μικρὸν,</span> <span class='ocrx_word' id='word_1_363' title='bbox 897 2358 1047 2426; x_wconf 77' lang='grc' dir='ltr'>φησὶ,</span> <span class='ocrx_word' id='word_1_364' title='bbox 1077 2358 1168 2409; x_wconf 77' lang='grc' dir='ltr'>καὶ</span> <span class='ocrx_word' id='word_1_365' title='bbox 1197 2359 1293 2409; x_wconf 85' lang='grc' dir='ltr'><strong>οὑκ</strong></span> <span class='ocrx_word' id='word_1_366' title='bbox 1326 2358 1403 2409; x_wconf 77' lang='grc' dir='ltr'>ἔτι</span> <span class='ocrx_word' id='word_1_367' title='bbox 1445 2357 1689 2426; x_wconf 86' lang='grc' dir='ltr'>θεωρεῖτέ</span> <span class='ocrx_word' id='word_1_368' title='bbox 1731 2373 1816 2426; x_wconf 77' lang='grc' dir='ltr'>με’</span> 
     </span>
    </p>
   </div>
   <div class='ocr_carea' id='block_1_43' title="bbox 271 2447 1820 2516">
    <p class='ocr_par' dir='ltr' id='par_1_43' title="bbox 271 2447 1820 2516">
     <span class='ocr_line' id='line_1_43' title="bbox 271 2447 1820 2516; baseline 0.001 -17"><span class='ocrx_word' id='word_1_369' title='bbox 271 2448 373 2499; x_wconf 72' lang='grc' dir='ltr'><strong>καὶ</strong></span> <span class='ocrx_word' id='word_1_370' title='bbox 405 2447 567 2499; x_wconf 81' lang='grc' dir='ltr'>πάλιν</span> <span class='ocrx_word' id='word_1_371' title='bbox 597 2447 787 2516; x_wconf 83' lang='grc' dir='ltr'>μικρὸν</span> <span class='ocrx_word' id='word_1_372' title='bbox 809 2447 998 2514; x_wconf 74' lang='grc' dir='ltr'>ὄψεσθέ</span> <span class='ocrx_word' id='word_1_373' title='bbox 1035 2463 1121 2516; x_wconf 84' lang='grc' dir='ltr'>με·</span> <span class='ocrx_word' id='word_1_374' title='bbox 1157 2467 1174 2497; x_wconf 83' lang='grc'><strong>›</strong></span> <span class='ocrx_word' id='word_1_375' title='bbox 1201 2449 1286 2500; x_wconf 83' lang='grc' dir='ltr'>ὅτε</span> <span class='ocrx_word' id='word_1_376' title='bbox 1306 2447 1563 2515; x_wconf 84' lang='grc' dir='ltr'>λεγόντων</span> <span class='ocrx_word' id='word_1_377' title='bbox 1589 2448 1694 2498; x_wconf 84' lang='grc' dir='ltr'>τῶν</span> <span class='ocrx_word' id='word_1_378' title='bbox 1720 2463 1820 2516; x_wconf 76' lang='grc' dir='ltr'>μα-</span> 
     </span>
    </p>
   </div>
   <div class='ocr_carea' id='block_1_44' title="bbox 269 2536 1819 2607">
    <p class='ocr_par' dir='ltr' id='par_1_44' title="bbox 269 2536 1819 2607">
     <span class='ocr_line' id='line_1_44' title="bbox 269 2536 1819 2607; baseline 0.001 -20"><span class='ocrx_word' id='word_1_379' title='bbox 269 2536 474 2605; x_wconf 76' lang='grc' dir='ltr'>θητῶνο</span> <span class='ocrx_word' id='word_1_380' title='bbox 502 2555 520 2586; x_wconf 94' lang='lat'><strong>«</strong></span> <span class='ocrx_word' id='word_1_381' title='bbox 553 2537 618 2587; x_wconf 87' lang='grc' dir='ltr'>Τί</span> <span class='ocrx_word' id='word_1_382' title='bbox 655 2539 768 2588; x_wconf 85' lang='grc' dir='ltr'>ἐστι</span> <span class='ocrx_word' id='word_1_383' title='bbox 798 2537 951 2588; x_wconf 88' lang='grc' dir='ltr'>τοῦτο</span> <span class='ocrx_word' id='word_1_384' title='bbox 979 2537 1008 2588; x_wconf 82' lang='grc' dir='ltr'><strong>ὃ</strong></span> <span class='ocrx_word' id='word_1_385' title='bbox 1037 2537 1199 2604; x_wconf 86' lang='grc' dir='ltr'>λέγει,</span> <span class='ocrx_word' id='word_1_386' title='bbox 1237 2537 1454 2607; x_wconf 86' lang='grc' dir='ltr'>μικρόν;</span> <span class='ocrx_word' id='word_1_387' title='bbox 1479 2539 1576 2589; x_wconf 88' lang='grc' dir='ltr'><strong>οὑκ</strong></span> <span class='ocrx_word' id='word_1_388' title='bbox 1607 2537 1819 2606; x_wconf 74' lang='grc' dir='ltr'>οἴδαμεν</span> 
     </span>
    </p>
   </div>
   <div class='ocr_carea' id='block_1_45' title="bbox 265 2625 1816 2696">
    <p class='ocr_par' dir='ltr' id='par_1_45' title="bbox 265 2625 1816 2696">
     <span class='ocr_line' id='line_1_45' title="bbox 265 2625 1816 2696; baseline -0.001 -18"><span class='ocrx_word' id='word_1_389' title='bbox 265 2625 330 2678; x_wconf 76' lang='grc' dir='ltr'>τί</span> <span class='ocrx_word' id='word_1_390' title='bbox 362 2625 531 2678; x_wconf 71' lang='grc' dir='ltr'>λαλεῖ*</span> <span class='ocrx_word' id='word_1_391' title='bbox 565 2626 724 2691; x_wconf 80' lang='grc' dir='ltr'>γνοὺς</span> <span class='ocrx_word' id='word_1_392' title='bbox 757 2627 785 2676; x_wconf 89' lang='lat'><strong>6</strong></span> <span class='ocrx_word' id='word_1_393' title='bbox 831 2625 1028 2695; x_wconf 86' lang='grc' dir='ltr'>Ἰησοῦς</span> <span class='ocrx_word' id='word_1_394' title='bbox 1064 2627 1154 2678; x_wconf 78' lang='grc' dir='ltr'>καὶ</span> <span class='ocrx_word' id='word_1_395' title='bbox 1178 2626 1256 2678; x_wconf 82' lang='grc' dir='ltr'><strong>δτι</strong></span> <span class='ocrx_word' id='word_1_396' title='bbox 1285 2625 1467 2696; x_wconf 74' lang='grc' dir='ltr'>ἦθελον</span> <span class='ocrx_word' id='word_1_397' title='bbox 1497 2627 1652 2678; x_wconf 85' lang='grc' dir='ltr'>αὑτὸν</span> <span class='ocrx_word' id='word_1_398' title='bbox 1681 2627 1816 2696; x_wconf 88' lang='grc' dir='ltr'>ἐρω-</span> 
     </span>
    </p>
   </div>
   <div class='ocr_carea' id='block_1_46' title="bbox 265 2710 1813 2785">
    <p class='ocr_par' dir='ltr' id='par_1_46' title="bbox 265 2710 1813 2785">
     <span class='ocr_line' id='line_1_46' title="bbox 265 2710 1813 2785; baseline 0.001 -19"><span class='ocrx_word' id='word_1_399' title='bbox 265 2716 395 2784; x_wconf 86' lang='grc' dir='ltr'>τᾷν,</span> <span class='ocrx_word' id='word_1_400' title='bbox 429 2710 580 2766; x_wconf 70' lang='grc' dir='ltr'>εἶπεν</span> <span class='ocrx_word' id='word_1_401' title='bbox 601 2715 800 2776; x_wconf 78' lang='grc' dir='ltr'>αὐτοῖς·</span> <span class='ocrx_word' id='word_1_402' title='bbox 835 2716 967 2784; x_wconf 79' lang='grc' dir='ltr'>Περὶ</span> <span class='ocrx_word' id='word_1_403' title='bbox 996 2715 1174 2768; x_wconf 89' lang='grc' dir='ltr'>τούτου</span> <span class='ocrx_word' id='word_1_404' title='bbox 1195 2715 1397 2785; x_wconf 82' lang='grc' dir='ltr'>ζητεῖτε</span> <span class='ocrx_word' id='word_1_405' title='bbox 1425 2720 1538 2784; x_wconf 88' lang='grc' dir='ltr'>μετ’</span> <span class='ocrx_word' id='word_1_406' title='bbox 1558 2715 1813 2784; x_wconf 83' lang='grc' dir='ltr'>ἀλλήλων,</span> 
     </span>
    </p>
   </div>
   <div class='ocr_carea' id='block_1_47' title="bbox 264 2799 1816 2875">
    <p class='ocr_par' dir='ltr' id='par_1_47' title="bbox 264 2799 1816 2875">
     <span class='ocr_line' id='line_1_47' title="bbox 264 2799 1816 2875; baseline 0.002 -20"><span class='ocrx_word' id='word_1_407' title='bbox 264 2805 357 2856; x_wconf 84' lang='grc' dir='ltr'>ὃτι</span> <span class='ocrx_word' id='word_1_408' title='bbox 385 2799 556 2867; x_wconf 72' lang='grc' dir='ltr'>εἷπον,</span> <span class='ocrx_word' id='word_1_409' title='bbox 589 2803 802 2873; x_wconf 83' lang='grc' dir='ltr'>μικρὸν,</span> <span class='ocrx_word' id='word_1_410' title='bbox 832 2806 924 2855; x_wconf 75' lang='grc' dir='ltr'><strong>καὶ</strong></span> <span class='ocrx_word' id='word_1_411' title='bbox 950 2805 1010 2856; x_wconf 88' lang='grc' dir='ltr'><strong>οὑ</strong></span> <span class='ocrx_word' id='word_1_412' title='bbox 1040 2805 1283 2875; x_wconf 84' lang='grc' dir='ltr'>θεωρεῖτέ</span> <span class='ocrx_word' id='word_1_413' title='bbox 1323 2822 1406 2874; x_wconf 88' lang='grc' dir='ltr'>με·</span> <span class='ocrx_word' id='word_1_414' title='bbox 1435 2805 1524 2857; x_wconf 74' lang='grc' dir='ltr'>καὶ</span> <span class='ocrx_word' id='word_1_415' title='bbox 1546 2805 1702 2857; x_wconf 83' lang='grc' dir='ltr'>πάλιν</span> <span class='ocrx_word' id='word_1_416' title='bbox 1732 2823 1816 2875; x_wconf 87' lang='grc' dir='ltr'>μι-</span> 
     </span>
    </p>
   </div>
   <div class='ocr_carea' id='block_1_48' title="bbox 265 2893 1815 2966">
    <p class='ocr_par' dir='ltr' id='par_1_48' title="bbox 265 2893 1815 2966">
     <span class='ocr_line' id='line_1_48' title="bbox 265 2893 1815 2966; baseline 0.004 -21"><span class='ocrx_word' id='word_1_417' title='bbox 265 2894 424 2964; x_wconf 75' lang='grc' dir='ltr'>κρὸν,</span> <span class='ocrx_word' id='word_1_418' title='bbox 472 2895 567 2946; x_wconf 77' lang='grc' dir='ltr'><strong>καὶ</strong></span> <span class='ocrx_word' id='word_1_419' title='bbox 609 2893 802 2962; x_wconf 76' lang='grc' dir='ltr'>ὄψεσθέ</span> <span class='ocrx_word' id='word_1_420' title='bbox 852 2911 938 2962; x_wconf 85' lang='grc' dir='ltr'>με·</span> <span class='ocrx_word' id='word_1_421' title='bbox 975 2895 1160 2964; x_wconf 81' lang='grc' dir='ltr'>Ἀμὴν,</span> <span class='ocrx_word' id='word_1_422' title='bbox 1191 2895 1331 2965; x_wconf 81' lang='grc' dir='ltr'>ἀμὴν</span> <span class='ocrx_word' id='word_1_423' title='bbox 1368 2896 1505 2964; x_wconf 88' lang='grc' dir='ltr'>λέγω</span> <span class='ocrx_word' id='word_1_424' title='bbox 1541 2900 1685 2966; x_wconf 82' lang='grc' dir='ltr'>ὑμῖν,</span> <span class='ocrx_word' id='word_1_425' title='bbox 1736 2899 1815 2950; x_wconf 88' lang='grc' dir='ltr'>ὃτι</span> 
     </span>
    </p>
   </div>
   <div class='ocr_carea' id='block_1_49' title="bbox 263 2981 1816 3055">
    <p class='ocr_par' dir='ltr' id='par_1_49' title="bbox 263 2981 1816 3055">
     <span class='ocr_line' id='line_1_49' title="bbox 263 2981 1816 3055; baseline 0.002 -20"><span class='ocrx_word' id='word_1_426' title='bbox 263 2981 557 3043; x_wconf 82' lang='grc' dir='ltr'>κλαύσετε,</span> <span class='ocrx_word' id='word_1_427' title='bbox 593 2982 688 3033; x_wconf 77' lang='grc' dir='ltr'><strong>καὶ</strong></span> <span class='ocrx_word' id='word_1_428' title='bbox 717 2981 1004 3049; x_wconf 79' lang='grc' dir='ltr'>θρηνήσετε</span> <span class='ocrx_word' id='word_1_429' title='bbox 1029 2983 1200 3050; x_wconf 80' lang='grc' dir='ltr'>ὑμεῖς·</span> <span class='ocrx_word' id='word_1_430' title='bbox 1233 2986 1260 3035; x_wconf 87' lang='grc' dir='ltr'>ὁ</span> <span class='ocrx_word' id='word_1_431' title='bbox 1284 2983 1481 3053; x_wconf 88' lang='grc' dir='ltr'>κόσμος</span> <span class='ocrx_word' id='word_1_432' title='bbox 1507 2986 1560 3036; x_wconf 89' lang='grc' dir='ltr'><strong>δέ</strong></span> <span class='ocrx_word' id='word_1_433' title='bbox 1588 2988 1816 3055; x_wconf 84' lang='grc' dir='ltr'>χαρήσε-</span> 
     </span>
    </p>
   </div>
   <div class='ocr_carea' id='block_1_50' title="bbox 1924 1820 3451 1890">
    <p class='ocr_par' dir='ltr' id='par_1_50' title="bbox 1924 1820 3451 1890">
     <span class='ocr_line' id='line_1_50' title="bbox 1924 1820 3451 1890; baseline -0.001 -16"><span class='ocrx_word' id='word_1_434' title='bbox 1924 1831 2062 1874; x_wconf 90' lang='lat' dir='ltr'><strong>ctam</strong></span> <span class='ocrx_word' id='word_1_435' title='bbox 2121 1820 2336 1874; x_wconf 70' lang='lat' dir='ltr'><strong>oﬂulam</strong></span> <span class='ocrx_word' id='word_1_436' title='bbox 2383 1821 2481 1888; x_wconf 91' lang='lat' dir='ltr'><strong>ipsi</strong></span> <span class='ocrx_word' id='word_1_437' title='bbox 2521 1823 2836 1890; x_wconf 78' lang='lat' dir='ltr'><strong>porrigeret.</strong></span> <span class='ocrx_word' id='word_1_438' title='bbox 2903 1821 3122 1886; x_wconf 79' lang='lat' dir='ltr'><strong>Quando</strong></span> <span class='ocrx_word' id='word_1_439' title='bbox 3162 1835 3287 1873; x_wconf 88' lang='lat' dir='ltr'><strong>vero</strong></span> <span class='ocrx_word' id='word_1_440' title='bbox 3336 1829 3451 1888; x_wconf 77' lang='lat' dir='ltr'><strong>pest</strong></span> 
     </span>
    </p>
   </div>
   <div class='ocr_carea' id='block_1_51' title="bbox 1925 1907 3453 1979">
    <p class='ocr_par' dir='ltr' id='par_1_51' title="bbox 1925 1907 3453 1979">
     <span class='ocr_line' id='line_1_51' title="bbox 1925 1907 3453 1979; baseline -0.001 -15"><span class='ocrx_word' id='word_1_441' title='bbox 1925 1907 2139 1964; x_wconf 79' lang='lat' dir='ltr'><strong>oﬂ&#39;ulam</strong></span> <span class='ocrx_word' id='word_1_442' title='bbox 2163 1911 2434 1979; x_wconf 84' lang='lat' dir='ltr'><strong>ingressus</strong></span> <span class='ocrx_word' id='word_1_443' title='bbox 2455 1921 2535 1964; x_wconf 91' lang='lat' dir='ltr'><strong>est</strong></span> <span class='ocrx_word' id='word_1_444' title='bbox 2557 1911 2608 1964; x_wconf 93' lang='lat' dir='ltr'><strong>in</strong></span> <span class='ocrx_word' id='word_1_445' title='bbox 2625 1909 2814 1964; x_wconf 75' lang='lat' dir='ltr'><strong>ludam</strong></span> <span class='ocrx_word' id='word_1_446' title='bbox 2843 1911 3084 1972; x_wconf 88' lang='lat' dir='ltr'><strong>Satanas,</strong></span> <span class='ocrx_word' id='word_1_447' title='bbox 3102 1910 3264 1962; x_wconf 85' lang='lat' dir='ltr'><strong>multo</strong></span> <span class='ocrx_word' id='word_1_448' title='bbox 3281 1914 3453 1963; x_wconf 86' lang='lat' dir='ltr'><strong>minus</strong></span> 
     </span>
    </p>
   </div>
   <div class='ocr_carea' id='block_1_52' title="bbox 1923 1999 3451 2068">
    <p class='ocr_par' dir='ltr' id='par_1_52' title="bbox 1923 1999 3451 2068">
     <span class='ocr_line' id='line_1_52' title="bbox 1923 1999 3451 2068; baseline 0 -16"><span class='ocrx_word' id='word_1_449' title='bbox 1923 2009 2040 2053; x_wconf 87' lang='lat' dir='ltr'><strong>erat</strong></span> <span class='ocrx_word' id='word_1_450' title='bbox 2079 2015 2198 2054; x_wconf 90' lang='lat' dir='ltr'><strong>cum</strong></span> <span class='ocrx_word' id='word_1_451' title='bbox 2233 2001 2322 2054; x_wconf 93' lang='lat' dir='ltr'><strong>illo</strong></span> <span class='ocrx_word' id='word_1_452' title='bbox 2348 1999 2536 2065; x_wconf 86' lang='lat' dir='ltr'><strong>Jesus,</strong></span> <span class='ocrx_word' id='word_1_453' title='bbox 2581 2001 2874 2054; x_wconf 89' lang='lat' dir='ltr'><strong>abducente</strong></span> <span class='ocrx_word' id='word_1_454' title='bbox 2900 1999 3083 2068; x_wconf 89' lang='lat' dir='ltr'><strong>procul</strong></span> <span class='ocrx_word' id='word_1_455' title='bbox 3138 2000 3368 2067; x_wconf 86' lang='lat' dir='ltr'><strong>seipsum</strong></span> <span class='ocrx_word' id='word_1_456' title='bbox 3418 2013 3451 2052; x_wconf 81' lang='lat' dir='ltr'><strong>a</strong></span> 
     </span>
    </p>
   </div>
   <div class='ocr_carea' id='block_1_53' title="bbox 1925 2088 3448 2155">
    <p class='ocr_par' dir='ltr' id='par_1_53' title="bbox 1925 2088 3448 2155">
     <span class='ocr_line' id='line_1_53' title="bbox 1925 2088 3448 2155; baseline -0.001 -13"><span class='ocrx_word' id='word_1_457' title='bbox 1925 2088 2246 2154; x_wconf 89' lang='lat' dir='ltr'><strong>Servatore;</strong></span> <span class='ocrx_word' id='word_1_458' title='bbox 2287 2092 2452 2155; x_wconf 66' lang='lat' dir='ltr'><strong>«Quae</strong></span> <span class='ocrx_word' id='word_1_459' title='bbox 2493 2090 2634 2143; x_wconf 88' lang='lat' dir='ltr'><strong>enim</strong></span> <span class='ocrx_word' id='word_1_460' title='bbox 2687 2091 3058 2144; x_wconf 85' lang='lat' dir='ltr'><strong>convenientia</strong></span> <span class='ocrx_word' id='word_1_461' title='bbox 3097 2089 3291 2142; x_wconf 87' lang='lat' dir='ltr'><strong>Christi</strong></span> <span class='ocrx_word' id='word_1_462' title='bbox 3331 2103 3448 2141; x_wconf 86' lang='lat' dir='ltr'><strong>eum</strong></span> 
     </span>
    </p>
   </div>
   <div class='ocr_carea' id='block_1_54' title="bbox 1923 2177 3448 2245">
    <p class='ocr_par' dir='ltr' id='par_1_54' title="bbox 1923 2177 3448 2245">
     <span class='ocr_line' id='line_1_54' title="bbox 1923 2177 3448 2245; baseline 0.001 -15"><span class='ocrx_word' id='word_1_463' title='bbox 1923 2178 2098 2230; x_wconf 88' lang='lat' dir='ltr'><strong>Beliar</strong></span> <span class='ocrx_word' id='word_1_464' title='bbox 2121 2177 2142 2208; x_wconf 67' lang='grc'>⁸</span> <span class='ocrx_word' id='word_1_465' title='bbox 2167 2179 2215 2230; x_wconf 71' lang='grc' dir='ltr'>τι</span> <span class='ocrx_word' id='word_1_466' title='bbox 2251 2179 2502 2244; x_wconf 83' lang='lat' dir='ltr'><strong>Quamvis</strong></span> <span class='ocrx_word' id='word_1_467' title='bbox 2539 2189 2774 2232; x_wconf 87' lang='lat' dir='ltr'><strong>attamen</strong></span> <span class='ocrx_word' id='word_1_468' title='bbox 2819 2180 2993 2234; x_wconf 91' lang='lat' dir='ltr'><strong>adhuc</strong></span> <span class='ocrx_word' id='word_1_469' title='bbox 3021 2178 3286 2245; x_wconf 82' lang='lat' dir='ltr'><strong>paulisper</strong></span> <span class='ocrx_word' id='word_1_470' title='bbox 3326 2193 3448 2231; x_wconf 87' lang='lat' dir='ltr'><strong>cum</strong></span> 
     </span>
    </p>
   </div>
   <div class='ocr_carea' id='block_1_55' title="bbox 1923 2265 3448 2335">
    <p class='ocr_par' dir='ltr' id='par_1_55' title="bbox 1923 2265 3448 2335">
     <span class='ocr_line' id='line_1_55' title="bbox 1923 2265 3448 2335; baseline 0 -15"><span class='ocrx_word' id='word_1_471' title='bbox 1923 2267 2098 2322; x_wconf 84' lang='lat' dir='ltr'><strong>ﬁliolis</strong></span> <span class='ocrx_word' id='word_1_472' title='bbox 2126 2267 2336 2322; x_wconf 79' lang='lat' dir='ltr'><strong>futurus</strong></span> <span class='ocrx_word' id='word_1_473' title='bbox 2367 2277 2511 2322; x_wconf 86' lang='lat' dir='ltr'><strong>esset</strong></span> <span class='ocrx_word' id='word_1_474' title='bbox 2535 2265 2713 2332; x_wconf 82' lang='lat' dir='ltr'><strong>Jesus,</strong></span> <span class='ocrx_word' id='word_1_475' title='bbox 2748 2269 2984 2335; x_wconf 89' lang='lat' dir='ltr'><strong>ipsorum</strong></span> <span class='ocrx_word' id='word_1_476' title='bbox 3012 2279 3182 2334; x_wconf 90' lang='lat' dir='ltr'><strong>pater,</strong></span> <span class='ocrx_word' id='word_1_477' title='bbox 3214 2267 3448 2320; x_wconf 82' lang='lat' dir='ltr'><strong>sciamus</strong></span> 
     </span>
    </p>
   </div>
   <div class='ocr_carea' id='block_1_56' title="bbox 1922 2353 3445 2425">
    <p class='ocr_par' dir='ltr' id='par_1_56' title="bbox 1922 2353 3445 2425">
     <span class='ocr_line' id='line_1_56' title="bbox 1922 2353 3445 2425; baseline -0.004 -13"><span class='ocrx_word' id='word_1_478' title='bbox 1922 2366 2129 2424; x_wconf 86' lang='lat' dir='ltr'><strong>oportet</strong></span> <span class='ocrx_word' id='word_1_479' title='bbox 2175 2356 2304 2409; x_wconf 90' lang='lat' dir='ltr'><strong>illud</strong></span> <span class='ocrx_word' id='word_1_480' title='bbox 2363 2374 2382 2406; x_wconf 93' lang='lat'><strong>«</strong></span> <span class='ocrx_word' id='word_1_481' title='bbox 2417 2355 2700 2424; x_wconf 87' lang='lat' dir='ltr'><strong>paulisper,</strong></span> <span class='ocrx_word' id='word_1_482' title='bbox 2730 2374 2749 2405; x_wconf 75' lang='grc' dir='ltr'><strong>ι</strong></span> <span class='ocrx_word' id='word_1_483' title='bbox 2801 2371 3042 2425; x_wconf 81' lang='lat' dir='ltr'><strong>magnum</strong></span> <span class='ocrx_word' id='word_1_484' title='bbox 3103 2369 3238 2408; x_wconf 89' lang='lat' dir='ltr'><strong>esse.</strong></span> <span class='ocrx_word' id='word_1_485' title='bbox 3312 2353 3445 2407; x_wconf 83' lang='lat' dir='ltr'><strong>Nam</strong></span> 
     </span>
    </p>
   </div>
   <div class='ocr_carea' id='block_1_57' title="bbox 1920 2443 3444 2512">
    <p class='ocr_par' dir='ltr' id='par_1_57' title="bbox 1920 2443 3444 2512">
     <span class='ocr_line' id='line_1_57' title="bbox 1920 2443 3444 2512; baseline -0.003 -12"><span class='ocrx_word' id='word_1_486' title='bbox 1920 2446 2128 2500; x_wconf 89' lang='lat' dir='ltr'><strong>etiamsi</strong></span> <span class='ocrx_word' id='word_1_487' title='bbox 2158 2460 2278 2500; x_wconf 87' lang='lat' dir='ltr'><strong>cum</strong></span> <span class='ocrx_word' id='word_1_488' title='bbox 2304 2445 2410 2498; x_wconf 90' lang='lat' dir='ltr'><strong>illis</strong></span> <span class='ocrx_word' id='word_1_489' title='bbox 2434 2459 2538 2498; x_wconf 92' lang='lat' dir='ltr'><strong>non</strong></span> <span class='ocrx_word' id='word_1_490' title='bbox 2567 2453 2684 2498; x_wconf 89' lang='lat' dir='ltr'><strong>erat</strong></span> <span class='ocrx_word' id='word_1_491' title='bbox 2710 2443 2862 2498; x_wconf 86' lang='lat' dir='ltr'><strong>Jesus</strong></span> <span class='ocrx_word' id='word_1_492' title='bbox 2881 2487 2894 2510; x_wconf 91' lang='lat'><strong>,</strong></span> <span class='ocrx_word' id='word_1_493' title='bbox 2928 2445 3273 2498; x_wconf 83' lang='lat' dir='ltr'><strong>nihilominus</strong></span> <span class='ocrx_word' id='word_1_494' title='bbox 3299 2459 3444 2512; x_wconf 17' lang='lat' dir='ltr'><strong>quae.</strong></span> 
     </span>
    </p>
   </div>
   <div class='ocr_carea' id='block_1_58' title="bbox 1921 2533 3446 2601">
    <p class='ocr_par' dir='ltr' id='par_1_58' title="bbox 1921 2533 3446 2601">
     <span class='ocr_line' id='line_1_58' title="bbox 1921 2533 3446 2601; baseline -0.002 -12"><span class='ocrx_word' id='word_1_495' title='bbox 1921 2536 2074 2589; x_wconf 90' lang='lat' dir='ltr'><strong>situri</strong></span> <span class='ocrx_word' id='word_1_496' title='bbox 2125 2545 2281 2588; x_wconf 90' lang='lat' dir='ltr'><strong>erant</strong></span> <span class='ocrx_word' id='word_1_497' title='bbox 2330 2534 2550 2598; x_wconf 79' lang='lat' dir='ltr'><strong>Jesum;</strong></span> <span class='ocrx_word' id='word_1_498' title='bbox 2601 2535 3041 2601; x_wconf 85' lang='lat' dir='ltr'><strong>quemadmodum</strong></span> <span class='ocrx_word' id='word_1_499' title='bbox 3089 2533 3278 2587; x_wconf 87' lang='lat' dir='ltr'><strong>Petrus</strong></span> <span class='ocrx_word' id='word_1_500' title='bbox 3328 2543 3446 2601; x_wconf 89' lang='lat' dir='ltr'><strong>post</strong></span> 
     </span>
    </p>
   </div>
   <div class='ocr_carea' id='block_1_59' title="bbox 1922 2623 3445 2695">
    <p class='ocr_par' dir='ltr' id='par_1_59' title="bbox 1922 2623 3445 2695">
     <span class='ocr_line' id='line_1_59' title="bbox 1922 2623 3445 2695; baseline -0.001 -16"><span class='ocrx_word' id='word_1_501' title='bbox 1922 2626 2254 2695; x_wconf 74' lang='lat' dir='ltr'><strong>negationem</strong></span> <span class='ocrx_word' id='word_1_502' title='bbox 2281 2640 2464 2678; x_wconf 89' lang='lat' dir='ltr'><strong>amare</strong></span> <span class='ocrx_word' id='word_1_503' title='bbox 2491 2624 2654 2689; x_wconf 84' lang='lat' dir='ltr'><strong>ﬂevit,</strong></span> <span class='ocrx_word' id='word_1_504' title='bbox 2689 2640 2952 2693; x_wconf 71' lang='lat' dir='ltr'><strong>quazrens,</strong></span> <span class='ocrx_word' id='word_1_505' title='bbox 2997 2625 3207 2692; x_wconf 90' lang='lat' dir='ltr'><strong>opinor,</strong></span> <span class='ocrx_word' id='word_1_506' title='bbox 3242 2623 3445 2678; x_wconf 78' lang='lat' dir='ltr'><strong>Jesnm.</strong></span> 
     </span>
    </p>
   </div>
   <div class='ocr_carea' id='block_1_60' title="bbox 1922 2713 3446 2784">
    <p class='ocr_par' dir='ltr' id='par_1_60' title="bbox 1922 2713 3446 2784">
     <span class='ocr_line' id='line_1_60' title="bbox 1922 2713 3446 2784; baseline -0.001 -16"><span class='ocrx_word' id='word_1_507' title='bbox 1922 2715 2073 2769; x_wconf 79' lang='lat' dir='ltr'><strong>Nunc</strong></span> <span class='ocrx_word' id='word_1_508' title='bbox 2099 2716 2264 2784; x_wconf 84' lang='lat' dir='ltr'><strong>igitur</strong></span> <span class='ocrx_word' id='word_1_509' title='bbox 2289 2715 2416 2767; x_wconf 92' lang='lat' dir='ltr'><strong>illud</strong></span> <span class='ocrx_word' id='word_1_510' title='bbox 2447 2731 2461 2767; x_wconf 90' lang='lat'><strong>:</strong></span> <span class='ocrx_word' id='word_1_511' title='bbox 2507 2733 2526 2765; x_wconf 94' lang='lat'><strong>«</strong></span> <span class='ocrx_word' id='word_1_512' title='bbox 2555 2714 2746 2778; x_wconf 86' lang='lat' dir='ltr'><strong>Filioli,</strong></span> <span class='ocrx_word' id='word_1_513' title='bbox 2775 2713 2948 2768; x_wconf 86' lang='lat' dir='ltr'><strong>adhuc</strong></span> <span class='ocrx_word' id='word_1_514' title='bbox 2973 2714 3237 2782; x_wconf 85' lang='lat' dir='ltr'><strong>paulisper</strong></span> <span class='ocrx_word' id='word_1_515' title='bbox 3265 2714 3446 2767; x_wconf 86' lang='lat' dir='ltr'><strong>vobis-</strong></span> 
     </span>
    </p>
   </div>
   <div class='ocr_carea' id='block_1_61' title="bbox 1920 2803 3442 2870">
    <p class='ocr_par' dir='ltr' id='par_1_61' title="bbox 1920 2803 3442 2870">
     <span class='ocr_line' id='line_1_61' title="bbox 1920 2803 3442 2870; baseline 0 -13"><span class='ocrx_word' id='word_1_516' title='bbox 1920 2820 2037 2858; x_wconf 89' lang='lat' dir='ltr'><strong>cum</strong></span> <span class='ocrx_word' id='word_1_517' title='bbox 2091 2819 2206 2857; x_wconf 91' lang='lat' dir='ltr'><strong>sum</strong></span> <span class='ocrx_word' id='word_1_518' title='bbox 2236 2821 2255 2854; x_wconf 74' lang='grc' dir='ltr'><strong>ι</strong></span> <span class='ocrx_word' id='word_1_519' title='bbox 2305 2803 2500 2857; x_wconf 87' lang='lat' dir='ltr'><strong>dictum</strong></span> <span class='ocrx_word' id='word_1_520' title='bbox 2562 2814 2686 2856; x_wconf 89' lang='lat' dir='ltr'><strong>est:</strong></span> <span class='ocrx_word' id='word_1_521' title='bbox 2721 2803 2876 2868; x_wconf 89' lang='lat' dir='ltr'><strong>paulo</strong></span> <span class='ocrx_word' id='word_1_522' title='bbox 2927 2814 3106 2856; x_wconf 88' lang='lat' dir='ltr'><strong>autem</strong></span> <span class='ocrx_word' id='word_1_523' title='bbox 3151 2816 3269 2870; x_wconf 89' lang='lat' dir='ltr'><strong>post</strong></span> <span class='ocrx_word' id='word_1_524' title='bbox 3312 2805 3388 2857; x_wconf 90' lang='lat' dir='ltr'><strong>ait</strong></span> <span class='ocrx_word' id='word_1_525' title='bbox 3425 2821 3442 2857; x_wconf 89' lang='lat'><strong>:</strong></span> 
     </span>
    </p>
   </div>
   <div class='ocr_carea' id='block_1_62' title="bbox 1924 2893 3445 2960">
    <p class='ocr_par' dir='ltr' id='par_1_62' title="bbox 1924 2893 3445 2960">
     <span class='ocr_line' id='line_1_62' title="bbox 1924 2893 3445 2960; baseline 0.001 -16"><span class='ocrx_word' id='word_1_526' title='bbox 1924 2911 1944 2944; x_wconf 89' lang='lat'><strong>«</strong></span> <span class='ocrx_word' id='word_1_527' title='bbox 1975 2893 2250 2956; x_wconf 83' lang='lat' dir='ltr'><strong>Pusillum,</strong></span> <span class='ocrx_word' id='word_1_528' title='bbox 2309 2901 2362 2946; x_wconf 90' lang='lat' dir='ltr'><strong>et</strong></span> <span class='ocrx_word' id='word_1_529' title='bbox 2409 2893 2521 2960; x_wconf 84' lang='lat' dir='ltr'><strong>jam</strong></span> <span class='ocrx_word' id='word_1_530' title='bbox 2570 2908 2672 2945; x_wconf 91' lang='lat' dir='ltr'><strong>non</strong></span> <span class='ocrx_word' id='word_1_531' title='bbox 2711 2893 2958 2945; x_wconf 89' lang='lat' dir='ltr'><strong>videbitis</strong></span> <span class='ocrx_word' id='word_1_532' title='bbox 3002 2907 3115 2956; x_wconf 91' lang='lat' dir='ltr'><strong>me;</strong></span> <span class='ocrx_word' id='word_1_533' title='bbox 3151 2901 3207 2945; x_wconf 90' lang='lat' dir='ltr'><strong>et</strong></span> <span class='ocrx_word' id='word_1_534' title='bbox 3249 2894 3445 2946; x_wconf 87' lang='lat' dir='ltr'><strong>iterum</strong></span> 
     </span>
    </p>
   </div>
   <div class='ocr_carea' id='block_1_63' title="bbox 1921 2983 3444 3051">
    <p class='ocr_par' dir='ltr' id='par_1_63' title="bbox 1921 2983 3444 3051">
     <span class='ocr_line' id='line_1_63' title="bbox 1921 2983 3444 3051; baseline 0 -15"><span class='ocrx_word' id='word_1_535' title='bbox 1921 2984 2168 3051; x_wconf 89' lang='lat' dir='ltr'><strong>pusillum</strong></span> <span class='ocrx_word' id='word_1_536' title='bbox 2196 3021 2212 3046; x_wconf 90' lang='lat'><strong>,</strong></span> <span class='ocrx_word' id='word_1_537' title='bbox 2271 2990 2324 3035; x_wconf 91' lang='lat' dir='ltr'><strong>et</strong></span> <span class='ocrx_word' id='word_1_538' title='bbox 2365 2983 2613 3035; x_wconf 88' lang='lat' dir='ltr'><strong>videbitis</strong></span> <span class='ocrx_word' id='word_1_539' title='bbox 2663 2996 2790 3035; x_wconf 88' lang='lat' dir='ltr'><strong>me:</strong></span> <span class='ocrx_word' id='word_1_540' title='bbox 2829 3001 2847 3032; x_wconf 70' lang='grc' dir='ltr'><strong>ι</strong></span> <span class='ocrx_word' id='word_1_541' title='bbox 2875 2986 3086 3050; x_wconf 91' lang='lat' dir='ltr'><strong>quando</strong></span> <span class='ocrx_word' id='word_1_542' title='bbox 3141 2983 3444 3038; x_wconf 88' lang='lat' dir='ltr'><strong>dicentibus</strong></span> 
     </span>
    </p>
   </div>
   <div class='ocr_carea' id='block_1_64' title="bbox 260 3050 1822 3140">
    <p class='ocr_par' dir='ltr' id='par_1_64' title="bbox 260 3050 1816 3140">
     <span class='ocr_line' id='line_1_64' title="bbox 260 3050 1816 3140; baseline 0.004 -21"><span class='ocrx_word' id='word_1_543' title='bbox 260 3084 382 3119; x_wconf 78' lang='grc' dir='ltr'>ταιο</span> <span class='ocrx_word' id='word_1_544' title='bbox 406 3069 561 3136; x_wconf 83' lang='grc' dir='ltr'>ὑμεῖς</span> <span class='ocrx_word' id='word_1_545' title='bbox 584 3067 640 3118; x_wconf 80' lang='grc' dir='ltr'><strong>δὲ</strong></span> <span class='ocrx_word' id='word_1_546' title='bbox 670 3067 1060 3136; x_wconf 82' lang='grc' dir='ltr'>λυπηθήσεσθε,</span> <span class='ocrx_word' id='word_1_547' title='bbox 1081 3069 1191 3120; x_wconf 79' lang='grc' dir='ltr'>ἀλλ’</span> <span class='ocrx_word' id='word_1_548' title='bbox 1221 3073 1252 3140; x_wconf 84' lang='grc' dir='ltr'>ἡ</span> <span class='ocrx_word' id='word_1_549' title='bbox 1277 3050 1414 3140; x_wconf 83' lang='grc' dir='ltr'>λύπη</span> <span class='ocrx_word' id='word_1_550' title='bbox 1448 3050 1599 3140; x_wconf 82' lang='grc' dir='ltr'>ὑμῶν</span> <span class='ocrx_word' id='word_1_551' title='bbox 1610 3050 1816 3140; x_wconf 31' lang='grc' dir='ltr'>ἐίς-χα-</span> 
     </span>
    </p>
   </div>
   <div class='ocr_carea' id='block_1_65' title="bbox 1924 3050 3444 3140">
    <p class='ocr_par' dir='ltr' id='par_1_65' title="bbox 1924 3050 3444 3139">
     <span class='ocr_line' id='line_1_65' title="bbox 1924 3050 3444 3139; baseline -0.001 -15"><span class='ocrx_word' id='word_1_552' title='bbox 1924 3050 2238 3139; x_wconf 79' lang='lat' dir='ltr'><strong>discipulis:</strong></span> <span class='ocrx_word' id='word_1_553' title='bbox 2278 3069 2462 3134; x_wconf 79' lang='lat' dir='ltr'><strong>«Quid</strong></span> <span class='ocrx_word' id='word_1_554' title='bbox 2498 3080 2578 3122; x_wconf 85' lang='lat' dir='ltr'><strong>est</strong></span> <span class='ocrx_word' id='word_1_555' title='bbox 2613 3070 2745 3130; x_wconf 89' lang='lat' dir='ltr'><strong>hoc,</strong></span> <span class='ocrx_word' id='word_1_556' title='bbox 2791 3071 2929 3135; x_wconf 88' lang='lat' dir='ltr'><strong>quod</strong></span> <span class='ocrx_word' id='word_1_557' title='bbox 2974 3069 3121 3131; x_wconf 88' lang='lat' dir='ltr'><strong>dicit,</strong></span> <span class='ocrx_word' id='word_1_558' title='bbox 3149 3069 3444 3123; x_wconf 68' lang='lat' dir='ltr'><strong>Pusillum?</strong></span> 
     </span>
    </p>
   </div>
   <div class='ocr_carea' id='block_1_66' title="bbox 263 3155 1822 3228">
    <p class='ocr_par' dir='ltr' id='par_1_66' title="bbox 263 3155 1814 3228">
     <span class='ocr_line' id='line_1_66' title="bbox 263 3155 1814 3228; baseline 0.005 -20"><span class='ocrx_word' id='word_1_559' title='bbox 263 3157 372 3228; x_wconf 72' lang='grc' dir='ltr'><strong>ρὰν</strong></span> <span class='ocrx_word' id='word_1_560' title='bbox 403 3157 708 3224; x_wconf 77' lang='grc' dir='ltr'>γενήσεται·</span> <span class='ocrx_word' id='word_1_561' title='bbox 755 3174 772 3205; x_wconf 75' lang='grc' dir='ltr'><strong>ι</strong></span> <span class='ocrx_word' id='word_1_562' title='bbox 818 3156 879 3207; x_wconf 82' lang='grc' dir='ltr'><strong>τὸ</strong></span> <span class='ocrx_word' id='word_1_563' title='bbox 925 3156 1029 3226; x_wconf 83' lang='grc' dir='ltr'>γὰρ</span> <span class='ocrx_word' id='word_1_564' title='bbox 1080 3159 1266 3227; x_wconf 86' lang='grc' dir='ltr'>μικρὸν</span> <span class='ocrx_word' id='word_1_565' title='bbox 1295 3162 1483 3226; x_wconf 87' lang='grc' dir='ltr'>ἐκεῖνο,</span> <span class='ocrx_word' id='word_1_566' title='bbox 1533 3163 1589 3214; x_wconf 86' lang='grc' dir='ltr'><strong>ἐν</strong></span> <span class='ocrx_word' id='word_1_567' title='bbox 1634 3155 1679 3228; x_wconf 83' lang='grc' dir='ltr'>ᾧ</span> <span class='ocrx_word' id='word_1_568' title='bbox 1719 3165 1814 3215; x_wconf 85' lang='grc' dir='ltr'><strong>οὑκ</strong></span> 
     </span>
    </p>
   </div>
   <div class='ocr_carea' id='block_1_67' title="bbox 1924 3155 3444 3228">
    <p class='ocr_par' dir='ltr' id='par_1_67' title="bbox 1924 3158 3444 3228">
     <span class='ocr_line' id='line_1_67' title="bbox 1924 3158 3444 3228; baseline -0.001 -13"><span class='ocrx_word' id='word_1_569' title='bbox 1924 3161 2188 3215; x_wconf 89' lang='lat' dir='ltr'><strong>nescimus</strong></span> <span class='ocrx_word' id='word_1_570' title='bbox 2241 3162 2366 3228; x_wconf 83' lang='lat' dir='ltr'><strong>quid</strong></span> <span class='ocrx_word' id='word_1_571' title='bbox 2418 3160 2686 3226; x_wconf 88' lang='lat' dir='ltr'><strong>loquatur,</strong></span> <span class='ocrx_word' id='word_1_572' title='bbox 2735 3173 2854 3210; x_wconf 89' lang='lat' dir='ltr'><strong>cum</strong></span> <span class='ocrx_word' id='word_1_573' title='bbox 2894 3158 3238 3212; x_wconf 86' lang='lat' dir='ltr'><strong>intellexisset</strong></span> <span class='ocrx_word' id='word_1_574' title='bbox 3288 3159 3444 3214; x_wconf 64' lang='lat' dir='ltr'><strong>Iesus</strong></span> 
     </span>
    </p>
   </div>
   <div class='ocr_carea' id='block_1_68' title="bbox 257 3244 1822 3314">
    <p class='ocr_par' dir='ltr' id='par_1_68' title="bbox 257 3244 1814 3314">
     <span class='ocr_line' id='line_1_68' title="bbox 257 3244 1814 3314; baseline 0.003 -17"><span class='ocrx_word' id='word_1_575' title='bbox 257 3244 536 3313; x_wconf 78' lang='grc' dir='ltr'>ἐθεώρουν</span> <span class='ocrx_word' id='word_1_576' title='bbox 579 3244 759 3305; x_wconf 80' lang='grc' dir='ltr'>αὑτὸν,</span> <span class='ocrx_word' id='word_1_577' title='bbox 810 3245 1030 3313; x_wconf 75' lang='grc' dir='ltr'><strong>ἐζήτουν</strong></span> <span class='ocrx_word' id='word_1_578' title='bbox 1081 3246 1297 3314; x_wconf 71' lang='grc' dir='ltr'>Ἰησοῦψ</span> <span class='ocrx_word' id='word_1_579' title='bbox 1341 3249 1417 3300; x_wconf 86' lang='grc' dir='ltr'>διὸ</span> <span class='ocrx_word' id='word_1_580' title='bbox 1457 3249 1680 3312; x_wconf 78' lang='grc' dir='ltr'>ἔκλαιον,</span> <span class='ocrx_word' id='word_1_581' title='bbox 1724 3252 1814 3303; x_wconf 77' lang='grc' dir='ltr'><strong>καὶ</strong></span> 
     </span>
    </p>
   </div>
   <div class='ocr_carea' id='block_1_69' title="bbox 1924 3244 3444 3314">
    <p class='ocr_par' dir='ltr' id='par_1_69' title="bbox 1924 3244 3444 3313">
     <span class='ocr_line' id='line_1_69' title="bbox 1924 3244 3444 3313; baseline 0.003 -16"><span class='ocrx_word' id='word_1_582' title='bbox 1924 3245 2039 3313; x_wconf 82' lang='lat' dir='ltr'><strong>quia</strong></span> <span class='ocrx_word' id='word_1_583' title='bbox 2091 3245 2288 3298; x_wconf 86' lang='lat' dir='ltr'><strong>vellent</strong></span> <span class='ocrx_word' id='word_1_584' title='bbox 2336 3258 2456 3298; x_wconf 88' lang='lat' dir='ltr'><strong>eum</strong></span> <span class='ocrx_word' id='word_1_585' title='bbox 2504 3244 2850 3311; x_wconf 86' lang='lat' dir='ltr'><strong>interrogare,</strong></span> <span class='ocrx_word' id='word_1_586' title='bbox 2880 3245 3010 3297; x_wconf 80' lang='lat' dir='ltr'><strong>dixit</strong></span> <span class='ocrx_word' id='word_1_587' title='bbox 3053 3246 3198 3298; x_wconf 91' lang='lat' dir='ltr'><strong>illis:</strong></span> <span class='ocrx_word' id='word_1_588' title='bbox 3227 3245 3300 3298; x_wconf 91' lang='lat' dir='ltr'><strong>De</strong></span> <span class='ocrx_word' id='word_1_589' title='bbox 3342 3247 3444 3302; x_wconf 86' lang='lat' dir='ltr'><strong>hoc</strong></span> 
     </span>
    </p>
   </div>
   <div class='ocr_carea' id='block_1_70' title="bbox 260 3333 1813 3406">
    <p class='ocr_par' dir='ltr' id='par_1_70' title="bbox 260 3333 1813 3406">
     <span class='ocr_line' id='line_1_70' title="bbox 260 3333 1813 3406; baseline 0.004 -21"><span class='ocrx_word' id='word_1_590' title='bbox 260 3334 552 3404; x_wconf 75' lang='grc' dir='ltr'>ἐθρήνουν,</span> <span class='ocrx_word' id='word_1_591' title='bbox 583 3333 682 3401; x_wconf 80' lang='grc' dir='ltr'>τῆς</span> <span class='ocrx_word' id='word_1_592' title='bbox 713 3333 886 3402; x_wconf 82' lang='grc' dir='ltr'>λύπης</span> <span class='ocrx_word' id='word_1_593' title='bbox 931 3334 1102 3385; x_wconf 87' lang='grc' dir='ltr'>αὑτῶν</span> <span class='ocrx_word' id='word_1_594' title='bbox 1149 3337 1226 3396; x_wconf 73' lang='grc' dir='ltr'>εἰς</span> <span class='ocrx_word' id='word_1_595' title='bbox 1263 3337 1429 3404; x_wconf 87' lang='grc' dir='ltr'>χαρὰν</span> <span class='ocrx_word' id='word_1_596' title='bbox 1460 3339 1813 3406; x_wconf 78' lang='grc' dir='ltr'>μεταϐαλλού-</span> 
     </span>
    </p>
   </div>
   <div class='ocr_carea' id='block_1_71' title="bbox 259 3423 1814 3498">
    <p class='ocr_par' dir='ltr' id='par_1_71' title="bbox 259 3423 1814 3498">
     <span class='ocr_line' id='line_1_71' title="bbox 259 3423 1814 3498; baseline 0.002 -21"><span class='ocrx_word' id='word_1_597' title='bbox 259 3441 389 3494; x_wconf 87' lang='grc' dir='ltr'>σης,</span> <span class='ocrx_word' id='word_1_598' title='bbox 420 3427 509 3477; x_wconf 83' lang='grc' dir='ltr'>ὅτε</span> <span class='ocrx_word' id='word_1_599' title='bbox 543 3423 840 3494; x_wconf 71' lang='grc' dir='ltr'>ἐπληροῦτο</span> <span class='ocrx_word' id='word_1_600' title='bbox 864 3425 941 3475; x_wconf 70' lang='grc' dir='ltr'>τόο</span> <span class='ocrx_word' id='word_1_601' title='bbox 981 3443 998 3474; x_wconf 94' lang='lat'><strong>«</strong></span> <span class='ocrx_word' id='word_1_602' title='bbox 1037 3427 1144 3478; x_wconf 75' lang='grc' dir='ltr'><strong>Καὶ</strong></span> <span class='ocrx_word' id='word_1_603' title='bbox 1175 3427 1328 3479; x_wconf 85' lang='grc' dir='ltr'>πάλιν</span> <span class='ocrx_word' id='word_1_604' title='bbox 1359 3427 1564 3498; x_wconf 82' lang='grc' dir='ltr'>μικρὸν,</span> <span class='ocrx_word' id='word_1_605' title='bbox 1585 3430 1674 3480; x_wconf 79' lang='grc' dir='ltr'><strong>καὶ</strong></span> <span class='ocrx_word' id='word_1_606' title='bbox 1693 3428 1814 3496; x_wconf 69' lang='grc' dir='ltr'><strong>ὅψε-</strong></span> 
     </span>
    </p>
   </div>
   <div class='ocr_carea' id='block_1_72' title="bbox 258 3507 1813 3585">
    <p class='ocr_par' dir='ltr' id='par_1_72' title="bbox 258 3507 1813 3585">
     <span class='ocr_line' id='line_1_72' title="bbox 258 3507 1813 3585; baseline 0.002 -20"><span class='ocrx_word' id='word_1_607' title='bbox 258 3512 360 3565; x_wconf 86' lang='grc' dir='ltr'><strong>σθέ</strong></span> <span class='ocrx_word' id='word_1_608' title='bbox 388 3529 477 3581; x_wconf 86' lang='grc' dir='ltr'>με.</span> <span class='ocrx_word' id='word_1_609' title='bbox 511 3531 529 3562; x_wconf 75' lang='grc' dir='ltr'><strong>ι</strong></span> <span class='ocrx_word' id='word_1_610' title='bbox 581 3512 668 3563; x_wconf 84' lang='grc' dir='ltr'><strong>Ἐν</strong></span> <span class='ocrx_word' id='word_1_611' title='bbox 693 3507 771 3572; x_wconf 76' lang='grc' dir='ltr'><strong>οἷς</strong></span> <span class='ocrx_word' id='word_1_612' title='bbox 801 3512 1066 3576; x_wconf 76' lang='grc' dir='ltr'>ἐξετάσεις</span> <span class='ocrx_word' id='word_1_613' title='bbox 1089 3515 1136 3565; x_wconf 85' lang='grc' dir='ltr'>εί</span> <span class='ocrx_word' id='word_1_614' title='bbox 1158 3517 1185 3565; x_wconf 90' lang='lat'><strong>6</strong></span> <span class='ocrx_word' id='word_1_615' title='bbox 1218 3513 1350 3582; x_wconf 81' lang='grc' dir='ltr'>μετὰ</span> <span class='ocrx_word' id='word_1_616' title='bbox 1377 3516 1566 3584; x_wconf 87' lang='grc' dir='ltr'>μικρὸν</span> <span class='ocrx_word' id='word_1_617' title='bbox 1597 3515 1669 3585; x_wconf 86' lang='grc' dir='ltr'>μὴ</span> <span class='ocrx_word' id='word_1_618' title='bbox 1692 3516 1813 3568; x_wconf 87' lang='grc' dir='ltr'>θεω-</span> 
     </span>
    </p>
   </div>
   <div class='ocr_carea' id='block_1_73' title="bbox 258 3601 1810 3674">
    <p class='ocr_par' dir='ltr' id='par_1_73' title="bbox 258 3601 1810 3674">
     <span class='ocr_line' id='line_1_73' title="bbox 258 3601 1810 3674; baseline 0.004 -22"><span class='ocrx_word' id='word_1_619' title='bbox 258 3601 375 3673; x_wconf 85' lang='grc' dir='ltr'>ρῶν</span> <span class='ocrx_word' id='word_1_620' title='bbox 402 3601 587 3665; x_wconf 86' lang='grc' dir='ltr'>αὑτόν,</span> <span class='ocrx_word' id='word_1_621' title='bbox 618 3603 664 3651; x_wconf 83' lang='grc' dir='ltr'>εἱ</span> <span class='ocrx_word' id='word_1_622' title='bbox 700 3601 878 3669; x_wconf 85' lang='grc' dir='ltr'>μέλλει</span> <span class='ocrx_word' id='word_1_623' title='bbox 918 3601 1051 3670; x_wconf 80' lang='grc' dir='ltr'>μετὰ</span> <span class='ocrx_word' id='word_1_624' title='bbox 1073 3602 1224 3654; x_wconf 88' lang='grc' dir='ltr'>τοῦτο</span> <span class='ocrx_word' id='word_1_625' title='bbox 1249 3603 1464 3669; x_wconf 70' lang='grc' dir='ltr'>ὄψεσθαι.</span> <span class='ocrx_word' id='word_1_626' title='bbox 1492 3604 1668 3667; x_wconf 86' lang='grc' dir='ltr'>αὑτὸν,</span> <span class='ocrx_word' id='word_1_627' title='bbox 1699 3607 1810 3674; x_wconf 87' lang='grc' dir='ltr'>μετ’</span> 
     </span>
    </p>
   </div>
   <div class='ocr_carea' id='block_1_74' title="bbox 253 3691 1806 3764">
    <p class='ocr_par' dir='ltr' id='par_1_74' title="bbox 253 3691 1806 3764">
     <span class='ocr_line' id='line_1_74' title="bbox 253 3691 1806 3764; baseline 0.001 -18"><span class='ocrx_word' id='word_1_628' title='bbox 253 3693 322 3746; x_wconf 87' lang='grc' dir='ltr'>οὑ</span> <span class='ocrx_word' id='word_1_629' title='bbox 368 3691 506 3743; x_wconf 86' lang='grc' dir='ltr'><strong>πολὺ</strong></span> <span class='ocrx_word' id='word_1_630' title='bbox 533 3692 751 3752; x_wconf 80' lang='grc' dir='ltr'>πάντως</span> <span class='ocrx_word' id='word_1_631' title='bbox 793 3691 976 3759; x_wconf 73' lang='grc' dir='ltr'>ὄψεται</span> <span class='ocrx_word' id='word_1_632' title='bbox 1025 3693 1201 3753; x_wconf 81' lang='grc' dir='ltr'>αὑτὸν,</span> <span class='ocrx_word' id='word_1_633' title='bbox 1253 3694 1506 3746; x_wconf 90' lang='grc' dir='ltr'>νοούντων</span> <span class='ocrx_word' id='word_1_634' title='bbox 1548 3696 1698 3764; x_wconf 83' lang='grc' dir='ltr'>ήμῶν</span> <span class='ocrx_word' id='word_1_635' title='bbox 1730 3697 1806 3747; x_wconf 62' lang='grc' dir='ltr'>τόδ</span> 
     </span>
    </p>
   </div>
   <div class='ocr_carea' id='block_1_75' title="bbox 259 3782 1810 3852">
    <p class='ocr_par' dir='ltr' id='par_1_75' title="bbox 259 3782 1810 3852">
     <span class='ocr_line' id='line_1_75' title="bbox 259 3782 1810 3852; baseline 0.001 -18"><span class='ocrx_word' id='word_1_636' title='bbox 259 3799 283 3834; x_wconf 77' lang='lat' dir='ltr'><strong>s</strong></span> <span class='ocrx_word' id='word_1_637' title='bbox 328 3782 446 3834; x_wconf 70' lang='grc' dir='ltr'><strong>Καὶ</strong></span> <span class='ocrx_word' id='word_1_638' title='bbox 473 3782 636 3834; x_wconf 85' lang='grc' dir='ltr'>πάλιν</span> <span class='ocrx_word' id='word_1_639' title='bbox 672 3783 882 3852; x_wconf 82' lang='grc' dir='ltr'>μικρὸν,</span> <span class='ocrx_word' id='word_1_640' title='bbox 919 3784 1009 3834; x_wconf 77' lang='grc' dir='ltr'><strong>καὶ</strong></span> <span class='ocrx_word' id='word_1_641' title='bbox 1041 3782 1231 3850; x_wconf 72' lang='grc' dir='ltr'>ὄψεσθέ</span> <span class='ocrx_word' id='word_1_642' title='bbox 1261 3799 1347 3852; x_wconf 89' lang='grc' dir='ltr'>με.</span> <span class='ocrx_word' id='word_1_643' title='bbox 1388 3802 1405 3834; x_wconf 72' lang='grc' dir='ltr'><strong>ι</strong></span> <span class='ocrx_word' id='word_1_644' title='bbox 1442 3785 1512 3835; x_wconf 85' lang='grc' dir='ltr'><strong>Τὸ</strong></span> <span class='ocrx_word' id='word_1_645' title='bbox 1540 3784 1592 3834; x_wconf 85' lang='grc' dir='ltr'><strong>δὲ</strong></span> <span class='ocrx_word' id='word_1_646' title='bbox 1633 3784 1810 3852; x_wconf 80' lang='grc' dir='ltr'>ζητεῖν</span> 
     </span>
    </p>
   </div>
   <div class='ocr_carea' id='block_1_76' title="bbox 252 3871 1812 3942">
    <p class='ocr_par' dir='ltr' id='par_1_76' title="bbox 252 3871 1812 3942">
     <span class='ocr_line' id='line_1_76' title="bbox 252 3871 1812 3942; baseline 0 -17"><span class='ocrx_word' id='word_1_647' title='bbox 252 3874 350 3926; x_wconf 76' lang='grc' dir='ltr'>τὸν</span> <span class='ocrx_word' id='word_1_648' title='bbox 377 3871 588 3941; x_wconf 76' lang='grc' dir='ltr'>Ἰησοῦν</span> <span class='ocrx_word' id='word_1_649' title='bbox 617 3872 796 3939; x_wconf 80' lang='grc' dir='ltr'>ζητεῖν</span> <span class='ocrx_word' id='word_1_650' title='bbox 824 3874 934 3923; x_wconf 82' lang='grc' dir='ltr'>ἐστι</span> <span class='ocrx_word' id='word_1_651' title='bbox 959 3871 1233 3937; x_wconf 83' lang='grc' dir='ltr'>τὸνλόγον,</span> <span class='ocrx_word' id='word_1_652' title='bbox 1264 3874 1354 3924; x_wconf 70' lang='grc' dir='ltr'><strong>κα)⁸</strong></span> <span class='ocrx_word' id='word_1_653' title='bbox 1378 3871 1472 3942; x_wconf 84' lang='grc' dir='ltr'><strong>τὴν</strong></span> <span class='ocrx_word' id='word_1_654' title='bbox 1497 3874 1702 3940; x_wconf 80' lang='grc' dir='ltr'>σοφίαν,</span> <span class='ocrx_word' id='word_1_655' title='bbox 1720 3875 1812 3926; x_wconf 78' lang='grc' dir='ltr'><strong>καὶ</strong></span> 
     </span>
    </p>
   </div>
   <div class='ocr_carea' id='block_1_77' title="bbox 252 3961 1810 4034">
    <p class='ocr_par' dir='ltr' id='par_1_77' title="bbox 252 3961 1810 4034">
     <span class='ocr_line' id='line_1_77' title="bbox 252 3961 1810 4034; baseline -0.001 -18"><span class='ocrx_word' id='word_1_656' title='bbox 252 3965 355 4034; x_wconf 81' lang='grc' dir='ltr'>τὴν</span> <span class='ocrx_word' id='word_1_657' title='bbox 385 3962 755 4030; x_wconf 88' lang='grc' dir='ltr'>δικαιοσύνην,</span> <span class='ocrx_word' id='word_1_658' title='bbox 798 3962 890 4012; x_wconf 72' lang='grc' dir='ltr'><strong>καὶ</strong></span> <span class='ocrx_word' id='word_1_659' title='bbox 915 3961 1010 4029; x_wconf 84' lang='grc' dir='ltr'>τὴν</span> <span class='ocrx_word' id='word_1_660' title='bbox 1035 3961 1305 4029; x_wconf 82' lang='grc' dir='ltr'>ἀλήθειαν,</span> <span class='ocrx_word' id='word_1_661' title='bbox 1339 3964 1430 4014; x_wconf 76' lang='grc' dir='ltr'>καὶ</span> <span class='ocrx_word' id='word_1_662' title='bbox 1457 3965 1549 4033; x_wconf 80' lang='grc' dir='ltr'>τὴν</span> <span class='ocrx_word' id='word_1_663' title='bbox 1591 3965 1810 4033; x_wconf 88' lang='grc' dir='ltr'>δύναμιν</span> 
     </span>
    </p>
   </div>
   <div class='ocr_carea' id='block_1_78' title="bbox 251 4052 1811 4125">
    <p class='ocr_par' dir='ltr' id='par_1_78' title="bbox 251 4052 1811 4125">
     <span class='ocr_line' id='line_1_78' title="bbox 251 4052 1811 4125; baseline -0.001 -17"><span class='ocrx_word' id='word_1_664' title='bbox 251 4054 353 4108; x_wconf 85' lang='grc' dir='ltr'><strong>τοῦ</strong></span> <span class='ocrx_word' id='word_1_665' title='bbox 381 4053 542 4114; x_wconf 84' lang='grc' dir='ltr'>Θεοῦ,</span> <span class='ocrx_word' id='word_1_666' title='bbox 569 4053 710 4121; x_wconf 80' lang='grc' dir='ltr'>ειπερ</span> <span class='ocrx_word' id='word_1_667' title='bbox 745 4052 917 4104; x_wconf 86' lang='grc' dir='ltr'>πάντα</span> <span class='ocrx_word' id='word_1_668' title='bbox 953 4053 1094 4103; x_wconf 73' lang='grc' dir='ltr'>ἐστὶν</span> <span class='ocrx_word' id='word_1_669' title='bbox 1119 4055 1147 4104; x_wconf 92' lang='lat'><strong>6</strong></span> <span class='ocrx_word' id='word_1_670' title='bbox 1171 4054 1414 4122; x_wconf 82' lang='grc' dir='ltr'>Χριστός.</span> <span class='ocrx_word' id='word_1_671' title='bbox 1440 4055 1589 4118; x_wconf 84' lang='grc' dir='ltr'>Τινὲς</span> <span class='ocrx_word' id='word_1_672' title='bbox 1614 4055 1670 4107; x_wconf 84' lang='grc' dir='ltr'>δὲ</span> <span class='ocrx_word' id='word_1_673' title='bbox 1717 4055 1811 4125; x_wconf 77' lang='grc' dir='ltr'>ζηο</span> 
     </span>
    </p>
   </div>
   <div class='ocr_carea' id='block_1_79' title="bbox 248 4138 1822 4214">
    <p class='ocr_par' dir='ltr' id='par_1_79' title="bbox 248 4138 1809 4214">
     <span class='ocr_line' id='line_1_79' title="bbox 248 4138 1809 4214; baseline 0.001 -20"><span class='ocrx_word' id='word_1_674' title='bbox 248 4141 444 4194; x_wconf 89' lang='grc' dir='ltr'>τοῦσιν</span> <span class='ocrx_word' id='word_1_675' title='bbox 492 4138 655 4191; x_wconf 85' lang='grc' dir='ltr'>αὐτὸν</span> <span class='ocrx_word' id='word_1_676' title='bbox 699 4139 803 4190; x_wconf 84' lang='grc' dir='ltr'>τῶν</span> <span class='ocrx_word' id='word_1_677' title='bbox 842 4141 1151 4209; x_wconf 79' lang='grc' dir='ltr'>ἑωρακότων</span> <span class='ocrx_word' id='word_1_678' title='bbox 1187 4146 1402 4211; x_wconf 81' lang='grc' dir='ltr'>σημεῖα,</span> <span class='ocrx_word' id='word_1_679' title='bbox 1451 4145 1542 4196; x_wconf 80' lang='grc' dir='ltr'><strong>καὶ</strong></span> <span class='ocrx_word' id='word_1_680' title='bbox 1591 4145 1683 4197; x_wconf 83' lang='grc' dir='ltr'><strong>σὺν</strong></span> <span class='ocrx_word' id='word_1_681' title='bbox 1733 4145 1809 4214; x_wconf 82' lang='grc' dir='ltr'><strong>τῷ</strong></span> 
     </span>
    </p>
   </div>
   <div class='ocr_carea' id='block_1_80' title="bbox 1924 4138 3433 4214">
    <p class='ocr_par' dir='ltr' id='par_1_80' title="bbox 1924 4141 3433 4211">
     <span class='ocr_line' id='line_1_80' title="bbox 1924 4141 3433 4211; baseline 0 -15"><span class='ocrx_word' id='word_1_682' title='bbox 1924 4143 2183 4211; x_wconf 80' lang='lat' dir='ltr'><strong>pusillum,</strong></span> <span class='ocrx_word' id='word_1_683' title='bbox 2217 4151 2273 4196; x_wconf 92' lang='lat' dir='ltr'><strong>et</strong></span> <span class='ocrx_word' id='word_1_684' title='bbox 2294 4143 2542 4196; x_wconf 87' lang='lat' dir='ltr'><strong>videbitis</strong></span> <span class='ocrx_word' id='word_1_685' title='bbox 2566 4157 2672 4196; x_wconf 91' lang='lat' dir='ltr'><strong>me.</strong></span> <span class='ocrx_word' id='word_1_686' title='bbox 2718 4159 2735 4190; x_wconf 73' lang='grc' dir='ltr'><strong>ι</strong></span> <span class='ocrx_word' id='word_1_687' title='bbox 2785 4141 2841 4194; x_wconf 91' lang='lat' dir='ltr'><strong>ln</strong></span> <span class='ocrx_word' id='word_1_688' title='bbox 2868 4143 3062 4210; x_wconf 89' lang='lat' dir='ltr'><strong>quibus</strong></span> <span class='ocrx_word' id='word_1_689' title='bbox 3083 4142 3342 4210; x_wconf 83' lang='lat' dir='ltr'><strong>disquires</strong></span> <span class='ocrx_word' id='word_1_690' title='bbox 3365 4157 3433 4196; x_wconf 87' lang='lat' dir='ltr'><strong>an</strong></span> 
     </span>
    </p>
   </div>
   <div class='ocr_carea' id='block_1_81' title="bbox 251 4229 1822 4302">
    <p class='ocr_par' dir='ltr' id='par_1_81' title="bbox 251 4229 1805 4302">
     <span class='ocr_line' id='line_1_81' title="bbox 251 4229 1805 4302; baseline 0.002 -18"><span class='ocrx_word' id='word_1_691' title='bbox 251 4230 566 4299; x_wconf 74' lang='grc' dir='ltr'>ἑωρακέναι</span> <span class='ocrx_word' id='word_1_692' title='bbox 606 4229 870 4282; x_wconf 74' lang='grc' dir='ltr'>λαϐόντων</span> <span class='ocrx_word' id='word_1_693' title='bbox 889 4231 978 4281; x_wconf 84' lang='grc' dir='ltr'><strong>ἀπ’</strong></span> <span class='ocrx_word' id='word_1_694' title='bbox 1001 4233 1160 4284; x_wconf 79' lang='grc' dir='ltr'>αὑτοῦ</span> <span class='ocrx_word' id='word_1_695' title='bbox 1187 4231 1363 4300; x_wconf 82' lang='grc' dir='ltr'>ἄρτον,</span> <span class='ocrx_word' id='word_1_696' title='bbox 1395 4235 1486 4286; x_wconf 78' lang='grc' dir='ltr'><strong>καὶ</strong></span> <span class='ocrx_word' id='word_1_697' title='bbox 1517 4235 1805 4302; x_wconf 83' lang='grc' dir='ltr'>φαγόντων,</span> 
     </span>
    </p>
   </div>
   <div class='ocr_carea' id='block_1_82' title="bbox 1924 4229 3435 4302">
    <p class='ocr_par' dir='ltr' id='par_1_82' title="bbox 1924 4233 3435 4302">
     <span class='ocr_line' id='line_1_82' title="bbox 1924 4233 3435 4302; baseline 0 -16"><span class='ocrx_word' id='word_1_698' title='bbox 1924 4236 1961 4288; x_wconf 81' lang='lat' dir='ltr'><strong>is</strong></span> <span class='ocrx_word' id='word_1_699' title='bbox 1981 4235 2070 4302; x_wconf 90' lang='lat' dir='ltr'><strong>qui</strong></span> <span class='ocrx_word' id='word_1_700' title='bbox 2100 4243 2218 4302; x_wconf 90' lang='lat' dir='ltr'><strong>post</strong></span> <span class='ocrx_word' id='word_1_701' title='bbox 2240 4233 2491 4302; x_wconf 87' lang='lat' dir='ltr'><strong>pusillum</strong></span> <span class='ocrx_word' id='word_1_702' title='bbox 2534 4233 2705 4301; x_wconf 89' lang='lat' dir='ltr'><strong>ipsum</strong></span> <span class='ocrx_word' id='word_1_703' title='bbox 2732 4233 2942 4290; x_wconf 81' lang='lat' dir='ltr'><strong>visurus</strong></span> <span class='ocrx_word' id='word_1_704' title='bbox 2973 4247 3075 4287; x_wconf 94' lang='lat' dir='ltr'><strong>non</strong></span> <span class='ocrx_word' id='word_1_705' title='bbox 3105 4242 3208 4297; x_wconf 92' lang='lat' dir='ltr'><strong>est,</strong></span> <span class='ocrx_word' id='word_1_706' title='bbox 3238 4234 3282 4286; x_wconf 90' lang='lat' dir='ltr'><strong>si</strong></span> <span class='ocrx_word' id='word_1_707' title='bbox 3313 4233 3435 4302; x_wconf 83' lang='lat' dir='ltr'><strong>qui-</strong></span> 
     </span>
    </p>
   </div>
   <div class='ocr_carea' id='block_1_83' title="bbox 249 4315 1822 4392">
    <p class='ocr_par' dir='ltr' id='par_1_83' title="bbox 249 4315 1806 4392">
     <span class='ocr_line' id='line_1_83' title="bbox 249 4315 1806 4392; baseline 0.003 -22"><span class='ocrx_word' id='word_1_708' title='bbox 249 4318 434 4370; x_wconf 86' lang='grc' dir='ltr'>αἰτίου</span> <span class='ocrx_word' id='word_1_709' title='bbox 474 4316 570 4368; x_wconf 87' lang='grc' dir='ltr'><strong>τοῦ</strong></span> <span class='ocrx_word' id='word_1_710' title='bbox 606 4315 785 4385; x_wconf 81' lang='grc' dir='ltr'>ζητεῖν</span> <span class='ocrx_word' id='word_1_711' title='bbox 816 4317 994 4378; x_wconf 88' lang='grc' dir='ltr'>αὑτοῖς</span> <span class='ocrx_word' id='word_1_712' title='bbox 1041 4320 1324 4387; x_wconf 82' lang='grc' dir='ltr'>γενομένου</span> <span class='ocrx_word' id='word_1_713' title='bbox 1376 4322 1468 4373; x_wconf 89' lang='grc' dir='ltr'><strong>τοῦ</strong></span> <span class='ocrx_word' id='word_1_714' title='bbox 1520 4321 1806 4392; x_wconf 81' lang='grc' dir='ltr'>τεθράφθαι</span> 
     </span>
    </p>
   </div>
   <div class='ocr_carea' id='block_1_84' title="bbox 1924 4315 3433 4392">
    <p class='ocr_par' dir='ltr' id='par_1_84' title="bbox 1924 4322 3433 4392">
     <span class='ocr_line' id='line_1_84' title="bbox 1924 4322 3433 4392; baseline 0.001 -17"><span class='ocrx_word' id='word_1_715' title='bbox 1924 4323 2029 4376; x_wconf 75' lang='lat' dir='ltr'><strong>lem</strong></span> <span class='ocrx_word' id='word_1_716' title='bbox 2054 4332 2234 4392; x_wconf 89' lang='lat' dir='ltr'><strong>postea</strong></span> <span class='ocrx_word' id='word_1_717' title='bbox 2261 4322 2407 4376; x_wconf 90' lang='lat' dir='ltr'><strong>illum</strong></span> <span class='ocrx_word' id='word_1_718' title='bbox 2435 4322 2643 4375; x_wconf 89' lang='lat' dir='ltr'><strong>visurus</strong></span> <span class='ocrx_word' id='word_1_719' title='bbox 2662 4331 2765 4385; x_wconf 90' lang='lat' dir='ltr'><strong>est,</strong></span> <span class='ocrx_word' id='word_1_720' title='bbox 2789 4331 2907 4390; x_wconf 91' lang='lat' dir='ltr'><strong>post</strong></span> <span class='ocrx_word' id='word_1_721' title='bbox 2946 4331 3151 4391; x_wconf 88' lang='lat' dir='ltr'><strong>tempus</strong></span> <span class='ocrx_word' id='word_1_722' title='bbox 3187 4336 3291 4376; x_wconf 91' lang='lat' dir='ltr'><strong>non</strong></span> <span class='ocrx_word' id='word_1_723' title='bbox 3317 4323 3433 4376; x_wconf 92' lang='lat' dir='ltr'><strong>lou-</strong></span> 
     </span>
    </p>
   </div>
   <div class='ocr_carea' id='block_1_85' title="bbox 251 4405 1822 4482">
    <p class='ocr_par' dir='ltr' id='par_1_85' title="bbox 251 4405 1806 4480">
     <span class='ocr_line' id='line_1_85' title="bbox 251 4405 1806 4480; baseline 0.003 -21"><span class='ocrx_word' id='word_1_724' title='bbox 251 4409 366 4460; x_wconf 82' lang='grc' dir='ltr'><strong>ἁπὸ</strong></span> <span class='ocrx_word' id='word_1_725' title='bbox 401 4405 496 4458; x_wconf 90' lang='grc' dir='ltr'><strong>τοῦ</strong></span> <span class='ocrx_word' id='word_1_726' title='bbox 529 4406 723 4473; x_wconf 77' lang='grc' dir='ltr'>Λόγου’</span> <span class='ocrx_word' id='word_1_727' title='bbox 765 4423 782 4454; x_wconf 89' lang='lat'><strong>«</strong></span> <span class='ocrx_word' id='word_1_728' title='bbox 823 4407 1035 4473; x_wconf 87' lang='grc' dir='ltr'>Ζητεῖτε</span> <span class='ocrx_word' id='word_1_729' title='bbox 1079 4409 1183 4477; x_wconf 85' lang='grc' dir='ltr'>γάρ</span> <span class='ocrx_word' id='word_1_730' title='bbox 1223 4425 1310 4476; x_wconf 88' lang='grc' dir='ltr'><strong>με,</strong></span> <span class='ocrx_word' id='word_1_731' title='bbox 1356 4412 1536 4478; x_wconf 77' lang='grc' dir='ltr'>φησὶν,</span> <span class='ocrx_word' id='word_1_732' title='bbox 1579 4413 1675 4480; x_wconf 82' lang='grc' dir='ltr'><strong>οὐχ</strong></span> <span class='ocrx_word' id='word_1_733' title='bbox 1727 4413 1806 4463; x_wconf 82' lang='grc' dir='ltr'><strong>ὅτι</strong></span> 
     </span>
    </p>
   </div>
   <div class='ocr_carea' id='block_1_86' title="bbox 1924 4405 3434 4482">
    <p class='ocr_par' dir='ltr' id='par_1_86' title="bbox 1924 4412 3434 4482">
     <span class='ocr_line' id='line_1_86' title="bbox 1924 4412 3434 4482; baseline 0.001 -17"><span class='ocrx_word' id='word_1_734' title='bbox 1924 4429 2029 4482; x_wconf 70' lang='lat' dir='ltr'><strong>gum</strong></span> <span class='ocrx_word' id='word_1_735' title='bbox 2062 4415 2231 4481; x_wconf 87' lang='lat' dir='ltr'><strong>ipsum</strong></span> <span class='ocrx_word' id='word_1_736' title='bbox 2284 4413 2503 4467; x_wconf 89' lang='lat' dir='ltr'><strong>omnino</strong></span> <span class='ocrx_word' id='word_1_737' title='bbox 2553 4412 2764 4466; x_wconf 88' lang='lat' dir='ltr'><strong>visurus</strong></span> <span class='ocrx_word' id='word_1_738' title='bbox 2813 4413 2924 4478; x_wconf 88' lang='lat' dir='ltr'><strong>sit;</strong></span> <span class='ocrx_word' id='word_1_739' title='bbox 2971 4414 3434 4468; x_wconf 88' lang='lat' dir='ltr'><strong>considerantibus</strong></span> 
     </span>
    </p>
   </div>
   <div class='ocr_carea' id='block_1_87' title="bbox 248 4495 1822 4571">
    <p class='ocr_par' dir='ltr' id='par_1_87' title="bbox 248 4495 1807 4571">
     <span class='ocr_line' id='line_1_87' title="bbox 248 4495 1807 4571; baseline 0.003 -20"><span class='ocrx_word' id='word_1_740' title='bbox 248 4498 428 4551; x_wconf 71' lang='grc' dir='ltr'>εἴδετε</span> <span class='ocrx_word' id='word_1_741' title='bbox 458 4499 679 4566; x_wconf 85' lang='grc' dir='ltr'>σημεῖα,</span> <span class='ocrx_word' id='word_1_742' title='bbox 714 4495 825 4548; x_wconf 82' lang='grc' dir='ltr'><strong>ἀλλ’</strong></span> <span class='ocrx_word' id='word_1_743' title='bbox 867 4495 945 4547; x_wconf 85' lang='grc' dir='ltr'>ὅτι</span> <span class='ocrx_word' id='word_1_744' title='bbox 982 4498 1206 4564; x_wconf 82' lang='grc' dir='ltr'>ἐφάγετε</span> <span class='ocrx_word' id='word_1_745' title='bbox 1233 4501 1297 4550; x_wconf 88' lang='grc' dir='ltr'><strong>ἐκ</strong></span> <span class='ocrx_word' id='word_1_746' title='bbox 1341 4500 1446 4552; x_wconf 87' lang='grc' dir='ltr'>τῶν</span> <span class='ocrx_word' id='word_1_747' title='bbox 1482 4503 1674 4571; x_wconf 79' lang='grc' dir='ltr'>ἄρτων,</span> <span class='ocrx_word' id='word_1_748' title='bbox 1717 4504 1807 4555; x_wconf 75' lang='grc' dir='ltr'>καὶ</span> 
     </span>
    </p>
   </div>
   <div class='ocr_carea' id='block_1_88' title="bbox 1924 4495 3418 4571">
    <p class='ocr_par' dir='ltr' id='par_1_88' title="bbox 1926 4500 3418 4569">
     <span class='ocr_line' id='line_1_88' title="bbox 1926 4500 3418 4569; baseline -0.003 -15"><span class='ocrx_word' id='word_1_749' title='bbox 1926 4502 2059 4556; x_wconf 74' lang='lat' dir='ltr'><strong>nobis</strong></span> <span class='ocrx_word' id='word_1_750' title='bbox 2101 4503 2254 4555; x_wconf 89' lang='lat' dir='ltr'><strong>illud:</strong></span> <span class='ocrx_word' id='word_1_751' title='bbox 2283 4519 2300 4551; x_wconf 90' lang='lat'><strong>«</strong></span> <span class='ocrx_word' id='word_1_752' title='bbox 2333 4501 2396 4554; x_wconf 85' lang='lat' dir='ltr'><strong>Et</strong></span> <span class='ocrx_word' id='word_1_753' title='bbox 2436 4501 2626 4554; x_wconf 88' lang='lat' dir='ltr'><strong>iterum</strong></span> <span class='ocrx_word' id='word_1_754' title='bbox 2653 4500 3258 4569; x_wconf 87' lang='lat' dir='ltr'><strong>pusillum,etvidehitis</strong></span> <span class='ocrx_word' id='word_1_755' title='bbox 3271 4513 3374 4553; x_wconf 88' lang='lat' dir='ltr'><strong>me.</strong></span> <span class='ocrx_word' id='word_1_756' title='bbox 3399 4517 3418 4550; x_wconf 74' lang='grc' dir='ltr'><strong>ι</strong></span> 
     </span>
    </p>
   </div>
   <div class='ocr_carea' id='block_1_89' title="bbox 249 4583 1822 4662">
    <p class='ocr_par' dir='ltr' id='par_1_89' title="bbox 249 4583 1810 4659">
     <span class='ocr_line' id='line_1_89' title="bbox 249 4583 1810 4659; baseline 0.003 -18"><span class='ocrx_word' id='word_1_757' title='bbox 249 4587 649 4659; x_wconf 80' lang='grc' dir='ltr'>ἐχορτάσθητε.</span> <span class='ocrx_word' id='word_1_758' title='bbox 685 4606 704 4637; x_wconf 74' lang='grc' dir='ltr'><strong>ι</strong></span> <span class='ocrx_word' id='word_1_759' title='bbox 744 4583 871 4638; x_wconf 82' lang='grc' dir='ltr'>Εἶτα</span> <span class='ocrx_word' id='word_1_760' title='bbox 912 4587 1033 4638; x_wconf 78' lang='grc' dir='ltr'>ἐπεὶ</span> <span class='ocrx_word' id='word_1_761' title='bbox 1085 4589 1344 4656; x_wconf 84' lang='grc' dir='ltr'>πρότερον</span> <span class='ocrx_word' id='word_1_762' title='bbox 1387 4593 1495 4652; x_wconf 89' lang='grc' dir='ltr'>τοῖς</span> <span class='ocrx_word' id='word_1_763' title='bbox 1543 4593 1810 4655; x_wconf 84' lang='grc' dir='ltr'>Ἰουδαίοις</span> 
     </span>
    </p>
   </div>
   <div class='ocr_carea' id='block_1_90' title="bbox 1924 4583 3431 4662">
    <p class='ocr_par' dir='ltr' id='par_1_90' title="bbox 1924 4590 3431 4662">
     <span class='ocr_line' id='line_1_90' title="bbox 1924 4590 3431 4662; baseline -0.001 -18"><span class='ocrx_word' id='word_1_764' title='bbox 1924 4591 2166 4644; x_wconf 70' lang='grc' dir='ltr'>Σιειετυηι</span> <span class='ocrx_word' id='word_1_765' title='bbox 2195 4606 2436 4658; x_wconf 65' lang='lat' dir='ltr'><strong>quaerere</strong></span> <span class='ocrx_word' id='word_1_766' title='bbox 2463 4590 2643 4644; x_wconf 86' lang='lat' dir='ltr'><strong>Jesum</strong></span> <span class='ocrx_word' id='word_1_767' title='bbox 2669 4630 2684 4654; x_wconf 95' lang='lat'><strong>,</strong></span> <span class='ocrx_word' id='word_1_768' title='bbox 2730 4600 2812 4645; x_wconf 89' lang='lat' dir='ltr'><strong>est</strong></span> <span class='ocrx_word' id='word_1_769' title='bbox 2843 4605 3079 4658; x_wconf 71' lang='lat' dir='ltr'><strong>quaerere</strong></span> <span class='ocrx_word' id='word_1_770' title='bbox 3112 4605 3431 4662; x_wconf 81' lang='lat' dir='ltr'><strong>sermonem,</strong></span> 
     </span>
    </p>
   </div>
   <div class='ocr_carea' id='block_1_91' title="bbox 249 4675 1822 4753">
    <p class='ocr_par' dir='ltr' id='par_1_91' title="bbox 249 4675 1805 4753">
     <span class='ocr_line' id='line_1_91' title="bbox 249 4675 1805 4753; baseline 0.004 -24"><span class='ocrx_word' id='word_1_771' title='bbox 249 4679 494 4748; x_wconf 83' lang='grc' dir='ltr'>εἰρήκει·</span> <span class='ocrx_word' id='word_1_772' title='bbox 529 4697 546 4725; x_wconf 92' lang='lat'><strong>«</strong></span> <span class='ocrx_word' id='word_1_773' title='bbox 587 4675 728 4743; x_wconf 82' lang='grc' dir='ltr'>Ἐγὼ</span> <span class='ocrx_word' id='word_1_774' title='bbox 754 4677 962 4743; x_wconf 82' lang='grc' dir='ltr'>ὑπάγω,</span> <span class='ocrx_word' id='word_1_775' title='bbox 981 4678 1072 4728; x_wconf 78' lang='grc' dir='ltr'><strong>καὶ</strong></span> <span class='ocrx_word' id='word_1_776' title='bbox 1104 4677 1362 4746; x_wconf 84' lang='grc' dir='ltr'>ζητήσετέ</span> <span class='ocrx_word' id='word_1_777' title='bbox 1401 4695 1486 4746; x_wconf 88' lang='grc' dir='ltr'><strong>με,</strong></span> <span class='ocrx_word' id='word_1_778' title='bbox 1513 4683 1604 4732; x_wconf 74' lang='grc' dir='ltr'><strong>καὶ</strong></span> <span class='ocrx_word' id='word_1_779' title='bbox 1630 4686 1686 4734; x_wconf 87' lang='grc' dir='ltr'><strong>ἐν</strong></span> <span class='ocrx_word' id='word_1_780' title='bbox 1740 4687 1805 4753; x_wconf 79' lang='grc' dir='ltr'>τῇ</span> 
     </span>
    </p>
   </div>
   <div class='ocr_carea' id='block_1_92' title="bbox 1924 4675 3427 4753">
    <p class='ocr_par' dir='ltr' id='par_1_92' title="bbox 1924 4679 3427 4750">
     <span class='ocr_line' id='line_1_92' title="bbox 1924 4679 3427 4750; baseline -0.003 -16"><span class='ocrx_word' id='word_1_781' title='bbox 1924 4682 2243 4750; x_wconf 70' lang='lat' dir='ltr'><strong>iapientiam,</strong></span> <span class='ocrx_word' id='word_1_782' title='bbox 2267 4681 2529 4748; x_wconf 87' lang='lat' dir='ltr'><strong>justitiam</strong></span> <span class='ocrx_word' id='word_1_783' title='bbox 2561 4723 2576 4744; x_wconf 92' lang='lat'><strong>,</strong></span> <span class='ocrx_word' id='word_1_784' title='bbox 2617 4681 2893 4733; x_wconf 85' lang='lat' dir='ltr'><strong>veritatem</strong></span> <span class='ocrx_word' id='word_1_785' title='bbox 2923 4689 2976 4731; x_wconf 92' lang='lat' dir='ltr'><strong>et</strong></span> <span class='ocrx_word' id='word_1_786' title='bbox 2997 4681 3283 4746; x_wconf 88' lang='lat' dir='ltr'><strong>potentiam</strong></span> <span class='ocrx_word' id='word_1_787' title='bbox 3316 4679 3427 4742; x_wconf 90' lang='lat' dir='ltr'><strong>Dei,</strong></span> 
     </span>
    </p>
   </div>
   <div class='ocr_carea' id='block_1_93' title="bbox 249 4765 1822 4838">
    <p class='ocr_par' dir='ltr' id='par_1_93' title="bbox 249 4765 1811 4837">
     <span class='ocr_line' id='line_1_93' title="bbox 249 4765 1811 4837; baseline 0.004 -19"><span class='ocrx_word' id='word_1_788' title='bbox 249 4767 508 4836; x_wconf 74' lang='grc' dir='ltr'>ἁμαρτίᾳ</span> <span class='ocrx_word' id='word_1_789' title='bbox 538 4765 688 4833; x_wconf 84' lang='grc' dir='ltr'>ὑμῶν</span> <span class='ocrx_word' id='word_1_790' title='bbox 715 4766 1079 4828; x_wconf 79' lang='grc' dir='ltr'>ἀποθανεῖσθε,</span> <span class='ocrx_word' id='word_1_791' title='bbox 1105 4787 1122 4816; x_wconf 73' lang='grc' dir='ltr'><strong>ι</strong></span> <span class='ocrx_word' id='word_1_792' title='bbox 1158 4767 1270 4826; x_wconf 78' lang='grc' dir='ltr'>καὶ,</span> <span class='ocrx_word' id='word_1_793' title='bbox 1304 4784 1320 4812; x_wconf 76' lang='grc' dir='ltr'><strong>ι</strong></span> <span class='ocrx_word' id='word_1_794' title='bbox 1359 4767 1527 4819; x_wconf 84' lang='grc' dir='ltr'>Ὅπου</span> <span class='ocrx_word' id='word_1_795' title='bbox 1552 4771 1656 4837; x_wconf 87' lang='grc' dir='ltr'>ἐγὼ</span> <span class='ocrx_word' id='word_1_796' title='bbox 1685 4773 1811 4824; x_wconf 74' lang='grc' dir='ltr'>ὑπά-</span> 
     </span>
    </p>
   </div>
   <div class='ocr_carea' id='block_1_94' title="bbox 1924 4765 3429 4838">
    <p class='ocr_par' dir='ltr' id='par_1_94' title="bbox 1924 4769 3429 4838">
     <span class='ocr_line' id='line_1_94' title="bbox 1924 4769 3429 4838; baseline -0.004 -14"><span class='ocrx_word' id='word_1_797' title='bbox 1924 4786 2022 4838; x_wconf 61' lang='grc' dir='ltr'><strong>ιυω</strong></span> <span class='ocrx_word' id='word_1_798' title='bbox 2047 4771 2225 4824; x_wconf 87' lang='lat' dir='ltr'><strong>omnia</strong></span> <span class='ocrx_word' id='word_1_799' title='bbox 2251 4779 2333 4824; x_wconf 91' lang='lat' dir='ltr'><strong>est</strong></span> <span class='ocrx_word' id='word_1_800' title='bbox 2358 4771 2619 4825; x_wconf 83' lang='lat' dir='ltr'><strong>Christus.</strong></span> <span class='ocrx_word' id='word_1_801' title='bbox 2645 4771 2897 4836; x_wconf 66' lang='lat' dir='ltr'><strong>Quaerunt</strong></span> <span class='ocrx_word' id='word_1_802' title='bbox 2926 4784 3050 4821; x_wconf 89' lang='lat' dir='ltr'><strong>vero</strong></span> <span class='ocrx_word' id='word_1_803' title='bbox 3073 4769 3284 4836; x_wconf 87' lang='lat' dir='ltr'><strong>quidam</strong></span> <span class='ocrx_word' id='word_1_804' title='bbox 3308 4783 3429 4820; x_wconf 89' lang='lat' dir='ltr'><strong>eum</strong></span> 
     </span>
    </p>
   </div>
   <div class='ocr_carea' id='block_1_95' title="bbox 248 4855 1822 4931">
    <p class='ocr_par' dir='ltr' id='par_1_95' title="bbox 248 4855 1808 4931">
     <span class='ocr_line' id='line_1_95' title="bbox 248 4855 1808 4931; baseline 0 -20"><span class='ocrx_word' id='word_1_805' title='bbox 248 4877 360 4928; x_wconf 84' lang='grc' dir='ltr'><strong>γω,</strong></span> <span class='ocrx_word' id='word_1_806' title='bbox 393 4858 554 4925; x_wconf 83' lang='grc' dir='ltr'>ὑμεῖς</span> <span class='ocrx_word' id='word_1_807' title='bbox 582 4857 640 4907; x_wconf 93' lang='grc' dir='ltr'>οὑ</span> <span class='ocrx_word' id='word_1_808' title='bbox 673 4855 890 4908; x_wconf 87' lang='grc' dir='ltr'>δύνασθε</span> <span class='ocrx_word' id='word_1_809' title='bbox 927 4855 1116 4919; x_wconf 85' lang='grc' dir='ltr'>ἐλθεῖν,</span> <span class='ocrx_word' id='word_1_810' title='bbox 1159 4875 1179 4906; x_wconf 72' lang='grc' dir='ltr'><strong>ι</strong></span> <span class='ocrx_word' id='word_1_811' title='bbox 1217 4855 1303 4904; x_wconf 86' lang='grc' dir='ltr'>ἐπ’</span> <span class='ocrx_word' id='word_1_812' title='bbox 1337 4855 1510 4908; x_wconf 83' lang='grc' dir='ltr'>ἐκεῖνο</span> <span class='ocrx_word' id='word_1_813' title='bbox 1530 4859 1808 4931; x_wconf 78' lang='grc' dir='ltr'>ἀναφέρων</span> 
     </span>
    </p>
   </div>
   <div class='ocr_carea' id='block_1_96' title="bbox 1924 4855 3430 4931">
    <p class='ocr_par' dir='ltr' id='par_1_96' title="bbox 1924 4858 3430 4929">
     <span class='ocr_line' id='line_1_96' title="bbox 1924 4858 3430 4929; baseline -0.003 -17"><span class='ocrx_word' id='word_1_814' title='bbox 1924 4874 1973 4912; x_wconf 64' lang='lat' dir='ltr'><strong>ex</strong></span> <span class='ocrx_word' id='word_1_815' title='bbox 2005 4861 2087 4914; x_wconf 90' lang='lat' dir='ltr'><strong>his</strong></span> <span class='ocrx_word' id='word_1_816' title='bbox 2114 4861 2205 4929; x_wconf 90' lang='lat' dir='ltr'><strong>qui</strong></span> <span class='ocrx_word' id='word_1_817' title='bbox 2236 4862 2384 4929; x_wconf 85' lang='lat' dir='ltr'><strong>signa</strong></span> <span class='ocrx_word' id='word_1_818' title='bbox 2412 4861 2662 4912; x_wconf 85' lang='lat' dir='ltr'><strong>viderunt</strong></span> <span class='ocrx_word' id='word_1_819' title='bbox 2688 4897 2704 4923; x_wconf 91' lang='lat'><strong>,</strong></span> <span class='ocrx_word' id='word_1_820' title='bbox 2730 4859 2928 4925; x_wconf 89' lang='lat' dir='ltr'><strong>quique</strong></span> <span class='ocrx_word' id='word_1_821' title='bbox 2959 4872 3076 4910; x_wconf 91' lang='lat' dir='ltr'><strong>cum</strong></span> <span class='ocrx_word' id='word_1_822' title='bbox 3106 4859 3219 4924; x_wconf 83' lang='lat' dir='ltr'><strong>ipso</strong></span> <span class='ocrx_word' id='word_1_823' title='bbox 3251 4858 3430 4908; x_wconf 84' lang='lat' dir='ltr'><strong>videre</strong></span> 
     </span>
    </p>
   </div>
   <div class='ocr_carea' id='block_1_97' title="bbox 246 4939 1822 5020">
    <p class='ocr_par' dir='ltr' id='par_1_97' title="bbox 246 4939 1806 5016">
     <span class='ocr_line' id='line_1_97' title="bbox 246 4939 1806 5016; baseline 0.001 -16"><span class='ocrx_word' id='word_1_824' title='bbox 246 4949 313 5000; x_wconf 81' lang='grc' dir='ltr'><strong>τὸ</strong></span> <span class='ocrx_word' id='word_1_825' title='bbox 347 4946 709 5016; x_wconf 75' lang='grc' dir='ltr'>προκείμενόν</span> <span class='ocrx_word' id='word_1_826' title='bbox 747 4963 894 5014; x_wconf 75' lang='grc' dir='ltr'>φησιο</span> <span class='ocrx_word' id='word_1_827' title='bbox 927 4965 944 4996; x_wconf 92' lang='lat'><strong>«</strong></span> <span class='ocrx_word' id='word_1_828' title='bbox 987 4947 1092 4998; x_wconf 77' lang='grc' dir='ltr'><strong>Καὶ</strong></span> <span class='ocrx_word' id='word_1_829' title='bbox 1131 4943 1310 5004; x_wconf 85' lang='grc' dir='ltr'>καθὼς</span> <span class='ocrx_word' id='word_1_830' title='bbox 1353 4939 1504 4996; x_wconf 76' lang='grc' dir='ltr'>εἷπον</span> <span class='ocrx_word' id='word_1_831' title='bbox 1535 4951 1644 5010; x_wconf 89' lang='grc' dir='ltr'>τοῖς</span> <span class='ocrx_word' id='word_1_832' title='bbox 1677 4953 1806 5002; x_wconf 84' lang='grc' dir='ltr'><strong>Ἰου-</strong></span> 
     </span>
    </p>
   </div>
   <div class='ocr_carea' id='block_1_98' title="bbox 1924 4939 3432 5020">
    <p class='ocr_par' dir='ltr' id='par_1_98' title="bbox 1924 4948 3432 5020">
     <span class='ocr_line' id='line_1_98' title="bbox 1924 4948 3432 5020; baseline 0 -19"><span class='ocrx_word' id='word_1_833' title='bbox 1924 4961 2244 5020; x_wconf 79' lang='lat' dir='ltr'><strong>mmpserunt</strong></span> <span class='ocrx_word' id='word_1_834' title='bbox 2273 4953 2420 5004; x_wconf 91' lang='lat' dir='ltr'><strong>abeo</strong></span> <span class='ocrx_word' id='word_1_835' title='bbox 2441 4965 2651 5018; x_wconf 90' lang='lat' dir='ltr'><strong>panem,</strong></span> <span class='ocrx_word' id='word_1_836' title='bbox 2683 4957 2735 5003; x_wconf 90' lang='lat' dir='ltr'><strong>et</strong></span> <span class='ocrx_word' id='word_1_837' title='bbox 2765 4949 3084 5002; x_wconf 85' lang='lat' dir='ltr'><strong>comedunt:</strong></span> <span class='ocrx_word' id='word_1_838' title='bbox 3110 4948 3432 5001; x_wconf 86' lang='lat' dir='ltr'><strong>habentibus</strong></span> 
     </span>
    </p>
   </div>
   <div class='ocr_carea' id='block_1_99' title="bbox 243 5031 1822 5110">
    <p class='ocr_par' dir='ltr' id='par_1_99' title="bbox 243 5031 1806 5100">
     <span class='ocr_line' id='line_1_99' title="bbox 243 5031 1806 5100; baseline 0.003 -14"><span class='ocrx_word' id='word_1_839' title='bbox 243 5035 446 5094; x_wconf 81' lang='grc' dir='ltr'>δαίοις,</span> <span class='ocrx_word' id='word_1_840' title='bbox 541 5033 622 5084; x_wconf 84' lang='grc' dir='ltr'>ὅτι</span> <span class='ocrx_word' id='word_1_841' title='bbox 711 5034 878 5086; x_wconf 86' lang='grc' dir='ltr'>Ὅπου</span> <span class='ocrx_word' id='word_1_842' title='bbox 916 5032 1024 5100; x_wconf 87' lang='grc' dir='ltr'><strong>ἐγὼ</strong></span> <span class='ocrx_word' id='word_1_843' title='bbox 1067 5032 1276 5096; x_wconf 84' lang='grc' dir='ltr'>ὑπάγω.</span> <span class='ocrx_word' id='word_1_844' title='bbox 1310 5031 1462 5098; x_wconf 86' lang='grc' dir='ltr'>ὑμεῖς</span> <span class='ocrx_word' id='word_1_845' title='bbox 1489 5034 1550 5083; x_wconf 89' lang='grc' dir='ltr'><strong>οὑ</strong></span> <span class='ocrx_word' id='word_1_846' title='bbox 1586 5035 1806 5090; x_wconf 90' lang='grc' dir='ltr'>δύνασθε</span> 
     </span>
    </p>
   </div>
   <div class='ocr_carea' id='block_1_100' title="bbox 1924 5031 3428 5110">
    <p class='ocr_par' dir='ltr' id='par_1_100' title="bbox 1929 5035 3428 5110">
     <span class='ocr_line' id='line_1_100' title="bbox 1929 5035 3428 5110; baseline -0.001 -19"><span class='ocrx_word' id='word_1_847' title='bbox 1929 5041 2009 5094; x_wconf 91' lang='lat' dir='ltr'><strong>llis</strong></span> <span class='ocrx_word' id='word_1_848' title='bbox 2037 5043 2304 5110; x_wconf 67' lang='lat' dir='ltr'><strong>qua-rendi</strong></span> <span class='ocrx_word' id='word_1_849' title='bbox 2339 5055 2550 5094; x_wconf 87' lang='lat' dir='ltr'><strong>causam</strong></span> <span class='ocrx_word' id='word_1_850' title='bbox 2575 5079 2590 5103; x_wconf 95' lang='lat'><strong>,</strong></span> <span class='ocrx_word' id='word_1_851' title='bbox 2647 5053 2709 5092; x_wconf 94' lang='lat' dir='ltr'><strong>eo</strong></span> <span class='ocrx_word' id='word_1_852' title='bbox 2770 5041 2910 5106; x_wconf 92' lang='lat' dir='ltr'><strong>quod</strong></span> <span class='ocrx_word' id='word_1_853' title='bbox 2947 5035 3128 5088; x_wconf 89' lang='lat' dir='ltr'><strong>nutriti</strong></span> <span class='ocrx_word' id='word_1_854' title='bbox 3171 5035 3368 5087; x_wconf 82' lang='lat' dir='ltr'><strong>fuerint</strong></span> <span class='ocrx_word' id='word_1_855' title='bbox 3398 5050 3428 5090; x_wconf 87' lang='lat' dir='ltr'><strong>a</strong></span> 
     </span>
    </p>
   </div>
   <div class='ocr_carea' id='block_1_101' title="bbox 245 5117 1822 5198">
    <p class='ocr_par' dir='ltr' id='par_1_101' title="bbox 245 5117 1804 5194">
     <span class='ocr_line' id='line_1_101' title="bbox 245 5117 1804 5194; baseline 0.001 -19"><span class='ocrx_word' id='word_1_856' title='bbox 245 5122 454 5183; x_wconf 83' lang='grc' dir='ltr'>ἐλθεῖν,</span> <span class='ocrx_word' id='word_1_857' title='bbox 489 5123 581 5172; x_wconf 79' lang='grc' dir='ltr'><strong>καὶ</strong></span> <span class='ocrx_word' id='word_1_858' title='bbox 614 5121 738 5190; x_wconf 87' lang='grc' dir='ltr'>ὑμῖν</span> <span class='ocrx_word' id='word_1_859' title='bbox 763 5122 900 5189; x_wconf 84' lang='grc' dir='ltr'>λέγω</span> <span class='ocrx_word' id='word_1_860' title='bbox 923 5122 1063 5191; x_wconf 80' lang='grc' dir='ltr'>ἄρτι·</span> <span class='ocrx_word' id='word_1_861' title='bbox 1107 5138 1125 5168; x_wconf 77' lang='grc' dir='ltr'><strong>ι</strong></span> <span class='ocrx_word' id='word_1_862' title='bbox 1147 5120 1220 5178; x_wconf 79' lang='grc' dir='ltr'><strong>ὡς</strong></span> <span class='ocrx_word' id='word_1_863' title='bbox 1247 5117 1346 5188; x_wconf 83' lang='grc' dir='ltr'>γὰρ</span> <span class='ocrx_word' id='word_1_864' title='bbox 1363 5120 1619 5184; x_wconf 85' lang='grc' dir='ltr'>ἐκείνοις,</span> <span class='ocrx_word' id='word_1_865' title='bbox 1656 5127 1804 5194; x_wconf 73' lang='grc' dir='ltr'>φησὶ,</span> 
     </span>
    </p>
   </div>
   <div class='ocr_carea' id='block_1_102' title="bbox 1924 5117 3428 5198">
    <p class='ocr_par' dir='ltr' id='par_1_102' title="bbox 1924 5125 3428 5198">
     <span class='ocr_line' id='line_1_102' title="bbox 1924 5125 3428 5198; baseline -0.001 -18"><span class='ocrx_word' id='word_1_866' title='bbox 1924 5130 2061 5198; x_wconf 55' lang='grc' dir='ltr'>λόγῳ</span> <span class='ocrx_word' id='word_1_867' title='bbox 2106 5140 2162 5184; x_wconf 92' lang='lat' dir='ltr'><strong>et</strong></span> <span class='ocrx_word' id='word_1_868' title='bbox 2193 5131 2330 5184; x_wconf 85' lang='lat' dir='ltr'><strong>Filio</strong></span> <span class='ocrx_word' id='word_1_869' title='bbox 2366 5130 2493 5183; x_wconf 85' lang='lat' dir='ltr'><strong>Dei:</strong></span> <span class='ocrx_word' id='word_1_870' title='bbox 2532 5145 2550 5179; x_wconf 88' lang='lat'><strong>«</strong></span> <span class='ocrx_word' id='word_1_871' title='bbox 2583 5127 2829 5193; x_wconf 66' lang='lat' dir='ltr'><strong>Quaritis</strong></span> <span class='ocrx_word' id='word_1_872' title='bbox 2878 5125 3020 5181; x_wconf 87' lang='lat' dir='ltr'><strong>enim</strong></span> <span class='ocrx_word' id='word_1_873' title='bbox 3078 5141 3180 5186; x_wconf 90' lang='lat' dir='ltr'><strong>me,</strong></span> <span class='ocrx_word' id='word_1_874' title='bbox 3235 5125 3428 5192; x_wconf 90' lang='lat' dir='ltr'><strong>inquit,</strong></span> 
     </span>
    </p>
   </div>
   <div class='ocr_carea' id='block_1_103' title="bbox 243 5205 1822 5290">
    <p class='ocr_par' dir='ltr' id='par_1_103' title="bbox 243 5205 1806 5278">
     <span class='ocr_line' id='line_1_103' title="bbox 243 5205 1806 5278; baseline 0.003 -16"><span class='ocrx_word' id='word_1_875' title='bbox 243 5211 402 5264; x_wconf 81' lang='grc' dir='ltr'>τοῦτ’</span> <span class='ocrx_word' id='word_1_876' title='bbox 434 5207 603 5273; x_wconf 76' lang='grc' dir='ltr'>εἷπον,</span> <span class='ocrx_word' id='word_1_877' title='bbox 635 5210 772 5262; x_wconf 85' lang='grc' dir='ltr'>οὑτω</span> <span class='ocrx_word' id='word_1_878' title='bbox 794 5212 882 5262; x_wconf 76' lang='grc' dir='ltr'><strong>καὶ</strong></span> <span class='ocrx_word' id='word_1_879' title='bbox 917 5212 1057 5278; x_wconf 79' lang='grc' dir='ltr'>ὑμῖν·</span> <span class='ocrx_word' id='word_1_880' title='bbox 1087 5205 1214 5257; x_wconf 79' lang='grc' dir='ltr'>ἀλλὰ</span> <span class='ocrx_word' id='word_1_881' title='bbox 1244 5207 1331 5257; x_wconf 79' lang='grc' dir='ltr'><strong>καὶ</strong></span> <span class='ocrx_word' id='word_1_882' title='bbox 1367 5208 1501 5277; x_wconf 86' lang='grc' dir='ltr'>ὑμῖν</span> <span class='ocrx_word' id='word_1_883' title='bbox 1529 5212 1694 5265; x_wconf 84' lang='grc' dir='ltr'>τοῦτο</span> <span class='ocrx_word' id='word_1_884' title='bbox 1720 5216 1806 5266; x_wconf 84' lang='grc' dir='ltr'><strong>λέ-</strong></span> 
     </span>
    </p>
   </div>
   <div class='ocr_carea' id='block_1_104' title="bbox 1924 5205 3430 5290">
    <p class='ocr_par' dir='ltr' id='par_1_104' title="bbox 1926 5218 3430 5290">
     <span class='ocr_line' id='line_1_104' title="bbox 1926 5218 3430 5290; baseline 0.001 -18"><span class='ocrx_word' id='word_1_885' title='bbox 1926 5236 2008 5274; x_wconf 68' lang='lat' dir='ltr'><strong>nou</strong></span> <span class='ocrx_word' id='word_1_886' title='bbox 2050 5223 2169 5290; x_wconf 89' lang='lat' dir='ltr'><strong>quia</strong></span> <span class='ocrx_word' id='word_1_887' title='bbox 2206 5224 2354 5290; x_wconf 87' lang='lat' dir='ltr'><strong>signa</strong></span> <span class='ocrx_word' id='word_1_888' title='bbox 2385 5222 2648 5286; x_wconf 85' lang='lat' dir='ltr'><strong>videritis,</strong></span> <span class='ocrx_word' id='word_1_889' title='bbox 2688 5224 2780 5276; x_wconf 90' lang='lat' dir='ltr'><strong>sed</strong></span> <span class='ocrx_word' id='word_1_890' title='bbox 2822 5222 2943 5288; x_wconf 87' lang='lat' dir='ltr'><strong>quia</strong></span> <span class='ocrx_word' id='word_1_891' title='bbox 2977 5218 3318 5272; x_wconf 88' lang='lat' dir='ltr'><strong>eomederitis</strong></span> <span class='ocrx_word' id='word_1_892' title='bbox 3362 5235 3430 5273; x_wconf 72' lang='lat' dir='ltr'><strong>ex</strong></span> 
     </span>
    </p>
   </div>
   <div class='ocr_carea' id='block_1_105' title="bbox 246 5292 1822 5380">
    <p class='ocr_par' dir='ltr' id='par_1_105' title="bbox 246 5292 1804 5370">
     <span class='ocr_line' id='line_1_105' title="bbox 246 5292 1804 5370; baseline -0.01 -17"><span class='ocrx_word' id='word_1_893' title='bbox 246 5315 362 5368; x_wconf 80' lang='grc' dir='ltr'><strong>γω,</strong></span> <span class='ocrx_word' id='word_1_894' title='bbox 395 5299 458 5350; x_wconf 83' lang='grc' dir='ltr'>οὐ</span> <span class='ocrx_word' id='word_1_895' title='bbox 493 5301 620 5370; x_wconf 81' lang='grc' dir='ltr'>περὶ</span> <span class='ocrx_word' id='word_1_896' title='bbox 657 5299 891 5360; x_wconf 89' lang='grc' dir='ltr'>πλείονος</span> <span class='ocrx_word' id='word_1_897' title='bbox 918 5297 1120 5366; x_wconf 80' lang='grc' dir='ltr'>χρόνου⁸</span> <span class='ocrx_word' id='word_1_898' title='bbox 1152 5292 1283 5345; x_wconf 78' lang='grc' dir='ltr'>οὕτω</span> <span class='ocrx_word' id='word_1_899' title='bbox 1319 5297 1421 5367; x_wconf 77' lang='grc' dir='ltr'>γὰρ</span> <span class='ocrx_word' id='word_1_900' title='bbox 1453 5298 1654 5352; x_wconf 86' lang='grc' dir='ltr'>ἀκούω</span> <span class='ocrx_word' id='word_1_901' title='bbox 1691 5305 1804 5356; x_wconf 80' lang='grc' dir='ltr'>τοῦ.</span> 
     </span>
    </p>
   </div>
   <div class='ocr_carea' id='block_1_106' title="bbox 1924 5292 3434 5380">
    <p class='ocr_par' dir='ltr' id='par_1_106' title="bbox 1924 5309 3434 5380">
     <span class='ocr_line' id='line_1_106' title="bbox 1924 5309 3434 5380; baseline 0.003 -18"><span class='ocrx_word' id='word_1_902' title='bbox 1924 5313 2150 5380; x_wconf 76' lang='lat' dir='ltr'><strong>mnibus,</strong></span> <span class='ocrx_word' id='word_1_903' title='bbox 2187 5319 2238 5367; x_wconf 88' lang='lat' dir='ltr'><strong>et</strong></span> <span class='ocrx_word' id='word_1_904' title='bbox 2267 5314 2485 5366; x_wconf 89' lang='lat' dir='ltr'><strong>saturati</strong></span> <span class='ocrx_word' id='word_1_905' title='bbox 2519 5314 2638 5368; x_wconf 89' lang='lat' dir='ltr'><strong>sitis</strong></span> <span class='ocrx_word' id='word_1_906' title='bbox 2659 5313 2700 5366; x_wconf 83' lang='lat'><strong>&#39;.</strong></span> <span class='ocrx_word' id='word_1_907' title='bbox 2729 5330 2748 5364; x_wconf 71' lang='grc' dir='ltr'><strong>ι</strong></span> <span class='ocrx_word' id='word_1_908' title='bbox 2788 5312 2984 5366; x_wconf 87' lang='lat' dir='ltr'><strong>Deinde</strong></span> <span class='ocrx_word' id='word_1_909' title='bbox 3005 5309 3252 5377; x_wconf 91' lang='lat' dir='ltr'><strong>quoniam</strong></span> <span class='ocrx_word' id='word_1_910' title='bbox 3274 5319 3434 5366; x_wconf 78' lang='lat' dir='ltr'><strong>antea</strong></span> 
     </span>
    </p>
   </div>
   <div class='ocr_carea' id='block_1_107' title="bbox 1917 3332 3440 3399">
    <p class='ocr_par' dir='ltr' id='par_1_107' title="bbox 1917 3332 3440 3399">
     <span class='ocr_line' id='line_1_107' title="bbox 1917 3332 3440 3399; baseline 0.003 -15"><span class='ocrx_word' id='word_1_911' title='bbox 1917 3333 2150 3399; x_wconf 64' lang='lat' dir='ltr'><strong>queritis</strong></span> <span class='ocrx_word' id='word_1_912' title='bbox 2194 3335 2332 3385; x_wconf 91' lang='lat' dir='ltr'><strong>inter</strong></span> <span class='ocrx_word' id='word_1_913' title='bbox 2366 3347 2458 3386; x_wconf 89' lang='lat' dir='ltr'><strong>vos</strong></span> <span class='ocrx_word' id='word_1_914' title='bbox 2481 3372 2496 3397; x_wconf 92' lang='lat'><strong>,</strong></span> <span class='ocrx_word' id='word_1_915' title='bbox 2546 3332 2686 3398; x_wconf 89' lang='lat' dir='ltr'><strong>quod</strong></span> <span class='ocrx_word' id='word_1_916' title='bbox 2721 3332 2828 3385; x_wconf 79' lang='lat' dir='ltr'><strong>dixi</strong></span> <span class='ocrx_word' id='word_1_917' title='bbox 2857 3347 2872 3384; x_wconf 93' lang='lat'><strong>:</strong></span> <span class='ocrx_word' id='word_1_918' title='bbox 2900 3332 3176 3395; x_wconf 87' lang='lat' dir='ltr'><strong>Pusillum,</strong></span> <span class='ocrx_word' id='word_1_919' title='bbox 3225 3341 3280 3387; x_wconf 89' lang='lat' dir='ltr'><strong>et</strong></span> <span class='ocrx_word' id='word_1_920' title='bbox 3332 3349 3440 3388; x_wconf 91' lang='lat' dir='ltr'><strong>non</strong></span> 
     </span>
    </p>
   </div>
   <div class='ocr_carea' id='block_1_108' title="bbox 1916 3422 3437 3490">
    <p class='ocr_par' dir='ltr' id='par_1_108' title="bbox 1916 3422 3437 3490">
     <span class='ocr_line' id='line_1_108' title="bbox 1916 3422 3437 3490; baseline 0.004 -19"><span class='ocrx_word' id='word_1_921' title='bbox 1916 3423 2164 3475; x_wconf 87' lang='lat' dir='ltr'><strong>videbitis</strong></span> <span class='ocrx_word' id='word_1_922' title='bbox 2199 3437 2326 3485; x_wconf 88' lang='lat' dir='ltr'><strong>me;</strong></span> <span class='ocrx_word' id='word_1_923' title='bbox 2358 3433 2412 3476; x_wconf 91' lang='lat' dir='ltr'><strong>et</strong></span> <span class='ocrx_word' id='word_1_924' title='bbox 2447 3423 2634 3475; x_wconf 88' lang='lat' dir='ltr'><strong>iterum</strong></span> <span class='ocrx_word' id='word_1_925' title='bbox 2658 3422 2926 3490; x_wconf 86' lang='lat' dir='ltr'><strong>pusillum,</strong></span> <span class='ocrx_word' id='word_1_926' title='bbox 2953 3432 3007 3474; x_wconf 87' lang='lat' dir='ltr'><strong>et</strong></span> <span class='ocrx_word' id='word_1_927' title='bbox 3034 3423 3274 3476; x_wconf 88' lang='lat' dir='ltr'><strong>videbitis</strong></span> <span class='ocrx_word' id='word_1_928' title='bbox 3312 3439 3437 3477; x_wconf 75' lang='lat' dir='ltr'><strong>nte:</strong></span> 
     </span>
    </p>
   </div>
   <div class='ocr_carea' id='block_1_109' title="bbox 1913 3511 3441 3582">
    <p class='ocr_par' dir='ltr' id='par_1_109' title="bbox 1913 3511 3441 3582">
     <span class='ocr_line' id='line_1_109' title="bbox 1913 3511 3441 3582; baseline 0.001 -18"><span class='ocrx_word' id='word_1_929' title='bbox 1913 3515 2100 3577; x_wconf 88' lang='lat' dir='ltr'><strong>Amen,</strong></span> <span class='ocrx_word' id='word_1_930' title='bbox 2134 3526 2287 3564; x_wconf 88' lang='lat' dir='ltr'><strong>amen</strong></span> <span class='ocrx_word' id='word_1_931' title='bbox 2306 3513 2422 3565; x_wconf 90' lang='lat' dir='ltr'><strong>dico</strong></span> <span class='ocrx_word' id='word_1_932' title='bbox 2442 3512 2589 3565; x_wconf 90' lang='lat' dir='ltr'><strong>vobis</strong></span> <span class='ocrx_word' id='word_1_933' title='bbox 2617 3529 2630 3565; x_wconf 90' lang='lat'><strong>:</strong></span> <span class='ocrx_word' id='word_1_934' title='bbox 2663 3511 2962 3576; x_wconf 80' lang='lat' dir='ltr'><strong>l’lorabitis,</strong></span> <span class='ocrx_word' id='word_1_935' title='bbox 2989 3511 3149 3582; x_wconf 68' lang='grc'><strong>454</strong></span> <span class='ocrx_word' id='word_1_936' title='bbox 3169 3523 3221 3566; x_wconf 92' lang='lat' dir='ltr'><strong>et</strong></span> <span class='ocrx_word' id='word_1_937' title='bbox 3241 3514 3441 3568; x_wconf 83' lang='lat' dir='ltr'><strong>lamen-</strong></span> 
     </span>
    </p>
   </div>
   <div class='ocr_carea' id='block_1_110' title="bbox 1915 3603 3436 3671">
    <p class='ocr_par' dir='ltr' id='par_1_110' title="bbox 1915 3603 3436 3671">
     <span class='ocr_line' id='line_1_110' title="bbox 1915 3603 3436 3671; baseline 0.002 -16"><span class='ocrx_word' id='word_1_938' title='bbox 1915 3603 2154 3657; x_wconf 89' lang='lat' dir='ltr'><strong>tahitnini</strong></span> <span class='ocrx_word' id='word_1_939' title='bbox 2185 3617 2311 3664; x_wconf 85' lang='lat' dir='ltr'><strong>vos;</strong></span> <span class='ocrx_word' id='word_1_940' title='bbox 2345 3603 2574 3656; x_wconf 89' lang='lat' dir='ltr'><strong>mundus</strong></span> <span class='ocrx_word' id='word_1_941' title='bbox 2618 3613 2796 3656; x_wconf 91' lang='lat' dir='ltr'><strong>autem</strong></span> <span class='ocrx_word' id='word_1_942' title='bbox 2829 3604 3108 3671; x_wconf 77' lang='lat' dir='ltr'><strong>gaudebit;</strong></span> <span class='ocrx_word' id='word_1_943' title='bbox 3141 3620 3234 3658; x_wconf 89' lang='lat' dir='ltr'><strong>vos</strong></span> <span class='ocrx_word' id='word_1_944' title='bbox 3260 3619 3436 3659; x_wconf 87' lang='lat' dir='ltr'><strong>autem</strong></span> 
     </span>
    </p>
   </div>
   <div class='ocr_carea' id='block_1_111' title="bbox 1915 3691 3435 3758">
    <p class='ocr_par' dir='ltr' id='par_1_111' title="bbox 1915 3691 3435 3758">
     <span class='ocr_line' id='line_1_111' title="bbox 1915 3691 3435 3758; baseline 0.002 -13"><span class='ocrx_word' id='word_1_945' title='bbox 1915 3707 2143 3746; x_wconf 74' lang='lat' dir='ltr'><strong>nnerore</strong></span> <span class='ocrx_word' id='word_1_946' title='bbox 2171 3691 2492 3758; x_wconf 77' lang='lat' dir='ltr'><strong>aﬂiciemini,</strong></span> <span class='ocrx_word' id='word_1_947' title='bbox 2535 3693 2629 3745; x_wconf 90' lang='lat' dir='ltr'><strong>sed</strong></span> <span class='ocrx_word' id='word_1_948' title='bbox 2672 3705 2877 3744; x_wconf 64' lang='lat' dir='ltr'><strong>maeror</strong></span> <span class='ocrx_word' id='word_1_949' title='bbox 2904 3703 3080 3746; x_wconf 86' lang='lat' dir='ltr'><strong>vester</strong></span> <span class='ocrx_word' id='word_1_950' title='bbox 3111 3705 3345 3747; x_wconf 90' lang='lat' dir='ltr'><strong>vertetur</strong></span> <span class='ocrx_word' id='word_1_951' title='bbox 3383 3697 3435 3748; x_wconf 91' lang='lat' dir='ltr'><strong>in</strong></span> 
     </span>
    </p>
   </div>
   <div class='ocr_carea' id='block_1_112' title="bbox 1913 3779 3434 3851">
    <p class='ocr_par' dir='ltr' id='par_1_112' title="bbox 1913 3779 3434 3851">
     <span class='ocr_line' id='line_1_112' title="bbox 1913 3779 3434 3851; baseline 0.001 -17"><span class='ocrx_word' id='word_1_952' title='bbox 1913 3783 2161 3851; x_wconf 79' lang='lat' dir='ltr'><strong>gaudium</strong></span> <span class='ocrx_word' id='word_1_953' title='bbox 2183 3779 2264 3831; x_wconf 69' lang='grc'><strong>⁸-⁵.</strong></span> <span class='ocrx_word' id='word_1_954' title='bbox 2293 3801 2312 3832; x_wconf 83' lang='grc'><strong>)</strong></span> <span class='ocrx_word' id='word_1_955' title='bbox 2338 3781 2432 3835; x_wconf 85' lang='lat' dir='ltr'><strong>Illo</strong></span> <span class='ocrx_word' id='word_1_956' title='bbox 2476 3781 2614 3836; x_wconf 91' lang='lat' dir='ltr'><strong>enim</strong></span> <span class='ocrx_word' id='word_1_957' title='bbox 2667 3780 2855 3847; x_wconf 82' lang='lat' dir='ltr'><strong>pusillo</strong></span> <span class='ocrx_word' id='word_1_958' title='bbox 2888 3790 3155 3847; x_wconf 86' lang='lat' dir='ltr'><strong>tempore,</strong></span> <span class='ocrx_word' id='word_1_959' title='bbox 3195 3799 3299 3849; x_wconf 84' lang='lat' dir='ltr'><strong>quo</strong></span> <span class='ocrx_word' id='word_1_960' title='bbox 3330 3799 3434 3836; x_wconf 89' lang='lat' dir='ltr'><strong>non</strong></span> 
     </span>
    </p>
   </div>
   <div class='ocr_carea' id='block_1_113' title="bbox 1913 3869 3436 3939">
    <p class='ocr_par' dir='ltr' id='par_1_113' title="bbox 1913 3869 3436 3939">
     <span class='ocr_line' id='line_1_113' title="bbox 1913 3869 3436 3939; baseline -0.003 -13"><span class='ocrx_word' id='word_1_961' title='bbox 1913 3873 2160 3926; x_wconf 89' lang='lat' dir='ltr'><strong>videbant</strong></span> <span class='ocrx_word' id='word_1_962' title='bbox 2189 3886 2333 3934; x_wconf 89' lang='lat' dir='ltr'><strong>eum,</strong></span> <span class='ocrx_word' id='word_1_963' title='bbox 2363 3873 2670 3939; x_wconf 67' lang='lat' dir='ltr'><strong>qumrehant</strong></span> <span class='ocrx_word' id='word_1_964' title='bbox 2710 3869 2912 3924; x_wconf 81' lang='lat' dir='ltr'><strong>Jesum.</strong></span> <span class='ocrx_word' id='word_1_965' title='bbox 2965 3871 3222 3935; x_wconf 80' lang='lat' dir='ltr'><strong>Quocirca</strong></span> <span class='ocrx_word' id='word_1_966' title='bbox 3261 3871 3436 3939; x_wconf 87' lang='lat' dir='ltr'><strong>plora-</strong></span> 
     </span>
    </p>
   </div>
   <div class='ocr_carea' id='block_1_114' title="bbox 1912 3961 3436 4026">
    <p class='ocr_par' dir='ltr' id='par_1_114' title="bbox 1912 3961 3436 4026">
     <span class='ocr_line' id='line_1_114' title="bbox 1912 3961 3436 4026; baseline -0.001 -10"><span class='ocrx_word' id='word_1_967' title='bbox 1912 3964 2058 4026; x_wconf 89' lang='lat' dir='ltr'><strong>bant,</strong></span> <span class='ocrx_word' id='word_1_968' title='bbox 2103 3972 2158 4016; x_wconf 90' lang='lat' dir='ltr'><strong>et</strong></span> <span class='ocrx_word' id='word_1_969' title='bbox 2204 3962 2670 4023; x_wconf 87' lang='lat' dir='ltr'><strong>lamentabantur,</strong></span> <span class='ocrx_word' id='word_1_970' title='bbox 2709 3961 2802 4013; x_wconf 88' lang='lat' dir='ltr'><strong>sed</strong></span> <span class='ocrx_word' id='word_1_971' title='bbox 2836 3974 3070 4014; x_wconf 70' lang='lat' dir='ltr'><strong>mterore</strong></span> <span class='ocrx_word' id='word_1_972' title='bbox 3115 3971 3436 4015; x_wconf 89' lang='lat' dir='ltr'><strong>connnutato</strong></span> 
     </span>
    </p>
   </div>
   <div class='ocr_carea' id='block_1_115' title="bbox 1913 4049 3433 4120">
    <p class='ocr_par' dir='ltr' id='par_1_115' title="bbox 1913 4049 3433 4120">
     <span class='ocr_line' id='line_1_115' title="bbox 1913 4049 3433 4120; baseline -0.001 -14"><span class='ocrx_word' id='word_1_973' title='bbox 1913 4053 2020 4106; x_wconf 86' lang='lat' dir='ltr'><strong>illis</strong></span> <span class='ocrx_word' id='word_1_974' title='bbox 2050 4053 2100 4105; x_wconf 89' lang='lat' dir='ltr'><strong>in</strong></span> <span class='ocrx_word' id='word_1_975' title='bbox 2129 4053 2400 4120; x_wconf 86' lang='lat' dir='ltr'><strong>gaudium,</strong></span> <span class='ocrx_word' id='word_1_976' title='bbox 2428 4051 2742 4119; x_wconf 90' lang='lat' dir='ltr'><strong>implebatur</strong></span> <span class='ocrx_word' id='word_1_977' title='bbox 2761 4060 2886 4104; x_wconf 92' lang='lat' dir='ltr'><strong>tunc</strong></span> <span class='ocrx_word' id='word_1_978' title='bbox 2915 4051 3041 4103; x_wconf 91' lang='lat' dir='ltr'><strong>illud</strong></span> <span class='ocrx_word' id='word_1_979' title='bbox 3077 4067 3091 4104; x_wconf 88' lang='lat'><strong>:</strong></span> <span class='ocrx_word' id='word_1_980' title='bbox 3127 4049 3221 4102; x_wconf 84' lang='lat' dir='ltr'><strong>«Et</strong></span> <span class='ocrx_word' id='word_1_981' title='bbox 3243 4051 3433 4104; x_wconf 84' lang='lat' dir='ltr'><strong>iterum</strong></span> 
     </span>
    </p>
   </div>
   <div class='ocr_carea' id='block_1_116' title="bbox 2642 5422 2688 5451">
    <p class='ocr_par' dir='ltr' id='par_1_116' title="bbox 2642 5422 2688 5451">
     <span class='ocr_line' id='line_1_116' title="bbox 2642 5422 2688 5451; baseline 0 -13"><span class='ocrx_word' id='word_1_982' title='bbox 2642 5422 2688 5451; x_wconf 42' lang='lat' dir='ltr'>ﬁ;</span> 
     </span>
    </p>
   </div>
   <div class='ocr_carea' id='block_1_117' title="bbox 331 5425 1933 5507">
    <p class='ocr_par' dir='ltr' id='par_1_117' title="bbox 331 5425 1933 5507">
     <span class='ocr_line' id='line_1_117' title="bbox 331 5425 1933 5507; baseline 0.006 -22"><span class='ocrx_word' id='word_1_983' title='bbox 331 5438 354 5466; x_wconf 74' lang='grc'>⁸</span> <span class='ocrx_word' id='word_1_984' title='bbox 384 5434 428 5487; x_wconf 85' lang='lat' dir='ltr'><strong>ll</strong></span> <span class='ocrx_word' id='word_1_985' title='bbox 453 5437 574 5489; x_wconf 90' lang='lat' dir='ltr'><strong>Cor.</strong></span> <span class='ocrx_word' id='word_1_986' title='bbox 603 5450 675 5499; x_wconf 74' lang='lat' dir='ltr'><strong>vn,</strong></span> <span class='ocrx_word' id='word_1_987' title='bbox 713 5434 792 5486; x_wconf 79' lang='grc'><strong>15.</strong></span> <span class='ocrx_word' id='word_1_988' title='bbox 865 5430 928 5468; x_wconf 76' lang='grc'><strong>⁸-⁸</strong></span> <span class='ocrx_word' id='word_1_989' title='bbox 952 5427 1096 5480; x_wconf 83' lang='lat' dir='ltr'><strong>Joan.</strong></span> <span class='ocrx_word' id='word_1_990' title='bbox 1121 5438 1223 5485; x_wconf 80' lang='lat' dir='ltr'><strong>xvt,</strong></span> <span class='ocrx_word' id='word_1_991' title='bbox 1253 5425 1414 5482; x_wconf 70' lang='lat'><strong>16-20.</strong></span> <span class='ocrx_word' id='word_1_992' title='bbox 1498 5432 1523 5462; x_wconf 88' lang='grc'><strong><em>⁷</em></strong></span> <span class='ocrx_word' id='word_1_993' title='bbox 1561 5432 1726 5490; x_wconf 85' lang='lat' dir='ltr'><strong>Joan.</strong></span> <span class='ocrx_word' id='word_1_994' title='bbox 1761 5455 1831 5507; x_wconf 78' lang='lat' dir='ltr'><strong>vi,</strong></span> <span class='ocrx_word' id='word_1_995' title='bbox 1853 5442 1933 5496; x_wconf 73' lang='lat'><strong>‘36.</strong></span> 
     </span>
    </p>
   </div>
   <div class='ocr_carea' id='block_1_118' title="bbox 336 5553 1396 5632">
    <p class='ocr_par' dir='ltr' id='par_1_118' title="bbox 336 5553 1396 5632">
     <span class='ocr_line' id='line_1_118' title="bbox 336 5553 1396 5632; baseline -0.008 -10"><span class='ocrx_word' id='word_1_996' title='bbox 336 5569 442 5632; x_wconf 76' lang='lat'><strong>(52)</strong></span> <span class='ocrx_word' id='word_1_997' title='bbox 473 5569 642 5623; x_wconf 78' lang='lat' dir='ltr'><strong>Codex</strong></span> <span class='ocrx_word' id='word_1_998' title='bbox 675 5563 882 5630; x_wconf 73' lang='lat' dir='ltr'><strong>Regius,</strong></span> <span class='ocrx_word' id='word_1_999' title='bbox 913 5555 1056 5616; x_wconf 86' lang='lat' dir='ltr'><strong>male,</strong></span> <span class='ocrx_word' id='word_1_1000' title='bbox 1091 5553 1204 5617; x_wconf 71' lang='grc' dir='ltr'>μετ’</span> <span class='ocrx_word' id='word_1_1001' title='bbox 1227 5557 1396 5613; x_wconf 77' lang='grc' dir='ltr'>αὑτοῦ.</span> 
     </span>
    </p>
   </div>
  </div>
