3836 6218
285 285 392 339 8‘29

1334 292 1746 348 FRAGMENTA
1784 293 1850 347 ΙΝ
1889 293 2065 348 ACTA
2102 294 2338 350 APOST.

3329 293 3432 346 830

284 396 441 487 λεται
603 399 750 469 αὑτῷ
787 401 1066 466 ἀξιώσαντι
1119 405 1412 475 μνησθῆναι
1461 408 1619 460 αὐτοῦ
1654 411 1709 461 ἐν
1748 412 1812 478 τῇ

1937 408 2250 472 νοειιιιιιῐιιιιι,
2283 409 2452 474 hodie,
2483 409 2534 462 in
2560 407 2838 476 Scriptura
2873 406 3162 462 extendere
3195 421 3432 476 praesens

287 485 538 555 βασιλείᾳ
565 486 656 539 τοῦ
704 488 836 542 Θεοῦ
879 493 936 544 τὸ
967 495 1021 547 ἐν
1046 493 1121 562 τῷ
1167 494 1469 562 ἐνεστηκότι
1509 497 1658 550 αἰῶνι
1705 498 1814 567 ’πρὸ

283 573 380 626 τοῦ
414 575 692 643 μέλλοντος
723 582 936 650 ποιῆσαι
972 583 1125 635 αὑτὸν
1151 583 1394 650 γενέσθαι
1429 587 1524 638 σὺν
1549 586 1814 656 αὑτῷ(58)

285 663 345 716 ὲν
373 667 441 734 τῇ
466 665 704 738 βασιλείᾳ
737 670 828 720 τοῦ
861 671 1008 726 Θεοῦ.
1055 672 1208 725 Ἀλλὰ
1240 674 1394 726 τοῦτο
1423 676 1519 744 μὲν
1541 675 1625 727 διὰ
1655 676 1815 745 μέσου

284 753 344 804 ὲν
395 757 732 824 παρεκϐάσει
760 762 838 822 εἰς
884 762 941 813 τὺ
981 763 1360 833 προειρημένον
1397 764 1625 835 εἰρήσθω
1648 782 1662 796 ·
1709 767 1817 828 τοῖς

285 843 343 894 δὲ
371 843 640 913 μαθηταῖς
667 848 967 903 ἀκολουθεῖν
1001 851 1328 921 βουλομένοις
1375 853 1452 924 τῷ
1487 853 1680 924 Ἰησοῦ,
1724 856 1819 924 οὐχ

285 934 362 996 ὡς
410 933 478 986 ἂν
523 937 572 988 οἱ
621 937 966 1010 ἁπλούστεροι
997 942 1304 996 ὑπολάϐοιεν
1343 945 1676 1014 σωματικῶς,
1707 945 1818 998 ἀλλ’

285 1023 362 1084 ὡς
409 1023 562 1092 δηλοῖ
592 1027 651 1078 τό
675 1043 687 1054 ’
719 1045 737 1076 ι
780 1029 871 1090 Ὃς
916 1029 979 1083 ἂν
1011 1031 1084 1101 μὴ
1116 1033 1221 1104 ἄρῃ
1258 1032 1347 1086 τὸν
1388 1034 1610 1105 σταυρὸν
1636 1035 1817 1100 αὑτοῦ,

287 1112 382 1163 καὶ
413 1113 750 1185 ἀκολουθήσῃ
779 1117 948 1169 ὀπίσω
984 1136 1104 1187 μου,
1127 1121 1223 1172 οὐκ
1257 1121 1368 1173 ἔστι
1399 1139 1497 1191 μου
1521 1120 1662 1185 ἄξιος
1685 1118 1820 1175 εἶναι

290 1202 557 1273 μαθητὴς,
592 1223 611 1255 ι
647 1207 777 1276 φησὶ
806 1208 897 1260 νῦν
925 1211 952 1260 ὁ
981 1211 1174 1280 Κύριος
1202 1213 1301 1276 ὅτι,
1337 1215 1534 1266 «Ὅπου
1559 1216 1665 1282 ἐγὼ
1688 1217 1822 1269 ὑπά-

290 1310 395 1360 γω,
429 1296 591 1364 ὑμεῖς
629 1297 690 1348 οὐ
717 1297 938 1351 δύνασθε
986 1300 1154 1352 ἐλθεῖν
1183 1300 1332 1370 ἄρτιο
1375 1323 1394 1354 ι
1429 1306 1475 1356 εἰ
1516 1305 1621 1374 γὰρ
1673 1305 1822 1358 €606-

287 1384 441 1436 λοντο
474 1386 785 1440 ἀκολουθεῖν
825 1389 901 1458 τῷ
933 1391 1106 1458 Λόγῳ,
1137 1391 1228 1443 καὶ
1258 1391 1528 1461 ὁμολογεῖν
1560 1395 1714 1446 αὐτὸν
1750 1395 1821 1464 μὴ

289 1475 769 1546 σκανδαλιζόμενοι
824 1482 879 1530 ἐν
929 1481 1092 1548 αὐτῷ,
1143 1481 1254 1532 ἀλλ’
1302 1483 1398 1535 οὐκ
1452 1482 1694 1536 ὲδύναντό
1739 1502 1824 1536 πω

1914 508 2124 568 tempus
2162 499 2216 552 in
2263 507 2431 553 totum
2473 499 2745 564 saeculum,
2798 508 2854 551 ut
2895 499 2947 551 in
2992 497 3162 551 illud:
3191 515 3210 547 ι
3247 497 3432 551 Divul-

1912 597 2087 659 gatum
2120 599 2202 642 est
2225 589 2326 643 hoc
2347 588 2566 642 verbum
2600 589 2738 657 apud
2764 588 3424 658 Judmosusquebodie“;i

1913 688 1999 733 et:
2040 699 2056 729 ‹
2084 679 2179 732 llic
2198 685 2279 732 est
2305 687 2456 746 pater
2472 678 2818 732 Moabilarum
2843 678 3079 748 usquein
3111 678 3430 732 hodiernum

1914 768 2052 822 diem
2073 768 2141 831 ¹⁶;
2173 784 2190 816 ›
2215 772 2302 819 et:
2327 784 2344 816 ι
2375 765 2544 821 Hodie
2575 768 2620 821 si
2657 783 2840 822 vocem
2881 767 2996 836 ejus
3030 767 3338 832 audieritis,
3367 782 3434 823 ne

1916 857 2174 910 recedatis
2203 870 2233 908 a
2281 855 2502 909 Domino
2537 856 2598 907 ιτ.
2642 874 2662 908 ι
2700 855 2882 925 Itaque
2924 857 3097 910 oranti
3137 855 3329 910 latroni
3378 867 3435 909 ut

1915 945 1996 1000 sui
2029 944 2281 999 memoria
2297 945 2560 999 habeatur
2584 944 2638 997 in
2671 959 2830 1014 regno
2858 945 2973 1010 Dei,
3004 945 3262 1014 promittit
3285 945 3437 998 Chri-

1916 1045 2028 1090 stus
2059 1035 2112 1088 in
2148 1034 2402 1088 vocabulo
2439 1035 2591 1087 hodie
2628 1048 2686 1089 se
2718 1035 3012 1100 facturum,
3054 1044 3114 1089 ut
3155 1035 3293 1088 latro
3325 1037 3437 1104 ipse

1917 1139 2092 1180 secum
2121 1124 2190 1178 sit
2215 1125 2266 1177 in
2290 1139 2450 1193 regno
2467 1125 2557 1178 Dei
2586 1125 2639 1177 in
2666 1125 2910 1192 praesenti
2937 1125 3126 1178 saecqu
3146 1134 3271 1178 ante
3297 1124 3438 1177 futu-

1919 1230 2056 1267 rum.
2097 1213 2198 1267 Sed
2241 1215 2339 1268 hoc
2377 1229 2470 1280 per
2506 1214 2886 1283 digressionem
2931 1214 3128 1268 dictum
3179 1215 3248 1268 sit
3288 1214 3343 1268 in
3387 1215 3438 1268 id

1919 1319 2022 1371 quo
2047 1307 2113 1357 de
2137 1305 2359 1372 agimus.
2383 1305 2449 1356 At
2477 1318 2602 1357 vero
2642 1302 2914 1371 discipulis
2945 1302 3247 1357 volentibus
3285 1304 3440 1371 sequi

1919 1391 2118 1457 Jesum,
2173 1409 2277 1446 non
2315 1402 2373 1445 ut
2416 1392 2762 1460 simpliciores
2805 1403 3026 1457 rentur,
3069 1391 3438 1459 corporaliter,

1920 1482 2011 1534 sed
2043 1491 2098 1534 ut
2119 1480 2382 1549 signiﬁcat
2412 1481 2537 1534 illud
2569 1481 2611 1511 ¹⁸
2639 1496 2653 1532 :
2693 1497 2712 1530 ι
2748 1479 2848 1545 Qui
2881 1496 2983 1534 non
3011 1480 3194 1533 tulerit
3227 1496 3440 1534 crucem

286 1564 445 1617 τοῦτο
489 1570 662 1617 ποιεῖν
687 1586 700 1597 ·
739 1586 758 1619 ι
797 1567 957 1621 Οὔπω
988 1570 1093 1640 γὰρ
1128 1565 1193 1639 ἦν
1228 1572 1464 1642 Πνεῦμα,
1492 1574 1570 1624 ὅτι
1627 1572 1824 1640 Ἰησοῦς

1937 1586 2089 1636 suam,
2113 1580 2166 1624 et
2197 1585 2280 1624 me
2304 1571 2613 1624 subsecutus
2637 1571 2813 1636 fuerit,
2840 1585 2944 1624 non
2976 1579 3057 1623 est
3080 1571 3272 1637 dignus
3296 1585 3442 1623 meus

288 1656 438 1711 οὔπω
490 1657 770 1728 ἐδοξάσθη.
817 1661 924 1713 Καὶ
947 1662 1114 1724 οὐδεὶς
1152 1663 1367 1715 δύναται
1410 1665 1600 1724 εἰπεῖν,
1627 1662 1825 1731 Κύριος

1937 1678 2040 1718 asse
2072 1661 2387 1731 discipulus,
2437 1681 2456 1713 ι
2500 1664 2669 1730 inquit
2701 1678 2840 1716 nunc
2879 1664 3133 1717 Dominus
3159 1664 3201 1694 η
3231 1679 3247 1717 :
3283 1682 3300 1714 ι
3331 1662 3446 1728 Quo

301 1745 532 1814 Ἰησοῦς,
566 1749 614 1799 εἰ
646 1747 721 1818 μὴ
750 1750 805 1802 ἐν
828 1750 1094 1820 Πνεύματι
1120 1752 1274 1823 ἁγίῳ.
1309 1772 1328 1805 ι
1357 1755 1568 1806 Ἀπεισι
1595 1755 1651 1806 δὲ
1677 1757 1704 1807 ὁ
1729 1755 1827 1807 Λό-

1937 1769 2018 1821 rgo
2041 1753 2188 1816 abeo,
2214 1767 2308 1806 vos
2330 1768 2430 1806 non
2448 1753 2665 1818 potestis
2680 1752 2837 1822 456
2858 1753 3041 1807 venire
3067 1768 3226 1808 nunc.
3261 1772 3280 1804 ›
3312 1752 3444 1805 Nam

291 1851 384 1901 γος
414 1835 518 1897 τὰς
545 1836 738 1888 ἑαυτοῦ
769 1839 983 1908 πορείας
1003 1857 1016 1870 ·
1065 1843 1156 1894 καὶ
1201 1842 1471 1895 ἀκολουθεῖ
1505 1843 1598 1912 μὲν
1629 1842 1772 1912 αὐτῷ
1799 1843 1827 1894 ὁ

1937 1842 2126 1896 etiamsi
2151 1841 2298 1912 sequi
2342 1841 2587 1895 volebant
2614 1843 2840 1895 Verbum
2867 1842 2956 1896 Dei
2987 1843 3202 1905 Filium,
3233 1851 3288 1896 et
3312 1857 3446 1894 con-

291 1924 447 1994 Λόγῳ
478 1925 746 1994 ἑπόμενος
761 1945 774 1957 ·
793 1929 851 1979 οὐ
875 1928 1086 1982 δύναται
1107 1929 1161 1981 δὲ
1186 1931 1484 1984 ἀκολουθεῖν
1506 1934 1534 1984 ὁ
1562 1933 1633 2001 μὴ
1655 1933 1830 2002 εὐτρε-

1937 1929 2058 1982 literi
2091 1945 2208 1983 eum
2247 1945 2350 1984 non
2387 1929 2571 1984 oll'ensi
2608 1944 2766 1984 causa
2807 1931 3002 1998 ipsius,
3038 1933 3269 1984 nondum
3301 1940 3450 1999 pote-

295 2014 560 2084 πισμένος
581 2014 743 2080 ἀξίως
769 2017 926 2069 αὑτοῦ
953 2019 1026 2080 ὡς
1052 2020 1168 2071 κατ’
1210 2019 1327 2089 ἴχνη
1351 2020 1458 2090 (59)
1509 2020 1704 2089 βαίνειν
1738 2019 1828 2072 τοῦ

1937 2029 2048 2073 rant
2079 2029 2254 2074 tamen
2291 2022 2390 2076 hoc
2417 2021 2640 2074 facere:
2677 2037 2696 2070 ι
2733 2019 2970 2073 Nondum
3000 2022 3142 2074 enim
3177 2031 3294 2074 erat
3327 2020 3450 2089 Spi-

294 2109 449 2173 λόγου
525 2106 839 2175 ὁδηγοῦντος
899 2110 1030 2180 πρὸς
1081 2109 1170 2161 τὸν
1225 2109 1410 2161 ἑαυτοῦ
1455 2110 1671 2180 Πατέρα
1709 2111 1831 2172 τοὺς

293 2196 469 2248 πάντα
515 2196 864 2264 πράττοντας,
894 2197 977 2249 ἵνα
1009 2199 1102 2250 καὶ
1126 2198 1377 2251 δύνωνται
1409 2199 1549 2268 αὐτῷ
1589 2198 1830 2261 ἕπεσθαι,

251 2273 268 2300 ‘
293 2286 385 2335 καὶ
429 2283 798 2336 ἀκολουθῶσιν
833 2284 995 2354 αὐτῷ,
1041 2285 1142 2348 ἓως
1168 2284 1231 2338 ἂν
1262 2286 1368 2356 (60)
1401 2288 1617 2340 εἴπωσιν
1671 2285 1830 2349 ἀξίως

293 2372 368 2441 τῷ
389 2371 645 2442 Χριστῷ·
694 2390 712 2421 ι
752 2372 1038 2443 Ἐκολλήθη
1069 2374 1239 2426 ὀπίσω
1267 2391 1354 2426 σου
1401 2376 1432 2443 ἡ
1474 2374 1616 2444 ψυχή
1653 2391 1769 2444 μου.
1807 2393 1827 2424 ι

308 2462 582 2531 Ἀυτάρκη
613 2463 671 2514 δὲ
701 2465 1040 2534 περιγραφὴν
1073 2465 1349 2534 εἰληφότος
1383 2465 1476 2517 τοῦ
1511 2465 1588 2516 λεν
1618 2465 1723 2517 τῶν
1754 2465 1830 2527 εἰς

295 2553 356 2605 τὸ
409 2553 553 2606 κατά
597 2553 846 2623 Ἰωάννην
903 2553 1223 2622 Εὑαγγὲλιον
1270 2554 1616 2625 ὲξηγητικῶν,
1671 2554 1830 2607 αὐτοῦ

296 2660 396 2694 που
424 2642 848 2713 καταπαύσομεν
867 2644 954 2698 τὸν
975 2643 1146 2713 λόγον.

1928 2111 2231 2179 ritus,qnod
2254 2112 2482 2166 nondum
2499 2111 2802 2165 esselJesus
2831 2111 3156 2180 gloriﬁcatus
3183 2111 3248 2164 ’°.
3279 2131 3300 2163 ι
3325 2129 3345 2162 ι
3384 2113 3450 2166 Ει

1935 2198 2106 2252 nullus
2137 2209 2311 2266 potest
2331 2199 2526 2263 dicere,
2559 2201 2808 2254 Dominus
2834 2199 3014 2262 Jesus,
3043 2201 3139 2252 nisi
3168 2201 3217 2252 in
3247 2199 3448 2267 Spiritu

1926 2296 2107 2342 sancto
2154 2289 2248 2341 ³⁸.»
2279 2289 2536 2344 Czeterum
2564 2291 2861 2359 abitAéyo;
2890 2290 2980 2360 [id
3003 2298 3086 2343 est
3111 2289 3279 2343 Filius
3297 2287 3447 2360 Dei,]

1928 2390 2152 2444 pergens
2182 2377 2245 2430 ad
2279 2393 2373 2432 sua
2404 2378 2618 2442 itinera,
2656 2395 2812 2448 quem
2845 2379 3062 2447 quidem
3095 2379 3333 2446 sequitur
3361 2378 3450 2445 qui

1926 2460 2098 2530 λόγον,
2145 2461 2282 2533 [Ιιοο
2326 2475 2408 2518 est
2447 2466 2762 2533 rationem,]
2796 2467 3067 2535 sequitur;
3116 2481 3219 2520 non
3274 2473 3448 2533 potest

1927 2567 2059 2606 vero
2081 2554 2249 2619 sequi,
2280 2555 2368 2622 qui
2385 2554 2614 2615 seipsum
2631 2571 2732 2609 non
2763 2556 3138 2624 pra'paraverit
3158 2568 3252 2621 pro
3280 2552 3452 2621 digni~

1931 2652 2036 2697 tate
2064 2643 2227 2707 illius,
2266 2643 2331 2696 ad
2361 2658 2509 2696 suum
2543 2644 2708 2712 ipsius
2742 2645 2954 2698 Patrem
3004 2643 3316 2698 adducentis
3357 2655 3453 2695 eos

298 2737 385 2803 qui
418 2738 557 2792 nihil
589 2753 697 2792 non
731 2711 892 2806 agunt
922 2747 981 2791 ut
1022 2711 1224 2806 possint
1270 2711 1416 2792 illum
1459 2737 1630 2807 sequi,
1676 2747 1728 2792 et
1755 2746 2050 2806 sequuntur
2081 2750 2222 2800 eum,
2264 2735 2472 2800 donec,
2518 2747 2576 2790 ut
2619 2737 2834 2792 Christo
2891 2739 3105 2806 dignum
3134 2744 3216 2790 est
3236 2735 3454 2790 dicant:

302 2847 323 2879 ι
372 2827 617 2880 Adhaesit
643 2826 820 2879 anima
851 2841 968 2879 mea
1000 2833 1118 2893 post
1166 2834 1217 2879 te
1235 2828 1298 2878 ι’.
1332 2845 1354 2879 ι
1397 2824 1590 2880 Verum
1609 2840 1728 2879 cum
1768 2825 2026 2878 secundus
2057 2833 2110 2876 et
2132 2824 2429 2878 tricesimus
2456 2834 2626 2877 tomus
2655 2824 3094 2892 Explanationum
3132 2825 3181 2877 in
3212 2824 3454 2894 Evange-

309 2917 431 2970 lium
469 2934 498 2971 ιι
552 2917 768 2972 Joanne
816 2917 1063 2970 traditum
1114 2918 1462 2972 suﬂicientem
1508 2917 1845 2986 scriptionem
1876 2917 2158 2984 acceperit,
2195 2917 2338 2970 illius
2368 2931 2663 2970 sermonem
2696 2918 2781 2970 hic
2810 2918 3053 2972 ﬁniemus
3081 2917 3212 2986 (61).

301 3009 628 3063 Λείπουσιν
655 3010 710 3060 οἱ
732 3008 893 3074 τόμοι
927 3006 1262 3072 τριακοστὸς
1285 3007 1492 3073 τρίτος,
1532 3007 1627 3058 καὶ
1653 3007 1992 3072 τριακοστὸς
2016 3004 2302 3072 τέταρτος.
2330 3006 2426 3058 καὶ
2452 3005 2790 3072 τριακοστὸς
2807 3006 3082 3074 πέμπτος,
3115 3007 3208 3060 καὶ
3237 3021 3458 3073 τριακο·

555 3079 706 3141 στὸς
727 3073 916 3140 ἕκτος,
949 3076 1044 3127 καὶ
1068 3075 1405 3142 τριακοστὸς
1436 3074 1695 3143 ἕϐδομος,
1720 3074 1814 3127 καὶ
1843 3073 2181 3142 τριακοστὸς
2208 3074 2429 3142 ὄγδοος,
2454 3075 2550 3126 καὶ
2569 3073 2910 3140 τριακοστὸς
2937 3076 3160 3139 ἔνατος.

1762 3328 1857 3380 ΕΚ
1880 3328 2014 3380 ΤΩΝ

639 3452 1238 3538 ΩΡΙΓΕΝΟΥΣ
1273 3454 1439 3538 ΕΙΣ
1473 3449 1672 3537 ΤΑΣ
1708 3443 2167 3537 ΠΡΑΞΕΙΣ
2202 3452 2420 3538 ΤΩΝ
2449 3452 3135 3538 ΑΠΟΣΤΟΛΩΝ.

1433 3703 1616 3812 ΕΧ
1693 3700 2344 3814 ORIGENIS

846 3899 1400 3988 HOMlLllS
1474 3899 1594 3985 IN
1669 3897 1950 3986 ACTA
2016 3892 2882 3984 APOSTOLORUM
2967 3875 3111 3976 (62).

529 4142 625 4192 Ἐκ
654 4135 761 4204 τῆς
791 4139 877 4200 εἰς
901 4135 1004 4199 τὰς
1039 4133 1283 4202 Πράξεις
1315 4134 1545 4202 ὁμιλίας
1572 4134 1641 4188 δ’.

381 4230 540 4285 Ἔδει
572 4225 951 4308 πτῑηρωθῆναι
984 4224 1094 4291 τὴν
1119 4223 1383 4292 Γραφὴν,
1419 4223 1496 4290 ἣν
1521 4224 1754 4292 προεῖπε
1776 4225 1840 4277 τὸ

308 4321 553 4389 Πνεῦμα
582 4319 647 4371 τὸ
681 4317 846 4384 ἅγιον
869 4314 965 4367 διὰ
991 4315 1277 4381 στόματος
1296 4313 1469 4366 Δαυῒδ
1492 4315 1619 4380 περὶ
1643 4314 1840 4366 Ἰούδα·

379 4434 423 4466 ¹⁸
465 4431 658 4485 Matth.
697 4443 881 4488 txvm,
912 4426 999 4479 15.

2319 4131 2367 4186 Ε
2392 4141 2577 4204 quarta
2603 4131 2816 4184 homilia
2851 4132 2904 4182 in
2933 4131 3079 4184 Acta.

2012 4221 2169 4293 457
2193 4223 2462 4292 Oportebat
2483 4223 2679 4291 impleri
2693 4221 3035 4287 Scripturam,
3051 4237 3202 4290 quam
3219 4221 3461 4289 prwdixc~

1947 4326 2029 4368 rat
2052 4315 2275 4384 Spiritus
2301 4325 2509 4369 sanctus
2528 4331 2618 4384 per
2647 4331 2702 4366 os
2734 4312 2898 4366 David
2918 4313 2981 4365 de
2999 4313 3140 4365 Juda
3171 4313 3215 4343 ”
3238 4327 3252 4362 :
3284 4313 3337 4365 in
3358 4328 3463 4381 quo

1076 4425 1118 4455 '°
1153 4421 1286 4477 Gen.
1347 4437 1461 4483 ιιι,
1500 4422 1588 4477 37.
1664 4424 1703 4454 ⁸⁷
1746 4423 1832 4478 Psa

1937 4440 2076 4490 χειν,
2125 4427 2178 4480 8.
2253 4425 2296 4456 ¹⁸
2349 4425 2531 4479 Matth.
2580 4425 2752 4489 x,58.
2828 4424 2871 4456 ¹⁹
2906 4422 3058 4479 Joan.
3087 4438 3204 4491 xm,
3254 4423 3342 4478 33.
3417 4423 3464 4456 ”

308 4501 465 4556 Joan.
494 4516 597 4564 vu,
622 4499 710 4553 39.
785 4500 828 4528 “
866 4495 888 4548 Ι
918 4495 1038 4550 Cor.
1070 4508 1165 4558 XII,
1186 4493 1238 4547 '5.
1311 4493 1356 4522 “
1381 4491 1518 4544 Psal.
1554 4507 1683 4554 an,
1717 4492 1770 4546 9.

1937 4495 2096 4559 λεια,
2131 4495 2215 4548 16.

380 4615 496 4682 (57)
528 4613 713 4667 Codex
745 4610 957 4682 Regius,
980 4605 1082 4659 ἀπὸ
1108 4603 1197 4656 τοῦ
1220 4605 1276 4682 ἐν
1304 4605 1368 4682 τῇ
1401 4604 1638 4682 σῄμερον
1670 4605 1846 4682 ἡμέρᾳ

309 4670 753 4751 ἐπαγῇἐλλεται.-
785 4670 1010 4751 "ﬁdi-tm
1043 4688 1137 4742 pro
1197 4670 1366 4740 αὐτῷ
1390 4670 1847 4738 ἀξιώσαντι,’ΐυιίὸ

311 4742 661 4806 δριίὑόιιιιιιιιι
690 4742 755 4800 αὖ
787 4746 864 4814 τῷ
884 4743 1193 4814 ἀξιώσαντι2

382 4821 495 4885 (58)
525 4820 652 4872 Σὺν
673 4807 934 4885 αὐτῷξνιιι
962 4812 1143 4885 codice
1173 4810 1334 4885 Regio
1364 4809 1506 4885 deest
1537 4807 1650 4860 σύν.

384 4823 473 4885 (58
525 4821 652 4872 Σὺν
673 4821 847 4878 αὐτῷ.
881 4821 934 4866 Ιιι
962 4821 1143 4864 codice
1173 4821 1334 4878 Regio
1364 4821 1506 4861 deest
1537 4821 1650 4860 συν.

384 4821 499 4954 (59;
530 4889 712 4940 Codex
736 4884 956 4952 Regius,
993 4879 1423 4948 εὐτρεπισμένος,
1451 4876 1586 4930 ὥστε
1630 4878 1852 4941 εὐτόνως

313 4958 596 5028 κατ’ᾂνη·
693 5020 774 5028 __.
901 5016 939 5028 _
1044 5016 1096 5028 ᾗ.
1235 5015 1267 5028 ..
1361 5013 1399 5028 ,ι
1477 5013 1490 5026 .

387 5013 506 5092 (66$
544 5013 654 5076 "'Ar
674 5020 870 5092 ἀξίως.
887 5016 1058 5092 _I_)eest
1083 5016 1134 5092 in
1155 5015 1335 5092 codice
1361 5013 1548 5092 Regio.

388 5083 508 5162 (61)
535 5083 852 5162 Ambrosius
887 5084 1164 5162 ferrarius
1200 5084 1251 5137 in
1276 5083 1379 5162 line
1399 5083 1850 5162 interpretationis

319 5151 428 5217 sua;
454 5151 536 5216 sic
566 5160 824 5212 lectorem
858 5152 1144 5218 alloquitur
1173 5167 1186 5202 :
1240 5170 1258 5202 ι
1285 5151 1474 5204 Lector
1498 5151 1684 5214 amice,
1711 5153 1848 5208 scito

320 5248 404 5283 me
438 5232 494 5283 in
527 5230 633 5282 hoc
656 5226 790 5279 libro
811 5222 1065 5274 vertendo
1090 5235 1294 5273 summa
1320 5235 1468 5272 usum
1491 5234 1606 5273 esse
1626 5220 1745 5284 ﬂde,
1781 5237 1844 5276 ac

325 5297 630 5367 diligentia,
653 5303 711 5367 ιιι
735 5291 871 5367 nihil
909 5302 1120 5367 prorsus
1145 5289 1214 5340 sit
1259 5289 1603 5367 immutatum.
1629 5288 1709 5367 ab
1757 5303 1840 5354 eo,

326 5353 470 5435 quod
501 5353 693 5435 scribit
723 5353 948 5435 Auctor.
981 5353 1512 5435 Scitoprmtereame
1535 5355 1663 5435 nihil
1697 5353 1842 5410 inve.

331 5423 475 5489 {tisse
503 5433 558 5485 in
594 5431 696 5484 hoc
722 5429 882 5488 libro,
927 5425 1064 5490 quod
1097 5424 1336 5476 videatur
1389 5423 1617 5477 decretis
1651 5435 1847 5478 sancta:

329 5503 521 5556 matris
543 5497 801 5553 Ecclesia:
824 5492 1122 5554 adversari;
1159 5507 1280 5544 nam
1304 5493 1347 5544 si
1388 5491 1732 5555 invenissem,
1759 5502 1850 5546 aut

332 5571 527 5624 librum
581 5583 686 5621 non
712 5561 1018 5622 vertissem,
1049 5569 1138 5614 aut
1181 5560 1352 5616 locum
1389 5559 1682 5624 signassem
1734 5574 1848 5616 sus-

1953 4614 2187 4672 pectum.
2218 4602 2417 4657 Tamen
2450 4604 2628 4658 omnia
2655 4603 2856 4669 judicio
2881 4602 3119 4671 subjecta
3165 4617 3281 4658 esse
3309 4604 3462 4658 velim

1953 4673 2301 4725 sanctissime
2353 4674 2536 4726 matris
2588 4673 2855 4737 Ecclesia),
2909 4683 2962 4725 et
3009 4673 3232 4738 quilibet
3283 4683 3460 4736 caute,

1951 4749 2004 4810 et
2038 4741 2371 4807 cntnjudicio
2405 4742 2561 4810 legat.
2601 4761 2618 4792 ι
2651 4741 2823 4810 |n_qua
2854 4740 3071 4810 solemni
3113 4739 3464 4810 obtestatione

1953 4808 2182 4863 Ferrarii
2211 4810 2426 4869 candor.
2461 4807 2546 4860 'vel
2584 4808 2922 4874 intelligentia
2953 4823 3127 4859 rerum
3182 4807 3332 4860 valde
3382 4809 3462 4858 vi-

1955 4878 2145 4930 dentur
2169 4878 2499 4945 requirenda.
2523 4876 2658 4945 Nam
2675 4886 3021 4942 prmterquam
3071 4875 3208 4941 quod
3244 4874 3460 4945 paucula

1957 4945 2195 5012 quaedam
2234 4943 2316 5000 vel
2359 4962 2385 4997 a
2413 4945 2607 4998 Graecis
2634 4944 2866 5012 dissona,
2891 4946 2969 4995 vel
3007 4956 3124 4995 cum
3170 4943 3458 5010 superiori-

1952 5011 2051 5068 bus
2103 5013 2241 5067 male
2287 5013 2604 5066 cohaerentia
2655 5011 3006 5077 reperiantur,
3059 5025 3177 5075 qua:
3217 5025 3462 5064 nonnun-

1953 5096 2109 5149 quam
2136 5080 2754 5149 duximusemendanda,
2775 5078 3016 5149 consulto
3045 5078 3216 5149 aliqua
3244 5093 3460 5146 perver-

1951 5145 2023 5205 sae.
2053 5151 2302 5204 doctrinae
2336 5148 2453 5201 labe
2482 5162 2721 5214 respersa
2758 5147 3046 5200 detraxisse
3071 5145 3311 5214 videtur;
3359 5161 3455 5200 nec

1948 5221 2198 5287 pauciora
2242 5229 2515 5287 superesse
2550 5213 2737 5287 passus
2787 5224 2887 5287 est,
2915 5230 3054 5287 ιιιιιιξ⁸
3077 5213 3454 5287 ab__Ecclesite

1946 5280 2170 5340 decretis
2193 5280 2500 5351 non'exiguo
2529 5280 2779 5351 recedant
2815 5280 3108 5351 intervallo.
3163 5281 3288 5351 nge
3329 5295 3455 5336 vera

1944 5357 2054 5408 suis
2081 5362 2256 5409 notata
2307 5347 2434 5405 sunt
2470 5349 2624 5416 locis,
2661 5367 2724 5407 ac
2757 5351 3049 5423 praesertim
3093 5350 3149 5402 in
3193 5347 3464 5419 Origenia-

1951 5440 2050 5477 ιιισ.

2019 5489 2126 5564 (se)
2160 5489 2504 5564 Desumptum
2541 5493 2624 5540 est
2651 5488 2814 5545 hocce
2833 5490 3197 5560 fragmentum
3219 5502 3284 5544 ex
3330 5486 3460 5542 Phi.

1952 5558 2148 5614 locatio:
2174 5558 2344 5620 capite
2364 5558 2606 5617 septimo.
