3836 6216
302 323 431 400 sx

1197 337 1542 403 COMMENT.
1585 344 1655 400 IN
1687 350 1900 408 EPIST.
1939 356 2026 408 AD
2059 357 2221 414 ROM.
2249 353 2630 420 ΡΒᾸΕΓΑΤΙΟ.

3401 373 3505 430 856

377 497 3475 552 -W

1634 687 2202 782 ORIGENIS

533 875 1290 944 COMMENTARIORUM
1328 883 1407 942 IN
1460 881 1905 942 EPlSTOLAM
1949 882 2008 941 S.
2042 883 2270 943 PAULI
2304 884 2409 943 AD
2448 885 2830 947 ROMANOS
2856 891 3296 955 PREFATIO.

399 1213 555 1279 Quod
596 1215 816 1270 caterisi
847 1218 1068 1284 apostoli
1114 1219 1258 1274 Pauli
1309 1221 1558 1288 Epistolis
1585 1221 1860 1277 'diillcilior
1888 1229 1929 1282 Α
1958 1224 2274 1290 prepositum
2307 1238 2510 1290 sequor,
2555 1220 2624 1273 ad
2659 1221 2888 1286 palmam
2929 1241 3167 1291 superna:
3211 1227 3487 1280 uocationis

321 1313 554 1369 putatur
575 1304 642 1357 ad
667 1303 1067 1372 intelligendum
1090 1307 1200 1362 haac
1217 1323 1333 1376 qua:
1358 1311 1422 1361 ad
1444 1310 1710 1366 Romanos
1728 1313 1859 1365 scri-

317 1405 416 1459 pta
443 1403 555 1454 est,
585 1395 791 1450 duabus
837 1397 965 1450 mihi
1006 1399 1218 1451 videtur
1243 1399 1354 1453 fieri
1394 1414 1459 1453 ex
1493 1402 1687 1457 causis.
1721 1401 1853 1464 Una,

314 1485 472 1552 quod
499 1485 890 1540 elocutionibus
928 1487 1191 1541 interdum
1216 1488 1450 1543 confusis
1469 1498 1523 1544 et
1552 1491 1729 1544 minus
1756 1506 1857 1545 ex-

315 1573 525 1641 plicitis
550 1575 747 1639 utitur;
779 1575 905 1641 alia,
928 1578 1067 1644 quod
1096 1579 1414 1644 quaestiones
1437 1579 1489 1632 in
1511 1595 1572 1633 ea
1599 1581 1857 1649 plurimas

315 1672 528 1727 movet,
555 1671 609 1716 et
635 1678 727 1718 eas
755 1667 1054 1734 praecipue,
1089 1668 1277 1735 quibus
1308 1669 1588 1724 innitentes
1618 1672 1854 1727 haeretici

313 1763 576 1808 astruere
606 1755 781 1810 solent
803 1757 942 1826 quod
974 1759 1382 1828 uniuscujusque
1405 1769 1672 1829 gestorum
1697 1778 1854 1819 causa

314 1860 432 1898 non
455 1845 521 1898 ad
555 1847 882 1914 propositum
922 1849 1135 1911 debeat,
1172 1850 1264 1903 sed
1289 1851 1355 1903 ad
1394 1859 1596 1905 natura:
1625 1853 1850 1908 diversi-

311 1940 488 1985 tatem
514 1933 724 1996 referri;
754 1943 806 1988 et
829 1949 893 1988 ex
921 1937 1104 2003 paucis
1133 1936 1286 2005 huius
1321 1939 1565 2008 Epistoltr
1593 1943 1853 1996 sermoni-

313 2021 436 2091 bus.
454 2022 616 2077 torius
636 2022 926 2092 Scriptum
949 2040 1186 2092 sensum,
1203 2029 1290 2094 qui
1315 2029 1520 2082 arbitrii
1551 2030 1848 2086 libertatem

310 2127 635 2166 concessam
668 2127 696 2166 a
738 2114 846 2168 Deo
878 2115 1081 2170 homini
1111 2117 1286 2182 docet,
1306 2130 1566 2173 conantur
1587 2131 1849 2176 evertere.

1959 1313 2054 1365 Dei
2091 1315 2142 1366 in
2182 1312 2390 1366 Christo
2433 1311 2598 1374 Iesu;
2639 1321 2691 1364 ct
2717 1312 2958 1378 posthoc
2991 1313 3155 1366 dicit:
3185 1314 3485 1384 Quicunque

1955 1416 2077 1468 ergo
2105 1400 2315 1467 perfecti
2341 1415 2540 1460 sumus,
2575 1402 2670 1450 hoc
2699 1401 3004 1452 sentiamus.
3039 1399 3092 1452 ln
3121 1415 3224 1468 quo
3252 1404 3485 1458 ostendit

1955 1489 2216 1556 duplicem
2249 1503 2366 1541 esse
2390 1488 2764 1556 perfectionem
2791 1507 2804 1541 :
2838 1504 3014 1550 unam,
3047 1506 3163 1558 quas
3204 1501 3283 1544 est
3313 1493 3360 1544 itt
3393 1508 3486 1546 ex-

1954 1577 2185 1644 pletione
2217 1577 2488 1640 virtutum,
2533 1578 2819 1630 secundum
2865 1594 3021 1645 quam
3050 1579 3178 1632 dicit
3206 1581 3346 1647 quod
3379 1597 3483 1635 non

1953 1667 2022 1720 sit
2055 1665 2344 1734 perfectus;
2380 1676 2432 1719 et
2459 1665 2639 1730 aliam,
2683 1682 2802 1720 cum
2852 1667 2919 1719 ita
2970 1667 3086 1734 quis
3139 1667 3367 1736 proﬁcit,
3427 1678 3484 1723 ut

1959 1757 2203 1811 decidere
2233 1770 2334 1809 non
2366 1757 2552 1825 possit,
2579 1771 2748 1825 neque
2782 1767 3068 1811 retrorsum
3103 1759 3364 1825 aspicere,
3392 1773 3480 1813 se-

1942 1847 2186 1912 cundum
2233 1861 2390 1912 quam
2435 1846 2642 1901 dicebat
2685 1863 2701 1900 :
2753 1846 3056 1915 Quicunque
3110 1864 3230 1916 ergo
3271 1848 3480 1916 perfecti

1950 1953 2147 2000 sumus,
2169 1936 2264 1989 hoc
2289 1938 2587 1990 sentiamus.
2609 1935 2879 2001 Quomodo
2903 1951 3028 2004 ergo
3059 1937 3331 1989 docebitur
3361 1953 3482 2005 per-

1951 2023 2258 2090 fectiorjam
2276 2026 2562 2079 secundam
2591 2028 2656 2077 ad
2677 2025 2985 2079 Corinthios
3008 2027 3287 2094 scripsisse
3311 2042 3472 2094 quam

1951 2113 2218 2182 primam?
2245 2114 2320 2168 Ex
2349 2115 2430 2168 his
2464 2115 2577 2168 sine
2605 2115 2766 2168 dubio
2803 2130 2919 2182 qua:
2951 2117 3000 2167 in
3029 2131 3088 2168 ea
3115 2117 3308 2182 scripta
3339 2116 3478 2170 refe-

312 2203 548 2267 Propter
573 2205 713 2270 quod
758 2203 1105 2272 deprecantes
1151 2207 1298 2274 prius
1335 2208 1533 2276 Deum,
1576 2212 1663 2279 qui
1709 2213 1851 2266 docet
1949 2212 2158 2265 runtur,
2188 2218 2308 2258 cum
2332 2203 2498 2257 dicit:
2537 2203 2936 2256 Tribulationem
2977 2205 3224 2271 patimur,
3255 2206 3342 2257 sed
3369 2222 3472 2257 non

310 2293 579 2344 hominem
608 2293 878 2346 scientiam
912 2295 978 2357 ³⁸,
1016 2303 1070 2348 et
1099 2297 1183 2362 qui
1212 2297 1298 2350 dat
1321 2314 1417 2365 per
1449 2296 1701 2365 Spiritum
1733 2316 1847 2352 uer-
1947 2293 2672 2359 angustiamur;aporiamur,
2703 2293 2792 2345 sed
2816 2309 2914 2344 non
2947 2295 3474 2359 exaporiamurmero

310 2381 440 2431 bum
472 2380 738 2444 sapientia:
761 2381 826 2444 ⁸⁸,
851 2383 1046 2450 quique
1079 2382 1337 2436 illuminat
1369 2400 1564 2438 omnem
1593 2387 1849 2439 hominem
1947 2383 2254 2434 secutionem
2274 2382 2519 2445 patimur,
2551 2382 2638 2434 sed
2664 2397 2764 2434 non
2816 2380 3256 2450 derelinquimur;
3297 2382 3477 2447 deiici-

309 2471 601 2524 uenientem
629 2472 683 2524 in
711 2473 848 2526 hunc
877 2473 1126 2526 mundum
1155 2475 1219 2539 ³⁷,
1253 2484 1312 2528 ut
1335 2477 1522 2544 dignos
1544 2492 1641 2530 nos
1675 2477 1850 2531 facere
1882 2532 1919 2544 ﬁ
1949 2487 2083 2535 mur,
2107 2471 2196 2524 sed
2224 2488 2324 2525 non
2348 2471 2570 2537 perimus
2607 2487 2626 2534 ;
2661 2487 2858 2538 semper
2885 2482 3098 2523 mortem
3135 2469 3262 2522 Jesu
3287 2471 3340 2523 in
3362 2487 3478 2523 cor-

310 2558 572 2628 dignetur
597 2561 898 2630 intelligere
924 2561 1202 2631 parabolas
1220 2603 1235 2627 ,
1265 2574 1319 2618 et.
1357 2567 1614 2619 obscuros
1647 2580 1848 2620 sermo.
1882 2532 1921 2584 Β
1943 2574 2066 2625 pore
2090 2568 2263 2612 nostro
2286 2559 2728 2626 circumferentes,
2755 2568 2808 2610 ut
2831 2570 2877 2610 et
2917 2560 3017 2610 vita
3041 2558 3165 2610 Jesu
3188 2560 3239 2610 in
3264 2573 3477 2625 corpore

312 2663 436 2711 nes,
472 2649 720 2718 dictaque
743 2653 1061 2720 sapientium
1087 2660 1141 2708 et
1159 2654 1434 2722 aenigmata
1457 2655 1523 2717 ³⁸,
1547 2655 1618 2710 ita
1638 2655 1845 2708 demum
1945 2654 2120 2696 nostra
2177 2647 2534 2712 manifestetur
2565 2646 2632 2701 ³³.
2680 2646 2775 2712 Qui
2810 2660 2933 2714 ergo
2978 2660 3186 2714 semper
3235 2656 3472 2698 mortem

310 2737 708 2806 explanationis
743 2740 994 2808 Epistolas
1026 2741 1134 2810 (69)
1163 2742 1308 2796 Pauli
1335 2743 1398 2796 ad
1431 2742 1696 2796 Romanos
1719 2757 1848 2796 οοη..
1941 2731 2065 2786 Jesu
2114 2733 2163 2786 in
2205 2749 2427 2802 corpore
2458 2751 2554 2789 suo
2600 2733 3025 2798 circumferebat,
3062 2751 3328 2802 nunquam
3368 2735 3474 2787 trti-

311 2827 585 2896 tingemus
611 2829 911 2892 exordium,
950 2832 1330 2899 praemittentes
1355 2832 1465 2884 haec
1495 2846 1611 2898 quae
1639 2831 1704 2884 ab
1733 2839 1846 2884 stu-
1942 2838 2046 2890 que
2074 2825 2125 2875 in
2169 2838 2233 2877 eo
2264 2824 2372 2894 (72)
2401 2825 2810 2892 concupiscebat
2851 2839 2976 2878 caro
3023 2824 3277 2878 adversus
3308 2824 3470 2892 spiri-

311 2917 483 2970 diosis
498 2918 776 2972 observari
795 2919 1139 2988 solent,quod
1158 2920 1724 2988 videturApostolusin
1743 2919 1846 2974 hac
1943 2921 2074 2973 tum.
2101 2911 2191 2964 sed
2237 2921 2352 2964 erat
2374 2911 2420 2964 ei
2450 2913 2716 2975 subjecta,
2744 2920 2928 2977 utpote
2959 2911 3270 2962 mortificata
3300 2911 3364 2962 ad
3395 2911 3472 2962 si-

313 3004 550 3072 Epistola
590 3004 880 3074 perfectior
915 3007 1077 3062 fuisse
1099 3023 1258 3076 quam
1285 3009 1336 3061 in
1372 3008 1598 3061 caeteris.
1634 3007 1841 3060 Etenim

311 3109 437 3146 cum
461 3094 690 3161 primam
717 3096 782 3148 ad
800 3095 1102 3149 Corinthios
1117 3095 1522 3160 scriberet,erat
1553 3096 1762 3163 quidem
1788 3097 1840 3148 in

313 3185 521 3252 magnis
549 3184 894 3251 profectibus;
918 3185 1114 3253 aliquid
1135 3195 1306 3238 tamen
1333 3185 1399 3238 de
1436 3201 1492 3238 se
1527 3184 1669 3238 velut
1693 3195 1842 3238 nuta-

311 3276 524 3330 bundus
553 3275 663 3345 (70)
697 3275 992 3344 eloquitur,
1023 3291 1139 3329 cum
1166 3276 1295 3330 dicit
1323 3294 1336 3330 :
1363 3275 1464 3329 Sed
1499 3291 1698 3328 macero
1725 3291 1841 3326 cor-

312 3380 408 3430 pus
428 3381 619 3427 meum,
643 3373 690 3418 et
707 3366 940 3418 servituti
956 3366 1190 3433 subjicio,
1210 3381 1270 3416 ne
1283 3364 1412 3432 forte
1433 3381 1547 3418 cum
1571 3365 1686 3417 aliis
1703 3380 1840 3432 prte-

313 3453 729 3519 dicauerim,ipse
745 3452 986 3519 reprobus
1000 3453 1188 3520 eﬂiciar
1199 3454 1263 3503 '9.
1287 3451 1387 3504 Sed
1403 3461 1457 3504 et
1469 3454 1531 3504 ad
1547 3451 1842 3518 Philippen-

313 3553 403 3593 ses
423 3539 588 3609 459
603 3541 864 3600 scribens,
895 3539 1142 3606 quiddam
1173 3538 1224 3590 in
1252 3554 1309 3592 se
1333 3539 1502 3592 minus
1527 3537 1696 3591 adhuc
1726 3551 1842 3590 esse

1941 3000 2292 3053 militudinem
2323 3000 2509 3052 mortis
2533 2998 2747 3051 Christi.
2786 2992 2946 3062 Quod'
2964 2998 3006 3050 si
3030 3000 3173 3051 dicat
3202 2999 3352 3052 nobis
3375 2999 3474 3051 ali-

1941 3090 2060 3156 quis
2089 3090 2198 3142 haec
2235 3087 2545 3141 verisimilia
2579 3102 2684 3140 non
2721 3087 2909 3150 videri,
2941 3088 3064 3155 quia
3102 3102 3205 3138 non
3243 3087 3466 3148 multum
3515 3095 3524 3110 ‘

1943 3178 2193 3246 temporis
2227 3177 2364 3230 inter
2386 3177 2612 3245 primam
2645 3175 2933 3243 Epistulam
2969 3175 3128 3228 fuerit
3172 3189 3235 3229 ac
3275 3190 3468 3228 secun—

1941 3268 2082 3330 dum,
2116 3274 2290 3333 potest
2342 3274 2395 3319 et
2423 3281 2488 3320 ex
2520 3280 2582 3320 eo
2606 3265 2902 3318 evidentius
2951 3279 3204 3330 noscere,
3245 3268 3385 3333 quod
3413 3266 3468 3320 in

1939 3356 2107 3423 prima
2131 3353 2370 3423 Epistola
2399 3353 2626 3424 ejectum
2650 3368 2772 3406 eum
2797 3354 2884 3421 qui
2915 3353 3090 3408 fuerat
3127 3355 3313 3409 incesti
3352 3368 3467 3408 sce-

1938 3442 2046 3496 lere
2093 3443 2346 3511 pollutus,
2404 3451 2459 3498 et
2508 3445 2758 3496 traditum
2814 3442 3028 3497 Satanae
3084 3443 3136 3497 in
3186 3444 3464 3498 interitum

1937 3533 2134 3594 carnis,
2160 3543 2218 3586 ut
2240 3533 2455 3600 spiritus
2482 3533 2658 3585 salvus
2688 3533 2835 3586 fieret
2860 3533 2910 3586 in
2933 3535 3017 3586 die
3044 3534 3249 3588 Domini
3280 3535 3467 3605 “(73),

315 3629 495 3692 illius,
551 3643 714 3698 quam
769 3638 951 3696 postea
1004 3637 1280 3682 assecutus
1329 3637 1448 3692 est,
1502 3627 1841 3696 perfectionis
1940 3621 1993 3674 in
2017 3623 2304 3676 secunda”
2317 3621 2426 3688 jam
2449 3631 2684 3685 revocat,
2703 3631 2753 3675 et
2773 3621 3022 3676 Ecclesia:
3042 3624 3294 3677 membris
3319 3639 3465 3678 asso-

314 3720 713 3781 ostendit,cum
744 3718 874 3771 dicit
900 3716 1226 3772 conformari
1257 3731 1316 3771 se
1356 3718 1515 3770 morti
1541 3717 1760 3780 Christi,
1793 3719 1842 3770 εἰ
1938 3710 2064 3763 ciat.
2105 3709 2251 3774 Quod
2281 3711 2464 3777 utique
2495 3725 2597 3763 non
2632 3710 2852 3771 faceret,
2894 3711 2993 3763 nisi
3029 3725 3281 3778 processu
3331 3721 3464 3765 tem-

271 3821 278 3828 ·
315 3811 570 3877 quomodo
595 3817 850 3863 occurrat
870 3809 922 3860 in
949 3807 1386 3872 resurrectionem,
1409 3823 1525 3874 qua:
1555 3815 1627 3860 est
1649 3824 1679 3858 a
1706 3823 1842 3860 mor-
1869 3836 1912 3893 ο
1943 3800 2085 3868 poris
2115 3798 2300 3866 dignos
2326 3800 2376 3851 in
2405 3813 2468 3851 eo
2511 3798 2715 3852 fructus
2757 3798 3080 3866 paenitentiae
3129 3800 3464 3866 periitlisset.

316 3901 416 3951 tuis
432 3899 499 3951 ³ο.
533 3897 648 3952 Νοιι
675 3899 818 3951 enim
841 3897 1062 3959 diceret,
1089 3896 1133 3948 si
1153 3895 1424 3961 quomodo,
1448 3895 1491 3948 si
1513 3894 1560 3948 ei
1584 3895 1694 3960 jam
1720 3903 1843 3948 tunc
1875 3886 1911 3893 ⁷
1945 3897 1998 3941 et
2028 3889 2165 3956 Quod
2192 3887 2302 3953 jam
2360 3902 2487 3942 caro
2534 3889 2832 3951 interitum,
2886 3901 3040 3954 quem
3089 3886 3462 3955 designaverat

317 4004 404 4041 res
432 3988 729 4041 indubitata
765 3987 1056 4040 videretur.
1098 3985 1202 4040 Sed
1233 3996 1285 4039 et
1320 3985 1370 4036 in
1402 3983 1844 4050 consequentibus
1942 3977 2225 4044 Apostolus
2273 3977 2630 4043 suscepisset.
2686 3985 2904 4043 peccato
2953 3975 3157 4028 scilicet
3211 3986 3266 4029 et
3321 3977 3464 4030 Viliis

316 4076 554 4143 ejusdem
587 4075 833 4142 Epistulae
848 4074 961 4128 bare
985 4074 1163 4126 eadem
1193 4073 1446 4136 ostendit,
1467 4087 1584 4124 cum
1609 4070 1801 4124 dicit"
1826 4091 1838 4124 :

317 4165 436 4218 Non
463 4166 606 4234 quod
625 4165 740 4233 jam
754 4173 1050 4218 consecutus
1073 4165 1188 4226 sim,
1217 4171 1304 4214 aut
1313 4162 1426 4229 jam
1437 4162 1687 4230 perfectus
1708 4162 1837 4223 sim;

315 4271 494 4322 sequor
521 4265 695 4308 autem
741 4265 793 4305 ut
825 4253 1264 4319 comprehendam,
1308 4254 1362 4304 in
1399 4268 1499 4320 quo
1525 4261 1572 4305 et
1611 4267 1840 4316 compre-

316 4347 499 4399 hensus
529 4362 644 4398 sum
668 4363 698 4398 a
721 4343 942 4398 Christo.
980 4343 1210 4407 Fratres,
1226 4359 1317 4410 ego
1349 4359 1426 4403 me
1441 4345 1545 4408 ipse
1577 4359 1677 4395 non
1697 4342 1838 4393 arbi-

316 4445 421 4485 tror
458 4433 855 4501 apprehendisse
891 4430 1019 4501 (71).
1056 4430 1205 4496 Quod
1236 4431 1278 4483 si
1308 4429 1422 4498 quis
1454 4438 1602 4496 putat
1625 4443 1715 4494 per
1739 4429 1836 4480 litt—

316 4523 593 4574 militatem
624 4522 846 4583 dictum,
882 4521 1060 4572 videat
1109 4520 1159 4572 in
1203 4517 1650 4584 consequentibus
1680 4531 1836 4582 quam

317 4626 502 4680 magna
536 4611 605 4663 de
633 4609 958 4676 profectibus
985 4609 1094 4661 suis
1125 4615 1400 4672 memorat,
1449 4622 1567 4659 cum
1599 4608 1728 4660 dicit
1756 4607 1798 4637 "
1825 4624 1837 4660 :

316 4700 484 4754 Unum
511 4712 707 4762 autem,
733 4715 792 4752 ea
821 4697 1024 4767 quidem
1055 4713 1167 4764 qua:
1200 4706 1332 4747 retro
1362 4705 1478 4746 sunt
1509 4695 1800 4747 obliviscens
1819 4732 1836 4758 ,

317 4804 357 4845 et
385 4795 452 4844 ad
472 4809 534 4844 ea
561 4807 678 4860 qua:
698 4790 752 4842 in
796 4797 915 4840 ante
949 4797 1068 4839 sunt
1107 4802 1186 4838 me
1218 4785 1508 4847 extendens,
1559 4785 1836 4838 secundum

377 4949 422 4979 ”
461 4945 601 4997 Psal.
628 4957 782 5001 mn.
810 4943 894 4996 10.
967 4940 1057 4992 ²⁶Ι
1097 4940 1324 5001 Cor.xu,
1365 4937 1416 4990 8.

317 5017 399 5070 11.
453 5015 497 5047 ³⁸
527 5014 658 5068 ibid.
686 5013 772 5076 l2,
805 5012 888 5062 15.
963 5009 1006 5040 ³⁸
1030 5010 1155 5062 ibid.
1183 5009 1267 5070 15,
1299 5007 1382 5061 15.
1435 5006 1478 5037 ³⁸
1504 5005 1542 5058 ll
1560 5008 1681 5061 Cor.
1711 5022 1783 5070 IV,
1817 5006 1967 5060 8-10.

382 5156 495 5222 (69)
541 5152 967 5222 Epistolte.D_eest
1000 5151 1051 5203 in
1081 5149 1254 5222 editis.

382 5157 472 5222 (69
541 5156 804 5220 Epistolte.
818 5156 967 5204 Deest
1000 5156 1051 5203 in
1081 5156 1254 5203 editis.

381 5156 495 5294 (70;
530 5222 624 5294 δὶς)
655 5235 783 5294 mss.
814 5219 1068 5294 plerique.
1107 5217 1243 5294 Etliti
1270 5229 1394 5294 vero
1432 5222 1484 5266 et
1512 5226 1613 5294 ms.
1640 5215 1836 5282 Regius

315 5283 457 5345 nunt.
474 5283 642 5354 ⁷1659,
660 5292 722 5341 de
747 5283 933 5343 saeculo
957 5283 1007 5338 ut
1039 5284 1406 5354 mutabundus,
1446 5283 1600 5335 male.

382 5362 494 5429 (Ἠ)
537 5360 611 5411 Ita
629 5349 873 5424 potiores
906 5370 1032 5406 mss.
1059 5363 1110 5429 et
1134 5351 1280 5429 editi.
1314 5349 1436 5402 Mss.
1474 5364 1602 5429 vero
1628 5351 1832 5429 aliquot

317 5421 574 5480 omittunt
618 5421 725 5490 ipse
771 5432 822 5476 et
864 5432 1044 5491 postea
1079 5422 1306 5481 habent,
1348 5421 1576 5470 nondum
1606 5422 1834 5477 arbitror

318 5494 776 5556 comprehendisse.
849 5559 861 5562 _
929 5558 940 5562 _
1106 5553 1183 5562 ,η
1235 5553 1247 5562 ,

383 5553 493 5629 (Ὤ)
527 5563 617 5614 Sic
663 5576 785 5612 mss.
811 5558 1072 5629 plerique.
1106 5553 1247 5629 Libri
1298 5565 1420 5601 vero
1447 5553 1571 5602 editi
1613 5560 1665 5605 et
1708 5569 1836 5629 mss.

322 5621 577 5698 quidam:
609 5643 802 5694 semper
815 5621 962 5677 imors
993 5625 1114 5676 Jesu
1146 5621 1198 5672 in
1233 5634 1438 5673 corpore
1473 5632 1645 5672 nostro
1672 5624 1843 5674 mani.

1941 4076 2172 4130 mortua,
2227 4074 2284 4117 ut
2331 4065 2400 4117 ita
2449 4065 2659 4117 demum
2711 4065 2912 4118 viveret
2957 4063 3061 4116 Deo
3087 4063 3152 4118 ³⁸.
3176 4063 3306 4118 Cum
3335 4079 3465 4134 ergo

1943 4163 2144 4208 tantum
2179 4154 2334 4222 spatii
2361 4153 2540 4216 fuerit,
2567 4169 2672 4222 quo
2694 4163 2944 4221 peccator
2967 4153 3200 4206 incestus
3236 4153 3460 4206 salutem

1940 4245 2159 4313 Spiritus
2188 4243 2434 4297 laudabili
2458 4244 2635 4296 carnis
2660 4243 2873 4295 interitu
2895 4242 3173 4309 receperit,
3198 4242 3462 4310 quomodo

1935 4349 2039 4387 non
2068 4333 2352 4400 putandum
2383 4341 2462 4385 est
2491 4331 2654 4384 multo
2671 4330 2938 4384 velociore
2963 4345 3120 4383 cursu
3149 4329 3462 4399 Apostolum

1936 4437 2052 4488 quas
2080 4421 2312 4488 perfecta
2351 4427 2475 4471 sunt
2509 4417 2849 4471 assecutum?
2878 4417 2979 4469 Sed
3021 4416 3072 4468 in
3101 4415 3208 4469 illis
3243 4417 3460 4484 quidem

1939 4513 2034 4564 iste
2055 4511 2170 4579 ejus
2198 4510 2360 4562 fuerit
2380 4509 2648 4575 profectus
2671 4525 2684 4559 :
2709 4517 2909 4576 quanto
2937 4504 3045 4577 (74)
3094 4517 3268 4559 autem
3304 4506 3456 4560 subli-

1939 4602 2072 4653 mior
2093 4609 2144 4653 et
2162 4599 2474 4652 eminentior
2487 4600 2556 4652 sit
2575 4598 2637 4650 ad
2658 4597 2921 4650 Romanos
2946 4597 3195 4656 scribens,
3211 4610 3275 4648 ex
3299 4596 3462 4662 ipsius

1941 4691 2188 4759 Epismlte
2205 4689 2540 4742 sermonibus
2570 4688 2897 4755 colligamus,
2931 4687 2980 4737 in
2999 4700 3100 4752 qua
3128 4685 3259 4736 dicit
3287 4701 3301 4735 :
3334 4685 3460 4747 Quis

1941 4797 2030 4832 nos
2073 4779 2329 4844 separabit
2369 4796 2399 4832 a
2449 4779 2698 4830 charitate
2753 4776 2986 4829 Christi?
3019 4773 3337 4836 'l‘ribulatio,
3392 4790 3459 4824 an

1516 4939 1560 4971 "’
1587 4938 1740 4992 Joan.
1762 4953 1802 5002 ι,
1829 4938 1843 4990 ξ

1955 4935 2000 4967 ³⁸
2038 4934 2194 5002 Prov.
2238 4949 2276 4995 ι,
2303 4933 2356 4987 6.
2404 4935 2476 5002 ﬂ"
2513 4931 2772 5002 liciorum,
2800 4931 2915 5002 27.;
2964 4929 3222 5002 "Philip.
3255 4943 3336 4988 ιιι,
3373 4928 3456 5002 lt),

2050 5001 2129 5053 “l
2161 5001 2282 5057 Cor.
2327 5018 2377 5064 v,
2399 5001 2452 5053 5.
2521 5001 2564 5029 ³⁵
2587 4997 2629 5051 ll
2660 4997 2781 5051 Cor.
2811 5014 2868 5062 ιι,
2889 4997 2942 5049 8.
3014 4998 3057 5027 ³⁸
3087 4997 3239 5049 Rom.
3265 5011 3336 5058 vr,
3369 4997 3455 5048 11.

1943 5146 2180 5208 festatur.
2213 5142 2318 5204 Qui
2347 5156 2465 5206 ergo
2487 5147 2700 5208 mortem
2737 5136 2864 5188 Iesu
2908 5137 2960 5188 in
3000 5150 3210 5208 corpore
3235 5150 3328 5208 suo
3355 5136 3453 5208 eir-

1938 5203 2335 5278 cumferebatur,
2362 5203 2620 5278 nunquam
2658 5205 2713 5255 in
2753 5220 2832 5262 eo,
2862 5215 2965 5256 etc.
3009 5205 3106 5256 Ms.
3140 5217 3274 5255 unus
3303 5203 3454 5255 habet

1937 5275 2214 5344 utrobiQue
2245 5275 2710 5344 mortiﬁcationem,
2742 5286 2834 5337 pro
2858 5286 3087 5323 mortem.

2007 5338 2216 5418 (75)'ln
2272 5338 2622 5418 die__l{omini.
2662 5341 2781 5391 thc
2816 5344 2994 5418 “verba
3033 5338 3354 5418 enuntiatur
3407 5338 3454 5418 in

1936 5405 2278 5469 libris'antea
2313 5410 2493 5470 editis,
2525 5417 2578 5460 et
2608 5410 2658 5458 in
2685 5423 2783 5460 ms.
2816 5405 2978 5474 Regio
3015 5422 3160 5458 num.
3192 5405 3345 5465 1659,
3366 5407 3454 5458 sed

1939 5485 2286 5536 restituuntur
2313 5492 2376 5530 ex
2404 5477 2610 5528 caeteris
2636 5489 2763 5525 mss.

2014 5549 2120 5618 (74)
2156 5547 2276 5599 Mss.
2309 5546 2519 5618 quidam
2569 5542 2792 5618 crediti,
2823 5551 3092 5609 quantum.
3126 5541 3323 5595 Deinde
3355 5554 3442 5594 ms

1945 5609 2145 5696 Beatus
2175 5609 2506 5671 num—1659.
2538 5609 2846 5668 colliqimus.
