3836 6212
345 303 458 360 857

1286 312 1629 371 COMMENT.
1665 315 1730 370 IN
1769 317 1984 374 EPIST.
2018 319 2107 373 AD
2142 320 2304 376 ROM.
2350 323 2470 376 LIB.
2507 322 2549 379 I.

3393 322 3495 379 858

342 420 685 477 Thaddaeum
738 425 896 493 dixit,
946 427 1117 485 Lucas
1166 427 1354 485 Iudam
1402 433 1586 489 Jacobi
1641 437 1874 508 scripsit.
1905 443 1948 498 Α
1977 436 2176 492 Griecis
2211 448 2263 490 et
2315 439 2560 506 gentibus
2609 438 2752 507 leges
2785 452 2843 492 ac
2871 447 3135 506 przccepta
3181 442 3496 496 conscribit.

341 509 566 564 Certum
605 524 690 568 est
741 526 916 572 antem
942 521 1292 590 evangelistas
1318 538 1424 578 non
1457 538 1663 579 errasse
1696 528 1746 580 in
1783 545 1875 583 no-

339 599 587 654 minibus
615 607 975 671 apostolorum
1001 627 1015 672 ;
1040 611 1128 664 sed
1157 612 1276 679 quia
1308 613 1472 667 moris
1503 625 1616 667 erat
1640 617 1778 672 binis
1795 619 1874 672 vel

339 689 515 743 ternis
560 694 866 751 nominibus
912 700 986 751 uti
1025 699 1291 767 Hebraeos,
1343 703 1501 757 unius
1535 703 1874 776 ejusdemque

339 777 449 830 viri
486 781 697 835 diversa
739 786 928 854 singuli
969 791 1222 844 vocabula
1255 806 1478 858 posuere
1507 793 1637 863 (85).
1671 795 1873 850 Secun-

341 866 475 918 dum
527 869 667 924 banc
701 887 834 943 ergo
881 879 1318 932 consuetudinem
1367 881 1580 934 videtur
1634 885 1790 938 nobis
1821 895 1874 939 et

338 954 549 1013 Paulus
575 961 770 1028 duplici
805 981 933 1020 usus
961 982 1079 1021 esse
1111 970 1410 1037 vocabulo;
1452 979 1503 1022 et
1549 973 1715 1027 donec
1753 977 1873 1043 qui-

339 1045 468 1098 dem
515 1051 659 1114 genti
705 1055 932 1120 propria:
975 1057 1330 1120 ministrabat,
1356 1059 1546 1114 Saulus
1575 1076 1690 1116 esse
1720 1079 1875 1116 voca-

341 1141 455 1200 tus,
483 1139 623 1204 quod
656 1150 710 1192 et
757 1145 925 1211 magis
959 1145 1292 1212 appellationi
1319 1149 1506 1215 patrite
1533 1152 1873 1205 vernaculum

336 1226 666 1294 videbatur;
693 1230 885 1286 Paulus
912 1245 1086 1288 autem
1117 1235 1407 1304 appellatus
1438 1253 1554 1293 esse
1575 1238 1709 1309 (86),
1757 1257 1873 1295 cum

407 1337 459 1368 “
477 1337 600 1393 Act.
623 1354 748 1404 xm,
773 1341 824 1395 9.

409 1449 528 1527 (85)
570 1453 732 1517 Editi,
763 1455 985 1522 _singuli
1013 1456 1290 1527 nominum
1330 1458 1576 1511 vocabula
1633 1477 1869 1527 posuere.

336 1517 447 1572 Sed
482 1536 673 1575 omnes
701 1538 830 1577 mss.
858 1517 1022 1578 nostri
1067 1533 1119 1579 et
1147 1525 1397 1580 Rabanus
1429 1517 1682 1582 omittunt
1709 1534 1874 1583 nomi-

335 1603 544 1777 nat-"8162)
569 1657 732 1722 Editi,
765 1673 1063 1725 perperam,
1106 1660 1330 1714 Paulum
1351 1672 1526 1716 autem
1555 1665 1869 1732 appellatum

335 1738 470 1777 esse.
548 1727 706 1777 einde
742 1742 844 1777 ms.
874 1727 1071 1777 Belius
1093 1744 1240 1777 num.
1268 1730 1421 1777 1659-
1455 1729 1597 1777 Lenis
1611 1750 1671 1777 an
1702 1733 1866 1777 Euan-

333 1738 470 1777 εδει.
504 1727 706 1780 Deinde
742 1742 844 1783 ms.
874 1727 1071 1797 Regius
1093 1744 1240 1782 num.
1268 1730 1421 1791 1659,
1452 1727 1597 1800 Legis
1611 1727 1671 1786 ac
1697 1733 1866 1787 Evan-

1974 531 2101 584 Nam
2136 542 2187 585 et
2211 532 2310 586 hoc
2337 534 2502 599 ipsum
2522 532 2660 599 quod
2688 531 2958 599 Scriptura
2982 531 3108 585 dicit
3133 546 3147 582 :
3176 531 3367 586 Saulus
3394 551 3484 587 au-

1974 631 2093 682 tem,
2121 621 2208 690 qui
2229 633 2274 674 et
2303 621 2499 674 Paulus
2518 621 2581 686 ⁸⁸,
2601 625 2870 677 evidenter
2900 638 3001 676 non
3033 622 3080 677 ei
3107 632 3229 676 tunc
3259 624 3492 691 primum

1973 707 2118 762 Pauli
2157 725 2344 762 nomen
2393 713 2622 764 ostendit
2673 711 3001 778 impositum,
3048 711 3140 764 sed
3175 713 3369 765 veteris
3399 727 3492 779 ap-

1974 796 2270 863 pellationis
2301 797 2350 849 id
2378 798 2537 851 fuisse
2573 799 2836 866 designat.
2875 798 2996 851 llaec
3023 800 3090 850 ab
3123 799 3237 864 ipso
3271 810 3494 852 auctore
3548 843 3558 862 ,

1971 884 2148 951 operis
2173 887 2388 946 omissa,
2445 901 2538 939 nos
2583 887 2705 954 quia
2761 886 2808 937 id
2859 886 3254 938 dissertationis
3287 885 3490 937 initium

1972 974 2245 1027 videbatur
2270 990 2578 1040 exposcere,
2601 987 2726 1042 puto
2758 979 2895 1044 quod
2922 992 3023 1028 non
3056 977 3495 1029 incnnvenienter

1972 1066 2342 1131 praemisimus.
2362 1064 2560 1119 Caetera
2583 1065 2691 1131 jam
2716 1067 2779 1119 de
2799 1067 3226 1133 explanationum
3247 1079 3490 1132 corpore,

1973 1152 2162 1220 quibus
2185 1155 2474 1222 poterimus
2496 1157 2820 1223 compendiis
2849 1170 3197 1223 exsequemur
3221 1155 3350 1227 (87).

1975 1464 2096 1532 ρειἱὶ
2116 1473 2368 1530 prtccepta
2393 1465 2683 1518 conscribit.
2719 1467 2819 1520 Sea
2846 1467 3022 1518 caeteri
3060 1479 3209 1527 mss.,
3241 1467 3490 1522 Rabanus

1974 1542 2033 1584 et
2079 1533 2594 1603 editiqutinqtextu,
2638 1534 2897 1599 nisiquod
2954 1550 3055 1587 nis.
3113 1551 3244 1586 unus
3300 1536 3488 1603 llegius

1977 1617 2122 1653 nuru.
2164 1601 2291 1653 1641
2330 1601 2519 1654 habent
2542 1604 2839 1660 conscripsit
2866 1604 2977 1653 loco
3005 1605 3296 1654 conscribit.

2044 1668 2154 1737 (87)
2195 1669 2292 1720 Ms.
2323 1685 2459 1721 unus
2484 1669 2679 1737 Regius
2699 1686 2845 1722 num.
2879 1671 3032 1733 Iti-H,
3080 1671 3230 1721 Nunc
3246 1675 3360 1734 jam
3381 1684 3485 1724 cte-

1973 1746 2082 1788 tera
2103 1739 2166 1790 de
2185 1738 2566 1804 explanationis
2594 1754 2824 1806 corpore.
2853 1778 2868 1792 .
2905 1777 2920 1790 .
2946 1755 3299 1806 exsequamur.

345 1895 3451 1934 ._______________________.__________________‘

1476 2073 2168 2227 ORIGEN
2175 2079 2345 2230 IS

631 2358 1671 2511 (l0llIIlIIlNI‘AIlIOIlUllI
1746 2365 1873 2511 IN
1951 2363 2580 2581 EPISMAII
2657 2365 2762 2513 Il.
2857 2363 3198 2514 PAULI

1275 2641 1503 2766 AD
1594 2644 2493 2770 ROMANOS

1463 2970 1812 3056 LIBER
1880 2969 2356 3056 PRIMUS-

1865 3165 1930 3179 _

385 3313 550 3387 ‘61
585 3314 640 3366 I.
676 3311 878 3366 Paulus
923 3328 1095 3366 servus
1138 3311 1264 3365 Jesu
1295 3309 1568 3364 Christi".
1599 3311 1672 3366 De
1704 3310 1864 3364 Paulo
1893 3319 1933 3372 B
1961 3309 2073 3376 ejus
2095 3307 2402 3376 pronuntiet
2425 3306 2512 3374 qui
2543 3305 2812 3359 dixerat“
2841 3302 2947 3376 (91)
2974 3322 2986 3357 :
3013 3303 3145 3358 Ecce
3168 3321 3257 3372 ego
3283 3322 3396 3360 sum
3422 3308 3475 3362 in

317 3406 430 3472 jam
459 3405 717 3458 diximus.
749 3403 1102 3468 Requiramus
1143 3417 1286 3455 nunc
1311 3416 1405 3454 cur
1432 3416 1623 3456 servus
1655 3403 1860 3454 dicatur

323 3498 369 3549 is
399 3494 496 3563 qui
533 3493 659 3547 alibi
681 3493 726 3524 ⁵⁸
754 3492 942 3546 scribit
967 3513 978 3545 :
1002 3491 1123 3543 Non
1163 3492 1298 3544 enim
1324 3493 1590 3558 accepistis
1619 3493 1856 3559 spiritum

318 3584 586 3638 servitutis
629 3584 818 3635 iterum
848 3582 960 3651 (88)
989 3583 1045 3634 in
1092 3581 1293 3644 timore,
1333 3582 1421 3634 sed
1453 3585 1721 3651 accepistis
1747 3584 1855 3650 spi-

319 3677 485 3728 ritum
529 3673 848 3739 adoptionis,
887 3673 941 3724 in
988 3687 1089 3740 quo
1129 3671 1412 3724 clamamus
1438 3671 1617 3725 :Abba
1665 3673 1854 3737 Pater;

319 3775 373 3818 et
404 3765 602 3816 iterum
624 3764 669 3794 ⁵ο
697 3778 712 3814 :
740 3761 878 3826 Quia
907 3771 1077 3813 autem
1103 3759 1220 3813 estis
1250 3759 1371 3825 ﬁlii,
1399 3762 1536 3814 misit
1568 3761 1702 3814 Deus
1731 3761 1854 3827 Spi—

318 3854 483 3904 ritum
530 3850 660 3903 Filii
709 3852 793 3902 sui
841 3850 895 3903 in
939 3849 1095 3901 corda
1132 3857 1306 3901 nostra
1340 3849 1854 3902 clamantem:Abba

322 3942 514 3995 Pater.
564 3942 752 4008 Itaque
787 3941 903 4008 jam
953 3955 1056 3992 non
1101 3949 1171 3992 est
1204 3954 1395 4006 servus,
1423 3939 1508 3992 sed
1530 3937 1688 4005 ﬁlius.
1717 3939 1856 4003 Quo-

318 4031 484 4083 modo
525 4043 676 4095 ergo,
711 4043 831 4080 cum
861 4027 1020 4080 etiam
1063 4027 1146 4080 his
1178 4027 1369 4094 quibus
1413 4027 1853 4095 praedicabat,di-

319 4128 409 4172 cat
438 4118 566 4184 quia
593 4118 709 4185 jam
738 4133 838 4169 non
882 4127 954 4169 est
984 4132 1180 4181 servus,
1209 4116 1296 4168 sed
1322 4116 1487 4182 ﬁlius,
1516 4116 1634 4184 ipse
1661 4131 1715 4169 se
1733 4131 1854 4178 eser-

320 4219 446 4258 vum
495 4203 812 4270 proﬁtetur?
842 4201 964 4256 Sive
994 4204 1042 4256 id
1074 4203 1361 4256 secundum
1399 4204 1547 4256 illam
1581 4203 1854 4257 humilita-

313 4302 423 4349 tem
472 4296 676 4347 dictum
727 4303 991 4360 putemus,
1037 4307 1193 4360 quam
1249 4292 1509 4347 Dominus
1547 4295 1744 4357 docuit,
1776 4294 1855 4348 di-

316 4398 444 4438 cens
468 4382 517 4415 ⁶⁶
542 4398 558 4434 :
586 4383 779 4436 Discite
801 4399 832 4433 a
856 4397 934 4433 me
962 4381 1082 4447 quia
1106 4381 1246 4432 mitis
1281 4397 1396 4434 sum
1419 4392 1466 4434 et
1501 4382 1709 4434 humilis
1735 4398 1852 4434 cor-

315 4473 399 4534 de,
451 4487 558 4526 non
605 4469 924 4525 errabimus.
963 4468 1145 4536 Neque
1189 4469 1329 4522 enim
1372 4485 1467 4536 per
1508 4470 1607 4523 hoc
1641 4470 1853 4524 laeditur

315 4562 526 4614 veritas
546 4559 811 4613 libertatis
838 4559 889 4610 in
918 4557 1080 4611 Paulo
1111 4558 1241 4626 (89).
1284 4558 1419 4611 Dicit
1448 4559 1587 4613 enim
1618 4568 1672 4613 et
1702 4561 1847 4626 ipse:

1958 3401 2124 3454 medio
2155 3409 2401 3460 vestrum,
2432 3413 2533 3449 non
2572 3397 2705 3448 sicut
2727 3396 3067 3459 discumbens,
3102 3397 3189 3448 sed
3211 3397 3342 3448 sicut
3376 3400 3476 3450 mi-

1961 3491 2289 3552 nistrans;et
2309 3485 2420 3553 ejus
2447 3487 2536 3554 qui
2566 3485 2909 3550 semetipsum
2931 3485 3222 3538 exinanivit
3241 3485 3469 3539 formam

1955 3576 2092 3630 servi
2123 3575 2390 3642 accipiens
2407 3574 2471 3639 ”,
2505 3583 2562 3627 ut
2592 3575 2731 3628 sicut
2770 3574 2833 3628 iis
2877 3575 2964 3642 qui
3011 3575 3061 3626 iu
3101 3575 3212 3642 lege
3247 3585 3368 3628 sunt
3419 3578 3473 3631 lit

1954 3675 2006 3720 et
2039 3667 2151 3734 ipse
2177 3664 2277 3719 sub
2316 3664 2454 3733 lege.
2483 3672 2534 3716 et
2567 3664 2630 3716 iis
2657 3665 2747 3732 qui
2785 3665 2898 3718 sine
2937 3664 3049 3732 lege
3082 3674 3204 3717 sunt
3251 3666 3474 3720 edicitur

1954 3754 2116 3809 etiam
2140 3754 2254 3821 ipse
2275 3753 2388 3807 sine
2415 3753 2530 3821 lege
2547 3751 2612 3816 “,
2634 3753 2703 3804 ita
2734 3763 2787 3805 et
2811 3752 2923 3818 ipse
2952 3767 3046 3818 pro
3076 3753 3158 3805 bis
3187 3754 3273 3819 qui
3301 3757 3472 3810 adhuc

1953 3845 2092 3899 servi
2127 3854 2272 3904 sunt,
2301 3851 2354 3896 et
2402 3843 2632 3896 nondum
2667 3857 2761 3909 per
2802 3841 3045 3909 spiritum
3088 3844 3386 3910 adoptionis
3417 3845 3468 3897 in

1952 3933 2256 3987 libertatem
2287 3931 2526 4000 perducti
2559 3930 3010 3991 liliorum.servus
3042 3929 3313 3995 elliciatur,
3336 3947 3467 3984 con-

1951 4024 2172 4077 trarium
2215 4037 2320 4076 non
2377 4021 2657 4074 videbitur.
2691 4021 2769 4074 Ad
2803 4021 2899 4071 hoc
2930 4028 3105 4087 potest
3147 4021 3304 4072 etiam
3343 4020 3470 4076 illud

1951 4112 2098 4176 addi,
2137 4113 2278 4179 quod
2311 4115 2373 4164 ad
2405 4111 2704 4165 Corinthios
2741 4112 2983 4164 scribens
3006 4110 3141 4162 idem
3163 4112 3467 4178 Apostolus,

1949 4214 2004 4256 et
2049 4204 2115 4257 de
2170 4203 2367 4270 nuptiis
2413 4202 2495 4256 vel
2547 4203 2791 4255 castitate
2848 4189 3180 4270 praecipiens,
3222 4211 3466 4270 tanquam

1951 4292 2125 4346 alieno
2167 4293 2380 4345 nomine
2413 4291 2651 4358 quaedam
2699 4291 2766 4344 de
2820 4291 3065 4345 libertate
3105 4305 3169 4346 ac
3217 4294 3470 4346 servitute

1951 4381 2245 4446 interserit,
2271 4381 2454 4434 dicens
2470 4381 2515 4412 ⁸⁵
2545 4396 2558 4430 :
2584 4379 2772 4433 Servus
2809 4393 3016 4434 vocatus
3054 4397 3106 4434 es
3128 4382 3154 4434 .9
3191 4381 3340 4434 Nihil
3381 4399 3468 4433 cu-

1951 4485 2029 4523 res
2053 4487 2072 4524 :
2099 4471 2189 4523 sed
2213 4479 2259 4523 et
2289 4471 2334 4523 si
2357 4479 2498 4538 potes
2527 4469 2655 4522 liber
2679 4469 2812 4535 ﬁeri,
2844 4471 3006 4536 magis
3028 4480 3184 4524 utere.
3215 4469 3312 4534 Qui
3335 4473 3468 4522 enim

1949 4561 2005 4612 in
2035 4559 2256 4612 Domino
2292 4571 2500 4612 vocatus
2541 4567 2616 4612 est
2662 4575 2859 4626 servus,
2885 4560 3094 4613 libertus
3127 4569 3198 4612 est
3226 4560 3468 4611 Domini:

317 4647 463 4705 Nam
488 4666 606 4702 cum
633 4649 764 4701 liber
786 4649 882 4701 sim
920 4648 982 4698 ab
1012 4647 1268 4709 omnibus,
1293 4647 1526 4700 omnibus
1551 4665 1629 4701 me
1651 4663 1850 4701 servum
1875 4629 1916 4685 (αἶ
1948 4650 2187 4701 similiter
2222 4657 2270 4702 et
2301 4651 2390 4714 qui
2417 4649 2543 4701 liber
2567 4660 2775 4702 vocatus
2814 4657 2911 4712 est,
2944 4665 3118 4702 servus
3158 4657 3231 4700 cst
3257 4647 3466 4700 Christi.

317 4739 483 4806 feci“
520 4739 654 4810 (90).
691 4739 866 4793 Servit
892 4752 1018 4804 ergo
1054 4737 1292 4799 Cln‘isto,
1326 4752 1429 4789 non
1456 4738 1505 4790 in
1527 4737 1712 4806 spiritu
1739 4751 1852 4790 ser-

314 4827 528 4892 vitulis,
543 4830 637 4882 sed
657 4827 711 4880 in
743 4826 935 4893 spiritu
960 4824 1280 4892 adoptionis,
1311 4823 1434 4890 quia
1461 4824 1601 4876 omni
1628 4823 1854 4878 liberta-

318 4923 371 4971 te
393 4917 628 4972 nobilior
657 4927 741 4972 est
770 4917 1000 4972 servitus
1031 4915 1254 4970 Christi.
1285 4914 1409 4967 Sive
1438 4915 1586 4981 quasi
1617 4915 1852 4968 imitator

384 5053 432 5086 "’
467 5053 623 5106 Rom.
653 5068 688 5113 ι,
724 5053 776 5107 1.
846 5051 891 5084 ⁵⁸
913 5051 1066 5104 Rom.
1095 5065 1210 5105 vm.
1241 5048 1325 5102 I5.
1397 5049 1441 5080 ³⁵⁸
1464 5049 1636 5104 Galat.
1664 5065 1735 5111 Iv,
1768 5049 1878 5110 6.7.

384 5121 579 5174 Philip.
607 5136 670 5174 ιι.
693 5121 744 5174 7.
821 5120 866 5152 “
891 5121 910 5174 I
936 5121 1057 5174 Cor.
1092 5135 1166 5174 lx.
1191 5118 1278 5170 21.
1354 5117 1397 5148 ⁸⁸
1421 5117 1440 5168 ι
1467 5118 1588 5171 Cor.
1625 5134 1721 5174 vu.
1752 5119 1916 5174 21-25

316 5120 362 5152 ⁸³
381 5121 579 5190 Philip.
607 5136 670 5186 ιι,
693 5121 744 5174 7.
821 5120 866 5152 “
891 5121 910 5174 I
936 5121 1057 5174 Cor.
1092 5135 1166 5181 lx,
1191 5118 1278 5170 21.

393 5255 506 5325 (88)
536 5253 756 5308 Iterum.
793 5251 954 5325 Deest
1008 5251 1058 5325 in
1089 5248 1362 5325 _pluribus
1413 5262 1565 5325 mss,
1626 5247 1764 5300 sicut
1795 5256 1850 5300 et

320 5313 655 5390 paulo'post,
686 5322 971 5390 accepistis.
1011 5313 1210 5390 Deinde
1251 5328 1376 5390 mss.
1415 5313 1530 5368 fere
1580 5330 1762 5369 omnes
1795 5325 1848 5390 et

320 5383 484 5454 editi,
513 5383 649 5459 quia
679 5383 814 5442 estis'
845 5389 1058 5459 ﬁlii_.....
1091 5387 1144 5438 iu
1193 5385 1348 5459 corda
1375 5394 1576 5445 nostra,
1600 5393 1728 5446 etc.,
1756 5383 1846 5436 sed

323 5457 538 5513 rectius
555 5475 654 5512 ms.
682 5473 819 5510 unus
853 5467 909 5508 ut
940 5457 989 5507 iu
1022 5465 1198 5506 nostro
1222 5458 1389 5501 textu.

396 5529 508 5592 (89)
544 5529 637 5580 Ms.
671 5525 869 5593 Regius
897 5537 1042 5593 num.
1076 5520 1237 5593 I939.
1279 5532 1439 5593 neque
1475 5519 1610 5570 enim
1637 5536 1725 5586 per
1761 5521 1853 5593 Iros

324 5586 515 5648 veritas
554 5586 847 5647 taboratvin
891 5590 1074 5643 Paulo.
1103 5587 1201 5640 Sed
1237 5586 1417 5639 caeteri
1457 5603 1610 5655 inss.,
1643 5599 1695 5642 et
1722 5587 1854 5643 editi

325 5675 384 5716 ut
413 5667 467 5718 in
500 5672 667 5718 textu.

1952 4733 2130 4788 Pretio
2170 4736 2321 4803 empti
2353 4736 2496 4795 estis,
2529 4734 2686 4786 nolite
2715 4735 2828 4801 ﬁeri
2870 4735 2998 4786 servi
3030 4733 3307 4785 hominum.
3341 4732 3466 4796 Qum

1947 4825 2130 4893 utique
2157 4823 2420 4877 nonnullis
2449 4832 2636 4876 contra
2676 4823 2933 4873 rationem
2961 4820 3209 4872 videntur
3237 4821 3454 4871 inserta.

1946 4915 2081 4980 Quid
2131 4913 2271 4968 enim
2315 4913 2380 4966 ad
2440 4911 2745 4980 nuptiarum
2779 4910 2863 4961 vel
2903 4909 3164 4962 castitatis
3206 4919 3462 4976 praacepta

1953 5052 1998 5084 °°
2031 5050 2213 5105 Matth.
2240 5066 2292 5104 xx
2346 5049 2436 5104 29.
2511 5048 2554 5079 ⁸³
2583 5045 2743 5101 ICor.
2764 5061 2841 5113 Ix,
2869 5045 3003 5098 i9.“
3031 5043 3157 5098 Luc.
3213 5057 3346 5104 xxn,
3372 5041 3460 5095 27.

2017 5246 2126 5316 (90)
2151 5245 2295 5298 Libri
2322 5241 2664 5316 anteaediti‘,
2685 5250 2747 5316 _et
2772 5239 3089 5316 ms._Regius
3133 5253 3276 5291 num.
3308 5239 3463 5316 Νξὸξξ.

1947 5307 2290 5381 αὑόηἱηξὸιιε,
2313 5311 2601 5381 hominibus
2626 5310 2720 5381 (al.
2743 5307 2995 5381 omnium)
3014 5324 3090 5360 me
3117 5307 3462 5381 servurafeci.

2020 5385 2126 5453 (91)
2151 5379 2254 5453 Sic
2273 5372 2404 5431 mss.
2439 5372 2699 5453 plerique.
2735 5372 3046 5453 Salodian'us
3098 5384 3152 5453 et
3186 5372 3465 5427 Mei-linus.

1951 5445 2324 5505 Genelirardns
2351 5462 2508 5508 vero,
2546 5448 2652 5500 sive
2676 5448 2796 5514 quia
2828 5445 3064 5514 imitatur
3082 5445 3206 5514 ejus
3235 5456 3472 5514 pronun-

1952 5525 2132 5570 tiatum
2152 5518 2239 5581 qui
2261 5517 2480 5566 dixerat.
2509 5514 2605 5568 Ms.
2640 5509 2998 5583 Regiusnum.
3039 5511 3193 5565 I656.
3226 5509 3340 5558 sive
3363 5511 3476 5573 quis

1952 5603 2065 5640 eum
2097 5579 2398 5638 imitatorem
2435 5583 2547 5650 ejus
2568 5579 2876 5652 pronuntiet,
2901 5579 2988 5646 qui
3012 5584 3238 5643 dixerat,
3265 5583 3382 5629 etc.
