3836 6252
327 347 426 399 8'39

329 442 755 512 commemoratio
824 432 1095 490 servitutis
1152 443 1211 480 ae
1285 425 1546 478 libertatis
1616 419 1843 473 assumi-

332 559 415 600 tur
442 539 594 608 (9‘2)?
624 533 726 586 Sed
771 543 866 580 nos
920 537 1136 578 sensum
1174 518 1319 570 Pauli
1366 517 1433 568 ila
1482 512 1843 578 intelligimus,

331 629 464 699 quod
495 635 703 676 servum
744 617 885 667 dicat
919 626 1039 664 eum
1079 607 1167 675 qui
1189 602 1353 672 jugali
1387 598 1691 654 conditione
1720 608 1848 646 eon-

333 693 546 772 stricttts
575 719 657 763 est
687 726 700 760 :
727 704 848 771 quia
895 699 1080 752 mulier
1101 712 1200 749 non
1227 693 1373 745 habet
1405 694 1706 757 potestatem
1731 697 1848 735 cor-

330 806 465 872 poris
498 797 707 857 sui,sed
742 794 818 848 vir
861 791 1011 858 ejus;
1047 797 1089 840 et
1120 785 1195 838 vir
1229 799 1328 835 non
1359 782 1508 831 habet
1544 779 1845 845 potestatem

331 894 554 961 corporis
587 890 693 950 sui,
737 885 822 938 sed
863 896 995 934 uxor
1048 880 1159 944 ejus
1177 875 1243 927 “.
1278 872 1501 938 Propter
1532 864 1670 932 quod
1712 869 1763 914 et
1799 859 1850 910 in

337 985 455 1036 aliis
485 979 610 1032 dicit
661 978 726 1028 de
778 973 878 1034 eis,
907 970 1028 1038 quia
1085 982 1183 1018 non
1235 973 1304 1015 est
1339 958 1568 1013 servituti
1599 951 1850 1019 subjectus

340 1073 523 1134 frater,
559 1065 631 1118 vel
668 1078 817 1116 soror
850 1063 902 1112 in
938 1057 1124 1110 talibus
1143 1054 1205 1116 ⁵⁷,
1239 1051 1461 1110 scilicet,
1486 1044 1622 1115 quod
1649 1043 1700 1094 in
1738 1038 1854 1092 aliis

333 1169 424 1206 eos
452 1149 695 1206 servituti
724 1146 888 1200 sciret
927 1157 1047 1195 esse
1076 1139 1360 1206 subjectos.
1393 1135 1485 1188 Est
1509 1146 1636 1200 ergo
1668 1140 1854 1182 servus

336 1251 572 1297 vocatus.
597 1238 685 1309 qui
724 1237 774 1290 in
802 1233 1046 1302 coniugio
1076 1230 1278 1298 positus
1303 1225 1444 1278 venit
1470 1223 1532 1274 ad
1563 1219 1852 1280 Christum,

335 1339 419 1386 eui
459 1306 694 1384 dicitur:
745 1325 934 1380 Servus
983 1331 1194 1375 vocatus
1223 1317 1318 1371 es?
1344 1313 1489 1367 Nihil
1523 1310 1590 1363 ad
1636 1318 1682 1360 te
1733 1306 1858 1358 atti-

336 1432 450 1476 neat
475 1435 494 1473 :
522 1421 608 1473 sed
639 1427 686 1470 et
720 1417 763 1469 si
792 1423 933 1481 potes
961 1412 1088 1464 liber
1111 1410 1245 1477 fieri,
1281 1407 1444 1474 magis
1473 1413 1612 1454 utere
1631 1398 1673 1429 ⁶⁸
1699 1397 1857 1464 ;qnia

339 1517 389 1568 in
423 1509 737 1579 coniugibus
767 1503 986 1558 alterius
1013 1499 1123 1569 (95)
1153 1493 1493 1551 continentia
1528 1491 1747 1543 libertas
1782 1484 1858 1537 al-

340 1605 435 1658 teri
464 1610 679 1670 generat
701 1595 990 1668 perieulum
1024 1588 1308 1646 castitatis.
1340 1583 1458 1638 Non
1487 1582 1627 1635 enim
1665 1578 1860 1631 debent

341 1695 440 1746 nisi
475 1706 538 1743 ex
588 1701 849 1742 consensu
893 1686 957 1738 ad
1003 1693 1210 1747 tempus
1239 1688 1434 1730 vacare
1462 1668 1689 1725 orationi
1713 1666 1778 1728 ",
1807 1671 1861 1716 et

345 1783 537 1835 iterum
571 1779 622 1830 in
670 1777 895 1842 idipsum
930 1778 1012 1824 est
1045 1763 1435 1825 revertendum,
1466 1772 1532 1811 ne
1562 1770 1654 1810 eos
1696 1760 1861 1807 tentet

343 1871 573 1924 Satanas
617 1841 835 1933 propter
870 1853 1312 1913 incontinentiam
1348 1863 1517 1904 suam.
1552 1845 1598 1898 ls
1624 1858 1747 1911 ergo
1771 1841 1860 1909 qui

343 1980 438 2034 pro
487 1976 623 2037 nexu
656 1955 890 2025 eoujngii
934 1964 1116 2005 servus
1142 1953 1363 1998 vocatus
1395 1949 1498 2001 est,
1530 1937 1753 1990 libertus
1781 1940 1862 1986 est

343 2029 852 2108 Βοιιιὶικίξιιίιιυτιιιε
881 2043 1021 2096 enim
1059 2051 1232 2104 neque
1257 2049 1322 2086 ex
1351 2031 1560 2098 integro
1583 2027 1736 2088 liber,
1764 2036 1863 2075 ne-

349 2159 454 2212 que
493 2157 556 2194 ex
597 2140 803 2205 integro
841 2145 1027 2186 servus
1072 2135 1153 2178 est
1187 2122 1318 2191 (94).
1343 2120 1397 2174 Si
1449 2119 1498 2172 in
1530 2114 1736 2171 eateris
1763 2111 1870 2164 vir-

351 2235 552 2289 tutibus
585 2204 729 2282 liberi
772 2224 950 2284 fuerit,
997 2220 1038 2274 si
1086 2217 1226 2280 lidei,
1263 2210 1549 2281 patientia,
1578 2204 1872 2261 misericor-

346 2323 466 2384 dia,
503 2318 718 2386 iustitia
759 2311 991 2365 tenuerit
1035 2305 1359 2362 libertatem,
1390 2298 1619 2350 libertus
1663 2287 1870 2345 Domini

347 2380 664 2479 appellatur,
699 2411 877 2470 utpote
924 2397 1016 2466 qui
1056 2409 1152 2465 pro
1203 2387 1363 2445 animi
1410 2384 1698 2440 virtutibus
1741 2380 1874 2433 liber

349 2466 438 2564 sit,
465 2507 514 2552 et
543 2466 929 2565 proeoujugali
963 2484 1276 2540 necessitate
1304 2477 1414 2545 (95)
1445 2475 1518 2528 sit
1546 2485 1750 2526 servus.
1787 2466 1876 2520 Li-

350 2591 444 2644 ber
471 2601 596 2639 vero
640 2592 720 2637 est
758 2580 848 2649 qui
901 2579 1017 2630 sine
1064 2585 1229 2626 uxore
1275 2583 1371 2636 per
1401 2564 1683 2634 puritatem
1708 2555 1877 2611 conti—

253 2665 255 2668 i
353 2679 546 2734 neutia
569 2677 712 2727 venit
741 2646 804 2724 ad
840 2668 1130 2726 Christum,
1167 2660 1259 2729 qui
1290 2667 1464 2710 tamen
1503 2665 1687 2706 servus
1722 2646 1878 2702 Chri-

356 2770 424 2823 sti
458 2767 699 2827 elIicitur,
731 2764 851 2815 dum
881 2774 941 2811 ex
976 2757 1178 2821 integro
1218 2746 1500 2801 virtutibus
1532 2739 1712 2795 servit.
1742 2735 1880 2789 Pau-

358 2859 443 2912 lus
473 2871 617 2925 ergo,
645 2855 782 2907 sicut
817 2849 1029 2917 quidam
1057 2841 1291 2902 tradunt,
1319 2849 1438 2888 cum
1465 2844 1631 2885 uxore
1663 2833 1879 2880 vocatus

342 2958 470 3008 .est;
501 2912 567 2996 de
597 2912 703 3010 qua
735 2912 866 2990 dicit
892 2936 957 2986 ad
994 2930 1358 2996 Philippenses
1385 2920 1624 2975 scribens
1639 2916 1683 2947 ⁷ο
1709 2912 1881 2980 :Rog't

356 2998 508 3090 etiam
549 2998 628 3093 te:
667 3039 906 3097 germane
955 3033 1181 3088 compar,
1208 3014 1395 3083 adjuva
1422 3009 1580 3080 462
1605 3005 1763 3058 illas:
1789 2998 1880 3068 qui

357 3124 609 3195 quoniam
643 3123 706 3172 ah
755 3119 862 3182 ipsa
906 3128 970 3167 ex
1018 3122 1276 3164 consensu
1329 3104 1464 3156 liber
1508 3097 1724 3152 effectus
1773 3103 1877 3158 est,

360 3181 572 3271 servum
616 3224 674 3264 se
719 3206 826 3281 (96)
859 3204 1096 3257 nominat
1140 3193 1357 3251 Christi.
1394 3191 1450 3244 Si
1489 3202 1641 3247 vero.
1675 3192 1732 3238 ut
1760 3181 1879 3236 aliis

361 3306 593 3364 videtur,
619 3300 734 3353 sine
770 3309 954 3357 uxore,
981 3287 1323 3344 nihilominus
1365 3280 1455 3351 qui
1489 3277 1621 3332 liber
1660 3283 1879 3328 vocatus

363 3406 465 3458 est,
511 3405 692 3446 servus
733 3396 816 3440 est
870 3381 1084 3438 Christi.
1137 3377 1271 3441 Quid
1320 3382 1402 3426 est
1442 3377 1620 3422 autem
1669 3377 1882 3417 servum

365 3449 483 3538 esse
497 3479 714 3543 Christi,
741 3475 838 3528 nisi
861 3471 998 3541 qubd
1017 3477 1096 3523 est
1112 3478 1321 3521 servum
1345 3475 1461 3515 esse
1480 3457 1624 3510 verbi
1639 3453 1728 3507 Dei
1752 3449 1886 3518 (97),

369 3568 659 3639 sapientia,
701 3541 938 3634 iustitia,
989 3554 1250 3614 veritatis,
1294 3559 1346 3602 et
1391 3547 1624 3601 omnium
1673 3541 1888 3596 omnino

369 3665 646 3720 virtutum,
681 3630 798 3724 qua
828 3650 1004 3706 omnia
1031 3647 1281 3702 Christus
1314 3641 1430 3696 est?
1465 3638 1566 3692 Sed
1597 3645 1650 3689 et
1677 3630 1887 3695 illud,si

371 3753 596 3814 videtur,
625 3748 679 3800 in
713 3747 813 3799 hoc
838 3743 954 3795 loco
985 3739 1261 3800 addamus,
1295 3731 1433 3800 quod
1481 3730 1619 3784 sicut
1645 3725 1889 3785 scientia,

371 3857 488 3912 qua
532 3853 668 3893 nunc
713 3834 871 3889 datur
900 3829 1122 3890 sanctis,
1153 3841 1246 3892 per
1275 3820 1545 3890 speculum
1579 3819 1732 3869 datur
1755 3821 1808 3865 et
1838 3811 1890 3863 in

372 3899 646 4000 aenigmate
677 3924 806 3996 (98).
831 3933 884 3976 et
910 3917 1208 3990 prophetia,
1235 3922 1289 3966 et
1325 3921 1515 3964 catera
1547 3907 1680 3960 dona
1719 3899 1891 3970 Spiri-

375 3990 794 4078 tusvsancti‘",-:
827 4015 895 4065 ita
944 4020 998 4064 et
1050 4006 1287 4065 libertas,
1335 4013 1450 4068 qua
1507 4009 1648 4050 nunc
1699 3990 1897 4044 sanc'is

377 4119 680 4182 prastatur,
718 4103 948 4160 nondum
980 4099 1133 4168 plena
1154 4095 1376 4148 libertas
1398 4098 1500 4152 est,
1531 4087 1622 4140 sed
1647 4081 1788 4136 velut
1809 4094 1897 4147 per

449 4249 494 4279 “
521 4247 540 4300 1
568 4245 688 4299 Cor.
713 4255 809 4295 vn.
844 4238 898 4290 4.
941 4237 983 4267 ⁸⁷
1018 4233 1148 4286 ibid.
1178 4230 1259 4282 l5.
1318 4229 1362 4260 ⁸⁸
1384 4225 1510 4280 ibid.
1561 4222 1650 4276 2|.
1692 4220 1735 4251 ⁸⁵
1780 4216 1909 4270 ibid.
1947 4213 2000 4266 5.

449 4332 474 4347 ..
534 4316 596 4347 to
699 4312 745 4342 η
776 4308 931 4347 ιιοιιι-
966 4318 1003 4347 ιΔ
1025 4303 1072 4347 ι,
1168 4299 1214 4330 ⁷⁸
1245 4297 1426 4347 Matth.
1449 4308 1580 4347 χχιι.
1612 4289 1698 4343 14.
1786 4287 1830 4318 ⁷⁵
1855 4283 1915 4338 Ill
1942 4281 2053 4347 Reg

1992 4300 2073 4330 (Ἦ.

929 4431 1074 4470 nttm.
1099 4412 1255 4475 1659,
1277 4414 1673 4464 commemorata
1691 4403 1878 4475 servitu

2083 4391 2188 4475 (97>
2239 4385 3145 4475 .Si,°__.'.'_‘r°':_|31€'§9“_9:Este“.
3170 4406 3332 4475 36,50
3374 4399 3433 4445 ει
3468 4390 3630 4455 edi“.

699 4289 931 4361 “Rom.
966 4318 1004 4364 ι,
1025 4303 1073 4353 1.
1168 4299 1214 4330 ⁷⁸
1245 4297 1426 4350 Matth.
1449 4308 1580 4352 χχιι.
1612 4289 1698 4343 14.

382 4332 500 4378 xnt,
534 4316 617 4366 12.

454 4428 562 4500 (92)
586 4426 680 4479 Ms.
704 4423 898 4489 Regius

387 4471 1058 4554 ae‘li-b’erta'snasusumitur?
1095 4471 1284 4554 Galeri
1327 4495 1454 4534 mss.
1500 4487 1556 4530 et
1592 4474 1722 4528 editi
1756 4479 1813 4524 ut
1853 4471 1905 4522 in

389 4577 557 4622 textu.

613 4627 770 4688 Editi,
799 4622 969 4703 alteri.
1002 4619 1068 4674 Et
1088 4615 1223 4673 infra
1250 4632 1380 4671 mss.
1409 4613 1622 4685 quidam
1647 4621 1768 4664 cum
1789 4605 1907 4660 edi-

390 4693 498 4766 tis‘,
527 4693 632 4752 esse
653 4693 1022 4750 reuertendum.

462 4739 1120 4842 (bii"'s'a;".h'§§1"363m,
1165 4753 1481 4842 Salodianlus
1533 4755 1588 4802 et
1631 4739 1907 4800 Merlinus.

390 4821 763 4898 Ge‘n'ebrardus
793 4844 941 4892 vero,
973 4841 1144 4880 servus
1173 4833 1245 4898 est
1263 4821 1564 4898 appellatus.

462 4907 569 4977 (95)
594 4906 665 4977 Ita
699 4878 1034 4977 omnesunss.
1069 4894 1254 4977 nos-tri.
1290 4878 1426 4943 Εἶιὶιί
1457 4899 1600 4962 vero,
1633 4896 1725 4977 pro
1746 4878 1912 4930 actio-

396 4951 932 5028 ne\i:ivt"tutis.‘Deittde
961 4976 1089 5016 mss.
1123 4962 1318 5029 plures,
1348 4969 1393 5010 et
1421 4971 1510 5022 pro
1537 4951 1705 5020 jugali
1737 4962 1912 4999 neces-

395 5047 562 5103 sitate,
588 5053 688 5094 etc.

593 5088 700 5160 bis.
728 5103 888 5182 codex
914 5096 1268 5176 Ebroicensis,
1293 5093 1479 5158 adjuva
1518 5088 1636 5140 illas
1653 5098 1769 5152 qua:
1798 5097 1912 5133 eum

662 5186 671 5190 ’
816 5188 857 5190 ’5
916 5184 1016 5190 ““”·
1050 5181 1155 5190 ἠ’
1184 5179 1350 5190 ἰι--ηη
1392 5169 1514 5190 “ut
1571 5170 1631 5190 η·
1660 5166 1908 5190 ηηηρηςη

400 5166 508 5242 δρία
557 5166 704 5237 'sunt;
742 5175 861 5237 quia
907 5184 1020 5220 cum
1049 5167 1155 5232 ipse
1181 5179 1351 5214 servus
1389 5169 1536 5242 esset,
1571 5170 1631 5207 ea:
1659 5166 1908 5242 coztsertsu

401 5219 528 5297 liber
558 5219 783 5312 eﬁ’ect’us',
810 5251 1002 5312 servum
1049 5219 1121 5294 δέ,
1171 5243 1274 5286 etc.
1305 5230 1478 5281 Codex
1508 5237 1696 5312 autem,
1719 5219 1906 5312 Valllis-

860 5309 868 5312 -
950 5308 958 5312 ·
1241 5298 1367 5312 ιιι-η
1474 5295 1510 5312 ιο
1707 5303 1758 5312 --
1835 5285 1906 5312 ...ι

405 5285 1029 5372 13137.»:'17t'}ﬁui§itégitts
1061 5285 1203 5351 nunt.
1237 5298 1391 5372 1659,
1421 5295 1611 5362 adjura
1641 5290 1780 5372 iuras.
1806 5285 1907 5364 Qui

407 5395 519 5430 cum
554 5355 658 5442 ipsa
685 5394 744 5428 ex
768 5355 1010 5426 conserua
1039 5355 1400 5442 libr-reﬂectit}
1443 5355 1664 5442 estnetc.
1692 5355 1827 5406 Editi
1857 5361 1910 5405 et

411 5447 540 5522 alter
572 5430 672 5522 ius.
704 5444 896 5522 Regius
931 5453 1072 5490 num.
1110 5430 1262 5513 1.640,
1295 5433 1481 5522 fidit!!!“
1503 5430 1620 5505 ma?
1645 5437 1761 5522 9"“:
1792 5435 1908 5522 ﬁt"!

410 5513 516 5574 ipsa
543 5520 676 5562 sunt.
712 5489 1071 5560 e;°'c'b'nie'..su
1116 5489 1271 5569 igitur
1291 5489 1386 5574 (al.
1409 5502 1558 5574 deest
1586 5489 1760 5571 igitur)
1790 5489 1917 5539 liber

411 5563 617 5642 effectus
651 5593 866 5634 servum,
899 5584 1026 5636 etc.;
1055 5563 1154 5625 sed
1177 5563 1372 5622 rectius
1402 5581 1502 5619 tus.
1533 5563 1728 5631 Regius
1770 5573 1916 5611 nutu.

416 5644 568 5698 16H.
597 5651 649 5692 ut
678 5645 727 5693 in
759 5651 922 5692 textu.

1753 297 2065 357 ORICEMS

1873 419 1913 474 A

1910 3044 1951 3101 C

3477 264 3590 314 δθιι

1945 409 2226 476 speculum.
2273 414 2319 458 et
2363 404 2416 456 in
2450 400 2724 467 a’nigmate
2741 391 2823 452 7';
2851 394 2914 442 et
2961 385 3096 438 ideo
3136 371 3344 432 sancti
3383 381 3594 425 servos

1943 516 2003 555 se
2024 512 2140 553 esse
2163 496 2365 554 dicunt,
2398 491 2463 544 ad
2499 480 2981 552 comparationem
3033 470 3209 526 illius
3260 461 3591 519 libertatis,

1944 601 2060 655 qua
2093 584 2221 654 facie
2248 581 2312 635 ad
2342 579 2526 648 {aciem
2555 548 2839 627 tribuitur.
2883 563 2995 630 Qui
3035 557 3273 615 etenim
3310 559 3508 622 potest
3537 548 3593 598 in

1944 690 2106 731 carne
2136 673 2256 740 quis
2307 643 2517 740 positus
2571 659 2801 729 adipisci
2853 657 3153 722 integram
3224 643 3594 701 libertatem,

1947 775 2003 818 ut
2024 766 2074 817 in
2095 761 2237 816 nullo
2255 762 2361 828 jam
2385 756 2588 811 serviat
2613 747 2812 806 carni?
2841 745 3008 798 Sicut
3041 753 3160 791 nec
3209 731 3598 798 adoptionem

1950 855 2172 907 ﬁliorum
2199 849 2321 919 quis
2367 847 2419 898 in
2468 852 2697 909 corpore
2728 835 2946 905 positus
2983 829 3218 883 habere
3253 838 3332 874 ex
3371 819 3603 885 integro

1948 950 2141 1008 potest.
2174 939 2350 1005 Atque
2383 908 2588 987 utinam
2623 930 2727 981 hoc
2770 923 2975 978 saltem
3011 913 3288 973 obtineri
3323 911 3518 979 possit
3545 908 3600 960 in

1950 1033 2056 1084 vita
2103 1027 2425 1088 mortalium,
2479 1031 2537 1076 ut
2585 1033 2779 1073 servus
2806 1013 2938 1082 quis
2973 1005 3206 1062 Christi
3257 1017 3332 1056 ex
3371 1003 3604 1066 integro

1954 1124 2043 1176 liat
2074 1138 2087 1172 :
2120 1130 2171 1173 et
2201 1133 2303 1171 non
2332 1113 2505 1177 carni,
2537 1126 2642 1164 non
2675 1102 2964 1173 sanguini,
3007 1114 3128 1153 non
3167 1109 3344 1147 vana
3381 1091 3602 1161 gloria,

1953 1229 2056 1268 non
2098 1206 2396 1278 cupiditati,
2443 1219 2550 1256 non
2591 1198 2861 1258 avaritia,
2914 1210 3031 1245 non
3085 1185 3458 1246 iracundia,
3495 1198 3603 1234 non

1954 1269 2193 1364 invidia';
2217 1297 2306 1351 sed
2323 1296 2413 1364 qui
2444 1293 2542 1347 soli
2571 1289 2816 1351 Christo,
2848 1285 2904 1337 id
2939 1291 3037 1335 est
3077 1280 3375 1332 omnibus
3435 1269 3609 1325 simul

1954 1391 2238 1445 virtutibus
2294 1383 2516 1438 serviat.
2560 1379 2689 1432 Hae
2724 1378 2794 1429 de
2822 1389 2891 1428 eo
2923 1371 3089 1426 quod
3127 1365 3436 1434 scriptum
3467 1377 3556 1417 est
3588 1382 3606 1416 :

1957 1480 2155 1534 Paulus
2185 1491 2361 1530 servus
2392 1472 2520 1526 Iesu
2546 1467 2768 1523 Christi.

2020 1572 2076 1627 2.
2116 1568 2342 1623 Vocatus
2370 1560 2652 1632 Apostolus
2675 1559 2744 1610 ⁷³.
2782 1545 3001 1608 Nomen
3036 1551 3185 1612 hoc,
3225 1551 3290 1601 tu
3320 1549 3415 1599 est
3448 1559 3613 1598 voea-

1959 1673 2062 1724 tus,
2089 1661 2212 1730 quia
2243 1658 2308 1711 ad
2330 1669 2516 1710 omnes
2550 1651 2793 1719 pertinet
2827 1646 2926 1716 qui
2957 1645 3016 1697 in
3049 1642 3312 1696 Christo
3341 1639 3610 1699 credunt,

1960 1727 2201 1821 generale
2231 1752 2407 1816 potest
2435 1741 2647 1804 videri;
2679 1739 2777 1793 sed
2806 1731 3237 1800 unusquisque
3284 1727 3608 1782 secundum

1963 1820 2012 1894 id
2041 1839 2179 1907 quod
2211 1839 2262 1890 in
2291 1850 2355 1888 eo
2381 1831 2698 1901 praviditet
2729 1825 2898 1893 elegit
2943 1823 3070 1893 (99)
3111 1820 3300 1880 Deus.
3335 1827 3438 1870 aut
3472 1832 3609 1885 apo-

1963 1928 2129 1983 stolus
2185 1933 2428 1986 vocatur,
2485 1926 2578 1971 aut
2626 1916 2926 1985 propheta,
2981 1919 3090 1962 aut
3159 1908 3478 1975 magister,
3519 1912 3608 1959 aut

1968 2019 2101 2073 liber
2129 2018 2194 2070 ab
2226 2028 2410 2074 uxore,
2449 2019 2546 2064 aut
2583 2022 2775 2062 servus
2823 2005 2876 2058 in
2920 2000 3236 2069 conjuge;
3280 2007 3343 2052 et
3391 2013 3495 2065 pro
3531 1998 3613 2049 di-

1968 2109 2219 2163 versitate
2269 2103 2453 2173 gratia
2500 2100 2804 2166 completur
2862 2092 3008 2146 illud
3083 2091 3258 2158 quod
3337 2088 3612 2156 scriptum

1967 2195 2328 2253 est"‘:Multi
2382 2202 2504 2246 sunt
2556 2188 2752 2249 vocati,
2803 2185 2976 2251 pauci
3049 2193 3260 2235 autem
3323 2178 3481 2233 electi
3509 2180 3608 2247 (l).

1971 2285 2253 2340 Sciendum
2292 2294 2468 2336 tamen
2527 2288 2612 2332 est
2666 2277 2810 2346 quod
2871 2273 3175 2343 possibile
3225 2279 3321 2324 est
3365 2269 3609 2336 aliquem

1972 2393 2090 2433 esse
2116 2384 2358 2429 vocatum
2411 2369 2734 2440 apostolum,
2770 2375 2870 2418 aut
2907 2373 3205 2417 vocatum
3247 2361 3608 2430 prophetam,

1973 2476 2064 2522 aut
2087 2474 2328 2520 vocatum
2358 2461 2697 2530 magistrum,
2729 2466 2785 2510 et
2812 2455 2859 2509 si
2895 2453 3250 2523 neglexerit
3293 2451 3610 2505 vocationis

1976 2573 2084 2613 sua
2111 2555 2357 2625 gratiam,
2401 2547 2652 2602 decidere
2689 2561 2756 2599 ex
2803 2560 2870 2598 ea
2902 2563 2918 2598 :
2947 2545 3116 2598 sicut
3169 2553 3232 2596 et
3285 2540 3489 2604 Jurlas,
3520 2540 3609 2608 qui

1977 2646 2249 2717 apostolus
2288 2651 2509 2694 vocatus
2541 2647 2644 2700 est,
2677 2647 2732 2690 et
2777 2635 3093 2704 negligens
3136 2632 3474 2688 vocationis
3505 2645 3612 2685 sua

1978 2737 2227 2806 gratiam,
2280 2748 2345 2786 ex
2393 2729 2634 2798 apostolo
2677 2725 2914 2780 eﬂ'ectus
2969 2734 3068 2778 est
3114 2724 3399 2793 proditor
3424 2722 3521 2793 (2).
3551 2721 3613 2777 Et

1981 2827 2080 2880 fuit
2109 2824 2318 2891 quidem
2343 2827 2565 2872 vocatus
2599 2812 2913 2883 apostolus,
2948 2814 3060 2866 sed
3093 2828 3218 2866 non
3260 2812 3374 2864 fuit
3410 2811 3612 2864 electus

1981 2911 2274 2980 apostolus.
2302 2908 2406 2963 Sed
2429 2916 2484 2960 et
2512 2904 2598 2959 ille
2628 2902 2901 2972 propheta
2942 2902 3052 2970 qui
3094 2905 3158 2956 in
3198 2900 3378 2956 tertio
3401 2899 3610 2970 Regno-

1986 3017 2100 3056 rum
2131 3000 2271 3054 libro
2305 2997 2532 3051 refertur
2558 2995 2931 3063 prophetasse
2968 2993 3050 3046 de
3085 2991 3499 3056 Jeroboam",
3527 3005 3616 3043 vo-

1984 3101 2135 3146 catus
2156 3090 2412 3159 propheta
2462 3083 2598 3147 fuit;
2639 3082 2686 3135 si
2727 3090 2922 3134 autem
2961 3093 3028 3134 et
3065 3082 3333 3146 electus,
3367 3082 3486 3150 ipse
3516 3080 3616 3134 dis-

1985 3181 2175 3239 eutito,
2218 3175 2470 3243 quoniam
2514 3171 2735 3239 quidem
2791 3170 3142 3237 prohibitus
3199 3185 3416 3238 panem
3474 3183 3618 3222 man-

1986 3267 2254 3324 duearein
2285 3262 2469 3324 Israel,
2502 3259 2876 3323 manducavit,
2932 3267 3000 3312 et
3050 3259 3456 3330 interemptus
3481 3267 3564 3314 est
3589 3273 3618 3312 a

1988 3359 2139 3412 leone
2170 3357 2266 3425 (5).
2296 3354 2431 3407 Sunt
2464 3359 2518 3404 et
2549 3347 2702 3402 multi
2733 3350 2929 3402 vocati
2969 3350 3263 3418 magistri
3307 3365 3414 3420 per
3439 3362 3619 3404 omnes

1987 3447 2254 3502 Ecclesias
2284 3443 2398 3505 Dei,
2429 3450 2485 3492 et
2512 3438 2690 3492 vocati
2743 3436 3010 3490 ministri
3044 3454 3062 3500 ;
3123 3441 3235 3491 sed
3287 3438 3487 3492 nescio
3535 3435 3617 3504 qui

1991 3538 2044 3590 in
2079 3536 2161 3589 his
2194 3531 2356 3588 electi
2387 3528 2626 3597 magistri
2651 3527 2790 3590 sint,
2826 3535 2888 3578 et
2920 3527 3114 3582 electi
3155 3532 3442 3586 ministri.
3463 3531 3548 3584 Sic
3568 3537 3620 3582 et

1994 3636 2120 3698 puto
2145 3638 2261 3680 esse
2297 3622 2554 3689 quoadam
2592 3626 2819 3670 vocatos
2849 3616 3109 3684 quidem
3141 3631 3211 3673 ut
3234 3615 3619 3690 patiantur“)

1995 3734 2092 3788 pro
2133 3716 2366 3774 Christo,
2417 3725 2523 3764 non
2569 3719 2750 3761 tamen
2804 3707 3078 3772 electos;
3124 3711 3186 3764 id
3242 3722 3358 3774 est,
3409 3721 3623 3764 vocatos

1997 3816 2278 3877 martyres,
2303 3803 2393 3857 sed
2420 3816 2522 3854 non
2559 3799 2766 3852 electos
2795 3796 2880 3868 (5)
2911 3812 3275 3872 martyres:
3313 3812 3376 3855 ut
3406 3810 3530 3855 sunt
3553 3800 3621 3853 illi

1996 3903 2084 3968 qui
2129 3903 2248 3966 post
2300 3899 2686 3946 tormentorum
2737 3902 2958 3956 agones
3023 3901 3091 3944 et
3151 3906 3486 3954 carcerum,
3525 3903 3623 3942 non

2001 4002 2164 4055 usque
2191 3985 2254 4036 ad
2283 3983 2439 4034 linem
2470 3980 2522 4032 in
2571 3976 2953 4032 confessionis
2999 3983 3332 4036 tolerantia
3373 3983 3627 4050 perdura-

2001 4082 2139 4128 runt.
2191 4071 2282 4123 Est
2320 4078 2372 4122 et
2408 4075 2596 4120 vocata
2632 4066 2811 4134 virgo,
2859 4066 2970 4119 sed
3019 4083 3146 4122 non
3217 4071 3400 4126 electa
3451 4073 3625 4138 virgo;

2099 4207 2144 4238 το
2174 4204 2470 4278 phil-ipim
2505 4202 2560 4255 ‘5.
2631 4200 2676 4233 ’ί
2705 4200 2726 4255 l
2756 4201 2891 4256 Cor.
2921 4218 3039 4266 xu.
3069 4203 3108 4258 8
3146 4221 3288 4278 seq.

2101 4205 2470 4334 "x°"£l;‘li’p.2l5\.t,
2505 4205 2560 4255 5.
2631 4205 2676 4233 ⁷¹
2705 4205 2726 4255 l
2756 4205 2891 4256 Cor.
2921 4218 3039 4266 xu,
3069 4205 3108 4258 8
3146 4221 3288 4278 seq.
3369 4208 3416 4238 τ’
3446 4206 3486 4259 ll
3505 4205 3625 4260 Cor.

2013 4456 2149 4555 Quid
2172 4456 2250 4512 est
2297 4466 2469 4555 gluten:
2514 4469 2722 4506 servum
2763 4471 2879 4508 esse
2914 4456 3201 4514 Christi?
3248 4461 3415 4524 Quod
3441 4471 3514 4513 est
3545 4458 3630 4527 (al.

2017 4552 2024 4555 _
2051 4539 2153 4555 κη...
2209 4543 2304 4555 ...ιιι
2371 4541 2419 4555 ο.
2503 4537 2705 4555 eaq-annm
2725 4539 2837 4555 non.
2872 4528 3032 4555 ..ρ-ιε
3079 4525 3186 4555 ’ὶΑὲ
3254 4541 3345 4555 -.Α

2011 4523 2175 4586 Jeest.
2205 4527 2340 4588 quod
2369 4523 2464 4586 est)
2500 4537 2707 4574 servum
2723 4539 2837 4576 esse
2872 4528 3032 4580 verbi
3069 4525 3214 4588 Dei.
3251 4523 3368 4584 etc.

2067 4570 2179 4671 (933
2206 4570 2774 4671 ‘saa'ataa'a;".;i
2785 4570 2929 4658 'ie'r'
2942 4570 3368 4660 senatus;
3386 4591 3632 4659 ωιιίφηα-
3652 4592 3658 4598 ί

2001 4663 2134 4730 ιε.ξ.,
2163 4663 2215 4721 et
2246 4677 2297 4718 ut
2328 4663 2710 4730 creteraﬁdoua.
2744 4673 2854 4716 etc.

2083 4725 2313 4800 (ἐδωδῆς
2369 4741 2466 4778 nts.
2516 4725 2720 4800 Regius
2791 4728 3195 4800 num.16’59.
3252 4733 3461 4786 caeteri
3519 4744 3635 4781 vero

2017 4795 2181 4872 mss,
2202 4799 2456 4850 Rabanus
2488 4805 2542 4847 et
2565 4795 2720 4872 editi,
2751 4796 3022 4861 praevidet
3050 4810 3102 4851 et
3135 4804 3328 4872 eligit,
3363 4803 3439 4855 al.
3468 4800 3629 4852 eleoit.

2013 4871 2352 4990 gegt'd‘eioms.
2403 4879 2544 4918 unus
2589 4862 2796 4931 Regius
2828 4880 2990 4919 num.
3018 4869 3170 4922 1641
3189 4862 3350 4934 {aut
3380 4862 3562 4924 servus
3587 4884 3635 4918 nt

2014 4956 2104 4990 ουη
2133 4955 2160 4988 ιι
2199 4953 2268 4987 ιο.

2014 4953 2322 5128 elengditi
2360 5009 2429 5056 .et
2479 5017 2613 5056 mss.
2652 5000 2882 5070 quidam
2914 5019 2930 5055 ι
2957 5001 3143 5056 Multi
3213 5010 3424 5074 νοσαιέ,
3488 5007 3636 5075 pauci

2013 5139 2558 5276 prg)oset‘cpm::.u;t.
2589 5140 2877 5196 Rabanus.
2915 5140 3074 5197 Editi
3100 5157 3282 5211 vero,
3315 5145 3542 5214 είῙεειιιι
3567 5153 3634 5195 est

2082 5279 2155 5344 (5)
2187 5279 2262 5328 tta
2293 5293 2424 5331 mss.
2456 5291 2515 5333 et
2538 5280 2824 5339 Rabanus.
2851 5281 3006 5335 Editi
3041 5296 3212 5346 vero,
3248 5294 3302 5337 et
3337 5281 3639 5337 revertendo

2011 5359 2187 5411 captus
2216 5357 2287 5396 est
2311 5363 2343 5397 a
2373 5350 2550 5404 leone.

2018 5413 2157 5543 WE?)
2192 5414 2282 5467 Sic
2311 5431 2450 5472 mss.
2487 5425 2665 5479 nostri
2711 5430 2768 5477 et
2821 5421 3110 5479 Rabanus.
3159 5421 3352 5490 Editi,
3389 5427 3643 5492 putantur

2023 5550 2176 5670 anisi-it
2483 5561 2704 5622 dum"
2764 5563 2890 5620 “ire
2935 5562 3346 5619 desiderantur
3379 5563 3440 5617 in
3491 5556 3645 5614 libris
