  <div class='ocr_page' id='page_1' title='image "/cluster/home/n/w/nwhite01/storage/ocr_20150623/14 (Origen; pt. 4)/nyp.33433081862280/432.png"; bbox 0 0 3836 6222; ppageno 0'>
   <div class='ocr_carea' id='block_1_1' title="bbox 292 209 406 265">
    <p class='ocr_par' dir='ltr' id='par_1_1' title="bbox 292 209 406 265">
     <span class='ocr_line' id='line_1_1' title="bbox 292 209 406 265; baseline 0.009 -1"><span class='ocrx_word' id='word_1_1' title='bbox 292 209 406 265; x_wconf 67' lang='lat'><strong>855</strong></span> 
     </span>
    </p>
   </div>
   <div class='ocr_carea' id='block_1_2' title="bbox 1241 206 2495 274">
    <p class='ocr_par' dir='ltr' id='par_1_2' title="bbox 1241 206 2495 274">
     <span class='ocr_line' id='line_1_2' title="bbox 1241 206 2495 274; baseline -0.003 0"><span class='ocrx_word' id='word_1_2' title='bbox 1241 210 1583 274; x_wconf 63' lang='lat' dir='ltr'><strong>COMMENT.</strong></span> <span class='ocrx_word' id='word_1_3' title='bbox 1617 219 1682 274; x_wconf 83' lang='grc' dir='ltr'><strong>ΙΝ</strong></span> <span class='ocrx_word' id='word_1_4' title='bbox 1716 218 1927 273; x_wconf 80' lang='lat' dir='ltr'><strong>EPl-ST.</strong></span> <span class='ocrx_word' id='word_1_5' title='bbox 1965 219 2051 271; x_wconf 83' lang='lat' dir='ltr'><strong>AD</strong></span> <span class='ocrx_word' id='word_1_6' title='bbox 2084 206 2247 271; x_wconf 75' lang='lat' dir='ltr'><strong>ROM.</strong></span> <span class='ocrx_word' id='word_1_7' title='bbox 2286 213 2411 270; x_wconf 85' lang='lat' dir='ltr'><strong>LIB.</strong></span> <span class='ocrx_word' id='word_1_8' title='bbox 2456 213 2495 271; x_wconf 87' lang='grc' dir='ltr'><strong>Ι.</strong></span> 
     </span>
    </p>
   </div>
   <div class='ocr_carea' id='block_1_3' title="bbox 3351 212 3454 267">
    <p class='ocr_par' dir='ltr' id='par_1_3' title="bbox 3351 212 3454 267">
     <span class='ocr_line' id='line_1_3' title="bbox 3351 212 3454 267; baseline 0.01 -1"><span class='ocrx_word' id='word_1_9' title='bbox 3351 212 3454 267; x_wconf 54' lang='lat'><strong>846</strong></span> 
     </span>
    </p>
   </div>
   <div class='ocr_carea' id='block_1_4' title="bbox 292 325 3464 407">
    <p class='ocr_par' dir='ltr' id='par_1_4' title="bbox 292 325 3464 407">
     <span class='ocr_line' id='line_1_4' title="bbox 292 325 3464 407; baseline -0.001 -23"><span class='ocrx_word' id='word_1_10' title='bbox 292 325 544 394; x_wconf 71' lang='lat' dir='ltr'><strong>DeniQtte</strong></span> <span class='ocrx_word' id='word_1_11' title='bbox 575 332 757 386; x_wconf 88' lang='lat' dir='ltr'><strong>statim</strong></span> <span class='ocrx_word' id='word_1_12' title='bbox 792 334 845 388; x_wconf 86' lang='lat' dir='ltr'><strong>in</strong></span> <span class='ocrx_word' id='word_1_13' title='bbox 873 336 1320 403; x_wconf 85' lang='lat' dir='ltr'><strong>consequentibus</strong></span> <span class='ocrx_word' id='word_1_14' title='bbox 1351 339 1468 392; x_wconf 82' lang='lat' dir='ltr'><strong>vide</strong></span> <span class='ocrx_word' id='word_1_15' title='bbox 1503 339 1627 407; x_wconf 90' lang='lat' dir='ltr'><strong>quid</strong></span> <span class='ocrx_word' id='word_1_16' title='bbox 1659 339 1723 390; x_wconf 88' lang='lat' dir='ltr'><strong>de</strong></span> <span class='ocrx_word' id='word_1_17' title='bbox 1759 339 1840 392; x_wconf 86' lang='lat' dir='ltr'><strong>his</strong></span> <span class='ocrx_word' id='word_1_18' title='bbox 1866 341 1912 398; x_wconf 82' lang='lat' dir='ltr'><strong>A</strong></span> <span class='ocrx_word' id='word_1_19' title='bbox 1941 337 2172 390; x_wconf 64' lang='lat' dir='ltr'><strong>haeretici</strong></span> <span class='ocrx_word' id='word_1_20' title='bbox 2203 347 2408 403; x_wconf 86' lang='lat' dir='ltr'><strong>putant,</strong></span> <span class='ocrx_word' id='word_1_21' title='bbox 2432 333 2511 388; x_wconf 89' lang='lat' dir='ltr'><strong>vel</strong></span> <span class='ocrx_word' id='word_1_22' title='bbox 2541 333 2704 387; x_wconf 78' lang='lat' dir='ltr'><strong>sortis</strong></span> <span class='ocrx_word' id='word_1_23' title='bbox 2743 332 2968 394; x_wconf 84' lang='lat' dir='ltr'><strong>incerto,</strong></span> <span class='ocrx_word' id='word_1_24' title='bbox 3015 329 3094 383; x_wconf 87' lang='lat' dir='ltr'><strong>vel</strong></span> <span class='ocrx_word' id='word_1_25' title='bbox 3135 338 3334 383; x_wconf 70' lang='lat' dir='ltr'><strong>natura:</strong></span> <span class='ocrx_word' id='word_1_26' title='bbox 3360 347 3464 383; x_wconf 69' lang='lat' dir='ltr'><strong>me»</strong></span> 
     </span>
    </p>
   </div>
   <div class='ocr_carea' id='block_1_5' title="bbox 291 418 1842 496">
    <p class='ocr_par' dir='ltr' id='par_1_5' title="bbox 291 418 1842 496">
     <span class='ocr_line' id='line_1_5' title="bbox 291 418 1842 496; baseline 0.007 -25"><span class='ocrx_word' id='word_1_27' title='bbox 291 418 449 472; x_wconf 90' lang='lat' dir='ltr'><strong>dicat</strong></span> <span class='ocrx_word' id='word_1_28' title='bbox 479 433 660 474; x_wconf 86' lang='lat' dir='ltr'><strong>sermo</strong></span> <span class='ocrx_word' id='word_1_29' title='bbox 691 424 923 479; x_wconf 79' lang='lat' dir='ltr'><strong>divinus.</strong></span> <span class='ocrx_word' id='word_1_30' title='bbox 951 425 1217 494; x_wconf 80' lang='lat' dir='ltr'><strong>Scriptum</strong></span> <span class='ocrx_word' id='word_1_31' title='bbox 1261 437 1340 480; x_wconf 85' lang='lat' dir='ltr'><strong>est</strong></span> <span class='ocrx_word' id='word_1_32' title='bbox 1385 429 1524 480; x_wconf 89' lang='lat' dir='ltr'><strong>enim</strong></span> <span class='ocrx_word' id='word_1_33' title='bbox 1546 429 1624 480; x_wconf 73' lang='grc' dir='ltr'><strong>⁸³ε</strong></span> <span class='ocrx_word' id='word_1_34' title='bbox 1659 427 1842 496; x_wconf 82' lang='lat' dir='ltr'><strong>Segre-</strong></span> 
     </span>
    </p>
   </div>
   <div class='ocr_carea' id='block_1_6' title="bbox 289 510 1840 590">
    <p class='ocr_par' dir='ltr' id='par_1_6' title="bbox 289 510 1840 590">
     <span class='ocr_line' id='line_1_6' title="bbox 289 510 1840 590; baseline 0.008 -31"><span class='ocrx_word' id='word_1_35' title='bbox 289 510 411 574; x_wconf 84' lang='lat' dir='ltr'><strong>gati</strong></span> <span class='ocrx_word' id='word_1_36' title='bbox 437 518 560 560; x_wconf 83' lang='lat' dir='ltr'><strong>sunt</strong></span> <span class='ocrx_word' id='word_1_37' title='bbox 597 527 891 590; x_wconf 87' lang='lat' dir='ltr'><strong>peccatores</strong></span> <span class='ocrx_word' id='word_1_38' title='bbox 925 516 986 568; x_wconf 87' lang='lat' dir='ltr'><strong>ab</strong></span> <span class='ocrx_word' id='word_1_39' title='bbox 1019 525 1161 567; x_wconf 89' lang='lat' dir='ltr'><strong>utero</strong></span> <span class='ocrx_word' id='word_1_40' title='bbox 1187 554 1201 576; x_wconf 85' lang='lat'><strong>,</strong></span> <span class='ocrx_word' id='word_1_41' title='bbox 1251 527 1548 570; x_wconf 84' lang='lat' dir='ltr'><strong>erraverunt</strong></span> <span class='ocrx_word' id='word_1_42' title='bbox 1577 536 1609 572; x_wconf 87' lang='lat' dir='ltr'><strong>a</strong></span> <span class='ocrx_word' id='word_1_43' title='bbox 1645 529 1840 583; x_wconf 81' lang='lat' dir='ltr'><strong>ventre,</strong></span> 
     </span>
    </p>
   </div>
   <div class='ocr_carea' id='block_1_7' title="bbox 291 597 1840 674">
    <p class='ocr_par' dir='ltr' id='par_1_7' title="bbox 291 597 1840 674">
     <span class='ocr_line' id='line_1_7' title="bbox 291 597 1840 674; baseline 0.01 -27"><span class='ocrx_word' id='word_1_44' title='bbox 291 597 470 650; x_wconf 82' lang='lat' dir='ltr'><strong>locuti</strong></span> <span class='ocrx_word' id='word_1_45' title='bbox 502 610 618 652; x_wconf 88' lang='lat' dir='ltr'><strong>sunt</strong></span> <span class='ocrx_word' id='word_1_46' title='bbox 647 599 812 666; x_wconf 73' lang='lat' dir='ltr'><strong>falsa.</strong></span> <span class='ocrx_word' id='word_1_47' title='bbox 846 603 902 656; x_wconf 90' lang='lat' dir='ltr'><strong>Si</strong></span> <span class='ocrx_word' id='word_1_48' title='bbox 957 605 1302 672; x_wconf 73' lang='lat' dir='ltr'><strong>intelligamus</strong></span> <span class='ocrx_word' id='word_1_49' title='bbox 1349 609 1616 674; x_wconf 91' lang='lat' dir='ltr'><strong>quomodo</strong></span> <span class='ocrx_word' id='word_1_50' title='bbox 1665 611 1840 662; x_wconf 81' lang='lat' dir='ltr'><strong>statim</strong></span> 
     </span>
    </p>
   </div>
   <div class='ocr_carea' id='block_1_8' title="bbox 291 693 1843 762">
    <p class='ocr_par' dir='ltr' id='par_1_8' title="bbox 291 693 1843 762">
     <span class='ocr_line' id='line_1_8' title="bbox 291 693 1843 762; baseline 0.01 -23"><span class='ocrx_word' id='word_1_51' title='bbox 291 697 358 740; x_wconf 89' lang='lat' dir='ltr'><strong>ut</strong></span> <span class='ocrx_word' id='word_1_52' title='bbox 394 693 464 742; x_wconf 85' lang='lat' dir='ltr'><strong>de</strong></span> <span class='ocrx_word' id='word_1_53' title='bbox 491 699 678 743; x_wconf 90' lang='lat' dir='ltr'><strong>ventre</strong></span> <span class='ocrx_word' id='word_1_54' title='bbox 715 695 899 746; x_wconf 78' lang='lat' dir='ltr'><strong>matris</strong></span> <span class='ocrx_word' id='word_1_55' title='bbox 931 695 1219 760; x_wconf 83' lang='lat' dir='ltr'><strong>procedunt</strong></span> <span class='ocrx_word' id='word_1_56' title='bbox 1248 709 1552 762; x_wconf 70' lang='lat' dir='ltr'><strong>peccatores</strong></span> <span class='ocrx_word' id='word_1_57' title='bbox 1576 739 1590 762; x_wconf 93' lang='lat'><strong>,</strong></span> <span class='ocrx_word' id='word_1_58' title='bbox 1627 713 1843 753; x_wconf 88' lang='lat' dir='ltr'><strong>errave-</strong></span> 
     </span>
    </p>
   </div>
   <div class='ocr_carea' id='block_1_9' title="bbox 292 780 1842 854">
    <p class='ocr_par' dir='ltr' id='par_1_9' title="bbox 292 780 1842 854">
     <span class='ocr_line' id='line_1_9' title="bbox 292 780 1842 854; baseline 0.008 -26"><span class='ocrx_word' id='word_1_59' title='bbox 292 787 458 839; x_wconf 89' lang='lat' dir='ltr'><strong>runt,</strong></span> <span class='ocrx_word' id='word_1_60' title='bbox 489 780 570 832; x_wconf 89' lang='lat' dir='ltr'><strong>vel</strong></span> <span class='ocrx_word' id='word_1_61' title='bbox 598 781 758 834; x_wconf 91' lang='lat' dir='ltr'><strong>locuti</strong></span> <span class='ocrx_word' id='word_1_62' title='bbox 794 792 917 834; x_wconf 87' lang='lat' dir='ltr'><strong>sunt</strong></span> <span class='ocrx_word' id='word_1_63' title='bbox 940 782 1092 846; x_wconf 78' lang='lat' dir='ltr'><strong>falsa,</strong></span> <span class='ocrx_word' id='word_1_64' title='bbox 1122 785 1320 851; x_wconf 87' lang='lat' dir='ltr'><strong>pariter</strong></span> <span class='ocrx_word' id='word_1_65' title='bbox 1343 786 1677 854; x_wconf 79' lang='lat' dir='ltr'><strong>intelligimus</strong></span> <span class='ocrx_word' id='word_1_66' title='bbox 1702 788 1842 854; x_wconf 90' lang='lat' dir='ltr'><strong>quod</strong></span> 
     </span>
    </p>
   </div>
   <div class='ocr_carea' id='block_1_10' title="bbox 289 868 1843 944">
    <p class='ocr_par' dir='ltr' id='par_1_10' title="bbox 289 868 1843 944">
     <span class='ocr_line' id='line_1_10' title="bbox 289 868 1843 944; baseline 0.007 -24"><span class='ocrx_word' id='word_1_67' title='bbox 289 868 430 935; x_wconf 68' lang='lat' dir='ltr'><strong>iusti</strong></span> <span class='ocrx_word' id='word_1_68' title='bbox 463 881 784 936; x_wconf 75' lang='lat' dir='ltr'><strong>separantur</strong></span> <span class='ocrx_word' id='word_1_69' title='bbox 810 889 838 923; x_wconf 88' lang='lat' dir='ltr'><strong>a</strong></span> <span class='ocrx_word' id='word_1_70' title='bbox 896 883 1097 927; x_wconf 85' lang='lat' dir='ltr'><strong>ventre.</strong></span> <span class='ocrx_word' id='word_1_71' title='bbox 1134 874 1268 941; x_wconf 78' lang='lat' dir='ltr'><strong>Ergo</strong></span> <span class='ocrx_word' id='word_1_72' title='bbox 1297 885 1350 928; x_wconf 87' lang='lat' dir='ltr'><strong>et</strong></span> <span class='ocrx_word' id='word_1_73' title='bbox 1373 875 1562 930; x_wconf 81' lang='lat' dir='ltr'><strong>Paulus</strong></span> <span class='ocrx_word' id='word_1_74' title='bbox 1594 878 1731 944; x_wconf 88' lang='lat' dir='ltr'><strong>quod</strong></span> <span class='ocrx_word' id='word_1_75' title='bbox 1767 892 1843 931; x_wconf 87' lang='lat' dir='ltr'><strong>se-</strong></span> 
     </span>
    </p>
   </div>
   <div class='ocr_carea' id='block_1_11' title="bbox 289 961 1843 1033">
    <p class='ocr_par' dir='ltr' id='par_1_11' title="bbox 289 961 1843 1033">
     <span class='ocr_line' id='line_1_11' title="bbox 289 961 1843 1033; baseline 0.008 -25"><span class='ocrx_word' id='word_1_76' title='bbox 289 968 562 1027; x_wconf 78' lang='lat' dir='ltr'><strong>gregatus</strong></span> <span class='ocrx_word' id='word_1_77' title='bbox 592 961 641 1011; x_wconf 92' lang='lat' dir='ltr'><strong>in</strong></span> <span class='ocrx_word' id='word_1_78' title='bbox 665 961 1001 1029; x_wconf 83' lang='lat' dir='ltr'><strong>Evangelium</strong></span> <span class='ocrx_word' id='word_1_79' title='bbox 1030 965 1240 1027; x_wconf 87' lang='lat' dir='ltr'><strong>dicitur,</strong></span> <span class='ocrx_word' id='word_1_80' title='bbox 1266 976 1316 1017; x_wconf 92' lang='lat' dir='ltr'><strong>et</strong></span> <span class='ocrx_word' id='word_1_81' title='bbox 1337 975 1640 1033; x_wconf 87' lang='lat' dir='ltr'><strong>segregatus</strong></span> <span class='ocrx_word' id='word_1_82' title='bbox 1665 983 1695 1020; x_wconf 91' lang='lat' dir='ltr'><strong>a</strong></span> <span class='ocrx_word' id='word_1_83' title='bbox 1721 983 1843 1022; x_wconf 90' lang='lat' dir='ltr'><strong>ven-</strong></span> 
     </span>
    </p>
   </div>
   <div class='ocr_carea' id='block_1_12' title="bbox 294 1050 1842 1122">
    <p class='ocr_par' dir='ltr' id='par_1_12' title="bbox 294 1050 1842 1122">
     <span class='ocr_line' id='line_1_12' title="bbox 294 1050 1842 1122; baseline 0.006 -22"><span class='ocrx_word' id='word_1_84' title='bbox 294 1060 386 1101; x_wconf 87' lang='lat' dir='ltr'><strong>tre</strong></span> <span class='ocrx_word' id='word_1_85' title='bbox 423 1050 618 1102; x_wconf 83' lang='lat' dir='ltr'><strong>matris</strong></span> <span class='ocrx_word' id='word_1_86' title='bbox 646 1065 776 1110; x_wconf 73' lang='lat' dir='ltr'><strong>suae,</strong></span> <span class='ocrx_word' id='word_1_87' title='bbox 809 1067 996 1105; x_wconf 85' lang='lat' dir='ltr'><strong>causas</strong></span> <span class='ocrx_word' id='word_1_88' title='bbox 1038 1053 1088 1105; x_wconf 88' lang='lat' dir='ltr'><strong>in</strong></span> <span class='ocrx_word' id='word_1_89' title='bbox 1127 1069 1188 1106; x_wconf 90' lang='lat' dir='ltr'><strong>eo</strong></span> <span class='ocrx_word' id='word_1_90' title='bbox 1237 1066 1289 1106; x_wconf 92' lang='lat' dir='ltr'><strong>et</strong></span> <span class='ocrx_word' id='word_1_91' title='bbox 1333 1056 1518 1108; x_wconf 86' lang='lat' dir='ltr'><strong>merita</strong></span> <span class='ocrx_word' id='word_1_92' title='bbox 1547 1055 1734 1122; x_wconf 88' lang='lat' dir='ltr'><strong>quibus</strong></span> <span class='ocrx_word' id='word_1_93' title='bbox 1789 1058 1842 1110; x_wconf 87' lang='lat' dir='ltr'><strong>in</strong></span> 
     </span>
    </p>
   </div>
   <div class='ocr_carea' id='block_1_13' title="bbox 295 1138 1845 1212">
    <p class='ocr_par' dir='ltr' id='par_1_13' title="bbox 295 1138 1845 1212">
     <span class='ocr_line' id='line_1_13' title="bbox 295 1138 1845 1212; baseline 0.007 -22"><span class='ocrx_word' id='word_1_94' title='bbox 295 1138 412 1191; x_wconf 89' lang='lat' dir='ltr'><strong>hoc</strong></span> <span class='ocrx_word' id='word_1_95' title='bbox 442 1141 716 1206; x_wconf 78' lang='lat' dir='ltr'><strong>segregari</strong></span> <span class='ocrx_word' id='word_1_96' title='bbox 776 1141 1039 1204; x_wconf 81' lang='lat' dir='ltr'><strong>debuerit,</strong></span> <span class='ocrx_word' id='word_1_97' title='bbox 1074 1143 1199 1196; x_wconf 85' lang='lat' dir='ltr'><strong>vidit</strong></span> <span class='ocrx_word' id='word_1_98' title='bbox 1244 1145 1330 1196; x_wconf 88' lang='lat' dir='ltr'><strong>ille</strong></span> <span class='ocrx_word' id='word_1_99' title='bbox 1379 1160 1532 1212; x_wconf 90' lang='lat' dir='ltr'><strong>quem</strong></span> <span class='ocrx_word' id='word_1_100' title='bbox 1563 1161 1663 1199; x_wconf 92' lang='lat' dir='ltr'><strong>non</strong></span> <span class='ocrx_word' id='word_1_101' title='bbox 1719 1147 1845 1201; x_wconf 85' lang='lat' dir='ltr'><strong>latet</strong></span> 
     </span>
    </p>
   </div>
   <div class='ocr_carea' id='block_1_14' title="bbox 294 1229 1842 1302">
    <p class='ocr_par' dir='ltr' id='par_1_14' title="bbox 294 1229 1842 1302">
     <span class='ocr_line' id='line_1_14' title="bbox 294 1229 1842 1302; baseline 0.005 -21"><span class='ocrx_word' id='word_1_102' title='bbox 294 1244 486 1283; x_wconf 88' lang='lat' dir='ltr'><strong>mens.</strong></span> <span class='ocrx_word' id='word_1_103' title='bbox 524 1229 776 1284; x_wconf 61' lang='lat' dir='ltr'><strong>Praevidit</strong></span> <span class='ocrx_word' id='word_1_104' title='bbox 803 1232 942 1284; x_wconf 92' lang='lat' dir='ltr'><strong>enim</strong></span> <span class='ocrx_word' id='word_1_105' title='bbox 981 1233 1121 1299; x_wconf 90' lang='lat' dir='ltr'><strong>quod</strong></span> <span class='ocrx_word' id='word_1_106' title='bbox 1145 1233 1498 1286; x_wconf 89' lang='lat' dir='ltr'><strong>abundantius</strong></span> <span class='ocrx_word' id='word_1_107' title='bbox 1541 1249 1696 1302; x_wconf 89' lang='lat' dir='ltr'><strong>quam</strong></span> <span class='ocrx_word' id='word_1_108' title='bbox 1739 1251 1842 1288; x_wconf 66' lang='lat' dir='ltr'><strong>crc-</strong></span> 
     </span>
    </p>
   </div>
   <div class='ocr_carea' id='block_1_15' title="bbox 293 1318 1842 1391">
    <p class='ocr_par' dir='ltr' id='par_1_15' title="bbox 293 1318 1842 1391">
     <span class='ocr_line' id='line_1_15' title="bbox 293 1318 1842 1391; baseline 0.005 -22"><span class='ocrx_word' id='word_1_109' title='bbox 293 1318 409 1370; x_wconf 86' lang='lat' dir='ltr'><strong>teri</strong></span> <span class='ocrx_word' id='word_1_110' title='bbox 451 1332 642 1371; x_wconf 88' lang='lat' dir='ltr'><strong>omnes</strong></span> <span class='ocrx_word' id='word_1_111' title='bbox 685 1319 1018 1373; x_wconf 87' lang='lat' dir='ltr'><strong>laboraturus</strong></span> <span class='ocrx_word' id='word_1_112' title='bbox 1045 1332 1183 1374; x_wconf 86' lang='lat' dir='ltr'><strong>esset</strong></span> <span class='ocrx_word' id='word_1_113' title='bbox 1211 1323 1262 1372; x_wconf 88' lang='lat' dir='ltr'><strong>in</strong></span> <span class='ocrx_word' id='word_1_114' title='bbox 1295 1321 1576 1390; x_wconf 72' lang='lat' dir='ltr'><strong>Evangelia</strong></span> <span class='ocrx_word' id='word_1_115' title='bbox 1617 1323 1679 1386; x_wconf 75' lang='grc'><strong>⁸³⁵,</strong></span> <span class='ocrx_word' id='word_1_116' title='bbox 1704 1323 1842 1391; x_wconf 88' lang='lat' dir='ltr'><strong>quod</strong></span> 
     </span>
    </p>
   </div>
   <div class='ocr_carea' id='block_1_16' title="bbox 293 1408 1844 1480">
    <p class='ocr_par' dir='ltr' id='par_1_16' title="bbox 293 1408 1844 1480">
     <span class='ocr_line' id='line_1_16' title="bbox 293 1408 1844 1480; baseline 0.005 -20"><span class='ocrx_word' id='word_1_117' title='bbox 293 1408 352 1460; x_wconf 91' lang='lat' dir='ltr'><strong>in</strong></span> <span class='ocrx_word' id='word_1_118' title='bbox 390 1408 538 1462; x_wconf 68' lang='lat' dir='ltr'><strong>istinc</strong></span> <span class='ocrx_word' id='word_1_119' title='bbox 569 1418 622 1462; x_wconf 87' lang='lat' dir='ltr'><strong>et</strong></span> <span class='ocrx_word' id='word_1_120' title='bbox 650 1409 761 1470; x_wconf 88' lang='lat' dir='ltr'><strong>siti,</strong></span> <span class='ocrx_word' id='word_1_121' title='bbox 792 1410 842 1462; x_wconf 90' lang='lat' dir='ltr'><strong>in</strong></span> <span class='ocrx_word' id='word_1_122' title='bbox 868 1411 1064 1478; x_wconf 80' lang='lat' dir='ltr'><strong>frigore</strong></span> <span class='ocrx_word' id='word_1_123' title='bbox 1091 1419 1143 1464; x_wconf 90' lang='lat' dir='ltr'><strong>et</strong></span> <span class='ocrx_word' id='word_1_124' title='bbox 1174 1411 1412 1464; x_wconf 85' lang='lat' dir='ltr'><strong>nuditate</strong></span> <span class='ocrx_word' id='word_1_125' title='bbox 1435 1451 1450 1476; x_wconf 90' lang='lat'><strong>,</strong></span> <span class='ocrx_word' id='word_1_126' title='bbox 1495 1413 1741 1480; x_wconf 87' lang='lat' dir='ltr'><strong>periculis</strong></span> <span class='ocrx_word' id='word_1_127' title='bbox 1772 1414 1844 1466; x_wconf 91' lang='lat' dir='ltr'><strong>la-</strong></span> 
     </span>
    </p>
   </div>
   <div class='ocr_carea' id='block_1_17' title="bbox 295 1497 1878 1567">
    <p class='ocr_par' dir='ltr' id='par_1_17' title="bbox 295 1497 1878 1567">
     <span class='ocr_line' id='line_1_17' title="bbox 295 1497 1878 1567; baseline 0.006 -19"><span class='ocrx_word' id='word_1_128' title='bbox 295 1506 550 1562; x_wconf 86' lang='lat' dir='ltr'><strong>tronum,</strong></span> <span class='ocrx_word' id='word_1_129' title='bbox 579 1499 831 1566; x_wconf 85' lang='lat' dir='ltr'><strong>periculis</strong></span> <span class='ocrx_word' id='word_1_130' title='bbox 851 1497 1141 1560; x_wconf 81' lang='lat' dir='ltr'><strong>ﬂuminum,</strong></span> <span class='ocrx_word' id='word_1_131' title='bbox 1165 1501 1412 1567; x_wconf 88' lang='lat' dir='ltr'><strong>periculis</strong></span> <span class='ocrx_word' id='word_1_132' title='bbox 1439 1503 1599 1554; x_wconf 89' lang='lat' dir='ltr'><strong>maris</strong></span> <span class='ocrx_word' id='word_1_133' title='bbox 1625 1501 1690 1564; x_wconf 84' lang='grc'><strong>⁸⁸,</strong></span> <span class='ocrx_word' id='word_1_134' title='bbox 1712 1517 1844 1567; x_wconf 71' lang='lat' dir='ltr'><strong>prte-</strong></span> <span class='ocrx_word' id='word_1_135' title='bbox 1875 1554 1878 1558; x_wconf 91' lang='lat'><strong>.</strong></span> 
     </span>
    </p>
   </div>
   <div class='ocr_carea' id='block_1_18' title="bbox 293 1589 1843 1658">
    <p class='ocr_par' dir='ltr' id='par_1_18' title="bbox 293 1589 1843 1658">
     <span class='ocr_line' id='line_1_18' title="bbox 293 1589 1843 1658; baseline 0.002 -17"><span class='ocrx_word' id='word_1_136' title='bbox 293 1590 594 1643; x_wconf 85' lang='lat' dir='ltr'><strong>dicaturus</strong></span> <span class='ocrx_word' id='word_1_137' title='bbox 624 1600 764 1642; x_wconf 87' lang='lat' dir='ltr'><strong>esset</strong></span> <span class='ocrx_word' id='word_1_138' title='bbox 792 1591 1130 1655; x_wconf 87' lang='lat' dir='ltr'><strong>Evangelium</strong></span> <span class='ocrx_word' id='word_1_139' title='bbox 1156 1589 1373 1654; x_wconf 88' lang='lat' dir='ltr'><strong>Christi,</strong></span> <span class='ocrx_word' id='word_1_140' title='bbox 1404 1591 1578 1644; x_wconf 82' lang='lat' dir='ltr'><strong>sciens</strong></span> <span class='ocrx_word' id='word_1_141' title='bbox 1607 1594 1743 1658; x_wconf 89' lang='lat' dir='ltr'><strong>quod</strong></span> <span class='ocrx_word' id='word_1_142' title='bbox 1767 1607 1843 1644; x_wconf 67' lang='lat' dir='ltr'><strong>va:</strong></span> 
     </span>
    </p>
   </div>
   <div class='ocr_carea' id='block_1_19' title="bbox 292 1679 1838 1748">
    <p class='ocr_par' dir='ltr' id='par_1_19' title="bbox 292 1679 1838 1748">
     <span class='ocr_line' id='line_1_19' title="bbox 292 1679 1838 1748; baseline 0.003 -18"><span class='ocrx_word' id='word_1_143' title='bbox 292 1679 406 1730; x_wconf 80' lang='lat' dir='ltr'><strong>sibi</strong></span> <span class='ocrx_word' id='word_1_144' title='bbox 445 1687 593 1731; x_wconf 84' lang='lat' dir='ltr'><strong>esset</strong></span> <span class='ocrx_word' id='word_1_145' title='bbox 625 1680 671 1731; x_wconf 89' lang='lat' dir='ltr'><strong>si</strong></span> <span class='ocrx_word' id='word_1_146' title='bbox 695 1695 797 1731; x_wconf 93' lang='lat' dir='ltr'><strong>non</strong></span> <span class='ocrx_word' id='word_1_147' title='bbox 826 1679 1214 1748; x_wconf 84' lang='lat' dir='ltr'><strong>evangelizaret</strong></span> <span class='ocrx_word' id='word_1_148' title='bbox 1238 1679 1316 1743; x_wconf 80' lang='lat'><strong>“,</strong></span> <span class='ocrx_word' id='word_1_149' title='bbox 1353 1687 1404 1732; x_wconf 89' lang='lat' dir='ltr'><strong>et</strong></span> <span class='ocrx_word' id='word_1_150' title='bbox 1432 1680 1569 1748; x_wconf 89' lang='lat' dir='ltr'><strong>quod</strong></span> <span class='ocrx_word' id='word_1_151' title='bbox 1602 1695 1838 1734; x_wconf 89' lang='lat' dir='ltr'><strong>macera-</strong></span> 
     </span>
    </p>
   </div>
   <div class='ocr_carea' id='block_1_20' title="bbox 294 1767 1837 1836">
    <p class='ocr_par' dir='ltr' id='par_1_20' title="bbox 294 1767 1837 1836">
     <span class='ocr_line' id='line_1_20' title="bbox 294 1767 1837 1836; baseline 0.003 -18"><span class='ocrx_word' id='word_1_152' title='bbox 294 1775 464 1819; x_wconf 88' lang='lat' dir='ltr'><strong>turus</strong></span> <span class='ocrx_word' id='word_1_153' title='bbox 495 1776 639 1820; x_wconf 80' lang='lat' dir='ltr'><strong>esset</strong></span> <span class='ocrx_word' id='word_1_154' title='bbox 664 1782 855 1833; x_wconf 83' lang='lat' dir='ltr'><strong>corpus</strong></span> <span class='ocrx_word' id='word_1_155' title='bbox 885 1784 1061 1830; x_wconf 87' lang='lat' dir='ltr'><strong>suum,</strong></span> <span class='ocrx_word' id='word_1_156' title='bbox 1095 1779 1148 1820; x_wconf 88' lang='lat' dir='ltr'><strong>et</strong></span> <span class='ocrx_word' id='word_1_157' title='bbox 1188 1769 1428 1822; x_wconf 83' lang='lat' dir='ltr'><strong>servituti</strong></span> <span class='ocrx_word' id='word_1_158' title='bbox 1461 1767 1796 1836; x_wconf 84' lang='lat' dir='ltr'><strong>subjecturus</strong></span> <span class='ocrx_word' id='word_1_159' title='bbox 1821 1809 1837 1832; x_wconf 92' lang='lat'><strong>,</strong></span> 
     </span>
    </p>
   </div>
   <div class='ocr_carea' id='block_1_21' title="bbox 300 1853 1842 1925">
    <p class='ocr_par' dir='ltr' id='par_1_21' title="bbox 300 1853 1842 1925">
     <span class='ocr_line' id='line_1_21' title="bbox 300 1853 1842 1925; baseline 0.004 -19"><span class='ocrx_word' id='word_1_160' title='bbox 300 1869 376 1907; x_wconf 87' lang='lat' dir='ltr'><strong>ne</strong></span> <span class='ocrx_word' id='word_1_161' title='bbox 409 1855 548 1906; x_wconf 82' lang='lat' dir='ltr'><strong>forte</strong></span> <span class='ocrx_word' id='word_1_162' title='bbox 571 1870 691 1908; x_wconf 91' lang='lat' dir='ltr'><strong>cum</strong></span> <span class='ocrx_word' id='word_1_163' title='bbox 733 1853 894 1925; x_wconf 62' lang='grc'><strong>464</strong></span> <span class='ocrx_word' id='word_1_164' title='bbox 920 1857 1036 1908; x_wconf 87' lang='lat' dir='ltr'><strong>aliis</strong></span> <span class='ocrx_word' id='word_1_165' title='bbox 1081 1856 1416 1922; x_wconf 69' lang='lat' dir='ltr'><strong>praedicasset</strong></span> <span class='ocrx_word' id='word_1_166' title='bbox 1461 1857 1590 1924; x_wconf 87' lang='grc'><strong>(10),</strong></span> <span class='ocrx_word' id='word_1_167' title='bbox 1621 1857 1732 1925; x_wconf 90' lang='lat' dir='ltr'><strong>ipse</strong></span> <span class='ocrx_word' id='word_1_168' title='bbox 1759 1874 1842 1912; x_wconf 89' lang='lat' dir='ltr'><strong>re-</strong></span> 
     </span>
    </p>
   </div>
   <div class='ocr_carea' id='block_1_22' title="bbox 301 1937 1842 2012">
    <p class='ocr_par' dir='ltr' id='par_1_22' title="bbox 301 1937 1842 2012">
     <span class='ocr_line' id='line_1_22' title="bbox 301 1937 1842 2012; baseline 0.004 -18"><span class='ocrx_word' id='word_1_169' title='bbox 301 1943 516 2008; x_wconf 83' lang='lat' dir='ltr'><strong>probus</strong></span> <span class='ocrx_word' id='word_1_170' title='bbox 571 1941 868 1995; x_wconf 79' lang='lat' dir='ltr'><strong>eliiceretur</strong></span> <span class='ocrx_word' id='word_1_171' title='bbox 915 1941 978 1996; x_wconf 73' lang='grc' dir='ltr'><strong>ε’.</strong></span> <span class='ocrx_word' id='word_1_172' title='bbox 1047 1937 1166 1996; x_wconf 73' lang='lat' dir='ltr'><strong>llaec</strong></span> <span class='ocrx_word' id='word_1_173' title='bbox 1192 1959 1318 2012; x_wconf 81' lang='lat' dir='ltr'><strong>ergo</strong></span> <span class='ocrx_word' id='word_1_174' title='bbox 1344 1954 1396 1997; x_wconf 89' lang='lat' dir='ltr'><strong>et</strong></span> <span class='ocrx_word' id='word_1_175' title='bbox 1430 1945 1589 1997; x_wconf 88' lang='lat' dir='ltr'><strong>multa</strong></span> <span class='ocrx_word' id='word_1_176' title='bbox 1630 1946 1728 1998; x_wconf 89' lang='lat' dir='ltr'><strong>alia</strong></span> <span class='ocrx_word' id='word_1_177' title='bbox 1761 1947 1842 2000; x_wconf 88' lang='lat' dir='ltr'><strong>his</strong></span> 
     </span>
    </p>
   </div>
   <div class='ocr_carea' id='block_1_23' title="bbox 303 2029 1838 2098">
    <p class='ocr_par' dir='ltr' id='par_1_23' title="bbox 303 2029 1838 2098">
     <span class='ocr_line' id='line_1_23' title="bbox 303 2029 1838 2098; baseline 0.003 -15"><span class='ocrx_word' id='word_1_178' title='bbox 303 2029 513 2083; x_wconf 88' lang='lat' dir='ltr'><strong>similia</strong></span> <span class='ocrx_word' id='word_1_179' title='bbox 545 2029 652 2098; x_wconf 86' lang='grc'><strong>(11)</strong></span> <span class='ocrx_word' id='word_1_180' title='bbox 680 2031 732 2082; x_wconf 91' lang='lat' dir='ltr'><strong>in</strong></span> <span class='ocrx_word' id='word_1_181' title='bbox 755 2046 818 2083; x_wconf 91' lang='lat' dir='ltr'><strong>eo</strong></span> <span class='ocrx_word' id='word_1_182' title='bbox 842 2031 906 2084; x_wconf 90' lang='lat' dir='ltr'><strong>de</strong></span> <span class='ocrx_word' id='word_1_183' title='bbox 932 2041 1114 2085; x_wconf 86' lang='lat' dir='ltr'><strong>ventre</strong></span> <span class='ocrx_word' id='word_1_184' title='bbox 1142 2033 1326 2084; x_wconf 87' lang='lat' dir='ltr'><strong>matris</strong></span> <span class='ocrx_word' id='word_1_185' title='bbox 1351 2033 1644 2098; x_wconf 70' lang='lat' dir='ltr'><strong>praevidens</strong></span> <span class='ocrx_word' id='word_1_186' title='bbox 1667 2032 1838 2097; x_wconf 69' lang='lat' dir='ltr'><strong>Iesus,</strong></span> 
     </span>
    </p>
   </div>
   <div class='ocr_carea' id='block_1_24' title="bbox 299 2121 1841 2191">
    <p class='ocr_par' dir='ltr' id='par_1_24' title="bbox 299 2121 1841 2191">
     <span class='ocr_line' id='line_1_24' title="bbox 299 2121 1841 2191; baseline 0.005 -20"><span class='ocrx_word' id='word_1_187' title='bbox 299 2134 408 2188; x_wconf 88' lang='lat' dir='ltr'><strong>pro</strong></span> <span class='ocrx_word' id='word_1_188' title='bbox 432 2121 518 2173; x_wconf 85' lang='lat' dir='ltr'><strong>his</strong></span> <span class='ocrx_word' id='word_1_189' title='bbox 553 2122 846 2189; x_wconf 75' lang='lat' dir='ltr'><strong>segregavit</strong></span> <span class='ocrx_word' id='word_1_190' title='bbox 882 2137 1000 2175; x_wconf 92' lang='lat' dir='ltr'><strong>eum</strong></span> <span class='ocrx_word' id='word_1_191' title='bbox 1031 2123 1079 2174; x_wconf 89' lang='lat' dir='ltr'><strong>in</strong></span> <span class='ocrx_word' id='word_1_192' title='bbox 1109 2122 1466 2191; x_wconf 86' lang='lat' dir='ltr'><strong>Evangelium.</strong></span> <span class='ocrx_word' id='word_1_193' title='bbox 1507 2122 1560 2176; x_wconf 89' lang='lat' dir='ltr'><strong>Si</strong></span> <span class='ocrx_word' id='word_1_194' title='bbox 1593 2125 1756 2188; x_wconf 90' lang='lat' dir='ltr'><strong>enim,</strong></span> <span class='ocrx_word' id='word_1_195' title='bbox 1783 2137 1841 2178; x_wconf 92' lang='lat' dir='ltr'><strong>ut</strong></span> 
     </span>
    </p>
   </div>
   <div class='ocr_carea' id='block_1_25' title="bbox 377 2232 1386 2299">
    <p class='ocr_par' dir='ltr' id='par_1_25' title="bbox 377 2232 1386 2299">
     <span class='ocr_line' id='line_1_25' title="bbox 377 2232 1386 2299; baseline 0.004 -13"><span class='ocrx_word' id='word_1_196' title='bbox 377 2233 426 2264; x_wconf 82' lang='grc'>⁸³</span> <span class='ocrx_word' id='word_1_197' title='bbox 453 2232 596 2290; x_wconf 89' lang='lat' dir='ltr'><strong>Psal.</strong></span> <span class='ocrx_word' id='word_1_198' title='bbox 626 2250 755 2299; x_wconf 76' lang='lat' dir='ltr'><strong>LVII,</strong></span> <span class='ocrx_word' id='word_1_199' title='bbox 782 2237 836 2289; x_wconf 74' lang='grc' dir='ltr'><strong>ι1.</strong></span> <span class='ocrx_word' id='word_1_200' title='bbox 909 2237 955 2268; x_wconf 62' lang='grc'><strong>⁸⁵</strong></span> <span class='ocrx_word' id='word_1_201' title='bbox 984 2237 1002 2290; x_wconf 94' lang='grc'><strong>1</strong></span> <span class='ocrx_word' id='word_1_202' title='bbox 1028 2237 1152 2291; x_wconf 89' lang='lat' dir='ltr'><strong>Cor.</strong></span> <span class='ocrx_word' id='word_1_203' title='bbox 1181 2253 1270 2299; x_wconf 81' lang='lat' dir='ltr'><strong>sv,</strong></span> <span class='ocrx_word' id='word_1_204' title='bbox 1303 2238 1386 2290; x_wconf 86' lang='lat' dir='ltr'><strong>l0.</strong></span> 
     </span>
    </p>
   </div>
   <div class='ocr_carea' id='block_1_26' title="bbox 308 2329 1834 2398">
    <p class='ocr_par' dir='ltr' id='par_1_26' title="bbox 308 2329 1834 2398">
     <span class='ocr_line' id='line_1_26' title="bbox 308 2329 1834 2398; baseline 0.006 -20"><span class='ocrx_word' id='word_1_205' title='bbox 308 2337 402 2379; x_wconf 82' lang='lat' dir='ltr'><strong>:ur</strong></span> <span class='ocrx_word' id='word_1_206' title='bbox 424 2329 696 2394; x_wconf 76' lang='lat' dir='ltr'><strong>quominus</strong></span> <span class='ocrx_word' id='word_1_207' title='bbox 726 2332 792 2382; x_wconf 89' lang='lat' dir='ltr'><strong>sit</strong></span> <span class='ocrx_word' id='word_1_208' title='bbox 825 2331 1041 2398; x_wconf 86' lang='lat' dir='ltr'><strong>aliquid,</strong></span> <span class='ocrx_word' id='word_1_209' title='bbox 1081 2333 1216 2397; x_wconf 87' lang='lat' dir='ltr'><strong>quod</strong></span> <span class='ocrx_word' id='word_1_210' title='bbox 1245 2333 1310 2382; x_wconf 86' lang='lat' dir='ltr'><strong>ad</strong></span> <span class='ocrx_word' id='word_1_211' title='bbox 1333 2331 1494 2384; x_wconf 87' lang='lat' dir='ltr'><strong>multa</strong></span> <span class='ocrx_word' id='word_1_212' title='bbox 1521 2349 1626 2385; x_wconf 86' lang='lat' dir='ltr'><strong>esse</strong></span> <span class='ocrx_word' id='word_1_213' title='bbox 1655 2336 1834 2397; x_wconf 87' lang='lat' dir='ltr'><strong>possit,</strong></span> 
     </span>
    </p>
   </div>
   <div class='ocr_carea' id='block_1_27' title="bbox 305 2400 1834 2468">
    <p class='ocr_par' dir='ltr' id='par_1_27' title="bbox 305 2400 1834 2468">
     <span class='ocr_line' id='line_1_27' title="bbox 305 2400 1834 2468; baseline 0.007 -22"><span class='ocrx_word' id='word_1_214' title='bbox 305 2413 429 2446; x_wconf 87' lang='lat' dir='ltr'><strong>cum</strong></span> <span class='ocrx_word' id='word_1_215' title='bbox 455 2413 611 2448; x_wconf 91' lang='lat' dir='ltr'><strong>unum</strong></span> <span class='ocrx_word' id='word_1_216' title='bbox 643 2403 707 2449; x_wconf 91' lang='lat' dir='ltr'><strong>sit</strong></span> <span class='ocrx_word' id='word_1_217' title='bbox 735 2401 954 2468; x_wconf 82' lang='lat' dir='ltr'><strong>emultis</strong></span> <span class='ocrx_word' id='word_1_218' title='bbox 997 2400 1048 2450; x_wconf 86' lang='lat' dir='ltr'><strong>id</strong></span> <span class='ocrx_word' id='word_1_219' title='bbox 1078 2401 1212 2468; x_wconf 91' lang='lat' dir='ltr'><strong>quod</strong></span> <span class='ocrx_word' id='word_1_220' title='bbox 1246 2400 1476 2464; x_wconf 72' lang='lat' dir='ltr'><strong>futurum</strong></span> <span class='ocrx_word' id='word_1_221' title='bbox 1509 2411 1618 2463; x_wconf 83' lang='lat' dir='ltr'><strong>est;</strong></span> <span class='ocrx_word' id='word_1_222' title='bbox 1664 2410 1713 2453; x_wconf 87' lang='lat' dir='ltr'><strong>et</strong></span> <span class='ocrx_word' id='word_1_223' title='bbox 1762 2405 1834 2456; x_wconf 87' lang='lat' dir='ltr'><strong>ita</strong></span> 
     </span>
    </p>
   </div>
   <div class='ocr_carea' id='block_1_28' title="bbox 306 2466 1832 2536">
    <p class='ocr_par' dir='ltr' id='par_1_28' title="bbox 306 2466 1832 2536">
     <span class='ocr_line' id='line_1_28' title="bbox 306 2466 1832 2536; baseline 0.006 -21"><span class='ocrx_word' id='word_1_224' title='bbox 306 2475 600 2536; x_wconf 65' lang='lat' dir='ltr'><strong>primatum</strong></span> <span class='ocrx_word' id='word_1_225' title='bbox 624 2469 708 2536; x_wconf 63' lang='lat' dir='ltr'><strong>sit</strong></span> <span class='ocrx_word' id='word_1_226' title='bbox 733 2466 843 2533; x_wconf 79' lang='lat' dir='ltr'><strong>fore</strong></span> <span class='ocrx_word' id='word_1_227' title='bbox 871 2466 1098 2532; x_wconf 80' lang='lat' dir='ltr'><strong>quidem,</strong></span> <span class='ocrx_word' id='word_1_228' title='bbox 1146 2468 1232 2519; x_wconf 89' lang='lat' dir='ltr'><strong>sed</strong></span> <span class='ocrx_word' id='word_1_229' title='bbox 1264 2485 1362 2519; x_wconf 89' lang='lat' dir='ltr'><strong>non</strong></span> <span class='ocrx_word' id='word_1_230' title='bbox 1397 2472 1678 2522; x_wconf 82' lang='lat' dir='ltr'><strong>necessario</strong></span> <span class='ocrx_word' id='word_1_231' title='bbox 1701 2472 1832 2536; x_wconf 71' lang='lat' dir='ltr'><strong>fore.</strong></span> 
     </span>
    </p>
   </div>
   <div class='ocr_carea' id='block_1_29' title="bbox 311 2531 1838 2603">
    <p class='ocr_par' dir='ltr' id='par_1_29' title="bbox 311 2531 1838 2603">
     <span class='ocr_line' id='line_1_29' title="bbox 311 2531 1838 2603; baseline 0.005 -20"><span class='ocrx_word' id='word_1_232' title='bbox 311 2531 422 2584; x_wconf 86' lang='lat' dir='ltr'><strong>Sed</strong></span> <span class='ocrx_word' id='word_1_233' title='bbox 459 2549 574 2584; x_wconf 88' lang='lat' dir='ltr'><strong>cum</strong></span> <span class='ocrx_word' id='word_1_234' title='bbox 603 2533 716 2600; x_wconf 77' lang='lat' dir='ltr'><strong>ﬁeri</strong></span> <span class='ocrx_word' id='word_1_235' title='bbox 734 2531 901 2600; x_wconf 80' lang='lat' dir='ltr'><strong>possit</strong></span> <span class='ocrx_word' id='word_1_236' title='bbox 934 2545 987 2586; x_wconf 90' lang='lat' dir='ltr'><strong>ut</strong></span> <span class='ocrx_word' id='word_1_237' title='bbox 1013 2551 1112 2588; x_wconf 85' lang='lat' dir='ltr'><strong>non</strong></span> <span class='ocrx_word' id='word_1_238' title='bbox 1137 2538 1223 2596; x_wconf 85' lang='lat' dir='ltr'><strong>sit,</strong></span> <span class='ocrx_word' id='word_1_239' title='bbox 1254 2537 1349 2586; x_wconf 91' lang='lat' dir='ltr'><strong>erit</strong></span> <span class='ocrx_word' id='word_1_240' title='bbox 1389 2553 1488 2588; x_wconf 87' lang='lat' dir='ltr'><strong>non</strong></span> <span class='ocrx_word' id='word_1_241' title='bbox 1541 2531 1838 2603; x_wconf 80' lang='lat' dir='ltr'><strong>conjectura</strong></span> 
     </span>
    </p>
   </div>
   <div class='ocr_carea' id='block_1_30' title="bbox 311 2603 1837 2672">
    <p class='ocr_par' dir='ltr' id='par_1_30' title="bbox 311 2603 1837 2672">
     <span class='ocr_line' id='line_1_30' title="bbox 311 2603 1837 2672; baseline 0.004 -19"><span class='ocrx_word' id='word_1_242' title='bbox 311 2604 532 2672; x_wconf 81' lang='lat' dir='ltr'><strong>dictum,</strong></span> <span class='ocrx_word' id='word_1_243' title='bbox 561 2605 647 2672; x_wconf 76' lang='lat' dir='ltr'><strong>sed</strong></span> <span class='ocrx_word' id='word_1_244' title='bbox 679 2614 1132 2672; x_wconf 13' lang='lat' dir='ltr'><strong>vererprtenotum.</strong></span> <span class='ocrx_word' id='word_1_245' title='bbox 1173 2603 1345 2670; x_wconf 81' lang='lat' dir='ltr'><strong>Neque</strong></span> <span class='ocrx_word' id='word_1_246' title='bbox 1381 2621 1493 2658; x_wconf 74' lang='lat' dir='ltr'><strong>vero</strong></span> <span class='ocrx_word' id='word_1_247' title='bbox 1539 2609 1650 2671; x_wconf 91' lang='lat' dir='ltr'><strong>quis</strong></span> <span class='ocrx_word' id='word_1_248' title='bbox 1699 2617 1837 2672; x_wconf 82' lang='lat' dir='ltr'><strong>putet</strong></span> 
     </span>
    </p>
   </div>
   <div class='ocr_carea' id='block_1_31' title="bbox 312 2669 1837 2742">
    <p class='ocr_par' dir='ltr' id='par_1_31' title="bbox 312 2669 1837 2742">
     <span class='ocr_line' id='line_1_31' title="bbox 312 2669 1837 2742; baseline 0.005 -22"><span class='ocrx_word' id='word_1_249' title='bbox 312 2686 406 2721; x_wconf 87' lang='lat' dir='ltr'><strong>nos</strong></span> <span class='ocrx_word' id='word_1_250' title='bbox 439 2669 594 2742; x_wconf 86' lang='lat' dir='ltr'><strong>illud,</strong></span> <span class='ocrx_word' id='word_1_251' title='bbox 627 2671 914 2724; x_wconf 89' lang='lat' dir='ltr'><strong>secundum</strong></span> <span class='ocrx_word' id='word_1_252' title='bbox 952 2669 1278 2742; x_wconf 72' lang='lat' dir='ltr'><strong>[impositum</strong></span> <span class='ocrx_word' id='word_1_253' title='bbox 1309 2711 1324 2733; x_wconf 93' lang='lat'><strong>,</strong></span> <span class='ocrx_word' id='word_1_254' title='bbox 1360 2669 1656 2742; x_wconf 53' lang='lat' dir='ltr'><strong>reticuisse,</strong></span> <span class='ocrx_word' id='word_1_255' title='bbox 1689 2669 1837 2742; x_wconf 82' lang='lat' dir='ltr'><strong>quasi</strong></span> 
     </span>
    </p>
   </div>
   <div class='ocr_carea' id='block_1_32' title="bbox 311 2739 1836 2797">
    <p class='ocr_par' dir='ltr' id='par_1_32' title="bbox 311 2739 1836 2797">
     <span class='ocr_line' id='line_1_32' title="bbox 311 2739 1836 2797; baseline 0.005 -7"><span class='ocrx_word' id='word_1_256' title='bbox 311 2739 582 2790; x_wconf 66' lang='lat' dir='ltr'><strong>sententiis</strong></span> <span class='ocrx_word' id='word_1_257' title='bbox 614 2750 802 2790; x_wconf 71' lang='lat' dir='ltr'><strong>nostra:</strong></span> <span class='ocrx_word' id='word_1_258' title='bbox 842 2749 1034 2791; x_wconf 80' lang='lat' dir='ltr'><strong>noceat.</strong></span> <span class='ocrx_word' id='word_1_259' title='bbox 1065 2739 1146 2790; x_wconf 77' lang='lat' dir='ltr'><strong>Ait</strong></span> <span class='ocrx_word' id='word_1_260' title='bbox 1188 2743 1317 2792; x_wconf 88' lang='lat' dir='ltr'><strong>enim</strong></span> <span class='ocrx_word' id='word_1_261' title='bbox 1354 2740 1544 2794; x_wconf 83' lang='lat' dir='ltr'><strong>Paulus</strong></span> <span class='ocrx_word' id='word_1_262' title='bbox 1573 2758 1591 2795; x_wconf 92' lang='lat'><strong><em>:</em></strong></span> <span class='ocrx_word' id='word_1_263' title='bbox 1630 2739 1836 2797; x_wconf 85' lang='lat' dir='ltr'><strong>Scimus</strong></span> 
     </span>
    </p>
   </div>
   <div class='ocr_carea' id='block_1_33' title="bbox 311 2807 1836 2876">
    <p class='ocr_par' dir='ltr' id='par_1_33' title="bbox 311 2807 1836 2876">
     <span class='ocr_line' id='line_1_33' title="bbox 311 2807 1836 2876; baseline 0.002 -19"><span class='ocrx_word' id='word_1_264' title='bbox 311 2816 490 2876; x_wconf 85' lang='lat' dir='ltr'><strong>autem</strong></span> <span class='ocrx_word' id='word_1_265' title='bbox 519 2808 766 2873; x_wconf 89' lang='lat' dir='ltr'><strong>quoniam</strong></span> <span class='ocrx_word' id='word_1_266' title='bbox 786 2807 1127 2876; x_wconf 87' lang='lat' dir='ltr'><strong>diligentibus</strong></span> <span class='ocrx_word' id='word_1_267' title='bbox 1161 2809 1316 2861; x_wconf 84' lang='lat' dir='ltr'><strong>Deum</strong></span> <span class='ocrx_word' id='word_1_268' title='bbox 1348 2813 1522 2861; x_wconf 88' lang='lat' dir='ltr'><strong>omnia</strong></span> <span class='ocrx_word' id='word_1_269' title='bbox 1553 2824 1836 2876; x_wconf 79' lang='lat' dir='ltr'><strong>cooperan-</strong></span> 
     </span>
    </p>
   </div>
   <div class='ocr_carea' id='block_1_34' title="bbox 1459 2237 2014 2305">
    <p class='ocr_par' dir='ltr' id='par_1_34' title="bbox 1459 2237 2014 2305">
     <span class='ocr_line' id='line_1_34' title="bbox 1459 2237 2014 2305; baseline 0.02 -19"><span class='ocrx_word' id='word_1_270' title='bbox 1459 2237 1504 2268; x_wconf 79' lang='lat'>”</span> <span class='ocrx_word' id='word_1_271' title='bbox 1529 2237 1569 2290; x_wconf 94' lang='grc'><strong>11</strong></span> <span class='ocrx_word' id='word_1_272' title='bbox 1591 2239 1792 2302; x_wconf 75' lang='lat' dir='ltr'><strong>Cui-.xt,</strong></span> <span class='ocrx_word' id='word_1_273' title='bbox 1813 2241 1902 2305; x_wconf 79' lang='lat'><strong>‘26,</strong></span> <span class='ocrx_word' id='word_1_274' title='bbox 1927 2243 2014 2298; x_wconf 78' lang='grc'><strong>27.</strong></span> 
     </span>
    </p>
   </div>
   <div class='ocr_carea' id='block_1_35' title="bbox 1942 421 3466 495">
    <p class='ocr_par' dir='ltr' id='par_1_35' title="bbox 1942 421 3466 495">
     <span class='ocr_line' id='line_1_35' title="bbox 1942 421 3466 495; baseline -0.003 -17"><span class='ocrx_word' id='word_1_275' title='bbox 1942 425 2093 479; x_wconf 89' lang='lat' dir='ltr'><strong>lioris</strong></span> <span class='ocrx_word' id='word_1_276' title='bbox 2120 429 2462 495; x_wconf 68' lang='lat' dir='ltr'><strong>praerogativa</strong></span> <span class='ocrx_word' id='word_1_277' title='bbox 2508 425 2690 478; x_wconf 83' lang='lat' dir='ltr'><strong>luisset</strong></span> <span class='ocrx_word' id='word_1_278' title='bbox 2714 423 2933 487; x_wconf 90' lang='lat' dir='ltr'><strong>electus,</strong></span> <span class='ocrx_word' id='word_1_279' title='bbox 2982 435 3249 489; x_wconf 82' lang='lat' dir='ltr'><strong>nunquam</strong></span> <span class='ocrx_word' id='word_1_280' title='bbox 3281 421 3466 488; x_wconf 80' lang='lat' dir='ltr'><strong>utique</strong></span> 
     </span>
    </p>
   </div>
   <div class='ocr_carea' id='block_1_36' title="bbox 1945 510 3464 584">
    <p class='ocr_par' dir='ltr' id='par_1_36' title="bbox 1945 510 3464 584">
     <span class='ocr_line' id='line_1_36' title="bbox 1945 510 3464 584; baseline -0.003 -16"><span class='ocrx_word' id='word_1_281' title='bbox 1945 517 2205 570; x_wconf 84' lang='lat' dir='ltr'><strong>timuisset</strong></span> <span class='ocrx_word' id='word_1_282' title='bbox 2232 533 2298 569; x_wconf 89' lang='lat' dir='ltr'><strong>ne</strong></span> <span class='ocrx_word' id='word_1_283' title='bbox 2330 518 2373 570; x_wconf 91' lang='lat' dir='ltr'><strong>si</strong></span> <span class='ocrx_word' id='word_1_284' title='bbox 2401 517 2574 570; x_wconf 92' lang='lat' dir='ltr'><strong>minus</strong></span> <span class='ocrx_word' id='word_1_285' title='bbox 2596 514 2839 584; x_wconf 89' lang='lat' dir='ltr'><strong>corporis</strong></span> <span class='ocrx_word' id='word_1_286' title='bbox 2868 513 2946 565; x_wconf 90' lang='lat' dir='ltr'><strong>sui</strong></span> <span class='ocrx_word' id='word_1_287' title='bbox 2985 510 3136 563; x_wconf 85' lang='lat' dir='ltr'><strong>l&#39;rena</strong></span> <span class='ocrx_word' id='word_1_288' title='bbox 3169 512 3421 564; x_wconf 84' lang='lat' dir='ltr'><strong>tenuisset</strong></span> <span class='ocrx_word' id='word_1_289' title='bbox 3446 543 3464 573; x_wconf 74' lang='lat'><strong>,</strong></span> 
     </span>
    </p>
   </div>
   <div class='ocr_carea' id='block_1_37' title="bbox 1941 601 3454 676">
    <p class='ocr_par' dir='ltr' id='par_1_37' title="bbox 1941 601 3454 676">
     <span class='ocr_line' id='line_1_37' title="bbox 1941 601 3454 676; baseline -0.007 -14"><span class='ocrx_word' id='word_1_290' title='bbox 1941 607 2152 663; x_wconf 89' lang='lat' dir='ltr'><strong>evenire</strong></span> <span class='ocrx_word' id='word_1_291' title='bbox 2173 618 2350 676; x_wconf 87' lang='lat' dir='ltr'><strong>posset</strong></span> <span class='ocrx_word' id='word_1_292' title='bbox 2375 617 2432 661; x_wconf 92' lang='lat' dir='ltr'><strong>ut</strong></span> <span class='ocrx_word' id='word_1_293' title='bbox 2459 609 2713 675; x_wconf 88' lang='lat' dir='ltr'><strong>reprobus</strong></span> <span class='ocrx_word' id='word_1_294' title='bbox 2739 607 2908 666; x_wconf 82' lang='lat' dir='ltr'><strong>ﬁeret,</strong></span> <span class='ocrx_word' id='word_1_295' title='bbox 2936 603 3016 655; x_wconf 91' lang='lat' dir='ltr'><strong>vel</strong></span> <span class='ocrx_word' id='word_1_296' title='bbox 3059 617 3138 655; x_wconf 58' lang='grc' dir='ltr'><strong>γε</strong></span> <span class='ocrx_word' id='word_1_297' title='bbox 3182 601 3280 654; x_wconf 87' lang='lat' dir='ltr'><strong>sibi</strong></span> <span class='ocrx_word' id='word_1_298' title='bbox 3327 601 3454 652; x_wconf 77' lang='lat' dir='ltr'><strong>littu-</strong></span> 
     </span>
    </p>
   </div>
   <div class='ocr_carea' id='block_1_38' title="bbox 1943 691 3469 763">
    <p class='ocr_par' dir='ltr' id='par_1_38' title="bbox 1943 691 3469 763">
     <span class='ocr_line' id='line_1_38' title="bbox 1943 691 3469 763; baseline -0.003 -16"><span class='ocrx_word' id='word_1_299' title='bbox 1943 712 2057 748; x_wconf 87' lang='lat' dir='ltr'><strong>rum</strong></span> <span class='ocrx_word' id='word_1_300' title='bbox 2083 705 2221 750; x_wconf 89' lang='lat' dir='ltr'><strong>esset</strong></span> <span class='ocrx_word' id='word_1_301' title='bbox 2244 697 2286 748; x_wconf 89' lang='lat' dir='ltr'><strong>si</strong></span> <span class='ocrx_word' id='word_1_302' title='bbox 2316 697 2681 763; x_wconf 79' lang='lat' dir='ltr'><strong>evangelizare</strong></span> <span class='ocrx_word' id='word_1_303' title='bbox 2713 703 2972 748; x_wconf 79' lang='lat' dir='ltr'><strong>cessasset</strong></span> <span class='ocrx_word' id='word_1_304' title='bbox 2995 694 3124 761; x_wconf 70' lang='lat'><strong>(1:2).</strong></span> <span class='ocrx_word' id='word_1_305' title='bbox 3158 691 3392 758; x_wconf 83' lang='lat' dir='ltr'><strong>Denique</strong></span> <span class='ocrx_word' id='word_1_306' title='bbox 3415 698 3469 742; x_wconf 84' lang='lat' dir='ltr'><strong>et</strong></span> 
     </span>
    </p>
   </div>
   <div class='ocr_carea' id='block_1_39' title="bbox 1946 781 3464 855">
    <p class='ocr_par' dir='ltr' id='par_1_39' title="bbox 1946 781 3464 855">
     <span class='ocr_line' id='line_1_39' title="bbox 1946 781 3464 855; baseline -0.004 -18"><span class='ocrx_word' id='word_1_307' title='bbox 1946 787 2055 855; x_wconf 88' lang='lat' dir='ltr'><strong>ipse</strong></span> <span class='ocrx_word' id='word_1_308' title='bbox 2089 787 2140 840; x_wconf 92' lang='lat' dir='ltr'><strong>in</strong></span> <span class='ocrx_word' id='word_1_309' title='bbox 2172 787 2614 854; x_wconf 87' lang='lat' dir='ltr'><strong>consequentibus</strong></span> <span class='ocrx_word' id='word_1_310' title='bbox 2647 786 2808 837; x_wconf 88' lang='lat' dir='ltr'><strong>latius</strong></span> <span class='ocrx_word' id='word_1_311' title='bbox 2857 785 3129 837; x_wconf 87' lang='lat' dir='ltr'><strong>disserens</strong></span> <span class='ocrx_word' id='word_1_312' title='bbox 3185 782 3297 841; x_wconf 88' lang='lat' dir='ltr'><strong>ait,</strong></span> <span class='ocrx_word' id='word_1_313' title='bbox 3343 781 3464 845; x_wconf 85' lang='lat' dir='ltr'><strong>quia</strong></span> 
     </span>
    </p>
   </div>
   <div class='ocr_carea' id='block_1_40' title="bbox 1941 873 3466 945">
    <p class='ocr_par' dir='ltr' id='par_1_40' title="bbox 1941 873 3466 945">
     <span class='ocr_line' id='line_1_40' title="bbox 1941 873 3466 945; baseline -0.005 -15"><span class='ocrx_word' id='word_1_314' title='bbox 1941 895 2066 945; x_wconf 88' lang='lat' dir='ltr'><strong>quos</strong></span> <span class='ocrx_word' id='word_1_315' title='bbox 2097 879 2348 944; x_wconf 79' lang='lat' dir='ltr'><strong>prtescivit</strong></span> <span class='ocrx_word' id='word_1_316' title='bbox 2387 885 2436 929; x_wconf 90' lang='lat' dir='ltr'><strong>et</strong></span> <span class='ocrx_word' id='word_1_317' title='bbox 2473 877 2855 945; x_wconf 81' lang='lat' dir='ltr'><strong>prwdestinavit</strong></span> <span class='ocrx_word' id='word_1_318' title='bbox 2883 875 3170 941; x_wconf 74' lang='lat' dir='ltr'><strong>conformes</strong></span> <span class='ocrx_word' id='word_1_319' title='bbox 3187 873 3304 940; x_wconf 76' lang='lat' dir='ltr'><strong>ﬁeri</strong></span> <span class='ocrx_word' id='word_1_320' title='bbox 3332 873 3466 923; x_wconf 83' lang='lat' dir='ltr'><strong>ima-</strong></span> 
     </span>
    </p>
   </div>
   <div class='ocr_carea' id='block_1_41' title="bbox 1941 961 3470 1036">
    <p class='ocr_par' dir='ltr' id='par_1_41' title="bbox 1941 961 3470 1036">
     <span class='ocr_line' id='line_1_41' title="bbox 1941 961 3470 1036; baseline -0.002 -18"><span class='ocrx_word' id='word_1_321' title='bbox 1941 968 2071 1036; x_wconf 88' lang='lat' dir='ltr'><strong>ginis</strong></span> <span class='ocrx_word' id='word_1_322' title='bbox 2096 966 2223 1018; x_wconf 82' lang='lat' dir='ltr'><strong>Filii</strong></span> <span class='ocrx_word' id='word_1_323' title='bbox 2242 969 2324 1019; x_wconf 87' lang='lat' dir='ltr'><strong>sui</strong></span> <span class='ocrx_word' id='word_1_324' title='bbox 2350 969 2414 1033; x_wconf 65' lang='lat'><strong>‘3,</strong></span> <span class='ocrx_word' id='word_1_325' title='bbox 2439 968 2712 1028; x_wconf 55' lang='lat' dir='ltr'><strong>euidenter</strong></span> <span class='ocrx_word' id='word_1_326' title='bbox 2735 966 3039 1025; x_wconf 91' lang='lat' dir='ltr'><strong>ostendens,</strong></span> <span class='ocrx_word' id='word_1_327' title='bbox 3061 961 3198 1031; x_wconf 90' lang='lat' dir='ltr'><strong>quod</strong></span> <span class='ocrx_word' id='word_1_328' title='bbox 3225 977 3316 1015; x_wconf 91' lang='lat' dir='ltr'><strong>eos</strong></span> <span class='ocrx_word' id='word_1_329' title='bbox 3337 975 3470 1030; x_wconf 85' lang='lat' dir='ltr'><strong>quos</strong></span> 
     </span>
    </p>
   </div>
   <div class='ocr_carea' id='block_1_42' title="bbox 1942 1054 3466 1123">
    <p class='ocr_par' dir='ltr' id='par_1_42' title="bbox 1942 1054 3466 1123">
     <span class='ocr_line' id='line_1_42' title="bbox 1942 1054 3466 1123; baseline -0.004 -15"><span class='ocrx_word' id='word_1_330' title='bbox 1942 1057 2204 1123; x_wconf 75' lang='lat' dir='ltr'><strong>praescivit</strong></span> <span class='ocrx_word' id='word_1_331' title='bbox 2234 1057 2374 1111; x_wconf 89' lang='lat' dir='ltr'><strong>Deus</strong></span> <span class='ocrx_word' id='word_1_332' title='bbox 2401 1057 2535 1110; x_wconf 88' lang='lat' dir='ltr'><strong>tales</strong></span> <span class='ocrx_word' id='word_1_333' title='bbox 2565 1057 2792 1120; x_wconf 85' lang='lat' dir='ltr'><strong>futuros,</strong></span> <span class='ocrx_word' id='word_1_334' title='bbox 2819 1064 2875 1108; x_wconf 94' lang='lat' dir='ltr'><strong>ut</strong></span> <span class='ocrx_word' id='word_1_335' title='bbox 2899 1055 3111 1107; x_wconf 84' lang='lat' dir='ltr'><strong>Christo</strong></span> <span class='ocrx_word' id='word_1_336' title='bbox 3137 1067 3196 1105; x_wconf 91' lang='lat' dir='ltr'><strong>se</strong></span> <span class='ocrx_word' id='word_1_337' title='bbox 3241 1054 3292 1104; x_wconf 88' lang='lat' dir='ltr'><strong>in</strong></span> <span class='ocrx_word' id='word_1_338' title='bbox 3343 1066 3466 1118; x_wconf 53' lang='lat' dir='ltr'><strong>pas»</strong></span> 
     </span>
    </p>
   </div>
   <div class='ocr_carea' id='block_1_43' title="bbox 1942 1140 3467 1212">
    <p class='ocr_par' dir='ltr' id='par_1_43' title="bbox 1942 1140 3467 1212">
     <span class='ocr_line' id='line_1_43' title="bbox 1942 1140 3467 1212; baseline -0.005 -13"><span class='ocrx_word' id='word_1_339' title='bbox 1942 1146 2184 1199; x_wconf 87' lang='lat' dir='ltr'><strong>siouibus</strong></span> <span class='ocrx_word' id='word_1_340' title='bbox 2210 1145 2602 1200; x_wconf 79' lang='lat' dir='ltr'><strong>conformarent</strong></span> <span class='ocrx_word' id='word_1_341' title='bbox 2625 1182 2644 1209; x_wconf 67' lang='grc' dir='ltr'><strong>η,</strong></span> <span class='ocrx_word' id='word_1_342' title='bbox 2698 1143 2843 1212; x_wconf 91' lang='lat' dir='ltr'><strong>ipsos</strong></span> <span class='ocrx_word' id='word_1_343' title='bbox 2871 1143 3030 1195; x_wconf 88' lang='lat' dir='ltr'><strong>etiam</strong></span> <span class='ocrx_word' id='word_1_344' title='bbox 3074 1140 3374 1194; x_wconf 79' lang='lat' dir='ltr'><strong>conformes</strong></span> <span class='ocrx_word' id='word_1_345' title='bbox 3406 1151 3467 1192; x_wconf 83' lang='lat' dir='ltr'><strong>ao</strong></span> 
     </span>
    </p>
   </div>
   <div class='ocr_carea' id='block_1_44' title="bbox 1941 1229 3465 1302">
    <p class='ocr_par' dir='ltr' id='par_1_44' title="bbox 1941 1229 3465 1302">
     <span class='ocr_line' id='line_1_44' title="bbox 1941 1229 3465 1302; baseline -0.003 -16"><span class='ocrx_word' id='word_1_346' title='bbox 1941 1234 2137 1286; x_wconf 85' lang='lat' dir='ltr'><strong>similes</strong></span> <span class='ocrx_word' id='word_1_347' title='bbox 2160 1234 2406 1302; x_wconf 79' lang='lat' dir='ltr'><strong>imaginis</strong></span> <span class='ocrx_word' id='word_1_348' title='bbox 2435 1234 2552 1302; x_wconf 82' lang='lat' dir='ltr'><strong>ejus</strong></span> <span class='ocrx_word' id='word_1_349' title='bbox 2577 1231 2972 1300; x_wconf 68' lang='lat' dir='ltr'><strong>praedestinavit</strong></span> <span class='ocrx_word' id='word_1_350' title='bbox 2999 1240 3052 1283; x_wconf 87' lang='lat' dir='ltr'><strong>et</strong></span> <span class='ocrx_word' id='word_1_351' title='bbox 3093 1231 3292 1297; x_wconf 67' lang='lat' dir='ltr'><strong>gloriae.</strong></span> <span class='ocrx_word' id='word_1_352' title='bbox 3327 1229 3465 1282; x_wconf 64' lang='lat' dir='ltr'><strong>Pra-</strong></span> 
     </span>
    </p>
   </div>
   <div class='ocr_carea' id='block_1_45' title="bbox 1943 1319 3464 1390">
    <p class='ocr_par' dir='ltr' id='par_1_45' title="bbox 1943 1319 3464 1390">
     <span class='ocr_line' id='line_1_45' title="bbox 1943 1319 3464 1390; baseline -0.003 -15"><span class='ocrx_word' id='word_1_353' title='bbox 1943 1323 2080 1375; x_wconf 86' lang='lat' dir='ltr'><strong>cedit</strong></span> <span class='ocrx_word' id='word_1_354' title='bbox 2107 1338 2232 1390; x_wconf 85' lang='lat' dir='ltr'><strong>ergo</strong></span> <span class='ocrx_word' id='word_1_355' title='bbox 2262 1323 2593 1390; x_wconf 72' lang='lat' dir='ltr'><strong>prtescientia</strong></span> <span class='ocrx_word' id='word_1_356' title='bbox 2623 1323 2734 1386; x_wconf 85' lang='lat' dir='ltr'><strong>Dei,</strong></span> <span class='ocrx_word' id='word_1_357' title='bbox 2757 1335 2852 1386; x_wconf 89' lang='lat' dir='ltr'><strong>per</strong></span> <span class='ocrx_word' id='word_1_358' title='bbox 2879 1335 3034 1388; x_wconf 91' lang='lat' dir='ltr'><strong>quam</strong></span> <span class='ocrx_word' id='word_1_359' title='bbox 3063 1328 3356 1372; x_wconf 89' lang='lat' dir='ltr'><strong>noscuntur</strong></span> <span class='ocrx_word' id='word_1_360' title='bbox 3376 1319 3464 1386; x_wconf 87' lang='lat' dir='ltr'><strong>qui</strong></span> 
     </span>
    </p>
   </div>
   <div class='ocr_carea' id='block_1_46' title="bbox 1943 1409 3469 1476">
    <p class='ocr_par' dir='ltr' id='par_1_46' title="bbox 1943 1409 3469 1476">
     <span class='ocr_line' id='line_1_46' title="bbox 1943 1409 3469 1476; baseline -0.001 -14"><span class='ocrx_word' id='word_1_361' title='bbox 1943 1413 1992 1462; x_wconf 92' lang='lat' dir='ltr'><strong>in</strong></span> <span class='ocrx_word' id='word_1_362' title='bbox 2025 1426 2082 1464; x_wconf 88' lang='lat' dir='ltr'><strong>se</strong></span> <span class='ocrx_word' id='word_1_363' title='bbox 2107 1411 2314 1465; x_wconf 81' lang='lat' dir='ltr'><strong>labores</strong></span> <span class='ocrx_word' id='word_1_364' title='bbox 2345 1422 2396 1463; x_wconf 90' lang='lat' dir='ltr'><strong>et</strong></span> <span class='ocrx_word' id='word_1_365' title='bbox 2431 1412 2658 1464; x_wconf 89' lang='lat' dir='ltr'><strong>virtutes</strong></span> <span class='ocrx_word' id='word_1_366' title='bbox 2688 1411 2920 1463; x_wconf 87' lang='lat' dir='ltr'><strong>habituri</strong></span> <span class='ocrx_word' id='word_1_367' title='bbox 2951 1409 3058 1461; x_wconf 85' lang='lat' dir='ltr'><strong>sint</strong></span> <span class='ocrx_word' id='word_1_368' title='bbox 3083 1448 3098 1469; x_wconf 88' lang='lat'><strong>,</strong></span> <span class='ocrx_word' id='word_1_369' title='bbox 3141 1418 3196 1461; x_wconf 88' lang='lat' dir='ltr'><strong>et</strong></span> <span class='ocrx_word' id='word_1_370' title='bbox 3221 1409 3293 1461; x_wconf 85' lang='lat' dir='ltr'><strong>ita</strong></span> <span class='ocrx_word' id='word_1_371' title='bbox 3334 1423 3469 1476; x_wconf 48' lang='lat' dir='ltr'><strong>praei</strong></span> 
     </span>
    </p>
   </div>
   <div class='ocr_carea' id='block_1_47' title="bbox 1943 1499 3470 1572">
    <p class='ocr_par' dir='ltr' id='par_1_47' title="bbox 1943 1499 3470 1572">
     <span class='ocr_line' id='line_1_47' title="bbox 1943 1499 3470 1572; baseline -0.005 -16"><span class='ocrx_word' id='word_1_372' title='bbox 1943 1505 2226 1557; x_wconf 86' lang='lat' dir='ltr'><strong>destinatio</strong></span> <span class='ocrx_word' id='word_1_373' title='bbox 2255 1505 2530 1572; x_wconf 85' lang='lat' dir='ltr'><strong>sequitur;</strong></span> <span class='ocrx_word' id='word_1_374' title='bbox 2585 1517 2680 1556; x_wconf 91' lang='lat' dir='ltr'><strong>nec</strong></span> <span class='ocrx_word' id='word_1_375' title='bbox 2708 1511 2884 1554; x_wconf 88' lang='lat' dir='ltr'><strong>tamen</strong></span> <span class='ocrx_word' id='word_1_376' title='bbox 2917 1514 3100 1552; x_wconf 89' lang='lat' dir='ltr'><strong>rursus</strong></span> <span class='ocrx_word' id='word_1_377' title='bbox 3131 1499 3470 1566; x_wconf 65' lang='lat' dir='ltr'><strong>przedestinao</strong></span> 
     </span>
    </p>
   </div>
   <div class='ocr_carea' id='block_1_48' title="bbox 1945 1581 3467 1662">
    <p class='ocr_par' dir='ltr' id='par_1_48' title="bbox 1945 1581 3467 1662">
     <span class='ocr_line' id='line_1_48' title="bbox 1945 1581 3467 1662; baseline -0.002 -17"><span class='ocrx_word' id='word_1_378' title='bbox 1945 1595 2100 1646; x_wconf 80' lang='lat' dir='ltr'><strong>tionis</strong></span> <span class='ocrx_word' id='word_1_379' title='bbox 2127 1609 2285 1647; x_wconf 89' lang='lat' dir='ltr'><strong>causa</strong></span> <span class='ocrx_word' id='word_1_380' title='bbox 2311 1594 2582 1662; x_wconf 87' lang='lat' dir='ltr'><strong>putabitur</strong></span> <span class='ocrx_word' id='word_1_381' title='bbox 2609 1591 2964 1660; x_wconf 64' lang='lat' dir='ltr'><strong>praescientia.</strong></span> <span class='ocrx_word' id='word_1_382' title='bbox 2984 1589 3132 1653; x_wconf 85' lang='lat' dir='ltr'><strong>Quod</strong></span> <span class='ocrx_word' id='word_1_383' title='bbox 3155 1589 3296 1642; x_wconf 89' lang='lat' dir='ltr'><strong>enim</strong></span> <span class='ocrx_word' id='word_1_384' title='bbox 3329 1581 3467 1654; x_wconf 86' lang='lat' dir='ltr'><strong>apud</strong></span> 
     </span>
    </p>
   </div>
   <div class='ocr_carea' id='block_1_49' title="bbox 1946 1681 3470 1751">
    <p class='ocr_par' dir='ltr' id='par_1_49' title="bbox 1946 1681 3470 1751">
     <span class='ocr_line' id='line_1_49' title="bbox 1946 1681 3470 1751; baseline -0.005 -15"><span class='ocrx_word' id='word_1_385' title='bbox 1946 1684 2182 1737; x_wconf 85' lang='lat' dir='ltr'><strong>homines</strong></span> <span class='ocrx_word' id='word_1_386' title='bbox 2202 1683 2620 1751; x_wconf 87' lang='lat' dir='ltr'><strong>uniuscujusque</strong></span> <span class='ocrx_word' id='word_1_387' title='bbox 2651 1681 2894 1734; x_wconf 86' lang='lat' dir='ltr'><strong>meritum</strong></span> <span class='ocrx_word' id='word_1_388' title='bbox 2932 1691 3188 1746; x_wconf 87' lang='lat' dir='ltr'><strong>pensatur</strong></span> <span class='ocrx_word' id='word_1_389' title='bbox 3224 1695 3286 1732; x_wconf 76' lang='lat' dir='ltr'><strong>ex</strong></span> <span class='ocrx_word' id='word_1_390' title='bbox 3333 1693 3470 1746; x_wconf 57' lang='lat' dir='ltr'><strong>prtca</strong></span> 
     </span>
    </p>
   </div>
   <div class='ocr_carea' id='block_1_50' title="bbox 1947 1767 3464 1840">
    <p class='ocr_par' dir='ltr' id='par_1_50' title="bbox 1947 1767 3464 1840">
     <span class='ocr_line' id='line_1_50' title="bbox 1947 1767 3464 1840; baseline -0.001 -18"><span class='ocrx_word' id='word_1_391' title='bbox 1947 1772 2112 1824; x_wconf 89' lang='lat' dir='ltr'><strong>teritis</strong></span> <span class='ocrx_word' id='word_1_392' title='bbox 2147 1773 2328 1840; x_wconf 79' lang='lat' dir='ltr'><strong>gestis,</strong></span> <span class='ocrx_word' id='word_1_393' title='bbox 2360 1772 2461 1824; x_wconf 81' lang='lat' dir='ltr'><strong>hoc</strong></span> <span class='ocrx_word' id='word_1_394' title='bbox 2492 1771 2629 1838; x_wconf 88' lang='lat' dir='ltr'><strong>apud</strong></span> <span class='ocrx_word' id='word_1_395' title='bbox 2663 1770 2826 1822; x_wconf 90' lang='lat' dir='ltr'><strong>Deum</strong></span> <span class='ocrx_word' id='word_1_396' title='bbox 2849 1769 3118 1835; x_wconf 78' lang='lat' dir='ltr'><strong>iudicatur</strong></span> <span class='ocrx_word' id='word_1_397' title='bbox 3139 1784 3204 1822; x_wconf 78' lang='lat' dir='ltr'><strong>ex</strong></span> <span class='ocrx_word' id='word_1_398' title='bbox 3244 1767 3464 1826; x_wconf 77' lang='lat' dir='ltr'><strong>futuris;</strong></span> 
     </span>
    </p>
   </div>
   <div class='ocr_carea' id='block_1_51' title="bbox 1945 1856 3469 1928">
    <p class='ocr_par' dir='ltr' id='par_1_51' title="bbox 1945 1856 3469 1928">
     <span class='ocr_line' id='line_1_51' title="bbox 1945 1856 3469 1928; baseline -0.003 -15"><span class='ocrx_word' id='word_1_399' title='bbox 1945 1871 1999 1913; x_wconf 90' lang='lat' dir='ltr'><strong>et</strong></span> <span class='ocrx_word' id='word_1_400' title='bbox 2025 1861 2175 1914; x_wconf 82' lang='lat' dir='ltr'><strong>valde</strong></span> <span class='ocrx_word' id='word_1_401' title='bbox 2198 1861 2392 1928; x_wconf 89' lang='lat' dir='ltr'><strong>impius</strong></span> <span class='ocrx_word' id='word_1_402' title='bbox 2434 1873 2518 1914; x_wconf 89' lang='lat' dir='ltr'><strong>est</strong></span> <span class='ocrx_word' id='word_1_403' title='bbox 2561 1861 2649 1928; x_wconf 87' lang='lat' dir='ltr'><strong>qui</strong></span> <span class='ocrx_word' id='word_1_404' title='bbox 2675 1861 2730 1914; x_wconf 90' lang='lat' dir='ltr'><strong>in</strong></span> <span class='ocrx_word' id='word_1_405' title='bbox 2759 1861 2862 1914; x_wconf 79' lang='lat' dir='ltr'><strong>hoc</strong></span> <span class='ocrx_word' id='word_1_406' title='bbox 2893 1873 2994 1912; x_wconf 91' lang='lat' dir='ltr'><strong>non</strong></span> <span class='ocrx_word' id='word_1_407' title='bbox 3023 1860 3192 1912; x_wconf 84' lang='lat' dir='ltr'><strong>credit</strong></span> <span class='ocrx_word' id='word_1_408' title='bbox 3230 1856 3337 1910; x_wconf 92' lang='lat' dir='ltr'><strong>Deo</strong></span> <span class='ocrx_word' id='word_1_409' title='bbox 3359 1897 3376 1922; x_wconf 88' lang='lat'><strong>,</strong></span> <span class='ocrx_word' id='word_1_410' title='bbox 3409 1864 3469 1908; x_wconf 81' lang='lat' dir='ltr'><strong>ut</strong></span> 
     </span>
    </p>
   </div>
   <div class='ocr_carea' id='block_1_52' title="bbox 1945 1947 3466 2018">
    <p class='ocr_par' dir='ltr' id='par_1_52' title="bbox 1945 1947 3466 2018">
     <span class='ocr_line' id='line_1_52' title="bbox 1945 1947 3466 2018; baseline -0.002 -18"><span class='ocrx_word' id='word_1_411' title='bbox 1945 1953 2079 2016; x_wconf 87' lang='lat' dir='ltr'><strong>quod</strong></span> <span class='ocrx_word' id='word_1_412' title='bbox 2118 1965 2214 2002; x_wconf 88' lang='lat' dir='ltr'><strong>nos</strong></span> <span class='ocrx_word' id='word_1_413' title='bbox 2253 1951 2302 2002; x_wconf 92' lang='lat' dir='ltr'><strong>in</strong></span> <span class='ocrx_word' id='word_1_414' title='bbox 2331 1949 2618 2018; x_wconf 67' lang='lat' dir='ltr'><strong>pratteritis</strong></span> <span class='ocrx_word' id='word_1_415' title='bbox 2647 1949 2908 2010; x_wconf 86' lang='lat' dir='ltr'><strong>videmus,</strong></span> <span class='ocrx_word' id='word_1_416' title='bbox 2943 1949 3045 2001; x_wconf 89' lang='lat' dir='ltr'><strong>hoc</strong></span> <span class='ocrx_word' id='word_1_417' title='bbox 3075 1947 3164 2000; x_wconf 92' lang='lat' dir='ltr'><strong>ille</strong></span> <span class='ocrx_word' id='word_1_418' title='bbox 3211 1947 3385 1998; x_wconf 83' lang='lat' dir='ltr'><strong>videat</strong></span> <span class='ocrx_word' id='word_1_419' title='bbox 3414 1948 3466 1997; x_wconf 87' lang='lat' dir='ltr'><strong>in</strong></span> 
     </span>
    </p>
   </div>
   <div class='ocr_carea' id='block_1_53' title="bbox 1945 2033 3465 2106">
    <p class='ocr_par' dir='ltr' id='par_1_53' title="bbox 1945 2033 3465 2106">
     <span class='ocr_line' id='line_1_53' title="bbox 1945 2033 3465 2106; baseline -0.001 -17"><span class='ocrx_word' id='word_1_420' title='bbox 1945 2040 2153 2090; x_wconf 73' lang='lat' dir='ltr'><strong>fulturis.</strong></span> <span class='ocrx_word' id='word_1_421' title='bbox 2182 2039 2518 2106; x_wconf 86' lang='lat' dir='ltr'><strong>Segregatus,</strong></span> <span class='ocrx_word' id='word_1_422' title='bbox 2574 2038 2764 2105; x_wconf 91' lang='lat' dir='ltr'><strong>inquit,</strong></span> <span class='ocrx_word' id='word_1_423' title='bbox 2795 2038 2850 2089; x_wconf 90' lang='lat' dir='ltr'><strong>in</strong></span> <span class='ocrx_word' id='word_1_424' title='bbox 2884 2035 3220 2104; x_wconf 69' lang='lat' dir='ltr'><strong>Evangelium</strong></span> <span class='ocrx_word' id='word_1_425' title='bbox 3251 2036 3366 2089; x_wconf 86' lang='lat' dir='ltr'><strong>Dei.</strong></span> <span class='ocrx_word' id='word_1_426' title='bbox 3408 2033 3465 2087; x_wconf 88' lang='lat' dir='ltr'><strong>In</strong></span> 
     </span>
    </p>
   </div>
   <div class='ocr_carea' id='block_1_54' title="bbox 1945 2125 3468 2196">
    <p class='ocr_par' dir='ltr' id='par_1_54' title="bbox 1945 2125 3468 2196">
     <span class='ocr_line' id='line_1_54' title="bbox 1945 2125 3468 2196; baseline -0.001 -18"><span class='ocrx_word' id='word_1_427' title='bbox 1945 2130 2063 2182; x_wconf 87' lang='lat' dir='ltr'><strong>aliis</strong></span> <span class='ocrx_word' id='word_1_428' title='bbox 2114 2130 2241 2182; x_wconf 91' lang='lat' dir='ltr'><strong>locis</strong></span> <span class='ocrx_word' id='word_1_429' title='bbox 2287 2129 2575 2196; x_wconf 72' lang='lat' dir='ltr'><strong>Scriptum</strong></span> <span class='ocrx_word' id='word_1_430' title='bbox 2622 2128 2963 2195; x_wconf 83' lang='lat' dir='ltr'><strong>Evangelium</strong></span> <span class='ocrx_word' id='word_1_431' title='bbox 2989 2126 3185 2180; x_wconf 87' lang='lat' dir='ltr'><strong>Christi</strong></span> <span class='ocrx_word' id='word_1_432' title='bbox 3235 2139 3352 2179; x_wconf 82' lang='lat' dir='ltr'><strong>esse</strong></span> <span class='ocrx_word' id='word_1_433' title='bbox 3384 2125 3468 2176; x_wconf 47' lang='lat' dir='ltr'><strong>di:</strong></span> 
     </span>
    </p>
   </div>
   <div class='ocr_carea' id='block_1_55' title="bbox 2088 2237 3465 2308">
    <p class='ocr_par' dir='ltr' id='par_1_55' title="bbox 2088 2237 3465 2308">
     <span class='ocr_line' id='line_1_55' title="bbox 2088 2237 3465 2308; baseline -0.002 -12"><span class='ocrx_word' id='word_1_434' title='bbox 2088 2245 2132 2276; x_wconf 77' lang='lat'><strong>“</strong></span> <span class='ocrx_word' id='word_1_435' title='bbox 2155 2244 2174 2296; x_wconf 95' lang='grc'><strong>1</strong></span> <span class='ocrx_word' id='word_1_436' title='bbox 2201 2245 2320 2298; x_wconf 90' lang='lat' dir='ltr'><strong>Cor.</strong></span> <span class='ocrx_word' id='word_1_437' title='bbox 2344 2259 2416 2308; x_wconf 83' lang='lat' dir='ltr'><strong>tx,</strong></span> <span class='ocrx_word' id='word_1_438' title='bbox 2450 2245 2533 2297; x_wconf 84' lang='grc'><strong>16.</strong></span> <span class='ocrx_word' id='word_1_439' title='bbox 2606 2244 2650 2275; x_wconf 77' lang='grc'><strong>⁸⁷</strong></span> <span class='ocrx_word' id='word_1_440' title='bbox 2686 2242 2918 2296; x_wconf 73' lang='grc' dir='ltr'><strong>ἰὶ)ἰι1.27.</strong></span> <span class='ocrx_word' id='word_1_441' title='bbox 2988 2242 3034 2273; x_wconf 83' lang='grc'>⁸⁸</span> <span class='ocrx_word' id='word_1_442' title='bbox 3059 2241 3211 2294; x_wconf 82' lang='lat' dir='ltr'><strong>Rom.</strong></span> <span class='ocrx_word' id='word_1_443' title='bbox 3238 2252 3354 2300; x_wconf 86' lang='lat' dir='ltr'><strong>vttt,</strong></span> <span class='ocrx_word' id='word_1_444' title='bbox 3375 2237 3465 2293; x_wconf 71' lang='grc'><strong>29.</strong></span> 
     </span>
    </p>
   </div>
   <div class='ocr_carea' id='block_1_56' title="bbox 1941 2336 3466 2406">
    <p class='ocr_par' dir='ltr' id='par_1_56' title="bbox 1941 2336 3466 2406">
     <span class='ocr_line' id='line_1_56' title="bbox 1941 2336 3466 2406; baseline -0.002 -16"><span class='ocrx_word' id='word_1_445' title='bbox 1941 2340 2095 2393; x_wconf 88' lang='lat' dir='ltr'><strong>distis</strong></span> <span class='ocrx_word' id='word_1_446' title='bbox 2127 2341 2250 2392; x_wconf 80' lang='lat' dir='ltr'><strong>milii</strong></span> <span class='ocrx_word' id='word_1_447' title='bbox 2276 2341 2590 2392; x_wconf 86' lang='lat' dir='ltr'><strong>manducare</strong></span> <span class='ocrx_word' id='word_1_448' title='bbox 2611 2338 2756 2406; x_wconf 85' lang='lat' dir='ltr'><strong>(ibid.</strong></span> <span class='ocrx_word' id='word_1_449' title='bbox 2787 2337 2873 2396; x_wconf 72' lang='grc'><strong>54,</strong></span> <span class='ocrx_word' id='word_1_450' title='bbox 2903 2336 3010 2399; x_wconf 74' lang='grc'><strong>55),</strong></span> <span class='ocrx_word' id='word_1_451' title='bbox 3034 2345 3079 2406; x_wconf 83' lang='lat' dir='ltr'><strong>et</strong></span> <span class='ocrx_word' id='word_1_452' title='bbox 3110 2351 3224 2402; x_wconf 69' lang='lat' dir='ltr'><strong>qum</strong></span> <span class='ocrx_word' id='word_1_453' title='bbox 3249 2349 3466 2404; x_wconf 50' lang='lat' dir='ltr'><strong>sequuti:</strong></span> 
     </span>
    </p>
   </div>
   <div class='ocr_carea' id='block_1_57' title="bbox 1941 2405 3465 2476">
    <p class='ocr_par' dir='ltr' id='par_1_57' title="bbox 1941 2405 3465 2476">
     <span class='ocr_line' id='line_1_57' title="bbox 1941 2405 3465 2476; baseline -0.003 -18"><span class='ocrx_word' id='word_1_454' title='bbox 1941 2415 2066 2476; x_wconf 87' lang='lat' dir='ltr'><strong>tur:</strong></span> <span class='ocrx_word' id='word_1_455' title='bbox 2102 2411 2164 2461; x_wconf 89' lang='lat' dir='ltr'><strong>iis</strong></span> <span class='ocrx_word' id='word_1_456' title='bbox 2195 2419 2365 2460; x_wconf 84' lang='lat' dir='ltr'><strong>autem</strong></span> <span class='ocrx_word' id='word_1_457' title='bbox 2391 2409 2477 2476; x_wconf 88' lang='lat' dir='ltr'><strong>qui</strong></span> <span class='ocrx_word' id='word_1_458' title='bbox 2507 2423 2538 2458; x_wconf 88' lang='lat' dir='ltr'><strong>a</strong></span> <span class='ocrx_word' id='word_1_459' title='bbox 2565 2405 2789 2459; x_wconf 75' lang='lat' dir='ltr'><strong>sinistris</strong></span> <span class='ocrx_word' id='word_1_460' title='bbox 2815 2420 2833 2457; x_wconf 93' lang='lat'><em>:</em></span> <span class='ocrx_word' id='word_1_461' title='bbox 2862 2405 3120 2458; x_wconf 80' lang='lat' dir='ltr'><strong>Discedite</strong></span> <span class='ocrx_word' id='word_1_462' title='bbox 3146 2419 3322 2476; x_wconf 55' lang='lat' dir='ltr'><strong>anne,</strong></span> <span class='ocrx_word' id='word_1_463' title='bbox 3350 2418 3465 2454; x_wconf 85' lang='lat' dir='ltr'><strong>ma-</strong></span> 
     </span>
    </p>
   </div>
   <div class='ocr_carea' id='block_1_58' title="bbox 1939 2471 3466 2543">
    <p class='ocr_par' dir='ltr' id='par_1_58' title="bbox 1939 2471 3466 2543">
     <span class='ocr_line' id='line_1_58' title="bbox 1939 2471 3466 2543; baseline -0.002 -17"><span class='ocrx_word' id='word_1_464' title='bbox 1939 2475 2136 2540; x_wconf 89' lang='lat' dir='ltr'><strong>ledicti,</strong></span> <span class='ocrx_word' id='word_1_465' title='bbox 2167 2477 2217 2529; x_wconf 92' lang='lat' dir='ltr'><strong>in</strong></span> <span class='ocrx_word' id='word_1_466' title='bbox 2247 2471 2418 2543; x_wconf 82' lang='lat' dir='ltr'><strong>ignem</strong></span> <span class='ocrx_word' id='word_1_467' title='bbox 2449 2485 2704 2528; x_wconf 67' lang='lat' dir='ltr'><strong>internum</strong></span> <span class='ocrx_word' id='word_1_468' title='bbox 2761 2481 3113 2543; x_wconf 73' lang='lat' dir='ltr'><strong>prteparatuni</strong></span> <span class='ocrx_word' id='word_1_469' title='bbox 3149 2471 3362 2543; x_wconf 75' lang='lat' dir='ltr'><strong>diabolo</strong></span> <span class='ocrx_word' id='word_1_470' title='bbox 3397 2482 3466 2543; x_wconf 69' lang='lat' dir='ltr'><strong>et</strong></span> 
     </span>
    </p>
   </div>
   <div class='ocr_carea' id='block_1_59' title="bbox 1937 2537 3462 2614">
    <p class='ocr_par' dir='ltr' id='par_1_59' title="bbox 1937 2537 3462 2614">
     <span class='ocr_line' id='line_1_59' title="bbox 1937 2537 3462 2614; baseline -0.004 -20"><span class='ocrx_word' id='word_1_471' title='bbox 1937 2537 2137 2609; x_wconf 76' lang='lat' dir='ltr'><strong>angelis</strong></span> <span class='ocrx_word' id='word_1_472' title='bbox 2167 2537 2320 2614; x_wconf 56' lang='lat' dir='ltr'><strong>ejus&#39;;</strong></span> <span class='ocrx_word' id='word_1_473' title='bbox 2349 2545 2469 2611; x_wconf 84' lang='lat' dir='ltr'><strong>quia</strong></span> <span class='ocrx_word' id='word_1_474' title='bbox 2521 2544 2716 2614; x_wconf 80' lang='lat' dir='ltr'><strong>esurivi</strong></span> <span class='ocrx_word' id='word_1_475' title='bbox 2748 2537 2781 2614; x_wconf 48' lang='grc' dir='ltr'><strong>,Ἀ</strong></span> <span class='ocrx_word' id='word_1_476' title='bbox 2820 2537 2883 2596; x_wconf 82' lang='lat' dir='ltr'><strong>et</strong></span> <span class='ocrx_word' id='word_1_477' title='bbox 2910 2556 3025 2614; x_wconf 83' lang='lat' dir='ltr'><strong>non</strong></span> <span class='ocrx_word' id='word_1_478' title='bbox 3064 2537 3280 2614; x_wconf 75' lang='lat' dir='ltr'><strong>dedistis</strong></span> <span class='ocrx_word' id='word_1_479' title='bbox 3336 2539 3462 2614; x_wconf 48' lang='lat' dir='ltr'><strong>mihi</strong></span> 
     </span>
    </p>
   </div>
   <div class='ocr_carea' id='block_1_60' title="bbox 1937 2607 3467 2675">
    <p class='ocr_par' dir='ltr' id='par_1_60' title="bbox 1937 2607 3467 2675">
     <span class='ocr_line' id='line_1_60' title="bbox 1937 2607 3467 2675; baseline -0.003 -12"><span class='ocrx_word' id='word_1_480' title='bbox 1937 2607 2075 2675; x_wconf 84' lang='lat' dir='ltr'><strong>quod</strong></span> <span class='ocrx_word' id='word_1_481' title='bbox 2103 2607 2330 2675; x_wconf 67' lang='lat' dir='ltr'><strong>ederem,</strong></span> <span class='ocrx_word' id='word_1_482' title='bbox 2360 2607 2408 2664; x_wconf 79' lang='lat' dir='ltr'><strong>et</strong></span> <span class='ocrx_word' id='word_1_483' title='bbox 2440 2621 2644 2664; x_wconf 70' lang='lat' dir='ltr'><strong>catera.</strong></span> <span class='ocrx_word' id='word_1_484' title='bbox 2682 2611 2819 2674; x_wconf 83' lang='lat' dir='ltr'><strong>Quin</strong></span> <span class='ocrx_word' id='word_1_485' title='bbox 2852 2612 3028 2674; x_wconf 87' lang='lat' dir='ltr'><strong>etiam,</strong></span> <span class='ocrx_word' id='word_1_486' title='bbox 3069 2610 3112 2660; x_wconf 87' lang='lat' dir='ltr'><strong>s‘i</strong></span> <span class='ocrx_word' id='word_1_487' title='bbox 3148 2607 3278 2660; x_wconf 69' lang='lat' dir='ltr'><strong>illud</strong></span> <span class='ocrx_word' id='word_1_488' title='bbox 3303 2647 3317 2668; x_wconf 89' lang='lat'><strong>,</strong></span> <span class='ocrx_word' id='word_1_489' title='bbox 3375 2608 3467 2659; x_wconf 39' lang='lat' dir='ltr'><strong>Des</strong></span> 
     </span>
    </p>
   </div>
   <div class='ocr_carea' id='block_1_61' title="bbox 1940 2676 3462 2748">
    <p class='ocr_par' dir='ltr' id='par_1_61' title="bbox 1940 2676 3462 2748">
     <span class='ocr_line' id='line_1_61' title="bbox 1940 2676 3462 2748; baseline -0.003 -17"><span class='ocrx_word' id='word_1_490' title='bbox 1940 2682 2165 2734; x_wconf 85' lang='lat' dir='ltr'><strong>stiuatns</strong></span> <span class='ocrx_word' id='word_1_491' title='bbox 2191 2682 2241 2734; x_wconf 86' lang='lat' dir='ltr'><strong>in</strong></span> <span class='ocrx_word' id='word_1_492' title='bbox 2268 2681 2608 2748; x_wconf 80' lang='lat' dir='ltr'><strong>Evangelium</strong></span> <span class='ocrx_word' id='word_1_493' title='bbox 2652 2680 2742 2734; x_wconf 88' lang='lat' dir='ltr'><strong>Dei</strong></span> <span class='ocrx_word' id='word_1_494' title='bbox 2769 2677 2938 2745; x_wconf 80' lang='lat' dir='ltr'><strong>(Rom.</strong></span> <span class='ocrx_word' id='word_1_495' title='bbox 2973 2694 2985 2730; x_wconf 96' lang='lat' dir='ltr'><strong>l</strong></span> <span class='ocrx_word' id='word_1_496' title='bbox 3010 2716 3025 2740; x_wconf 95' lang='lat'><strong>,</strong></span> <span class='ocrx_word' id='word_1_497' title='bbox 3061 2677 3085 2728; x_wconf 87' lang='grc'><strong>1</strong></span> <span class='ocrx_word' id='word_1_498' title='bbox 3113 2677 3131 2743; x_wconf 90' lang='grc'><strong>)</strong></span> <span class='ocrx_word' id='word_1_499' title='bbox 3158 2685 3257 2748; x_wconf 65' lang='lat' dir='ltr'><strong>get</strong></span> <span class='ocrx_word' id='word_1_500' title='bbox 3285 2676 3421 2748; x_wconf 71' lang='lat' dir='ltr'><strong>istud</strong></span> <span class='ocrx_word' id='word_1_501' title='bbox 3446 2711 3462 2737; x_wconf 90' lang='lat'><strong>,</strong></span> 
     </span>
    </p>
   </div>
   <div class='ocr_carea' id='block_1_62' title="bbox 1941 2745 3462 2813">
    <p class='ocr_par' dir='ltr' id='par_1_62' title="bbox 1941 2745 3462 2813">
     <span class='ocr_line' id='line_1_62' title="bbox 1941 2745 3462 2813; baseline 0 -15"><span class='ocrx_word' id='word_1_502' title='bbox 1941 2750 2036 2810; x_wconf 80' lang='lat' dir='ltr'><strong>Qui</strong></span> <span class='ocrx_word' id='word_1_503' title='bbox 2059 2750 2340 2804; x_wconf 86' lang='lat' dir='ltr'><strong>destinavit</strong></span> <span class='ocrx_word' id='word_1_504' title='bbox 2365 2745 2446 2801; x_wconf 75' lang='lat' dir='ltr'><strong>me</strong></span> <span class='ocrx_word' id='word_1_505' title='bbox 2486 2750 2551 2800; x_wconf 92' lang='lat' dir='ltr'><strong>ab</strong></span> <span class='ocrx_word' id='word_1_506' title='bbox 2584 2748 2734 2800; x_wconf 83' lang='lat' dir='ltr'><strong>utero</strong></span> <span class='ocrx_word' id='word_1_507' title='bbox 2767 2748 2950 2799; x_wconf 86' lang='lat' dir='ltr'><strong>matris</strong></span> <span class='ocrx_word' id='word_1_508' title='bbox 3001 2760 3127 2798; x_wconf 73' lang='lat' dir='ltr'><strong>mea:</strong></span> <span class='ocrx_word' id='word_1_509' title='bbox 3165 2745 3377 2813; x_wconf 83' lang='lat' dir='ltr'><strong>(Galat.</strong></span> <span class='ocrx_word' id='word_1_510' title='bbox 3406 2758 3462 2803; x_wconf 87' lang='lat' dir='ltr'><strong>l.</strong></span> 
     </span>
    </p>
   </div>
   <div class='ocr_carea' id='block_1_63' title="bbox 1940 2814 3465 2882">
    <p class='ocr_par' dir='ltr' id='par_1_63' title="bbox 1940 2814 3465 2882">
     <span class='ocr_line' id='line_1_63' title="bbox 1940 2814 3465 2882; baseline -0.004 -12"><span class='ocrx_word' id='word_1_511' title='bbox 1940 2817 2048 2882; x_wconf 76' lang='lat' dir='ltr'><strong>l3),</strong></span> <span class='ocrx_word' id='word_1_512' title='bbox 2085 2819 2426 2871; x_wconf 82' lang='lat' dir='ltr'><strong>necessitatem</strong></span> <span class='ocrx_word' id='word_1_513' title='bbox 2453 2817 2676 2882; x_wconf 86' lang='lat' dir='ltr'><strong>aliquam</strong></span> <span class='ocrx_word' id='word_1_514' title='bbox 2701 2816 3035 2877; x_wconf 80' lang='lat' dir='ltr'><strong>continerent,</strong></span> <span class='ocrx_word' id='word_1_515' title='bbox 3059 2814 3309 2882; x_wconf 85' lang='lat' dir='ltr'><strong>quomodo</strong></span> <span class='ocrx_word' id='word_1_516' title='bbox 3332 2819 3465 2865; x_wconf 80' lang='lat' dir='ltr'><strong>recte</strong></span> 
     </span>
    </p>
   </div>
   <div class='ocr_carea' id='block_1_64' title="bbox 314 2875 3460 2956">
    <p class='ocr_par' dir='ltr' id='par_1_64' title="bbox 314 2875 3460 2956">
     <span class='ocr_line' id='line_1_64' title="bbox 314 2875 3460 2956; baseline 0.002 -30"><span class='ocrx_word' id='word_1_517' title='bbox 314 2885 403 2926; x_wconf 87' lang='lat' dir='ltr'><strong>tur</strong></span> <span class='ocrx_word' id='word_1_518' title='bbox 424 2875 761 2956; x_wconf 12' lang='lat' dir='ltr'><strong>tinnbonum‘</strong></span> <span class='ocrx_word' id='word_1_519' title='bbox 781 2875 845 2956; x_wconf 71' lang='lat' dir='ltr'><strong>iis</strong></span> <span class='ocrx_word' id='word_1_520' title='bbox 870 2877 992 2956; x_wconf 58' lang='lat' dir='ltr'><strong>qui“</strong></span> <span class='ocrx_word' id='word_1_521' title='bbox 1003 2878 1290 2956; x_wconf 70' lang='lat' dir='ltr'><strong>secundum</strong></span> <span class='ocrx_word' id='word_1_522' title='bbox 1322 2875 1834 2956; x_wconf 75' lang='lat' dir='ltr'><strong>preposituntvocati</strong></span> <span class='ocrx_word' id='word_1_523' title='bbox 1865 2900 1906 2956; x_wconf 68' lang='grc' dir='ltr'>ε</span> <span class='ocrx_word' id='word_1_524' title='bbox 1939 2875 2126 2956; x_wconf 78' lang='lat' dir='ltr'><strong>diceret</strong></span> <span class='ocrx_word' id='word_1_525' title='bbox 2166 2885 2360 2956; x_wconf 85' lang='lat' dir='ltr'><strong>Paulus</strong></span> <span class='ocrx_word' id='word_1_526' title='bbox 2387 2900 2404 2937; x_wconf 87' lang='grc'><strong>.·</strong></span> <span class='ocrx_word' id='word_1_527' title='bbox 2438 2875 2671 2950; x_wconf 71' lang='lat' dir='ltr'><strong>Suggillo</strong></span> <span class='ocrx_word' id='word_1_528' title='bbox 2703 2894 2892 2956; x_wconf 80' lang='lat' dir='ltr'><strong>corpus</strong></span> <span class='ocrx_word' id='word_1_529' title='bbox 2923 2875 3096 2956; x_wconf 65' lang='lat' dir='ltr'><strong>metuit</strong></span> <span class='ocrx_word' id='word_1_530' title='bbox 3119 2923 3133 2942; x_wconf 91' lang='lat'><strong>,</strong></span> <span class='ocrx_word' id='word_1_531' title='bbox 3164 2890 3215 2956; x_wconf 81' lang='lat' dir='ltr'><strong>e_t</strong></span> <span class='ocrx_word' id='word_1_532' title='bbox 3246 2883 3294 2933; x_wconf 78' lang='lat' dir='ltr'><strong>in</strong></span> <span class='ocrx_word' id='word_1_533' title='bbox 3342 2895 3460 2956; x_wconf 75' lang='lat' dir='ltr'><strong>ser-</strong></span> 
     </span>
    </p>
   </div>
   <div class='ocr_carea' id='block_1_65' title="bbox 313 2941 1836 3011">
    <p class='ocr_par' dir='ltr' id='par_1_65' title="bbox 313 2941 1836 3011">
     <span class='ocr_line' id='line_1_65' title="bbox 313 2941 1836 3011; baseline 0.001 -16"><span class='ocrx_word' id='word_1_534' title='bbox 313 2952 460 2996; x_wconf 77' lang='lat' dir='ltr'><strong>sunt.</strong></span> <span class='ocrx_word' id='word_1_535' title='bbox 487 2941 587 2995; x_wconf 84' lang='lat' dir='ltr'><strong>Sed</strong></span> <span class='ocrx_word' id='word_1_536' title='bbox 620 2941 903 2994; x_wconf 82' lang='lat' dir='ltr'><strong>consideret</strong></span> <span class='ocrx_word' id='word_1_537' title='bbox 935 2944 1074 2994; x_wconf 90' lang='lat' dir='ltr'><strong>illius</strong></span> <span class='ocrx_word' id='word_1_538' title='bbox 1092 2941 1374 2996; x_wconf 75' lang='lat' dir='ltr'><strong>secundum</strong></span> <span class='ocrx_word' id='word_1_539' title='bbox 1403 2941 1724 3011; x_wconf 80' lang='lat' dir='ltr'><strong>propositum</strong></span> <span class='ocrx_word' id='word_1_540' title='bbox 1751 2964 1836 2999; x_wconf 83' lang='lat' dir='ltr'><strong>vo-</strong></span> 
     </span>
    </p>
   </div>
   <div class='ocr_carea' id='block_1_66' title="bbox 312 3013 1835 3073">
    <p class='ocr_par' dir='ltr' id='par_1_66' title="bbox 312 3013 1835 3073">
     <span class='ocr_line' id='line_1_66' title="bbox 312 3013 1835 3073; baseline 0.002 -11"><span class='ocrx_word' id='word_1_541' title='bbox 312 3013 534 3062; x_wconf 75' lang='lat' dir='ltr'><strong>Cationis</strong></span> <span class='ocrx_word' id='word_1_542' title='bbox 564 3027 774 3062; x_wconf 85' lang='lat' dir='ltr'><strong>causam</strong></span> <span class='ocrx_word' id='word_1_543' title='bbox 806 3013 1098 3072; x_wconf 81' lang='lat' dir='ltr'><strong>Apostolum</strong></span> <span class='ocrx_word' id='word_1_544' title='bbox 1131 3015 1308 3064; x_wconf 84' lang='lat' dir='ltr'><strong>statim</strong></span> <span class='ocrx_word' id='word_1_545' title='bbox 1355 3015 1636 3066; x_wconf 82' lang='lat' dir='ltr'><strong>reddidisse</strong></span> <span class='ocrx_word' id='word_1_546' title='bbox 1658 3054 1671 3073; x_wconf 92' lang='lat'><strong>,</strong></span> <span class='ocrx_word' id='word_1_547' title='bbox 1721 3031 1835 3066; x_wconf 86' lang='lat' dir='ltr'><strong>cum</strong></span> 
     </span>
    </p>
   </div>
   <div class='ocr_carea' id='block_1_67' title="bbox 313 3080 1834 3146">
    <p class='ocr_par' dir='ltr' id='par_1_67' title="bbox 313 3080 1834 3146">
     <span class='ocr_line' id='line_1_67' title="bbox 313 3080 1834 3146; baseline 0.003 -16"><span class='ocrx_word' id='word_1_548' title='bbox 313 3081 474 3131; x_wconf 64' lang='lat' dir='ltr'><strong>dicit:</strong></span> <span class='ocrx_word' id='word_1_549' title='bbox 510 3080 655 3143; x_wconf 78' lang='lat' dir='ltr'><strong>Quos</strong></span> <span class='ocrx_word' id='word_1_550' title='bbox 680 3081 952 3145; x_wconf 76' lang='lat' dir='ltr'><strong>przenovit,</strong></span> <span class='ocrx_word' id='word_1_551' title='bbox 995 3095 1084 3131; x_wconf 88' lang='lat' dir='ltr'><strong>eos</strong></span> <span class='ocrx_word' id='word_1_552' title='bbox 1118 3091 1168 3132; x_wconf 92' lang='lat' dir='ltr'><strong>et</strong></span> <span class='ocrx_word' id='word_1_553' title='bbox 1211 3081 1598 3146; x_wconf 72' lang='lat' dir='ltr'><strong>praedestinavit</strong></span> <span class='ocrx_word' id='word_1_554' title='bbox 1628 3086 1834 3134; x_wconf 65' lang='lat' dir='ltr'><strong>(anulor-</strong></span> 
     </span>
    </p>
   </div>
   <div class='ocr_carea' id='block_1_68' title="bbox 316 3147 1836 3216">
    <p class='ocr_par' dir='ltr' id='par_1_68' title="bbox 316 3147 1836 3216">
     <span class='ocr_line' id='line_1_68' title="bbox 316 3147 1836 3216; baseline 0.001 -18"><span class='ocrx_word' id='word_1_555' title='bbox 316 3162 430 3198; x_wconf 86' lang='lat' dir='ltr'><strong>mes</strong></span> <span class='ocrx_word' id='word_1_556' title='bbox 465 3148 677 3211; x_wconf 76' lang='lat' dir='ltr'><strong>imagini</strong></span> <span class='ocrx_word' id='word_1_557' title='bbox 712 3147 829 3199; x_wconf 81' lang='lat' dir='ltr'><strong>Filii</strong></span> <span class='ocrx_word' id='word_1_558' title='bbox 873 3149 974 3198; x_wconf 91' lang='lat' dir='ltr'><strong>sui.</strong></span> <span class='ocrx_word' id='word_1_559' title='bbox 1015 3147 1077 3198; x_wconf 83' lang='lat' dir='ltr'><strong>Et</strong></span> <span class='ocrx_word' id='word_1_560' title='bbox 1110 3165 1254 3216; x_wconf 82' lang='lat' dir='ltr'><strong>quem</strong></span> <span class='ocrx_word' id='word_1_561' title='bbox 1297 3149 1456 3199; x_wconf 87' lang='lat' dir='ltr'><strong>alium</strong></span> <span class='ocrx_word' id='word_1_562' title='bbox 1484 3153 1740 3216; x_wconf 84' lang='lat' dir='ltr'><strong>oportebat</strong></span> <span class='ocrx_word' id='word_1_563' title='bbox 1786 3151 1836 3201; x_wconf 88' lang='lat' dir='ltr'><strong>in</strong></span> 
     </span>
    </p>
   </div>
   <div class='ocr_carea' id='block_1_69' title="bbox 307 3216 1839 3282">
    <p class='ocr_par' dir='ltr' id='par_1_69' title="bbox 307 3216 1839 3282">
     <span class='ocr_line' id='line_1_69' title="bbox 307 3216 1839 3282; baseline 0.002 -16"><span class='ocrx_word' id='word_1_564' title='bbox 307 3216 690 3282; x_wconf 80' lang='lat' dir='ltr'><strong>justi/icuntem</strong></span> <span class='ocrx_word' id='word_1_565' title='bbox 731 3217 1042 3268; x_wconf 87' lang='lat' dir='ltr'><strong>vocationem</strong></span> <span class='ocrx_word' id='word_1_566' title='bbox 1069 3219 1323 3282; x_wconf 79' lang='lat' dir='ltr'><strong>proposito</strong></span> <span class='ocrx_word' id='word_1_567' title='bbox 1354 3221 1443 3268; x_wconf 86' lang='lat' dir='ltr'><strong>Dei</strong></span> <span class='ocrx_word' id='word_1_568' title='bbox 1474 3223 1663 3270; x_wconf 82' lang='lat' dir='ltr'><strong>secerni</strong></span> <span class='ocrx_word' id='word_1_569' title='bbox 1683 3233 1726 3268; x_wconf 87' lang='lat' dir='ltr'><strong>et</strong></span> <span class='ocrx_word' id='word_1_570' title='bbox 1758 3235 1839 3271; x_wconf 81' lang='lat' dir='ltr'><strong>se-</strong></span> 
     </span>
    </p>
   </div>
   <div class='ocr_carea' id='block_1_70' title="bbox 311 3285 1837 3352">
    <p class='ocr_par' dir='ltr' id='par_1_70' title="bbox 311 3285 1837 3352">
     <span class='ocr_line' id='line_1_70' title="bbox 311 3285 1837 3352; baseline 0.003 -19"><span class='ocrx_word' id='word_1_571' title='bbox 311 3287 541 3350; x_wconf 82' lang='lat' dir='ltr'><strong>gregari,</strong></span> <span class='ocrx_word' id='word_1_572' title='bbox 566 3299 752 3343; x_wconf 80' lang='lat' dir='ltr'><strong>prwter</strong></span> <span class='ocrx_word' id='word_1_573' title='bbox 774 3301 856 3336; x_wconf 90' lang='lat' dir='ltr'><strong>eos</strong></span> <span class='ocrx_word' id='word_1_574' title='bbox 881 3286 967 3350; x_wconf 91' lang='lat' dir='ltr'><strong>qui</strong></span> <span class='ocrx_word' id='word_1_575' title='bbox 1014 3285 1180 3350; x_wconf 82' lang='lat' dir='ltr'><strong>ipsum</strong></span> <span class='ocrx_word' id='word_1_576' title='bbox 1229 3285 1444 3351; x_wconf 79' lang='lat' dir='ltr'><strong>diligunt</strong></span> <span class='ocrx_word' id='word_1_577' title='bbox 1469 3287 1493 3336; x_wconf 86' lang='lat'><strong><em>?</em></strong></span> <span class='ocrx_word' id='word_1_578' title='bbox 1522 3285 1690 3352; x_wconf 85' lang='lat' dir='ltr'><strong>Hujus</strong></span> <span class='ocrx_word' id='word_1_579' title='bbox 1727 3303 1837 3338; x_wconf 83' lang='lat' dir='ltr'><strong>vero</strong></span> 
     </span>
    </p>
   </div>
   <div class='ocr_carea' id='block_1_71' title="bbox 311 3353 1838 3420">
    <p class='ocr_par' dir='ltr' id='par_1_71' title="bbox 311 3353 1838 3420">
     <span class='ocr_line' id='line_1_71' title="bbox 311 3353 1838 3420; baseline 0.003 -19"><span class='ocrx_word' id='word_1_580' title='bbox 311 3355 579 3420; x_wconf 71' lang='lat' dir='ltr'><strong>pra’positi</strong></span> <span class='ocrx_word' id='word_1_581' title='bbox 608 3363 654 3402; x_wconf 88' lang='lat' dir='ltr'><strong>et</strong></span> <span class='ocrx_word' id='word_1_582' title='bbox 682 3354 1011 3418; x_wconf 78' lang='lat' dir='ltr'><strong>prtenotionis</strong></span> <span class='ocrx_word' id='word_1_583' title='bbox 1056 3369 1262 3403; x_wconf 82' lang='lat' dir='ltr'><strong>causam</strong></span> <span class='ocrx_word' id='word_1_584' title='bbox 1291 3353 1344 3403; x_wconf 89' lang='lat' dir='ltr'><strong>in</strong></span> <span class='ocrx_word' id='word_1_585' title='bbox 1392 3365 1562 3405; x_wconf 86' lang='lat' dir='ltr'><strong>nostra</strong></span> <span class='ocrx_word' id='word_1_586' title='bbox 1612 3355 1838 3406; x_wconf 85' lang='lat' dir='ltr'><strong>libertate</strong></span> 
     </span>
    </p>
   </div>
   <div class='ocr_carea' id='block_1_72' title="bbox 313 3421 1838 3488">
    <p class='ocr_par' dir='ltr' id='par_1_72' title="bbox 313 3421 1838 3488">
     <span class='ocr_line' id='line_1_72' title="bbox 313 3421 1838 3488; baseline 0.001 -17"><span class='ocrx_word' id='word_1_587' title='bbox 313 3436 426 3471; x_wconf 88' lang='lat' dir='ltr'><strong>esse</strong></span> <span class='ocrx_word' id='word_1_588' title='bbox 452 3422 581 3471; x_wconf 81' lang='lat' dir='ltr'><strong>satis</strong></span> <span class='ocrx_word' id='word_1_589' title='bbox 619 3421 871 3472; x_wconf 74' lang='lat' dir='ltr'><strong>declarat‘</strong></span> <span class='ocrx_word' id='word_1_590' title='bbox 894 3421 1026 3471; x_wconf 87' lang='lat' dir='ltr'><strong>illud</strong></span> <span class='ocrx_word' id='word_1_591' title='bbox 1055 3437 1072 3473; x_wconf 91' lang='lat'><strong><em>:</em></strong></span> <span class='ocrx_word' id='word_1_592' title='bbox 1100 3421 1310 3473; x_wconf 86' lang='lat' dir='ltr'><strong>Scimus</strong></span> <span class='ocrx_word' id='word_1_593' title='bbox 1339 3423 1582 3488; x_wconf 78' lang='lat' dir='ltr'><strong>quoniam</strong></span> <span class='ocrx_word' id='word_1_594' title='bbox 1615 3423 1838 3488; x_wconf 78' lang='lat' dir='ltr'><strong>diligen-</strong></span> 
     </span>
    </p>
   </div>
   <div class='ocr_carea' id='block_1_73' title="bbox 315 3491 1840 3556">
    <p class='ocr_par' dir='ltr' id='par_1_73' title="bbox 315 3491 1840 3556">
     <span class='ocr_line' id='line_1_73' title="bbox 315 3491 1840 3556; baseline 0.001 -16"><span class='ocrx_word' id='word_1_595' title='bbox 315 3492 459 3542; x_wconf 87' lang='lat' dir='ltr'><strong>tibus</strong></span> <span class='ocrx_word' id='word_1_596' title='bbox 495 3491 660 3540; x_wconf 86' lang='lat' dir='ltr'><strong>Deutn</strong></span> <span class='ocrx_word' id='word_1_597' title='bbox 704 3492 878 3542; x_wconf 82' lang='lat' dir='ltr'><strong>omnia</strong></span> <span class='ocrx_word' id='word_1_598' title='bbox 904 3499 1253 3554; x_wconf 82' lang='lat' dir='ltr'><strong>cooperantur</strong></span> <span class='ocrx_word' id='word_1_599' title='bbox 1283 3491 1333 3539; x_wconf 87' lang='lat' dir='ltr'><strong>itt</strong></span> <span class='ocrx_word' id='word_1_600' title='bbox 1357 3498 1552 3542; x_wconf 80' lang='lat' dir='ltr'><strong>bonum</strong></span> <span class='ocrx_word' id='word_1_601' title='bbox 1584 3508 1596 3542; x_wconf 90' lang='lat'><strong>:</strong></span> <span class='ocrx_word' id='word_1_602' title='bbox 1629 3492 1840 3556; x_wconf 82' lang='lat' dir='ltr'><strong>perinde</strong></span> 
     </span>
    </p>
   </div>
   <div class='ocr_carea' id='block_1_74' title="bbox 309 3557 1840 3625">
    <p class='ocr_par' dir='ltr' id='par_1_74' title="bbox 309 3557 1840 3625">
     <span class='ocr_line' id='line_1_74' title="bbox 309 3557 1840 3625; baseline 0.001 -18"><span class='ocrx_word' id='word_1_603' title='bbox 309 3559 468 3625; x_wconf 85' lang='lat' dir='ltr'><strong>quasi</strong></span> <span class='ocrx_word' id='word_1_604' title='bbox 492 3557 728 3617; x_wconf 74' lang='lat' dir='ltr'><strong>dixisset,</strong></span> <span class='ocrx_word' id='word_1_605' title='bbox 764 3559 935 3609; x_wconf 83' lang='lat' dir='ltr'><strong>omnia</strong></span> <span class='ocrx_word' id='word_1_606' title='bbox 963 3571 1085 3624; x_wconf 78' lang='lat' dir='ltr'><strong>‘qua:</strong></span> <span class='ocrx_word' id='word_1_607' title='bbox 1109 3558 1174 3608; x_wconf 87' lang='lat' dir='ltr'><strong>ad</strong></span> <span class='ocrx_word' id='word_1_608' title='bbox 1199 3559 1380 3608; x_wconf 87' lang='lat' dir='ltr'><strong>bonum</strong></span> <span class='ocrx_word' id='word_1_609' title='bbox 1402 3564 1710 3616; x_wconf 83' lang='lat' dir='ltr'><strong>conducunt,</strong></span> <span class='ocrx_word' id='word_1_610' title='bbox 1728 3560 1840 3612; x_wconf 91' lang='lat' dir='ltr'><strong>ideo</strong></span> 
     </span>
    </p>
   </div>
   <div class='ocr_carea' id='block_1_75' title="bbox 310 3626 1840 3694">
    <p class='ocr_par' dir='ltr' id='par_1_75' title="bbox 310 3626 1840 3694">
     <span class='ocr_line' id='line_1_75' title="bbox 310 3626 1840 3694; baseline 0.002 -17"><span class='ocrx_word' id='word_1_611' title='bbox 310 3628 623 3694; x_wconf 84' lang='lat' dir='ltr'><strong>conducere,</strong></span> <span class='ocrx_word' id='word_1_612' title='bbox 645 3628 768 3694; x_wconf 87' lang='lat' dir='ltr'><strong>quia</strong></span> <span class='ocrx_word' id='word_1_613' title='bbox 786 3626 978 3677; x_wconf 82' lang='lat' dir='ltr'><strong>auxilio</strong></span> <span class='ocrx_word' id='word_1_614' title='bbox 1002 3627 1141 3691; x_wconf 87' lang='lat' dir='ltr'><strong>digni</strong></span> <span class='ocrx_word' id='word_1_615' title='bbox 1166 3626 1384 3691; x_wconf 85' lang='lat' dir='ltr'><strong>suntqui</strong></span> <span class='ocrx_word' id='word_1_616' title='bbox 1409 3626 1624 3692; x_wconf 86' lang='lat' dir='ltr'><strong>diligunt</strong></span> <span class='ocrx_word' id='word_1_617' title='bbox 1661 3626 1840 3680; x_wconf 91' lang='lat' dir='ltr'><strong>Deum.</strong></span> 
     </span>
    </p>
   </div>
   <div class='ocr_carea' id='block_1_76' title="bbox 312 3693 1840 3761">
    <p class='ocr_par' dir='ltr' id='par_1_76' title="bbox 312 3693 1840 3761">
     <span class='ocr_line' id='line_1_76' title="bbox 312 3693 1840 3761; baseline -0.001 -14"><span class='ocrx_word' id='word_1_618' title='bbox 312 3693 420 3747; x_wconf 79' lang='lat' dir='ltr'><strong>Sed</strong></span> <span class='ocrx_word' id='word_1_619' title='bbox 452 3693 808 3760; x_wconf 83' lang='lat' dir='ltr'><strong>interrogandi</strong></span> <span class='ocrx_word' id='word_1_620' title='bbox 835 3706 972 3756; x_wconf 85' lang='lat' dir='ltr'><strong>sunt,</strong></span> <span class='ocrx_word' id='word_1_621' title='bbox 1001 3697 1087 3761; x_wconf 89' lang='lat' dir='ltr'><strong>qui</strong></span> <span class='ocrx_word' id='word_1_622' title='bbox 1119 3695 1433 3746; x_wconf 89' lang='lat' dir='ltr'><strong>contrarium</strong></span> <span class='ocrx_word' id='word_1_623' title='bbox 1483 3705 1685 3746; x_wconf 87' lang='lat' dir='ltr'><strong>tuentur</strong></span> <span class='ocrx_word' id='word_1_624' title='bbox 1710 3734 1724 3759; x_wconf 88' lang='lat'><strong>,</strong></span> <span class='ocrx_word' id='word_1_625' title='bbox 1773 3697 1840 3745; x_wconf 88' lang='lat' dir='ltr'><strong>ad</strong></span> 
     </span>
    </p>
   </div>
   <div class='ocr_carea' id='block_1_77' title="bbox 312 3763 1840 3830">
    <p class='ocr_par' dir='ltr' id='par_1_77' title="bbox 312 3763 1840 3830">
     <span class='ocr_line' id='line_1_77' title="bbox 312 3763 1840 3830; baseline -0.001 -16"><span class='ocrx_word' id='word_1_626' title='bbox 312 3764 427 3814; x_wconf 73' lang='lat' dir='ltr'><strong>lucc</strong></span> <span class='ocrx_word' id='word_1_627' title='bbox 455 3766 600 3814; x_wconf 81' lang='lat' dir='ltr'><strong>nobis</strong></span> <span class='ocrx_word' id='word_1_628' title='bbox 628 3767 963 3830; x_wconf 78' lang='lat' dir='ltr'><strong>respondeant</strong></span> <span class='ocrx_word' id='word_1_629' title='bbox 981 3806 995 3820; x_wconf 88' lang='lat'>.</span> <span class='ocrx_word' id='word_1_630' title='bbox 1015 3763 1278 3816; x_wconf 86' lang='lat' dir='ltr'><strong>Ponamus</strong></span> <span class='ocrx_word' id='word_1_631' title='bbox 1309 3763 1364 3814; x_wconf 85' lang='lat' dir='ltr'><strong>in</strong></span> <span class='ocrx_word' id='word_1_632' title='bbox 1388 3764 1700 3825; x_wconf 85' lang='lat' dir='ltr'><strong>conditione,</strong></span> <span class='ocrx_word' id='word_1_633' title='bbox 1739 3763 1840 3813; x_wconf 83' lang='lat' dir='ltr'><strong>ali-</strong></span> 
     </span>
    </p>
   </div>
   <div class='ocr_carea' id='block_1_78' title="bbox 311 3831 1842 3900">
    <p class='ocr_par' dir='ltr' id='par_1_78' title="bbox 311 3831 1842 3900">
     <span class='ocr_line' id='line_1_78' title="bbox 311 3831 1842 3900; baseline -0.001 -18"><span class='ocrx_word' id='word_1_634' title='bbox 311 3849 418 3899; x_wconf 86' lang='lat' dir='ltr'><strong>qua</strong></span> <span class='ocrx_word' id='word_1_635' title='bbox 450 3835 504 3885; x_wconf 84' lang='lat' dir='ltr'><strong>in</strong></span> <span class='ocrx_word' id='word_1_636' title='bbox 531 3847 707 3886; x_wconf 77' lang='lat' dir='ltr'><strong>nostra</strong></span> <span class='ocrx_word' id='word_1_637' title='bbox 737 3852 844 3888; x_wconf 90' lang='lat' dir='ltr'><strong>esse</strong></span> <span class='ocrx_word' id='word_1_638' title='bbox 869 3845 1148 3900; x_wconf 87' lang='lat' dir='ltr'><strong>potestate;</strong></span> <span class='ocrx_word' id='word_1_639' title='bbox 1195 3833 1344 3894; x_wconf 89' lang='lat' dir='ltr'><strong>idque</strong></span> <span class='ocrx_word' id='word_1_640' title='bbox 1373 3831 1619 3882; x_wconf 81' lang='lat' dir='ltr'><strong>adversus</strong></span> <span class='ocrx_word' id='word_1_641' title='bbox 1648 3847 1731 3882; x_wconf 87' lang='lat' dir='ltr'><strong>eos</strong></span> <span class='ocrx_word' id='word_1_642' title='bbox 1755 3831 1842 3897; x_wconf 90' lang='lat' dir='ltr'><strong>qui</strong></span> 
     </span>
    </p>
   </div>
   <div class='ocr_carea' id='block_1_79' title="bbox 314 3900 1843 3975">
    <p class='ocr_par' dir='ltr' id='par_1_79' title="bbox 314 3900 1843 3975">
     <span class='ocr_line' id='line_1_79' title="bbox 314 3900 1843 3975; baseline 0.005 -25"><span class='ocrx_word' id='word_1_643' title='bbox 314 3904 539 3975; x_wconf 83' lang='lat' dir='ltr'><strong>liberum</strong></span> <span class='ocrx_word' id='word_1_644' title='bbox 567 3905 842 3975; x_wconf 66' lang='lat' dir='ltr'><strong>arbitrium</strong></span> <span class='ocrx_word' id='word_1_645' title='bbox 869 3903 1072 3962; x_wconf 86' lang='lat' dir='ltr'><strong>tollunt,</strong></span> <span class='ocrx_word' id='word_1_646' title='bbox 1101 3903 1257 3975; x_wconf 70' lang='lat' dir='ltr'><strong>donec</strong></span> <span class='ocrx_word' id='word_1_647' title='bbox 1281 3916 1343 3952; x_wconf 74' lang='lat' dir='ltr'><strong>ex</strong></span> <span class='ocrx_word' id='word_1_648' title='bbox 1368 3900 1654 3975; x_wconf 65' lang='lat' dir='ltr'><strong>conditione</strong></span> <span class='ocrx_word' id='word_1_649' title='bbox 1667 3914 1843 3975; x_wconf 53' lang='lat' dir='ltr'><strong>eorum</strong></span> 
     </span>
    </p>
   </div>
   <div class='ocr_carea' id='block_1_80' title="bbox 315 3968 1844 4039">
    <p class='ocr_par' dir='ltr' id='par_1_80' title="bbox 315 3968 1844 4039">
     <span class='ocr_line' id='line_1_80' title="bbox 315 3968 1844 4039; baseline -0.002 -18"><span class='ocrx_word' id='word_1_650' title='bbox 315 3973 576 4022; x_wconf 87' lang='lat' dir='ltr'><strong>sententia</strong></span> <span class='ocrx_word' id='word_1_651' title='bbox 607 3968 744 4039; x_wconf 75' lang='lat' dir='ltr'><strong>falsa</strong></span> <span class='ocrx_word' id='word_1_652' title='bbox 783 3973 1138 4025; x_wconf 74' lang='lat' dir='ltr'><strong>convincatur.</strong></span> <span class='ocrx_word' id='word_1_653' title='bbox 1169 3969 1230 4023; x_wconf 87' lang='lat' dir='ltr'><strong>Si</strong></span> <span class='ocrx_word' id='word_1_654' title='bbox 1277 3984 1396 4035; x_wconf 89' lang='lat' dir='ltr'><strong>ergo</strong></span> <span class='ocrx_word' id='word_1_655' title='bbox 1429 3968 1652 4039; x_wconf 12' lang='lat' dir='ltr'><strong>inrnobis</strong></span> <span class='ocrx_word' id='word_1_656' title='bbox 1683 3968 1844 4039; x_wconf 76' lang='lat' dir='ltr'><strong>libera</strong></span> 
     </span>
    </p>
   </div>
   <div class='ocr_carea' id='block_1_81' title="bbox 316 4035 1842 4108">
    <p class='ocr_par' dir='ltr' id='par_1_81' title="bbox 316 4035 1842 4108">
     <span class='ocr_line' id='line_1_81' title="bbox 316 4035 1842 4108; baseline -0.005 -16"><span class='ocrx_word' id='word_1_657' title='bbox 316 4035 617 4105; x_wconf 27' lang='lat' dir='ltr'><strong>voluntasp</strong></span> <span class='ocrx_word' id='word_1_658' title='bbox 646 4059 712 4093; x_wconf 89' lang='lat' dir='ltr'><strong>an</strong></span> <span class='ocrx_word' id='word_1_659' title='bbox 739 4042 898 4108; x_wconf 83' lang='lat' dir='ltr'><strong>igitur</strong></span> <span class='ocrx_word' id='word_1_660' title='bbox 925 4040 1057 4090; x_wconf 86' lang='lat' dir='ltr'><strong>Deus</strong></span> <span class='ocrx_word' id='word_1_661' title='bbox 1085 4041 1373 4103; x_wconf 67' lang='lat' dir='ltr'><strong>futurorum</strong></span> <span class='ocrx_word' id='word_1_662' title='bbox 1401 4038 1581 4088; x_wconf 87' lang='lat' dir='ltr'><strong>seriem</strong></span> <span class='ocrx_word' id='word_1_663' title='bbox 1603 4035 1842 4094; x_wconf 78' lang='lat' dir='ltr'><strong>intuitus,</strong></span> 
     </span>
    </p>
   </div>
   <div class='ocr_carea' id='block_1_82' title="bbox 315 4109 1844 4178">
    <p class='ocr_par' dir='ltr' id='par_1_82' title="bbox 315 4109 1844 4178">
     <span class='ocr_line' id='line_1_82' title="bbox 315 4109 1844 4178; baseline -0.002 -23"><span class='ocrx_word' id='word_1_664' title='bbox 315 4122 609 4173; x_wconf 63' lang='lat' dir='ltr'><strong>pra’noscet</strong></span> <span class='ocrx_word' id='word_1_665' title='bbox 649 4126 708 4161; x_wconf 90' lang='lat' dir='ltr'><strong>ea</strong></span> <span class='ocrx_word' id='word_1_666' title='bbox 748 4125 860 4178; x_wconf 75' lang='lat' dir='ltr'><strong>qua:</strong></span> <span class='ocrx_word' id='word_1_667' title='bbox 896 4125 958 4160; x_wconf 76' lang='lat' dir='ltr'><strong>ex</strong></span> <span class='ocrx_word' id='word_1_668' title='bbox 980 4109 1212 4178; x_wconf 79' lang='lat' dir='ltr'><strong>libertate</strong></span> <span class='ocrx_word' id='word_1_669' title='bbox 1246 4119 1585 4171; x_wconf 80' lang='lat' dir='ltr'><strong>unusquisque</strong></span> <span class='ocrx_word' id='word_1_670' title='bbox 1615 4112 1844 4178; x_wconf 77' lang='lat' dir='ltr'><strong>nostrunt</strong></span> 
     </span>
    </p>
   </div>
   <div class='ocr_carea' id='block_1_83' title="bbox 318 4171 1844 4239">
    <p class='ocr_par' dir='ltr' id='par_1_83' title="bbox 318 4171 1844 4239">
     <span class='ocr_line' id='line_1_83' title="bbox 318 4171 1844 4239; baseline -0.005 -13"><span class='ocrx_word' id='word_1_671' title='bbox 318 4171 582 4229; x_wconf 73' lang='lat' dir='ltr'><strong>libertatis</strong></span> <span class='ocrx_word' id='word_1_672' title='bbox 625 4171 829 4239; x_wconf 74' lang='lat' dir='ltr'><strong>compos</strong></span> <span class='ocrx_word' id='word_1_673' title='bbox 862 4188 1068 4228; x_wconf 85' lang='lat' dir='ltr'><strong>acturus</strong></span> <span class='ocrx_word' id='word_1_674' title='bbox 1103 4176 1217 4227; x_wconf 83' lang='lat' dir='ltr'><strong>sit?</strong></span> <span class='ocrx_word' id='word_1_675' title='bbox 1263 4191 1327 4224; x_wconf 87' lang='lat' dir='ltr'><strong>an</strong></span> <span class='ocrx_word' id='word_1_676' title='bbox 1385 4189 1486 4224; x_wconf 85' lang='lat' dir='ltr'><strong>non</strong></span> <span class='ocrx_word' id='word_1_677' title='bbox 1514 4181 1791 4238; x_wconf 82' lang='lat' dir='ltr'><strong>pramoscet</strong></span> <span class='ocrx_word' id='word_1_678' title='bbox 1818 4171 1844 4220; x_wconf 74' lang='lat'><strong><em>7</em></strong></span> 
     </span>
    </p>
   </div>
   <div class='ocr_carea' id='block_1_84' title="bbox 322 4239 1847 4313">
    <p class='ocr_par' dir='ltr' id='par_1_84' title="bbox 322 4239 1847 4313">
     <span class='ocr_line' id='line_1_84' title="bbox 322 4239 1847 4313; baseline -0.005 -18"><span class='ocrx_word' id='word_1_679' title='bbox 322 4247 426 4308; x_wconf 75' lang='lat' dir='ltr'><strong>Qui</strong></span> <span class='ocrx_word' id='word_1_680' title='bbox 452 4248 775 4313; x_wconf 87' lang='lat' dir='ltr'><strong>responderit</strong></span> <span class='ocrx_word' id='word_1_681' title='bbox 799 4263 897 4298; x_wconf 86' lang='lat' dir='ltr'><strong>non</strong></span> <span class='ocrx_word' id='word_1_682' title='bbox 925 4254 1290 4310; x_wconf 77' lang='lat' dir='ltr'><strong>prrenoturum,</strong></span> <span class='ocrx_word' id='word_1_683' title='bbox 1312 4242 1521 4313; x_wconf 69' lang='lat' dir='ltr'><strong>ignoret</strong></span> <span class='ocrx_word' id='word_1_684' title='bbox 1544 4239 1847 4313; x_wconf 41' lang='lat' dir='ltr'><strong>itlehnecesse</strong></span> 
     </span>
    </p>
   </div>
   <div class='ocr_carea' id='block_1_85' title="bbox 320 4304 1848 4386">
    <p class='ocr_par' dir='ltr' id='par_1_85' title="bbox 320 4304 1848 4386">
     <span class='ocr_line' id='line_1_85' title="bbox 320 4304 1848 4386; baseline -0.007 -22"><span class='ocrx_word' id='word_1_685' title='bbox 320 4304 396 4365; x_wconf 64' lang='lat' dir='ltr'><strong>est</strong></span> <span class='ocrx_word' id='word_1_686' title='bbox 427 4304 648 4366; x_wconf 76' lang='lat' dir='ltr'><strong>mentem</strong></span> <span class='ocrx_word' id='word_1_687' title='bbox 673 4304 952 4380; x_wconf 75' lang='lat' dir='ltr'><strong>infinitam,</strong></span> <span class='ocrx_word' id='word_1_688' title='bbox 979 4322 1024 4363; x_wconf 87' lang='lat' dir='ltr'><strong>et</strong></span> <span class='ocrx_word' id='word_1_689' title='bbox 1059 4304 1458 4375; x_wconf 80' lang='lat' dir='ltr'><strong>magnitudinem</strong></span> <span class='ocrx_word' id='word_1_690' title='bbox 1486 4307 1598 4386; x_wconf 75' lang='lat' dir='ltr'><strong>Dei.</strong></span> <span class='ocrx_word' id='word_1_691' title='bbox 1622 4304 1678 4359; x_wconf 88' lang='lat' dir='ltr'><strong>Si</strong></span> <span class='ocrx_word' id='word_1_692' title='bbox 1715 4321 1848 4386; x_wconf 67' lang='lat' dir='ltr'><strong>prte-</strong></span> 
     </span>
    </p>
   </div>
   <div class='ocr_carea' id='block_1_86' title="bbox 323 4390 1849 4449">
    <p class='ocr_par' dir='ltr' id='par_1_86' title="bbox 323 4390 1849 4449">
     <span class='ocr_line' id='line_1_86' title="bbox 323 4390 1849 4449; baseline -0.005 -17"><span class='ocrx_word' id='word_1_693' title='bbox 323 4397 446 4433; x_wconf 77' lang='lat' dir='ltr'><strong>natu</strong></span> <span class='ocrx_word' id='word_1_694' title='bbox 456 4399 572 4434; x_wconf 88' lang='lat' dir='ltr'><strong>rum</strong></span> <span class='ocrx_word' id='word_1_695' title='bbox 597 4392 899 4449; x_wconf 83' lang='lat' dir='ltr'><strong>agnoscant,</strong></span> <span class='ocrx_word' id='word_1_696' title='bbox 915 4397 1092 4432; x_wconf 89' lang='lat' dir='ltr'><strong>rursus</strong></span> <span class='ocrx_word' id='word_1_697' title='bbox 1111 4393 1397 4449; x_wconf 79' lang='lat' dir='ltr'><strong>quwremus</strong></span> <span class='ocrx_word' id='word_1_698' title='bbox 1411 4392 1473 4427; x_wconf 80' lang='lat' dir='ltr'><strong>ex</strong></span> <span class='ocrx_word' id='word_1_699' title='bbox 1490 4393 1632 4440; x_wconf 78' lang='lat' dir='ltr'><strong>ipsis,</strong></span> <span class='ocrx_word' id='word_1_700' title='bbox 1657 4392 1725 4426; x_wconf 85' lang='lat' dir='ltr'><strong>an</strong></span> <span class='ocrx_word' id='word_1_701' title='bbox 1739 4390 1849 4443; x_wconf 64' lang='lat' dir='ltr'><strong>81M</strong></span> 
     </span>
    </p>
   </div>
   <div class='ocr_carea' id='block_1_87' title="bbox 321 4446 1852 4510">
    <p class='ocr_par' dir='ltr' id='par_1_87' title="bbox 321 4446 1852 4510">
     <span class='ocr_line' id='line_1_87' title="bbox 321 4446 1852 4510; baseline -0.003 -10"><span class='ocrx_word' id='word_1_702' title='bbox 321 4453 546 4503; x_wconf 72' lang='lat' dir='ltr'><strong>screntia</strong></span> <span class='ocrx_word' id='word_1_703' title='bbox 574 4446 733 4502; x_wconf 79' lang='lat' dir='ltr'><strong>causa</strong></span> <span class='ocrx_word' id='word_1_704' title='bbox 761 4451 824 4500; x_wconf 89' lang='lat' dir='ltr'><strong>sit</strong></span> <span class='ocrx_word' id='word_1_705' title='bbox 857 4466 948 4500; x_wconf 89' lang='lat' dir='ltr'><strong>cur</strong></span> <span class='ocrx_word' id='word_1_706' title='bbox 976 4458 1213 4500; x_wconf 86' lang='lat' dir='ltr'><strong>eventura</strong></span> <span class='ocrx_word' id='word_1_707' title='bbox 1237 4449 1338 4497; x_wconf 86' lang='lat' dir='ltr'><strong>sint</strong></span> <span class='ocrx_word' id='word_1_708' title='bbox 1372 4446 1567 4510; x_wconf 74' lang='lat' dir='ltr'><strong>futura,</strong></span> <span class='ocrx_word' id='word_1_709' title='bbox 1585 4459 1697 4494; x_wconf 88' lang='lat' dir='ltr'><strong>cum</strong></span> <span class='ocrx_word' id='word_1_710' title='bbox 1730 4459 1852 4495; x_wconf 81' lang='lat' dir='ltr'><strong>con-</strong></span> 
     </span>
    </p>
   </div>
   <div class='ocr_carea' id='block_1_88' title="bbox 323 4511 1853 4586">
    <p class='ocr_par' dir='ltr' id='par_1_88' title="bbox 323 4511 1853 4586">
     <span class='ocr_line' id='line_1_88' title="bbox 323 4511 1853 4586; baseline -0.005 -17"><span class='ocrx_word' id='word_1_711' title='bbox 323 4522 546 4571; x_wconf 84' lang='lat' dir='ltr'><strong>cedatur</strong></span> <span class='ocrx_word' id='word_1_712' title='bbox 571 4519 770 4586; x_wconf 88' lang='lat' dir='ltr'><strong>aliquid</strong></span> <span class='ocrx_word' id='word_1_713' title='bbox 798 4519 851 4569; x_wconf 89' lang='lat' dir='ltr'><strong>in</strong></span> <span class='ocrx_word' id='word_1_714' title='bbox 891 4527 1061 4568; x_wconf 87' lang='lat' dir='ltr'><strong>nostra</strong></span> <span class='ocrx_word' id='word_1_715' title='bbox 1091 4521 1506 4586; x_wconf 81' lang='lat' dir='ltr'><strong>essepatestate;</strong></span> <span class='ocrx_word' id='word_1_716' title='bbox 1537 4528 1604 4563; x_wconf 87' lang='lat' dir='ltr'><strong>an</strong></span> <span class='ocrx_word' id='word_1_717' title='bbox 1629 4513 1747 4586; x_wconf 84' lang='lat' dir='ltr'><strong>quia</strong></span> <span class='ocrx_word' id='word_1_718' title='bbox 1771 4511 1853 4576; x_wconf 82' lang='lat' dir='ltr'><strong>[u-</strong></span> 
     </span>
    </p>
   </div>
   <div class='ocr_carea' id='block_1_89' title="bbox 325 4579 1852 4651">
    <p class='ocr_par' dir='ltr' id='par_1_89' title="bbox 325 4579 1852 4651">
     <span class='ocr_line' id='line_1_89' title="bbox 325 4579 1852 4651; baseline -0.005 -14"><span class='ocrx_word' id='word_1_719' title='bbox 325 4597 506 4639; x_wconf 86' lang='lat' dir='ltr'><strong>turum</strong></span> <span class='ocrx_word' id='word_1_720' title='bbox 539 4595 616 4640; x_wconf 85' lang='lat' dir='ltr'><strong>est</strong></span> <span class='ocrx_word' id='word_1_721' title='bbox 650 4579 892 4651; x_wconf 71' lang='lat' dir='ltr'><strong>prtenovit</strong></span> <span class='ocrx_word' id='word_1_722' title='bbox 917 4601 934 4637; x_wconf 85' lang='lat'><strong><em>:</em></strong></span> <span class='ocrx_word' id='word_1_723' title='bbox 967 4599 1121 4651; x_wconf 90' lang='lat' dir='ltr'><strong>neque</strong></span> <span class='ocrx_word' id='word_1_724' title='bbox 1141 4579 1246 4651; x_wconf 85' lang='lat' dir='ltr'><strong>ullo</strong></span> <span class='ocrx_word' id='word_1_725' title='bbox 1269 4583 1419 4635; x_wconf 84' lang='lat' dir='ltr'><strong>modo</strong></span> <span class='ocrx_word' id='word_1_726' title='bbox 1436 4579 1679 4651; x_wconf 71' lang='lat' dir='ltr'><strong>prmnotio</strong></span> <span class='ocrx_word' id='word_1_727' title='bbox 1696 4594 1852 4651; x_wconf 79' lang='lat' dir='ltr'><strong>causa</strong></span> 
     </span>
    </p>
   </div>
   <div class='ocr_carea' id='block_1_90' title="bbox 324 4648 1850 4723">
    <p class='ocr_par' dir='ltr' id='par_1_90' title="bbox 324 4648 1850 4723">
     <span class='ocr_line' id='line_1_90' title="bbox 324 4648 1850 4723; baseline -0.007 -16"><span class='ocrx_word' id='word_1_728' title='bbox 324 4667 400 4707; x_wconf 87' lang='lat' dir='ltr'><strong>est</strong></span> <span class='ocrx_word' id='word_1_729' title='bbox 431 4673 614 4708; x_wconf 88' lang='lat' dir='ltr'><strong>eorum</strong></span> <span class='ocrx_word' id='word_1_730' title='bbox 639 4648 753 4723; x_wconf 80' lang='lat' dir='ltr'><strong>qua:</strong></span> <span class='ocrx_word' id='word_1_731' title='bbox 779 4648 1048 4723; x_wconf 58' lang='lat' dir='ltr'><strong>unicuique</strong></span> <span class='ocrx_word' id='word_1_732' title='bbox 1084 4648 1312 4703; x_wconf 82' lang='lat' dir='ltr'><strong>nostrum</strong></span> <span class='ocrx_word' id='word_1_733' title='bbox 1363 4662 1426 4700; x_wconf 78' lang='lat' dir='ltr'><strong>ea:</strong></span> <span class='ocrx_word' id='word_1_734' title='bbox 1454 4648 1687 4723; x_wconf 67' lang='lat' dir='ltr'><strong>libertate</strong></span> <span class='ocrx_word' id='word_1_735' title='bbox 1709 4648 1850 4698; x_wconf 85' lang='lat' dir='ltr'><strong>arbi-</strong></span> 
     </span>
    </p>
   </div>
   <div class='ocr_carea' id='block_1_91' title="bbox 329 4713 1852 4792">
    <p class='ocr_par' dir='ltr' id='par_1_91' title="bbox 329 4713 1852 4792">
     <span class='ocr_line' id='line_1_91' title="bbox 329 4713 1852 4792; baseline -0.006 -18"><span class='ocrx_word' id='word_1_736' title='bbox 329 4727 418 4775; x_wconf 86' lang='lat' dir='ltr'><strong>trii</strong></span> <span class='ocrx_word' id='word_1_737' title='bbox 447 4725 632 4792; x_wconf 80' lang='lat' dir='ltr'><strong>futura</strong></span> <span class='ocrx_word' id='word_1_738' title='bbox 649 4713 797 4774; x_wconf 52' lang='lat' dir='ltr'><strong>sunt.</strong></span> <span class='ocrx_word' id='word_1_739' title='bbox 829 4713 975 4792; x_wconf 85' lang='lat' dir='ltr'><strong>ieri</strong></span> <span class='ocrx_word' id='word_1_740' title='bbox 1009 4734 1125 4792; x_wconf 82' lang='lat' dir='ltr'><strong>ergo</strong></span> <span class='ocrx_word' id='word_1_741' title='bbox 1150 4723 1373 4792; x_wconf 79' lang='lat' dir='ltr'><strong>poterat,</strong></span> <span class='ocrx_word' id='word_1_742' title='bbox 1404 4726 1456 4792; x_wconf 86' lang='lat' dir='ltr'><strong>ut</strong></span> <span class='ocrx_word' id='word_1_743' title='bbox 1479 4713 1734 4792; x_wconf 71' lang='lat' dir='ltr'><strong>aliquibus</strong></span> <span class='ocrx_word' id='word_1_744' title='bbox 1763 4730 1852 4766; x_wconf 88' lang='lat' dir='ltr'><strong>oc-</strong></span> 
     </span>
    </p>
   </div>
   <div class='ocr_carea' id='block_1_92' title="bbox 327 4783 1852 4854">
    <p class='ocr_par' dir='ltr' id='par_1_92' title="bbox 327 4783 1852 4854">
     <span class='ocr_line' id='line_1_92' title="bbox 327 4783 1852 4854; baseline -0.007 -10"><span class='ocrx_word' id='word_1_745' title='bbox 327 4783 661 4844; x_wconf 69' lang='lat' dir='ltr'><strong>currentibus</strong></span> <span class='ocrx_word' id='word_1_746' title='bbox 687 4783 1181 4854; x_wconf 52' lang='lat' dir='ltr'><strong>impedimentis&#39;non</strong></span> <span class='ocrx_word' id='word_1_747' title='bbox 1204 4787 1318 4847; x_wconf 82' lang='lat' dir='ltr'><strong>hoc,</strong></span> <span class='ocrx_word' id='word_1_748' title='bbox 1359 4783 1446 4835; x_wconf 87' lang='lat' dir='ltr'><strong>sed</strong></span> <span class='ocrx_word' id='word_1_749' title='bbox 1487 4783 1614 4854; x_wconf 79' lang='lat' dir='ltr'><strong>illud</strong></span> <span class='ocrx_word' id='word_1_750' title='bbox 1645 4787 1852 4854; x_wconf 77' lang='lat' dir='ltr'><strong>faceret,</strong></span> 
     </span>
    </p>
   </div>
   <div class='ocr_carea' id='block_1_93' title="bbox 327 4852 1854 4927">
    <p class='ocr_par' dir='ltr' id='par_1_93' title="bbox 327 4852 1854 4927">
     <span class='ocr_line' id='line_1_93' title="bbox 327 4852 1854 4927; baseline -0.007 -16"><span class='ocrx_word' id='word_1_751' title='bbox 327 4863 416 4927; x_wconf 83' lang='lat' dir='ltr'><strong>qui</strong></span> <span class='ocrx_word' id='word_1_752' title='bbox 457 4863 592 4913; x_wconf 85' lang='lat' dir='ltr'><strong>liber</strong></span> <span class='ocrx_word' id='word_1_753' title='bbox 612 4852 816 4910; x_wconf 84' lang='lat' dir='ltr'><strong>creatus</strong></span> <span class='ocrx_word' id='word_1_754' title='bbox 846 4867 939 4910; x_wconf 90' lang='lat' dir='ltr'><strong>est.</strong></span> <span class='ocrx_word' id='word_1_755' title='bbox 971 4854 1282 4927; x_wconf 75' lang='lat' dir='ltr'><strong>Hirc_igitur</strong></span> <span class='ocrx_word' id='word_1_756' title='bbox 1312 4859 1360 4903; x_wconf 88' lang='lat' dir='ltr'><strong>et</strong></span> <span class='ocrx_word' id='word_1_757' title='bbox 1387 4852 1577 4927; x_wconf 80' lang='lat' dir='ltr'><strong>similia</strong></span> <span class='ocrx_word' id='word_1_758' title='bbox 1606 4855 1648 4902; x_wconf 88' lang='lat' dir='ltr'><strong>si</strong></span> <span class='ocrx_word' id='word_1_759' title='bbox 1673 4852 1854 4927; x_wconf 66' lang='lat' dir='ltr'><strong>dican-</strong></span> 
     </span>
    </p>
   </div>
   <div class='ocr_carea' id='block_1_94' title="bbox 330 4921 1854 4996">
    <p class='ocr_par' dir='ltr' id='par_1_94' title="bbox 330 4921 1854 4996">
     <span class='ocr_line' id='line_1_94' title="bbox 330 4921 1854 4996; baseline -0.005 -18"><span class='ocrx_word' id='word_1_760' title='bbox 330 4921 438 4992; x_wconf 73' lang='lat' dir='ltr'><strong>iur,</strong></span> <span class='ocrx_word' id='word_1_761' title='bbox 471 4931 528 4980; x_wconf 83' lang='lat' dir='ltr'><strong>id</strong></span> <span class='ocrx_word' id='word_1_762' title='bbox 561 4941 761 4996; x_wconf 89' lang='lat' dir='ltr'><strong>quoque</strong></span> <span class='ocrx_word' id='word_1_763' title='bbox 793 4922 1264 4996; x_wconf 33' lang='lat' dir='ltr'><strong>servatur‘aEuge,</strong></span> <span class='ocrx_word' id='word_1_764' title='bbox 1311 4934 1461 4972; x_wconf 86' lang='lat' dir='ltr'><strong>serve</strong></span> <span class='ocrx_word' id='word_1_765' title='bbox 1491 4924 1624 4996; x_wconf 79' lang='lat' dir='ltr'><strong>bone</strong></span> <span class='ocrx_word' id='word_1_766' title='bbox 1645 4930 1701 4971; x_wconf 86' lang='lat' dir='ltr'><strong>et</strong></span> <span class='ocrx_word' id='word_1_767' title='bbox 1727 4921 1854 4996; x_wconf 71' lang='lat' dir='ltr'><strong>tide-</strong></span> 
     </span>
    </p>
   </div>
   <div class='ocr_carea' id='block_1_95' title="bbox 333 4987 1854 5065">
    <p class='ocr_par' dir='ltr' id='par_1_95' title="bbox 333 4987 1854 5065">
     <span class='ocr_line' id='line_1_95' title="bbox 333 4987 1854 5065; baseline -0.008 -16"><span class='ocrx_word' id='word_1_768' title='bbox 333 4987 618 5065; x_wconf 56' lang='lat' dir='ltr'><strong>lis,supér</strong></span> <span class='ocrx_word' id='word_1_769' title='bbox 651 4987 813 5065; x_wconf 73' lang='lat' dir='ltr'><strong>pauca</strong></span> <span class='ocrx_word' id='word_1_770' title='bbox 843 4993 984 5065; x_wconf 82' lang='lat' dir='ltr'><strong>luisti</strong></span> <span class='ocrx_word' id='word_1_771' title='bbox 1014 4987 1199 5065; x_wconf 53' lang='lat' dir='ltr'><strong>ﬁdelis,</strong></span> <span class='ocrx_word' id='word_1_772' title='bbox 1225 5002 1379 5065; x_wconf 79' lang='lat' dir='ltr'><strong>super</strong></span> <span class='ocrx_word' id='word_1_773' title='bbox 1398 4988 1559 5065; x_wconf 63' lang='lat' dir='ltr'><strong>multa</strong></span> <span class='ocrx_word' id='word_1_774' title='bbox 1589 4998 1640 5065; x_wconf 78' lang='lat' dir='ltr'><strong>te</strong></span> <span class='ocrx_word' id='word_1_775' title='bbox 1659 4987 1854 5038; x_wconf 90' lang='lat' dir='ltr'><strong>consti-</strong></span> 
     </span>
    </p>
   </div>
   <div class='ocr_carea' id='block_1_96' title="bbox 335 5054 1852 5130">
    <p class='ocr_par' dir='ltr' id='par_1_96' title="bbox 335 5054 1852 5130">
     <span class='ocr_line' id='line_1_96' title="bbox 335 5054 1852 5130; baseline -0.009 -13"><span class='ocrx_word' id='word_1_776' title='bbox 335 5054 480 5118; x_wconf 74' lang='lat' dir='ltr'><strong>tuam</strong></span> <span class='ocrx_word' id='word_1_777' title='bbox 509 5054 536 5118; x_wconf 71' lang='grc' dir='ltr'><strong>ε’</strong></span> <span class='ocrx_word' id='word_1_778' title='bbox 563 5054 700 5116; x_wconf 71' lang='lat' dir='ltr'><strong>intra</strong></span> <span class='ocrx_word' id='word_1_779' title='bbox 730 5063 780 5112; x_wconf 90' lang='lat' dir='ltr'><strong>in</strong></span> <span class='ocrx_word' id='word_1_780' title='bbox 813 5061 1063 5130; x_wconf 89' lang='lat' dir='ltr'><strong>gaudium</strong></span> <span class='ocrx_word' id='word_1_781' title='bbox 1105 5057 1307 5130; x_wconf 78' lang='lat' dir='ltr'><strong>Domini</strong></span> <span class='ocrx_word' id='word_1_782' title='bbox 1341 5054 1463 5130; x_wconf 42' lang='lat' dir='ltr'><strong>tui“(</strong></span> <span class='ocrx_word' id='word_1_783' title='bbox 1489 5054 1676 5105; x_wconf 80' lang='lat' dir='ltr'><strong>Matth.</strong></span> <span class='ocrx_word' id='word_1_784' title='bbox 1711 5069 1811 5130; x_wconf 72' lang='lat' dir='ltr'><strong>xxv</strong></span> <span class='ocrx_word' id='word_1_785' title='bbox 1836 5093 1852 5119; x_wconf 93' lang='lat'><strong>,</strong></span> 
     </span>
    </p>
   </div>
   <div class='ocr_carea' id='block_1_97' title="bbox 332 5124 1858 5204">
    <p class='ocr_par' dir='ltr' id='par_1_97' title="bbox 332 5124 1858 5204">
     <span class='ocr_line' id='line_1_97' title="bbox 332 5124 1858 5204; baseline -0.008 -19"><span class='ocrx_word' id='word_1_786' title='bbox 332 5137 394 5186; x_wconf 72' lang='grc'><strong>21</strong></span> <span class='ocrx_word' id='word_1_787' title='bbox 418 5138 460 5204; x_wconf 86' lang='grc'><strong>);</strong></span> <span class='ocrx_word' id='word_1_788' title='bbox 493 5146 603 5184; x_wconf 85' lang='lat' dir='ltr'><strong>tum</strong></span> <span class='ocrx_word' id='word_1_789' title='bbox 629 5124 1165 5204; x_wconf 39' lang='lat' dir='ltr'><strong>et_lausjomni_s_,_qute</strong></span> <span class='ocrx_word' id='word_1_790' title='bbox 1190 5125 1331 5176; x_wconf 88' lang='lat' dir='ltr'><strong>bonis</strong></span> <span class='ocrx_word' id='word_1_791' title='bbox 1360 5124 1659 5204; x_wconf 36' lang='lat' dir='ltr'><strong>tribuitur}.</strong></span> <span class='ocrx_word' id='word_1_792' title='bbox 1681 5138 1738 5172; x_wconf 88' lang='lat' dir='ltr'><strong>ac</strong></span> <span class='ocrx_word' id='word_1_793' title='bbox 1768 5126 1858 5174; x_wconf 84' lang='lat' dir='ltr'><strong>de-</strong></span> 
     </span>
    </p>
   </div>
   <div class='ocr_carea' id='block_1_98' title="bbox 335 5190 1853 5265">
    <p class='ocr_par' dir='ltr' id='par_1_98' title="bbox 335 5190 1853 5265">
     <span class='ocr_line' id='line_1_98' title="bbox 335 5190 1853 5265; baseline -0.01 -10"><span class='ocrx_word' id='word_1_794' title='bbox 335 5190 478 5255; x_wconf 58' lang='lat' dir='ltr'><strong>mu&#39;m</strong></span> <span class='ocrx_word' id='word_1_795' title='bbox 507 5199 928 5265; x_wconf 81' lang='lat' dir='ltr'><strong>ostenditurjure</strong></span> <span class='ocrx_word' id='word_1_796' title='bbox 951 5190 1093 5248; x_wconf 49' lang='lat' dir='ltr'><strong>dici&#39;:</strong></span> <span class='ocrx_word' id='word_1_797' title='bbox 1125 5195 1288 5265; x_wconf 81' lang='lat' dir='ltr'><strong>Serve</strong></span> <span class='ocrx_word' id='word_1_798' title='bbox 1315 5205 1542 5254; x_wconf 88' lang='lat' dir='ltr'><strong>nequam</strong></span> <span class='ocrx_word' id='word_1_799' title='bbox 1570 5202 1624 5242; x_wconf 90' lang='lat' dir='ltr'><strong>et</strong></span> <span class='ocrx_word' id='word_1_800' title='bbox 1650 5190 1853 5256; x_wconf 77' lang='lat' dir='ltr'><strong>ignave,</strong></span> 
     </span>
    </p>
   </div>
   <div class='ocr_carea' id='block_1_99' title="bbox 336 5259 1859 5337">
    <p class='ocr_par' dir='ltr' id='par_1_99' title="bbox 336 5259 1859 5337">
     <span class='ocr_line' id='line_1_99' title="bbox 336 5259 1859 5337; baseline -0.007 -16"><span class='ocrx_word' id='word_1_801' title='bbox 336 5273 623 5337; x_wconf 80' lang='lat' dir='ltr'><strong>oportebat</strong></span> <span class='ocrx_word' id='word_1_802' title='bbox 645 5281 695 5337; x_wconf 88' lang='lat' dir='ltr'><strong>te</strong></span> <span class='ocrx_word' id='word_1_803' title='bbox 720 5259 1054 5337; x_wconf 71' lang='lat' dir='ltr'><strong>committere</strong></span> <span class='ocrx_word' id='word_1_804' title='bbox 1093 5259 1364 5337; x_wconf 81' lang='lat' dir='ltr'><strong>pecuniam</strong></span> <span class='ocrx_word' id='word_1_805' title='bbox 1391 5273 1562 5334; x_wconf 70' lang='lat' dir='ltr'><strong>tineam</strong></span> <span class='ocrx_word' id='word_1_806' title='bbox 1594 5265 1859 5337; x_wconf 65' lang='lat' dir='ltr'><strong>trapezita:</strong></span> 
     </span>
    </p>
   </div>
   <div class='ocr_carea' id='block_1_100' title="bbox 339 5326 1860 5409">
    <p class='ocr_par' dir='ltr' id='par_1_100' title="bbox 339 5326 1860 5409">
     <span class='ocr_line' id='line_1_100' title="bbox 339 5326 1860 5409; baseline -0.009 -19"><span class='ocrx_word' id='word_1_807' title='bbox 339 5326 489 5409; x_wconf 57' lang='lat' dir='ltr'><strong>datu.</strong></span> <span class='ocrx_word' id='word_1_808' title='bbox 519 5339 610 5400; x_wconf 70' lang='lat' dir='ltr'><strong>es,</strong></span> <span class='ocrx_word' id='word_1_809' title='bbox 634 5336 700 5409; x_wconf 73' lang='lat'><strong>27</strong></span> <span class='ocrx_word' id='word_1_810' title='bbox 716 5336 758 5404; x_wconf 84' lang='lat'><strong>).</strong></span> <span class='ocrx_word' id='word_1_811' title='bbox 778 5337 866 5392; x_wconf 88' lang='lat' dir='ltr'><strong>Sic</strong></span> <span class='ocrx_word' id='word_1_812' title='bbox 901 5338 1051 5388; x_wconf 81' lang='lat' dir='ltr'><strong>etiam</strong></span> <span class='ocrx_word' id='word_1_813' title='bbox 1074 5326 1274 5409; x_wconf 65' lang='lat' dir='ltr'><strong>stabunt</strong></span> <span class='ocrx_word' id='word_1_814' title='bbox 1298 5340 1419 5409; x_wconf 53' lang='lat' dir='ltr'><strong>gate</strong></span> <span class='ocrx_word' id='word_1_815' title='bbox 1439 5326 1588 5409; x_wconf 51' lang='lat' dir='ltr'><strong>g&#39;ustel</strong></span> <span class='ocrx_word' id='word_1_816' title='bbox 1621 5326 1860 5409; x_wconf 85' lang='lat' dir='ltr'><strong>dicuntur</strong></span> 
     </span>
    </p>
   </div>
   <div class='ocr_carea' id='block_1_101' title="bbox 339 5392 1860 5474">
    <p class='ocr_par' dir='ltr' id='par_1_101' title="bbox 339 5392 1860 5474">
     <span class='ocr_line' id='line_1_101' title="bbox 339 5392 1860 5474; baseline -0.018 -5"><span class='ocrx_word' id='word_1_817' title='bbox 339 5392 422 5468; x_wconf 64' lang='grc' dir='ltr'><strong>Ῐὶεο</strong></span> <span class='ocrx_word' id='word_1_818' title='bbox 472 5392 558 5474; x_wconf 69' lang='grc' dir='ltr'><strong>σαὶ</strong></span> <span class='ocrx_word' id='word_1_819' title='bbox 584 5392 650 5474; x_wconf 42' lang='lat' dir='ltr'><strong>ad</strong></span> <span class='ocrx_word' id='word_1_820' title='bbox 691 5392 948 5460; x_wconf 71' lang='lat' dir='ltr'><strong>dexteram</strong></span> <span class='ocrx_word' id='word_1_821' title='bbox 985 5402 1251 5474; x_wconf 73' lang='lat' dir='ltr'><strong>assistant:</strong></span> <span class='ocrx_word' id='word_1_822' title='bbox 1298 5392 1489 5444; x_wconf 82' lang='lat' dir='ltr'><strong>Venite</strong></span> <span class='ocrx_word' id='word_1_823' title='bbox 1527 5395 1591 5474; x_wconf 84' lang='lat' dir='ltr'><strong>ad</strong></span> <span class='ocrx_word' id='word_1_824' title='bbox 1640 5409 1739 5452; x_wconf 88' lang='lat' dir='ltr'><strong>me,</strong></span> <span class='ocrx_word' id='word_1_825' title='bbox 1771 5395 1860 5474; x_wconf 71' lang='lat' dir='ltr'><strong>be-</strong></span> 
     </span>
    </p>
   </div>
   <div class='ocr_carea' id='block_1_102' title="bbox 343 5461 1860 5539">
    <p class='ocr_par' dir='ltr' id='par_1_102' title="bbox 343 5461 1860 5539">
     <span class='ocr_line' id='line_1_102' title="bbox 343 5461 1860 5539; baseline -0.01 -14"><span class='ocrx_word' id='word_1_826' title='bbox 343 5461 539 5531; x_wconf 72' lang='lat' dir='ltr'><strong>nediéti</strong></span> <span class='ocrx_word' id='word_1_827' title='bbox 576 5473 749 5529; x_wconf 82' lang='lat' dir='ltr'><strong>Patris</strong></span> <span class='ocrx_word' id='word_1_828' title='bbox 799 5474 942 5535; x_wconf 90' lang='lat' dir='ltr'><strong>mei;</strong></span> <span class='ocrx_word' id='word_1_829' title='bbox 998 5467 1252 5539; x_wconf 76' lang='lat' dir='ltr'><strong>possidete</strong></span> <span class='ocrx_word' id='word_1_830' title='bbox 1303 5471 1661 5539; x_wconf 70' lang='lat' dir='ltr'><strong>praeparatum</strong></span> <span class='ocrx_word' id='word_1_831' title='bbox 1714 5461 1860 5539; x_wconf 75' lang='lat' dir='ltr'><strong>vobis</strong></span> 
     </span>
    </p>
   </div>
   <div class='ocr_carea' id='block_1_103' title="bbox 334 5531 1861 5617">
    <p class='ocr_par' dir='ltr' id='par_1_103' title="bbox 334 5531 1861 5617">
     <span class='ocr_line' id='line_1_103' title="bbox 334 5531 1861 5617; baseline -0.01 -18"><span class='ocrx_word' id='word_1_832' title='bbox 334 5559 566 5617; x_wconf 72' lang='lat' dir='ltr'><strong>regnum</strong></span> <span class='ocrx_word' id='word_1_833' title='bbox 591 5560 620 5598; x_wconf 85' lang='lat' dir='ltr'><strong>a</strong></span> <span class='ocrx_word' id='word_1_834' title='bbox 645 5531 1013 5600; x_wconf 69' lang='lat' dir='ltr'><strong>constitutione</strong></span> <span class='ocrx_word' id='word_1_835' title='bbox 1042 5532 1244 5593; x_wconf 87' lang='lat' dir='ltr'><strong>mundi;</strong></span> <span class='ocrx_word' id='word_1_836' title='bbox 1280 5531 1398 5592; x_wconf 84' lang='lat' dir='ltr'><strong>quia</strong></span> <span class='ocrx_word' id='word_1_837' title='bbox 1440 5531 1658 5593; x_wconf 86' lang='lat' dir='ltr'><strong>esurivi,</strong></span> <span class='ocrx_word' id='word_1_838' title='bbox 1691 5539 1744 5583; x_wconf 87' lang='lat' dir='ltr'><strong>et</strong></span> <span class='ocrx_word' id='word_1_839' title='bbox 1771 5532 1861 5584; x_wconf 75' lang='lat' dir='ltr'><strong>de-</strong></span> 
     </span>
    </p>
   </div>
   <div class='ocr_carea' id='block_1_104' title="bbox 1940 2948 3462 3020">
    <p class='ocr_par' dir='ltr' id='par_1_104' title="bbox 1940 2948 3462 3020">
     <span class='ocr_line' id='line_1_104' title="bbox 1940 2948 3462 3020; baseline -0.003 -16"><span class='ocrx_word' id='word_1_840' title='bbox 1940 2955 2159 3006; x_wconf 88' lang='lat' dir='ltr'><strong>vitutem</strong></span> <span class='ocrx_word' id='word_1_841' title='bbox 2201 2955 2400 3020; x_wconf 78' lang='lat' dir='ltr'><strong>redigo,</strong></span> <span class='ocrx_word' id='word_1_842' title='bbox 2439 2948 2649 3005; x_wconf 72' lang='lat' dir='ltr'><strong>necum</strong></span> <span class='ocrx_word' id='word_1_843' title='bbox 2699 2953 2831 3020; x_wconf 13' lang='lat' dir='ltr'><strong>aliis,</strong></span> <span class='ocrx_word' id='word_1_844' title='bbox 2857 2949 3295 3020; x_wconf 67' lang='lat' dir='ltr'><strong>praedicaverim,</strong></span> <span class='ocrx_word' id='word_1_845' title='bbox 3349 2948 3462 3020; x_wconf 79' lang='lat' dir='ltr'><strong>ipse</strong></span> 
     </span>
    </p>
   </div>
   <div class='ocr_carea' id='block_1_105' title="bbox 1945 3017 3458 3088">
    <p class='ocr_par' dir='ltr' id='par_1_105' title="bbox 1945 3017 3458 3088">
     <span class='ocr_line' id='line_1_105' title="bbox 1945 3017 3458 3088; baseline -0.002 -17"><span class='ocrx_word' id='word_1_846' title='bbox 1945 3025 2196 3088; x_wconf 80' lang='lat' dir='ltr'><strong>reprobus</strong></span> <span class='ocrx_word' id='word_1_847' title='bbox 2221 3017 2451 3083; x_wconf 81' lang='lat' dir='ltr'><strong>ciliciar;</strong></span> <span class='ocrx_word' id='word_1_848' title='bbox 2493 3033 2536 3072; x_wconf 87' lang='lat' dir='ltr'><strong>et</strong></span> <span class='ocrx_word' id='word_1_849' title='bbox 2573 3020 2739 3088; x_wconf 72' lang='lat' dir='ltr'><strong>illud;</strong></span> <span class='ocrx_word' id='word_1_850' title='bbox 2788 3019 2882 3088; x_wconf 52' lang='grc' dir='ltr'><strong>γε</strong></span> <span class='ocrx_word' id='word_1_851' title='bbox 2912 3021 3104 3088; x_wconf 47' lang='lat' dir='ltr'><strong>etenim</strong></span> <span class='ocrx_word' id='word_1_852' title='bbox 3139 3018 3306 3088; x_wconf 64' lang='lat' dir='ltr'><strong>mitti,</strong></span> <span class='ocrx_word' id='word_1_853' title='bbox 3358 3017 3458 3088; x_wconf 82' lang='lat' dir='ltr'><strong>nisi</strong></span> 
     </span>
    </p>
   </div>
   <div class='ocr_carea' id='block_1_106' title="bbox 1944 3076 3459 3155">
    <p class='ocr_par' dir='ltr' id='par_1_106' title="bbox 1944 3076 3459 3155">
     <span class='ocr_line' id='line_1_106' title="bbox 1944 3076 3459 3155; baseline -0.004 -14"><span class='ocrx_word' id='word_1_854' title='bbox 1944 3076 2280 3155; x_wconf 60' lang='lat' dir='ltr'><strong>Evangelinm</strong></span> <span class='ocrx_word' id='word_1_855' title='bbox 2316 3076 2659 3141; x_wconf 81' lang='lat' dir='ltr'><strong>enuntiavero</strong></span> <span class='ocrx_word' id='word_1_856' title='bbox 2682 3083 2743 3155; x_wconf 86' lang='grc' dir='ltr'><strong>(Ι</strong></span> <span class='ocrx_word' id='word_1_857' title='bbox 2775 3085 2894 3138; x_wconf 87' lang='lat' dir='ltr'><strong>Cor.</strong></span> <span class='ocrx_word' id='word_1_858' title='bbox 2931 3102 3002 3143; x_wconf 81' lang='lat' dir='ltr'><strong>ix,</strong></span> <span class='ocrx_word' id='word_1_859' title='bbox 3029 3076 3162 3149; x_wconf 63' lang='lat'><strong>2&#39;7)?</strong></span> <span class='ocrx_word' id='word_1_860' title='bbox 3202 3076 3301 3155; x_wconf 73' lang='lat' dir='ltr'><strong>llis</strong></span> <span class='ocrx_word' id='word_1_861' title='bbox 3325 3084 3459 3136; x_wconf 87' lang='lat' dir='ltr'><strong>enim</strong></span> 
     </span>
    </p>
   </div>
   <div class='ocr_carea' id='block_1_107' title="bbox 1942 3153 3461 3221">
    <p class='ocr_par' dir='ltr' id='par_1_107' title="bbox 1942 3153 3461 3221">
     <span class='ocr_line' id='line_1_107' title="bbox 1942 3153 3461 3221; baseline -0.004 -14"><span class='ocrx_word' id='word_1_862' title='bbox 1942 3153 2113 3219; x_wconf 79' lang='lat' dir='ltr'><strong>aperte</strong></span> <span class='ocrx_word' id='word_1_863' title='bbox 2139 3159 2385 3218; x_wconf 87' lang='lat' dir='ltr'><strong>declarat,</strong></span> <span class='ocrx_word' id='word_1_864' title='bbox 2409 3158 2505 3209; x_wconf 88' lang='lat' dir='ltr'><strong>nisi</strong></span> <span class='ocrx_word' id='word_1_865' title='bbox 2526 3153 2792 3221; x_wconf 85' lang='lat' dir='ltr'><strong>castigaret</strong></span> <span class='ocrx_word' id='word_1_866' title='bbox 2818 3170 3000 3218; x_wconf 68' lang='lat' dir='ltr'><strong>corpus</strong></span> <span class='ocrx_word' id='word_1_867' title='bbox 3023 3168 3190 3221; x_wconf 85' lang='lat' dir='ltr'><strong>suum,</strong></span> <span class='ocrx_word' id='word_1_868' title='bbox 3208 3161 3253 3203; x_wconf 91' lang='lat' dir='ltr'><strong>et</strong></span> <span class='ocrx_word' id='word_1_869' title='bbox 3279 3153 3330 3203; x_wconf 72' lang='lat' dir='ltr'><strong>in</strong></span> <span class='ocrx_word' id='word_1_870' title='bbox 3352 3167 3461 3203; x_wconf 60' lang='lat' dir='ltr'><strong>sera</strong></span> 
     </span>
    </p>
   </div>
   <div class='ocr_carea' id='block_1_108' title="bbox 1945 3220 3463 3292">
    <p class='ocr_par' dir='ltr' id='par_1_108' title="bbox 1945 3220 3463 3292">
     <span class='ocr_line' id='line_1_108' title="bbox 1945 3220 3463 3292; baseline -0.005 -16"><span class='ocrx_word' id='word_1_871' title='bbox 1945 3229 2148 3276; x_wconf 83' lang='lat' dir='ltr'><strong>vitutem</strong></span> <span class='ocrx_word' id='word_1_872' title='bbox 2173 3227 2438 3292; x_wconf 85' lang='lat' dir='ltr'><strong>redigeret,</strong></span> <span class='ocrx_word' id='word_1_873' title='bbox 2471 3240 2614 3286; x_wconf 83' lang='lat' dir='ltr'><strong>posse</strong></span> <span class='ocrx_word' id='word_1_874' title='bbox 2643 3220 2715 3283; x_wconf 84' lang='lat' dir='ltr'><strong>se,</strong></span> <span class='ocrx_word' id='word_1_875' title='bbox 2747 3233 3011 3288; x_wconf 81' lang='lat' dir='ltr'><strong>postquam</strong></span> <span class='ocrx_word' id='word_1_876' title='bbox 3042 3220 3169 3292; x_wconf 64' lang='lat' dir='ltr'><strong>aliis</strong></span> <span class='ocrx_word' id='word_1_877' title='bbox 3187 3221 3463 3292; x_wconf 63' lang='lat' dir='ltr'><strong>prazdicasa-</strong></span> 
     </span>
    </p>
   </div>
   <div class='ocr_carea' id='block_1_109' title="bbox 1941 3287 3460 3359">
    <p class='ocr_par' dir='ltr' id='par_1_109' title="bbox 1941 3287 3460 3359">
     <span class='ocr_line' id='line_1_109' title="bbox 1941 3287 3460 3359; baseline -0.004 -15"><span class='ocrx_word' id='word_1_878' title='bbox 1941 3304 2036 3353; x_wconf 88' lang='lat' dir='ltr'><strong>set,</strong></span> <span class='ocrx_word' id='word_1_879' title='bbox 2070 3287 2334 3356; x_wconf 68' lang='lat' dir='ltr'><strong>reprobuin</strong></span> <span class='ocrx_word' id='word_1_880' title='bbox 2360 3292 2496 3359; x_wconf 76' lang='lat' dir='ltr'><strong>ﬁeri,</strong></span> <span class='ocrx_word' id='word_1_881' title='bbox 2523 3301 2570 3342; x_wconf 92' lang='lat' dir='ltr'><strong>et</strong></span> <span class='ocrx_word' id='word_1_882' title='bbox 2598 3292 2690 3343; x_wconf 89' lang='lat' dir='ltr'><strong>sibi</strong></span> <span class='ocrx_word' id='word_1_883' title='bbox 2725 3307 2830 3342; x_wconf 80' lang='lat' dir='ltr'><strong>esse</strong></span> <span class='ocrx_word' id='word_1_884' title='bbox 2863 3307 2955 3350; x_wconf 76' lang='lat' dir='ltr'><strong>me,</strong></span> <span class='ocrx_word' id='word_1_885' title='bbox 2998 3289 3098 3340; x_wconf 86' lang='lat' dir='ltr'><strong>nisi</strong></span> <span class='ocrx_word' id='word_1_886' title='bbox 3120 3287 3460 3359; x_wconf 68' lang='lat' dir='ltr'><strong>Evangelium</strong></span> 
     </span>
    </p>
   </div>
   <div class='ocr_carea' id='block_1_110' title="bbox 1943 3356 3460 3426">
    <p class='ocr_par' dir='ltr' id='par_1_110' title="bbox 1943 3356 3460 3426">
     <span class='ocr_line' id='line_1_110' title="bbox 1943 3356 3460 3426; baseline -0.004 -15"><span class='ocrx_word' id='word_1_887' title='bbox 1943 3365 2316 3413; x_wconf 82' lang='lat' dir='ltr'><strong>annuntiasset.</strong></span> <span class='ocrx_word' id='word_1_888' title='bbox 2358 3356 2616 3412; x_wconf 78' lang='lat' dir='ltr'><strong>Fortassis</strong></span> <span class='ocrx_word' id='word_1_889' title='bbox 2669 3360 2850 3426; x_wconf 89' lang='lat' dir='ltr'><strong>igitur,</strong></span> <span class='ocrx_word' id='word_1_890' title='bbox 2887 3374 3002 3409; x_wconf 85' lang='lat' dir='ltr'><strong>cum</strong></span> <span class='ocrx_word' id='word_1_891' title='bbox 3042 3356 3460 3426; x_wconf 62' lang='lat' dir='ltr'><strong>istissegreqavit</strong></span> 
     </span>
    </p>
   </div>
   <div class='ocr_carea' id='block_1_111' title="bbox 1943 3423 3455 3492">
    <p class='ocr_par' dir='ltr' id='par_1_111' title="bbox 1943 3423 3455 3492">
     <span class='ocr_line' id='line_1_111' title="bbox 1943 3423 3455 3492; baseline -0.002 -14"><span class='ocrx_word' id='word_1_892' title='bbox 1943 3429 2085 3479; x_wconf 86' lang='lat' dir='ltr'><strong>illum</strong></span> <span class='ocrx_word' id='word_1_893' title='bbox 2119 3429 2254 3480; x_wconf 88' lang='lat' dir='ltr'><strong>Deus</strong></span> <span class='ocrx_word' id='word_1_894' title='bbox 2285 3445 2348 3479; x_wconf 78' lang='lat' dir='ltr'><strong>ea:</strong></span> <span class='ocrx_word' id='word_1_895' title='bbox 2369 3441 2510 3480; x_wconf 80' lang='lat' dir='ltr'><strong>utero</strong></span> <span class='ocrx_word' id='word_1_896' title='bbox 2550 3423 2748 3484; x_wconf 83' lang='lat' dir='ltr'><strong>matris,</strong></span> <span class='ocrx_word' id='word_1_897' title='bbox 2775 3437 2818 3478; x_wconf 90' lang='lat' dir='ltr'><strong>et</strong></span> <span class='ocrx_word' id='word_1_898' title='bbox 2852 3425 3130 3492; x_wconf 82' lang='lat' dir='ltr'><strong>segregavit</strong></span> <span class='ocrx_word' id='word_1_899' title='bbox 3159 3423 3212 3475; x_wconf 87' lang='lat' dir='ltr'><strong>in</strong></span> <span class='ocrx_word' id='word_1_900' title='bbox 3229 3423 3455 3491; x_wconf 20' lang='lat' dir='ltr'><strong>Evange-l</strong></span> 
     </span>
    </p>
   </div>
   <div class='ocr_carea' id='block_1_112' title="bbox 1945 3492 3463 3561">
    <p class='ocr_par' dir='ltr' id='par_1_112' title="bbox 1945 3492 3463 3561">
     <span class='ocr_line' id='line_1_112' title="bbox 1945 3492 3463 3561; baseline -0.004 -15"><span class='ocrx_word' id='word_1_901' title='bbox 1945 3499 2072 3546; x_wconf 86' lang='lat' dir='ltr'><strong>lium</strong></span> <span class='ocrx_word' id='word_1_902' title='bbox 2102 3497 2211 3558; x_wconf 86' lang='lat' dir='ltr'><strong>Dei,</strong></span> <span class='ocrx_word' id='word_1_903' title='bbox 2229 3513 2436 3548; x_wconf 85' lang='lat' dir='ltr'><strong>causam</strong></span> <span class='ocrx_word' id='word_1_904' title='bbox 2460 3497 2628 3548; x_wconf 83' lang='lat' dir='ltr'><strong>videns</strong></span> <span class='ocrx_word' id='word_1_905' title='bbox 2653 3495 2803 3558; x_wconf 68' lang='lat' dir='ltr'><strong>iusta:</strong></span> <span class='ocrx_word' id='word_1_906' title='bbox 2823 3493 3202 3561; x_wconf 80' lang='lat' dir='ltr'><strong>segregationis.</strong></span> <span class='ocrx_word' id='word_1_907' title='bbox 3225 3492 3358 3560; x_wconf 87' lang='lat' dir='ltr'><strong>quod</strong></span> <span class='ocrx_word' id='word_1_908' title='bbox 3374 3507 3463 3561; x_wconf 43' lang='lat' dir='ltr'><strong>cas</strong></span> 
     </span>
    </p>
   </div>
   <div class='ocr_carea' id='block_1_113' title="bbox 1945 3560 3458 3630">
    <p class='ocr_par' dir='ltr' id='par_1_113' title="bbox 1945 3560 3458 3630">
     <span class='ocr_line' id='line_1_113' title="bbox 1945 3560 3458 3630; baseline -0.003 -15"><span class='ocrx_word' id='word_1_909' title='bbox 1945 3565 2221 3630; x_wconf 79' lang='lat' dir='ltr'><strong>stigaturus</strong></span> <span class='ocrx_word' id='word_1_910' title='bbox 2249 3573 2375 3616; x_wconf 87' lang='lat' dir='ltr'><strong>esset</strong></span> <span class='ocrx_word' id='word_1_911' title='bbox 2408 3580 2591 3630; x_wconf 86' lang='lat' dir='ltr'><strong>corpus</strong></span> <span class='ocrx_word' id='word_1_912' title='bbox 2613 3580 2786 3622; x_wconf 82' lang='lat' dir='ltr'><strong>suam,</strong></span> <span class='ocrx_word' id='word_1_913' title='bbox 2817 3560 2944 3615; x_wconf 84' lang='lat' dir='ltr'><strong>etin</strong></span> <span class='ocrx_word' id='word_1_914' title='bbox 2992 3563 3280 3613; x_wconf 74' lang='lat' dir='ltr'><strong>servitutem</strong></span> <span class='ocrx_word' id='word_1_915' title='bbox 3309 3560 3458 3611; x_wconf 80' lang='lat' dir='ltr'><strong>reda-</strong></span> 
     </span>
    </p>
   </div>
   <div class='ocr_carea' id='block_1_114' title="bbox 1945 3630 3462 3699">
    <p class='ocr_par' dir='ltr' id='par_1_114' title="bbox 1945 3630 3462 3699">
     <span class='ocr_line' id='line_1_114' title="bbox 1945 3630 3462 3699; baseline -0.004 -16"><span class='ocrx_word' id='word_1_916' title='bbox 1945 3642 2140 3693; x_wconf 84' lang='lat' dir='ltr'><strong>cturus,</strong></span> <span class='ocrx_word' id='word_1_917' title='bbox 2169 3634 2354 3684; x_wconf 86' lang='lat' dir='ltr'><strong>veritus</strong></span> <span class='ocrx_word' id='word_1_918' title='bbox 2402 3648 2464 3684; x_wconf 83' lang='lat' dir='ltr'><strong>ne</strong></span> <span class='ocrx_word' id='word_1_919' title='bbox 2515 3643 2780 3699; x_wconf 79' lang='lat' dir='ltr'><strong>postquam</strong></span> <span class='ocrx_word' id='word_1_920' title='bbox 2812 3631 2930 3682; x_wconf 84' lang='lat' dir='ltr'><strong>aliis</strong></span> <span class='ocrx_word' id='word_1_921' title='bbox 2975 3630 3320 3699; x_wconf 81' lang='lat' dir='ltr'><strong>prwdicasset,</strong></span> <span class='ocrx_word' id='word_1_922' title='bbox 3358 3630 3462 3699; x_wconf 79' lang='lat' dir='ltr'><strong>ipse</strong></span> 
     </span>
    </p>
   </div>
   <div class='ocr_carea' id='block_1_115' title="bbox 1946 3696 3460 3768">
    <p class='ocr_par' dir='ltr' id='par_1_115' title="bbox 1946 3696 3460 3768">
     <span class='ocr_line' id='line_1_115' title="bbox 1946 3696 3460 3768; baseline -0.005 -18"><span class='ocrx_word' id='word_1_923' title='bbox 1946 3701 2186 3768; x_wconf 79' lang='lat' dir='ltr'><strong>reprobus</strong></span> <span class='ocrx_word' id='word_1_924' title='bbox 2215 3702 2356 3764; x_wconf 78' lang='lat' dir='ltr'><strong>ﬁeret</strong></span> <span class='ocrx_word' id='word_1_925' title='bbox 2383 3740 2397 3764; x_wconf 93' lang='lat'><strong>,</strong></span> <span class='ocrx_word' id='word_1_926' title='bbox 2444 3696 2676 3768; x_wconf 81' lang='lat' dir='ltr'><strong>quodque</strong></span> <span class='ocrx_word' id='word_1_927' title='bbox 2712 3699 2876 3750; x_wconf 79' lang='lat' dir='ltr'><strong>sciens</strong></span> <span class='ocrx_word' id='word_1_928' title='bbox 2924 3697 3022 3750; x_wconf 83' lang='lat' dir='ltr'><strong>sibi</strong></span> <span class='ocrx_word' id='word_1_929' title='bbox 3054 3696 3179 3768; x_wconf 80' lang='lat' dir='ltr'><strong>fore</strong></span> <span class='ocrx_word' id='word_1_930' title='bbox 3209 3712 3280 3768; x_wconf 63' lang='lat' dir='ltr'><strong>vat</strong></span> <span class='ocrx_word' id='word_1_931' title='bbox 3306 3733 3339 3768; x_wconf 85' lang='lat'><strong>._</strong></span> <span class='ocrx_word' id='word_1_932' title='bbox 3360 3696 3460 3746; x_wconf 87' lang='lat' dir='ltr'><strong>nisi</strong></span> 
     </span>
    </p>
   </div>
   <div class='ocr_carea' id='block_1_116' title="bbox 1946 3763 3462 3833">
    <p class='ocr_par' dir='ltr' id='par_1_116' title="bbox 1946 3763 3462 3833">
     <span class='ocr_line' id='line_1_116' title="bbox 1946 3763 3462 3833; baseline -0.003 -16"><span class='ocrx_word' id='word_1_933' title='bbox 1946 3763 2276 3833; x_wconf 73' lang='lat' dir='ltr'><strong>Evangelium</strong></span> <span class='ocrx_word' id='word_1_934' title='bbox 2298 3763 2644 3833; x_wconf 72' lang='lat' dir='ltr'><strong>prazdicasset,</strong></span> <span class='ocrx_word' id='word_1_935' title='bbox 2676 3779 2901 3817; x_wconf 85' lang='lat' dir='ltr'><strong>metuens</strong></span> <span class='ocrx_word' id='word_1_936' title='bbox 2933 3782 2992 3817; x_wconf 86' lang='lat' dir='ltr'><strong>ne</strong></span> <span class='ocrx_word' id='word_1_937' title='bbox 3019 3765 3116 3814; x_wconf 84' lang='lat' dir='ltr'><strong>sibi</strong></span> <span class='ocrx_word' id='word_1_938' title='bbox 3143 3766 3277 3830; x_wconf 86' lang='lat' dir='ltr'><strong>apud</strong></span> <span class='ocrx_word' id='word_1_939' title='bbox 3293 3763 3462 3833; x_wconf 81' lang='lat' dir='ltr'><strong>Deum</strong></span> 
     </span>
    </p>
   </div>
   <div class='ocr_carea' id='block_1_117' title="bbox 1945 3831 3466 3900">
    <p class='ocr_par' dir='ltr' id='par_1_117' title="bbox 1945 3831 3466 3900">
     <span class='ocr_line' id='line_1_117' title="bbox 1945 3831 3466 3900; baseline -0.005 -14"><span class='ocrx_word' id='word_1_940' title='bbox 1945 3851 2018 3886; x_wconf 69' lang='lat' dir='ltr'><strong>vce</strong></span> <span class='ocrx_word' id='word_1_941' title='bbox 2041 3831 2190 3897; x_wconf 75' lang='lat' dir='ltr'><strong>esset,</strong></span> <span class='ocrx_word' id='word_1_942' title='bbox 2224 3831 2322 3887; x_wconf 81' lang='lat' dir='ltr'><strong>non</strong></span> <span class='ocrx_word' id='word_1_943' title='bbox 2346 3836 2510 3892; x_wconf 87' lang='lat' dir='ltr'><strong>siluit.</strong></span> <span class='ocrx_word' id='word_1_944' title='bbox 2545 3837 2630 3886; x_wconf 88' lang='lat' dir='ltr'><strong>sed</strong></span> <span class='ocrx_word' id='word_1_945' title='bbox 2663 3833 2996 3899; x_wconf 79' lang='lat' dir='ltr'><strong>Evtngelium</strong></span> <span class='ocrx_word' id='word_1_946' title='bbox 3027 3831 3466 3900; x_wconf 72' lang='lat' dir='ltr'><strong>prwdicovit.__At-</strong></span> 
     </span>
    </p>
   </div>
   <div class='ocr_carea' id='block_1_118' title="bbox 1945 3897 3461 3971">
    <p class='ocr_par' dir='ltr' id='par_1_118' title="bbox 1945 3897 3461 3971">
     <span class='ocr_line' id='line_1_118' title="bbox 1945 3897 3461 3971; baseline -0.003 -19"><span class='ocrx_word' id='word_1_947' title='bbox 1945 3919 2040 3971; x_wconf 86' lang='lat' dir='ltr'><strong>que</strong></span> <span class='ocrx_word' id='word_1_948' title='bbox 2077 3904 2183 3954; x_wconf 76' lang='lat' dir='ltr'><strong>lucc</strong></span> <span class='ocrx_word' id='word_1_949' title='bbox 2221 3905 2417 3955; x_wconf 87' lang='lat' dir='ltr'><strong>videbat</strong></span> <span class='ocrx_word' id='word_1_950' title='bbox 2452 3904 2537 3970; x_wconf 91' lang='lat' dir='ltr'><strong>qui</strong></span> <span class='ocrx_word' id='word_1_951' title='bbox 2567 3918 2682 3954; x_wconf 89' lang='lat' dir='ltr'><strong>eum</strong></span> <span class='ocrx_word' id='word_1_952' title='bbox 2715 3897 2989 3971; x_wconf 81' lang='lat' dir='ltr'><strong>segregavit</strong></span> <span class='ocrx_word' id='word_1_953' title='bbox 3022 3897 3074 3971; x_wconf 82' lang='lat' dir='ltr'><strong>in</strong></span> <span class='ocrx_word' id='word_1_954' title='bbox 3123 3897 3461 3971; x_wconf 82' lang='lat' dir='ltr'><strong>Evangelium</strong></span> 
     </span>
    </p>
   </div>
   <div class='ocr_carea' id='block_1_119' title="bbox 1945 3967 3463 4036">
    <p class='ocr_par' dir='ltr' id='par_1_119' title="bbox 1945 3967 3463 4036">
     <span class='ocr_line' id='line_1_119' title="bbox 1945 3967 3463 4036; baseline -0.005 -14"><span class='ocrx_word' id='word_1_955' title='bbox 1945 3967 2116 4032; x_wconf 80' lang='lat' dir='ltr'><strong>suum,</strong></span> <span class='ocrx_word' id='word_1_956' title='bbox 2142 3971 2251 4036; x_wconf 76' lang='lat' dir='ltr'><strong>{ore</strong></span> <span class='ocrx_word' id='word_1_957' title='bbox 2281 3988 2394 4022; x_wconf 84' lang='lat' dir='ltr'><strong>eum</strong></span> <span class='ocrx_word' id='word_1_958' title='bbox 2427 3967 2479 4022; x_wconf 81' lang='lat' dir='ltr'><strong>in</strong></span> <span class='ocrx_word' id='word_1_959' title='bbox 2508 3971 2753 4024; x_wconf 74' lang='lat' dir='ltr'><strong>wrumnis</strong></span> <span class='ocrx_word' id='word_1_960' title='bbox 2774 3969 3120 4036; x_wconf 82' lang='lat' dir='ltr'><strong>abundantius</strong></span> <span class='ocrx_word' id='word_1_961' title='bbox 3146 4005 3160 4029; x_wconf 92' lang='lat'><strong>,</strong></span> <span class='ocrx_word' id='word_1_962' title='bbox 3198 3967 3250 4017; x_wconf 90' lang='lat' dir='ltr'><strong>in</strong></span> <span class='ocrx_word' id='word_1_963' title='bbox 3289 3976 3463 4016; x_wconf 87' lang='lat' dir='ltr'><strong>carce-</strong></span> 
     </span>
    </p>
   </div>
   <div class='ocr_carea' id='block_1_120' title="bbox 1948 4035 3462 4105">
    <p class='ocr_par' dir='ltr' id='par_1_120' title="bbox 1948 4035 3462 4105">
     <span class='ocr_line' id='line_1_120' title="bbox 1948 4035 3462 4105; baseline -0.005 -16"><span class='ocrx_word' id='word_1_964' title='bbox 1948 4041 2084 4089; x_wconf 87' lang='lat' dir='ltr'><strong>ribus</strong></span> <span class='ocrx_word' id='word_1_965' title='bbox 2109 4035 2263 4105; x_wconf 87' lang='lat' dir='ltr'><strong>supra</strong></span> <span class='ocrx_word' id='word_1_966' title='bbox 2285 4044 2513 4094; x_wconf 76' lang='lat' dir='ltr'><strong>mndum.</strong></span> <span class='ocrx_word' id='word_1_967' title='bbox 2548 4040 2602 4088; x_wconf 88' lang='lat' dir='ltr'><strong>in</strong></span> <span class='ocrx_word' id='word_1_968' title='bbox 2634 4036 2798 4103; x_wconf 77' lang='lat' dir='ltr'><strong>plagis</strong></span> <span class='ocrx_word' id='word_1_969' title='bbox 2828 4038 2940 4099; x_wconf 90' lang='lat' dir='ltr'><strong>plus</strong></span> <span class='ocrx_word' id='word_1_970' title='bbox 2969 4035 3106 4098; x_wconf 83' lang='lat' dir='ltr'><strong>iusto</strong></span> <span class='ocrx_word' id='word_1_971' title='bbox 3127 4073 3160 4105; x_wconf 20' lang='grc' dir='ltr'><strong>,Α</strong></span> <span class='ocrx_word' id='word_1_972' title='bbox 3193 4035 3248 4086; x_wconf 83' lang='lat' dir='ltr'><strong>in</strong></span> <span class='ocrx_word' id='word_1_973' title='bbox 3265 4035 3462 4105; x_wconf 77' lang='lat' dir='ltr'><strong>morti-</strong></span> 
     </span>
    </p>
   </div>
   <div class='ocr_carea' id='block_1_121' title="bbox 1949 4103 3462 4173">
    <p class='ocr_par' dir='ltr' id='par_1_121' title="bbox 1949 4103 3462 4173">
     <span class='ocr_line' id='line_1_121' title="bbox 1949 4103 3462 4173; baseline -0.005 -15"><span class='ocrx_word' id='word_1_974' title='bbox 1949 4108 2038 4158; x_wconf 88' lang='lat' dir='ltr'><strong>bus</strong></span> <span class='ocrx_word' id='word_1_975' title='bbox 2063 4103 2348 4173; x_wconf 73' lang='lat' dir='ltr'><strong>frequenter</strong></span> <span class='ocrx_word' id='word_1_976' title='bbox 2373 4123 2390 4158; x_wconf 87' lang='lat'><strong><em>:</em></strong></span> <span class='ocrx_word' id='word_1_977' title='bbox 2432 4125 2462 4159; x_wconf 91' lang='lat' dir='ltr'><strong>a</strong></span> <span class='ocrx_word' id='word_1_978' title='bbox 2489 4107 2688 4159; x_wconf 72' lang='lat' dir='ltr'><strong>Juda‘is</strong></span> <span class='ocrx_word' id='word_1_979' title='bbox 2730 4105 2994 4171; x_wconf 87' lang='lat' dir='ltr'><strong>quinquies</strong></span> <span class='ocrx_word' id='word_1_980' title='bbox 3025 4103 3462 4173; x_wconf 74' lang='lat' dir='ltr'><strong>quadragiesuna</strong></span> 
     </span>
    </p>
   </div>
   <div class='ocr_carea' id='block_1_122' title="bbox 1948 4168 3460 4240">
    <p class='ocr_par' dir='ltr' id='par_1_122' title="bbox 1948 4168 3460 4240">
     <span class='ocr_line' id='line_1_122' title="bbox 1948 4168 3460 4240; baseline -0.003 -16"><span class='ocrx_word' id='word_1_981' title='bbox 1948 4168 2116 4226; x_wconf 82' lang='lat' dir='ltr'><strong>minus</strong></span> <span class='ocrx_word' id='word_1_982' title='bbox 2143 4168 2490 4240; x_wconf 72' lang='lat' dir='ltr'><strong>accepturum,</strong></span> <span class='ocrx_word' id='word_1_983' title='bbox 2536 4183 2611 4226; x_wconf 92' lang='lat' dir='ltr'><strong>ter</strong></span> <span class='ocrx_word' id='word_1_984' title='bbox 2647 4168 2796 4240; x_wconf 85' lang='lat' dir='ltr'><strong>virgis</strong></span> <span class='ocrx_word' id='word_1_985' title='bbox 2831 4168 3124 4235; x_wconf 71' lang='lat' dir='ltr'><strong>ctesumiri,</strong></span> <span class='ocrx_word' id='word_1_986' title='bbox 3155 4170 3307 4240; x_wconf 56' lang='lat' dir='ltr'><strong>tentet</strong></span> <span class='ocrx_word' id='word_1_987' title='bbox 3329 4168 3460 4234; x_wconf 84' lang='lat' dir='ltr'><strong>lapi-</strong></span> 
     </span>
    </p>
   </div>
   <div class='ocr_carea' id='block_1_123' title="bbox 1950 4234 3461 4310">
    <p class='ocr_par' dir='ltr' id='par_1_123' title="bbox 1950 4234 3461 4310">
     <span class='ocr_line' id='line_1_123' title="bbox 1950 4234 3461 4310; baseline -0.001 -20"><span class='ocrx_word' id='word_1_988' title='bbox 1950 4244 2126 4293; x_wconf 87' lang='lat' dir='ltr'><strong>datum</strong></span> <span class='ocrx_word' id='word_1_989' title='bbox 2155 4243 2240 4304; x_wconf 89' lang='lat' dir='ltr'><strong>iri,</strong></span> <span class='ocrx_word' id='word_1_990' title='bbox 2262 4234 2319 4294; x_wconf 77' lang='grc' dir='ltr'><strong>ἐι</strong></span> <span class='ocrx_word' id='word_1_991' title='bbox 2353 4245 2455 4294; x_wconf 90' lang='lat' dir='ltr'><strong>alia</strong></span> <span class='ocrx_word' id='word_1_992' title='bbox 2479 4234 3101 4310; x_wconf 78' lang='lat' dir='ltr'><strong>ejusmodiperpessurum</strong></span> <span class='ocrx_word' id='word_1_993' title='bbox 3127 4234 3209 4310; x_wconf 81' lang='lat' dir='ltr'><strong>(Il</strong></span> <span class='ocrx_word' id='word_1_994' title='bbox 3238 4237 3358 4288; x_wconf 78' lang='lat' dir='ltr'><strong>Cor.</strong></span> <span class='ocrx_word' id='word_1_995' title='bbox 3387 4251 3461 4310; x_wconf 69' lang='lat' dir='ltr'><strong>ut,</strong></span> 
     </span>
    </p>
   </div>
   <div class='ocr_carea' id='block_1_124' title="bbox 1948 4307 3460 4382">
    <p class='ocr_par' dir='ltr' id='par_1_124' title="bbox 1948 4307 3460 4382">
     <span class='ocr_line' id='line_1_124' title="bbox 1948 4307 3460 4382; baseline -0.003 -20"><span class='ocrx_word' id='word_1_996' title='bbox 1948 4310 2037 4382; x_wconf 73' lang='grc'><strong>25,</strong></span> <span class='ocrx_word' id='word_1_997' title='bbox 2071 4311 2199 4377; x_wconf 90' lang='lat' dir='ltr'><strong>seq.)</strong></span> <span class='ocrx_word' id='word_1_998' title='bbox 2227 4326 2246 4362; x_wconf 90' lang='lat'><strong><em>:</em></strong></span> <span class='ocrx_word' id='word_1_999' title='bbox 2282 4307 2582 4382; x_wconf 79' lang='lat' dir='ltr'><strong>gloriantem</strong></span> <span class='ocrx_word' id='word_1_1000' title='bbox 2610 4312 2661 4359; x_wconf 91' lang='lat' dir='ltr'><strong>in</strong></span> <span class='ocrx_word' id='word_1_1001' title='bbox 2679 4309 2972 4382; x_wconf 65' lang='lat' dir='ltr'><strong>angustiis,</strong></span> <span class='ocrx_word' id='word_1_1002' title='bbox 2999 4315 3047 4359; x_wconf 90' lang='lat' dir='ltr'><strong>et</strong></span> <span class='ocrx_word' id='word_1_1003' title='bbox 3075 4309 3312 4380; x_wconf 85' lang='lat' dir='ltr'><strong>scientem</strong></span> <span class='ocrx_word' id='word_1_1004' title='bbox 3362 4307 3460 4358; x_wconf 86' lang='lat' dir='ltr'><strong>tri-</strong></span> 
     </span>
    </p>
   </div>
   <div class='ocr_carea' id='block_1_125' title="bbox 1949 4377 3462 4444">
    <p class='ocr_par' dir='ltr' id='par_1_125' title="bbox 1949 4377 3462 4444">
     <span class='ocr_line' id='line_1_125' title="bbox 1949 4377 3462 4444; baseline -0.004 -16"><span class='ocrx_word' id='word_1_1005' title='bbox 1949 4381 2256 4430; x_wconf 76' lang='lat' dir='ltr'><strong>bulationem</strong></span> <span class='ocrx_word' id='word_1_1006' title='bbox 2286 4377 2592 4444; x_wconf 85' lang='lat' dir='ltr'><strong>patientiam</strong></span> <span class='ocrx_word' id='word_1_1007' title='bbox 2630 4377 2817 4444; x_wconf 69' lang='lat' dir='ltr'><strong>eﬂicere</strong></span> <span class='ocrx_word' id='word_1_1008' title='bbox 2839 4415 2854 4438; x_wconf 94' lang='lat'><strong>,</strong></span> <span class='ocrx_word' id='word_1_1009' title='bbox 2904 4377 2966 4427; x_wconf 75' lang='grc' dir='ltr'><strong>εί</strong></span> <span class='ocrx_word' id='word_1_1010' title='bbox 2993 4377 3322 4426; x_wconf 75' lang='lat' dir='ltr'><strong>sustinentem</strong></span> <span class='ocrx_word' id='word_1_1011' title='bbox 3348 4383 3462 4444; x_wconf 67' lang='lat' dir='ltr'><strong>qua!</strong></span> 
     </span>
    </p>
   </div>
   <div class='ocr_carea' id='block_1_126' title="bbox 1946 4442 3463 4512">
    <p class='ocr_par' dir='ltr' id='par_1_126' title="bbox 1946 4442 3463 4512">
     <span class='ocr_line' id='line_1_126' title="bbox 1946 4442 3463 4512; baseline -0.003 -15"><span class='ocrx_word' id='word_1_1012' title='bbox 1946 4446 2126 4509; x_wconf 72' lang='lat' dir='ltr'><strong>futura</strong></span> <span class='ocrx_word' id='word_1_1013' title='bbox 2158 4442 2299 4498; x_wconf 80' lang='lat' dir='ltr'><strong>Deus</strong></span> <span class='ocrx_word' id='word_1_1014' title='bbox 2316 4442 3081 4512; x_wconf 42' lang='lat' dir='ltr'><strong>promoverat,&quot;segregatutmex</strong></span> <span class='ocrx_word' id='word_1_1015' title='bbox 3104 4455 3247 4493; x_wconf 90' lang='lat' dir='ltr'><strong>utero</strong></span> <span class='ocrx_word' id='word_1_1016' title='bbox 3262 4442 3463 4503; x_wconf 69' lang='lat' dir='ltr'><strong>matris,</strong></span> 
     </span>
    </p>
   </div>
   <div class='ocr_carea' id='block_1_127' title="bbox 1948 4508 3463 4580">
    <p class='ocr_par' dir='ltr' id='par_1_127' title="bbox 1948 4508 3463 4580">
     <span class='ocr_line' id='line_1_127' title="bbox 1948 4508 3463 4580; baseline -0.003 -17"><span class='ocrx_word' id='word_1_1017' title='bbox 1948 4508 1994 4564; x_wconf 86' lang='lat' dir='ltr'><strong>et</strong></span> <span class='ocrx_word' id='word_1_1018' title='bbox 2027 4523 2343 4580; x_wconf 87' lang='lat' dir='ltr'><strong>segregatum</strong></span> <span class='ocrx_word' id='word_1_1019' title='bbox 2383 4516 2434 4567; x_wconf 89' lang='lat' dir='ltr'><strong>in</strong></span> <span class='ocrx_word' id='word_1_1020' title='bbox 2468 4508 2948 4580; x_wconf 48' lang='lat' dir='ltr'><strong>Evangelium&#39;llei.</strong></span> <span class='ocrx_word' id='word_1_1021' title='bbox 2979 4508 3261 4580; x_wconf 69' lang='lat' dir='ltr'><strong>Propterett</strong></span> <span class='ocrx_word' id='word_1_1022' title='bbox 3295 4521 3463 4580; x_wconf 77' lang='lat' dir='ltr'><strong>autem</strong></span> 
     </span>
    </p>
   </div>
   <div class='ocr_carea' id='block_1_128' title="bbox 1947 4576 3465 4649">
    <p class='ocr_par' dir='ltr' id='par_1_128' title="bbox 1947 4576 3465 4649">
     <span class='ocr_line' id='line_1_128' title="bbox 1947 4576 3465 4649; baseline -0.004 -17"><span class='ocrx_word' id='word_1_1023' title='bbox 1947 4576 2132 4647; x_wconf 72' lang='lat' dir='ltr'><strong>dignus</strong></span> <span class='ocrx_word' id='word_1_1024' title='bbox 2155 4576 2264 4633; x_wconf 72' lang='lat' dir='ltr'><strong>erat</strong></span> <span class='ocrx_word' id='word_1_1025' title='bbox 2288 4584 2374 4649; x_wconf 88' lang='lat' dir='ltr'><strong>qui</strong></span> <span class='ocrx_word' id='word_1_1026' title='bbox 2403 4576 2751 4649; x_wconf 74' lang='lat' dir='ltr'><strong>segregaretur</strong></span> <span class='ocrx_word' id='word_1_1027' title='bbox 2771 4582 2824 4631; x_wconf 91' lang='lat' dir='ltr'><strong>in</strong></span> <span class='ocrx_word' id='word_1_1028' title='bbox 2853 4578 3184 4646; x_wconf 84' lang='lat' dir='ltr'><strong>Evangelium</strong></span> <span class='ocrx_word' id='word_1_1029' title='bbox 3223 4576 3338 4649; x_wconf 82' lang='lat' dir='ltr'><strong>Dei,</strong></span> <span class='ocrx_word' id='word_1_1030' title='bbox 3365 4586 3465 4627; x_wconf 87' lang='lat' dir='ltr'><strong>non</strong></span> 
     </span>
    </p>
   </div>
   <div class='ocr_carea' id='block_1_129' title="bbox 1949 4644 3460 4715">
    <p class='ocr_par' dir='ltr' id='par_1_129' title="bbox 1949 4644 3460 4715">
     <span class='ocr_line' id='line_1_129' title="bbox 1949 4644 3460 4715; baseline -0.003 -16"><span class='ocrx_word' id='word_1_1031' title='bbox 1949 4644 2152 4715; x_wconf 60' lang='lat' dir='ltr'><strong>propter</strong></span> <span class='ocrx_word' id='word_1_1032' title='bbox 2177 4644 2502 4702; x_wconf 74' lang='lat' dir='ltr'><strong>excellentem</strong></span> <span class='ocrx_word' id='word_1_1033' title='bbox 2527 4644 2752 4713; x_wconf 73' lang='lat' dir='ltr'><strong>aliquam</strong></span> <span class='ocrx_word' id='word_1_1034' title='bbox 2780 4644 3038 4708; x_wconf 82' lang='lat' dir='ltr'><strong>naturam,</strong></span> <span class='ocrx_word' id='word_1_1035' title='bbox 3074 4655 3118 4695; x_wconf 88' lang='lat' dir='ltr'><strong>et</strong></span> <span class='ocrx_word' id='word_1_1036' title='bbox 3145 4660 3260 4715; x_wconf 77' lang='lat' dir='ltr'><strong>qua:</strong></span> <span class='ocrx_word' id='word_1_1037' title='bbox 3286 4644 3357 4692; x_wconf 89' lang='lat' dir='ltr'><strong>ita</strong></span> <span class='ocrx_word' id='word_1_1038' title='bbox 3383 4659 3460 4694; x_wconf 85' lang='lat' dir='ltr'><strong>es-</strong></span> 
     </span>
    </p>
   </div>
   <div class='ocr_carea' id='block_1_130' title="bbox 1949 4714 3460 4784">
    <p class='ocr_par' dir='ltr' id='par_1_130' title="bbox 1949 4714 3460 4784">
     <span class='ocr_line' id='line_1_130' title="bbox 1949 4714 3460 4784; baseline -0.005 -17"><span class='ocrx_word' id='word_1_1039' title='bbox 1949 4726 2023 4769; x_wconf 93' lang='lat' dir='ltr'><strong>set</strong></span> <span class='ocrx_word' id='word_1_1040' title='bbox 2047 4714 2367 4784; x_wconf 83' lang='lat' dir='ltr'><strong>comparata,</strong></span> <span class='ocrx_word' id='word_1_1041' title='bbox 2391 4729 2447 4770; x_wconf 88' lang='lat' dir='ltr'><strong>ut</strong></span> <span class='ocrx_word' id='word_1_1042' title='bbox 2473 4732 2556 4769; x_wconf 92' lang='lat' dir='ltr'><strong>eos</strong></span> <span class='ocrx_word' id='word_1_1043' title='bbox 2583 4717 2670 4783; x_wconf 87' lang='lat' dir='ltr'><strong>qui</strong></span> <span class='ocrx_word' id='word_1_1044' title='bbox 2691 4715 2815 4765; x_wconf 89' lang='lat' dir='ltr'><strong>tales</strong></span> <span class='ocrx_word' id='word_1_1045' title='bbox 2842 4722 3111 4784; x_wconf 75' lang='lat' dir='ltr'><strong>transuat,</strong></span> <span class='ocrx_word' id='word_1_1046' title='bbox 3136 4714 3286 4775; x_wconf 88' lang='lat' dir='ltr'><strong>longe</strong></span> <span class='ocrx_word' id='word_1_1047' title='bbox 3313 4725 3460 4772; x_wconf 85' lang='lat' dir='ltr'><strong>supe-</strong></span> 
     </span>
    </p>
   </div>
   <div class='ocr_carea' id='block_1_131' title="bbox 1952 4782 3464 4851">
    <p class='ocr_par' dir='ltr' id='par_1_131' title="bbox 1952 4782 3464 4851">
     <span class='ocr_line' id='line_1_131' title="bbox 1952 4782 3464 4851; baseline -0.005 -18"><span class='ocrx_word' id='word_1_1048' title='bbox 1952 4795 2084 4836; x_wconf 88' lang='lat' dir='ltr'><strong>raret</strong></span> <span class='ocrx_word' id='word_1_1049' title='bbox 2109 4799 2127 4834; x_wconf 90' lang='lat'><strong><em>:</em></strong></span> <span class='ocrx_word' id='word_1_1050' title='bbox 2157 4782 2244 4837; x_wconf 84' lang='lat' dir='ltr'><strong>sed</strong></span> <span class='ocrx_word' id='word_1_1051' title='bbox 2295 4788 2354 4838; x_wconf 90' lang='lat' dir='ltr'><strong>ob</strong></span> <span class='ocrx_word' id='word_1_1052' title='bbox 2393 4782 2659 4851; x_wconf 76' lang='lat' dir='ltr'><strong>prtescitas</strong></span> <span class='ocrx_word' id='word_1_1053' title='bbox 2683 4784 2820 4851; x_wconf 88' lang='lat' dir='ltr'><strong>prius</strong></span> <span class='ocrx_word' id='word_1_1054' title='bbox 2858 4782 3102 4851; x_wconf 77' lang='lat' dir='ltr'><strong>actiones,</strong></span> <span class='ocrx_word' id='word_1_1055' title='bbox 3126 4792 3251 4851; x_wconf 74' lang='lat' dir='ltr'><strong>qua:</strong></span> <span class='ocrx_word' id='word_1_1056' title='bbox 3296 4787 3464 4851; x_wconf 65' lang='lat' dir='ltr'><strong>postea</strong></span> 
     </span>
    </p>
   </div>
   <div class='ocr_carea' id='block_1_132' title="bbox 1951 4840 3462 4919">
    <p class='ocr_par' dir='ltr' id='par_1_132' title="bbox 1951 4840 3462 4919">
     <span class='ocr_line' id='line_1_132' title="bbox 1951 4840 3462 4919; baseline -0.008 -15"><span class='ocrx_word' id='word_1_1057' title='bbox 1951 4851 2102 4919; x_wconf 68' lang='lat' dir='ltr'><strong>[acus</strong></span> <span class='ocrx_word' id='word_1_1058' title='bbox 2125 4863 2242 4905; x_wconf 89' lang='lat' dir='ltr'><strong>sunt</strong></span> <span class='ocrx_word' id='word_1_1059' title='bbox 2267 4869 2330 4906; x_wconf 76' lang='lat' dir='ltr'><strong>ea:</strong></span> <span class='ocrx_word' id='word_1_1060' title='bbox 2360 4840 2639 4919; x_wconf 67' lang='lat' dir='ltr'><strong>apostolica</strong></span> <span class='ocrx_word' id='word_1_1061' title='bbox 2653 4840 2876 4914; x_wconf 82' lang='lat' dir='ltr'><strong>quadam</strong></span> <span class='ocrx_word' id='word_1_1062' title='bbox 2895 4840 3250 4919; x_wconf 70' lang='lat' dir='ltr'><strong>institutione.</strong></span> <span class='ocrx_word' id='word_1_1063' title='bbox 3287 4840 3462 4919; x_wconf 74' lang='lat' dir='ltr'><strong>Neque</strong></span> 
     </span>
    </p>
   </div>
   <div class='ocr_carea' id='block_1_133' title="bbox 1944 4913 3465 4985">
    <p class='ocr_par' dir='ltr' id='par_1_133' title="bbox 1944 4913 3465 4985">
     <span class='ocr_line' id='line_1_133' title="bbox 1944 4913 3465 4985; baseline -0.007 -15"><span class='ocrx_word' id='word_1_1064' title='bbox 1944 4913 2058 4985; x_wconf 66' lang='lat' dir='ltr'><strong>3am</strong></span> <span class='ocrx_word' id='word_1_1065' title='bbox 2110 4920 2306 4972; x_wconf 81' lang='lat' dir='ltr'><strong>Psalmi</strong></span> <span class='ocrx_word' id='word_1_1066' title='bbox 2347 4913 2543 4972; x_wconf 80' lang='lat' dir='ltr'><strong>dictum</strong></span> <span class='ocrx_word' id='word_1_1067' title='bbox 2577 4913 2905 4980; x_wconf 85' lang='lat' dir='ltr'><strong>interpretari</strong></span> <span class='ocrx_word' id='word_1_1068' title='bbox 2940 4913 3285 4985; x_wconf 78' lang='lat' dir='ltr'><strong>tempestivum</strong></span> <span class='ocrx_word' id='word_1_1069' title='bbox 3317 4913 3415 4985; x_wconf 71' lang='lat' dir='ltr'><strong>fuit</strong></span> <span class='ocrx_word' id='word_1_1070' title='bbox 3447 4918 3465 4970; x_wconf 67' lang='grc' dir='ltr'><em>ε</em></span> 
     </span>
    </p>
   </div>
   <div class='ocr_carea' id='block_1_134' title="bbox 1953 4977 3466 5052">
    <p class='ocr_par' dir='ltr' id='par_1_134' title="bbox 1953 4977 3466 5052">
     <span class='ocr_line' id='line_1_134' title="bbox 1953 4977 3466 5052; baseline -0.007 -13"><span class='ocrx_word' id='word_1_1071' title='bbox 1953 4977 2060 5040; x_wconf 79' lang='lat' dir='ltr'><strong>erat</strong></span> <span class='ocrx_word' id='word_1_1072' title='bbox 2089 4991 2223 5040; x_wconf 88' lang='lat' dir='ltr'><strong>enim</strong></span> <span class='ocrx_word' id='word_1_1073' title='bbox 2246 4998 2388 5040; x_wconf 71' lang='lat' dir='ltr'><strong>extra</strong></span> <span class='ocrx_word' id='word_1_1074' title='bbox 2418 4977 2763 5052; x_wconf 70' lang='lat' dir='ltr'><strong>propositum;</strong></span> <span class='ocrx_word' id='word_1_1075' title='bbox 2791 4997 2945 5052; x_wconf 83' lang='lat' dir='ltr'><strong>quare</strong></span> <span class='ocrx_word' id='word_1_1076' title='bbox 2971 4978 3333 5052; x_wconf 29' lang='lat' dir='ltr'><strong>propr-ioiloco,</strong></span> <span class='ocrx_word' id='word_1_1077' title='bbox 3364 4977 3466 5029; x_wconf 84' lang='lat' dir='ltr'><strong>Deo</strong></span> 
     </span>
    </p>
   </div>
   <div class='ocr_carea' id='block_1_135' title="bbox 1953 5045 3462 5121">
    <p class='ocr_par' dir='ltr' id='par_1_135' title="bbox 1953 5045 3462 5121">
     <span class='ocr_line' id='line_1_135' title="bbox 1953 5045 3462 5121; baseline -0.007 -15"><span class='ocrx_word' id='word_1_1078' title='bbox 1953 5057 2123 5116; x_wconf 86' lang='lat' dir='ltr'><strong>dante,</strong></span> <span class='ocrx_word' id='word_1_1079' title='bbox 2175 5045 2550 5121; x_wconf 69' lang='lat' dir='ltr'><strong>explicabitur,</strong></span> <span class='ocrx_word' id='word_1_1080' title='bbox 2591 5067 2704 5121; x_wconf 87' lang='lat' dir='ltr'><strong>cum</strong></span> <span class='ocrx_word' id='word_1_1081' title='bbox 2742 5045 3000 5121; x_wconf 63' lang='lat' dir='ltr'><strong>[fsalmum</strong></span> <span class='ocrx_word' id='word_1_1082' title='bbox 3054 5045 3462 5121; x_wconf 81' lang='lat' dir='ltr'><strong>edidisseremus.</strong></span> 
     </span>
    </p>
   </div>
   <div class='ocr_carea' id='block_1_136' title="bbox 1955 5119 3469 5187">
    <p class='ocr_par' dir='ltr' id='par_1_136' title="bbox 1955 5119 3469 5187">
     <span class='ocr_line' id='line_1_136' title="bbox 1955 5119 3469 5187; baseline -0.007 -12"><span class='ocrx_word' id='word_1_1083' title='bbox 1955 5123 2053 5175; x_wconf 90' lang='lat' dir='ltr'><strong>Sed</strong></span> <span class='ocrx_word' id='word_1_1084' title='bbox 2082 5129 2189 5176; x_wconf 77' lang='lat' dir='ltr'><strong>lucc</strong></span> <span class='ocrx_word' id='word_1_1085' title='bbox 2214 5119 2461 5187; x_wconf 84' lang='lat' dir='ltr'><strong>copiosius</strong></span> <span class='ocrx_word' id='word_1_1086' title='bbox 2495 5123 2549 5172; x_wconf 89' lang='lat' dir='ltr'><strong>in</strong></span> <span class='ocrx_word' id='word_1_1087' title='bbox 2574 5120 2724 5181; x_wconf 90' lang='lat' dir='ltr'><strong>illud,</strong></span> <span class='ocrx_word' id='word_1_1088' title='bbox 2753 5119 3087 5185; x_wconf 80' lang='lat' dir='ltr'><strong>Segregatus,</strong></span> <span class='ocrx_word' id='word_1_1089' title='bbox 3118 5120 3215 5164; x_wconf 79' lang='lat' dir='ltr'><strong>etc.</strong></span> <span class='ocrx_word' id='word_1_1090' title='bbox 3238 5150 3253 5174; x_wconf 87' lang='lat'><strong>,</strong></span> <span class='ocrx_word' id='word_1_1091' title='bbox 3287 5119 3469 5179; x_wconf 64' lang='grc' dir='ltr'><strong>αιεμιιι</strong></span> 
     </span>
    </p>
   </div>
   <div class='ocr_carea' id='block_1_137' title="bbox 1954 5193 2356 5260">
    <p class='ocr_par' dir='ltr' id='par_1_137' title="bbox 1954 5193 2356 5260">
     <span class='ocr_line' id='line_1_137' title="bbox 1954 5193 2356 5260; baseline -0.007 -18"><span class='ocrx_word' id='word_1_1092' title='bbox 1954 5203 2062 5243; x_wconf 84' lang='lat' dir='ltr'><strong>tota</strong></span> <span class='ocrx_word' id='word_1_1093' title='bbox 2090 5193 2356 5260; x_wconf 73' lang='lat' dir='ltr'><strong>sufficiant.</strong></span> 
     </span>
    </p>
   </div>
   <div class='ocr_carea' id='block_1_138' title="bbox 2023 5249 3272 5327">
    <p class='ocr_par' dir='ltr' id='par_1_138' title="bbox 2023 5249 3272 5327">
     <span class='ocr_line' id='line_1_138' title="bbox 2023 5249 3272 5327; baseline -0.012 -15"><span class='ocrx_word' id='word_1_1094' title='bbox 2023 5261 2130 5327; x_wconf 77' lang='grc'><strong>(10)</strong></span> <span class='ocrx_word' id='word_1_1095' title='bbox 2150 5249 2238 5310; x_wconf 69' lang='grc' dir='ltr'><strong>Ἅι.</strong></span> <span class='ocrx_word' id='word_1_1096' title='bbox 2263 5295 2277 5318; x_wconf 91' lang='grc'><em>,</em></span> <span class='ocrx_word' id='word_1_1097' title='bbox 2306 5255 2645 5327; x_wconf 67' lang='lat' dir='ltr'><strong>praedicaret;</strong></span> <span class='ocrx_word' id='word_1_1098' title='bbox 2678 5255 2749 5306; x_wconf 87' lang='lat' dir='ltr'><strong>al.</strong></span> <span class='ocrx_word' id='word_1_1099' title='bbox 2777 5292 2792 5314; x_wconf 93' lang='lat'><strong>,</strong></span> <span class='ocrx_word' id='word_1_1100' title='bbox 2822 5249 3195 5327; x_wconf 54' lang='lat' dir='ltr'><strong>praedicauerit.</strong></span> <span class='ocrx_word' id='word_1_1101' title='bbox 3232 5319 3240 5327; x_wconf 36' lang='lat'><strong><em>.</em></strong></span> <span class='ocrx_word' id='word_1_1102' title='bbox 3265 5307 3272 5326; x_wconf 39' lang='grc' dir='ltr'><strong>Ξ</strong></span> 
     </span>
    </p>
   </div>
   <div class='ocr_carea' id='block_1_139' title="bbox 2024 5310 3474 5396">
    <p class='ocr_par' dir='ltr' id='par_1_139' title="bbox 2024 5310 3474 5396">
     <span class='ocr_line' id='line_1_139' title="bbox 2024 5310 3474 5396; baseline -0.006 -19"><span class='ocrx_word' id='word_1_1103' title='bbox 2024 5310 2136 5396; x_wconf 57' lang='lat' dir='ltr'><strong>iit}</strong></span> <span class='ocrx_word' id='word_1_1104' title='bbox 2170 5310 2416 5396; x_wconf 47' lang='lat' dir='ltr'><strong>Sic&#39;mss.</strong></span> <span class='ocrx_word' id='word_1_1105' title='bbox 2461 5323 2595 5374; x_wconf 82' lang='lat' dir='ltr'><strong>Editi</strong></span> <span class='ocrx_word' id='word_1_1106' title='bbox 2628 5310 2751 5376; x_wconf 75' lang='lat' dir='ltr'><strong>vero</strong></span> <span class='ocrx_word' id='word_1_1107' title='bbox 2779 5310 2795 5374; x_wconf 69' lang='grc' dir='ltr'>ξ</span> <span class='ocrx_word' id='word_1_1108' title='bbox 2822 5310 2960 5372; x_wconf 75' lang='grc' dir='ltr'><em>Ἰιωε</em></span> <span class='ocrx_word' id='word_1_1109' title='bbox 2982 5332 3119 5383; x_wconf 79' lang='lat' dir='ltr'><strong>ergo,</strong></span> <span class='ocrx_word' id='word_1_1110' title='bbox 3151 5325 3199 5369; x_wconf 86' lang='lat' dir='ltr'><strong>st</strong></span> <span class='ocrx_word' id='word_1_1111' title='bbox 3223 5310 3304 5369; x_wconf 81' lang='lat' dir='ltr'><strong>liis</strong></span> <span class='ocrx_word' id='word_1_1112' title='bbox 3328 5310 3474 5374; x_wconf 68' lang='lat' dir='ltr'><strong>simi:</strong></span> 
     </span>
    </p>
   </div>
   <div class='ocr_carea' id='block_1_140' title="bbox 1958 5391 2600 5455">
    <p class='ocr_par' dir='ltr' id='par_1_140' title="bbox 1958 5391 2600 5455">
     <span class='ocr_line' id='line_1_140' title="bbox 1958 5391 2600 5455; baseline -0.003 -11"><span class='ocrx_word' id='word_1_1113' title='bbox 1958 5391 2048 5455; x_wconf 75' lang='lat' dir='ltr'><strong>lia,</strong></span> <span class='ocrx_word' id='word_1_1114' title='bbox 2080 5391 2126 5446; x_wconf 81' lang='lat' dir='ltr'><strong>et</strong></span> <span class='ocrx_word' id='word_1_1115' title='bbox 2149 5394 2252 5443; x_wconf 87' lang='lat' dir='ltr'><strong>alia</strong></span> <span class='ocrx_word' id='word_1_1116' title='bbox 2290 5391 2474 5450; x_wconf 86' lang='lat' dir='ltr'><strong>multa,</strong></span> <span class='ocrx_word' id='word_1_1117' title='bbox 2498 5402 2600 5446; x_wconf 87' lang='lat' dir='ltr'><strong>etc.</strong></span> 
     </span>
    </p>
   </div>
   <div class='ocr_carea' id='block_1_141' title="bbox 2029 5461 2594 5533">
    <p class='ocr_par' dir='ltr' id='par_1_141' title="bbox 2029 5461 2594 5533">
     <span class='ocr_line' id='line_1_141' title="bbox 2029 5461 2594 5533; baseline -0.005 -18"><span class='ocrx_word' id='word_1_1118' title='bbox 2029 5464 2134 5533; x_wconf 71' lang='lat' dir='ltr'><strong>(l2)</strong></span> <span class='ocrx_word' id='word_1_1119' title='bbox 2167 5461 2324 5523; x_wconf 84' lang='lat' dir='ltr'><strong>Editi,</strong></span> <span class='ocrx_word' id='word_1_1120' title='bbox 2357 5469 2594 5512; x_wconf 77' lang='lat' dir='ltr'><strong>cessaret.</strong></span> 
     </span>
    </p>
   </div>
   <div class='ocr_carea' id='block_1_142' title="bbox 2819 5575 2850 5612">
    <p class='ocr_par' dir='ltr' id='par_1_142' title="bbox 2819 5575 2850 5612">
     <span class='ocr_line' id='line_1_142' title="bbox 2819 5575 2850 5612; baseline 0 0"><span class='ocrx_word' id='word_1_1121' title='bbox 2819 5575 2850 5612; x_wconf 65' lang='lat'><strong>1‘!</strong></span> 
     </span>
    </p>
   </div>
  </div>
