3836 6200
344 315 447 371 849

1282 317 1624 384 ΩΟΜΜἝΝΤ.
1660 328 1726 383 ΙΝ
1757 330 1971 386 EPIST.
2011 333 2101 385 AD
2138 332 2299 389 ROM.
2339 333 2465 389 LIB.
2505 336 2544 392 1.

3400 344 3505 397 850

340 444 443 481 non
474 426 618 480 dicit
654 449 666 481 :
701 431 807 494 Qui
834 438 1220 501 prtedeatinatus
1244 453 1316 492 est
1358 441 1523 497 Filius
1557 444 1653 499 Dei
1680 448 1734 499 in
1772 447 1876 499 rir-
1905 450 1952 509 Α
1979 426 2166 513 spiritu
2189 449 2626 503 sanctiﬁcationis
2647 450 2730 503 vel
2754 451 2947 505 divina:
2970 454 3182 508 virtutis
3200 456 3495 511 substantia

335 528 446 568 tute
483 520 772 571 secundum
807 526 1049 590 spiritum
1083 530 1500 595 sanctiﬁcationis
1533 536 1606 588 ηε
1638 536 1752 599 sed,
1775 535 1876 600 Qui

333 605 633 657 destinatus
659 618 732 658 est
758 606 937 663 Filius
972 611 1066 665 Dei
1090 612 1222 682 (25).
1252 614 1316 669 Et
1346 633 1495 671 nemo
1516 629 1664 687 putet
1687 634 1781 673 nos
1810 621 1875 674 de

330 696 438 747 hoc
461 708 717 750 sermone
750 700 1018 756 curiosius
1050 719 1207 772 quam
1256 721 1341 760 res
1386 708 1598 775 patitur,
1632 723 1874 777 perscru-

331 785 466 837 tari.
518 783 778 849 Quamvis
811 791 952 843 enim
1000 794 1052 846 in
1103 794 1303 848 Latinis
1349 798 1732 866 exemplaribus
1761 801 1871 868 (24)

326 875 743 940 ρηεάεδιίιιαῑυι
768 879 937 932 soleat
959 882 1205 945 inveniri,
1231 894 1403 939 tamen
1426 889 1709 941 secundum
1732 892 1873 958 quod

323 964 815 1030 Interpretationis
860 968 1056 1022 veritas
1089 971 1263 1034 hahet,
1309 973 1587 1027 destinatus
1621 976 1870 1044 scriptum

321 1057 432 1111 est,
482 1065 591 1102 non
623 1054 1046 1117 prwdestinatus.
1100 1057 1401 1113 Destinatnr
1458 1063 1597 1114 enim
1645 1062 1732 1117 ille
1780 1066 1869 1131 qui

316 1148 431 1199 est,
466 1142 884 1206 prwdestinalttr
915 1159 1041 1197 vero
1068 1145 1155 1199 ille
1194 1150 1283 1215 qui
1328 1151 1557 1203 nondum
1602 1161 1704 1215 est,
1733 1153 1870 1207 sicut

319 1228 375 1280 hi
412 1233 481 1280 de
514 1232 709 1298 quibus
735 1231 846 1302 (25)
889 1234 1016 1287 dicit
1053 1237 1336 1304 Apostolus
1375 1239 1414 1270 ⁸⁷
1461 1259 1472 1292 :
1521 1240 1660 1304 Quos
1698 1253 1867 1295 autem

315 1325 612 1388 pra-scivit,
649 1310 779 1376 illos
821 1336 869 1377 et
916 1329 1317 1393 prwdestinavit.
1363 1332 1604 1387 Praesciri
1642 1350 1769 1404 ergo
1814 1346 1867 1390 et

316 1415 709 1480 prmdestiuari
745 1428 964 1485 possunt
989 1418 1063 1471 illi
1092 1421 1181 1487 qui
1207 1423 1441 1475 nondum
1472 1435 1634 1489 sunt;
1664 1426 1751 1480 ille
1773 1440 1866 1480 au-

318 1515 434 1556 tem
465 1506 559 1572 qui
592 1515 697 1570 est,
726 1518 776 1560 et
802 1522 1013 1576 semper
1043 1520 1144 1573 est,
1174 1525 1278 1564 non
1318 1515 1743 1581 praadestinatur,
1774 1519 1865 1572 sed

312 1594 650 1650 destinatur.
688 1598 809 1651 Haec
844 1600 984 1653 dicta
1026 1602 1134 1654 siut
1160 1616 1188 1653 a
1225 1604 1376 1656 nobis
1422 1614 1633 1672 propter
1655 1621 1747 1660 eos
1772 1608 1860 1673 qui

311 1684 368 1735 in
403 1685 747 1751 unigenitum
778 1689 967 1744 Filium
1000 1690 1091 1744 Dei
1119 1692 1444 1759 impietatem
1474 1694 1777 1763 loquuntur,
1808 1706 1860 1750 et

1978 535 2323 599 nominatur;
2373 537 2436 588 de
2487 550 2587 603 qua
2624 537 2748 590 alibi
2783 540 2898 606 ipse
2936 538 3178 595 Salvator
3202 544 3350 606 dicit,
3375 545 3495 609 quia

1974 624 2136 676 tristis
2166 634 2238 676 est
2261 627 2436 676 anima
2465 642 2578 677 mea
2602 643 2757 693 usque
2780 629 2845 678 ad
2878 631 3187 691 mortem“;
3214 643 3265 683 et
3292 651 3306 685 :
3343 634 3496 685 Nunc

1975 710 2148 761 anima
2172 726 2283 761 utea
2313 710 2524 763 turbata
2551 725 2623 765 est
2647 714 2688 743 "
2715 731 2727 767 :
2755 729 2913 782 quant
2942 727 2995 768 et
3025 733 3053 767 a
3080 721 3363 785 semetipso
3403 716 3509 787 po;

1971 798 2098 860 Sitit,
2133 797 2241 851 imo
2265 812 2381 865 quin
2410 797 2521 866 (29)
2562 815 2730 868 usque
2780 805 2844 854 ad
2888 804 3152 857 infernum
3202 809 3494 870 descendit,

1978 887 2041 939 de
2070 902 2170 954 qua
2202 897 2256 939 et
2292 888 2525 942 dicitur:
2558 887 2679 941 Non
2715 891 3034 961 derelinquas
3071 897 3295 949 animam
3331 913 3495 950 meam

1971 975 2026 1026 in
2056 974 2260 1043 inferno
2286 976 2351 1030 ”.
2383 976 2597 1030 Certum
2628 986 2708 1029 est
2728 978 2869 1030 enim
2896 980 3016 1046 quia
3044 982 3153 1036 haec
3184 998 3284 1035 non
3316 986 3379 1038 de
3412 998 3496 1037 seu

1969 1066 2112 1119 utine
2158 1064 2320 1118 David
2371 1075 2623 1134 generata
2677 1066 2767 1119 sit.
2820 1066 2958 1121 Dicit
2993 1072 3132 1123 enim
3182 1072 3304 1138 quia
3354 1076 3491 1141 quod

1971 1155 2166 1205 factum
2217 1164 2297 1207 est
2345 1169 2411 1206 ex
2457 1156 2658 1208 semine
2706 1154 2894 1218 David,
2943 1158 3227 1210 secundum
3277 1174 3489 1212 carnem

1965 1255 2046 1298 est
2068 1244 2134 1299 “.
2164 1244 2297 1309 Quia
2351 1260 2478 1314 ergo
2508 1260 2678 1312 neque
2707 1246 2759 1299 in
2790 1259 2856 1300 eo
2879 1248 3018 1314 quod
3058 1249 3345 1301 secundum
3371 1265 3492 1302 Car-

1966 1348 2084 1386 nem
2111 1344 2212 1397 est,
2234 1334 2436 1387 videtur
2460 1337 2818 1400 annumerari,
2846 1350 3015 1402 neque
3038 1336 3087 1387 in
3117 1351 3180 1388 eo
3210 1338 3297 1390 ubi
3330 1339 3489 1393 desti-

1966 1432 2119 1475 natur
2138 1422 2249 1492 (50)
2272 1423 2443 1477 Filius
2495 1419 2587 1477 Dei
2614 1423 2667 1476 in
2696 1424 2890 1477 virtute
2932 1426 3218 1478 secundum
3245 1427 3485 1493 spiritum

1963 1513 2403 1569 sanctilicationis
2448 1515 2523 1579 ’⁵,
2574 1524 2701 1584 puto
2767 1516 2906 1582 quod
2966 1518 3343 1570 consuetudine
3390 1533 3485 1571 sua

1963 1604 2252 1666 Apostolus
2280 1612 2457 1657 utatur
2482 1606 2647 1660 etiam
2677 1606 2729 1658 in
2760 1604 2858 1658 hoc
2880 1605 3014 1669 loco,
3045 1606 3218 1660 sciens
3259 1607 3484 1660 mediam

1961 1706 2169 1759 semper
2203 1707 2320 1746 esse
2352 1696 2586 1747 animam
2616 1695 2757 1747 inter
2785 1695 3029 1762 spiritum
3064 1705 3120 1748 et
3155 1711 3390 1760 carnem,
3431 1707 3486 1750 et

310 1773 640 1840 ignorantes
686 1778 1041 1835 diﬁ'erentiam
1094 1782 1342 1836 destinati
1380 1793 1434 1837 et
1483 1787 1858 1852 praedestinati,
1891 1776 1933 1829 Β
1961 1782 2300 1852 ευιὶιιιιεθνθ
2323 1800 2382 1838 δε
2408 1786 2579 1849 carni»
2611 1795 2664 1838 ει
2685 1783 2817 1838 θωπί
2841 1800 3000 1837 unum
3026 1801 3142 1839 cum
3169 1801 3362 1849 carne;
3391 1798 3483 1840 θυι

307 1872 652 1930 putauteum
702 1868 843 1921 inter
896 1884 989 1924 eos
1033 1871 1146 1939 qui,
1188 1888 1306 1924 cum
1345 1881 1467 1927 ante
1500 1890 1601 1927 non
1640 1874 1856 1941 fuerint,

307 1951 694 2020 praedestinati
741 1967 865 2011 sunt
915 1968 973 2009 ut
1025 1968 1225 2020 essent,
1278 1964 1659 2016 numerandum
1705 1983 1718 2018 :
1768 1967 1856 2033 qui

304 2055 594 2109 nunquam
615 2046 1030 2113 praedestinatus
1051 2056 1133 2101 est
1158 2057 1216 2100 ut
1237 2061 1378 2102 CSsel
1402 2049 1586 2115 Filius,
1615 2056 1705 2107 sed
1725 2070 1859 2108 sem-

304 2146 414 2197 per
446 2132 547 2184 luit
579 2143 633 2186 et
667 2144 748 2188 est
775 2136 885 2205 (26)
922 2139 1060 2190 sicut
1094 2148 1149 2192 et
1183 2138 1360 2193 Pater.
1407 2142 1504 2206 Qui
1551 2158 1677 2211 ergo
1719 2160 1855 2199 sem-

299 2238 410 2288 per
438 2236 544 2289 est,
571 2226 895 2289 destinatur,
920 2238 975 2281 ut
998 2229 1247 2294 diximus,
1282 2247 1383 2284 non
1410 2235 1851 2301 praedestinatum

296 2315 401 2382 qui
428 2324 609 2370 autem
646 2316 1083 2384 praedestinatur,
1138 2321 1367 2373 nondum
1413 2331 1527 2374 erat
1568 2332 1691 2376 tunc
1730 2340 1849 2379 cum

298 2404 812 2468 prmdestinaretnr,
842 2406 935 2458 sed
970 2409 1139 2476 capit
1169 2425 1236 2463 ex
1266 2420 1518 2477 tempore.
1545 2411 1848 2467 Necessaria

298 2493 475 2560 igitur
529 2494 876 2549 distinctione
927 2497 1214 2563 Apostolus
1260 2501 1446 2564 utitur,
1499 2517 1617 2555 eum
1660 2505 1752 2572 qui
1783 2521 1848 2558 ex

296 2583 516 2636 semine
538 2581 711 2637 David
733 2586 1023 2640 secundum
1048 2602 1264 2642 carnem
1288 2598 1391 2655 est,
1414 2590 1611 2644 factum
1633 2596 1843 2659 dicens;

294 2687 428 2726 eum
473 2688 602 2728 vero
645 2690 803 2743 quem
851 2677 1041 2731 Filium
1093 2679 1187 2732 Dei
1230 2682 1284 2732 in
1337 2682 1522 2735 virtute
1568 2686 1844 2738 secundum

295 2764 549 2828 spiritum
593 2766 1034 2833 sanctiﬁcationis
1088 2770 1130 2799 ¹⁸
1180 2770 1444 2835 nominat,
1505 2773 1840 2828 deSIiuatum.

295 2854 513 2908 Etenim
542 2871 668 2910 cum
698 2857 921 2911 dixisset
949 2855 1144 2910 Filium
1186 2857 1304 2923 Dei,
1332 2874 1435 2913 non
1461 2861 1728 2929 superﬂuo
1757 2865 1846 2917 ad-

294 2944 458 3009 didit,
491 2946 545 2998 in
580 2946 784 3009 virtute,
806 2946 1045 3000 indicans
1072 2948 1275 3014 perboc
1289 2950 1425 3015 quod
1443 2951 1736 3006 substantia
1762 2954 1844 3008 Fi-

296 3033 407 3086 lius
432 3033 505 3087 sit
529 3035 821 3088 secundum
848 3035 1089 3102 spiritum
1117 3036 1572 3093 sanctiﬁcationis.
1599 3042 1839 3099 Christus

289 3122 466 3192 466
489 3122 635 3183 enim
683 3120 778 3173 Dei
830 3122 1000 3174 virtus
1046 3132 1098 3174 et
1141 3121 1232 3174 Dei
1262 3122 1521 3189 sapientia
1549 3125 1747 3180 dicitur
1774 3129 1837 3192 ",

290 3213 387 3279 qui
420 3222 475 3264 et
502 3226 672 3279 vapor
716 3212 927 3264 virtutis
970 3211 1082 3275 Dei,
1114 3221 1168 3263 et
1197 3214 1425 3266 tuanatio
1454 3215 1632 3280 gloriae
1658 3215 1842 3269 Omni-

294 3303 533 3370 potentis
575 3301 891 3368 puriSsima,
941 3312 994 3353 et
1037 3300 1284 3367 splendor
1322 3302 1454 3355 lucis
1503 3312 1734 3367 retentae,
1784 3318 1840 3359 et

294 3395 479 3462 imago
517 3394 785 3447 bonitatis
816 3392 909 3445 Dei
939 3391 1236 3459 appellatur
1260 3394 1324 3445 ’°.
1352 3393 1461 3461 (27)
1487 3392 1588 3447 Sed
1620 3396 1838 3463 requiri-

293 3491 410 3545 tur,
444 3484 487 3536 si
517 3484 568 3536 id
600 3482 744 3551 quod
783 3481 848 3535 de
872 3481 1078 3534 semine
1110 3478 1274 3531 David
1308 3483 1547 3535 nascitur
1575 3482 1711 3551 (28).
1753 3498 1840 3537 se-

293 3572 537 3624 cundum
569 3585 788 3625 carnem
823 3579 928 3633 est,
958 3570 1100 3635 quod
1128 3582 1253 3621 vero
1283 3569 1336 3622 in
1369 3572 1564 3625 virtute
1605 3573 1841 3627 destina-

292 3669 385 3714 tur
414 3661 714 3715 secundum
756 3658 1006 3727 spiritum
1047 3659 1508 3724 sanctiﬁcationis,
1543 3658 1708 3715 Filius
1749 3663 1839 3718 Dei

290 3761 348 3806 et
374 3751 429 3803 in
464 3749 769 3804 substantia
805 3749 897 3802 Dei
931 3759 1034 3811 est,
1060 3750 1322 3819 quomodo
1358 3752 1725 3819 accipiendum
1757 3762 1841 3807 est

294 3843 358 3895 de
398 3841 576 3893 anima
609 3838 761 3901 Jesu,
795 3854 913 3907 quae
952 3841 1036 3894 hic
1075 3858 1406 3910 nequaquam
1441 3857 1560 3895 cum
1606 3856 1766 3895 carne
1787 3854 1841 3898 et

403 3928 446 3959 ¹⁶
468 3928 626 3979 Rom.
657 3944 691 3991 I,
721 3927 773 3980 4.
852 3930 892 3959 ¹⁷
922 3928 1077 3982 Rom.
1107 3946 1222 3994 vttt,
1247 3932 1335 3982 29.

462 4000 515 4067 ⁹²Α
543 3996 696 4050 Joan.
720 4012 811 4067 xtt,
839 3997 934 4067 27.
970 3999 1044 4067 Α¹³
1068 3998 1203 4050 l’sal.
1232 4015 1318 4062 xv,
1348 4000 1429 4052 li).
1508 3999 1552 4029 “
1574 3998 1727 4054 Ιὶοιιιο
1754 4016 1793 4067 1,
1816 4002 1868 4056 3-

853 4067 896 4096 ”
919 4065 935 4117 l
955 4065 1073 4120 Cor.
1098 4083 1134 4130 ι,
1155 4067 1242 4121 50.

292 3996 385 4050 58.

292 4067 338 4097 ³⁸
366 4064 560 4118 Matth.
590 4064 774 4127 xtx,6.

1960 1873 2165 1926 sociare
2196 1888 2256 1927 se
2285 1874 2521 1942 spiritui,
2557 1884 2611 1927 et
2640 1890 2761 1930 esse
2794 1893 2956 1930 unum
2983 1890 3102 1929 cum
3133 1877 3320 1945 spiritu
3361 1889 3377 1928 :
3413 1890 3478 1930 ex

1956 1975 2083 2027 quo,
2129 1963 2172 2015 si
2212 1963 2424 2027 quidem
2477 1979 2593 2016 cum
2646 1982 2808 2022 carne
2837 1968 2925 2029 sit,
2965 1967 3202 2019 carnales
3239 1966 3481 2020 homines

1957 2050 2128 2113 ﬁant;
2175 2052 2217 2103 si
2266 2065 2395 2105 vero
2430 2066 2550 2105 cum
2586 2056 2797 2121 spiritu,
2836 2055 3119 2123 spiritales.
3176 2056 3240 2107 Et
3279 2055 3478 2111 idcirco

1954 2138 2286 2193 extrinsecus
2308 2154 2423 2191 eam
2462 2155 2563 2192 non
2593 2142 2852 2200 nominat,
2877 2144 2968 2195 sed
3000 2158 3215 2197 carnem
3250 2152 3472 2202 tantum.

1955 2226 2038 2276 vel
2089 2227 2379 2293 spiritum;
2416 2229 2517 2281 scit
2566 2229 2710 2282 enim
2749 2228 2902 2282 alteri
2944 2232 3128 2284 horum
3173 2233 3475 2286 necessario

1954 2315 2184 2369 animam
2218 2317 2510 2382 cohaerere,
2543 2317 2681 2372 sicut
2719 2328 2772 2371 et
2817 2321 2868 2373 in
2903 2320 2986 2373 his
3018 2321 3084 2373 ad
3127 2334 3259 2387 quos
3302 2321 3456 2377 dicit:

1960 2402 2062 2456 Vos
2085 2413 2256 2455 autem
2296 2405 2351 2456 in
2382 2422 2536 2471 cqrne
2564 2421 2668 2459 non
2697 2408 2834 2471 estis,
2857 2410 2943 2460 sed
2974 2410 3026 2460 in
3057 2409 3241 2475 spiritu
3268 2409 3311 2440 "
3335 2425 3351 2473 ;
3376 2418 3471 2464 et:

1952 2494 2054 2557 Qui
2082 2510 2135 2546 se
2161 2494 2337 2562 jungit
2371 2496 2649 2561 meretrici,
2678 2512 2831 2549 unum
2862 2513 3049 2565 corpus
3092 2507 3166 2551 est
3207 2498 3472 2569 (meretri-

1949 2598 2062 2637 cem
2093 2584 2179 2636 hic
2207 2599 2424 2638 carnem
2467 2586 2550 2637 vel
2596 2601 2788 2652 corpus
2836 2590 3072 2655 vocans),
3098 2589 3186 2656 qui
3217 2598 3387 2641 autem
3418 2605 3475 2643 se

1938 2675 2113 2742 jungit
2141 2673 2383 2737 Domino,
2430 2692 2560 2728 unus
2599 2678 2809 2743 spiritus
2853 2689 2930 2730 est
2958 2679 3023 2731 ³⁷.
3054 2679 3130 2731 lla
3156 2694 3280 2747 ergo
3309 2680 3470 2732 etiam

1948 2780 2088 2816 nunc
2118 2766 2294 2817 sciens
2330 2767 2393 2816 de
2420 2767 2597 2819 anima
2626 2765 2772 2831 Jesu,
2812 2768 2933 2834 quia
2977 2770 3176 2821 sociata
3222 2769 3468 2831 Domino,

1944 2866 1996 2906 et
2024 2855 2298 2908 cohaerens
2322 2856 2395 2923 ei,
2433 2872 2569 2910 unus
2597 2871 2717 2909 cum
2763 2858 2877 2925 ipso
2924 2858 3096 2911 factus
3136 2859 3207 2911 sit
3250 2859 3470 2925 spiritus

1943 2945 2407 3010 sanctiﬁcationis,
2463 2962 2570 2999 non
2621 2962 2736 2999 eam
2785 2949 3074 3003 nominavit
3110 2949 3463 3009 extrinsecus,

1945 3052 2008 3089 ne
2031 3036 2258 3090 solveret
2289 3035 2466 3090 Jesum
2493 3052 2507 3089 :
2534 3037 2682 3098 Quod
2710 3039 2842 3090 enim
2862 3039 2972 3108 (51)
3013 3038 3150 3091 Deus
3173 3036 3465 3104 conjunxit,

1940 3125 2092 3177 homo
2125 3141 2226 3179 non
2255 3135 2454 3191 separet
2478 3126 2541 3177 ³⁸.
2576 3126 3030 3179 Sanctiﬁcationis
3075 3139 3202 3178 vero
3245 3126 3468 3192 spiritus

1942 3214 2136 3268 dicitur
2164 3216 2452 3266 secundum
2496 3216 2594 3267 hoc
2622 3216 2762 3283 quod
2808 3216 3007 3283 praebet
3050 3216 3295 3268 omnibus
3340 3231 3466 3267 san-

1942 3306 2201 3362 ctitatem,
2236 3302 2376 3355 sicut
2407 3312 2461 3356 et
2490 3302 2618 3357 alibi
2644 3305 2686 3333 ²⁹
2713 3303 2776 3355 de
2804 3317 2868 3356 eo
2909 3303 3161 3371 scriptum
3195 3310 3275 3354 est
3308 3319 3322 3355 :
3359 3300 3463 3367 Qui

1941 3394 2108 3460 factus
2138 3404 2213 3446 est
2243 3393 2494 3461 sapientia
2522 3394 2665 3445 nobis
2691 3410 2720 3444 a
2755 3392 2881 3454 Deo,
2932 3404 2977 3445 et
3002 3393 3234 3460 justitia,
3263 3403 3311 3445 et
3342 3408 3436 3446 san

1937 3482 2204 3547 ctiftcatio,
2225 3491 2270 3532 et
2290 3480 2591 3547 redemptio.
2620 3480 2810 3533 Verum
2842 3490 3136 3533 occurrunt
3164 3483 3317 3536 nobis
3344 3480 3463 3548 qui-

1935 3573 2055 3623 dam
2097 3572 2418 3639 quaestiones
2472 3571 2843 3623 acerbissimas
2888 3583 3280 3627 commoventes
3326 3573 3462 3640 (52),

1935 3662 2200 3728 quomodo
2233 3661 2477 3712 videatur
2516 3658 2760 3716 Christus
2807 3662 3130 3716 descendere
3159 3677 3225 3716 ex
3258 3664 3462 3718 semine

1934 3752 2121 3812 David,
2152 3764 2307 3817 quem
2333 3758 2539 3804 constat
2575 3765 2679 3805 non
2714 3765 2831 3805 esse
2857 3765 2922 3805 ex
2947 3750 3136 3815 Josepb
3168 3760 3373 3818 natum,
3404 3753 3457 3805 in

1933 3859 2088 3911 quem
2118 3840 2310 3907 Joseph
2345 3841 2512 3893 series
2536 3855 2601 3892 ex
2629 3840 2793 3893 David
2837 3841 3207 3894 descendentis
3233 3856 3458 3909 genera-

1414 3932 1454 3966 "
1488 3929 1641 3984 Rom.
1686 3947 1725 3995 ι,
1760 3932 1814 3987 4.

1972 3931 1990 3984 1
2028 3932 2148 3985 Cor.
2192 3930 2231 3991 l,
2252 3930 2339 3982 24.
2413 3929 2458 3959 ¹⁰
2490 3928 2613 3995 Sap.
2643 3945 2737 3992 vn,
2762 3931 2852 3992 25,
2876 3930 2962 3982 26.
3039 3930 3284 3984 “Matth.
3309 3946 3452 3990 xxvi,

1971 4002 2014 4033 ³⁵
2052 4001 2176 4053 ibid.
2210 4001 2265 4050 4.
2373 4000 2417 4029 ’⁸
2444 3996 2598 4050 Rom.
2630 4015 2735 4060 \tll,
2759 4002 2812 4052 9.
2916 3999 3130 4051 “lCor.
3158 4015 3226 4062 Vl,
3256 4002 3338 4063 ib,
3369 4000 3453 4053 i'i.

366 4157 480 4229 (25)
512 4157 675 4220 Editi,
710 4161 799 4227 qui
840 4159 1124 4212 destinatus
1166 4171 1238 4212 est
1286 4159 1455 4214 Filius
1496 4160 1589 4214 Dei
1632 4166 1683 4213 in
1734 4164 1837 4215 oir—
1868 4167 1912 4221 D
2008 4161 2117 4230 (28)
2150 4159 2629 4230 Ναεεὶιιίνελῡθθβιγ
2657 4159 2707 4211 in
2748 4168 2899 4211 antea
2940 4158 3307 4230 editis.APaulo
3337 4172 3456 4229 post

292 4237 424 4282 tute.

365 4296 480 4365 (24)
507 4295 675 4366 Editi,
705 4295 761 4347 in
788 4293 999 4366 Latinis
1038 4297 1296 4350 codicibus
1338 4312 1385 4351 et
1433 4300 1828 4366 exemplaribus.

296 4364 496 4418 Deinde
522 4364 785 4416 omittunt
810 4364 1109 4417 secundum.

367 4432 481 4501 (25)
531 4432 622 4485 Sic
672 4446 775 4485 ms.
829 4431 1026 4501 Regius
1069 4448 1213 4485 num.
1267 4433 1417 4487 1641.
1470 4432 1655 4490 Caneri
1702 4454 1831 4491 vero

296 4500 449 4574 mss,,
484 4501 758 4574 Rabanns,
794 4507 850 4552 et
875 4500 1165 4574 e_d_iti,__al_ii,
1198 4503 1328 4553 sicut
1358 4502 1524 4574 deliis
1554 4506 1617 4556 de
1649 4508 1829 4574 quibus

295 4570 390 4634 (nl.
420 4571 609 4635 quibus
652 4569 852 4638 omisso
875 4568 958 4638 de)
1005 4569 1150 4633 dicit,
1195 4579 1301 4625 etc.
1337 4588 1352 4634 ;
1389 4572 1545 4636 alius,
1595 4568 1729 4628 sicut
1768 4580 1831 4630 de

292 4638 609 4705 quibusdam
640 4637 787 4701 dicit,
810 4645 923 4705 etc.

366 4704 607 4776 (26Lita
664 4719 762 4757 ms.
809 4702 1004 4776 Regius
1048 4723 1195 4761 num.
1242 4705 1369 4759 l6“
1415 4725 1431 4773 ;
1480 4712 1658 4765 caeteri
1706 4727 1828 4768 vero

295 4774 451 4835 mss.,
486 4774 740 4826 Rabanus
771 4783 824 4825 et
854 4774 979 4828 editi
1011 4778 1258 4831 omittunt
1284 4785 1450 4829 etest.

364 4844 477 4913 (27)
526 4842 654 4914 liud
696 4842 1028 4914 referendum
1073 4845 1282 4897 videtur
1324 4843 1461 4910 quod
1490 4844 1826 4914 iPamphilus

296 4909 502 4983 martyr
534 4911 587 4963 in
608 4909 871 4983 _Apologia
901 4925 994 4964 sua
1017 4928 1080 4965 ex
1112 4914 1247 4964 libro
1275 4914 1444 4983 primo
1486 4909 1734 4981 Epistula:
1760 4920 1824 4970 ad

298 4978 571 5036 Romanos
592 4978 928 5048 desumptum
962 4978 1359 5033 commemorat.
1392 4978 1601 5042 Quaerat
1635 4984 1825 5048 fortas-

296 5052 367 5102 sis
396 5049 590 5119 aliquis
631 5046 677 5119 s_i
722 5044 898 5100 Filius
931 5048 1158 5119 clta_ritas
1198 5059 1292 5119 est,
1330 5051 1582 5115 praecipue
1619 5044 1825 5117 propter

296 5120 413 5177 hoc,
445 5114 588 5185 quod
625 5114 857 5185 Joannes
893 5120 959 5185 ad
1006 5116 1168 5168 Deum
1206 5114 1644 5185 Patremr‘retutit
1692 5114 1825 5173 hanc

296 5182 489 5247 vocem,
517 5186 694 5236 dicens
712 5199 730 5235 :
754 5184 885 5247 Quia
907 5183 1041 5237 Deus
1068 5184 1301 5237 charitas
1323 5193 1401 5236 est
1424 5182 1476 5251 (I
1490 5183 1649 5239 Joan.
1669 5202 1743 5251 tv,
1767 5189 1820 5251 8,

298 5251 408 5321 16).
436 5253 543 5307 Sed
583 5268 789 5303 rursum
824 5268 893 5321 ea;
926 5255 1038 5318 ipsa
1073 5254 1185 5319 ejus
1232 5251 1468 5321 Epistula
1498 5255 1819 5319 proferemus

293 5330 342 5371 et
366 5319 501 5373 illud
524 5323 666 5390 quod
701 5322 777 5372 ait
806 5336 824 5373 :
857 5320 1190 5383 Ctiarissimi,
1241 5319 1523 5390 diligamus
1574 5322 1816 5385 invicem,

297 5388 549 5458 quoniam
599 5388 834 5458 Charitas
877 5405 942 5443 ex
994 5390 1099 5442 Deo
1140 5388 1399 5458 estr(ibid_
1426 5388 1502 5455 'l).
1556 5390 1658 5458 Qui
1704 5407 1819 5458 ergo

294 5457 425 5507 dixit
446 5472 465 5509 :
488 5457 627 5523 Quia
666 5457 803 5509 Deus
827 5458 1060 5510 Charitas
1098 5466 1199 5520 est,
1234 5457 1340 5522 ipse
1384 5456 1565 5507 iterum
1599 5456 1822 5512 charito-

300 5534 400 5576 tem
423 5530 570 5579 docet
605 5540 713 5578 esse
746 5542 811 5578 ea:
837 5526 942 5577 Deo
977 5541 995 5578 :
1031 5540 1182 5590 quam
1208 5523 1505 5575 charitatem
1536 5541 1639 5577 non
1671 5530 1822 5581 credo

300 5608 417 5661 esse,
438 5596 625 5657 alium,
658 5595 757 5647 nisi
786 5589 1114 5661 Unigenitum
1139 5589 1336 5643 Filium
1353 5590 1483 5656 ejus,
1505 5594 1635 5644 sicut
1660 5593 1822 5650 Deum

306 5673 371 5714 es
397 5660 520 5730 Deo,
552 5665 627 5718 ita
653 5660 953 5718 cltaritatcm
978 5677 1039 5716 ex
1064 5660 1312 5715 charitate
1340 5662 1679 5726 progenitum.

1939 4226 2065 4284 mss.
2098 4226 2307 4296 plures:
2335 4226 2505 4280 Filius
2536 4229 2631 4279 Dei
2656 4237 2701 4278 et
2726 4232 3010 4279 substantia
3038 4228 3129 4279 Dei
3155 4239 3250 4280 est.

2005 4298 2113 4369 (29)
2142 4298 2277 4369 E_dit_i
2305 4307 2360 4351 et
2393 4312 2491 4369 ms.
2522 4310 2677 4360 unus,
2713 4298 2814 4347 imo
2840 4311 2962 4363 qua,
2999 4305 3100 4349 etc.
3133 4298 3239 4350 Sed
3276 4299 3452 4352 caeteri

1932 4365 2062 4422 mss.
2088 4365 2141 4420 et
2167 4365 2439 4429 Rabanus,
2468 4367 2571 4416 imo
2594 4379 2715 4431 qua,
2739 4374 2844 4418 etc.

2002 4438 2110 4518 (51))
2134 4433 2222 4487 Sic
2243 4444 2446 4518 iussam
2475 4432 2724 4518 Rabanus
2754 4447 2767 4518 ξ
2792 4434 2926 4518 editi
2957 4449 3292 4518 vero,“neque
3314 4436 3370 4488 in
3394 4451 3451 4516 eo

1930 4501 2020 4558 ubi
2037 4501 2318 4568 descendit,
2349 4502 2414 4554 de
2439 4518 2542 4568 qua
2574 4503 2803 4569 dicitur:
2829 4501 2940 4555 Non
2971 4501 3306 4569 derelinques
3339 4507 3453 4557 ani-

1931 4588 2068 4626 tuam
2109 4586 2280 4626 meam
2306 4566 2364 4624 in
2394 4566 2603 4623 inferno
2631 4566 2804 4638 (Psal.
2855 4587 2943 4634 xv,
2987 4570 3095 4642 to).
3128 4566 3449 4634 Destinatur,

1927 4654 2030 4694 etc.

1998 4707 2317 4779 (Milium.
2350 4706 2508 4779 Deest
2553 4706 2604 4757 in
2649 4704 2825 4761 editis.
2874 4707 3069 4761 Deinde
3102 4721 3207 4779 gms.
3250 4706 3451 4779 Regius

1928 4775 2071 4830 nunt.
2092 4775 2262 4840 1639,
2300 4786 2354 4841 et
2406 4775 2673 4835 Rabanus,
2704 4788 2803 4826 non
2833 4788 3057 4843 separat.
3091 4776 3279 4829 (lateri
3313 4791 3442 4827 mss.

1925 4857 1976 4899 et
2004 4847 2153 4910 editi,
2188 4861 2288 4896 non
2313 4852 2528 4911 separet.

1995 4914 2103 4992 (52)
2128 4913 2289 4992 Editi,
2314 4910 2373 4965 et
2394 4927 2491 4991 ius.
2523 4923 2689 4992 ‘unus,
2726 4910 2960 4992 quaedam
2990 4914 3282 4992 questiones
3305 4926 3446 4966 acer-

1924 4980 2127 5035 bissime
2153 4983 2246 5050 (al.
2272 4980 2537 5050 acerrime)
2562 4988 2947 5050 commoventes.
2987 4980 3088 5033 Sed
3110 4983 3284 5034 caeteri
3309 4994 3437 5050 mss.

1924 5063 1975 5102 et
2002 5045 2275 5106 Rabanus.
2310 5049 2522 5101 rectius.
2574 5054 2628 5095 nt
2677 5045 2727 5095 in
2781 5054 2947 5100 textu.
3004 5050 3254 5102 Socrates
3300 5048 3439 5100 Hist.

1913 5119 2038 5173 cccl.
2104 5120 2316 5186 Ιὶὺμγη,
2348 5130 2464 5186 cap.
2499 5114 2585 5186 52.
2616 5114 2720 5186 ait:
2747 5114 2854 5167 Καὶ
2882 5115 3170 5186 ,Ὠριγένης
3192 5117 3248 5170 δὲ
3276 5121 3332 5169 ἐν
3364 5115 3442 5182 τῷ

1922 5188 2116 5258 πρώτῳ
2164 5178 2460 5258 ademi"
2503 5178 2742 5258 eis}???
2790 5178 3289 5258 πρὸςῘῬωιέὶιίιξυς
3334 5178 3439 5258 τοῦ

1932 5248 2293 5307 ’Ᾱποὰτόλὸύ
2329 5248 2693 5320 Ἐπιστολὴν,
2720 5250 3024 5320 ἑρμηνεύων
3057 5248 3168 5316 ea;
3200 5248 3439 5320 θεότόκος

1921 5324 2146 5393 λέγεταε,
2178 5320 2415 5381 πλατέως
2436 5319 2686 5393 ἐξήτασε.
2715 5319 2817 5393 Sed
2844 5331 2891 5371 et
2912 5321 3248 5393 _0rigenesin
3274 5319 3439 5393 primo

1921 5386 2053 5446 tanta
2090 5386 2598 5446 Coatmentariorum
2641 5386 2691 5437 in
2728 5386 3193 5451 Epistolatn'l’auli
3231 5386 3297 5444 ad
3336 5393 3422 5448 Ro

1926 5475 2128 5523 manos,
2154 5471 2405 5526 exponens
2447 5471 2548 5526 qua
2583 5457 2778 5505 ratione
2814 5458 3017 5509 dicatur
3047 5458 3288 5526 Deipara,
3325 5478 3435 5514 eam
3463 5483 3471 5490 -

1927 5524 2260 5598 quaestionem
2297 5524 2545 5576 latissime
2569 5526 3073 5598 pertractavit.Quod
3101 5524 3173 5598 ab
3209 5529 3431 5598 Origene

1927 5590 2025 5655 hoc
2056 5599 2109 5653 in
2137 5597 2253 5652 loco
2281 5601 2661 5665 pertraCIatum
2686 5590 2851 5648 fuisse
2877 5590 3165 5652 verisimile
3196 5604 3297 5651 est.
