3836 6226
261 366 356 417 851

1660 355 1978 412 ORIGENIS

3427 333 3542 384 852

263 471 422 527 tionis
450 470 742 523 adducitur.
775 470 977 534 Quibus
1029 484 1310 524 occurrere
1337 471 1575 540 quamvis
1626 473 1789 524 mole-
1817 476 1863 532 Α
1891 469 1996 520 lius
2045 464 2136 517 Dei
2168 465 2236 516 sit
2267 477 2332 516 ex
2388 458 2799 515 resurrectione
2853 460 3265 540 mortuorum,
3308 445 3543 498 dillicile

261 571 400 615 stum
423 559 492 611 sit
520 558 805 611 secundum
843 559 1032 610 littera:
1058 559 1336 621 rationem,
1364 567 1538 611 tamen
1571 572 1786 626 respon-

265 651 460 702 detura
490 648 714 712 nostris,
743 649 882 716 quod
913 647 1082 700 Maria
1119 664 1238 716 quin
1268 649 1572 715 desponsata
1595 648 1788 714 Ioseph

262 747 535 807 antequam
583 739 907 790 convenirent
951 739 1152 790 inventa
1196 749 1268 790 est
1327 739 1378 791 in
1413 750 1554 790 utero
1599 739 1788 789 habens

263 827 552 895 deSpiritu
597 838 774 880 sancto
821 828 886 892 ‘°,
923 828 1207 880 secundum
1264 829 1431 896 legem
1471 830 1583 881 sine
1631 827 1788 880 dubio

265 917 548 972 contribuli
586 932 683 971 suo
704 927 757 971 et
781 927 1005 986 cognato
1033 919 1312 986 conjuncta
1339 928 1436 972 est.
1468 919 1526 970 Et
1552 918 1791 982 quamvis

267 1008 472 1060 dicatur
503 1009 566 1059 ad
607 1023 722 1060 eam
769 1010 834 1062 ab
877 1009 1083 1084 angelo,
1131 1008 1255 1077 quia
1305 1018 1350 1060 et
1402 1007 1660 1060 Elisabeth
1707 1022 1793 1058 co-

268 1107 424 1164 gnata
459 1107 546 1149 tua
574 1099 730 1151 etiam
758 1101 866 1164 ipsa
891 1103 1057 1166 pariet
1077 1099 1244 1166 filium
1266 1099 1320 1150 in
1346 1106 1601 1150 senectute
1625 1113 1722 1148 sua
1747 1097 1792 1126 ³⁸

269 1183 563 1252 (Elisabeth
601 1196 776 1238 autem
825 1201 888 1239 ex
937 1185 1147 1238 ﬁliabus
1187 1185 1362 1237 Aaron
1402 1198 1518 1237 esse
1547 1184 1791 1249 ,dicitur),

273 1287 447 1329 tamen
485 1274 782 1326 allirmalur
817 1289 846 1326 a
892 1275 1091 1327 nostris
1135 1273 1244 1340 (55)
1289 1275 1426 1340 quod
1468 1272 1796 1338 cognationis

271 1380 459 1418 nomen
489 1381 590 1417 non
621 1365 788 1418 solum
836 1364 900 1416 ad
945 1363 1286 1428 contribules,
1319 1363 1409 1414 sed
1437 1372 1485 1414 et
1516 1362 1580 1412 ad
1615 1375 1799 1412 omnes

269 1456 359 1524 qui
398 1464 517 1507 sunt
549 1469 613 1508 ex
639 1468 834 1522 genere
862 1453 1053 1514 lsrael,
1085 1454 1224 1504 inter
1268 1468 1324 1506 se
1371 1453 1599 1504 invicem
1647 1464 1794 1502 com-

271 1554 512 1613 petenter
537 1545 704 1612 possit
734 1543 929 1611 aptari,
981 1542 1118 1594 sicut
1146 1552 1199 1593 et
1231 1542 1366 1593 idem
1400 1540 1670 1607 apostolus
1735 1540 1799 1592 dc

272 1631 517 1685 omnibus
555 1630 714 1684 simul
757 1631 888 1682 dicit
919 1629 963 1662 "
989 1642 1004 1680 :
1031 1627 1132 1691 Qui
1184 1640 1298 1679 sunt
1349 1627 1550 1691 cognati
1589 1625 1682 1674 mei
1723 1639 1804 1674 se-

272 1723 501 1774 cundum
543 1735 770 1772 carnem.
815 1717 938 1770 Haec
993 1716 1209 1783 quidem
1267 1722 1320 1764 et
1369 1713 1474 1765 alia
1519 1713 1599 1764 his
1661 1711 1804 1764 sitni-

1886 573 1990 611 non
2022 563 2104 608 est
2135 554 2407 606 advertere
2431 551 2479 604 ei
2511 549 2600 616 qui
2630 544 2836 614 legerit
2863 541 3009 594 illud
3046 536 3211 607 quod
3250 538 3542 601 scriptum

1886 658 1967 702 est
2000 648 2084 697 “2
2123 645 2338 697 Decebat
2361 643 2495 694 enim
2527 654 2646 692 eum
2669 653 2768 704 per
2791 648 2960 702 quem
2984 629 3221 690 omnia,
3248 636 3304 680 et
3340 627 3403 678 in
3435 641 3548 692 quo

1889 739 2081 797 omnia,
2115 735 2302 788 multos
2327 732 2465 800 ﬁlios
2504 731 2559 782 in
2587 728 2831 798 gloriam
2883 722 3317 778 adducentem,
3348 725 3548 767 aucto-

1889 844 1994 880 rem
2023 825 2204 879 salutis
2253 837 2429 876 eorum
2475 835 2564 886 per
2611 816 2898 885 passiones
2948 806 3362 863 consummari
3398 805 3546 873 (57).

1890 919 2035 972 Finis
2078 928 2257 969 autem
2291 912 2595 983 passionum
2628 905 2868 965 Christi,
2909 897 3296 954 resurrectio
3321 903 3452 955 est;
3490 900 3548 945 et

1891 1009 2013 1078 quia
2049 1015 2167 1075 post
2194 976 2644 1058 resurrectionem
2696 995 2851 1048 ultra
2902 992 3033 1060 jam
3099 1004 3222 1040 non
3275 983 3550 1078 moritur,

1893 1073 2061 1167 neque
2073 1112 2208 1148 mors
2235 1096 2284 1146 ei
2305 1093 2445 1145 ultra
2465 1087 2835 1142 dominabitur
2853 1080 2988 1112 '7'“
3013 1096 3028 1143 ;
3056 1087 3118 1132 et
3147 1078 3378 1130 iterum
3399 1073 3550 1126 dici-

1895 1200 1998 1251 tur,
2031 1188 2152 1254 quia
2176 1187 2268 1239 etsi
2295 1183 2596 1252 agnouimus
2623 1177 2906 1230 Christum
2935 1171 3270 1225 secundum
3292 1181 3552 1229 carnem,

1895 1278 1982 1330 sed
2010 1292 2145 1328 nunc
2170 1275 2284 1341 jam
2335 1287 2438 1324 non
2482 1271 2724 1321 novimus
2751 1265 2823 1325 ”,
2868 1263 3010 1315 ideo
3048 1273 3244 1312 omne
3273 1259 3432 1326 quod
3465 1267 3552 1310 est

1897 1373 1948 1423 in
1982 1366 2342 1433 Christo,jam
2381 1377 2524 1415 nunc
2577 1359 2752 1412 Filius
2791 1357 2891 1408 Dei
2931 1364 3049 1410 est.
3086 1350 3414 1417 Quomodo
3451 1365 3554 1403 au-

1901 1469 2002 1511 tem
2043 1457 2145 1509 hoc
2182 1463 2236 1506 et
2263 1453 2326 1504 ad
2366 1466 2488 1502 eum
2518 1449 2610 1517 qui
2644 1447 2824 1498 Filius
2861 1445 2961 1498 Dei
2999 1448 3058 1496 in
3096 1443 3334 1494 virtute
3377 1439 3555 1492 desti-

1901 1557 2054 1600 natus
2093 1554 2175 1598 est
2203 1544 2246 1574 "°
2281 1542 2570 1601 referatur,
2617 1545 2880 1590 coarctat
2913 1533 3396 1602 intelligentiam
3452 1546 3554 1583 nov

1903 1647 2094 1701 stram,
2154 1635 2253 1686 nisi
2283 1633 2420 1699 quod
2453 1645 2547 1698 per
2579 1625 3048 1680 indissolubilem
3081 1623 3384 1676 unitatem
3415 1620 3555 1673 Ver-

1901 1727 1951 1778 bi
1989 1737 2036 1778 et
2069 1725 2274 1785 carnis,
2309 1720 2488 1774 omnia
2514 1734 2634 1786 quae
2658 1718 2850 1770 carnis
2893 1725 3040 1769 sunt
3081 1714 3556 1768 ascribunturet

273 1808 343 1859 lia
377 1806 488 1875 (54)
514 1807 943 1876 respondentur-;
978 1818 1161 1856 verum
1197 1816 1353 1867 quam
1384 1801 1491 1852 sint
1514 1800 1682 1853 valida
1707 1800 1801 1850 ad-
1828 1795 1873 1853 Β
1901 1815 2096 1876 νει-ιω,
2146 1812 2408 1880 quomodo
2439 1819 2492 1862 ct
2515 1822 2636 1874 qum
2663 1807 2830 1859 Verbi
2869 1815 3014 1860 sunt
3047 1805 3465 1872 [medicantur
3496 1803 3550 1855 in

275 1911 486 1950 versum
517 1896 839 1950 assertionos
861 1907 1044 1946 eorum
1074 1892 1165 1959 qui
1197 1905 1290 1942 nos
1317 1890 1382 1943 de
1405 1889 1798 1958 Scripturarum

280 1986 601 2040 testimoniis
626 1991 933 2052 perurgent,
967 1982 1191 2050 probato
1221 1990 1293 2036 itu
1336 1979 1425 2046 qui
1464 1980 1611 2047 legis.
1644 1979 1803 2032 Nobis

281 2086 456 2129 tamen
505 2076 618 2128 haec
663 2074 1002 2142 intelligenda
1038 2071 1322 2124 secundum
1381 2071 1671 2138 spiritalem
1724 2071 1804 2124 vel

282 2165 626 2233 allegoricaui
679 2166 936 2218 rationem
980 2164 1148 2230 magis
1201 2163 1466 2226 videntur,
1515 2161 1803 2215 secundum

281 2256 421 2320 quod
455 2255 583 2308 nihil
620 2256 774 2308 obest
802 2257 962 2308 etiam
997 2256 1138 2320 quod
1180 2254 1376 2321 Joseph
1420 2263 1573 2320 pater
1611 2252 1805 2305 Christi

283 2345 502 2408 dicitur,
545 2360 664 2397 cum
698 2345 916 2397 omnino
949 2361 1055 2398 non
1109 2345 1174 2396 sit
1226 2344 1340 2410 ejus
1381 2355 1532 2410 pater
1560 2360 1574 2405 ;
1608 2343 1728 2409 quia
1756 2352 1808 2393 et

286 2435 340 2488 in
371 2435 812 2504 generationibus
837 2452 864 2486 a
892 2435 1138 2487 blatthteo
1166 2435 1394 2489 refertur
1415 2435 1478 2497 ³³,
1504 2435 1639 2499 quod
1667 2431 1810 2484 lusa-

285 2527 416 2594 phat
442 2525 680 2594 genuerit
705 2525 900 2583 Joram,
938 2534 990 2577 et
1018 2523 1192 2578 Joram
1225 2526 1470 2589 genuerit
1507 2524 1725 2586 Oziam;
1759 2525 1807 2575 in

287 2626 476 2680 quarto
529 2623 701 2667 autem
759 2615 1060 2682 Regnorum
1114 2615 1252 2667 libro
1312 2616 1564 2681 scriptum
1625 2625 1706 2666 est
1746 2614 1808 2676 ",

289 2705 428 2768 quod
459 2702 635 2756 .loram
677 2705 925 2771 genuerit
971 2703 1279 2765 Ochoziam,
1329 2713 1383 2757 et
1420 2703 1678 2756 Ochozias
1723 2719 1813 2771 ge-

290 2793 464 2844 nuerit
495 2790 638 2856 Joas,
683 2801 737 2844 et
787 2791 911 2845 Joas
939 2795 1177 2859 genuerit
1227 2794 1520 2854 Amasiam,
1572 2794 1813 2846 Amasias

291 2895 416 2933 vero
445 2883 684 2950 genuerit
710 2882 982 2944 Azariam,
1016 2883 1182 2949 ipsum
1221 2883 1308 2949 qui
1345 2882 1606 2934 interdum
1659 2881 1814 2936 Ozias

293 2971 642 3034 nominatur;
677 2980 729 3024 et
758 2973 979 3025 Azarias
1024 2971 1291 3025 Joatbam.
1341 2972 1435 3024 llic
1479 2985 1605 3035 ergo
1633 2970 1812 3031 Ozias,

293 3062 384 3128 qui
419 3072 473 3116 et
497 3062 737 3125 Azarias,
765 3076 884 3115 cum
912 3062 962 3113 in
993 3071 1182 3128 quarto
1211 3061 1516 3126 Regnorum
1554 3061 1685 3113 libro
1704 3059 1815 3128 (55)

295 3120 500 3204 dicatur
549 3120 780 3203 Amasiae
817 3164 936 3204 esse
977 3120 1133 3211 ﬁlius,
1179 3163 1209 3201 a
1249 3120 1492 3204 blalthaeo
1515 3149 1652 3204 lora:
1683 3120 1818 3204 [ilius
1843 3120 1884 3175 C

295 3243 568 3302 scribitur,
620 3241 787 3294 tribus
823 3243 872 3294 in
917 3241 1090 3294 medio
1121 3242 1552 3310 generationibus
1603 3249 1820 3309 praeter-

299 3331 493 3384 missis.
543 3329 702 3396 Cujus
756 3331 828 3382 rei
871 3331 1142 3394 dissertio,
1184 3340 1387 3384 certum
1425 3339 1506 3384 est
1544 3329 1682 3398 quod
1717 3343 1818 3381 non

297 3419 589 3472 secundum
616 3417 912 3481 historiam,
958 3417 1046 3470 sed
1092 3417 1380 3471 secundum
1421 3416 1712 3483 spiritalem
1741 3417 1821 3468 in-

298 3507 635 3576 telligentiam
687 3517 892 3562 constet
935 3525 950 3572 ;
991 3521 1108 3574 qua:
1142 3522 1242 3558 non
1281 3516 1362 3558 est
1394 3506 1546 3558 nobis
1581 3520 1720 3557 nunc
1768 3506 1820 3558 in

302 3598 528 3650 transitu
553 3597 805 3664 pulsanda
833 3612 846 3647 :
877 3596 926 3647 in
964 3611 1058 3648 suo
1091 3595 1230 3648 enim
1265 3593 1383 3647 loco
1418 3604 1663 3663 tangetur
1689 3593 1819 3665 (56).

299 3686 513 3744 Interim
545 3687 738 3740 sufﬁcit
762 3685 909 3739 nobis
936 3685 1002 3737 ad
1023 3699 1113 3738 eos
1129 3684 1574 3752 quiadversantur
1601 3698 1822 3754 respon-

304 3779 448 3841 dere,
505 3778 644 3846 quod
705 3778 844 3833 sicut
889 3775 1043 3829 Iesus
1099 3773 1290 3843 Josepb
1348 3775 1488 3828 tilius
1535 3790 1655 3830 esse
1693 3777 1825 3828 dici-

305 3880 412 3931 tur,
439 3883 504 3922 ex
529 3883 635 3936 quo
665 3884 768 3923 non
797 3878 879 3923 est
905 3875 1185 3936 generatus
1211 3884 1225 3932 ;
1253 3877 1306 3919 et
1330 3865 1488 3922 Ozias
1523 3867 1731 3932 genitus
1759 3882 1824 3920 ex

304 3959 502 4023 Joram,
526 3973 588 4011 ex
621 3974 724 4026 quo
755 3973 862 4012 non
891 3966 974 4011 est
1006 3957 1213 4026 genitus
1256 3973 1270 4008 :
1318 3956 1390 4008 ita
1434 3969 1487 4010 et
1514 3971 1578 4008 ex
1623 3957 1827 4009 semine

307 4048 471 4101 David
516 4048 802 4101 secundum
830 4061 1041 4101 carnem
1069 4045 1312 4098 Christus
1340 4055 1511 4112 potest
1549 4045 1734 4110 accipi,
1772 4055 1829 4097 ut

307 4137 559 4205 quidquid
605 4136 762 4207 467
806 4134 1024 4188 rationis
1073 4134 1154 4187 vel
1193 4135 1506 4188 assertionis
1554 4134 1605 4186 in
1650 4133 1825 4186 .Ioram

306 4226 663 4293 protulerunt,
692 4236 746 4280 et
777 4226 830 4277 in
865 4224 1080 4290 Josepb,
1122 4225 1222 4278 hoc
1252 4233 1306 4280 et
1359 4225 1410 4278 in
1452 4221 1618 4277 David
1659 4227 1829 4279 susci-

309 4318 560 4386 piendum
597 4317 856 4369 dicamus.

1903 1922 2083 1960 carne.
2121 1905 2298 1957 .lesum
2347 1917 2496 1966 vero,
2543 1910 2597 1952 et
2627 1899 2950 1960 Christum,
2986 1907 3049 1948 et
3087 1895 3412 1948 Dominum
3468 1894 3554 1947 in-

1907 1999 2146 2049 venimus
2177 2007 2315 2062 szepe
2352 1997 2416 2044 ad
2460 2002 2751 2058 utramque
2785 1997 3069 2040 naturam
3105 1987 3356 2050 referri,
3385 1995 3551 2038 utest

1913 2087 2038 2141 illud
2073 2107 2084 2139 :
2117 2085 2264 2137 Unus
2319 2083 2572 2134 Dominus
2625 2090 2811 2133 noster
2852 2079 3034 2130 Jesus
3085 2076 3362 2130 Christus
3395 2115 3412 2138 ,
3461 2091 3554 2143 per

1905 2193 2050 2247 quem
2092 2175 2264 2227 omnia
2294 2173 2372 2236 ¹⁴¹;
2419 2181 2472 2224 et
2521 2172 2719 2247 iterum
2753 2188 2766 2223 :
2806 2169 2873 2222 Si
2917 2170 3078 2220 enim
3135 2167 3548 2234 cognovissent,

1910 2279 2171 2333 nunquam
2202 2261 2482 2314 Dominum
2513 2258 2813 2326 majestatis
2853 2257 2982 2326 (58)
3023 2257 3454 2324 cruciﬁxissent
3484 2255 3546 2308 δ’.

1915 2352 2223 2405 Primitivus
2267 2365 2396 2418 ergo
2445 2348 2529 2400 vel
2580 2347 2984 2413 primogenitus
3019 2363 3096 2399 ea:
3127 2348 3377 2398 mortuis
3419 2346 3551 2398 dici-

1915 2452 2000 2493 tur
2029 2440 2073 2470 "
2099 2438 2360 2492 Christus.
2396 2437 2498 2490 Sed
2543 2437 2954 2501 requirendum
3001 2436 3186 2489 nobis
3232 2445 3352 2499 est,
3382 2436 3426 2488 si
3460 2450 3551 2486 so—

1913 2533 1994 2585 lus
2037 2539 2119 2584 est
2153 2528 2547 2596 primogenitus
2581 2528 2662 2580 vel
2693 2527 3037 2595 primitivus
3089 2543 3164 2579 ex
3200 2526 3472 2585 mortuis,
3497 2536 3550 2578 et

1915 2633 2018 2671 non
2054 2617 2212 2669 habet
2238 2616 2448 2682 aliquos
2486 2629 2671 2667 secum
2707 2615 2884 2667 etiam
2923 2613 2984 2666 in
3021 2615 3401 2683 primitivatu
3439 2611 3550 2681 (59)

1914 2707 2220 2777 participes,
2253 2706 2318 2758 de
2343 2705 2536 2772 quibus
2561 2704 2691 2756 dicit
2719 2705 3048 2773 Apostolus
3091 2707 3239 2774 quia
3273 2706 3549 2759 suscitavit

1914 2815 2004 2850 nos
2037 2813 2150 2848 cum
2197 2795 2425 2858 Christo,
2466 2793 2733 2861 simulque
2785 2793 2917 2862 fecit
2957 2795 3171 2848 sedere
3215 2797 3279 2848 in
3320 2795 3548 2848 cclesti-

1916 2886 2008 2935 bus
2037 2883 2100 2934 “.
2141 2881 2217 2935 Ne
2269 2881 2411 2935 forte
2447 2895 2578 2949 ergo
2621 2891 2676 2933 et
2713 2881 2806 2932 isti
2862 2896 3024 2949 quos
3079 2884 3230 2937 dicit
3276 2885 3552 2938 excitatos

1913 2987 2030 3025 esse
2063 2986 2182 3026 cum
2220 2971 2454 3032 Christo,
2485 2979 2685 3023 etcum
2719 2985 2789 3024 eo
2822 2974 3048 3026 sedere
3095 2973 3158 3026 in
3198 2973 3552 3034 cmlestibus,

1918 3074 1970 3119 et
1999 3065 2098 3132 ipsi
2128 3061 2470 3132 primogeniti
2523 3061 2659 3137 sint,
2689 3059 2779 3112 vel
2828 3060 3140 3126 primitivi
3179 3078 3256 3115 ex
3293 3062 3549 3124 mortuis,

1919 3159 2055 3209 sicut
2077 3164 2130 3208 et
2159 3153 2228 3206 illi
2259 3152 2478 3206 fuerunt
2508 3151 2605 3218 qui
2638 3165 2766 3204 cum
2822 3151 2924 3204 illo
2961 3155 3254 3208 suscitati
3307 3167 3438 3208 esse
3476 3154 3555 3207 di-

1917 3255 2133 3306 cuntur,
2164 3259 2283 3294 cum
2320 3250 2651 3294 monumenta
2694 3250 2889 3306 aperta
2919 3252 3098 3306 sunt,
3151 3253 3206 3297 et
3258 3243 3554 3297 multorum

1918 3347 2214 3389 sanctorum
2242 3349 2456 3399 corpora
2487 3339 2856 3398 apparuerunt
2887 3341 2945 3386 et
2976 3335 3254 3405 ingressa
3285 3346 3415 3390 sunt
3443 3336 3554 3405 (ιο)

1918 3426 1971 3475 in
2019 3432 2311 3475 sanctorum
2357 3421 2615 3472 ciuitatem
2668 3419 2738 3473 “.
2779 3420 2850 3473 Et
2896 3423 2974 3476 de
3031 3425 3134 3478 his
3193 3427 3413 3482 talibus
3444 3427 3553 3480 for-

1922 3513 2076 3564 tassis
2107 3509 2391 3577 Apostolus
2425 3509 2554 3561 dicit
2583 3507 2631 3537 ⁸⁸
2661 3522 2785 3560 esse
2819 3508 2986 3563 illam
3050 3513 3395 3570 Ecclesium
3449 3516 3556 3585 pri-

1920 3600 2245 3662 mitivorum,
2280 3612 2436 3665 quam
2495 3596 2788 3662 ascriptum
2835 3611 3147 3656 memorat
3191 3604 3253 3657 in
3291 3605 3476 3660 ccelis.

1993 3693 2048 3747 7.
2104 3690 2206 3744 Per
2233 3706 2382 3758 quem
2431 3673 2722 3754 accepimus
2767 3691 3025 3755 gratiam
3083 3709 3144 3747 et
3177 3698 3556 3761 apostolatum

1924 3785 1990 3837 ad
2015 3781 2351 3835 obedientium
2375 3778 2495 3844 ﬁdei
2524 3779 2580 3829 in
2610 3780 2856 3832 omnibus
2886 3785 3166 3849 gentibus
3205 3804 3314 3852 pro
3351 3787 3561 3838 nomine

1924 3871 2033 3939 ejus
2061 3871 2124 3922 ⁵⁷.
2164 3868 2264 3921 Per
2291 3867 2565 3920 Christum
2597 3866 2888 3934 accepisse
2917 3883 2984 3922 se
3033 3874 3189 3926 dicit
3233 3877 3480 3944 gratiam
3506 3883 3563 3926 et

1925 3959 2302 4026 apostolatum,
2330 3966 2517 4024 utpote
2544 3956 2914 4010 mediatorem
2939 3959 3046 4014 Dei
3066 3973 3130 4016 et
3167 3966 3470 4020 hominum
3490 3965 3555 4019 ⁵⁸.

1928 4051 2163 4105 Gratiam
2196 4056 2243 4100 et
2274 4047 2637 4113 apostolatum.
2669 4045 2864 4100 Gratia
2909 4052 2985 4104 ad
3033 4052 3318 4111 laborum
3349 4059 3560 4127 patien-

1929 4144 2056 4195 tiam
2103 4139 2382 4194 referenda
2433 4147 2552 4200 est;
2600 4139 2953 4204 apostolatus
2993 4145 3070 4198 ad
3123 4149 3564 4215 praedicationis

1932 4232 2329 4293 auctoritatem,
2361 4230 2485 4295 quia
2532 4237 2588 4282 et
2614 4229 2734 4297 ipse
2765 4231 3045 4289 Christus
3078 4242 3392 4307 apostolus
3426 4242 3564 4295 dici-

1930 4335 2016 4377 tur
2045 4323 2111 4383 “,
2142 4322 2193 4375 id
2218 4330 2300 4374 est
2331 4321 2524 4373 missus
2563 4337 2592 4372 a
2630 4318 2813 4384 Patre,
2849 4324 3077 4394 quippe
3116 4334 3220 4398 qui
3276 4334 3349 4386 ad
3396 4347 3565 4386 evan-

378 4427 431 4490 6,
458 4427 539 4486 Ea;
579 4426 943 4485 resurrectione
987 4431 1302 4476 mortuorum
1329 4423 1456 4477 Jesu
1498 4423 1691 4477 Christi
1725 4423 1814 4477 Do.

1969 4411 2264 4477 elizandum
2314 4411 2640 4478 pauperibus
2676 4413 2916 4466 missum
2953 4431 3021 4469 se
3057 4420 3208 4474 dicit
3233 4423 3311 4476 ⁸⁸.
3363 4421 3562 4477 Omnia

312 4517 440 4571 mini
468 4516 630 4568 nostri
657 4514 721 4564 ³⁸.
752 4513 1026 4578 Quomodo
1052 4513 1262 4580 quidem
1313 4511 1359 4566 is
1400 4513 1489 4580 qui
1540 4514 1828 4566 secundum

313 4619 529 4660 carnem
567 4604 738 4658 factus
787 4617 903 4657 esse
935 4604 1126 4658 dicitur
1172 4619 1240 4658 ex
1274 4603 1477 4658 semine
1523 4603 1710 4667 David,
1743 4603 1831 4656 Fi-

1937 4517 2062 4569 ergo
2090 4515 2205 4568 quae
2241 4514 2334 4553 sua
2359 4508 2505 4565 sunt,
2539 4501 2635 4555 dat
2673 4503 2843 4559 etiam
2876 4507 3194 4578 discipulis
3253 4515 3400 4567 suis.
3433 4512 3570 4566 Gra-

1939 4593 2008 4644 tia
2043 4591 2242 4644 dicitur
2281 4587 2472 4643 dill‘usa
2507 4589 2559 4642 in
2594 4590 2754 4647 labiis
2789 4593 2916 4661 ejus
2944 4599 3020 4651 ⁵¹.
3057 4599 3170 4653 Dat
3196 4613 3263 4655 et
3291 4601 3567 4670 apostolis

417 4787 672 4860 Nlalt“.-
696 4801 734 4848 ιν
762 4785 866 4860 19-.
918 4783 955 4814 ³¹
985 4781 1321 4860 ιηθς-ινξέίο..
1358 4783 1400 4860 τ’
1439 4782 1687 4860 θοαὶ-,νιν
1711 4783 1763 4860 3’.-
1791 4851 1814 4860 ,χ

1969 4781 2089 4832 ιιιιι.
2112 4777 2226 4860 ι,“7.
2463 4777 2597 4844 Reg.
2623 4796 2732 4860 vni,
2761 4783 3082 4860 ﬂii-zﬁittﬂ;
3126 4807 3260 4858 xiv,
3293 4795 3316 4847 l
3345 4812 3361 4856 ;
3393 4810 3485 4856 xv,
3513 4796 3568 4860 1,

312 4853 474 4917 7.50,
497 4857 582 4919 52,
605 4855 692 4907 56.
724 4846 729 4848 ’
765 4854 807 4884 ⁸⁸
835 4854 984 4906 Rom.
1014 4867 1050 4912 ι,
1078 4851 1130 4902 4.
1205 4851 1249 4880 ³⁸
1282 4850 1440 4903 Hebr.
1472 4867 1531 4911 ll,
1562 4851 1644 4903 10.
1720 4851 1814 4880 ’τοι

314 4937 430 4984 νιιι.
461 4928 511 4986 6.
615 4924 657 4954 δ’
689 4923 850 4975 lCor.
875 4937 931 4976 ιι.
967 4921 1018 4972 8.
1127 4919 1170 4949 ⁸³
1194 4919 1372 4973 C0105,
1409 4935 1444 4978 ι,
1484 4919 1569 4973 ίε,
1670 4919 1713 4950 ιι
1739 4919 1814 4986 Ep

1969 4869 2013 4901 ιι.
2041 4863 2113 4908 v1.
2147 4847 2198 4898 9.
2273 4847 2316 4877 ”
2341 4846 2380 4897 ll
2408 4847 2531 4898 Cor.
2560 4864 2614 4908 v,
2647 4852 2733 4902 lli.

1988 4934 2044 4978 ιι,
2091 4920 2200 4986 ti.“
2247 4917 2290 4947 ⁸⁸
2330 4914 2518 4986 Matth.
2560 4933 2732 4978 xxvii,

314 4937 430 4984 νιιι.
461 4928 511 4988 6.
615 4924 657 4954 δ’
689 4923 850 4975 lCor.
875 4937 931 4976 ιι.
967 4921 1018 4972 8.

320 4990 363 5020 ⁵⁷
394 4993 547 5052 Rom.
579 5009 614 5057 ι,
647 4992 699 5051 5.

1127 4919 1170 4949 ⁸³
1194 4919 1372 4973 Colos.
1409 4935 1444 4978 ι,
1484 4919 1569 4973 18.

790 4990 832 5021 ⁸⁸
859 4989 886 5050 l_
907 4989 1041 5041 Tim.
1070 5004 1143 5051 ιι,
1183 4989 1236 5042 5.
1329 4987 1372 5018 δ’
1397 4986 1556 5040 llebr.
1587 5003 1676 5050 ιιι,
1717 4988 1768 5044 1,

391 5142 706 5212 (55)Ε‹1ἱιί.
757 5146 1110 5214 afﬁrmabitur
1164 5163 1195 5197 a
1235 5145 1445 5200 nostris.
1492 5145 1588 5198 Ms.
1645 5144 1844 5214 Regius

323 5223 470 5326 :llllltll.
496 5214 660 5331 ι4659.
691 5213 1042 5282 afﬁrmabitur
1069 5232 1100 5265 a
1124 5215 1306 5276 nobis;
1337 5215 1513 5270 cazteri
1550 5229 1678 5266 vero
1713 5213 1838 5266 mss.

405 5293 454 5326 In
517 5295 578 5331 ex
607 5297 658 5331 ιι.

405 5293 454 5326 ιιι
496 5293 658 5332 textu.

394 5342 502 5410 (54)
535 5347 690 5406 Editi,
721 5357 766 5398 et
785 5347 890 5399 alia
920 5348 1178 5399 similiter.

398 5411 666 5486 (§5)_Editi
700 5424 751 5466 et
787 5431 913 5486 mss.
962 5417 1126 5486 nostri
1162 5418 1271 5486 fere
1315 5433 1501 5473 omnes
1539 5421 1758 5480 habent,
1787 5418 1840 5468 in

332 5477 476 5552 tertio
508 5477 794 5552 Regnorum
824 5482 986 5552 libro;
1020 5485 1111 5535 sed
1139 5485 1295 5546 male,
1337 5501 1452 5538 cum
1487 5495 1695 5541 constet
1735 5477 1839 5538 non

333 5545 386 5596 in
413 5545 746 5615 _t_e_rtio_ha:c,
777 5551 866 5598 sed
899 5551 946 5600 in
980 5560 1167 5615 quarto
1191 5545 1426 5605 exstare.

404 5610 513 5680 (56)
535 5612 793 5689 Sicut-acte
818 5630 913 5666 ius.
937 5610 1128 5689 Regius
1148 5619 1490 5689 nuin._1639;
1514 5622 1687 5685 caeteri
1717 5634 1844 5672 vero

335 5693 471 5746 mss._
495 5688 548 5733 et
579 5679 724 5740 editi,
748 5679 1026 5746 jungetur.
1053 5682 1346 5739 Verisimile
1373 5697 1456 5740 est
1479 5679 1757 5760 Drigenent
1782 5691 1845 5742 de

1839 4988 1884 5018 ⁵⁰
1911 4986 2038 5040 Luc.
2075 4985 2236 5049 ιν,18.

2812 4852 2860 4892 ⁶η⁰
2886 4852 3074 4907 Rom.
3097 4877 3140 4920 ι,
3169 4852 3256 4915 4(
3323 4852 3368 4896 δὶ
3441 4852 3565 4917 τίοι-ξ

2247 4917 2290 4947 ⁸⁸
2330 4914 2534 4997 ξξθιιιικ
2560 4933 2732 4978 xxvii,
2762 4921 2855 4997 £52.
2984 4925 3032 4968 ‘5’
3066 4914 3254 4983 ιιὶειηέ.
3323 4949 3430 4997 xu,

2339 4985 2380 5014 δι
2417 4983 2558 5038 Psal.
2594 5003 2736 5051 thv,
2765 4993 2819 5043 5.

1947 5144 2032 5198 his
2080 5141 2397 5212 disseruisse
2443 5151 2592 5196 tomo
2653 5161 2670 5198 ι
2712 5147 3264 5209 Commentariorum
3314 5159 3375 5209 in
3419 5156 3536 5212 Has

1952 5214 2174 5272 tharum;
2207 5211 2296 5263 sed
2334 5211 2449 5264 haec
2479 5216 2642 5267 modo
2673 5233 2778 5268 non
2816 5231 3062 5273 exstant.

2017 5278 2128 5348 (57)
2161 5279 2297 5331 Editi
2327 5291 2382 5330 et
2410 5296 2510 5332 ms.
2546 5297 2712 5346 unus,
2739 5303 3140 5342 consummare.

2019 5349 2128 5482 (58)
2149 5348 2286 5425 Editi
2315 5355 2368 5398 et
2397 5363 2499 5400 ms.
2538 5365 2702 5417 unus,
2729 5357 2937 5422 gloria’.

2019 5415 2105 5482 ('59
2161 5415 2251 5469 Sic
2281 5431 2412 5468 mss.
2448 5419 2734 5482 plerique;
2767 5427 2900 5480 editi
2931 5442 2937 5458 ‘

1944 5415 2251 5548 "$225M
2281 5431 2412 5468 mss.
2448 5415 2696 5488 plerique
2718 5415 2749 5489 ξ
2767 5427 2900 5480 editi
2931 5442 3062 5480 vero
3108 5437 3164 5480 et
3211 5447 3333 5487 ms.
3373 5450 3521 5488 unus
3546 5474 3565 5498 ,

2017 5551 2125 5619 (40)
2163 5551 2256 5604 Sic
2290 5568 2431 5627 ‘mss.
2479 5555 2550 5608 At
2592 5573 2730 5617 vero
2767 5565 2922 5627 editi,
2945 5575 2996 5618 et
3023 5567 3189 5618 multa
3227 5581 3565 5624 sanctorum

1947 5621 2300 5740 :zgzogawgui
2342 5622 2694 5695 dormierunt,
2749 5621 3096 5692 surreaterunt
3125 5677 3139 5699 ,
3194 5647 3254 5689 et

2073 5727 2090 5752 λ
2114 5723 2216 5741 11κο
