3836 6248
279 359 380 413 835

1687 356 1998 413 ORIGENIS

3479 342 3608 396 836

277 487 469 530 cetera
504 475 645 533 colit.
677 476 775 527 hoc
804 475 877 524 illi
916 475 1050 525 Datis
1096 485 1192 527 est.
1233 475 1337 529 Sed
1368 477 1640 532 videamus
1674 479 1797 545 quid
1827 484 1871 536 Α
1903 478 2013 542 ipse
2047 477 2296 531 Dominus
2336 477 2548 532 dicebat
2584 477 2651 529 ad
2694 471 3153 528 Samaritanam
3195 464 3535 518 mulierem
3573 481 3593 516 :

276 577 357 618 est
404 582 497 633 pro
529 581 631 631 quo
660 565 944 632 Apostolus
973 568 1170 632 gratias
1220 570 1326 636 agit
1370 569 1475 623 Deo
1505 586 1618 623 suo.
1661 569 1800 634 Quo-

279 656 442 714 niam,
490 654 681 718 inquit,
720 654 846 718 ﬁdes
882 665 1051 707 vestra
1093 660 1439 709 annuntiatnr
1476 660 1530 711 in
1568 661 1799 710 universo

274 743 484 797 mundo.
527 742 591 793 In
618 744 852 795 universo
902 745 1091 796 mundo
1136 746 1177 797 si
1211 745 1527 813 simpliciter
1572 747 1802 812 accipia-

275 847 410 897 mus,
453 834 553 886 hoc
583 834 790 887 videtur
838 835 1115 902 designare
1159 837 1295 905 (51),
1346 840 1483 903 quod
1532 839 1585 890 in
1621 838 1801 890 multis

273 919 402 972 locis
449 920 652 983 mundi,
698 920 798 973 hoc
831 929 912 973 est
956 930 1108 973 terrm
1145 923 1325 987 huius,
1355 940 1539 976 eormn
1572 926 1659 992 qui
1692 924 1800 975 Ro-

271 1021 369 1061 mae
394 1017 517 1060 sunt
548 1008 679 1061 lides
704 1019 759 1063 et
786 1010 971 1078 religio
1002 1012 1335 1078 praedicetur.
1365 1012 1421 1065 Si
1457 1029 1604 1075 vero,
1643 1024 1700 1064 ut
1749 1014 1799 1064 in

272 1098 565 1157 nonnullis.
599 1100 756 1151 etiam
810 1100 859 1151 in
910 1102 1008 1151 hoc
1061 1101 1175 1153 loco
1225 1104 1451 1154 mundus
1496 1104 1803 1169 designatur

270 1187 361 1251 qui
394 1202 456 1239 ex
489 1187 626 1240 cmlo
667 1196 877 1239 constat
921 1198 973 1240 et
1018 1198 1178 1247 terra,
1213 1199 1370 1256 atque
1395 1192 1638 1244 omnibus
1683 1208 1802 1258 qua:

273 1276 329 1329 iu
358 1276 437 1328 eis
471 1288 614 1339 sunt,
648 1285 821 1342 potest
848 1278 1007 1329 etiam
1039 1276 1163 1329 iliud
1204 1278 1420 1347 intelligi
1468 1282 1605 1346 quod
1638 1284 1802 1333 virtu-

269 1377 367 1429 tes,
403 1367 469 1419 de
492 1368 683 1432 quibus
708 1367 904 1421 dicitur
932 1368 1055 1435 quia
1102 1369 1352 1435 gaudium
1394 1370 1612 1423 habeant
1652 1388 1803 1439 super

266 1472 368 1509 uno
401 1470 664 1525 peccatore
694 1460 1042 1524 paenitentiam
1083 1469 1266 1527 agente
1303 1461 1373 1522 '9,
1418 1461 1586 1515 multo
1636 1464 1802 1530 magis

267 1549 333 1601 de
358 1548 708 1602 conversione
735 1563 948 1616 quoque
990 1558 1042 1601 et
1080 1551 1183 1602 (ide
1231 1549 1589 1603 Romanorum
1622 1552 1802 1605 limen-

268 1648 374 1701 tur,
419 1640 793 1692 nuntiantibus
839 1640 937 1691 sibi
990 1640 1194 1708 angelis
1241 1642 1347 1693 illis
1387 1643 1475 1709 qui
1509 1644 1803 1696 ascendunt

265 1739 319 1780 et
350 1730 678 1783 descendunt
715 1732 779 1783 ad
814 1731 1004 1783 Filium
1042 1732 1271 1784 hominis
1294 1733 1381 1784 ’9'.
1417 1733 1479 1785 Et
1526 1734 1624 1801 ipsi
1660 1736 1798 1786 enim

1914 564 2057 619 Venit
2101 573 2228 619 hora
2272 566 2401 636 (54),
2462 574 2511 618 et
2562 580 2704 616 nunc
2748 572 2859 624 est,
2917 558 3157 627 quando
3196 555 3323 606 veri
3377 556 3599 603 adora-

1902 668 2034 710 tores
2079 659 2369 710 adorabunt
2428 656 2756 717 Patrem,in
2809 651 3029 719 spiritu
3084 657 3139 698 et
3196 647 3462 696 veritate
3516 643 3591 696 ‘9.

1901 749 2003 801 Sed
2055 747 2246 800 Paulus
2302 762 2405 799 non
2452 745 2628 799 solum
2684 746 2890 795 adorat
2944 740 3008 792 in
3070 735 3326 800 spiritu.
3372 748 3591 785 verum

1901 848 1952 889 ct
2011 838 2242 889 deservit
2306 837 2360 888 in
2413 836 2643 903 spiritu.
2707 831 2853 885 Nam
2918 828 3182 881 adorare
3262 823 3417 892 quis
3487 837 3594 889 po-

1904 936 2004 979 test
2036 935 2089 978 et
2123 926 2238 980 sine
2261 925 2491 989 affectu;
2526 922 2812 975 deservire
2867 932 3016 971 vero
3060 915 3197 982 ejus
3251 921 3357 964 est
3402 926 3591 977 quem

1900 1016 2217 1079 constringit
2255 1013 2493 1067 allectus.
2547 1010 2805 1064 Deservit
2853 1020 3000 1073 ergo
3048 1000 3399 1067 Apostolus
3442 1000 3592 1062 Deo,

1902 1123 2004 1158 non
2038 1106 2087 1157 in
2117 1119 2364 1171 corpore,
2398 1117 2573 1169 neque
2603 1103 2653 1152 in
2684 1100 2906 1157 anima,
2943 1096 3050 1148 sed
3080 1095 3142 1146 iu
3189 1091 3468 1144 meliore
3496 1090 3593 1141 sui

1901 1206 2072 1263 parte,
2098 1197 2146 1248 id
2165 1207 2245 1248 est
2268 1196 2317 1245 in
2346 1194 2561 1261 spiritu.
2590 1191 2718 1244 Haec
2739 1189 2895 1242 enim
2924 1185 3041 1238 tria
3066 1197 3208 1237 esse
3243 1184 3309 1233 in
3334 1180 3593 1233 homine

1901 1288 2141 1351 designat
2171 1286 2237 1338 ad
2261 1282 2788 1336 Thessalonicenses
2815 1276 3126 1336 scribens,
3149 1289 3298 1326 cum
3324 1272 3551 1324 dicit”
3570 1289 3591 1324 :

1900 1373 1969 1426 Ut
2002 1375 2260 1440 integrum
2304 1387 2492 1439 corpus
2531 1379 2793 1430 vestrum,
2827 1376 2879 1418 et
2917 1365 3128 1416 anima
3163 1404 3178 1425 ,
3216 1372 3280 1414 et
3332 1362 3590 1429 spiritus

1898 1466 1953 1516 in
1993 1464 2077 1515 die
2119 1462 2329 1514 Domini
2358 1460 2525 1512 nostri
2563 1457 2698 1510 Jesu
2730 1455 2951 1508 Chriin
2986 1465 3294 1505 servetur.
3340 1453 3418 1503 Et
3476 1452 3590 1504 Da-

1901 1554 2003 1605 niel
2046 1553 2213 1605 dicit:
2251 1550 2486 1602 Laudate
2514 1589 2527 1609 ,
2569 1548 2798 1613 spiritus
2852 1554 2905 1596 et
2962 1545 3186 1596 anima:
3238 1544 3585 1610 justorum,

1901 1644 2177 1694 Dominum
2200 1642 2267 1693 9‘.
2308 1640 2595 1708 Apostolus
2622 1654 2760 1703 ergo
2794 1637 3024 1701 ubique
3074 1634 3377 1701 spiritum
3432 1649 3589 1701 prae-

1903 1731 2024 1793 fert,
2050 1742 2104 1783 et
2137 1730 2379 1796 repudiat
2411 1743 2633 1779 carnem
2689 1726 2781 1778 vel
2816 1740 2952 1791 quae
2987 1724 3203 1776 carnis
3248 1732 3423 1777 sunt.
3465 1722 3585 1776 De-

266 1819 530 1871 mirautur
576 1822 639 1873 de
681 1823 1031 1874 conversione
1055 1822 1312 1889 gentium,
1344 1831 1394 1875 et
1427 1824 1566 1889 quod
1600 1825 1651 1876 in
1682 1840 1797 1877 om-
1830 1798 1871 1850 Β
1900 1821 2064 1887 nique
2095 1829 2147 1872 et
2181 1818 2313 1886 legis
2344 1819 2509 1884 ipsius
2534 1818 2794 1884 spiritum
2826 1813 3032 1866 laud-“ll
3062 1830 3079 1873 ξ
3114 1813 3397 1865 "ueram
3437 1828 3581 1865 νεΓο

266 1923 387 1963 nem
411 1920 607 1963 terram
639 1913 802 1965 exivit
840 1927 1003 1965 sonus
1033 1914 1392 1979 apostolorum
1420 1914 1615 1966 Christi
1651 1913 1794 1967 .lestt.

268 1996 502 2065 Denique
524 2008 577 2049 et
603 2014 799 2066 agones
826 2000 1057 2064 ipsorum
1090 2010 1392 2065 spectantes
1426 2000 1478 2052 in
1516 2002 1615 2052 hoc
1643 2018 1795 2052 lltllll-

265 2090 332 2140 da
366 2087 631 2152 laetantur,
661 2088 797 2140 sicut
852 2088 1139 2154 Apostolus
1177 2089 1373 2141 dicit"°
1399 2105 1412 2141 :
1441 2089 1576 2154 Quia
1602 2102 1797 2156 specta-

265 2175 440 2227 culum
475 2176 602 2243 facti
633 2192 809 2228 sumus
852 2177 971 2228 huic
999 2178 1209 2239 mundo,
1238 2188 1284 2229 et
1320 2178 1536 2245 angelis,
1565 2190 1610 2230 et
1635 2182 1795 2230 homi-

263 2264 438 2316 nibus.
484 2262 664 2315 Potest
698 2274 871 2316 tamen
905 2274 958 2316 et
988 2265 1060 2316 ita
1090 2264 1335 2332 intelligi,
1364 2269 1504 2333 quod
1539 2266 1666 2319 lides
1697 2268 1793 2319 ista

264 2367 422 2418 quam
464 2351 686 2406 Romani
727 2353 967 2415 habent,
1007 2353 1121 2421 ipsa
1165 2355 1455 2421 eademque
1490 2358 1577 2419 sit,
1606 2368 1658 2408 et
1694 2375 1792 2409 non

263 2443 385 2502 alia,
418 2458 576 2511 quam
605 2458 724 2509 quia:
764 2443 812 2493 in
864 2444 1113 2496 universo
1150 2444 1346 2497 mundo
1372 2447 1716 2498 annuntiatnr
1744 2457 1794 2498 ct

263 2533 522 2594 creditur,
560 2550 677 2600 qum
700 2548 800 2585 non
830 2535 998 2586 solum
1025 2535 1075 2585 in
1109 2543 1268 2594 terra,
1299 2536 1390 2586 sed
1417 2538 1574 2587 etiam
1606 2537 1657 2588 in
1687 2552 1794 2590 cm-

263 2624 328 2675 lis
356 2624 677 2691 prmdicatur
708 2642 721 2675 :
751 2626 874 2691 quia
907 2624 1063 2677 Jesus
1104 2625 1408 2692 paciﬁcavit
1452 2640 1543 2691 per
1582 2628 1795 2692 sangui-

263 2731 384 2767 nem
410 2730 560 2766 suum
597 2729 697 2766 non
721 2715 890 2767 solum
910 2730 1026 2781 quae
1055 2715 1105 2766 in
1133 2717 1293 2767 terris
1324 2726 1467 2775 sunt,
1496 2716 1587 2767 sed
1609 2726 1793 2782 etqua:

262 2807 315 2857 iu
370 2805 520 2858 caelis
545 2805 621 2865 ⁸¹ς
671 2816 726 2859 et
763 2806 813 2857 in
863 2807 1072 2859 nomine
1106 2807 1222 2873 ejus
1267 2821 1402 2873 genu
1450 2807 1662 2859 ﬂectunt
1690 2822 1790 2858 non

262 2897 430 2947 solum
482 2896 786 2956 terreStria,
828 2896 920 2947 sed
957 2907 1011 2947 et
1053 2895 1287 2949 cmlestia
1317 2904 1365 2948 et
1402 2896 1605 2949 inferna
1633 2896 1697 2947 ⁸³.
1730 2896 1792 2947 Et

261 2983 364 3036 Luc
391 2994 475 3037 est
515 2984 569 3033 in
624 2984 871 3036 universo
916 2983 1113 3036 mundo
1151 2984 1305 3037 [idem
1348 2984 1624 3052 prtedicari
1650 3023 1664 3048 ,
1699 3000 1792 3051 per

262 3086 420 3138 quam
452 3071 625 3125 onmis
660 3070 886 3124 mundus
915 3072 984 3124 sit
1009 3072 1123 3139 (52)
1151 3073 1397 3125 subditus
1441 3074 1545 3126 Deo
1578 3075 1645 3125 ⁸³.
1678 3074 1788 3127 Ob-
1817 3107 1857 3162 Ε

261 3165 577 3218 servandum
604 3178 733 3217 sane
761 3173 844 3217 est
865 3166 985 3231 quia
1007 3164 1071 3217 ad
1107 3166 1205 3217 hoc
1232 3167 1370 3231 quod
1394 3166 1549 3231 dixit,
1572 3169 1790 3235 primum

259 3256 487 3322 quidem,
515 3269 620 3309 non
657 3255 908 3318 reddidit,
939 3255 1087 3308 verbi
1119 3258 1311 3322 gratia.
1337 3268 1394 3308 ut
1421 3259 1622 3311 diceret
1650 3278 1662 3312 :
1696 3259 1793 3312 Se-

261 3344 437 3397 cundo
470 3354 679 3407 autem;
706 3344 801 3396 sed
835 3354 889 3395 ut
937 3346 1278 3411 praediximus
1316 3346 1383 3400 de
1410 3347 1793 3403 elocutionibus

262 3438 442 3489 minus
485 3435 686 3496 ﬁnitis;
726 3435 826 3487 nisi
860 3434 996 3488 forte
1026 3436 1268 3487 videatur
1302 3437 1355 3489 in
1397 3451 1461 3490 eo
1492 3439 1637 3492 reddi
1673 3455 1790 3492 cum

262 3526 431 3578 dicit:
471 3522 606 3575 Nolo
640 3534 809 3576 autem
831 3540 914 3576 vos
940 3526 1199 3589 ignorare,
1232 3524 1423 3592 fratres
1448 3526 1516 3579 “.

332 3614 419 3668 i0.
444 3612 607 3665 Testis
638 3614 773 3664 enim
797 3614 923 3665 mihi
957 3624 1029 3665 est
1069 3613 1228 3676 Deus,
1276 3616 1360 3666 cui
1399 3616 1565 3668 seruio
1605 3617 1659 3668 in
1686 3617 1792 3684 spi-

262 3705 369 3756 ritu
397 3718 529 3764 meo,
572 3703 625 3754 in
667 3700 944 3770 Evangelia
975 3700 1105 3754 Filii
1129 3703 1241 3771 ejus
1266 3702 1332 3756 ⁸³.
1364 3703 1504 3758 Deus
1530 3707 1681 3759 teStis
1711 3714 1794 3761 est

260 3797 459 3849 sanctis
474 3795 608 3851 suis.
633 3794 753 3861 quia
779 3803 832 3846 et
863 3793 958 3860 ipsi
1003 3802 1160 3847 testes
1202 3805 1325 3848 sunt
1350 3795 1464 3861 Dei,
1501 3799 1789 3852 secundum

261 3884 399 3948 quod
423 3884 548 3936 dicit
589 3883 837 3950 propheta
861 3881 1007 3953 (53):
1050 3883 1213 3937 Erilis
1241 3887 1365 3939 mihi
1406 3896 1578 3954 testes,
1616 3897 1668 3941 et
1696 3905 1789 3956 ego

262 3975 428 4035 testis,
450 3975 575 4025 dicit
613 3972 857 4025 Dominus
878 3973 944 4024 ⁸⁸.
972 3972 1075 4026 Sed
1106 3983 1161 4027 et
1189 3975 1436 4029 Salvator
1467 3979 1532 4031 ad
1556 3979 1791 4045 discipu-

258 4065 341 4116 los
373 4064 500 4117 dicit
527 4064 570 4095 ⁸⁷
602 4079 614 4114 :
648 4063 808 4114 lCritis
848 4064 981 4113 mihi
1020 4072 1170 4115 testes
1203 4065 1257 4116 in
1308 4063 1620 4129 Jerusalem,
1663 4076 1711 4119 et
1737 4068 1789 4119 in

257 4148 521 4211 Samaria,
547 4160 592 4203 et
618 4151 672 4201 in
694 4151 930 4202 omnibus
948 4151 1136 4214 ﬁnibus
1153 4160 1324 4214 terrm,
1348 4152 1640 4206 secundum
1665 4153 1789 4206 illud

259 4240 396 4306 quod
424 4240 678 4305 scriptum
701 4248 785 4291 est
799 4238 846 4270 ⁸⁸
883 4254 897 4290 :
924 4239 1026 4302 Qui
1054 4241 1314 4309 confessus
1338 4242 1492 4308 fuerit
1525 4244 1578 4295 in
1616 4259 1715 4305 me,
1741 4254 1790 4296 et
1814 4250 1817 4253 '

259 4344 351 4397 ego
395 4330 677 4395 conﬁtebor
722 4330 775 4380 in
811 4344 869 4379 eo
914 4345 1087 4381 coram
1131 4329 1291 4384 Patre
1333 4349 1463 4386 meo.
1507 4332 1789 4387 Videamus

261 4425 436 4469 autem
461 4416 588 4483 quid
618 4425 699 4469 est
722 4417 863 4484 quod
898 4418 1043 4480 dicit,
1070 4420 1152 4471 cui
1178 4422 1340 4475 servio
1359 4424 1414 4474 in
1440 4423 1623 4490 spiritu
1656 4438 1787 4477 meo.
1816 4424 1867 4482 Ι)

260 4504 474 4558 Servire
505 4505 557 4557 in
584 4505 773 4572 spiritu
807 4506 982 4558 simile
1026 4509 1149 4562 mihi
1191 4511 1401 4564 videtur
1435 4525 1574 4574 esse,
1606 4512 1712 4565 imo
1734 4522 1789 4566 et

258 4593 489 4663 amplius
530 4593 730 4662 aliquid
778 4609 934 4662 quam
985 4598 1207 4653 adorare
1243 4601 1294 4653 in
1323 4601 1532 4669 spiritu,
1573 4601 1710 4655 sicut
1735 4612 1790 4655 et

326 4754 373 4786 "
404 4753 537 4811 Luc.
564 4770 653 4815 ιν,
697 4753 785 4807 10.

255 4823 303 4854 ⁸⁵
323 4822 542 4896 ῐξρωᾳ,
569 4824 652 4896 l3.
727 4822 772 4854 ⁸⁸
799 4822 924 4896 ibid.
957 4830 1009 4879 9.
1103 4822 1290 4882 “lsai.
1315 4845 1440 4882 sun
1468 4870 1482 4896 ,
1514 4830 1598 4883 12.

255 4906 309 4962 v,
331 4890 421 4962 33.
495 4893 539 4924 ’ί
565 4892 704 4962 Dan.
734 4906 813 4953 ut,
834 4890 924 4962 βιξ.
997 4897 1042 4929 ⁸³
1071 4896 1108 4949 ll
1126 4897 1249 4951 Cor.
1278 4913 1353 4962 ιιι,
1379 4902 1429 4951 6.

255 4960 303 4990 ⁹⁶
332 4960 486 5015 Rom.
519 4976 612 5023 vu,
646 4959 733 5014 ﬂ.
806 4960 849 4992 "'
882 4960 1033 5018 Rom.
1064 4981 1177 5030 vm,
1207 4966 1292 5020 l3.

261 5115 477 5250 οηέτξῗ)
528 5115 626 5171 "8'
679 5118 878 5188 Regius
930 5138 1075 5177 nunt.
1129 5126 1301 5190 1659,
1359 5131 1455 5181 hoc
1503 5133 1607 5181 vult
1654 5132 1790 5179 dest-

264 5253 441 5369 εοίῗὲ)
485 5256 651 5322 Alias,
683 5259 767 5311 sit.
814 5258 879 5310 Et
907 5259 1066 5323 infra,
1110 5264 1199 5314 sed
1235 5265 1594 5330 praediximus,
1623 5265 1788 5319 omis-

336 5329 578 5469 (ἓξ-μεθ.
602 5408 758 5469 unus,
792 5397 1072 5469 secundum
1109 5401 1245 5467 quod
1264 5402 1401 5469 dicit
1438 5419 1527 5468 per
1572 5402 1787 5469 prophe-

269 5454 483 5536 tiamLEt
504 5460 658 5536 paulo
684 5454 805 5527 post
834 5462 968 5536 alter
996 5481 1094 5536 ms.
1120 5454 1175 5517 et
1212 5468 1361 5531 editi,
1388 5454 1491 5533 Qui
1524 5454 1786 5536 co'nfe'ssus

271 5518 423 5583 fuerit
465 5518 566 5597 me,
590 5535 656 5597 _et
683 5518 773 5594 ego
813 5530 1094 5595 conﬁtebor
1134 5518 1784 5597 eitum—eict—S’ednc'mteri

271 5602 398 5637 mss.
436 5598 489 5638 et
509 5588 755 5644 Rabantis
782 5607 838 5645 ut
867 5588 921 5647 in
950 5607 1114 5651 textu.

341 5653 453 5720 454)
490 5653 617 5708 Mss.
661 5660 879 5726 aliquot,
914 5661 1092 5719 Veniet
1120 5669 1267 5733 hora,
1318 5683 1421 5727 etc.
1473 5673 1617 5727 Alter
1661 5689 1795 5733 ms...

860 4756 925 4787 "‘
954 4754 1108 4811 Joan.
1141 4776 1178 4824 ι,
1208 4760 1296 4813 52.
1369 4761 1414 4792 ⁸⁸
1453 4761 1467 4813 l
1501 4761 1625 4815 Cor.
1658 4777 1728 4823 Iv.
1759 4764 1812 4816 9.

1685 4831 1728 4861 ⁸⁷
1748 4834 1864 4885 Act.
1897 4849 1933 4892 ι.
1968 4833 2019 4886 8.

1538 4898 1583 4928 ³⁸
1612 4898 1767 4952 Rom.
1793 4899 1903 4964 vui,
1952 4903 2004 4955 5.

1378 4967 1423 4998 ³⁸
1456 4965 1608 5021 Joau.
1637 4982 1751 5032 vni,
1775 4968 1860 5022 56.
1934 4969 2166 5024 "Matth.
2198 4988 2332 5039 xvu,
2360 4978 2417 5036 '5.

1899 1919 2145 1977 tanquam
2169 1922 2386 1961 carnem
2412 1907 2643 1975 spernit,
2678 1920 2807 1957 cum
2847 1904 3000 1956 dicit
3024 1905 3119 1957 ἠε
3158 1902 3399 1956 Littera
3433 1904 3585 1955 occi—

1896 2002 2004 2060 dit,
2050 2001 2262 2067 spiritus
2308 2014 2428 2051 vero
2484 2000 2744 2066 viviﬁcat.
2803 1997 2924 2051 Sed
2983 2009 3048 2051 et
3103 2014 3249 2051 cum
3300 1999 3455 2051 dicit
3481 1998 3573 2049 “z

1892 2090 2054 2160 469
2084 2090 2285 2142 Etenim
2322 2092 2372 2143 in
2398 2106 2501 2158 quo
2536 2091 2939 2156 infirmabatur
3004 2092 3106 2144 (ex
3151 2108 3261 2157 per
3312 2106 3576 2150 carnem,

1894 2183 2031 2235 Deus
2081 2180 2283 2233 Filium
2338 2198 2489 2233 suum
2535 2183 2754 2234 mittens
2805 2184 2867 2234 in
2916 2184 3329 2237 similitudine
3383 2185 3575 2235 carnis

1893 2273 2107 2340 peccati,
2138 2287 2352 2326 carnem
2405 2273 2556 2340 legis,
2598 2275 2721 2325 sine
2755 2276 2940 2326 dubio
2988 2276 3266 2329 litteram
3304 2276 3461 2345 legis
3491 2278 3573 2328 di-

1893 2364 1985 2416 cit.
2009 2361 2109 2414 Per
2158 2363 2387 2414 litteram
2428 2378 2663 2428 namque
2705 2362 3145 2418 inlirmabatur
3179 2366 3308 2429 let,
3357 2377 3423 2419 ut
3458 2382 3568 2421 non

1894 2460 2074 2518 posset
2106 2450 2335 2518 impleri.
2369 2450 2503 2514 Quis
2525 2451 2669 2502 enim
2718 2452 2999 2521 impleret
3046 2456 3147 2508 vel
3175 2456 3255 2511 de
3308 2456 3571 2510 Sabbato

1893 2541 2028 2606 quod
2050 2542 2306 2606 scriptum
2332 2551 2413 2592 est
2436 2541 2482 2571 ”
2515 2558 2530 2595 :
2567 2542 2694 2595 Non
2719 2551 2771 2595 te
2797 2546 3063 2598 movebis
3095 2551 3171 2599 de
3218 2547 3354 2599 loco
3389 2558 3485 2600 tuo
3510 2549 3566 2601 iu

1892 2630 1974 2680 die
1999 2628 2346 2682 Sabbatorum
2382 2630 2674 2697 (quomodo
2710 2633 2865 2685 enim
2908 2635 3055 2688 ﬁeri
3106 2645 3384 2702 poterat,
3413 2647 3478 2690 ut
3507 2652 3570 2690 se

1892 2717 2082 2785 aliquis
2110 2720 2323 2786 penitus
2354 2735 2461 2773 non
2494 2732 2739 2775 moveret
2771 2724 2842 2777 de
2883 2725 3027 2778 loco
3062 2742 3180 2780 suo
3201 2728 3263 2780 in
3291 2727 3392 2782 die
3424 2727 3563 2782 Sab-

1891 2809 2132 2860 batorum
2155 2808 2221 2876 ?),
2243 2809 2325 2861 vel
2356 2809 2421 2862 de
2455 2811 2665 2878 legibus
2704 2812 2886 2879 lepra:
2922 2814 2987 2867 in
3046 2818 3349 2881 statnine,
3391 2818 3480 2871 vel
3512 2820 3563 2870 in

1891 2898 2120 2965 pariete,
2156 2899 2237 2949 vel
2279 2899 2330 2950 iu
2356 2900 2608 2966 pellicula
2638 2913 2851 2956 exortae
2878 2905 2962 2967 ",
2998 2916 3065 2959 et
3101 2909 3277 2963 mille
3307 2910 3421 2963 alia
3447 2910 3564 2979 (55)

1891 2989 1942 3040 in
1992 2988 2183 3055 quibus
2235 2990 2529 3042 secundum
2572 2990 2816 3044 litteram
2868 3004 3174 3065 tanquam
3236 3001 3558 3053 secundum

1891 3091 2104 3129 carnem
2129 3076 2399 3129 intirmata
2436 3092 2519 3131 est
2551 3079 2687 3132 lex?
2723 3080 3066 3149 Propterea
3110 3103 3264 3157 ergo
3314 3093 3561 3159 Aposto-

1895 3168 1975 3218 lus
2000 3165 2128 3219 dirit
2149 3166 2216 3231 ",
2247 3168 2367 3231 quia
2404 3166 2488 3220 lex
2520 3169 2820 3235 spiritualis
2853 3186 2967 3228 est.
3011 3177 3136 3242 Qui
3168 3180 3357 3249 igitur
3384 3182 3559 3250 legem

1892 3255 2141 3323 intelligit
2185 3271 2305 3309 esse
2356 3258 2718 3324 spiritualem,
2760 3262 2856 3316 hic
2913 3268 3152 3332 spiritu
3188 3273 3379 3325 servit
3426 3273 3558 3327 Deo.

1897 3344 2043 3398 Unde
2070 3354 2126 3397 et
2155 3346 2286 3399 alias
2317 3347 2448 3399 dicit
2470 3348 2515 3379 ’⁷
2547 3368 2559 3402 :
2588 3348 2654 3402 Si
2673 3352 2819 3402 enim
2844 3360 3192 3412 secundum
3220 3377 3456 3416 carnem
3477 3364 3560 3415 ti-

1889 3441 2092 3503 meritis,
2125 3441 2438 3506 moriemini,
2466 3443 2569 3494 hoc
2591 3452 2695 3507 est,
2741 3451 3089 3505 secundum
3124 3454 3397 3510 litteram
3438 3472 3562 3527 qua:

1890 3530 2083 3582 occidit
2118 3531 2382 3594 ;siautem
2404 3534 2593 3599 spiritu
2613 3546 2763 3587 actus
2793 3542 3001 3593 carnis
3041 3548 3556 3614 mortiﬁcaaeritis.

1890 3620 2084 3673 vivetis.
2127 3619 2526 3688 Requirendum
2558 3637 2690 3677 sane
2734 3635 2823 3678 est
2868 3630 2924 3681 si
2959 3641 3027 3684 et
3060 3647 3279 3701 patres
3313 3639 3558 3707 antiqui,

1889 3711 2229 3777 patriarchae,
2262 3712 2344 3763 vel
2385 3715 2688 3781 prophetae,
2723 3718 2821 3785 qui
2877 3723 3079 3777 etiam
3149 3728 3266 3796 ipsi
3331 3730 3560 3785 fuerunt

1890 3799 2132 3867 perfecti,
2161 3802 2212 3852 in
2248 3802 2437 3867 spiritu
2469 3803 2581 3856 Deo
2607 3809 2854 3862 servisse
2887 3811 3027 3882 (56)
3062 3820 3367 3873 credendi
3403 3832 3556 3882 sunt,

1889 3889 2015 3956 quia
2040 3897 2095 3941 et
2121 3890 2380 3940 Abraham
2405 3890 2723 3947 desideravit
2764 3907 2824 3948 ut
2848 3900 3081 3957 videret
3121 3908 3283 3961 diem
3310 3910 3558 3973 Domini,

1889 3986 1936 4030 et
1959 3978 2103 4041 vidit,
2132 3988 2179 4030 et
2204 3978 2409 4033 lwtalus
2433 3993 2512 4034 est
2535 3983 2581 4014 ⁸³⁸
2608 3999 2624 4047 ;
2672 3993 2729 4038 et
2760 3985 3001 4056 Moyses
3038 4007 3098 4049 et
3149 3998 3332 4054 Elias
3389 4018 3561 4070 appa.

1889 4079 2098 4121 ruerunt
2123 4069 2173 4122 in
2207 4070 2371 4136 gloria
2402 4073 2756 4139 colloquentes
2799 4097 2935 4134 cum
2972 4084 3126 4143 Iesu
3161 4092 3222 4146 in
3262 4104 3467 4148 monte
3488 4095 3556 4145 ”.

1889 4160 1943 4253 ln
1972 4173 2077 4226 quo
2105 4160 2403 4213 ostenditur
2430 4160 2628 4233 Legem
2655 4176 2710 4219 et
2738 4168 3086 4240 Prophetas
3113 4195 3260 4236 cum
3300 4185 3561 4253 Evange-

1890 4248 1974 4301 liis
1994 4263 2314 4313 consonare,
2351 4260 2406 4304 et
2462 4253 2516 4305 in
2569 4256 2762 4310 eadem
2793 4262 2994 4329 gloria
3039 4273 3353 4339 spiritalis
3387 4248 3556 4344 aspe-

1891 4348 2008 4390 ctus
2038 4349 2195 4405 atque
2229 4339 2595 4411 intelligentia:
2634 4348 2946 4418 refulgere.

1962 4430 2050 4485 11.
2089 4428 2360 4491 Quomodo
2389 4435 2503 4487 sine
2543 4439 2957 4499 intermissione
3012 4458 3378 4513 memoriam
3396 4462 3562 4515 vestri

1895 4518 2029 4584 facio
2069 4534 2268 4584 semper
2314 4523 2369 4573 in
2408 4526 2740 4582 orationibus
2787 4534 2961 4600 meis,
2997 4543 3331 4601 obsecrans
3361 4554 3415 4603 si
3451 4566 3561 4618 quo

1892 4607 2044 4657 modo
2071 4609 2275 4659 tandem
2325 4610 2611 4682 aliquando
2655 4633 2988 4687 prosperum
3039 4631 3165 4685 iter
3226 4607 3478 4692 habeam
3502 4639 3561 4692 in

1887 4765 1928 4857 ξι
1965 4763 2343 4857 9010Ῐᾶ
2394 4770 2783 4857 ,u.El'iliR‘."’
2816 4777 2909 4835 1οι
3026 4786 3089 4857 ,⁸³
3117 4788 3307 4851 Rom.
3343 4811 3433 4857 tu.
3467 4795 3555 4849 l9-

2166 4833 2357 4918 ἔξειμι).
2386 4856 2440 4899 x.
2472 4833 2682 4918 Sin“
2706 4833 2871 4918 Jo'an.
2898 4833 2983 4914 iv,
3012 4833 3317 4917 esfwi'o'i

2107 4902 2513 5001 Plus-udam,
2567 4913 2658 4969 29.
2757 4915 2807 4946 ⁰⁸
2844 4902 3241 4997 ιενῖιῗῖιιι,

1898 5128 2283 5255 ὤιὶξεῖὗῖιεηὶι
2317 5141 2481 5217 hora,
2522 5159 2630 5208 etc.
2667 5149 2776 5206 Sed
2805 5162 2998 5209 caeteri
3031 5172 3185 5213 mss.
3227 5173 3291 5218 et
3315 5166 3459 5223 editi
3494 5180 3550 5222 ut

1965 5266 2225 5369 ςξξὲ)
2257 5294 2405 5369 mss.
2432 5292 2706 5369 Plerique.
2748 5290 3134 5369 Cteteri__vero
3188 5311 3252 5355 e:
3293 5304 3467 5369 editi,
3500 5318 3545 5359 et

1893 5336 2067 5455 mg.
2096 5342 2244 5412 αιεα,
2280 5336 2404 5413 cui;
2432 5336 2706 5440 etiam:
2742 5336 2915 5437 ..ξπ
2934 5336 3133 5420 ea;
3161 5336 3547 5430 guttis;

1917 5472 2372 5577 Eii?!“
2404 5508 2600 5574 ³Ρίτίειι
2638 5512 2739 5567 Deo
2778 5504 2912 5561 δετυί
2956 5521 3070 5558 es“
3106 5506 3256 5576 (ms.
3286 5515 3540 5577 unus,in

1892 5553 2109 5666 Ξᾷιὲῗι
2142 5553 2520 5666 ξξτςῗειεεῗυὶ
2539 5553 2746 5657 εξ.εεῖνᾶ
2778 5580 2980 5651 gavisus
3019 5553 3125 5639 est:
3156 5555 3283 5637 θεέ,
3326 5553 3547 5637 οξέιίιτξ,

2007 5651 2019 5664 .
2053 5626 2109 5671 ut
2142 5626 2199 5677 in
2235 5626 2429 5701 ιρχιυξ
