  <div class='ocr_page' id='page_1' title='image "/cluster/home/n/w/nwhite01/storage/ocr_20150623/14 (Origen; pt. 4)/nyp.33433081862280/441.png"; bbox 0 0 3836 6246; ppageno 0'>
   <div class='ocr_carea' id='block_1_1' title="bbox 351 344 454 397">
    <p class='ocr_par' dir='ltr' id='par_1_1' title="bbox 351 344 454 397">
     <span class='ocr_line' id='line_1_1' title="bbox 351 344 454 397; baseline -0.039 -1"><span class='ocrx_word' id='word_1_1' title='bbox 351 344 454 397; x_wconf 62' lang='grc' dir='ltr'><strong>δπό</strong></span> 
     </span>
    </p>
   </div>
   <div class='ocr_carea' id='block_1_2' title="bbox 1783 322 2099 399">
    <p class='ocr_par' dir='ltr' id='par_1_2' title="bbox 1783 322 2099 399">
     <span class='ocr_line' id='line_1_2' title="bbox 1783 322 2099 399; baseline -0.013 -20"><span class='ocrx_word' id='word_1_2' title='bbox 1783 322 2099 399; x_wconf 70' lang='lat' dir='ltr'><strong>QRIGENIS</strong></span> 
     </span>
    </p>
   </div>
   <div class='ocr_carea' id='block_1_3' title="bbox 3566 294 3674 343">
    <p class='ocr_par' dir='ltr' id='par_1_3' title="bbox 3566 294 3674 343">
     <span class='ocr_line' id='line_1_3' title="bbox 3566 294 3674 343; baseline 0 -1"><span class='ocrx_word' id='word_1_3' title='bbox 3566 294 3674 343; x_wconf 67' lang='grc' dir='ltr'>8ϋό</span> 
     </span>
    </p>
   </div>
   <div class='ocr_carea' id='block_1_4' title="bbox 353 415 3673 518">
    <p class='ocr_par' dir='ltr' id='par_1_4' title="bbox 353 415 3673 518">
     <span class='ocr_line' id='line_1_4' title="bbox 353 415 3673 518; baseline -0.013 -9"><span class='ocrx_word' id='word_1_4' title='bbox 353 465 463 518; x_wconf 91' lang='lat' dir='ltr'><strong>tur,</strong></span> <span class='ocrx_word' id='word_1_5' title='bbox 501 455 636 507; x_wconf 87' lang='lat' dir='ltr'><strong>sicut</strong></span> <span class='ocrx_word' id='word_1_6' title='bbox 667 459 721 502; x_wconf 89' lang='lat' dir='ltr'><strong>et</strong></span> <span class='ocrx_word' id='word_1_7' title='bbox 765 448 863 501; x_wconf 88' lang='lat' dir='ltr'><strong>Job</strong></span> <span class='ocrx_word' id='word_1_8' title='bbox 904 445 1035 498; x_wconf 92' lang='lat' dir='ltr'><strong>dicit</strong></span> <span class='ocrx_word' id='word_1_9' title='bbox 1067 463 1080 497; x_wconf 88' lang='lat'><strong>:</strong></span> <span class='ocrx_word' id='word_1_10' title='bbox 1110 441 1204 496; x_wconf 87' lang='lat' dir='ltr'><strong>Ira</strong></span> <span class='ocrx_word' id='word_1_11' title='bbox 1252 453 1425 496; x_wconf 86' lang='lat' dir='ltr'><strong>autem</strong></span> <span class='ocrx_word' id='word_1_12' title='bbox 1458 443 1678 496; x_wconf 78' lang='lat' dir='ltr'><strong>‘Domini</strong></span> <span class='ocrx_word' id='word_1_13' title='bbox 1722 455 1793 495; x_wconf 83' lang='lat' dir='ltr'><strong>est</strong></span> <span class='ocrx_word' id='word_1_14' title='bbox 1837 443 1889 492; x_wconf 88' lang='lat' dir='ltr'><strong>in</strong></span> <span class='ocrx_word' id='word_1_15' title='bbox 1918 446 1963 497; x_wconf 79' lang='grc' dir='ltr'><strong>Α</strong></span> <span class='ocrx_word' id='word_1_16' title='bbox 1992 437 2210 489; x_wconf 70' lang='lat' dir='ltr'><strong>tandum</strong></span> <span class='ocrx_word' id='word_1_17' title='bbox 2236 435 2442 487; x_wconf 79' lang='lat' dir='ltr'><strong>videtur</strong></span> <span class='ocrx_word' id='word_1_18' title='bbox 2471 448 2532 487; x_wconf 84' lang='lat' dir='ltr'><strong>ex</strong></span> <span class='ocrx_word' id='word_1_19' title='bbox 2573 433 2657 486; x_wconf 86' lang='lat' dir='ltr'><strong>his</strong></span> <span class='ocrx_word' id='word_1_20' title='bbox 2693 445 2819 499; x_wconf 73' lang='lat' dir='ltr'><strong>qua:</strong></span> <span class='ocrx_word' id='word_1_21' title='bbox 2859 443 2890 480; x_wconf 89' lang='lat' dir='ltr'><strong>a</strong></span> <span class='ocrx_word' id='word_1_22' title='bbox 2921 423 3291 518; x_wconf 21' lang='lat' dir='ltr'><strong>MSalvatore</strong></span> <span class='ocrx_word' id='word_1_23' title='bbox 3326 415 3673 518; x_wconf 43' lang='lat' dir='ltr'><strong>dlCl&#39;l‘II-lllf:</strong></span> 
     </span>
    </p>
   </div>
   <div class='ocr_carea' id='block_1_5' title="bbox 354 532 1887 613">
    <p class='ocr_par' dir='ltr' id='par_1_5' title="bbox 354 532 1887 613">
     <span class='ocr_line' id='line_1_5' title="bbox 354 532 1887 613; baseline -0.009 -18"><span class='ocrx_word' id='word_1_24' title='bbox 354 556 562 609; x_wconf 80' lang='lat' dir='ltr'><strong>corpore</strong></span> <span class='ocrx_word' id='word_1_25' title='bbox 587 553 696 589; x_wconf 88' lang='lat' dir='ltr'><strong>meo</strong></span> <span class='ocrx_word' id='word_1_26' title='bbox 721 536 787 587; x_wconf 76' lang='lat'><strong>“.</strong></span> <span class='ocrx_word' id='word_1_27' title='bbox 816 535 922 586; x_wconf 88' lang='lat' dir='ltr'><strong>Cur</strong></span> <span class='ocrx_word' id='word_1_28' title='bbox 945 540 1119 613; x_wconf 80' lang='lat' dir='ltr'><strong>autem</strong></span> <span class='ocrx_word' id='word_1_29' title='bbox 1152 532 1218 586; x_wconf 89' lang='lat' dir='ltr'><strong>de</strong></span> <span class='ocrx_word' id='word_1_30' title='bbox 1244 533 1378 585; x_wconf 66' lang='lat' dir='ltr'><strong>caalo</strong></span> <span class='ocrx_word' id='word_1_31' title='bbox 1409 548 1547 585; x_wconf 90' lang='lat' dir='ltr'><strong>nunc</strong></span> <span class='ocrx_word' id='word_1_32' title='bbox 1582 533 1655 584; x_wconf 83' lang='lat' dir='ltr'><strong>ira</strong></span> <span class='ocrx_word' id='word_1_33' title='bbox 1686 532 1887 583; x_wconf 88' lang='lat' dir='ltr'><strong>dicitur</strong></span> 
     </span>
    </p>
   </div>
   <div class='ocr_carea' id='block_1_6' title="bbox 354 620 1883 682">
    <p class='ocr_par' dir='ltr' id='par_1_6' title="bbox 354 620 1883 682">
     <span class='ocr_line' id='line_1_6' title="bbox 354 620 1883 682; baseline -0.007 0"><span class='ocrx_word' id='word_1_34' title='bbox 354 624 893 682; x_wconf 84' lang='lat' dir='ltr'><strong>revelari?Fortassis</strong></span> <span class='ocrx_word' id='word_1_35' title='bbox 948 623 1014 675; x_wconf 89' lang='lat' dir='ltr'><strong>ad</strong></span> <span class='ocrx_word' id='word_1_36' title='bbox 1062 621 1456 675; x_wconf 80' lang='lat' dir='ltr'><strong>distinctionem</strong></span> <span class='ocrx_word' id='word_1_37' title='bbox 1504 621 1721 673; x_wconf 72' lang='lat' dir='ltr'><strong>alterius</strong></span> <span class='ocrx_word' id='word_1_38' title='bbox 1770 620 1883 681; x_wconf 66' lang='lat' dir='ltr'><strong>irae,</strong></span> 
     </span>
    </p>
   </div>
   <div class='ocr_carea' id='block_1_7' title="bbox 353 709 1887 781">
    <p class='ocr_par' dir='ltr' id='par_1_7' title="bbox 353 709 1887 781">
     <span class='ocr_line' id='line_1_7' title="bbox 353 709 1887 781; baseline -0.006 -13"><span class='ocrx_word' id='word_1_39' title='bbox 353 732 469 781; x_wconf 73' lang='lat' dir='ltr'><strong>qua:</strong></span> <span class='ocrx_word' id='word_1_40' title='bbox 496 730 595 767; x_wconf 92' lang='lat' dir='ltr'><strong>non</strong></span> <span class='ocrx_word' id='word_1_41' title='bbox 631 722 710 766; x_wconf 92' lang='lat' dir='ltr'><strong>est</strong></span> <span class='ocrx_word' id='word_1_42' title='bbox 740 715 805 765; x_wconf 91' lang='lat' dir='ltr'><strong>de</strong></span> <span class='ocrx_word' id='word_1_43' title='bbox 836 712 993 775; x_wconf 73' lang='lat' dir='ltr'><strong>cmlo,</strong></span> <span class='ocrx_word' id='word_1_44' title='bbox 1023 721 1079 764; x_wconf 88' lang='lat' dir='ltr'><strong>ut</strong></span> <span class='ocrx_word' id='word_1_45' title='bbox 1105 721 1185 766; x_wconf 88' lang='lat' dir='ltr'><strong>est</strong></span> <span class='ocrx_word' id='word_1_46' title='bbox 1214 712 1340 765; x_wconf 89' lang='lat' dir='ltr'><strong>illud</strong></span> <span class='ocrx_word' id='word_1_47' title='bbox 1373 712 1480 779; x_wconf 72' lang='lat'><strong>(83)</strong></span> <span class='ocrx_word' id='word_1_48' title='bbox 1512 728 1524 762; x_wconf 90' lang='lat'><strong>:</strong></span> <span class='ocrx_word' id='word_1_49' title='bbox 1563 709 1739 761; x_wconf 81' lang='lat' dir='ltr'><strong><em>Furor</em></strong></span> <span class='ocrx_word' id='word_1_50' title='bbox 1763 709 1887 760; x_wconf 84' lang='lat' dir='ltr'><strong>dra-</strong></span> 
     </span>
    </p>
   </div>
   <div class='ocr_carea' id='block_1_8' title="bbox 355 800 1891 869">
    <p class='ocr_par' dir='ltr' id='par_1_8' title="bbox 355 800 1891 869">
     <span class='ocr_line' id='line_1_8' title="bbox 355 800 1891 869; baseline -0.005 -14"><span class='ocrx_word' id='word_1_51' title='bbox 355 819 537 855; x_wconf 86' lang='lat' dir='ltr'><strong>conum</strong></span> <span class='ocrx_word' id='word_1_52' title='bbox 583 803 750 854; x_wconf 86' lang='lat' dir='ltr'><strong>vinum</strong></span> <span class='ocrx_word' id='word_1_53' title='bbox 800 818 995 863; x_wconf 89' lang='lat' dir='ltr'><strong>eorum,</strong></span> <span class='ocrx_word' id='word_1_54' title='bbox 1030 813 1073 853; x_wconf 80' lang='lat' dir='ltr'><strong>et</strong></span> <span class='ocrx_word' id='word_1_55' title='bbox 1118 802 1265 869; x_wconf 81' lang='lat' dir='ltr'><strong>furor</strong></span> <span class='ocrx_word' id='word_1_56' title='bbox 1294 801 1599 866; x_wconf 74' lang='lat' dir='ltr'><strong>serpentium</strong></span> <span class='ocrx_word' id='word_1_57' title='bbox 1630 800 1891 850; x_wconf 84' lang='lat' dir='ltr'><strong>insanabi—</strong></span> 
     </span>
    </p>
   </div>
   <div class='ocr_carea' id='block_1_9' title="bbox 356 890 1892 958">
    <p class='ocr_par' dir='ltr' id='par_1_9' title="bbox 356 890 1892 958">
     <span class='ocr_line' id='line_1_9' title="bbox 356 890 1892 958; baseline -0.002 -14"><span class='ocrx_word' id='word_1_58' title='bbox 356 894 420 944; x_wconf 97' lang='lat' dir='ltr'><strong>lis</strong></span> <span class='ocrx_word' id='word_1_59' title='bbox 442 892 505 945; x_wconf 69' lang='lat'><strong>“.</strong></span> <span class='ocrx_word' id='word_1_60' title='bbox 535 891 637 943; x_wconf 90' lang='lat' dir='ltr'><strong>Ant</strong></span> <span class='ocrx_word' id='word_1_61' title='bbox 663 893 798 944; x_wconf 80' lang='lat' dir='ltr'><strong>forte</strong></span> <span class='ocrx_word' id='word_1_62' title='bbox 822 894 958 958; x_wconf 89' lang='lat' dir='ltr'><strong>quod</strong></span> <span class='ocrx_word' id='word_1_63' title='bbox 988 892 1082 957; x_wconf 85' lang='lat' dir='ltr'><strong>ipsi</strong></span> <span class='ocrx_word' id='word_1_64' title='bbox 1111 892 1387 943; x_wconf 84' lang='lat' dir='ltr'><strong>adversum</strong></span> <span class='ocrx_word' id='word_1_65' title='bbox 1414 906 1547 956; x_wconf 89' lang='lat' dir='ltr'><strong>quos</strong></span> <span class='ocrx_word' id='word_1_66' title='bbox 1572 905 1745 941; x_wconf 82' lang='lat' dir='ltr'><strong>sermo</strong></span> <span class='ocrx_word' id='word_1_67' title='bbox 1764 890 1892 941; x_wconf 91' lang='lat' dir='ltr'><strong>diri-</strong></span> 
     </span>
    </p>
   </div>
   <div class='ocr_carea' id='block_1_10' title="bbox 354 979 1890 1049">
    <p class='ocr_par' dir='ltr' id='par_1_10' title="bbox 354 979 1890 1049">
     <span class='ocr_line' id='line_1_10' title="bbox 354 979 1890 1049; baseline 0.001 -20"><span class='ocrx_word' id='word_1_68' title='bbox 354 984 517 1049; x_wconf 83' lang='lat' dir='ltr'><strong>gitur,</strong></span> <span class='ocrx_word' id='word_1_69' title='bbox 563 998 666 1033; x_wconf 87' lang='lat' dir='ltr'><strong>non</strong></span> <span class='ocrx_word' id='word_1_70' title='bbox 712 984 761 1033; x_wconf 90' lang='lat' dir='ltr'><strong>in</strong></span> <span class='ocrx_word' id='word_1_71' title='bbox 809 981 1126 1049; x_wconf 86' lang='lat' dir='ltr'><strong>ignorantia,</strong></span> <span class='ocrx_word' id='word_1_72' title='bbox 1169 981 1257 1033; x_wconf 89' lang='lat' dir='ltr'><strong>sed</strong></span> <span class='ocrx_word' id='word_1_73' title='bbox 1305 980 1609 1031; x_wconf 84' lang='lat' dir='ltr'><strong>inscientia</strong></span> <span class='ocrx_word' id='word_1_74' title='bbox 1652 979 1890 1032; x_wconf 82' lang='lat' dir='ltr'><strong>veritatis</strong></span> 
     </span>
    </p>
   </div>
   <div class='ocr_carea' id='block_1_11' title="bbox 358 1068 1891 1138">
    <p class='ocr_par' dir='ltr' id='par_1_11' title="bbox 358 1068 1891 1138">
     <span class='ocr_line' id='line_1_11' title="bbox 358 1068 1891 1138; baseline 0 -17"><span class='ocrx_word' id='word_1_75' title='bbox 358 1086 578 1138; x_wconf 85' lang='lat' dir='ltr'><strong>peccare</strong></span> <span class='ocrx_word' id='word_1_76' title='bbox 612 1072 879 1131; x_wconf 83' lang='lat' dir='ltr'><strong>dicuntur,</strong></span> <span class='ocrx_word' id='word_1_77' title='bbox 906 1073 1022 1122; x_wconf 82' lang='lat' dir='ltr'><strong>ideo</strong></span> <span class='ocrx_word' id='word_1_78' title='bbox 1045 1072 1093 1123; x_wconf 93' lang='lat' dir='ltr'><strong>in</strong></span> <span class='ocrx_word' id='word_1_79' title='bbox 1126 1086 1218 1122; x_wconf 88' lang='lat' dir='ltr'><strong>eos</strong></span> <span class='ocrx_word' id='word_1_80' title='bbox 1253 1071 1316 1121; x_wconf 87' lang='lat' dir='ltr'><strong>de</strong></span> <span class='ocrx_word' id='word_1_81' title='bbox 1349 1072 1485 1122; x_wconf 73' lang='lat' dir='ltr'><strong>cmlo</strong></span> <span class='ocrx_word' id='word_1_82' title='bbox 1519 1084 1674 1137; x_wconf 72' lang='lat' dir='ltr'><strong>pmna</strong></span> <span class='ocrx_word' id='word_1_83' title='bbox 1704 1068 1891 1136; x_wconf 73' lang='lat' dir='ltr'><strong>dirigi-</strong></span> 
     </span>
    </p>
   </div>
   <div class='ocr_carea' id='block_1_12' title="bbox 360 1157 1894 1228">
    <p class='ocr_par' dir='ltr' id='par_1_12' title="bbox 360 1157 1894 1228">
     <span class='ocr_line' id='line_1_12' title="bbox 360 1157 1894 1228; baseline -0.001 -17"><span class='ocrx_word' id='word_1_84' title='bbox 360 1172 482 1214; x_wconf 88' lang='lat' dir='ltr'><strong>tur:</strong></span> <span class='ocrx_word' id='word_1_85' title='bbox 510 1162 628 1212; x_wconf 87' lang='lat' dir='ltr'><strong>inde</strong></span> <span class='ocrx_word' id='word_1_86' title='bbox 663 1162 801 1212; x_wconf 89' lang='lat' dir='ltr'><strong>enim</strong></span> <span class='ocrx_word' id='word_1_87' title='bbox 846 1175 1121 1228; x_wconf 71' lang='lat' dir='ltr'><strong>pinnarum</strong></span> <span class='ocrx_word' id='word_1_88' title='bbox 1160 1159 1404 1210; x_wconf 85' lang='lat' dir='ltr'><strong>minister</strong></span> <span class='ocrx_word' id='word_1_89' title='bbox 1435 1157 1542 1227; x_wconf 68' lang='grc'><strong>(84)</strong></span> <span class='ocrx_word' id='word_1_90' title='bbox 1574 1159 1763 1225; x_wconf 87' lang='lat' dir='ltr'><strong>accipit</strong></span> <span class='ocrx_word' id='word_1_91' title='bbox 1802 1173 1894 1225; x_wconf 89' lang='lat' dir='ltr'><strong>po-</strong></span> 
     </span>
    </p>
   </div>
   <div class='ocr_carea' id='block_1_13' title="bbox 359 1249 1891 1317">
    <p class='ocr_par' dir='ltr' id='par_1_13' title="bbox 359 1249 1891 1317">
     <span class='ocr_line' id='line_1_13' title="bbox 359 1249 1891 1317; baseline 0.001 -17"><span class='ocrx_word' id='word_1_92' title='bbox 359 1261 627 1306; x_wconf 88' lang='lat' dir='ltr'><strong>testatem.</strong></span> <span class='ocrx_word' id='word_1_93' title='bbox 658 1251 748 1303; x_wconf 78' lang='lat' dir='ltr'><strong>Vel</strong></span> <span class='ocrx_word' id='word_1_94' title='bbox 781 1264 926 1303; x_wconf 84' lang='lat' dir='ltr'><strong>certe</strong></span> <span class='ocrx_word' id='word_1_95' title='bbox 968 1249 1090 1317; x_wconf 87' lang='lat' dir='ltr'><strong>quia</strong></span> <span class='ocrx_word' id='word_1_96' title='bbox 1132 1249 1391 1314; x_wconf 83' lang='lat' dir='ltr'><strong>spiritalia</strong></span> <span class='ocrx_word' id='word_1_97' title='bbox 1418 1251 1666 1315; x_wconf 63' lang='lat' dir='ltr'><strong>nequitiae</strong></span> <span class='ocrx_word' id='word_1_98' title='bbox 1697 1250 1891 1307; x_wconf 81' lang='lat' dir='ltr'><strong>adver-</strong></span> 
     </span>
    </p>
   </div>
   <div class='ocr_carea' id='block_1_14' title="bbox 358 1337 1895 1407">
    <p class='ocr_par' dir='ltr' id='par_1_14' title="bbox 358 1337 1895 1407">
     <span class='ocr_line' id='line_1_14' title="bbox 358 1337 1895 1407; baseline -0.003 -14"><span class='ocrx_word' id='word_1_99' title='bbox 358 1356 474 1393; x_wconf 90' lang='lat' dir='ltr'><strong>sum</strong></span> <span class='ocrx_word' id='word_1_100' title='bbox 506 1356 621 1407; x_wconf 69' lang='lat' dir='ltr'><strong>qua:</strong></span> <span class='ocrx_word' id='word_1_101' title='bbox 663 1342 815 1391; x_wconf 86' lang='lat' dir='ltr'><strong>nobis</strong></span> <span class='ocrx_word' id='word_1_102' title='bbox 842 1351 1109 1392; x_wconf 83' lang='lat' dir='ltr'><strong>certamen</strong></span> <span class='ocrx_word' id='word_1_103' title='bbox 1136 1347 1218 1389; x_wconf 87' lang='lat' dir='ltr'><strong>est</strong></span> <span class='ocrx_word' id='word_1_104' title='bbox 1252 1337 1316 1401; x_wconf 75' lang='lat'><strong>“’,</strong></span> <span class='ocrx_word' id='word_1_105' title='bbox 1352 1339 1402 1390; x_wconf 91' lang='lat' dir='ltr'><strong>in</strong></span> <span class='ocrx_word' id='word_1_106' title='bbox 1436 1339 1741 1391; x_wconf 67' lang='lat' dir='ltr'><strong>caelestibus</strong></span> <span class='ocrx_word' id='word_1_107' title='bbox 1776 1353 1895 1390; x_wconf 90' lang='lat' dir='ltr'><strong>esse</strong></span> 
     </span>
    </p>
   </div>
   <div class='ocr_carea' id='block_1_15' title="bbox 358 1430 1893 1498">
    <p class='ocr_par' dir='ltr' id='par_1_15' title="bbox 358 1430 1893 1498">
     <span class='ocr_line' id='line_1_15' title="bbox 358 1430 1893 1498; baseline -0.001 -17"><span class='ocrx_word' id='word_1_108' title='bbox 358 1431 622 1494; x_wconf 90' lang='lat' dir='ltr'><strong>dicuntur,</strong></span> <span class='ocrx_word' id='word_1_109' title='bbox 649 1441 1035 1498; x_wconf 89' lang='lat' dir='ltr'><strong>consequenter</strong></span> <span class='ocrx_word' id='word_1_110' title='bbox 1056 1430 1107 1481; x_wconf 89' lang='lat' dir='ltr'><strong>in</strong></span> <span class='ocrx_word' id='word_1_111' title='bbox 1132 1444 1222 1481; x_wconf 92' lang='lat' dir='ltr'><strong>eos</strong></span> <span class='ocrx_word' id='word_1_112' title='bbox 1242 1431 1328 1495; x_wconf 91' lang='lat' dir='ltr'><strong>qui</strong></span> <span class='ocrx_word' id='word_1_113' title='bbox 1353 1430 1420 1481; x_wconf 89' lang='lat' dir='ltr'><strong>ab</strong></span> <span class='ocrx_word' id='word_1_114' title='bbox 1445 1430 1524 1482; x_wconf 88' lang='lat' dir='ltr'><strong>his</strong></span> <span class='ocrx_word' id='word_1_115' title='bbox 1550 1440 1893 1496; x_wconf 86' lang='lat' dir='ltr'><strong>superantur,</strong></span> 
     </span>
    </p>
   </div>
   <div class='ocr_carea' id='block_1_16' title="bbox 359 1519 1896 1586">
    <p class='ocr_par' dir='ltr' id='par_1_16' title="bbox 359 1519 1896 1586">
     <span class='ocr_line' id='line_1_16' title="bbox 359 1519 1896 1586; baseline -0.001 -14"><span class='ocrx_word' id='word_1_116' title='bbox 359 1521 437 1572; x_wconf 88' lang='lat' dir='ltr'><strong>ira</strong></span> <span class='ocrx_word' id='word_1_117' title='bbox 475 1520 566 1573; x_wconf 86' lang='lat' dir='ltr'><strong>Dei</strong></span> <span class='ocrx_word' id='word_1_118' title='bbox 591 1522 653 1572; x_wconf 88' lang='lat' dir='ltr'><strong>de</strong></span> <span class='ocrx_word' id='word_1_119' title='bbox 693 1520 829 1573; x_wconf 74' lang='lat' dir='ltr'><strong>cmlo</strong></span> <span class='ocrx_word' id='word_1_120' title='bbox 854 1520 1049 1572; x_wconf 88' lang='lat' dir='ltr'><strong>dicitur</strong></span> <span class='ocrx_word' id='word_1_121' title='bbox 1086 1520 1312 1586; x_wconf 87' lang='lat' dir='ltr'><strong>jaculari</strong></span> <span class='ocrx_word' id='word_1_122' title='bbox 1351 1537 1364 1572; x_wconf 92' lang='lat'><strong>:</strong></span> <span class='ocrx_word' id='word_1_123' title='bbox 1399 1519 1540 1572; x_wconf 88' lang='lat' dir='ltr'><strong>velut</strong></span> <span class='ocrx_word' id='word_1_124' title='bbox 1577 1520 1620 1571; x_wconf 90' lang='lat' dir='ltr'><strong>si</strong></span> <span class='ocrx_word' id='word_1_125' title='bbox 1658 1520 1896 1571; x_wconf 85' lang='lat' dir='ltr'><strong>dicamus</strong></span> 
     </span>
    </p>
   </div>
   <div class='ocr_carea' id='block_1_17' title="bbox 358 1608 1893 1676">
    <p class='ocr_par' dir='ltr' id='par_1_17' title="bbox 358 1608 1893 1676">
     <span class='ocr_line' id='line_1_17' title="bbox 358 1608 1893 1676; baseline 0 -16"><span class='ocrx_word' id='word_1_126' title='bbox 358 1610 479 1675; x_wconf 84' lang='lat' dir='ltr'><strong>quia</strong></span> <span class='ocrx_word' id='word_1_127' title='bbox 518 1611 680 1676; x_wconf 81' lang='lat' dir='ltr'><strong>ignita</strong></span> <span class='ocrx_word' id='word_1_128' title='bbox 723 1610 773 1661; x_wconf 93' lang='lat' dir='ltr'><strong>in</strong></span> <span class='ocrx_word' id='word_1_129' title='bbox 806 1625 896 1663; x_wconf 91' lang='lat' dir='ltr'><strong>eos</strong></span> <span class='ocrx_word' id='word_1_130' title='bbox 932 1609 1032 1661; x_wconf 83' lang='lat' dir='ltr'><strong>tela</strong></span> <span class='ocrx_word' id='word_1_131' title='bbox 1066 1611 1185 1664; x_wconf 85' lang='lat' dir='ltr'><strong>inde</strong></span> <span class='ocrx_word' id='word_1_132' title='bbox 1215 1611 1525 1674; x_wconf 85' lang='lat' dir='ltr'><strong>vibrantur,</strong></span> <span class='ocrx_word' id='word_1_133' title='bbox 1556 1616 1612 1661; x_wconf 87' lang='lat' dir='ltr'><strong>et</strong></span> <span class='ocrx_word' id='word_1_134' title='bbox 1650 1608 1893 1671; x_wconf 81' lang='lat' dir='ltr'><strong>vulnera,</strong></span> 
     </span>
    </p>
   </div>
   <div class='ocr_carea' id='block_1_18' title="bbox 358 1700 1892 1770">
    <p class='ocr_par' dir='ltr' id='par_1_18' title="bbox 358 1700 1892 1770">
     <span class='ocr_line' id='line_1_18' title="bbox 358 1700 1892 1770; baseline -0.001 -18"><span class='ocrx_word' id='word_1_135' title='bbox 358 1700 550 1766; x_wconf 86' lang='lat' dir='ltr'><strong>quibus</strong></span> <span class='ocrx_word' id='word_1_136' title='bbox 576 1701 628 1752; x_wconf 90' lang='lat' dir='ltr'><strong>in</strong></span> <span class='ocrx_word' id='word_1_137' title='bbox 665 1710 876 1768; x_wconf 84' lang='lat' dir='ltr'><strong>peccata</strong></span> <span class='ocrx_word' id='word_1_138' title='bbox 906 1713 1127 1754; x_wconf 88' lang='lat' dir='ltr'><strong>currunt</strong></span> <span class='ocrx_word' id='word_1_139' title='bbox 1152 1700 1285 1770; x_wconf 78' lang='lat'><strong>(83),</strong></span> <span class='ocrx_word' id='word_1_140' title='bbox 1324 1701 1447 1754; x_wconf 87' lang='lat' dir='ltr'><strong>inde</strong></span> <span class='ocrx_word' id='word_1_141' title='bbox 1469 1701 1763 1769; x_wconf 88' lang='lat' dir='ltr'><strong>suscipiunt</strong></span> <span class='ocrx_word' id='word_1_142' title='bbox 1799 1718 1813 1753; x_wconf 92' lang='lat'><strong>:</strong></span> <span class='ocrx_word' id='word_1_143' title='bbox 1844 1701 1892 1751; x_wconf 92' lang='lat' dir='ltr'><strong>hi</strong></span> 
     </span>
    </p>
   </div>
   <div class='ocr_carea' id='block_1_19' title="bbox 358 1790 1896 1859">
    <p class='ocr_par' dir='ltr' id='par_1_19' title="bbox 358 1790 1896 1859">
     <span class='ocr_line' id='line_1_19' title="bbox 358 1790 1896 1859; baseline 0.001 -20"><span class='ocrx_word' id='word_1_144' title='bbox 358 1803 487 1843; x_wconf 89' lang='lat' dir='ltr'><strong>vero</strong></span> <span class='ocrx_word' id='word_1_145' title='bbox 535 1790 624 1855; x_wconf 87' lang='lat' dir='ltr'><strong>qui</strong></span> <span class='ocrx_word' id='word_1_146' title='bbox 679 1790 839 1843; x_wconf 86' lang='lat' dir='ltr'><strong>totius</strong></span> <span class='ocrx_word' id='word_1_147' title='bbox 875 1792 1115 1844; x_wconf 84' lang='lat' dir='ltr'><strong>veritatis</strong></span> <span class='ocrx_word' id='word_1_148' title='bbox 1154 1802 1398 1859; x_wconf 79' lang='lat' dir='ltr'><strong>expertes</strong></span> <span class='ocrx_word' id='word_1_149' title='bbox 1443 1801 1584 1857; x_wconf 91' lang='lat' dir='ltr'><strong>sunt,</strong></span> <span class='ocrx_word' id='word_1_150' title='bbox 1633 1790 1777 1844; x_wconf 88' lang='lat' dir='ltr'><strong>velut</strong></span> <span class='ocrx_word' id='word_1_151' title='bbox 1808 1791 1896 1858; x_wconf 89' lang='lat' dir='ltr'><strong>qui</strong></span> 
     </span>
    </p>
   </div>
   <div class='ocr_carea' id='block_1_20' title="bbox 360 1878 1903 1945">
    <p class='ocr_par' dir='ltr' id='par_1_20' title="bbox 360 1878 1903 1945">
     <span class='ocr_line' id='line_1_20' title="bbox 360 1878 1903 1945; baseline 0.003 -18"><span class='ocrx_word' id='word_1_152' title='bbox 360 1878 492 1928; x_wconf 68' lang='lat' dir='ltr'><strong>nihil</strong></span> <span class='ocrx_word' id='word_1_153' title='bbox 519 1880 747 1930; x_wconf 79' lang='lat' dir='ltr'><strong>habeant</strong></span> <span class='ocrx_word' id='word_1_154' title='bbox 778 1894 1062 1933; x_wconf 89' lang='lat' dir='ltr'><strong>commune</strong></span> <span class='ocrx_word' id='word_1_155' title='bbox 1098 1897 1219 1934; x_wconf 90' lang='lat' dir='ltr'><strong>cum</strong></span> <span class='ocrx_word' id='word_1_156' title='bbox 1245 1881 1384 1933; x_wconf 83' lang='lat' dir='ltr'><strong>ctelo</strong></span> <span class='ocrx_word' id='word_1_157' title='bbox 1419 1891 1470 1933; x_wconf 90' lang='lat' dir='ltr'><strong>et</strong></span> <span class='ocrx_word' id='word_1_158' title='bbox 1498 1880 1633 1945; x_wconf 90' lang='lat' dir='ltr'><strong>luce,</strong></span> <span class='ocrx_word' id='word_1_159' title='bbox 1661 1881 1792 1932; x_wconf 90' lang='lat' dir='ltr'><strong>iram</strong></span> <span class='ocrx_word' id='word_1_160' title='bbox 1820 1880 1903 1933; x_wconf 85' lang='lat' dir='ltr'><strong>vel</strong></span> 
     </span>
    </p>
   </div>
   <div class='ocr_carea' id='block_1_21' title="bbox 358 1968 1899 2039">
    <p class='ocr_par' dir='ltr' id='par_1_21' title="bbox 358 1968 1899 2039">
     <span class='ocr_line' id='line_1_21' title="bbox 358 1968 1899 2039; baseline 0.003 -22"><span class='ocrx_word' id='word_1_161' title='bbox 358 1968 611 2019; x_wconf 85' lang='lat' dir='ltr'><strong>vitiorum</strong></span> <span class='ocrx_word' id='word_1_162' title='bbox 649 1984 886 2033; x_wconf 90' lang='lat' dir='ltr'><strong>suorum,</strong></span> <span class='ocrx_word' id='word_1_163' title='bbox 953 1971 1398 2039; x_wconf 81' lang='lat' dir='ltr'><strong>passionutnqne,</strong></span> <span class='ocrx_word' id='word_1_164' title='bbox 1454 1970 1535 2023; x_wconf 86' lang='lat' dir='ltr'><strong>vel</strong></span> <span class='ocrx_word' id='word_1_165' title='bbox 1581 1972 1899 2032; x_wconf 57' lang='lat' dir='ltr'><strong>daemonum,</strong></span> 
     </span>
    </p>
   </div>
   <div class='ocr_carea' id='block_1_22' title="bbox 360 2056 1902 2127">
    <p class='ocr_par' dir='ltr' id='par_1_22' title="bbox 360 2056 1902 2127">
     <span class='ocr_line' id='line_1_22' title="bbox 360 2056 1902 2127; baseline 0.004 -21"><span class='ocrx_word' id='word_1_166' title='bbox 360 2056 556 2122; x_wconf 85' lang='lat' dir='ltr'><strong>quibus</strong></span> <span class='ocrx_word' id='word_1_167' title='bbox 586 2071 643 2110; x_wconf 93' lang='lat' dir='ltr'><strong>se</strong></span> <span class='ocrx_word' id='word_1_168' title='bbox 665 2068 851 2124; x_wconf 85' lang='lat' dir='ltr'><strong>sponte</strong></span> <span class='ocrx_word' id='word_1_169' title='bbox 886 2060 1252 2121; x_wconf 86' lang='lat' dir='ltr'><strong>subdiderunt,</strong></span> <span class='ocrx_word' id='word_1_170' title='bbox 1278 2059 1573 2127; x_wconf 84' lang='lat' dir='ltr'><strong>perferunt.</strong></span> <span class='ocrx_word' id='word_1_171' title='bbox 1607 2059 1672 2112; x_wconf 85' lang='lat' dir='ltr'><strong>In</strong></span> <span class='ocrx_word' id='word_1_172' title='bbox 1703 2076 1902 2112; x_wconf 89' lang='lat' dir='ltr'><strong>omnem</strong></span> 
     </span>
    </p>
   </div>
   <div class='ocr_carea' id='block_1_23' title="bbox 358 2140 1903 2215">
    <p class='ocr_par' dir='ltr' id='par_1_23' title="bbox 358 2140 1903 2215">
     <span class='ocr_line' id='line_1_23' title="bbox 358 2140 1903 2215; baseline 0.007 -26"><span class='ocrx_word' id='word_1_173' title='bbox 358 2140 671 2204; x_wconf 74' lang='lat' dir='ltr'><strong>impietatem</strong></span> <span class='ocrx_word' id='word_1_174' title='bbox 703 2152 748 2193; x_wconf 91' lang='lat' dir='ltr'><strong>et</strong></span> <span class='ocrx_word' id='word_1_175' title='bbox 777 2142 1106 2210; x_wconf 78' lang='lat' dir='ltr'><strong>iniquitatem</strong></span> <span class='ocrx_word' id='word_1_176' title='bbox 1136 2146 1421 2209; x_wconf 79' lang='lat' dir='ltr'><strong>hominum,</strong></span> <span class='ocrx_word' id='word_1_177' title='bbox 1451 2147 1539 2215; x_wconf 88' lang='lat' dir='ltr'><strong>qui</strong></span> <span class='ocrx_word' id='word_1_178' title='bbox 1566 2148 1825 2201; x_wconf 81' lang='lat' dir='ltr'><strong>veritatem</strong></span> <span class='ocrx_word' id='word_1_179' title='bbox 1850 2149 1903 2200; x_wconf 90' lang='lat' dir='ltr'><strong>in</strong></span> 
     </span>
    </p>
   </div>
   <div class='ocr_carea' id='block_1_24' title="bbox 359 2230 1904 2305">
    <p class='ocr_par' dir='ltr' id='par_1_24' title="bbox 359 2230 1904 2305">
     <span class='ocr_line' id='line_1_24' title="bbox 359 2230 1904 2305; baseline 0.006 -25"><span class='ocrx_word' id='word_1_180' title='bbox 359 2230 631 2299; x_wconf 84' lang='lat' dir='ltr'><strong>iniquitate</strong></span> <span class='ocrx_word' id='word_1_181' title='bbox 669 2233 893 2285; x_wconf 83' lang='lat' dir='ltr'><strong>detinent</strong></span> <span class='ocrx_word' id='word_1_182' title='bbox 929 2235 994 2285; x_wconf 70' lang='grc'><strong>⁸⁸.</strong></span> <span class='ocrx_word' id='word_1_183' title='bbox 1049 2234 1332 2303; x_wconf 84' lang='lat' dir='ltr'><strong>Impietas,</strong></span> <span class='ocrx_word' id='word_1_184' title='bbox 1386 2237 1436 2289; x_wconf 92' lang='lat' dir='ltr'><strong>in</strong></span> <span class='ocrx_word' id='word_1_185' title='bbox 1487 2237 1650 2289; x_wconf 89' lang='lat' dir='ltr'><strong>Deum</strong></span> <span class='ocrx_word' id='word_1_186' title='bbox 1685 2252 1904 2305; x_wconf 87' lang='lat' dir='ltr'><strong>peccare</strong></span> 
     </span>
    </p>
   </div>
   <div class='ocr_carea' id='block_1_25' title="bbox 364 2319 1903 2395">
    <p class='ocr_par' dir='ltr' id='par_1_25' title="bbox 364 2319 1903 2395">
     <span class='ocr_line' id='line_1_25' title="bbox 364 2319 1903 2395; baseline 0.006 -24"><span class='ocrx_word' id='word_1_187' title='bbox 364 2328 488 2384; x_wconf 84' lang='lat' dir='ltr'><strong>est;</strong></span> <span class='ocrx_word' id='word_1_188' title='bbox 521 2320 796 2387; x_wconf 87' lang='lat' dir='ltr'><strong>iniquitas,</strong></span> <span class='ocrx_word' id='word_1_189' title='bbox 829 2324 879 2374; x_wconf 93' lang='lat' dir='ltr'><strong>in</strong></span> <span class='ocrx_word' id='word_1_190' title='bbox 914 2324 1175 2376; x_wconf 87' lang='lat' dir='ltr'><strong>homines.</strong></span> <span class='ocrx_word' id='word_1_191' title='bbox 1214 2325 1269 2378; x_wconf 87' lang='lat' dir='ltr'><strong>In</strong></span> <span class='ocrx_word' id='word_1_192' title='bbox 1305 2319 1472 2378; x_wconf 82' lang='lat' dir='ltr'><strong>Deum</strong></span> <span class='ocrx_word' id='word_1_193' title='bbox 1496 2341 1622 2395; x_wconf 82' lang='lat' dir='ltr'><strong>ergo</strong></span> <span class='ocrx_word' id='word_1_194' title='bbox 1648 2337 1702 2379; x_wconf 91' lang='lat' dir='ltr'><strong>et</strong></span> <span class='ocrx_word' id='word_1_195' title='bbox 1731 2327 1781 2378; x_wconf 74' lang='lat' dir='ltr'><strong>in</strong></span> <span class='ocrx_word' id='word_1_196' title='bbox 1808 2326 1903 2380; x_wconf 85' lang='lat' dir='ltr'><strong>lto-</strong></span> 
     </span>
    </p>
   </div>
   <div class='ocr_carea' id='block_1_26' title="bbox 364 2412 1900 2484">
    <p class='ocr_par' dir='ltr' id='par_1_26' title="bbox 364 2412 1900 2484">
     <span class='ocr_line' id='line_1_26' title="bbox 364 2412 1900 2484; baseline 0.006 -23"><span class='ocrx_word' id='word_1_197' title='bbox 364 2412 534 2465; x_wconf 87' lang='lat' dir='ltr'><strong>mines</strong></span> <span class='ocrx_word' id='word_1_198' title='bbox 565 2420 786 2479; x_wconf 90' lang='lat' dir='ltr'><strong>peccant</strong></span> <span class='ocrx_word' id='word_1_199' title='bbox 808 2414 897 2480; x_wconf 87' lang='lat' dir='ltr'><strong>qtti</strong></span> <span class='ocrx_word' id='word_1_200' title='bbox 933 2415 1212 2468; x_wconf 86' lang='lat' dir='ltr'><strong>veritatem</strong></span> <span class='ocrx_word' id='word_1_201' title='bbox 1246 2416 1298 2468; x_wconf 92' lang='lat' dir='ltr'><strong>in</strong></span> <span class='ocrx_word' id='word_1_202' title='bbox 1331 2415 1612 2484; x_wconf 85' lang='lat' dir='ltr'><strong>iniquitate</strong></span> <span class='ocrx_word' id='word_1_203' title='bbox 1644 2418 1900 2471; x_wconf 89' lang='lat' dir='ltr'><strong>detinent.</strong></span> 
     </span>
    </p>
   </div>
   <div class='ocr_carea' id='block_1_27' title="bbox 362 2500 1904 2573">
    <p class='ocr_par' dir='ltr' id='par_1_27' title="bbox 362 2500 1904 2573">
     <span class='ocr_line' id='line_1_27' title="bbox 362 2500 1904 2573; baseline 0.005 -21"><span class='ocrx_word' id='word_1_204' title='bbox 362 2500 531 2565; x_wconf 86' lang='lat' dir='ltr'><strong>Quam</strong></span> <span class='ocrx_word' id='word_1_205' title='bbox 571 2504 849 2557; x_wconf 85' lang='lat' dir='ltr'><strong>veritatem</strong></span> <span class='ocrx_word' id='word_1_206' title='bbox 895 2506 1178 2573; x_wconf 81' lang='lat' dir='ltr'><strong>agnovisse</strong></span> <span class='ocrx_word' id='word_1_207' title='bbox 1215 2506 1462 2559; x_wconf 85' lang='lat' dir='ltr'><strong>credendi</strong></span> <span class='ocrx_word' id='word_1_208' title='bbox 1510 2515 1633 2559; x_wconf 90' lang='lat' dir='ltr'><strong>sunt</strong></span> <span class='ocrx_word' id='word_1_209' title='bbox 1662 2507 1904 2560; x_wconf 87' lang='lat' dir='ltr'><strong>homines</strong></span> 
     </span>
    </p>
   </div>
   <div class='ocr_carea' id='block_1_28' title="bbox 364 2591 1907 2665">
    <p class='ocr_par' dir='ltr' id='par_1_28' title="bbox 364 2591 1907 2665">
     <span class='ocr_line' id='line_1_28' title="bbox 364 2591 1907 2665; baseline 0.005 -22"><span class='ocrx_word' id='word_1_210' title='bbox 364 2591 695 2644; x_wconf 86' lang='lat' dir='ltr'><strong>naturalibus</strong></span> <span class='ocrx_word' id='word_1_211' title='bbox 736 2604 789 2645; x_wconf 91' lang='lat' dir='ltr'><strong>et</strong></span> <span class='ocrx_word' id='word_1_212' title='bbox 822 2608 853 2646; x_wconf 90' lang='lat' dir='ltr'><strong>a</strong></span> <span class='ocrx_word' id='word_1_213' title='bbox 884 2594 991 2646; x_wconf 85' lang='lat' dir='ltr'><strong>Deo</strong></span> <span class='ocrx_word' id='word_1_214' title='bbox 1022 2594 1212 2648; x_wconf 72' lang='lat' dir='ltr'><strong>anima:</strong></span> <span class='ocrx_word' id='word_1_215' title='bbox 1235 2595 1410 2649; x_wconf 92' lang='lat' dir='ltr'><strong>insitis</strong></span> <span class='ocrx_word' id='word_1_216' title='bbox 1428 2596 1757 2660; x_wconf 89' lang='lat' dir='ltr'><strong>rationibus;</strong></span> <span class='ocrx_word' id='word_1_217' title='bbox 1788 2598 1907 2665; x_wconf 90' lang='lat' dir='ltr'><strong>qui-</strong></span> 
     </span>
    </p>
   </div>
   <div class='ocr_carea' id='block_1_29' title="bbox 364 2680 1904 2753">
    <p class='ocr_par' dir='ltr' id='par_1_29' title="bbox 364 2680 1904 2753">
     <span class='ocr_line' id='line_1_29' title="bbox 364 2680 1904 2753; baseline 0.006 -23"><span class='ocrx_word' id='word_1_218' title='bbox 364 2680 466 2732; x_wconf 89' lang='lat' dir='ltr'><strong>bus</strong></span> <span class='ocrx_word' id='word_1_219' title='bbox 503 2687 704 2732; x_wconf 90' lang='lat' dir='ltr'><strong>tantum</strong></span> <span class='ocrx_word' id='word_1_220' title='bbox 743 2682 1036 2748; x_wconf 76' lang='lat' dir='ltr'><strong>prudentia:</strong></span> <span class='ocrx_word' id='word_1_221' title='bbox 1068 2681 1179 2751; x_wconf 88' lang='lat'><strong>(86)</strong></span> <span class='ocrx_word' id='word_1_222' title='bbox 1208 2698 1520 2737; x_wconf 90' lang='lat' dir='ltr'><strong>concessum</strong></span> <span class='ocrx_word' id='word_1_223' title='bbox 1552 2696 1653 2750; x_wconf 88' lang='lat' dir='ltr'><strong>est,</strong></span> <span class='ocrx_word' id='word_1_224' title='bbox 1679 2694 1736 2738; x_wconf 90' lang='lat' dir='ltr'><strong>ut</strong></span> <span class='ocrx_word' id='word_1_225' title='bbox 1762 2687 1904 2753; x_wconf 88' lang='lat' dir='ltr'><strong>quod</strong></span> 
     </span>
    </p>
   </div>
   <div class='ocr_carea' id='block_1_30' title="bbox 370 2771 1906 2844">
    <p class='ocr_par' dir='ltr' id='par_1_30' title="bbox 370 2771 1906 2844">
     <span class='ocr_line' id='line_1_30' title="bbox 370 2771 1906 2844; baseline 0.006 -25"><span class='ocrx_word' id='word_1_226' title='bbox 370 2776 552 2821; x_wconf 88' lang='lat' dir='ltr'><strong>uotum</strong></span> <span class='ocrx_word' id='word_1_227' title='bbox 583 2778 665 2823; x_wconf 89' lang='lat' dir='ltr'><strong>est</strong></span> <span class='ocrx_word' id='word_1_228' title='bbox 701 2771 815 2835; x_wconf 89' lang='lat' dir='ltr'><strong>Dei,</strong></span> <span class='ocrx_word' id='word_1_229' title='bbox 858 2772 908 2824; x_wconf 90' lang='lat' dir='ltr'><strong>id</strong></span> <span class='ocrx_word' id='word_1_230' title='bbox 934 2781 1035 2837; x_wconf 89' lang='lat' dir='ltr'><strong>est,</strong></span> <span class='ocrx_word' id='word_1_231' title='bbox 1070 2773 1209 2840; x_wconf 87' lang='lat' dir='ltr'><strong>quod</strong></span> <span class='ocrx_word' id='word_1_232' title='bbox 1232 2775 1450 2841; x_wconf 84' lang='lat' dir='ltr'><strong>agnosci</strong></span> <span class='ocrx_word' id='word_1_233' title='bbox 1491 2775 1555 2827; x_wconf 88' lang='lat' dir='ltr'><strong>de</strong></span> <span class='ocrx_word' id='word_1_234' title='bbox 1590 2775 1700 2827; x_wconf 87' lang='lat' dir='ltr'><strong>Deo</strong></span> <span class='ocrx_word' id='word_1_235' title='bbox 1732 2786 1906 2844; x_wconf 87' lang='lat' dir='ltr'><strong>potest</strong></span> 
     </span>
    </p>
   </div>
   <div class='ocr_carea' id='block_1_31' title="bbox 363 2856 1907 2931">
    <p class='ocr_par' dir='ltr' id='par_1_31' title="bbox 363 2856 1907 2931">
     <span class='ocr_line' id='line_1_31' title="bbox 363 2856 1907 2931; baseline 0.007 -25"><span class='ocrx_word' id='word_1_236' title='bbox 363 2870 459 2922; x_wconf 78' lang='lat' dir='ltr'><strong>per</strong></span> <span class='ocrx_word' id='word_1_237' title='bbox 479 2856 837 2923; x_wconf 86' lang='lat' dir='ltr'><strong>conjecturam</strong></span> <span class='ocrx_word' id='word_1_238' title='bbox 861 2867 1131 2919; x_wconf 71' lang='lat' dir='ltr'><strong>creaturae,</strong></span> <span class='ocrx_word' id='word_1_239' title='bbox 1153 2875 1217 2915; x_wconf 81' lang='lat' dir='ltr'><strong>ex</strong></span> <span class='ocrx_word' id='word_1_240' title='bbox 1236 2861 1316 2913; x_wconf 90' lang='lat' dir='ltr'><strong>his</strong></span> <span class='ocrx_word' id='word_1_241' title='bbox 1337 2876 1452 2928; x_wconf 75' lang='lat' dir='ltr'><strong>qua:</strong></span> <span class='ocrx_word' id='word_1_242' title='bbox 1481 2863 1645 2916; x_wconf 87' lang='lat' dir='ltr'><strong>videri</strong></span> <span class='ocrx_word' id='word_1_243' title='bbox 1679 2873 1907 2931; x_wconf 87' lang='lat' dir='ltr'><strong>possunt</strong></span> 
     </span>
    </p>
   </div>
   <div class='ocr_carea' id='block_1_32' title="bbox 366 2945 1902 3023">
    <p class='ocr_par' dir='ltr' id='par_1_32' title="bbox 366 2945 1902 3023">
     <span class='ocr_line' id='line_1_32' title="bbox 366 2945 1902 3023; baseline 0.009 -28"><span class='ocrx_word' id='word_1_244' title='bbox 366 2945 653 3005; x_wconf 84' lang='lat' dir='ltr'><strong>invisibilia</strong></span> <span class='ocrx_word' id='word_1_245' title='bbox 699 2949 813 3015; x_wconf 90' lang='lat' dir='ltr'><strong>ejus</strong></span> <span class='ocrx_word' id='word_1_246' title='bbox 848 2961 1216 3017; x_wconf 79' lang='lat' dir='ltr'><strong>agnoscerent.</strong></span> <span class='ocrx_word' id='word_1_247' title='bbox 1264 2952 1377 3006; x_wconf 78' lang='lat' dir='ltr'><strong>Hoc</strong></span> <span class='ocrx_word' id='word_1_248' title='bbox 1421 2970 1484 3007; x_wconf 78' lang='lat' dir='ltr'><strong>ex</strong></span> <span class='ocrx_word' id='word_1_249' title='bbox 1524 2964 1678 3022; x_wconf 90' lang='lat' dir='ltr'><strong>pacto</strong></span> <span class='ocrx_word' id='word_1_250' title='bbox 1700 2956 1902 3023; x_wconf 89' lang='lat' dir='ltr'><strong>justum</strong></span> 
     </span>
    </p>
   </div>
   <div class='ocr_carea' id='block_1_33' title="bbox 1987 503 3673 594">
    <p class='ocr_par' dir='ltr' id='par_1_33' title="bbox 1987 503 3673 594">
     <span class='ocr_line' id='line_1_33' title="bbox 1987 503 3673 594; baseline -0.015 -17"><span class='ocrx_word' id='word_1_251' title='bbox 1987 526 2108 594; x_wconf 90' lang='lat' dir='ltr'><strong>quia</strong></span> <span class='ocrx_word' id='word_1_252' title='bbox 2147 523 2341 576; x_wconf 82' lang='lat' dir='ltr'><strong>Filium</strong></span> <span class='ocrx_word' id='word_1_253' title='bbox 2378 540 2525 575; x_wconf 88' lang='lat' dir='ltr'><strong>nemo</strong></span> <span class='ocrx_word' id='word_1_254' title='bbox 2554 522 2715 582; x_wconf 88' lang='lat' dir='ltr'><strong>novit,</strong></span> <span class='ocrx_word' id='word_1_255' title='bbox 2751 518 2859 571; x_wconf 82' lang='lat' dir='ltr'><strong>nisi</strong></span> <span class='ocrx_word' id='word_1_256' title='bbox 2907 516 3094 567; x_wconf 87' lang='lat' dir='ltr'><strong>Pater</strong></span> <span class='ocrx_word' id='word_1_257' title='bbox 3140 532 3160 562; x_wconf 90' lang='lat'><strong>:</strong></span> <span class='ocrx_word' id='word_1_258' title='bbox 3202 520 3397 573; x_wconf 86' lang='lat' dir='ltr'><strong>neque</strong></span> <span class='ocrx_word' id='word_1_259' title='bbox 3437 503 3673 594; x_wconf 74' lang='lat' dir='ltr'><strong>Patrem</strong></span> 
     </span>
    </p>
   </div>
   <div class='ocr_carea' id='block_1_34' title="bbox 1986 591 3680 685">
    <p class='ocr_par' dir='ltr' id='par_1_34' title="bbox 1986 591 3680 685">
     <span class='ocr_line' id='line_1_34' title="bbox 1986 591 3680 685; baseline -0.016 -18"><span class='ocrx_word' id='word_1_260' title='bbox 1986 591 2099 685; x_wconf 81' lang='lat' dir='ltr'><strong>quis</strong></span> <span class='ocrx_word' id='word_1_261' title='bbox 2136 615 2292 678; x_wconf 87' lang='lat' dir='ltr'><strong>novit,</strong></span> <span class='ocrx_word' id='word_1_262' title='bbox 2320 613 2421 665; x_wconf 88' lang='lat' dir='ltr'><strong>nisi</strong></span> <span class='ocrx_word' id='word_1_263' title='bbox 2454 611 2647 674; x_wconf 79' lang='lat' dir='ltr'><strong>Filius,</strong></span> <span class='ocrx_word' id='word_1_264' title='bbox 2684 618 2735 662; x_wconf 90' lang='lat' dir='ltr'><strong>et</strong></span> <span class='ocrx_word' id='word_1_265' title='bbox 2768 608 2858 659; x_wconf 88' lang='lat' dir='ltr'><strong>cui</strong></span> <span class='ocrx_word' id='word_1_266' title='bbox 2903 601 3169 657; x_wconf 83' lang='lat' dir='ltr'><strong>voluerit</strong></span> <span class='ocrx_word' id='word_1_267' title='bbox 3208 594 3418 647; x_wconf 85' lang='lat' dir='ltr'><strong>Filius</strong></span> <span class='ocrx_word' id='word_1_268' title='bbox 3457 591 3680 685; x_wconf 83' lang='lat' dir='ltr'><strong>revela-</strong></span> 
     </span>
    </p>
   </div>
   <div class='ocr_carea' id='block_1_35' title="bbox 1990 683 3667 764">
    <p class='ocr_par' dir='ltr' id='par_1_35' title="bbox 1990 683 3667 764">
     <span class='ocr_line' id='line_1_35' title="bbox 1990 683 3667 764; baseline -0.015 -7"><span class='ocrx_word' id='word_1_269' title='bbox 1990 683 2041 757; x_wconf 50' lang='lat' dir='ltr'><strong>re</strong></span> <span class='ocrx_word' id='word_1_270' title='bbox 2094 705 2158 753; x_wconf 71' lang='grc' dir='ltr'><strong>ιο.</strong></span> <span class='ocrx_word' id='word_1_271' title='bbox 2207 703 2319 756; x_wconf 85' lang='lat' dir='ltr'><strong>Non</strong></span> <span class='ocrx_word' id='word_1_272' title='bbox 2362 704 2502 757; x_wconf 89' lang='lat' dir='ltr'><strong>enim</strong></span> <span class='ocrx_word' id='word_1_273' title='bbox 2546 701 2853 752; x_wconf 86' lang='lat' dir='ltr'><strong>addidisset</strong></span> <span class='ocrx_word' id='word_1_274' title='bbox 2908 696 3061 764; x_wconf 79' lang='lat'><strong>(88),</strong></span> <span class='ocrx_word' id='word_1_275' title='bbox 3128 690 3213 743; x_wconf 83' lang='lat' dir='ltr'><strong>Et</strong></span> <span class='ocrx_word' id='word_1_276' title='bbox 3273 687 3375 739; x_wconf 87' lang='lat' dir='ltr'><strong>cui</strong></span> <span class='ocrx_word' id='word_1_277' title='bbox 3428 683 3667 736; x_wconf 80' lang='lat' dir='ltr'><strong>voluerit</strong></span> 
     </span>
    </p>
   </div>
   <div class='ocr_carea' id='block_1_36' title="bbox 1992 776 3671 855">
    <p class='ocr_par' dir='ltr' id='par_1_36' title="bbox 1992 776 3671 855">
     <span class='ocr_line' id='line_1_36' title="bbox 1992 776 3671 855; baseline -0.012 -9"><span class='ocrx_word' id='word_1_278' title='bbox 1992 792 2163 847; x_wconf 79' lang='lat' dir='ltr'><strong>Filius</strong></span> <span class='ocrx_word' id='word_1_279' title='bbox 2192 795 2437 855; x_wconf 86' lang='lat' dir='ltr'><strong>revelare,</strong></span> <span class='ocrx_word' id='word_1_280' title='bbox 2477 792 2580 844; x_wconf 89' lang='lat' dir='ltr'><strong>nisi</strong></span> <span class='ocrx_word' id='word_1_281' title='bbox 2605 791 2775 842; x_wconf 88' lang='lat' dir='ltr'><strong>sciret</strong></span> <span class='ocrx_word' id='word_1_282' title='bbox 2801 787 3031 852; x_wconf 85' lang='lat' dir='ltr'><strong>aliquos</strong></span> <span class='ocrx_word' id='word_1_283' title='bbox 3061 795 3214 834; x_wconf 87' lang='lat' dir='ltr'><strong>esse</strong></span> <span class='ocrx_word' id='word_1_284' title='bbox 3248 776 3479 845; x_wconf 81' lang='lat' dir='ltr'><strong>quibus</strong></span> <span class='ocrx_word' id='word_1_285' title='bbox 3514 787 3671 827; x_wconf 80' lang='lat' dir='ltr'><strong>reve-</strong></span> 
     </span>
    </p>
   </div>
   <div class='ocr_carea' id='block_1_37' title="bbox 1990 883 2268 935">
    <p class='ocr_par' dir='ltr' id='par_1_37' title="bbox 1990 883 2268 935">
     <span class='ocr_line' id='line_1_37' title="bbox 1990 883 2268 935; baseline -0.007 0"><span class='ocrx_word' id='word_1_286' title='bbox 1990 884 2100 935; x_wconf 87' lang='lat' dir='ltr'><strong>lare</strong></span> <span class='ocrx_word' id='word_1_287' title='bbox 2125 883 2268 935; x_wconf 85' lang='lat' dir='ltr'><strong>velit.</strong></span> 
     </span>
    </p>
   </div>
   <div class='ocr_carea' id='block_1_38' title="bbox 2062 951 3672 1032">
    <p class='ocr_par' dir='ltr' id='par_1_38' title="bbox 2062 951 3672 1032">
     <span class='ocr_line' id='line_1_38' title="bbox 2062 951 3672 1032; baseline -0.013 -10"><span class='ocrx_word' id='word_1_288' title='bbox 2062 970 2146 1024; x_wconf 77' lang='grc'><strong>17.</strong></span> <span class='ocrx_word' id='word_1_289' title='bbox 2190 969 2485 1022; x_wconf 81' lang='lat' dir='ltr'><strong>Invisibilia</strong></span> <span class='ocrx_word' id='word_1_290' title='bbox 2516 969 2653 1021; x_wconf 85' lang='lat' dir='ltr'><strong>enim</strong></span> <span class='ocrx_word' id='word_1_291' title='bbox 2684 966 2802 1032; x_wconf 85' lang='lat' dir='ltr'><strong>ejus</strong></span> <span class='ocrx_word' id='word_1_292' title='bbox 2832 970 3171 1014; x_wconf 82' lang='lat' dir='ltr'><strong>acre‘atura</strong></span> <span class='ocrx_word' id='word_1_293' title='bbox 3208 951 3456 1015; x_wconf 83' lang='lat' dir='ltr'><strong>mundi,</strong></span> <span class='ocrx_word' id='word_1_294' title='bbox 3492 966 3591 1017; x_wconf 81' lang='lat' dir='ltr'><strong>per</strong></span> <span class='ocrx_word' id='word_1_295' title='bbox 3611 966 3672 1002; x_wconf 85' lang='lat' dir='ltr'><strong>ea</strong></span> 
     </span>
    </p>
   </div>
   <div class='ocr_carea' id='block_1_39' title="bbox 1990 1042 3673 1131">
    <p class='ocr_par' dir='ltr' id='par_1_39' title="bbox 1990 1042 3673 1131">
     <span class='ocr_line' id='line_1_39' title="bbox 1990 1042 3673 1131; baseline -0.015 -16"><span class='ocrx_word' id='word_1_296' title='bbox 1990 1079 2104 1131; x_wconf 73' lang='lat' dir='ltr'><strong>qua:</strong></span> <span class='ocrx_word' id='word_1_297' title='bbox 2144 1061 2282 1129; x_wconf 83' lang='lat' dir='ltr'><strong>facta</strong></span> <span class='ocrx_word' id='word_1_298' title='bbox 2324 1070 2468 1125; x_wconf 90' lang='lat' dir='ltr'><strong>sunt,</strong></span> <span class='ocrx_word' id='word_1_299' title='bbox 2507 1058 2776 1113; x_wconf 83' lang='lat' dir='ltr'><strong>intellecta</strong></span> <span class='ocrx_word' id='word_1_300' title='bbox 2819 1050 3309 1119; x_wconf 80' lang='lat' dir='ltr'><strong>conspiciuntur,</strong></span> <span class='ocrx_word' id='word_1_301' title='bbox 3353 1053 3408 1094; x_wconf 85' lang='lat' dir='ltr'><strong>et</strong></span> <span class='ocrx_word' id='word_1_302' title='bbox 3466 1042 3673 1106; x_wconf 82' lang='lat' dir='ltr'><strong>sempi-</strong></span> 
     </span>
    </p>
   </div>
   <div class='ocr_carea' id='block_1_40' title="bbox 1993 1131 3673 1229">
    <p class='ocr_par' dir='ltr' id='par_1_40' title="bbox 1993 1131 3673 1229">
     <span class='ocr_line' id='line_1_40' title="bbox 1993 1131 3673 1229; baseline -0.013 -24"><span class='ocrx_word' id='word_1_303' title='bbox 1993 1165 2137 1205; x_wconf 90' lang='lat' dir='ltr'><strong>terna</strong></span> <span class='ocrx_word' id='word_1_304' title='bbox 2163 1156 2274 1220; x_wconf 85' lang='lat' dir='ltr'><strong>ejus</strong></span> <span class='ocrx_word' id='word_1_305' title='bbox 2309 1154 2472 1203; x_wconf 89' lang='lat' dir='ltr'><strong>virtus</strong></span> <span class='ocrx_word' id='word_1_306' title='bbox 2495 1168 2557 1201; x_wconf 87' lang='lat' dir='ltr'><strong>ac</strong></span> <span class='ocrx_word' id='word_1_307' title='bbox 2585 1147 2839 1201; x_wconf 88' lang='lat' dir='ltr'><strong>divinitas</strong></span> <span class='ocrx_word' id='word_1_308' title='bbox 2861 1184 2877 1206; x_wconf 88' lang='lat'><strong>,</strong></span> <span class='ocrx_word' id='word_1_309' title='bbox 2910 1146 2997 1217; x_wconf 8' lang='lat' dir='ltr'><strong>uti</strong></span> <span class='ocrx_word' id='word_1_310' title='bbox 3021 1141 3148 1191; x_wconf 84' lang='lat' dir='ltr'><strong>sint</strong></span> <span class='ocrx_word' id='word_1_311' title='bbox 3187 1131 3673 1229; x_wconf 43' lang='lat' dir='ltr'><strong>inexcusabilest</strong></span> 
     </span>
    </p>
   </div>
   <div class='ocr_carea' id='block_1_41' title="bbox 1993 1225 3677 1319">
    <p class='ocr_par' dir='ltr' id='par_1_41' title="bbox 1993 1225 3677 1319">
     <span class='ocr_line' id='line_1_41' title="bbox 1993 1225 3677 1319; baseline -0.014 -27"><span class='ocrx_word' id='word_1_312' title='bbox 1993 1242 2111 1309; x_wconf 85' lang='lat' dir='ltr'><strong>quia</strong></span> <span class='ocrx_word' id='word_1_313' title='bbox 2138 1258 2251 1292; x_wconf 88' lang='lat' dir='ltr'><strong>cum</strong></span> <span class='ocrx_word' id='word_1_314' title='bbox 2272 1239 2626 1307; x_wconf 82' lang='lat' dir='ltr'><strong>cognovissent</strong></span> <span class='ocrx_word' id='word_1_315' title='bbox 2659 1236 2858 1294; x_wconf 89' lang='lat' dir='ltr'><strong>Deum,</strong></span> <span class='ocrx_word' id='word_1_316' title='bbox 2893 1246 3007 1282; x_wconf 90' lang='lat' dir='ltr'><strong>non</strong></span> <span class='ocrx_word' id='word_1_317' title='bbox 3036 1230 3200 1280; x_wconf 81' lang='lat' dir='ltr'><strong>sicut</strong></span> <span class='ocrx_word' id='word_1_318' title='bbox 3230 1225 3432 1277; x_wconf 86' lang='lat' dir='ltr'><strong>Deum</strong></span> <span class='ocrx_word' id='word_1_319' title='bbox 3463 1236 3677 1319; x_wconf 65' lang='lat' dir='ltr'><strong>magni-</strong></span> 
     </span>
    </p>
   </div>
   <div class='ocr_carea' id='block_1_42' title="bbox 1992 1318 3675 1397">
    <p class='ocr_par' dir='ltr' id='par_1_42' title="bbox 1992 1318 3675 1397">
     <span class='ocr_line' id='line_1_42' title="bbox 1992 1318 3675 1397; baseline -0.013 -15"><span class='ocrx_word' id='word_1_320' title='bbox 1992 1332 2298 1397; x_wconf 85' lang='lat' dir='ltr'><strong>ficarerunt.</strong></span> <span class='ocrx_word' id='word_1_321' title='bbox 2340 1336 2429 1380; x_wconf 88' lang='lat' dir='ltr'><strong>aut</strong></span> <span class='ocrx_word' id='word_1_322' title='bbox 2467 1328 2668 1394; x_wconf 87' lang='lat' dir='ltr'><strong>gratias</strong></span> <span class='ocrx_word' id='word_1_323' title='bbox 2708 1332 2983 1390; x_wconf 80' lang='lat' dir='ltr'><strong>egerunt;</strong></span> <span class='ocrx_word' id='word_1_324' title='bbox 3022 1318 3136 1370; x_wconf 86' lang='lat' dir='ltr'><strong>sed</strong></span> <span class='ocrx_word' id='word_1_325' title='bbox 3201 1322 3574 1368; x_wconf 72' lang='lat' dir='ltr'><strong>evanuerunt</strong></span> <span class='ocrx_word' id='word_1_326' title='bbox 3620 1318 3675 1362; x_wconf 80' lang='lat' dir='ltr'><strong>in</strong></span> 
     </span>
    </p>
   </div>
   <div class='ocr_carea' id='block_1_43' title="bbox 1972 1403 3669 1487">
    <p class='ocr_par' dir='ltr' id='par_1_43' title="bbox 1972 1403 3669 1487">
     <span class='ocr_line' id='line_1_43' title="bbox 1972 1403 3669 1487; baseline -0.011 -16"><span class='ocrx_word' id='word_1_327' title='bbox 1972 1419 2386 1487; x_wconf 79' lang='lat' dir='ltr'><strong>rogitationibus</strong></span> <span class='ocrx_word' id='word_1_328' title='bbox 2429 1418 2570 1478; x_wconf 82' lang='lat' dir='ltr'><strong>suis,</strong></span> <span class='ocrx_word' id='word_1_329' title='bbox 2612 1426 2659 1467; x_wconf 89' lang='lat' dir='ltr'><strong>et</strong></span> <span class='ocrx_word' id='word_1_330' title='bbox 2696 1411 3183 1465; x_wconf 86' lang='lat' dir='ltr'><strong>contenebratum</strong></span> <span class='ocrx_word' id='word_1_331' title='bbox 3239 1416 3330 1458; x_wconf 86' lang='lat' dir='ltr'><strong>est</strong></span> <span class='ocrx_word' id='word_1_332' title='bbox 3397 1403 3669 1469; x_wconf 80' lang='lat' dir='ltr'><strong>insipiens</strong></span> 
     </span>
    </p>
   </div>
   <div class='ocr_carea' id='block_1_44' title="bbox 1995 1491 3676 1564">
    <p class='ocr_par' dir='ltr' id='par_1_44' title="bbox 1995 1491 3676 1564">
     <span class='ocr_line' id='line_1_44' title="bbox 1995 1491 3676 1564; baseline -0.011 -5"><span class='ocrx_word' id='word_1_333' title='bbox 1995 1525 2082 1560; x_wconf 87' lang='lat' dir='ltr'><strong>cor</strong></span> <span class='ocrx_word' id='word_1_334' title='bbox 2102 1524 2298 1560; x_wconf 87' lang='lat' dir='ltr'><strong>eorum.</strong></span> <span class='ocrx_word' id='word_1_335' title='bbox 2329 1507 2567 1559; x_wconf 84' lang='lat' dir='ltr'><strong>Dicentes</strong></span> <span class='ocrx_word' id='word_1_336' title='bbox 2593 1504 2734 1556; x_wconf 88' lang='lat' dir='ltr'><strong>enim</strong></span> <span class='ocrx_word' id='word_1_337' title='bbox 2766 1518 2823 1555; x_wconf 90' lang='lat' dir='ltr'><strong>se</strong></span> <span class='ocrx_word' id='word_1_338' title='bbox 2841 1516 2963 1552; x_wconf 88' lang='lat' dir='ltr'><strong>esse</strong></span> <span class='ocrx_word' id='word_1_339' title='bbox 2982 1498 3327 1564; x_wconf 81' lang='lat' dir='ltr'><strong>sapientes,</strong></span> <span class='ocrx_word' id='word_1_340' title='bbox 3354 1492 3525 1545; x_wconf 81' lang='lat' dir='ltr'><strong>stulti</strong></span> <span class='ocrx_word' id='word_1_341' title='bbox 3545 1491 3676 1559; x_wconf 82' lang='lat' dir='ltr'><strong>facti</strong></span> 
     </span>
    </p>
   </div>
   <div class='ocr_carea' id='block_1_45' title="bbox 1994 1583 3677 1662">
    <p class='ocr_par' dir='ltr' id='par_1_45' title="bbox 1994 1583 3677 1662">
     <span class='ocr_line' id='line_1_45' title="bbox 1994 1583 3677 1662; baseline -0.011 -12"><span class='ocrx_word' id='word_1_342' title='bbox 1994 1608 2135 1660; x_wconf 88' lang='lat' dir='ltr'><strong>sunt,</strong></span> <span class='ocrx_word' id='word_1_343' title='bbox 2175 1609 2221 1650; x_wconf 84' lang='lat' dir='ltr'><strong>et</strong></span> <span class='ocrx_word' id='word_1_344' title='bbox 2251 1599 2653 1648; x_wconf 86' lang='lat' dir='ltr'><strong>immutaverunt</strong></span> <span class='ocrx_word' id='word_1_345' title='bbox 2681 1593 2917 1662; x_wconf 87' lang='lat' dir='ltr'><strong>gloriam</strong></span> <span class='ocrx_word' id='word_1_346' title='bbox 2954 1585 3450 1653; x_wconf 79' lang='lat' dir='ltr'><strong>incorruptibilis</strong></span> <span class='ocrx_word' id='word_1_347' title='bbox 3495 1583 3597 1635; x_wconf 86' lang='lat' dir='ltr'><strong>Dei</strong></span> <span class='ocrx_word' id='word_1_348' title='bbox 3621 1583 3677 1633; x_wconf 90' lang='lat' dir='ltr'><strong>in</strong></span> 
     </span>
    </p>
   </div>
   <div class='ocr_carea' id='block_1_46' title="bbox 1998 1672 3677 1752">
    <p class='ocr_par' dir='ltr' id='par_1_46' title="bbox 1998 1672 3677 1752">
     <span class='ocr_line' id='line_1_46' title="bbox 1998 1672 3677 1752; baseline -0.009 -14"><span class='ocrx_word' id='word_1_349' title='bbox 1998 1672 2388 1739; x_wconf 83' lang='lat' dir='ltr'><strong>similitudinem</strong></span> <span class='ocrx_word' id='word_1_350' title='bbox 2419 1686 2663 1752; x_wconf 88' lang='lat' dir='ltr'><strong>imaginis</strong></span> <span class='ocrx_word' id='word_1_351' title='bbox 2693 1680 3090 1749; x_wconf 77' lang='lat' dir='ltr'><strong>corruptibilis</strong></span> <span class='ocrx_word' id='word_1_352' title='bbox 3126 1677 3426 1732; x_wconf 79' lang='lat' dir='ltr'><strong>hominis.</strong></span> <span class='ocrx_word' id='word_1_353' title='bbox 3458 1682 3512 1726; x_wconf 89' lang='lat' dir='ltr'><strong>et</strong></span> <span class='ocrx_word' id='word_1_354' title='bbox 3529 1673 3677 1725; x_wconf 80' lang='lat' dir='ltr'><strong>volu-</strong></span> 
     </span>
    </p>
   </div>
   <div class='ocr_carea' id='block_1_47' title="bbox 2001 1763 3671 1844">
    <p class='ocr_par' dir='ltr' id='par_1_47' title="bbox 2001 1763 3671 1844">
     <span class='ocr_line' id='line_1_47' title="bbox 2001 1763 3671 1844; baseline -0.01 -15"><span class='ocrx_word' id='word_1_355' title='bbox 2001 1793 2167 1835; x_wconf 77' lang='lat' dir='ltr'><strong>erunt,</strong></span> <span class='ocrx_word' id='word_1_356' title='bbox 2209 1785 2256 1828; x_wconf 89' lang='lat' dir='ltr'><strong>et</strong></span> <span class='ocrx_word' id='word_1_357' title='bbox 2286 1776 2713 1844; x_wconf 81' lang='lat' dir='ltr'><strong>quadrupedum,</strong></span> <span class='ocrx_word' id='word_1_358' title='bbox 2754 1785 2803 1825; x_wconf 88' lang='lat' dir='ltr'><strong>et</strong></span> <span class='ocrx_word' id='word_1_359' title='bbox 2845 1770 3224 1839; x_wconf 83' lang='lat' dir='ltr'><strong>serpentium</strong></span> <span class='ocrx_word' id='word_1_360' title='bbox 3264 1767 3344 1819; x_wconf 78' lang='grc' dir='ltr'><strong>⁵ο.</strong></span> <span class='ocrx_word' id='word_1_361' title='bbox 3378 1764 3538 1818; x_wconf 83' lang='lat' dir='ltr'><strong>Pette</strong></span> <span class='ocrx_word' id='word_1_362' title='bbox 3563 1763 3671 1829; x_wconf 87' lang='lat' dir='ltr'><strong>jam</strong></span> 
     </span>
    </p>
   </div>
   <div class='ocr_carea' id='block_1_48' title="bbox 2003 1850 3674 1932">
    <p class='ocr_par' dir='ltr' id='par_1_48' title="bbox 2003 1850 3674 1932">
     <span class='ocr_line' id='line_1_48' title="bbox 2003 1850 3674 1932; baseline -0.008 -14"><span class='ocrx_word' id='word_1_363' title='bbox 2003 1867 2179 1920; x_wconf 86' lang='lat' dir='ltr'><strong>dehis</strong></span> <span class='ocrx_word' id='word_1_364' title='bbox 2212 1866 2440 1932; x_wconf 88' lang='lat' dir='ltr'><strong>singulis</strong></span> <span class='ocrx_word' id='word_1_365' title='bbox 2479 1867 2532 1916; x_wconf 91' lang='lat' dir='ltr'><strong>in</strong></span> <span class='ocrx_word' id='word_1_366' title='bbox 2572 1863 2965 1930; x_wconf 89' lang='lat' dir='ltr'><strong>superioribus</strong></span> <span class='ocrx_word' id='word_1_367' title='bbox 3012 1862 3367 1912; x_wconf 73' lang='lat' dir='ltr'><strong>diSsertum</strong></span> <span class='ocrx_word' id='word_1_368' title='bbox 3404 1864 3497 1907; x_wconf 83' lang='lat' dir='ltr'><strong>est</strong></span> <span class='ocrx_word' id='word_1_369' title='bbox 3539 1850 3674 1921; x_wconf 76' lang='lat'><strong>(89).</strong></span> 
     </span>
    </p>
   </div>
   <div class='ocr_carea' id='block_1_49' title="bbox 2002 1944 3672 2023">
    <p class='ocr_par' dir='ltr' id='par_1_49' title="bbox 2002 1944 3672 2023">
     <span class='ocr_line' id='line_1_49' title="bbox 2002 1944 3672 2023; baseline -0.009 -14"><span class='ocrx_word' id='word_1_370' title='bbox 2002 1958 2241 2009; x_wconf 77' lang='lat' dir='ltr'><strong>Diximus</strong></span> <span class='ocrx_word' id='word_1_371' title='bbox 2271 1956 2410 2008; x_wconf 89' lang='lat' dir='ltr'><strong>enim</strong></span> <span class='ocrx_word' id='word_1_372' title='bbox 2435 1955 2546 2006; x_wconf 67' lang='lat' dir='ltr'><strong>haec</strong></span> <span class='ocrx_word' id='word_1_373' title='bbox 2572 1951 2935 2023; x_wconf 15' lang='lat' dir='ltr'><strong>quamvisgad</strong></span> <span class='ocrx_word' id='word_1_374' title='bbox 2970 1964 3202 2003; x_wconf 85' lang='lat' dir='ltr'><strong>omnes</strong></span> <span class='ocrx_word' id='word_1_375' title='bbox 3240 1946 3521 2001; x_wconf 88' lang='lat' dir='ltr'><strong>homines</strong></span> <span class='ocrx_word' id='word_1_376' title='bbox 3553 1944 3672 2010; x_wconf 86' lang='lat' dir='ltr'><strong>qui-</strong></span> 
     </span>
    </p>
   </div>
   <div class='ocr_carea' id='block_1_50' title="bbox 2002 2033 3671 2104">
    <p class='ocr_par' dir='ltr' id='par_1_50' title="bbox 2002 2033 3671 2104">
     <span class='ocr_line' id='line_1_50' title="bbox 2002 2033 3671 2104; baseline -0.008 -6"><span class='ocrx_word' id='word_1_377' title='bbox 2002 2048 2098 2098; x_wconf 89' lang='lat' dir='ltr'><strong>bus</strong></span> <span class='ocrx_word' id='word_1_378' title='bbox 2120 2045 2259 2097; x_wconf 91' lang='lat' dir='ltr'><strong>inest</strong></span> <span class='ocrx_word' id='word_1_379' title='bbox 2288 2045 2425 2096; x_wconf 89' lang='lat' dir='ltr'><strong>ratio</strong></span> <span class='ocrx_word' id='word_1_380' title='bbox 2449 2042 2739 2104; x_wconf 86' lang='lat' dir='ltr'><strong>naturalis,</strong></span> <span class='ocrx_word' id='word_1_381' title='bbox 2765 2042 3031 2093; x_wconf 82' lang='lat' dir='ltr'><strong>maxime</strong></span> <span class='ocrx_word' id='word_1_382' title='bbox 3060 2050 3285 2091; x_wconf 84' lang='lat' dir='ltr'><strong>tamen</strong></span> <span class='ocrx_word' id='word_1_383' title='bbox 3311 2044 3584 2103; x_wconf 84' lang='lat' dir='ltr'><strong>spectate</strong></span> <span class='ocrx_word' id='word_1_384' title='bbox 3604 2033 3671 2085; x_wconf 86' lang='lat' dir='ltr'><strong>ad</strong></span> 
     </span>
    </p>
   </div>
   <div class='ocr_carea' id='block_1_51' title="bbox 2003 2124 3642 2206">
    <p class='ocr_par' dir='ltr' id='par_1_51' title="bbox 2003 2124 3642 2206">
     <span class='ocr_line' id='line_1_51' title="bbox 2003 2124 3642 2206; baseline -0.009 -15"><span class='ocrx_word' id='word_1_385' title='bbox 2003 2139 2270 2206; x_wconf 87' lang='lat' dir='ltr'><strong>sapientes</strong></span> <span class='ocrx_word' id='word_1_386' title='bbox 2294 2137 2450 2202; x_wconf 89' lang='lat' dir='ltr'><strong>hujus</strong></span> <span class='ocrx_word' id='word_1_387' title='bbox 2480 2133 2693 2196; x_wconf 87' lang='lat' dir='ltr'><strong>mundi,</strong></span> <span class='ocrx_word' id='word_1_388' title='bbox 2732 2141 2790 2185; x_wconf 90' lang='lat' dir='ltr'><strong>et</strong></span> <span class='ocrx_word' id='word_1_389' title='bbox 2819 2147 2922 2185; x_wconf 81' lang='lat' dir='ltr'><strong>eos</strong></span> <span class='ocrx_word' id='word_1_390' title='bbox 2943 2131 3051 2199; x_wconf 89' lang='lat' dir='ltr'><strong>qui</strong></span> <span class='ocrx_word' id='word_1_391' title='bbox 3094 2126 3462 2198; x_wconf 66' lang='lat' dir='ltr'><strong>philosotilti</strong></span> <span class='ocrx_word' id='word_1_392' title='bbox 3495 2124 3642 2179; x_wconf 85' lang='lat' dir='ltr'><strong>nonti</strong></span> 
     </span>
    </p>
   </div>
   <div class='ocr_carea' id='block_1_52' title="bbox 2004 2215 3668 2295">
    <p class='ocr_par' dir='ltr' id='par_1_52' title="bbox 2004 2215 3668 2295">
     <span class='ocr_line' id='line_1_52' title="bbox 2004 2215 3668 2295; baseline -0.008 -15"><span class='ocrx_word' id='word_1_393' title='bbox 2004 2236 2219 2292; x_wconf 90' lang='lat' dir='ltr'><strong>nantur,</strong></span> <span class='ocrx_word' id='word_1_394' title='bbox 2242 2228 2437 2295; x_wconf 91' lang='lat' dir='ltr'><strong>quibus</strong></span> <span class='ocrx_word' id='word_1_395' title='bbox 2459 2225 2730 2293; x_wconf 72' lang='lat' dir='ltr'><strong>praecipue</strong></span> <span class='ocrx_word' id='word_1_396' title='bbox 2765 2233 3089 2275; x_wconf 87' lang='lat' dir='ltr'><strong>creaturas</strong></span> <span class='ocrx_word' id='word_1_397' title='bbox 3120 2220 3372 2284; x_wconf 84' lang='lat' dir='ltr'><strong>mundi,</strong></span> <span class='ocrx_word' id='word_1_398' title='bbox 3406 2229 3467 2271; x_wconf 89' lang='lat' dir='ltr'><strong>et</strong></span> <span class='ocrx_word' id='word_1_399' title='bbox 3487 2215 3668 2270; x_wconf 79' lang='lat' dir='ltr'><strong>omnia</strong></span> 
     </span>
    </p>
   </div>
   <div class='ocr_carea' id='block_1_53' title="bbox 2003 2310 3667 2386">
    <p class='ocr_par' dir='ltr' id='par_1_53' title="bbox 2003 2310 3667 2386">
     <span class='ocr_line' id='line_1_53' title="bbox 2003 2310 3667 2386; baseline -0.005 -16"><span class='ocrx_word' id='word_1_400' title='bbox 2003 2333 2119 2386; x_wconf 74' lang='lat' dir='ltr'><strong>quae</strong></span> <span class='ocrx_word' id='word_1_401' title='bbox 2149 2319 2200 2371; x_wconf 94' lang='lat' dir='ltr'><strong>in</strong></span> <span class='ocrx_word' id='word_1_402' title='bbox 2248 2332 2311 2371; x_wconf 90' lang='lat' dir='ltr'><strong>eo</strong></span> <span class='ocrx_word' id='word_1_403' title='bbox 2349 2317 2487 2370; x_wconf 79' lang='lat' dir='ltr'><strong>facta</strong></span> <span class='ocrx_word' id='word_1_404' title='bbox 2529 2324 2675 2378; x_wconf 89' lang='lat' dir='ltr'><strong>sunt,</strong></span> <span class='ocrx_word' id='word_1_405' title='bbox 2714 2313 3019 2366; x_wconf 86' lang='lat' dir='ltr'><strong>discutere</strong></span> <span class='ocrx_word' id='word_1_406' title='bbox 3074 2310 3417 2379; x_wconf 83' lang='lat' dir='ltr'><strong>disciplina</strong></span> <span class='ocrx_word' id='word_1_407' title='bbox 3460 2317 3583 2372; x_wconf 87' lang='lat' dir='ltr'><strong>est,</strong></span> <span class='ocrx_word' id='word_1_408' title='bbox 3615 2317 3667 2361; x_wconf 89' lang='lat' dir='ltr'><strong>et</strong></span> 
     </span>
    </p>
   </div>
   <div class='ocr_carea' id='block_1_54' title="bbox 2005 2400 3667 2476">
    <p class='ocr_par' dir='ltr' id='par_1_54' title="bbox 2005 2400 3667 2476">
     <span class='ocr_line' id='line_1_54' title="bbox 2005 2400 3667 2476; baseline -0.006 -15"><span class='ocrx_word' id='word_1_409' title='bbox 2005 2423 2099 2476; x_wconf 89' lang='lat' dir='ltr'><strong>per</strong></span> <span class='ocrx_word' id='word_1_410' title='bbox 2125 2408 2237 2460; x_wconf 72' lang='lat' dir='ltr'><strong>haec</strong></span> <span class='ocrx_word' id='word_1_411' title='bbox 2263 2422 2379 2473; x_wconf 70' lang='lat' dir='ltr'><strong>qure</strong></span> <span class='ocrx_word' id='word_1_412' title='bbox 2412 2405 2688 2467; x_wconf 89' lang='lat' dir='ltr'><strong>videntur,</strong></span> <span class='ocrx_word' id='word_1_413' title='bbox 2716 2418 2781 2455; x_wconf 91' lang='lat' dir='ltr'><strong>ea</strong></span> <span class='ocrx_word' id='word_1_414' title='bbox 2807 2417 2943 2470; x_wconf 73' lang='lat' dir='ltr'><strong>qua:</strong></span> <span class='ocrx_word' id='word_1_415' title='bbox 2971 2416 3102 2456; x_wconf 87' lang='lat' dir='ltr'><strong>non</strong></span> <span class='ocrx_word' id='word_1_416' title='bbox 3135 2402 3433 2456; x_wconf 88' lang='lat' dir='ltr'><strong>videntur</strong></span> <span class='ocrx_word' id='word_1_417' title='bbox 3461 2400 3667 2453; x_wconf 84' lang='lat' dir='ltr'><strong>ratione</strong></span> 
     </span>
    </p>
   </div>
   <div class='ocr_carea' id='block_1_55' title="bbox 2005 2488 3661 2565">
    <p class='ocr_par' dir='ltr' id='par_1_55' title="bbox 2005 2488 3661 2565">
     <span class='ocr_line' id='line_1_55' title="bbox 2005 2488 3661 2565; baseline -0.005 -15"><span class='ocrx_word' id='word_1_418' title='bbox 2005 2497 2272 2565; x_wconf 87' lang='lat' dir='ltr'><strong>colligere.</strong></span> <span class='ocrx_word' id='word_1_419' title='bbox 2312 2494 2602 2549; x_wconf 83' lang='lat' dir='ltr'><strong>Sciendum</strong></span> <span class='ocrx_word' id='word_1_420' title='bbox 2638 2506 2822 2546; x_wconf 89' lang='lat' dir='ltr'><strong>tamen</strong></span> <span class='ocrx_word' id='word_1_421' title='bbox 2865 2502 2959 2546; x_wconf 87' lang='lat' dir='ltr'><strong>est</strong></span> <span class='ocrx_word' id='word_1_422' title='bbox 3006 2493 3182 2561; x_wconf 90' lang='lat' dir='ltr'><strong>quod</strong></span> <span class='ocrx_word' id='word_1_423' title='bbox 3222 2492 3328 2546; x_wconf 84' lang='lat' dir='ltr'><strong>hic</strong></span> <span class='ocrx_word' id='word_1_424' title='bbox 3369 2488 3661 2544; x_wconf 85' lang='lat' dir='ltr'><strong>invisibilia</strong></span> 
     </span>
    </p>
   </div>
   <div class='ocr_carea' id='block_1_56' title="bbox 2004 2583 3662 2655">
    <p class='ocr_par' dir='ltr' id='par_1_56' title="bbox 2004 2583 3662 2655">
     <span class='ocr_line' id='line_1_56' title="bbox 2004 2583 3662 2655; baseline -0.005 -14"><span class='ocrx_word' id='word_1_425' title='bbox 2004 2603 2120 2655; x_wconf 66' lang='lat' dir='ltr'><strong>quae</strong></span> <span class='ocrx_word' id='word_1_426' title='bbox 2138 2586 2395 2651; x_wconf 88' lang='lat' dir='ltr'><strong>nominat,</strong></span> <span class='ocrx_word' id='word_1_427' title='bbox 2414 2587 2480 2639; x_wconf 90' lang='lat' dir='ltr'><strong>de</strong></span> <span class='ocrx_word' id='word_1_428' title='bbox 2502 2585 2773 2638; x_wconf 88' lang='lat' dir='ltr'><strong>creaturis</strong></span> <span class='ocrx_word' id='word_1_429' title='bbox 2789 2584 2976 2641; x_wconf 83' lang='lat' dir='ltr'><strong>dicit:</strong></span> <span class='ocrx_word' id='word_1_430' title='bbox 3013 2585 3098 2638; x_wconf 87' lang='lat' dir='ltr'><strong>de</strong></span> <span class='ocrx_word' id='word_1_431' title='bbox 3132 2584 3367 2653; x_wconf 86' lang='lat' dir='ltr'><strong>quibus</strong></span> <span class='ocrx_word' id='word_1_432' title='bbox 3394 2592 3454 2638; x_wconf 89' lang='lat' dir='ltr'><strong>et</strong></span> <span class='ocrx_word' id='word_1_433' title='bbox 3486 2583 3540 2635; x_wconf 90' lang='lat' dir='ltr'><strong>in</strong></span> <span class='ocrx_word' id='word_1_434' title='bbox 3570 2584 3662 2633; x_wconf 67' lang='lat' dir='ltr'><strong>alo</strong></span> 
     </span>
    </p>
   </div>
   <div class='ocr_carea' id='block_1_57' title="bbox 2005 2672 3656 2742">
    <p class='ocr_par' dir='ltr' id='par_1_57' title="bbox 2005 2672 3656 2742">
     <span class='ocr_line' id='line_1_57' title="bbox 2005 2672 3656 2742; baseline -0.004 -14"><span class='ocrx_word' id='word_1_435' title='bbox 2005 2677 2122 2730; x_wconf 90' lang='lat' dir='ltr'><strong>loco</strong></span> <span class='ocrx_word' id='word_1_436' title='bbox 2160 2676 2298 2729; x_wconf 90' lang='lat' dir='ltr'><strong>idem</strong></span> <span class='ocrx_word' id='word_1_437' title='bbox 2327 2674 2615 2741; x_wconf 86' lang='lat' dir='ltr'><strong>Apostolus</strong></span> <span class='ocrx_word' id='word_1_438' title='bbox 2642 2672 2875 2726; x_wconf 85' lang='lat' dir='ltr'><strong>scribit:</strong></span> <span class='ocrx_word' id='word_1_439' title='bbox 2911 2673 3066 2742; x_wconf 85' lang='lat' dir='ltr'><strong>quia</strong></span> <span class='ocrx_word' id='word_1_440' title='bbox 3108 2675 3322 2727; x_wconf 89' lang='lat' dir='ltr'><strong>omnia</strong></span> <span class='ocrx_word' id='word_1_441' title='bbox 3354 2689 3457 2741; x_wconf 88' lang='lat' dir='ltr'><strong>per</strong></span> <span class='ocrx_word' id='word_1_442' title='bbox 3477 2676 3656 2740; x_wconf 79' lang='lat' dir='ltr'><strong>ipsum,</strong></span> 
     </span>
    </p>
   </div>
   <div class='ocr_carea' id='block_1_58' title="bbox 2006 2754 3660 2834">
    <p class='ocr_par' dir='ltr' id='par_1_58' title="bbox 2006 2754 3660 2834">
     <span class='ocr_line' id='line_1_58' title="bbox 2006 2754 3660 2834; baseline -0.006 -12"><span class='ocrx_word' id='word_1_443' title='bbox 2006 2770 2057 2822; x_wconf 89' lang='lat' dir='ltr'><strong>id</strong></span> <span class='ocrx_word' id='word_1_444' title='bbox 2103 2754 2186 2822; x_wconf 83' lang='lat' dir='ltr'><strong>est</strong></span> <span class='ocrx_word' id='word_1_445' title='bbox 2214 2782 2308 2834; x_wconf 87' lang='lat' dir='ltr'><strong>per</strong></span> <span class='ocrx_word' id='word_1_446' title='bbox 2338 2766 2519 2820; x_wconf 85' lang='lat' dir='ltr'><strong>Jesum</strong></span> <span class='ocrx_word' id='word_1_447' title='bbox 2550 2765 2864 2828; x_wconf 86' lang='lat' dir='ltr'><strong>Christum,</strong></span> <span class='ocrx_word' id='word_1_448' title='bbox 2899 2764 3078 2832; x_wconf 82' lang='lat' dir='ltr'><strong>facta</strong></span> <span class='ocrx_word' id='word_1_449' title='bbox 3115 2773 3289 2830; x_wconf 87' lang='lat' dir='ltr'><strong>sunt,</strong></span> <span class='ocrx_word' id='word_1_450' title='bbox 3325 2766 3439 2818; x_wconf 88' lang='lat' dir='ltr'><strong>sive</strong></span> <span class='ocrx_word' id='word_1_451' title='bbox 3467 2779 3584 2832; x_wconf 78' lang='lat' dir='ltr'><strong>qua:</strong></span> <span class='ocrx_word' id='word_1_452' title='bbox 3611 2763 3660 2812; x_wconf 85' lang='lat' dir='ltr'><strong>in</strong></span> 
     </span>
    </p>
   </div>
   <div class='ocr_carea' id='block_1_59' title="bbox 2005 2853 3654 2925">
    <p class='ocr_par' dir='ltr' id='par_1_59' title="bbox 2005 2853 3654 2925">
     <span class='ocr_line' id='line_1_59' title="bbox 2005 2853 3654 2925; baseline -0.004 -14"><span class='ocrx_word' id='word_1_453' title='bbox 2005 2859 2125 2911; x_wconf 74' lang='lat' dir='ltr'><strong>coelo</strong></span> <span class='ocrx_word' id='word_1_454' title='bbox 2150 2868 2293 2920; x_wconf 88' lang='lat' dir='ltr'><strong>stmt,</strong></span> <span class='ocrx_word' id='word_1_455' title='bbox 2318 2858 2422 2910; x_wconf 84' lang='lat' dir='ltr'><strong>sive</strong></span> <span class='ocrx_word' id='word_1_456' title='bbox 2448 2872 2564 2925; x_wconf 72' lang='lat' dir='ltr'><strong>qua:</strong></span> <span class='ocrx_word' id='word_1_457' title='bbox 2587 2857 2643 2908; x_wconf 79' lang='lat' dir='ltr'><strong>in</strong></span> <span class='ocrx_word' id='word_1_458' title='bbox 2667 2865 2838 2918; x_wconf 87' lang='lat' dir='ltr'><strong>terra,</strong></span> <span class='ocrx_word' id='word_1_459' title='bbox 2876 2856 3152 2909; x_wconf 80' lang='lat' dir='ltr'><strong>uisibilia</strong></span> <span class='ocrx_word' id='word_1_460' title='bbox 3185 2867 3240 2909; x_wconf 87' lang='lat' dir='ltr'><strong>et</strong></span> <span class='ocrx_word' id='word_1_461' title='bbox 3271 2853 3569 2908; x_wconf 85' lang='lat' dir='ltr'><strong>invisibilia</strong></span> <span class='ocrx_word' id='word_1_462' title='bbox 3593 2853 3654 2905; x_wconf 86' lang='grc'><strong>⁵¹.</strong></span> 
     </span>
    </p>
   </div>
   <div class='ocr_carea' id='block_1_60' title="bbox 2007 2939 3654 3016">
    <p class='ocr_par' dir='ltr' id='par_1_60' title="bbox 2007 2939 3654 3016">
     <span class='ocr_line' id='line_1_60' title="bbox 2007 2939 3654 3016; baseline -0.006 -14"><span class='ocrx_word' id='word_1_463' title='bbox 2007 2950 2072 3002; x_wconf 87' lang='grc' dir='ltr'><strong>Ει</strong></span> <span class='ocrx_word' id='word_1_464' title='bbox 2099 2951 2217 3002; x_wconf 90' lang='lat' dir='ltr'><strong>ideo</strong></span> <span class='ocrx_word' id='word_1_465' title='bbox 2244 2957 2437 3016; x_wconf 63' lang='lat' dir='ltr'><strong>printer</strong></span> <span class='ocrx_word' id='word_1_466' title='bbox 2478 2963 2539 3000; x_wconf 90' lang='lat' dir='ltr'><strong>ea</strong></span> <span class='ocrx_word' id='word_1_467' title='bbox 2584 2961 2704 3013; x_wconf 78' lang='lat' dir='ltr'><strong>qua:</strong></span> <span class='ocrx_word' id='word_1_468' title='bbox 2736 2945 3079 3001; x_wconf 82' lang='lat' dir='ltr'><strong>invisibilia</strong></span> <span class='ocrx_word' id='word_1_469' title='bbox 3122 2948 3320 3014; x_wconf 84' lang='lat' dir='ltr'><strong>dixit,</strong></span> <span class='ocrx_word' id='word_1_470' title='bbox 3360 2945 3555 3000; x_wconf 85' lang='lat' dir='ltr'><strong>addit:</strong></span> <span class='ocrx_word' id='word_1_471' title='bbox 3590 2939 3654 2992; x_wconf 87' lang='lat' dir='ltr'><strong>Et</strong></span> 
     </span>
    </p>
   </div>
   <div class='ocr_carea' id='block_1_61' title="bbox 367 3035 3655 3110">
    <p class='ocr_par' dir='ltr' id='par_1_61' title="bbox 367 3035 3655 3110">
     <span class='ocr_line' id='line_1_61' title="bbox 367 3035 3655 3110; baseline 0.001 -25"><span class='ocrx_word' id='word_1_472' title='bbox 367 3037 470 3088; x_wconf 83' lang='lat' dir='ltr'><strong>erit</strong></span> <span class='ocrx_word' id='word_1_473' title='bbox 509 3035 769 3102; x_wconf 86' lang='lat' dir='ltr'><strong>judicium</strong></span> <span class='ocrx_word' id='word_1_474' title='bbox 813 3038 906 3091; x_wconf 89' lang='lat' dir='ltr'><strong>Dei</strong></span> <span class='ocrx_word' id='word_1_475' title='bbox 940 3041 1103 3093; x_wconf 89' lang='lat' dir='ltr'><strong>etiam</strong></span> <span class='ocrx_word' id='word_1_476' title='bbox 1140 3055 1267 3109; x_wconf 86' lang='lat' dir='ltr'><strong>erga</strong></span> <span class='ocrx_word' id='word_1_477' title='bbox 1302 3055 1397 3096; x_wconf 85' lang='lat' dir='ltr'><strong>eos</strong></span> <span class='ocrx_word' id='word_1_478' title='bbox 1424 3042 1512 3110; x_wconf 89' lang='lat' dir='ltr'><strong>qui</strong></span> <span class='ocrx_word' id='word_1_479' title='bbox 1556 3053 1679 3096; x_wconf 87' lang='lat' dir='ltr'><strong>ante</strong></span> <span class='ocrx_word' id='word_1_480' title='bbox 1708 3046 1903 3098; x_wconf 84' lang='lat' dir='ltr'><strong>adven-</strong></span> <span class='ocrx_word' id='word_1_481' title='bbox 1928 3052 1970 3107; x_wconf 82' lang='lat' dir='ltr'><strong>C</strong></span> <span class='ocrx_word' id='word_1_482' title='bbox 2004 3038 2310 3106; x_wconf 82' lang='lat' dir='ltr'><strong>sempiterna</strong></span> <span class='ocrx_word' id='word_1_483' title='bbox 2356 3037 2470 3103; x_wconf 88' lang='lat' dir='ltr'><strong>ejus</strong></span> <span class='ocrx_word' id='word_1_484' title='bbox 2510 3036 2697 3101; x_wconf 83' lang='lat' dir='ltr'><strong>virtus,</strong></span> <span class='ocrx_word' id='word_1_485' title='bbox 2766 3051 2833 3086; x_wconf 85' lang='lat' dir='ltr'><strong>ac</strong></span> <span class='ocrx_word' id='word_1_486' title='bbox 2917 3037 3251 3091; x_wconf 81' lang='lat' dir='ltr'><strong>divinitas.</strong></span> <span class='ocrx_word' id='word_1_487' title='bbox 3299 3036 3499 3091; x_wconf 76' lang='lat' dir='ltr'><strong>Virtus</strong></span> <span class='ocrx_word' id='word_1_488' title='bbox 3538 3048 3655 3102; x_wconf 72' lang='lat' dir='ltr'><strong>ergo</strong></span> 
     </span>
    </p>
   </div>
   <div class='ocr_carea' id='block_1_62' title="bbox 367 3125 1908 3205">
    <p class='ocr_par' dir='ltr' id='par_1_62' title="bbox 367 3125 1908 3205">
     <span class='ocr_line' id='line_1_62' title="bbox 367 3125 1908 3205; baseline 0.009 -29"><span class='ocrx_word' id='word_1_489' title='bbox 367 3135 476 3178; x_wconf 88' lang='lat' dir='ltr'><strong>tum</strong></span> <span class='ocrx_word' id='word_1_490' title='bbox 503 3125 722 3194; x_wconf 90' lang='lat' dir='ltr'><strong>Christi,</strong></span> <span class='ocrx_word' id='word_1_491' title='bbox 747 3143 865 3181; x_wconf 92' lang='lat' dir='ltr'><strong>cum</strong></span> <span class='ocrx_word' id='word_1_492' title='bbox 897 3132 1163 3205; x_wconf 86' lang='lat' dir='ltr'><strong>potuerint</strong></span> <span class='ocrx_word' id='word_1_493' title='bbox 1187 3134 1349 3185; x_wconf 88' lang='lat' dir='ltr'><strong>Deum</strong></span> <span class='ocrx_word' id='word_1_494' title='bbox 1375 3148 1688 3200; x_wconf 89' lang='lat' dir='ltr'><strong>agnoscere,</strong></span> <span class='ocrx_word' id='word_1_495' title='bbox 1716 3134 1908 3204; x_wconf 88' lang='lat' dir='ltr'><strong>abejus</strong></span> 
     </span>
    </p>
   </div>
   <div class='ocr_carea' id='block_1_63' title="bbox 371 3215 1908 3290">
    <p class='ocr_par' dir='ltr' id='par_1_63' title="bbox 371 3215 1908 3290">
     <span class='ocr_line' id='line_1_63' title="bbox 371 3215 1908 3290; baseline 0.008 -23"><span class='ocrx_word' id='word_1_496' title='bbox 371 3215 520 3269; x_wconf 86' lang='lat' dir='ltr'><strong>cultu</strong></span> <span class='ocrx_word' id='word_1_497' title='bbox 551 3217 901 3285; x_wconf 88' lang='lat' dir='ltr'><strong>declinantes,</strong></span> <span class='ocrx_word' id='word_1_498' title='bbox 929 3222 994 3273; x_wconf 92' lang='lat' dir='ltr'><strong>ad</strong></span> <span class='ocrx_word' id='word_1_499' title='bbox 1025 3222 1281 3290; x_wconf 87' lang='lat' dir='ltr'><strong>imagines</strong></span> <span class='ocrx_word' id='word_1_500' title='bbox 1314 3223 1584 3277; x_wconf 88' lang='lat' dir='ltr'><strong>hominum</strong></span> <span class='ocrx_word' id='word_1_501' title='bbox 1612 3226 1908 3280; x_wconf 90' lang='lat' dir='ltr'><strong>adorandas</strong></span> 
     </span>
    </p>
   </div>
   <div class='ocr_carea' id='block_1_64' title="bbox 367 3306 1910 3379">
    <p class='ocr_par' dir='ltr' id='par_1_64' title="bbox 367 3306 1910 3379">
     <span class='ocr_line' id='line_1_64' title="bbox 367 3306 1910 3379; baseline 0.01 -23"><span class='ocrx_word' id='word_1_502' title='bbox 367 3314 423 3357; x_wconf 87' lang='lat' dir='ltr'><strong>et</strong></span> <span class='ocrx_word' id='word_1_503' title='bbox 460 3306 767 3360; x_wconf 89' lang='lat' dir='ltr'><strong>animalium</strong></span> <span class='ocrx_word' id='word_1_504' title='bbox 818 3310 1170 3365; x_wconf 89' lang='lat' dir='ltr'><strong>diverterunt.</strong></span> <span class='ocrx_word' id='word_1_505' title='bbox 1225 3311 1292 3365; x_wconf 89' lang='lat' dir='ltr'><strong>Ut</strong></span> <span class='ocrx_word' id='word_1_506' title='bbox 1347 3314 1490 3367; x_wconf 88' lang='lat' dir='ltr'><strong>enim</strong></span> <span class='ocrx_word' id='word_1_507' title='bbox 1544 3315 1808 3379; x_wconf 81' lang='lat' dir='ltr'><strong>breviter.</strong></span> <span class='ocrx_word' id='word_1_508' title='bbox 1855 3328 1910 3372; x_wconf 90' lang='lat' dir='ltr'><strong>et</strong></span> 
     </span>
    </p>
   </div>
   <div class='ocr_carea' id='block_1_65' title="bbox 369 3386 1909 3465">
    <p class='ocr_par' dir='ltr' id='par_1_65' title="bbox 369 3386 1909 3465">
     <span class='ocr_line' id='line_1_65' title="bbox 369 3386 1909 3465; baseline 0.007 -19"><span class='ocrx_word' id='word_1_509' title='bbox 369 3394 517 3446; x_wconf 87' lang='lat' dir='ltr'><strong>omni</strong></span> <span class='ocrx_word' id='word_1_510' title='bbox 547 3395 597 3446; x_wconf 92' lang='lat' dir='ltr'><strong>in</strong></span> <span class='ocrx_word' id='word_1_511' title='bbox 624 3411 785 3449; x_wconf 92' lang='lat' dir='ltr'><strong>unum</strong></span> <span class='ocrx_word' id='word_1_512' title='bbox 807 3386 1028 3451; x_wconf 87' lang='lat' dir='ltr'><strong>collecta</strong></span> <span class='ocrx_word' id='word_1_513' title='bbox 1059 3400 1369 3453; x_wconf 76' lang='lat' dir='ltr'><strong>definitione</strong></span> <span class='ocrx_word' id='word_1_514' title='bbox 1396 3401 1653 3465; x_wconf 89' lang='lat' dir='ltr'><strong>dicamus,</strong></span> <span class='ocrx_word' id='word_1_515' title='bbox 1683 3405 1909 3457; x_wconf 88' lang='lat' dir='ltr'><strong>adorare</strong></span> 
     </span>
    </p>
   </div>
   <div class='ocr_carea' id='block_1_66' title="bbox 371 3480 1914 3560">
    <p class='ocr_par' dir='ltr' id='par_1_66' title="bbox 371 3480 1914 3560">
     <span class='ocr_line' id='line_1_66' title="bbox 371 3480 1914 3560; baseline 0.008 -26"><span class='ocrx_word' id='word_1_516' title='bbox 371 3483 532 3536; x_wconf 86' lang='lat' dir='ltr'><strong>alium</strong></span> <span class='ocrx_word' id='word_1_517' title='bbox 566 3489 869 3555; x_wconf 87' lang='lat' dir='ltr'><strong>quempiam</strong></span> <span class='ocrx_word' id='word_1_518' title='bbox 901 3499 1095 3558; x_wconf 63' lang='lat' dir='ltr'><strong>praeter</strong></span> <span class='ocrx_word' id='word_1_519' title='bbox 1124 3490 1233 3560; x_wconf 85' lang='lat'><strong>(87)</strong></span> <span class='ocrx_word' id='word_1_520' title='bbox 1263 3489 1499 3556; x_wconf 88' lang='lat' dir='ltr'><strong>Patrem,</strong></span> <span class='ocrx_word' id='word_1_521' title='bbox 1530 3480 1826 3560; x_wconf 16' lang='lat' dir='ltr'><strong>et&#39;Filium,</strong></span> <span class='ocrx_word' id='word_1_522' title='bbox 1859 3504 1914 3549; x_wconf 89' lang='lat' dir='ltr'><strong>et</strong></span> 
     </span>
    </p>
   </div>
   <div class='ocr_carea' id='block_1_67' title="bbox 373 3572 1906 3654">
    <p class='ocr_par' dir='ltr' id='par_1_67' title="bbox 373 3572 1906 3654">
     <span class='ocr_line' id='line_1_67' title="bbox 373 3572 1906 3654; baseline 0.008 -29"><span class='ocrx_word' id='word_1_523' title='bbox 373 3572 627 3637; x_wconf 85' lang='lat' dir='ltr'><strong>Spiritum</strong></span> <span class='ocrx_word' id='word_1_524' title='bbox 655 3585 920 3641; x_wconf 86' lang='lat' dir='ltr'><strong>sanctum,</strong></span> <span class='ocrx_word' id='word_1_525' title='bbox 944 3580 1233 3647; x_wconf 90' lang='lat' dir='ltr'><strong>impietatis</strong></span> <span class='ocrx_word' id='word_1_526' title='bbox 1254 3589 1336 3634; x_wconf 87' lang='lat' dir='ltr'><strong>est</strong></span> <span class='ocrx_word' id='word_1_527' title='bbox 1360 3582 1583 3635; x_wconf 87' lang='lat' dir='ltr'><strong>crimen.</strong></span> <span class='ocrx_word' id='word_1_528' title='bbox 1606 3582 1744 3647; x_wconf 82' lang='lat' dir='ltr'><strong>Quia</strong></span> <span class='ocrx_word' id='word_1_529' title='bbox 1767 3587 1906 3654; x_wconf 82' lang='lat' dir='ltr'><strong>quod</strong></span> 
     </span>
    </p>
   </div>
   <div class='ocr_carea' id='block_1_68' title="bbox 374 3665 1911 3741">
    <p class='ocr_par' dir='ltr' id='par_1_68' title="bbox 374 3665 1911 3741">
     <span class='ocr_line' id='line_1_68' title="bbox 374 3665 1911 3741; baseline 0.008 -28"><span class='ocrx_word' id='word_1_530' title='bbox 374 3673 553 3715; x_wconf 88' lang='lat' dir='ltr'><strong>notum</strong></span> <span class='ocrx_word' id='word_1_531' title='bbox 582 3674 655 3716; x_wconf 89' lang='lat' dir='ltr'><strong>est</strong></span> <span class='ocrx_word' id='word_1_532' title='bbox 701 3665 815 3730; x_wconf 86' lang='lat' dir='ltr'><strong>Dei,</strong></span> <span class='ocrx_word' id='word_1_533' title='bbox 849 3668 1289 3741; x_wconf 18' lang='lat' dir='ltr'><strong>manifestum&#39;est</strong></span> <span class='ocrx_word' id='word_1_534' title='bbox 1317 3671 1369 3721; x_wconf 89' lang='lat' dir='ltr'><strong>in</strong></span> <span class='ocrx_word' id='word_1_535' title='bbox 1411 3670 1515 3722; x_wconf 83' lang='lat' dir='ltr'><strong>illis</strong></span> <span class='ocrx_word' id='word_1_536' title='bbox 1543 3684 1562 3721; x_wconf 91' lang='lat'><strong>:</strong></span> <span class='ocrx_word' id='word_1_537' title='bbox 1596 3672 1733 3725; x_wconf 82' lang='lat' dir='ltr'><strong>Deus</strong></span> <span class='ocrx_word' id='word_1_538' title='bbox 1774 3674 1911 3725; x_wconf 87' lang='lat' dir='ltr'><strong>enim</strong></span> 
     </span>
    </p>
   </div>
   <div class='ocr_carea' id='block_1_69' title="bbox 373 3752 1910 3829">
    <p class='ocr_par' dir='ltr' id='par_1_69' title="bbox 373 3752 1910 3829">
     <span class='ocr_line' id='line_1_69' title="bbox 373 3752 1910 3829; baseline 0.007 -25"><span class='ocrx_word' id='word_1_539' title='bbox 373 3752 478 3804; x_wconf 75' lang='lat' dir='ltr'><strong>illis</strong></span> <span class='ocrx_word' id='word_1_540' title='bbox 515 3753 855 3821; x_wconf 79' lang='lat' dir='ltr'><strong>manifestavit</strong></span> <span class='ocrx_word' id='word_1_541' title='bbox 883 3756 945 3809; x_wconf 58' lang='grc' dir='ltr'><strong>ιτ.</strong></span> <span class='ocrx_word' id='word_1_542' title='bbox 974 3756 1093 3810; x_wconf 82' lang='lat' dir='ltr'><strong>Jam</strong></span> <span class='ocrx_word' id='word_1_543' title='bbox 1123 3758 1458 3825; x_wconf 69' lang='lat' dir='ltr'><strong>etsttperius</strong></span> <span class='ocrx_word' id='word_1_544' title='bbox 1502 3760 1754 3821; x_wconf 79' lang='lat' dir='ltr'><strong>diximus,</strong></span> <span class='ocrx_word' id='word_1_545' title='bbox 1786 3763 1910 3829; x_wconf 89' lang='lat' dir='ltr'><strong>quia</strong></span> 
     </span>
    </p>
   </div>
   <div class='ocr_carea' id='block_1_70' title="bbox 375 3845 1907 3917">
    <p class='ocr_par' dir='ltr' id='par_1_70' title="bbox 375 3845 1907 3917">
     <span class='ocr_line' id='line_1_70' title="bbox 375 3845 1907 3917; baseline 0.008 -25"><span class='ocrx_word' id='word_1_546' title='bbox 375 3851 556 3895; x_wconf 87' lang='lat' dir='ltr'><strong>notum</strong></span> <span class='ocrx_word' id='word_1_547' title='bbox 579 3853 660 3897; x_wconf 91' lang='lat' dir='ltr'><strong>est</strong></span> <span class='ocrx_word' id='word_1_548' title='bbox 695 3845 785 3898; x_wconf 89' lang='lat' dir='ltr'><strong>Dei</strong></span> <span class='ocrx_word' id='word_1_549' title='bbox 810 3847 911 3900; x_wconf 90' lang='lat' dir='ltr'><strong>hoc</strong></span> <span class='ocrx_word' id='word_1_550' title='bbox 931 3849 1069 3915; x_wconf 89' lang='lat' dir='ltr'><strong>quod</strong></span> <span class='ocrx_word' id='word_1_551' title='bbox 1095 3863 1159 3901; x_wconf 84' lang='lat' dir='ltr'><strong>ex</strong></span> <span class='ocrx_word' id='word_1_552' title='bbox 1186 3847 1341 3914; x_wconf 90' lang='lat' dir='ltr'><strong>hujus</strong></span> <span class='ocrx_word' id='word_1_553' title='bbox 1360 3851 1541 3902; x_wconf 88' lang='lat' dir='ltr'><strong>mundi</strong></span> <span class='ocrx_word' id='word_1_554' title='bbox 1573 3865 1907 3917; x_wconf 85' lang='lat' dir='ltr'><strong>consequen-</strong></span> 
     </span>
    </p>
   </div>
   <div class='ocr_carea' id='block_1_71' title="bbox 378 3933 1913 4009">
    <p class='ocr_par' dir='ltr' id='par_1_71' title="bbox 378 3933 1913 4009">
     <span class='ocr_line' id='line_1_71' title="bbox 378 3933 1913 4009; baseline 0.008 -27"><span class='ocrx_word' id='word_1_555' title='bbox 378 3933 446 3983; x_wconf 86' lang='lat' dir='ltr'><strong>tia</strong></span> <span class='ocrx_word' id='word_1_556' title='bbox 481 3933 564 3985; x_wconf 93' lang='lat' dir='ltr'><strong>vel</strong></span> <span class='ocrx_word' id='word_1_557' title='bbox 589 3934 886 3990; x_wconf 87' lang='lat' dir='ltr'><strong>rationibus</strong></span> <span class='ocrx_word' id='word_1_558' title='bbox 902 3937 1114 4004; x_wconf 83' lang='lat' dir='ltr'><strong>assequi</strong></span> <span class='ocrx_word' id='word_1_559' title='bbox 1142 3944 1387 4004; x_wconf 88' lang='lat' dir='ltr'><strong>possunt.</strong></span> <span class='ocrx_word' id='word_1_560' title='bbox 1407 3938 1547 3992; x_wconf 91' lang='lat' dir='ltr'><strong>sicut</strong></span> <span class='ocrx_word' id='word_1_561' title='bbox 1567 3949 1620 3991; x_wconf 91' lang='lat' dir='ltr'><strong>ct</strong></span> <span class='ocrx_word' id='word_1_562' title='bbox 1638 3940 1750 4007; x_wconf 90' lang='lat' dir='ltr'><strong>ipse</strong></span> <span class='ocrx_word' id='word_1_563' title='bbox 1772 3941 1913 4009; x_wconf 84' lang='lat' dir='ltr'><strong>Apo-</strong></span> 
     </span>
    </p>
   </div>
   <div class='ocr_carea' id='block_1_72' title="bbox 375 4020 1913 4091">
    <p class='ocr_par' dir='ltr' id='par_1_72' title="bbox 375 4020 1913 4091">
     <span class='ocr_line' id='line_1_72' title="bbox 375 4020 1913 4091; baseline 0.01 -21"><span class='ocrx_word' id='word_1_564' title='bbox 375 4020 543 4074; x_wconf 88' lang='lat' dir='ltr'><strong>stolus</strong></span> <span class='ocrx_word' id='word_1_565' title='bbox 572 4036 636 4075; x_wconf 85' lang='lat' dir='ltr'><strong>ex</strong></span> <span class='ocrx_word' id='word_1_566' title='bbox 668 4025 1115 4091; x_wconf 87' lang='lat' dir='ltr'><strong>consequentibus</strong></span> <span class='ocrx_word' id='word_1_567' title='bbox 1143 4024 1346 4079; x_wconf 86' lang='lat' dir='ltr'><strong>indicat</strong></span> <span class='ocrx_word' id='word_1_568' title='bbox 1368 4025 1434 4089; x_wconf 72' lang='grc'><strong>⁸⁸,</strong></span> <span class='ocrx_word' id='word_1_569' title='bbox 1464 4028 1646 4081; x_wconf 90' lang='lat' dir='ltr'><strong>dicens</strong></span> <span class='ocrx_word' id='word_1_570' title='bbox 1669 4030 1913 4084; x_wconf 91' lang='lat' dir='ltr'><strong>invisibi-</strong></span> 
     </span>
    </p>
   </div>
   <div class='ocr_carea' id='block_1_73' title="bbox 375 4109 1914 4191">
    <p class='ocr_par' dir='ltr' id='par_1_73' title="bbox 375 4109 1914 4191">
     <span class='ocr_line' id='line_1_73' title="bbox 375 4109 1914 4191; baseline 0.008 -30"><span class='ocrx_word' id='word_1_571' title='bbox 375 4109 443 4162; x_wconf 85' lang='lat' dir='ltr'><strong>lia</strong></span> <span class='ocrx_word' id='word_1_572' title='bbox 468 4111 584 4178; x_wconf 87' lang='lat' dir='ltr'><strong>ejus</strong></span> <span class='ocrx_word' id='word_1_573' title='bbox 610 4128 702 4180; x_wconf 90' lang='lat' dir='ltr'><strong>per</strong></span> <span class='ocrx_word' id='word_1_574' title='bbox 731 4127 791 4165; x_wconf 92' lang='lat' dir='ltr'><strong>ea</strong></span> <span class='ocrx_word' id='word_1_575' title='bbox 816 4129 935 4182; x_wconf 75' lang='lat' dir='ltr'><strong>qua:</strong></span> <span class='ocrx_word' id='word_1_576' title='bbox 966 4114 1105 4167; x_wconf 83' lang='lat' dir='ltr'><strong>facta</strong></span> <span class='ocrx_word' id='word_1_577' title='bbox 1132 4110 1256 4191; x_wconf 86' lang='lat' dir='ltr'><strong>sunt</strong></span> <span class='ocrx_word' id='word_1_578' title='bbox 1281 4116 1645 4183; x_wconf 88' lang='lat' dir='ltr'><strong>contemplari.</strong></span> <span class='ocrx_word' id='word_1_579' title='bbox 1671 4117 1914 4185; x_wconf 79' lang='lat' dir='ltr'><strong>ignotum</strong></span> 
     </span>
    </p>
   </div>
   <div class='ocr_carea' id='block_1_74' title="bbox 377 4204 1916 4280">
    <p class='ocr_par' dir='ltr' id='par_1_74' title="bbox 377 4204 1916 4280">
     <span class='ocr_line' id='line_1_74' title="bbox 377 4204 1916 4280; baseline 0.011 -28"><span class='ocrx_word' id='word_1_580' title='bbox 377 4213 551 4255; x_wconf 82' lang='lat' dir='ltr'><strong>autem</strong></span> <span class='ocrx_word' id='word_1_581' title='bbox 590 4204 680 4257; x_wconf 92' lang='lat' dir='ltr'><strong>Dei</strong></span> <span class='ocrx_word' id='word_1_582' title='bbox 729 4205 1131 4273; x_wconf 88' lang='lat' dir='ltr'><strong>intelligendum</strong></span> <span class='ocrx_word' id='word_1_583' title='bbox 1171 4215 1254 4259; x_wconf 89' lang='lat' dir='ltr'><strong>est</strong></span> <span class='ocrx_word' id='word_1_584' title='bbox 1288 4208 1426 4261; x_wconf 87' lang='lat' dir='ltr'><strong>ratio</strong></span> <span class='ocrx_word' id='word_1_585' title='bbox 1463 4208 1780 4265; x_wconf 65' lang='lat' dir='ltr'><strong>substantiae</strong></span> <span class='ocrx_word' id='word_1_586' title='bbox 1801 4213 1916 4280; x_wconf 88' lang='lat' dir='ltr'><strong>ejus</strong></span> 
     </span>
    </p>
   </div>
   <div class='ocr_carea' id='block_1_75' title="bbox 378 4292 1915 4367">
    <p class='ocr_par' dir='ltr' id='par_1_75' title="bbox 378 4292 1915 4367">
     <span class='ocr_line' id='line_1_75' title="bbox 378 4292 1915 4367; baseline 0.012 -28"><span class='ocrx_word' id='word_1_587' title='bbox 378 4292 461 4343; x_wconf 84' lang='lat' dir='ltr'><strong>vel</strong></span> <span class='ocrx_word' id='word_1_588' title='bbox 484 4304 684 4347; x_wconf 75' lang='lat' dir='ltr'><strong>natura:</strong></span> <span class='ocrx_word' id='word_1_589' title='bbox 704 4311 719 4359; x_wconf 90' lang='lat'><strong>;</strong></span> <span class='ocrx_word' id='word_1_590' title='bbox 737 4294 885 4359; x_wconf 87' lang='lat' dir='ltr'><strong>cujus</strong></span> <span class='ocrx_word' id='word_1_591' title='bbox 906 4310 1023 4361; x_wconf 70' lang='lat' dir='ltr'><strong>quae</strong></span> <span class='ocrx_word' id='word_1_592' title='bbox 1044 4296 1112 4347; x_wconf 91' lang='lat' dir='ltr'><strong>sit</strong></span> <span class='ocrx_word' id='word_1_593' title='bbox 1142 4296 1455 4363; x_wconf 87' lang='lat' dir='ltr'><strong>proprietas,</strong></span> <span class='ocrx_word' id='word_1_594' title='bbox 1485 4308 1612 4362; x_wconf 90' lang='lat' dir='ltr'><strong>puto</strong></span> <span class='ocrx_word' id='word_1_595' title='bbox 1635 4302 1775 4367; x_wconf 88' lang='lat' dir='ltr'><strong>quod</strong></span> <span class='ocrx_word' id='word_1_596' title='bbox 1808 4318 1915 4357; x_wconf 91' lang='lat' dir='ltr'><strong>non</strong></span> 
     </span>
    </p>
   </div>
   <div class='ocr_carea' id='block_1_76' title="bbox 2010 3123 3655 3195">
    <p class='ocr_par' dir='ltr' id='par_1_76' title="bbox 2010 3123 3655 3195">
     <span class='ocr_line' id='line_1_76' title="bbox 2010 3123 3655 3195; baseline -0.002 -17"><span class='ocrx_word' id='word_1_597' title='bbox 2010 3126 2106 3178; x_wconf 91' lang='lat' dir='ltr'><strong>Dei</strong></span> <span class='ocrx_word' id='word_1_598' title='bbox 2131 3140 2248 3193; x_wconf 72' lang='lat' dir='ltr'><strong>quae</strong></span> <span class='ocrx_word' id='word_1_599' title='bbox 2281 3123 2609 3192; x_wconf 88' lang='lat' dir='ltr'><strong>sempiterna</strong></span> <span class='ocrx_word' id='word_1_600' title='bbox 2639 3133 2745 3186; x_wconf 86' lang='lat' dir='ltr'><strong>est,</strong></span> <span class='ocrx_word' id='word_1_601' title='bbox 2767 3130 2827 3187; x_wconf 84' lang='lat' dir='ltr'><strong>et</strong></span> <span class='ocrx_word' id='word_1_602' title='bbox 2852 3123 3168 3192; x_wconf 82' lang='lat' dir='ltr'><strong>divinitas</strong></span> <span class='ocrx_word' id='word_1_603' title='bbox 3205 3141 3344 3195; x_wconf 61' lang='lat' dir='ltr'><strong>qua</strong></span> <span class='ocrx_word' id='word_1_604' title='bbox 3383 3125 3655 3181; x_wconf 82' lang='lat' dir='ltr'><strong>nihilomi-</strong></span> 
     </span>
    </p>
   </div>
   <div class='ocr_carea' id='block_1_77' title="bbox 2009 3204 3654 3286">
    <p class='ocr_par' dir='ltr' id='par_1_77' title="bbox 2009 3204 3654 3286">
     <span class='ocr_line' id='line_1_77' title="bbox 2009 3204 3654 3286; baseline -0.002 -17"><span class='ocrx_word' id='word_1_605' title='bbox 2009 3232 2108 3269; x_wconf 90' lang='lat' dir='ltr'><strong>nus</strong></span> <span class='ocrx_word' id='word_1_606' title='bbox 2131 3215 2452 3282; x_wconf 80' lang='lat' dir='ltr'><strong>sentpiterna</strong></span> <span class='ocrx_word' id='word_1_607' title='bbox 2481 3204 2584 3271; x_wconf 70' lang='lat' dir='ltr'><strong>est.</strong></span> <span class='ocrx_word' id='word_1_608' title='bbox 2613 3226 2680 3265; x_wconf 73' lang='lat' dir='ltr'><strong>ex</strong></span> <span class='ocrx_word' id='word_1_609' title='bbox 2723 3212 3481 3286; x_wconf 73' lang='lat' dir='ltr'><strong>conjecturisagnoscitur</strong></span> <span class='ocrx_word' id='word_1_610' title='bbox 3513 3226 3654 3267; x_wconf 80' lang='lat' dir='ltr'><strong>crea-</strong></span> 
     </span>
    </p>
   </div>
   <div class='ocr_carea' id='block_1_78' title="bbox 2010 3289 3654 3377">
    <p class='ocr_par' dir='ltr' id='par_1_78' title="bbox 2010 3289 3654 3377">
     <span class='ocr_line' id='line_1_78' title="bbox 2010 3289 3654 3377; baseline 0.005 -18"><span class='ocrx_word' id='word_1_611' title='bbox 2010 3304 2347 3360; x_wconf 82' lang='lat' dir='ltr'><strong>turae.Virtus</strong></span> <span class='ocrx_word' id='word_1_612' title='bbox 2372 3314 2450 3357; x_wconf 86' lang='lat' dir='ltr'><strong>est</strong></span> <span class='ocrx_word' id='word_1_613' title='bbox 2469 3317 2573 3370; x_wconf 89' lang='lat' dir='ltr'><strong>qua</strong></span> <span class='ocrx_word' id='word_1_614' title='bbox 2590 3305 2725 3372; x_wconf 85' lang='lat' dir='ltr'><strong>regit</strong></span> <span class='ocrx_word' id='word_1_615' title='bbox 2746 3289 2944 3357; x_wconf 80' lang='lat' dir='ltr'><strong>omnia</strong></span> <span class='ocrx_word' id='word_1_616' title='bbox 2969 3321 2988 3369; x_wconf 91' lang='lat'><strong>;</strong></span> <span class='ocrx_word' id='word_1_617' title='bbox 3022 3307 3330 3363; x_wconf 85' lang='lat' dir='ltr'><strong>divinitas</strong></span> <span class='ocrx_word' id='word_1_618' title='bbox 3355 3323 3465 3377; x_wconf 81' lang='lat' dir='ltr'><strong>qua</strong></span> <span class='ocrx_word' id='word_1_619' title='bbox 3498 3304 3654 3375; x_wconf 68' lang='grc' dir='ltr'><strong>τεριει</strong></span> 
     </span>
    </p>
   </div>
   <div class='ocr_carea' id='block_1_79' title="bbox 2010 3393 3654 3463">
    <p class='ocr_par' dir='ltr' id='par_1_79' title="bbox 2010 3393 3654 3463">
     <span class='ocr_line' id='line_1_79' title="bbox 2010 3393 3654 3463; baseline -0.002 -12"><span class='ocrx_word' id='word_1_620' title='bbox 2010 3397 2280 3452; x_wconf 89' lang='lat' dir='ltr'><strong>universa.</strong></span> <span class='ocrx_word' id='word_1_621' title='bbox 2333 3393 2411 3446; x_wconf 79' lang='lat' dir='ltr'><strong>Ex</strong></span> <span class='ocrx_word' id='word_1_622' title='bbox 2462 3393 2566 3446; x_wconf 92' lang='lat' dir='ltr'><strong>hoc</strong></span> <span class='ocrx_word' id='word_1_623' title='bbox 2609 3407 2738 3461; x_wconf 85' lang='lat' dir='ltr'><strong>ergo</strong></span> <span class='ocrx_word' id='word_1_624' title='bbox 2781 3393 3257 3453; x_wconf 79' lang='lat' dir='ltr'><strong>inexcusabiles</strong></span> <span class='ocrx_word' id='word_1_625' title='bbox 3308 3398 3505 3453; x_wconf 81' lang='lat' dir='ltr'><strong>ﬁunt:</strong></span> <span class='ocrx_word' id='word_1_626' title='bbox 3542 3394 3654 3463; x_wconf 80' lang='lat' dir='ltr'><strong>quia</strong></span> 
     </span>
    </p>
   </div>
   <div class='ocr_carea' id='block_1_80' title="bbox 2009 3480 3652 3558">
    <p class='ocr_par' dir='ltr' id='par_1_80' title="bbox 2009 3480 3652 3558">
     <span class='ocr_line' id='line_1_80' title="bbox 2009 3480 3652 3558; baseline -0.003 -17"><span class='ocrx_word' id='word_1_627' title='bbox 2009 3504 2128 3543; x_wconf 92' lang='lat' dir='ltr'><strong>cum</strong></span> <span class='ocrx_word' id='word_1_628' title='bbox 2151 3484 2530 3539; x_wconf 85' lang='lat' dir='ltr'><strong>manilestante</strong></span> <span class='ocrx_word' id='word_1_629' title='bbox 2561 3480 2672 3535; x_wconf 91' lang='lat' dir='ltr'><strong>Deo</strong></span> <span class='ocrx_word' id='word_1_630' title='bbox 2705 3486 3108 3550; x_wconf 78' lang='lat' dir='ltr'><strong>cognoverint</strong></span> <span class='ocrx_word' id='word_1_631' title='bbox 3152 3488 3288 3558; x_wconf 81' lang='lat'><strong>(90)</strong></span> <span class='ocrx_word' id='word_1_632' title='bbox 3324 3490 3532 3553; x_wconf 87' lang='lat' dir='ltr'><strong>Deum,</strong></span> <span class='ocrx_word' id='word_1_633' title='bbox 3560 3501 3652 3539; x_wconf 89' lang='lat' dir='ltr'><strong>nou</strong></span> 
     </span>
    </p>
   </div>
   <div class='ocr_carea' id='block_1_81' title="bbox 2012 3562 3650 3650">
    <p class='ocr_par' dir='ltr' id='par_1_81' title="bbox 2012 3562 3650 3650">
     <span class='ocr_line' id='line_1_81' title="bbox 2012 3562 3650 3650; baseline -0.002 -18"><span class='ocrx_word' id='word_1_634' title='bbox 2012 3588 2067 3632; x_wconf 92' lang='lat' dir='ltr'><strong>ut</strong></span> <span class='ocrx_word' id='word_1_635' title='bbox 2090 3580 2306 3645; x_wconf 84' lang='lat' dir='ltr'><strong>dignum</strong></span> <span class='ocrx_word' id='word_1_636' title='bbox 2345 3583 2427 3628; x_wconf 89' lang='lat' dir='ltr'><strong>est</strong></span> <span class='ocrx_word' id='word_1_637' title='bbox 2456 3573 2765 3637; x_wconf 90' lang='lat' dir='ltr'><strong>coluerunt,</strong></span> <span class='ocrx_word' id='word_1_638' title='bbox 2807 3585 2911 3627; x_wconf 88' lang='lat' dir='ltr'><strong>aut</strong></span> <span class='ocrx_word' id='word_1_639' title='bbox 2963 3562 3219 3645; x_wconf 79' lang='lat' dir='ltr'><strong>gratias</strong></span> <span class='ocrx_word' id='word_1_640' title='bbox 3258 3588 3537 3650; x_wconf 86' lang='lat' dir='ltr'><strong>egerunt;</strong></span> <span class='ocrx_word' id='word_1_641' title='bbox 3568 3575 3650 3629; x_wconf 84' lang='lat' dir='ltr'><strong>sed</strong></span> 
     </span>
    </p>
   </div>
   <div class='ocr_carea' id='block_1_82' title="bbox 2010 3664 3642 3738">
    <p class='ocr_par' dir='ltr' id='par_1_82' title="bbox 2010 3664 3642 3738">
     <span class='ocr_line' id='line_1_82' title="bbox 2010 3664 3642 3738; baseline 0.001 -17"><span class='ocrx_word' id='word_1_642' title='bbox 2010 3667 2167 3738; x_wconf 65' lang='grc'><strong>473</strong></span> <span class='ocrx_word' id='word_1_643' title='bbox 2215 3680 2311 3734; x_wconf 88' lang='lat' dir='ltr'><strong>per</strong></span> <span class='ocrx_word' id='word_1_644' title='bbox 2362 3664 2751 3732; x_wconf 82' lang='lat' dir='ltr'><strong>cogitationum</strong></span> <span class='ocrx_word' id='word_1_645' title='bbox 2805 3676 3070 3719; x_wconf 83' lang='lat' dir='ltr'><strong>suarum</strong></span> <span class='ocrx_word' id='word_1_646' title='bbox 3121 3671 3493 3736; x_wconf 82' lang='lat' dir='ltr'><strong>vanitatem,</strong></span> <span class='ocrx_word' id='word_1_647' title='bbox 3526 3668 3642 3721; x_wconf 83' lang='lat' dir='ltr'><strong>dum</strong></span> 
     </span>
    </p>
   </div>
   <div class='ocr_carea' id='block_1_83' title="bbox 2013 3752 3653 3828">
    <p class='ocr_par' dir='ltr' id='par_1_83' title="bbox 2013 3752 3653 3828">
     <span class='ocr_line' id='line_1_83' title="bbox 2013 3752 3653 3828; baseline 0.001 -20"><span class='ocrx_word' id='word_1_648' title='bbox 2013 3758 2211 3809; x_wconf 77' lang='lat' dir='ltr'><strong>formas</strong></span> <span class='ocrx_word' id='word_1_649' title='bbox 2241 3763 2295 3809; x_wconf 90' lang='lat' dir='ltr'><strong>et</strong></span> <span class='ocrx_word' id='word_1_650' title='bbox 2318 3753 2582 3820; x_wconf 81' lang='lat' dir='ltr'><strong>imagines</strong></span> <span class='ocrx_word' id='word_1_651' title='bbox 2614 3752 2911 3818; x_wconf 89' lang='lat' dir='ltr'><strong>requirunt</strong></span> <span class='ocrx_word' id='word_1_652' title='bbox 2944 3754 3008 3808; x_wconf 88' lang='lat' dir='ltr'><strong>in</strong></span> <span class='ocrx_word' id='word_1_653' title='bbox 3048 3757 3213 3827; x_wconf 92' lang='lat' dir='ltr'><strong>Deo,</strong></span> <span class='ocrx_word' id='word_1_654' title='bbox 3260 3762 3320 3814; x_wconf 89' lang='lat' dir='ltr'><strong>in</strong></span> <span class='ocrx_word' id='word_1_655' title='bbox 3350 3757 3653 3828; x_wconf 86' lang='lat' dir='ltr'><strong>semetipsis</strong></span> 
     </span>
    </p>
   </div>
   <div class='ocr_carea' id='block_1_84' title="bbox 2013 3844 3653 3918">
    <p class='ocr_par' dir='ltr' id='par_1_84' title="bbox 2013 3844 3653 3918">
     <span class='ocr_line' id='line_1_84' title="bbox 2013 3844 3653 3918; baseline 0.002 -17"><span class='ocrx_word' id='word_1_656' title='bbox 2013 3848 2105 3902; x_wconf 90' lang='lat' dir='ltr'><strong>Dei</strong></span> <span class='ocrx_word' id='word_1_657' title='bbox 2138 3847 2424 3915; x_wconf 89' lang='lat' dir='ltr'><strong>imaginem</strong></span> <span class='ocrx_word' id='word_1_658' title='bbox 2448 3844 2840 3913; x_wconf 84' lang='lat' dir='ltr'><strong>perdiderunt,</strong></span> <span class='ocrx_word' id='word_1_659' title='bbox 2862 3854 2924 3899; x_wconf 85' lang='lat' dir='ltr'><strong>et</strong></span> <span class='ocrx_word' id='word_1_660' title='bbox 2963 3850 3080 3916; x_wconf 89' lang='lat' dir='ltr'><strong>qui</strong></span> <span class='ocrx_word' id='word_1_661' title='bbox 3110 3850 3362 3918; x_wconf 86' lang='lat' dir='ltr'><strong>jactare</strong></span> <span class='ocrx_word' id='word_1_662' title='bbox 3385 3870 3447 3909; x_wconf 88' lang='lat' dir='ltr'><strong>se</strong></span> <span class='ocrx_word' id='word_1_663' title='bbox 3473 3856 3523 3908; x_wconf 90' lang='lat' dir='ltr'><strong>in</strong></span> <span class='ocrx_word' id='word_1_664' title='bbox 3546 3853 3653 3905; x_wconf 87' lang='lat' dir='ltr'><strong>luce</strong></span> 
     </span>
    </p>
   </div>
   <div class='ocr_carea' id='block_1_85' title="bbox 2014 3934 3653 4006">
    <p class='ocr_par' dir='ltr' id='par_1_85' title="bbox 2014 3934 3653 4006">
     <span class='ocr_line' id='line_1_85' title="bbox 2014 3934 3653 4006; baseline 0.004 -15"><span class='ocrx_word' id='word_1_665' title='bbox 2014 3936 2291 4005; x_wconf 75' lang='lat' dir='ltr'><strong>sapientia:</strong></span> <span class='ocrx_word' id='word_1_666' title='bbox 2330 3934 2675 4001; x_wconf 85' lang='lat' dir='ltr'><strong>videbantur,</strong></span> <span class='ocrx_word' id='word_1_667' title='bbox 2710 3936 2765 3989; x_wconf 92' lang='lat' dir='ltr'><strong>in</strong></span> <span class='ocrx_word' id='word_1_668' title='bbox 2808 3936 3166 4006; x_wconf 78' lang='lat' dir='ltr'><strong>profundas</strong></span> <span class='ocrx_word' id='word_1_669' title='bbox 3200 3947 3471 4001; x_wconf 61' lang='lat' dir='ltr'><strong>stultitiae</strong></span> <span class='ocrx_word' id='word_1_670' title='bbox 3518 3954 3653 3999; x_wconf 82' lang='lat' dir='ltr'><strong>tene-</strong></span> 
     </span>
    </p>
   </div>
   <div class='ocr_carea' id='block_1_86' title="bbox 2014 4023 3650 4101">
    <p class='ocr_par' dir='ltr' id='par_1_86' title="bbox 2014 4023 3650 4101">
     <span class='ocr_line' id='line_1_86' title="bbox 2014 4023 3650 4101; baseline 0.004 -22"><span class='ocrx_word' id='word_1_671' title='bbox 2014 4027 2141 4079; x_wconf 87' lang='lat' dir='ltr'><strong>bras</strong></span> <span class='ocrx_word' id='word_1_672' title='bbox 2194 4023 2431 4078; x_wconf 90' lang='lat' dir='ltr'><strong>devoluti</strong></span> <span class='ocrx_word' id='word_1_673' title='bbox 2474 4034 2620 4081; x_wconf 72' lang='lat' dir='ltr'><strong>sunt.</strong></span> <span class='ocrx_word' id='word_1_674' title='bbox 2659 4025 2803 4092; x_wconf 87' lang='lat' dir='ltr'><strong>Quid</strong></span> <span class='ocrx_word' id='word_1_675' title='bbox 2853 4029 3022 4084; x_wconf 80' lang='lat' dir='ltr'><strong>enim</strong></span> <span class='ocrx_word' id='word_1_676' title='bbox 3066 4041 3198 4089; x_wconf 87' lang='lat' dir='ltr'><strong>tam</strong></span> <span class='ocrx_word' id='word_1_677' title='bbox 3259 4047 3496 4101; x_wconf 80' lang='lat' dir='ltr'><strong>tetrum,</strong></span> <span class='ocrx_word' id='word_1_678' title='bbox 3552 4046 3650 4088; x_wconf 81' lang='lat' dir='ltr'><strong>tam</strong></span> 
     </span>
    </p>
   </div>
   <div class='ocr_carea' id='block_1_87' title="bbox 2015 4115 3654 4196">
    <p class='ocr_par' dir='ltr' id='par_1_87' title="bbox 2015 4115 3654 4196">
     <span class='ocr_line' id='line_1_87' title="bbox 2015 4115 3654 4196; baseline 0.007 -28"><span class='ocrx_word' id='word_1_679' title='bbox 2015 4115 2326 4178; x_wconf 91' lang='lat' dir='ltr'><strong>obscurum,</strong></span> <span class='ocrx_word' id='word_1_680' title='bbox 2359 4123 2577 4182; x_wconf 91' lang='lat' dir='ltr'><strong>tamque</strong></span> <span class='ocrx_word' id='word_1_681' title='bbox 2627 4117 3031 4186; x_wconf 88' lang='lat' dir='ltr'><strong>tenebrosum,</strong></span> <span class='ocrx_word' id='word_1_682' title='bbox 3061 4137 3257 4192; x_wconf 87' lang='lat' dir='ltr'><strong>quam</strong></span> <span class='ocrx_word' id='word_1_683' title='bbox 3301 4129 3539 4196; x_wconf 85' lang='lat' dir='ltr'><strong>gloriam</strong></span> <span class='ocrx_word' id='word_1_684' title='bbox 3567 4124 3654 4178; x_wconf 87' lang='lat' dir='ltr'><strong>Dei</strong></span> 
     </span>
    </p>
   </div>
   <div class='ocr_carea' id='block_1_88' title="bbox 2015 4201 3654 4274">
    <p class='ocr_par' dir='ltr' id='par_1_88' title="bbox 2015 4201 3654 4274">
     <span class='ocr_line' id='line_1_88' title="bbox 2015 4201 3654 4274; baseline 0.006 -20"><span class='ocrx_word' id='word_1_685' title='bbox 2015 4204 2082 4256; x_wconf 85' lang='lat' dir='ltr'><strong>ad</strong></span> <span class='ocrx_word' id='word_1_686' title='bbox 2130 4201 2470 4271; x_wconf 80' lang='lat' dir='ltr'><strong>corporalem</strong></span> <span class='ocrx_word' id='word_1_687' title='bbox 2509 4211 2568 4274; x_wconf 83' lang='lat' dir='ltr'><strong>et</strong></span> <span class='ocrx_word' id='word_1_688' title='bbox 2616 4206 3067 4272; x_wconf 83' lang='lat' dir='ltr'><strong>corruptibilem</strong></span> <span class='ocrx_word' id='word_1_689' title='bbox 3132 4214 3420 4272; x_wconf 69' lang='lat' dir='ltr'><strong>humana:</strong></span> <span class='ocrx_word' id='word_1_690' title='bbox 3478 4217 3654 4271; x_wconf 69' lang='lat' dir='ltr'><strong>forma:</strong></span> 
     </span>
    </p>
   </div>
   <div class='ocr_carea' id='block_1_89' title="bbox 2015 4291 3654 4370">
    <p class='ocr_par' dir='ltr' id='par_1_89' title="bbox 2015 4291 3654 4370">
     <span class='ocr_line' id='line_1_89' title="bbox 2015 4291 3654 4370; baseline 0.006 -24"><span class='ocrx_word' id='word_1_691' title='bbox 2015 4291 2241 4361; x_wconf 82' lang='lat' dir='ltr'><strong>eﬂlgietn</strong></span> <span class='ocrx_word' id='word_1_692' title='bbox 2265 4302 2494 4354; x_wconf 88' lang='lat' dir='ltr'><strong>vertere,</strong></span> <span class='ocrx_word' id='word_1_693' title='bbox 2533 4301 2593 4344; x_wconf 89' lang='lat' dir='ltr'><strong>ut</strong></span> <span class='ocrx_word' id='word_1_694' title='bbox 2622 4293 2791 4347; x_wconf 90' lang='lat' dir='ltr'><strong>moris</strong></span> <span class='ocrx_word' id='word_1_695' title='bbox 2811 4305 2901 4349; x_wconf 86' lang='lat' dir='ltr'><strong>est</strong></span> <span class='ocrx_word' id='word_1_696' title='bbox 2934 4297 3035 4352; x_wconf 88' lang='lat' dir='ltr'><strong>his</strong></span> <span class='ocrx_word' id='word_1_697' title='bbox 3058 4305 3175 4370; x_wconf 89' lang='lat' dir='ltr'><strong>qui</strong></span> <span class='ocrx_word' id='word_1_698' title='bbox 3218 4309 3534 4363; x_wconf 88' lang='lat' dir='ltr'><strong>simulacra</strong></span> <span class='ocrx_word' id='word_1_699' title='bbox 3576 4322 3654 4359; x_wconf 80' lang='lat' dir='ltr'><strong>ve-</strong></span> 
     </span>
    </p>
   </div>
   <div class='ocr_carea' id='block_1_90' title="bbox 378 4379 3653 4456">
    <p class='ocr_par' dir='ltr' id='par_1_90' title="bbox 378 4379 3653 4456">
     <span class='ocr_line' id='line_1_90' title="bbox 378 4379 3653 4456; baseline 0.006 -24"><span class='ocrx_word' id='word_1_700' title='bbox 378 4379 551 4432; x_wconf 87' lang='lat' dir='ltr'><strong>solum</strong></span> <span class='ocrx_word' id='word_1_701' title='bbox 591 4396 686 4433; x_wconf 90' lang='lat' dir='ltr'><strong>nos</strong></span> <span class='ocrx_word' id='word_1_702' title='bbox 733 4383 998 4446; x_wconf 88' lang='lat' dir='ltr'><strong>homines,</strong></span> <span class='ocrx_word' id='word_1_703' title='bbox 1039 4386 1131 4438; x_wconf 89' lang='lat' dir='ltr'><strong>sed</strong></span> <span class='ocrx_word' id='word_1_704' title='bbox 1161 4393 1214 4437; x_wconf 89' lang='lat' dir='ltr'><strong>et</strong></span> <span class='ocrx_word' id='word_1_705' title='bbox 1252 4400 1462 4438; x_wconf 87' lang='lat' dir='ltr'><strong>onmem</strong></span> <span class='ocrx_word' id='word_1_706' title='bbox 1508 4387 1670 4442; x_wconf 88' lang='lat' dir='ltr'><strong>lateat</strong></span> <span class='ocrx_word' id='word_1_707' title='bbox 1703 4403 1916 4447; x_wconf 88' lang='lat' dir='ltr'><strong>creatu-</strong></span> <span class='ocrx_word' id='word_1_708' title='bbox 1946 4384 1992 4439; x_wconf 84' lang='lat' dir='ltr'><strong>D</strong></span> <span class='ocrx_word' id='word_1_709' title='bbox 2018 4393 2293 4450; x_wconf 81' lang='lat' dir='ltr'><strong>nerantur,</strong></span> <span class='ocrx_word' id='word_1_710' title='bbox 2324 4392 2377 4438; x_wconf 89' lang='lat' dir='ltr'><strong>et</strong></span> <span class='ocrx_word' id='word_1_711' title='bbox 2404 4383 2600 4438; x_wconf 65' lang='lat' dir='ltr'><strong>divina:</strong></span> <span class='ocrx_word' id='word_1_712' title='bbox 2626 4387 2946 4454; x_wconf 86' lang='lat' dir='ltr'><strong>majestatis</strong></span> <span class='ocrx_word' id='word_1_713' title='bbox 2974 4398 3391 4455; x_wconf 84' lang='lat' dir='ltr'><strong>eminentiam</strong></span> <span class='ocrx_word' id='word_1_714' title='bbox 3426 4401 3653 4456; x_wconf 90' lang='lat' dir='ltr'><strong>volucri—</strong></span> 
     </span>
    </p>
   </div>
   <div class='ocr_carea' id='block_1_91' title="bbox 381 4470 1912 4540">
    <p class='ocr_par' dir='ltr' id='par_1_91' title="bbox 381 4470 1912 4540">
     <span class='ocr_line' id='line_1_91' title="bbox 381 4470 1912 4540; baseline 0.011 -19"><span class='ocrx_word' id='word_1_715' title='bbox 381 4484 492 4521; x_wconf 90' lang='lat' dir='ltr'><strong>ram</strong></span> <span class='ocrx_word' id='word_1_716' title='bbox 530 4486 544 4522; x_wconf 89' lang='lat'><strong>:</strong></span> <span class='ocrx_word' id='word_1_717' title='bbox 572 4478 663 4522; x_wconf 84' lang='lat' dir='ltr'><strong>aut</strong></span> <span class='ocrx_word' id='word_1_718' title='bbox 699 4470 742 4522; x_wconf 90' lang='lat' dir='ltr'><strong>si</strong></span> <span class='ocrx_word' id='word_1_719' title='bbox 777 4470 1063 4540; x_wconf 89' lang='lat' dir='ltr'><strong>aliquando</strong></span> <span class='ocrx_word' id='word_1_720' title='bbox 1090 4477 1272 4527; x_wconf 83' lang='lat' dir='ltr'><strong>tantus</strong></span> <span class='ocrx_word' id='word_1_721' title='bbox 1303 4476 1407 4528; x_wconf 89' lang='lat' dir='ltr'><strong>erit</strong></span> <span class='ocrx_word' id='word_1_722' title='bbox 1435 4485 1638 4533; x_wconf 73' lang='lat' dir='ltr'><strong>natura:</strong></span> <span class='ocrx_word' id='word_1_723' title='bbox 1675 4484 1912 4538; x_wconf 83' lang='lat' dir='ltr'><strong>rationa-</strong></span> 
     </span>
    </p>
   </div>
   <div class='ocr_carea' id='block_1_92' title="bbox 384 4556 1915 4636">
    <p class='ocr_par' dir='ltr' id='par_1_92' title="bbox 384 4556 1915 4636">
     <span class='ocr_line' id='line_1_92' title="bbox 384 4556 1915 4636; baseline 0.013 -28"><span class='ocrx_word' id='word_1_724' title='bbox 384 4556 472 4609; x_wconf 93' lang='lat' dir='ltr'><strong>bili</strong></span> <span class='ocrx_word' id='word_1_725' title='bbox 503 4559 789 4622; x_wconf 81' lang='lat' dir='ltr'><strong>profectus,</strong></span> <span class='ocrx_word' id='word_1_726' title='bbox 826 4568 883 4611; x_wconf 93' lang='lat' dir='ltr'><strong>ut</strong></span> <span class='ocrx_word' id='word_1_727' title='bbox 911 4559 963 4612; x_wconf 88' lang='lat' dir='ltr'><strong>in</strong></span> <span class='ocrx_word' id='word_1_728' title='bbox 996 4561 1137 4614; x_wconf 86' lang='lat' dir='ltr'><strong>hanc</strong></span> <span class='ocrx_word' id='word_1_729' title='bbox 1169 4575 1384 4629; x_wconf 89' lang='lat' dir='ltr'><strong>quoque</strong></span> <span class='ocrx_word' id='word_1_730' title='bbox 1422 4567 1590 4631; x_wconf 90' lang='lat' dir='ltr'><strong>possit</strong></span> <span class='ocrx_word' id='word_1_731' title='bbox 1630 4573 1915 4636; x_wconf 72' lang='lat' dir='ltr'><strong>peri/enire</strong></span> 
     </span>
    </p>
   </div>
   <div class='ocr_carea' id='block_1_93' title="bbox 383 4644 1912 4727">
    <p class='ocr_par' dir='ltr' id='par_1_93' title="bbox 383 4644 1912 4727">
     <span class='ocr_line' id='line_1_93' title="bbox 383 4644 1912 4727; baseline 0.012 -31"><span class='ocrx_word' id='word_1_732' title='bbox 383 4644 647 4710; x_wconf 88' lang='lat' dir='ltr'><strong>notitiam,</strong></span> <span class='ocrx_word' id='word_1_733' title='bbox 671 4646 762 4699; x_wconf 91' lang='lat' dir='ltr'><strong>Dei</strong></span> <span class='ocrx_word' id='word_1_734' title='bbox 783 4655 868 4700; x_wconf 87' lang='lat' dir='ltr'><strong>est</strong></span> <span class='ocrx_word' id='word_1_735' title='bbox 888 4662 1066 4702; x_wconf 87' lang='lat' dir='ltr'><strong>nosse.</strong></span> <span class='ocrx_word' id='word_1_736' title='bbox 1093 4647 1221 4703; x_wconf 88' lang='lat' dir='ltr'><strong>Tale</strong></span> <span class='ocrx_word' id='word_1_737' title='bbox 1246 4649 1388 4703; x_wconf 88' lang='lat' dir='ltr'><strong>enim</strong></span> <span class='ocrx_word' id='word_1_738' title='bbox 1415 4652 1611 4721; x_wconf 89' lang='lat' dir='ltr'><strong>aliquid</strong></span> <span class='ocrx_word' id='word_1_739' title='bbox 1642 4658 1912 4727; x_wconf 86' lang='lat' dir='ltr'><strong>mihispe-</strong></span> 
     </span>
    </p>
   </div>
   <div class='ocr_carea' id='block_1_94' title="bbox 484 4780 863 4847">
    <p class='ocr_par' dir='ltr' id='par_1_94' title="bbox 484 4780 863 4847">
     <span class='ocr_line' id='line_1_94' title="bbox 484 4780 863 4847; baseline 0.013 -14"><span class='ocrx_word' id='word_1_740' title='bbox 484 4780 530 4812; x_wconf 76' lang='grc'>⁸³</span> <span class='ocrx_word' id='word_1_741' title='bbox 548 4780 647 4836; x_wconf 87' lang='lat' dir='ltr'><strong>Job</strong></span> <span class='ocrx_word' id='word_1_742' title='bbox 701 4800 774 4847; x_wconf 83' lang='lat' dir='ltr'><strong>vi,</strong></span> <span class='ocrx_word' id='word_1_743' title='bbox 809 4786 863 4838; x_wconf 72' lang='grc'><strong>4.</strong></span> 
     </span>
    </p>
   </div>
   <div class='ocr_carea' id='block_1_95' title="bbox 652 4786 1522 4853">
    <p class='ocr_par' dir='ltr' id='par_1_95' title="bbox 652 4786 1522 4853">
     <span class='ocr_line' id='line_1_95' title="bbox 652 4786 1522 4853; baseline 0.009 -18"><span class='ocrx_word' id='word_1_744' title='bbox 652 4850 653 4853; x_wconf 17' lang='grc' dir='ltr'><strong>η</strong></span> <span class='ocrx_word' id='word_1_745' title='bbox 701 4800 774 4847; x_wconf 86' lang='lat' dir='ltr'><strong>vt,</strong></span> <span class='ocrx_word' id='word_1_746' title='bbox 809 4786 863 4838; x_wconf 73' lang='grc'><strong>4.</strong></span> <span class='ocrx_word' id='word_1_747' title='bbox 965 4786 1012 4817; x_wconf 74' lang='grc'><strong>’⁵⁸</strong></span> <span class='ocrx_word' id='word_1_748' title='bbox 1045 4787 1192 4840; x_wconf 90' lang='lat' dir='ltr'><strong>Deut.</strong></span> <span class='ocrx_word' id='word_1_749' title='bbox 1234 4804 1404 4850; x_wconf 80' lang='lat' dir='ltr'><strong>xxxu,</strong></span> <span class='ocrx_word' id='word_1_750' title='bbox 1437 4790 1522 4843; x_wconf 82' lang='grc'><strong>55.</strong></span> 
     </span>
    </p>
   </div>
   <div class='ocr_carea' id='block_1_96' title="bbox 382 4848 855 4919">
    <p class='ocr_par' dir='ltr' id='par_1_96' title="bbox 382 4848 855 4919">
     <span class='ocr_line' id='line_1_96' title="bbox 382 4848 855 4919; baseline 0.008 -17"><span class='ocrx_word' id='word_1_751' title='bbox 382 4849 427 4885; x_wconf 66' lang='grc' dir='ltr'><strong>δ’</strong></span> <span class='ocrx_word' id='word_1_752' title='bbox 455 4848 747 4919; x_wconf 59' lang='lat' dir='ltr'><strong>Matthxn,</strong></span> <span class='ocrx_word' id='word_1_753' title='bbox 767 4855 855 4907; x_wconf 76' lang='lat'><strong>‘27.</strong></span> 
     </span>
    </p>
   </div>
   <div class='ocr_carea' id='block_1_97' title="bbox 928 4854 1838 4926">
    <p class='ocr_par' dir='ltr' id='par_1_97' title="bbox 928 4854 1838 4926">
     <span class='ocr_line' id='line_1_97' title="bbox 928 4854 1838 4926; baseline 0.012 -20"><span class='ocrx_word' id='word_1_754' title='bbox 928 4855 973 4886; x_wconf 83' lang='grc' dir='ltr'><strong>⁸ο</strong></span> <span class='ocrx_word' id='word_1_755' title='bbox 998 4854 1154 4911; x_wconf 82' lang='lat' dir='ltr'><strong>Rom.</strong></span> <span class='ocrx_word' id='word_1_756' title='bbox 1178 4872 1219 4919; x_wconf 86' lang='grc' dir='ltr'><strong>ι,</strong></span> <span class='ocrx_word' id='word_1_757' title='bbox 1253 4858 1341 4912; x_wconf 73' lang='grc'><strong>20.</strong></span> <span class='ocrx_word' id='word_1_758' title='bbox 1417 4859 1459 4889; x_wconf 74' lang='grc'><strong>⁸³</strong></span> <span class='ocrx_word' id='word_1_759' title='bbox 1491 4859 1665 4915; x_wconf 88' lang='lat' dir='ltr'><strong>Colos.</strong></span> <span class='ocrx_word' id='word_1_760' title='bbox 1695 4854 1838 4926; x_wconf 59' lang='lat' dir='ltr'><strong>t,&#39;l6.</strong></span> 
     </span>
    </p>
   </div>
   <div class='ocr_carea' id='block_1_98' title="bbox 385 4986 1914 5111">
    <p class='ocr_par' dir='ltr' id='par_1_98' title="bbox 385 4986 1914 5111">
     <span class='ocr_line' id='line_1_98' title="bbox 385 4986 1914 5111; baseline 0.01 -71"><span class='ocrx_word' id='word_1_761' title='bbox 385 4986 675 5111; x_wconf 36' lang='lat' dir='ltr'><strong>“Sig-lena</strong></span> <span class='ocrx_word' id='word_1_762' title='bbox 699 5007 825 5046; x_wconf 87' lang='lat' dir='ltr'><strong>mss.</strong></span> <span class='ocrx_word' id='word_1_763' title='bbox 859 4994 997 5048; x_wconf 89' lang='lat' dir='ltr'><strong>Editi</strong></span> <span class='ocrx_word' id='word_1_764' title='bbox 1028 5010 1176 5062; x_wconf 91' lang='lat' dir='ltr'><strong>vero,</strong></span> <span class='ocrx_word' id='word_1_765' title='bbox 1204 5004 1254 5049; x_wconf 89' lang='lat' dir='ltr'><strong>et</strong></span> <span class='ocrx_word' id='word_1_766' title='bbox 1287 5011 1533 5051; x_wconf 76' lang='lat' dir='ltr'><strong>venenum</strong></span> <span class='ocrx_word' id='word_1_767' title='bbox 1570 5000 1806 5065; x_wconf 88' lang='lat' dir='ltr'><strong>aspidum</strong></span> <span class='ocrx_word' id='word_1_768' title='bbox 1831 5002 1914 5055; x_wconf 88' lang='lat' dir='ltr'><strong>in-</strong></span> 
     </span>
    </p>
   </div>
   <div class='ocr_carea' id='block_1_99' title="bbox 388 5125 1911 5243">
    <p class='ocr_par' dir='ltr' id='par_1_99' title="bbox 388 5125 1911 5243">
     <span class='ocr_line' id='line_1_99' title="bbox 388 5125 1911 5243; baseline 0.008 -65"><span class='ocrx_word' id='word_1_769' title='bbox 388 5125 566 5243; x_wconf 51' lang='lat' dir='ltr'><strong>ﬂati“)</strong></span> <span class='ocrx_word' id='word_1_770' title='bbox 591 5127 1031 5198; x_wconf 84' lang='lat' dir='ltr'><strong>Editi,magister.</strong></span> <span class='ocrx_word' id='word_1_771' title='bbox 1067 5131 1228 5187; x_wconf 79' lang='lat' dir='ltr'><strong>Paulo</strong></span> <span class='ocrx_word' id='word_1_772' title='bbox 1263 5143 1419 5203; x_wconf 90' lang='lat' dir='ltr'><strong>post,</strong></span> <span class='ocrx_word' id='word_1_773' title='bbox 1449 5135 1706 5204; x_wconf 83' lang='lat' dir='ltr'><strong>spiritales</strong></span> <span class='ocrx_word' id='word_1_774' title='bbox 1735 5139 1911 5217; x_wconf 85' lang='lat' dir='ltr'><strong>nequi-</strong></span> 
     </span>
    </p>
   </div>
   <div class='ocr_carea' id='block_1_100' title="bbox 460 5229 1916 5338">
    <p class='ocr_par' dir='ltr' id='par_1_100' title="bbox 460 5261 1916 5338">
     <span class='ocr_line' id='line_1_100' title="bbox 460 5261 1916 5338; baseline 0.009 -25"><span class='ocrx_word' id='word_1_775' title='bbox 607 5264 764 5338; x_wconf 59' lang='lat' dir='ltr'><strong>Editi,</strong></span> <span class='ocrx_word' id='word_1_776' title='bbox 793 5276 838 5319; x_wconf 90' lang='lat' dir='ltr'><strong>et</strong></span> <span class='ocrx_word' id='word_1_777' title='bbox 866 5267 1076 5321; x_wconf 88' lang='lat' dir='ltr'><strong>vulnera</strong></span> <span class='ocrx_word' id='word_1_778' title='bbox 1103 5270 1191 5337; x_wconf 86' lang='lat' dir='ltr'><strong>qui</strong></span> <span class='ocrx_word' id='word_1_779' title='bbox 1224 5271 1280 5324; x_wconf 90' lang='lat' dir='ltr'><strong>in</strong></span> <span class='ocrx_word' id='word_1_780' title='bbox 1307 5282 1513 5338; x_wconf 86' lang='lat' dir='ltr'><strong>peccato</strong></span> <span class='ocrx_word' id='word_1_781' title='bbox 1539 5284 1771 5337; x_wconf 87' lang='lat' dir='ltr'><strong>currunt,</strong></span> <span class='ocrx_word' id='word_1_782' title='bbox 1810 5281 1916 5326; x_wconf 89' lang='lat' dir='ltr'><strong>etc.</strong></span> 
     </span>
    </p>
   </div>
   <div class='ocr_carea' id='block_1_101' title="bbox 463 5329 1916 5409">
    <p class='ocr_par' dir='ltr' id='par_1_101' title="bbox 463 5329 1916 5409">
     <span class='ocr_line' id='line_1_101' title="bbox 463 5329 1916 5409; baseline 0.007 -27"><span class='ocrx_word' id='word_1_783' title='bbox 463 5329 569 5409; x_wconf 45' lang='lat'><strong>(8.6)</strong></span> <span class='ocrx_word' id='word_1_784' title='bbox 610 5334 698 5409; x_wconf 65' lang='lat' dir='ltr'><strong>§ic</strong></span> <span class='ocrx_word' id='word_1_785' title='bbox 735 5350 919 5387; x_wconf 83' lang='lat' dir='ltr'><strong>omnes</strong></span> <span class='ocrx_word' id='word_1_786' title='bbox 942 5353 1071 5391; x_wconf 90' lang='lat' dir='ltr'><strong>mss.</strong></span> <span class='ocrx_word' id='word_1_787' title='bbox 1113 5329 1252 5392; x_wconf 74' lang='lat' dir='ltr'><strong>Editi</strong></span> <span class='ocrx_word' id='word_1_788' title='bbox 1285 5329 1429 5403; x_wconf 71' lang='lat' dir='ltr'><strong>vero,</strong></span> <span class='ocrx_word' id='word_1_789' title='bbox 1454 5344 1641 5409; x_wconf 81' lang='lat' dir='ltr'><strong>quibus</strong></span> <span class='ocrx_word' id='word_1_790' title='bbox 1665 5329 1837 5395; x_wconf 79' lang='lat' dir='ltr'><strong>tanien</strong></span> <span class='ocrx_word' id='word_1_791' title='bbox 1863 5343 1916 5393; x_wconf 89' lang='lat' dir='ltr'><strong>id</strong></span> 
     </span>
    </p>
   </div>
   <div class='ocr_carea' id='block_1_102' title="bbox 395 5400 696 5453">
    <p class='ocr_par' dir='ltr' id='par_1_102' title="bbox 395 5400 696 5453">
     <span class='ocr_line' id='line_1_102' title="bbox 395 5400 696 5453; baseline 0.037 -14"><span class='ocrx_word' id='word_1_792' title='bbox 395 5400 696 5453; x_wconf 62' lang='lat' dir='ltr'><strong>prudentia.</strong></span> 
     </span>
    </p>
   </div>
   <div class='ocr_carea' id='block_1_103' title="bbox 463 5462 1920 5542">
    <p class='ocr_par' dir='ltr' id='par_1_103' title="bbox 463 5462 1920 5542">
     <span class='ocr_line' id='line_1_103' title="bbox 463 5462 1920 5542; baseline 0.011 -29"><span class='ocrx_word' id='word_1_793' title='bbox 463 5462 572 5526; x_wconf 78' lang='lat'><strong>(87)</strong></span> <span class='ocrx_word' id='word_1_794' title='bbox 614 5468 682 5515; x_wconf 85' lang='lat' dir='ltr'><strong>Ita</strong></span> <span class='ocrx_word' id='word_1_795' title='bbox 712 5470 857 5524; x_wconf 83' lang='lat' dir='ltr'><strong>editi.</strong></span> <span class='ocrx_word' id='word_1_796' title='bbox 891 5471 986 5542; x_wconf 61' lang='lat' dir='ltr'><strong>Ms.</strong></span> <span class='ocrx_word' id='word_1_797' title='bbox 1019 5488 1147 5526; x_wconf 91' lang='lat' dir='ltr'><strong>vero</strong></span> <span class='ocrx_word' id='word_1_798' title='bbox 1174 5475 1370 5542; x_wconf 82' lang='lat' dir='ltr'><strong>Regius</strong></span> <span class='ocrx_word' id='word_1_799' title='bbox 1396 5494 1540 5531; x_wconf 90' lang='lat' dir='ltr'><strong>num.</strong></span> <span class='ocrx_word' id='word_1_800' title='bbox 1571 5478 1725 5540; x_wconf 80' lang='grc'><strong>1659,</strong></span> <span class='ocrx_word' id='word_1_801' title='bbox 1761 5479 1920 5530; x_wconf 89' lang='lat' dir='ltr'><strong>alium</strong></span> 
     </span>
    </p>
   </div>
   <div class='ocr_carea' id='block_1_104' title="bbox 395 5540 1916 5613">
    <p class='ocr_par' dir='ltr' id='par_1_104' title="bbox 395 5540 1916 5613">
     <span class='ocr_line' id='line_1_104' title="bbox 395 5540 1916 5613; baseline 0.003 -21"><span class='ocrx_word' id='word_1_802' title='bbox 395 5542 766 5613; x_wconf 49' lang='grc' dir='ltr'><strong>ειειςρξρτεςεν,</strong></span> <span class='ocrx_word' id='word_1_803' title='bbox 804 5548 905 5613; x_wconf 65' lang='lat' dir='ltr'><strong>etc.</strong></span> <span class='ocrx_word' id='word_1_804' title='bbox 941 5540 1131 5613; x_wconf 74' lang='lat' dir='ltr'><strong>Cteteri</strong></span> <span class='ocrx_word' id='word_1_805' title='bbox 1165 5540 1543 5613; x_wconf 68' lang='lat' dir='ltr'><strong>niss.,aliquem</strong></span> <span class='ocrx_word' id='word_1_806' title='bbox 1574 5559 1775 5611; x_wconf 79' lang='lat' dir='ltr'><strong>prwter.</strong></span> <span class='ocrx_word' id='word_1_807' title='bbox 1812 5558 1916 5598; x_wconf 87' lang='lat' dir='ltr'><strong>etc.</strong></span> 
     </span>
    </p>
   </div>
   <div class='ocr_carea' id='block_1_105' title="bbox 468 5592 1920 5681">
    <p class='ocr_par' dir='ltr' id='par_1_105' title="bbox 468 5592 1920 5681">
     <span class='ocr_line' id='line_1_105' title="bbox 468 5592 1920 5681; baseline 0.019 -40"><span class='ocrx_word' id='word_1_808' title='bbox 468 5592 574 5661; x_wconf 81' lang='lat'><strong>(83)</strong></span> <span class='ocrx_word' id='word_1_809' title='bbox 608 5592 779 5666; x_wconf 54' lang='lat' dir='ltr'><strong>Alias,</strong></span> <span class='ocrx_word' id='word_1_810' title='bbox 817 5603 932 5657; x_wconf 83' lang='lat' dir='ltr'><strong>Non</strong></span> <span class='ocrx_word' id='word_1_811' title='bbox 980 5592 1127 5661; x_wconf 69' lang='lat' dir='ltr'><strong>enim</strong></span> <span class='ocrx_word' id='word_1_812' title='bbox 1815 5592 1920 5670; x_wconf 48' lang='lat' dir='ltr'><strong>ise—ti</strong></span> 
     </span>
    </p>
   </div>
   <div class='ocr_carea' id='block_1_106' title="bbox 1633 4786 2109 4864">
    <p class='ocr_par' dir='ltr' id='par_1_106' title="bbox 1633 4786 2109 4864">
     <span class='ocr_line' id='line_1_106' title="bbox 1633 4786 2109 4864; baseline 0.015 -18"><span class='ocrx_word' id='word_1_813' title='bbox 1633 4792 1677 4823; x_wconf 77' lang='grc'><strong>⁸³</strong></span> <span class='ocrx_word' id='word_1_814' title='bbox 1703 4793 1974 4864; x_wconf 75' lang='grc' dir='ltr'><strong>ΕρΙιθε.νι,</strong></span> <span class='ocrx_word' id='word_1_815' title='bbox 2024 4786 2109 4839; x_wconf 64' lang='grc' dir='ltr'><strong><em>η-</em></strong></span> 
     </span>
    </p>
   </div>
   <div class='ocr_carea' id='block_1_107' title="bbox 2019 4472 3655 4561">
    <p class='ocr_par' dir='ltr' id='par_1_107' title="bbox 2019 4472 3655 4561">
     <span class='ocr_line' id='line_1_107' title="bbox 2019 4472 3655 4561; baseline 0.01 -34"><span class='ocrx_word' id='word_1_816' title='bbox 2019 4475 2138 4536; x_wconf 88' lang='lat' dir='ltr'><strong>bus,</strong></span> <span class='ocrx_word' id='word_1_817' title='bbox 2167 4481 2221 4525; x_wconf 87' lang='lat' dir='ltr'><strong>et</strong></span> <span class='ocrx_word' id='word_1_818' title='bbox 2264 4472 2722 4542; x_wconf 86' lang='lat' dir='ltr'><strong>quadrupedibus,</strong></span> <span class='ocrx_word' id='word_1_819' title='bbox 2768 4486 2827 4531; x_wconf 87' lang='lat' dir='ltr'><strong>et</strong></span> <span class='ocrx_word' id='word_1_820' title='bbox 2872 4488 3282 4551; x_wconf 81' lang='lat' dir='ltr'><strong>serpentibus</strong></span> <span class='ocrx_word' id='word_1_821' title='bbox 3330 4490 3655 4561; x_wconf 55' lang='lat' dir='ltr'><strong>exaequare?</strong></span> 
     </span>
    </p>
   </div>
   <div class='ocr_carea' id='block_1_108' title="bbox 2089 4562 3652 4652">
    <p class='ocr_par' dir='ltr' id='par_1_108' title="bbox 2089 4562 3652 4652">
     <span class='ocr_line' id='line_1_108' title="bbox 2089 4562 3652 4652; baseline 0.01 -37"><span class='ocrx_word' id='word_1_822' title='bbox 2089 4562 2175 4616; x_wconf 85' lang='grc'><strong>18.</strong></span> <span class='ocrx_word' id='word_1_823' title='bbox 2205 4564 2314 4620; x_wconf 88' lang='lat' dir='ltr'><strong>Pro</strong></span> <span class='ocrx_word' id='word_1_824' title='bbox 2341 4565 2537 4632; x_wconf 87' lang='lat' dir='ltr'><strong>quibus</strong></span> <span class='ocrx_word' id='word_1_825' title='bbox 2574 4566 2757 4620; x_wconf 85' lang='lat' dir='ltr'><strong>causis</strong></span> <span class='ocrx_word' id='word_1_826' title='bbox 2788 4568 3135 4637; x_wconf 87' lang='lat' dir='ltr'><strong>justissime</strong></span> <span class='ocrx_word' id='word_1_827' title='bbox 3186 4583 3406 4652; x_wconf 85' lang='lat' dir='ltr'><strong>utique</strong></span> <span class='ocrx_word' id='word_1_828' title='bbox 3445 4582 3652 4635; x_wconf 81' lang='lat' dir='ltr'><strong>tradidit</strong></span> 
     </span>
    </p>
   </div>
   <div class='ocr_carea' id='block_1_109' title="bbox 2016 4653 3652 4745">
    <p class='ocr_par' dir='ltr' id='par_1_109' title="bbox 2016 4653 3652 4745">
     <span class='ocr_line' id='line_1_109' title="bbox 2016 4653 3652 4745; baseline 0.01 -40"><span class='ocrx_word' id='word_1_829' title='bbox 2016 4669 2103 4706; x_wconf 87' lang='lat' dir='ltr'><strong>eos</strong></span> <span class='ocrx_word' id='word_1_830' title='bbox 2136 4653 2278 4707; x_wconf 81' lang='lat' dir='ltr'><strong>Deus</strong></span> <span class='ocrx_word' id='word_1_831' title='bbox 2316 4655 2371 4707; x_wconf 90' lang='lat' dir='ltr'><strong>in</strong></span> <span class='ocrx_word' id='word_1_832' title='bbox 2396 4655 2674 4709; x_wconf 84' lang='lat' dir='ltr'><strong>desideriis</strong></span> <span class='ocrx_word' id='word_1_833' title='bbox 2711 4661 2899 4713; x_wconf 83' lang='lat' dir='ltr'><strong>cordis</strong></span> <span class='ocrx_word' id='word_1_834' title='bbox 2935 4679 3143 4720; x_wconf 81' lang='lat' dir='ltr'><strong>eorum</strong></span> <span class='ocrx_word' id='word_1_835' title='bbox 3182 4672 3247 4740; x_wconf 85' lang='grc'>(9</span> <span class='ocrx_word' id='word_1_836' title='bbox 3260 4674 3320 4745; x_wconf 72' lang='grc' dir='ltr'><strong>Ι)</strong></span> <span class='ocrx_word' id='word_1_837' title='bbox 3348 4676 3407 4727; x_wconf 78' lang='lat' dir='ltr'><strong>in</strong></span> <span class='ocrx_word' id='word_1_838' title='bbox 3437 4675 3652 4727; x_wconf 66' lang='lat' dir='ltr'><strong>inimus:-</strong></span> 
     </span>
    </p>
   </div>
   <div class='ocr_carea' id='block_1_110' title="bbox 2213 4783 3649 4865">
    <p class='ocr_par' dir='ltr' id='par_1_110' title="bbox 2213 4783 3649 4865">
     <span class='ocr_line' id='line_1_110' title="bbox 2213 4783 3649 4865; baseline 0.016 -30"><span class='ocrx_word' id='word_1_839' title='bbox 2213 4783 2434 4839; x_wconf 70' lang='lat' dir='ltr'><strong>“Rom.</strong></span> <span class='ocrx_word' id='word_1_840' title='bbox 2473 4803 2516 4853; x_wconf 82' lang='grc' dir='ltr'><strong>ι,</strong></span> <span class='ocrx_word' id='word_1_841' title='bbox 2560 4788 2651 4843; x_wconf 83' lang='grc'><strong>18.</strong></span> <span class='ocrx_word' id='word_1_842' title='bbox 2756 4792 2805 4823; x_wconf 73' lang='grc'>⁸⁷</span> <span class='ocrx_word' id='word_1_843' title='bbox 2836 4791 3013 4854; x_wconf 80' lang='lat' dir='ltr'><strong>Rom.</strong></span> <span class='ocrx_word' id='word_1_844' title='bbox 3039 4814 3087 4865; x_wconf 84' lang='grc' dir='ltr'><strong>ι,</strong></span> <span class='ocrx_word' id='word_1_845' title='bbox 3118 4803 3221 4858; x_wconf 80' lang='grc'><strong>19.</strong></span> <span class='ocrx_word' id='word_1_846' title='bbox 3347 4809 3397 4840; x_wconf 76' lang='grc'><strong>⁸⁸</strong></span> <span class='ocrx_word' id='word_1_847' title='bbox 3424 4804 3649 4862; x_wconf 75' lang='lat' dir='ltr'><strong>ibid.20.</strong></span> 
     </span>
    </p>
   </div>
   <div class='ocr_carea' id='block_1_111' title="bbox 2016 5001 2242 5061">
    <p class='ocr_par' dir='ltr' id='par_1_111' title="bbox 2016 5001 2242 5061">
     <span class='ocr_line' id='line_1_111' title="bbox 2016 5001 2242 5061; baseline -0.013 -7"><span class='ocrx_word' id='word_1_848' title='bbox 2016 5001 2119 5061; x_wconf 86' lang='lat' dir='ltr'><strong>cui,</strong></span> <span class='ocrx_word' id='word_1_849' title='bbox 2140 5009 2242 5053; x_wconf 88' lang='lat' dir='ltr'><strong>etc.</strong></span> 
     </span>
    </p>
   </div>
   <div class='ocr_carea' id='block_1_112' title="bbox 2086 5066 3643 5159">
    <p class='ocr_par' dir='ltr' id='par_1_112' title="bbox 2086 5066 3643 5159">
     <span class='ocr_line' id='line_1_112' title="bbox 2086 5066 3643 5159; baseline 0.012 -39"><span class='ocrx_word' id='word_1_850' title='bbox 2086 5068 2199 5159; x_wconf 36' lang='lat'><strong>(89).</strong></span> <span class='ocrx_word' id='word_1_851' title='bbox 2336 5068 2842 5159; x_wconf 13' lang='lat' dir='ltr'><strong>‘ms‘sigl&#39;l‘di‘tivero</strong></span> <span class='ocrx_word' id='word_1_852' title='bbox 2867 5094 2883 5130; x_wconf 90' lang='lat'><strong>:</strong></span> <span class='ocrx_word' id='word_1_853' title='bbox 2913 5078 3081 5159; x_wconf 17' lang='lat' dir='ltr'><strong>APene</strong></span> <span class='ocrx_word' id='word_1_854' title='bbox 3098 5083 3233 5151; x_wconf 86' lang='lat' dir='ltr'><strong>jam</strong></span> <span class='ocrx_word' id='word_1_855' title='bbox 3263 5089 3330 5143; x_wconf 75' lang='lat' dir='ltr'><strong>in</strong></span> <span class='ocrx_word' id='word_1_856' title='bbox 3374 5088 3643 5159; x_wconf 84' lang='lat' dir='ltr'><strong>superiori-</strong></span> 
     </span>
    </p>
   </div>
   <div class='ocr_carea' id='block_1_113' title="bbox 2020 5138 2944 5202">
    <p class='ocr_par' dir='ltr' id='par_1_113' title="bbox 2020 5138 2944 5202">
     <span class='ocr_line' id='line_1_113' title="bbox 2020 5138 2944 5202; baseline 0.012 -12"><span class='ocrx_word' id='word_1_857' title='bbox 2020 5138 2112 5190; x_wconf 87' lang='lat' dir='ltr'><strong>bus</strong></span> <span class='ocrx_word' id='word_1_858' title='bbox 2137 5140 2199 5188; x_wconf 82' lang='lat' dir='ltr'><strong>de</strong></span> <span class='ocrx_word' id='word_1_859' title='bbox 2220 5138 2302 5188; x_wconf 82' lang='lat' dir='ltr'><strong>his</strong></span> <span class='ocrx_word' id='word_1_860' title='bbox 2332 5140 2574 5192; x_wconf 86' lang='lat' dir='ltr'><strong>omnibus</strong></span> <span class='ocrx_word' id='word_1_861' title='bbox 2610 5144 2820 5196; x_wconf 78' lang='lat' dir='ltr'><strong>dictant</strong></span> <span class='ocrx_word' id='word_1_862' title='bbox 2842 5157 2944 5202; x_wconf 88' lang='lat' dir='ltr'><strong>est.</strong></span> 
     </span>
    </p>
   </div>
   <div class='ocr_carea' id='block_1_114' title="bbox 2088 5206 2815 5274">
    <p class='ocr_par' dir='ltr' id='par_1_114' title="bbox 2088 5206 2815 5274">
     <span class='ocr_line' id='line_1_114' title="bbox 2088 5206 2815 5274; baseline 0.018 -20"><span class='ocrx_word' id='word_1_863' title='bbox 2088 5206 2197 5274; x_wconf 77' lang='lat'><strong>(90)</strong></span> <span class='ocrx_word' id='word_1_864' title='bbox 2235 5207 2400 5267; x_wconf 86' lang='lat' dir='ltr'><strong>Alias,</strong></span> <span class='ocrx_word' id='word_1_865' title='bbox 2428 5223 2815 5274; x_wconf 83' lang='lat' dir='ltr'><strong>cognoverunt.</strong></span> 
     </span>
    </p>
   </div>
   <div class='ocr_carea' id='block_1_115' title="bbox 2090 5270 3640 5366">
    <p class='ocr_par' dir='ltr' id='par_1_115' title="bbox 2090 5270 3640 5366">
     <span class='ocr_line' id='line_1_115' title="bbox 2090 5270 3640 5366; baseline 0.001 -23"><span class='ocrx_word' id='word_1_866' title='bbox 2090 5270 2568 5366; x_wconf 33' lang='lat' dir='ltr'><strong>(Eiificngfllies</strong></span> <span class='ocrx_word' id='word_1_867' title='bbox 2618 5296 2784 5366; x_wconf 65' lang='grc' dir='ltr'><strong>ξιιεδο,</strong></span> <span class='ocrx_word' id='word_1_868' title='bbox 2840 5270 3348 5366; x_wconf 64' lang='lat' dir='ltr'><strong>quorumtamen</strong></span> <span class='ocrx_word' id='word_1_869' title='bbox 3408 5297 3640 5366; x_wconf 68' lang='lat' dir='ltr'><strong>plerique</strong></span> 
     </span>
    </p>
   </div>
   <div class='ocr_carea' id='block_1_116' title="bbox 2021 5310 3639 5430">
    <p class='ocr_par' dir='ltr' id='par_1_116' title="bbox 2021 5310 3639 5430">
     <span class='ocr_line' id='line_1_116' title="bbox 2090 5310 3639 5366; baseline 0.018 -45"><span class='ocrx_word' id='word_1_870' title='bbox 2090 5310 2203 5355; x_wconf 46' lang='grc' dir='ltr'><strong>ψη</strong></span> <span class='ocrx_word' id='word_1_871' title='bbox 2244 5310 2334 5329; x_wconf 68' lang='grc' dir='ltr'><strong>μιν</strong></span> <span class='ocrx_word' id='word_1_872' title='bbox 2377 5310 2568 5352; x_wconf 57' lang='grc' dir='ltr'><strong>ιρι-,ιω</strong></span> <span class='ocrx_word' id='word_1_873' title='bbox 2618 5310 2784 5347; x_wconf 55' lang='lat' dir='ltr'><strong>suam,</strong></span> <span class='ocrx_word' id='word_1_874' title='bbox 2840 5310 3091 5353; x_wconf 84' lang='lat' dir='ltr'><strong>quorum</strong></span> <span class='ocrx_word' id='word_1_875' title='bbox 3145 5310 3348 5351; x_wconf 82' lang='lat' dir='ltr'><strong>tamen</strong></span> <span class='ocrx_word' id='word_1_876' title='bbox 3408 5310 3540 5366; x_wconf 83' lang='lat' dir='ltr'><strong>pleri</strong></span> <span class='ocrx_word' id='word_1_877' title='bbox 3582 5310 3639 5344; x_wconf 73' lang='lat' dir='ltr'><strong>tle</strong></span> 
     </span>
     <span class='ocr_line' id='line_1_117' title="bbox 2021 5310 3639 5430; baseline 0.011 -31"><span class='ocrx_word' id='word_1_878' title='bbox 2021 5352 2532 5430; x_wconf 30' lang='lat' dir='ltr'><strong>QEtt-lltﬂilﬂ&#39;f‘ftt‘fe.</strong></span> <span class='ocrx_word' id='word_1_879' title='bbox 2584 5358 2826 5430; x_wconf 48' lang='lat' dir='ltr'><strong>et‘uttus</strong></span> <span class='ocrx_word' id='word_1_880' title='bbox 2864 5357 3084 5430; x_wconf 76' lang='lat' dir='ltr'><strong>Regius</strong></span> <span class='ocrx_word' id='word_1_881' title='bbox 3119 5364 3324 5428; x_wconf 81' lang='lat' dir='ltr'><strong>habet,</strong></span> <span class='ocrx_word' id='word_1_882' title='bbox 3353 5370 3410 5419; x_wconf 87' lang='lat' dir='ltr'><strong>in</strong></span> <span class='ocrx_word' id='word_1_883' title='bbox 3444 5310 3639 5419; x_wconf 40' lang='lat' dir='ltr'><strong>deside-</strong></span> 
     </span>
    </p>
   </div>
   <div class='ocr_carea' id='block_1_117' title="bbox 2024 5412 3636 5504">
    <p class='ocr_par' dir='ltr' id='par_1_117' title="bbox 2024 5412 3636 5504">
     <span class='ocr_line' id='line_1_118' title="bbox 2024 5412 3636 5504; baseline 0 0"><span class='ocrx_word' id='word_1_884' title='bbox 2024 5412 2593 5504; x_wconf 51' lang='grc' dir='ltr'><strong>Εἷῗῗῖιῖίῗίίίέίοῖὲηί</strong></span> <span class='ocrx_word' id='word_1_885' title='bbox 2634 5420 2784 5504; x_wconf 53' lang='grc' dir='ltr'><strong>Ψίιὶ</strong></span> <span class='ocrx_word' id='word_1_886' title='bbox 2808 5412 2987 5494; x_wconf 61' lang='grc' dir='ltr'><strong>νθτόῗ</strong></span> <span class='ocrx_word' id='word_1_887' title='bbox 3024 5430 3264 5504; x_wconf 61' lang='lat' dir='ltr'><strong>Propter</strong></span> <span class='ocrx_word' id='word_1_888' title='bbox 3296 5412 3443 5504; x_wconf 68' lang='grc' dir='ltr'><strong>ἆυοά</strong></span> <span class='ocrx_word' id='word_1_889' title='bbox 3478 5436 3636 5489; x_wconf 71' lang='lat' dir='ltr'><strong>&quot;ad&quot;-</strong></span> 
     </span>
    </p>
   </div>
   <div class='ocr_carea' id='block_1_118' title="bbox 2023 5478 3635 5567">
    <p class='ocr_par' dir='ltr' id='par_1_118' title="bbox 2023 5478 3635 5567">
     <span class='ocr_line' id='line_1_119' title="bbox 2023 5478 3635 5567; baseline 0.013 -32"><span class='ocrx_word' id='word_1_890' title='bbox 2023 5478 2421 5567; x_wconf 50' lang='lat' dir='ltr'><strong>tlit_illqs_l{eus</strong></span> <span class='ocrx_word' id='word_1_891' title='bbox 2541 5487 2820 5548; x_wconf 82' lang='lat' dir='ltr'><strong>desideria</strong></span> <span class='ocrx_word' id='word_1_892' title='bbox 2856 5478 3044 5558; x_wconf 68' lang='grc' dir='ltr'><strong>ευτῖλὲδ</strong></span> <span class='ocrx_word' id='word_1_893' title='bbox 3071 5478 3521 5567; x_wconf 52' lang='grc' dir='ltr'><strong>εοῖἇῖιι,⁷έιῖ,έι</strong></span> <span class='ocrx_word' id='word_1_894' title='bbox 3546 5504 3635 5556; x_wconf 85' lang='lat' dir='ltr'><strong>ad-</strong></span> 
     </span>
    </p>
   </div>
   <div class='ocr_carea' id='block_1_119' title="bbox 2022 5546 3286 5625">
    <p class='ocr_par' dir='ltr' id='par_1_119' title="bbox 2022 5546 3286 5625">
     <span class='ocr_line' id='line_1_120' title="bbox 2022 5546 3286 5625; baseline -0.036 -24"><span class='ocrx_word' id='word_1_895' title='bbox 2022 5548 2151 5602; x_wconf 88' lang='lat' dir='ltr'><strong>duut</strong></span> <span class='ocrx_word' id='word_1_896' title='bbox 2177 5546 2339 5601; x_wconf 81' lang='lat' dir='ltr'><strong>Anien</strong></span> <span class='ocrx_word' id='word_1_897' title='bbox 2362 5550 2416 5604; x_wconf 91' lang='lat' dir='ltr'><strong>in</strong></span> <span class='ocrx_word' id='word_1_898' title='bbox 2450 5552 2563 5612; x_wconf 84' lang='lat' dir='ltr'><strong>line</strong></span> <span class='ocrx_word' id='word_1_899' title='bbox 2589 5546 2940 5625; x_wconf 42' lang='lat' dir='ltr'><strong>contextus.</strong></span> <span class='ocrx_word' id='word_1_900' title='bbox 2959 5546 3044 5558; x_wconf 82' lang='grc'><strong>“--</strong></span> <span class='ocrx_word' id='word_1_901' title='bbox 3071 5546 3153 5560; x_wconf 74' lang='grc' dir='ltr'><strong>..η</strong></span> <span class='ocrx_word' id='word_1_902' title='bbox 3172 5546 3286 5574; x_wconf 77' lang='lat'><strong>-...,</strong></span> 
     </span>
    </p>
   </div>
  </div>
