3836 6240
366 242 467 294 867

1767 224 2078 283 ORIGENIS

3588 197 3698 251 868

366 359 531 411 Deum
560 348 1005 421 magniﬁcaverit,
1036 354 1127 398 aut
1158 347 1363 413 gratias
1401 346 1594 414 egerit,
1632 346 1725 399 sed
1767 361 1893 399 eva-
1923 348 1965 402 Α
1996 343 2047 395 in
2073 341 2217 395 omni
2250 340 2534 396 sanctitate
2570 352 2626 392 ei.
2654 335 2915 406 puritate
2970 339 3342 421 servemus.
3395 335 3527 421 τιικξ
3578 333 3692 421 ηοιξ

365 445 543 498 nuerit
572 444 624 495 in
658 437 1075 505 cogitationibus
1114 437 1248 497 suis,
1277 443 1331 488 et
1357 434 1636 487 mutaverit
1667 433 1888 501 gloriam

368 529 782 597 incorruptibilis
823 527 916 580 Dei
962 527 1015 579 in
1050 525 1446 580 similitudinem
1479 524 1726 592 imaginis
1771 538 1891 576 coro

365 619 631 686 ruptibilis
682 617 911 670 hominis
939 615 1317 677 etvolucrum,
1367 621 1420 667 et
1466 613 1890 681 quadrupedum,

364 716 416 757 et
445 705 762 770 serpentium
792 703 856 766 “,
887 714 940 755 et
980 705 1030 755 in
1066 704 1148 755 bis
1168 702 1413 756 omnibus
1449 701 1796 755 declinaverit
1825 704 1892 753 ad

364 806 601 852 carnem,
639 800 796 857 atque
828 805 918 851 eos
963 791 1051 858 qui
1105 790 1283 843 carnis
1334 789 1612 843 desideriis
1671 778 1907 842 favent!

366 881 759 946 derelinqnetur
793 882 907 933 sine
942 880 1102 933 dubio
1136 888 1190 932 et
1248 881 1525 932 deseretur
1569 881 1635 932 ab
1684 879 1764 932 eis
1801 879 1893 946 qui

366 986 480 1022 eam
510 970 690 1022 favore
721 985 818 1021 suo
845 979 901 1021 ut
930 969 1140 1036 spiritui
1171 968 1484 1037 iungeretur
1535 970 1842 1023 animabant
1875 984 1887 1020 :

367 1068 419 1110 et
440 1060 737 1111 concedent
764 1073 902 1121 eam,
934 1058 1015 1110 vel
1062 1059 1268 1111 tradent
1303 1058 1379 1126 (l)
1410 1058 1687 1112 desideriis
1719 1058 1896 1112 cordis

368 1150 474 1209 sui.
506 1150 697 1217 quibus
719 1148 868 1202 carni
903 1148 1140 1201 sociatur
1167 1156 1220 1199 et
1249 1147 1507 1200 adhaeret.
1545 1145 1726 1214 Neque
1751 1148 1892 1200 enim

369 1240 714 1293 obsistentetn
741 1254 857 1291 eam
890 1253 953 1291 ac
979 1237 1352 1304 reluctantem,
1382 1239 1449 1291 ad
1474 1252 1534 1290 ea
1566 1252 1681 1304 qua:
1709 1236 1899 1305 refugit

371 1346 432 1382 ac
453 1331 648 1397 respuit
679 1332 1018 1381 revocabunt.
1036 1328 1196 1390 Cujus
1228 1329 1300 1381 rei
1321 1327 1633 1396 imaginem,
1655 1326 1700 1380 si
1727 1326 1899 1379 adhuc

372 1419 576 1469 videtur
607 1416 851 1476 obscura,
888 1417 978 1468 tali
1001 1416 1228 1484 quadam
1258 1418 1433 1480 specie
1481 1417 1898 1469 manifestiorem

371 1509 765 1576 planioremque
796 1508 1094 1559 reddemus.
1131 1506 1396 1560 Ponamus
1426 1522 1543 1561 esse
1568 1506 1776 1574 aliquod
1806 1506 1901 1558 do-

373 1596 647 1657 micilium,
680 1596 732 1647 in
770 1610 873 1661 quo
905 1610 1022 1647 cum
1055 1610 1279 1663 corpore
1312 1605 1366 1648 et
1393 1594 1582 1663 spiritu
1608 1595 1750 1648 velut
1780 1608 1897 1647 cum

1991 432 2163 485 solum
2196 431 2352 501 digna
2383 428 2698 498 angelorum
2741 421 3126 492 ingressibus
3165 416 3356 478 (iant,
3386 406 3605 465 verum
3635 418 3695 464 et

1992 520 2319 573 habitatione
2350 520 2585 588 Spiritus
2613 515 2824 577 sancti,
2874 522 2935 565 et
2972 507 3327 562 mansione
3364 501 3575 556 Patris
3625 514 3694 554 ac

1991 608 2109 661 Filii
2133 608 2221 677 qni
2248 608 2377 660 dicit
2404 609 2469 660 de
2486 621 2549 660 eo
2589 605 2686 674 qui
2715 604 2772 656 in
2805 599 3114 655 mandatis
3146 595 3296 649 suis
3324 597 3694 660 permanet:

1992 696 2102 764 Ego
2161 711 2207 750 et
2258 696 2414 749 Pater
2473 696 2767 755 veniemus,
2812 700 2865 745 et
2915 689 3316 742 mansionem
3354 682 3522 751 apud
3567 698 3694 735 eum

1992 788 2239 854 faciemus
2262 787 2327 840 ⁸⁸.

2063 879 2147 932 19.
2176 876 2455 943 Propterea
2484 877 2706 929 tradidit
2737 874 2863 928 illos
2897 872 3059 925 Deus
3082 871 3149 924 in
3180 867 3511 936 passiones
3539 864 3698 931 igno-

1993 971 2185 1021 miniae.
2217 966 2357 1019 Nam
2387 977 2433 1019 et
2463 967 2676 1033 femina:
2699 981 2891 1018 eorum
2924 962 3422 1016 immutaverunt
3452 962 3700 1007 natura-

1994 1059 2091 1111 lem
2113 1074 2280 1121 usum,
2303 1059 2357 1111 in
2388 1074 2503 1111 eum
2528 1072 2681 1109 usum
2708 1057 2801 1125 qui
2826 1054 2909 1122 (5)
2931 1062 3105 1105 extra
3145 1060 3448 1101 naturam
3472 1055 3584 1099 est.
3615 1044 3704 1097 Si-

1994 1149 2185 1200 militer
2199 1158 2366 1199 autem
2389 1157 2434 1199 et
2458 1145 2702 1205 masculi,
2737 1146 2932 1197 relicto
2960 1138 3246 1194 naturali
3282 1152 3405 1190 usu
3439 1135 3691 1204 femina.

1996 1236 2194 1287 accensi
2227 1245 2345 1287 sunt
2378 1235 2430 1286 in
2469 1236 2796 1287 desiderium
2841 1233 2934 1285 sui
2970 1232 3035 1283 in
3083 1231 3393 1289 invicem,
3450 1224 3692 1279 masculi

1995 1326 2048 1378 in
2092 1325 2345 1378 masculos
2386 1326 2775 1392 turpitudinem
2829 1332 3181 1392 operantes,
3240 1328 3303 1372 et
3349 1316 3693 1377 mercedem,

1994 1430 2147 1479 quam
2177 1414 2426 1481 oportuit,
2475 1418 2673 1468 erroris
2724 1416 2813 1467 sui
2842 1414 2903 1467 in
2934 1411 3290 1477 semetipsis
3334 1409 3693 1475 recipientes.

1996 1501 2064 1554 Et
2092 1505 2226 1555 sicut
2261 1520 2364 1555 non
2405 1505 2755 1570 probaverunt
2806 1502 2997 1555 Deum
3026 1501 3266 1553 habere
3303 1499 3372 1550 in
3403 1496 3692 1558 notitiam,

2000 1592 2214 1645 tradidit
2252 1593 2368 1646 illas
2398 1593 2539 1646 Deus
2574 1594 2631 1646 in
2671 1593 2969 1661 reprobum
3022 1606 3313 1655 sensum,
3375 1599 3443 1641 ut
3485 1587 3696 1656 faciant

374 1688 580 1739 duobus
606 1685 929 1739 consiliariis
966 1685 1168 1738 habitet
1193 1687 1402 1750 anima;
1430 1702 1525 1754 pro
1548 1685 1750 1739 foribus
1774 1700 1900 1739 vero
1929 1672 1970 1725 Β
1997 1698 2056 1734 ea
2082 1699 2195 1749 qua:
2216 1699 2318 1735 non
2344 1685 2676 1744 conveniunt,
2713 1683 2956 1750 repletos
2983 1682 3157 1735 omni
3184 1680 3541 1749 iniquitate.
3575 1692 3699 1727 M-

376 1772 533 1839 bujus
571 1774 821 1827 domicilii
877 1784 1058 1828 astare
1100 1776 1382 1841 pietatem,
1426 1790 1719 1841 omnesque
1780 1789 1899 1828 cum

374 1878 436 1916 ea
460 1864 681 1916 virtutes
716 1879 730 1915 :
763 1878 824 1916 ex
854 1864 955 1916 alia
986 1879 1109 1917 vero
1135 1873 1282 1930 parte
1316 1864 1661 1931 impietatem,
1690 1878 1899 1917 omnes-

376 1967 479 2020 que
510 1952 833 2005 lnxuriarum
860 1970 920 2006 ac
946 1952 1222 2006 libidinum
1262 1954 1485 2016 formas,
1518 1962 1571 2006 et
1598 1964 1903 2021 exspectare

378 2042 567 2094 animae
596 2052 800 2105 nutum,
827 2057 980 2109 quem
1020 2059 1084 2096 ex
1128 2043 1331 2096 duobus
1370 2059 1465 2110 pro
1493 2043 1695 2096 loribus
1724 2045 1905 2096 obser-

378 2129 622 2182 vantibus
647 2130 862 2182 chorum
888 2132 1148 2184 introduci
1179 2133 1245 2185 ad
1272 2146 1329 2184 se
1351 2131 1803 2199 desideret,quem
1821 2147 1905 2185 re-

377 2217 525 2285 pelli.
549 2216 735 2271 Nonne
765 2219 807 2271 si
834 2220 1039 2287 spiritui
1078 2221 1471 2287 obtemperans,
1504 2230 1561 2272 et
1586 2220 1788 2274 meliori
1811 2235 1904 2273 usa

377 2308 703 2373 c0nsiliario,
720 2309 928 2373 pietatis
943 2317 993 2361 et
1020 2310 1285 2377 pudicitiae
1302 2311 1366 2362 ad
1385 2326 1441 2364 se
1458 2311 1760 2365 evocaverit
1775 2312 1906 2363 cbo-

377 2413 518 2459 rnm,
559 2398 643 2449 ille
691 2399 824 2451 alius
855 2411 1061 2465 spretus
1093 2403 1499 2467 repndialnsque
1522 2402 1597 2470 (2)
1628 2400 1907 2454 discedet?

380 2487 435 2539 Si
471 2502 596 2540 vero
626 2488 803 2541 carnis
827 2505 919 2541 usa
952 2490 1209 2552 consiliis,
1246 2489 1532 2556 impietatis
1550 2493 1612 2543 ad
1632 2506 1690 2544 se
1712 2502 1764 2544 et
1790 2491 1898 2542 libi-

379 2577 520 2627 dinis
563 2577 916 2630 introduxerit
964 2586 1220 2641 turmam,
1269 2580 1439 2632 omnis
1482 2579 1568 2631 illa
1610 2581 1905 2633 sanctitatis

380 2674 434 2714 et
469 2665 683 2730 pietatis
727 2679 947 2730 corona,
995 2666 1083 2718 cui
1121 2667 1376 2719 malorum
1403 2668 1584 2719 anima
1618 2669 1904 2722 concilium

379 2750 778 2817 przetnlit,justa
810 2768 927 2803 cum
955 2754 1314 2820 indignatione
1345 2756 1569 2816 recedet,
1601 2740 1905 2826 relinquens

378 2857 494 2891 eam
511 2841 784 2894 desideriis
796 2843 970 2895 cordis
986 2845 1088 2905 sui,
1110 2854 1165 2896 ut
1183 2845 1253 2915 ('5)
1274 2846 1556 2914 ignominia
1573 2856 1624 2900 et
1643 2859 1907 2902 contume-

379 2932 463 2983 liis
480 2930 670 2982 alliciat
685 2947 875 3000 corpus
892 2949 1041 2985 suum
1059 2934 1108 2986 in
1127 2936 1426 3001 semetipsa,
1443 2940 1906 3002 qua-commutavit

376 3020 657 3072 veritatem
693 3019 781 3073 Dei
815 3022 865 3072 in
915 3022 1274 3085 mendacium,
1297 3034 1350 3077 et
1380 3025 1723 3080 introducens
1753 3028 1817 3080 ad
1845 3042 1902 3081 se

380 3107 669 3175 impietatis
706 3117 758 3160 et
797 3108 1129 3162 inﬁdelitatis
1175 3108 1249 3181 (4)
1301 3111 1629 3179 principem,
1672 3113 1799 3166 colit
1850 3125 1904 3166 et

379 3198 542 3251 servit
566 3206 742 3264 potius
762 3209 1020 3253 creatura:
1043 3217 1202 3270 quam
1225 3204 1498 3266 Lreatori,
1523 3205 1611 3271 qui
1643 3215 1725 3258 est
1744 3207 1903 3259 bene-

378 3288 551 3339 dictus
586 3287 641 3340 in
670 3289 883 3343 srrcula.
920 3290 1122 3353 Quibus
1155 3306 1281 3344 sane
1309 3306 1371 3344 ex
1393 3295 1570 3347 causis
1602 3295 1775 3347 anima
1805 3296 1904 3347 btt-

382 3391 538 3427 mana
575 3376 702 3427 tanti
727 3375 882 3442 hujus
905 3378 1235 3433 discriminis
1262 3390 1365 3433 tam
1404 3383 1688 3451 ancipitem
1721 3384 1907 3436 subeat

382 3472 600 3525 statum,
640 3480 739 3517 non
785 3476 863 3519 est
907 3469 1189 3533 prtesenlis
1228 3470 1326 3522 loci
1377 3472 1663 3525 discutere.
1713 3472 1904 3524 Eorum

381 3567 506 3617 ergo
532 3561 614 3602 est
650 3555 984 3607 contumeliis
1018 3555 1225 3610 allicere
1256 3572 1482 3625 corpora
1520 3575 1636 3623 sua,
1679 3563 1767 3626 qui
1816 3562 1907 3613 de-

380 3641 614 3694 serviunt
636 3641 964 3695 simulacris:
985 3654 1037 3698 et
1064 3660 1250 3699 eorum
1278 3656 1358 3700 est
1378 3648 1552 3702 colere
1577 3660 1903 3714 creaturam,

381 3730 469 3797 qui
504 3731 810 3800 reliquerint
846 3735 1175 3790 Creatorem.
1226 3735 1333 3789 Nos
1366 3749 1541 3791 autem
1582 3739 1669 3805 qui
1708 3740 1905 3794 nullam

383 3830 704 3883 creaturam,
728 3824 819 3876 sed
850 3823 1079 3887 Patrem_
1105 3833 1160 3877 et
1184 3824 1397 3889 Filium,
1423 3836 1476 3879 et
1500 3826 1753 3895 Spiritum
1791 3846 1908 3883 san-

384 3923 525 3963 ctum
556 3911 776 3965 colimus
820 3922 874 3965 et
910 3913 1213 3976 adoramus,
1257 3914 1394 3968 sicut
1433 3932 1537 3970 non
1564 3933 1803 3972 erramus
1853 3921 1903 3973 in

381 4000 551 4065 cultu,
590 4002 661 4055 ita
703 4016 800 4055 nec
829 4001 883 4054 in
921 4004 1126 4056 actibus
1157 4003 1369 4072 quidem
1411 4014 1466 4058 et
1503 4008 1908 4061 conversatione

385 4103 689 4157 peccemus;
720 4106 887 4158 neque
918 4092 1188 4145 imitemur
1209 4108 1302 4146 eos
1319 4094 1408 4161 qui
1435 4095 1772 4149 contumeliis
1796 4095 1907 4149 alli-

385 4181 531 4233 ciunt
569 4195 789 4247 corpora
828 4196 920 4234 sua
978 4182 1029 4233 in
1077 4184 1380 4252 semetipsis
1411 4200 1425 4236 :
1456 4185 1550 4238 sed
1588 4187 1906 4253 aSpicientes

383 4268 521 4333 quod
549 4266 676 4319 dicit
720 4255 999 4336 Apostolus
1025 4268 1110 4321 “:
1146 4268 1229 4322 An
1265 4272 1473 4324 nescitis
1526 4273 1651 4340 quia
1684 4290 1902 4339 corpora
1933 4274 1978 4332 D

383 4366 548 4408 vestra
584 4359 807 4409 membra
838 4356 1028 4410 Christi
1071 4362 1226 4414 sunt!
1257 4369 1313 4413 et
1354 4362 1584 4415 iterum:
1624 4362 1760 4428 Quia
1790 4382 1905 4419 cor-

383 4459 476 4511 pus
498 4454 718 4497 vestrum
743 4446 1082 4512 templumest
1110 4446 1331 4514 Spiritus
1355 4453 1521 4504 sancti
1544 4467 1563 4503 :
1590 4463 1646 4505 ut
1665 4455 1905 4515 membra

384 4533 603 4596 Christi,
626 4544 678 4587 et
704 4536 953 4603 templum
980 4538 1209 4605 Spiritus
1230 4542 1403 4595 sancti
1423 4580 1438 4605 ,
1469 4557 1692 4611 corpora
1723 4553 1900 4599 nostra

490 4643 533 4673 “
552 4643 703 4695 Rom.
724 4660 761 4703 ι.
792 4642 979 4696 2134.

387 4728 425 4775 ι,
446 4711 506 4764 il
533 4726 649 4780 seq.
724 4713 769 4742 ⁷⁵
795 4714 922 4766 ibid.
953 4713 1021 4765 25
1050 4730 1162 4784 seq.

457 4826 531 4901 (1)
562 4825 692 4901 Mss.
722 4828 934 4901 quidam
984 4839 1035 4901 et
1068 4830 1331 4897 Rabanus,
1359 4842 1407 4886 et
1436 4833 1719 4886 concedunt
1764 4852 1897 4901 eam,

386 4895 746 4975 relltra‘dunt,
791 4896 862 4947 al.
928 4897 1154 4962 trahunt,
1215 4895 1326 4955 etc.
1366 4902 1555 4955 Crateri
1605 4916 1732 4957 mss.
1774 4895 1903 4959 editi

388 4971 531 5015 recte
550 4972 607 5015 ut
637 4971 687 5016 in
721 4974 886 5016 textu.

455 5030 658 5150 5321511;
662 5046 795 5150 :pss.
814 5041 867 5085 et
892 5031 1161 5089 Rabanus.
1192 5036 1332 5091 Editi
1358 5052 1507 5104 vero,
1529 5037 1666 5092 alius
1693 5039 1904 5107 spiritus

387 5110 704 5164 repudiatus.

456 5165 661 5244 (slgsie
686 5182 814 5222 mss.
837 5172 1007 5244 nostri
1035 5182 1087 5225 et
1117 5172 1385 5244 Babanus.
1426 5176 1565 5232 Editi
1591 5189 1737 5235 vero,
1766 5190 1904 5242 prte-

388 5238 577 5307 posuit,
602 5238 703 5287 ista
731 5252 855 5307 cum
884 5238 1232 5307 indignatione
1282 5248 1497 5307 recedet,
1527 5257 1575 5299 et
1623 5238 1904 5297 membrum

390 5299 945 5383 Elt'jﬂi.,el,§em:»!una
985 5299 1405 5383 Spiritus_sancti
1432 5299 1740 5383 relinquens,
1785 5328 1898 5383 eam

391 5368 936 5448 ingenuei-iiucordis
963 5368 1041 5426 sui
1073 5378 1347 5444 permittet,
1378 5393 1456 5448 ut,
1487 5368 1737 5446 etc:,nisi
1760 5379 1897 5447 quod

394 5430 628 5496 plerique
660 5437 905 5488 emittant
933 5450 1000 5493 et.

462 5496 537 5564 (4)
572 5500 644 5550 lta
691 5502 817 5553 editi
868 5515 922 5558 et
973 5526 1097 5564 mss.
1136 5511 1355 5582 aliquot.
1391 5517 1484 5572 Ms.
1529 5533 1655 5573 vero
1704 5516 1897 5584 Regius

1066 4646 1109 4677 “
1137 4645 1157 4698 l
1183 4647 1306 4704 Cor.
1326 4665 1400 4714 vr,
1436 4650 1621 4706 15-19.
1694 4656 1739 4686 “
1764 4655 1916 4714 Joan.
1943 4678 2052 4727 xw,
2076 4664 2167 4718 25.

2001 1770 2137 1832 litin,
2167 1769 2535 1837 fornicatione,
2574 1773 2838 1840 nequitia,
2871 1771 3138 1826 avaritia
3163 1787 3188 1835 ;
3211 1769 3431 1840 plenos
3458 1768 3695 1829 invidia,

2002 1861 2311 1925 homicidiis,
2335 1863 2689 1925 contentione,
2725 1862 2879 1924 dolo,
2912 1865 3316 1932 malignitate
3355 1878 3379 1926 ;
3427 1876 3698 1914 susurra-

2003 1962 2159 2012 tores,
2185 1950 2573 2012 obtrectatores,
2608 1952 2719 2005 Deo
2750 1952 3019 2016 odibiles,
3059 1951 3576 2017 contumeliosos,
3606 1968 3696 2004 su-

2002 2042 2202 2108 perbos,
2226 2040 2406 2102 elatos,
2440 2043 2736 2095 inventores
2770 2041 3104 2105 malorum,
3170 2045 3539 2110 parentibus
3589 2060 3695 2097 non

2004 2129 2311 2189 obedientes,
2347 2130 2671 2207 insipientes,
2701 2132 3123 2200 incompositos
3144 2149 3168 2197 ,'
3189 2134 3334 2188 sine
3365 2135 3690 2203 aﬂ'ectioae,

2005 2221 2196 2286 absque
2223 2220 2436 2286 foedere,
2470 2223 2584 2274 sine
2606 2223 3031 2277 misericordia.
3075 2226 3206 2289 Qui
3240 2243 3383 2279 cum
3406 2226 3688 2296 justitiam

2006 2309 2100 2363 Dei
2132 2313 2511 2379 cognovissent,
2541 2329 2645 2365 non
2670 2315 3095 2370 intellexerunt
3134 2318 3440 2386 quoniam
3467 2320 3566 2389 qui
3604 2329 3688 2372 ta-

2005 2399 2076 2452 lia
2105 2411 2287 2467 agunt,
2321 2401 2468 2468 digni
2504 2413 2624 2453 sunt
2657 2416 2868 2466 morte;
2907 2422 3033 2459 non
3077 2408 3291 2460 solum
3336 2410 3447 2478 qui
3485 2409 3690 2476 faciunt

2004 2490 2119 2551 illa,
2144 2492 2231 2542 sed
2259 2502 2305 2542 et
2335 2492 2424 2559 qui
2461 2503 2801 2545 consentiunt
2837 2494 3218 2561 facientibus
3249 2500 3333 2556 ⁶”¹.
3390 2499 3688 2568 Propterea

2003 2580 2369 2632 inexcusabilis
2411 2595 2486 2645 es,
2522 2596 2552 2633 υ
2583 2583 2740 2634 homo
2778 2586 2968 2639 omnis
3005 2588 3119 2654 qui
3148 2588 3406 2656 judicas
3431 2605 3456 2644 :
3495 2592 3554 2644 in
3578 2607 3685 2659 quo

2003 2674 2137 2725 enim
2153 2671 2313 2723 alium
2332 2671 2567 2736 judicas,
2599 2673 2825 2738 teipsum
2851 2676 3263 2733 condemnas.
3297 2678 3525 2734 Eadem
3552 2681 3683 2734 enim

2004 2764 2136 2830 agis,
2165 2778 2279 2826 qua:
2296 2762 2512 2831 judicas
2537 2763 2603 2816 ⁸⁸.
2636 2762 2829 2817 Tertio
2868 2766 3240 2824 invenimus
3286 2771 3381 2840 (6)
3416 2773 3494 2826 ab
3541 2774 3682 2842 Apo-

2005 2851 2140 2904 stolo
2168 2853 2437 2918 positum:
2474 2850 2720 2905 Tradidit
2761 2853 2894 2907 illos
2928 2854 3132 2912 Deus.
3184 2858 3267 2913 Et
3314 2863 3528 2928 prima:
3557 2862 3678 2932 qui-

1929 2972 1972 3028 ο
2006 2939 2124 2992 dem
2153 2940 2461 2994 traditionis
2493 2956 2687 2994 causas
2714 2943 2973 3006 dedit“,
3027 2946 3201 3011 Quia
3235 2966 3377 3003 cum
3403 2955 3680 3021 cognoris-

2003 3038 2113 3081 sent
2145 3027 2331 3089 Deum,
2352 3045 2453 3080 non
2483 3031 2613 3082 sicut
2637 3030 2803 3084 Deum
2831 3038 3427 3104 magniﬁcaverunt,
3460 3053 3553 3095 aut
3569 3059 3680 3111 gra-

2004 3119 2103 3169 tias
2132 3128 2340 3184 egerunt
2361 3134 2380 3181 ;
2410 3118 2500 3170 sed
2516 3130 2843 3173 evanuerunt
2866 3124 2924 3175 in
2960 3129 3448 3194 cogitationibus
3470 3133 3604 3193 suis,
3631 3142 3677 3184 et

2002 3208 2421 3260 contenebratum
2442 3217 2518 3260 est
2537 3209 2794 3270 insipiens
2816 3227 2922 3264 cor
2952 3230 3203 3274 eorum.
3226 3218 3506 3273 Dicentes
3543 3222 3678 3273 enim

2002 3313 2055 3349 se
2074 3313 2180 3348 esse
2197 3299 2636 3364 sapientes,stulti
2652 3300 2786 3365 [acti
2808 3311 2973 3367 sunt,
2995 3318 3055 3356 et
3074 3308 3546 3365 immutaverit!"
3565 3311 3676 3380 glo-

2005 3388 2139 3438 riam
2181 3388 2596 3455 incorruptibilis
2634 3390 2733 3443 Dei
2775 3391 2836 3444 in
2882 3395 3377 3454 similitudinem
3431 3402 3677 3471 imaginis

2009 3476 2361 3542 corruptibilis
2392 3479 2641 3542 hominis,
2667 3488 2719 3532 et
2744 3480 3089 3551 volucrum,
3136 3499 3197 3542 et
3222 3492 3672 3560 quadrupedum,

2005 3576 2049 3617 et
2078 3567 2410 3632 serpentium.
2442 3566 2754 3633 Pmpterea,
2792 3573 3021 3642 inquit,
3080 3582 3349 3636 tradidit
3395 3600 3492 3637 eos
3543 3582 3674 3636 Deus

2005 3655 2059 3707 in
2086 3655 2358 3708 desideriis
2392 3658 2564 3709 cordis
2588 3674 2773 3713 eorum
2812 3663 2872 3715 in
2907 3665 3382 3725 immunditiam
3405 3713 3424 3737 ,
3462 3686 3520 3727 ut
3555 3690 3674 3726 coa-

2007 3744 2231 3796 tumeliis
2255 3747 2481 3813 aﬁiciant
2513 3764 2737 3816 corpora
2760 3769 2865 3806 sua
2891 3756 2959 3808 in
2997 3764 3373 3832 semetipsis.
3410 3764 3674 3820 Secunda

2008 3833 2308 3888 traditionis
2344 3851 2565 3890 causam
2613 3840 2835 3895 videtur
2858 3851 3259 3913 praemittere
3291 3872 3432 3911 cum
3462 3834 3674 3922 dicit",

2006 3928 2126 3992 quia
2158 3940 2598 3982 commutaverunt
2623 3932 2911 3988 veritatem
2956 3938 3074 3994 Dei
3108 3946 3174 3998 in
3213 3953 3601 4013 mendacium.
3628 3960 3673 4002 et

2007 4016 2293 4098 coluerunt.
2333 4029 2381 4070 et
2420 4021 2706 4073 servierunt
2735 4036 3028 4084 creatura:
3075 4039 3283 4101 potius
3310 4057 3487 4110 quam
3512 4040 3672 4097 Crea-

2008 4106 2128 4157 tori.
2159 4104 2459 4173 Propterea,
2486 4111 2585 4174 ait,
2632 4112 2858 4167 tradidit
2893 4117 3038 4174 illos
3079 4124 3242 4180 Deus
3302 4104 3368 4183 in
3401 4133 3673 4199 passiones

2007 4196 2324 4264 ignominiae.
2372 4198 2505 4262 Quae
2556 4211 2738 4259 tamen
2787 4213 3063 4267 secunda
3128 4196 3412 4276 traditio
3450 4224 3669 4292 gravio-

2005 4285 2157 4380 r-ilnI-s
2202 4285 2410 4353 ﬂagitiis
2466 4289 2679 4343 videtur
2727 4294 3014 4354 obnoxia.
3089 4303 3344 4363 Etenim
3412 4285 3670 4380 (caninas.

2004 4370 2162 4441 475
2199 4374 2388 4440 inquit,
2426 4390 2607 4429 eorum
2627 4379 3075 4445 immutaverunt
3125 4370 3467 4455 naturale-nr
3496 4370 3671 4465 usum,

2004 4468 2059 4513 in
2121 4477 2235 4514 eum
2292 4479 2442 4516 usum
2499 4468 2589 4532 qui
2636 4480 2791 4523 extra
2847 4488 3137 4537 naturam
3198 4499 3320 4543 est.

2005 4562 2050 4603 et
2083 4553 2323 4612 masculi,
2356 4554 2536 4608 relicto
2574 4561 2816 4615 naturali
2841 4581 2954 4620 usu
2983 4571 3261 4642 femine,

2241 4663 2285 4695 ⁸⁷
2307 4664 2465 4722 Boni.
2501 4683 2539 4732 I,
2569 4670 2641 4723 26
2673 4687 2795 4742 seq.

3404 4492 3672 4547 Similiter

3297 4584 3528 4636 accensi
3545 4593 3667 4638 sunt

2879 4679 2931 4711 ⁸⁸
2948 4681 3140 4739 Rom.
3171 4703 3244 4754 ll,
3270 4692 3337 4748 1.
3422 4695 3474 4726 ⁸⁸
3504 4695 3663 4751 Rom.

2006 4843 2337 4933 5199:1193
2359 4846 2722 4933 etIRabanus,
2750 4862 3053 4919 veritatem
3091 4869 3200 4925 Dei
3248 4877 3583 4933 mendacio.
3618 4887 3665 4932 et

2007 4912 2891 5017 1.1!:"123321‘113.‘Ittt’ff‘etim
2906 4942 2988 5017 st.
3006 4937 3295 5017 ίηιίάειίίςι
3314 4912 3671 5017 iam“):

2162 4981 2693 5084 “tesseras:
2702 4981 3664 5084 '35s.“95333713333533”;

2011 5045 2479 5141 ἔςξὲηξνειῇξιεφ
2519 5045 3053 5141 Dei

2008 5129 2063 5219 ise
2079 5127 2623 5219 ltgtprt‘e‘tgﬁisuchorum
2656 5140 2706 5181 et
2739 5127 3144 5219 infelicitatis,

2007 5202 2017 5233 t
2079 5183 2328 5253 (5)'Editi
2362 5203 2419 5246 et
2449 5212 2550 5252 ms.
2585 5213 2728 5256 unus
2770 5183 3658 5293 1.·ιέἓίΐιῗέὲιῖιῖἑῖἶίίιῗῖιῖιιιιῖιι.

2008 5263 2290 5293 e-nnlpnnc
2334 5259 2561 5293 unt-..“
3042 5287 3054 5293 -
3284 5292 3287 5293 ,

2008 5263 2291 5350 Egypt-estus
2334 5259 2565 5336 Vulgata
2600 5275 2884 5345 utuntur;
2951 5259 3061 5341 sed
3491 5259 3653 5349 lilli

2011 5330 2174 5373 textu.
2447 5318 2565 5336 ""—
2606 5318 2832 5328 ”“““’“’
2866 5318 2884 5345 ⁹

2008 5388 2525 5514 οέῗέιηβῖρὲεξτὶῗὲᾓ
2557 5410 3039 5514 Ἲὶῗῖείέῗὲξέῐῖνεν
3093 5441 3155 5514 ει
3205 5431 3390 5490 editio
3421 5428 3669 5487 Vm“-

2236 5478 2366 5525 vcro
2389 5478 2554 5547 editi,
2581 5478 2677 5534 Ter
2700 5478 3056 5566 invenimus,
3089 5478 3210 5562 éic.
