3836 6222
263 242 367 298 869

1209 246 1555 304 COMMENT.
1594 243 1657 318 IN
1698 238 1907 297 EPIST.
1947 239 2034 291 AD
2074 237 2235 293 ROM.
2276 238 2402 292 LIB.
2443 239 2484 291 Ι.

3340 235 3439 290 870

275 360 345 412 'n’
374 356 692 412 desiderium
732 364 816 416 sui
853 366 907 418 in
943 366 1176 425 invicem,
1214 363 1428 415 masculi
1473 365 1526 414 in
1561 358 1813 413 masculos
1843 359 1888 414 Α
1915 363 2018 408 tem
2045 352 2289 408 sullicere
2312 368 2373 408 ea
2398 366 2516 421 quas
2548 351 2615 406 de
2641 349 2944 405 traditionis
2972 350 3149 417 specie
3173 363 3332 420 supra
3361 352 3444 406 di-

274 449 648 517 turpitudinem
681 466 974 519 operantes,
997 464 1044 507 et
1074 454 1374 516 mercedem,
1393 468 1547 511 quam
1571 450 1813 516 oportuit,

270 546 471 601 erroris
494 545 576 599 sui
611 545 668 599 in
697 549 986 614 semetipsis
1017 548 1332 613 recipientes.
1382 545 1579 597 Tertiae
1607 557 1815 610 quoque

273 637 593 691 traditionis
647 651 842 691 causas
872 640 1088 692 videtur
1134 638 1260 689 dare
1305 650 1424 690 cum
1466 634 1593 688 dicit
1627 635 1668 664 ⁷⁸
1705 631 1814 685 :Et

267 726 410 779 sicut
433 743 536 779 non
560 725 902 793 probaverunt
918 728 1085 780 Deum
1116 727 1299 779 habere
1326 725 1381 777 in
1413 724 1675 786 notitiam,
1707 733 1816 775 tra-

265 815 413 870 didit
445 818 566 870 illos
611 817 749 870 Deus
786 821 841 872 in
872 820 1141 885 reprobum
1188 832 1414 877 sensum,
1441 824 1497 867 ut
1526 815 1723 882 faciunt
1754 830 1813 865 ea

264 921 394 971 quae
423 922 527 957 non
558 908 886 970 conveniunt,
919 908 1133 973 repletos
1172 905 1309 958 omni
1339 904 1630 972 iniquitate,
1663 902 1816 955 mali-

264 995 374 1055 tia,
404 996 727 1062 caeterisque
759 994 1072 1054 sceleribus,
1103 1008 1222 1061 quae
1267 1002 1653 1060 consequenter
1683 1008 1816 1045 enu-

265 1093 473 1134 merat.
531 1083 727 1135 Verqu
789 1084 1156 1137 distinctiones
1209 1084 1326 1136 istae
1380 1098 1661 1136 causarum
1710 1098 1812 1134 non

264 1171 409 1223 mihi
452 1171 703 1224 videntur
730 1173 859 1224 satis
888 1187 1180 1239 congruere
1210 1172 1277 1225 ad
1309 1187 1394 1237 ea,
1428 1187 1542 1238 qua:
1590 1171 1814 1240 singulis

260 1262 584 1329 quibusque
627 1264 862 1329 subjecta
915 1264 988 1331 (7)
1047 1271 1207 1326 sunt,
1255 1263 1498 1317 crimina.
1544 1261 1816 1327 Quomodo

261 1352 422 1403 enim
458 1351 786 1418 turpioribus
828 1351 1043 1421 ﬂagitiis
1073 1353 1302 1405 traditur
1335 1353 1379 1406 is
1426 1352 1514 1421 qui
1560 1362 1816 1406 creatura:

261 1442 468 1505 servit,
483 1443 653 1511 magis
668 1457 824 1510 quam
844 1442 928 1494 ille
940 1443 1028 1510 qui
1047 1442 1264 1511 gloriam
1286 1440 1702 1509 incorruptibilis
1724 1441 1814 1493 Dei

1913 451 1996 496 cta
2017 450 2161 507 sunt,
2189 441 2453 508 quomodo
2477 438 2614 493 Deus
2631 440 2837 493 tradere
2861 438 3055 492 dicitur
3079 453 3190 502 eos,
3213 454 3438 507 quorum

1914 541 2061 585 actus
2094 539 2148 584 et
2168 531 2401 583 animum
2448 544 2478 582 a
2517 543 2573 584 se
2603 529 2959 582 declinantem
2997 537 3052 583 et
3086 529 3439 597 indulgentem

1916 623 2055 676 vitiis
2085 620 2413 675 abhorrescit
2455 626 2508 671 et
2547 619 2768 680 deserit,
2799 626 2853 671 et
2871 622 3060 673 eadem
3088 629 3326 687 repetere
3355 636 3443 673 su-

1914 713 2167 782 perﬂuum
2196 720 2342 779 puto.
2375 707 2488 762 Duo
2521 718 2644 762 sunt
2675 724 2802 762 sane
2831 724 2948 777 quas
2989 708 3042 761 in
3077 711 3176 764 hoc
3210 718 3328 763 loco
3359 711 3442 762 in-

1915 806 2079 859 dicari
2130 817 2275 864 reor,
2306 815 2531 869 quorum
2558 800 2785 853 alterum
2817 801 3085 869 designari
3122 802 3331 855 videtur
3374 818 3440 857 ex

1916 894 2103 948 altero.
2155 892 2370 944 Certum
2420 902 2651 955 namque
2696 897 2817 950 est,
2852 890 2990 954 quod
3037 889 3082 944 si
3122 905 3439 956 quemquam

1916 981 2196 1037 tradiderit
2220 979 2330 1049 (10)
2360 977 2501 1031 Deus
2524 975 2605 1029 vel
2634 977 2685 1030 in
2719 978 2981 1032 desideria
3025 980 3201 1033 cordis
3233 981 3333 1042 sui,
3358 977 3442 1034 vel

1916 1074 1969 1126 in
1995 1068 2266 1139 passiones
2311 1065 2632 1141 ignominiae,
2672 1065 2754 1119 vel
2786 1067 2836 1117 in
2885 1067 3166 1133 reprobum
3196 1081 3435 1132 sensum,

1915 1161 2166 1216 continuo
2222 1168 2472 1224 tanquam
2520 1157 2571 1209 in
2628 1165 2770 1209 terra
2818 1156 3048 1223 pessima
3079 1164 3130 1208 et
3178 1159 3444 1222 reprobo,

1914 1250 2089 1304 omnis
2122 1247 2209 1300 illa
2243 1247 2294 1300 in
2326 1260 2388 1300 eo
2424 1246 2509 1313 qui
2545 1244 2795 1307 traditur,
2828 1257 2981 1312 seges
3004 1245 3287 1297 criminum
3333 1262 3443 1300 sur-

1915 1349 2023 1410 gat.
2054 1339 2118 1392 Et
2161 1352 2369 1391 rursum
2392 1338 2434 1389 si
2464 1336 2606 1404 quis,
2646 1350 2763 1388 cum
2795 1334 3100 1402 cognoverit
3126 1334 3309 1396 Deum,
3341 1352 3444 1391 non

1915 1429 2048 1483 sicut
2072 1425 2234 1479 Deum
2264 1424 2581 1492 magniﬁcet,
2603 1431 2689 1475 aut
2716 1423 2918 1491 gratias
2942 1430 3080 1489 agat,
3109 1423 3199 1476 sed
3223 1426 3292 1476 sit
3325 1424 3444 1479 talis

262 1533 326 1584 in
369 1530 776 1584 similitudinem
814 1530 1058 1596 imaginis
1083 1530 1441 1596 corruptibilis
1469 1530 1732 1609 hominis,
1761 1538 1814 1582 et
1844 1535 1885 1588 B
1912 1516 2125 1586 qualem
2176 1529 2268 1583 per
2294 1513 2498 1609 singula
2532 1511 2869 1609 .aposlolif‘vs
2905 1524 3080 1609 serum
3124 1511 3443 1609 descripsit.

260 1620 584 1684 volucrum,
612 1629 666 1673 et
691 1619 1114 1688 quadrupedum,
1166 1627 1220 1673 et
1259 1619 1586 1687 serpentium
1636 1628 1809 1671 muta-

262 1712 354 1762 vit
377 1710 402 1762 ἲ
433 1710 540 1762 Aut
566 1708 832 1777 quomodo
854 1724 1015 1775 supra
1041 1718 1325 1776 utrumque
1352 1708 1542 1761 borum
1575 1708 1716 1760 velut
1737 1706 1812 1777 (8)

261 1798 519 1851 examini
573 1799 781 1851 cuidam
824 1799 1104 1851 traduntur
1152 1798 1408 1852 malorum
1462 1799 1517 1853 hi
1568 1799 1656 1866 qui
1711 1813 1813 1850 non

263 1888 645 1954 probaverunt
678 1887 840 1939 Deum
872 1887 1069 1940 habere
1112 1887 1165 1941 in
1197 1889 1481 1943 notitiam?
1517 1887 1666 1943 Unde
1699 1902 1815 1941 ma-

263 1978 360 2047 gis
392 1979 523 2030 milii
559 1978 810 2032 videntur
834 1995 1018 2033 omnes
1056 1979 1136 2032 ha:
1172 1994 1367 2041 causae,
1404 1994 1523 2047 qua:
1567 1980 1814 2033 traditio-

264 2068 438 2121 nibus
461 2068 691 2137 singulis
720 2068 1099 2136 prml‘eruntur,
1137 2069 1188 2121 in
1223 2084 1383 2122 unum
1415 2071 1813 2131 coacervauda’,

266 2167 329 2212 et
387 2173 575 2211 rursus
600 2159 968 2212 straditionum
1013 2159 1215 2227 species
1242 2159 1293 2210 in
1328 2175 1514 2225 unum,
1560 2170 1617 2213 ut
1646 2161 1812 2229 (verbi

268 2254 466 2312 causa)
492 2247 563 2298 ita
596 2244 838 2298 dicamus
872 2261 887 2299 :
922 2245 1177 2310 Quoniam
1200 2247 1412 2314 quidem
1442 2247 1681 2301 homines
1701 2264 1817 2300 mu-

270 2338 531 2388 taverunt
562 2333 784 2401 gloriam
834 2332 1255 2399 incorruptibilis
1280 2334 1370 2386 Dei
1411 2334 1462 2386 in
1512 2335 1816 2387 similitudi-

270 2437 400 2476 nem
432 2422 688 2491 imaginis
736 2419 1098 2489 corruptibilis
1128 2422 1379 2485 hominis,
1412 2431 1465 2474 et
1495 2422 1770 2475 volucrum
1796 2460 1813 2486 ,

274 2522 341 2576 et,
384 2513 814 2581 quadrupedum,
847 2521 900 2564 et
950 2511 1272 2577 serpentium
1301 2527 1316 2574 ;
1351 2521 1403 2564 et
1430 2512 1553 2579 quia
1580 2527 1833 2585 commit:

276 2611 533 2656 taverunt
577 2602 865 2655 veritatem
903 2601 997 2653 Dei
1045 2600 1096 2652 in
1128 2601 1497 2664 mendacium,
1529 2610 1585 2654 et
1632 2602 1815 2656 colue-

274 2698 426 2759 runt,
467 2696 523 2742 et
545 2687 846 2741 servierunt
878 2696 1137 2739 creatura:
1164 2687 1336 2754 potius
1364 2704 1522 2756 quam
1551 2689 1811 2753 Creatori,

274 2791 378 2831 nec
407 2777 774 2844 probaverunt
824 2776 986 2828 Deum
1030 2773 1230 2828 habere
1275 2775 1328 2829 in
1377 2778 1616 2830 notitiam
1649 2794 1663 2830 :
1695 2793 1814 2845 pro-

274 2839 537 2935 pter-liam
557 2866 736 2919 omnia
772 2864 990 2916 tradidit
1020 2879 1111 2918 eos
1141 2864 1279 2919 Deus
1309 2866 1359 2919 in
1383 2866 1660 2920 desideriis
1688 2839 1809 2921 cor-
1839 2839 1873 2896 ί

274 2955 361 3008 dis
383 2970 570 3008 eorum
606 2955 660 3007 in
686 2953 1101 3017 immunditiam,
1131 2963 1191 3008 ut
1227 2956 1560 3010 contumeliis
1579 2956 1810 3010 alliciant

273 3059 504 3112 corpora
539 3059 671 3107 sua;
722 3051 773 3096 et
804 3042 1025 3095 tradidit
1052 3056 1143 3097 eos
1176 3043 1229 3095 in
1274 3045 1549 3111 passiones
1580 3046 1808 3114 ignomi—

270 3138 401 3197 nis,
426 3144 484 3187 ut
509 3133 724 3187 feminae
745 3146 927 3184 eorum
952 3131 1293 3187 immutarem
1313 3135 1606 3187 naturalem
1635 3150 1807 3198 usum,

274 3226 328 3277 in
359 3239 480 3278 eum
512 3224 603 3291 qui
640 3231 792 3275 extra
830 3234 1076 3277 naturam
1103 3233 1209 3277 est.
1240 3223 1498 3277 Similiter
1521 3239 1728 3292 quoque
1758 3234 1811 3278 et

271 3312 494 3367 masculi
524 3312 625 3381 (9),
652 3311 840 3365 relicto
862 3312 1093 3364 naturali
1129 3328 1225 3366 usu
1269 3312 1499 3376 feininaz,
1527 3314 1813 3365 accenden-

272 3415 363 3456 tur
393 3403 447 3454 in
478 3401 805 3455 desiderium
841 3401 925 3454 sui
973 3401 1221 3466 invicem,
1261 3404 1486 3457 masculi
1519 3404 1571 3455 in
1605 3418 1811 3456 mascu-

273 3492 358 3546 los
407 3492 793 3559 turpitudinem
841 3500 1144 3558 operantes.
1197 3495 1299 3546 Sed
1347 3503 1396 3547 et
1453 3494 1671 3548 tradidit
1717 3508 1810 3547 eos

268 3581 418 3636 Deus
451 3584 505 3635 in
539 3584 827 3652 reprobum
858 3600 1092 3651 sensum,
1124 3595 1183 3639 ut
1227 3585 1422 3640 faciant
1453 3602 1513 3641 ea
1558 3602 1675 3654 quin
1704 3603 1807 3640 non

271 3672 625 3737 cciiveniunt,
652 3674 777 3741 quia
808 3683 962 3727 erant
984 3675 1170 3743 repleti
1200 3674 1342 3728 omni
1379 3675 1676 3741 iniquitate,
1699 3689 1809 3726 ma-

270 3760 414 3824 litia,
440 3762 789 3829 nequitiaque
818 3772 871 3816 et
904 3764 1148 3825 avaritia,
1183 3763 1432 3831 plenique
1467 3773 1622 3817 erant
1668 3765 1809 3817 invi-

272 3851 383 3914 dia,
411 3849 745 3915 lumicidiis,
791 3851 1155 3915 contentione,
1184 3852 1326 3915 dolo,
1356 3859 1411 3905 et
1439 3853 1667 3916 caeteris,
1690 3869 1808 3922 quae

270 3940 477 4007 scripta
533 3948 695 4003 sunt,
748 3940 899 3992 malis
946 3956 959 3991 :
1003 3943 1200 4008 quique
1244 3955 1363 3993 cum
1431 3943 1807 4007 cognovissent

264 4029 536 4097 justitiam
576 4026 690 4090 Dei,
723 4042 825 4081 non
864 4028 1236 4081 intellexerunt
1268 4029 1405 4083 hanc
1450 4045 1588 4094 esse,
1625 4040 1685 4083 ut
1712 4032 1805 4100 qui

272 4118 402 4171 talia
434 4128 598 4181 agunt
625 4117 767 4184 digni
798 4118 908 4169 sint
931 4126 1120 4182 morte,
1152 4131 1254 4171 non
1283 4117 1451 4171 solum
1481 4121 1569 4186 qui
1600 4120 1805 4174 faciunt

268 4206 384 4271 illa,
424 4212 521 4260 sed
552 4215 604 4260 et
635 4206 723 4274 qui
756 4209 1089 4260 consentiunt
1118 4207 1456 4262 facientibus.
1482 4210 1545 4263 Et
1574 4211 1693 4264 ideo
1710 4226 1807 4278 pro

266 4296 358 4351 his
385 4296 640 4348 omnibus
672 4294 824 4347 malis
866 4296 1255 4349 inexcusabiles
1287 4308 1445 4350 erunt
1473 4338 1487 4361 ,
1518 4299 1639 4350 dum
1673 4298 1807 4353 alios

268 4386 322 4439 in
364 4386 451 4439 his
479 4423 494 4444 ,
526 4397 644 4451 qua:
675 4383 771 4449 ipsi
802 4391 1004 4451 agunt,
1034 4382 1323 4437 sceleribus
1363 4392 1418 4438 et
1442 4384 1703 4451 iudicant,
1752 4393 1807 4439 et

268 4475 657 4529 condemnant.
691 4471 762 4525 De
799 4486 857 4525 se
896 4471 1039 4524 enim
1072 4473 1379 4539 pronuntiat
1422 4474 1563 4542 quis,
1589 4488 1706 4527 cum
1742 4474 1807 4528 de

268 4566 356 4619 bis
385 4579 508 4632 quae
539 4563 655 4628 ipse
679 4560 986 4623 committit,
1019 4558 1180 4612 alium
1208 4559 1376 4627 punit.
1417 4559 1665 4614 Arbitror
1697 4574 1801 4613 au-

337 4682 383 4715 "
414 4678 578 4753 R‘om.
606 4690 645 4738 ι,
674 4673 767 4735 28,
801 4687 912 4741 seq.

365 4773 417 4839 Ἰ)
446 4746 742 4839 ξςᾳῌεσςςιτ-
764 4764 921 4839 Editi,
955 4746 1177 4829 objecta:

362 4833 417 4900 Si
449 4833 620 4891 Velut.
650 4834 809 4895 Eii-ili,
840 4833 935 4900 uel.

441 4905 581 4979 [51'in
615 4912 669 4954 et
697 4891 830 4979 mss.
857 4891 1396 4979 .pleriqtte,_‘similite_r
1423 4903 1590 4979 autem
1616 4905 1663 4976 et
1689 4913 1801 4977 ma-

264 4964 423 5033 uriti’.
460 4972 566 5026 Sed
612 4983 660 5023 et
687 4967 909 5020 tradidit
951 4965 1069 5018 illos
1111 4964 1283 5024 Deus,
1315 4971 1461 5033 etc.._
1481 4964 1689 5017 omissis
1718 4966 1801 5017 in-

267 5028 575 5101 iermediis,
607 5051 725 5106 quae
771 5034 1126 5088 restituuntur
1172 5047 1236 5086 ex
1287 5043 1387 5082 ms.
1427 5028 1615 5096 Regio,
1652 5048 1798 5086 num.

269 5113 452 5257 “(3?
484 5175 560 5229 Ita
599 5187 702 5257 ms.
719 5170 925 5257 Degius
948 5182 1103 5257 tium;
1127 5163 1642 5257 16§%;:Céentenrirvero
1668 5180 1798 5257 mss;

269 5230 448 5301 nostri
468 5284 485 5309 ,
518 5251 573 5295 et
605 5241 778 5309 editio,
802 5230 997 5309 Veneta
1029 5230 1630 5309 Theopliili_Sa|0tliaiii,
1659 5234 1799 5298 quod

268 5297 569 5382 siquidem
609 5306 903 5366 tradiderit,
935 5314 1040 5355 etc.
1070 5297 1187 5354 Alii
1215 5297 1363 5375 editi,
1411 5299 1546 5364 quod
1580 5298 1624 5351 si
1650 5297 1801 5382 quem

271 5381 571 5418 "natanti
606 5386 688 5418 etp.
742 5374 903 5418 Paulo
946 5378 1064 5418 nost
1093 5383 1192 5418 ms.
1229 5365 1425 5418 Regius
1459 5380 1601 5418 num.
1636 5367 1796 5418 ib“.

270 5374 575 5440 tradiderit,
606 5386 708 5431 etc.
738 5374 903 5427 Paulo
946 5378 1064 5435 post
1093 5383 1192 5420 ms.
1232 5374 1425 5433 Regius
1459 5380 1601 5418 num.
1636 5374 1796 5430 1641,

270 5451 443 5501 omnis
483 5444 621 5498 mala
654 5445 710 5495 in
740 5456 889 5494 eo....
933 5451 1071 5501 seges
1107 5435 1395 5493 criminum,
1427 5442 1528 5487 etc.
1562 5434 1661 5487 Sed
1695 5449 1799 5487 cie-

272 5519 380 5572 tcri
405 5530 535 5571 mss.
569 5524 623 5568 ct
647 5512 773 5567 editi
803 5518 857 5560 ut
882 5507 935 5559 in
969 5511 1125 5555 textu.

1913 1605 2129 1657 dubium
2180 1616 2285 1655 non
2329 1610 2409 1654 est
2457 1597 2819 1667 hujuscemodi
2855 1598 3084 1651 animam
3140 1599 3444 1652 derelictam

1912 1707 2029 1747 esse
2058 1708 2087 1745 a
2115 1690 2244 1751 Deo,
2274 1698 2328 1742 et
2352 1690 2626 1742 traditam.
2652 1687 2837 1755 Neque
2876 1688 3022 1741 enim
3068 1688 3317 1754 possibile
3363 1696 3448 1743 est

1911 1798 2031 1838 cum
2058 1782 2139 1836 his
2171 1781 2323 1835 malis
2355 1780 2719 1834 habitaculum
2761 1794 2881 1832 esse
2908 1776 3036 1840 Deo,
3066 1788 3155 1831 aut
3191 1778 3299 1832 haec
3326 1794 3442 1833 ma~

1910 1872 1958 1925 la
1984 1873 2106 1925 inde
2131 1873 2416 1939 procedere
2447 1870 2534 1923 ubi
2567 1870 2774 1923 habitat
2800 1868 2959 1923 Deus.
2992 1870 3189 1923 Verum
3232 1876 3354 1939 quia
3389 1874 3442 1926 in

1913 1963 1996 2016 his
2025 1962 2192 2015 tribus
2223 1962 2499 2015 universas
2521 1960 2814 2028 impietatis
2859 1962 3064 2027 species
3102 1977 3447 2018 enumerasse

1914 2053 2127 2105 videtur
2151 2052 2459 2120 Apostolus,
2496 2051 2579 2104 vel
2604 2066 2788 2104 eorum
2830 2052 2922 2118 qui
2963 2052 3097 2105 idola
3131 2054 3335 2113 colunt.
3365 2056 3447 2109 vel

1913 2158 2093 2196 eorum
2126 2143 2215 2208 qui
2246 2150 2504 2196 creaturas
2549 2143 2855 2195 deserviunt
2895 2144 3070 2211 potius
3094 2158 3252 2211 quam
3276 2145 3442 2197 Crea-

1915 2232 2037 2295 tori,
2073 2233 2165 2284 sed
2198 2239 2252 2284 et
2274 2245 2457 2284 eorum
2487 2231 2574 2297 qui
2604 2245 2705 2283 non
2755 2231 3118 2297 probaverunt
3150 2230 3311 2284 Deum
3351 2233 3445 2285 ha-

1914 2323 2038 2376 bere
2079 2322 2133 2373 in
2181 2320 2423 2373 notitiam
2459 2336 2474 2372 :
2507 2319 2559 2372 in
2591 2333 2814 2386 quorum
2849 2320 3020 2387 primo
3053 2320 3205 2372 titulo
3244 2322 3471 2388 promi-.

1912 2426 2038 2465 scue
2075 2409 2377 2478 paganirin
2422 2408 2529 2461 alio
2569 2408 2839 2476 sapientes
2859 2423 3042 2469 eorum
3066 2419 3118 2462 et
3142 2409 3443 2476 pliilosOplti

1913 2502 2263 2569 designantur
2299 2516 2314 2553 :
2346 2506 2474 2567 puto
2521 2499 2660 2565 quod
2708 2498 2760 2550 in
2809 2499 2908 2551 hoc
2942 2498 3097 2551 tertio
3145 2499 3445 2553 iudicentur

1912 2592 2147 2645 hicretici
2174 2590 2257 2645 vel
2301 2598 2594 2643 creatorem
2628 2588 2794 2641 Deum
2840 2598 3113 2656 negantes,
3156 2589 3234 2641 vel
3266 2590 3445 2643 diver-

1915 2696 2002 2734 sas
2034 2680 2386 2748 blasphemiae
2413 2678 2467 2731 in
2511 2678 2791 2731 Excelsum
2840 2678 3134 2746 loquentes.
3189 2678 3355 2745 Igitur
3393 2679 3441 2733 si

1914 2770 2108 2837 singuli
2139 2768 2251 2839 (ll)
2284 2770 2482 2836 quique
2518 2768 2730 2827 horum,
2754 2780 2887 2834 quos
2928 2781 3091 2832 supra
3132 2767 3364 2821 diximus
3388 2769 3442 2820 in

1914 2860 2060 2914 cultu
2086 2860 2382 2912 divinitatis
2416 2872 2618 2919 errare,
2640 2856 2832 2910 talibus
2859 2856 3115 2909 malorum
3153 2857 3319 2910 titulis
3345 2858 3439 2911 de-

1913 2953 2211 3020 signantur,
2261 2963 2356 3001 nos
2390 2949 2477 3014 qui
2511 2949 2755 3001 videmur
2786 2949 2836 2998 in
2882 2946 3115 2999 Ecclesia
3151 2961 3270 3000 esse
3307 2947 3442 3015 (12),

1914 3047 1967 3092 et
2016 3038 2173 3090 iidem
2229 3044 2428 3088 rectam
2487 3041 2709 3096 tenere,
2758 3031 3155 3085 consideremus
3211 3038 3445 3082 nosmet-

1915 3127 2077 3194 ipsos,
2109 3130 2163 3178 et
2192 3123 2339 3176 omni
2374 3121 2854 3189 circumspectione
2880 3133 3167 3185 pensemus
3211 3133 3276 3171 ne
3306 3119 3444 3172 forte

1913 3216 2027 3270 solo
2053 3217 2118 3268 ab
2152 3215 2236 3267 his
2266 3214 2379 3267 veri
2424 3213 2596 3268 cultus
2629 3212 2842 3263 nomine
2869 3210 3137 3277 separati,
3176 3209 3336 3264 rebus
3361 3215 3442 3263 eis

1914 3315 2073 3372 atque
2107 3304 2313 3356 actibus
2346 3301 2631 3355 sociemur.
2659 3298 2877 3352 Certum
2909 3308 2992 3351 est
3017 3299 3157 3353 enim
3198 3300 3318 3366 quia
3344 3300 3441 3366 qui

1914 3394 2280 3465 (verbicausa)
2308 3389 2539 3458 repletus
2566 3397 2648 3441 est
2671 3389 2969 3455 iniquitate,
3001 3388 3224 3451 malitia,
3254 3389 3442 3456 nequi-

1915 3485 2009 3547 tia,
2061 3483 2309 3543 avaritia,
2361 3495 2464 3533 non
2497 3478 2743 3546 probavit
2772 3478 2881 3546 (15)
2938 3477 3097 3531 Deum
3144 3479 3344 3531 habere
3386 3478 3439 3531 iu

1912 3572 2177 3635 notitiam,
2222 3578 2275 3622 et
2322 3578 2405 3622 est
2454 3569 2519 3620 de
2564 3580 2783 3620 numero
2823 3581 3004 3618 eorum
3044 3580 3178 3632 quos
3225 3565 3441 3618 tradidit.

1912 3660 2052 3714 Deus
2078 3660 2131 3713 in
2179 3659 2465 3726 reprobum
2517 3670 2753 3710 sensum.
2788 3655 2849 3707 Et
2882 3655 3070 3707 iterum
3100 3668 3326 3722 quorum
3364 3652 3439 3705 ie—

1911 3752 2086 3814 miuas,
2133 3749 2212 3802 vel
2242 3747 2479 3806 masculi,
2518 3745 2701 3799 relicto
2727 3744 2953 3798 naturali
2988 3759 3108 3805 usu,
3142 3744 3440 3795 accendun-

1912 3848 1997 3892 tur
2019 3839 2071 3890 in
2102 3853 2220 3890 eum
2242 3851 2391 3888 usum
2414 3834 2503 3902 qui
2531 3843 2710 3886 contra
2737 3840 2980 3885 naturam
3005 3838 3104 3893 est,
3128 3840 3331 3882 certum
3358 3838 3441 3881 est

1911 3927 2031 3996 quia
2063 3941 2129 3979 ex
2159 3926 2366 3979 illorum
2394 3937 2615 3976 numero
2637 3931 2759 3974 sunt
2784 3920 2872 3989 qui
2903 3919 3144 3972 serviunt
3175 3927 3437 3971 creaturae

1910 4018 2085 4085 potius
2106 4030 2273 4084 quam
2304 4014 2567 4075 Creatori,
2588 4021 2642 4065 et
2672 4026 2804 4079 quos
2838 4010 3052 4063 tradidit
3072 4008 3211 4060 Deus
3239 4007 3291 4059 iu
3314 4020 3437 4073 pas-

1910 4108 2084 4161 siones
2108 4105 2423 4173 ignominiie.
2463 4102 2568 4156 Sed
2593 4111 2645 4156 et
2677 4100 2839 4169 siqui
2869 4100 2921 4153 in
2951 4098 3281 4151 immunditia
3309 4108 3442 4150 con-

1913 4197 2144 4251 tumeliis
2178 4194 2409 4247 alliciant
2451 4206 2673 4259 corpora
2720 4205 2852 4253 sua,
2902 4204 2966 4242 ex
3017 4187 3119 4241 illis
3169 4194 3292 4240 sunt
3337 4186 3431 4251 qui

1909 4295 2364 4344 commutaverunt
2389 4284 2606 4352 gloriam
2630 4278 3047 4349 incorruptibilis
3084 4276 3172 4330 Dei
3209 4276 3260 4328 in
3292 4276 3439 4329 simi-

1909 4380 2182 4433 litudinem
2228 4377 2475 4445 imaginis
2519 4375 2788 4437 hominis;
2849 4372 2946 4424 uisi
2987 4369 3128 4438 quod
3162 4367 3272 4437 (14)
3315 4382 3442 4434 gra-

1909 4469 2057 4522 viore
2083 4465 2362 4533 sacrilegio
2395 4465 2440 4516 is
2466 4463 2553 4530 qui
2572 4462 2682 4531 jam
2714 4459 2884 4513 ﬁdelis
2907 4469 3009 4521 est,
3041 4456 3290 4526 templum
3315 4455 3434 4519 Dei,

1907 4574 2065 4631 quam
2108 4556 2362 4628 profanus
2390 4554 2560 4609 adhuc
2593 4554 2845 4622 templum
2895 4550 3225 4606 contaminat
3271 4550 3441 4603 idolo-

1995 4757 2080 4828 ii)
2105 4756 2322 4828 Fiditiet
2350 4770 2447 4828 ms.
2479 4770 2639 4828 unus,
2672 4754 2847 4828 igitur
2866 4755 3077 4820 singuli.

2000 4822 2082 4889 12)
2118 4826 2275 4889 Editi,
2306 4825 2361 4877 in
2390 4822 2620 4876 Ecclesia
2668 4824 2821 4889 ﬁdem
2866 4833 3056 4875 rectam
3102 4830 3291 4889 tenere,
3321 4834 3430 4881 etc.

1995 4888 2079 4960 l5)
2112 4894 2201 4948 Sic
2230 4888 2358 4946 mss.
2386 4902 2441 4947 et
2466 4888 2732 4960 Rabanus.
2766 4891 2904 4943 Edili
2929 4902 3071 4952 vero,
3102 4888 3415 4960 quia'(verbi

1900 4958 2075 5027 causa)
2099 4962 2403 5027 repletus....
2424 4976 2524 5012 non
2551 4958 2950 5027 probaturLetc.

1975 5023 2086 5102 (M')
2114 5023 2189 5102 Ita
2214 5044 2313 5102 ius.
2347 5023 2712 5102 Regiusnum:
2760 5024 2925 5102 16391
2945 5023 3199 5102 Similiter
3229 5035 3285 5077 et
3315 5027 3430 5102 iis-

1904 5091 2095 5160 hanus',
2129 5098 2227 5150 nisi
2256 5096 2399 5163 quod
2428 5091 2661 5155 omittat,
2689 5094 2740 5143 in
2770 5091 3153 5163 similitudinem
3176 5092 3430 5160 imaginis

1904 5159 2145 5222 hominis.
2189 5159 2377 5217 Cie—teri
2434 5176 2560 5214 vero
2594 5174 2721 5212 mss.
2758 5169 2809 5212 et
2834 5159 2997 5220 editi,
3041 5160 3131 5209 sed
3168 5168 3217 5208 et
3263 5159 3309 5213 si
3344 5166 3435 5227 qui

1901 5234 2226 5289 imntunditia
2269 5246 2317 5283 et
2360 5228 2679 5282 contumeliis
2724 5227 2950 5294 aﬁ'iciant
2995 5233 3118 5286 (uis.
3148 5239 3285 5278 unus
3328 5228 3433 5281 Re-

1902 5304 2051 5373 gius,
2075 5302 2238 5373 sedet
2265 5300 2444 5373 q_ui....
2474 5295 2734 5373 afﬁciunt).
2767 5307 2982 5373 cortmrtt
3035 5306 3131 5373 suo
3157 5329 3193 5373 ,Δ
3219 5309 3283 5373 ea:
3322 5297 3438 5373 illi,

1900 5361 2453 5440 iuntleditiomittunt
2477 5361 2618 5440 sunt)
2648 5361 2734 5440 qui
2755 5364 3193 5418 commutaverunt
3209 5361 3439 5425 gloriam

1905 5431 2305 5502 incorruptibilis
2344 5433 2465 5494 Dei;
2500 5433 2598 5483 nisi
2629 5433 2771 5499 quin,
2818 5446 2907 5477 ,ευ
3094 5452 3097 5455 η
