3836 6224
368 212 462 263 871
1806 186 1907 242 0R1

2082 182 2118 238 S
3529 156 3632 211 8τέ

366 338 504 376 rum.
533 321 644 374 Non
667 319 826 390 476
855 325 937 369 est
969 329 1095 367 sane
1134 312 1530 381 prmtereundus
1561 324 1625 364 ne
1661 310 1759 363 iste
1786 309 1896 375 qui-
1924 312 1968 366 Λ
1998 298 2227 370 imagine
2260 298 2350 351 Dei
2396 307 2597 361 etram.
2628 295 2871 348 audiam
2902 300 3090 355 (ιυθηι
3127 282 3305 390 Si?“
3335 287 3471 329 esse
3495 275 3637 341 ᾹΡ⁰⁴

368 413 484 462 dum
506 410 824 478 apostolicus
848 419 1041 467 sermo,
1066 403 1115 454 in
1150 419 1254 470 quo
1274 403 1452 456 dicens
1479 396 1609 471 (l5),
1644 398 1890 466 quoniam
1993 394 2160 446 slolus
2206 390 2467 444 hominem
2501 390 2589 457 qui
2625 388 2694 439 ad
2749 382 3086 449 imaginem
3127 373 3231 425 Dei
3264 377 3502 478 creatllls
3532 374 3636 426 ρει.

1032 456 1041 467 ,
1169 456 1181 470 .
1485 456 1495 471 κ
1571 456 1607 468 ,.
1663 456 1675 466 .
2524 456 2529 457 κ

368 505 797 553 commutaverunt
856 496 1072 564 gloriam
1131 492 1531 559 incorruptibilis
1581 491 1671 543 Dei
1720 491 1773 540 in
1816 491 1892 540 εἰ·
1993 500 2113 538 ειιιιι
2144 482 2207 535 ad
2236 478 2579 535 Colossenses
2609 480 2717 530 hoc
2749 472 2929 524 modo
2966 464 3189 521 scribit
3229 479 3244 513 :
3296 456 3640 559 Nomentan-

367 588 704 640 militudinem
746 584 986 651 imaginis
1037 583 1276 646 hominis,
1322 598 1423 634 non
1469 581 1638 633 solum
1677 593 1770 633 eos
1804 578 1893 647 qui
1994 574 2119 635 tiri,
2170 570 2379 639 inquit,
2412 566 2694 635 spoliantes
2740 578 2835 615 vos
2873 568 3130 612 veterem
3190 548 3481 603 hominem
3527 559 3641 596 cum

370 676 504 726 idola
556 674 734 726 colunt
785 686 1009 740 arguere
1037 710 1051 734 ,
1104 672 1194 724 sed
1240 680 1291 724 et
1324 668 1896 737 Anthropmnorphilas
1993 663 2194 715 actibus
2241 661 2370 719 suis,
2405 667 2451 709 et
2489 655 2772 707 induentes
2813 663 3026 702 novum
3051 686 3069 706 ,
3104 642 3209 708 qui
3254 644 3561 691 renovallﬂ’
3591 636 3643 689 in

366 763 738 827 intelligendus
797 772 879 813 est
928 761 1201 812 confutare
1243 759 1352 829 (16)
1379 799 1393 823 ,
1434 760 1520 827 qui
1563 759 1614 810 in
1660 756 1895 809 Ecclesia
1995 753 2249 820 agnitione
2294 747 2406 815 (18)
2462 743 2753 796 secundum
2790 741 3111 807 imaginem
3179 731 3312 798 ejus
3370 727 3469 795 qui
3504 741 3644 778 creo.

365 850 520 918 positi
550 850 829 915 imaginem
864 864 1173 918 corpoream
1202 848 1455 910 hominis,
1485 848 1573 899 Dei
1605 861 1723 899 esse
1758 846 1896 897 ima-
1998 842 2064 894 ait
2086 856 2199 892 eum
2222 840 2286 889 ⁷⁸.
2312 838 2387 890 Ex
2415 836 2612 902 quibus
2640 831 2941 885 evidenter
2970 822 3277 886 ostendit,
3317 818 3474 887 quod
3505 818 3642 869 inte-

2000 931 2109 982 rior
2136 929 2314 987 homo,
2358 926 2445 992 qui
2482 938 2578 991 per
2612 921 2970 989 agnitionem
3016 921 3390 973 renovatur,
3432 910 3551 976 ipse
3582 907 3645 959 ad

2000 1018 2285 1083 imaginem
2341 1014 2431 1067 Dei
2478 1023 2698 1064 creatus
2734 1018 2844 1063 est.
2890 1007 3257 1073 Quiautem
3310 998 3647 1053 exteriorem

2001 1107 2267 1160 hominem
2295 1144 2311 1166 ,
2360 1105 2411 1156 id
2442 1115 2522 1156 est
2553 1115 2890 1170 corporeum
2931 1110 2997 1151 et
3036 1090 3536 1160 corruptibilem,
3587 1091 3648 1141 ad

2000 1196 2281 1265 imaginem
2317 1194 2410 1246 Dei
2443 1208 2563 1246 esse
2586 1193 2802 1252 dicunt,
2842 1204 2978 1242 cum
3010 1188 3116 1241 his
3151 1184 3231 1238 ab
3267 1182 3543 1251 Apostolo
3566 1194 3650 1234 so-

2000 1291 2228 1348 cia‘ntur,
2256 1286 2347 1353 qui
2377 1290 2856 1337 commutaverunt
2882 1279 3157 1343 gloriam
3198 1271 3653 1339 incorruptibilis

2000 1376 2093 1429 Dei
2126 1378 2176 1428 in
2211 1373 2618 1428 similitudinem
2675 1370 2948 1437 imaginis
3006 1365 3441 1435 corruptibilis
3487 1364 3656 1417 homi-

2002 1466 2104 1516 nis.
2136 1464 2328 1514 Vernm
2359 1462 2596 1529 oportuit
2626 1474 2694 1511 ne
2712 1458 2834 1510 lucc
2869 1457 3126 1525 quidem
3157 1458 3220 1509 in
3256 1454 3656 1524 explanatimie

2001 1552 2272 1619 apostolici
2315 1550 2584 1605 sermonis
2628 1548 2840 1612 omitti,
2900 1557 2969 1601 ut
3019 1540 3087 1601 et
3149 1548 3208 1599 in
3272 1547 3387 1600 hoc
3419 1545 3657 1613 capitulo

366 938 538 1004 ginem
566 938 770 997 dicunt;
800 939 1106 1005 ignorantes
1140 937 1267 989 illud
1302 937 1440 1004 quod
1470 937 1519 988 in
1548 935 1738 989 Genesi
1766 933 1900 986 scri-

365 1037 512 1091 ptum
547 1038 650 1087 est,
679 1028 743 1080 ad
781 1029 1063 1096 imaginem
1098 1027 1189 1081 Dei
1216 1027 1411 1081 factum
1435 1042 1551 1079 esse
1583 1025 1849 1078 hominem
1881 1042 1895 1076 :

368 1116 431 1167 de
458 1131 562 1182 quo
591 1118 802 1168 homine
841 1118 966 1184 quid
1018 1118 1352 1169 sentiendum
1396 1117 1485 1177 sit,
1536 1116 1601 1167 ab
1648 1112 1900 1181 Apostolo

366 1204 745 1269 interpretatur
789 1220 906 1256 cum
955 1204 1085 1256 dicit
1129 1203 1285 1270 (l7):
1326 1203 1640 1269 Deponentes
1688 1210 1899 1252 veterem

368 1293 619 1344 hominem
660 1311 773 1346 cum
803 1294 1003 1346 actibus
1045 1296 1150 1346 suis
1180 1295 1244 1354 ⁸⁷⁸,
1287 1302 1333 1345 et
1380 1294 1645 1344 induentes
1677 1306 1858 1342 novum
1884 1328 1899 1351 ,

368 1383 456 1450 qui
493 1384 771 1434 secundum
812 1382 970 1434 Deum
1014 1392 1217 1434 creatus
1241 1391 1314 1432 est
1344 1382 1409 1433 ⁷³.
1439 1380 1602 1431 Audis
1634 1377 1757 1443 quia
1806 1392 1903 1430 n0-

370 1488 489 1522 vnm
549 1471 814 1523 hominem
863 1472 990 1522 dicit
1050 1471 1339 1523 secumlnm
1405 1470 1563 1521 Demn
1613 1465 1904 1521 creatura?

375 1557 523 1610 Hunc
553 1568 725 1610 autem
754 1560 995 1609 emndem
1042 1573 1232 1609 novum
1273 1557 1560 1617 hominem,
1589 1554 1711 1606 alibi
1748 1553 1792 1583 ⁷⁸
1819 1555 1902 1605 in-

372 1646 605 1695 teriorem
632 1646 885 1695 hominem
927 1654 1115 1696 vocat:
1150 1642 1547 1711 corruptibilem
1576 1654 1704 1692 vero
1736 1640 1901 1708 hunc,
1936 1650 1974 1676 υ
2006 1641 2238 1707 Apostoli
2293 1640 2433 1693 sicut
2477 1649 2532 1692 et
2577 1639 2630 1691 in
2679 1639 2905 1691 caneris
2958 1619 3281 1706 plurimis,
3340 1638 3653 1703 Anthropo-

374 1734 628 1799 cujushic
678 1733 957 1799 imaginem
1012 1733 1249 1799 respuit,
1300 1731 1615 1784 exteriorem
1647 1727 1923 1797 nominat,

371 1839 492 1873 cum
531 1823 699 1876 dicit:
741 1822 875 1874 Nam
911 1830 958 1873 et
1000 1824 1044 1875 si
1090 1824 1136 1874 is
1173 1822 1261 1890 qui
1288 1820 1416 1888 [oris
1451 1828 1524 1870 est
1553 1820 1703 1869 homo
1730 1827 1905 1868 noster

367 1923 749 1979 corrumpatur,
790 1913 879 1965 sed
917 1913 1003 1980 qui
1046 1912 1185 1964 intus
1225 1921 1297 1963 est
1330 1918 1604 1962 renovatur
1638 1908 1703 1962 ".
1748 1907 1810 1959 Et
1851 1916 1905 1959 ut

371 2003 576 2071 planius
624 2003 797 2055 adhuc
846 2001 960 2067 ejus
991 2001 1310 2055 sententiam
1359 2000 1531 2054 sciant
1578 1998 1667 2051 isti
1717 1997 1804 2065 qui
1838 1998 1905 2050 de

774 2092 808 2107 σε

2007 1728 2305 1795 morphitze,
2343 1729 2395 1780 id
2429 1735 2513 1780 est
2552 1728 2645 1795 qui
2680 1742 3027 1795 corpoream
3059 1725 3194 1799 (19)
3244 1727 3502 1781 hominis
3534 1726 3658 1779 ima-

2003 1818 2222 1885 ginem,
2278 1817 2369 1870 Dei
2421 1832 2540 1870 esse
2582 1818 2889 1885 imaginem
2954 1818 3205 1883 dicunt,
3256 1819 3557 1872 convictos
3601 1831 3657 1869 se

2001 1915 2054 1959 et
2094 1906 2395 1959 confutatos
2433 1920 2552 1959 esse
2588 1918 3034 1974 cognoscerent.
3092 1908 3220 1961 Sed
3284 1922 3393 1960 nos
3444 1904 3557 1974 iam
3608 1906 3655 1962 ia

2001 1997 2085 2051 his
2142 1997 2521 2050 continentiam
2577 1998 2743 2066 primi
2798 1999 3133 2054 voluminis
3184 2001 3622 2055 concludamus.

381 2213 3627 2239 HW

1432 2442 1784 2528 LIBER
1871 2439 2515 2530 SECUNDUS.
2600 2494 2603 2495 ί

1928 2660 1998 2670 .—

448 2854 500 2908 1.
544 2871 561 2903 ι
594 2851 804 2905 Scimus
830 2857 1007 2901 autem
1027 2845 1275 2914 quoniam
1301 2843 1561 2912 judicium
1591 2842 1684 2896 Dei
1709 2851 1792 2896 est
1825 2856 1905 2895 se-
1931 2852 1975 2907 C,
2006 2846 2163 2899 corda
2201 2846 2478 2899 hominum
2520 2860 2683 2900 nosse
2711 2848 2890 2902 solius
2925 2848 3037 2902 Dei
3074 2860 3194 2913 est,
3229 2860 3293 2906 et
3327 2851 3532 2906 mentis
3561 2865 3646 2905 se.

379 2944 606 2999 cundum
634 2939 912 2993 veritatem
936 2938 985 2990 in
1013 2950 1105 2989 eos
1133 2935 1221 3002 qui
1256 2932 1379 2985 talia
1418 2939 1579 3000 agunt
1610 2932 1674 2983 ⁷⁷.
1699 2950 1718 2985 ι
1749 2930 1906 2985 Judi-

379 3013 519 3087 ciuin
547 3030 758 3098 quidem
806 3028 897 3081 Dei
946 3024 1234 3079 secundum
1266 3021 1570 3077 veritatem.
1599 3035 1703 3071 non
1736 3020 1905 3072 solum

378 3123 433 3176 in
464 3119 657 3188 eosqui
688 3118 799 3170 haec
827 3124 991 3183 agunt
1021 3127 1138 3181 qua:
1152 3112 1397 3179 superius
1423 3118 1734 3163 enumerata
1759 3116 1907 3169 sunt,

380 3224 565 3263 verum
595 3217 651 3261 et
674 3207 726 3259 in
748 3219 932 3259 onmes
955 3204 1045 3271 qui
1076 3216 1288 3270 quoquo
1309 3201 1465 3254 modo
1492 3199 1613 3252 boni
1639 3199 1765 3267 quid
1795 3215 1911 3252 ma-

383 3298 485 3349 live
536 3295 645 3365 (20)
693 3303 991 3363 gesserunt,
1024 3289 1439 3356 exspectandum
1478 3297 1560 3341 est
1605 3296 1659 3342 et
1690 3289 1911 3341 creden-

379 3389 523 3442 dum.
547 3386 649 3438 Sed
680 3385 806 3436 illud
839 3393 921 3435 est
948 3383 1087 3451 quod
1126 3382 1178 3434 in
1217 3384 1333 3436 loco
1362 3384 1463 3437 hoc
1497 3384 1704 3437 videtur
1730 3391 1912 3436 osten-

379 3479 430 3531 tli
460 3476 616 3544 :quia
645 3474 806 3528 solius
836 3474 928 3527 Dei
972 3474 1040 3526 sit
1066 3474 1171 3540 (ει)
1202 3474 1492 3527 secundum
1530 3474 1804 3526 veritatem
1826 3472 1915 3541 ju-

381 3571 593 3623 dicium.
660 3568 796 3622 Sunt
847 3568 989 3621 enim
1043 3568 1280 3634 quaedam
1339 3584 1456 3636 quae
1515 3569 1914 3627 committuntur

380 3675 542 3729 opere
566 3660 776 3728 quidem
807 3659 976 3718 malo.
1010 3658 1188 3710 animo
1218 3666 1395 3711 autem
1424 3674 1532 3712 non
1570 3659 1706 3711 malo
1737 3675 1750 3708 :
1780 3667 1840 3712 ιιι
1869 3658 1915 3712 si

382 3758 523 3825 quis,
559 3755 704 3807 verbi
742 3767 921 3812 causa,
948 3747 1299 3803 homicidium
1328 3762 1430 3801 non
1461 3745 1734 3804 voluntate
1761 3759 1912 3798 com-

384 3847 606 3901 miserit.
645 3845 711 3898 Et
740 3844 842 3897 alia
875 3843 1006 3895 liunt
1033 3854 1192 3907 opere
1228 3838 1443 3907 quidem
1478 3835 1649 3895 bono,
1675 3833 1770 3885 sed
1794 3832 1913 3884 ani-

384 3953 471 3991 mo
517 3952 621 3990 non
664 3935 844 3988 bono:
869 3944 927 3985 ut
969 3933 1013 3985 si
1051 3931 1172 3999 quis
1202 3925 1648 3984 misericordiam,
1679 3937 1782 3974 non
1818 3935 1912 3988 pro

385 4026 634 4079 mandato
661 4024 750 4077 Dei
781 4020 910 4093 (92),
945 4021 1036 4074 sed
1086 4029 1143 4071 ut
1192 4018 1436 4070 laudetur
1476 4014 1541 4066 ab
1585 4011 1908 4074 hominibus,

384 4116 561 4168 faciat.
590 4114 703 4166 Alia
732 4127 863 4165 vero
886 4120 1008 4163 sunt
1046 4110 1097 4161 in
1132 4108 1323 4175 quibus
1354 4105 1467 4157 sive
1497 4103 1550 4155 in
1580 4102 1744 4162 bono,
1799 4100 1914 4154 sive

2013 2944 2154 2989 creta
2207 2937 2545 3005 dignoscere,
2576 2936 2782 2993 idcirco
2814 2940 2942 3009 ipse
2976 2942 3152 2996 solus
3186 2953 3288 2997 est
3314 2945 3413 3012 qui
3463 2958 3643 2997 securi-

2011 3025 2135 3078 dum
2165 3028 2444 3080 veritatem
2475 3038 2656 3095 potest
2697 3030 2913 3083 habere
2937 3032 3278 3099 judicium.
3318 3032 3434 3088 Sed
3475 3033 3644 3101 requi-

2013 3119 2169 3181 ritur,
2196 3118 2240 3169 si
2269 3132 2393 3184 erga
2428 3132 2523 3172 eos
2556 3119 2671 3188 (21)
2703 3136 2950 3183 quorum
2983 3125 3268 3178 remissa:
3293 3139 3431 3180 sunt
3463 3125 3647 3191 iniqui-

1964 3251 1966 3253 .
2015 3217 2148 3260 tates
2180 3224 2272 3276 per
2300 3210 2553 3276 baptismi
2588 3211 2849 3278 gratiam,
2887 3214 2988 3266 vel
3049 3231 3317 3282 quorum
3357 3225 3504 3271 lecta
3530 3224 3646 3268 sunt

2013 3312 2106 3364 per
2137 3301 2505 3365 ptenitentiam
2536 3312 2759 3369 peccata
2778 3303 2964 3367 ",vel
2998 3307 3236 3372 quibus
3274 3308 3643 3377 imputandum

2012 3401 2114 3438 non
2149 3397 2229 3439 est
2261 3399 2539 3454 peccatum
2573 3405 2674 3457 per
2706 3393 2978 3461 martyrii
3031 3396 3324 3463 gloriam,
3358 3398 3642 3452 secundum

2010 3476 2291 3527 veritatem
2316 3477 2581 3532 .videatur
2611 3479 2754 3532 Deus
2793 3494 3053 3536 servare
3085 3483 3414 3549 judicium.
3449 3486 3646 3540 Veritas

2011 3564 2205 3630 quippe
2230 3563 2418 3630 judicii
2470 3565 2575 3619 hoc
2613 3569 2883 3634 postulat,
2925 3580 2995 3624 ut
3028 3575 3239 3629 malus
3278 3576 3451 3640 tnala,
3480 3584 3533 3630 et
3562 3576 3646 3627 bo-

2010 3680 2111 3719 nus
2134 3667 2359 3735 recipiat
2388 3668 2531 3722 bona
2558 3686 2572 3722 :
2605 3680 2660 3723 et
2691 3675 2962 3739 quamvis
2994 3677 3164 3733 dona
3198 3689 3263 3735 et
3296 3680 3521 3750 largitio
3558 3679 3644 3733 Dei

2011 3785 2345 3839 nequaquam
2369 3773 2744 3827 curiositatem
2772 3777 3176 3839 discutientis
3197 3783 3645 3854 admittant(25).

2014 3885 2187 3925 tamen
2236 3876 2397 3927 etiam
2432 3877 2485 3929 in
2518 3878 2623 3931 hoc
2648 3889 2856 3946 quanta
2907 3883 2995 3936 sit
3044 3884 3273 3952 judicii
3304 3889 3428 3956 ejus
3455 3888 3647 3943 veritas

2012 3976 2381 4029 ostendamus.
2431 3978 2749 4034 Communis
2799 3984 3114 4050 professio
3168 4000 3267 4047 est
3308 3994 3517 4047 bonum
3544 4006 3643 4044 non

2015 4077 2207 4132 debere
2262 4081 2438 4148 puniri
2473 4121 2490 4147 ,
2545 4099 2648 4139 nec
2704 4085 2917 4139 malum
2987 4097 3297 4165 consequi
3362 4098 3531 4152 bona.
3594 4094 3644 4146 Si

386 4206 441 4259 iu
464 4205 622 4268 malo,
652 4203 860 4256 animus
886 4214 1003 4252 cum
1034 4212 1195 4266 opere
1221 4194 1330 4265 (ἓό)
1355 4188 1669 4247 concordat.
1700 4190 1764 4241 Et
1791 4190 1912 4257 quia
1948 4183 1990 4235 Β
2015 4183 2133 4248 quis
2189 4199 2316 4272 ergo
2365 4185 2438 4238 sit
2461 4225 2498 4250 ,.
2520 4188 2674 4242 verbi
2713 4191 2894 4256 gratia
2919 4231 2938 4255 ,
2974 4196 3087 4262 qui
3125 4200 3329 4268 egerit
3361 4195 3649 4269 aliquando

490 4342 535 4374 τ’
563 4339 736 4395 Colos.
788 4351 866 4399 tu,
896 4333 947 4385 9.
1062 4333 1105 4362 ⁷³
1135 4330 1323 4399 Ephcs.
1359 4344 1434 4399 Iv,
1461 4326 1549 4380 24.

385 4410 430 4441 "
453 4407 609 4462 Rom.
638 4423 694 4471 ιι,
721 4405 775 4457 ‘2.
852 4396 919 4433 7"
949 4401 1086 4455 Psal.
1137 4396 1283 4462 xixt,
1312 4414 1352 4462 ι,
1375 4396 1430 4449 2.

455 4541 564 4612 (15)
603 4541 693 4595 Sic
740 4547 886 4612 recte
931 4552 1028 4590 ms.
1080 4535 1274 4612 Regius
1307 4525 1664 4612 πιθανῷ-1610,
1711 4525 1906 4612 quibus

385 4596 887 4668 sat‘iscmtsentinnt
945 4606 1120 4659 exteri
1178 4596 1306 4655 iuss.
1360 4612 1413 4655 et
1477 4596 1903 4668 Rahanttstnisi

382 4663 526 4751 quod
555 4663 642 4733 alii
672 4681 895 4751 habeant
925 4678 1072 4739 dicit,
1092 4675 1183 4749 alii
1207 4672 1517 4751 rliciturpro
1543 4668 1739 4719 dicens.
1753 4663 1903 4751 'lflditi

382 4732 530 4813 iiii-'0';
560 4732 1000 4816 iprtetereundum,
1046 4732 1108 4793 ne
1138 4743 1292 4814 istum
1326 4732 1532 4816 quidem
1568 4732 1903 4816 apostolicum

382 4798 865 4881 sermbnemwditio
900 4798 1116 4873 Veneta,
1142 4823 1203 4859 ne
1236 4798 1556 4873 iste'quidem
1580 4798 1896 4866 apostolicus

382 4886 570 4951 sermo)
596 4887 646 4936 in
675 4898 774 4949 quo
800 4882 1009 4943 dicitur,
1035 4892 1139 4935 etc.

453 4936 567 5023 (Viti),
605 4936 698 5023 Sic
728 4967 853 5023 mss.
896 4936 1134 5023 plerique
1185 4952 1239 5023 et
1283 4941 1552 5023 Rullianus.
1584 4936 1720 5023 Eiliti
1751 4948 1901 4997 vero,

382 5009 469 5075 sed
492 5009 622 5073 inier
642 5009 1539 5090 Anthropo'morp'hitusAintelligendi
1562 5014 1680 5090 sunt
1696 5019 1905 5090 compu-

383 5073 503 5141 tari.
538 5090 637 5140 Ms.
670 5073 864 5153 Regius
904 5073 1047 5144 uuni.
1092 5081 1231 5142 1640
1258 5119 1273 5142 ,
1311 5073 1407 5132 seti
1447 5081 1578 5129 inter
1608 5073 1904 5138 Anthropo‘
1934 5144 1937 5147 ,

384 5158 660 5225 morphitas
688 5155 1046 5225 intelligendus
1067 5166 1144 5214 est
1167 5157 1486 5225 εοηΨΨῘΡῙΞ·
1547 5210 1582 5225 η
1635 5218 1676 5225 .-
1694 5207 1730 5225 ηε

450 5210 684 5300 “nulla
731 5238 830 5276 ins.
853 5210 1289 5300 “legitis-inuia;
1333 5216 1486 5300 11659ἔ

384 5273 1076 5367 "iis."aiogiiuéei’gﬁi'if
1095 5273 1164 5351 de
1202 5302 1308 5367 quo
1345 5284 1547 5335 homine
1583 5273 1905 5367 sentiendtzm

484 5342 747 5472 ﬁeriediti,
777 5342 1245 5446 et'kb',“';{,;0};otb
1291 5349 1635 5421 interpretari,
1669 5359 1784 5397 cum
1827 5342 1908 5393 di-

358 5484 367 5489 .
451 5488 555 5552 με)
586 5486 681 5541 Ms.
721 5490 916 5566 Regius
946 5528 1090 5569 "um,
1125 5491 1297 5558 1641,
1325 5489 1381 5542 in
1420 5485 1677 5555 agnitione
1708 5479 1832 5547 Dei;
1857 5481 1911 5530 et

1648 4324 1695 4356 "
1724 4324 1879 4378 Rom.
1920 4339 2027 4383 vn,
2078 4315 2168 4368 Ὧι

2269 4316 2313 4346 ⁷⁸
2354 4312 2393 4366 ll
2432 4314 2558 4369 Cor.
2593 4331 2668 4381 ιν,
2712 4317 2799 4370 16.
2906 4319 3231 4380 "Coloss.
3297 4343 3389 4394 ιιι,
3449 4329 3503 4390 9,
3563 4323 3643 4379 10.

2010 4517 2172 4579 infra,
2203 4515 2293 4583 qui
2332 4526 2424 4578 per
2450 4512 2781 4583 agnitionem
2810 4512 2912 4567 Dei
2948 4532 3292 4576 renovatur.
3325 4524 3441 4581 Sed
3473 4538 3527 4580 et
3554 4543 3643 4581 ca:-

2013 4587 2123 4659 teri
2140 4581 2364 4659 inesset
2389 4581 2523 4633 editi
2559 4584 2855 4659 utrobique
2899 4590 3193 4645 omittunt
3227 4595 3360 4647 Dei.

2081 4653 2166 4723 (19
2228 4650 2390 4711 Editi,
2424 4655 2698 4716 corporei.

2081 4653 2188 4791 (20;
2216 4719 2437 4791 Edim“:
2475 4721 2698 4791 quicun.

2030 4793 2040 4804 .
2078 4719 2188 4791 (20)
2216 4719 2440 4804 Editihi
2475 4721 2802 4804 quicunque
2831 4727 3182 4804 modq_h_oni
3214 4734 3497 4801 quiddam
3530 4751 3641 4788 ma-

2007 4786 2128 4873 live,
2161 4786 2201 4873 δέ
2224 4796 2328 4873 etc.
2512 4786 2733 4873 ἱξεείυὲ
2756 4797 2965 4873 nutant
2978 4797 3118 4873 659,
3147 4819 3169 4850 ι
3204 4786 3307 4868 (ιἰιί
3343 4786 3637 4873 quidquam

2008 4860 2128 4913 boui
2174 4857 2418 4925 quidem,
2444 4857 2681 4930 maliie,
2718 4885 2736 4919 ι
2768 4874 2875 4917 etc.
2906 4857 3114 4922 Caneri
3145 4857 3297 4925 vero
3326 4857 3468 4926 niss.
3493 4857 3560 4927 in
3588 4877 3638 4927 iu

2010 4934 2195 5003 nostro
2224 4933 2394 5003 testu.

2080 4994 2333 5076 (Ωιι-βψ
2374 5010 2583 5076 omnes
2637 5021 2777 5064 mss.
2821 5012 2878 5058 et
2922 5003 3225 5061 Rabanus.
3276 5008 3431 5064 Editi
3473 5027 3636 5075 vero,

2013 5062 2162 5148 insero
2196 5062 2324 5148 illud
2347 5067 2639 5148 quid_est,
2663 5062 2808 5148 quod
2833 5079 2884 5130 in
2913 5077 3019 5131 hoc
3044 5077 3165 5131 loco
3191 5062 3438 5134 videtur
3455 5062 3609 5136 om}.

2008 5132 2268 5217 nonquia”
2280 5133 2461 5217 solius
2495 5138 2602 5199 Dei
2622 5132 2795 5217 ἐἶιξῖ
2829 5158 2937 5203 elc.

2076 5201 2188 5291 (ἓξ)
2225 5198 2400 5291 {11939.
2437 5225 2461 5259 ι
2507 5198 3049 5291 ηοίιιῖιῖολιῖάιῖὶιβιο
3074 5216 3165 5271 Dei
3193 5216 3256 5270 in
3286 5218 3466 5274 bono.
3504 5240 3528 5274 .

2077 5271 2192 5408 ἓξὲξ
2224 5269 2827 5408 ῗιῖἶὶξῖιθὲἷεὲτὲςιῗ
2847 5289 3022 5408 .¹“³¹⁸’

2102 5338 2192 5431 ἓξ)
2234 5338 2415 5431 ligant.
2456 5368 2479 5402 ι
2524 5338 2867 5431 εὲὲζέἕεξέ

2012 5407 2203 5530 ω’(ἰῦὶ
2234 5407 2987 5494 Κεὼιιιιιιδνεῗξξίδξιὶξιιιιιε
3009 5473 3026 5501 ,
3065 5441 3381 5503 perperam,
3411 5443 3433 5478 ι
3467 5427 3631 5483 amit-
