3836 6236
268 239 377 294 873

1196 247 1534 303 COMMENT.
1577 246 1638 298 IN
1674 242 1888 300 EPIST.
1929 245 2018 296 AD
2052 244 2212 299 ROM.
2256 241 2379 300 LIB.
2424 243 2487 301 II.

3312 253 3415 303 874

266 358 432 427 477
465 358 624 422 mala,
657 375 860 417 certum
889 375 970 420 est
1000 367 1121 433 quia
1161 366 1327 418 malus
1355 373 1633 423 erattunc,
1678 377 1795 413 cum
1823 365 1870 421 Α
1891 360 2222 427 iudicaturos
2273 363 2322 414 bi
2372 365 2460 430 qui
2509 378 2733 430 prmessc
2771 364 2948 416 volunt
2977 363 3180 432 populis
3213 370 3409 436 cogita-

269 448 468 514 agehat
498 449 656 504 mala.
681 451 733 505 Is
748 468 873 505 vero
896 457 936 506 si
967 457 1343 521 prrcteritorum
1365 455 1628 521 pmnitens
1653 470 1798 507 men-

269 543 378 588 tem
409 551 563 590 suam
598 542 834 610 corrigat
867 546 932 596 ad
975 545 1124 603 bona,
1156 551 1206 595 et
1232 544 1366 596 bene
1393 555 1531 610 agat,
1562 543 1693 597 bene
1722 543 1796 596 Io-

266 635 492 692 quatur,
521 629 654 682 bene
683 634 903 697 cogitet,
934 633 1066 686 bene
1093 635 1246 697 velit;
1284 636 1369 700 qui
1405 636 1515 687 haec,
1541 637 1665 700 agit,
1692 650 1792 688 non

268 717 364 768 tibi
400 717 611 768 videtur
647 721 840 783 bonus,
872 733 924 775 et
959 725 1146 777 merito
1176 726 1412 792 recipere
1435 725 1608 777 bona?
1637 725 1796 777 Simi-

266 805 395 857 liter
422 815 475 858 et
505 807 549 858 si
585 823 649 860 ex
681 810 817 862 bono
848 813 965 878 quis
991 823 1328 866 convertatur
1361 816 1424 866 ad
1455 815 1790 878 malum,non

259 896 370 962 jam
399 897 591 953 bonus.
621 901 763 964 quod
800 902 914 959 fuit.
945 913 996 954 et
1031 918 1132 955 non
1178 913 1280 963 est.
1306 906 1396 956 sed
1445 905 1613 957 malus
1649 904 1792 971 judia

261 984 498 1046 cabitur,
527 988 666 1052 quod
699 997 801 1040 est.
833 990 994 1043 Actus
1019 992 1159 1043 enim
1189 993 1301 1044 sive
1343 993 1464 1044 boui
1512 993 1623 1045 sive
1671 994 1792 1045 mali

261 1079 620 1138 praetereunt,
656 1076 748 1127 sed
798 1079 1082 1131 secundum
1130 1080 1209 1132 sui
1247 1080 1549 1147 qualitatem
1592 1082 1794 1146 agentis

263 1169 499 1213 mentem
529 1161 913 1230 imaginantur,
957 1175 1009 1220 et
1040 1169 1290 1230 formant.
1322 1185 1543 1239 eamque
1572 1172 1651 1223 vel
1699 1173 1792 1224 bo-

262 1264 384 1300 nam
419 1249 731 1316 relinquunt
765 1255 844 1305 vel
874 1258 1086 1319 malam,
1118 1272 1206 1311 seu
1233 1274 1416 1325 pinnae.
1445 1275 1536 1311 seu
1568 1262 1794 1325 praemiis

259 1338 663 1392 destinaudam.
695 1343 806 1395 Erit
836 1358 961 1409 ergo
983 1346 1216 1414 iniquum
1239 1348 1318 1400 vel
1351 1349 1538 1400 bonam
1565 1361 1791 1404 mentem

259 1440 356 1491 pro
381 1427 543 1480 malis
569 1431 735 1496 gestis
764 1433 959 1498 puniri.
984 1434 1062 1488 vel
1089 1435 1279 1488 malam
1301 1451 1394 1503 pro
1418 1437 1566 1490 bonis
1589 1439 1794 1493 actibus

260 1517 561 1570 munerari.
600 1519 798 1572 Verum
831 1530 886 1573 ut
915 1524 1083 1576 adhuc
1108 1524 1316 1591 planius
1345 1525 1437 1576 ﬁat
1480 1528 1618 1592 quod
1659 1528 1791 1580 dici-

258 1616 395 1664 mus,
425 1603 687 1658 addamus
711 1608 870 1660 etiam
895 1609 1039 1663 hzcc:
1071 1627 1326 1679 ponamus
1349 1629 1466 1668 esse
1491 1615 1715 1667 animam
1738 1617 1790 1668 in

1900 459 2036 502 rent.
2065 450 2225 502 Nemo
2250 467 2376 520 ergo
2403 453 2668 505 existimet
2705 457 2840 520 quod
2870 453 3098 521 elfugere
3137 458 3300 521 possit
3324 459 3412 525 ju-

1895 539 2090 593 dicium
2140 540 2248 604 Dei,
2296 541 2436 593 sicut
2476 551 2528 593 et
2574 541 2834 608 Propheta
2875 543 3035 595 dicit:
3073 562 3091 592 ι
3127 543 3242 609 Quo
3270 547 3355 599 ibo
3381 564 3409 599 a

1897 629 2080 696 spiritu
2133 638 2240 691 tuo,
2268 639 2319 682 et
2347 647 2372 680 a
2401 628 2533 682 facie
2565 638 2651 682 tua
2683 646 2786 698 quo
2816 630 3008 699 fugiam
3026 632 3148 684 "?o
3185 633 3249 685 Et
3289 637 3409 700 quia

1895 716 2008 768 haec
2038 716 2100 766 ad
2135 732 2227 768 eos
2255 717 2482 768 maxime
2507 718 2754 770 dicuntur
2793 721 2880 786 qui
2931 731 3164 786 prtrsunt
3200 721 3413 786 judiciis

1896 804 2206 870 populorum
2249 803 2380 874 (27),
2424 804 2622 858 idcirco
2664 815 2722 857 et.
2749 807 2869 859 alibi
2911 810 3058 872 dicit,
3112 812 3248 878 quod
3295 831 3313 862 ‹
3351 815 3414 864 de

1894 893 2052 944 domo
2077 891 2166 944 Dei
2197 893 2687 961 incipietjudicium
2713 895 2777 948 δ’.
2805 913 2825 948 ι
2869 897 2936 949 Et
2973 899 3096 951 item
3131 901 3257 952 alibi
3306 903 3411 952 Do-

1892 979 2067 1034 minus
2105 981 2264 1033 dicit:
2323 999 2342 1030 ι
2369 979 2423 1033 In
2463 981 2546 1034 his
2577 983 2665 1048 qui
2703 987 3071 1050 approximaut
3104 989 3230 1040 mihi
3290 1003 3413 1040 san.

1895 1067 2166 1120 ctiﬁcabor
2183 1068 2261 1130 3‘;
2295 1087 2312 1118 ι
2345 1069 2482 1123 sicut
2516 1069 2566 1120 in
2596 1070 2840 1125 Nadabet
2869 1075 3036 1126 Abiud
3072 1087 3274 1142 gestum
3303 1089 3408 1136 est,

1894 1172 2012 1209 cum
2046 1159 2272 1211 alienum
2309 1160 2506 1226 ignem,
2535 1160 2581 1210 id
2607 1169 2686 1213 est
2723 1177 2824 1213 non
2858 1176 3089 1228 sacrum,
3122 1167 3312 1219 divinis
3337 1169 3412 1218 al-

1897 1245 2096 1298 taribus
2124 1245 2448 1300 obtulerunt.
2501 1248 2689 1315 Incipit
2746 1265 2871 1317 ergo
2910 1251 3162 1318 judicium
3205 1271 3232 1306 a
3288 1255 3408 1309 ﬁliis

1892 1335 2057 1397 prius.
2093 1352 2112 1384 (
2137 1335 2420 1402 Flagellat:
2453 1338 2591 1389 enim
2623 1337 2791 1390 «Deus
2817 1353 3022 1391 omnem
3055 1357 3208 1408 quem
3228 1345 3275 1395 iu
3311 1363 3410 1398 nu-

1894 1438 2095 1475 merum
2124 1425 2306 1492 recipit
2332 1425 2553 1477 filiorum
2571 1425 2634 1476 ⁸⁸.
2665 1444 2684 1476 ›
2710 1424 2922 1488 Verum,
2950 1439 3005 1479 ut
3024 1445 3121 1497 ego
3145 1434 3405 1498 existimo,

1894 1527 2007 1572 uec,
2043 1513 2083 1564 si
2115 1521 2293 1580 posset
2319 1513 2461 1579 quis,
2494 1513 2708 1567 deberet
2736 1515 2866 1568 velle
2897 1515 3123 1586 effugere
3152 1520 3405 1585 judicium

1894 1599 2006 1652 Dei.
2040 1599 2153 1653 Non
2195 1601 2376 1654 venire
2403 1603 2540 1655 enim
2568 1605 2629 1656 ad
2653 1603 2910 1670 judicium
2949 1607 3059 1668 Dei,
3099 1608 3201 1662 hoc
3238 1621 3317 1662 est
3341 1616 3405 1663 ad

257 1708 358 1759 qua
400 1694 618 1748 habitet
666 1697 930 1766 impietas,
969 1702 1249 1766 injustitia,
1279 1705 1519 1771 stultitia,
1555 1708 1784 1770 luxuria,

1895 1689 2326 1754 emendationem,
2353 1692 2434 1745 vel
2466 1693 2530 1745 ad
2569 1695 2868 1758 sanitatem,
2901 1706 2953 1750 et
2985 1700 3267 1752 remedium
3301 1717 3403 1756 non

255 1789 306 1832 et
347 1782 641 1837 multitudo
673 1789 848 1840 omnis
893 1791 1173 1857 malorum,
1217 1794 1406 1860 quibus
1451 1795 1655 1848 scilicet
1694 1797 1790 1850 mi-

260 1869 487 1922 nistram
531 1887 588 1924 se
619 1872 975 1944 famulamque
1008 1879 1320 1933 subdiderit.
1371 1883 1520 1946 Quod
1554 1884 1596 1936 si
1629 1884 1679 1935 in
1707 1899 1792 1938 se-

258 1958 544 2025 metipsam
576 1977 816 2032 regressa
846 1964 955 2035 (‘26)
993 1966 1103 2021 hare
1136 1969 1330 2032 anima,
1373 1971 1550 2036 pietati
1585 1986 1786 2032 rursus,

254 2049 306 2094 et
335 2043 628 2099 virtutibus
660 2050 852 2103 mentis
878 2067 986 2104 sua:
1005 2053 1218 2121 jauuatu
1253 2057 1470 2122 pandat,
1505 2073 1678 2110 nonne
1708 2057 1789 2109 iu-

257 2144 437 2196 gressa
476 2132 656 2200 pietas
682 2136 1004 2203 impietatem
1033 2142 1285 2195 continuo
1330 2146 1588 2210 depellat?
1632 2151 1790 2204 Simi-

256 2217 374 2272 liter
400 2221 684 2288 etjustitia
721 2227 1030 2294 injustitiam
1061 2232 1254 2296 trudet,
1288 2242 1342 2285 et
1366 2235 1618 2302 sapientia
1646 2240 1781 2292 stul-

256 2308 444 2372 titiam,
471 2318 532 2364 et
559 2314 822 2368 sobrietas
859 2317 1123 2371 luxuriam
1157 2320 1394 2390 iugabit;
1425 2333 1580 2393 atque
1607 2327 1673 2379 ita
1699 2330 1787 2382 de-

253 2397 417 2464 pulsis
448 2415 519 2452 ex
556 2404 842 2472 semetipsa
880 2407 1270 2463 habitatoribus
1320 2412 1579 2480 barbaris,
1634 2417 1789 2473 civile

256 2496 307 2538 et
335 2487 635 2556 legitimum
683 2495 966 2550 virtutibus
1008 2499 1262 2566 praebebit
1305 2502 1610 2571 hospitium.
1646 2506 1788 2571 Quo-

259 2575 410 2628 modo
442 2592 579 2642 ergo
601 2579 713 2646 jam
750 2582 957 2648 plenam
992 2587 1273 2642 virtutibus
1313 2591 1542 2644 animam
1584 2593 1784 2658 justum

260 2664 359 2716 erit
387 2665 453 2718 de
479 2666 568 2719 his
591 2682 819 2735 arguere
843 2686 959 2738 quae
985 2669 1202 2741 gesserit
1232 2692 1352 2730 cum
1389 2682 1614 2734 nondum
1647 2693 1788 2738 esset

262 2754 426 2807 amica
458 2758 742 2820 virtutum,
769 2770 823 2813 et
853 2763 916 2815 de
945 2764 1210 2832 impietate
1239 2768 1401 2834 piam,
1431 2770 1496 2822 de
1532 2773 1785 2838 iniustitia

255 2840 464 2909 justam,
499 2846 567 2899 de
602 2846 810 2901 luxuria
849 2852 1077 2905 sobriam
1108 2857 1497 2913 condemnare?
1524 2861 1633 2916 Hoc
1659 2877 1786 2934 ergo

261 2932 410 2986 modo
441 2935 608 2987 etiam
638 2937 688 2989 in
719 2937 800 2991 his
821 2955 1042 3007 quorum
1063 2945 1294 2999 remissae
1319 2957 1441 3001 sunt
1459 2932 1782 3020 iniquitates,

261 3029 313 3072 et
337 3035 563 3089 quorum
621 3032 760 3079 tecta
815 3038 939 3081 sunt
996 3044 1208 3097 peccata
1246 3036 1310 3098 ⁷⁸,
1357 3040 1649 3097 credendus
1704 3053 1784 3099 est

262 3110 392 3165 Deus
418 3114 710 3166 secundum
743 3117 1020 3172 veritatem
1052 3133 1264 3177 servare
1288 3124 1568 3191 judicium.

323 3198 377 3250 2.
430 3219 449 3250 ί
485 3201 782 3257 Existimas
815 3215 994 3260 autem
1030 3209 1166 3273 hoc,
1211 3225 1244 3264 ο
1292 3213 1447 3267 homo
1478 3218 1651 3271 omnis
1695 3222 1784 3288 qui

254 3283 454 3351 iudicas
487 3303 587 3344 eos
620 3291 710 3358 qui
738 3292 860 3344 talia
885 3305 1066 3363 agunt,
1094 3305 1147 3350 et
1173 3297 1304 3352 facis
1331 3301 1440 3359 illa.
1470 3304 1590 3370 quia
1623 3313 1674 3358 tu
1705 3283 1784 3360 ef-

259 3370 420 3442 fugies
444 3376 706 3442 judicium
734 3379 827 3436 Dei
844 3383 888 3413 ⁸ο
909 3383 932 3434 Ἰ
950 3402 968 3434 ι
989 3383 1043 3437 Si
1070 3387 1244 3438 omnia
1274 3403 1388 3453 quae
1408 3389 1513 3443 Lex
1534 3392 1782 3459 loquitur,

258 3460 338 3515 his
367 3466 453 3532 qui
481 3468 531 3518 in
566 3467 689 3533 lege
729 3481 852 3523 sunt
890 3471 1155 3540 loquitur;
1193 3484 1246 3528 et
1271 3491 1386 3543 quae
1423 3479 1780 3548 Evangelium,

259 3551 336 3603 vel
361 3555 650 3621 Apostolus
697 3575 836 3612 utmc
884 3560 1136 3628 loquitur,
1173 3579 1275 3617 non
1311 3568 1636 3633 principibus
1681 3587 1780 3625 saa-

256 3639 376 3702 culi,
405 3657 503 3696 nec
529 3646 748 3713 regibus
775 3651 974 3713 mundi,
995 3653 1084 3705 sed
1109 3652 1462 3706 Ecclesiarum
1489 3660 1781 3715 rectoribus

255 3736 307 3779 et
334 3732 670 3800 principibus
717 3734 985 3804 loquitur,
1031 3741 1111 3794 his
1149 3741 1391 3794 videlicet
1426 3747 1514 3812 qui
1540 3745 1781 3810 judicant

262 3830 352 3870 eos
369 3823 455 3889 qui
486 3824 636 3878 intus
667 3835 811 3888 sunt,
839 3827 887 3879 id
911 3839 990 3882 est
1024 3830 1308 3897 episcopis,
1345 3833 1427 3884 vel
1460 3837 1780 3904 presbyteris

257 3916 308 3957 et
337 3911 676 3968 diaconihus.
709 3915 804 3968 His
833 3931 958 3984 ergo
986 3917 1113 3971 dicit
1148 3933 1212 3972 ne
1245 3921 1549 3975 existiment
1596 3939 1652 3977 se
1698 3925 1778 3978 ef-

257 4004 433 4072 fugere
456 4003 723 4068 judicium
753 4004 866 4067 Dei,
905 4007 945 4058 si
978 4021 1037 4059 ea
1066 4009 1394 4061 committant
1423 4011 1540 4078 ipsi,
1565 4014 1630 4065 de
1657 4017 1778 4081 qui-

256 4092 350 4145 bus
385 4093 520 4146 alios
554 4091 801 4158 judicant
826 4103 879 4146 et
909 4095 1279 4148 condemnant.
1319 4097 1379 4148 Et
1419 4099 1540 4153 ideo
1575 4110 1782 4166 oportet

253 4193 695 4249 unumquemque
719 4182 782 4235 de
810 4197 904 4234 sua
927 4183 1071 4250 prius
1097 4184 1415 4237 conscientia
1436 4188 1696 4254 judicare,
1729 4200 1782 4244 et

1888 1792 1984 1829 νει]
1995 1793 2004 1828 l
2016 1793 2088 1829 re.

1956 1864 2007 1915 5.
2042 1881 2060 1914 ‹
2086 1865 2190 1918 Aut
2228 1867 2439 1920 divitias
2469 1867 2719 1923 bonitatis
2745 1871 2878 1938 ejus,
2903 1883 2956 1924 et
2985 1877 3402 1939 sustentationis,

1886 1962 1937 2004 et
1969 1954 2236 2020 patientire
2262 1957 2588 2009 contemnis?
2636 1959 2848 2026 Ignoras
2895 1960 3004 2028 (28)
3035 1963 3280 2026 quoniam
3317 1967 3408 2017 be-

1887 2043 2114 2110 nignitas
2146 2044 2231 2096 Dei
2263 2046 2325 2096 ad
2363 2048 2724 2111 pmnitentiam
2747 2058 2795 2100 te
2816 2050 3124 2103 adducit”?
3148 2071 3165 2102 ι
3187 2053 3405 2109 Divitias

1888 2133 2142 2186 bonitatis
2171 2133 2259 2186 Dei
2308 2135 2396 2187 ille
2427 2151 2714 2201 agnoscere
2755 2146 2943 2202 potest,
2981 2142 3069 2208 qui
3102 2145 3404 2197 considerat

1886 2229 2080 2286 quanta
2110 2221 2160 2273 in
2191 2223 2343 2274 terris
2374 2224 2507 2276 mala
2537 2226 2773 2290 quotidie
2810 2228 3053 2283 homines
3092 2244 3299 2299 gerunt,
3350 2245 3405 2289 et

1886 2309 2148 2374 quomodo
2171 2323 2302 2375 pene
2333 2324 2519 2363 omnes
2547 2311 2892 2373 declinantes,
2920 2324 2974 2367 et
3004 2317 3160 2369 simul
3192 2319 3403 2374 inutiles

1887 2395 2007 2447 facti
2045 2395 2108 2456 ⁸⁸,
2159 2395 2317 2448 latam
2366 2407 2421 2450 et
2478 2399 2762 2465 spatiosum
2793 2402 3100 2466 perditionis
3135 2407 3406 2460 ambulant

1886 2485 2045 2547 viam,
2082 2497 2306 2554 angusto
2325 2488 2444 2540 vitae
2466 2488 2653 2542 itinere
2675 2491 2912 2558 neglecto
2926 2491 2994 2557 ⁸⁷,
3015 2503 3068 2547 et
3094 2504 3267 2551 tamen
3292 2499 3402 2569 (ΞΩ)

1885 2575 1967 2628 bis
1991 2578 2240 2631 omnibus
2271 2581 2432 2631 Deum
2464 2580 2839 2646 producentem
2875 2583 3038 2638 solem
3073 2600 3226 2638 suum
3271 2603 3404 2654 quo-

1885 2667 2028 2728 tidie,
2059 2676 2113 2719 et
2140 2666 2342 2732 pluvias
2382 2669 2772 2723 ministrantem
2800 2672 2883 2734 ⁸⁸;
2935 2681 2987 2728 et
3020 2677 3106 2741 qui
3153 2679 3400 2731 conside-

1883 2763 1966 2807 rat
1997 2754 2303 2824 ('50)quanti
2327 2757 2562 2824 quotidie
2617 2759 2667 2811 in
2695 2759 2856 2814 Deum
2879 2763 3329 2831 blasphemant,et
3350 2772 3400 2823 in

1883 2844 2071 2896 caelum
2099 2846 2392 2899 extendunt
2417 2847 2623 2914 linguas
2644 2863 2767 2903 suas
2789 2851 2853 2903 ³³.
2873 2850 2986 2904 Jam
3008 2854 3133 2921 quid
3161 2856 3226 2909 de
3251 2856 3402 2910 frau-

1883 2935 2057 2996 dibus,
2092 2939 2157 2988 de
2186 2936 2232 2986 vi
2263 2936 2393 3004 (51),
2427 2937 2493 2989 de
2519 2939 2742 3000 scelere,
2769 2939 2835 2992 de
2863 2945 3153 3012 sacrilegiis
3205 2957 3258 2998 et
3285 2949 3400 3036 ινξι-

1883 3024 2016 3077 eulis
2051 3025 2258 3076 dicam?
2301 3027 2506 3088 Quibus
2549 3035 2720 3079 tamen
2756 3031 3002 3083 omnibus
3052 3033 3105 3084 iu
3148 3034 3245 3087 hoc
3283 3024 3400 3089 loco

1883 3112 1956 3164 illi
1983 3112 2229 3165 videntur
2247 3115 2294 3165 in
2317 3116 2518 3166 scelere
2543 3117 2796 3182 praeferri,
2819 3121 2906 3186 qui
2927 3120 3058 3174 alios
3079 3120 3395 3191 judicantes,

1882 3201 1979 3268 ipsi
2025 3204 2364 3254 committunt
2404 3219 2520 3272 quae
2555 3207 2606 3256 in
2658 3209 2866 3261 cteteris
2911 3211 3154 3276 puniunt.
3189 3213 3242 3266 Si
3277 3217 3398 3282 quis

1882 3304 2006 3358 ergo
2038 3291 2173 3343 hanc
2209 3292 2498 3346 bonitatem
2530 3295 2645 3355 Dei,
2685 3306 2739 3348 et
2779 3300 3212 3354 sustentationem
3254 3303 3396 3372 ejus,

1879 3389 1932 3430 et
1957 3379 2259 3442 patientiam
2292 3383 2601 3444 contemnit,
2633 3385 2837 3452 ignorat
2875 3389 3014 3453 quod
3057 3403 3150 3455 per
3183 3391 3297 3445 hzec
3327 3394 3393 3444 ad

1879 3469 2244 3536 paenitentiam
2273 3481 2606 3537 provocatur.
2640 3473 2963 3530 Sustentatio
2989 3491 3114 3531 vero
3137 3493 3164 3530 a
3191 3480 3394 3547 patien-

1882 3560 1951 3608 tia
1981 3559 2077 3610 hoc
2100 3559 2307 3610 videtur
2333 3559 2561 3622 diﬁ‘erre,
2595 3565 2732 3628 quod
2761 3566 2847 3630 qui
2875 3565 3179 3622 inﬁrmitate
3210 3573 3395 3637 magis,

1889 3664 2044 3715 quam
2095 3650 2366 3716 proposito
2401 3651 2729 3717 delinquunt,
2765 3658 3048 3708 sustentari
3096 3659 3343 3712 dicuntur
3375 3678 3391 3712 :

1882 3740 1972 3805 qui
2005 3753 2132 3792 vero
2170 3741 2422 3805 pertinaci
2475 3751 2648 3795 mente
2698 3746 2841 3797 velut
2889 3749 3156 3802 exsultant
3197 3750 3306 3819 (52)
3340 3750 3390 3804 in

1880 3832 2084 3885 delictis
2116 3834 2243 3894 suis,
2275 3833 2396 3886 ferri
2428 3835 2682 3898 patienter
2713 3839 2916 3890 dicendi
2957 3848 3098 3892 sunt.
3127 3842 3228 3895 Sed
3257 3843 3394 3895 sicut

1880 3921 2054 3972 omnia
2083 3921 2134 3972 in
2167 3935 2409 3974 mensura
2441 3921 2567 3974 fecit
2607 3923 2761 3986 Deus.
2799 3936 2851 3979 et
2883 3929 3134 3993 pondere,
3185 3939 3240 3981 et
3288 3945 3386 3981 nu-

1880 4023 2026 4062 mero
2053 4009 2118 4073 '°,
2165 4009 2232 4062 ita
2269 4011 2427 4062 etiam
2477 4012 2745 4078 patientiae
2786 4015 2900 4081 ejus
2955 4026 3098 4070 certa
3147 4031 3391 4072 mensura

1881 4105 1992 4150 est:
2031 4113 2187 4165 quam
2217 4113 2512 4152 mensuram
2537 4101 2857 4154 credendum
2891 4115 2970 4158 est
2993 4120 3112 4159 esse
3145 4120 3390 4159 consum-

1889 4197 2081 4238 matam
2117 4187 2228 4254 (55)
2258 4187 2339 4240 vel
2369 4189 2434 4241 ab
2465 4189 2546 4242 his
2567 4189 2652 4255 qui
2676 4190 2874 4244 diluvio
2899 4195 3187 4260 perierunt,
3217 4194 3298 4247 vel
3323 4197 3390 4248 ab

251 4277 375 4324 tunc
407 4272 524 4338 ejus
557 4285 718 4340 quem
760 4271 981 4336 judicat,
1027 4282 1172 4340 gesta
1210 4275 1490 4329 discutere.
1543 4277 1690 4342 Quod
1736 4282 1778 4332 si
1811 4315 1854 4368 Β
1881 4275 1964 4327 bis
2001 4275 2088 4341 qui
2120 4277 2171 4327 in
2204 4275 2448 4368 Sodomis
2473 4279 2672 4332 caelesti
2708 4280 2827 4349 igne
2856 4283 3042 4335 vastati
3075 4293 3216 4336 sunt.
3242 4283 3394 4338 Unde

253 4357 423 4422 ﬁeret,
450 4362 634 4414 omnis
675 4361 882 4428 penitus
923 4361 1149 4414 adeundi
1184 4362 1397 4417 honoris
1427 4366 1774 4422 ecclesiastici

251 4447 658 4504 abscinderetur
681 4449 916 4510 ambitio,
942 4450 986 4502 si
1015 4465 1072 4503 se
1091 4450 1403 4517 judicandos
1425 4455 1599 4521 potius
1625 4472 1777 4524 quam

317 4561 362 4592 ⁷³
387 4560 529 4616 Psal.
548 4577 698 4624 xm,
733 4563 782 4614 1.

250 4627 413 4682 IIebr.
441 4646 544 4693 xu,
573 4631 627 4684 6.

251 4695 306 4752 9.
377 4699 422 4730 ⁹⁰
450 4701 585 4768 Sap.
635 4713 710 4764 ιι,
743 4698 830 4752 21.
907 4699 948 4728 ⁹¹
975 4698 1108 4753 Gen.
1137 4715 1225 4759 xv,
1255 4701 1342 4753 16.

319 4833 432 4900 (26)
469 4832 570 4885 Ms.
618 4831 817 4900 Regius
855 4846 996 4884 num.
1047 4830 1200 4892 1659,
1250 4848 1268 4881 ι
1311 4846 1553 4896 reversa;
1587 4849 1625 4900 »ὴ
1652 4830 1782 4900 alter

253 4900 648 4961 Vallis-Clarae,
694 4899 745 4953 et
789 4899 1177 4963 Genebrardus,
1207 4917 1224 4949 ‹
1251 4901 1505 4967 ingressa.
1533 4918 1551 4949 ι
1593 4899 1780 4953 Caneri

252 4983 380 5022 mss.
418 4969 657 5046 eteiliti,
693 4986 712 5018 ι
739 4981 998 5045 regressa.
1028 4985 1046 5016 ι
1212 5041 1222 5046 _
1345 5042 1356 5046 _
1522 5042 1531 5046 _
1582 5033 1594 5046 .
1653 5033 1683 5046 ..

321 5038 430 5102 (27)
485 5036 760 5095 Rabanus,
804 5033 843 5082 ί(
875 5036 962 5100 qui
1001 5041 1258 5102 praesunt,
1309 5042 1364 5102 et
1419 5042 1538 5086 sunt
1576 5033 1778 5102 judices

254 5100 590 5170 populerum.
641 5121 661 5154 ι
713 5103 873 5154 Paulo
905 5112 1143 5170 postﬁms.
1176 5100 1427 5170 Regius“
1447 5116 1589 5152 num.
1621 5101 1775 5170 1659,

263 5167 399 5239 iqui
447 5170 682 5239 alienum
725 5171 920 5237 ignem.
953 5187 971 5218 ι
1017 5169 1082 5220 Ει
1115 5167 1358 5239 ἰηΐτειίὶη
1400 5167 1503 5220 ﬁne
1545 5169 1776 5230 articuli,

257 5237 442 5291 omnes
469 5239 601 5312 editi
623 5238 852 5312 habent,
886 5253 904 5284 ι
939 5251 1038 5287 non
1065 5237 1355 5312 pervenire,
1393 5251 1410 5283 ι

327 5307 434 5372 (ἳὸ)
471 5306 601 5358 Mss.
633 5307 756 5365 duo,
790 5323 809 5352 ‹
842 5298 1136 5372 ignorans.»
1164 5298 1781 5372 thteri_tnss.,Rabanus

265 5384 314 5424 et
336 5365 466 5426 ‘edi'ti
508 5391 526 5422 ι
555 5378 784 5441 ignoras,
808 5391 826 5420 ι
847 5365 948 5441 etc.
973 5370 1204 5441 Mox_ms.
1236 5369 1430 5435 Regius
1452 5383 1596 5420 num.
1627 5365 1778 5430 1659,

271 5457 287 5487 ι
316 5436 760 5513 divitias_quippe
791 5438 1039 5513 bonitatis
1067 5436 1226 5513 _Dei,_i
1265 5447 1391 5513 etet
1413 5503 1426 5513 _
1531 5508 1540 5513 Δ
1686 5510 1695 5513 Δ
1727 5501 1740 5513 ε

336 5509 444 5577 (9.9)
475 5525 494 5558 ι
523 5503 746 5559 Tamen.
779 5527 796 5553 ι
832 5504 887 5554 In
917 5508 1085 5553 antea"
1100 5506 1248 5556 editis
1279 5503 1626 5566 desideratur,
1649 5510 1700 5555 et
1727 5503 1778 5554 in

623 5596 906 5662 Panos...
925 5591 1035 5648 Gn.
1078 5589 1233 5650 XIV.

856 4562 900 4592 ⁸ο
922 4560 1070 4615 Rom.
1099 4578 1158 4620 ιι.
1186 4563 1238 4616 5.
1310 4564 1350 4594 ⁸¹
1370 4563 1508 4617 Psal.
1529 4581 1786 4627 cxxxvut.
1811 4569 1856 4620 7.

743 4629 1070 4702 tf'_R0t_n._tt,
1107 4631 1160 4684 4.
1231 4631 1276 4702 ‘f
1303 4631 1439 4687 Psal.
1480 4649 1577 4696 LII,
1607 4635 1659 4687 4.
1735 4637 1778 4668 ⁸⁷
1810 4636 1996 4690 Matth.
2040 4649 2132 4697 vn,
2170 4635 2252 4699 15,
2295 4636 2381 4688 14.
2452 4637 2497 4668 ⁸⁸
2525 4638 2708 4697 Matth.
2735 4629 2787 4701 ν,
2829 4638 2915 4694 45.
2985 4639 3029 4670 "
3059 4637 3196 4690 Psal.
3225 4629 3390 4702 sxxii,

1879 4373 1932 4417 et
1956 4366 2019 4418 de
2053 4366 2378 4418 Amorrhmis
2403 4367 2628 4422 dicitur:
2677 4387 2694 4420 ι
2734 4369 2974 4424 Nondum
3007 4373 3146 4425 enim
3195 4374 3392 4440 repleta

1881 4462 2005 4508 sunt
2049 4453 2158 4522 (54)
2193 4464 2405 4521 peccata
2443 4456 2870 4511 Amorrhzeorum
2904 4468 3071 4527 usque
3107 4475 3246 4514 nune
3271 4459 3337 4516 ⁹¹.
3367 4479 3388 4512 ι

1947 4567 1990 4598 ⁸⁸
2018 4567 2031 4618 Ι
2057 4565 2290 4636 Ρθιτηιν,
2312 4567 2394 4619 17.
2469 4569 2513 4600 ⁸³
2530 4569 2696 4623 Levit.
2727 4585 2779 4630 κ,
2801 4569 2856 4623 5.
2925 4570 2971 4602 ⁸⁸
2998 4569 3153 4621 Prov.
3181 4584 3263 4631 ιιι,
3292 4574 3390 4636 12;

1885 4841 1989 4896 uno
2044 4841 2147 4896 ms.
2194 4826 2371 4896 Regio,
2428 4828 2859 4896 sedirestituitur
2894 4844 2960 4882 ex
3012 4833 3222 4886 caeteris
3260 4850 3388 4891 mss.

1953 4894 2061 4963 (50)
2090 4896 2179 4948 Sic
2204 4894 2308 4966 tus.
2339 4895 2918 4966 valli55Clarze._Caeteri
2947 4911 3070 4948 vero
3107 4913 3265 4966 mss.,
3290 4903 3395 4958 Ra-

1881 4966 2048 5018 banus
2071 4974 2122 5015 et
2152 4964 2277 5015 editi
2312 4981 2330 5013 ι
2366 4963 2408 5016 si
2439 4965 2554 5028 quis
2583 4964 2901 5028 consideret,
2933 4981 2951 5012 ι
2985 4974 3086 5014 etc.

1949 5029 2056 5095 (51)
2078 5027 2162 5078 Sic
2182 5035 2320 5095 recte
2333 5026 2469 5095 mss.“
2481 5029 2741 5095 plerique.
2769 5026 2902 5095 Editi
2921 5044 3044 5080 vero
3064 5038 3117 5082 et
3139 5047 3246 5087 ms.
3268 5055 3405 5093 unus

1877 5093 2068 5164 Regius
2086 5110 2231 5164 num.
2255 5093 2402 5164 1640,
2424 5112 2442 5142 ι
2457 5094 2524 5164 de
2543 5093 2697 5147 vitiis.
2724 5093 3003 5164 {Raoapus
3021 5116 3035 5145 α
3060 5098 3125 5148 de
3145 5101 3368 5159 divitiis.
3384 5127 3400 5154 ι

1949 5159 2056 5231 (52)
2081 5163 2150 5213 Ita
2181 5175 2306 5231 mss.
2341 5161 2665 5231 pleriqueet
2687 5161 2837 5231 editi.
2885 5159 3131 5231 Rabauus
3180 5177 3316 5218 vero
3351 5175 3406 5218 et

1882 5226 1981 5286 ms.
2023 5226 2156 5281 unus
2182 5226 2373 5294 Regius
2405 5229 2724 5285 num.164l,
2766 5243 2784 5274 ι
2820 5226 3091 5294 insultant.
3125 5246 3143 5277 ι

1953 5297 2060 5370 (55)
2087 5299 2174 5349 Sic
2200 5296 2442 5370 [tabanus
2464 5305 2516 5346 et
2548 5297 2744 5370 rectius
2763 5293 2986 5370 quidem
3011 5307 3168 5370 quam
3223 5312 3244 5345 ι
3277 5311 3408 5351 con.

1885 5362 2163 5440 sumptam,
2199 5380 2216 5411 ι
2254 5363 2532 5440 utOhabent
2563 5362 2694 5440 editi
2723 5368 2778 5440 et
2803 5374 2937 5440 mss.
2965 5362 3154 5440 nostri.
3242 5427 3255 5439 .

1955 5427 2060 5503 (δί)
2088 5432 2207 5482 Mss.
2238 5430 2447 5503 quidam
2483 5448 2500 5478 ‹
2528 5429 2785 5503 completa
2821 5435 3017 5503 sunt.)
3051 5427 3262 5480 Cmteri
3294 5443 3422 5484 vero
3493 5480 3495 5483 ,

1888 5495 2184 5566 ιηές.,ὐιιὶιί
2216 5507 2264 5550 et
2296 5495 2558 5557 Rabanus,
2590 5515 2609 5548 ‹
2645 5495 2844 5562 repleta
2879 5501 3054 5546 sunt.»

3021 5581 3097 5640 28
