3836 6280
327 294 428 348 875

1757 286 2067 342 ORIGENIS

3507 285 3614 338 876

325 409 447 463 Fert
476 423 598 477 ergo
639 409 774 460 Deus
805 406 1089 473 patienter,
1120 415 1171 458 et
1205 415 1474 473 exspectat
1505 404 1846 470 uniuscujus-
1878 409 1919 464 Α
1950 404 2124 457 omnia
2159 419 2272 471 quae
2303 406 2411 472 agit
2439 406 2597 474 digna
2638 413 2771 458 sunt
2812 418 2997 472 regno
3035 399 3336 455 caelorum
3369 417 3381 451 :
3419 410 3477 452 et
3505 401 3611 452 iste

323 518 424 566 quc
458 497 841 567 paenitentiam.
897 494 999 548 Sed
1048 509 1150 546 non
1201 511 1297 548 nos
1340 495 1593 548 dissolvat
1628 495 1747 561 hoc,
1799 506 1850 548 ct

325 590 501 639 tardos
534 585 596 637 ad
627 584 1028 638 conversionem
1056 583 1251 645 faciat,—
1279 584 1402 649 quia
1433 597 1618 636 rursus
1640 584 1849 652 patien-

325 679 408 728 tize
443 676 556 743 ejus
580 683 632 728 et
668 673 1069 728 sustentationis
1094 683 1236 728 certa
1274 689 1520 727 mensura
1543 681 1642 726 est.

390 766 442 816 ὁ.
485 784 501 814 ι
544 764 842 817 Secundum
879 763 1126 815 duritiam
1154 773 1330 816 autem
1360 773 1523 825 tuam,
1549 769 1602 816 et
1627 776 1719 814 cor
1746 762 1848 814 im-

323 855 607 919 pmuitens,
651 853 980 904 thesaurizas
1020 851 1111 903 tibi
1168 852 1270 918 ipsi
1320 853 1455 904 iram
1509 851 1561 903 in
1607 851 1693 904 die
1738 852 1848 913 irae,

321 944 482 1013 478
509 942 927 996 ctrevelationis
971 942 1100 1009 justi
1131 941 1316 1009 judicii
1364 942 1477 1004 Dei,
1527 943 1613 1008 qui
1670 943 1852 995 reddet

321 1035 605 1100 unicuique
639 1033 926 1086 secundum
962 1047 1121 1099 opera
1166 1033 1364 1100 ejus".
1406 1051 1422 1082 ›
1459 1032 1564 1085 Cor
1589 1033 1846 1085 durumin

321 1125 610 1193 Scripturis
657 1123 758 1177 dici
804 1124 1035 1188 videtur,
1080 1139 1198 1176 cum
1235 1138 1383 1176 mens
1431 1125 1661 1176 humana
1707 1123 1850 1176 velut

322 1229 446 1268 cera
498 1214 697 1281 frigore
731 1214 1026 1283 iniquitatis
1058 1214 1312 1268 obstricta
1345 1213 1674 1281 signaculum
1718 1215 1849 1266 ima-

320 1304 460 1370 ginis
491 1303 682 1357 divina:
717 1317 818 1355 non
855 1303 1066 1372 recipit.
1111 1302 1221 1356 l'loc
1264 1304 1401 1356 idem
1432 1302 1554 1356 alibi
1582 1317 1677 1355 cor
1702 1316 1851 1355 cras-

321 1410 436 1448 sum
465 1393 779 1462 appellatur,
806 1395 948 1448 sicut
973 1408 1092 1447 cum
1118 1395 1313 1448 dicitur
1344 1394 1489 1461 (55):
1526 1411 1544 1442 ι
1580 1393 1849 1446 [ncrassa-

323 1497 430 1538 tum
467 1492 548 1538 est
581 1497 671 1536 cor
707 1484 882 1551 populi
914 1483 1067 1550 hujus
1086 1486 1208 1537 ον.)
1243 1483 1584 1537 Contrarium
1623 1496 1750 1535 vero
1770 1491 1850 1536 est

320 1576 453 1627 duro
478 1574 657 1638 molle,
681 1574 822 1642 quod
864 1574 915 1626 in
951 1575 1240 1641 Scripturis
1271 1587 1362 1626 cor
1385 1586 1636 1625 carneum
1679 1573 1850 1624 nomi-

321 1673 474 1716 natur
504 1664 594 1728 ⁹³;
636 1673 689 1716 et
723 1677 907 1718 crasso
955 1664 1063 1734 (56)
1110 1663 1318 1724 subtile,
1368 1663 1448 1715 vel
1498 1673 1675 1724 tenue,
1711 1662 1846 1728 quod

316 1752 599 1818 Apostolus
648 1752 946 1819 spiritalem
995 1752 1261 1804 hominem
1313 1759 1465 1804 vocat
1491 1750 1536 1779 3‘
1581 1763 1699 1802 eum
1755 1749 1843 1816 qui

317 1843 586 1895 examinat
634 1842 831 1895 omnia.
887 1841 1050 1910 igitur
1081 1855 1205 1894 cum
1238 1841 1358 1907 quis
1393 1840 1493 1893 scit
1535 1854 1654 1906 qua:
1701 1837 1839 1891 bona

318 1943 458 1999 sunt,
486 1942 539 1988 et
565 1948 668 1988 non
701 1933 810 2002 agit
840 1935 994 1996 bona,
1045 1947 1138 2000 per
1190 1932 1442 1986 duritiam
1494 1931 1670 1986 cordis
1713 1946 1844 1985 con-

319 2035 573 2091 temptum
603 2023 842 2075 omnium
875 2023 1137 2076 bonorum
1170 2023 1365 2076 habere
1411 2023 1705 2077 credendus
1739 2034 1837 2077 est.

316 2113 627 2166 Crassitudo
659 2125 784 2165 vero
813 2111 990 2164 cordis
1021 2122 1120 2174 est,
1155 2111 1242 2164 ubi
1270 2110 1478 2164 subtilis
1500 2120 1552 2162 et
1594 2112 1844 2179 spiritalis

316 2200 682 2269 intelligentia:
713 2216 815 2254 non
865 2199 1118 2268 recipitur
1160 2213 1346 2252 sensus
1387 2214 1397 2248 :
1452 2207 1504 2252 et
1531 2201 1599 2252 ita
1625 2215 1718 2253 cor
1744 2201 1844 2254 im-

316 2293 581 2358 ptenitens
607 2291 851 2346 effectum
889 2291 1214 2345 thesaurizat
1255 2289 1357 2343 sibi
1390 2289 1487 2356 ipsi
1513 2290 1645 2343 iram
1677 2291 1728 2344 in
1757 2293 1844 2346 die

318 2383 427 2444 irae,
460 2391 514 2435 et
548 2381 884 2435 revelationis
914 2381 1042 2448 justi
1083 2380 1267 2448 judicii
1319 2379 1436 2446 Dei,
1483 2385 1603 2438 dum
1650 2383 1844 2435 bonum

317 2487 449 2540 opus
483 2486 588 2524 non
615 2471 792 2538 agitur
818 2486 910 2538 per
939 2469 1189 2524 duritiam
1213 2487 1226 2534 ;
1259 2473 1560 2527 intellectus
1590 2486 1718 2526 vero
1747 2473 1844 2528 bo-

317 2574 415 2613 nus
439 2574 535 2626 per
564 2558 968 2612 crassitudinem
991 2558 1166 2612 cordis
1194 2560 1510 2614 excluditur.
1536 2561 1735 2630 (57)De
1766 2563 1846 2616 ira

322 2658 498 2702 autem
527 2647 620 2702 Dei
653 2655 706 2700 et
734 2649 997 2714 superius,
1030 2657 1283 2716 quantum
1313 2665 1398 2704 res
1428 2651 1536 2718 pati
1564 2651 1762 2716 voluit,
1793 2661 1847 2706 et

316 2737 369 2789 in
409 2735 526 2789 aliis
563 2736 694 2790 locis
741 2750 879 2803 saepe
901 2736 1183 2790 dissertum
1230 2747 1331 2792 est.
1373 2739 1521 2803 Quod
1543 2753 1670 2794 vero
1693 2740 1844 2805 dicit,

329 2846 347 2876 ι
381 2827 730 2882 Thesaurizas
767 2828 860 2881 tibi
891 2828 988 2897 ipsi
1019 2829 1154 2882 iram
1195 2832 1246 2883 in
1276 2830 1361 2884 die
1384 2831 1494 2896 iraa,
1530 2848 1551 2882 ι
1597 2831 1842 2885 conside-

316 2916 538 2992 randum
570 2926 674 2971 est.
707 2916 1016 2972 Thesaurus
1037 2920 1354 2988 appellatur,
1382 2935 1486 2989 quo
1512 2921 1707 2976 diversi
1754 2937 1846 2992 ge-

1956 493 2073 546 talis
2120 494 2422 546 divitiarmn
2444 511 2668 549 suarum
2703 495 3017 547 thesauros
3053 490 3267 544 condit
3303 489 3364 541 in
3421 479 3623 543 cmlis.'

1954 582 2030 635 lta
2059 583 2220 651 igitur
2256 584 2682 651 uniuscujusque
2721 583 2981 636 thesauri
3021 593 3350 648 possessor
3377 586 3440 631 et
3479 593 3616 630 con-

1953 672 2091 726 ditor
2122 682 2292 741 potest
2325 673 2459 726 alius
2499 674 2721 739 quidem
2779 671 3069 735 carnalis,
3106 669 3271 722 alius
3310 685 3457 724 vero
3494 671 3615 722 ani-

1952 764 2106 818 malis
2131 775 2307 828 nomo,
2337 765 2474 816 alius
2503 772 2687 815 autem
2715 761 3043 829 spiritualis
3079 758 3415 828 appellari.
3456 757 3616 812 Nunc

1947 857 2054 922 jam
2088 855 2366 908 videamus
2391 869 2509 921 qua:
2537 863 2620 907 est
2647 854 2772 906 dies
2819 852 2944 916 irm,
2987 865 3175 920 quam
3217 850 3320 904 hic
3374 849 3618 918 Aposto-

1952 945 2032 998 lus
2081 942 2355 1007 nominat,
2407 957 2526 1010 qua:
2576 951 2762 996 tamen
2803 941 3049 994 facilius
3085 941 3513 1008 dignoscetur,
3568 941 3617 994 si

1953 1033 2016 1084 de
2042 1047 2104 1084 ea
2134 1033 2258 1099 quid
2284 1032 2446 1084 etiam
2477 1031 2702 1100 reliqua:
2737 1030 3071 1099 Scriptura:
3107 1030 3395 1084 indicent
3431 1031 3622 1098 requi-

1952 1135 2151 1174 ramus.
2197 1121 2323 1186 Quae
2351 1135 2479 1188 ergo
2527 1122 2595 1174 ad
2634 1135 2893 1190 praesens
2937 1121 3232 1188 exempla
3302 1135 3621 1176 occurrere

1949 1218 2215 1277 poterunt,
2267 1211 2592 1277 aptabimus,
2651 1220 2708 1263 et
2760 1224 2830 1264 ex
2885 1209 2983 1263 bis
3025 1225 3172 1278 qua:
3217 1210 3302 1264 sit
3351 1211 3480 1265 dies
3529 1212 3621 1268 ira

1951 1301 2358 1357 monstrabitur.
2395 1300 2673 1368 Scriptum
2702 1309 2791 1355 est
2836 1300 2895 1354 in
2956 1300 3160 1356 Amos
3212 1305 3616 1372 prOpheta":

1957 1408 1973 1437 r
2020 1388 2104 1442 Vae
2135 1391 2217 1443 his
2248 1392 2335 1457 qui
2371 1391 2695 1446 desiderant
2725 1393 2877 1447 diem
2916 1392 3195 1447 Domini.
3241 1393 3328 1448 Ut
3356 1395 3497 1463 quid
3528 1411 3620 1451 vo-

1949 1480 2029 1532 bis
2059 1480 2195 1533 diem
2225 1480 2476 1533 Domini?
2507 1492 2562 1534 et
2596 1483 2717 1535 haec
2748 1491 2838 1536 est
2875 1483 3186 1548 tenebras,
3221 1495 3287 1537 et
3328 1501 3448 1539 non
3497 1485 3615 1539 lux.

1950 1568 2402 1632 Quemadmodum
2459 1573 2505 1622 si
2553 1569 2784 1640 effugiat
2838 1572 3026 1626 homo
3061 1587 3094 1624 a
3133 1572 3301 1627 facie
3335 1573 3540 1638 leonis,
3571 1587 3624 1631 et

1950 1665 2194 1710 occurrat
2225 1658 2272 1710 ei
2303 1672 2480 1720 ursus,
2513 1670 2566 1712 et
2595 1659 2767 1714 intret
2799 1660 2858 1713 in
2894 1662 3164 1715 domum
3201 1677 3408 1727 suam,
3437 1675 3495 1718 et
3524 1680 3621 1719 ex-

1949 1751 2130 1800 tendat
2159 1761 2347 1801 manus
2373 1762 2497 1800 suas
2526 1749 2592 1800 ad
2615 1749 2922 1817 parietem,
2944 1761 3007 1804 et
3032 1753 3333 1806 mordeat
3355 1769 3490 1808 eum
3510 1771 3624 1809 ser-

1945 1855 2094 1908 pens.
2121 1839 2307 1893 Nonne
2333 1841 2572 1895 tenebras
2599 1850 2730 1895 sunt
2763 1842 2888 1896 dies
2930 1842 3228 1909 Domini,
3269 1856 3332 1900 et
3359 1861 3472 1900 non
3525 1850 3621 1903 lux

1943 1938 1995 1982 et
2025 1929 2192 1995 caligo
2221 1944 2337 1997 quae
2363 1944 2466 1983 non
2497 1930 2814 1998 resplendet
2847 1933 2872 1985 ?
2905 1950 2926 1983 ›
3007 1935 3145 1988 Sed
3207 1947 3274 1990 et
3311 1937 3440 1991 Joel
3493 1939 3624 1996 dicit

1945 2019 2008 2071 ad
2042 2022 2360 2083 sacerdotes,
2400 2030 2452 2075 et
2481 2037 2577 2076 eos
2598 2023 2689 2090 qui
2719 2023 2891 2076 altari
2935 2026 3320 2082 deserviunt
3346 2031 3362 2061 ι
3390 2049 3402 2077 τ
3439 2048 3458 2081 ‹
3501 2032 3620 2085 Cla-

1945 2119 2083 2163 mate
2113 2110 2178 2162 ad
2209 2109 2491 2164 Dominum
2523 2112 2640 2164 sine
2670 2112 3048 2170 cessatione:
3074 2114 3214 2170 Heu
3244 2132 3368 2182 me,
3399 2119 3506 2171 heu
3536 2135 3621 2174 me

1944 2201 1996 2253 in
2015 2200 2172 2263 diem,
2193 2200 2315 2269 quia
2334 2202 2729 2269 propcestdies
2761 2201 3038 2268 Domini,
3082 2216 3150 2260 ct
3189 2208 3354 2262 sicut
3395 2210 3620 2263 miseria

1943 2306 2003 2344 ex
2022 2291 2236 2344 miseria
2253 2289 2459 2344 veniet!
2484 2308 2503 2340 ι
2532 2287 2592 2343 Et
2617 2299 2740 2359 post
2766 2304 2962 2358 pauca
2984 2293 3008 2322 ³
3043 2307 3061 2345 :
3099 2313 3121 2346 ι
3150 2293 3330 2349 Tuba
3359 2297 3544 2350 canite
3568 2299 3619 2350 in

1945 2375 2094 2440 Sion,
2107 2376 2393 2444 przedicate
2409 2375 2460 2430 in
2477 2385 2662 2430 monte
2680 2388 2885 2431 sancto
2906 2395 3078 2444 meo,
3099 2391 3166 2436 ct
3181 2384 3622 2439 confundantur

1943 2481 2129 2521 omnes
2161 2467 2255 2536 qui
2284 2466 2534 2520 habitant
2571 2481 2737 2536 super
2783 2475 3057 2536 terram,
3099 2475 3254 2542 quia
3299 2476 3470 2531 adest
3509 2477 3619 2530 dies

1943 2556 2174 2620 Domini,
2206 2555 2330 2623 quia
2371 2570 2540 2624 prope
2563 2566 2650 2611 est
2687 2558 2810 2612 dies
2851 2563 3274 2618 tenebrarum
3325 2576 3389 2621 et
3433 2567 3618 2635 caligi-

1942 2647 2046 2710 nis,
2078 2646 2191 2699 dies
2227 2645 2385 2701 nubis
2409 2657 2464 2700 et
2492 2647 2728 2702 nebulae.
2768 2647 2945 2703 Sicut
3006 2658 3397 2710 matutinum
3443 2658 3614 2712 eli'un-

1943 2735 2098 2789 detur
2141 2749 2300 2804 super
2345 2745 2556 2791 montes
2600 2737 2846 2806 populus
2887 2741 3142 2799 multus
3177 2755 3244 2801 et
3286 2747 3484 2803 fortis.
3535 2749 3615 2806 Si-

1944 2825 2082 2880 milis
2107 2825 2156 2879 ei
2185 2841 2290 2880 non
2341 2825 2438 2879 fuit
2468 2841 2499 2880 a
2545 2829 2771 2894 saculo,
2811 2840 2877 2885 et
2907 2842 3062 2900 post
3103 2836 3314 2905 ipsum
3349 2856 3466 2895 non
3518 2843 3618 2896 erit

1939 2930 2109 2984 usque
2137 2916 2190 2970 in
2225 2930 2394 2970 annos
2427 2918 3023 2978 smculisaeculorum.
3058 2927 3229 2984 Ante
3256 2930 3452 3000 ipsum
3485 2933 3618 3002 ignis

317 2989 459 3058 neris
489 3020 642 3074 opes,
677 3016 731 3059 et
764 3008 957 3062 divitiae
989 3022 1395 3079 congregantur.
1425 3011 1592 3079 Hujus
1621 3015 1674 3067 in
1702 2989 1843 3068 Scri-
1868 3035 1916 3094 C
1945 3020 2286 3071 consumens,
2314 3017 2368 3059 el
2414 3017 2535 3075 post
2569 3008 2748 3076 ipsum
2791 3011 3056 3069 ﬂamma
3115 2989 3412 3075 accensa.
3469 2989 3616 3076 Sicut

317 3097 488 3164 pturis
549 3097 957 3166 significantiam
1023 3100 1284 3168 triplicem
1345 3102 1586 3172 legimus.
1645 3105 1842 3160 Dicitur

315 3187 454 3240 enim
489 3187 540 3239 in
575 3187 857 3255 Evangelio
886 3190 931 3220 ⁸⁵
969 3189 1250 3245 thesaurus
1278 3205 1396 3247 esse
1424 3193 1641 3262 quidam
1666 3195 1720 3248 in
1746 3203 1844 3250 ter-

321 3278 411 3341 ris,
445 3277 496 3329 in
526 3291 632 3343 quo
668 3278 913 3345 prohibet
946 3280 1196 3333 Dominus
1222 3282 1566 3337 thesaurizari
1595 3301 1607 3336 :
1637 3293 1689 3338 et
1710 3285 1844 3341 alius
1882 3303 1888 3313 ·

320 3365 598 3419 thesaurus
627 3367 676 3419 in
704 3367 858 3430 caelo,
890 3367 942 3419 in
972 3383 1074 3435 quo
1097 3369 1244 3436 jubet
1263 3370 1445 3426 ﬁdeles
1461 3388 1698 3442 quosque
1719 3389 1844 3442 opes

317 3467 440 3506 suas
485 3455 776 3508 recondere
804 3474 817 3507 :
850 3465 902 3509 et
944 3459 1031 3511 hic
1061 3474 1201 3512 nunc
1246 3462 1528 3528 Apostolus
1571 3463 1696 3517 dicit
1753 3466 1843 3516 irae

320 3544 619 3599 thesauros.
638 3542 832 3599 Omnes
858 3561 984 3615 ergo
1019 3548 1256 3603 homines
1277 3567 1371 3618 per
1404 3553 1517 3607 haec
1553 3568 1669 3620 qua:
1684 3565 1843 3622 agunt

318 3636 370 3687 in
396 3635 495 3688 hoc
531 3641 747 3701 mundo,
793 3638 847 3691 in
892 3655 998 3693 uno
1041 3640 1219 3707 aliquo
1261 3656 1326 3695 ex
1366 3645 1482 3699 istis
1521 3647 1688 3700 tribus
1716 3661 1841 3700 con-

317 3734 538 3794 gregant
587 3727 887 3783 thesauros.
935 3729 1038 3781 Aut
1071 3731 1211 3783 enim
1256 3732 1484 3786 inﬁdelis
1533 3743 1615 3787 est
1644 3735 1762 3802 quis
1788 3743 1842 3788 et

315 3815 550 3881 iniquus,
571 3827 626 3870 et
656 3831 749 3885 per
781 3817 1026 3870 duritiam
1056 3819 1251 3882 cordis,
1291 3830 1347 3874 et
1374 3836 1466 3876 cor
1508 3823 1840 3891 impaenitens

317 3907 368 3958 in
394 3907 643 3961 thesauro
673 3909 765 3960 irae
792 3917 940 3961 actus
975 3923 1101 3963 suos
1136 3911 1394 3964 recondit.
1444 3911 1551 3965 Aut
1598 3921 1840 3967 terrenus

315 4006 414 4062 est,
448 4006 511 4064 et
557 3999 622 4051 de
671 4009 814 4050 terra
860 3999 1016 4065 sapit,
1053 4014 1116 4052 ac
1149 4001 1214 4054 de
1248 4009 1390 4054 terra
1424 4000 1659 4069 loquitur
1683 4002 1752 4066 ",
1787 4011 1840 4056 et

315 4101 432 4138 eum
461 4087 511 4140 ei
544 4086 783 4140 attulerit
815 4101 940 4156 ager
968 4088 1171 4142 fructus
1205 4089 1416 4154 uberes,
1444 4091 1671 4144 deStruit
1701 4092 1839 4144 'hor-

314 4191 404 4229 rea
425 4191 540 4240 sua,
567 4187 621 4229 et
642 4175 840 4243 majora
855 4176 1154 4242 mdilicat”,
1178 4187 1232 4232 et
1258 4178 1580 4232 thesaurizat
1601 4180 1652 4232 in
1677 4188 1835 4233 terra.

317 4267 380 4318 Et
405 4265 489 4318 ille
519 4265 728 4333 quidem
766 4264 953 4329 durus,
980 4266 1066 4319 hic
1095 4278 1269 4322 autem
1297 4269 1495 4324 stultus
1518 4271 1834 4338 appellatur.

315 4353 518 4406 Dicitur
539 4353 681 4406 enim
706 4354 770 4405 ad
800 4367 918 4406 eum
945 4367 961 4404 :
997 4370 1015 4404 ‹
1055 4354 1244 4420 Stulte,
1277 4357 1379 4411 hac
1410 4368 1564 4412 nocte
1598 4368 1836 4426 repetent
1866 4353 1909 4406 D
1939 4372 2084 4416 catos
2113 4375 2258 4415 suos.
2293 4379 2312 4410 ι
2347 4360 2410 4414 Et
2437 4371 2559 4429 post
2589 4377 2767 4430 pauca
2792 4366 2816 4397 ⁸

316 4444 411 4495 abs
435 4451 487 4495 te
513 4444 743 4496 animam
765 4452 928 4507 tuam,
969 4449 1826 4518 etquzeparasti,cujuseruttt98?»

314 4542 417 4593 Aut
444 4542 653 4609 sapiens
684 4549 787 4601 est,
824 4550 876 4594 et
907 4543 956 4595 in
983 4543 1146 4598 Deum
1177 4543 1346 4607 dives,
1374 4552 1426 4597 et
1451 4543 1502 4595 in
1535 4541 1694 4596 terris
1719 4555 1846 4592 ama

313 4637 500 4693 bulans
536 4634 647 4703 ('58)
679 4633 1132 4690 conversationem
1178 4634 1336 4687 habet
1381 4633 1432 4684 in
1466 4630 1636 4694 caelis,
1675 4640 1831 4698 atque

372 4819 382 4843 Ι

312 4837 383 4907 Vt,
409 4844 492 4904 l9,
517 4841 602 4893 20.
664 4842 708 4871 ’⁸
735 4839 886 4892 Joan.
923 4837 1113 4907 Ill,‘5l.

381 5025 489 5092 (35)
515 5021 601 5077 Sic
623 5037 721 5075 ms.
740 5021 1104 5092 Regiusnum.
1133 5016 1284 5072 1659.
1309 5013 1498 5068 thteri
1525 5025 1648 5065 vero
1673 5024 1823 5075 mss.,

313 5088 580 5155 Rabanus,
615 5101 668 5143 et
696 5090 817 5144 editi
850 5106 868 5139 t
902 5088 1044 5142 dicit.
1078 5105 1097 5138 ι

385 5161 494 5228 (56)
526 5179 544 5210 ‹
568 5149 786 5228 Ὀι-θεβο.
813 5175 831 5208 ι
879 5157 1036 5210 Deest
1067 5156 1120 5208 in
1157 5153 1334 5209 editis.
1383 5149 1501 5205 Mox
1528 5161 1628 5202 ms.
1665 5160 1818 5210 unus,

320 5245 339 5279 ι
365 5232 485 5298 quia
515 5227 808 5298 Apostolus,
832 5233 980 5298 rete.

405 5297 492 5361 5'7)
525 5289 650 5349 Vide
679 5311 832 5362 supra
860 5295 948 5364 lib.
979 5309 1014 5358 ι,
1048 5308 1191 5364 num.
1221 5293 1307 5358 18,
1342 5300 1393 5346 et
1422 5289 1516 5344 lib.
1542 5291 1820 5364 tv,_contr.a

383 5301 492 5415 (57)
527 5301 650 5349 Vide
679 5311 832 5362 supra
860 5301 948 5349 lib.
979 5309 1014 5358 ι,
1048 5308 1191 5346 num.
1221 5301 1307 5358 18,
1342 5301 1393 5346 et
1425 5301 1516 5344 lib.
1542 5301 1615 5349 tv,
1643 5301 1812 5364 contra

317 5366 382 5432 (ξε
405 5380 540 5432 sum,
563 5379 705 5416 num.
742 5364 827 5432 72,
852 5373 904 5416 et
929 5363 1194 5432 inrpsolm.
1221 5377 1280 5432 ιι,
1311 5374 1514 5432 necnon
1535 5365 1589 5410 et
1629 5353 1812 5432 humu.

314 5429 384 5483 29.
423 5433 476 5481 in
503 5421 712 5483 Lucam.
743 5421 846 5483 Sed
872 5432 936 5482 ad
957 5421 1055 5482 alia
1087 5430 1198 5482 loca
1225 5431 1309 5484 hic
1331 5429 1594 5498 respicere
1615 5421 1820 5476 videtur

317 5501 565 5568 Origenes
583 5515 696 5565 qua:
727 5513 989 5568 ιψιιοληοιι
1021 5507 1280 5568 ιξχδιεψξ⁸
1343 5565 1361 5568 _
1498 5563 1509 5568 _
1725 5567 1731 5568 κ
1804 5557 1816 5568 ο

387 5566 494 5628 (38)
524 5563 616 5617 Sic
636 5581 732 5616 ms.
764 5565 954 5631 ltcgius
986 5580 1126 5616 num.
1159 5565 1309 5616 1659.
1343 5565 1416 5616 Ita
1441 5563 1621 5631 ctiam_
1640 5563 1818 5612 caeteri

319 5651 440 5689 mss.
457 5633 660 5698 etcditi;
683 5631 779 5686 nisi
797 5629 932 5699 quod
948 5633 1189 5686 omittunt
1207 5644 1312 5685 ιρι»
1337 5643 1457 5686 ante
1474 5650 1492 5681 ι
1518 5631 1570 5684 in
1596 5629 1776 5682 Deum.
1793 5644 1810 5677 ι

383 4775 426 4805 ⁹²
451 4773 602 4826 Rom.
624 4789 680 4832 ll,
711 4772 764 4832 5,
792 4771 841 4824 6.
905 4769 970 4802 ⁹²⁹
987 4767 1168 4822 Matth.
1199 4783 1316 4822 xm.
1344 4765 1434 4828 15;
1468 4764 1565 4816 Isa.
1599 4778 1670 4832 vi,
1696 4762 1778 4817 l0.
1840 4764 1886 4832 ’ἒ

1392 4765 1434 4828 i;
1468 4764 1565 4816 Isa.
1599 4778 1670 4832 vt,
1696 4762 1778 4817 l0.
1840 4764 1886 4832 ’ἒ
1911 4761 2102 4832 Ezech.
2125 4761 2325 4832 χι.179;
2357 4777 2542 4823 xxxvi,
2572 4767 2666 4821 26,
2727 4773 2778 4804 u
2806 4775 2826 4828 ι
2862 4779 2907 4832 C

666 4795 886 4892 δοθῑοῗιὶι.
906 4795 1168 4896 in???“
1186 4795 1825 4894 si'ilhéf’i.i,°‘l'c.'isf"'e-
1859 4795 2102 4884 ίυῖῐιῖῖἷόἰ

1753 4795 1825 4868 ’³η
1859 4795 2102 4884 stilicidi
2234 4795 2419 4885 m3;
2433 4795 2493 4896 εξ
2507 4795 2702 4893 ’ἰεῗὲἑλ
2729 4795 3014 4896 ’ἏἬΞῘῘ
3042 4805 3128 4896 ."t
3148 4795 3268 4896 2⁵]

313 4898 508 4974 "(1-5.
583 4908 880 4964 'ibid.ll.
952 4898 1234 4973 ‘Sophon.
1262 4919 1301 4968 ι,
1332 4903 1381 4956 7.
1456 4899 1631 4953 “ibid.
1672 4898 1848 4953 14-18.

1943 3097 2219 3166 paradisus
2251 3097 2560 3152 deliciarum
2589 3100 2697 3152 erit
2731 3110 2894 3157 terra
2947 3118 3105 3162 ante
3143 3110 3371 3168 faciem
3402 3115 3542 3184 ejus,
3565 3126 3620 3170 et

1942 3197 2061 3259 post
2086 3199 2287 3257 tergum
2316 3188 2428 3256 ejus
2442 3205 2664 3259 campus
2684 3197 3047 3253 exterminii
3085 3201 3248 3274 (39),
3267 3216 3330 3260 et
3346 3208 3530 3272 nullus
3541 3212 3622 3262 est

1943 3277 2031 3345 qui
2059 3279 2250 3331 evadat
2273 3292 2419 3330 eum.
2453 3277 2609 3332 Sicut
2633 3293 2914 3348 aspectus
2944 3301 3276 3358 equorum
3318 3297 3500 3352 facies
3529 3313 3619 3352 eo-

1943 3383 2091 3431 rum;
2125 3375 2175 3420 et
2201 3367 2594 3435 sicutequites,
2628 3369 2708 3422 ita
2741 3386 3127 3440 sequentur.
3166 3383 3346 3439 Sicut
3373 3403 3480 3442 vox
3501 3403 3618 3443 cur-

1941 3471 2094 3509 ruum
2115 3470 2274 3523 super
2305 3457 2533 3510 vertices
2564 3459 2843 3514 montium
2878 3464 3197 3529 insilient.
3217 3491 3239 3525 ι
3277 3473 3397 3531 Sed
3426 3487 3484 3533 et
3510 3492 3621 3533 om.

1942 3547 2030 3599 nia
2061 3547 2113 3598 in
2155 3547 2607 3614 consequentibus
2639 3549 2708 3603 de
2739 3553 2968 3610 cadem
3030 3563 3272 3619 scribit
3319 3583 3506 3637 usque
3553 3571 3618 3621 ad

1941 3651 2060 3691 eum
2091 3637 2262 3690 locum
2293 3638 2378 3691 ubi
2407 3638 2582 3692 dicit’
2622 3661 2634 3693 ;
2668 3656 2688 3690 ι
2723 3641 2796 3696 Ει
2831 3643 3158 3710 Dominus
3213 3659 3389 3715 dabit
3435 3675 3618 3716 vocem

1941 3741 2090 3782 suam
2111 3737 2237 3781 ante
2266 3725 2462 3781 faciem
2489 3729 2708 3784 virtutis
2738 3747 2891 3802 sua},
2943 3743 3108 3810 quia
3143 3747 3373 3818 ingens
3405 3765 3491 3808 est
3511 3755 3622 3807 νει,

1941 3818 2004 3872 de
2021 3815 2306 3870 multitudo
2324 3825 2628 3872 castrorum
2658 3817 2809 3888 ejus,
2847 3833 2914 3880 et
2948 3833 3175 3891 valida
3212 3815 3402 3910 opera
3433 3844 3622 3899 verbo-

1939 3922 2056 3962 rum
2105 3908 2234 3974 ejus.
2281 3905 2506 3974 Propter
2556 3911 2703 3976 quod
2756 3927 2994 3986 magna
3029 3934 3135 3980 est
3194 3905 3333 3986 dies
3382 3935 3619 3997 Domini,

1939 4013 2128 4068 magna
2151 4007 2205 4052 et
2231 3997 2422 4051 nobilis
2450 3998 2609 4054 valde
2638 4016 2654 4054 :
2691 4009 2752 4054 et
2797 4007 2948 4073 quis
2992 4015 3126 4070 erit
3182 4019 3445 4080 idoneus
3478 4025 3570 4080 ei?
3599 4045 3617 4080 ι

1939 4090 2396 4186 Sophonias-vero
2413 4087 2488 4186 ita
2515 4089 2649 4144 dicit
2673 4091 2696 4122 ’⁵
2719 4111 2732 4145 :
2759 4111 2778 4144 ‹
2804 4095 3274 4166 Revereamini
3297 4115 3424 4186 (40)
3443 4133 3472 4170 a
3489 4118 3624 4172 facie

1939 4182 2142 4280 Domini
2171 4180 2287 4280 Dei,
2309 4180 2571 4280 quoniam
2594 4197 2775 4280 prope
2795 4197 2893 4242 est
2921 4193 3068 4252 dies
3095 4180 3377 4274 Domini,
3398 4180 3458 4263 et
3486 4223 3624 4280 prac-

1936 4271 2139 4342 paravit
2170 4271 2432 4325 Dominus
2473 4270 2764 4326 victimam
2799 4291 3015 4348 suam,
3066 4270 3507 4353 sanctiﬁc'm.il'
3529 4317 3623 4354 νο,

2002 4377 2084 4416 tos
2113 4377 2258 4415 suos.
2293 4379 2312 4410 ι
2347 4377 2410 4414 ιιι
2437 4377 2559 4429 p05t
2589 4377 2767 4430 pauca
2792 4377 2816 4397 °
2849 4387 2865 4422 :
2913 4391 2936 4423 ‹
2983 4377 3206 4451 PrOpe
3243 4401 3340 4442 est
3371 4391 3500 4446 dies
3529 4393 3628 4445 Do-

1942 4468 2335 4547 mini—magna,
2383 4467 2553 4521 pr0pe
2594 4465 2705 4547 est,
2741 4467 2802 4513 et
2833 4465 3025 4522 velox
3066 4474 3207 4547 (41)
3251 4483 3453 4537 valde.
3509 4485 3626 4538 Vox

1939 4542 2044 4636 diei
2080 4539 2291 4636 Domini
2331 4556 2544 4636 amara,
2580 4552 2636 4596 et
2671 4545 2814 4601 dura
2861 4539 3092 4620 posita
3142 4539 3270 4636 est,
3315 4584 3381 4627 et
3418 4575 3624 4629 valida.

1936 4629 2057 4682 Dies
2088 4629 2200 4694 irae,
2235 4629 2348 4683 dies
2374 4629 2488 4698 illa,
2537 4633 2656 4687 dies
2720 4645 3026 4706 angustia:
3094 4667 3165 4711 eg
3223 4629 3625 4732 decessimus,

2789 4804 2826 4874 ιι
2851 4804 3014 4874 tur.
3050 4805 3128 4874 ιιζ
3160 4804 3400 4874 _15._“"
3432 4804 3626 4860 Matth.

2842 4848 3005 4909 Joel.
3040 4848 3234 4930 1,14;
3254 4848 3362 4927 λδ.

1930 5010 2866 5148 satis:.zztt-.;..::“ﬁ;sip'°"s
3065 5060 3134 5099 ιιι
3183 5049 3415 5120 Deum.
3468 5059 3626 5114 αενεε

1967 5147 2104 5227 "(59)
2136 5149 2436 5231 Sie_omnes
2463 5147 2597 5209 mss.
2625 5157 2778 5218 Editi
2808 5181 2982 5231 vero.
3026 5198 3050 5231 ε

1925 5213 2043 5269 ηἱῖς
2078 5213 2096 5267 ὁ
2134 5218 2291 5272 male.
2821 5213 2982 5240 "'v’

1923 5283 2912 5454 ﬂavescet."saerata:

3098 5200 3306 5258 caput
3342 5209 3416 5251 ex
3428 5200 3629 5253 termi-
