3836 6238
293 291 406 347 877

1225 287 1565 349 COMMENT.
1607 289 1674 345 IN
1713 290 1923 346 EPIST.
1966 292 2055 347 AD
2091 293 2253 349 ROM.
2296 294 2420 349 LIB.
2461 293 2526 351 Il.

3356 306 3459 362 878

294 418 423 471 dies
450 412 754 470 acerbitatis
776 418 830 464 et
865 416 1207 481 perditionis,
1242 418 1353 471 dies
1395 413 1734 469 tenebrarum
1781 422 1832 467 et
1859 415 1907 471 Α
1933 412 2098 480 ipsius
2125 411 2357 467 defuncti
2410 423 2568 476 sunt,
2604 414 2667 469 ad
2696 419 2835 472 hunc
2867 418 3109 477 ultimum
3130 421 3268 479 diem
3319 424 3461 491 judi-

292 507 571 575 caliginis,
607 507 718 559 dies
745 504 900 557 nubis
928 516 981 560 et
1016 496 1240 570 nebulte,
1266 508 1378 559 dies
1409 506 1544 558 tubae
1585 516 1639 559 et
1682 507 1828 559 clan-

294 598 450 666 goris
482 611 640 662 super
668 596 915 650 civitates
952 600 1205 663 munitas,
1239 607 1292 651 et
1332 612 1488 664 super
1523 613 1703 650 muros
1739 613 1831 651 ex-

291 681 494 735 celsos.
531 683 595 734 Et
640 683 867 736 alliciam
906 685 1170 749 homines,
1213 695 1264 739 et
1305 686 1648 740 ambulabunt
1693 689 1830 743 sicut

289 772 449 833 caeci,
493 772 746 840 quoniam
795 773 1019 828 Domino
1061 787 1448 844 peccaverunt:
1484 787 1538 831 et
1564 778 1826 832 effundam

288 863 616 928 sanguinem
643 877 828 916 eorum
868 864 1006 918 sicut
1032 866 1318 932 pulverem,
1343 876 1398 920 et
1425 881 1611 921 carnes
1642 883 1826 922 eorum

288 961 350 1003 ιιι
374 962 637 1006 stercora.
670 952 870 1006 Aurum
905 969 1110 1020 eorum,
1134 965 1187 1009 οι
1218 968 1490 1024 argentum
1516 972 1698 1012 eorum
1719 975 1823 1013 non

284 1043 500 1110 poterit
552 1043 787 1097 liberare
825 1058 917 1098 eos
960 1045 1013 1098 in
1055 1046 1140 1099 die
1189 1047 1280 1100 ine
1327 1047 1550 1101 Domini.
1590 1050 1650 1102 In
1706 1050 1826 1119 igne

282 1136 654 1191 :cmulationis
686 1138 801 1203 ejus
842 1148 1186 1192 consumetur
1233 1141 1404 1194 omnis
1449 1152 1627 1203 terra,
1684 1157 1820 1209 quo-

283 1225 437 1279 niam
473 1226 640 1296 479
663 1229 1167 1282 consummationem
1185 1238 1237 1282 et
1264 1228 1649 1283 festinationem
1669 1231 1825 1284 faciet

281 1330 453 1381 super
479 1332 670 1372 omnes
692 1318 780 1384 qui
803 1319 1045 1371 habitant
1068 1328 1281 1372 terram.
1304 1338 1322 1369 ι
1339 1320 1499 1375 Isaias
1518 1336 1726 1389 quoque
1753 1322 1824 1375 si-

280 1406 493 1458 militer
527 1415 834 1460 memorat:
872 1425 892 1457 ι
928 1407 1064 1461 Ecce
1092 1408 1233 1461 enim
1271 1409 1383 1461 dies
1414 1408 1617 1462 Domini
1650 1410 1822 1462 veniet

278 1494 612 1549 insanabilis
636 1494 833 1549 furoris
856 1503 912 1550 et
936 1496 1027 1550 ira
1054 1536 1070 1560 ,
1102 1512 1300 1564 ponere
1334 1499 1516 1553 orbem
1545 1507 1699 1552 terrae
1728 1501 1819 1552 de-

280 1596 493 1641 sertum
527 1625 542 1648 ,
588 1595 644 1637 et
672 1596 981 1653 peccatores
1032 1590 1252 1654 perdere
1281 1603 1344 1642 ex
1379 1604 1443 1642 eo
1473 1589 1515 1642 ⁸.
1550 1608 1570 1641 ι
1608 1590 1672 1643 Ει
1705 1600 1821 1658 post

278 1692 456 1744 pauca
492 1693 508 1729 :
549 1695 569 1727 ι
599 1678 806 1732 Caelum
837 1680 978 1733 enim
1011 1681 1189 1734 furore
1215 1681 1556 1745 emendetur,
1585 1691 1638 1735 et
1671 1692 1811 1735 terra
1845 1719 1886 1773 Β

280 1766 600 1821 movebitur
636 1783 667 1819 ει
696 1766 1056 1822 fundamentis
1070 1768 1201 1831 suis,
1228 1777 1444 1837 propter
1466 1770 1694 1824 furorem
1724 1772 1815 1826 ira:

277 1856 500 1910 Domini
537 1857 772 1911 Sabaoth
800 1894 819 1921 ,
874 1858 929 1910 in
986 1858 1072 1911 die
1126 1872 1228 1925 qua
1274 1860 1637 1926 supervenerit
1668 1859 1818 1914 furor

274 1946 397 2013 ejus
425 1948 469 1999 ⁷.
509 1965 530 1998 ι
562 1946 662 2000 His
707 1955 786 2000 tot
828 1955 884 2002 et
929 1947 1117 2001 talibus
1152 1949 1217 2001 de
1248 1949 1332 2001 die
1363 1950 1454 2002 irae
1500 1951 1818 2005 testimoniis

278 2036 633 2105 congregatis
654 2074 669 2098 ,
698 2046 827 2105 puto
857 2040 1000 2105 quod
1037 2038 1173 2090 ultra
1205 2038 1351 2092 locus
1388 2039 1473 2092 hic
1495 2039 1819 2105 expositione

276 2141 383 2180 non
419 2134 606 2196 egeat.
637 2126 927 2181 Evidenter
956 2128 1095 2182 enim
1126 2128 1178 2180 in
1202 2129 1288 2182 his
1302 2130 1549 2183 omnibus
1571 2131 1683 2184 dies
1704 2131 1815 2194 irre,

277 2216 537 2270 vindictae
564 2217 684 2270 dies
713 2225 768 2269 et
798 2215 984 2283 judicii
1015 2218 1319 2285 designatur
1360 2219 1492 2288 (42).
1522 2219 1647 2273 Inde
1671 2221 1819 2274 deni-

276 2321 384 2374 que
411 2306 483 2361 ad
511 2306 658 2359 diem
690 2306 786 2360 irae
826 2306 975 2359 addit
1024 2307 1310 2373 Apostolus
1331 2346 1347 2372 ,
1396 2327 1415 2359 ι
1445 2317 1500 2361 et
1530 2309 1818 2364 revelatio-

280 2411 386 2452 ms.
422 2414 442 2446 ι
501 2396 595 2450 Sic
634 2396 779 2449 enim
811 2397 942 2450 dicit
970 2414 1037 2451 :1
1074 2395 1128 2449 1η
1160 2397 1245 2451 die
1272 2399 1373 2455 irae.
1393 2408 1447 2453 et
1478 2399 1816 2454 revelationis

277 2485 405 2552 justi
426 2484 626 2552 judicii
650 2485 766 2539 Dei.
804 2503 823 2536 ι
858 2484 1158 2540 Revelanda
1202 2502 1429 2555 namque
1456 2502 1574 2542 esse
1599 2490 1773 2543 omnia
1797 2530 1813 2553 ,

279 2576 444 2629 etiam
473 2576 532 2628 in
572 2575 862 2646 Evangelia
892 2577 1219 2646 designatur,
1256 2592 1372 2630 cum
1403 2579 1636 2634 dicitur:
1671 2598 1690 2631 ι
1724 2579 1816 2634 Ni-

280 2664 353 2717 hi!
383 2665 657 2719 occultum
685 2667 825 2732 quod
857 2680 961 2720 non
992 2667 1397 2733 manifestetur;
1427 2683 1524 2723 nec
1549 2680 1813 2739 opertum,

281 2754 420 2820 quod
454 2766 565 2807 non
588 2752 857 2807 reveletur
878 2754 919 2807 ⁸.
955 2773 975 2806 ι
1008 2754 1112 2809 Sed
1149 2765 1208 2810 et
1230 2758 1506 2825 Apostolus
1533 2759 1585 2811 in
1626 2773 1818 2814 conse-

283 2844 574 2911 quentibus
625 2841 784 2908 hujus
836 2843 1082 2911 Epistoize
1132 2846 1302 2900 dicit:
1338 2865 1356 2896 ι
1396 2846 1814 2915 Cogitationibns

281 2935 676 3000 accusantibus,
714 2942 807 2988 aut
833 2937 993 2989 etiam
1025 2937 1447 3003 defendentibus,
1475 2942 1527 2994 in
1555 2942 1662 3007 die,
1691 2958 1810 2997 cum

1931 504 2082 556 candi
2123 512 2473 558 reserventur.
2505 496 2667 573 Cujus
2700 510 2773 563 rei
2801 508 3080 565 interiores
3122 528 3312 572 causas
3349 531 3461 569 εριο

1932 603 2039 646 tum
2069 604 2150 646 est
2201 595 2580 649 secretioribus
2628 598 2896 667 mysteriis
2927 603 3155 670 contegi.
3193 620 3213 653 (
3258 603 3457 675 Myste—

1929 681 2064 734 rium
2102 699 2119 732 ι
2146 696 2269 735 vero
2302 699 2321 732 ι
2363 683 2501 750 regis
2535 683 2862 739 abscondere
2882 687 3075 740 bonum
3099 697 3182 742 est
3215 688 3276 745 ι’.
3307 710 3324 742 ι
3354 690 3457 747 Ta-

1928 787 2049 825 men
2080 766 2465 840 explanatiouis
2488 776 2656 842 gratia
2677 777 2936 842 dicemus,
2968 779 3017 830 in
3044 790 3299 846 quantum
3332 799 3453 851 pos-

1927 856 2077 912 sibile
2111 871 2191 913 est
2217 859 2420 927 paginis
2442 861 2601 913 verba
2634 864 2991 922 committere.
3025 866 3172 920 Multi
3203 879 3326 923 sunt
3361 871 3450 939 qui

1924 961 1989 1000 ex
2028 948 2127 1002 hac
2159 949 2263 1002 vita
2289 951 2544 1004 abeuntes
2574 990 2590 1015 ,
2626 951 2706 1004 vel
2755 953 3013 1008 bonorum
3058 958 3139 1011 vel
3194 960 3450 1013 malorum

1924 1045 2041 1103 post
2073 1050 2132 1089 se
2149 1037 2386 1105 quaedam
2423 1039 2623 1091 semina
2657 1040 3000 1112 reliquerunt,
3036 1047 3100 1098 ex
3125 1046 3314 1112 quibus
3351 1048 3443 1116 qui

1922 1133 2205 1192 supersunt
2232 1125 2475 1182 homines
2505 1166 2520 1190 ,
2553 1134 2863 1183 occasiones
2886 1132 2967 1183 vel
2996 1134 3184 1192 salutis
3218 1138 3294 1190 vel
3328 1153 3449 1205 per.

1922 1215 2132 1268 ditionis
2161 1216 2425 1283 accipiunt
2455 1234 2469 1268 :
2521 1217 2668 1271 verbi
2719 1221 2888 1287 gratia
2919 1222 3139 1277 dixerim
3168 1263 3184 1288 ,
3229 1234 3287 1278 ut
3323 1228 3449 1283 sunt

1921 1320 2107 1358 omnes
2137 1306 2224 1372 qui
2259 1320 2447 1374 pravas
2468 1317 2642 1361 sectas
2671 1318 2723 1361 et
2745 1310 2945 1363 alienas
2975 1326 3003 1363 a
3035 1313 3142 1367 Deo
3172 1315 3308 1371 inter
3330 1313 3448 1386 phi~

1920 1392 2169 1461 losophos
2209 1394 2593 1461 condiderunt;
2648 1396 2731 1450 vel
2753 1396 2841 1466 qui
2880 1402 3085 1468 magica
3112 1405 3390 1472 sacrilegia
3426 1444 3447 1474 ,

1919 1491 2010 1535 aut
2036 1484 2125 1551 qui
2159 1497 2368 1538 errores
2409 1496 2672 1539 astrorum
2701 1526 2716 1550 ,
2765 1497 2818 1541 et
2888 1490 3098 1544 decreta
3137 1492 3446 1566 ﬁnxerunt;

1919 1573 1999 1627 vel
2029 1574 2138 1645 (44)
2173 1583 2320 1630 certe
2364 1575 2454 1644 qui
2506 1577 2644 1644 apud
2672 1592 2770 1631 nos
2800 1588 3044 1634 auctores
3073 1580 3445 1639 haereticorum

1919 1676 1972 1717 et
2002 1678 2283 1731 pravorum
2307 1667 2605 1733 dogmalum
2630 1665 2776 1721 libris
2827 1669 2981 1724 editis
3009 1672 3260 1727 exstitere
3294 1692 3309 1742 ;
3362 1673 3445 1737 vel

1915 1754 2073 1807 etiam
2099 1754 2195 1821 qui
2240 1754 2529 1809 schismata
2570 1756 2622 1810 in
2652 1756 2906 1813 Ecclesiis
2931 1799 2946 1822 ,
2993 1770 3047 1814 et
3080 1763 3334 1819 scandala
3380 1781 3444 1821 ae

1916 1844 2275 1899 dissensiones
2302 1846 2504 1914 operati
2534 1856 2678 1901 sunt.
2708 1848 2747 1901 E
2784 1851 3053 1904 contrario
3082 1868 3208 1908 vero
3235 1868 3446 1924 aposto.

1915 1933 2135 1987 licarum
2162 1934 2455 1988 litterarum
2489 1950 2621 2004 opus
2642 1979 2657 2004 ,
2690 1938 3061 2008 profectusque
3082 1954 3174 2010 per
3194 1944 3295 1999 has
3322 1945 3444 1999 uni-

1914 2036 2081 2076 versa
2115 2023 2385 2088 Ecclesiae,
2414 2032 2467 2076 et
2493 2026 2775 2079 conversio
2788 2027 2851 2079 ad
2878 2027 3063 2090 Deum,
3086 2037 3242 2097 atque
3262 2045 3445 2087 emet).

1915 2108 2056 2162 datio
2090 2111 2248 2164 totius
2296 2113 2473 2165 mundi
2504 2122 2588 2166 est
2621 2113 2753 2181 (45).
2780 2114 3011 2178 Quorum
3039 2118 3275 2173 omnium
3308 2130 3443 2175 can-

1914 2213 1985 2251 sa:
2017 2213 2123 2250 non
2156 2199 2259 2252 nisi
2282 2213 2400 2252 cum
2432 2202 2597 2268 ipsius
2624 2202 2811 2257 mundi
2846 2204 2948 2257 fine
2970 2207 3291 2261 claudentur
3318 2225 3332 2262 :
3384 2217 3442 2268 et

1915 2288 2036 2343 ideo
2061 2304 2164 2344 non
2198 2301 2337 2346 esset
2369 2291 2568 2359 justum
2610 2292 2869 2359 judicium
2900 2295 3014 2359 Dei,
3054 2296 3224 2352 donec
3261 2299 3327 2353 de
3355 2301 3441 2355 his

1915 2380 2137 2447 singulis
2160 2380 2240 2434 vel
2266 2381 2558 2449 profectus,
2581 2381 2668 2435 vel
2697 2383 3079 2450 impedimenta
3123 2388 3436 2454 penderent.

1914 2468 2063 2534 Quod
2080 2479 2135 2525 et
2158 2472 2445 2540 Apostolus
2473 2473 2776 2543 signiﬁcare
2798 2475 3028 2541 videtur,
3055 2490 3175 2532 cum
3205 2482 3334 2535 dicit
3357 2482 3401 2515 “
3420 2513 3437 2539 ι»

1919 2578 1939 2611 ι
1970 2563 2325 2626 Quorumdam
2354 2563 2627 2617 hominum
2665 2575 2879 2633 peccata
2934 2568 3217 2624 manifesta
3266 2579 3388 2624 sunt
3416 2606 3435 2633 ι

1912 2650 2261 2717 praecedentia
2296 2651 2363 2704 ad
2413 2650 2712 2718 judicium;
2773 2657 3119 2722 quorumdam
3172 2668 3434 2718 autemet

1912 2739 2322 2807 subsequuntur.
2374 2760 2392 2793 ο
2442 2740 2558 2795 Jam
2595 2757 2720 2796 vero
2758 2744 2804 2797 si
2851 2747 3012 2800 etiam
3042 2757 3193 2802 extra
3242 2764 3436 2820 corpus
3510 2788 3517 2795 ρ

1910 2829 2065 2895 positi
2099 2830 2180 2884 vel
2203 2833 2395 2896 sancti,
2420 2836 2508 2902 qui
2542 2850 2661 2888 cum
2687 2835 2906 2890 Christo
2938 2849 3085 2902 sunt,
3125 2850 3289 2908 agunt
3335 2842 3436 2896 alio

1913 2921 2058 2987 quid,
2090 2930 2140 2975 et
2168 2922 2409 2977 laborant
2437 2940 2534 2993 pro
2566 2927 2720 2981 nobis
2754 2927 2819 2979 ad
2843 2927 3244 2984 simiiitudinem
3274 2945 3436 2999 augeo

277 3023 537 3090 iudicabit
567 3022 712 3077 Deus
735 3023 942 3076 occulta
974 3025 1245 3078 hominum
1267 3027 1308 3078 ’.
1346 3046 1366 3078 ι
1404 3027 1460 3081 In
1494 3043 1602 3097 quo
1630 3030 1811 3098 utique

1914 3011 2104 3076 lorum,
2136 3013 2224 3080 qui
2276 3014 2467 3069 salutis
2534 3024 2726 3069 nostrae
2778 3016 3069 3072 ministeria
3102 3029 3430 3085 procurant:

284 3112 515 3167 ostendit
544 3111 759 3166 occulta
781 3111 1050 3166 hominum
1079 3114 1355 3168 revelanda
1380 3132 1484 3170 non
1513 3119 1615 3172 nisi
1647 3120 1697 3173 in
1730 3121 1813 3176 die

282 3214 382 3267 qua
416 3201 764 3269 iudicaturus
793 3208 877 3254 est
927 3201 1063 3255 Deus
1091 3241 1109 3265 ,
1157 3203 1295 3257 sicut
1319 3213 1373 3258 et
1415 3206 1479 3259 ad
1507 3206 1813 3263 Corinthios

280 3288 582 3342 evidentius
608 3287 771 3342 dicit:
808 3305 828 3338 ι
847 3287 1023 3345 Nolite
1047 3299 1170 3345 ante
1188 3300 1413 3359 tempus,
1443 3312 1462 3345 ι
1484 3296 1657 3362 inquit
1678 3296 1806 3364 (45),

286 3393 309 3428 ι
336 3374 605 3443 judicare,
637 3390 912 3445 usquequo
942 3378 1122 3432 veniat
1150 3379 1404 3434 Dominus
1426 3419 1443 3444 ,
1469 3383 1560 3451 qui
1598 3392 1652 3437 et
1695 3384 1812 3438 illu-

281 3466 501 3519 minabit
531 3464 743 3519 occulta
780 3467 1118 3520 tenebrarum
1142 3505 1158 3530 ,
1208 3478 1262 3523 et
1292 3471 1653 3526 manifestabit
1685 3486 1809 3527 con-

280 3553 396 3607 silia
415 3555 660 3608 cordium
693 3554 758 3608 “.
800 3570 819 3603 ι
852 3552 981 3619 Quae
1019 3554 1200 3622 utique
1245 3558 1422 3610 omnia
1455 3559 1524 3612 de
1570 3560 1670 3614 hac
1715 3575 1807 3613 ea-

280 3644 395 3698 dem
425 3644 511 3698 die
543 3643 655 3697 dici
683 3641 1070 3711 intelliguntur,
1102 3644 1155 3699 in
1187 3660 1291 3713 qua
1316 3648 1567 3712 tenebrae,
1592 3660 1649 3703 et
1677 3664 1806 3704 mce-

278 3748 387 3797 ror,
424 3744 478 3787 et
525 3732 752 3786 tristitia
783 3731 962 3786 futura
1021 3733 1285 3798 dicuntur,
1344 3747 1559 3806 propter
1595 3753 1688 3794 eos
1717 3740 1807 3807 qui

280 3822 455 3877 multis
482 3830 837 3890 peccatorum
865 3821 1174 3877 vulneribus
1204 3823 1435 3879 confossi
1473 3827 1610 3895 ignis
1637 3844 1807 3884 reme-

278 3912 376 3965 diis
421 3912 764 3980 indigebunt.
795 3909 912 3975 Quo
962 3910 1017 3964 in
1067 3919 1303 3979 tempore
1338 3915 1541 3968 dicetur
1585 3916 1648 3970 ad
1678 3931 1806 3970 san-

278 4012 389 4057 ctos
423 4020 438 4056 :
475 4023 497 4055 t
530 4004 725 4072 Perge,
750 4003 975 4071 populus
1004 4014 1172 4067 meus,
1203 4004 1340 4057 intra
1372 4006 1422 4059 in
1443 4011 1806 4074 promptuaria

276 4104 382 4158 tua,
416 4096 618 4149 claude
648 4094 846 4149 ostium
888 4102 1055 4156 tuum,
1085 4095 1353 4149 occultare
1388 4097 1678 4165 paulisper,
1711 4101 1807 4153 do-

273 4197 372 4236 nec
401 4193 650 4239 transeat
672 4182 822 4237 furor
850 4183 942 4236 ira:
971 4194 1101 4236 mea:
1140 4182 1202 4235 ¹¹.
1245 4202 1266 4235 ι
1291 4184 1347 4237 lu
1373 4185 1569 4253 quibus
1604 4201 1805 4242 sermo-

273 4273 429 4329 nibus
451 4283 676 4343 quantaa
691 4272 900 4326 divitiae
921 4272 1172 4326 bonitatis
1189 4271 1287 4326 Dei
1312 4275 1664 4343 occultentur,
1682 4294 1805 4347 pro-

269 4371 387 4430 pter
414 4374 507 4416 cos
535 4361 629 4429 qui
658 4360 971 4429 patientiam
1001 4360 1115 4427 ejus
1144 4361 1541 4430 bonitatemque
1567 4376 1801 4421 contem-

272 4461 425 4512 nunt,
481 4449 840 4505 manifestare
898 4463 1004 4502 non
1036 4463 1169 4517 opus
1202 4457 1303 4504 est.
1334 4448 1642 4518 Requiritur
1673 4469 1801 4509 sane

272 4552 301 4590 a
322 4538 643 4607 quihusdam
677 4552 773 4592 cur
797 4536 910 4590 dies
961 4536 1068 4603 hic,
1096 4538 1161 4591 de
1188 4551 1293 4605 quo
1318 4540 1558 4606 superius
1611 4541 1801 4597 biblio-

268 4627 451 4682 thecas
477 4627 829 4696 propheticas
854 4626 1138 4691 movimus,
1166 4625 1217 4678 in
1241 4626 1345 4681 fine
1370 4628 1551 4681 mundi
1572 4637 1800 4685 statutus

269 4718 357 4780 sit,
388 4728 446 4773 ut
469 4732 666 4773 omnes
686 4716 780 4784 qui
828 4716 895 4769 ab
922 4715 1075 4768 initio
1121 4715 1300 4769 steculi
1334 4729 1500 4780 usque
1530 4719 1595 4771 ad
1644 4718 1797 4772 ﬁnem

336 4856 358 4887 ⁸
392 4854 493 4910 lsa.
537 4871 680 4919 xm,
722 4855 776 4909 9.

869 4854 911 4923 ζ
917 4853 1048 4923 ibid.
1073 4851 1570 4923 tantumne},
1620 4855 1708 4910 es.
1781 4859 1802 4889 ο

1914 4873 1983 4912 ιιι.
2023 4873 2082 4923 ιι,
2124 4856 2209 4923 l5,
2246 4855 2331 4911 l6.
2406 4855 2631 4911 "ICor.
2660 4856 2801 4921 iv,5.

1910 3101 1993 3155 vel
2025 3116 2231 3154 rursum
2262 3112 2565 3169 peccatores
2591 3105 2749 3158 etiam
2793 3106 2891 3174 ipsi
2936 3116 3086 3161 extra
3120 3123 3309 3177 corpus
3336 3124 3433 3180 μοι

1909 3189 1993 3242 siti
2015 3193 2176 3256 agunt
2203 3188 2397 3257 aliquid
2416 3193 2704 3244 secundum
2722 3194 3048 3261 propositum
3076 3197 3272 3251 mentis
3297 3210 3431 3266 sua,

1910 3279 1976 3331 ad
2005 3277 2308 3347 angelorum
2361 3279 2701 3335 nihilominus
2755 3282 3150 3339 similitudinem
3185 3286 3432 3342 sinistro-

1911 3380 2049 3430 rum,
2080 3380 2198 3419 cum
2221 3365 2416 3433 quibus
2443 3378 2498 3420 et
2522 3369 2575 3421 in
2605 3379 2864 3424 aeternum
2895 3373 3067 3441 ignem
3092 3376 3331 3431 mittendi
3350 3378 3423 3430 di

1908 3465 2099 3509 cuntur
2123 3470 2154 3508 a
2175 3455 2386 3510 Christo
2422 3459 2558 3523 “°”,
2593 3460 2854 3515 habeatur
2880 3472 2933 3515 et
2957 3464 3056 3519 hoc
3071 3481 3292 3536 quoque
3304 3466 3425 3538 (ιδ)

1908 3548 2046 3601 inter
2077 3548 2285 3601 occulta
2326 3548 2439 3613 Dei,
2474 3563 2571 3604 nec
2616 3552 2871 3606 chartula:
2906 3557 3282 3612 committenda
3307 3573 3431 3628 ωτι

1906 3637 2088 3691 steria.
2112 3636 2407 3697 ,Sumciant
2456 3638 2554 3693 ista
2584 3640 2650 3694 de
2686 3641 2772 3694 die
2815 3641 2915 3694 ira:
2955 3654 3008 3697 et
3066 3646 3427 3703 revelatiouis.

1905 3726 2056 3780 Nunc
2084 3729 2417 3795 requiramus
2446 3728 2512 3781 de
2542 3726 2686 3794 justo
2708 3730 2913 3796 judicio
2941 3731 3055 3796 Dei,
3103 3734 3153 3786 iu
3180 3749 3284 3801 quo
3310 3736 3422 3790 red-

1906 3816 1993 3870 det
2016 3816 2299 3885 unicuique
2323 3818 2610 3872 secundum
2639 3833 2801 3887 opera
2844 3835 2960 3876 sua.
3012 3823 3079 3875 Et
3105 3823 3277 3891 primo
3312 3823 3428 3892 qui-

1904 3907 2025 3958 dem
2074 3906 2429 3960 excludantur
2457 3908 2691 3961 haretici
2720 3946 2736 3971 ,
2775 3910 2863 3976 qui
2915 3911 3095 3965 dicunt
3118 3912 3296 3966 bonas
3339 3913 3427 3971 vel

1905 3995 2070 4049 malas
2090 3996 2390 4048 animarum
2423 4007 2679 4061 naturas;
2711 4007 2764 4051 et
2797 4000 3015 4054 audiant
3048 4005 3171 4069 quia
3198 4018 3300 4056 non
3326 4018 3426 4072 pro

1904 4093 2088 4138 natura
2114 4085 2401 4154 unicuique
2452 4086 2610 4151 Deus,
2637 4088 2728 4141 sed
2751 4103 2851 4155 pro
2885 4092 3133 4157 operibus
3159 4094 3273 4149 suis
3302 4094 3425 4148 rode.

1905 4175 2011 4228 det.
2051 4176 2292 4228 Secundo
2326 4176 2378 4228 in
2409 4175 2531 4231 loco
2551 4178 2881 4236 aedificentur
2912 4180 3119 4241 ﬁdeles,
3148 4197 3212 4236 ne
3240 4193 3424 4249 putent

1906 4263 2007 4317 sibi
2042 4263 2142 4317 hoc
2167 4264 2336 4317 solum
2367 4263 2606 4320 sufﬁcere
2647 4282 2801 4334 posse
2849 4270 2988 4337 quod
3038 4272 3296 4341 credunt;
3332 4272 3423 4334 sed

1904 4352 2076 4406 sciant
2096 4351 2295 4419 justum
2344 4351 2599 4419 judicium
2630 4357 2718 4411 Dei
2772 4359 2991 4412 reddere
3022 4361 3305 4430 unicuique
3334 4378 3421 4418 se-

1903 4443 2133 4498 cundum
2164 4458 2322 4511 opera
2347 4458 2464 4498 sua.
2501 4446 2639 4500 Sane
2671 4449 2923 4514 quoniam
2944 4450 3072 4504 dicit
3095 4451 3146 4504 in
3176 4452 3274 4506 hoc
3302 4467 3423 4515 esse

1897 4534 2095 4602 justum
2117 4534 2370 4603 judicium
2394 4536 2509 4600 Dei,
2536 4545 2595 4590 ut
2619 4538 2900 4607 unicuique
2931 4540 3114 4594 reddat
3134 4542 3420 4601 secundum

1900 4640 2059 4694 opera
2086 4639 2179 4678 sua
2208 4625 2340 4695 (47),
2363 4628 2679 4683 videbuntur
2707 4645 3037 4699 nequaquam
3056 4647 3156 4701 pro
3183 4634 3284 4686 hoc
3305 4648 3421 4687 sero

1901 4732 2054 4772 moue
2082 4717 2287 4771 excludi
2323 4732 2478 4789 posse
2503 4720 2727 4787 gentiles
2749 4760 2766 4786 ,
2811 4720 2856 4774 si
2912 4722 3051 4776 forte
3075 4732 3126 4776 et
3167 4724 3263 4790 ipsi
3295 4722 3419 4782 boni

2945 4854 3113 4919 “lsa.
3139 4873 3284 4924 xm,
3327 4860 3417 4923 20,
3519 4844 3526 4852 ’

271 4922 313 4953 ¹¹
340 4923 470 4979 Tob.
503 4939 605 4989 xu,
630 4923 680 4975 7.
756 4923 799 4954 “
823 4922 844 4975 l
870 4919 1008 4974 Tim.
1037 4937 1070 4974 v
1091 4959 1109 4986 ,
1146 4920 1236 4974 ει.
1311 4921 1424 4953 ¹⁸·¹⁸
1454 4921 1640 4987 Matth.
1682 4942 1808 4990 xxv,
1840 4928 1927 4982 41.

338 5058 447 5127 (42)
484 5059 590 5129 Sic
613 5073 743 5129 mss.
765 5058 1094 5129 pleriqueAet‘
1121 5056 1389 5129 Rabanus.
1416 5058 1556 5113 Editi
1580 5075 1724 5124 vero,
1747 5064 1799 5119 et

271 5122 371 5197 tus.
395 5122 536 5197 unus
559 5122 935 5197 Regius'num.
969 5122 1126 5190 1641,
1162 5142 1181 5175 t
1211 5124 1324 5178 dies
1350 5127 1440 5179 ira;
1462 5137 1515 5180 et
1535 5122 1795 5197 vindictae,

270 5193 383 5262 dies
410 5195 601 5262 iudicii
635 5193 993 5262 designatur.»

358 5262 449 5331 43)
472 5280 501 5331 «ί
515 5261 716 5331 luquit,
739 5260 770 5313 ι’
783 5263 941 5316 Deest
963 5264 1014 5314 in
1026 5263 1204 5325 editis,
1217 5272 1271 5315 et
1282 5260 1580 5316 restituitur
1595 5278 1658 5317 ex
1672 5280 1798 5321 mss.

361 5262 429 5315 43
472 5280 495 5312 ι
515 5262 716 5331 luquit.
739 5282 757 5313 ι
783 5263 941 5316 Deest
963 5264 1014 5314 in
1026 5263 1204 5325 editis,
1217 5262 1580 5316 etrestituitur
1595 5278 1658 5317 ex
1672 5280 1797 5321 mss.

361 5262 449 5397 «id;
486 5330 646 5388 Editi.
685 5330 940 5384 Babauus
972 5340 1027 5383 et
1066 5346 1163 5386 ms.
1204 5330 1396 5399 Regius
1446 5346 1597 5384 num.
1643 5332 1797 5399 1639,

273 5398 515 5450 omittunt
543 5416 562 5448 ι
591 5399 675 5453 vel
699 5417 743 5452 ι.

336 5464 444 5533 (45)
478 5482 497 5515 ι
530 5467 627 5519 Est
660 5487 680 5519 ο
716 5475 834 5533 post
866 5482 885 5513 ι
927 5466 1089 5519 totius
1112 5465 1327 5527 mundi,
1363 5481 1387 5533 ξ
1419 5466 1687 5533 omittitur
1744 5471 1795 5526 in

278 5530 448 5597 editis,
477 5542 533 5586 et
566 5535 619 5589 iu
652 5530 924 5602 plerisque
953 5547 1078 5586 mss.
1113 5533 1320 5602 nostris.
1358 5530 1618 5587 Rabanus
1660 5535 1796 5592 hanc

284 5611 454 5655 vocem
478 5603 630 5670 ponit
655 5599 775 5673 post
801 5619 821 5651 ι
842 5599 1250 5666 ιιροειοιὶείιιιιω
1270 5599 1577 5657 litterarum
1607 5616 1790 5672 opus.»

1897 5055 1994 5118 Ms.
2028 5060 2222 5133 Regius
2254 5074 2399 5116 num.
2432 5059 2587 5123 l639,
2612 5078 2635 5111 ι
2678 5061 2842 5118 totius
2877 5061 3057 5118 mundi
3107 5056 3421 5117 manifesta-

1898 5133 2079 5197 bitur:
2114 5146 2356 5197 quorum,
2392 5148 2413 5180 ι
2438 5140 2544 5183 etc.

1965 5194 2077 5275 (ΜΞ)
2106 5194 2200 5275 his.
2230 5212 2371 5275 unus
2392 5237 2408 5261 ,
2444 5214 2462 5246 ι
2513 5197 2809 5275 habeantur
2854 5205 2917 5275 et
2943 5198 3360 5275 “11:869.!10906‘.
3394 5212 3418 5254 δ

1898 5264 1999 5322 etc.
2033 5264 2136 5322 Sed
2160 5267 2334 5319 caeteri
2362 5280 2515 5328 mss.,
2542 5264 2788 5319 Babanus
2812 5273 2868 5317 et
2892 5266 3021 5319 editi
3051 5272 3107 5317 ut
3130 5264 3184 5315 in
3207 5264 3380 5314 textu.

1969 5330 2074 5405 (47)
2107 5333 2300 5405 σ-εειιιθ
2325 5334 2570 5405 quoniam
2599 5334 2727 5386 dicit
2754 5333 2943 5405 inhoc
2972 5346 3090 5386 esse
3112 5332 3311 5405 justum
3330 5329 3431 5400 ju-

1969 5347 2074 5405 (47)
2107 5352 2126 5383 σ
2163 5347 2300 5386 sane
2325 5347 2570 5398 quoniam
2599 5347 2727 5386 dlctt
2754 5349 2808 5385 In
2845 5347 2943 5385 nec
2972 5347 3311 5451 essesuswnt
3330 5347 3431 5400 ιιι-

1900 5401 2353 5477 ὀίεἰιιιηηῡεὶηιιι·
2379 5403 2675 5477 unicuique
2710 5400 2897 5477 reddat
2936 5414 3093 5477 secun
3135 5412 3227 5477 um
3260 5409 3438 5477 opera

1898 5488 2015 5525 sua.
2046 5490 2063 5522 ι
2094 5468 2213 5521 Haec
2245 5469 2610 5522 desiderantur
2640 5472 2690 5522 in
2716 5467 2868 5521 libris
2903 5476 3055 5518 antea
3081 5467 3261 5526 editis,
3296 5471 3361 5515 el.
3381 5467 3440 5519 iu

1897 5555 1999 5595 ms.
2031 5537 2191 5606 liegio
2224 5552 2368 5589 num.
2408 5536 2562 5594 4639.
2595 5552 2797 5591 uection
2826 5536 2963 5601 apud
2994 5535 3305 5596 Babanum;
3340 5534 3446 5584 sed

1898 5609 2248 5663 restituuntur
2280 5620 2344 5659 cx
2373 5608 2577 5658 Ctetcris
2608 5620 2733 5660 mss.
