3836 6206
293 293 397 349 881

1243 295 1588 354 COMMENT.
1622 295 1689 349 ΙΝ
1719 297 1932 353 EPIST.
1968 299 2057 351 AD
2092 298 2254 354 ROM.
2295 292 2428 350 LIB.
2468 295 2531 351 ll.

3360 299 3463 352 88‘!

300 415 382 468 ria
418 431 434 479 ;
493 413 568 467 ita
601 421 660 468 nt
683 429 790 471 non
823 427 1041 485 possent
1063 417 1334 472 intendere
1361 417 1453 472 filii
1484 416 1647 472 lsrael
1672 417 1726 470 in
1760 417 1838 472 fa-
1864 423 1911 478 Α
1936 419 2058 488 quia
2091 434 2110 469 t
2133 419 2320 479 homo,
2363 428 2482 468 cum
2510 416 2561 469 in
2592 418 2791 470 honore
2829 424 2994 479 esset,
3023 429 3126 469 non
3164 415 3459 488 intellexit;

296 505 440 557 ciem
469 501 662 572 Moysi,
696 516 917 573 propter
945 507 1164 577 gloriam
1197 507 1372 562 vultus
1402 507 1539 575 ejus,
1572 522 1688 576 qua:
1708 508 1835 562 abo-

295 593 486 658 letur;
517 603 717 661 quanto
774 597 944 665 magis
997 597 1346 651 ministerium
1376 597 1605 666 Spiritus
1649 598 1752 651 erit
1783 598 1836 650 in

295 681 518 745 gloria!
585 682 641 734 Si
675 684 819 736 enim
877 686 931 738 in
983 687 1281 740 ministerio
1329 687 1681 740 damnationis
1724 687 1838 753 glo-

295 769 379 822 ria
414 769 529 839 (57)
555 780 670 833 est,
704 782 903 838 quanto
951 776 1117 844 magis
1157 775 1446 829 abundabit
1485 777 1838 829 ministerium

290 858 526 924 justitia:
552 860 606 913 in
632 860 838 929 gloria?
867 882 885 914 ι
913 863 978 916 Et
1009 875 1125 932 post
1144 880 1308 932 pauca
1338 867 1519 920 addit:
1553 885 1572 917 ι
1607 865 1712 920 Nos
1744 881 1839 920 an-

299 954 411 998 tem
466 935 656 1002 omnes
689 951 917 1003 revelata
957 951 1093 1006 faeie
1138 953 1358 1022 gloriam
1391 954 1597 1008 Domini
1647 971 1840 1024 specu-

295 1035 501 1098 lantes,
530 1037 584 1089 in
617 1039 854 1091 eamdem
890 1041 1172 1109 imaginem
1203 1043 1312 1112 (58)
1344 1043 1784 1098 transformamur
1810 1061 1839 1098 a

295 1123 477 1191 gloria
514 1126 566 1179 in
603 1129 822 1196 gloriam
879 1140 1127 1199 tanquam
1175 1148 1203 1185 a
1253 1134 1457 1188 Domini
1484 1136 1682 1203 Spiritu
1713 1135 1777 1188 ".
1813 1153 1834 1187 ι

295 1213 397 1267 Est
418 1229 553 1283 ergo
583 1219 824 1283 quaedam
860 1220 1023 1287 gloria
1054 1222 1339 1274 secundum
1367 1224 1695 1289 Apostolnm,
1726 1239 1841 1292 qua:

296 1317 413 1356 non
437 1304 792 1372 gloriﬁcatur,
820 1317 875 1360 ut
900 1307 982 1360 illa
1005 1323 1122 1376 qua:
1151 1309 1202 1360 in
1226 1309 1370 1362 vultu
1394 1309 1562 1380 Moysi
1587 1311 1706 1378 fuit,
1724 1326 1840 1380 quae

295 1391 506 1445 dicitur
533 1408 657 1448 esse
685 1397 977 1461 destructa,
1024 1413 1140 1466 qua:
1195 1397 1352 1467 Legis
1396 1399 1571 1454 littera
1621 1402 1841 1471 intelligi

295 1492 505 1550 potest,
547 1484 750 1538 habens
776 1487 990 1553 quidam
1033 1490 1257 1558 gloriam
1313 1501 1714 1560 praeceptorum,
1747 1494 1840 1546 sed

295 1587 423 1640 qua
455 1574 749 1642 gloriﬁcari
781 1592 883 1630 non
934 1581 1119 1646 possit.
1153 1580 1246 1634 Est
1277 1589 1331 1634 et
1375 1581 1477 1634 alia
1511 1581 1696 1649 gloria,
1723 1595 1841 1650 qua:

296 1668 588 1726 permanet
632 1669 686 1714 et
740 1661 1064 1731 glorificatur
1127 1667 1180 1720 in
1243 1668 1472 1722 Christo.
1518 1668 1646 1722 Cum
1697 1671 1837 1722 enim

1937 514 2276 575 comparatus
2325 511 2407 557 est
2448 504 2703 572 jnmentis
2745 504 3139 572 insipientibus,
3169 511 3222 558 et
3272 505 3463 557 similis

1936 599 2108 653 factus
2150 605 2233 650 est
2283 594 2385 648 illis
2407 593 2515 645 ³⁸.»
2581 593 2778 658 Quaerit
2823 609 2946 663 ergo
3005 594 3149 648 illum
3207 593 3461 647 honorem

1937 705 2098 760 quem
2129 688 2354 742 habebat
2383 683 2491 756 (60)
2521 695 2806 754 antequam
2833 696 3234 752 compararetur
3256 685 3464 752 jumen-

1940 781 2008 833 tis
2041 775 2437 846 insipientibus,
2462 775 2515 827 id
2545 782 2627 827 est
2669 773 2813 827 illum
2850 789 3010 842 quem
3034 773 3262 826 habebat
3289 773 3341 825 in
3373 786 3462 839 pa-

1939 869 2134 936 radiso,
2164 874 2445 932 antequam
2467 873 2729 932 peccaret,
2759 866 3012 916 honorem
3042 878 3148 930 quo
3168 861 3254 916 Dei
3279 877 3462 916 vocem

1937 957 2240 1012 merebatur
2267 954 2471 1016 audire,
2514 955 2769 1007 honorem
2801 965 2907 1019 quo
2931 951 3161 1018 paradisi
3204 950 3465 1006 fructibus

1937 1058 1991 1103 et
2023 1048 2162 1116 ligno
2186 1045 2310 1097 vita:
2333 1043 2631 1096 fruebatur.
2660 1041 2763 1095 Sed
2790 1053 2843 1094 et
2865 1042 2988 1093 illud
3011 1042 3149 1108 quod
3179 1041 3305 1093 dicit
3328 1042 3466 1106 Apo-

1937 1137 2104 1191 stolus
2137 1153 2149 1188 :
2183 1151 2202 1184 ι
2228 1133 2455 1187 Reddite
2503 1131 2746 1186 omnibus
2789 1131 3002 1195 debita;
3053 1132 3135 1184 cui
3186 1131 3463 1192 honorem,

1941 1228 2192 1280 humorem
2216 1223 2281 1287 ³⁷,
2317 1241 2334 1272 ι
2367 1223 2431 1274 ad
2481 1222 2580 1274 hoc
2611 1221 2739 1274 mihi
2781 1221 3047 1288 respicere
3084 1219 3310 1274 videtur.
3358 1219 3468 1287 Ego

1938 1315 2078 1368 enim
2109 1313 2186 1366 sic
2209 1310 2449 1379 intelligo
2471 1309 2726 1363 honorem
2752 1309 2989 1362 debitum
3014 1309 3160 1362 reddi
3194 1309 3300 1361 Deo
3329 1307 3464 1376 (6|),

1939 1405 1983 1458 si
2015 1402 2156 1472 quod
2188 1402 2412 1454 debetur
2437 1398 2667 1463 iustitia:
2698 1398 2976 1461 reddatur,
3006 1406 3060 1450 et
3096 1397 3226 1450 nihil
3262 1411 3326 1450 ex
3354 1395 3468 1464 ejus

1939 1502 2088 1560 parte
2119 1489 2388 1556 iniustitiae
2413 1487 2773 1541 concedatur:
2821 1487 3068 1540 similiter
3098 1495 3152 1540 et
3177 1486 3386 1540 veritati
3419 1487 3464 1538 si

1940 1593 2056 1646 qua:
2086 1592 2178 1630 sua
2211 1585 2330 1628 sunt
2360 1573 2433 1626 ita
2462 1575 2775 1638 reddantur,
2810 1583 2868 1626 ut
2903 1573 3034 1626 nihil
3058 1587 3123 1628 ex
3151 1573 3266 1641 ejus
3303 1573 3469 1642 parti-

1939 1667 2039 1719 bus
2063 1666 2340 1720 mendacio
2368 1665 2698 1733 relinquatur
2726 1681 2738 1716 :
2765 1663 3038 1731 sapientiae
3059 1678 3288 1732 quoque,
3313 1672 3368 1714 et
3387 1664 3473 1714 in-

295 1751 639 1805 ascendisset
660 1755 714 1805 in
739 1763 973 1808 montem
1007 1771 1125 1809 cum
1151 1756 1308 1810 Petro
1333 1797 1348 1820 ,
1399 1767 1453 1812 et
1504 1757 1703 1812 Jacobo
1730 1799 1744 1823 ,
1787 1766 1840 1812 et
1869 1747 1911 1801 Β
1940 1759 2220 1816 nocentiae,
2258 1755 2590 1822 bonitatique
2612 1756 2654 1808 si
2675 1755 2743 1806 ita
2771 1755 3054 1808 reddamus
3070 1769 3186 1823 quae
3209 1768 3301 1806 sua
3323 1761 3466 1814 sunt,

295 1839 552 1906 Joanne,
605 1843 1020 1900 transformatus
1047 1863 1166 1902 esse
1198 1849 1250 1902 in
1292 1849 1515 1917 gloriam
1566 1849 1836 1902 scribitur.

300 1946 319 1980 ι
351 1929 430 1981 Ει
457 1939 586 1986 tunc
620 1944 1001 2000 apparuerunt,
1041 1954 1060 1986 ι
1086 1935 1278 2004 inquit,
1321 1955 1339 1987 ι
1377 1937 1584 2008 Moyses
1616 1947 1670 1990 et
1701 1937 1842 1992 Elias

297 2021 676 2090 colloquentes
713 2039 832 2077 eum
857 2041 920 2078 eo
949 2026 1012 2081 ³⁰.
1045 2045 1064 2077 ι
1102 2027 1200 2079 Per
1225 2027 1364 2095 quod
1389 2029 1841 2095 ostenditur,quia

300 2113 436 2181 legis
487 2122 544 2165 et
594 2114 972 2182 prophetarum
1028 2117 1199 2185 gloria
1247 2127 1373 2170 tune
1425 2119 1686 2185 apparuit,
1721 2132 1843 2171 cum

299 2200 558 2255 Christus
587 2201 783 2256 fuisset
811 2205 1223 2260 transformatus
1259 2207 1314 2260 in
1359 2207 1526 2275 gloria
1550 2245 1568 2272 ,
1622 2217 1680 2260 nt
1703 2207 1844 2260 illius

299 2293 477 2361 gloria
506 2292 802 2347 illuminata
831 2295 1108 2362 pr0phetia
1131 2304 1185 2350 et
1211 2296 1317 2359 lex,
1374 2306 1552 2351 amoto
1585 2297 1843 2350 velamine

301 2385 526 2450 littere,
560 2385 888 2454 intelligatur
943 2387 996 2439 in
1026 2389 1236 2457 spiritu.
1287 2390 1479 2443 Verum
1513 2391 1637 2458 quia
1694 2399 1747 2444 et
1790 2393 1841 2446 in

298 2477 494 2532 Exodo
546 2477 748 2532 dicitur
800 2479 842 2510 ³¹
893 2479 1058 2547 gloria
1115 2481 1207 2534 Dei
1246 2482 1478 2548 replesse
1527 2482 1842 2538 tabernacu-

299 2567 408 2620 lum
469 2569 800 2634 testimonii;
845 2581 902 2624 et
950 2571 1142 2624 iterum
1173 2572 1224 2624 in
1281 2573 1611 2626 dedicatione
1664 2576 1841 2644 templi

297 2654 462 2725 48],
493 2655 843 2711 nihilominus
863 2659 1197 2712 descendisse
1213 2659 1377 2727 gloria
1404 2661 1516 2724 Dei,
1535 2669 1587 2714 et
1611 2663 1844 2728 replesse

299 2744 524 2794 domum
557 2741 728 2806 fumo,
759 2742 1002 2810 caligine,
1024 2753 1078 2797 et
1107 2745 1268 2808 nube,
1294 2745 1344 2797 in
1376 2760 1480 2813 quo
1529 2747 1707 2814 utique
1729 2750 1842 2816 ipsa

300 2832 498 2886 adesse
529 2830 626 2890 Dei
670 2833 954 2900 praesentia
1001 2833 1306 2902 designatur
1328 2836 1370 2866 ³⁸
1399 2850 1413 2887 :
1450 2835 1538 2888 illa
1566 2836 1618 2890 in
1645 2838 1726 2891 his
1750 2853 1844 2906 pn-

300 2922 468 2974 tanda
498 2928 584 2975 est
607 2921 713 2975 dici
733 2922 866 2991 (58‘)
882 2922 1069 2990 gloria,
1093 2925 1157 2976 de
1177 2939 1278 2991 qua
1301 2924 1584 2991 Apostolus
1606 2927 1842 2982 scribens

299 3011 367 3064 ad
400 3010 664 3064 Hebrzeos
691 3011 822 3064 dicit
845 3011 912 3064 de
939 3010 1094 3075 Filio,
1134 3014 1257 3080 quia
1302 3013 1371 3066 sit
1399 3031 1417 3064 ι
1450 3014 1701 3080 splendor
1728 3017 1841 3085 glo-

301 3101 416 3167 riae,
452 3109 511 3154 et
532 3100 710 3170 imago
733 3115 983 3167 expressa
1009 3100 1317 3154 substantiae
1342 3103 1456 3171 ejus
1482 3103 1548 3155 ³³.
1574 3102 1703 3156 »Ρθι
1723 3120 1843 3172 quae

299 3193 402 3245 hoc
437 3189 908 3258 declaratnr(59),
955 3191 1124 3259 ipsum
1171 3190 1367 3244 fontem
1409 3191 1590 3261 gloria:
1633 3192 1841 3247 Patrem

299 3281 432 3344 dici,
460 3294 529 3334 ex
549 3295 656 3349 quo
685 3281 940 3349 splendor
965 3281 1145 3349 gloria
1173 3281 1337 3336 Filius
1362 3294 1668 3352 generatur,
1691 3285 1843 3352 cujus

299 3372 724 3442 participatione
754 3387 942 3429 omnes
987 3381 1244 3428 creaturae
1287 3374 1508 3442 gloriam
1534 3376 1731 3430 habere
1761 3378 1842 3429 di-

298 3475 552 3522 cuntur:
586 3466 728 3520 sicut
771 3465 837 3520 de
890 3466 974 3519 his
1017 3466 1105 3533 qui
1158 3481 1223 3520 ex
1273 3468 1665 3521 resurrectione
1699 3479 1841 3533 sunt,

298 3557 606 3612 scribitur:
647 3574 685 3614 ι,
741 3555 856 3609 Alia
884 3556 1052 3624 gloria
1075 3555 1223 3621 solis,
1246 3556 1347 3608 alia
1371 3556 1534 3624 gloria
1558 3558 1717 3620 lunae,
1737 3559 1842 3612 alia

299 3647 476 3714 gloria
502 3647 804 3702 stellarum.
837 3645 1003 3700 Stella
1031 3661 1059 3698 a
1087 3647 1235 3701 stella
1281 3647 1452 3702 differt
1482 3649 1536 3702 in
1555 3647 1720 3718 gloria
1741 3650 1836 3702 “.i

301 3736 454 3792 lianc
500 3751 632 3804 ergo
674 3736 920 3805 gloriam,
945 3751 1060 3804 quae
1081 3751 1144 3792 ex
1191 3739 1582 3793 resurrectione
1623 3748 1722 3804 est,
1751 3743 1838 3808 qui

300 3827 615 3894 requirnnt,
665 3835 720 3880 et
774 3826 1055 3889 honorem,
1104 3833 1153 3879 et
1202 3827 1670 3894 incorruptionem,
1711 3829 1840 3882 illud

299 3917 420 3970 sine
453 3917 622 3970 dubio
647 3915 922 3970 invenient
948 3915 1088 3982 quod
1112 3917 1366 3984 scriptum
1394 3927 1514 3970 est:
1550 3935 1570 3968 ι
1601 3917 1842 3972 Semina-

299 4014 392 4059 tur
420 4019 624 4073 corpus
653 4005 705 4058 in
741 4005 1053 4072 ignominia,
1078 4017 1257 4075 surget
1291 4007 1340 4059 in
1372 4007 1536 4076 gloria
1565 4025 1579 4072 ;
1609 4010 1841 4062 semina-

299 4105 391 4150 tur
420 4097 476 4150 in
501 4093 869 4161 corruptione,
899 4103 1076 4162 surget
1116 4095 1166 4147 iu
1214 4097 1611 4164 incorruptione
1635 4097 1700 4151 ³⁸.
1733 4116 1750 4148 ι
1779 4098 1843 4151 Et

299 4186 426 4238 ideo
467 4183 761 4251 inquisitor
789 4180 947 4250 hujus
973 4182 1176 4250 gloriae,
1203 4193 1258 4237 et
1304 4186 1546 4252 honoris,
1575 4197 1630 4240 et
1667 4187 1840 4240 incor-

297 4274 579 4342 ruptionis
613 4287 710 4342 per
741 4274 1053 4341 patientiam
1086 4272 1208 4325 boni
1239 4275 1418 4342 operis
1453 4275 1614 4330 vitam
1659 4292 1844 4331 conse-

297 4367 494 4434 quitur
540 4375 824 4419 aeternam.
855 4362 1050 4418 Verum
1081 4366 1207 4432 quia
1236 4366 1303 4418 de
1339 4365 1526 4434 gloria,
1561 4379 1620 4421 ut
1669 4370 1844 4437 potni-

297 4469 448 4519 mus,
487 4455 856 4517 discussimus,
880 4455 1149 4508 videamus
1175 4455 1303 4522 quid
1327 4465 1381 4508 et
1421 4457 1593 4511 honor
1625 4459 1840 4524 indicet,

299 4544 430 4610 quia
467 4545 560 4612 qui
617 4544 685 4598 ad
715 4554 970 4598 aeternam
1003 4545 1163 4595 vitam
1213 4545 1484 4610 festinant,
1529 4562 1632 4600 non
1671 4549 1842 4601 solum

301 4635 566 4706 gloriam,
617 4634 711 4688 sed
755 4641 811 4687 et
852 4632 1109 4688 honorem
1157 4645 1419 4704 quarunt.
1454 4635 1722 4704 Scriptum
1763 4649 1845 4694 est

371 4817 419 4846 ¹⁹
449 4813 494 4866 ιι
527 4816 652 4867 Cor.
682 4827 766 4875 ιιι,
797 4811 912 4875 7-9,
943 4811 1027 4864 i8.
1063 4813 1107 4844 ³ο
1137 4813 1322 4866 Matth.
1343 4829 1472 4876 xvii,
1501 4817 1613 4869 1-5.
1658 4818 1700 4848 ³¹
1734 4817 1839 4872 Exo

1941 4833 2017 4874 ιι..
2045 4817 2131 4871 5:2.
2206 4815 2247 4845 ³¹
2274 4815 2311 4868 ll
2338 4815 2509 4868 Paral.
2539 4830 2628 4875 vn,
2659 4814 2709 4864 1.

595 4881 791 4954 "ibid.
938 4949 966 4954 _
989 4881 1033 4911 ³⁸
1063 4880 1528 4954 ΡειιΙ.-ιιι.νιιι,ί15.
1600 4887 1642 4916 ³⁷
1674 4885 1828 4941 Rom.

1945 4903 1981 4950 ι,
2017 4887 2067 4938 7.
2141 4886 2184 4916 ³⁸
2226 4888 2244 4937 ι
2279 4890 2402 4937 Cor.
2454 4899 2492 4945 ι,
2533 4883 2618 4936 50.
2695 4882 2738 4911 ³⁸
2765 4881 2923 4935 Mare.
2969 4897 3056 4944 xv,
3115 4883 3198 4946 l7,
3243 4885 3328 4946 l8,
3391 4888 3471 4938 ιι).
3538 4944 3555 4954 ,

297 4900 390 4940 xv,
421 4883 517 4936 41.
595 4883 639 4912 ³³
664 4883 791 4935 ibid.
826 4883 914 4932 Η.
989 4883 1033 4911 ³⁸
1063 4883 1200 4933 Psal.
1235 4899 1414 4943 xcvur,
1446 4885 1528 4936 15.
1600 4887 1642 4916 ³⁷
1674 4885 1805 4939 Rom

295 4953 342 4984 ⁸⁸
369 4951 539 5006 Joan.
564 4966 618 5012 v,
645 4949 735 5003 25.
810 4949 853 4979 ⁸⁸
883 4950 902 5002 ι
929 4949 1049 5003 Cor.
1080 4966 1159 5014 ιιι,
1191 4951 1276 5002 17.
1349 4952 1392 4982 δ’
1424 4953 1464 5005 ll
1488 4954 1609 5008 Cor.
1643 4970 1720 5018 χι,
1754 4957 1807 5008 5.

1941 1854 2000 1900 ut
2026 1845 2161 1898 nihil
2186 1861 2252 1899 ex
2267 1861 2452 1899 eorum
2480 1844 2657 1906 bonis,
2681 1843 2762 1896 vel
2788 1843 3047 1908 stultitiae,
3070 1844 3151 1898 vel
3167 1843 3470 1912 calliditati,

1940 1935 2022 1988 vel
2061 1935 2276 1988 malitia:
2303 1935 2688 2003 permittamus.
2723 1933 2856 1986 Cum
2893 1933 3061 1997 enim,
3094 1934 3238 1986 verbi
3269 1934 3466 2002 gratia,

1941 2025 1992 2077 in
2023 2024 2313 2091 jndicando
2351 2024 2430 2077 vel
2460 2039 2744 2091 personam
2777 2025 3009 2090 potentis
3059 2024 3351 2091 aCeeperis,
3389 2025 3471 2078 vel

1941 2131 2037 2182 pro
2063 2115 2217 2167 amici
2244 2114 2415 2182 gratia
2463 2129 2579 2182 qua:
2622 2125 2746 2166 sunt
2789 2128 2915 2167 vera
2948 2114 3330 2181 suppresseris.
3362 2130 3466 2168 non

1944 2205 2224 2259 reddidisti
2255 2204 2510 2257 honorem
2555 2202 2788 2256 debitum
2820 2202 3063 2268 justitiae,
3095 2217 3192 2255 nec
3229 2203 3468 2267 veritati,

1941 2297 2031 2349 sed
2078 2294 2416 2348 dehonorasti
2463 2292 2750 2361 justitiam,
2779 2302 2834 2344 et
2880 2291 3053 2345 fecisti
3091 2292 3468 2346 contumeliam

1942 2383 2149 2436 veritati
2176 2400 2190 2436 :
2223 2389 2275 2435 et
2303 2397 2422 2434 cum
2452 2380 2696 2434 Christus
2739 2379 2807 2433 sit
2830 2380 3056 2446 iustitia,
3083 2390 3136 2432 et
3162 2381 3470 2433 sanctiﬁca-

1943 2477 2046 2537 tio,
2101 2483 2152 2527 et
2204 2474 2401 2526 veritas
2426 2471 2492 2537 ³⁸,
2527 2471 2634 2525 eris
2683 2470 2872 2524 similis
2915 2470 3019 2524 illis
3065 2473 3154 2538 qui
3198 2471 3467 2526 Christum

1941 2563 2182 2630 colaphis
2216 2561 2544 2623 ceciderunt,
2573 2568 2625 2612 et
2653 2559 2742 2626 qui
2774 2560 2826 2612 in
2860 2559 3049 2614 faciem
3081 2561 3193 2628 ejus
3215 2575 3473 2629 conspue-

1943 2661 2087 2715 runt,
2113 2661 2167 2704 et
2191 2650 2278 2718 qui
2307 2651 2358 2704 in
2379 2650 2584 2702 calamo
2616 2657 2777 2718 caput
2797 2649 2910 2718 ejus
2940 2651 3321 2717 perrutientes,
3348 2664 3472 2704 ver-

1944 2741 2030 2793 tici
2058 2740 2168 2807 ejus
2195 2741 2560 2809 imposuerunt
2583 2743 2820 2812 spineam
2851 2756 3102 2795 coronam
3131 2741 3196 2793 ’9.
3219 2741 3347 2806 Quis
3369 2755 3469 2792 au-

1944 2845 2046 2885 tem
2079 2835 2250 2886 honor
2292 2835 2404 2904 (62)
2435 2837 2635 2902 estqui
2681 2837 2762 2889 his
2793 2837 3039 2889 omnibus
3083 2836 3366 2889 virtutibus
3402 2838 3468 2888 ah

1942 2921 2153 2974 homine
2186 2923 2428 2985 debetur,
2475 2923 2526 2974 in
2561 2923 2860 2992 Evangeliis
2905 2924 3206 2987 edocemur,
3257 2923 3471 2975 dicente

1946 3013 2163 3064 Domino
2193 3011 2235 3042 ‘°
2261 3029 2274 3063 :
2317 3031 2334 3062 ι
2365 3011 2434 3064 Ut
2462 3027 2648 3065 omnes
2693 3013 3046 3066 honoriﬁcent
3086 3011 3306 3074 Filium,
3333 3012 3471 3064 sicut

1946 3101 2298 3154 honoriticaut
2336 3099 2571 3152 Patrem.
2605 3119 2623 3150 ι
2656 3099 2983 3154 ilonoriiicat
3011 3115 3138 3168 ergo
3178 3099 3389 3152 Patrem
3419 3111 3471 3154 et

1943 3189 2156 3252 Filium,
2182 3190 2270 3257 qni
2296 3190 2551 3242 honorem
2579 3190 2796 3256 dignum
2828 3199 2882 3242 et
2906 3189 3141 3241 studium
3178 3188 3351 3241 defert
3379 3205 3474 3243 sa-

1944 3279 2174 3344 pientiae,
2203 3289 2253 3332 et
2275 3279 2515 3348 justitiaa,
2533 3289 2586 3333 et
2614 3280 2842 3342 veritati,
2866 3280 3221 3347 omnibusque
3249 3279 3331 3332 his
3352 3295 3471 3348 qua:

1942 3382 2059 3418 esse
2105 3368 2358 3421 dicuntur
2387 3367 2649 3420 Christus.
2691 3367 2801 3420 lloc
2843 3382 2971 3436 ergo
3022 3369 3178 3421 modo
3229 3378 3472 3434 quaerunt

1941 3455 2189 3522 gloriam,
2213 3465 2267 3509 et
2295 3455 2572 3520 honorem,
2604 3465 2660 3508 et
2697 3457 3174 3525 incorruptionem,
3197 3457 3285 3523 qui
3317 3455 3471 3508 festi-

1941 3551 2070 3596 nant
2119 3543 2184 3596 ad
2217 3552 2466 3598 aeternam
2506 3545 2689 3598 vitam.
2731 3547 2836 3600 Sed
2863 3555 2919 3600 et
2968 3546 3297 3614 incorruptio
3341 3543 3469 3614 quid

1941 3631 2162 3696 indicet,
2200 3633 2308 3686 cito
2336 3635 2584 3698 sciemus,
2614 3635 2659 3688 si
2685 3637 2825 3704 quod
2851 3635 2899 3690 ei
2929 3638 3254 3690 contrarium
3287 3645 3368 3690 est
3392 3636 3468 3689 di-

1940 3727 2256 3780 scutiamus.
2315 3725 2648 3794 lncorruptio
2700 3727 3025 3781 contrariam
3089 3727 3253 3781 habet
3285 3741 3471 3781 corru-

1940 3817 2194 3884 ptionem.
2216 3816 2496 3884 Corruptio
2527 3815 2730 3869 duobus
2763 3817 2934 3870 modis
2967 3817 3208 3870 accidere
3231 3816 3426 3868 dicitur
3455 3837 3467 3870 :

1942 3903 2328 3972 corporaliter,
2370 3916 2424 3958 et
2473 3905 2803 3972 spiritaliter.
2850 3905 3211 3974 Corporalitcr
3253 3905 3469 3972 accidit,

1942 4008 2062 4046 cum
2107 3996 2344 4048 evenerit
2378 3995 2504 4047 illud
2553 3996 2692 4062 quod
2735 3995 2995 4063 scriptum
3043 4005 3164 4050 est:
3212 4014 3230 4044 ι
3260 3996 3315 4050 Si
3350 3999 3471 4064 quis

1944 4083 2192 4151 templum
2223 4084 2312 4136 Dei
2345 4085 2668 4152 corruperit.
2689 4093 2997 4152 corrumpet
3028 4085 3172 4138 illum
3196 4086 3335 4140 Deus
3355 4086 3421 4138 “.
3445 4104 3465 4140 ι

1943 4172 2263 4240 Spiritaliter
2292 4187 2437 4236 vero,
2462 4188 2584 4227 cum
2631 4173 2758 4228 illud
2800 4175 3053 4235 acciderit
3094 4177 3232 4243 quod
3277 4176 3472 4230 nihilo-

1944 4263 2116 4315 minus
2151 4263 2430 4330 Apostolus
2468 4263 2598 4316 dicit
2636 4262 2719 4314 “:
2752 4278 2772 4310 ι
2811 4262 3005 4316 Vereor
3039 4274 3216 4318 autem
3245 4281 3310 4318 ne
3335 4266 3474 4318 sicut

1943 4367 2160 4418 serpens
2183 4353 2339 4404 Evam
2368 4353 2576 4406 seduxit
2603 4362 2796 4406 astutia
2826 4357 3034 4419 sua,sic
3066 4365 3474 4424 corrumpantur

1944 4457 2130 4497 sensus
2167 4444 2328 4510 vestri
2365 4459 2394 4495 a
2433 4443 2776 4512 simplicitate
2809 4444 2950 4506 lidei,
2979 4458 3095 4511 quae
3115 4455 3199 4498 est
3231 4446 3282 4498 in
3312 4445 3473 4498 Chri-

1946 4546 2029 4588 sto
2055 4533 2198 4587 Jesu.
2233 4551 2252 4584 ι
2290 4533 2348 4587 Si
2377 4534 2496 4602 quis
2535 4548 2660 4599 ergo
2688 4537 2754 4588 ab
2778 4535 2860 4588 his
2883 4551 3000 4604 qua:
3032 4550 3190 4604 supra
3242 4537 3476 4590 diximus

1948 4628 2206 4680 manserit
2234 4641 2458 4694 corpore
2480 4636 2534 4682 et
2562 4629 2747 4696 spiritu
2783 4627 3141 4694 incorruptus,
3164 4627 3267 4680 iste
3292 4627 3472 4679 incor-

2785 4813 2828 4844 ³³
2852 4811 3012 4866 Ilebr.
3039 4829 3075 4876 ι,
3109 4813 3158 4863 5.
3237 4813 3279 4844 ³⁵
3304 4813 3320 4864 Ι
3349 4815 3470 4869 Cor.

285 5103 498 5180 Caeteri
528 5119 669 5158 vero
684 5119 830 5180 .mss.
855 5114 910 5159 et
945 5106 1112 5180 editi,
1149 5123 1168 5156 t
1193 5105 1344 5160 Nunc
1388 5106 1595 5173 quidem
1625 5106 1845 5175 gloriam
1948 5125 2064 5180 quae
2083 5109 2160 5180 et)
2189 5109 2502 5180 declarat-ur,
2529 5106 2846 5180 [Βιώτην-ιε,
2867 5124 2885 5156 ι
2915 5106 3017 5180 Per
3036 5120 3152 5180 qna;
3186 5108 3469 5180 declarant

288 5185 348 5226 et
375 5173 856 5247 ingogrnpljonem
880 5176 1227 5247 requiramus.
1267 5191 1285 5223 ι
1318 5242 1367 5247 __
1495 5242 1508 5247 _
1632 5173 1678 5247 ί
1726 5244 1738 5247 _
1963 5173 1981 5180 ⁷
2021 5173 2176 5247 (60)’‹
2199 5177 2362 5240 Quem
2411 5173 2653 5247 habebat.
2689 5191 2708 5223 ι
2745 5173 2865 5228 lltec
2901 5177 3090 5231 desunt
3133 5177 3185 5228 in
3215 5179 3393 5244 editis,
3425 5192 3477 5235 et

370 5238 492 5310 (5‘7)
525 5238 636 5296 Ms.
659 5241 856 5309 Regius
894 5238 1038 5295 nu'm.
1067 5241 1219 5305 1641,
1253 5259 1271 5292 ι
1313 5242 1370 5296 Si
1425 5242 1566 5297 enim
1611 5244 1850 5300 ministe—
1953 5238 2302 5301 reStitnnntur
2327 5257 2392 5294 ex
2416 5242 2664 5310 onmihus
2692 5257 2820 5295 mss.

303 5305 856 5383 riunr'_da_mnatio_tiis
881 5311 933 5363 in
966 5311 1260 5383 gloriaAest.
1290 5327 1342 5383 r_
1447 5379 1458 5383 _
1591 5380 1602 5383 _
2023 5315 2129 5383 (6|)
2164 5329 2182 5361 ι
2216 5314 2340 5383 Deo.
2368 5327 2392 5383 »_
2419 5305 2694 5383 omittitur
2734 5311 2784 5362 in
2828 5311 3008 5383 editis,
3045 5319 3097 5361 et
3125 5309 3176 5362 in
3210 5312 3479 5383 plerisque

376 5377 628 5448 (58)_Ms.
653 5379 846 5448 llegius
864 5395 1008 5430 num.
1034 5378 1184 5448 i639,
1207 5396 1225 5428 ι
1249 5379 1428 5448 eadem
1447 5379 1696 5448 imagine,
1721 5391 1850 5436 ietc.
1956 5377 2119 5442 mss,
2140 5381 2231 5432 sed
2266 5377 2565 5432 restituitur
2589 5393 2812 5448 ex_tnss.
2848 5379 3011 5447 Regio
3039 5393 3184 5448 num.
3203 5380 3373 5448 A1659.

382 5444 530 5515 (58’)
563 5447 648 5498 Sic
681 5444 864 5500 omnes
891 5461 1014 5499 mss.
1035 5447 1168 5498 ΕιΙίιὶ
1200 5461 1348 5508 vero,
1377 5447 1520 5500 «Dei.
1547 5444 1576 5499 »⁷
1603 5447 1849 5506 [tabanus
2022 5451 2129 5572 (6??
2163 5449 2250 5500 Sic
2279 5460 2410 5500 mss.
2439 5448 2625 5496 nostri.
2655 5445 2794 5499 Editi
2832 5444 2976 5510 vero,
3007 5445 3104 5508 aL,
3146 5463 3164 5494 ι
3191 5445 3358 5509 Quem
3397 5468 3485 5504 au-

396 5513 580 5567 editio
602 5514 792 5567 Veneta
828 5513 1104 5572 Theophili
1129 5514 1414 5572 Salodiani,
1448 5534 1464 5564 ι
1487 5517 1608 5568 diei.
1636 5535 1654 5566 ι
1958 5533 2057 5572 tetu
2127 5529 2395 5572 tonorem;
2428 5532 2442 5560 ι
2487 5511 2581 5572 ³1η
2620 5531 2637 5563 ι
2660 5512 2788 5572 Qnis
2837 5526 3010 5572 autem
3037 5515 3314 5572 honorem.
3342 5536 3359 5568 ι
3391 5523 3484 5572 al..

302 5524 356 5571 et
391 5511 580 5588 editio
602 5514 805 5588 Veneta
828 5513 1104 5580 Theophili
1129 5514 1414 5588 Salodiani,
1448 5534 1464 5564 ι
1487 5517 1654 5588 diei.)
1691 5583 1699 5588 Δ
1752 5581 1782 5588 _
1958 5511 2057 5574 rem
2109 5511 2397 5588 honorem;
2428 5532 2442 5560 ι
2487 5511 2581 5575 aL,
2620 5531 2637 5563 ι
2660 5512 2788 5578 Quis
2815 5526 3010 5588 ⁵ιιιιιιξιιι
3037 5515 3314 5583 honorem,
3342 5536 3359 5568 ι
3391 5523 3484 5581 al.,

382 5582 502 5653 (59)
519 5579 599 5635 Ita
612 5579 1015 5639 editi.Mss.vero
1030 5581 1480 5651 nostri,tl’erqua:
1499 5584 1607 5638 hanc
1624 5583 1720 5654 (αι.
1752 5581 1852 5640 Per
1963 5611 1980 5644 ι
2006 5589 2135 5657 Quia
2165 5594 2348 5638 autem
2386 5582 2661 5635 honorem.
2682 5598 2708 5633 ι
