3836 6214
327 300 428 359 881

1280 305 1624 368 COMMENT.
1659 306 1728 363 ΙΝ
1759 311 1972 367 EPIST.
2008 312 2096 365 AD
2132 311 2294 366 ROM.
2334 311 2460 365 LIB.
2501 310 2564 364 ll.

3400 309 3503 361 8‘89

340 430 419 485 ria
453 446 470 495 ;
528 427 606 483 ita
638 436 830 487 utnon
864 443 1082 502 possent
1103 433 1373 488 intendere
1399 429 1492 484 lilii
1521 427 1686 484 Israel
1712 431 1766 484 in
1800 431 1878 485 fa-
1904 436 1952 491 Α
1976 432 2098 500 quia
2131 448 2150 482 ι
2173 431 2360 492 homo,
2401 445 2518 483 eum
2546 429 2598 482 in
2630 430 2830 482 honore
2867 434 3034 490 esset,
3063 439 3167 479 non
3204 425 3499 497 intellexit;

336 522 479 574 ciem
505 517 700 589 Moysi,
737 532 958 590 propter
985 523 1205 592 gloriam
1236 521 1411 576 vultus
1441 520 1578 588 ejus,
1611 535 1728 589 qua:
1749 522 1876 576 abo—

334 611 524 675 letur;
556 620 758 678 quanto
815 613 984 682 magis
1037 612 1386 667 ministerium
1416 610 1645 679 Spiritus
1689 612 1793 665 erit
1824 612 1878 664 in

332 698 557 763 gloria!
625 699 682 752 Si
716 701 860 754 enim
918 702 971 754 in
1024 703 1322 756 ministerio
1371 701 1722 754 damnationis
1765 701 1880 768 glo-

331 787 418 839 ria
456 786 570 858 (57)
595 797 710 850 est,
745 798 944 856 quanto
993 793 1159 860 magis
1199 791 1488 845 abundabit
1527 790 1879 843 ministerium

325 875 568 942 iustitia:
593 877 647 930 in
673 877 879 946 gloria?
908 898 927 931 ι
956 880 1020 932 Ει
1051 892 1168 949 post
1186 896 1350 948 pauca
1380 881 1561 934 addit:
1595 900 1614 932 ί
1649 880 1754 934 Nos
1786 896 1880 934 au-

333 972 454 1016 tem
508 952 698 1019 omnes
730 968 959 1020 revelata
999 968 1135 1023 facie
1180 969 1401 1038 gloriam
1433 969 1639 1023 Domini
1689 985 1881 1040 specu-

328 1053 543 1116 lantes,
572 1054 627 1107 in
659 1056 896 1108 eamdem
933 1058 1215 1126 imaginem
1246 1059 1354 1128 (58)
1387 1058 1826 1114 transformamur
1852 1075 1882 1112 a

328 1142 519 1209 gloria
556 1145 607 1197 in
645 1146 864 1213 gloriam
921 1156 1170 1216 tanquam
1217 1164 1245 1201 a
1296 1149 1500 1203 Domini
1526 1151 1724 1218 Spiritu
1755 1150 1820 1202 ".
1855 1168 1876 1200 ι

328 1232 439 1285 Est
461 1247 596 1301 ergo
625 1236 868 1301 quaedam
902 1237 1066 1304 gloria
1097 1238 1382 1290 secundum
1409 1239 1738 1304 Apostolum,
1769 1253 1884 1306 quae

329 1335 457 1374 non
481 1321 834 1390 glorificatur,
862 1334 918 1376 ut
943 1324 1026 1377 illa
1048 1339 1165 1392 quae
1194 1326 1245 1377 in
1269 1325 1413 1378 vultu
1437 1325 1604 1396 Moysi
1631 1326 1750 1392 fuit,
1768 1341 1883 1394 quae

329 1409 549 1463 dicitur
576 1425 700 1466 esse
729 1414 1020 1478 destructa,
1067 1429 1182 1482 quae
1238 1413 1396 1482 Legis
1439 1415 1614 1469 littera
1664 1416 1884 1485 intelligi

329 1510 548 1568 potest,
591 1502 793 1556 habens
819 1504 1033 1570 quidam
1077 1507 1300 1574 gloriam
1355 1515 1757 1575 praeceptorum,
1790 1508 1883 1560 sed

330 1606 468 1658 quae
499 1592 792 1660 glorificari
824 1609 927 1647 non
977 1597 1162 1662 possit.
1196 1596 1289 1650 Est
1320 1605 1375 1650 et
1419 1596 1521 1650 alia
1555 1596 1739 1665 gloria,
1766 1610 1885 1664 qua:

331 1686 632 1745 permanet
675 1687 730 1732 et
783 1679 1108 1748 glorificatur
1171 1683 1223 1736 in
1287 1683 1516 1737 Christo.
1562 1683 1690 1737 Cum
1741 1685 1881 1736 enim

1977 527 2316 588 comparatus
2365 527 2446 571 est
2487 517 2743 585 jumentis
2785 514 3179 583 insipientibus,
3209 521 3262 568 et
3313 514 3504 567 similis

1976 613 2148 666 factus
2191 617 2274 662 est
2325 607 2426 660 illis
2447 608 2555 658 ³⁸.»
2621 605 2818 670 Quaerit
2863 620 2986 673 ergo
3045 603 3190 658 illum
3247 604 3502 658 honorem

1979 719 2139 774 quem
2170 701 2394 756 habebat
2424 697 2532 768 (60)
2562 707 2846 766 antequam
2874 706 3275 763 compararetur
3297 695 3505 762 jumen-

1981 795 2049 847 tis
2082 788 2478 859 insipientibus,
2503 787 2556 838 id
2585 793 2668 838 est
2710 785 2854 838 illum
2891 799 3050 852 quem
3075 783 3303 836 habebat
3331 783 3382 834 in
3413 795 3504 848 pa-

1980 882 2176 948 radiso,
2205 887 2486 945 antequam
2508 883 2770 944 peccaret,
2801 877 3052 927 honorem
3083 888 3189 940 quo
3209 871 3295 926 Dei
3321 887 3504 926 vocem

1979 970 2282 1026 merebatur
2309 966 2512 1028 audire,
2556 966 2810 1018 honorem
2843 976 2949 1030 quo
2973 961 3204 1029 paradisi
3245 960 3506 1015 fructibus

1979 1072 2032 1116 et
2065 1061 2205 1129 ligno
2229 1059 2351 1110 vita:
2374 1055 2672 1108 fruebatur.
2701 1052 2804 1107 Sed
2831 1065 2885 1106 et
2906 1053 3030 1104 illud
3052 1052 3190 1119 quod
3221 1050 3347 1103 dicit
3370 1051 3508 1115 Apo-

1980 1151 2146 1204 stolus
2179 1167 2192 1201 :
2225 1164 2244 1197 ‹
2270 1146 2496 1200 Reddite
2545 1144 2788 1198 omnibus
2831 1143 3044 1205 debita;
3095 1142 3177 1194 cui
3228 1142 3506 1201 honorem,

1983 1242 2234 1294 honorem
2258 1236 2324 1300 ³⁷,
2358 1255 2376 1285 ι
2409 1236 2473 1287 ad
2523 1235 2623 1287 hoc
2654 1233 2782 1286 mihi
2824 1232 3089 1299 respicere
3126 1230 3352 1284 videtur.
3400 1229 3511 1296 Ego

1981 1329 2122 1382 enim
2151 1326 2229 1380 sic
2252 1323 2492 1392 intelligo
2513 1322 2768 1376 honorem
2795 1321 3031 1373 debitum
3057 1320 3203 1372 reddi
3237 1319 3342 1371 Deo
3371 1317 3506 1386 (Gl),

1982 1419 2026 1472 si
2058 1415 2198 1485 quod
2231 1415 2454 1467 debetur
2480 1411 2710 1476 jnstitia:
2741 1409 3018 1473 reddatur,
3049 1416 3103 1462 et
3139 1407 3269 1460 nihil
3305 1421 3368 1460 ex
3396 1405 3510 1473 ejus

1983 1516 2132 1574 parte
2162 1502 2431 1569 injustitiae
2455 1500 2816 1554 concedatur:
2865 1497 3110 1551 similiter
3141 1504 3194 1550 et
3220 1496 3428 1550 veritati
3462 1496 3506 1547 si

1983 1606 2099 1660 qua:
2129 1605 2222 1643 sua
2254 1598 2373 1642 sunt
2404 1586 2476 1638 ita
2503 1587 2818 1650 reddantur,
2853 1593 2911 1636 ut
2947 1584 3166 1638 nihilex
3195 1583 3309 1651 ejus
3346 1583 3512 1651 parti-

1982 1681 2082 1733 bus
2107 1679 2384 1732 mcndacio
2411 1678 2742 1745 relinquatur
2769 1691 2782 1727 :
2809 1674 3082 1742 sapientia:
3102 1688 3332 1742 quoque,
3358 1681 3412 1724 et
3431 1673 3517 1724 in-

333 1769 683 1823 ascendisset
704 1773 758 1823 in
783 1781 1017 1826 montem
1051 1787 1169 1826 cum
1195 1772 1352 1826 Petro
1377 1812 1392 1834 ,
1444 1782 1498 1827 et
1548 1772 1747 1826 Jacobo
1775 1813 1789 1837 ,
1831 1780 1884 1826 et
1913 1761 1955 1814 Β
1984 1772 2264 1830 nocentiae,
2302 1768 2634 1834 bonitatique
2656 1767 2698 1820 si
2719 1767 2787 1817 ita
2815 1766 3098 1818 reddamus
3114 1779 3231 1834 quae
3253 1777 3345 1816 sua
3366 1771 3510 1823 sunt,

334 1858 558 1914 Joanne
580 1897 597 1923 ,
649 1861 1064 1916 transformatus
1091 1878 1211 1917 esse
1241 1864 1294 1918 in
1336 1864 1560 1932 gloriam
1611 1863 1880 1916 scribitur.

342 1964 364 1998 ι
402 1947 476 2000 Et
502 1957 631 2004 tunc
665 1961 1045 2018 apparuerunt,
1085 1971 1104 2002 ι
1130 1952 1322 2020 inquit,
1365 1970 1383 2002 ι
1421 1951 1628 2022 Moyses
1661 1961 1714 2004 et
1747 1951 1886 2005 Elias

338 2040 721 2108 colloquentes
757 2056 877 2094 cum
901 2057 965 2095 eo
993 2043 1057 2098 ³⁰.
1089 2061 1108 2093 ι
1146 2043 1244 2096 Per
1269 2043 1409 2111 quod
1435 2043 1886 2109 ostenditur,quia

344 2131 486 2199 legis
533 2139 589 2183 et
639 2131 1017 2199 prophetarum
1073 2133 1244 2202 gloria
1291 2142 1418 2186 tunc
1469 2134 1731 2201 apparuit,
1766 2146 1888 2185 cum

343 2218 603 2273 Christus
633 2219 828 2274 fuisset
856 2221 1268 2276 transformatus
1304 2222 1359 2275 in
1404 2221 1571 2291 gloria
1595 2260 1613 2286 ,
1667 2232 1724 2275 ut
1748 2221 1890 2274 illius

346 2311 524 2379 gloria
552 2310 848 2364 illuminata
876 2311 1154 2378 pr0phetia
1177 2320 1230 2366 et
1257 2311 1362 2374 lex,
1420 2321 1598 2365 amoto
1630 2311 1889 2364 velamine

349 2403 573 2468 litterae,
607 2403 934 2471 intelligatur
989 2403 1041 2456 in
1071 2405 1281 2473 Spiritu.
1331 2405 1526 2458 Verum
1559 2405 1683 2472 quia
1740 2414 1793 2458 et
1835 2406 1886 2459 in

346 2495 540 2550 Exodo
593 2495 794 2549 dicitur
846 2496 888 2528 ³¹
939 2495 1104 2563 gloria
1161 2496 1253 2550 Dei
1291 2497 1524 2564 rcplesse
1573 2497 1889 2552 tabernacu-

349 2585 467 2637 lum
518 2586 846 2652 testimonii;
891 2598 948 2640 et
996 2587 1188 2640 iterum
1219 2589 1270 2640 in
1327 2589 1658 2641 dedicatione
1710 2590 1888 2657 templi

349 2672 512 2742 481
540 2673 890 2728 nihilominus
909 2675 1244 2729 descendisse
1259 2675 1424 2742 gloria
1450 2676 1563 2738 Dei,
1581 2684 1634 2728 et
1657 2677 1891 2742 replesse

352 2761 572 2812 domum
605 2759 775 2824 fumo,
805 2759 1048 2827 caligine,
1070 2770 1124 2814 et
1153 2761 1314 2824 nube,
1340 2761 1390 2812 in
1423 2775 1528 2828 quo
1576 2762 1754 2829 utique
1775 2764 1889 2831 ipsa

354 2850 546 2903 adesse
577 2847 674 2906 Dei
716 2851 1000 2918 praesentia
1048 2850 1353 2919 designatur
1375 2851 1418 2881 ³³
1445 2865 1460 2903 :
1497 2850 1585 2903 illa
1613 2851 1664 2904 in
1692 2853 1773 2905 his
1797 2867 1891 2920 pu-

355 2940 518 2991 tanda
547 2946 632 2993 est
655 2939 761 2992 dici
781 2938 913 3008 (58‘)
929 2939 1116 3008 gloria,
1139 2941 1204 2992 de
1223 2955 1325 3007 qua
1348 2939 1630 3006 Apostolus
1653 2942 1890 2996 scribens

355 3029 426 3082 ad
458 3028 712 3082 Hebraeos
739 3029 870 3081 dicit
893 3028 958 3081 de
986 3027 1141 3091 Filio,
1181 3030 1304 3096 quia
1350 3029 1419 3081 sit
1446 3046 1464 3079 ι
1498 3029 1748 3096 splendor
1775 3031 1888 3099 glo-

358 3119 474 3184 riae,
505 3127 559 3172 et
579 3119 758 3187 imago
781 3131 1030 3184 expressa
1056 3117 1365 3170 substantia:
1389 3119 1503 3186 ejus
1530 3118 1596 3170 ³³.
1622 3116 1750 3170 iPer
1771 3135 1890 3185 quae

357 3211 460 3262 hoc
493 3207 800 3262 declaratur
824 3206 956 3275 (59),
1003 3207 1172 3276 ipsum
1219 3205 1415 3259 fontem
1457 3207 1638 3276 gloriae
1681 3207 1889 3261 Patrem

357 3299 490 3361 dici,
513 3312 578 3352 ex
598 3313 705 3366 quo
733 3297 988 3366 splendor
1012 3297 1192 3366 gloriae
1220 3296 1384 3351 Filius
1410 3308 1716 3366 generatur,
1739 3299 1892 3366 cujus

357 3391 773 3460 participatione
802 3404 991 3446 omnes
1035 3397 1292 3444 creaturae
1335 3389 1557 3458 gloriam
1582 3391 1779 3444 habere
1809 3391 1891 3442 di-

357 3493 602 3539 cuntur:
635 3483 776 3538 sicut
820 3482 886 3536 de
939 3483 1023 3536 his
1065 3483 1152 3550 qui
1206 3497 1270 3536 ex
1321 3483 1714 3536 resurrectione
1748 3493 1891 3548 sunt,

355 3574 618 3629 scribitur
641 3591 656 3628 :
696 3591 735 3632 ι,
790 3572 905 3626 Alia
933 3572 1102 3640 gloria
1123 3572 1271 3637 solis,
1294 3571 1396 3624 alia
1419 3571 1584 3639 gloria
1607 3572 1766 3634 lunae,
1786 3573 1892 3626 alia

355 3665 529 3732 gloria
555 3664 854 3719 stellarum.
885 3662 1052 3716 Stella
1081 3677 1108 3714 a
1135 3663 1283 3716 stella
1330 3662 1502 3717 ditl‘ert
1532 3664 1585 3718 in
1605 3662 1770 3732 gloria
1791 3665 1886 3716 “.i

357 3755 508 3808 lianc
552 3768 682 3822 ergo
723 3753 970 3822 gloriam,
994 3767 1109 3820 qua:
1131 3767 1193 3807 ex
1240 3755 1632 3808 resurrectione
1673 3763 1773 3818 est,
1801 3757 1889 3822 qui

355 3844 665 3911 requirunt,
715 3851 769 3897 et
822 3842 1104 3904 honorem,
1153 3849 1203 3895 et
1251 3843 1720 3910 incorruptionem,
1760 3843 1889 3896 illud

353 3935 476 3989 sine
507 3934 672 3988 dubio
697 3932 972 3986 invenient
998 3931 1138 3999 quod
1162 3933 1415 3999 scriptum
1443 3942 1564 3986 est:
1600 3951 1619 3984 ι
1652 3932 1892 3986 Semina-

352 4033 449 4078 tur
475 4037 673 4090 corpus
702 4021 755 4074 in
790 4021 1104 4089 ignominia,
1128 4033 1308 4091 surget
1341 4022 1390 4074 in
1422 4023 1586 4090 gloria
1615 4039 1629 4087 ;
1659 4024 1892 4076 semina-

351 4124 448 4168 tur
475 4114 528 4167 in
551 4111 920 4178 corruptione,
949 4119 1127 4178 surget
1165 4110 1216 4163 in
1265 4111 1662 4179 incorruptione
1686 4112 1751 4166 3".
1784 4131 1802 4162 ι
1829 4112 1894 4165 Et

351 4205 480 4257 ideo
519 4201 812 4269 inquisitor
840 4197 998 4266 hujus
1024 4199 1226 4266 gloriae,
1254 4209 1309 4253 et
1355 4201 1596 4267 honoris,
1627 4211 1682 4255 et
1718 4202 1891 4255 incor-

350 4292 630 4360 ruptionis
663 4305 760 4359 per
791 4290 1104 4358 patientiam
1137 4289 1259 4342 boni
1291 4291 1469 4356 Operis
1503 4291 1666 4345 vitam
1710 4306 1894 4345 conse-

1985 1867 2045 1913 ut
2071 1858 2205 1911 nihil
2230 1874 2295 1912 ex
2311 1873 2496 1912 eorum
2524 1856 2701 1918 bonis,
2725 1854 2806 1908 vel
2833 1855 3092 1918 stultitim,
3115 1853 3196 1908 vel
3211 1853 3514 1921 calliditati,

1984 1948 2066 2002 vel
2105 1948 2320 2001 malitiae
2347 1947 2732 2016 permittamus.
2767 1944 2900 1998 Cum
2938 1945 3106 2008 enim,
3139 1944 3283 1997 verbi
3315 1944 3510 2012 gratia,

1986 2039 2037 2090 in
2069 2037 2358 2104 judicando
2395 2037 2475 2090 vel
2504 2051 2788 2103 personam
2821 2036 3054 2102 potentis
3103 2034 3396 2102 acceperis,
3433 2034 3516 2087 vel

1986 2144 2081 2196 pro
2108 2128 2262 2180 amici
2289 2126 2460 2195 gratia
2509 2141 2624 2194 qua:
2667 2136 2791 2178 sunt
2833 2140 2961 2178 vera
2993 2124 3375 2192 suppresseris.
3406 2139 3512 2178 n0n

1989 2218 2269 2272 reddidisti
2301 2217 2555 2269 honorem
2600 2214 2833 2268 debitum
2865 2213 3108 2280 justitiaa,
3141 2228 3238 2266 nec
3276 2213 3513 2277 veritati,

1987 2310 2077 2363 sed
2123 2306 2462 2361 dehonorasti
2509 2304 2796 2372 justitiam,
2825 2314 2879 2356 et
2926 2303 3099 2356 fecisti
3137 2302 3513 2357 contumeliam

1987 2397 2195 2450 veritati
2222 2413 2235 2449 :
2269 2403 2321 2447 et
2349 2409 2468 2446 cum
2499 2393 2742 2447 Christus
2784 2391 2853 2445 sit
2876 2391 3102 2458 iustitia,
3129 2401 3182 2443 et
3208 2391 3516 2443 sanctiﬁca-

1990 2491 2092 2550 tio,
2147 2496 2198 2541 et
2249 2487 2447 2540 veritas
2473 2483 2539 2550 ³⁸,
2573 2484 2680 2537 eris
2730 2482 2918 2535 similis
2962 2482 3065 2535 illis
3112 2484 3201 2549 qui
3244 2481 3513 2537 Christum

1987 2577 2228 2644 colaphis
2262 2575 2590 2635 ceciderunt,
2619 2580 2671 2624 et
2699 2571 2788 2639 qui
2821 2572 2872 2624 in
2907 2570 3096 2625 faciem
3127 2572 3239 2639 ejus
3262 2585 3519 2639 conspue-

1990 2674 2134 2729 runt,
2160 2675 2214 2718 et
2237 2664 2326 2732 qui
2355 2665 2405 2717 in
2427 2662 2630 2715 calamo
2663 2668 2823 2730 caput
2844 2661 2958 2730 ejus
2987 2662 3368 2728 percutientes,
3395 2674 3520 2714 ver-

1991 2755 2078 2807 tici
2105 2754 2216 2821 ejus
2241 2755 2606 2822 imposuerunt
2630 2756 2866 2825 spineam
2898 2767 3148 2806 coronam
3178 2752 3243 2803 ³9.
3265 2751 3394 2816 Quis
3417 2765 3516 2803 au-

1991 2858 2093 2900 tem
2127 2849 2297 2900 honor
2339 2848 2451 2917 (6‘2)
2482 2859 2567 2900 est
2595 2849 2682 2915 qui
2729 2848 2809 2901 his
2841 2849 3086 2901 omnibus
3129 2847 3414 2900 virtutibus
3449 2848 3515 2898 ali

1990 2935 2201 2987 homine
2233 2935 2476 2998 debetur,
2523 2936 2574 2987 in
2607 2935 2907 3004 Evangeliis
2952 2935 3253 2998 cdocemur,
3305 2933 3518 2986 dicente

1993 3026 2211 3078 Domino
2241 3025 2282 3055 ⁸⁸
2309 3042 2321 3076 :
2365 3043 2382 3075 ι
2412 3024 2482 3076 Ut
2511 3039 2696 3078 omnes
2741 3024 3094 3078 honorificent
3135 3022 3354 3083 Filium,
3380 3022 3518 3075 sicut

1994 3114 2346 3166 honorilicant
2383 3112 2619 3165 Patrem.
2653 3131 2672 3163 ι
2703 3112 3031 3166 llonorilicat
3059 3125 3187 3178 ergo
3226 3111 3436 3162 Patrem
3466 3120 3519 3164 ct

1992 3202 2204 3266 Filium,
2231 3203 2318 3270 qui
2345 3203 2599 3255 honorem
2627 3201 2845 3268 dignum
2876 3211 2930 3254 et
2954 3200 3190 3252 studium
3227 3199 3399 3252 defert
3427 3214 3522 3253 sa-

1993 3293 2223 3358 pientiae,
2252 3302 2303 3345 et
2323 3292 2564 3360 justitiae,
2583 3301 2634 3345 et
2662 3292 2891 3354 veritati,
2915 3292 3270 3358 omnibusque
3298 3290 3379 3343 his
3401 3304 3519 3358 quae

1991 3396 2108 3432 esse
2155 3381 2407 3434 dicuntur
2437 3379 2698 3432 Christus.
2739 3379 2850 3432 Hoc
2891 3393 3020 3447 ergo
3071 3381 3226 3431 modo
3277 3387 3521 3444 quaerunt

1990 3468 2238 3536 gloriam,
2262 3478 2316 3521 et
2345 3469 2622 3532 honorem,
2654 3477 2710 3519 et
2746 3469 3223 3536 incorruptionem,
3245 3468 3334 3534 qui
3366 3465 3519 3519 festi‘

1991 3565 2118 3610 nant
2169 3557 2234 3609 ad
2266 3565 2515 3610 mternam
2556 3557 2738 3609 vitam.
2781 3558 2885 3611 Sed
2913 3566 2969 3611 et
3017 3557 3346 3624 incorruptio
3391 3553 3518 3624 quid

1991 3645 2210 3710 indicet,
2249 3646 2357 3699 cito
2386 3647 2634 3710 sciemus,
2665 3647 2710 3700 si
2735 3649 2874 3715 quod
2900 3647 2949 3700 ei
2979 3647 3303 3700 contrarium
3337 3656 3418 3700 est
3441 3646 3517 3699 di-

1990 3741 2306 3793 sentiamus.
2365 3738 2698 3806 lncorruptio
2750 3738 3075 3792 contrariam
3139 3737 3303 3791 habet
3335 3751 3520 3791 corru-

1990 3830 2244 3897 ptionem.
2266 3829 2547 3896 Corruptio
2577 3827 2780 3880 duobus
2812 3828 2984 3881 modis
3016 3827 3258 3880 accidere
3281 3826 3476 3878 dicitur
3505 3845 3517 3880 :

1992 3917 2378 3985 corporaliter,
2420 3928 2475 3970 et
2523 3916 2853 3983 spiritaliter.
2900 3916 3261 3985 Corporaliter
3304 3915 3519 3982 accidit,

1992 4021 2112 4059 cum
2157 4008 2394 4060 evenerit
2427 4007 2554 4059 illud
2603 4007 2742 4074 quod
2786 4007 3045 4074 scriptum
3094 4016 3216 4060 est:
3263 4024 3281 4055 ι
3311 4006 3366 4060 Si
3401 4008 3522 4074 quis

1994 4095 2243 4164 templum
2273 4096 2362 4148 Dei
2396 4096 2719 4163 corruperit.
2740 4105 3047 4163 corrumpet
3078 4095 3223 4148 illum
3248 4096 3387 4151 Deus
3406 4096 3472 4148 “.
3495 4114 3516 4150 ι

1994 4185 2314 4253 Spiritaliter
2343 4199 2488 4248 vero,
2513 4199 2634 4238 cum
2682 4185 2809 4238 illud
2850 4187 3104 4245 acciderit
3145 4187 3284 4253 quod
3329 4186 3524 4240 nihilu-

1994 4276 2167 4328 tninus
2201 4275 2480 4343 Apostolus
2519 4275 2649 4327 dicit
2687 4272 2770 4324 “z
2803 4289 2822 4322 ι
2861 4273 3057 4327 Vereor
3090 4285 3267 4328 autem
3297 4291 3362 4328 ne
3387 4276 3526 4328 sicut

349 4386 544 4453 quin“.
591 4391 874 4436 mel-nam.
906 4379 1102 4434 verum
1132 4382 1259 4448 quia
1288 4382 1354 4434 de
1391 4381 1578 4449 gloria,
1613 4394 1672 4435 ιη
1721 4384 1894 4452 potui-
1923 4402 1967 4459 Ι)
1995 4380 2211 4430 serpens
2234 4365 2390 4417 Evam
2419 4365 2628 4417 seduxit
2654 4373 2848 4418 astutia
2878 4367 3086 4429 sua,sic
3118 4375 3525 4434 corrumpantur

351 4488 500 4536 mus,
539 4473 908 4534 discussimus,
931 4471 1200 4524 videamus
1227 4471 1355 4538 quid
1379 4480 1433 4524 et
1473 4472 1645 4526 honor
1677 4474 1892 4538 iudicet,

351 4563 484 4630 quia
520 4562 611 4631 qui
669 4561 736 4614 ad
767 4571 1021 4614 aeternam
1055 4561 1215 4612 vitam
1265 4561 1536 4624 festinant,
1581 4577 1684 4614 non
1723 4563 1893 4616 solum

355 4653 618 4725 gloriam,
669 4651 763 4704 sed
807 4658 863 4704 et
905 4649 1161 4704 honorem
1210 4661 1471 4720 quierunt.
1507 4650 1773 4719 Scriptum
1814 4662 1897 4708 est

432 4835 477 4866 ”
503 4833 548 4886 ll
578 4835 704 4885 Lor.
733 4845 818 4892 Ill,
849 4828 964 4892 7-9,
995 4827 1080 4880 18.
1115 4829 1159 4860 ⁸⁸
1189 4829 1375 4882 Matth.
1396 4845 1524 4892 xvn,
1554 4832 1666 4885 1—5.
1710 4833 1752 4863 ³¹
1787 4831 1888 4886 Exo

1993 4847 2070 4888 ιι.
2097 4830 2184 4884 5‘2.

647 4899 692 4929 ³³
716 4899 843 4951 ibid.
879 4897 966 4949 42.
1041 4898 1086 4928 ³⁸
1116 4897 1253 4949 Psal.
1288 4914 1467 4959 XLVI",
1499 4900 1581 4951 13.
1652 4901 1694 4932 ³⁷
1726 4901 1880 4955 Rom.

1998 4916 2034 4964 ι,
2069 4900 2120 4951 7.
2195 4898 2236 4928 ³⁸
2279 4899 2296 4950 ι
2332 4901 2455 4950 Cor.
2506 4911 2544 4957 ι,
2586 4895 2670 4948 50.
2748 4893 2791 4923 ³³
2818 4893 2977 4946 Mare.
3021 4909 3110 4955 xv,
3168 4893 3250 4957 17,
3296 4895 3382 4956 18,
3440 4899 3524 4946 19.
3591 4953 3608 4963 ‘

357 4919 452 4960 xv,
481 4903 571 4955 41.
647 4903 692 4929 "
716 4903 843 4951 ibid.
879 4903 966 4949 42.
1041 4903 1086 4928 ³⁵
1116 4903 1253 4949 Psal.
1288 4914 1467 4959 XLVI",
1499 4903 1581 4951 13.
1652 4903 1694 4932 ³⁷
1726 4903 1858 4953 Rom

358 4973 406 5006 ‘°
433 4971 593 5025 .Inan.
618 4983 670 5029 v,
697 4967 788 5020 25.
863 4967 906 4996 ⁸⁸
935 4967 954 5020 l
981 4965 1102 5020 Cor.
1133 4982 1212 5031 ιιι,
1245 4967 1329 5018 17.
1401 4968 1445 4998 ’⁵³
1477 4969 1518 5021 ll
1541 4969 1662 5023 Cor.
1696 4985 1772 5034 xl,
1807 4971 1860 5022 5.

360 5122 566 5178 (Zaateri
593 5136 722 5176 vero
754 5136 882 5178 mss.
908 5130 963 5176 et
997 5122 1165 5186 editi,
1202 5139 1222 5172 ί
1247 5121 1397 5175 Nunc
1441 5121 1648 5188 quidem
1678 5122 1898 5190 gloriam

362 5205 422 5246 et
451 5191 910 5259 incorruptionem
933 5192 1281 5259 requiramus.
1321 5207 1339 5239 ν

404 5257 688 5340 .(57)_Ms.
713 5258 910 5340 Regius
935 5257 1092 5340 .nu‘in.
1120 5258 1325 5340 1641,}
1366 5257 1424 5311 Si
1478 5258 1619 5312 enim
1664 5259 1902 5314 ministe-

369 5327 514 5382 rium
536 5327 910 5380 damnationis
934 5327 986 5379 in
1020 5327 1186 5394 gloria
1214 5335 1313 5380 est.
1344 5343 1363 5377 ι

439 5396 552 5464 (58)
581 5395 680 5449 Ms.
707 5396 900 5465 liegius
918 5411 1062 5447 num.
1088 5395 1238 5465 1639,
1260 5412 1278 5444 ι
1302 5394 1749 5465 eadetniinagine,
1774 5406 1904 5451 ictc.

446 5462 585 5534 (58'),
612 5466 700 5534 Sic
733 5462 1222 5534 oriinesmss._E_i_li_t_i
1253 5476 1402 5534 vero,
1431 5463 1637 5534 {Dens
1656 5462 1903 5520 [tabanus

370 5543 422 5588 et
457 5529 630 5586 editio
653 5532 845 5585 Veneta
882 5530 1157 5598 Theophili
1183 5529 1470 5598 Salodiani,
1503 5549 1520 5579 ‹
1541 5531 1662 5584 diei.
1689 5549 1707 5580 ι

447 5600 559 5672 (59)
574 5599 649 5656 lta
663 5596 1069 5657 editi.lllss.vero
1083 5599 1266 5664 nostri,
1279 5596 1406 5650 «Per
1417 5613 1535 5667 quac
1555 5600 1660 5652 hazc
1677 5598 1772 5668 (αι.
1806 5597 1906 5654 Per

1995 4471 2182 4510 sensus
2219 4457 2380 4509 vestri
2417 4471 2446 4507 a
2484 4455 2827 4524 simplicitate
2860 4455 3002 4517 fidei,
3031 4469 3148 4522 quae
3168 4466 3251 4509 est
3282 4456 3334 4508 in
3365 4455 3524 4509 Chri-

1997 4558 2080 4602 sto
2107 4546 2250 4600 Jesu.
2284 4565 2303 4596 ι
2341 4545 2399 4601 Si
2428 4547 2547 4614 quis
2586 4560 2712 4611 ergo
2739 4548 2806 4600 ab
2830 4546 2912 4599 his
2936 4563 3053 4615 qua:
3085 4561 3242 4615 supra
3294 4547 3528 4599 diximus

2001 4640 2258 4694 manserit
2286 4654 2509 4707 corpore
2531 4648 2586 4694 et
2613 4640 2800 4708 spiritu
2835 4640 3194 4706 incorruptus,
3217 4637 3319 4690 iste
3345 4637 3524 4690 incor-

2259 4828 2299 4857 ³⁸
2327 4828 2364 4881 ll
2389 4828 2561 4881 Paral.
2590 4842 2680 4887 VII,
2711 4826 2762 4876 1.
2838 4825 2882 4855 ³³
2904 4823 3065 4877 Hebr.
3092 4840 3128 4887 t,
3162 4823 3212 4874 5.
3289 4823 3331 4854 ³⁵
3357 4822 3372 4874 Ι
3401 4825 3523 4878 Cor.

2000 5137 2117 5192 quae
2138 5122 2214 5192 et)
2242 5121 2554 5192 declaratur,
2583 5118 2899 5192 rRabaqqs,
2919 5135 2938 5167 ι
2969 5116 3070 5192 Per
3089 5131 3205 5192 quae
3239 5119 3522 5192 declarat.i

2073 5185 2230 5260 (60)}
2252 5189 2415 5253 Quem
2464 5187 2705 5260 habebat.
2741 5203 2760 5235 ι
2798 5185 2917 5239 llaec
2953 5188 3143 5241 desunt
3186 5188 3238 5240 in
3269 5190 3445 5255 editis,
3478 5202 3530 5246 et

2006 5256 2355 5314 restituuntur
2380 5272 2445 5308 ex
2469 5256 2716 5308 omnibus
2743 5269 2872 5306 mss.

2076 5328 2182 5396 (6|)
2217 5342 2235 5374 ι
2270 5327 2392 5396 Deo.
2420 5341 2443 5396 ξ
2471 5320 2744 5396 Oniittitur
2784 5323 2834 5375 in
2878 5321 3058 5396 editis,
3096 5330 3149 5372 et
3177 5321 3229 5375 in
3263 5324 3531 5396 plerisque

2009 5391 2171 5456 mss,
2193 5394 2285 5444 sed
2321 5392 2615 5445 restituitur
2639 5407 2706 5444 ex
2734 5407 2861 5445 mss.
2897 5391 3061 5458 Regio
3090 5405 3235 5458 nunt.
3270 5392 3424 5446 1659.

2075 5464 2183 5534 (69-)
2217 5461 2305 5513 Sic
2334 5475 2459 5513 mss.
2489 5463 2674 5534 nostri.
2705 5459 2842 5534 lgditi
2881 5456 3025 5520 vero,
3057 5456 3152 5534 al.,
3196 5476 3214 5508 ι
3242 5459 3407 5524 Quem
3447 5481 3536 5516 au-

2012 5527 2110 5588 tem
2163 5527 2443 5600 honorem;
2476 5548 2491 5576 ›
2536 5527 2629 5592 aL,
2667 5547 2685 5578 ι
2708 5527 2834 5592 Quis
2861 5538 3058 5600 ,autem
3084 5527 3362 5597 honorent,
3390 5549 3408 5582 ι
3439 5536 3532 5594 aL.

2016 5624 2033 5657 ι
2059 5602 2189 5670 Quia
2218 5608 2396 5652 autem
2431 5597 2706 5652 honorem.
2728 5613 2754 5648 ι
