3836 6222
282 337 382 391 835

1684 319 1995 378 ORIGENIS

3491 301 3603 354 εει

285 455 583 521 raptionem
626 462 861 517 quaerere
905 445 1122 506 dicitur,
1156 457 1258 511 quo
1299 439 1506 495 scilicet
1548 453 1642 508 per
1680 440 1822 492 hanc
1847 447 1895 500 Α
1924 436 2162 490 cusativo
2202 435 2530 505 protulisset,
2565 433 2608 486 si
2643 433 2696 486 id
2731 430 2800 482 ad
2850 417 3339 521 red‘dentis'D’ei
3398 432 3604 519 perso—

284 540 636 594 ubservautize
686 537 1165 601 incorruptionem,
1199 534 1339 586 illam
1385 544 1502 596 qua:
1543 547 1606 584 ex
1645 546 1821 583 resur-

284 634 516 686 rectione
540 640 619 682 est
644 628 1091 694 incorruptionem
1115 625 1364 692 consequi
1388 623 1501 691 (63)
1533 630 1817 675 mercatur.

287 724 421 790 Quid
481 731 656 773 autem
724 719 877 772 detur
924 718 1036 770 lure
1085 717 1478 784 requirentibus
1525 715 1819 767 videamus.

290 834 306 862 ι
336 811 475 873 Vita,
499 828 517 861 ι
572 809 772 874 inquit,
826 826 843 857 ι
867 816 1064 859 interna
1095 820 1109 857 :
1141 824 1159 856 ι
1220 806 1306 857 illa
1345 806 1408 858 de
1441 819 1544 873 qua
1577 803 1823 857 Salvator

285 903 458 961 docet,
489 912 608 950 cum
643 896 771 948 dicit
804 913 816 946 :
857 914 874 945 ‹
904 895 1026 946 Haec
1056 903 1135 947 est
1167 903 1342 945 autem
1381 892 1485 944 vita
1509 901 1731 954 aiterna,
1765 901 1824 943 ut

285 994 608 1054 cognoscant
636 993 686 1036 te
716 985 884 1036 solum
917 997 1100 1034 verum
1146 982 1332 1042 Deum,
1364 989 1420 1034 et
1441 995 1596 1049 quem
1629 980 1823 1038 misisti

283 1073 459 1126 Jesum
501 1073 766 1127 Christum
795 1071 859 1122 ”.
890 1089 907 1121 ι
953 1070 1052 1124 Per
1108 1071 1251 1138 quod
1312 1070 1548 1123 ostendit
1580 1069 1631 1120 in
1676 1069 1823 1136 agni-

287 1164 428 1215 tione
453 1163 566 1225 Dei,
589 1173 640 1214 et
666 1161 864 1214 Christi
895 1159 1040 1223 Jesu,
1063 1159 1184 1212 vita:
1211 1169 1424 1212 interna:
1455 1171 1668 1211 manere
1695 1157 1823 1209 sub-

285 1251 556 1303 stantiam.
599 1249 810 1317 Agnitio
841 1263 967 1300 vero
996 1248 1084 1300 Dei
1117 1249 1382 1314 quomodo
1413 1245 1596 1298 haberi
1633 1244 1820 1312 possit,

285 1341 539 1393 docemur
590 1340 642 1391 in
684 1337 928 1399 Psalmis,
955 1352 1074 1388 cum
1108 1335 1307 1388 dicitur
1338 1336 1383 1365 ’“
1416 1352 1429 1386 :
1469 1353 1486 1384 ε
1524 1334 1738 1399 Vacate,
1772 1341 1825 1388 et

285 1431 559 1497 agnoscite
581 1429 828 1496 quoniam
863 1443 959 1496 ego
991 1443 1105 1482 sum
1136 1427 1294 1479 Deus.
1319 1445 1337 1476 ι

356 1522 409 1576 6.
436 1538 454 1571 ε
479 1521 571 1574 His
595 1531 768 1574 autem
796 1521 881 1586 qui
911 1535 975 1572 ex
995 1519 1356 1579 contentione,
1392 1526 1444 1569 et
1473 1515 1560 1583 qui
1587 1514 1826 1568 dillidunt

287 1607 496 1682 quidem
532 1608 768 1669 veritati,
792 1608 1160 1674 obtemperant
1193 1614 1371 1656 autem
1417 1604 1712 1670 iniquitati,
1746 1603 1824 1654 ira

288 1709 342 1750 et
380 1697 693 1765 indignatio,
723 1696 991 1750 tribulatio
1038 1706 1091 1747 et
1141 1695 1385 1762 angustia
1409 1693 1469 1745 ⁸³.
1505 1713 1522 1742 ι
1559 1694 1656 1757 Qui
1692 1694 1822 1746 sim-

1926 543 2048 581 nam
2092 529 2291 583 referre
2341 528 2624 581 voluisset.
2656 522 2817 588 Quod
2850 530 2910 574 et
2965 519 3033 570 in
3082 506 3231 566 aliis
3273 509 3605 574 Scriptura:

1923 618 2056 670 locis
2082 617 2330 670 similiter
2359 615 2678 684 intelligitur
2705 608 3056 677 designari,
3103 604 3280 656 sicut
3317 599 3377 652 in
3415 599 3607 667 primo

1925 707 2060 761 libro
2091 707 2422 774 Regnorum,
2448 704 2538 756 ubi
2561 701 2696 755 dicit
2729 700 3063 753 Dominus:
3103 711 3127 743 ι
3164 690 3608 774 Glorilicantes

1923 809 2006 847 me
2057 770 2388 862 glorificabo,
2447 798 2768 859 spernentes
2817 799 2908 838 me
2965 773 3456 849 spernentur“.
3488 791 3508 822 ι
3548 770 3605 824 In

1923 897 2028 948 quo
2062 883 2340 935 evidenter
2372 878 2682 933 ostenditur
2736 877 2931 928 dicere
2991 868 3461 938 Dominus.eos
3507 863 3606 928 qui

1923 973 2256 1042 gloriﬁcandi
2293 981 2440 1036 sunt,
2465 985 2564 1038 per
2597 984 2656 1022 se
2691 962 3168 1034 gloriﬁcandosﬁ;
3211 958 3290 1012 de
3331 955 3429 1010 his
3469 969 3610 1008 vero

1923 1065 2012 1130 qui
2043 1061 2320 1130 spernendi
2364 1069 2510 1122 sunt,
2543 1073 2647 1110 non
2706 1054 2984 1108 retulisse
3043 1050 3126 1103 ad
3166 1062 3266 1110 se,
3293 1046 3403 1100 sed
3434 1045 3608 1098 abso-

1923 1154 2030 1207 lute
2059 1153 2276 1217 dixisse,
2305 1151 2428 1220 quia
2461 1158 2817 1218 spernentur.
2857 1145 2918 1198 Si
2965 1143 3148 1196 enim
3189 1148 3258 1192 ut
3310 1141 3469 1192 bona
3505 1151 3608 1205 per

1925 1244 2265 1308 semetipsum
2295 1238 2626 1308 prtcstat,ita
2659 1247 2714 1290 et
2744 1235 2892 1288 mala
2923 1237 3042 1302 per
3069 1229 3484 1295 semetipsum
3518 1243 3611 1280 re-

1927 1332 2181 1383 tribueret
2211 1329 2371 1394 Deus,
2394 1340 2740 1396 consequens
2764 1331 2916 1384 erat,
2945 1328 3016 1374 ut
3047 1333 3182 1387 quo
3211 1316 3401 1369 modo
3431 1315 3604 1378 dixit,

1929 1439 1949 1471 ς
1985 1420 2365 1474 Glorilicantes
2405 1433 2490 1473 me
2539 1415 2892 1486 glorificabo,
2922 1432 2944 1464 ν
3022 1412 3114 1463 ita
3179 1409 3426 1463 diceret
3465 1426 3478 1459 :
3539 1407 3607 1459 Et

1927 1519 2237 1576 spernentes
2295 1523 2379 1561 me
2417 1522 2692 1578 spernam.
2730 1505 2844 1559 Sed
2892 1511 2957 1557 et
3008 1501 3078 1554 in
3149 1499 3280 1552 alio
3322 1497 3458 1551 loco
3506 1511 3608 1566 per

1926 1599 2238 1666 prophetam
2271 1599 2444 1651 simile
2475 1598 2606 1665 quid
2637 1597 2863 1648 videtur
2899 1590 3163 1646 ostendi
3201 1591 3265 1644 in
3321 1605 3420 1653 eo,
3454 1588 3606 1656 quod

1930 1691 1980 1742 hi
2012 1691 2098 1758 qui
2124 1699 2252 1742 eunt
2281 1691 2331 1742 in
2363 1689 2537 1756 ignem
2568 1686 2713 1754 (68),
2749 1700 2864 1739 non
2904 1700 2939 1736 a
2981 1684 3143 1747 Deo,
3176 1682 3290 1736 sed
3326 1696 3359 1733 a
3394 1688 3611 1734 semet-

289 1771 644 1855 plicitcrbazc
673 1788 889 1855 accipit,
914 1787 1155 1840 sullicere
1176 1786 1346 1838 credit
1375 1787 1439 1837 ad
1472 1785 1820 1845 intellectum,
1855 1808 1896 1860 ῃ
1927 1782 2055 1850 ipsis
2102 1795 2220 1833 eum
2259 1781 2538 1833 inveniant
2584 1792 2915 1840 accensum,
2954 1778 3129 1831 sicut
3177 1775 3336 1829 dicit
3381 1772 3560 1828 Isaias
3588 1795 3601 1828 :

289 1879 580 1933 secundum
627 1877 738 1946 (64)
785 1891 847 1930 ea
878 1891 994 1944 qua}
1023 1892 1180 1944 supra
1229 1877 1369 1930 dicta
1400 1884 1557 1936 sunt,
1606 1874 1827 1927 reddere

293 1970 458 2032 Deum
490 1967 774 2036 unicuique
808 1965 1095 2020 secundum
1123 1979 1282 2032 opera
1307 1981 1402 2018 sua
1438 1981 1450 2015 :
1486 1964 1536 2016 id
1561 1971 1660 2023 cst,
1692 1962 1828 2015 sicut

289 2059 418 2122 illis,
452 2059 540 2126 qui
573 2073 668 2125 per
704 2054 1015 2126 patientiam
1067 2054 1187 2106 boni
1222 2054 1396 2121 operis
1441 2061 1684 2120 quaaruut
1714 2052 1826 2118 glo-

289 2152 424 2202 riam
451 2148 584 2216 (65),
602 2158 655 2201 et
682 2146 1151 2213 incorruptionem,
1169 2145 1331 2196 vitam
1353 2143 1524 2196 reddit
1550 2151 1826 2205 aeternam;

293 2244 363 2300 ita
394 2248 448 2294 et
500 2239 615 2292 istis
641 2237 732 2306 qui
763 2251 826 2289 ex
855 2236 1196 2290 contentione
1224 2232 1471 2286 difﬁdunt
1498 2232 1709 2299 quidem
1735 2247 1828 2284 vc-

291 2330 460 2392 ritati,
486 2331 859 2395 obtemperant
905 2335 1081 2379 autem
1127 2322 1423 2391 iniquitati,
1454 2323 1585 2375 iram
1618 2331 1672 2374 et
1694 2321 1828 2374 indi-

292 2417 617 2492 guationem,
651 2415 1046 2467 tribulationem
1076 2423 1128 2467 et
1159 2412 1459 2480 angustiam
1488 2411 1694 2464 reddat.
1728 2411 1827 2464 Sed

293 2507 382 2574 qui
414 2507 466 2559 in
495 2504 800 2575 apostolicis
827 2505 1039 2566 litteris,
1064 2518 1157 2571 per
1189 2517 1320 2569 quas
1353 2500 1460 2572 (66)
1483 2501 1728 2554 Christus
1750 2501 1830 2552 lo-

291 2600 493 2665 quitur,
540 2597 646 2649 iota
680 2610 865 2658 unum,
911 2603 1001 2646 aut
1047 2608 1208 2646 unum
1260 2593 1464 2660 apicem
1511 2606 1612 2644 non
1661 2590 1831 2644 credit

292 2672 522 2736 otiosum
549 2681 971 2750 “,asseverabit
1004 2695 1110 2734 non
1163 2694 1257 2747 per
1295 2694 1530 2733 errorem
1577 2678 1831 2746 Apostolo

293 2771 583 2839 eoutlgisse
607 2781 663 2823 ut
693 2771 784 2824 tali
804 2771 1068 2825 locutione
1098 2779 1356 2827 uteretur,
1375 2771 1559 2822 dicens
1582 2769 1624 2800 ⁸⁷
1651 2788 1662 2821 :
1693 2787 1710 2818 ι
1732 2768 1829 2834 Qui

298 2863 483 2916 reddet
528 2863 616 2916 bis
651 2861 889 2930 quidem,
920 2860 1008 2928 qui
1034 2874 1126 2926 per
1150 2859 1463 2926 patientiam
1505 2859 1629 2913 boni
1655 2859 1831 2926 operis

297 2951 516 3029 gloriam
559 2961 611 3004 et
624 2951 878 3004 honorem
895 2959 1132 3017 quaerunt
1145 2991 1160 3014 ,
1177 2952 1338 3006 vitam
1354 2947 1513 3021 582
1528 2959 1794 3002 :rternam.
1809 2965 1826 2997 ι

297 3041 393 3096 llis
415 3056 540 3096 vero
569 3043 656 3111 qui
681 3057 747 3096 ex
764 3043 1099 3096 contentione
1130 3044 1500 3110 obtemperant
1543 3037 1829 3106 iniquitati,

1933 1889 1951 1920 ι
1986 1871 2058 1924 Ite
2091 1871 2143 1923 in
2176 1871 2378 1922 lumine
2409 1871 2549 1938 ignis
2587 1869 2783 1932 vestri,
2837 1879 2898 1921 et
2957 1867 3229 1919 ﬂamma
3270 1864 3400 1934 (69)
3435 1879 3606 1934 quam

1927 1960 2244 2013 accendislis
2271 1960 2335 2012 ‘9.
2375 1977 2394 2010 ι
2451 1960 2518 2011 Et
2571 1968 2630 2012 ut
2682 1959 2870 2012 adhuc
2935 1957 3204 2023 planior
3254 1956 3474 2010 horum
3510 1959 3607 2008 liat

1928 2050 2195 2111 dissertio,
2218 2049 2485 2103 addentur
2512 2049 2680 2102 etiam
2707 2050 2828 2102 haec
2863 2062 2878 2099 :
2920 2046 2983 2101 Si
3027 2048 3178 2116 quis
3207 2057 3428 2102 contra
3461 2061 3605 2116 pra:-

1927 2147 2136 2204 ceptum
2187 2139 2380 2192 medici
2415 2140 2648 2206 sumptis
2692 2139 2988 2192 malorum
3043 2139 3343 2194 ciborum
3389 2141 3598 2202 succis,

1928 2239 1982 2282 et
2006 2230 2244 2296 corporis
2265 2231 2477 2284 turbata
2517 2231 2804 2297 temperie,
2837 2231 2934 2282 vel
2972 2231 3198 2285 febres
3239 2231 3337 2285 vel
3389 2230 3601 2298 quosli—

1928 2320 2015 2371 bet
2077 2317 2436 2384 hujuscemodi
2491 2319 2793 2373 incurrerit
2850 2320 3143 2386 morbos,
3206 2330 3448 2376 certum
3515 2330 3601 2374 est

1928 2410 2066 2477 quod
2125 2424 2230 2462 non
2276 2425 2370 2477 per
2419 2411 2708 2471 medicum,
2752 2411 2852 2464 sed
2891 2427 3009 2480 per
3064 2413 3599 2481 intemperantiam

1929 2513 2078 2552 suam
2109 2508 2308 2565 pestem
2363 2500 2641 2567 languoris
2692 2502 3045 2568 acceperit;
3090 2502 3145 2556 si
3188 2516 3342 2557 vero
3399 2502 3598 2556 medici

1928 2599 2191 2657 praecepta
2233 2591 2544 2646 custodiens
2593 2591 2646 2643 in
2699 2592 2996 2659 sospitate
3039 2594 3373 2660 perduret,
3407 2593 3598 2660 utique

1928 2694 2024 2746 per
2051 2680 2314 2734 medicum
2350 2681 2559 2734 dicetur
2582 2682 2789 2735 habere
2825 2684 3107 2750 gratiam
3154 2684 3463 2740 sanitatis.
3481 2682 3598 2741 Hoc

1929 2784 2056 2838 ergo
2080 2771 2238 2824 modo
2269 2779 2666 2839 consequenter
2694 2772 3002 2826 videbitur
3040 2774 3220 2831 Deus
3249 2777 3379 2845 ipse
3406 2791 3508 2845 per
3539 2789 3597 2829 se

1929 2861 2152 2915 reddere
2183 2861 2470 2930 unicuique
2512 2863 2819 2917 secundum
2848 2879 3047 2933 opera
3100 2882 3246 2934 sua,
3285 2882 3420 2937 quae
3456 2867 3593 2922 bona

1931 2960 2054 3004 sunt
2086 2969 2099 3004 :
2143 2952 2279 3004 mala
2308 2963 2484 3006 autem
2516 2954 2706 3008 venire
2741 2955 3181 3024 intell—igentur
3218 2974 3340 3014 non
3394 2974 3426 3012 a
3463 2959 3588 3019 Deo,

1931 3043 2024 3096 sed
2047 3057 2112 3094 ex
2137 3044 2383 3110 pessimis
2413 3044 2861 3112 intemperantiae
2887 3051 3132 3116 succis,
3170 3061 3235 3105 et
3269 3051 3451 3105 cruda
3471 3065 3590 3121 pra-

297 3144 400 3185 non
436 3132 589 3195 dixit,
623 3133 755 3184 iram
779 3142 825 3185 et
849 3133 1278 3201 indignationem,
1310 3139 1369 3184 ut
1405 3142 1457 3184 et
1486 3130 1587 3184 hoc
1632 3128 1831 3183 refera-
1857 3144 1900 3200 ο
1931 3131 2092 3184 vitate
2129 3141 2422 3201 gestorum.
2445 3133 2646 3186 Verum
2697 3143 2754 3188 et
2778 3137 2895 3190 hoc
2933 3139 3151 3206 ipsum
3193 3145 3362 3212 quod
3404 3146 3542 3198 dixit
3575 3161 3590 3196 :

298 3235 384 3277 tur
407 3225 472 3278 ad
500 3238 519 3274 ‹
547 3224 750 3287 reddet,
782 3241 800 3274 ›
845 3225 983 3291 quod
1015 3223 1257 3292 superius
1302 3223 1537 3286 dixerat;
1574 3222 1665 3276 sed
1713 3222 1786 3274 ait
1813 3237 1828 3276 :

302 3330 319 3363 ε
345 3315 428 3367 Ira
459 3323 513 3367 et
547 3314 864 3382 indignatio,
914 3313 1183 3367 tribulatio
1234 3323 1288 3368 et
1333 3313 1597 3382 angustia.
1632 3331 1650 3363 ι
1685 3311 1833 3367 Unde

300 3404 390 3470 qui
419 3402 676 3470 spiritalis
703 3413 804 3466 est,
853 3413 906 3456 et
940 3402 1184 3478 intelligit
1211 3403 1337 3470 quid
1380 3402 1610 3470 Spiritus
1648 3402 1834 3470 loqua~

301 3507 388 3554 tur
419 3493 529 3562 (67)
561 3494 612 3546 in
645 3493 828 3556 Paulo,
856 3493 985 3546 dicit
1015 3508 1117 3546 non
1145 3493 1258 3546 haec
1279 3493 1588 3561 Apostolum
1616 3507 1711 3561 per
1736 3493 1836 3544 im-

300 3583 568 3661 peritiam,
607 3583 700 3635 sed
734 3597 826 3650 per
853 3582 1085 3635 divinam
1135 3582 1377 3650 peritiam
1410 3582 1831 3648 conscripsisse:

301 3660 509 3727 scilicet
539 3681 598 3725 ut
625 3687 720 3741 per
754 3660 867 3725 hac
899 3673 1203 3726 ostenderet
1233 3687 1294 3726 ea
1343 3671 1555 3738 quidem
1600 3685 1716 3744 quae
1753 3685 1836 3724 se-

303 3764 537 3817 cundum
589 3762 894 3830 patientiam
947 3760 1068 3814 boni
1109 3761 1286 3828 operis
1324 3759 1683 3828 quaarentibus
1725 3757 1837 3824 glo-

303 3854 438 3906 riam
467 3861 523 3906 et
567 3851 1018 3918 incorruptionem
1071 3849 1340 3904 reddenda
1379 3859 1521 3913 sunt,
1548 3864 1644 3916 per
1673 3849 1834 3901 Deum

303 3944 474 4008 reddi,
503 3943 553 3998 id
580 3953 659 3997 est
702 3944 867 3995 vitam
915 3949 1168 3996 aeternam
1197 3959 1210 3993 :
1243 3955 1303 3993 ea
1335 3955 1464 3993 vero
1492 3955 1609 4007 qua:
1649 3954 1837 3993 conse-

300 4042 537 4102 qutlntur
565 4047 657 4087 eos
678 4034 765 4100 qui
799 4045 892 4100 per
917 4030 1312 4085 contentionem
1357 4029 1595 4083 dillidunt
1624 4031 1835 4097 quidem

302 4125 542 4188 veritati,
591 4108 957 4190 obtemperant
1010 4135 1137 4175 vero
1189 4121 1477 4188 iniquitati,
1515 4135 1620 4174 non
1667 4135 1695 4172 a
1732 4121 1836 4172 Deo

307 4215 443 4279 dari,
467 4215 620 4283 cujus
640 4215 776 4269 d0na
827 4215 1006 4281 utique
1034 4213 1426 4281 permanentia.
1455 4221 1509 4266 et
1538 4213 1652 4279 ipso
1681 4210 1836 4277 digna

306 4311 475 4366 sunt:
507 4289 599 4357 sed
653 4316 720 4355 ex
769 4305 1144 4370 consequentia
1186 4313 1452 4373 gestorum
1499 4316 1713 4355 suorum
1752 4300 1836 4353 his

307 4398 400 4469 qui
433 4405 717 4465 operantur
751 4397 971 4461 malum,
1019 4397 1099 4449 ira
1130 4407 1184 4450 et
1221 4397 1536 4467 indignatio,
1567 4394 1835 4448 tribulatio

1945 3239 1963 3272 ο
1995 3221 2093 3286 Qui
2146 3237 2209 3275 ex
2265 3223 2611 3277 contentione
2665 3224 2946 3280 difﬁdunt
3012 3233 3276 3299 quidem
3345 3235 3591 3298 veritati,

1932 3311 2299 3379 obtemperant
2352 3321 2530 3366 autem
2585 3314 2900 3381 iniquitati,
2933 3335 2957 3368 ι
3023 3320 3444 3378 indiscussum
3486 3338 3591 3376 non

1933 3401 2265 3454 omittamus.
2296 3401 2351 3455 lu
2385 3402 2469 3456 his
2506 3403 2653 3456 enim
2694 3403 2950 3473 singulis
2991 3409 3338 3481 languores
3370 3413 3592 3482 quidam

1935 3493 2124 3545 animat
2150 3492 2216 3545 ab
2261 3491 2514 3561 Apostolo
2559 3495 2969 3566 designantur,
3010 3517 3287 3571 quorum
3325 3504 3593 3560 medelam

1939 3581 2120 3634 nullus
2169 3583 2422 3649 inveniet,
2466 3585 2568 3638 nisi
2619 3587 2777 3653 prius
2820 3593 3202 3650 morborum
3265 3594 3594 3666 cognoverit

1939 3685 2153 3725 causas.
2182 3672 2248 3726 Et
2283 3673 2406 3728 ideo
2449 3675 2503 3728 in
2554 3677 2756 3731 divinis
2803 3677 3166 3750 Scripturis
3226 3690 3593 3759 aegritudines

1937 3762 2134 3816 anima:
2167 3774 2521 3818 numerantur
2553 3777 2608 3820 et
2635 3771 2890 3824 remedia
2923 3774 3406 3842 describuntur,
3450 3789 3508 3831 ut
3541 3777 3597 3831 lii

1936 3853 2031 3920 qui
2070 3867 2126 3905 se
2169 3854 2478 3921 apostolicis
2527 3857 2887 3914 subdiderint
2938 3864 3308 3936 disciplinis
3358 3871 3594 3940 (70),ex

1937 3941 2020 3994 his
2053 3955 2167 4009 qua:
2205 3944 2403 4012 scripta
2437 3953 2564 3997 sunt
2599 3948 2804 4014 agnitis
2849 3951 3274 4021 languoribus
3328 3960 3473 4024 suis,
3505 3973 3595 4012 eu-

1936 4032 2036 4085 rati
2065 4032 2272 4099 possint
2294 4034 2545 4087 dicere“
2577 4033 2790 4101 Lauda,
2827 4040 3045 4097 anima
3072 4062 3242 4115 mea,
3272 4049 3592 4111 Dominum,

1936 4123 2025 4191 qui
2047 4133 2409 4177 sanatomnes
2432 4123 2727 4194 languores
2775 4138 2908 4184 tuos
2931 4131 3016 4186 '°.
3056 4154 3079 4186 ι
3126 4137 3304 4193 Unus
3354 4155 3492 4208 ergo
3532 4153 3596 4193 ex

1938 4211 2151 4264 caeteris
2185 4213 2374 4266 anima:
2431 4213 2678 4283 languor,
2703 4225 2762 4270 et
2791 4221 3045 4286 quidem
3082 4229 3424 4298 pessimus,
3464 4245 3596 4284 con-

1939 4301 2104 4354 tentio
2143 4316 2264 4355 esse
2298 4302 2637 4372 intelligenda
2669 4317 2777 4375 est,
2809 4324 2917 4376 per
2961 4329 3158 4384 quam
3225 4336 3412 4375 omne
3465 4335 3596 4390 opus

1938 4406 2168 4481 pravum,
2191 4392 2418 4460 geritur.
2448 4395 2553 4448 Per
2588 4397 2735 4451 hanc
2779 4401 3053 4462 haereses
3104 4424 3474 4478 nascuntur,
3501 4428 3598 4481 per

308 4484 625 4573 etangustia
648 4484 770 4545 erit,
798 4484 1090 4544 secundum
1112 4499 1172 4538 ea
1203 4500 1320 4552 qua:
1346 4486 1838 4548 thesaurizaverunt
1868 4483 1911 4536 D
1940 4480 2074 4532 hanc
2097 4480 2414 4546 schismata,
2451 4493 2509 4538 et
2534 4486 2720 4539 omnia
2757 4493 3051 4550 scandala
3087 4498 3148 4553 in
3187 4502 3484 4558 Ecclesiis
3503 4480 3599 4573 ge-

306 4571 557 4640 sibiipci.
582 4571 714 4625 Nam
765 4572 947 4640 utique
996 4572 1137 4626 sicut
1180 4573 1251 4627 ibi
1291 4592 1311 4624 ι
1336 4575 1511 4639 vitam
1539 4581 1788 4627 aeternam
1813 4589 1830 4621 ι

304 4673 436 4716 Casu
457 4663 764 4718 accusativo
792 4661 1105 4730 protulerat,
1137 4663 1210 4717 ita
1255 4672 1308 4718 et
1335 4665 1420 4718 hic
1457 4663 1588 4715 iram
1620 4672 1672 4716 et
1702 4662 1838 4715 indi-

307 4753 635 4830 gnationem,
664 4751 1169 4822 tribulationemque
1185 4765 1238 4806 et
1266 4753 1560 4823 angustiam
1596 4766 1722 4805 casu
1747 4765 1836 4804 ac-

369 4878 412 4910 “
437 4875 591 4932 Joan.
618 4890 747 4940 xvn,
774 4876 826 4932 5.

307 4947 393 5000 50.
458 4945 500 4976 δ’
539 4945 642 5002 lsa.
678 4961 732 5007 L,
759 4946 843 4998 ll.

377 5078 487 5148 (63)
538 5079 611 5130 Ita
662 5093 788 5132 mss.
824 5078 1085 5146 plerique,
1131 5079 1259 5132 editi
1308 5075 1664 5148 etillabanus.
1710 5073 1837 5128 Mss.

311 5145 437 5199 iero
467 5149 706 5226 quidam,
745 5164 763 5196 ι
790 5161 884 5215 per
909 5145 1043 5208 hanc
1072 5147 1491 5226 observantiam,
1521 5145 1690 5207 illam,
1722 5159 1839 5211 qua:

312 5235 377 5267 γι
413 5217 806 5268 resurrectione
835 5226 935 5281 est,
964 5217 1239 5281 consequi,
1264 5234 1282 5265 ι
1321 5223 1425 5266 etc.

321 5282 488 5402 mg?)
544 5301 562 5331 ι
595 5280 960 5346 Secundum.»
997 5280 1153 5338 Deest
1197 5285 1250 5337 in
1305 5298 1430 5345 mss.
1479 5280 1644 5350 Regio
1689 5295 1834 5333 num.

348 5351 468 5400 (559.

384 5417 491 5482 (6’5)
527 5416 630 5495 Edi
649 5418 684 5480 i,
718 5435 735 5468 ‹
760 5419 1004 5495 credunt,
1031 5420 1111 5474 vel
1132 5429 1371 5495 quaarunt
1393 5421 1634 5489 gloriam.
1661 5437 1678 5469 ›
1707 5417 1831 5474 Mss.

316 5497 500 5534 omnes
529 5488 801 5547 omittunt,
835 5504 852 5534 ε
872 5488 1220 5543 creduntn'el.
1255 5506 1272 5539 ι

548 5549 618 5600 Ita
649 5552 1032 5608 Genebrardus.
1079 5559 1180 5608 Sed
1225 5548 1399 5609 czeteri
1443 5559 1566 5611 editi
1607 5567 1660 5611 et
1701 5569 1829 5608 mss.

321 5626 484 5686 nostri
513 5634 713 5686 utnucs,
753 5638 768 5667 ι
796 5635 887 5685 per
912 5638 1059 5686 quos.
1095 5637 1110 5671 ι

387 5684 500 5755 (67)
514 5683 608 5738 Ms.
633 5683 828 5764 Regius
852 5683 992 5741 nuin.
1023 5692 1176 5757 1039,
1214 5711 1229 5741 ι
1255 5697 1395 5772 quod
1418 5693 1640 5772 Spiritus
1667 5693 1834 5772 loqui‘

933 4875 977 4953 ff
996 4875 1136 4953 ζεῦ).
1167 4876 1406 4953 xuv,_‘ll_.
1482 4875 1530 4953 ἐξ
1557 4874 1710 4953 item.
1737 4873 1891 4953 ιιιυ8Ἰ
1914 4873 1966 4927 9.
2042 4874 2086 4905 “
2111 4874 2296 4929 Matth.
2329 4890 2382 4941 ν,
2413 4878 2448 4931 1η

1586 4877 1710 4927 lom.
1737 4873 1891 4953 ιιι-8,¹
1914 4873 1966 4927 9.
2042 4874 2086 4905 “
2111 4874 2296 4929 Matth.
2329 4890 2382 4941 ν,
2413 4878 2500 4933 18.
2578 4879 2622 4912 ⁸⁷
2657 4881 2825 4942 Rom.
2859 4903 2930 4953 ιι,
2963 4892 3026 4953 6.
3066 4896 3101 4948 7

919 4945 963 4975 ³ο
994 4945 1132 5000 Psal.
1162 4935 1338 5010 cupi,
1366 4945 1419 4996 5.
1493 4945 1534 4973 ³¹
1567 4943 1669 4996 lsa.
1701 4957 1752 5006 v,
1777 4935 1891 4994 εις·
2369 4935 2378 4941 ’

1611 4957 1669 4995 ιιι.
1701 4957 1752 5006 ν,
1777 4935 1891 4994 ενι(
2369 4935 2378 4941 ’
2658 4935 2825 4942 Nm"
2860 4935 2930 4953 "'
2967 4935 3026 4960 ν’
3076 4935 3126 4953 ’⁸

1941 4577 2219 4671 nerantur',
2258 4571 2384 4624 dum
2431 4574 2486 4626 lii
2519 4577 2612 4642 qui
2657 4581 2811 4644 apud
2862 4588 3250 4658 semetipsos
3285 4571 3599 4662 prudentes

1943 4669 2088 4754 sunt,
2116 4669 2169 4712 et
2194 4669 2248 4713 in
2279 4673 2583 4754 conspectu
2613 4682 2714 4721 suo
2746 4672 3064 4741 sapientes
3089 4682 3168 4747 ⁵³,
3213 4686 3506 4754 quidquid
3536 4685 3600 4737 li-

1941 4751 2118 4804 buerit
2149 4766 2245 4819 pro
2276 4752 2392 4821 lege
2421 4753 2727 4814 defendunt
2758 4779 2773 4816 :
2817 4774 2878 4820 et
2907 4767 3054 4825 inde
3103 4775 3174 4828 lit
3216 4751 3284 4832 ut
3314 4751 3600 4832 dillidatur

3217 4901 3272 4933 “
3300 4903 3320 4957 ι
3351 4901 3495 4970 Reg.
3533 4919 3594 4967 tt,

1943 5083 2241 5174 {221.21%
2267 5077 2844 5174 altealfﬁsiaaaam-
2908 5095 3089 5174 ίεὶιθ.»
3131 5120 3152 5151 ι
3195 5106 3301 5172 qui
3345 5107 3597 5174 ερίτειηε

1937 5141 2242 5266 pagg
2275 5154 2378 5201 ειο-
2409 5141 2734 5210 δεσνεωιρτί
2765 5141 3595 5230 ass;mansa”.':;:;;;;:

2009 5281 2122 5356 (68)
2155 5282 2254 5339 Ms.
2287 5287 2490 5356 Regius
2512 5305 2670 5346 num.

1939 5347 1992 5419 in
2020 5347 2214 5417 ignem.
2240 5373 2259 5406 ι
2301 5347 2492 5412 (Ξέιετί
2536 5377 2674 5419 vero

1938 5417 1990 5468 ln
2022 5429 2201 5474 nostro
2229 5423 2403 5480 textu.

1967 5487 2388 5580 Efmss-
2429 5507 2484 5580 ςι
2529 5501 3013 5580 θάἰιίεῐὶιὼθηυε
3065 5535 3231 5580 vero.
3269 5543 3288 5575 ι
3315 5524 3422 5580 ltc.
3460 5525 3586 5580 illu-

1935 5564 2315 5647 ntllt't’atcﬁigncs
2339 5574 2578 5647 vestros,
2609 5583 2668 5626 οι
2694 5564 3023 5647 ηειωῆὶᾶἦί
3057 5564 3231 5647 ὶ-
3271 5564 3287 5575 .
3315 5564 3422 5591 ιιι,
3460 5564 3566 5594 ...αἱ

2005 5625 2114 5696 (70)
2147 5625 2577 5706 Ὁωιθὺηιιιῑιιεί
2600 5625 3036 5726 ξ”ι
3057 5625 3250 5722 ἰιῖίῖέ.

2701 5296 2876 5384 ξβὸξ),
2913 5311 3134 5384 iquod
3173 5311 3366 5384 iniqui
3393 5324 3593 5369 euntes

2705 5382 2878 5436 mss.,
2913 5373 3197 5436 Ra’banus
3241 5373 3306 5437 ei
3349 5388 3490 5440 editi
3532 5397 3592 5438 ut
