3836 6234
292 332 404 387 885

1235 328 1577 383 COMMENT.
1617 327 1683 380 IN
1722 325 1934 381 EPIST.
1975 325 2065 378 AD
2100 322 2260 378 ROM.
2303 323 2428 376 LIB.
2459 319 2535 383 ill.

3348 315 3446 366 886

290 449 507 513 quidem
555 447 810 515 veritati,
859 450 1249 516 obtemperetur
1308 457 1482 500 autem
1541 446 1822 514 iniquitati.
1854 449 1899 502 Α
1926 441 2071 494 bulat
2117 441 2275 493 Deus.
2325 436 2380 489 ln
2411 442 2743 504 peccatorum
2779 441 2906 483 vero
2939 428 3183 483 cordibus
3211 429 3298 482 ubi
3350 445 3446 481 zm-

290 537 544 590 hiﬂidere
581 554 765 607 porro,
794 554 890 608 pro
932 555 1033 593 non
1063 537 1300 599 credere,
1325 536 1406 589 vel
1431 551 1532 588 non
1562 538 1830 602 obtempe-

288 642 442 689 rare,
476 629 612 680 solet
635 627 687 680 in
717 627 1012 696 Scripturis
1046 627 1241 682 sanctis
1272 625 1513 689 inveniri,
1543 625 1679 677 sicut
1699 633 1752 677 et
1778 624 1829 675 in

287 716 402 769 hoc
432 716 549 769 loco
579 733 592 768 :
630 717 770 784 quod
807 719 942 771 l'orte
986 719 1162 785 aptius
1186 715 1404 768 Latinus
1451 713 1709 780 interpres
1737 728 1831 780 po-

286 806 499 857 suisset
529 804 662 873 (7!),
691 807 736 858 si
765 807 985 860 dixisset
1011 825 1023 858 :
1051 805 1147 871 Qui
1184 819 1284 858 non
1317 804 1568 858 obediunt
1599 802 1826 863 veritati,

284 893 389 947 sed
416 893 678 946 obediunt
714 893 1002 961 iniquitati.
1040 892 1220 947 Omnis
1245 907 1371 961 ergo
1403 895 1492 961 qui
1533 891 1760 944 alienum
1796 906 1826 942 a

284 981 528 1031 veritate
565 979 670 1032 iter
701 980 1014 1048 ingreditur,
1035 996 1130 1033 nec
1159 980 1397 1047 sequitur
1425 993 1542 1031 eum
1564 979 1651 1045 qui
1673 977 1822 1038 dixit,

288 1084 309 1116 ι
343 1066 460 1134 Ego
502 1081 618 1118 sum
659 1069 860 1120 veritas
887 1068 952 1130 δ’,
981 1086 1000 1119 ι
1030 1066 1215 1119 dillidit
1266 1067 1493 1126 veritati,
1553 1075 1604 1118 et
1650 1064 1827 1118 inobe-

286 1153 452 1206 diens
492 1163 575 1206 est
609 1154 679 1206 ei.
716 1152 808 1207 Sic
829 1156 920 1221 qui
953 1168 1053 1206 non
1076 1153 1243 1206 solum
1269 1151 1377 1221 (72)
1413 1151 1463 1203 in
1492 1151 1714 1213 actibus,
1735 1150 1825 1202 sed

279 1241 426 1294 etin
467 1243 718 1296 sensibus
747 1250 800 1294 et
845 1242 896 1294 in
937 1242 1038 1296 ﬁde
1068 1251 1279 1302 errant;
1307 1241 1446 1308 quod
1491 1239 1720 1292 maxime
1761 1254 1824 1292 ex

277 1335 639 1387 contentione
689 1335 968 1399 contingit.
1014 1332 1116 1386 Sed
1162 1341 1212 1385 et
1261 1331 1351 1398 qui
1395 1329 1668 1397 sapientiae
1691 1329 1825 1383 obsi-

279 1429 456 1484 stunt,
489 1431 546 1473 et
586 1421 806 1488 justitize
856 1435 918 1474 ac
969 1417 1395 1481 sanctiﬁcationi,
1428 1416 1643 1472 Christo
1697 1415 1826 1469 (ιὶΠί-

277 1513 436 1571 dunt,
477 1511 570 1577 qui
611 1511 751 1562 sicut
785 1509 982 1562 veritas
1020 1517 1120 1571 est,
1152 1508 1220 1559 ita
1244 1515 1296 1560 et
1336 1506 1616 1573 sapientia,
1651 1505 1723 1558 ita
1771 1512 1823 1558 et

275 1600 650 1654 sanctiﬁcatio
685 1607 767 1652 est
791 1599 854 1651 ⁵³.
880 1598 990 1651 Non
1012 1598 1382 1665 obtemperare
1404 1604 1580 1648 autem
1606 1594 1821 1648 Christo

275 1686 370 1752 qui
405 1685 625 1754 justitia
668 1695 773 1749 est,
805 1687 905 1739 hoc
936 1695 1012 1738 est
1032 1685 1400 1752 obtemperare
1450 1683 1737 1750 iniquitati,
1768 1690 1820 1736 et

1930 530 2110 600 gustia:
2154 537 2310 591 sunt,
2369 525 2488 594 quia
2529 524 2700 578 locum
2748 520 3004 575 dederunt
3031 520 3235 573 diabolo
3267 517 3446 587 ingre-

1930 620 2102 675 diendi
2129 658 2144 683 ,
2199 615 2495 686 ingreditur
2525 613 2734 681 quidem
2774 609 3011 663 diabolus
3039 609 3181 676 (7‘6),
3208 610 3298 662 sed
3343 625 3444 662 non

1928 718 1987 762 ut
2040 707 2274 768 habitet,
2315 717 2482 771 neque
2526 711 2584 753 ut
2624 698 2942 763 inambulet;
3003 697 3254 766 angustia:
3304 697 3443 748 enim

1928 807 2050 852 sunt
2079 815 2092 850 :
2127 798 2218 850 sed
2251 803 2307 848 ut
2331 795 2492 846 lateat
2523 800 2772 859 tanquam
2805 791 2856 843 in
2891 803 3115 843 caverna
3144 801 3160 851 ;
3196 795 3274 840 est
3302 786 3442 839 enim

1927 901 2162 953 serpens.
2207 883 2293 936 Sic
2323 897 2445 952 ergo
2478 882 2530 935 in
2564 896 2620 935 se
2663 881 2849 933 infelix
2883 879 3055 932 anima
3087 889 3247 943 quam
3274 874 3442 942 pessi-

1927 993 2045 1030 mus
2081 977 2165 1029 hic
2193 975 2376 1041 anguis
2406 973 2686 1036 obsederit,
2718 969 3019 1038 serpentino
3042 967 3236 1034 frigore
3267 965 3442 1033 rigens

1928 1066 2229 1124 attrahitur,
2262 1072 2313 1116 et
2337 1069 2662 1122 coarctatur,
2695 1068 2853 1126 atque
2887 1059 2941 1111 in
2965 1070 3147 1109 omnes
3172 1052 3441 1121 angustias

1925 1155 2136 1223 cogitur
2161 1171 2175 1207 :
2202 1151 2289 1204 illa
2314 1166 2438 1204 vero
2467 1163 2586 1217 quae
2612 1150 2938 1216 obtemperat
2979 1143 3223 1207 veritati,
3267 1142 3436 1194 instar

1923 1245 2039 1300 cmli
2064 1243 2331 1300 dilatatur,
2362 1247 2517 1306 atque
2547 1235 2868 1298 dillunditur,
2899 1243 2951 1287 et
2979 1233 3103 1286 solis
3129 1232 3346 1300 justitize
3380 1229 3462 1290 il-,

1924 1335 2182 1388 lustratur
2210 1329 2400 1394 radiis,
2432 1337 2485 1382 et
2513 1327 2630 1379 aula
2661 1323 2930 1392 sapientiae
2973 1337 3033 1375 ac
3057 1320 3293 1374 veritatis
3326 1315 3438 1370 clli-

1922 1422 2082 1475 citur.

1987 1509 2040 1562 7.
2079 1507 2183 1562 Cur
2225 1515 2398 1561 tamen
2461 1504 2537 1558 ira
2583 1511 2638 1555 et
2671 1499 2960 1570 indignatio
2985 1497 3163 1551 Judaeo
3209 1497 3435 1563 primum

1920 1606 1973 1650 et
1997 1597 2181 1650 Graaco
2211 1597 2251 1627 ⁸¹
2282 1595 2304 1646 ?
2336 1594 2468 1658 Quia
2495 1601 2547 1646 et
2574 1591 2739 1660 gloria
2763 1599 2816 1642 et
2841 1591 3008 1641 honor
3030 1587 3154 1654 ipsis
3183 1585 3432 1652 primum.

1920 1687 2077 1740 Prius
2106 1687 2245 1738 enim
2278 1685 2381 1738 illis
2410 1684 2607 1736 credita
2635 1689 2762 1734 sunt
2794 1679 2999 1746 eloquia
3030 1676 3122 1730 Dei
3157 1677 3220 1737 θ’,
3252 1685 3304 1728 et
3336 1674 3433 1741 ipsi

273 1743 362 1826 his
391 1743 611 1826 actibus
639 1743 772 1840 quos
812 1773 922 1842 (73)
948 1773 1061 1826 sine
1109 1743 1266 1825 dubio
1303 1743 1698 1840 consequuntur
1726 1743 1817 1823 illa
1849 1743 1891 1797 Β
1919 1776 2098 1829 dicunt
2134 1790 2146 1825 :
2190 1792 2209 1824 ‹
2259 1773 2402 1825 Beati
2449 1786 2629 1826 sumus
2669 1768 2857 1830 Israel,
2889 1743 3011 1834 quia
3059 1781 3178 1834 qum
3222 1763 3434 1832 placent

271 1877 392 1930 quae
423 1863 632 1928 scripta
663 1871 807 1926 sunt,
857 1881 874 1913 ι
904 1863 982 1915 ira
1030 1872 1083 1916 et
1129 1863 1439 1932 indignatio,
1471 1860 1738 1916 tribulatio
1767 1868 1820 1913 et
1916 1863 2040 1924 Deo,
2073 1862 2225 1916 nobis
2250 1870 2373 1916 nota
2409 1869 2529 1914 sunt
2561 1860 2626 1911 ⁸³.
2664 1877 2682 1909 ι
2714 1858 2778 1911 Ει
2805 1857 2924 1911 ideo
2951 1857 3234 1909 secundum
3264 1854 3433 1906 Evan-

271 1951 530 2019 angustia
558 1950 626 2002 ⁸⁸.
651 1969 670 2000 ι
707 1952 779 2003 De
806 1951 883 2003 ira
920 1965 1057 2018 saepe
1076 1952 1182 2020 jam
1215 1952 1445 2005 diximus
1481 1951 1619 2018 quod
1654 1951 1818 2004 inter-
1913 1951 2034 2020 gelii
2062 1951 2394 2014 sententiam,
2432 1966 2450 1998 ι
2487 1962 2688 2011 servus,
2717 1948 2806 2014 qui
2835 1946 3080 2014 cognovit
3105 1943 3430 1997 voluntatem

271 2040 396 2092 dum
427 2039 552 2107 ipse
575 2038 663 2106 qui
691 2053 753 2092 ex
780 2040 1324 2106 peccaticonscientia
1349 2040 1536 2092 anima:
1562 2040 1817 2092 incutitur

267 2127 579 2190 cruciatus,
623 2127 698 2180 ira
732 2128 1057 2196 appelletur:
1085 2126 1370 2198 indignatio
1413 2137 1585 2182 autem
1608 2170 1622 2191 ,
1653 2129 1815 2195 ipsius

274 2215 363 2267 irae
394 2223 584 2266 tumor
610 2215 824 2282 quidam
859 2215 1186 2284 signiﬁcatur
1228 2215 1356 2282 (74),
1391 2224 1442 2267 et
1487 2230 1582 2283 per
1611 2215 1811 2282 singula

269 2315 506 2368 quaeque
531 2303 818 2354 commotio
852 2319 864 2353 :
900 2311 956 2353 ut
979 2302 1046 2365 si,
1076 2301 1220 2354 verbi
1263 2303 1456 2368 gratia,
1489 2301 1674 2354 vulnus
1717 2301 1812 2352 ali-

271 2388 410 2453 quod
435 2387 738 2454 pessimum
769 2387 901 2439 iram
927 2401 1203 2454 ponamus,
1251 2385 1403 2452 hujus
1432 2396 1607 2438 autem
1638 2394 1811 2438 tumor

269 2485 323 2526 et
355 2476 644 2538 distentio,
683 2475 975 2543 indignatio
1005 2474 1238 2528 vulneris
1269 2474 1577 2542 appelletur.
1622 2473 1811 2528 Tribu-

272 2562 400 2618 latio
429 2578 565 2618 vero
593 2577 754 2632 quam
778 2564 1118 2632 subsequitur
1143 2565 1402 2632 angustia,
1428 2578 1528 2617 non
1557 2573 1638 2618 est
1662 2564 1808 2618 simi-

275 2655 340 2707 lis
366 2654 607 2722 putanda
635 2653 711 2706 illi
746 2653 1075 2706 tribulationi
1107 2653 1171 2706 de
1215 2668 1316 2720 qua
1341 2653 1470 2706 dicit
1501 2653 1804 2721 Apostolus,

272 2743 394 2811 quia
421 2761 439 2793 ‹
471 2740 752 2795 tribulatio
773 2742 1082 2811 patientiam
1100 2751 1350 2809 operatur
1379 2742 1442 2793 ⁵⁸.
1471 2761 1488 2792 ι
1546 2742 1635 2794 llla
1666 2743 1803 2796 enim

273 2829 391 2883 talis
441 2828 721 2882 tribulatio
770 2831 1066 2895 angustiam
1123 2844 1226 2882 non
1276 2829 1434 2882 habet
1485 2829 1806 2898 subsequen-

275 2929 400 2984 tem,
430 2918 578 2972 sicut
599 2926 654 2971 et
695 2919 807 2986 ipse
837 2919 1116 2986 Apostolus
1139 2920 1262 2974 dicit
1290 2937 1304 2972 :
1347 2937 1364 2969 ι
1394 2917 1802 2976 Tribulationem

272 3009 536 3074 patimur,
595 3007 686 3062 sed
749 3023 852 3062 non
912 2993 1274 3078 angustiamur
1314 3009 1378 3060 ⁸⁸.
1435 3028 1455 3060 ι
1518 3009 1627 3064 lmo
1678 3027 1802 3066 vero

268 3095 426 3165 483
456 3111 566 3149 non
605 3096 774 3150 solum
810 3096 1004 3149 nullam
1047 3097 1342 3164 angustiam
1388 3096 1659 3152 tribulatio
1713 3100 1798 3152 illa

270 3194 580 3238 sanctorum
603 3223 619 3251 ,
647 3185 738 3238 sed
768 3180 1098 3237 latitudinem
1131 3185 1312 3239 habet.
1345 3184 1577 3252 Denique
1618 3187 1695 3241 sic
1722 3190 1801 3242 di-

269 3271 342 3324 cit
382 3271 568 3338 justus
619 3285 636 3324 :
694 3289 714 3322 ι
770 3270 825 3325 ln
884 3271 1222 3325 tribulatione
1271 3271 1504 3326 dilatasti
1558 3288 1642 3327 me
1676 3277 1740 3328 ⁸⁷.
1779 3295 1796 3326 ι

271 3360 435 3428 llujus
467 3361 776 3414 latitudinis
805 3371 860 3415 et
885 3365 1170 3430 Apostolus
1198 3368 1445 3421 conscius
1472 3369 1568 3421 sibi
1602 3368 1664 3421 ad
1698 3367 1800 3419 Co-

268 3451 490 3506 rinthios
511 3451 708 3505 scribit
737 3451 781 3482 ⁸⁸
818 3467 832 3503 :
873 3469 891 3502 ι
927 3453 1039 3530 Non
1063 3455 1435 3523 angustiamini
1481 3457 1532 3510 in
1563 3473 1679 3522 me,
1711 3459 1799 3510 sed

265 3541 650 3609 angustiamini
709 3543 763 3596 in
810 3543 1101 3598 visceribus
1130 3545 1336 3599 vestris.
1375 3565 1394 3596 ι
1440 3546 1505 3600 Ει
1555 3547 1798 3600 addidit:

268 3649 286 3681 ‹
323 3631 639 3686 Dilatamini
668 3640 723 3686 et
748 3647 864 3688 vos.
900 3652 919 3685 ι
955 3631 1160 3688 Idcirco
1187 3649 1312 3704 ergo
1343 3636 1481 3690 Deus
1513 3637 1577 3690 de
1600 3640 1798 3690 sanctis

261 3722 370 3776 suis
394 3736 529 3791 quos
568 3723 783 3777 dilatari
821 3724 988 3790 novit,
1024 3734 1077 3778 et
1101 3726 1296 3779 habere
1331 3727 1468 3779 intra
1501 3727 1679 3780 cordis
1715 3728 1797 3780 sui

262 3811 596 3867 domicilium
653 3813 822 3880 spatia
869 3814 1025 3882 longe
1068 3814 1277 3884 lateque
1321 3816 1543 3882 diffusa,
1601 3817 1731 3872 dicit
1781 3837 1794 3870 :

267 3914 289 3950 ι
329 3898 603 3953 Habitabo
634 3899 689 3952 in
723 3900 824 3965 eis,
854 3910 908 3955 et
940 3901 1276 3955 inambulabo
1302 3904 1365 3957 ‘9.
1401 3922 1419 3954 ι
1469 3904 1578 3960 Hoc
1609 3920 1796 3960 munus

263 4000 291 4037 a
320 3985 428 4042 Deo
475 3989 622 4044 inter
671 3997 859 4043 caetera
912 3990 1697 4061 sapientiazjmuneraaccepit
1743 4003 1797 4047 et

262 4076 541 4144 Salomon,
573 4080 722 4134 sicut
759 4080 1015 4150 scriptum
1049 4090 1129 4135 est
1162 4098 1176 4133 :
1213 4100 1231 4132 ι
1263 4084 1328 4136 Et
1354 4083 1517 4147 dedit,
1556 4103 1574 4136 ι
1607 4087 1792 4153 inquit,

266 4185 284 4216 ι
315 4169 572 4223 Dominus
603 4169 875 4224 Salomoni
909 4171 1016 4240 (75)
1041 4171 1366 4238 prudentiam
1391 4174 1604 4227 multam
1624 4175 1790 4238 valde,

259 4267 310 4308 et
339 4257 687 4312 latitudinem
735 4259 911 4314 cordis
943 4259 1006 4313 ⁸ο.
1041 4279 1058 4310 ι
1089 4261 1144 4313 ln
1177 4261 1277 4315 hac
1323 4276 1450 4332 ergo
1494 4273 1791 4318 sanctorum

1915 2040 2110 2092 domini
2154 2038 2233 2091 sui
2264 2077 2278 2101 ,
2311 2047 2364 2090 et
2415 2051 2516 2089 non
2569 2036 2693 2088 fecit
2717 2075 2733 2100 ,
2765 2035 2920 2102 digne
2969 2032 3135 2102 plagis
3167 2029 3432 2097 vapulabit

1914 2124 2118 2189 multis,
2155 2143 2174 2174 ι
2210 2125 2310 2176 hoc
2342 2131 2424 2177 est
2453 2121 2665 2175 iudazus
2704 2138 2718 2172 :
2758 2139 2777 2171 ι
2809 2121 2896 2189 qui
2923 2130 3095 2173 autem
3117 2133 3218 2173 non
3237 2133 3433 2186 c0gno-

1911 2214 2004 2276 vit,
2035 2231 2053 2263 ι
2079 2212 2312 2277 Graecus,
2341 2212 2390 2264 id
2411 2221 2491 2264 est
2539 2210 2772 2278 gentilis,
2801 2226 2820 2257 ι
2843 2207 3301 2276 vapulabitpaucis
3317 2205 3382 2257 “.
3403 2223 3423 2256 ι

1908 2301 2132 2355 Interest
2174 2301 2315 2353 enim
2364 2300 2673 2367 cognovisse
2701 2298 2884 2360 Deum,
2917 2307 2969 2350 et
3001 2296 3308 2363 cognovisse
3337 2309 3426 2348 vo-

1910 2391 2164 2443 luntatem
2183 2389 2296 2454 Dei,
2322 2389 2445 2457 quia
2466 2387 2708 2454 cognosci
2725 2387 2859 2440 Deus
2890 2405 2908 2436 c
2940 2401 2967 2438 a
2990 2394 3228 2440 creatura
3245 2384 3423 2438 mundi

1911 2492 2003 2546 per
2031 2492 2092 2530 ea
2122 2493 2238 2544 qua:
2278 2476 2416 2530 facta
2448 2486 2570 2530 sunt
2606 2494 2623 2524 ι
2657 2476 2815 2528 etiam
2853 2489 2880 2526 a
2925 2475 3207 2543 gentilibus
3233 2475 3420 2540 potuit,

1907 2576 1960 2620 et
1984 2583 2004 2617 ι
2027 2565 2342 2632 sempiterna
2359 2563 2472 2630 ejus
2498 2563 2664 2616 virtus
2685 2578 2749 2617 ac
2766 2562 3010 2617 divinitas
3030 2562 3103 2614 “:
3139 2581 3158 2612 ι
3182 2563 3424 2616 voluntas

1906 2669 2032 2708 vero
2068 2655 2180 2722 ejus
2210 2668 2312 2706 non
2339 2653 2438 2705 nisi
2477 2667 2539 2703 cx
2564 2651 2700 2720 Lege
2725 2651 3078 2717 cognoscitur,
3113 2660 3166 2705 et
3195 2652 3419 2720 prophe-

1908 2747 1993 2798 tis.
2036 2743 2228 2798 Verum
2257 2743 2502 2808 quoniam
2539 2751 2591 2795 et
2627 2743 2690 2794 ad
2720 2757 2926 2810 pmnam
2953 2751 3006 2796 et
3031 2743 3300 2811 praemium
3328 2741 3420 2793 Ju-

1908 2834 2053 2887 daeos
2097 2832 2329 2901 praal'ert,
2363 2841 2416 2884 et
2454 2830 2664 2884 Graecos
2693 2832 2956 2897 postponit
2998 2831 3301 2898 Apostolus,
3335 2845 3420 2883 re-

1903 2924 2212 2990 quirendum
2247 2933 2328 2975 est
2350 2935 2481 2989 quos
2507 2921 2590 2973 hic
2617 2921 2863 2983 Grazcos,
2898 2935 3030 2986 quos
3053 2920 3259 2973 Judacos
3295 2921 3420 2972 velit

1902 3012 2140 3080 intelligi.
2170 3012 2224 3066 Si
2253 3011 2374 3064 illos
2403 3010 2529 3063 dicit
2576 3007 2800 3072 Judaeos,
2833 3009 2919 3076 qui
2962 3009 3131 3062 adhuc
3156 3008 3253 3062 sub
3280 3007 3420 3075 Lege

1907 3111 2067 3165 sunt,
2105 3113 2158 3155 et
2197 3101 2261 3154 ad
2293 3101 2560 3154 Christum
2591 3113 2692 3152 non
2726 3101 2974 3164 veniunt,
3012 3108 3064 3153 et
3089 3099 3418 3153 Christianos

1906 3188 2136 3251 Graecos,
2171 3189 2224 3241 id
2265 3198 2346 3241 est
2383 3188 2472 3254 qui
2509 3202 2573 3239 ex
2612 3188 2854 3252 gentibus
2903 3189 3153 3250 credunt,
3210 3187 3418 3241 videtur

1899 3288 2084 3333 contra
2116 3279 2275 3332 totius
2303 3279 2538 3345 mysterii
2565 3278 2744 3331 venire
2770 3277 3102 3332 sententiam.
3143 3277 3418 3343 Quomodo

1902 3369 2041 3422 enim
2087 3367 2159 3420 illi
2210 3367 2364 3435 primi
2416 3367 2657 3419 dicentur
2701 3369 2766 3420 de
2811 3367 3002 3435 quibus
3051 3367 3244 3420 dictum
3290 3379 3414 3422 est:

1905 3473 1923 3505 ι
1954 3455 2091 3508 Ecce
2123 3464 2278 3508 erunt
2308 3455 2458 3519 primi
2483 3457 2753 3510 novissimi
2786 3457 2958 3514 “net
2977 3457 3040 3509 ad
3071 3471 3201 3524 quos
3223 3457 3416 3510 iterum

1899 3545 2063 3597 dicit:
2101 3561 2119 3594 ι
2157 3543 2294 3596 Ecce
2332 3543 2655 3612 relinquetur
2683 3545 2832 3600 vobis
2865 3545 3049 3599 domus
3091 3555 3270 3604 vestra
3324 3547 3418 3598 de-

1897 3641 2036 3685 serta
2063 3631 2156 3683 67?
2200 3647 2220 3681 ι
2259 3631 2321 3685 Et
2355 3632 2580 3696 iterum,
2615 3646 2732 3686 cum
2790 3632 3104 3686 accessisset
3153 3635 3218 3686 ad
3265 3633 3417 3688 ficul-

1897 3733 2048 3772 neam
2084 3718 2345 3785 Salvator,
2378 3720 2429 3772 in
2458 3734 2561 3787 qua
2590 3734 2693 3774 non
2726 3719 2928 3774 invenit
2956 3721 3222 3786 fructum,
3257 3725 3412 3785 dixit,

1895 3809 2017 3876 quia
2063 3825 2082 3858 ι
2119 3823 2385 3876 nunquam
2429 3823 2495 3862 ex
2551 3817 2601 3863 te
2653 3809 2858 3864 fructus
2902 3819 3148 3864 nascatur
3175 3812 3237 3862 ⁸⁸.
3296 3830 3314 3862 ι
3352 3814 3417 3865 Et

1894 3901 1998 3951 duo
2031 3898 2205 3966 populi
2253 3899 2306 3950 in
2365 3906 2515 3952 utero
2565 3900 2815 3954 Rebecca:
2860 3901 3306 3967 designabantur,
3348 3918 3412 3955 ex

1898 3989 2094 4055 quibus
2133 3987 2504 4056 dicitur,quia
2535 4006 2553 4038 ι
2593 3989 2762 4056 major
2813 3991 3005 4045 serviet
3053 3991 3267 4056 minori,
3306 4009 3325 4041 ι
3359 4003 3415 4046 et

1899 4079 2070 4130 minor
2101 4078 2306 4145 accepit
2330 4079 2748 4133 benedictionem
2780 4080 3033 4148 primatus
3065 4080 3109 4112 ⁸³
3144 4080 3272 4151 (77).
3303 4080 3406 4134 Sed

1897 4176 1951 4219 et
1981 4167 2084 4220 alia
2113 4168 2401 4222 secundum
2427 4171 2524 4223 hoc
2552 4171 2826 4222 innumera
2854 4169 2905 4222 in
2938 4169 3228 4238 Scripturis
3259 4171 3408 4224 inve-

1893 4260 2024 4313 nies.
2051 4259 2107 4313 Si
2137 4274 2264 4314 vero
2292 4260 2497 4315 ludat-os
2543 4275 2675 4325 nos,
2719 4261 2769 4314 id
2817 4269 2898 4314 est
2943 4262 3278 4317 Christianos
3319 4278 3420 4330 ap-

260 4347 432 4404 cordis
479 4349 770 4403 latitudine
810 4365 910 4403 non
943 4350 1112 4404 solum
1144 4350 1376 4417 habitat,
1417 4353 1508 4406 sed
1541 4363 1594 4406 et
1622 4355 1788 4407 inam-
1818 4366 1861 4420 ι)
1891 4348 2070 4416 pellat,
2097 4359 2148 4402 et
2185 4365 2304 4414 e05,
2361 4351 2447 4418 qui
2497 4364 2561 4403 ex
2613 4352 2754 4404 omni
2803 4365 2997 4418 genere
3045 4353 3409 4416 crediderunt.

325 4483 548 4540 "Joan.
586 4497 698 4544 xlv,
731 4483 784 4536 6.
859 4484 903 4515 ⁸³
933 4483 950 4535 Ι
981 4485 1102 4536 Cor.
1136 4499 1171 4546 ι,
1202 4485 1288 4537 50.
1361 4486 1404 4516 ³⁸
1433 4485 1584 4538 Rom.
1615 4503 1671 4551 ιι,
1695 4487 1748 4551 8,
1776 4487 1829 4539 9.

259 4552 303 4583 ⁵⁸
339 4551 378 4604 ll
406 4552 532 4606 Cor.
564 4567 643 4614 vt,
670 4552 756 4614 12,
793 4553 876 4606 15.
953 4552 994 4583 ⁵⁹
1021 4553 1189 4606 Levit.
1213 4567 1358 4612 xxvr,
1401 4554 1466 4605 12
1501 4571 1516 4619 ;
1555 4553 1594 4606 ll
1631 4556 1751 4607 Cor.
1789 4569 1804 4604 ι

260 4622 411 4694 Rom.
449 4635 530 4694 ιιι,
570 4621 629 4674 2.
704 4621 1002 4694 δέρει-ιιριι.Δ
1038 4637 1110 4683 ιν,
1148 4621 1202 4672 ὁ.
1250 4621 1322 4694 _“_‘
1341 4622 1470 4674 Luc.
1498 4622 1804 4694 xu,_47,48.

1914 4554 1978 4605 ιϐ.
2078 4555 2119 4585 ⁶⁰
2142 4553 2200 4605 Ill
2225 4554 2350 4622 Reg.
2394 4569 2460 4614 tv,
2502 4554 2589 4606 29.
2689 4557 2730 4585 ⁶¹
2794 4557 2944 4609 Rom.
3003 4573 3061 4624 ιι,
3106 4563 3159 4624 9,
3209 4551 3290 4613 10.
3367 4551 3394 4591 θλ

1914 4624 1930 4652 ³
1957 4623 2108 4674 Rom.
2136 4637 2170 4686 ι,
2192 4623 2279 4673 20.
2354 4622 2395 4651 ⁶⁶
2419 4623 2596 4676 Matth.
2617 4639 2703 4687 xx,
2735 4626 2813 4678 16.
2859 4627 2899 4656 ⁰⁷
2926 4625 3110 4681 Matth.
3131 4645 3285 4694 xxm,
3307 4631 3394 4685 ΞΒ.

261 4622 411 4688 Rom.
449 4635 530 4684 ιιι,
570 4621 629 4674 2.
704 4621 990 4674 “Baruch.
1038 4637 1110 4683 IV,
1148 4621 1202 4672 4.
1279 4621 1322 4650 ⁸⁸
1341 4622 1470 4674 Luc.
1498 4622 1813 4688 xtt,47,48.

257 4687 300 4718 ⁸⁸
330 4688 521 4743 Matth.
563 4703 677 4750 xxt,
717 4688 803 4742 19.
878 4689 920 4719 θ’
965 4688 1537 4754 Cen.xxv,23;Xxvu,
1571 4691 1658 4744 '29.

326 4821 568 4894 (Ἠλεῖε
599 4830 743 4877 recte
769 4824 1084 4894 ms.ARegius
1113 4840 1256 4894 num.
1279 4823 1430 4879 1641.
1449 4826 1636 4879 Caeteri
1661 4841 1787 4883 vero

259 4905 412 4962 mss,
437 4891 704 4962 Rabanus
724 4901 778 4945 et
802 4892 946 4962 editi,
976 4891 994 4942 ἱ
1018 4893 1156 4962 quod
1182 4894 1317 4962 forte
1344 4894 1668 4962 aptius»(ms.
1692 4895 1788 4950 Re-

259 4960 372 5023 gius
392 4973 550 5028 num.
574 4958 729 5028 1659,
751 4959 886 5025 quod
917 4957 1122 5026 fortius)
1152 4979 1167 5009 ι
1201 4957 1421 5013 Latinus
1450 4957 1785 5028 interpretari

259 5027 553 5097 potuisset,
593 5027 702 5097 si.)
755 5035 857 5080 etc.
910 5029 1070 5097 Paulo
1112 5036 1230 5095 post
1275 5043 1374 5082 ms.
1407 5027 1600 5097 Regius
1640 5048 1782 5084 num.

259 5093 412 5162 1659,
473 5093 708 5162 «omnis
740 5107 866 5161 ergo
911 5095 1001 5162 qui
1051 5093 1221 5147 alieno
1273 5110 1300 5147 a
1347 5093 1570 5150 veritate
1602 5098 1786 5153 itinere

261 5161 520 5226 graditur.
550 5180 570 5211 ι
593 5160 699 5214 Sed
719 5160 892 5214 caeteri
913 5160 1065 5226 nies.,
1089 5163 1218 5214 Rab.
1247 5171 1298 5214 et
1314 5164 1441 5216 editi
1467 5175 1524 5216 ut
1552 5165 1600 5216 in
1623 5177 1784 5222 textu.

328 5225 438 5300 (72)
483 5229 562 5279 lta
605 5237 749 5300 recte
794 5244 920 5300 mss.
966 5225 1224 5300 plerique.
1251 5229 1435 5283 Caeteri
1471 5248 1595 5285 vero
1637 5250 1787 5300 mss.,

262 5293 511 5367 Rabanus
539 5305 594 5348 et
620 5297 770 5367 editi,
799 5313 817 5344 ι
837 5297 880 5367 si
908 5299 996 5362 qui
1021 5293 1131 5367 non'
1151 5298 1319 5350 solum
1346 5318 1363 5348 ι
1399 5300 1491 5366 (al.
1521 5317 1539 5349 ι
1567 5305 1653 5367 qui
1686 5293 1786 5356 non

267 5362 456 5428 solum,
485 5380 505 5411 ι
544 5363 746 5417 omisso
783 5382 801 5413 ι
832 5365 876 5416 si
905 5383 922 5413 ι
963 5365 1040 5416 vel
1077 5384 1095 5416 ‹
1127 5366 1237 5428 sic;
1267 5383 1285 5415 ι
1316 5362 1432 5419 ιιΙ.’‹
1461 5370 1537 5422 sic
1567 5362 1670 5422 non
1699 5388 1788 5423 so-

265 5425 386 5509 lum,
414 5447 432 5478 ι
468 5432 724 5509 omisso_¢
750 5431 872 5497 qui;
908 5451 924 5480 ι
961 5431 1024 5482 al.
1060 5450 1076 5481 ι
1103 5435 1190 5484 sed
1224 5425 1320 5500 qui
1357 5449 1462 5488 non
1507 5437 1706 5509 solum)
1735 5442 1785 5494 in

264 5497 362 5547 tide
391 5507 558 5558 errat,
591 5516 609 5546 ι
646 5499 713 5552 al.
756 5517 772 5546 ι
806 5508 1005 5559 errent,
1030 5517 1046 5547 ι
1076 5509 1174 5551 etc.

331 5561 439 5630 (7'5)
483 5565 570 5616 Sic
597 5579 698 5617 ms.
736 5565 937 5635 Regius
969 5581 1106 5619 num.
1146 5566 1292 5628 1610,
1329 5568 1600 5635 Mcrlinus,
1647 5574 1774 5627 Era-

275 5632 1083 5690 snmsctGeuebrardus.(.lzctcri
1117 5648 1232 5688 vero
1253 5649 1420 5704 mss,
1452 5659 1468 5690 ι
1496 5654 1548 5696 ct
1579 5632 1628 5699 tu
1660 5654 1787 5700 sunt

1903 4487 1945 4516 ⁸³
1978 4485 2128 4538 Rom.
2163 4501 2211 4546 v,
2236 4486 2287 4536 5.
2363 4487 2406 4516 ⁵⁸
2442 4485 2480 4537 ll
2504 4485 2625 4538 Cor.
2664 4502 2733 4548 iv,
2778 4487 2827 4540 8.

2078 4555 2119 4585 ⁶⁰
2142 4553 2200 4605 Ill
2225 4554 2350 4622 Reg.
2394 4569 2460 4614 tv,
2502 4554 2589 4606 29.

2916 4490 2958 4519 ⁸⁷
3020 4490 3157 4543 Psal.
3222 4507 3292 4554 tv,
3354 4495 3407 4554 2.

2689 4557 2730 4585 ⁶¹
2794 4557 2944 4609 Rom.
3003 4573 3061 4624 ιι,
3106 4563 3159 4624 9,
3209 4561 3290 4613 10.
3367 4565 3408 4593 ⁶¹

1891 4842 2055 4899 quos;
2086 4827 2443 4899 {Salodianus
2471 4836 2522 4880 ct
2549 4829 2817 4894 Rabanus,
2850 4850 2867 4881 ι
2887 4841 2939 4884 et
2971 4833 3052 4885 his
3079 4847 3262 4899 quos.»

1957 4896 2066 4964 (74)
2102 4896 2192 4950 Sic
2241 4910 2425 4950 omnes
2477 4911 2603 4948 mss.
2659 4903 2825 4951 nostri
2873 4910 2926 4952 et
2964 4896 3230 4954 Rabanus.
3265 4902 3413 4956 Edit'r

1889 4979 2042 5027 vero,
2064 4983 2081 5014 ι
2103 4973 2277 5017 ιιιιηοι·
2305 4966 2393 5030 qui
2421 4964 2576 5016 dictis
2598 4965 2946 5029 signiﬁcatur.
2973 4986 2992 5017 ι

1958 5032 2064 5105 (75)
2100 5031 2244 5105 Mss._
2276 5033 2470 5105 plures,
2523 5048 2542 5081 ι
2574 5039 2628 5084 et
2673 5031 2818 5086 dedit
2851 5035 2920 5098 ei,
2959 5037 3148 5105 inquit,
3193 5053 3213 5088 ι
3271 5047 3400 5105 etc.,

1890 5099 2085 5154 omisso
2111 5119 2129 5149 ι
2159 5099 2443 5152 Salomoni.
2472 5117 2486 5141 ι

1961 5168 2066 5236 (76)
2094 5187 2111 5217 ι
2132 5166 2433 5240 Diabolus.g
2469 5168 2624 5221 Deest
2649 5167 2700 5218 in
2723 5183 2850 5223 mss.
2867 5179 2920 5224 et
2942 5171 3076 5240 apud
3105 5171 3404 5238 Rabanum,

1894 5234 1984 5290 sed
2018 5234 2192 5288 exstat
2223 5235 2274 5284 in
2305 5234 2484 5286 editis.

1961 5305 2068 5372 (77)
2101 5303 2185 5354 Sic
2216 5300 2338 5352 editi
2379 5301 2637 5369 plerique,
2666 5310 2716 5372 et
2746 5303 2815 5355 ita
2859 5305 3134 5372 legendum
3172 5307 3401 5362 videtur.

1890 5371 2134 5441 Attamen
2167 5383 2350 5441 omnes
2367 5383 2516 5441 _mss.
2548 5371 2737 5430 nostri,
2767 5371 2881 5436 alii,
2916 5371 2932 5423 ι
2963 5385 3016 5427 et
3049 5374 3225 5441 junior
3264 5383 3403 5429 acu-

1889 5443 2000 5508 piet
2027 5436 2406 5508 benedictionis
2441 5437 2727 5508 primatus;
2760 5455 2778 5486 ι
2809 5441 2883 5492 al.
2917 5459 2934 5490 ι
2975 5452 3028 5495 et
3049 5436 3237 5493 'minor
3267 5448 3411 5496 acci-

1889 5504 1995 5574 piet
2027 5504 2401 5574 benedictionis
2440 5505 2718 5574 primatum
2749 5522 2761 5567 ;
2797 5523 2813 5553 ι
2854 5510 2948 5571 aL,
2992 5527 3013 5559 ι
3041 5518 3094 5561 et
3118 5510 3292 5560 minor
3321 5526 3410 5564 ac-

1890 5571 2028 5641 cepit
2052 5571 2425 5641 benedictionis
2450 5573 2726 5635 primatus.
2772 5591 2794 5621 ι
2842 5576 3016 5630 Editio
3047 5577 3268 5641 Veneta,
3310 5596 3328 5627 ι
3360 5592 3420 5631 et

1890 5639 2060 5697 minor
2089 5648 2296 5708 accepta
2323 5639 2684 5693 benedictione
2720 5642 2993 5706 praelatus.
3029 5665 3050 5696 ι
