3836 6226
313 367 414 421 887

1709 346 2022 403 ORIGENlS

3517 316 3633 370 888

314 493 445 547 quos
482 477 598 546 ipse
624 475 751 528 dicit
779 473 829 525 in
855 469 1061 525 occulto
1087 443 1295 523 Judzeos
1327 467 1392 532 "°.
1427 476 1590 521 restat
1615 475 1673 521 ut
1699 467 1848 521 Grae-
1875 476 1920 531 Α
1950 466 2000 519 in
2055 463 2172 518 loco
2224 469 2488 532 ponuntur
2524 460 2602 525 hi,
2635 477 2655 509 ι
2687 455 2785 524 qui
2840 467 2916 506 ex
2961 443 3397 547 contentione,
3445 435 3634 547 ἀὲἀ,

315 585 406 622 cos
441 567 665 640 gentiles
711 564 827 617 illos
852 563 1034 625 dicat,
1062 561 1150 628 qui
1199 559 1431 614 nondum
1487 557 1843 614 crediderunt.

317 658 420 711 Sed
456 653 716 724 quomodo
749 651 1032 720 Apostolus
1059 659 1258 702 tantam
1287 663 1431 716 spem
1457 647 1701 717 gentibus
1723 662 1852 699 non-

316 745 440 799 dum
492 746 830 799 credentibus
878 743 1054 811 ponit,
1099 756 1218 794 cum
1262 740 1625 794 ecclesiastica
1669 737 1851 806 regula

315 838 565 890 videatur
594 836 871 900 obsistere,
905 851 1022 903 qua:
1053 834 1242 888 statuit
1271 842 1329 885 ut
1365 851 1383 884 ι
1425 833 1525 885 nisi
1555 832 1674 900 quis
1701 845 1856 883 rena-

321 938 405 978 tus
441 927 598 980 fuerit
630 941 695 982 ex
743 940 878 991 aqua
926 935 978 978 et
1005 924 1202 991 Spiritu
1236 935 1421 976 sancto
1443 960 1459 985 ,
1493 936 1595 974 non
1635 938 1654 971 ι
1691 921 1856 987 possit

327 1033 346 1066 ι
376 1017 596 1071 introire
616 1017 666 1069 in
690 1031 907 1083 regnum
932 1016 1183 1069 coalorum
1212 1014 1257 1046 '“
1283 1030 1298 1077 ;
1336 1032 1354 1062 ι
1384 1022 1436 1065 et
1461 1013 1650 1064 iterum
1668 1009 1855 1062 Petrus

327 1108 378 1160 in
410 1107 631 1159 Actibus
661 1105 1016 1172 apostolorum
1047 1105 1110 1156 de
1147 1103 1364 1156 Christo
1413 1100 1724 1169 pronuntiat
1772 1099 1855 1151 di-

328 1209 457 1249 cens
491 1213 505 1248 :
546 1214 566 1245 ‹
601 1194 780 1261 Neque
809 1195 948 1247 enim
995 1202 1075 1245 est
1122 1192 1263 1244 aliud
1293 1191 1455 1243 ullum
1512 1203 1703 1241 nomen
1755 1188 1855 1240 sub

329 1288 464 1342 cmlo
485 1327 498 1348 ,
544 1289 594 1340 in
627 1303 730 1356 quo
775 1296 1015 1355 oporteat
1045 1301 1142 1340 nos
1180 1287 1360 1340 salvos
1401 1284 1514 1337 lieri
1545 1284 1634 1336 7’?
1669 1302 1688 1333 ι
1719 1283 1860 1348 Quo-

331 1378 486 1430 modo
512 1391 637 1445 ergo
668 1377 754 1431 hic
785 1386 970 1445 gentes
994 1375 1174 1444 gloria:
1193 1415 1207 1439 ,
1236 1384 1289 1428 et
1314 1373 1533 1426 honoris
1554 1411 1567 1434 ,
1615 1380 1669 1424 et
1711 1370 1858 1436 pacis

332 1467 564 1521 secundo
603 1476 720 1534 post
753 1463 964 1525 Iudaeos
1012 1465 1127 1518 loco
1153 1465 1439 1534 participes
1470 1463 1601 1516 facit
1627 1462 1715 1515 7’?
1754 1461 1858 1515 Sed

332 1559 607 1610 videamus
647 1572 713 1611 nc
749 1555 884 1610 forte
916 1557 999 1607 illa
1029 1572 1146 1624 qua:
1174 1555 1309 1610 solet
1336 1556 1546 1608 bonitas
1565 1563 1618 1607 et
1641 1553 1861 1607 dulcedo

336 1650 426 1704 Dei
465 1649 717 1703 abscondi
764 1650 818 1702 in
867 1649 1166 1717 Scripturis
1203 1647 1402 1702 sanctis
1427 1688 1441 1712 ,
1470 1645 1670 1713 aliquid
1702 1645 1860 1698 etiam

335 1740 423 1795 bic
448 1740 695 1794 moliatur
715 1739 1002 1793 occultum.
1035 1739 1166 1792 Tres
1199 1739 1324 1791 mihi
1357 1738 1455 1791 hoc
1483 1737 1536 1789 in
1573 1737 1690 1790 loco
1717 1734 1862 1788 ordi-

1951 567 2005 610 et
2028 556 2119 623 qui
2143 553 2377 608 diliidunt
2405 553 2624 622 quidem
2650 544 2913 606 veritati,
2946 537 3632 623 obteriiperant‘autem

1952 619 2257 713 iniquitati;
2296 661 2314 694 ι
2352 619 2547 711 quibus
2582 658 2601 690 ι
2643 640 2726 692 ira
2763 649 2823 690 et
2875 626 3260 698 indignatio,
3317 619 3636 713 tribulatio

1952 741 2008 785 et
2031 711 2272 800 angustia
2304 730 2350 762 ⁸ο
2385 748 2403 780 ι
2431 728 2723 790 imminet;
2771 724 2826 777 id
2867 732 2990 785 est,
3034 714 3202 771 omni
3232 711 3472 765 anima:
3495 724 3636 800 Ope--

1952 795 2232 890 rami—(Si)
2263 819 2491 881 malum,
2529 816 2716 870 Judaco
2753 813 3011 883 primum
3036 847 3053 871 ,
3096 815 3160 860 et
3215 802 3502 890 Graecos
3536 795 3638 890 His

1952 887 2354 965 autem-eisdem
2395 909 2556 963 etiam
2602 907 2883 960 bonorum
2950 895 3289 953 retributio
3357 889 3549 944 tertio
3579 887 3637 940 in

1955 1005 2071 1058 loco
2109 1001 2219 1069 pari
2247 1016 2365 1056 cum
2397 998 2747 1054 distinctione
2778 990 3182 1062 promittitur,
3242 997 3396 1038 cum
3451 979 3634 1034 dicit:

1960 1111 1979 1142 ι
2017 1089 2197 1146 Gloria
2243 1100 2454 1152 autem,
2493 1097 2546 1142 et
2593 1089 2811 1146 honor,
2860 1091 2921 1135 et
2975 1094 3098 1148 pax
3138 1073 3313 1128 omni
3355 1071 3638 1140 operanti

1956 1179 2175 1244 bonum,
2204 1177 2387 1231 Judazo
2413 1176 2646 1245 primum
2680 1171 2964 1226 etGraaco
2994 1167 3078 1221 δι.
3120 1184 3141 1216 ι
3188 1162 3410 1228 Quod,
3442 1171 3510 1213 ut
3533 1173 3640 1228 ego

1956 1285 2150 1339 capere
2185 1284 2420 1338 possum,
2452 1269 2517 1322 de
2542 1265 2777 1326 Judmis,
2809 1274 2866 1316 et
2899 1259 3201 1331 gentibus
3232 1255 3415 1317 dicit,
3456 1253 3636 1306 utris-

1957 1374 2060 1427 que
2086 1360 2318 1411 nondum
2347 1356 2718 1410 credentibus.
2764 1351 2970 1403 Potest
3011 1348 3186 1400 enim
3227 1343 3364 1397 ﬁeri
3395 1383 3417 1410 ,
3457 1353 3521 1393 ut
3553 1339 3638 1393 vel

1959 1463 2023 1500 ex
2047 1447 2132 1500 his
2165 1446 2253 1514 qui
2287 1445 2339 1498 in
2372 1443 2515 1512 Lege
2542 1451 2710 1504 sunt,
2762 1441 2809 1494 si
2848 1441 2985 1506 quis
3040 1433 3460 1503 persuasione
3514 1431 3640 1498 qui-

1959 1537 2076 1590 dem
2124 1534 2393 1589 communi
2453 1532 2566 1602 (8‘2)
2612 1530 2838 1585 Christo
2888 1541 3014 1580 non
3081 1522 3330 1585 credit,
3362 1529 3641 1590 operetur

1961 1637 2135 1681 tamen
2165 1629 2305 1696 quod
2336 1629 2532 1680 bonum
2557 1633 2666 1688 est,
2691 1620 2981 1691 justitiam
3019 1627 3266 1681 teneat,
3301 1615 3636 1670 misericor-

1960 1719 2099 1772 diam
2121 1719 2325 1787 diligat,
2348 1717 2654 1771 castitatem
2679 1725 2737 1768 et
2757 1711 3212 1767 continentiam
3248 1719 3481 1772 servet,
3514 1723 3634 1760 mo-

338 1843 430 1882 nes
489 1828 678 1881 fecisse
719 1829 924 1881 videtur
973 1826 1275 1896 Apostolus.
1313 1827 1492 1880 Primo
1535 1825 1673 1880 enim
1737 1824 1865 1877 dicit

2068 1811 2186 1862 tiam
2226 1809 2609 1874 lenitatemque
2641 1802 2934 1858 custodiat
2962 1841 2980 1866 ,
3014 1810 3218 1868 atque
3264 1812 3451 1851 omne
3497 1812 3637 1862 opus

337 1919 405 1972 de
456 1918 560 1983 his,
620 1936 640 1970 ι
677 1919 768 1986 qui
817 1919 1103 1972 secundum
1145 1916 1454 1984 patientiam
1505 1915 1630 1969 boni
1687 1914 1864 1982 operis

338 2007 582 2074 gloriam,
609 2019 663 2061 et
688 2011 965 2071 honorem,
989 2017 1041 2062 et
1065 2006 1512 2075 incorruptionem
1540 2013 1806 2074 quaerunt,
1839 2021 1858 2055 ι

338 2099 477 2164 quod
511 2098 638 2166 ipsis
671 2100 843 2152 reddit
879 2099 1017 2153 Deus
1058 2117 1076 2144 σ
1121 2099 1283 2150 vitam
1324 2107 1574 2151 aeternam
1600 2094 1666 2149 ".
1706 2115 1725 2147 ι
1767 2094 1868 2147 Pa-

340 2189 577 2240 tientiam
615 2198 806 2250 autem
859 2190 977 2242 boui
1007 2189 1182 2256 operis
1237 2189 1287 2240 in
1347 2187 1449 2240 illis
1494 2201 1614 2240 esse
1659 2196 1864 2238 certum

341 2283 439 2329 est.
465 2277 554 2344 qui
580 2292 812 2345 agones,
861 2289 916 2330 et
943 2279 1235 2330 certamina
1287 2275 1560 2343 perferunt
1612 2276 1864 2338 pietatis:

343 2367 484 2432 quod
531 2382 689 2434 supra
736 2368 1080 2435 exposuimus
1125 2367 1399 2420 evidenter
1443 2367 1506 2419 de
1549 2365 1869 2418 Christianis

344 2456 448 2508 dici
483 2455 612 2525 (78),
663 2458 797 2525 apud
842 2473 972 2524 quos
1023 2465 1288 2524 martyres
1330 2456 1481 2508 ﬁunt.
1525 2454 1787 2508 Probatur
1817 2454 1867 2507 id

345 2545 505 2598 etiam
545 2559 640 2610 per
688 2547 787 2597 hoc
832 2546 968 2612 quod
1000 2545 1250 2596 Dominus
1303 2545 1431 2597 dicit
1481 2543 1546 2595 ad
1577 2543 1868 2609 apostolos,

349 2633 468 2698 quia
497 2649 516 2682 ι
557 2633 954 2686 tribulationem
997 2633 1261 2687 habebitis
1305 2633 1358 2686 in
1403 2634 1502 2686 hoc
1547 2634 1772 2695 mundo,
1818 2643 1871 2686 et

349 2723 575 2774 mundus
605 2723 960 2790 gratulabitur
983 2763 996 2787 ,
1028 2737 1120 2777 vos
1145 2731 1319 2775 autem
1345 2722 1588 2790 lugebitis
1614 2723 1662 2753 ⁷⁵
1696 2739 1710 2775 :
1751 2741 1769 2773 ι
1817 2731 1873 2774 et

349 2809 549 2864 addidit
573 2820 692 2878 post
719 2825 886 2877 pauca
921 2830 933 2863 :
965 2830 986 2862 ι
1028 2813 1080 2864 lu
1113 2810 1365 2878 patientia
1413 2821 1586 2864 vestra
1628 2811 1870 2878 acquire-

349 2897 416 2950 tis
454 2898 660 2951 animas
704 2909 908 2953 vestras
935 2900 1006 2951 ⁷⁸.
1056 2918 1074 2950 ι
1133 2898 1560 2952 Christianorum
1597 2913 1740 2966 ergo
1791 2908 1874 2952 est

347 3001 646 3055 pressuram
677 2989 784 3056 pati
811 2989 864 3041 in
894 2991 994 3042 hoc
1027 2989 1249 3050 sarculo,
1296 2998 1350 3041 et
1398 2988 1614 3056 lugere,
1646 3003 1871 3056 quorum

349 3086 429 3130 est
460 3078 564 3130 vita
602 3089 824 3132 aitet-na.
852 3078 914 3132 Et
939 3080 1016 3132 vis
1064 3082 1202 3133 scire
1245 3081 1384 3148 quod
1435 3081 1625 3133 nullius
1654 3089 1734 3133 est
1769 3081 1872 3134 vita

1964 1899 2072 1970 (85)
2099 1899 2293 1954 bonum
2326 1906 2602 1965 Operetur,
2635 1896 2726 1949 hic
2754 1893 2992 1948 etiamsi
3031 1892 3234 1943 vitam
3289 1904 3412 1944 non
3463 1888 3636 1941 habet

1964 2001 2250 2052 :eternam,
2285 1989 2407 2056 quia
2451 1988 2684 2041 credens
2714 1984 2822 2036 soli
2848 1997 2999 2036 vero
3039 1981 3201 2046 Deo,
3228 1995 3353 2033 non
3392 1978 3633 2032 credidit

1964 2092 2015 2135 et
2040 2081 2176 2134 Filio
2201 2080 2314 2147 ejus
2345 2076 2474 2131 Jesu
2516 2075 2744 2129 Christo
2786 2087 2967 2141 quem
3010 2071 3194 2124 misit
3217 2109 3237 2135 ,
3283 2079 3490 2122 tamen
3519 2071 3637 2136 glo-

1967 2171 2045 2224 ria
2066 2184 2286 2238 operum
2307 2169 2448 2237 ejus,
2475 2175 2527 2221 et
2554 2180 2684 2232 pax,
2712 2175 2770 2218 et
2795 2163 2993 2216 honor
3018 2161 3260 2229 poterit
3285 2176 3404 2214 non
3431 2159 3637 2229 perire.

1967 2259 2069 2314 Sed
2093 2268 2146 2312 et
2177 2257 2395 2312 Graecus
2420 2295 2436 2319 ,
2463 2255 2517 2308 id
2547 2263 2630 2307 est
2656 2251 2891 2321 gentilis
2916 2291 2935 2315 ,
2992 2253 3046 2306 si
3083 2266 3233 2304 cum
3271 2249 3402 2319 (84)
3462 2249 3634 2316 legem

1967 2368 2071 2405 non
2103 2349 2314 2412 habeat,
2344 2351 2457 2415 ipse
2513 2345 2618 2400 sibi
2663 2353 2750 2398 est
2789 2343 2916 2410 lex,
2958 2345 3316 2398 ostendens
3340 2358 3488 2412 opus
3509 2340 3638 2409 legis

1971 2443 2022 2494 in
2062 2439 2221 2494 corde
2253 2438 2432 2499 suo“,
2473 2435 2782 2489 etnaturali
2827 2435 3082 2489 ratione
3135 2436 3460 2498 immotus,
3499 2436 3638 2487 sicut

1969 2531 2207 2582 videmus
2251 2525 2533 2580 nonnullos
2578 2525 2632 2578 iu
2683 2525 2990 2592 gentibus,
3053 2525 3160 2579 vel
3186 2524 3494 2592 justitiam
3549 2533 3626 2576 te-

1969 2630 2109 2682 neat,
2144 2617 2224 2670 vel
2247 2617 2548 2670 castitatem
2573 2623 2779 2679 servet,
2817 2615 2914 2666 vel
2944 2616 3384 2683 prudentiam,
3425 2626 3630 2682 tempe—

1970 2709 2234 2769 rantiam,
2283 2704 2717 2772 modestiamque
2771 2704 3146 2757 custodiat:
3191 2704 3473 2759 istelicet
3508 2701 3635 2755 alie-

1971 2815 2070 2852 nus
2102 2815 2130 2850 a
2162 2799 2268 2849 vita
2297 2795 2542 2857 videatur
2562 2803 2796 2857 aeterna,
2826 2794 2977 2861 quia
3019 2809 3152 2848 non
3177 2795 3375 2849 credit
3399 2794 3634 2856 Christo,

1973 2899 2026 2943 et
2058 2890 2260 2941 intrare
2288 2901 2393 2940 non
2435 2885 2608 2952 possit
2641 2883 2694 2935 in
2728 2897 2988 2951 regnum
3027 2887 3365 2950 caelorum,
3402 2886 3528 2954 quia
3558 2899 3636 2936 re-

1974 2988 2128 3032 natus
2171 2992 2271 3029 non
2308 2985 2390 3030 est
2433 2988 2499 3028 ex
2543 2980 2684 3042 aqua
2709 2984 2767 3027 et
2820 2974 3075 3041 Spiritu
3136 2976 3224 3042 ⁸³,
3284 2977 3509 3030 videtur
3557 2984 3635 3026 ta-

1977 3085 2094 3123 men
2126 3066 2235 3137 (85)
2267 3066 2410 3135 quod
2445 3079 2541 3132 per
2571 3066 2688 3118 haec
2717 3079 2850 3133 qua:
2880 3065 3200 3144 dicuntur
3237 3070 3313 3123 ab
3354 3067 3632 3137 Apostolo,

349 3177 571 3231 aeterna,
620 3169 720 3222 nisi
771 3169 885 3235 ejus
933 3169 1020 3236 qui
1073 3142 1278 3222 credat-
1307 3171 1356 3222 in
1392 3168 1705 3223 Christum?
1739 3171 1874 3223 Audi
1901 3142 1941 3196 Ο
1978 3163 2237 3214 bonorum
2263 3171 2482 3224 οΡθνυηι
2512 3154 2740 3224 gloriam
2767 3193 2786 3219 ο
2837 3165 2900 3208 el
2949 3142 3272 3213 hODOPGID
3303 3200 3319 3224 9
3361 3170 3422 3212 ει
3455 3172 3633 3228 Ρθθειη

353 3257 644 3310 Salvatoris
675 3258 838 3326 ipsius
865 3273 1045 3310 vocem
1079 3258 1349 3312 evidenter
1380 3259 1432 3310 in
1466 3257 1764 3327 Evangeliis
1791 3259 1876 3312 de-

351 3351 648 3418 signantem
686 3371 696 3403 :
733 3370 750 3401 ι
791 3350 912 3403 Haec
956 3361 1036 3403 est
1074 3359 1250 3404 autem
1281 3351 1388 3404 vita
1417 3360 1648 3414 aeterna,
1691 3360 1749 3404 ut
1787 3367 1874 3403 co-

355 3446 615 3503 gnoscant
665 3448 715 3491 te
763 3440 929 3492 solum
959 3453 1138 3492 verum
1181 3438 1375 3503 Deum,
1407 3449 1460 3493 et
1491 3454 1645 3507 quem
1683 3438 1872 3492 misisti

351 3526 538 3585 Jesum
564 3527 832 3582 Christum
859 3529 922 3580 ⁷⁷.
956 3548 972 3578 ι
1029 3527 1212 3581 Omnis
1248 3542 1376 3593 ergo
1411 3530 1500 3597 qui
1536 3543 1639 3581 non
1667 3530 1881 3596 agnovit

355 3617 567 3670 Patrem
601 3619 771 3670 solum
803 3632 981 3670 verum
1010 3618 1195 3680 Deum,
1235 3627 1288 3671 et
1316 3618 1502 3671 Filium
1539 3619 1671 3684 ejus,
1701 3617 1878 3671 Jesum

355 3705 646 3770 Christum,
679 3707 881 3760 alienus
905 3717 984 3759 est
1005 3707 1070 3759 ab
1096 3707 1393 3760 aaternitate
1418 3708 1558 3760 vitae.
1592 3706 1712 3760 Ilarc
1739 3709 1880 3760 enim

356 3795 467 3862 ipsa
485 3795 684 3863 agnitio
704 3805 758 3848 et
779 3795 906 3850 ﬁdes
920 3797 1022 3848 vita
1048 3810 1166 3849 esse
1189 3797 1493 3863 designatur
1523 3804 1738 3847 :eterna.
1790 3793 1883 3846 Est

356 3887 514 3955 igitur
535 3886 733 3954 primus
772 3887 880 3956 (79)
907 3887 990 3940 hic
1031 3886 1456 3939 Christianorum
1494 3885 1658 3947 locus,
1691 3886 1884 3952 quibus

355 3987 453 4041 per
477 3975 784 4040 patientiam
823 3976 946 4028 boni
988 3975 1164 4044 operis
1203 3974 1460 4042 gloriam,
1509 3982 1562 4028 et
1607 3976 1882 4037 honorem,

358 4074 413 4120 et
444 4066 895 4133 incorruptionem
927 4067 1284 4132 quaerentibus
1313 4069 1421 4119 vita
1465 4076 1664 4120 :eterna
1698 4066 1886 4119 redde-

359 4165 445 4209 tur
476 4156 544 4221 7',
571 4157 656 4209 illa
683 4158 798 4211 sine
828 4158 984 4210 dubio
1011 4159 1098 4226 qui
1127 4160 1256 4212 dicit
1283 4175 1296 4210 :
1338 4178 1357 4210 ι
1388 4158 1497 4227 Ego
1517 4173 1632 4211 sum
1661 4158 1768 4220 via,
1798 4172 1887 4211 ve-

363 4247 516 4308 ritas,
545 4255 597 4300 et
621 4248 725 4299 vita
753 4249 819 4299 ⁷³.
860 4266 878 4298 ι
907 4247 960 4298 lu
987 4246 1200 4300 Christo
1223 4258 1419 4311 autem,
1443 4247 1532 4314 qui
1563 4248 1667 4298 vita
1691 4254 1885 4299 aeterna

361 4345 463 4400 est,
495 4338 750 4390 bonorum
776 4335 1009 4387 omnium
1045 4346 1126 4388 est
1171 4336 1442 4404 plenitudo
1468 4335 1600 4404 (80).
1644 4335 1886 4389 Secundo

433 4496 478 4526 ⁷⁸
511 4494 666 4548 Rom.
705 4511 762 4554 ιι.
796 4493 883 4548 29.
956 4494 998 4523 ⁷³
1038 4491 1188 4548 Joan.
1231 4511 1310 4557 ill,
1343 4497 1392 4550 5.
1467 4498 1510 4529 ⁷³
1547 4499 1662 4550 Act.
1687 4511 1756 4553 tv,
1783 4495 1868 4549 12.
1943 4493 1987 4525 ⁷³
2017 4490 2170 4544 Rom.
2203 4503 2257 4549 Il,
2283 4487 2370 4541 10.

439 4581 475 4615 ι.
506 4564 591 4615 19.
663 4565 704 4593 "'
721 4560 872 4615 Joan.
909 4577 1034 4615 rvn.
1058 4563 1109 4612 5.
1185 4567 1227 4597 ⁷⁸
1253 4566 1404 4615 Rom.
1436 4581 1496 4615 ιι.
1528 4568 1580 4615 7.
1673 4562 1882 4615 "Joan.
1923 4578 2030 4615 λιν.
2067 4561 2120 4613 6.
2194 4559 2239 4589 ⁸ο
2277 4557 2370 4611 Ro:

1762 4580 1882 4618 oan.
1923 4578 2030 4625 xxv,
2067 4578 2120 4613 υ.

365 4581 475 4630 nt,
506 4564 591 4616 19.
663 4565 704 4593 "'
721 4560 872 4616 Joan.
909 4577 1034 4618 rvn.
1058 4563 1109 4630 5.
1185 4567 1227 4597 ⁷⁸
1253 4566 1404 4619 Rom.
1436 4581 1496 4630 ιι,
1528 4568 1580 4621 7.

365 4629 469 4686 15.
524 4632 568 4664 ⁸³
588 4631 740 4686 Joan.
768 4646 846 4694 ιιι,
885 4631 936 4684 5.
1003 4629 1047 4660 ⁸⁸
1071 4629 1220 4686 Rom.
1247 4649 1284 4700 ι,
1307 4635 1394 4687 Ἡ.

1979 3250 2205 3317 perdere
2235 3246 2446 3315 penitus
2478 3259 2584 3297 non
2615 3245 2813 3312 possit.
2877 3244 2945 3298 Si
2991 3247 3175 3300 enim
3216 3249 3536 3302 secundum
3577 3259 3632 3296 ea

1978 3356 2095 3410 quae
2125 3339 2177 3392 in
2224 3335 2595 3406 superioribus
2625 3334 3023 3390 disseruimus
3044 3377 3065 3401 ,
3126 3339 3371 3394 videtur
3403 3339 3635 3407 Aposto-

1978 3434 2060 3486 lus
2086 3430 2441 3484 condemnare
2463 3425 2730 3493 gentiles,
2781 3439 2856 3479 ex
2893 3440 2974 3480 eo
3033 3431 3210 3498 quod
3268 3429 3514 3484 naturali
3560 3427 3634 3480 in-

1981 3520 2270 3590 telligentia
2293 3533 2417 3572 cum
2445 3515 2836 3584 cognovissent
2854 3515 3093 3583 Deum,
3140 3536 3269 3574 non
3289 3522 3443 3576 sicut
3475 3520 3632 3572 Deum

1979 3605 2531 3680 magniﬁcaverunt“,
2547 3606 2825 3673 quomodo
2847 3621 2974 3660 non
2999 3619 3301 3676 putamus
3314 3612 3467 3682 quod
3481 3611 3633 3664 etiam

1982 3699 2287 3752 collaudare
2317 3711 2408 3749 eos
2434 3695 2638 3763 possit,
2668 3703 2725 3746 et
2775 3696 3007 3750 debeat
3034 3739 3053 3763 ,
3090 3702 3146 3754 si
3183 3703 3292 3770 qui
3353 3703 3410 3756 in
3442 3701 3525 3754 his
3548 3714 3638 3752 co-

1981 3797 2295 3857 gnoscentes
2323 3787 2512 3848 Deum,
2558 3785 2701 3838 sicut
2732 3783 2918 3838 Deum
2985 3794 3436 3861 lnagnilicent?
3476 3791 3638 3846 nubi-

1983 3879 2082 3931 tari
2133 3879 2294 3945 igitur
2351 3891 2454 3928 non
2497 3885 2628 3943 puto
2681 3878 2833 3942 quod
2887 3878 2944 3932 is
2996 3884 3111 3948 qui
3152 3900 3269 3953 pro
3305 3885 3458 3939 malo
3483 3897 3640 3952 opere

1983 3967 2326 4021 condemnari
2354 3967 2665 4031 meruisset,
2705 3967 2855 4020 idem
2889 3970 2942 4022 si
2979 3985 3290 4040 operatus
3320 3987 3476 4031 esset
3512 3990 3640 4044 opus

1984 4060 2178 4112 bonum
2209 4055 2342 4125 (86),
2373 4058 2816 4110 remuneratione
2846 4057 2992 4114 boni
3040 4068 3261 4133 operis
3313 4069 3520 4138 dignus
3557 4068 3644 4119 ha-

1987 4151 2219 4202 beretur.
2253 4148 2408 4201 Vides
2436 4149 2580 4200 enim
2613 4148 2904 4202 dicentem
2925 4153 3308 4222 Apostolum
3343 4160 3491 4231 (87),
3520 4159 3640 4228 quia

1993 4255 2012 4289 ι
2049 4252 2235 4292 omnes
2276 4253 2373 4292 nos
2414 4245 2560 4290 stare
2598 4249 2824 4305 oportet
2861 4254 3013 4298 ante
3085 4250 3368 4304 tribunal
3422 4249 3642 4310 ChriSIi,

1989 4341 2047 4384 ut
2090 4340 2326 4399 reportet
2381 4333 2757 4401 unusquisque
2798 4339 3056 4404 propria
3117 4344 3448 4412 corporis,
3490 4349 3646 4412 prout

2444 4489 2490 4520 ⁷⁸
2523 4491 2654 4544 ibid.
2689 4491 2744 4544 7.

2194 4559 2239 4589 ⁸ο
2277 4557 2432 4611 Ro“).
2475 4573 2536 4622 tl,
2574 4559 2628 4623 8,
2661 4561 2719 4614 9.

435 4722 544 4797 (78)
571 4723 727 4785 Editi,
753 4741 770 4770 ι
801 4722 938 4788 quod
965 4735 1125 4797 supra
1152 4722 1383 4777 diximus
1406 4733 1458 4797 et
1485 4721 1886 4789 exposuimus...
1921 4720 1963 4773 D
1993 4712 2182 4797 Cameri
2211 4725 2340 4797 vero
2359 4711 2576 4797 editiiet
2604 4727 2710 4767 ms.
2736 4729 2925 4781 unus;
2950 4720 3064 4789 aL,
3099 4744 3122 4776 ‹
3155 4731 3596 4797 commanitus;
3622 4748 3642 4780 ι

367 4791 503 4861 apud
528 4791 667 4858 quos
697 4802 960 4859 martyres
994 4791 1236 4861 luerint:
1278 4810 1297 4842 ι
1369 4793 1459 4844 sed
1519 4804 1704 4861 omnes
1755 4803 1882 4861 mss.

365 4856 420 4915 et
452 4856 703 4914 Datianus
731 4869 789 4911 ut
826 4856 878 4912 in
908 4867 1074 4914 textu.
1109 4859 1311 4913 Deinde
1342 4875 1470 4912 mss.
1501 4859 1760 4927 plerique,
1789 4856 1886 4907 Ha-

368 4931 538 4984 banus
561 4939 615 4983 et
638 4931 788 4985 editi.
816 4947 833 4977 ι
863 4927 1126 4980 Probatur
1152 4947 1170 4978 ι
1203 4929 1295 4992 (al.
1319 4949 1336 4978 ι
1363 4925 1682 4994 Probantur)
1713 4933 1887 4994 autem

368 5001 549 5060 etiam,
579 5017 600 5050 ι
627 5011 731 5050 etc.
783 4997 886 5049 Sed
936 4997 1134 5048 rectior
1161 4991 1368 5050 videtur
1409 4998 1568 5048 lectio
1601 4991 1702 5047 ms.
1737 4991 1885 5060 Regii

372 5083 520 5119 num.
545 5067 698 5132 1659,
736 5085 754 5116 ι
787 5066 1036 5131 probatur
1060 5066 1110 5118 id
1140 5066 1319 5125 etiam,
1350 5085 1368 5116 ι
1404 5075 1511 5119 etc.

439 5135 547 5202 (79)
581 5137 654 5189 lta
685 5129 851 5198 editi,
893 5143 947 5187 et
989 5133 1069 5202 sic
1113 5133 1387 5202 legendum
1423 5129 1890 5202 videtur._0mnes

375 5196 549 5320 Enimn
579 5218 708 5258 mss.
731 5196 900 5256 nostri
927 5211 982 5257 et
1012 5196 1284 5268 ltababus,
1309 5215 1418 5258 (est
1446 5203 1603 5272 igitur
1631 5196 1891 5268 plurimus

413 5285 477 5320 tc.
499 5289 517 5320 ι
543 5281 647 5320 etc.

413 5285 477 5330 tc,
499 5289 517 5321 ι
543 5281 647 5325 etc.

441 5339 550 5408 (80)
597 5341 762 5400 Alias,
813 5359 832 5391 ι
878 5342 1139 5394 bonorum
1183 5343 1354 5396 omnis
1397 5353 1477 5396 est
1524 5337 1818 5408 plenitudo,
1866 5352 1886 5386 ι

375 5406 502 5457 editi
532 5406 784 5461 omittunt
803 5427 822 5458 ι
847 5420 949 5463 est.
983 5429 1001 5461 ι

446 5474 557 5550 (81)
578 5473 673 5529 Ms.
705 5475 899 5550 Regius
935 5494 1079 5530 num.
1103 5478 1270 5550 _l659,
1308 5497 1326 5528 ι
1359 5474 1737 5550 omnihomini
1769 5487 1893 5540 ope-

379 5543 541 5604 ranti,
589 5560 606 5589 ι
649 5553 756 5595 etc.
790 5543 894 5596 Sed
941 5547 1117 5598 caeteri
1149 5543 1273 5600 mss.
1319 5557 1371 5599 et
1400 5548 1524 5598 editi
1563 5554 1620 5596 ut
1650 5543 1700 5595 in
1730 5553 1895 5594 textu.

380 5607 648 5679 “abantis,
675 5624 968 5675 perperam,
997 5630 1014 5660 ι
1045 5615 1187 5665 omni
1222 5615 1272 5665 iu
1307 5631 1389 5665 tne.
1428 5615 1688 5679 operanti,
1726 5632 1742 5660 ι
1791 5621 1895 5662 etc.

450 5676 557 5744 (82)
594 5676 680 5730 Sic
715 5693 845 5732 mss.
884 5682 1144 5755 plerique,
1173 5681 1420 5740 liubauus
1464 5676 1515 5741 et
1559 5680 1895 5739 Salodiauus.

1991 4784 2084 4840 al.,
2113 4798 2132 4830 ι
2162 4780 2545 4833 communitus.
2572 4799 2591 4832 ι

2062 4847 2170 4919 (85)
2213 4866 2230 4919 ε
2267 4846 2433 4917 Opus.
2468 4850 2572 4919 r_|n
2607 4850 2780 4904 editis
2815 4857 3150 4916 omittitur.

2062 4916 2195 5006 (ἕλε).
2211 4916 2320 5006 1‘3.
2339 4917 2706 5006 ξηιχξίεείιξε.
2744 4938 2940 5006 amri;
2969 4929 3158 4985 1659-
3186 4935 3395 4991 -Αιιοτ
3448 4938 3648 5006 Regius

1995 4986 2707 5073 ιιιιᾼιιι.ρ1(141ξιιιιι›ςξι,ἔδρα
2732 5001 2791 5042 et
2816 4994 2866 5046 si
2895 4994 3156 5073 σπι-πέψις
3190 4986 3642 5073 ...ξ’ξιιιίἶιιιῖῖξῖ

1994 5065 2096 5108 etc.
2138 5055 2325 5136 Caneri
2362 5047 2523 5120 mss.,
2550 5055 2817 5112 Rabanus
2864 5047 2927 5116 et

1995 5140 2090 5174 cus
2229 5139 2318 5186 qui
2354 5136 2497 5187 cunt,
2531 5147 2548 5174 ο
2583 5137 2692 5183 etc.

2065 5192 2765 5284 (ἕδ),,⁶Ϊ³ἱ¹ῗῗξ¹;’.Ρεξῖἓεὲη
2787 5200 2968 5284 Cm"?
2990 5218 3052 5260 ει
3087 5209 3147 5262 in
3168 5214 3476 5284 plerisque
3499 5233 3608 5270 mss
3634 5254 3649 5276 .

1996 5275 2200 5380 Eecnuu
2231 5275 2285 5316 et
2319 5265 2456 5331 apud
2493 5264 2781 5319 itabanuui
2811 5285 2828 5333 ;
2857 5274 2966 5326 sed
3023 5264 3648 5339 τκδιὶἶιιιῖιίῖιῗξξᾘξιζιξ

2035 5346 2095 5380 US
2127 5347 2257 5380 "ISS-

2035 5346 2095 5384 US
2127 5347 2257 5386 lllSSo

2071 5400 2182 5483 (86)
2211 5400 2424 5482 Editiur
2461 5401 2608 5483 idem
2636 5403 2683 5456 si
2712 5421 3002 5483 operatur
3033 5418 3293 5474 bonum.
3331 5443 3353 5475 ι
3385 5424 3466 5478 Ita
3490 5424 3651 5477 etiam

2002 5466 2402 5563 i‘:.".i’"‘fs:..9.‘1‘
2428 5472 2938 5563 9.“?1911198'9-
2996 5504 3016 5534 ι
3091 5489 3207 5543 Ms-
3253 5492 3648 5563 Regius-mm-

2005 5537 2159 5602 1659,
2205 5557 2224 5589 ι
2253 5539 2393 5618 idem
2427 5543 2470 5592 si
2511 5556 2850 5608 operaretur
2895 5537 3647 5619 honuni."{32312535

2005 5623 2130 5660 IIISS.
2169 5619 2225 5659 ιιι
2254 5625 2304 5660 ΙΙΙ
2336 5620 2523 5662 ιιοειιο
2548 5622 2723 5668 textu.

2075 5678 2188 5748 (87)
2220 5681 2293 5734 Ita
2337 5693 2469 5735 mss.
2525 5682 2779 5759 plerique
2828 5696 2885 5741 ct
2927 5689 3247 5758 “abortus.
3312 5704 3648 5762 Salodianua
