3836 6222
246 298 265 351 ⁸
293 324 412 380 889

1251 331 1599 388 COMMENT.
1637 330 1701 386 IN
1742 326 1955 386 EPlS'l‘.
1996 329 2083 383 AD
2120 325 2288 383 ROM.
2328 319 2453 377 LIB.
2492 326 2556 380 ll.

3376 323 3479 377 89’)

305 441 503 511 8955“.
554 442 673 499 sive
717 445 942 513 bonum,
988 448 1099 505 slve
1142 449 1334 504 malum
1373 452 1439 504 ⁸⁸.
1466 472 1484 502 ι
1537 451 1661 503 Inde
1715 449 1855 503 deni-
1883 453 1928 508 Α
1954 463 2046 518 per
2074 450 2187 502 haec
2217 420 2516 501 evidentior
2549 446 2641 499 flat
2669 439 2974 514 explanatio
3013 439 3276 509 quomodo
3309 439 3476 492 Judaei

305 543 420 599 que
444 537 527 583 est
555 532 703 598 quod
728 542 785 588 et
813 536 868 590 in
902 538 1001 591 hoc
1032 537 1147 591 loco
1184 536 1451 608 subiungit
1482 557 1497 592 :
1532 557 1550 589 ι
1577 538 1690 593 Non
1711 542 1851 594 enim

303 633 675 688 personarum
718 626 960 695 acceptio
997 635 1077 681 est
1106 627 1240 695 apud
1284 629 1444 681 Deum
1477 630 1542 681 ⁸⁸.
1571 648 1590 680 ι
1617 630 1763 696 Quod
1802 631 1845 684 si

303 709 493 763 adhuc
516 709 611 764 tibi
648 711 868 767 dubium
897 716 1124 782 videtur,
1147 717 1266 770 audi
1302 730 1355 771 et
1379 717 1564 774 Petrus
1588 720 1712 787 quid
1743 720 1852 791 (88)

303 796 365 848 in
404 796 633 851 Actibus
652 802 1005 867 apostolorum
1033 806 1352 872 pronuntiet,
1375 822 1492 861 cum
1517 808 1582 861 ad
1607 809 1853 878 gentilem

299 880 626 935 Cornelium
661 883 849 940 fuisset
872 888 1178 956 ingressus:
1219 910 1237 942 σ
1265 893 1627 961 Compertum,
1662 896 1851 964 inquit,

302 970 496 1025 habeo
529 973 675 1039 quod
710 972 849 1028 Deus
877 992 1221 1044 personarum
1248 994 1492 1051 acceptor
1516 1000 1617 1039 non
1640 995 1738 1051 est,
1763 989 1853 1042 sed

301 1059 364 1111 in
409 1062 563 1113 omni
604 1060 738 1123 loco,
775 1073 829 1118 et
862 1065 916 1117 in
953 1068 1095 1119 omni
1124 1080 1302 1139 gente,
1332 1073 1420 1137 qui
1455 1072 1583 1127 facit
1608 1075 1852 1132 volunta-

303 1152 424 1196 tem
456 1144 599 1211 ejus,
628 1158 877 1217 acceptus
907 1162 990 1206 est
1017 1154 1065 1207 ei
1087 1154 1151 1209 ⁸⁷.
1192 1175 1209 1208 ι
1251 1158 1352 1211 Sed
1383 1159 1540 1228 objici
1584 1164 1737 1218 nobis
1763 1181 1855 1234 po-

303 1242 423 1286 test
455 1233 590 1287 illud
616 1239 756 1303 quod
786 1239 1041 1296 Dominus
1074 1244 1125 1297 in
1162 1245 1447 1314 Evangelio
1478 1252 1639 1307 dicit:
1681 1273 1699 1305 ι
1725 1233 1851 1310 om-

298 1322 396 1375 nis
425 1324 523 1390 qui
550 1326 720 1378 credit
766 1328 821 1385 in
869 1344 972 1393 me,
1022 1347 1124 1387 non
1153 1335 1495 1403 judicabitur.
1539 1342 1638 1408 Qui
1674 1355 1850 1398 autem

302 1429 424 1468 non
462 1416 657 1477 credit,
694 1418 806 1485 jam
849 1419 1117 1486 judicatus
1152 1435 1255 1492 est,
1295 1430 1417 1495 quia
1451 1445 1551 1484 non
1601 1435 1772 1487 credit
1799 1436 1850 1488 in

300 1503 544 1556 nomine
575 1505 833 1573 unigeniti
869 1507 986 1560 Filii
1022 1510 1111 1564 Dei
1132 1511 1198 1564 ⁸³.
1229 1531 1249 1564 ι
1281 1512 1384 1568 Sed
1407 1516 1679 1574 videamus
1719 1537 1853 1590 quo-

301 1590 483 1645 modo
511 1606 617 1645 non
639 1593 942 1661 iudicamur
966 1598 1055 1665 qui
1075 1600 1341 1655 credimus
1356 1601 1590 1669 Christo,
1621 1617 1680 1661 ut
1712 1610 1853 1662 scia-

298 1693 435 1735 mus
468 1685 739 1749 quomodo
786 1696 841 1739 et
915 1686 999 1741 ille
1037 1687 1146 1755 jam
1192 1689 1461 1758 judicatus
1505 1694 1573 1747 sit
1603 1696 1693 1763 qui
1745 1711 1847 1750 non

1956 539 2147 607 primo,
2196 533 2386 590 deinde
2419 531 2590 587 Graeci
2641 538 2913 600 ponuntur
2953 528 3020 583 ab
3066 526 3337 595 Apostoio.
3371 526 3477 580 Sed

1956 638 2132 682 tamen
2154 627 2205 680 in
2221 623 2688 690 arbitrio‘legentis
2710 621 2782 677 sit
2797 618 3025 688 probare
3036 633 3154 686 qua:
3175 615 3314 669 dicta
3331 624 3474 669 sunt.

1953 718 2060 772 Nos
2076 726 2249 771 autem
2269 716 2418 784 plura
2436 713 2752 768 adduximus
2776 713 2828 765 in
2851 717 3157 772 tractatum,
3183 721 3249 760 ne
3266 708 3392 773 quid
3415 709 3479 760 de

1952 807 2184 877 Apostoli
2210 820 2368 859 sensu
2392 805 2743 857 indiscussum
2763 801 3067 868 relinquere
3087 799 3409 851 videremur.

2019 897 2179 968 485
2206 897 2261 951 8.
2304 913 2324 945 ‹
2356 894 2666 959 Quicunque
2717 892 2859 945 enim
2910 891 3025 944 sine
3059 889 3172 957 lege
3221 900 3477 955 peccave-

1952 998 2092 1051 runt,
2122 988 2234 1040 sine
2257 985 2370 1053 lege
2397 993 2449 1035 et
2478 982 2744 1050 peribunt,
2763 989 2817 1032 et
2838 987 3100 1047 quotquot
3128 979 3179 1028 in
3214 975 3330 1042 lege
3359 987 3482 1041 pec-

1951 1085 2226 1140 caverunt,
2258 1090 2353 1143 per
2382 1073 2548 1141 legem
2569 1069 2972 1138 judicabuntur.
2999 1066 3111 1119 Non
3142 1065 3283 1119 enim
3330 1064 3481 1116 audi-

1953 1178 2092 1222 tores
2125 1166 2254 1234 legis
2277 1165 2406 1233 justi
2437 1171 2558 1216 sunt
2595 1161 2731 1228 apud
2758 1160 2945 1220 Deum,
2974 1159 3064 1210 sed
3098 1156 3324 1226 factores
3350 1154 3480 1222 legis

1947 1258 2378 1328 justificabuntur
2400 1253 2465 1305 ".
2502 1271 2521 1303 ι
2571 1252 2702 1304 Cum
2744 1249 2887 1302 dicat
2935 1246 3220 1314 Apostolus
3256 1258 3348 1297 eos
3390 1243 3477 1309 qui

1950 1349 2065 1402 sine
2089 1348 2202 1416 lege
2226 1350 2595 1414 peccaverunt,
2631 1341 2749 1394 sine
2784 1338 2898 1403 lege
2939 1336 3225 1403 perituros,
3253 1331 3479 1400 requiri-

1951 1440 2087 1492 ritur
2121 1447 2297 1491 utrum
2329 1436 2394 1489 de
2433 1433 2547 1487 sola
2583 1430 2747 1500 Moysi
2784 1429 2899 1498 lege
2942 1426 3341 1492 intelligendum
3390 1422 3477 1479 sit.

1950 1541 2014 1580 an
2035 1535 2089 1579 et
2118 1526 2181 1579 de
2210 1524 2322 1593 lege
2367 1521 2586 1585 Christi,
2617 1518 2701 1572 vel
2730 1518 2888 1570 etiam
2931 1517 2996 1568 de
3027 1525 3339 1581 quacunque
3379 1511 3479 1561 hu-

1948 1631 2103 1671 mana
2127 1615 2241 1683 lege
2267 1614 2363 1667 sub
2383 1627 2487 1680 qua
2509 1619 2949 1677 utrmnquemque
2975 1602 3275 1658 mortalium
3301 1600 3481 1653 vivere

1949 1704 2224 1775 contingit,
2258 1701 2396 1770 quod
2426 1701 2713 1755 secundum
2746 1698 2913 1765 ipsam
2939 1693 3169 1761 judicari
3194 1690 3361 1757 possit
3388 1689 3479 1756 qui

299 1771 517 1825 credit.
562 1771 955 1842 Numquidnam
1007 1784 1257 1844 putamus
1315 1781 1404 1849 qui
1464 1762 1747 1838 crediderit
1797 1787 1848 1839 in
1881 1762 1922 1817 Β
1951 1796 2003 1847 in
2029 1762 2340 1860 caduca-1;
2379 1803 2446 1841 an
2487 1762 2944 1855 quiexlra‘solam
2985 1778 3153 1849 Moysi
3180 1778 3348 1845 legem
3375 1785 3480 1837 est,

299 1861 562 1929 Christo,
595 1872 652 1917 et
693 1873 817 1932 post
848 1865 951 1918 hoc
999 1865 1361 1930 homicidium,
1411 1869 1495 1922 vel
1533 1871 1849 1926 adulteriqu

299 1953 676 2017 commiserit,
721 1962 813 2006 aut
851 1952 1042 2007 falsum
1090 1956 1458 2010 testimonium
1501 1959 1714 2022 dixerit,
1761 1972 1852 2016 aut

295 2040 523 2117 aliquid
548 2040 851 2114 hujusmodi
884 2041 1132 2110 gesserit,
1162 2056 1280 2111 qua:
1308 2058 1682 2115 nonnunquam
1710 2048 1852 2103 vide-

296 2152 434 2192 mus
467 2137 753 2191 admittere
780 2137 942 2190 etiam
980 2132 1187 2202 ﬁdeles,
1216 2134 1340 2205 quia
1372 2148 1468 2202 pro
1494 2136 1576 2190 his
1603 2136 1712 2205 jam
1746 2152 1849 2192 non

293 2224 645 2294 iudicabitur
692 2224 783 2292 qui
834 2223 1063 2277 credidit
1106 2223 1159 2276 in
1214 2221 1430 2278 Christo
1465 2222 1490 2276 ?
1529 2222 1743 2278 Certum
1771 2235 1852 2280 est

296 2310 431 2363 haec
454 2308 638 2363 omnia
666 2309 854 2361 venire
886 2309 952 2361 ad
977 2309 1237 2377 judicium
1267 2319 1360 2376 ;ct
1393 2312 1512 2366 ideo
1539 2312 1620 2366 sic
1651 2312 1850 2366 intelli-

298 2403 528 2477 gendus
558 2411 643 2456 est
675 2400 883 2455 Domini
919 2413 1096 2454 sermo
1127 2415 1285 2470 quem
1315 2401 1461 2466 dicit,
1497 2421 1517 2455 ι
1556 2403 1657 2470 Qui
1683 2405 1854 2459 credit

297 2491 358 2546 in
406 2506 514 2557 me,
544 2507 650 2545 non
675 2491 1024 2559 judicabitur,
1050 2511 1070 2545 ι
1105 2493 1229 2561 quia
1260 2496 1545 2548 secundum
1573 2498 1675 2551 hoc
1711 2497 1851 2564 quod

300 2581 548 2637 credidit
571 2598 677 2636 non
705 2581 1038 2651 judicabitur
1067 2584 1216 2649 quasi
1248 2584 1554 2638 incredulus
1583 2595 1638 2639 et
1668 2586 1853 2641 infide-

297 2670 378 2725 lis
408 2672 515 2726 :de
543 2671 753 2726 actibus
800 2687 929 2725 vero
975 2673 1087 2726 suis
1135 2672 1250 2726 sine
1299 2672 1459 2726 dubio
1495 2674 1847 2739 jndicabitur.

298 2760 395 2816 Ita
441 2776 567 2830 ergo
597 2772 648 2816 et
684 2762 777 2815 ille
813 2762 923 2830 jam
949 2762 1220 2831 judicatus
1273 2772 1354 2817 est
1397 2765 1485 2834 qui
1522 2781 1626 2819 non
1660 2767 1848 2832 credit,

301 2853 613 2907 secundum
669 2854 777 2907 hoc
821 2852 961 2921 quod
1014 2868 1121 2906 non
1162 2856 1420 2919 credidit;
1462 2866 1513 2909 et
1560 2857 1696 2909 sicut
1735 2872 1855 2911 cre-

308 2942 497 3008 denti,
535 2943 579 2996 si
618 2941 956 2996 extrinsecus
1007 2943 1211 3010 peccati
1260 2943 1459 3012 aliquid
1503 2946 1849 3013 commiserit,

303 3033 470 3088 salva
497 3033 623 3094 fide,
649 3032 909 3102 judicium
946 3042 1127 3086 manet
1167 3049 1183 3087 :
1229 3034 1300 3086 ita
1351 3042 1405 3088 et
1442 3050 1543 3088 non
1588 3037 1845 3102 credenti,

308 3123 357 3177 si
421 3122 545 3191 quid
579 3122 708 3177 boni
749 3123 930 3191 operis
973 3123 1218 3190 gesserit,
1264 3136 1483 3193 excepta
1523 3125 1849 3193 infidelitate,

306 3212 692 3267 remuneratio
731 3226 835 3265 non
884 3212 1098 3278 peribit.
1144 3213 1254 3267 Nisi
1304 3213 1441 3268 forte
1486 3216 1605 3283 quis
1655 3217 1853 3286 aliquid

309 3316 487 3370 grave
515 3311 571 3355 et
611 3301 944 3356 intolerabile
989 3302 1118 3356 velit
1158 3304 1412 3372 objicere,
1460 3313 1519 3357 ut
1556 3305 1701 3359 dicat
1732 3322 1851 3361 eum

307 3392 413 3461 qui
443 3400 660 3460 peccat,
687 3391 1097 3458 computandum
1120 3408 1220 3446 non
1249 3408 1365 3448 esse
1387 3394 1523 3448 inter
1540 3398 1851 3466 credentes;

308 3482 449 3550 quia
475 3481 519 3535 si
543 3482 732 3535 credat
753 3481 895 3548 quis,
930 3495 1033 3536 non
1064 3492 1248 3550 peccat
1275 3499 1290 3537 :
1315 3484 1357 3538 si
1384 3500 1512 3540 vero
1554 3485 1758 3556 peccat,
1787 3504 1854 3543 ex

308 3573 430 3627 hoc
456 3571 576 3640 ipso
606 3580 865 3640 arguatur
889 3575 1033 3640 quod
1064 3589 1165 3628 non
1199 3575 1400 3630 credat.
1430 3576 1534 3631 Sed
1561 3579 1672 3633 htec
1692 3594 1853 3648 quam

308 3664 455 3717 dura
501 3663 574 3716 sit
621 3662 887 3716 sententia
925 3665 1059 3718 nulli
1095 3666 1399 3732 ambiguum
1450 3679 1596 3737 puto.
1649 3670 1855 3737 Quotus

310 3754 469 3808 enim
514 3754 746 3821 quisque
786 3755 1087 3809 invenietur
1134 3755 1187 3809 in
1225 3757 1403 3819 terris,
1436 3759 1525 3826 qui
1574 3759 1644 3812 ita
1695 3761 1853 3815 vitam

314 3857 479 3897 suam
510 3843 670 3897 libret
698 3842 830 3914 (89),
859 3852 917 3897 ut
938 3844 990 3898 in
1019 3845 1165 3900 nullo
1184 3847 1392 3913 penitus
1412 3848 1681 3919 delinquat
1704 3851 1728 3903 ?
1750 3852 1854 3905 Sed

313 3942 373 3988 et
418 3932 660 3988 Joannes
706 3932 991 4001 Apostolus
1041 3935 1096 3989 in
1146 3936 1380 4004 Epistola
1438 3953 1534 3992 sua
1585 3941 1857 3995 evidenter

314 4023 485 4081 etiam
509 4023 818 4090 opinionem
854 4022 1154 4091 hujusmodi
1181 4035 1349 4091 notat,
1391 4041 1509 4080 cum
1545 4028 1712 4084 dicit:
1748 4049 1767 4081 ‹
1797 4030 1854 4085 Si

314 4114 445 4182 quis
477 4112 611 4166 dicit
641 4111 767 4179 quia
804 4121 1079 4180 peccatum
1127 4127 1231 4167 non
1278 4114 1456 4180 habet,
1503 4116 1589 4171 hic
1630 4119 1855 4172 mendax

313 4209 499 4263 est,et
519 4199 723 4254 veritas
757 4199 812 4254 in
841 4214 905 4255 eo
926 4214 1029 4255 non
1060 4210 1140 4255 est
1164 4201 1380 4255 ".—Si
1408 4210 1586 4257 autem
1606 4205 1858 4260 conﬁtea-

316 4307 447 4345 mur
494 4301 719 4360 peccata
781 4302 981 4357 nostra,
1043 4292 1295 4346 habemus
1355 4282 1667 4348 advocatum
1717 4296 1856 4364 apud

1947 1880 2158 1937 etiamsi
2196 1880 2293 1933 sub
2344 1876 2520 1945 aliqua
2575 1875 2689 1943 lege
2732 1874 2899 1936 vivat,
2929 1869 3073 1924 velut
3121 1877 3273 1922 extra
3308 1868 3477 1935 legem

1946 1970 2172 2040 positus,
2206 1984 2324 2022 cum
2358 1965 2677 2036 peccaverit,
2701 1969 2903 2032 pereat.
2940 1959 3069 2013 Nam
3099 1966 3154 2012 et
3191 1958 3306 2026 ipse
3346 1970 3478 2021 apo-

1947 2062 2112 2115 stolus
2139 2059 2352 2119 Paulus,
2389 2072 2509 2110 cum
2540 2055 2667 2108 dicit
2692 2069 2750 2107 se
2786 2052 2870 2106 his
2904 2051 2993 2118 qui
3022 2049 3139 2102 sine
3176 2047 3293 2115 lege
3331 2053 3479 2108 sunt,

1948 2150 2096 2218 quasi
2119 2149 2235 2202 sine
2257 2147 2371 2212 lege
2391 2158 2526 2209 esse,
2547 2155 2600 2195 ct
2628 2143 2774 2195 addit
2796 2157 2810 2192 :
2836 2159 2855 2191 ι
2876 2139 3005 2193 Cum
3028 2138 3211 2204 utique
3231 2137 3348 2188 sine
3367 2133 3480 2201 lege

1949 2254 2052 2292 non
2093 2250 2288 2300 essem,
2323 2235 2413 2288 sed
2461 2235 2512 2287 in
2535 2233 2648 2300 lege
2680 2245 2852 2286 essem
2883 2227 3080 2283 Christi
3105 2226 3173 2290 ”,
3203 2244 3223 2277 ›
3251 2225 3481 2278 ostendit

1950 2327 2243 2394 sequidem
2277 2325 2327 2377 in
2364 2323 2478 2391 lege
2524 2321 2688 2391 Moysi
2721 2335 2825 2373 non
2861 2332 3002 2380 esse,
3030 2329 3150 2370 esse
3180 2325 3352 2367 tamen
3381 2312 3479 2364 sub

1950 2417 2082 2488 lege.
2114 2417 2220 2471 Sed
2242 2423 2295 2468 et
2322 2415 2586 2479 humanm,
2631 2421 2692 2466 ut
2717 2410 2971 2471 diximus,
3008 2408 3170 2476 leges,
3209 2405 3252 2457 si
3282 2404 3347 2457 ad
3380 2405 3481 2457 hoc

1951 2510 2123 2577 ipsum
2149 2504 2383 2573 reputari
2415 2501 2656 2565 debeant,
2680 2499 2856 2552 videto
2887 2497 3016 2568 (90).
3054 2492 3315 2547 Naturalis
3353 2504 3484 2545 vero

1948 2598 2056 2659 lex,
2077 2610 2193 2665 qua:
2209 2593 2560 2649 communiter
2584 2590 2826 2644 omnibus
2848 2586 3146 2650 hominibus
3170 2585 3328 2644 inest,
3350 2595 3481 2634 con-

1949 2683 2287 2739 siderandum
2322 2689 2405 2735 est
2446 2680 2492 2734 si
2520 2692 2707 2733 omnes
2741 2692 2879 2745 pene
2928 2675 3087 2727 faciat
3119 2675 3169 2726 in
3214 2672 3329 2742 lege
3351 2684 3479 2740 pec-

1949 2786 2095 2835 care,
2128 2770 2266 2824 sicut
2300 2768 2352 2822 in
2394 2765 2844 2833 consequentibus
2886 2762 3019 2816 dicit
3057 2778 3073 2816 :
3112 2779 3131 2811 ι
3176 2760 3306 2814 Cum
3337 2759 3479 2812 enim

1950 2869 2155 2930 gentes,
2190 2872 2305 2926 quae
2343 2857 2511 2926 legem
2550 2870 2655 2908 non
2685 2853 2902 2918 habent,
2928 2852 3239 2905 naturaliter
3263 2865 3379 2916 quae
3407 2850 3483 2902 le-

1950 2953 2030 3021 gis
2048 2957 2173 3003 sunt
2191 2947 2474 3009 faciunt,hi
2508 2947 2673 3016 legem
2704 2959 2810 2997 non
2837 2944 3093 2996 habentes
3114 2940 3211 3006 ipsi
3236 2938 3334 2992 sibi
3359 2946 3484 2991 sunt

1875 3066 1918 3123 ο
1952 3039 2061 3102 lex,
2089 3038 2176 3106 qui
2205 3039 2494 3091 ostendunt
2520 3050 2652 3103 opus
2681 3034 2813 3103 legis
2840 3035 3095 3101 scriptum
3135 3033 3187 3083 in
3229 3029 3481 3082 cordibus

1951 3129 2063 3183 suis
2083 3128 2182 3182 “.t
2215 3126 2325 3180 Nisi
2355 3140 2449 3180 eos
2474 3123 2608 3179 forte
2639 3124 2876 3179 dicamus
2904 3133 3054 3176 extra
3079 3124 3243 3191 legem
3261 3119 3480 3187 positos,

1951 3218 2037 3286 qui
2066 3231 2236 3285 neque
2261 3215 2474 3284 scriptis
2492 3215 2713 3283 legibus,
2745 3228 2915 3281 neque
2940 3211 3277 3269 conscientia,
3307 3215 3360 3261 et
3388 3221 3484 3259 co-

1951 3305 2293 3375 gitationibus
2319 3303 2552 3374 propriis
2579 3300 3088 3370 reprehendentibus
3105 3313 3161 3351 se
3181 3304 3235 3350 et
3255 3309 3483 3364 arguen-

1952 3398 2095 3451 tibus
2118 3401 2327 3465 parent.
2352 3392 2625 3459 Quomodo
2653 3400 2830 3446 autem
2861 3388 3143 3461 dicit(9l):
3172 3407 3190 3437 ι
3215 3387 3483 3454 Quotquot

1952 3486 2006 3540 in
2055 3486 2170 3553 lege
2221 3490 2612 3555 peccaverunt,
2648 3496 2744 3548 per
2793 3480 2960 3550 legem
2994 3477 3422 3549 judicabuntur?
3457 3494 3477 3526 ι

1954 3575 2148 3644 Utique
2182 3574 2271 3644 qui
2302 3574 2355 3627 in
2382 3573 2497 3641 lege
2535 3572 2728 3626 Christi
2759 3581 2860 3635 est,
2908 3585 3003 3639 per
3032 3569 3202 3638 legem
3235 3566 3431 3622 Christi
3463 3583 3481 3631 ;

1952 3675 2003 3719 et
2028 3665 2118 3733 qui
2144 3665 2197 3718 in
2227 3665 2343 3733 lege
2376 3661 2565 3731 Moysi,
2596 3676 2691 3729 per
2718 3661 2884 3730 legem
2929 3659 3094 3729 Moysi
3120 3658 3483 3727 iudicabitur;

1952 3770 2123 3823 neque
2152 3754 2240 3823 qui
2277 3755 2376 3808 sub
2409 3754 2521 3821 lege
2564 3751 2760 3806 Christi
2801 3760 2903 3814 est,
2927 3742 3169 3819 quamvis
3193 3750 3350 3803 etiam
3382 3746 3484 3815 legi

1952 3846 2119 3916 Moysi
2141 3844 2379 3899 subditus
2418 3844 2679 3908 videatur,
2706 3840 2931 3910 iudicari
2971 3851 3142 3893 tamen
3193 3838 3484 3891 secundum

1953 3952 2068 3991 eam
2096 3934 2361 4005 putandus
2394 3941 2476 3987 est
2515 3947 2613 3985 cur
2646 3946 2748 3984 non
2780 3930 2849 3985 sit
2888 3929 3254 3989 circumcisus,
3278 3926 3357 3979 vel
3391 3942 3487 3978 cur

1955 4028 2241 4081 Sabbatutn
2272 4039 2373 4078 non
2408 4031 2608 4077 servet.
2637 4022 2785 4087 Quod
2807 4031 2860 4074 et
2886 4020 2929 4074 si
2955 4020 3103 4086 juxta
3126 4018 3292 4085 legem
3321 4016 3484 4084 Moysi

1956 4112 2220 4181 putandus
2247 4119 2329 4165 est
2350 4109 2600 4180 judicari,
2642 4107 2932 4163 secundum
2964 4107 3065 4160 hoc
3096 4104 3235 4174 quod
3268 4104 3348 4157 lex
3374 4103 3484 4172 Spl-

1956 4201 2163 4257 ritualis
2194 4209 2295 4265 est,
2324 4200 2672 4270 iudicabitur.
2724 4197 2836 4251 Hoc
2865 4206 2947 4251 est
2972 4196 3112 4250 enim
3144 4210 3247 4249 non
3277 4193 3488 4246 audito-

1957 4306 2070 4345 rem
2102 4291 2252 4360 legis,
2293 4291 2385 4344 sed
2428 4288 2678 4342 factorem
2705 4285 3003 4355 justiﬁcari.
3036 4284 3183 4351 Quod
3210 4298 3336 4337 vero
3362 4296 3486 4352 gra-

314 4380 562 4446 Patrem,
589 4380 773 4436 Iesum
791 4381 1012 4448 justum,
1045 4383 1134 4450 qui
1160 4392 1346 4437 exorat
1370 4397 1464 4450 pro
1493 4385 1726 4452 peccatis
1758 4401 1855 4440 no-
1884 4369 1930 4424 Ῑ)
1956 4382 2103 4436 viore
2128 4379 2387 4434 sententia
2416 4378 2619 4447 percuti
2649 4376 2857 4430 videtur
2890 4375 2935 4430 is
2961 4376 3048 4443 qui
3079 4376 3195 4429 sine
3228 4374 3341 4444 lege
3365 4389 3487 4442 pec-

319 4470 455 4523 stris
475 4470 545 4522 ’°.
577 4488 598 4521 ι
620 4469 742 4523 Haec
780 4484 907 4538 ergo
944 4484 975 4521 a
1007 4470 1160 4524 nobis
1189 4471 1241 4524 in
1268 4471 1368 4524 hoc
1398 4470 1532 4536 loco,
1565 4483 1726 4541 prout
1755 4488 1852 4541 po-
1889 4508 1903 4529 .

322 4562 549 4627 tuimus,
587 4561 829 4614 discussa
854 4570 1000 4621 sunt,
1024 4560 1487 4614 considerantibus
1517 4562 1677 4615 etiam
1726 4562 1854 4616 illud

319 4652 466 4719 quod
505 4650 642 4705 dicit
670 4650 992 4718 Apostolus:
1026 4666 1047 4700 ι
1089 4650 1169 4702 An
1212 4648 1510 4703 Judzeorum
1544 4653 1683 4706 Deus
1733 4661 1853 4706 tan-

321 4740 482 4794 tum?
532 4738 725 4795 Nonne
751 4747 806 4793 et
834 4740 1066 4809 gentium
1088 4740 1111 4792 ?
1132 4738 1242 4792 lmo
1271 4747 1326 4793 et
1357 4739 1590 4807 gentium
1616 4741 1658 4773 "
1687 4759 1702 4806 ;
1735 4759 1754 4791 ι
1798 4750 1856 4794 ut

1958 4471 2177 4537 caverit,
2193 4470 2441 4538 quoniam
2462 4469 2732 4538 periturus
2757 4467 3280 4537 prouuntiatur,cum
3310 4465 3489 4530 utique

1955 4569 2012 4614 et
2036 4559 2377 4614 miseratione
2398 4560 2574 4628 aliqua
2605 4559 2796 4626 dignus
2813 4557 3078 4619 videatur,
3102 4557 3193 4625 qui
3230 4553 3491 4621 adjutorio

1957 4664 2062 4704 non
2094 4664 2222 4704 usus
2242 4660 2326 4704 εει
2372 4649 2524 4718 legis,
2554 4647 2827 4702 videamus
2858 4660 2924 4699 ne
2948 4645 3072 4713 quid
3114 4645 3325 4705 iterum,
3355 4649 3413 4693 ut
3438 4640 3489 4691 in

1957 4740 2165 4795 caneris
2191 4738 2489 4802 docuimus,
2520 4737 2716 4791 divina:
2734 4736 2986 4791 bonitatis
3009 4732 3096 4787 hic
3121 4732 3304 4797 lateat,
3334 4743 3489 4799 quam

315 4959 369 4990 ,ι
399 4890 446 4990 ’ἐ
471 4891 663 4945 llCor.
702 4907 756 4990 ἓν.
788 4891 865 4946 ιον
940 4892 985 4922 ⁸⁸
1016 4889 1171 4943 Rom.
1211 4905 1271 4954 tt,
1298 4890 1383 4944 il.
1459 4892 1502 4923 ⁸⁷
1541 4892 1662 4945 Act.
1693 4906 1745 4957 x,
1786 4891 1853 4944 54

453 4975 537 4990 nm
602 4975 660 4990 ιιι
744 4962 776 4990 (1
870 4960 916 4990 οε
946 4958 1076 4990 Dnm
1126 4973 1159 4990 ιι
1213 4959 1278 4990 ΑΩ
1331 4959 1397 4990 ιι
1484 4960 1530 4990 II
1567 4959 1713 4990 Il‘n-
1759 4976 1806 4990 .-

1958 4892 2303 4990 5.“:Joan.
2338 4890 2526 4954 "1,18.
2598 4888 2913 4955 "lJoanJ,
2945 4888 2998 4943 8.
3067 4885 3489 4949 "lJoan.tt,l.

2139 4977 2220 4990 .....
2268 4976 2304 4990 ι.
2358 4962 2423 4990 ιι
2473 4958 2538 4990 ιε
2917 4972 2925 4980 ο

410 4958 561 5015 Rom.
601 4975 687 5024 ιιι,
709 4959 796 5014 29.
870 4960 916 4992 ⁹¹
944 4958 1098 5012 Rom.
1124 4973 1186 5023 ιι,
1213 4959 1302 5022 12,
1331 4959 1417 5014 15.
1484 4960 1530 4993 ⁸³
1564 4959 1732 5015 lCor.
1758 4976 1830 5027 ix,

2019 4961 2066 4993 ”
2089 4961 2243 5045 ‘Rom.
2268 4976 2327 5025 ll,
2358 4962 2446 5025 M,
2473 4958 2562 5012 15.
2917 4972 2925 4980 ’

321 5132 499 5179 tero,
536 5135 557 5168 ι
587 5117 775 5170 videns
818 5115 1031 5169 dicente
1055 5114 1361 5181 Apostolo':
1408 5135 1427 5166 »
1473 5116 1655 5170 caeteri
1698 5116 1852 5179 editi,

330 5208 350 5239 ε
375 5184 509 5241 Vide
541 5186 752 5240 dicente
774 5184 1045 5251 Apostolo,
1090 5200 1108 5231 ι
1147 5198 1273 5236 mss.
1305 5183 1428 5247 duo,
1473 5203 1491 5235 ι
1527 5184 1684 5238 Vides
1713 5186 1854 5238 enim

325 5256 545 5308 dicente
567 5250 839 5320 Apostolo.
876 5271 895 5303 ι

360 5392 361 5395 η
402 5322 514 5395 (88)
547 5316 638 5395 Sic
663 5335 789 5395 mss.
819 5316 1364 5395 pleriquehllabanus
1384 5328 1440 5372 et
1464 5319 1634 5374 editio
1652 5319 1857 5395 Veneta

325 5384 628 5443 Salodiani.
658 5384 843 5443 Caneri
868 5402 996 5440 vero
1021 5384 1149 5454 editi
1177 5394 1234 5440 et
1258 5399 1359 5440 ms.
1391 5402 1554 5454 unus,
1590 5405 1611 5438 ι
1652 5388 1778 5441 audi
1807 5399 1859 5442 et

325 5458 550 5512 Petrum
574 5457 750 5525 quid,»
780 5465 878 5509 etc.
910 5450 1126 5525 :_ma_le.

404 5525 516 5593 (89)
534 5518 612 5593 n5
643 5518 741 5578 ms.
772 5539 901 5576 unus
930 5518 1305 5593 Regigs_nuni.
1343 5522 1482 5575 1640
1522 5532 1578 5593 ει
1624 5523 1861 5592 plerique

327 5577 698 5655 ξσῖίὶξάεειειί
734 5605 852 5646 vero
874 5577 1035 5653 mss;
1054 5577 1306 5644 Kabattus
1333 5600 1388 5645 et
1417 5592 1582 5649 editio
1625 5577 1860 5658 'Vene'ta,

1959 5137 1979 5170 ι
2009 5119 2230 5171 liberet:
2259 5135 2279 5167 ι
2306 5114 2459 5168 male.

2027 5186 2136 5255 (90)
2169 5182 2436 5255 .‘ljssafere
2482 5188 2752 5255 omnes_et
2773 5176 2927 5255 editi,
2951 5194 2973 5226 ο
2995 5189 3097 5229 non
3128 5175 3299 5255 video.
3337 5192 3355 5224 ι
3391 5174 3489 5255 So-

1954 5244 2160 5307 lus‘ms.
2195 5251 2388 5318 Regius
2428 5263 2554 5301 num
2602 5247 2758 5311 1659,
2789 5264 2807 5296 ι
2844 5246 3051 5310 videto,
3083 5262 3102 5296 ι
3133 5244 3271 5310 quod
3301 5245 3503 5302 ret-tius.

1958 5323 2379 5463 Ἢῖἓῦῗιιελῐιε.
2409 5382 2630 5463 ﬁegius-
2650 5396 2821 5463 num.
2835 5379 3154 5463 1639;}!in
3187 5386 3365 5463 autem
3393 5379 3506 5435 duo

1963 5443 2092 5514 mss.
2120 5443 2318 5519 'Regii,
2352 5468 2371 5500 ι
2413 5443 2528 5515 Qui
2551 5447 2947 5519 atttetndicitzo
2984 5448 3081 5500 Ms.
3111 5443 3499 5519 Val‘l‘istlaraa,

1973 5512 1995 5577 ι
2034 5524 2182 5590 Quod
2218 5512 2395 5570 autem
2426 5512 2584 5590 dicit.
2617 5537 2634 5569 ι
2666 5515 2837 5590 Etlitio
2878 5512 3112 5590 Veneta,
3145 5530 3164 5562 t
3199 5513 3296 5576 Qui
3321 5524 3510 5590 autem

1972 5579 2205 5656 digeris;
2242 5605 2260 5638 ι
2297 5586 2478 5641 επιειὶ
2515 5600 2639 5641 vero
2681 5584 2840 5645 editi,
2876 5601 2891 5631 ι
2943 5585 3056 5658 Qui
3091 5590 3262 5635 autem
3306 5579 3465 5639 dicis.
3488 5595 3511 5635 ι
