3836 6224
313 298 407 351 891

315 502 383 553 ab
412 501 509 551 hoc
539 497 638 549 sibi
670 492 778 563 (9:2)
824 486 1437 558 prapensiorem‘curam
1491 501 1586 555 pro
1624 486 1708 539 his
1744 485 1836 553 qui

313 593 535 652 pereunt
564 583 738 634 inesse
770 581 881 646 ipse
906 577 1161 631 Dominus
1187 578 1240 629 in
1264 575 1549 644 Evangelia
1580 574 1833 637 ostendit,

311 689 430 727 cum
475 672 603 724 dicit
647 670 767 738 quia
808 688 826 720 ι
874 668 1020 721 venit
1044 667 1207 720 Filius
1243 667 1472 720 hominis
1514 678 1748 733 quaerere
1787 672 1840 715 et

310 762 513 815 salvare
542 761 677 827 quod
710 759 937 826 perierat
965 757 1027 807 ⁸⁸.
1063 775 1082 807 ι
1105 756 1170 808 Et
1198 758 1386 810 iterum
1419 755 1545 808 dicit
1569 756 1610 784 '7
1632 771 1645 806 :
1670 772 1687 803 ι
1726 752 1836 804 Νοη

311 865 427 902 sum
481 852 674 901 missus
734 848 829 900 nisi
878 848 942 899 ad
998 861 1124 899 oves
1169 861 1285 913 quae
1329 846 1605 912 perierunt
1651 843 1839 895 damus

311 940 490 991 Israel.
527 956 546 988 ι
582 939 643 991 Et
687 937 845 990 David
873 937 1066 989 dicit"
1101 951 1115 989 :
1153 953 1171 984 ι
1204 934 1386 987 Erravi
1422 936 1555 986 sicut
1585 933 1700 985 ovis
1722 944 1840 997 pcr-

311 1026 441 1085 dita,
475 1024 685 1091 require
735 1038 943 1077 servum
992 1031 1159 1076 tuum.
1192 1040 1210 1072 ι
1244 1021 1347 1074 Sed
1378 1026 1431 1073 et
1472 1020 1522 1071 iu
1555 1018 1839 1086 Evangelia

310 1115 561 1166 drachma
586 1114 694 1182 (95)
724 1129 837 1179 quae
879 1112 1126 1180 perierat,
1165 1112 1421 1163 mundata
1450 1111 1604 1163 domo
1632 1110 1837 1161 iuveni-

313 1210 403 1253 tur
430 1217 459 1254 a
485 1203 703 1256 muliere
724 1202 799 1265 9’;
830 1213 880 1255 et
907 1202 1111 1269 Vgaudet
1140 1208 1290 1265 pater
1316 1213 1474 1266 super
1505 1198 1610 1250 filio
1634 1197 1840 1264 iuniore

310 1293 619 1357 praenitente,
649 1292 738 1359 qui
771 1309 789 1341 ε
830 1302 1066 1343 mortuus
1100 1290 1291 1352 fuerat,
1322 1298 1374 1341 et
1403 1288 1630 1351 revixit;
1663 1287 1838 1352 perie-

309 1391 413 1445 rat,
436 1392 490 1436 et
511 1384 754 1436 iuventus
781 1393 861 1435 est
878 1382 919 1443 ¹,
942 1398 961 1431 ι
986 1380 1156 1447 magis
1175 1393 1330 1446 quam
1358 1391 1516 1444 super
1539 1392 1602 1430 ea
1622 1376 1710 1443 qui
1738 1389 1838 1429 non

309 1471 544 1538 perierat
579 1486 674 1523 nec
703 1471 943 1522 inventus
975 1478 1057 1521 est
1077 1467 1208 1535 (94).
1240 1466 1337 1533 Qui
1363 1466 1544 1533 iunior
1576 1464 1734 1527 filius,
1786 1474 1844 1517 ut

310 1573 408 1626 ego
459 1559 709 1621 arbitror,
750 1557 912 1611 etiam
960 1557 1125 1623 ipsam
1161 1552 1452 1607 naturalem
1496 1551 1605 1619 iam
1640 1552 1845 1620 fugerat

1679 272 1990 331 OlilGENIS

313 425 518 480 semper
550 406 821 461 abscondit
858 401 1163 455 timentibus
1197 413 1253 453 se
1289 399 1352 450 9”.
1381 398 1649 453 Fortassis
1690 396 1831 449 enim
1860 398 1906 451 Α
1934 397 2098 443 terata
2129 386 2182 439 in
2203 399 2266 439 eo
2298 383 2536 438 videatur
2562 387 2616 435 et
2643 373 2944 477 abalitand

3470 240 3585 294 899.

2950 387 2982 425 e
3017 370 3136 423 ista
3162 369 3368 434 potest
3397 360 3583 411 videri

1937 481 2133 534 dictum
2161 476 2295 543 quod
2333 476 2446 527 sine
2472 473 2586 540 lege
2619 476 2847 538 pereat;
2890 457 3259 529 iudicandus
3300 464 3449 543 vero
3483 463 3586 518 per

1937 567 2099 635 legem
2126 542 2330 619 dicatur
2362 562 2406 615 is
2434 562 2523 629 qui
2551 559 2653 612 sub
2683 557 2810 622 lege
2858 552 3028 611 vivit,
3061 545 3200 614 quia
3230 551 3292 598 et
3332 542 3587 635 Aposta:

1936 628 2017 708 lus
2046 654 2088 684 ¹⁰
2115 628 2461 707 contestatur,
2486 661 2701 701 omnem
2733 639 3273 698 circumcidentem
3305 646 3396 696 se,
3434 628 3585 698 quod

3622 720 3637 741 ι

1938 745 2142 799 debitor
2164 744 2231 796 sit
2256 742 2515 794 universm
2546 739 2682 808 legis
2717 732 3023 789 faciendae.

3644 260 3663 313 Ι

2004 835 2056 887 9.
2104 853 2121 884 ε
2166 834 2293 886 Cum
2326 831 2469 884 enim
2519 838 2711 896 gentes
2739 837 2869 893 quae
2928 821 3128 888 legem
3170 829 3290 868 non
3342 811 3586 876 habent,
3634 828 3649 859 ’,

1938 919 2250 974 naturaliter
2278 932 2395 985 quae
2433 916 2570 983 legis
2621 922 2755 967 sunt
2801 909 3057 972 faciunt,
3100 905 3164 958 hi
3219 900 3349 972 {98)
3402 900 3589 968 legem

1937 1025 2040 1063 non
2097 1010 2374 1072 habentes,
2425 1006 2524 1075 ipsi
2572 1003 2678 1060 sibi
2716 1010 2849 1063 sunt
2901 1000 2997 1053 lex
3039 1013 3055 1048 :
3103 996 3213 1066 qui
3267 992 3590 1049 ostendunt

1938 1112 2070 1164 opus
2102 1095 2233 1164 legis
2262 1096 2519 1163 scriptum
2572 1093 2627 1146 in
2672 1090 2945 1144 cordibus
2982 1087 3145 1148 suis,
3183 1081 3587 1139 testimonium

1940 1186 2190 1239 reddente
2216 1185 2292 1237 eis
2324 1182 2674 1244 conscientia,
2709 1188 2768 1234 et
2812 1178 2965 1232 inter
3012 1174 3208 1247 486
3235 1186 3305 1228 se
3339 1171 3590 1226 invicem

1939 1273 2356 1339 cogitationibus
2390 1267 2798 1332 accusantibus,
2840 1275 2947 1318 aut
2985 1265 3181 1317 etiam
3215 1260 3590 1316 defendenti-

1939 1364 2038 1417 bus
2061 1361 2192 1432 (39),
2225 1362 2278 1415 in
2330 1361 2415 1414 die
2441 1373 2564 1412 cum
2605 1354 2885 1423 iudicabit
2912 1354 3079 1407 Deus
3125 1351 3369 1406 occulta
3406 1350 3592 1405 homi-

1941 1452 2387 1516 num,secundum
2411 1447 2765 1515 Evangelium
2796 1460 3021 1510 meum,
3048 1458 3168 1515 per
3193 1440 3403 1497 Iesum
3428 1441 3593 1496 Cbri«

1941 1552 2081 1595 stum
2111 1542 2173 1597 “.
2207 1559 2226 1592 ι
2259 1539 2475 1594 Certum
2512 1548 2598 1594 est
2629 1538 2777 1606 quod
2810 1544 3021 1606 gentes
3072 1548 3214 1603 qua:
3249 1533 3442 1601 legem
3478 1545 3590 1585 non

309 1625 476 1714 legem
512 1646 622 1715 (95)
658 1663 671 1697 :
704 1647 803 1700 hoc
834 1647 972 1697 enim
1011 1645 1220 1697 videtur
1256 1642 1478 1696 indicari
1503 1642 1554 1694 in
1599 1655 1662 1694 ea
1703 1641 1842 1709 quod
1875 1714 1897 1715 ﬂ
1942 1634 2171 1697 habent,
2205 1630 2521 1684 naturaliter
2549 1641 2671 1698 quae
2698 1628 2841 1696 legis
2892 1634 3040 1681 sunt
3076 1625 3459 1715 facerenon
3490 1636 3590 1689 pro

311 1711 636 1803 consumpsit
668 1744 870 1803 partem
919 1742 1151 1802 paternae
1198 1731 1505 1786 substantia:
1551 1745 1670 1799 qua:
1719 1745 1839 1783 eum
1870 1714 1912 1767 Β
1941 1721 2185 1775 Sabbatis
2213 1719 2296 1774 vel
2329 1718 2639 1773 Neomeniis
2673 1718 2966 1780 dicantur,
2993 1714 3094 1768 vel
3122 1711 3449 1768 sacriﬁciis
3471 1726 3591 1780 qua:

314 1826 675 1893 contingebat,
704 1825 931 1877 vivendo
959 1823 1248 1877 luxuriose.
1284 1821 1387 1874 Sed
1411 1829 1465 1873 et
1490 1820 1542 1872 in
1567 1818 1842 1873 Ezechiele

310 1914 566 1980 propheta
602 1914 622 1944 ¹
655 1912 955 1976 pastoribus
1014 1911 1311 1978 imputatur
1334 1946 1349 1972 ,
1399 1907 1539 1976 quod
1573 1907 1840 1961 infirmum

312 2016 414 2054 nou
447 2000 898 2069 colligaverint,ct
926 2001 1066 2067 quod
1095 2000 1325 2067 perierat
1368 2013 1472 2051 non
1498 1996 1838 2065 qumsieriut;

309 2096 366 2141 et
397 2097 515 2156 past
540 2101 703 2154 pauca
727 2088 839 2155 ipse
862 2087 1111 2140 Dominus
1135 2086 1261 2140 dicit
1290 2104 1339 2139 ει
1372 2085 1437 2139 Et
1462 2085 1600 2153 quod
1628 2084 1834 2152 periit,»

312 2178 508 2243 inquit,
539 2193 558 2226 ι
593 2192 691 2245 ego
723 2176 986 2245 requiram
1016 2175 1058 2229 ³.
1097 2193 1117 2226 ι
1149 2173 1520 2228 Verumtamen
1562 2171 1843 2226 observan-

309 2266 435 2318 dum
458 2272 541 2318 est
574 2267 713 2332 quod
742 2263 795 2317 in
849 2265 932 2318 his
983 2263 1228 2317 omnibus
1268 2276 1543 2330 nusquam.
1576 2261 1713 2315 Deus
1742 2259 1839 2313 ali-

312 2370 467 2424 quem
494 2356 685 2409 dicitur
714 2355 1028 2422 perdidisse,
1055 2353 1148 2408 sed
1172 2352 1529 2420 unusquisque
1559 2366 1623 2406 ex
1648 2366 1704 2405 se
1731 2351 1839 2419 pati

312 2443 413 2496 hoc
435 2444 575 2510 quod
610 2443 768 2509 perit,
812 2449 870 2494 ut
899 2441 951 2494 in
997 2441 1099 2494 hoc
1137 2440 1251 2508 ipso
1280 2439 1397 2492 ait:
1435 2454 1455 2489 ι
1489 2438 1613 2491 Sine
1645 2437 1759 2508 lege
1786 2446 1841 2491 et

309 2531 550 2596 peribunt
576 2547 591 2590 ;
614 2547 632 2579 ι
660 2539 742 2582 et:
782 2529 969 2583 «Venit
995 2528 1158 2582 Filius
1185 2527 1413 2581 hominis
1437 2541 1671 2595 quarere
1700 2526 1838 2595 quod

311 2620 542 2686 perierat
571 2619 613 2681 δ,
663 2638 681 2670 ι
718 2634 820 2672 non
877 2621 1017 2686 quod
1060 2619 1364 2686 perdiderat
1397 2634 1411 2670 :
1448 2626 1502 2670 et
1546 2636 1563 2667 ι
1599 2618 1661 2670 ad
1712 2630 1838 2670 oves

313 2707 547 2774 perditas
596 2708 781 2760 damus
822 2706 1073 2771 lsrael’,r
1112 2722 1216 2761 non
1250 2721 1379 2774 quas
1421 2705 1742 2773 perdiderat.
1777 2705 1841 2757 Et

309 2809 431 2848 cum
456 2796 570 2864 ipse
590 2795 843 2849 Dominus
871 2796 1001 2850 dicit
1035 2810 1049 2841 ε
1085 2814 1103 2847 ι
1139 2794 1353 2855 Omnes.
1390 2813 1408 2846 ι
1442 2795 1633 2863 inquit,
1661 2811 1680 2845 ι
1707 2808 1839 2862 quas

311 2886 507 2939 dedisti
546 2887 698 2948 mihi,
731 2886 966 2949 servavi,
1015 2894 1068 2939 et
1113 2884 1286 2940 nullus
1315 2900 1382 2937 ex
1422 2886 1500 2938 eis
1524 2885 1681 2953 periit
1708 2885 1728 2915 °
1760 2901 1775 2947 ;
1814 2902 1832 2934 ι

309 2988 416 3027 non
440 2974 572 3027 dixit
596 2991 608 3026 :
630 2972 838 3026 Nullum
867 2987 934 3028 ex
962 2973 1026 3026 iis
1058 2973 1281 3042 perdidi.
1319 2972 1459 3026 Sane
1498 2972 1662 3026 sicubi
1698 2972 1837 3026 Deus

310 3062 532 3131 perdere
556 3062 770 3126 dicitur,
800 3077 895 3129 pro
936 3063 1218 3130 reprabare
1248 3062 1355 3132 (96)
1392 3062 1558 3132 magis
1601 3063 1836 3116 invenies

310 3150 535 3214 dictum,
565 3150 707 3203 sicut
729 3164 847 3202 cum
876 3149 1004 3203 dicit
1035 3169 1047 3203 :
1080 3167 1097 3199 ι
1130 3148 1351 3202 Perdam
1400 3150 1711 3216 sapientiam
1758 3164 1843 3203 sa-

311 3237 594 3307 pientium,
621 3247 674 3291 ct
713 3237 1036 3291 intellectum
1068 3237 1406 3306 prudentium
1440 3238 1788 3305 reprobabo".
1818 3255 1836 3287 ι

310 3327 461 3392 Quod
505 3337 683 3382 autem
726 3327 872 3390 dicit,
911 3327 1035 3395 quia
1066 3345 1085 3378 ι
1124 3336 1383 3395 quotquot
1415 3327 1466 3379 in
1506 3326 1621 3395 lege
1655 3339 1844 3395 pecca-

311 3413 518 3480 v'erunt,
544 3432 637 3484 per
682 3416 846 3482 legem
883 3416 1281 3482 iudicabuntur,
1321 3434 1339 3467 ι
1376 3416 1581 3470 intuere
1606 3431 1671 3470 ne
1708 3414 1845 3470 forte

313 3508 599 3560 secundum
622 3506 883 3562 vindictas
905 3510 1017 3571 bas,
1042 3522 1160 3576 qua:
1187 3508 1239 3560 in
1253 3506 1392 3575 Lege
1419 3510 1629 3576 scripta:
1654 3516 1780 3559 sunt
1798 3506 1843 3570 ⁸,

314 3596 505 3663 quibus
532 3596 820 3662 agebantur
843 3595 1066 3663 iudicia,
1092 3597 1178 3650 ubi
1206 3596 1449 3663 lapidari,
1484 3594 1564 3648 vel
1596 3594 1647 3648 in
1672 3595 1843 3662 ignem

317 3685 570 3749 tradi,vel
600 3687 868 3740 civitatem
901 3683 1088 3753 refugii
1117 3686 1282 3749 adire,
1299 3683 1384 3737 vel
1415 3684 1517 3737 alia
1541 3681 1844 3749 huiusmodi

316 3774 424 3841 pati
440 3772 755 3841 iubeantur:
773 3773 843 3826 ita
873 3771 945 3826 sit
965 3772 1285 3841 etiudicium
1303 3771 1566 3826 futurum:
1594 3775 1844 3842 quoniam

314 3860 522 3929 quidem
538 3870 735 3932 typa,et
748 3861 944 3917 umbra:
959 3861 1253 3916 caelestium
1265 3860 1533 3915 deservire
1544 3859 1566 3891 ⁸
1598 3860 1847 3915 dicuntur

312 3950 369 4005 hi
381 3952 468 4020 qui
481 3953 577 4005 sub
592 3952 705 4022 lege
719 3961 862 4019 sunt;
876 3966 940 4006 ne
953 3951 1088 4007 forte
1103 3951 1259 4005 simili
1274 3952 1499 4019 quadam
1514 3951 1716 4004 ratione
1730 3965 1852 4019 agas-

315 4047 403 4093 tur
415 4041 570 4093 etiam
588 4040 819 4094 futurum
843 4041 1099 4109 iudicium
1114 4040 1166 4092 in
1182 4053 1274 4093 eos
1287 4039 1374 4107 qui
1388 4037 1714 4107 prazvaricati
1732 4038 1844 4091 fue-

314 4127 418 4180 rint
439 4127 630 4196 legem.
670 4128 802 4183 Cum
842 4142 966 4196 ergo
993 4127 1228 4181 diversas
1248 4127 1298 4189 in
1324 4124 1607 4192 Scripturis
1623 4125 1846 4179 dicicla-

314 4218 480 4271 ruerit
510 4218 670 4285 leges,
704 4218 749 4271 si
776 4218 894 4285 quis
931 4218 982 4270 in
1018 4225 1217 4270 tantum
1244 4229 1428 4269 omnes
1455 4213 1549 4267 has
1575 4213 1845 4284 refugerit,

1943 1811 1994 1864 in
2027 1811 2142 1879 lege
2169 1811 2367 1879 scripta
2399 1818 2543 1863 sunt.
2581 1808 2700 1861 Non
2726 1808 2882 1862 enim
2920 1810 3057 1860 haec
3090 1805 3191 1858 lex
3233 1805 3292 1857 in
3323 1804 3591 1858 cordibus

1940 1901 2171 1969 gentium
2212 1902 2411 1968 scripta
2440 1909 2523 1955 est
2557 1900 2677 1970 (1):
2713 1899 2812 1953 sed
2847 1899 2966 1953 hoc
3004 1906 3105 1950 est
3156 1895 3323 1965 quod
3380 1894 3589 1949 sentire

1940 1988 2250 2041 naturaliter
2275 1996 2497 2055 possunt
2531 2003 2545 2039 :
2581 1988 2734 2042 verbi
2778 1986 3001 2054 gratia,
3062 1999 3144 2038 ne
3175 1984 3587 2047 homicidium,

1939 2094 2006 2132 ne
2032 2077 2347 2131 adulterium
2376 2077 2596 2141 faciant,
2631 2092 2701 2131 ne
2733 2075 3041 2142 furentur,
3082 2090 3160 2129 ne
3187 2074 3406 2127 falsum
3437 2075 3589 2127 testi-

1938 2167 2175 2221 monium
2201 2167 2379 2220 dicant
2407 2182 2422 2230 ;
2452 2175 2513 2220 ut
2545 2167 2820 2221 honorent
2844 2174 3087 2233 patrem
3125 2173 3192 2219 et
3245 2170 3584 2226 matrem,et

1941 2256 2126 2307 barum
2154 2254 2366 2309 similia.
2389 2252 2659 2308 Fortassis
2687 2262 2745 2308 et
2771 2255 2930 2322 quod
2974 2255 3143 2309 Deus
3178 2270 3335 2309 unus
3365 2263 3583 2307 creator

1940 2344 2009 2396 sit
2045 2344 2301 2409 omnium,
2335 2343 2595 2411 scriptum
2632 2352 2718 2398 est
2758 2345 2813 2397 in
2837 2344 3136 2398 cordibus
3167 2345 3456 2411 gentium.
3479 2342 3588 2396 Ma-

1938 2431 2020 2499 gis
2053 2439 2226 2485 tamen
2258 2431 2661 2486 mihividentur
2687 2433 2829 2496 haec,
2866 2447 3009 2501 qua:
3050 2433 3115 2486 in
3155 2434 3343 2509 corde
3384 2433 3586 2499 scripta

1938 2522 2204 2586 dicuntur,
2248 2534 2369 2575 cum
2425 2520 2755 2590 evangelicis
2803 2521 3049 2591 legibus
3106 2523 3454 2587 convenire,
3497 2520 3585 2575 ubi

1938 2620 2124 2665 cuncta
2165 2611 2231 2665 ad
2274 2611 2575 2665 naturalem
2629 2611 2974 2665 referuntur
3030 2614 3411 2681 mquitatem.
3449 2611 3582 2678 Quid

1937 2704 2077 2755 enim
2119 2702 2189 2754 ita
2220 2701 2551 2755 naturalibus
2581 2702 2839 2757 sensibus
2878 2704 3276 2771 proximum,
3306 2720 3474 2773 quam
3523 2712 3581 2757 ut

1936 2806 2053 2859 quae
2076 2790 2258 2843 nolunt
2274 2790 2373 2843 sibi
2400 2790 2517 2843 fieri
2535 2791 2807 2856 homines,
2838 2792 2974 2846 haec
3005 2808 3088 2848 ne
3112 2793 3345 2849 faciant
3369 2794 3490 2848 aliis
3508 2794 3585 2845 ιη

1935 2879 2061 2948 Legi
2084 2892 2209 2933 vero
2236 2878 2400 2948 Moysi
2435 2880 2772 2948 concordare
2792 2879 2890 2935 lex
2934 2884 3251 2939 naturalis
3276 2885 3579 2939 secundum

1937 2944 2197 3036 spiritum,
2224 2944 2336 3021 non
2373 2944 2670 3023 secundum
2715 2969 2986 3025 litteram
3023 2982 3259 3042 potest.
3286 2973 3431 3028 Nam
3465 2988 3576 3042 qua:

1936 3057 2039 3111 erit
2069 3056 2121 3109 in
2161 3056 2259 3110 hac
2296 3056 2648 3125 intelligentia
2691 3057 3029 3124 naturalis,
3067 3062 3247 3117 verbi
3294 3063 3495 3134 gratia,
3522 3070 3580 3114 ut

1936 3155 2118 3200 octava
2153 3146 2239 3200 die
2265 3147 2385 3214 quis
2416 3145 2776 3201 circumcidat
2808 3148 3154 3220 Infantem,
3181 3164 3286 3207 aut
3313 3170 3440 3208 cum
3474 3153 3579 3206 lino

1938 3235 2096 3289 simul
2126 3251 2192 3290 ne
2217 3236 2335 3289 lana
2370 3243 2602 3303 texatur,
2634 3237 2722 3292 vel
2743 3253 2814 3292 ne
2849 3241 2996 3308 quis
3033 3244 3101 3299 in
3159 3246 3257 3300 die
3306 3243 3579 3300 Novarum

1939 3325 2308 3381 fermentatum
2352 3324 2554 3392 aliquid
2598 3328 2726 3380 edat
2752 3327 2800 3358 "
2830 3328 2857 3381 ?
2891 3329 3053 3396 Quae
3112 3350 3253 3390 cum
3291 3336 3583 3405 aliquoties

1937 3414 2310 3481 abiecissemus
2341 3411 2562 3477 Iudaeis,
2605 3424 2663 3468 et
2689 3415 3080 3485 exigeremus
3117 3424 3205 3494 (2)
3259 3434 3326 3479 ut
3374 3427 3421 3478 si
3457 3425 3576 3492 quid

1941 3503 1992 3556 in
2031 3501 2114 3555 bis
2133 3500 2377 3556 utilitatis
2403 3512 2567 3565 esset,
2595 3505 3008 3572 ostenderent,
3060 3513 3301 3568 scimus
3332 3529 3430 3568 eos
3484 3516 3579 3566 hac

1940 3591 2112 3645 solum
2167 3590 2487 3659 respondere
2516 3591 2732 3659 solitos,
2784 3595 2928 3661 quia
2966 3598 3055 3652 ita
3088 3603 3286 3656 visum
3316 3604 3393 3657 sit
3431 3603 3581 3672 legis-

1940 3680 2117 3735 latari.
2144 3678 2252 3734 Nos
2273 3694 2398 3734 vero
2421 3680 2511 3747 qui
2542 3681 2656 3734 haec
2677 3684 2872 3736 omnia
2928 3688 3354 3755 spiritualiter
3387 3694 3580 3748 intem.

1941 3770 2107 3840 genda
2142 3770 2424 3834 sentimus,
2463 3768 2670 3824 idcirco
2712 3780 2772 3824 et
2820 3788 2942 3829 non
3001 3784 3349 3851 auditores,
3376 3786 3474 3841 sed
3503 3786 3583 3837 fa-

1943 3870 2116 3914 ctores
2164 3858 2299 3927 legis
2346 3856 2722 3925 iustificandos
2762 3861 2810 3893 “
2854 3867 3181 3928 credimus
3211 3914 3229 3937 ,
3284 3891 3401 3930 non
3454 3876 3581 3945 legis

1942 3948 2234 4002 secundum
2283 3948 2539 4014 litteram,
2573 3965 2694 4018 quae
2723 3953 2926 4022 utique
2978 3974 3099 4028 pro
3138 3966 3233 4019 sui
3277 3966 3584 4035 impossibi-

1943 4035 2090 4090 litate
2134 4050 2237 4090 nan
2266 4046 2445 4105 potest
2490 4039 2692 4093 habere
2742 4040 3072 4111 factorem.
3138 4056 3248 4109 sed
3281 4057 3581 4111 secundum

1944 4123 2208 4214 spiritum,
2236 4138 2332 4192 per
2360 4140 2517 4193 quem
2539 4126 2894 4186 solummodo
2925 4134 3177 4207 impleri
3216 4143 3313 4198 lex
3363 4146 3580 4214 poterit.

1945 4211 2056 4304 liae
2070 4220 2154 4304 est.
2176 4226 2305 4304 ergo
2324 4229 2457 4283 opus
2479 4215 2634 4284 legis,
2658 4219 2806 4285 quod
2831 4224 3024 4279 etiam
3078 4239 3299 4299 gentes
3352 4211 3585 4304 Ᾰροςιο-

316 4311 373 4353 υι
400 4304 557 4357 etiam
592 4305 848 4359 naturalis
874 4308 985 4373 ipsa
1018 4304 1121 4368 lex,
1149 4317 1263 4371 qute
1277 4302 1402 4355 nulli
1430 4301 1538 4354 fere
1560 4303 1843 4374 deest(97),
1878 4323 1919 4377 ι)
1948 4302 2028 4356 lus
2053 4302 2179 4356 dicit
2209 4302 2431 4371 implere
2454 4306 2777 4361 naturaliter
2802 4323 3005 4376 posse.
3035 4315 3198 4371 Cum
3225 4320 3386 4374 enim
3406 4301 3583 4391 agunt

313 4392 395 4444 vel
416 4406 510 4459 per
535 4394 804 4456 duritiam,
828 4394 909 4448 vel
930 4408 1023 4462 per
1051 4392 1451 4447 crassitudinem
1496 4393 1670 4447 cordis
1711 4395 1844 4448 obli—

376 4526 424 4599 ξ’
449 4526 585 4599 Psal.
611 4528 844 4599 xxx,29.
914 4528 959 4599 ff
988 4526 1357 4599 Luc.‘xtx,_1t_).
1431 4527 1472 4557 ⁹⁷
1497 4527 1680 4582 Matth.
1711 4546 1795 4592 xv,
1818 4530 1909 4584 ‘24.
1982 4532 2027 4563 ⁸³
2055 4529 2367 4599 Psal.cxvrtl
2387 4570 2403 4595 ,
2436 4530 2558 4585 176.
2636 4531 2681 4561 "
2712 4530 2851 4586 Luc.
2886 4539 3000 4599 xv‘,
3058 4540 3121 4596 8.

311 4596 334 4629 ²
357 4592 545 4648 Ezech.
572 4611 752 4655 xxxrv,
784 4597 835 4649 4.
911 4597 929 4627 ³
950 4598 1079 4648 ibid.
1109 4595 1191 4648 16.
1267 4595 1287 4625 ‘
1314 4595 1554 4657 l.uc.xtx,
1592 4599 1677 4650 10.
1748 4601 1768 4630 ⁵
1802 4598 1839 4653 Μ

2016 4613 2099 4656 xv.
2128 4599 2215 4652 21.
2286 4599 2306 4629 “
2322 4592 2473 4651 Jaan.
2490 4599 2726 4660 “11,12.

1948 4408 2063 4465 qua:
2091 4392 2224 4461 legis
2259 4403 2403 4457 sunt,
2436 4412 2455 4445 ι
2497 4396 2698 4464 scripta
2735 4414 2754 4446 ι
2794 4398 3038 4457 videtur
3084 4405 3185 4462 lex
3224 4410 3286 4465 in
3320 4412 3579 4467 cordibus

3251 4547 3270 4577 ¹
3312 4546 3448 4601 ibid.
3487 4548 3575 4602 21.

2807 4602 2891 4665 ’.ι
2921 4606 3067 4660 Cor.
3099 4624 3143 4673 ι,
3170 4612 3269 4667 19.
3352 4616 3377 4647 ³
3406 4617 3577 4670 Exod.

312 4678 424 4725 xxI,
460 4679 589 4715 χιιι.
663 4667 683 4696 ⁸
711 4664 998 4728 llebr.vtu,
1020 4664 1072 4715 5.
1148 4664 1188 4694 ¹⁰
1221 4663 1391 4718 Galat.
1434 4678 1484 4726 v,
1512 4665 1563 4718 5.
1639 4667 1679 4698 ¹¹
1707 4667 1836 4720 Rom

319 4728 408 4751 ΑΙ-
443 4730 583 4751 η..-]
635 4747 703 4751 ..--
753 4733 811 4751 IN
871 4733 933 4751 In
1034 4732 1225 4751 Iln_#-
1280 4747 1315 4751 λ-
1378 4733 1435 4751 19

2007 4666 2134 4719 1-16.
2211 4668 2253 4700 ³³
2281 4665 2413 4722 Tob.
2446 4682 2519 4732 tv,
2551 4668 2636 4720 16.
2713 4669 2755 4700 ⁸⁸
2785 4663 2985 4731 Lévit.
3008 4663 3576 4751 χιιξὸῄξὺθυιίξξιῖξ

317 4728 410 4794 1|;
440 4730 606 4785 Exod.
635 4747 727 4796 xu,
750 4733 833 4796 15,
868 4733 954 4787 19.
1034 4733 1075 4763 "
1099 4732 1251 4785 Rom.
1280 4747 1341 4793 ιι.
1373 4733 1457 4787 13.

402 4844 491 4907 92)
533 4863 553 4896 ε
586 4844 718 4898 Sibi.
756 4863 776 4896 ι
805 4844 858 4897 1η
887 4844 1044 4899 editis
1082 4845 1359 4900 omittitur.

405 4915 493 4980 95)
536 4913 625 4967 Sic
653 4928 753 4966 ms.
788 4912 982 4982 Regius
1012 4928 1156 4967 nunt.
1186 4914 1318 4967 1639
1342 4922 1396 4967 et
1430 4912 1700 4982 Rabanus.
1724 4910 1836 4964 Ca:-

311 4980 411 5035 teri
445 4996 571 5049 vero
610 4996 737 5049 mss.
782 4991 836 5034 et
872 4980 1027 5045 editi,
1060 4999 1080 5033 ι
1113 4996 1233 5034 mna
1270 5001 1288 5032 ι
1330 4997 1426 5049 pro
1452 5000 1469 5031 ι
1508 4980 1774 5049 drachma.
1811 4996 1830 5028 ι

390 5048 499 5117 (94)
532 5066 549 5098 ο
581 5048 753 5119 Magis
762 5063 927 5119 quam
951 5064 1109 5118 super
1127 5065 1191 5104 ea
1210 5049 1300 5119 qui
1334 5048 1437 5104 non
1455 5048 1701 5119 perierat,
1736 5060 1834 5119 nec

315 5115 559 5171 inventus
580 5115 714 5171 est.»
737 5115 860 5170 Hinc
888 5118 940 5170 in
969 5115 1290 5172 auteaeditis
1317 5115 1757 5175 desiderantur.et
1782 5115 1832 5167 in

314 5186 580 5251 plerisque
624 5200 985 5255 mssaneenou
1031 5185 1168 5255 apud
1218 5186 1526 5253 Rabanum,
1559 5185 1650 5239 sed
1676 5183 1832 5236 resti-

319 5261 535 5302 tuuntur
564 5266 628 5304 ex
663 5254 868 5307 duabus
907 5269 1031 5309 mss.

359 5318 496 5396 .(95)
534 5323 619 5377 Sic
654 5326 817 5399 codex
855 5326 1207 5399 Vallis—Clarae
1241 5336 1295 5381 et
1342 5327 1446 5382 duo
1482 5327 1651 5399 Regii.
1692 5327 1840 5399 Saloe

321 5385 509 5465 dianus
544 5404 639 5465 pro
681 5412 697 5441 ι
742 5393 945 5465 fugerat
972 5414 1006 5465 -ι
1047 5395 1173 5464 legit
1214 5385 1619 5465 «suggerat?»
1662 5398 1840 5450 caeteri

322 5452 467 5528 aditi,
502 5472 518 5502 ι
545 5452 852 5528 ΪηεεωιειιΪρ
879 5460 1055 5515 Codex
1090 5452 1215 5515 vero
1252 5452 1586 5518 EliFtiicensis
1624 5473 1679 5519 et
1703 5481 1840 5519 unus

322 5515 536 5599 B“'l‘a'i'us,
582 5539 599 5570 α
635 5515 800 5599 stingui
832 5527 997 5594 ipsam
1026 5530 1315 5599 naturalem
1339 5515 1840 5599 iam—adeptusqu

323 5593 404 5647 rat
440 5584 620 5654 legem.
661 5607 675 5636 ι
709 5584 973 5661 Ιὶίὼειὶιιιε,
1007 5617 1023 5647 ι
1060 5598 1215 5651 etiam
1258 5584 1368 5671 ipse
1414 5584 1702 5656 secundum
1728 5584 1838 5655 uti-

1945 4834 2165 4889 turalem
2204 4834 2309 4899 iam
2346 4833 2520 4887 fuerat
2554 4833 2748 4904 legem.
2789 4856 2809 4888 ι

2009 4906 3042 5003 S9§l.'.‘3-“?‘2?."2§;_3"92_rectius
3105 4929 3354 5003 videtur
3410 4948 3575 5003 quam

1944 4991 1963 5023 ‹
1995 4975 2871 5111 ιέἑὲ)ὺὲῧίέἒίευὲθΐᾶτᾶἷιῐιοῐιῖιῶῗ
2906 4975 3054 5046 mss.
3099 4975 3393 5058 uLEEFEr

1932 5110 2315 5246 ipégrsrimifdiu’
2339 5130 2358 5163 ⁸
2395 5110 2704 5187 θῙι¹⁸¹¹¹δάίὶ
2737 5138 2759 5174 ι
2785 5133 2846 5177 et
2888 5137 3117 5199 postea,
3156 5153 3182 5187 ε
3214 5141 3572 5198 conscientia

2374 5252 2770 5371 cogitationum
2794 5269 3234 5341 accusantium,
3274 5279 3571 5334 autetiam

1938 5469 1959 5503 ι
2002 5383 2682 5524 eam
2706 5399 3111 5475 ιἰεείίοοεειετε
3146 5428 3294 5472 νει-ο
3316 5425 3379 5472 οι

2213 5520 2349 5620 Ἦξῆ
2553 5551 2709 5606 vero,
2742 5543 2813 5600 al.
2847 5561 3244 5620 rurgcremus,
3267 5572 3289 5607 ι
3325 5554 3404 5610 al.
3441 5555 3563 5610 tinr

1938 5604 2198 5659 geremus,
2218 5596 2294 5649 ta]
2331 5612 2355 5651 ι
2382 5592 2813 5672 ίηερηπὰὦυξῐ-
2829 5592 2867 5668 ’-
2882 5592 2935 5604 -ι
2949 5592 3035 5620 ον.
3049 5592 3244 5620 -.-νη
