3836 6208
238 294 340 385 eos

1175 309 1522 384 .COMMENT.
1560 307 1629 362 IN
1667 303 1878 361 EPlST.
1917 303 2006 359 AD
2043 301 2205 358 ROM.
2240 300 2364 354 [ΑΒ.
2400 298 2463 351 ll.

3300 286 3401 342 8M

252 451 437 492 eorum
485 449 515 489 a
548 436 683 501 Deo,
725 452 745 488 α
801 451 903 490 non
952 442 1265 497 atramento,
1302 431 1393 486 scd
1451 428 1650 496 Spiritu
1692 425 1781 479 Dei
1812 425 1857 480 A
1951 422 2035 475 io.
2077 418 2225 472 Nunc
2252 410 2682 489 videamusquod
2711 409 2985 478 sequitur:
3024 422 3043 454 ‹
3086 402 3153 456 Et
3180 402 3315 455 inter
3343 416 3401 454 se

252 528 357 579 vivi
395 526 455 579 ".
492 545 510 578 ι
540 527 692 591 Quod
741 537 914 580 autem
965 526 1110 588 dicit,
1146 541 1164 573 ι
1213 524 1263 575 ἰη
1296 519 1574 582 cordibus,
1614 537 1632 569 ι
1677 533 1781 571 non

252 625 334 671 est
365 617 656 683 putandum
707 615 827 684 quia
864 617 915 668 in
946 613 1179 669 membro
1206 610 1461 679 corporis,
1507 607 1644 675 quod
1692 622 1783 660 cor

254 706 589 774 appellatur,
632 705 717 757 lex
765 706 958 773 scripta
1004 703 1229 757 dicatur.
1275 700 1423 755 Unde
1469 700 1608 754 enim
1656 713 1781 752 caro

253 806 346 850 aut
383 806 558 851 tantos
609 796 904 864 prudentia:
948 809 1134 849 sensus
1178 792 1344 861 possit
1388 791 1651 851 emittere,
1690 798 1783 841 aut

256 896 406 939 tanta
458 886 731 938 memoria:
802 883 1129 952 receptacula
1188 883 1460 937 continere
1512 879 1586 949 (5)
1626 877 1783 932 νεεδ

253 974 529 1029 sciendum
561 984 644 1028 est
687 974 996 1027 rationalem
1025 974 1213 1027 animae
1256 973 1506 1024 virtutem
1556 983 1648 1024 cor
1695 983 1781 1022 so-

252 1067 363 1119 lere
388 1065 681 1118 nominari.
714 1068 890 1134 Atque
923 1064 995 1133 (4)
1024 1063 1320 1118 testimonio
1343 1060 1785 1116 sanae‘conseien-

254 1153 339 1206 tiae
385 1153 461 1205 uti
512 1152 797 1220 Apostolus
847 1152 978 1205 dicit
1013 1166 1124 1216 eos,
1151 1150 1239 1218 qui
1272 1148 1591 1217 descriptam
1618 1147 1786 1201 conti-

248 1251 377 1295 nent
407 1243 462 1294 in
487 1241 742 1295 cordibus
780 1241 972 1309 legem.
1012 1239 1165 1293 Unde
1200 1238 1555 1293 necessarium
1582 1237 1786 1290 videtur

250 1330 541 1398 discutere,
576 1332 703 1400 quid
728 1331 866 1386 istud
891 1331 962 1385 sit
989 1328 1128 1398 quod
1153 1328 1526 1383 conscientiam
1564 1328 1786 1396 Aposto-

250 1423 332 1476 lus
354 1431 515 1475 vocat
541 1440 556 1476 :
586 1431 831 1475 utrumne
851 1420 953 1473 alia
989 1402 1057 1474 sit
1081 1419 1255 1488 aliqua
1286 1416 1599 1480 substantia,
1628 1430 1786 1483 quam

248 1528 364 1578 cor,
401 1512 493 1566 vel
520 1514 719 1566 anima.
759 1511 882 1565 llaec
933 1511 1073 1565 enim
1117 1509 1439 1563 conscientia
1477 1507 1553 1577 (5)
1583 1515 1637 1559 et
1663 1505 1783 1559 alibi

248 1603 471 1668 dicitur,
491 1602 618 1671 quia
644 1603 1013 1670 reprehendat,
1037 1615 1140 1653 non
1164 1597 1594 1665 reprehendatur,
1624 1603 1677 1649 et
1700 1595 1786 1663 ju-

246 1693 389 1747 dicet
426 1692 731 1756 hominem,
755 1705 856 1743 non
902 1690 1012 1757 ipsa
1040 1686 1326 1757 judicetur,
1365 1685 1499 1740 sicut
1530 1683 1605 1737 ait
1629 1681 1785 1736 Joan-

247 1798 386 1843 nes:
428 1800 447 1833 ι
508 1779 567 1835 Si
605 1779 954 1842 conscientia,
985 1797 1003 1829 ι
1040 1778 1247 1846 inquit,
1294 1792 1313 1827 ι
1352 1782 1533 1829 nostra
1572 1771 1648 1841 (6)
1683 1786 1787 1825 non

247 1867 614 1939 reprehendat
643 1884 760 1934 nos,
817 1868 1060 1922 ﬁduciam
1095 1867 1345 1921 habemus
1386 1865 1449 1917 ad
1484 1863 1646 1915 Deum
1668 1861 1729 1914 ’⁸.
1763 1880 1782 1913 ι

249 1957 313 2014 Et
345 1961 547 2015 iterum
588 1960 704 2028 ipse
732 1958 927 2028 Paulus
956 1958 1077 2010 alibi
1123 1956 1252 2010 dicit
1277 1956 1339 2020 ",
1374 1955 1497 2022 quia
1531 1968 1551 2002 ι
1588 1952 1788 2021 gloria-

251 2052 324 2104 tio
350 2061 539 2105 nostra
593 2051 708 2103 haec
753 2056 855 2114 est,
901 2046 1258 2101 testimonium
1292 2042 1632 2098 conscientia:
1691 2056 1789 2094 no-

251 2147 391 2192 straz.
433 2157 454 2190 ι
510 2136 650 2206 Quia
702 2150 833 2202 ergo
873 2143 1072 2188 tantam
1116 2131 1229 2199 ejus
1277 2131 1429 2185 video
1465 2130 1788 2191 libertatem,

250 2242 365 2299 quae
394 2227 445 2280 in
475 2227 636 2280 bonis
678 2226 887 2295 quidem
920 2224 1083 2292 gestis
1110 2222 1333 2290 gaudeat
1359 2234 1590 2289 semper,
1622 2228 1675 2273 et
1699 2233 1792 2273 ex-

250 2316 427 2380 sultet,
462 2316 520 2369 in
562 2313 718 2369 malis
746 2328 874 2367 vero
899 2327 1003 2366 non
1043 2321 1314 2381 arguatur,
1360 2310 1452 2364 sed
1487 2310 1651 2378 ipsam
1686 2308 1794 2362 ani-

254 2420 394 2459 mam
437 2403 529 2459 cui
561 2404 816 2467 cohaeret,
852 2400 1221 2471 reprehendat,
1248 2411 1302 2454 et
1330 2407 1535 2468 arguat,
1564 2397 1793 2452 arbitror

252 2495 390 2563 quod
422 2494 544 2563 ipse
592 2494 663 2548 sit
720 2493 963 2560 spiritus,
995 2492 1085 2560 qui
1135 2491 1200 2545 ab
1246 2489 1497 2559 Aposwlo
1518 2502 1633 2543 esse
1671 2502 1790 2542 cum

253 2587 426 2639 anima
454 2584 682 2647 dicitur,
709 2582 1001 2637 secundum
1027 2582 1166 2650 quod
1195 2581 1245 2634 in
1276 2579 1636 2650 superioribus
1667 2578 1793 2633 edo-

256 2677 479 2742 cuimus,
514 2674 667 2728 velut
724 2673 1038 2742 paedagogus
1088 2672 1136 2726 ei
1184 2672 1398 2741 quidam
1435 2671 1687 2732 sociatus,
1740 2676 1794 2722 et

258 2777 449 2831 rector,
484 2777 549 2819 ut
578 2779 697 2820 eam
732 2767 797 2817 de
828 2762 1140 2817 melioribus
1170 2770 1397 2826 moneat,
1420 2761 1503 2813 vel
1529 2761 1596 2821 de
1628 2760 1795 2828 culpis

258 2858 494 2927 castiget,
522 2862 585 2909 et
611 2861 836 2922 arguat;
864 2852 929 2905 de
959 2866 1065 2920 quo
1085 2860 1139 2905 et
1179 2851 1305 2905 dicit
1330 2850 1636 2919 Apostolus,
1671 2853 1795 2920 quia

259 2967 277 2996 ι
315 2961 469 3000 nemo
494 2944 606 2999 scit
635 2942 908 2997 hominum
940 2955 1056 3009 quae
1100 2949 1223 2993 sunt
1272 2940 1520 3005 hominis,
1548 2941 1649 2995 nisi
1688 2940 1795 3008 spi-

259 3037 388 3090 ritus
420 3034 686 3096 hominis,
714 3032 804 3100 qui
836 3032 888 3084 in
928 3031 1040 3098 ipso
1062 3039 1142 3083 est
1164 3030 1203 3061 ’⁸
1229 3046 1245 3094 ;
1279 3049 1298 3082 ι
1346 3038 1397 3083 et
1427 3030 1537 3098 ipse
1563 3030 1635 3083 sit
1665 3026 1793 3085 con-

256 3127 491 3181 scientia:
514 3123 769 3193 spiritus,
791 3121 855 3175 de
876 3135 981 3187 quo
1022 3119 1148 3173 dicit
1177 3135 1189 3169 :
1237 3135 1254 3168 ι
1293 3118 1408 3187 ipse
1452 3118 1678 3187 Spiritus
1713 3128 1791 3173 te-

254 3217 566 3273 stimonium
596 3212 769 3268 reddit
786 3211 992 3280 spiritui
1016 3220 1196 3264 nostro
1218 3209 1281 3262 ¹⁰.
1298 3227 1316 3260 ι
1349 3208 1563 3262 Etforte
1579 3208 1663 3262 hic
1683 3209 1794 3277 ipse

254 3308 473 3377 spiritus
496 3312 611 3370 est,
644 3303 734 3372 qui
771 3302 1003 3355 cohaeret
1049 3299 1324 3353 animabus
1357 3297 1652 3367 justorum,
1679 3311 1794 3364 qum

259 3399 356 3453 sibi
386 3398 440 3451 in
479 3393 742 3451 omnibus
779 3390 1088 3451 obedientes
1133 3388 1365 3453 fuerint;
1401 3396 1457 3440 et
1503 3387 1629 3447 ideo.
1664 3386 1794 3440 scri-

254 3497 400 3558 ptum
427 3494 551 3541 est:
597 3501 618 3535 ι
672 3480 931 3542 Laudate,
962 3476 1180 3546 spiritus
1210 3484 1264 3528 et
1286 3475 1475 3529 anima:
1498 3474 1785 3542 iustorum,

255 3577 537 3633 Dominum
559 3575 632 3631 ὀ.
669 3590 689 3624 ι
718 3570 775 3625 Si
803 3583 930 3624 vero
965 3566 1273 3621 inobediens
1300 3567 1347 3618 ei
1376 3565 1549 3618 anima
1578 3574 1630 3618 et
1663 3578 1792 3617 con-

257 3676 438 3719 tumax
473 3660 666 3725 fuerit,
691 3657 961 3712 dividetur
982 3656 1049 3708 ab
1077 3667 1139 3707 eo
1169 3661 1286 3722 post
1312 3665 1611 3716 excessum,
1636 3660 1795 3708 etse-

252 3752 550 3822 parabitur.
586 3747 658 3802 Et
681 3755 897 3815 propter
915 3744 1012 3797 hoc
1033 3750 1159 3809 puto
1191 3740 1386 3794 dictum
1409 3754 1523 3794 esse
1548 3740 1600 3792 in
1626 3738 1796 3792 Evan-

255 3838 390 3907 gelio
417 3838 484 3892 de
516 3834 666 3890 malo
687 3831 863 3888 villico
914 3828 1012 3898 (7),
1036 3828 1159 3896 quia
1186 3844 1205 3878 ι
1231 3826 1432 3880 dividet
1459 3841 1578 3881 eum
1616 3826 1795 3880 Domi-

253 3943 372 3993 nus,
388 3934 443 3981 et
466 3934 685 3994 partem
708 3919 821 3987 ejus
846 3932 966 3972 cum
1006 3913 1301 3969 inﬁdelibus
1339 3921 1498 3982 ponet
1525 3914 1591 3965 ".
1628 3930 1646 3962 ι
1680 3911 1797 3980 Ipse

250 4016 498 4072 fortassis
518 4020 606 4068 est
628 4009 869 4080 spiritus,
891 4007 956 4060 de
986 4019 1091 4074 quo
1118 4004 1367 4071 scriptum
1391 4010 1487 4062 est.
1514 4002 1637 4069 quia
1664 4018 1682 4051 ι
1717 4001 1797 4053 in-

251 4102 627 4176 corruptibilis
673 4107 754 4154 est
781 4098 994 4166 spiritus
1035 4096 1087 4149 in
1124 4092 1423 4149 hominibus
1462 4094 1527 4145 ’⁸.
1559 4109 1578 4143 ι
1618 4091 1685 4145 Et
1710 4106 1795 4146 se-

251 4197 486 4263 cundum
519 4208 587 4255 ea
606 4188 727 4260 quae
752 4188 995 4256 superius
1020 4185 1270 4248 diximus,
1307 4183 1430 4253 quia
1463 4182 1710 4238 dividitur
1735 4197 1798 4237 ac

251 4295 536 4355 separatur
564 4281 650 4353 (8)
680 4279 749 4333 ab
776 4278 951 4332 anima
986 4275 1304 4345 peccatrice,
1336 4284 1393 4327 ut
1415 4272 1501 4326 illa
1530 4287 1649 4327 cum
1679 4272 1798 4325 inﬁ-

1882 513 2103 567 invicem
2144 503 2550 573 cogitationibus
2573 498 2965 561 accusantibus,
2996 504 3089 547 aut
3119 492 3277 546 etiam
3308 492 3402 545 de-

1880 597 2211 654 fendentibus
2233 596 2285 648 in
2308 594 2411 656 die,
2437 590 2827 660 cumjndieabit
2848 588 2985 640 Deus
3010 583 3206 636 osculta
3235 581 3404 634 homi-

1880 704 2002 743 num
2032 686 2313 741 secundum
2344 681 2681 749 Evangelium
2710 692 2903 739 meum,
2921 689 3014 742 per
3039 672 3219 727 Jcsum
3250 669 3406 723 Chri-

1881 783 2015 828 stum
2037 773 2101 826 “.
2138 791 2156 824 ι
2196 770 2412 823 Rectum
2454 766 2710 836 judicium
2756 764 2845 817 Dei
2885 777 3000 815 esse
3029 761 3147 828 quis
3176 757 3401 818 dubitet,

1880 863 1968 916 ubi
2016 869 2350 915 accusatores
2375 897 2390 920 ,
2423 867 2479 911 et
2519 855 2824 909 defensores
2870 850 3186 904 adhibentur
3221 855 3274 900 et
3329 854 3406 897 te-

1880 951 2032 1005 stes?
2056 950 2118 1003 Et
2142 949 2353 1017 quidem
2379 946 2444 999 de
2468 946 2572 998 hoc
2593 943 2739 1011 justo
2763 940 2852 994 Dei
2878 938 3076 1007 judicio
3112 950 3208 988 nos
3238 933 3406 989 homi-

1881 1054 1975 1093 nes
2002 1038 2274 1105 capiamus
2298 1033 2615 1102 exemplum,
2652 1045 2747 1083 nec
2778 1037 3020 1097 putemus
3040 1038 3270 1092 unquam
3294 1023 3408 1074 sine

1884 1138 2181 1192 accusante,
2205 1135 2257 1180 et
2298 1124 2629 1184 defendente,
2666 1132 2720 1173 et
2748 1120 2970 1172 testibus
2995 1118 3192 1185 justum
3220 1111 3406 1166 haberi

1881 1231 2034 1286 posse
2067 1215 2333 1283 judicium.
2362 1211 2560 1266 Deinde
2597 1208 2877 1263 videndum
2929 1214 3010 1260 est
3048 1202 3314 1272 quomodo
3350 1200 3406 1253 in

1882 1307 1966 1359 illa
1990 1306 2217 1367 die,cum
2234 1301 2490 1370 iudicabit
2512 1299 2648 1353 Deus
2671 1296 2875 1352 occulta
2900 1296 3188 1354 hominum,
3207 1290 3410 1359 cogita-

1882 1398 2052 1450 tiones
2077 1392 2235 1464 487
2268 1392 2347 1447 vel
2396 1389 2717 1444 accusabunt
2767 1386 3023 1449 animam,
3076 1380 3159 1435 vel
3220 1380 3405 1433 defen-

1882 1486 2026 1545 dent,
2058 1499 2162 1537 non
2197 1483 2379 1550 utique
2409 1480 2513 1534 illae
2542 1476 2889 1546 cogitationes
2916 1487 3035 1542 quae
3062 1483 3189 1526 tunc
3221 1480 3404 1534 erunt,

1880 1576 1974 1629 sed
1998 1576 2111 1629 istae
2143 1587 2263 1641 quae
2299 1584 2439 1625 nunc
2471 1576 2594 1625 sunt
2638 1569 2691 1621 in
2735 1567 2905 1621 nobis.
2957 1564 3085 1617 Cum
3129 1562 3269 1615 enim
3294 1561 3408 1614 sive

1883 1664 2038 1725 bona,
2085 1662 2199 1715 sive
2244 1658 2379 1713 mala
2409 1657 2732 1725 cogitamus,
2773 1653 2917 1707 velut
2948 1651 3000 1704 in
3034 1649 3175 1703 ceris
3201 1647 3298 1719 (9),
3332 1648 3407 1699 ita

1814 1745 1859 1803 Β
1886 1751 1936 1804 in
1961 1750 2119 1806 corde
2142 1757 2322 1803 nostro
2344 1756 2449 1800 tam
2476 1746 2730 1799 bonarum
2759 1757 2916 1811 quam
2976 1740 3232 1793 malarum
3259 1735 3403 1804 cogi-

1888 1843 2145 1897 tationum
2178 1849 2316 1894 noue
2340 1839 2581 1906 quaedam
2626 1846 2680 1890 et
2723 1832 2993 1903 signacula
3024 1830 3408 1896 relinquuntur,

1886 1946 2000 2001 qnze
2024 1932 2074 1984 in
2104 1929 2312 1984 occulto
2337 1942 2479 1982 nunc
2504 1924 2737 1995 pectoris
2766 1924 2954 1992 posita,
2998 1923 3049 1974 in
3075 1919 3164 1972 illa
3189 1919 3275 1972 die
3318 1930 3407 1969 re-

1885 1998 2051 2075 velari
2082 2021 2328 2073 dicuntur
2358 2030 2387 2068 a
2439 2015 2586 2068 nullo
2625 2013 2748 2075 alio,
2795 2010 2895 2064 nisi
2925 2010 2990 2062 ab
3039 2023 3102 2062 eo
3135 1998 3225 2075 qui
3265 2006 3409 2060 solus

1886 2116 2057 2175 potest
2081 2105 2283 2160 occulta
2310 2103 2581 2157 hominum
2629 2102 2766 2155 scire
2794 2116 2808 2153 :
2840 2113 3064 2167 quorum
3114 2098 3407 2166 signorum,

1889 2196 1972 2249 vel
1993 2209 2212 2263 quarum
2242 2201 2481 2245 notarum
2512 2203 2704 2243 causas
2734 2202 2834 2240 non
2864 2187 3029 2239 latere
3056 2185 3218 2238 Deum
3245 2185 3404 2237 etiam

1888 2292 2069 2337 nostra
2096 2279 2419 2336 conscientia
2454 2275 2861 2331 contestabitur.
2915 2273 3062 2338 Quod
3123 2280 3296 2324 tamen
3322 2269 3409 2336 ju-

1888 2374 2100 2438 dicium,
2134 2370 2419 2425 secundum
2451 2366 2795 2432 Evangelium
2821 2362 2968 2416 Pauli
3003 2361 3124 2431 (hoc
3150 2361 3410 2428 est,quod

1890 2461 2084 2515 Paulus
2115 2457 2414 2528 annuntiat)
2444 2471 2538 2526 per
2559 2455 2735 2510 Jesum
2761 2453 3029 2508 Christum
3066 2451 3176 2506 ﬁet.
3205 2470 3223 2502 ι
3253 2450 3411 2503 Pater

1888 2551 2029 2603 enim
2072 2550 2335 2603 neminem
2372 2548 2596 2616 judicat,
2637 2544 2729 2598 sed
2765 2558 2922 2596 omne
2963 2541 3220 2611 judicium
3264 2539 3413 2593 dedit

1890 2637 2022 2691 Filio
2049 2636 2112 2690 ’⁸.
2149 2654 2170 2689 ι
2200 2634 2433 2695 Marcion
2479 2640 2679 2694 tamen,
2727 2639 2781 2683 et
2808 2643 2993 2684 omnes
3046 2627 3135 2697 qui
3187 2626 3412 2681 diversis

1890 2724 2152 2795 ﬁgmentis
2197 2723 2376 2777 varias
2426 2721 2771 2775 introducunt
2811 2718 3104 2771 animarum
3172 2723 3410 2778 naturas,

1890 2815 1990 2868 hoc
2009 2827 2074 2866 ex
2099 2812 2213 2865 loco
2238 2809 2569 2879 apertissime
2616 2806 2975 2868 confutantur,
3017 2819 3136 2858 cum
3176 2819 3205 2856 a
3241 2802 3409 2856 Paulo

1891 2901 2081 2956 dicitur
2120 2899 2165 2931 ’°
2193 2899 2334 2953 Deus
2377 2897 2581 2952 occulta
2619 2895 2893 2950 hominum
2940 2893 3301 2962 judicare.per
3323 2888 3411 2943 Je-

1892 3004 2007 3043 sum
2030 2987 2294 3042 Christum
2339 3001 2355 3037 ε
2392 2995 2446 3039 et
2472 2985 2769 3042 ostenditur
2820 2991 3249 3047 unumquemque
3302 2991 3410 3030 non

1893 3089 2096 3134 natura:
2119 3075 2414 3146 privilegio,
2462 3074 2555 3128 sed
2586 3071 2816 3141 propriis
2865 3067 3274 3137 cogitationibus
3322 3076 3409 3120 ac»

1895 3175 2151 3231 cusatum,
2186 3164 2266 3218 vel
2300 3172 2629 3227 excusatum,
2655 3158 2990 3216 conscientia:
3019 3170 3127 3212 suae
3169 3155 3415 3209 testimo-

1894 3257 1982 3311 nio
1997 3255 2361 3324 iudicandum.

1964 3386 2050 3441 11.
2087 3402 2106 3435 ι
2142 3383 2199 3439 Si
2242 3393 2417 3437 autem
2463 3389 2515 3435 tu
2546 3379 2755 3434 ludens
2783 3376 3195 3448 cognominaris,
3246 3383 3301 3429 et
3326 3389 3414 3429 re—

1896 3470 2121 3540 quiescis
2158 3473 2214 3524 in
2250 3470 2387 3538 lege,
2420 3477 2474 3522 et
2519 3467 2762 3537 gloriaris
2806 3467 2859 3518 in
2888 3465 3018 3528 Deo,
3059 3471 3115 3516 et
3139 3461 3415 3528 cognoscis

1896 3560 2216 3615 voluntatem
2244 3560 2378 3626 ejus,
2414 3565 2469 3612 et
2505 3558 2702 3625 probas
2739 3554 2973 3619 utiliora,
2999 3553 3289 3605 instructus
3317 3563 3414 3615 per

1897 3650 2087 3720 legem,
2107 3658 2162 3703 et
2180 3648 2400 3704 conﬁdis
2417 3655 2466 3700 te
2504 3646 2691 3700 ducem
2756 3657 2869 3697 esse
2925 3654 3201 3701 caecorum,
3236 3639 3414 3691 lumen

1896 3755 2080 3795 eorum
2115 3740 2205 3808 qui
2238 3739 2289 3791 in
2345 3738 2577 3791 tenebris
2603 3742 2745 3800 sunt,
2802 3733 3118 3786 eruditorctn
3157 3729 3415 3795 insipien-

1900 3833 2050 3897 tium,
2092 3830 2402 3898 magistrum
2467 3824 2776 3886 infantium,
2837 3822 3121 3875 habentem
3190 3817 3415 3871 formam

1899 3920 2131 3976 scientiae
2159 3928 2214 3972 et
2238 3915 2479 3972 veritatis
2505 3914 2557 3966 in
2585 3912 2720 3981 lege.
2764 3909 2861 3975 Qui
2890 3922 3015 3963 vero
3050 3909 3206 3961 doces
3233 3904 3415 3967 alium,

1860 4020 1863 4023 '
1898 4010 2122 4077 teipsum
2152 4019 2256 4059 non
2296 4003 2459 4055 doces
2484 4015 2497 4049 :
2526 4000 2618 4067 qui
2662 3997 2917 4067 praedicas
2968 4008 3072 4048 non
3106 3990 3413 4055 furandum,

1897 4098 2095 4151 furaris
2123 4114 2135 4148 :
2168 4094 2257 4163 qui
2312 4092 2443 4145 dicis
2475 4103 2576 4142 non
2628 4084 3020 4148 mmchandum,
3088 4079 3414 4134 muscltaris:

1898 4187 1988 4256 qui
2035 4183 2360 4239 abominaris
2413 4180 2570 4245 idola,
2599 4178 2936 4246 sacrilegium
2972 4172 3296 4228 committis:
3326 4168 3417 4237 qui

1902 4278 1950 4330 in
1982 4276 2092 4344 lege
2118 4271 2388 4342 gloriaris,
2414 4285 2511 4339 per
2545 4266 3036 4338 prmvaricationem
3091 4261 3221 4330 legis
3250 4260 3414 4344 Deum

249 4340 462 4430 delibus
497 4340 744 4436 accipiat
770 4340 1006 4432 partem,
1033 4367 1204 4430 potest
1237 4360 1480 4414 similiter
1517 4359 1599 4413 his
1627 4358 1791 4426 aptari

1888 4340 2210 4420 'dehonor'as.
2240 4361 2442 4415 Nomen
2475 4360 2620 4413 enim
2650 4358 2743 4410 Dei
2770 4371 2862 4425 per
2887 4369 2982 4407 vos
3011 4340 3411 4419 blasphematur

250 4474 304 4517 et
322 4462 455 4517 illud
485 4457 639 4529 quod
668 4456 866 4510 dictum
894 4460 975 4507 cst
999 4467 1015 4504 :
1052 4468 1071 4501 ι
1103 4450 1269 4502 Erunt
1295 4449 1396 4501 duo
1419 4448 1470 4500 in
1494 4461 1638 4515 agro,
1666 4461 1802 4506 unus

252 4560 589 4613 assumetur,
638 4554 693 4600 et
723 4558 862 4599 unus
910 4540 1235 4607 relinquetur
1265 4552 1279 4589 :
1307 4543 1361 4590 et
1407 4536 1523 4588 duae
1568 4535 1635 4588 ad
1690 4548 1803 4588 mo-

251 4648 382 4709 lam,
419 4655 530 4697 una
564 4642 896 4695 assumetur,
939 4637 993 4683 et
1022 4642 1126 4681 una
1167 4614 1582 4694 relinquetur“.
1619 4641 1639 4675 ι
1680 4623 1803 4678 Haec

252 4734 321 4787 de
345 4747 413 4787 eo
441 4728 595 4799 quod
623 4726 885 4793 scriptum
912 4730 994 4776 est
1028 4735 1043 4772 :
1081 4734 1100 4768 ‹
1133 4715 1510 4772 Testimonium
1551 4714 1804 4769 reddente

253 4820 616 4879 conscientia.
665 4834 686 4868 ι

327 4958 421 5012 ’⁸1
457 4955 596 5010 Cor.
640 4966 723 5015 tu,
757 4949 810 5002 5.
885 4948 928 4978 ’⁵
954 4944 1161 5015 I_Joan.
1199 4956 1283 5003 ιιι,
1319 4939 1412 5015 gl.

253 5108 316 5160 ιι,
342 5094 432 5149 16.
509 5091 558 5123 ’⁷
585 5088 717 5143 ibid.
751 5085 817 5139 17
843 5097 958 5152 seq.

325 5207 405 5276 (5)
446 5204 545 5259 Sic
565 5197 993 5276 editinplerique
1031 5201 1100 5276 et‘
1128 5206 1274 5276 mss.
1293 5187 1623 5276 ἀρρί-ςὲξςιιί
1645 5205 1798 5276 _vero

256 5258 403 5330 ms‘s.
422 5258 480 5328 et
508 5269 684 5325 editio
713 5258 930 5327 veneta,
961 5279 981 5313 ι
1017 5268 1106 5330 aut
1143 5268 1282 5312 tanta
1327 5258 1592 5311 memoriae
1645 5272 1795 5312 rece-

258 5328 475 5412 ptacula
528 5333 866 5412 convenire?
888 5350 907 5382 ι
943 5328 1205 5412 ligabimus,
1245 5345 1264 5376 ι
1296 5332 1388 5377 aut
1421 5333 1567 5380 tanto
1599 5341 1799 5380 memo-

261 5396 737 5475 riteireceptaculo
760 5396 1090 5475 convenire?
1120 5414 1139 5446 ι

331 5458 739 5544 ξιδτῖἷιῳιθά-
760 5468 1269 5544 Restituitur‘etf‘mns.
1290 5458 1458 5544 Regio
1491 5460 1795 5544 numjezp,

264 5531 357 5614 qui
394 5531 623 5614 postea
659 5539 813 5614 habet
861 5536 997 5614 sicut
1025 5531 1403 5614 tel‘Rabanus,
1433 5546 1457 5614 ξ
1498 5531 1797 5614 testimonia

265 5595 816 5681 ξιξιᾷφέέρέιβρίωιιὶωλ
842 5622 863 5665 ι
894 5598 1200 5683 etc.‘C.ctcri
1232 5610 1353 5650 mss.
1391 5604 1449 5648 ct
1482 5598 1673 5673 editi“
1711 5595 1795 5662 'lfc-

1494 4940 1532 4970 ¹⁷
1571 4938 1610 4999 ll
1632 4937 1754 4993 Cor.
1782 4954 1819 5003 ι,
1860 4941 1945 5001 12.
2021 4942 2069 4985 ’⁸,
2095 4940 2115 4994 l
2142 4940 2263 5001 Cor.
2293 4955 2351 5003 11,
2387 4940 2473 4993 Η.

253 5026 343 5083 εδ.
399 4991 837 5083 $1135.;in
902 4991 1291 5073 n‘iétifhiii',
1424 5006 1469 5037 υ
1491 4991 1791 5062 inuam

1888 4991 1951 5073 id,
1972 5010 2058 5063 41.
2096 4991 2623 5071 'tii’imiiingtsas.
2687 5004 2733 5035 ’⁸
2764 4991 2914 5056 Joan.
2945 5014 2997 5062 v,
3027 4996 3116 5050 22.
3187 4994 3233 5025 "
3263 4991 3418 5045 Rom.
3501 5064 3513 5075 .

1894 4455 2033 4509 inter
2060 4462 2263 4520 gentes,
2324 4451 2460 4504 sicut
2492 4450 2752 4517 scriptum
2793 4455 2875 4499 est
2909 4446 2974 4496 ’⁷.
3010 4462 3035 4495 ι
3061 4441 3415 4508 Quemadmo-

1898 4545 2021 4597 dum
2051 4544 2103 4596 in
2162 4540 2451 4608 Scripturis
2500 4538 2824 4608 propheticis
2846 4533 3280 4595 observavimus,
3311 4545 3425 4584 non

1898 4634 2067 4690 solum
2114 4633 2338 4688 dicentis
2381 4646 2662 4702 personam
2706 4629 2933 4682 latenter
2977 4633 3029 4679 et
3061 4625 3236 4677 subito
3269 4635 3419 4675 com-

1897 4723 2109 4787 mutari,
2150 4736 2335 4777 verum
2375 4730 2429 4775 et
2472 4734 2654 4773 eorum
2705 4719 2767 4772 ad
2812 4730 2944 4784 quos
2990 4727 3184 4774 sermo,
3239 4710 3324 4763 vel
3356 4711 3429 4764 de

1898 4811 2091 4880 quibus
2125 4824 2300 4866 sermo
2331 4810 2427 4876 ﬁt;
2452 4807 2599 4863 verbi
2636 4806 2831 4875 gratia,
2864 4812 2920 4855 ut
2947 4816 3093 4855 nunc
3146 4813 3213 4852 ex
3240 4797 3421 4851 Patris

2547 4936 2590 4969 ¹⁹
2614 4937 2766 4991 Rom.
2799 4930 3022 4995 vm,16.
3097 4928 3143 4958 ’⁸
3170 4924 3299 4995 Βξιηζ
3332 4940 3419 4989 tu,

1895 5188 2143 5247 stimonio
2169 5196 2299 5247 sane
2334 5180 2693 5247 conscientiae,
2721 5194 2739 5227 ι
2759 5185 2885 5235 etc.,
2914 5168 3111 5247 omisso
3139 5184 3158 5219 ‹
3190 5176 3367 5235 atque.
3393 5182 3421 5227 ri

1987 5238 2461 5309 SlNrConscientia.
2475 5241 2658 5296 rDeest
2682 5238 2733 5296 in
2758 5249 2911 5295 antea
2932 5238 3105 5294 editis.

1987 5311 2041 5378 si
2082 5321 2354 5373 «Nostra.»
2383 5313 2439 5364 In
2470 5314 2629 5366 editis
2657 5311 2936 5364 omittitur.

1966 5381 2041 5459 i7)
2082 5390 2236 5459 sunt,
2267 5402 2286 5434 ι
2312 5381 2518 5459 iudicet;
2563 5397 2582 5430 ι
2617 5381 2771 5432 male.

1968 5442 2041 5528 (8)
2081 5442 2249 5516 Eiliti',
2285 5442 2593 5528 (dividetur
2623 5463 2684 5501 ac
2710 5442 3061 5528 separabttur.
3090 5455 3119 5500 ι,

1974 5514 2047 5600 (9')
2081 5514 2245 5588 Alias,
2280 5540 2296 5571 ι
2334 5516 2540 5571 ueteris
2570 5533 2584 5567 ς
2615 5534 2632 5565 ι
2659 5514 2814 5574 male.
