3836 6232
341 292 445 347 895

1770 276 2083 335 ORIGENIS
2812 312 2839 341 ο

3533 257 3640 312 896

343 420 589 475 persona,
620 415 758 456 nunc
787 415 851 454 ex
893 398 1036 464 Filii,
1073 396 1159 451 vel
1214 397 1448 468 Spiritus
1490 397 1684 460 sancti,
1729 412 1870 451 nunc
1898 404 1943 457 Α
1971 399 2224 465 scriptum
2258 404 2339 449 est
2370 413 2381 447 :
2418 414 2435 445 ι
2468 392 2627 456 Juda,
2679 399 2734 444 te
2791 381 3130 441 laudabunt
3190 376 3439 430 fratres
3499 372 3582 427 tui
3620 387 3635 423 :

342 495 502 547 etiam
531 508 595 545 ex
623 504 845 559 persona
887 489 1183 557 propheta,
1235 498 1330 542 aut
1357 488 1581 541 aliorum
1607 503 1865 554 quorum-

344 585 470 636 libet
502 582 677 648 aliqua
707 580 988 645 dicantur;
1044 589 1102 633 et
1140 592 1284 633 nunc
1314 578 1530 647 quidem
1581 591 1760 632 sermo
1802 576 1867 629 ad

342 671 682 725 lsraeliticam
713 680 944 739 gentem,
977 685 1119 723 nunc
1145 670 1210 723 ad
1241 679 1455 723 exteras
1484 669 1748 731 nationes,
1781 676 1870 719 aut

339 762 407 815 ad
432 776 598 829 reges,
631 769 683 812 et
707 760 771 813 ad
797 761 941 813 mille
964 760 1095 814 alios
1129 761 1423 826 dirigatur:
1459 762 1530 813 ita
1562 760 1689 812 mihi
1720 759 1869 812 vidc-

343 862 428 905 tur
453 853 610 904 etiam
661 851 771 904 lucc
811 851 877 904 ad
925 850 1195 904 Romanos
1222 849 1330 919 (10)
1368 851 1564 917 scripta
1594 863 1709 902 esse
1748 847 1873 914 Epi-

339 940 499 1000 stola.
528 950 585 992 ut
618 940 882 993 interdum
930 949 983 993 et
1017 940 1242 994 dicentis
1263 953 1487 1008 persona
1527 946 1784 999 mutetur,
1818 945 1872 988 et

341 1029 622 1097 aliquando
647 1031 857 1098 quidem
893 1027 1086 1082 Paulus
1114 1028 1404 1097 spiritualis
1436 1028 1706 1095 loquatur,
1735 1024 1875 1079 sicut

340 1120 394 1173 in
452 1119 633 1173 multis
678 1118 925 1187 Epistola:
957 1119 1116 1183 locis;
1176 1117 1462 1185 aliquando
1509 1128 1634 1168 vero
1679 1113 1874 1168 Paulus

335 1209 593 1274 carnalis,
628 1211 791 1274 sicut,
824 1210 970 1264 verbi
999 1209 1190 1278 gratia,
1226 1222 1347 1261 cum
1374 1206 1506 1261 dicit
1534 1221 1549 1257 :
1582 1223 1601 1256 ι
1636 1205 1744 1272 Ego
1773 1219 1869 1256 au-

301 1303 311 1312 '
341 1309 444 1354 tem
471 1300 701 1354 carnalis
741 1315 858 1354 sum
895 1300 1231 1355 venundatus
1280 1297 1380 1352 sub
1418 1304 1637 1365 peccato
1665 1295 1731 1360 ²⁸,
1762 1312 1780 1345 ›
1818 1300 1877 1347 ιιι

338 1393 651 1445 ostendetur
682 1388 814 1461 (ll),
845 1405 964 1444 cum
1005 1391 1070 1442 ad
1098 1389 1269 1456 ipsum
1300 1386 1507 1448 locum,
1538 1384 1767 1438 Domino
1796 1384 1877 1436 di»

341 1483 566 1550 rigente,
627 1481 947 1534 venerimus.
1003 1478 1274 1532 lnterdum
1322 1490 1451 1530 vero
1500 1476 1561 1528 ﬁt
1608 1483 1875 1527 eteorum

342 1585 603 1638 personae,
647 1571 712 1622 ad
752 1583 884 1638 quos
923 1583 1101 1623 sermo
1145 1576 1250 1631 est,
1306 1565 1671 1628 commutatio,
1718 1565 1788 1616 ita
1821 1571 1878 1615 ut

342 1674 483 1713 nunc
513 1660 579 1712 ad
612 1673 821 1712 omnem
868 1658 1227 1711 Romanorum
1274 1656 1485 1708 dicatur
1535 1652 1822 1706 Ecclesium
1857 1667 1870 1703 :

1971 503 2160 543 manus
2194 497 2295 540 tua:
2319 500 2479 553 super
2501 485 2730 537 dorsum
2763 475 3160 532 inimicorum
3210 476 3493 521 tuorum.
3526 466 3635 515 tia-

1968 582 2110 637 tulus
2134 580 2304 635 leonis
2328 579 2462 633 Juda
2497 578 2566 642 ⁸¹,
2604 595 2624 627 ο
2654 582 2713 628 ει
2758 578 3003 632 caetera,
3046 576 3194 633 qua
3242 561 3309 615 in
3364 556 3635 611 Salvato-

1968 688 2079 726 rem
2108 672 2383 727 Dominum
2408 670 2732 738 prophetata
2760 671 2918 718 sunt.
2984 660 3188 729 Igitur
3225 654 3279 708 si
3323 650 3544 705 claruit
3569 650 3637 703 de

1971 762 2283 815 dillereutiis
2332 774 2713 828 personarum,
2771 764 2831 810 et
2876 752 3015 822 quis
3053 763 3207 802 vere
3244 747 3332 800 sit
3380 740 3634 801 Iudaeus.

1969 853 2088 920 quis
2120 861 2294 904 autem
2325 849 2439 904 solo
2484 848 2708 903 nomine
2756 840 3268 913 cognominetur,
3334 834 3639 888 videamus

1971 958 2088 1009 quae
2113 941 2177 995 ad
2206 943 2346 995 hunc
2372 939 2463 1007 qui
2492 954 2553 993 se
2585 935 2759 1004 iactat
2782 946 2912 986 esse
2941 929 3262 989 Judaeum,
3291 931 3357 977 et
3390 938 3507 976 non
3531 930 3637 985 est,

1970 1045 2146 1085 sermo
2191 1029 2519 1098 apostolicus
2568 1027 2736 1081 dicat.
2766 1023 2876 1087 Tu,
2943 1019 3180 1088 inquit,
3254 1014 3365 1085 qui
3408 1011 3638 1068 Iudaeus

1971 1119 2387 1190 cognominaris,
2422 1126 2475 1172 et
2499 1130 2721 1172 omnem
2756 1114 2859 1167 tibi
2898 1110 3187 1180 requiem
3227 1106 3293 1160 in
3354 1103 3508 1171 legis
3558 1101 3640 1154 lit-

1971 1218 2081 1262 tera
2116 1208 2366 1273 collocas,
2394 1216 2449 1262 et
2478 1205 2738 1275 gloriaris
2766 1204 2822 1257 in
2854 1202 2981 1255 Deo
3024 1208 3344 1265 tanquam
3376 1191 3478 1262 qui
3513 1206 3638 1260 por-

1974 1298 2048 1351 tio
2079 1297 2194 1366 ejus
2221 1297 2316 1361 sis,
2341 1306 2394 1351 et
2425 1296 2510 1348 cui
2562 1306 2904 1347 concessum
2936 1289 3019 1344 sit
3067 1286 3241 1342 scire
3274 1283 3638 1337 voluntatem

1973 1383 2086 1449 Dei,
2121 1392 2174 1437 et
2203 1383 2342 1438 velut
2367 1384 2630 1453 probandi
2676 1395 2892 1452 gnarus
2916 1379 3128 1448 jactas
3159 1384 3223 1430 te
3262 1373 3428 1427 scire
3478 1382 3639 1439 posse

1974 1484 2027 1528 et
2064 1476 2372 1530 discernere
2418 1490 2539 1544 qua:
2571 1474 2684 1528 sint
2718 1472 2982 1534 utiliora,
3038 1476 3108 1522 et
3163 1462 3538 1525 differentia,
3568 1460 3639 1512 ita

1975 1575 2032 1618 ut
2081 1580 2186 1618 non
2239 1566 2410 1620 solum
2439 1581 2559 1633 qua:
2590 1566 2705 1618 sint
2760 1564 2913 1617 bona
2947 1562 3144 1623 scias,
3217 1570 3434 1611 verum
3473 1553 3636 1607 etiam

1973 1671 2089 1722 quae
2117 1656 2223 1710 sint
2260 1656 2481 1709 meliora
2505 1654 2677 1726 488
2709 1662 2769 1708 et
2813 1652 3063 1707 utiliora
3100 1651 3456 1709 discernas,
3506 1658 3637 1698 con—

346 1770 364 1801 ι
397 1748 613 1803 Gratias
642 1762 740 1817 ago
790 1747 899 1801 Deo
952 1760 1072 1800 meo
1113 1760 1207 1814 per
1249 1743 1428 1798 Jesum
1464 1743 1730 1797 Christum
1778 1755 1874 1809 pro
1904 1718 1945 1771 Β
1975 1718 2094 1800 tidis
2122 1762 2332 1816 quoque
2361 1747 2506 1815 quod
2528 1718 2861 1813 dux'possis
2897 1758 3038 1796 esse
3071 1753 3391 1796 caecorum
3424 1753 3439 1790 :
3471 1734 3633 1790 nimi-

339 1844 588 1898 ornnihus
632 1843 807 1907 vobis,
859 1842 982 1910 quia
1036 1842 1163 1894 lides
1218 1848 1397 1893 vestra
1447 1838 1791 1891 anuuutiatur
1821 1835 1874 1889 in

343 1935 593 1988 universo
624 1933 821 1986 mundo
846 1933 890 1963 ¹⁹
923 1950 938 1987 :
982 1950 1001 1982 ι
1039 1932 1091 1984 in
1120 1930 1240 1982 aliis
1273 1943 1401 1982 vero
1428 1944 1531 1981 nou
1561 1929 1626 1980 ad
1663 1939 1873 1979 omnem

342 2024 655 2086 Ecolesiam,
690 2024 783 2077 sed
815 2023 880 2075 ad
930 2036 1142 2076 omnem
1194 2022 1282 2087 qui
1333 2019 1539 2087 iudicat
1586 2018 1780 2082 alium,
1821 2023 1876 2069 et

342 2120 455 2187 ipse
484 2117 610 2169 facit
634 2130 695 2169 ea
722 2129 840 2183 quae
876 2114 928 2167 in
957 2113 1078 2167 aliis
1103 2114 1445 2175 condemnat,
1480 2120 1532 2163 et
1556 2120 1640 2164 est
1666 2111 1877 2165 inexcu-

338 2209 545 2264 sabilis.
581 2206 732 2259 Nunc
761 2214 934 2258 autem
965 2218 1134 2271 neque
1162 2203 1227 2255 ad
1259 2201 1570 2265 Ecclesiam,
1613 2214 1781 2267 neque
1810 2199 1875 2252 ad

336 2313 463 2352 eum
492 2296 580 2364 qui
620 2292 910 2361 judicath
950 2306 1126 2346 sermo
1175 2292 1294 2355 hic,
1325 2291 1376 2343 in
1409 2305 1514 2358 quo
1547 2291 1677 2343 dicit
1708 2307 1723 2343 :
1757 2308 1776 2341 ι
1819 2289 1877 2343 Si

346 2398 522 2440 autem
556 2394 606 2438 tu
657 2383 869 2438 Judaeus
910 2382 1323 2450 cognominaris,
1374 2390 1427 2434 et
1488 2380 1776 2448 requiescis
1825 2380 1879 2432 in

345 2478 479 2545 lege,
514 2484 572 2527 et
604 2473 849 2542 gloriaris
896 2472 948 2524 iu
984 2471 1112 2533 Deo,
1162 2480 1215 2523 et
1244 2469 1519 2538 cognoscis
1553 2469 1879 2521 voluntatem

345 2566 483 2632 ejus,
521 2582 539 2613 ι
570 2574 620 2617 ει
642 2573 854 2624 caetera,
883 2575 1049 2628 usque
1085 2559 1150 2612 ad
1194 2574 1315 2612 eum
1345 2560 1514 2612 locum
1546 2576 1559 2611 :
1594 2576 1613 2609 ι
1648 2558 1715 2611 Et
1738 2557 1880 2625 judi-

348 2658 490 2711 cahit
514 2655 651 2724 quod
677 2668 742 2707 ex
776 2661 963 2704 natura
1012 2660 1095 2703 est
1135 2649 1470 2717 praeputium,
1508 2647 1674 2717 legem
1727 2647 1884 2714 perli-

346 2749 511 2808 cieus,
565 2755 639 2807 te,
691 2745 783 2812 qui
832 2758 926 2810 per
985 2742 1253 2805 litteram,
1310 2748 1365 2793 et
1418 2737 1882 2792 circumcisionem

347 2836 724 2907 praevaricator
751 2848 807 2886 es
832 2832 981 2901 legis.
1014 2851 1033 2882 ι
1072 2830 1224 2885 Sicut
1255 2832 1304 2883 in
1343 2828 1631 2897 Scripturis
1655 2827 1885 2895 prophe-

349 2927 468 2979 ticis
497 2924 775 2992 vigilanter
798 2930 1012 2990 oportet
1054 2921 1333 2973 intendere
1359 2932 1480 2972 eum
1523 2917 1615 2985 qui
1662 2918 1773 2968 vult
1799 2915 1884 2967 in-

1974 1853 2092 1890 rum
2120 1852 2184 1890 ex
2216 1836 2319 1890 illis
2338 1852 2395 1891 es
2427 1837 2656 1891 ducibus
2685 1838 2752 1889 de
2776 1834 2999 1901 quibus
3030 1833 3296 1885 dicebat
3324 1827 3632 1882 Dominus:

1979 1946 1998 1978 ι
2028 1928 2164 1981 Caeci
2200 1937 2321 1980 sunt
2343 1928 2506 1981 duces
2536 1939 2837 1980 caecorum.
2871 1923 3099 1978 Caecus
3137 1929 3350 1975 autem
3385 1917 3436 1972 si
3492 1930 3633 1971 caeco

1973 2015 2222 2069 ducatum
2273 2025 2525 2085 praestet,
2582 2016 2747 2069 ambo
2807 2015 2866 2067 in
2925 2014 3186 2066 foveam
3250 2008 3475 2063 eadunt
3500 2005 3569 2071 ³³,
3607 2023 3625 2054 ι

1974 2107 2202 2161 Couﬁdit
2229 2120 2355 2176 ergo
2387 2107 2576 2161 ducem
2599 2120 2659 2160 se
2687 2118 2816 2158 esse
2839 2118 3189 2168 caecorum,
3218 2099 3427 2154 lumen
3450 2110 3631 2151 eorum

1977 2212 2187 2265 quoque
2214 2196 2307 2265 qui
2336 2197 2388 2249 in
2423 2197 2659 2250 tenebris
2686 2205 2839 2249 sunt.
2881 2193 3010 2249 Sed
3043 2204 3111 2248 et
3149 2194 3229 2249 ad
3264 2190 3411 2244 istos
3434 2184 3630 2240 nihilo-

1979 2289 2154 2342 minus
2184 2287 2445 2342 Dominus
2494 2286 2667 2341 dicit:
2699 2303 2719 2337 ι
2762 2285 2825 2339 Si
2878 2295 3097 2338 autem
3170 2284 3315 2350 lux,
3350 2293 3476 2349 qua:
3505 2280 3555 2331 in
3585 2284 3633 2331 te

1978 2388 2079 2441 est,
2106 2378 2336 2432 tenebrae
2362 2384 2506 2443 sunt,
2539 2377 2671 2446 ipsae
2732 2377 3003 2431 tenebrae
3036 2384 3300 2445 quanta:
3331 2379 3468 2429 sunt
3501 2370 3574 2421 “t
3608 2386 3626 2419 ι

1979 2467 2266 2522 Οοιιιίιιιιιιι
2293 2472 2471 2520 tamen
2510 2467 2656 2532 quod
2687 2467 3033 2521 eruditores
3063 2467 3199 2520 sint
3224 2460 3627 2532 insipientium,

1979 2568 2033 2609 et
2057 2554 2291 2622 magistri
2326 2553 2640 2620 infantium,
2673 2564 2962 2620 tanquam
2999 2555 3111 2624 qui
3155 2569 3235 2609 ex
3284 2551 3429 2622 legis
3459 2550 3625 2603 littera

1982 2647 2205 2700 formam
2256 2644 2500 2699 scientia:
2537 2653 2594 2698 et
2642 2646 2915 2700 veritatis
2970 2647 3363 2716 acceperint.
3415 2644 3482 2698 Et
3511 2640 3626 2709 quia

1981 2736 2095 2789 haec
2127 2734 2448 2804 proﬁtentur
2501 2734 2749 2802 quidem,
2804 2750 2927 2788 non
2993 2744 3213 2789 tamen
3248 2749 3390 2789 vere
3434 2740 3625 2795 tenent,

1981 2826 2112 2881 dicit
2156 2826 2223 2880 ad
2262 2840 2365 2892 ,eos
2395 2824 2726 2894 Apostolus:
2769 2843 2789 2874 σ
2828 2824 2950 2891 Qui
3026 2842 3187 2897 ergo
3231 2828 3411 2881 doces
3452 2824 3625 2885 alium,

1985 2903 2208 2987 teipsum
2233 2934 2337 2972 non
2360 2918 2551 2972 doces:
2581 2926 2631 2969 et
2657 2917 2750 2985 qui
2779 2917 3097 2986 praedicas
3131 2934 3252 2973 non
3281 2918 3619 2977 furandum,»

350 3016 696 3084 telligentiam
748 3027 933 3067 eorum
980 3026 1098 3080 quae
1151 3010 1352 3077 scripta
1404 3017 1527 3060 sunt
1560 3020 1772 3072 capere,
1800 3003 1882 3055 vel
1911 3021 1955 3082 ρ
1987 3019 2039 3063 tn
2067 3008 2350 3061 adventum
2380 3017 2435 3061 et
2484 3007 2840 3076 praesentiam
2883 3008 3168 3074 Christi,
3223 3023 3360 3078 qua:
3387 3008 3627 3062 universo

348 3108 661 3169 dicentium,
712 3103 794 3158 vel
835 3103 899 3156 ad
932 3116 1085 3171 quos,
1120 3100 1206 3154 vel
1242 3100 1309 3154 de
1348 3099 1540 3165 quibus
1588 3112 1766 3151 sermo
1799 3098 1880 3159 ιιι,

349 3198 590 3267 personis
642 3194 752 3266 (12)
785 3210 798 3246 :
831 3194 900 3247 ita
955 3207 1095 3246 nunc
1150 3191 1202 3243 iu
1234 3189 1470 3258 Epistola
1520 3191 1585 3240 ad
1617 3187 1885 3240 Romanos

349 3289 611 3357 agendum
639 3286 766 3339 mihi
797 3284 1024 3337 videtur.
1055 3281 1160 3335 Sed
1183 3281 1460 3334 videamus
1484 3277 1592 3345 jam
1621 3292 1738 3346 qua:
1762 3285 1886 3331 sunt

347 3394 469 3447 qua:
495 3378 625 3432 dicit
651 3376 936 3444 Apostolus
960 3375 1026 3427 ad
1058 3387 1177 3427 eum
1210 3371 1300 3441 qui
1343 3371 1753 3439 ceguomiuatur
1788 3367 1885 3421 Ju-

353 3471 517 3527 daeus.
544 3468 745 3522 Primo
789 3480 1017 3534 namque
1054 3465 1153 3518 hoc
1180 3464 1574 3517 observandum
1607 3470 1707 3525 est,
1745 3459 1882 3528 quod

354 3571 459 3611 non
499 3555 629 3608 dixit
672 3555 738 3608 de
783 3568 889 3608 eo:
924 3572 942 3604 ι
979 3551 1032 3605 Si
1073 3560 1250 3605 autem
1282 3559 1335 3603 tu
1379 3569 1398 3601 ι
1422 3548 1635 3604 .ludaeus
1658 3564 1744 3614 es;
1770 3549 1883 3610 sed,

358 3663 379 3695 ι
415 3643 625 3699 Iudaeus
661 3643 1057 3710 cognominaris
1084 3658 1102 3696 :
1136 3661 1157 3693 ι
1189 3641 1312 3709 quia
1345 3654 1448 3694 non
1480 3641 1617 3693 idem
1660 3648 1886 3692 estesse

350 3734 613 3801 Iudicum,
670 3744 724 3790 et
782 3732 1146 3804 cognominari
1194 3730 1456 3785 Judaeum.
1517 3729 1632 3799 Ipse
1688 3729 1885 3782 etenim

355 3827 553 3882 Paulus
588 3827 741 3881 docet
770 3826 821 3879 in
845 3823 1316 3892 consequentibus,
1345 3821 1486 3890 quod
1519 3835 1643 3875 vere
1673 3818 1887 3874 Judmus

354 3922 427 3973 sit
456 3919 542 3972 ille
572 3918 659 3985 qui
691 3936 709 3968 ‹
743 3917 794 3970 iu
820 3916 1028 3971 occulto
1065 3935 1083 3968 ι
1118 3913 1468 3967 circumcisus
1495 3920 1578 3964 est
1599 3909 1884 3963 circumci-

354 4011 506 4065 sione
530 4009 729 4073 cordis,
760 4009 849 4077 qui
882 4026 901 4058 ι
941 4007 1157 4075 spiritu,
1191 4020 1291 4058 non
1333 4005 1505 4056 littera
1545 4021 1563 4053 ι
1598 4003 1765 4072 legem
1794 4017 1891 4054 cu-

357 4102 539 4163 stodit,
571 4120 590 4152 ι
625 4098 780 4166 cujus
804 4099 918 4151 laus
949 4112 1053 4150 non
1088 4111 1157 4150 ex
1190 4094 1514 4156 hominibus,
1556 4093 1648 4146 sed
1678 4107 1743 4145 ex
1778 4093 1890 4146 Deo

357 4200 459 4244 est.
500 4208 521 4242 ι
554 4190 653 4256 Qui
679 4196 854 4241 autem
892 4204 913 4237 ‹
942 4185 994 4239 in
1023 4183 1323 4247 manifesto,
1356 4183 1408 4236 iu
1442 4196 1635 4235 carne)
1664 4181 1892 4235 circum-

360 4281 503 4333 cisus
538 4288 643 4340 est,
675 4278 843 4345 legem
887 4277 955 4330 ad
1005 4276 1107 4328 hoc
1137 4273 1425 4326 observans
1454 4278 1511 4323 ut
1551 4270 1797 4324 videatur
1825 4272 1890 4323 ab

1983 3098 2179 3152 mundo
2219 3097 2438 3163 ell‘ulsit,
2474 3117 2493 3150 ι
2534 3097 2738 3153 furaris
2768 3116 2785 3154 :
2819 3102 2927 3169 qui
2974 3103 3142 3157 dicis
3186 3120 3308 3158 non
3366 3103 3627 3156 mtechan-

1981 3187 2127 3249 dum,
2164 3205 2184 3238 ›
2223 3189 2275 3241 in
2305 3202 2631 3257 synagogam
2666 3190 2861 3259 populi
2906 3192 3030 3246 Dei
3098 3194 3462 3249 adulterium
3492 3206 3627 3246 eom-

1984 3276 2172 3340 mittis,
2198 3292 2503 3332 sermonem
2533 3271 2802 3333 d'octrinte
2845 3297 3135 3348 pravum
3170 3298 3232 3343 et
3268 3285 3624 3344 adulterinum

1982 3368 2030 3422 ei
2060 3368 2420 3435 superducens
2453 3386 2466 3421 :
2495 3377 2550 3421 et
2592 3368 2843 3425 collocas
2885 3387 3037 3428 eam
3075 3393 3221 3433 cum
3263 3381 3408 3449 legis
3465 3381 3625 3433 littera

1983 3476 2099 3530 quae
2142 3455 2274 3513 foris
2321 3467 2425 3524 est,
2471 3472 2593 3512 cum
2651 3459 2948 3526 scriptum
3013 3466 3097 3521 de
3160 3484 3234 3524 ea
3296 3470 3474 3540 legas,
3515 3470 3625 3538 quia

1987 3568 2007 3601 ε
2043 3550 2215 3604 omnis
2252 3547 2416 3617 gloria
2461 3546 2585 3601 lilia:
2635 3548 2785 3618 regis
2836 3551 3242 3615 intrinsecus
3274 3562 3323 3594 ³⁸
3358 3578 3374 3614 :
3437 3581 3456 3612 ι
3492 3570 3544 3614 et
3568 3560 3627 3613 ad

1985 3654 2143 3707 quam
2189 3637 2321 3706 legis
2366 3650 2463 3705 per
2522 3638 2861 3705 prOphetam
2927 3645 3353 3704 nihilominus
3387 3650 3624 3705 dictum:

1989 3750 2009 3782 ί
2041 3728 2153 3783 Nisi
2182 3728 2392 3781 occulte
2414 3726 2719 3790 audieritis,
2756 3729 3040 3797 plorabit
3074 3740 3288 3794 anima
3315 3751 3494 3795 vestra
3516 3739 3579 3794 ⁸⁸.
3609 3757 3626 3788 ι

1986 3819 2087 3887 Qui
2131 3834 2259 3888 ergo
2314 3831 2479 3884 negas
2512 3818 2955 3898 mtechandum,
3000 3835 3138 3882 tam
3200 3847 3387 3903 grave
3438 3824 3633 3888 adulte-

1988 3911 2125 3964 rium
2151 3907 2459 3971 committis,
2492 3917 2553 3962 ut
2582 3909 2984 3967 adulterinum
3034 3932 3294 3976 sensum
3327 3923 3631 3979 ίηιι-οιιυωε

1988 4003 2053 4052 ad
2079 4015 2199 4053 eam
2227 3999 2294 4053 de
2325 3981 2668 4065 qua'dictum
2699 3999 2848 4070 legis
2883 4020 2920 4059 a
2967 4010 3102 4067 Deo
3144 4030 3161 4066 :
3203 4033 3225 4066 ι
3272 4016 3392 4086 Ego
3431 4023 3483 4070 te.
3512 4013 3631 4069 mihi

1987 4085 2322 4155 desponsabo
2347 4087 2401 4139 in
2425 4086 2530 4139 ﬁde
2551 4096 2610 4141 et
2640 4089 3066 4153 misericordia
3108 4101 3187 4157 ³⁷..
3234 4122 3256 4155 ι
3298 4085 3406 4171 Qui
3450 4102 3635 4158 abomi-

1990 4178 2132 4231 naris
2164 4175 2323 4240 idola,
2352 4177 2698 4245 sacrilegium
2726 4186 3096 4255 committis,
3137 4208 3357 4250 verum
3390 4195 3632 4265 templum

1993 4266 2108 4332 Dei,
2158 4267 2298 4334 quod
2341 4274 2424 4320 est
2449 4266 2703 4324 Christus
2745 4270 2949 4340 Iesus,
2987 4280 3262 4341 violans.
3316 4287 3497 4343 Solvis
3532 4284 3633 4355 (l5)

362 4369 697 4431 hominibus,
739 4367 840 4420 iste
880 4381 984 4419 non
1025 4371 1107 4417 est
1156 4376 1318 4425 vere,
1356 4362 1450 4415 sed
1489 4362 1893 4430 cognominatur
1923 4337 1965 4391 θ
1993 4358 2133 4411 enim
2163 4357 2414 4425 templum
2447 4358 2542 4412 Dei
2568 4360 2717 4428 quod
2751 4361 2808 4415 in
2840 4337 3051 4425 tribus
3091 4337 3635 4434 diebusﬁresu'sc‘ita:

361 4455 596 4511 Judaeus.
647 4456 721 4508 De
761 4455 847 4512 his
896 4455 1037 4508 enim
1069 4462 1123 4507 et
1156 4453 1268 4520 ipse
1312 4451 1598 4520 Apostolus
1646 4452 1775 4506 dicit
1800 4453 1889 4508 '°:

369 4563 390 4597 ι
426 4544 612 4600 Videte
653 4543 1111 4598 circumcisionem
1158 4557 1174 4597 :
1227 4556 1324 4595 nos
1375 4542 1515 4596 enim
1561 4556 1744 4595 sumus
1788 4542 1894 4595 cir-

365 4635 642 4700 cumcisio,
668 4634 757 4703 qui
786 4632 980 4701 spiritu
1005 4631 1113 4686 Deo
1145 4631 1427 4685 servimus.
1457 4649 1476 4683 ι
1509 4630 1613 4684 Sed
1640 4639 1694 4684 et
1725 4628 1890 4685 Joan-

366 4739 463 4781 nes
494 4725 547 4779 in
586 4723 898 4793 Apocalypsi
935 4724 1002 4778 de
1025 4722 1339 4791 quibusdam
1380 4722 1452 4776 ita
1478 4720 1611 4775 dicit
1638 4718 1681 4750 ³¹
1710 4739 1722 4774 :
1753 4737 1771 4769 ι
1795 4717 1900 4785 Qui

368 4819 553 4875 dicunt
581 4830 641 4871 se
673 4829 792 4869 esse
826 4812 1061 4877 Judmos,
1101 4820 1155 4865 et
1182 4827 1289 4866 non
1329 4819 1452 4866 sunt
1484 4824 1499 4863 :
1527 4828 1557 4862 -ι
1583 4823 1718 4877 quos
1736 4807 1897 4863 etiam

371 4923 393 4957 ι
428 4905 494 4958 de
540 4917 804 4975 synagoga
839 4902 1069 4967 Satanae,
1102 4919 1122 4953 ι
1157 4915 1277 4956 esse
1322 4900 1655 4969 pronuntiat.
1711 4896 1901 4951 Scieno

369 4992 494 5047 dum
527 5002 703 5047 tamen
730 5002 830 5058 est,
852 4991 994 5061 quod
1024 4993 1125 5047 iste
1148 4992 1239 5060 qui
1268 5008 1287 5041 ι
1319 4991 1371 5045 in
1398 4988 1609 5045 occulto
1648 5007 1668 5041 ι
1695 4995 1749 5041 ει
1779 5001 1902 5041 vere

1998 4458 2107 4539 tum
2129 4456 2211 4504 est
2226 4440 2272 4482 "
2294 4449 2361 4503 iis
2380 4449 2469 4517 qui
2495 4450 2750 4505 credunt.
2790 4454 2913 4510 Sed
2946 4469 3012 4515 et
3041 4465 3150 4532 qui
3177 4482 3249 4522 ex
3289 4470 3416 4539 lege
3440 4479 3494 4523 et
3522 4482 3636 4536 pro-

1995 4538 2170 4607 phetis
2193 4552 2496 4592 sermonem
2526 4539 2814 4596 Christum
2864 4538 3378 4614 pronuntiante“,
3436 4559 3635 4613 [αι-διαι-

1995 4637 2050 4730 et
2090 4627 2363 4730 occultata
2393 4641 2461 4730 ne
2516 4633 2756 4699 populus
2785 4638 3004 4695 audiat
3030 4653 3095 4698 et
3143 4652 3385 4716 credat,
3426 4650 3637 4706 sacrile-

1996 4719 2139 4790 gium
2171 4719 2480 4785 committit,
2507 4730 2564 4774 et
2598 4737 2734 4779 vere
2774 4726 2879 4782 Dei
2918 4736 3217 4804 templum
3259 4745 3466 4800 violat.
3502 4742 3634 4797 Idem

1998 4823 2207 4906 quoque
2234 4808 2324 4906 hic
2347 4811 2439 4906 qui
2471 4815 2913 4906 cognominatur
2947 4824 3195 4885 Judaaus
3216 4873 3234 4899 ,
3272 4845 3347 4890 et
3378 4835 3636 4906 gloriatur

2000 4900 2053 4953 in
2083 4900 2261 4954 littera
2289 4898 2447 4997 Legis
2476 4902 2682 4997 Moysi,
2719 4917 3154 4979 praevaricator
3177 4898 3639 4997 Legis'arguitur

2000 5001 2258 5087 curn'non
2303 4992 2478 5087 credit
2504 4994 2759 5087 (lhristo.
2808 5003 2875 5059 Si
2929 5010 3092 5066 enim
3124 4992 3412 5074 crederet
3461 4992 3639 5087 iloysi,

370 5081 586 5178 Judaaus
622 5095 724 5148 est,
754 5084 940 5178 abillo
966 5082 1097 5178 ludit
1134 5079 1680 5178 vocabulum-malim,
1707 5078 1775 5133 de
1797 5094 1904 5178 quo
1930 5165 1961 5178 _
2002 5079 2249 5178 crederet
2294 5080 2481 5149 utique
2528 5083 2689 5148 huic,
2743 5091 2820 5146 de
2872 5111 2990 5166 quo
3052 5100 3283 5174 Moyses
3324 5078 3637 5178 scripsit}.

444 5170 489 5201 ³⁸
512 5170 664 5247 item;
693 5184 788 5247 vn,
825 5169 909 5222 M.
963 5171 1026 5247 ξ]
1053 5169 1272 5247 Roma},
1430 5166 1474 5198 ³⁰
1503 5166 1695 5247 Philip.
1739 5165 1898 5247 tu,_2,
1930 5165 1959 5219 Ξ

1544 5166 1695 5247 ιιῖιξρ.
1739 5165 1898 5247 n-I,_2,
1930 5165 1984 5221 3.
2057 5166 2098 5197 ³¹
2134 5168 2483 5247 Apoc.m_,_91
2555 5174 2599 5205 "
2636 5175 2790 5237 Gen.
2835 5165 3059 5247 xmx.8

1128 5238 1173 5269 "
1202 5235 1342 5292 Psal.
1388 5251 1533 5301 xuv,
1582 5232 1668 5291 ﬂ.
1744 5233 1789 5265 "
1810 5232 2006 5288 Jerem.
2046 5232 2300 5302 xm,'l7.
2374 5239 2416 5270 ³¹¹
2445 5240 2614 5309 Osee,

1507 5254 1533 5301 ι,
1582 5232 1668 5291 η,
1744 5233 1789 5265 ³⁵
1810 5232 2006 5288 Jerem.
2046 5232 2300 5302 xm,'l7.
2374 5239 2416 5270 "
2445 5240 2614 5309 Osee,
2659 5232 3022 5325 ιιξξθῗῖἀ.

378 5237 487 5305 ιι.-
542 5239 587 5269 ³⁸
616 5236 804 5292 Matth.
853 5253 923 5305 v1,
961 5239 1051 5295 25.

376 5303 421 5345 ³⁸
460 5303 612 5358 Joan.
649 5320 702 5371 ν,
733 5308 824 5361 46.

3065 5233 3084 5263 .
3114 5193 3172 5249 9-
3238 5194 3311 5263 7"
3343 5198 3534 5253 Matth.
3558 5212 3638 5257 xv,

3124 5265 3173 5297 ⁸⁸
3222 5262 3401 5326 lout.
3457 5284 3519 5334 η,
3559 5264 3636 5323 l9.

456 5398 567 5463 (10)
590 5400 678 5451 Sic
710 5414 895 5456 omnes
936 5420 1065 5461 mss.
1118 5398 1259 5456 Editi
1300 5413 1447 5461 vero,
1479 5416 1498 5449 ‹
1523 5403 1631 5452 hoc
1659 5396 1815 5448 modo
1845 5370 1911 5447 ad
2015 5399 2400 5477 ms’s._et_editi,
2429 5415 2782 5477 «personis.
2820 5443 2844 5477 ι

384 5463 666 5523 Burrianos.
700 5486 719 5517 ι

455 5531 563 5600 (11)
594 5533 671 5600 lla
699 5549 827 5590 mss.
862 5540 996 5600 Editi
1025 5557 1175 5600 vero.
1207 5555 1226 5586 α
1263 5535 1622 5590 ostendemus.
1657 5550 1676 5583 ι

456 5596 566 5675 (12)
589 5599 684 5655 Ms.
714 5600 903 5681 Regius
936 5596 1084 5676 ἠιὼίῇ
1096 5596 1276 5669 1659,
1309 5623 1327 5654 ι
1357 5617 1633 5675 personas.
1664 5619 1683 5652 ι
1714 5597 1906 5655 Cazteri

2010 5544 2064 5588 οι
2084 5463 2294 5602 ἓίῇζίξιῗ
2327 5463 2681 5607 ’ξείνξξῗξίῖε
2719 5463 2893 5555 nunt.
2928 5501 3098 5562 1639.
3125 5505 3324 5562 Crateri
3352 5519 3486 5560 vero
3513 5514 3633 5556 mss.
