3836 6250
257 273 406 366 θυι

1257 311 1601 368 COMMENT.
1636 310 1702 366 IN
1739 311 1948 367 EPIST.
1984 312 2072 364 AD
2110 314 2272 369 ROM.
2314 315 2440 368 LIB.
2477 314 2538 368 ll.

3369 323 3474 378 898

301 409 548 478 Vropter
570 407 710 468 istos
745 431 880 489 ergo
911 425 1042 478 tales
1075 425 1163 493 qui
1195 426 1440 480 dicuntur
1465 427 1651 494 Judaei,
1673 438 1728 482 et
1750 445 1852 483 non
1879 430 1928 485 Δ
1954 441 2040 480 res
2081 427 2193 495 (l7)
2228 443 2286 482 se
2314 444 2431 484 esse
2457 444 2737 493 caecorum,
2786 444 2840 485 et
2881 415 3161 502 magistros
3189 435 3471 491 infantium

321 507 468 560 sunt,
503 515 694 557 nomen
737 504 830 560 Dei
879 511 1271 579 blasphematur
1311 515 1451 566 inter
1485 526 1692 582 gentes,
1749 533 1853 569 non

321 595 500 644 solum
526 607 624 662 pro
645 597 897 662 operibus
918 616 1098 654 eorum
1124 604 1386 670 pessimis,
1425 608 1516 658 sed
1559 616 1613 660 et
1643 619 1856 674 propter

319 683 582 737 humilem
625 695 680 738 et
714 686 970 751 dejectam
1017 692 1436 759 intelligentiam,
1475 710 1631 761 quam
1663 697 1856 750 habent

318 774 374 824 in
415 774 532 838 lege
560 784 614 828 et
668 779 962 844 prophetis.
1018 781 1252 834 Ridicula
1279 777 1503 851 namque
1543 787 1700 837 etiam
1728 786 1854 853 ipsis

315 867 578 932 gentibus
630 867 784 929 ﬁunt,
820 882 938 920 cum
981 869 1133 937 Legis
1173 872 1401 924 litteram
1451 884 1734 942 sequentes
1765 878 1851 928 di-

314 964 450 1008 cunt
479 956 592 1022 (ll)
621 972 633 1006 :
669 975 690 1008 ι
728 956 806 1008 Ne
859 960 1112 1029 tetigeris,
1133 944 1207 1019 “ne
1233 967 1545 1032 gustaveris,
1583 983 1648 1022 ne
1669 980 1850 1022 conta-

316 1047 620 1100 minaveris
648 1067 661 1102 :
693 1066 810 1117 quas
854 1063 974 1104 sunt
1020 1057 1196 1108 omnia
1242 1059 1292 1109 in
1328 1061 1713 1128 corruptionem
1768 1076 1850 1112 se-

313 1139 554 1189 cundum
590 1142 836 1192 mandata
860 1152 912 1194 et
942 1144 1207 1198 doctrinas
1231 1147 1494 1200 hominum
1515 1149 1578 1204 ".
1611 1169 1629 1200 ι
1656 1151 1848 1204 Verum

312 1227 431 1281 hsce
487 1229 777 1294 Apostolus
828 1233 1041 1299 quidem
1086 1236 1152 1287 ad
1197 1251 1314 1288 eum
1346 1239 1433 1305 qui
1468 1241 1710 1299 nomine,
1744 1256 1846 1292 non

307 1331 479 1382 opere
506 1317 724 1375 Iudaeus
761 1330 859 1382 est,
900 1323 1058 1385 dicit;
1095 1326 1359 1391 pertinere
1392 1339 1564 1380 tamen
1593 1331 1752 1382 etiam
1781 1333 1844 1384 ad

308 1423 532 1460 omnem
579 1410 845 1463 hominem
897 1423 1141 1478 possunt,
1182 1414 1233 1466 in
1276 1431 1379 1481 quo
1411 1432 1600 1470 nomen
1642 1427 1844 1473 tantum

308 1498 598 1564 religionis
634 1507 689 1552 et
720 1501 930 1568 pietatis
957 1509 1058 1563 est,
1083 1517 1238 1570 opera
1268 1513 1462 1570 autem,
1510 1516 1562 1560 et
1607 1507 1842 1572 scientia,

305 1596 362 1639 et
402 1589 538 1641 ﬁdes
567 1589 738 1641 deest.
786 1589 850 1642 Et
895 1589 1010 1643 ideo
1041 1591 1238 1658 majore
1284 1608 1411 1645 cura
1461 1596 1572 1648 hac
1614 1597 1666 1648 in
1697 1599 1844 1651 nobis

303 1678 446 1744 ipsis
471 1693 632 1746 quam
666 1679 716 1731 in
741 1680 822 1733 his
851 1681 937 1749 qui
962 1682 1025 1734 ad
1055 1681 1206 1735 ﬁdem
1237 1682 1436 1738 Christi
1468 1702 1572 1738 non
1604 1688 1819 1740 veniunt

303 1769 582 1822 discutere
611 1770 885 1833 debemus,
921 1787 985 1825 ne
1010 1773 1128 1838 quis
1160 1783 1396 1827 nostrum
1427 1776 1514 1843 qui
1554 1792 1649 1844 per
1682 1777 1840 1830 ﬁdem

302 1858 512 1911 Christi
536 1869 590 1911 ct
613 1860 1065 1914 circumcisionem
1092 1863 1142 1914 in
1181 1865 1442 1931 baptismo
1467 1867 1642 1919 datam
1682 1882 1839 1922 verus

300 1945 527 2000 Judaeus
575 1947 798 2001 effectus
826 1959 926 2010 est,
965 1951 1090 2004 etin
1140 1953 1252 2020 lege
1297 1951 1492 2006 Christi
1535 1956 1836 2022 requiescit,

299 2035 575 2101 gloriatur
607 2051 818 2104 quoque
845 2053 901 2090 se
932 2039 1187 2091 idolorum
1220 2056 1399 2095 errore
1427 2043 1643 2109 depulso
1675 2061 1839 2112 agno-

296 2125 456 2176 visse
483 2125 670 2189 Deum,
709 2135 758 2178 ct
786 2126 898 2194 ejus
921 2128 1018 2180 sibi
1049 2129 1340 2183 innotuisse
1364 2131 1684 2186 voluntatem
1715 2135 1838 2199 (scit

294 2215 451 2267 enim
482 2217 712 2278 probare
737 2218 874 2282 quod
897 2216 1113 2280 bonum,
1141 2227 1193 2270 et
1218 2221 1599 2287 beneplacitum
1648 2233 1747 2283 est,
1783 2232 1835 2276 et

294 2302 602 2369 perfectum
629 2302 696 2366 “,
724 2312 776 2355 et
799 2318 862 2357 eo
889 2320 1056 2372 usque
1085 2308 1336 2372 pervenit,
1370 2316 1429 2359 ut
1452 2310 1614 2361 etiam
1648 2311 1752 2363 dux
1784 2320 1836 2364 et

292 2393 493 2445 doctor
524 2391 777 2446 Ecclesiae
804 2395 958 2446 sitad
996 2394 1366 2450 illuminandos
1401 2397 1506 2467 (l5)
1535 2415 1626 2452 eos
1661 2402 1749 2468 qui
1782 2402 1832 2453 in

293 2481 534 2534 scientia
589 2483 714 2535 caeci
767 2494 926 2546 sunt,
983 2493 1037 2536 et
1093 2486 1432 2540 instruendus
1480 2490 1728 2555 parvulos
1781 2493 1829 2544 in

291 2571 582 2640 Christo):
613 2587 682 2623 ne
733 2572 801 2632 is,
854 2573 1084 2640 inquam,
1139 2575 1259 2627 talis
1310 2575 1441 2628 alios
1470 2577 1680 2644 quidem
1711 2580 1834 2631 velit

288 2661 501 2714 (locere
530 2660 848 2725 districtius,
883 2670 935 2712 et
971 2663 1035 2713 de
1067 2662 1147 2715 his
1172 2679 1307 2731 quos
1337 2665 1547 2718 instruit
1571 2681 1830 2720 summam

291 2750 642 2814 disciplinam
674 2750 935 2802 castitatis
963 2752 1174 2818 exigere
1199 2752 1330 2822 (l6),
1367 2753 1478 2821 ipse
1505 2769 1630 2808 vero
1654 2757 1836 2808 intem-

291 2842 560 2909 perantia:
583 2841 714 2893 vitio
739 2849 794 2893 et
817 2842 1124 2909 cupiditatis
1151 2851 1419 2909 urgeatur,
1461 2860 1828 2914 nonnunquam

297 2935 463 2987 etiam
499 2933 730 2988 ﬂammis
773 2934 992 2986 occultat
1022 2934 1254 2986 libidinis
1282 2943 1488 2988 aestuet.
1526 2937 1604 2989 Ad
1645 2938 1830 3005 hujus-

1826 1727 1840 1750 ’
1874 1731 1914 1784 Β

1952 517 2286 584 profitentur,
2314 523 2597 586 probantes
2620 521 2828 574 utiliora
2854 537 2968 588 qua:
3022 523 3186 577 latere
3211 525 3278 577 ab
3303 529 3471 581 eccle-

1951 607 2179 660 siasticis
2221 607 2419 660 dicunt.
2464 605 2565 660 Sed
2604 609 2686 659 isti
2714 611 2979 677 i’quoniam
3026 613 3266 665 furantur
3307 618 3463 670 verba

1953 696 2064 756 Dei,
2117 705 2170 749 et
2233 697 2550 750 intellectum
2615 714 2794 751 eorum
2842 715 3088 766 perversa
3146 706 3471 768 expositione

1949 786 2261 852 subripiunt,
2289 797 2340 839 et
2367 787 2718 840 adulterinum
2753 790 2868 841 ﬁdei
2894 806 3102 843 sensum
3127 795 3190 844 ad
3221 809 3466 860 sponsam

1949 875 2142 929 Christi
2171 876 2458 930 Ecclesium
2499 877 2549 929 in
2580 879 2752 944 regios
2782 879 3044 934 thalamos
3072 882 3348 948 inducunt,
3379 903 3464 938 re-

1948 972 2031 1017 cte
2076 965 2138 1016 ad
2173 980 2264 1018 eos
2296 964 2404 1034 (l8)
2451 966 2686 1018 dicitur:
2722 984 2739 1014 ι
2778 967 2874 1028 Qui
2914 971 3169 1035 prmdicas
3233 989 3334 1025 non
3381 973 3465 1026 fu-

1950 1052 2192 1117 randum,
2222 1052 2446 1118 furaris;
2479 1055 2566 1120 qui
2619 1055 2750 1108 dicis
2776 1071 2875 1108 non
2906 1060 3294 1121 moechandum,
3330 1078 3464 1114 mte-

1948 1138 2156 1202 charis;
2221 1149 2275 1192 et
2319 1142 2408 1208 qui
2456 1159 2475 1192 ι
2525 1144 2896 1196 abominantur
2945 1164 2962 1194 ι
3012 1146 3177 1212 idola,
3249 1150 3465 1201 sacrile-

1947 1228 2086 1293 gium
2147 1247 2165 1277 ι
2226 1231 2592 1293 committunt,
2669 1234 2894 1300 pretiosa
2949 1250 3071 1288 vasa
3127 1239 3188 1290 de
3271 1239 3465 1306 templo

1946 1318 2076 1380 Dei,
2135 1319 2336 1380 idest,
2391 1334 2526 1372 verae
2576 1321 2692 1373 fidei
2750 1324 3064 1388 margaritas
3096 1327 3157 1377 de
3218 1326 3462 1394 Scriptu-

1946 1407 2020 1459 ris
2084 1408 2282 1461 sanctis
2350 1407 2622 1462 furantes:
2669 1425 2759 1475 per
2797 1427 2928 1478 quos
2975 1423 3028 1465 et
3063 1431 3080 1460 ι
3119 1429 3312 1469 nomen
3367 1419 3459 1472 Dei

1943 1499 2332 1565 blasphematur
2388 1503 2524 1554 inter
2575 1511 2773 1570 gentes,
2813 1522 2831 1556 ι
2879 1507 3001 1558 dum
3049 1517 3190 1560 casta
3251 1521 3303 1563 et
3363 1513 3466 1565 ho-

1944 1593 2091 1637 nesta
2167 1583 2418 1640 Ecclesiae
2495 1588 2734 1655 dogmata
2805 1595 3072 1661 corruptis
3149 1611 3208 1650 ac
3278 1601 3456 1665 turpi-

1941 1671 2038 1724 bus
2097 1675 2361 1727 macnlant
2441 1678 2581 1748 (19)
2643 1680 2900 1733 haeretica:
2962 1686 3239 1750 pravitatis
3307 1703 3458 1743 erro-

1942 1759 2103 1812 ribus.
2135 1761 2298 1830 489
2334 1764 2405 1815 Ex
2443 1764 2544 1816 illis
2574 1768 2711 1818 enim
2751 1779 2804 1821 et
2852 1768 3194 1838 infanticidii,
3221 1785 3273 1826 et
3306 1775 3454 1829 ince-

1939 1849 2026 1910 sti,
2085 1863 2504 1920 caaterorumqne
2552 1856 2798 1910 similium
2850 1859 3102 1913 scelerum
3153 1865 3339 1929 probra
3388 1870 3456 1919 ad

1942 1939 2193 1994 invidiam
2229 1956 2424 1998 sanctae
2453 1947 2717 2015 religionis
2752 1960 2937 2002 exorta
2983 1964 3123 2004 snnl.
3165 1953 3449 2009 Sciendum

1941 2040 2114 2084 tamen
2159 2043 2260 2092 est,
2310 2035 2422 2087 hzec
2454 2038 2759 2104 Apostolum
2806 2055 2900 2107 per
2929 2041 3149 2095 ironiam
3180 2047 3356 2099 dicere
3385 2047 3456 2102 ad

1932 2117 2158 2173 Iudaeos.
2205 2121 2385 2190 Neque
2417 2127 2556 2177 enim
2605 2128 2693 2195 qui
2740 2145 2863 2182 vere
2898 2133 3180 2197 requiescit
3209 2137 3258 2187 in
3288 2135 3451 2204 Lege,

1935 2220 1984 2263 et
2005 2211 2257 2279 gloriatur
2305 2214 2355 2264 in
2404 2213 2533 2275 Deo,
2579 2224 2632 2266 et
2666 2219 2855 2282 probat
2903 2220 3136 2285 utiliora,
3186 2224 3295 2276 lucc
3335 2239 3456 2292 qua:

1934 2312 2236 2356 enumerata
2268 2313 2390 2355 sunt
2422 2304 2597 2359 facere
2622 2308 2913 2362 credendus
2935 2320 3035 2362 est.
3066 2311 3448 2367 Testimonium

1933 2405 2056 2442 sane
2094 2393 2235 2459 quod
2265 2393 2457 2458 posuit,
2509 2394 2558 2446 id
2600 2405 2702 2458 est,
2762 2414 2780 2446 ι
2817 2396 3013 2450 Nomen
3059 2400 3198 2452 cnim
3231 2403 3319 2455 Dei
3359 2421 3451 2471 per

1932 2495 2026 2532 vos
2051 2481 2446 2549 blasphematur
2485 2483 2620 2536 inter
2648 2494 2850 2553 gentes,
2877 2505 2894 2536 ι
2921 2488 2985 2540 de
3021 2487 3154 2541 Isaia
3181 2501 3446 2558 sumptum

1931 2579 2012 2622 est
2031 2569 2094 2620 “.

2007 2658 2091 2710 12.
2129 2676 2148 2709 ι
2175 2657 2518 2711 Circumcisio
2553 2658 2764 2725 quidem
2791 2661 3026 2726 prodest,
3061 2663 3103 2715 si
3156 2663 3324 2730 legem
3353 2683 3450 2719 cn-

1931 2749 2131 2802 stodias
2163 2766 2175 2801 :
2219 2748 2259 2801 si
2293 2759 2467 2802 autem
2496 2749 2874 2816 praevaricator
2915 2750 3045 2818 legis
3084 2753 3174 2812 sis,
3216 2755 3448 2806 circum—

1929 2840 2059 2891 cisio
2114 2847 2200 2891 tua
2235 2840 2546 2906 praeputium
2577 2843 2714 2894 facta
2738 2849 2836 2893 est.
2862 2841 2917 2894 Si
2949 2843 3108 2909 igitur
3134 2845 3446 2910 praeputium

1927 2927 2162 2994 justitias
2214 2929 2345 2996 legis
2397 2931 2680 2992 custodiat,
2724 2946 2898 2984 nonne
2949 2933 3256 3000 prmputium
3307 2933 3447 2988 illius

300 3027 444 3079 modi
473 3040 605 3094 ergo
628 3025 896 3078 hominem
943 3023 1258 3092 apostolicus
1285 3025 1370 3077 hic
1418 3041 1592 3080 sermo
1618 3041 1830 3096 compe-
1856 3025 1896 3078 C
1933 3018 1980 3068 in
2005 3019 2464 3072 circumcisionem
2497 3019 2853 3087 reputabitur,
2879 3029 2931 3072 et
2953 3021 3208 3088 judicabit
3235 3022 3284 3072 id
3308 3025 3444 3088 quod

299 3125 478 3169 tenter
519 3125 753 3185 aptatur,
801 3115 982 3169 dicens
1019 3118 1067 3169 ei
1107 3131 1172 3168 τι
1209 3115 1285 3168 Τιι
1316 3117 1400 3183 qui
1451 3118 1607 3170 doces
1647 3118 1828 3181 alium,

299 3209 528 3274 teipsnm
582 3223 689 3260 non
721 3207 880 3259 dores
909 3221 922 3254 :
956 3207 1042 3273 qui
1077 3206 1330 3274 przedicas
1370 3221 1470 3258 non
1530 3205 1826 3268 furandum,

298 3299 531 3362 furaris;
568 3297 659 3365 qui
697 3296 831 3350 dicis
867 3312 970 3348 nun
1003 3297 1398 3358 mmcbandum,
1459 3297 1761 3350 mmcharis.
1806 3314 1825 3346 ι

297 3389 449 3453 Quod
482 3389 526 3443 si
557 3391 743 3451 etiam,
771 3399 825 3440 ut
853 3404 1226 3457 nonnunquam
1275 3388 1387 3440 ﬁeri
1417 3387 1572 3451 solet,
1610 3403 1827 3441 munera

296 3479 474 3533 oblata
501 3481 635 3542 Deo,
670 3489 723 3532 et
750 3480 934 3546 Stipem
969 3479 1019 3531 in
1060 3494 1183 3531 usus
1210 3493 1497 3545 pauperum
1531 3479 1728 3541 datam,
1763 3481 1826 3531 ad

297 3571 513 3638 propria
544 3569 695 3622 lucra
741 3570 1086 3630 converterit,
1136 3578 1279 3620 recte
1323 3567 1368 3619 ei
1402 3567 1596 3620 dicitur
1627 3583 1640 3618 :
1675 3587 1692 3618 ι
1729 3568 1826 3633 Qui

297 3661 626 3714 abominaris
647 3659 809 3720 idola,
835 3658 1166 3726 sacrilegium
1197 3656 1347 3710 facis.
1380 3675 1399 3708 ›
1426 3657 1481 3710 Si
1515 3672 1641 3712 vero
1665 3658 1824 3711 etiam

299 3757 478 3816 aperta
509 3749 752 3802 incurrat
778 3748 1078 3814 Opprobria,
1106 3755 1158 3799 et
1179 3747 1242 3799 de
1262 3747 1481 3799 avaritia
1508 3745 1639 3810 ejus,
1669 3756 1827 3815 atque

299 3838 498 3905 iniquis
523 3837 768 3906 judiciis,
792 3844 845 3889 et
875 3835 1176 3888 temulentia
1208 3835 1474 3904 publicam
1515 3834 1622 3901 jam
1654 3845 1828 3890 teneat

300 3940 500 3992 notam,
540 3928 900 3982 dehonoratur
939 3927 1075 3980 Deus
1117 3927 1168 3979 in
1204 3926 1407 3980 actibus
1436 3927 1550 3994 ejus
1582 3945 1594 3979 :
1623 3937 1676 3980 et
1706 3943 1825 3980 cum

296 4017 482 4071 doctor
511 4017 765 4071 Ecclesiae
789 4016 910 4070 talis
929 4031 1047 4069 esse
1069 4016 1272 4084 populis
1295 4017 1602 4079 innotuerit,
1633 4032 1822 4070 nomen

297 4108 387 4160 Dei
413 4108 820 4174 blasphematur
849 4105 899 4158 in
935 4106 1202 4174 gentibus.
1225 4106 1368 4160 Certi
1393 4116 1517 4160 sunt
1545 4108 1682 4160 enim
1712 4123 1823 4160 ma-

296 4199 460 4264 gistro
493 4196 696 4252 similes
729 4209 848 4249 esse
879 4194 1184 4262 discipulos.
1216 4195 1447 4249 Possunt
1496 4204 1669 4248 tamen
1707 4196 1818 4249 haec

295 4288 477 4340 eadem
509 4288 669 4339 tertio
720 4285 835 4337 loco
877 4283 1033 4337 etiam
1081 4283 1344 4338 haereticis
1389 4285 1577 4352 aptari.
1614 4285 1680 4338 Et
1720 4284 1817 4351 ipsi

297 4378 436 4430 enim
465 4376 914 4442 cognominantur
938 4374 1244 4434 Christiani,
1279 4384 1331 4428 et
1371 4375 1604 4428 nonnulli
1633 4391 1815 4428 eorum

295 4470 450 4520 etiam
492 4465 684 4534 Legem
736 4474 970 4525 tenuere,
1014 4477 1107 4530 per
1150 4478 1308 4532 quam
1347 4463 1611 4527 instructi,
1640 4465 1824 4517 ducto-

939 4599 982 4630 “
1018 4599 1168 4652 Rom.
1191 4615 1284 4661 xu,
1314 4599 1368 4652 2.
1454 4597 1498 4629 δ’
1519 4599 1618 4653 lsa.
1638 4615 1730 4659 LII,
1754 4598 1806 4652 5.

361 4607 405 4638 ⁸⁸
441 4605 646 4661 Coloss.
675 4618 734 4665 ιι,
776 4602 866 4655 2i.

365 4724 475 4793 (tl)
517 4722 613 4776 Sic
658 4732 786 4772 mss.
830 4715 970 4769 Editi
996 4727 1141 4793 vero,
1173 4729 1192 4762 ι
1223 4713 1386 4793 etiam
1414 4713 1658 4793 gentibus
1693 4713 1822 4793 ipsis

296 4779 425 4862 legis
457 4779 724 4862 'litteratn
734 4794 1021 4862 sequentes
1060 4781 1266 4862 dicunt.
1299 4799 1318 4830 ι
1347 4779 1568 4862 Deinde
1588 4797 1687 4835 ms.
1707 4781 1823 4861 .R-e-

298 4849 414 4925 gius
445 4875 594 4916 num.
626 4855 783 4928 {1639,
811 4849 954 4928 [Ne
1001 4849 1307 4928 tetigeritis,
1355 4861 1420 4900 ne
1458 4849 1818 4928 gustaveritis,

298 4921 363 4982 ne
405 4921 931 4987 contaminaveritis;
965 4938 984 4972 ι
1007 4929 1060 4972 et
1103 4927 1284 4986 postea
1317 4931 1498 4970 omnes
1532 4932 1682 4982 mss.,
1710 4933 1728 4966 ι
1766 4921 1818 4969 in

297 5008 656 5064 corruptione.
695 5008 716 5042 ι
1425 5051 1437 5062 .
1468 5049 1480 5062 .

365 5067 474 5134 (15)
515 5063 642 5116 Mss.
693 5059 950 5134 pl_erique,
983 5055 1235 5134 [tabanus
1255 5059 1328 5132 .et
1357 5051 1504 5134 editi,
1537 5069 1556 5102 ι
1586 5060 1649 5134 ut
1674 5059 1817 5134 esset

299 5117 410 5187 (ιυῖ
430 5117 485 5188 ἔι
511 5117 708 5184 doctor'
732 5117 977 5181 Ecclesia!
1008 5123 1069 5176 ad
1107 5120 1495 5180 illuminandos,
1530 5129 1678 5188 tete.
1709 5117 1812 5172 Sed

301 5184 484 5255 melior
514 5201 722 5251 videtur
765 5195 922 5249 lectio
968 5207 1070 5245 ms.
1116 5189 1263 5257 Regii
1294 5200 1440 5239 num.
1487 5184 1643 5243 1659.
1672 5196 1730 5240 ιιι
1759 5187 1811 5240 in

300 5283 479 5322 DOSU'O
504 5277 676 5320 textu.
1201 5321 1230 5334 η
1297 5322 1309 5334 ,
1350 5321 1381 5334 ,,
1533 5328 1543 5334 ,
1696 5322 1730 5334 _.

286 5352 292 5366 ‘
328 5407 331 5408 ν
368 5321 476 5408 (16)
515 5337 638 5388 Mss.
669 5334 790 5408 duo,
825 5349 844 5382 ι
875 5321 1577 5408 summamdisciplin-teet.
1603 5322 1814 5408 castita:

302 5389 621 5473 tis‘eiigere.
651 5420 670 5452 ι
702 5389 888 5454 (ἑδέωιὶ
922 5410 1047 5449 vero
1073 5407 1218 5454 mss.,
1252 5389 1499 5442 Rabanus
1529 5395 1583 5441 et
1610 5389 1734 5441 editi
1761 5396 1816 5441 ut

301 5486 599 5613 m(lle7x)ms.ic
637 5551 736 5591 ms.
775 5533 966 5600 Regius
1006 5544 1156 5613 num:
1192 5522 1357 5613 1639.Ι
1376 5522 1657 5613 Μεε.ννθι·‹ι
1685 5521 1809 5584 duo,

306 5630 324 5660 ι
361 5591 709 5676 Qualia—legem
753 5591 932 5656 tenere
971 5599 1228 5655 videntur,
1262 5609 1281 5642 ι
1311 5591 1380 5643 al.
1419 5608 1438 5639 ι
1483 5591 1752 5646 dicuntur.
1785 5611 1803 5642 ι

1930 3123 1994 3160 ex
2026 3119 2212 3160 natura
2241 3117 2324 3161 est
2350 3111 2686 3176 prazputium,
2723 3109 2888 3177 legem
2917 3111 3218 3178 perﬁciens,
3248 3122 3319 3175 te,
3355 3113 3444 3179 qui

1929 3213 2022 3264 per
2070 3198 2297 3250 litteram
2343 3207 2398 3250 et
2444 3198 2897 3250 circnmcisiunem
2959 3201 3332 3265 przevaricator
3384 3216 3442 3254 es

1929 3286 2059 3354 legis
2091 3286 2114 3337 2
2155 3285 2265 3338 Non
2298 3286 2435 3338 enim
2467 3285 2555 3352 qui
2594 3285 2644 3338 in
2680 3287 2955 3341 manifesto
2981 3287 3189 3340 .l-tdaeus
3217 3301 3314 3350 εει,
3350 3305 3441 3340 ne-

1926 3387 2029 3442 que
2066 3388 2181 3440 quae
2214 3374 2264 3424 in
2300 3371 2582 3425 manifesto
2625 3383 2711 3426 est
2760 3374 2813 3426 in
2857 3390 3018 3427 carne
3062 3376 3445 3438 circumcisio;

1926 3465 2020 3517 sed
2049 3464 2138 3530 qui
2174 3464 2224 3515 in
2255 3463 2463 3517 occulto
2488 3463 2699 3517 Judaeus
2732 3473 2846 3528 est;
2877 3473 2929 3517 et
2957 3465 3296 3517 circumcisio
3326 3480 3442 3517 cor.

1926 3553 2005 3605 dis
2032 3553 2081 3603 in
2112 3553 2323 3620 spiritu,
2355 3568 2459 3604 non
2496 3543 2667 3606 littera
2697 3570 2712 3616 ;
2747 3555 2896 3620 cujus
2943 3555 3056 3607 laus
3105 3569 3206 3607 non
3239 3571 3302 3606 ex
3342 3558 3444 3606 bo-

1927 3644 2154 3698 minibus
2181 3652 2280 3704 est,
2315 3645 2404 3697 sed
2437 3659 2502 3697 ex
2534 3645 2640 3697 Deo
2665 3645 2729 3696 ⁸³.
2759 3664 2780 3696 ι
2818 3645 2942 3710 Quae
2987 3647 3054 3698 sit
3098 3647 3438 3698 circumcisio

1924 3749 2082 3803 quam
2115 3734 2363 3800 prodesse
2394 3733 2521 3788 dicit
2543 3734 2842 3801 Apostolus,
2876 3735 2956 3787 vel
2991 3749 3105 3801 qum
3132 3733 3211 3785 lex
3253 3737 3446 3800 prosit,

1923 3826 1966 3879 si
1992 3825 2316 3878 custodiatur
2354 3823 2485 3894 (20),
2526 3824 2828 3891 diligentius
2873 3825 3247 3891 requirendum
3295 3826 3442 3876 vide-

1926 3924 2045 3978 tur;
2077 3922 2134 3966 ut
2165 3928 2284 3966 cum
2315 3913 2428 3964 luec
2473 3911 2918 3972 intellexerimus.
2951 3912 3215 3980 pessimus
3247 3921 3300 3964 et
3347 3927 3451 3964 nos

1922 4004 2246 4058 circumcidi.
2277 4003 2483 4071 Quippe
2525 4003 2569 4056 si
2604 4004 2816 4070 prodest
2849 4001 3208 4061 circumcisio,
3255 4015 3444 4053 secun-

1921 4095 2044 4147 dum
2074 4096 2289 4147 verbum
2316 4091 2550 4160 Apostoli
2581 4091 2827 4150 dicentis,
2859 4089 2984 4157 quia
3031 4107 3050 4138 ‹
3103 4088 3447 4141 circumcisio

1921 4184 2160 4253 prodest,
2200 4183 2242 4234 si
2275 4182 2439 4249 legem
2485 4180 2773 4242 custodias,
2825 4197 2845 4230 ι
2887 4179 3000 4246 ipse
3051 4179 3334 4244 Apostolus
3381 4179 3433 4232 in

1923 4273 2364 4340 consequentibus
2410 4271 2587 4334 docet,
2625 4269 2744 4336 quia
2778 4285 2797 4318 ι
2833 4283 2934 4321 non
2971 4267 3056 4321 illa
3092 4283 3208 4334 quae
3234 4269 3286 4320 in
3323 4286 3434 4320 ma-

1925 4369 2116 4422 nifesto
2141 4374 2223 4420 est
2251 4365 2302 4417 in
2329 4377 2490 4416 carne
2525 4361 2879 4424 circumcisio,
2911 4380 2930 4412 ι
2969 4362 3058 4414 sed
3095 4378 3113 4410 ι
3148 4361 3438 4414 circumci-

1925 4459 2005 4512 sio
2033 4456 2206 4511 cordis
2244 4472 2263 4505 ι
2303 4468 2396 4520 per
2443 4452 2708 4520 spiritum,
2746 4465 2846 4503 non
2876 4467 2971 4519 per
3000 4451 3225 4503 litteram
3277 4451 3444 4513 facta,

1898 4596 1942 4628 “
1967 4592 2118 4646 Rom.
2161 4605 2222 4651 ιι,
2263 4588 2438 4641 25-29.

1924 4707 2108 4764 (Σπιθιί
2144 4721 2270 4760 mss.
2322 4714 2373 4759 et
2420 4703 2691 4767 Rabanus,
2728 4722 2746 4754 ι
2775 4705 2932 4756 etiam
2969 4705 3136 4772 legem
3169 4714 3375 4768 tenere,
3414 4726 3436 4758 ι

1923 4778 2120 4832 emisso
2150 4792 2168 4825 ι
2199 4775 2459 4832 videntur,
2495 4791 2512 4821 ι
2545 4772 2623 4824 vel
2657 4789 2676 4820 ι
2712 4773 2989 4836 dicuntur;
3039 4790 3058 4824 ι
3088 4780 3141 4826 et
3168 4787 3261 4836 pro
3287 4789 3306 4822 ‹
3344 4777 3437 4826 du-

1924 4854 2098 4898 ctores
2125 4856 2386 4896 carcerum
2420 4859 2438 4891 ›
2475 4840 2689 4895 habent.
2729 4858 2747 4889 ι
2777 4841 3020 4892 doctores
3044 4851 3376 4893 cancrorum.
3410 4860 3433 4891 ι

1922 4913 2059 4966 Editi
2084 4925 2229 4974 vero,
2271 4928 2290 4961 ι
2323 4910 2478 4963 etiam
2508 4909 2622 4974 lege
2658 4915 2832 4970 tenus,
2863 4923 2959 4974 per
3001 4923 3159 4975 quam
3186 4908 3433 4962 instructi

1923 4983 2185 5040 doctores,
2219 4997 2237 5028 ι
2265 4987 2370 5031 etc.

1991 5047 2256 5168 δὲὃὶῆξιεῗ.
2303 5042 2470 5098 nostri
2512 5051 2564 5095 et
2605 5041 2874 5106 Rabanus,
2907 5059 2926 5093 ι
2957 5041 3024 5095 ad
3069 5055 3180 5096 eos.
3211 5059 3230 5090 ι
3270 5041 3436 5108 Editi,

1921 5134 1941 5168 ι
1983 5115 2048 5169 de
2080 5115 2184 5167 his.
2220 5130 2237 5160 ι

1985 5184 2092 5253 (l9)
2125 5181 2279 5253 ltiditi,
2311 5177 2720 5253 (“macula-nti".
2753 5195 2771 5226 ι

1986 5241 2092 5322 (20')
2145 5250 2218 5322 l_ta
2269 5245 2393 5322 editi
2438 5245 2738 5322 :Rahanus
2791 5259 2938 5322 vero,
2979 5263 2999 5296 ι
3032 5241 3200 5322 Vere,
3236 5242 3436 5322 inquit,

1913 5312 2127 5390 prodest
2156 5317 2257 5390 lex,
2285 5313 2702 5390 si_custo_diatur.
2725 5329 2756 5390 ιι
2807 5312 2901 5364 Ms.
2937 5315 3108 5390 codex
3145 5313 3436 5390 Ebroiccn-

1916 5380 2028 5451 'sis;
2064 5405 2081 5437 ι
2111 5384 2191 5436 vel
2222 5381 2346 5448 quid
2378 5381 2616 5451 prodest,
2659 5380 2738 5451 vel
2783 5394 2916 5451 quur
2937 5382 3021 5434 lex
3047 5381 3236 5448 prosit,
3265 5384 3440 5451 si_cn-

1916 5445 2168 5509 stodiatur
2195 5467 2210 5512 ;
2237 5445 2262 5499 ἶ
2307 5462 2431 5516 mss.
2467 5448 2620 5510 Reg.,
2649 5445 2719 5498 al.
2775 5445 2812 5497 c’
2839 5448 2918 5501 vel
2968 5452 3018 5502 in
3049 5445 3165 5516 'quo
3194 5447 3441 5516 prodest,

1913 5524 1994 5576 vel
2021 5520 2264 5591 quaalex,
2299 5515 2763 5591 si_custodiatur__;
2810 5533 2829 5566 ι
2879 5517 2951 5574 al.
2984 5536 3002 5568 ι
3036 5515 3118 5573 vel
3159 5515 3290 5582 quid
3317 5528 3442 5582 pro-

1915 5583 2052 5653 dest,
2083 5589 2160 5642 vel
2198 5600 2312 5653 qua:
2347 5584 2449 5645 lex,
2480 5583 2524 5633 si
2549 5583 2895 5636 custodiatur.
2921 5611 2940 5641 ι
