3836 6222
377 274 482 329 899

1778 256 2091 315 ORIGENIS

3549 234 3658 289 900

378 391 588 444 tandem
626 387 784 439 habet
812 399 915 439 non
961 397 1026 437 ex
1080 379 1407 443 hominibus,
1440 379 1531 433 sed
1562 393 1623 431 ex
1664 378 1766 430 Deo
1800 396 1814 433 :
1847 387 1899 431 et
1928 379 1971 432 A
1999 374 2181 442 possit.
2211 371 2433 440 Dignius
2461 383 2589 438 ergo
2618 375 2675 422 et
2700 361 3045 422 evidentius
3089 352 3487 444 intelligitur,
3510 355 3659 421 quod

379 481 504 532 alibi
531 479 658 532 dicit
683 477 728 507 “
766 492 781 529 :
827 494 844 525 ι
888 472 1073 528 Videte
1106 470 1563 527 circumcisionem
1595 488 1606 520 :
1639 484 1733 521 nos
1758 470 1896 521 enim

379 586 559 626 sumus
593 568 951 630 circumcisio,
1002 567 1094 634 qui
1144 564 1332 632 spiritu
1381 563 1489 617 Deo
1520 565 1800 627 servimus,
1846 574 1899 617 et

379 677 482 715 non
531 662 582 714 in
634 675 793 713 carne
842 660 1172 714 conﬁdimus.
1218 680 1236 712 ι
1274 659 1420 722 litae,
1471 666 1529 710 ut
1564 656 1771 724 opinor,
1820 664 1900 709 est

379 749 715 802 circumcisio
730 763 888 816 quam
914 747 1164 814 prodesse
1183 748 1310 803 dicit
1336 747 1642 814 Apostolus,
1662 745 1704 799 si
1730 745 1898 812 legem

377 839 681 892 custodias:
715 852 819 891 non
856 838 1020 907 legem
1048 838 1254 900 litterae,
1293 838 1443 901 cujus
1471 836 1650 903 utique
1671 834 1899 888 circum-

378 927 630 982 cisionem
662 928 716 982 in
748 943 907 982 carne
939 943 1041 980 non
1083 924 1292 995 recipis,
1322 927 1411 980 sed
1446 927 1611 993 legem
1662 924 1898 991 spiritus,

378 1019 667 1073 secundum
695 1034 854 1087 quam
873 1017 1268 1072 circumcideris
1288 1016 1467 1070 corde.
1502 1033 1519 1063 ι
1544 1013 1738 1066 Littera
1759 1012 1897 1064 enim

377 1112 595 1174 occidit,
627 1112 850 1179 spiritus
879 1121 1052 1164 autem
1079 1112 1333 1174 viviﬁcat,
1374 1129 1391 1160 ι
1432 1108 1554 1176 quia
1585 1117 1637 1160 et
1675 1106 1759 1159 lex
1809 1104 1899 1156 Dei

385 1216 404 1247 ι
427 1198 815 1252 nomrelerturt
832 1207 1127 1251 atramento
1153 1197 1375 1263 scripta,
1413 1215 1430 1245 ι
1466 1196 1557 1247 sed
1594 1194 1757 1259 digito
1786 1192 1899 1255 Dei,

380 1289 470 1353 qui
500 1296 581 1339 est
613 1287 832 1353 spiritus
862 1284 997 1351 ejus,
1037 1305 1055 1337 ι
1086 1296 1137 1339 et
1170 1300 1271 1337 non
1322 1285 1373 1337 in
1413 1283 1608 1337 tabulis
1658 1281 1899 1347 lapideis,

382 1377 474 1429 sed
507 1378 559 1428 in
590 1376 782 1429 tabulis
805 1375 979 1430 cordis
1006 1376 1107 1427 ⁵⁸.»
1139 1372 1333 1427 Verum
1357 1380 1527 1439 potest
1559 1370 1709 1425 nobis
1723 1369 1900 1434 objici,

382 1465 510 1532 quia
553 1465 595 1517 si
640 1464 921 1532 Apostolus
969 1462 1430 1517 circumcisionem
1460 1462 1711 1529 prodesse
1753 1459 1900 1524 dicit,

382 1567 499 1619 quae
526 1553 708 1620 utique
741 1551 845 1604 alia
880 1567 982 1604 non
1019 1550 1334 1619 intelligitur
1367 1562 1485 1602 esse
1529 1561 1686 1615 quam
1718 1545 1905 1600 animm

381 1644 644 1709 purgatio,
690 1649 742 1695 et
781 1640 1004 1708 abjectio
1065 1640 1316 1693 vitiorum
1367 1655 1381 1691 :
1430 1637 1694 1705 quomodo
1762 1635 1904 1689 addit

2001 463 2324 519 continentia
2370 462 2492 515 mali
2538 458 2746 528 operis,
2779 469 2915 523 qua:
2972 465 3083 518 per
3135 442 3659 501 circumcisionem

2003 555 2348 623 signiﬁcatur,
2380 553 2423 606 si
2456 564 2624 619 opera
2664 548 2798 602 ﬁdei
2832 559 2950 598 non
2990 539 3244 601 habeat,
3284 536 3368 589 ad
3410 535 3659 588 immun-

2004 646 2184 698 ditiam
2221 652 2514 711 reputetur.
2568 640 2680 695 Sed
2718 647 2795 692 et'
2830 637 2889 689 in
2943 631 3220 687 Ecclesia
3255 627 3369 694 qui
3402 640 3512 695 per
3545 626 3659 697 (2t)

2006 735 2256 803 baptismi
2282 735 2510 800 gratiam
2539 728 3000 788 circumciditur,
3036 722 3088 775 si
3125 728 3264 788 post
3297 719 3431 771 haec
3456 732 3662 785 prava-

2003 827 2201 878 ricator
2249 825 2319 877 sit
2370 823 2502 890 legis
2549 820 2784 882 Christi,
2820 813 3218 871 circumcisio
3278 810 3562 879 baptismi
3595 811 3661 864 ad

2004 913 2331 967 inﬁdelitatis
2358 912 2408 965 ei
2434 894 2763 979 praeputium
2795 902 3183 972 reputabitur
3210 915 3228 953 :
3258 899 3408 966 quia
3434 907 3494 952 et
3541 916 3561 947 ι
3602 898 3663 951 ﬁ-

2005 1005 2096 1058 des
2127 1004 2241 1058 sine
2269 1002 2519 1071 operibus
2557 1009 2776 1054 mortua
2824 1016 2844 1048 ι
2886 995 3116 1048 dicitur
3141 992 3221 1055 δ’,
3265 999 3334 1043 et
3378 990 3518 1043 mali
3561 989 3659 1043 vil-

2005 1092 2093 1147 lici
2122 1108 2247 1162 pars
2273 1108 2393 1148 cum
2422 1090 2735 1145 inﬁdelibus
2771 1085 3015 1155 ponitur
3039 1082 3120 1134 ⁵ο.

2072 1178 2162 1237 l5.
2199 1202 2217 1234 ι
2252 1182 2307 1236 Si
2345 1190 2526 1235 autem
2571 1177 2914 1247 praeputium
2944 1171 3231 1240 justitias
3285 1169 3441 1237 legis
3471 1178 3658 1224 custo-

2005 1277 2136 1339 diat,
2168 1287 2342 1328 nonne
2363 1270 2628 1339 judicabit
2660 1270 2713 1322 id
2740 1266 2895 1336 quod
2925 1280 3005 1318 ex
3048 1268 3281 1316 natura
3312 1270 3411 1315 est
3436 1276 3655 1330 praepu-

2013 1367 2168 1429 tium,
2194 1364 2364 1431 legem
2392 1360 2706 1429 perﬁciens,
2745 1367 2825 1421 te,
2860 1355 2964 1424 qui
3009 1368 3123 1423 per
3152 1353 3430 1406 litteram
3458 1360 3518 1405 et
3553 1352 3657 1406 cir-

2008 1452 2384 1507 eumcisionem
2413 1447 2812 1517 praevaricator
2840 1458 2908 1498 es
2939 1441 3103 1511 legis
3154 1439 3207 1471 ⁵¹
3251 1439 3280 1492 Ἰ
3314 1458 3339 1492 ι
3394 1439 3659 1509 Superius

2008 1540 2242 1594 diximus
2275 1537 2418 1606 quod
2450 1537 2588 1590 duos
2610 1534 2839 1589 Iudaeos
2876 1541 2941 1588 et
2974 1535 3137 1586 duas
3184 1531 3660 1586 circumcisiones

2010 1627 2264 1682 discutiat
2286 1625 2688 1695 Apostolus,.et
2715 1638 2868 1677 nunc
2921 1622 2999 1676 de
3049 1620 3319 1687 carnali,
3348 1635 3507 1676 nunc
3536 1635 3658 1676 vero

385 1732 575 1794 adhuc,
609 1732 680 1784 ita
710 1732 918 1784 demum
972 1730 1226 1797 prodesse
1280 1727 1582 1796 bujusmodi
1629 1726 1908 1780 circumci-
1936 1709 1977 1763 Β
2008 1720 2072 1772 de
2097 1717 2326 1787 spiritali
2353 1715 2465 1786 (22)
2494 1722 2925 1771 commemoret.
2957 1711 3231 1767 Videtur
3266 1726 3415 1781 ergo
3441 1712 3497 1766 in
3532 1727 3657 1781 pra:-

384 1824 584 1875 sionem
616 1821 657 1874 si
682 1819 847 1889 legem
881 1820 1168 1881 custodias,
1197 1834 1316 1873 cum
1347 1819 1456 1872 haec
1487 1819 1598 1885 ipsa
1629 1816 1908 1870 circumci-

384 1911 464 1965 sio
496 1910 701 1964 nonnisi
727 1925 790 1964 ex
834 1910 962 1977 legis
990 1908 1329 1963 observantia
1360 1907 1473 1961 ﬁeri
1502 1908 1764 1961 videatur.
1802 1905 1905 1961 Sed

384 1999 589 2051 intuere
616 2012 682 2050 ne
705 1997 837 2050 forte
865 1996 1179 2050 abscindere
1214 1994 1361 2057 vitia,
1400 2004 1453 2048 et
1489 2007 1698 2048 cessare
1720 2008 1750 2046 a
1791 2007 1907 2045 ma-

383 2087 470 2149 lis,
506 2086 963 2154 circnmcisionem
1014 2084 1276 2155 signiﬁcet
1317 2101 1331 2135 :
1380 2098 1538 2152 agere
1578 2092 1752 2135 autem
1791 2096 1909 2150 quae

384 2176 518 2228 bona
548 2183 687 2237 sunt,
715 2183 770 2228 et
798 2174 1005 2227 ellicere
1029 2187 1145 2242 quae
1182 2172 1416 2241 perfecta
1465 2179 1606 2234 sunt,
1642 2170 1910 2224 custodire

384 2263 454 2316 sit
482 2262 667 2333 legem.
692 2260 871 2328 Neque
899 2261 1037 2314 enim
1081 2260 1135 2314 in
1163 2276 1226 2315 eo
1251 2258 1507 2328 perfectio
1538 2266 1621 2313 est
1654 2258 1701 2313 si
1734 2272 1911 2312 cesse-

384 2350 726 2411 turamalis,
773 2351 864 2404 sed
911 2351 964 2403 in
1007 2365 1070 2405 eo
1117 2352 1161 2405 si
1213 2358 1441 2416 agantur
1479 2350 1640 2412 bona,
1689 2349 1826 2403 sicut
1854 2350 1910 2401 in

382 2438 593 2493 Psalmo
626 2439 919 2492 evidentius
964 2441 1335 2508 perdocemur,
1384 2454 1503 2493 cum
1552 2438 1717 2492 dicit:
1759 2456 1779 2489 ‹
1813 2440 1911 2492 De—

385 2528 527 2580 clina
550 2542 579 2579 a
616 2528 773 2589 malo,
808 2546 826 2577 »
858 2538 912 2581 et
945 2543 1048 2580 non
1073 2528 1161 2581 hic
1189 2529 1359 2590 stetit,
1398 2528 1487 2582 sed
1517 2527 1754 2581 addidit:
1810 2544 1829 2579 ι
1857 2535 1912 2581 et

387 2616 471 2669 fac
498 2617 690 2670 bonum
715 2615 778 2667 “.
812 2634 831 2666 ι
864 2616 1126 2670 Similiter
1149 2630 1276 2683 ergo
1313 2625 1366 2669 et
1394 2616 1697 2683 Apostolus,
1730 2625 1910 2684 utpote

389 2705 443 2757 in
470 2705 553 2757 his
583 2705 833 2764 imbutus,
881 2705 952 2756 ita
977 2705 1186 2757 demum
1216 2703 1368 2765 dicit,
1399 2705 1645 2771 prodesse
1677 2705 1909 2757 circum-

387 2794 641 2847 cisionem
667 2803 721 2846 et
747 2793 1097 2860 abjectionem
1131 2793 1412 2853 malorum,
1446 2794 1492 2846 si
1525 2793 1797 2848 custodias
1835 2794 1909 2848 le-

388 2917 504 2971 gem
532 2902 810 2955 bonorum.
838 2901 1018 2971 Neque
1053 2903 1194 2956 enim
1218 2901 1482 2970 perfectus
1510 2903 1630 2972 quis
1654 2917 1771 2958 esse
1815 2917 1910 2971 po-

390 3000 492 3045 test
520 2990 564 3044 si
593 2990 725 3043 nihil
750 2991 917 3059 egerit
949 2990 1094 3055 mali,
1148 2990 1239 3044 sed
1262 2990 1305 3044 si
1344 2990 1536 3058 aliquid
1559 2991 1726 3060 egerit
1760 2990 1906 3044 boni.

389 3081 543 3136 Unde
571 3091 624 3134 et
655 3082 767 3149 ipsa
796 3082 1136 3136 circumcisio
1165 3095 1283 3148 qua:
1310 3079 1469 3134 ﬁebat
1498 3081 1550 3134 in
1581 3091 1763 3146 carne,
1807 3097 1912 3136 non

387 3172 588 3240 absque
618 3171 775 3239 hujus
802 3172 1184 3240 intelligentim,
1212 3186 1371 3239 quam
1406 3186 1545 3225 nunc
1572 3172 1909 3240 exponimus,

388 3262 774 3329 signiﬁcabitur
804 3262 1053 3331 imagine.
1085 3262 1319 3328 Denique
1343 3271 1532 3316 octava
1559 3263 1644 3316 die
1672 3262 1912 3332 parvulis

389 3351 616 3405 dabatur
641 3352 710 3415 ",
741 3352 831 3420 qui
863 3352 997 3406 nihil
1030 3352 1212 3420 utique
1241 3353 1417 3406 adhuc
1463 3354 1641 3421 operis
1674 3362 1908 3422 egerant.

388 3442 537 3503 Quod
566 3444 607 3494 si
639 3442 757 3509 quis
792 3442 945 3495 nobis
978 3441 1211 3509 proferat
1242 3442 1369 3494 illud
1392 3446 1533 3511 quod
1557 3445 1606 3497 in
1636 3444 1897 3512 principio

388 3530 511 3583 libri
540 3529 663 3581 ‘Job
714 3531 779 3583 de
827 3530 982 3584 laude
1016 3530 1131 3596 ejus
1170 3531 1398 3598 positum
1429 3540 1528 3595 est,
1561 3531 1650 3584 ubi
1671 3531 1907 3586 dicitur:

393 3638 413 3670 ι
458 3620 521 3673 Et
569 3631 685 3674 erat
731 3619 827 3675 Job
867 3622 1025 3676 homo
1056 3636 1241 3683 verax,
1278 3622 1395 3675 sine
1431 3621 1667 3689 querela,
1710 3622 1908 3688 justus,

389 3710 481 3765 Dei
515 3713 705 3775 cultor,
741 3712 1011 3766 abstinens
1048 3727 1106 3766 se
1145 3712 1210 3765 ab
1237 3712 1384 3766 omni
1413 3726 1470 3765 re
1489 3711 1627 3765 mala
1649 3711 1734 3765 δίε
1769 3730 1787 3763 ι
1817 3727 1912 3766 cur

387 3802 717 3869 praecedente
759 3802 882 3855 boni
909 3801 1088 3870 operis
1113 3800 1289 3864 laude,
1330 3800 1381 3854 in
1412 3801 1595 3855 ultimo
1626 3802 1747 3855 mali
1784 3817 1910 3856 con-

391 3892 612 3945 tinentia
649 3903 993 3946 numeretur:
1026 3891 1396 3958 illud-quidem
1431 3892 1664 3945 arbitror
1688 3891 1909 3945 indicari

387 3982 527 4051 quod
557 3996 693 4049 saepe
718 3980 830 4034 ﬁeri
862 3980 1015 4043 solet,
1044 3979 1168 4048 quia
1203 3979 1415 4048 plurimi
1447 3978 1719 4032 hominum
1748 3988 1913 4048 agunt

388 4071 596 4139 quidem
641 4085 759 4138 qua:
796 4070 933 4122 bona
965 4079 1113 4131 sunt,
1148 4070 1375 4123 miscent
1418 4077 1591 4121 tamen
1633 4067 1831 4138 aliquid
1858 4076 1913 4122 et

386 4160 565 4228 operis
600 4159 719 4211 mali
748 4177 761 4211 :
786 4160 942 4251 pauci
973 4173 1097 4210 vero
1139 4159 1246 4210 sint
1288 4156 1425 4209 sicut
1458 4154 1577 4218 Job,
1616 4158 1708 4224 qui
1751 4158 1822 4210 ita
1857 4165 1914 4211 et

386 4263 608 4301 veraces
634 4256 689 4299 et
724 4244 1243 4315 irreprehensibiles,
1292 4245 1365 4298 ita
1410 4244 1537 4310 justi
1581 4245 1689 4298 sint
1718 4255 1772 4299 et
1797 4249 1911 4301 cul-

2008 1807 2143 1862 senti
2170 1807 2285 1859 loco
2308 1806 2630 1875 praeputium
2680 1803 2883 1858 dicere
2928 1811 3183 1872 gentes,
3225 1816 3365 1869 qua:
3413 1801 3470 1855 in
3520 1815 3653 1870 prae-

2008 1897 2153 1966 pu‘tio
2175 1895 2338 1966 5.90
2367 1895 2551 1949 carnis
2586 1894 2653 1948 ad
2683 1893 2853 1946 ﬁdem
2882 1891 3130 1947 Christi
3163 1900 3503 1947 venerunt:
3528 1905 3655 1960 quas

2007 1984 2176 2054 legem
2200 1984 2496 2053 spiritalem
2530 1992 2821 2037 servantes
2869 1983 3209 2050 componit
3253 1992 3318 2036 et
3375 1990 3655 2049 comparat

2008 2073 2226 2137 Judteis,
2258 2073 2348 2141 qui
2378 2087 2471 2141 per
2501 2073 2743 2127 litteram
2776 2080 2834 2126 et
2878 2072 3431 2128 circumcisionem
3478 2072 3653 2125 carnis

2009 2165 2450 2233 praevaricatores
2487 2174 2613 2217 sunt
2645 2162 2808 2233 legis,
2865 2178 3031 2232 quos
3079 2173 3152 2218 et
3201 2162 3549 2234 iudicandos
3589 2162 3651 2217 ab

2010 2254 2094 2308 his
2123 2254 2252 2308 dicit
2277 2254 2329 2307 in
2371 2253 2566 2321 quibus
2615 2267 2725 2306 non
2754 2254 2964 2308 carnis
2995 2253 3423 2319 circumcisio,
3455 2254 3549 2308 sed
3589 2253 3651 2305 le-

1987 2344 2089 2413 ‘gis
2124 2343 2437 2398 observatio
2469 2352 2575 2398 est.
2624 2341 2947 2397 Possumus
3008 2354 3226 2398 autem
3271 2359 3344 2399 ex
3382 2347 3487 2400 hac
3513 2359 3649 2407 eom-

2008 2433 2289 2504 paratione
2322 2433 2487 2486 etiam
2517 2440 2738 2486 nostros
2799 2433 2860 2486 in
2909 2433 3206 2488 Ecclesia
3258 2450 3648 2501 commonere;

2007 2522 2153 2578 verbi
2181 2537 2368 2586 causa,
2403 2522 2447 2575 si
2474 2523 2719 2577 dicamus
2748 2523 2805 2576 in
2835 2526 3161 2592 prmputio
3195 2526 3394 2581 adhuc
3419 2541 3541 2581 esse
3562 2539 3646 2580 ca-

2012 2613 2377 2675 techumenos,
2411 2621 2503 2664 aut
2540 2613 2711 2665 etiam
2761 2613 3033 2680 gentiles
3080 2631 3101 2681 ;
3171 2624 3233 2670 et
3304 2615 3648 2670 circumcisus

2009 2716 2126 2756 esse
2172 2701 2353 2756 ﬁdeles
2398 2716 2494 2770 per
2548 2717 2625 2770 gl.
2678 2716 2788 2754 .ain
2830 2702 3170 2771 baptismi.
3229 2705 3293 2761 Si
3336 2720 3473 2776 ergo
3506 2715 3643 2761 cate-

2008 2791 2302 2845 chumenus
2332 2790 2427 2858 qui
2458 2792 2696 2843 nonnum
2723 2802 2826 2858 per
2852 2792 3144 2860 gratiam
3175 2793 3399 2849 lavacri
3432 2795 3644 2849 circum-

2010 2882 2152 2936 cisus
2171 2891 2276 2945 est,
2310 2880 2479 2948 legem
2500 2880 2704 2935 Christi
2733 2891 2972 2946 servet,
2997 2882 3283 2951 justitias
3311 2893 3372 2940 et
3404 2884 3642 2939 mandata

2009 2973 2317 3037 custodiat,
2387 2988 2567 3027 nonne
2620 2987 2691 3028 ex
2755 2974 2870 3030 hac
2932 2982 3411 3048 comparatione
3455 2979 3645 3048 iudicat

2012 3079 2156 3127 eum,
2192 3064 2285 3132 qui
2313 3062 2485 3118 ﬁdelis
2508 3062 2713 3117 dicitur
2738 3073 2800 3118 et
2820 3048 3153 3137 praecepta
3204 3086 3325 3126 non
3363 3078 3557 3136 servat,
3584 3082 3641 3123 ac

2010 3154 2178 3222 legem
2202 3152 2427 3218 Christi,
2456 3162 2511 3207 et
2551 3154 2817 3208 mandata
2846 3162 3212 3216 contemnit
3249 3164 3276 3216 ?
3331 3164 3568 3232 Denique
3594 3169 3642 3215 et

2012 3245 2124 3312 ipse
2170 3245 2430 3298 Dominus
2481 3245 2700 3300 dicebat
2727 3247 2820 3301 "z
2889 3266 2914 3300 ι
2971 3249 3221 3322 Regina
3260 3255 3453 3309 Austri
3477 3261 3641 3323 surget

2011 3333 2063 3386 in
2084 3332 2284 3399 judicio
2328 3347 2452 3387 cum
2495 3334 2631 3389 viris
2678 3340 3115 3404 generationis
3178 3345 3383 3413 hujus,
3422 3355 3480 3401 et
3524 3361 3640 3400 con-

2010 3421 2278 3475 demnabit
2309 3436 2423 3486 eos,
2455 3424 2582 3491 quia
2616 3427 2769 3480 venit
2795 3440 2829 3480 a
2854 3428 3100 3487 ﬁnibus
3137 3443 3315 3489 terra:
3344 3436 3536 3490 audire
3557 3450 3635 3489 sa-

2008 3511 2264 3580 pientiam
2300 3512 2627 3569 Salomonis.
2683 3532 2705 3567 ι
2762 3514 2903 3572 Haec
2940 3522 3207 3588 quidem
3255 3527 3333 3581 ad
3386 3526 3639 3581 instruen-

2022 3602 2142 3655 dam
2170 3601 2463 3657 Ecclesiam
2494 3603 2653 3658 nobis
2697 3604 2854 3662 dicta
2887 3609 3048 3666 sint.
3087 3613 3317 3671 Verum
3370 3616 3635 3671 considera

2009 3690 2054 3743 si
2096 3691 2265 3758 possit
2292 3692 2345 3744 in
2373 3693 2475 3746 hoc
2505 3692 2625 3748 loco
2654 3702 2711 3748 et
2741 3695 2841 3752 ille
2892 3698 3264 3762 intellectus
3322 3708 3559 3769 admitti,
3587 3714 3640 3758 ut

2008 3778 2218 3832 dicatur
2248 3779 2407 3833 etiam
2438 3790 2561 3847 post
2586 3782 2897 3840 adventum
2947 3788 3200 3849 Christi
3256 3795 3501 3851 carnalis
3544 3795 3638 3849 cir-

2009 3868 2290 3934 cumcisio,
2321 3884 2437 3938 qua:
2485 3884 2555 3924 ex
2603 3870 2723 3941 lege
2778 3875 3160 3938 observatur
3191 3886 3344 3958 (23),
3397 3887 3641 3957 prodesse

2015 3958 2223 4026 aliquid
2250 3961 2678 4016 custodientibus
2716 3963 2932 4034 legem,
2969 3980 3322 4034 secundum
3363 3980 3469 4035 hoc
3512 3974 3641 4047 quod

2012 4049 2065 4102 in
2104 4049 2254 4104 initio
2283 4049 2402 4104 ﬁdei
2431 4062 2632 4108 nostra:
2662 4056 2851 4111 adhuc
2888 4073 2924 4112 a
2960 4068 3367 4126 credentibus
3394 4071 3641 4126 absens—

2009 4138 2165 4191 batur
2207 4155 2222 4192 :
2274 4149 2331 4193 ut
2382 4141 2437 4194 in
2481 4142 2712 4198 Actibus
2747 4152 3177 4215 apostolorum
3212 4160 3455 4216 docetur
3481 4162 3528 4193 ⁵⁸
3567 4161 3641 4214 vel

2013 4230 2198 4285 Petrus
2228 4232 2278 4285 in
2309 4232 2641 4289 discretione
2671 4235 2971 4309 ciborum,
3045 4250 3149 4301 vel
3213 4250 3432 4309 Paulus
3479 4253 3531 4308 in
3559 4268 3641 4307 sa-

386 4345 530 4390 tores
560 4333 677 4398 Dei,
709 4343 766 4387 ut
810 4335 922 4387 haec
963 4335 1140 4386 omnia
1189 4342 1408 4399 agentes
1437 4333 1736 4387 abstineant
1759 4349 1817 4390 se
1842 4336 1905 4389 ab

2074 4320 2229 4375 iﬁciis
2254 4322 2653 4390 purilicationis
2675 4327 2724 4359 “
2753 4329 2975 4387 fecisse
3014 4354 3031 4388 :
3080 4339 3137 4393 si
3175 4340 3336 4398 forte
3365 4345 3531 4399 etiam
3565 4344 3642 4397 hic

387 4424 530 4477 omni
567 4437 624 4475 re
663 4423 817 4476 mala.
857 4440 875 4472 ο
918 4421 972 4475 Si
1004 4437 1152 4490 ergo,
1183 4422 1373 4490 inquit,
1414 4422 1790 4490 prazvaricator
1833 4425 1909 4479 sis

385 4512 541 4578 legis,
575 4530 593 4562 ι
633 4510 771 4564 sicut
803 4527 964 4579 supra
996 4513 1359 4579 exposuimus,
1391 4526 1493 4564 non
1533 4513 1737 4582 agendo
1790 4530 1907 4581 quae

386 4602 527 4655 bona
556 4609 700 4665 sunt,
736 4618 753 4650 ι
786 4601 1125 4653 circumcisio
1154 4609 1240 4653 tua
1263 4601 1577 4668 praeputium
1606 4601 1743 4654 facta
1763 4612 1861 4665 est,
1883 4622 1902 4655 υ

387 4692 509 4745 dum
538 4699 591 4744 et
615 4690 717 4742 hoc
741 4689 854 4755 tibi,
888 4689 1027 4757 quod
1078 4690 1348 4743 abstinere
1382 4707 1410 4743 a
1455 4691 1593 4746 malo
1641 4692 1784 4746 visus
1827 4708 1905 4757 es,

383 4794 547 4849 opera
585 4778 706 4832 ﬁdei
745 4789 800 4832 et
836 4777 1058 4845 justitiaa
1087 4794 1191 4832 non
1225 4782 1399 4848 agenti
1443 4782 1511 4835 ad
1544 4781 1905 4837 inﬁdelitatem

384 4878 678 4940 reputatur.
713 4866 894 4934 Neque
918 4866 1061 4920 enim
1091 4869 1345 4936 possibile
1392 4878 1472 4922 est
1515 4868 1673 4922 alieni
1724 4885 1907 4923 carna-

384 4960 486 5013 lem
532 4957 989 5011 eircumcisionem
1039 4970 1249 5008 rursum
1295 4957 1347 5009 in
1388 4956 1702 5024 prazputium
1751 4957 1903 5017 verti,

385 5063 503 5102 cum
536 5047 719 5113 utique
755 5044 989 5099 abscissa
1009 5045 1254 5113 prazputii
1275 5059 1400 5099 caro
1429 5044 1569 5098 ultra
1598 5045 1771 5098 redire
1801 5060 1902 5098 non

2014 4409 2313 4477 bujusmodi
2360 4412 2846 4473 circumcisionem
2920 4433 3335 4496 proposuisse
3404 4436 3644 4489 videatur

2008 4499 2311 4569 Apostolus,
2340 4516 2502 4571 quam
2534 4506 2801 4573 prodesse
2827 4512 2977 4568 dicit
3013 4518 3103 4573 ita
3133 4522 3192 4577 si
3222 4525 3402 4579 etiam
3426 4526 3512 4579 lex
3540 4540 3646 4579 ser-

2011 4598 2202 4686 vetur:
2234 4590 2278 4643 si
2316 4591 2513 4686 minus,
2568 4594 3086 4686 circumcisionem
3122 4610 3288 4669 hanc
3342 4616 3402 4670 in
3444 4632 3645 4686 praepu-

2012 4680 2142 4732 tium
2181 4681 2518 4748 vertendam,
2574 4685 2681 4741 hoc
2734 4698 2847 4752 est,
2890 4693 3048 4751 nihil
3098 4680 3515 4769 profuturam:
3545 4680 3644 4758 into

2011 4772 2180 4866 etiam
2199 4772 2373 4866 majus
2401 4773 2515 4844 (24)
2546 4777 2752 4832 habere
2775 4781 3078 4849 judicium
3112 4808 3258 4848 eum
3290 4797 3391 4866 qui
3424 4812 3523 4866 per
3543 4796 3644 4850 cir-

2010 4862 2392 4951 cumcisionem
2447 4868 2630 4922 carnis
2682 4870 2949 4929 videatur
3005 4878 3163 4951 legis
3224 4862 3642 4942 observantiam

2009 4949 2271 5019 proﬁteri,
2299 4959 2354 5005 et
2381 4958 2799 5046 prrevaricando
2829 4961 3025 5033 legem
3050 4949 3328 5037 iudicari
3363 4978 3435 5032 ab
3456 4992 3524 5034 eo
3553 4975 3640 5046 qui

2011 5056 2115 5094 non
2149 5042 2445 5111 susceperit
2475 5046 2700 5114 quidem
2726 5051 3258 5120 circumcisionem
3299 5070 3518 5131 carnis,
3554 5042 3640 5135 ivu-

451 5158 497 5189 “
524 5157 896 5246 tibiis-1w}:
921 5157 1024 5246 δοη
1049 5157 1169 5246 ‘.'_'_'.
1191 5159 1312 5246 σεξτς
1359 5175 1445 5246 "sv.
1468 5156 1525 5223 δν
1545 5157 2225 5246 .ξ·η,”ξι’ξξι¹·οξ.κιι.ει²⁷.ο.
2254 5159 2327 5246 ,ετ
2344 5159 2499 5246 ,Εεη-
2528 5165 2760 5246 “tu.”
2781 5169 3030 5246 skevit.
3066 5194 3186 5244 ιιι.
3216 5180 3279 5237 5.
3364 5182 3415 5217 ιι
3439 5181 3561 5239 Job.
3598 5197 3639 5246 ι.

386 5224 437 5277 l.
524 5224 784 5299 ﬁla—cal,
816 5226 902 5282 26.
979 5226 1024 5257 '°
1065 5226 1193 5282 Luc.
1241 5243 1336 5292 xu,
1379 5228 1467 5282 46.
1543 5229 1584 5259 υ
1620 5225 1773 5280 Rom.
1801 5242 1860 5291 ll,
1893 5227 1983 5293 26,
2017 5228 2106 5280 27.
2182 5228 2226 5260 "
2253 5227 2448 5284 Matth.
2476 5247 2579 5299 xu,
2604 5224 2699 5292 δὲ.

388 5307 501 5351 ut.
522 5294 611 5348 26.

457 5381 567 5455 (21)
602 5402 621 5434 ι
650 5384 751 5440 Sed
777 5398 831 5440 et
853 5390 902 5442 in
933 5389 1162 5445 Ecclesia
1190 5388 1278 5455 qui
1325 5403 1440 5454 per,
1472 5406 1490 5439 ο
1520 5394 1624 5440 etc.
1664 5384 1737 5455 ita
1770 5397 1899 5455 mss.

390 5448 734 5580 ἓὲτκῖὺὲιιὲυε.
784 5455 925 5513 Editi
958 5474 1080 5517 vero
1125 5475 1139 5509 :
1192 5448 1219 5505 ι’
1243 5448 1348 5509 Sed
1386 5448 1440 5510 et
1483 5456 1529 5509 si
1566 5456 1620 5508 in
1668 5451 1900 5506 Ecclesia

464 5580 569 5648 (92)
596 5600 613 5631 ι
645 5584 716 5637 De
740 5596 952 5657 carnali,
980 5609 1124 5655 nunc
1156 5606 1280 5644 vero
1323 5591 1387 5645 de
1416 5591 1655 5658 spiritali.
1703 5608 1722 5639 ι
1779 5585 1899 5639 llmc

2779 5241 2829 5273 ⁸⁸
2856 5239 2991 5299 Act.
3024 5262 3091 5312 χ.
3124 5239 3195 5305 il
3229 5265 3363 5322 seq.
3445 5253 3498 5286 “
3520 5239 3636 5306 Act:

2006 5388 2380 5444 desiderantur
2410 5391 2464 5445 in
2501 5403 2669 5451 antea
2703 5401 2895 5457 editis.

2221 5459 2318 5539 Si_c_
2338 5476 2469 5539 mss.
2506 5464 2656 5539 Ερίιί
2682 5485 2841 5537 vero,
2871 5490 2890 5523 ι
2923 5474 3383 5534 observabatur.
3416 5497 3440 5533 ι

2075 5526 2184 5596 (et)
2217 5546 2233 5578 ι
2272 5527 2464 5596 Maius.
2501 5553 2519 5585 ι
2557 5534 2729 5608 Editi,
2767 5561 2784 5593 ι
2818 5526 2871 5596 in
2903 5526 3325 5615 τιιῖῑέξῖἦῶὲῖ
