3836 6262
307 263 404 318 901

1231 268 1574 324 COMMENT.
1617 269 1678 322 IN
1716 267 1927 322 EPIST.
1964 269 2052 321 AD
2090 268 2262 346 ROM.
2295 272 2419 326 LIB.
2462 272 2522 327 ll.

3349 280 3452 334 902

305 382 480 432 stitias
512 388 686 434 tamen
723 385 1015 437 servaverit
1045 383 1189 453 legis.
1244 386 1298 438 Si
1340 402 1467 453 ergo
1495 397 1547 439 et
1572 385 1657 438 hic
1706 400 1827 440 sen-
1860 387 1903 443 Α
1932 383 2066 436 nalis
2110 382 2342 448 Iudaeus,
2388 385 2596 452 perﬁcit
2629 396 2804 440 autem
2855 387 3126 455 spiritalis,
3171 397 3223 440 et
3268 393 3358 456 qui
3393 395 3446 445 in

305 487 400 525 sus
448 472 609 538 recipi
655 472 864 537 debeat,
914 475 1088 528 videto
1113 476 1270 528 etiam
1304 484 1354 526 tu
1387 478 1474 541 qui
1520 477 1669 544 legis,
1695 491 1825 543 quo-

304 561 451 612 niam
482 559 695 626 quidem
723 561 833 627 ipse
863 562 1144 630 Apostolus
1169 565 1444 630 proﬁtetur
1472 566 1514 596 ⁸⁸
1551 579 1606 618 se
1633 563 1825 618 Judtcis

302 647 420 700 ﬁeri
452 645 715 709 Judarnm,
743 658 796 700 et
827 649 910 701 his
947 651 1034 716 qui
1067 652 1178 704 sine
1222 651 1334 719 lege
1363 662 1506 716 sunt,
1544 654 1693 720 quasi
1737 655 1823 721 qui

301 738 422 790 sine
451 737 566 804 lege
596 737 666 789 sit
693 735 830 806 (25),
863 747 915 792 et
949 741 1190 794 omnibus
1234 743 1407 795 omnia
1437 743 1516 806 ﬁt,
1551 753 1608 796 ut
1641 759 1824 796 omnes

297 825 626 889 lucrifaciat,
663 833 728 880 n'e
764 828 900 881 forte
930 838 1202 897 propterea
1238 831 1322 885 hic
1367 831 1605 885 videatur
1648 831 1820 884 indul-

296 932 425 981 gere
451 915 649 969 Judzeis
705 931 768 970 ea
817 932 934 984 qua:
983 919 1048 972 ad
1073 918 1281 973 Galatas
1324 922 1582 983 scribens,
1620 921 1704 974 his
1733 921 1821 989 qui

297 1021 360 1058 ex
389 1006 638 1074 gentibus
671 1007 1011 1060 crediderant
1041 1022 1142 1060 non
1168 1009 1422 1076 indulget.
1470 1011 1606 1063 Dicit
1633 1011 1770 1062 enim
1805 1027 1817 1061 :

302 1114 320 1145 ι
369 1095 505 1159 Quia
560 1095 604 1148 si
651 1097 1102 1149 circumcidamini
1135 1137 1150 1160 ,
1197 1096 1441 1151 Christus
1489 1099 1640 1152 vobis
1692 1097 1821 1150 nihil

298 1186 541 1254 proderit
563 1186 663 1238 ⁵⁸.»
696 1186 837 1240 Nihil
858 1201 983 1256 ergo
999 1189 1244 1255 proderat
1270 1189 1600 1242 circumcisio
1624 1188 1706 1242 his
1731 1187 1820 1256 qui

293 1291 355 1329 ex
389 1290 452 1329 ea
487 1279 744 1344 putabant
772 1278 968 1346 aliquid
995 1279 1390 1345 iustiﬁcationis
1419 1280 1616 1333 assumi
1647 1295 1818 1346 ;-pro‘

289 1367 445 1420 derat
485 1375 664 1420 autem
704 1368 806 1432 his,
843 1369 933 1436 qui
993 1369 1250 1436 putabant
1291 1368 1388 1421 sibi
1435 1369 1498 1420 ad
1550 1369 1814 1422 Christum

291 1471 397 1508 non
425 1471 548 1510 esse
581 1457 919 1525 veniendum,
961 1461 1005 1512 si
1035 1459 1110 1512 eis
1141 1459 1526 1512 circumcidere
1560 1459 1695 1512 ﬁlios
1725 1473 1815 1510 ve-

287 1555 516 1602 taretur.
548 1546 715 1600 Erant
740 1548 880 1604 enim
917 1549 1154 1603 nonnulli
1185 1550 1234 1603 in
1265 1549 1448 1612 initiis,
1479 1549 1568 1616 qui
1595 1549 1818 1603 circum-

287 1637 546 1690 cisionem
577 1637 738 1690 veluti
771 1639 976 1707 insigne
1003 1638 1347 1693 vernaculum
1388 1641 1560 1708 gentis
1589 1655 1697 1694 su:c
1732 1641 1812 1693 ni-

284 1727 392 1778 mio
436 1741 622 1780 amore
662 1737 934 1781 servarent
979 1747 991 1781 :
1034 1739 1088 1782 et
1132 1729 1370 1796 impediri
1416 1729 1730 1782 videbantur
1779 1745 1808 1782 a

282 1815 410 1876 ﬁde,
449 1815 493 1867 si
532 1815 633 1868 hoc
663 1815 770 1884 (‘26)
802 1816 878 1868 eis
907 1825 1176 1869 vetaretur
1219 1832 1323 1884 quo
1356 1830 1540 1870 carere
1572 1832 1672 1869 non
1716 1832 1809 1886 po-

283 1910 475 1956 terant.
515 1902 657 1969 Ergo
689 1903 897 1956 videtur
945 1903 1227 1972 Apostolus
1271 1905 1335 1958 ad
1369 1905 1665 1970 huiusmodi
1713 1910 1809 1959 ho-

281 1994 452 2046 mines
480 1994 688 2056 dicere,
729 2008 794 2047 ne
843 1993 922 2046 eis
977 1993 1098 2048 ﬁdei
1143 1994 1357 2060 ianuam
1406 1995 1636 2058 claudat,
1683 1995 1806 2062 quia

286 2099 304 2132 ι
333 2083 678 2136 circumcisio
723 2082 956 2150 prodest,
1002 2083 1044 2136 si
1095 2083 1263 2151 legem
1291 2085 1557 2138 custodias
1587 2101 1600 2136 :
1633 2085 1676 2137 si
1707 2099 1804 2136 au-

279 2180 386 2221 tem
422 2168 812 2237 prmvaricator
843 2168 974 2238 legis
1005 2170 1096 2233 sis,
1120 2170 1453 2223 circumcisio
1483 2178 1570 2222 tua
1599 2185 1806 2238 ιιι-περιι-

280 2259 407 2311 tium
439 2257 585 2311 facta
612 2266 714 2311 est.
753 2276 772 2309 ι
821 2258 863 2310 Ε
907 2261 1172 2312 contrario
1223 2267 1397 2312 autem
1441 2259 1485 2312 si
1529 2259 1805 2313 credentes

277 2363 341 2402 ex
388 2348 644 2416 gentibus
683 2348 748 2400 ad
799 2347 1252 2401 circumcisionem
1301 2357 1635 2416 cogerentur,
1683 2347 1802 2401 ﬁdei

279 2435 477 2490 Christi
507 2443 565 2489 et
598 2434 962 2502 praedicationi
993 2435 1135 2488 verbi
1162 2435 1272 2487 ﬁeri
1295 2434 1563 2488 videretur
1589 2435 1798 2500 injuria.

277 2523 376 2577 Sed
413 2533 468 2577 et
495 2523 630 2576 illud
653 2523 1040 2576 observandum
1074 2532 1173 2587 est,
1227 2523 1364 2591 quod
1405 2537 1524 2576 cum
1563 2522 1800 2576 dixerit:

279 2631 297 2664 ι
323 2612 682 2667 Circumcisio
702 2612 915 2680 quidem
945 2612 1180 2679 prodest,
1205 2613 1247 2665 si
1267 2611 1428 2679 legem
1447 2611 1750 2664 custodias:
1776 2629 1794 2662 ι

271 2714 373 2752 non
405 2699 634 2764 addidit,
667 2699 725 2752 Si
764 2706 938 2751 autem
982 2713 1083 2751 non
1111 2699 1396 2762 custodias,
1433 2698 1572 2751 sicut
1614 2711 1801 2751 conse-

273 2802 438 2854 quens
470 2787 789 2851 videbatur,
817 2786 910 2839 sed
930 2785 1004 2838 ait
1034 2803 1046 2837 :
1077 2803 1095 2835 ι
1131 2785 1186 2838 Si
1217 2795 1392 2839 autem
1422 2786 1799 2853 praevaricator

273 2876 345 2930 sis
373 2876 532 2945 legis.
569 2893 588 2926 ι
624 2873 680 2928 ιιι
708 2889 814 2942 quo
833 2873 1064 2926 ostendit
1097 2873 1235 2926 aliud
1272 2887 1386 2926 esse
1406 2887 1506 2927 non
1529 2874 1796 2928 custodire

270 2964 459 3032 legem,
507 2963 658 3016 aliud
705 2961 1044 3031 pra'varicari
1093 2960 1279 3029 legem.
1321 2959 1450 3014 Nam
1495 2971 1549 3015 et
1601 2961 1793 3016 Paulus
1821 3003 1862 3061 C

268 3054 378 3122 ipse
427 3068 542 3107 non
587 3066 797 3120 semper
824 3051 986 3118 legem
1024 3051 1269 3114 custodit,
1313 3065 1576 3118 nunquam
1618 3059 1794 3103 tamen

265 3144 650 3210 praevaricator
675 3149 757 3194 est
783 3140 928 3207 legis.
957 3139 1238 3206 Propterea
1271 3139 1320 3191 iu
1352 3139 1795 3205 consequentibus

269 3233 430 3286 dicit:
473 3251 492 3282 ι
529 3230 588 3284 Si
623 3239 800 3284 autem
826 3229 1138 3296 prteputium
1167 3228 1426 3295 justitiam
1459 3228 1588 3296 legis
1620 3237 1796 3283 custo-

266 3324 394 3386 diat,
415 3335 603 3376 nonne
625 3319 885 3389 iudicabit
908 3319 1046 3386 quod
1069 3335 1130 3373 ex
1153 3328 1336 3372 natura
1359 3327 1436 3372 est
1459 3319 1792 3387 przeputium,

265 3413 432 3482 legem
463 3411 777 3481 perﬁciens,
815 3419 884 3472 te,
915 3408 1004 3475 qui
1034 3422 1127 3475 per
1156 3407 1385 3460 litteram
1419 3415 1472 3460 et
1515 3407 1794 3460 circumci-

261 3506 462 3558 sionem
495 3500 881 3571 przevarieator
922 3513 980 3552 es
1023 3497 1196 3565 legis?
1227 3514 1246 3546 ι
1279 3495 1520 3550 Custodit
1560 3509 1685 3565 ergo
1721 3498 1794 3548 lc-

262 3610 380 3663 gem
431 3595 476 3646 is
521 3593 613 3660 qui
646 3605 762 3644 eam
818 3589 1104 3642 secundum
1135 3587 1363 3638 litteram
1391 3585 1640 3638 observat
1676 3601 1690 3647 ;
1737 3595 1791 3638 et

263 3685 308 3737 is
330 3683 722 3751 praevaricatur
752 3694 892 3743 eam,
925 3677 1014 3744 qui
1049 3674 1339 3744 spiritalem
1363 3674 1478 3740 eius
1508 3687 1610 3726 non
1647 3681 1791 3726 tenet

263 3785 498 3824 sensum.
538 3769 756 3823 Justitia
796 3782 923 3820 vero
967 3767 1118 3835 legis,
1169 3765 1384 3819 moralis
1429 3763 1539 3829 eius
1582 3772 1663 3817 est
1710 3761 1788 3816 lo-

257 3879 350 3917 cus
381 3863 516 3932 (27).
566 3861 680 3914 Lex
721 3859 859 3912 enim
895 3858 1144 3926 generale
1184 3854 1497 3910 vocabulum
1547 3865 1670 3907 est:
1708 3854 1791 3921 iu-

256 3952 397 4005 stitia
429 3965 562 4004 vero
589 3962 715 4016 pars
753 3947 884 4015 legis
914 3953 1012 3999 est.
1044 3943 1294 3998 Continet
1325 3941 1465 3993 enim
1505 3939 1589 3992 lex
1629 3940 1786 4002 iusti-

255 4043 378 4106 tias,
426 4051 481 4094 et
526 4038 754 4109 iudicia,
808 4045 862 4088 et
917 4033 1182 4094 mandata,
1249 4039 1302 4084 et
1348 4027 1784 4094 iustificationes,

253 4131 495 4197 aliasque
544 4123 965 4197 quamplurimas
1012 4119 1238 4189 species.
1294 4117 1349 4172 Si
1401 4131 1525 4183 ergo
1579 4131 1784 4184 praepu-

253 4222 384 4275 tium
417 4234 544 4288 ,ιιοιι
597 4218 672 4270 ait
720 4215 886 4283 ipsam
918 4212 1106 4280 legem,
1153 4209 1245 4264 sed
1291 4208 1334 4263 si
1373 4207 1604 4274 iustitias
1652 4207 1785 4273 legis

1925 471 2137 524 occulto
2165 471 2378 525 Judzeus
2409 482 2508 524 est.
2551 472 2605 524 ln
2634 487 2739 539 quo
2769 473 2856 526 ille
2883 474 3091 540 quidem
3122 480 3442 541 praavarica-

1927 570 2008 612 tor
2039 560 2194 628 legis,
2226 563 2314 615 hic
2335 573 2506 615 autem
2547 561 2707 629 iudex
2756 563 3175 631 praevaricatoris
3203 564 3444 622 cﬁicitnr.

1923 647 2304 703 Przcvaricator
2333 661 2509 704 autem
2539 651 2768 704 efﬁcitur
2811 651 2922 720 (28)
2954 653 3180 706 carnalis
3209 653 3443 718 Iudaeus.

1921 741 2046 806 quia
2071 738 2155 791 lex
2179 741 2288 806 ipsa
2310 741 2677 795 inlirmabatur
2699 757 2793 810 per
2817 743 3174 797 carnem.Nisi
3199 745 3337 798 enim
3367 752 3447 798 in-

1922 827 2129 880 ﬁrmata
2162 828 2346 882 fuisset
2366 831 2652 883 secundum
2683 845 2919 894 carnem,
2955 846 3055 884 non
3089 833 3268 900 utique
3297 835 3444 887 dice-

1921 928 2063 968 retur
2089 935 2100 968 :
2128 935 2145 967 ι
2178 916 2307 969 Nam
2335 919 2473 985 quod
2501 919 2824 985 impossibile
2855 929 2972 972 erat
3000 921 3120 985 legi,
3153 923 3204 975 in
3229 937 3338 989 quo
3365 924 3446 976 in-

1920 1005 2228 1059 ﬁrmabatur
2242 1009 2636 1074 percarnem".
2660 1027 2678 1058 ι
2703 1007 2805 1062 Per
2823 1010 3065 1076 spiritum
3092 1021 3268 1065 autem
3301 1015 3445 1066 inﬁr-

1920 1096 2048 1146 mari
2075 1095 2239 1164 legem
2262 1111 2529 1163 nunquam
2557 1098 2789 1151 invenies
2803 1101 3143 1166 scriptum,et
3162 1101 3279 1155 ideo
3300 1121 3317 1153 ι
3349 1105 3440 1170 qui

1919 1183 1970 1234 in
2002 1198 2162 1236 carne
2187 1194 2330 1246 sunt,
2355 1184 2458 1237 Deo
2476 1185 2690 1252 placere
2719 1200 2822 1237 non
2855 1195 3073 1253 possunt
3097 1187 3172 1252 ‘9;
3198 1207 3216 1238 ι
3237 1190 3325 1256 qui
3344 1205 3432 1242 au-

1919 1281 2022 1324 tem
2048 1287 2141 1340 per
2163 1273 2403 1340 spiritum
2437 1282 2588 1328 actus
2620 1274 2795 1327 carnis
2827 1277 3283 1342 mortiﬁcaveriut,
3326 1294 3430 1331 non

1918 1361 2086 1414 solum
2112 1362 2308 1424 vivent,
2337 1363 2652 1429 sediudices
2673 1373 2827 1415 erunt
2867 1379 2970 1416 non
3017 1373 3220 1417 tantum
3263 1367 3438 1419 homi-

1916 1452 2165 1511 num,sed
2184 1451 2549 1517 etangelorum
2571 1453 2718 1520 :quia
2739 1453 2876 1506 illius
2893 1454 3010 1507 laus
3035 1457 3100 1507 ab
3125 1455 3432 1511 hominibus

1913 1548 2012 1602 est,
2034 1539 2186 1609 huius
2202 1556 2228 1592 a
2249 1541 2354 1594 Deo
2375 1543 2437 1594 ⁸ο.
2464 1540 2585 1596 llaec
2601 1543 2809 1610 quidem
2826 1543 2964 1597 dicta
2982 1544 3088 1596 sint
3116 1559 3145 1596 a
3180 1546 3330 1598 nobis
3362 1550 3429 1600 ad

1912 1629 2068 1698 49],
2136 1631 2553 1698 explanationem
2601 1633 2860 1686 sermonis
2913 1635 3218 1701 apostolici,
3268 1651 3426 1703 quem

1845 1698 2172 1772 Bdisserere
2221 1721 2607 1786 proposuimus.
2671 1721 2784 1774 Non
2850 1732 3023 1775 tamen
3075 1724 3425 1790 importunum

1908 1807 2169 1858 videbitur
2219 1807 2375 1860 etiam
2428 1809 2847 1863 circumcisionis
2908 1811 3076 1878 ipsius
3129 1812 3430 1880 generalem

1907 1896 2169 1950 discutere
2220 1897 2514 1960 rationem,
2560 1899 2989 1966 quandoquidem
3048 1901 3113 1954 de
3166 1917 3227 1953 ea
3286 1901 3434 1955 locus

1905 1985 2019 2053 ipse
2061 1987 2407 2038 commonuit.
2454 1986 2773 2054 Repetamus
2805 1989 2985 2057 igitur,
3027 1999 3077 2042 et
3124 1990 3173 2040 in
3204 1991 3430 2042 medium

1904 2075 2254 2141 proferamus,
2289 2076 2331 2128 si
2363 2089 2466 2142 qua
2499 2075 2550 2126 in
2567 2072 2692 2142 lege
2731 2077 2794 2128 de
2823 2091 2905 2139 ea,
2943 2078 3023 2129 vel
3067 2078 3115 2129 in
3145 2078 3432 2144 Scripturis

1902 2163 2108 2214 caeteris
2133 2163 2491 2215 continentur.
2552 2163 2848 2216 Invenimus
2880 2164 2928 2215 in
2956 2163 3147 2217 Genesi
3175 2167 3430 2232 scriptum

1902 2251 2126 2318 primum
2161 2251 2224 2303 de
2260 2251 2665 2304 circumcisione
2684 2252 3152 2318 mandatum,cuin
3175 2269 3429 2320 responsa

1901 2339 2150 2392 darentur
2195 2341 2258 2391 ad
2311 2341 2575 2393 Abraham
2646 2342 2746 2395 hoc
2825 2343 2980 2396 modo
3008 2343 3050 2373 “
3083 2359 3097 2394 :
3134 2362 3151 2394 ι
3184 2344 3248 2396 Εῑ
3297 2346 3430 2399 dixit

1900 2428 2038 2483 Deus
2067 2429 2132 2481 ad
2178 2429 2444 2488 Abraham
2478 2448 2491 2484 :
2519 2429 2596 2484 Tu
2623 2441 2800 2485 autem
2842 2442 3213 2486 testamentum
3253 2449 3428 2488 meum

1899 2522 2151 2584 servabis,
2195 2533 2248 2575 et
2273 2536 2433 2574 omne
2473 2537 2653 2576 semen
2699 2532 2842 2576 tuum
2893 2534 3013 2591 post
3041 2534 3091 2578 te
3121 2527 3172 2578 in
3199 2540 3426 2594 genera—

1899 2611 2067 2666 tiones
2090 2624 2230 2666 suas.
2256 2611 2317 2664 Et
2341 2612 2440 2666 hoc
2471 2613 3011 2680 testamentum,quod
3033 2614 3267 2680 disposui
3290 2617 3427 2668 inter

1898 2715 1982 2753 me
2008 2708 2061 2754 et
2088 2715 2200 2765 vos,
2225 2711 2276 2754 et
2303 2702 2442 2755 inter
2469 2716 2551 2755 me
2573 2714 2625 2755 et
2649 2702 2788 2754 inter
2807 2703 3038 2754 medium
3066 2703 3286 2757 seminis
3315 2705 3425 2772 (29)

1897 2790 1970 2842 tui
2005 2799 2120 2857 post
2157 2801 2207 2843 te
2241 2791 2291 2843 in
2322 2792 2688 2858 generationes
2741 2786 2926 2844 eorum
2962 2811 2975 2844 :
3016 2792 3426 2846 circumcidetur

1895 2894 2050 2932 omne
2075 2881 2420 2934 masculinum
2448 2889 2703 2944 vestrum,
2723 2891 2775 2934 et
2799 2881 3187 2935 circumcidetis
3208 2898 3421 2936 carnem

1895 2969 2130 3035 praeputii
2158 2970 2342 3034 vestri,
2369 2977 2421 3022 et
2449 2969 2551 3022 erit
2603 2971 2655 3021 in
2702 2970 2905 3038 signum
2955 2970 3251 3022 testamenti
3285 2970 3424 3022 inter

1895 3071 1978 3109 me
2005 3067 2058 3109 et
2084 3072 2214 3110 vos:
2253 3067 2307 3111 et
2363 3073 2496 3125 puer
2528 3067 2714 3111 octava
2773 3057 2856 3110 die
2913 3057 3321 3110 circumcidetur
3365 3059 3420 3111 in

1893 3145 2060 3204 vobis,
2087 3147 2260 3200 omnis
2301 3147 2565 3199 masculus
2609 3147 2660 3198 in
2708 3145 3141 3213 generationibus
3175 3147 3366 3199 vestris
3401 3165 3415 3200 :

1891 3235 2223 3299 vernaculus,
2280 3244 2334 3289 et
2386 3236 2608 3302 pecunia
2652 3243 2858 3302 emptus
2905 3235 2970 3287 ab
3020 3235 3262 3289 omnibus
3297 3236 3418 3290 ﬁliis

1893 3323 2328 3392 alienigenarum,
2357 3323 2445 3390 qtti
2479 3338 2582 3376 non
2611 3333 2781 3376 estex
2807 3323 3009 3376 semine
3042 3332 3153 3388 tuo,
3187 3325 3415 3378 circum-

1891 3410 2091 3463 cisioue
2122 3411 2552 3464 circumcidetur
2594 3409 2912 3462 vernaculus
2955 3411 3141 3463 domus
3196 3421 3318 3473 tute,
3365 3425 3417 3464 et

1891 3499 2110 3565 pecunia
2132 3507 2464 3566 comparatus
2487 3513 2516 3552 a
2547 3508 2624 3552 te:
2651 3509 2702 3552 et
2719 3501 2820 3553 erit
2849 3508 3219 3553 testamentum
3243 3515 3413 3553 meum

1889 3604 2048 3656 super
2095 3604 2309 3642 carnem
2347 3598 2578 3642 vestram
2610 3597 2984 3642 testamentum
3030 3598 3286 3642 aeternum
3317 3606 3330 3641 Ξ
3363 3597 3417 3640 et

1889 3678 2289 3732 incircmncisus
2320 3679 2586 3733 masculus
2618 3679 2710 3746 qui
2737 3694 2840 3731 non
2874 3678 3032 3732 fuerit
3070 3679 3414 3732 circumcisus

1888 3766 1940 3819 in
1980 3782 2136 3820 carne
2166 3768 2404 3835 przeputii
2453 3769 2534 3821 sui
2581 3769 2663 3821 die
2708 3775 2919 3829 octava,
2971 3766 3414 3820 exterminabitur

1829 3865 1837 3876 ’
1887 3850 2059 3903 anima
2087 3850 2174 3903 illa
2220 3852 2283 3905 de
2317 3867 2512 3920 genere
2561 3866 2656 3906 suo
2688 3852 2820 3921 (30),
2853 3853 2977 3919 quia
3031 3861 3409 3904 testamentum

1887 3953 2060 3992 meum
2099 3940 2395 4008 dissipavit.
2433 3961 2452 3993 ι
2517 3941 2631 3994 Non
2684 3956 2782 3996 nos
2829 3950 3003 3994 tamen
3043 3942 3208 3995 latere
3237 3943 3408 4006 debet,

1887 4031 2023 4096 quod
2062 4033 2112 4081 in
2167 4030 2286 4083 aliis
2328 4030 2716 4097 exemplaribus
2755 4047 2855 4085 non
2903 4031 3126 4085 habetur
3156 4031 3408 4098 positum,

1890 4137 1908 4168 ι
1935 4129 2123 4172 octava
2149 4119 2252 4182 die,
2280 4138 2298 4170 ι
2341 4120 2392 4171 in
2422 4121 2522 4174 hoc
2565 4121 2821 4173 duntaxat
2853 4121 2989 4174 loco.
3017 4120 3144 4172 Item
3177 4121 3226 4172 in
3255 4118 3411 4170 Levi-

1891 4211 1996 4260 tico
2022 4208 2275 4274 scriptum
2301 4215 2383 4260 est
2403 4207 2446 4238 "
2479 4221 2492 4256 :
2529 4225 2546 4256 c
2582 4205 2648 4258 Et
2682 4207 2889 4260 locutus
2916 4215 2998 4260 est
3036 4207 3289 4261 Dominus
3342 4208 3409 4259 ad

250 4311 546 4373 custodiat,
581 4309 634 4361 in
666 4314 870 4358 tantum
905 4299 1182 4369 praefertur
1212 4297 1603 4352 circumcisioni
1645 4309 1782 4364 νηη-
1814 4301 1858 4353 D
1889 4297 2098 4366 Moysen
2131 4297 2310 4349 dicens
2339 4312 2353 4349 :
2389 4295 2629 4363 Loquere
2659 4295 2784 4350 ﬁliis
2811 4295 2973 4349 Israel
2997 4334 3013 4360 ,
3056 4303 3109 4350 et
3161 4295 3306 4350 dices
3342 4297 3410 4349 ad

248 4399 515 4454 varicanti
544 4397 738 4464 legem,
768 4400 825 4444 ut
851 4391 1010 4444 etiam
1037 4387 1241 4457 iudicet
1270 4400 1408 4440 eam.
1436 4385 1500 4438 Et
1523 4384 1659 4438 bene
1685 4385 1780 4436 ad-

250 4492 410 4556 didit,
446 4507 466 4539 ‹
500 4489 674 4554 legem
703 4479 1004 4552 perﬁcicns.
1034 4496 1052 4529 ι
1085 4475 1174 4528 Ille
1205 4474 1342 4526 enim
1371 4474 1460 4541 qui
1497 4472 1781 4526 secundum

249 4580 485 4633 litteram
531 4575 688 4634 vivit,
733 4569 1004 4624 custodire
1033 4566 1225 4620 dicitur
1259 4563 1426 4631 legem
1468 4577 1482 4624 ;
1529 4561 1629 4614 iste
1661 4575 1784 4613 vero

245 4670 334 4736 qui
370 4665 674 4722 secundum
712 4660 974 4728 spiritum,
1006 4653 1257 4722 perﬁcere
1283 4666 1297 4704 :
1321 4648 1577 4716 perfectio
1604 4657 1781 4701 autem

246 4735 380 4827 legis
408 4758 464 4809 in
496 4753 718 4808 Christo
755 4757 854 4810 est,
885 4746 974 4814 qui
1009 4744 1185 4797 dixit:
1220 4758 1237 4790 ι
1274 4738 1385 4792 Νοιι
1418 4739 1536 4791 veni
1575 4735 1782 4827 solvere

245 4826 438 4914 legem,
470 4843 571 4898 sed
594 4839 879 4907 adimplere
905 4835 972 4887 ⁸⁷.
1005 4851 1024 4884 ι
1049 4829 1350 4897 Adimplere
1381 4837 1556 4880 autem
1585 4826 1778 4893 legem,

247 4937 349 4990 hoc
387 4944 475 4989 est
500 4931 761 5002 perﬁcere
802 4926 991 4996 legem.
1035 4918 1270 4976 Custodit
1299 4930 1423 4984 ergo
1460 4914 1628 4980 legem
1661 4928 1779 4967 car-

1884 4399 2010 4439 eos:
2040 4384 2224 4438 Mulier
2252 4399 2577 4452 quacunque
2620 4387 2913 4452 susceperit
2933 4399 3136 4448 semen,
3169 4393 3223 4438 et
3253 4399 3412 4454 pepe-

1885 4475 2014 4527 rerit
2061 4474 2368 4537 masculum,
2427 4475 2695 4527 immunda
2756 4475 2860 4526 erit
2918 4481 3118 4540 septem
3173 4473 3406 4537 diebus,

1887 4564 2172 4616 secundum
2210 4565 2325 4616 dies
2375 4564 2706 4631 purgationis
2753 4563 3021 4616 immunda
3055 4563 3178 4627 erit,
3224 4572 3277 4614 et
3326 4562 3410 4615 die

1886 4662 2075 4704 octava
2107 4652 2450 4706 circumcidet
2491 4667 2706 4705 carnem
2763 4651 3006 4720 praputii
3049 4650 3184 4716 eius,
3223 4661 3272 4703 et
3312 4652 3408 4703 tri-

1885 4744 2028 4808 ginta
2063 4740 2231 4792 tribus
2250 4740 2432 4792 diebus
2457 4739 2660 4792 sedebit
2693 4739 2746 4791 in
2773 4737 3028 4804 sanguine
3051 4751 3147 4788 suo
3185 4736 3410 4788 immun-

1886 4829 1972 4882 da.
2013 4847 2032 4879 ι
2081 4828 2200 4882 Hac
2226 4829 2437 4896 quidem
2468 4829 2532 4881 de
2558 4828 2672 4894 lege
2699 4827 2866 4894 Moysi
2893 4824 3189 4878 testimonia
3229 4824 3408 4890 posui-

1884 4931 2020 4970 mus.
2068 4915 2310 4968 Salvator
2334 4930 2460 4969 vero
2488 4915 2538 4966 in
2571 4913 2860 4980 Evangelia
2888 4911 2997 4973 ait,
3045 4907 3416 4959 circumcisio-

318 5078 400 5130 ’ἰ
423 5077 555 5130 Coro
583 5088 657 5135 ην
683 5069 865 5124 εθθε·
939 5067 984 5098 ⁸⁸
1005 5063 1175 5135 (ἶὲδΙπῑο
1215 5076 1267 5120 νυ
1295 5059 1345 5112 ἓ.
1370 5042 1464 5135 _""'
1507 5055 1690 5108 Matth.
1728 5070 1778 5120 v,
1803 5059 1888 5114 l7.
1962 5060 2009 5092 ⁸⁸
2034 5060 2182 5112 Rom.
2213 5072 2328 5115 vni,
2361 5055 2413 5106 3.
2486 5054 2529 5084 '9
2555 5052 2681 5105 ibid.
2713 5051 2746 5107 8
2807 5052 2895 5103 15.
2970 5047 3014 5076 ⁶⁰
3038 5043 3203 5096 Rom.
3250 5041 3422 5106 n,9.9.

249 5129 698 5204 "adiimus
733 5153 882 5206 seqq.
956 5135 1000 5165 °'
1040 5131 1163 5184 Lev.
1216 5143 1311 5190 xu,
1365 5129 1388 5180 1
1444 5140 1595 5192 seqq.

230 5232 238 5257 ’
317 5281 432 5350 (25)
462 5276 632 5338 Eam,
669 5294 686 5326 ε
713 5270 863 5340 quasi
894 5268 1006 5322 sine
1036 5268 1147 5334 lege
1177 5263 1263 5318 εῖι,
1301 5282 1319 5314 ,
1957 5256 2062 5327 (29)
2099 5271 2116 5303 ι
2146 5253 2211 5304 Et
2253 5251 2390 5327 inter
2417 5247 2647 5300 medium
2681 5246 2928 5300 seminis,
2969 5255 2988 5286 ι
3021 5242 3126 5287 etc.
3161 5230 3272 5308 Sic
3317 5232 3447 5286 edit.

320 5350 430 5378 mm
465 5367 481 5378 .
521 5345 635 5378 um.
683 5362 701 5378 .
741 5345 891 5378 nm:
922 5337 971 5378 in
994 5336 1166 5378 editis.
1888 5326 2010 5378 Mss.
2044 5337 2203 5375 vero:
2242 5329 2324 5370 «et
2349 5325 2486 5367 mter
2515 5330 2696 5368 semen
2735 5325 2884 5368 tuum
2918 5312 3046 5373 905'-
3081 5308 3134 5352 ιθ
3185 5314 3257 5350 ιη
3291 5313 3456 5366 εωθ-

320 5336 430 5417 (26)
465 5367 483 5398 ι
519 5336 654 5398 Hoc.
682 5362 701 5394 ι
730 5336 971 5415 Deestin
994 5336 1166 5410 editis.
1198 5402 1208 5411 ι
1435 5399 1446 5410 ο
1478 5397 1488 5408 ¹

320 5417 430 5452 lci-rt
462 5414 535 5452 Im
577 5426 703 5452 mne-
735 5415 928 5452 nostri.
961 5403 1056 5452 Ast
1086 5401 1230 5452 edttt.
1266 5417 1284 5450 ι
1313 5397 1544 5452 Jusltttte
1574 5393 1785 5448 verolc-

1898 5336 2010 5378 “ss.
2044 5337 2166 5375 vero
2194 5343 2203 5373 :
2242 5336 2324 5370 «οι
2349 5336 2486 5367 Inter

1898 5395 2098 5446 ratione
2129 5397 2460 5452 sanctorum.
2493 5401 2512 5433 ι

319 5401 715 5528 ςὲῖιξίξξξηῒέξι
735 5403 1056 5526 ,Αδι
1086 5401 1230 5463 edn"
1266 5417 1284 5450 .
1313 5401 1544 5453 “suum
1574 5407 1693 5447 vero
1714 5401 1785 5448 Ια-
1891 5401 2554 5528 “217,06?Eiliiiff’i"§'ii.ia
2585 5450 2672 5506 illa
2715 5451 2778 5505 de
2818 5450 3034 5515 genere
3072 5444 3191 5488 suo.
3221 5448 3249 5481 ι
3312 5429 3475 5493 Mss,

254 5477 351 5554 eis}
383 5477 608 5554 merdis.
638 5487 715 5554 est
745 5477 911 5554 '°°".S:

1961 5477 2068 5528 (ου)
2122 5477 2277 5514 ὓυιιι,
2324 5477 2342 5501 I

1905 5548 1918 5554 -
1949 5529 2032 5554 ιιι,⁵
2062 5527 2122 5554 ,1η
2148 5521 2330 5554 nnnn|n
2353 5534 2374 5554 α

320 5521 822 5622 ξὶὲῖνὶἓίᾗςῖῖιὶιίῖἶ
851 5538 907 5590 In
941 5535 1095 5589 editis
1119 5533 1395 5587 omittitur.
1903 5548 1918 5578 ι
1949 5521 2033 5582 ille
2052 5521 2122 5578 de
2148 5521 2330 5592 populo
2353 5531 2462 5572 suo.
2493 5534 2514 5567 ι
