3836 6230
318 278 425 333 905

320 411 440 451 nem
491 393 730 458 accipere
757 384 1023 440 hominem
1064 379 1116 432 in
1150 376 1407 443 Sabbato,
1468 383 1523 426 et
1567 387 1668 425 non

325 496 490 554 legem
519 481 676 549 Moysi
702 496 717 542 ;
739 487 795 529 et
821 475 949 527 dicit
976 486 1095 524 eam
1119 485 1184 523 ex
1208 468 1446 537 patribus
1478 480 1615 525 esse,
1644 472 1696 515 et
1727 468 1851 512 ante

324 552 533 643 Aloysen
594 571 769 621 datam
836 565 899 616 ⁸³.
958 563 1119 627 Cujus
1176 560 1459 614 sententiae
1510 552 1852 615 auctoritate,

323 665 475 719 simul
512 669 565 714 et
593 659 773 725 legalis
800 655 1056 724 przeccpti
1100 654 1361 721 gravitate
1392 649 1615 717 permoti
1644 687 1658 709 ,
1690 644 1850 697 etiam

324 762 441 824 post
472 751 754 803 adventum
788 745 911 799 Jesu
946 744 1091 796 suasi
1125 751 1248 795 sunt
1269 742 1480 810 quidam
1524 736 1851 798 circumcidi,

324 858 443 895 cum
475 848 655 893 essent
701 852 764 889 ex
815 835 1079 904 gentibus.
1131 834 1231 885 Alii
1284 848 1427 893 vero,
1485 830 1855 882 horrescentcs

324 930 526 997 pondus
558 926 828 994 praecepti,
861 923 1170 992 refugerunt
1196 922 1407 988 penitus
1436 919 1597 972 etiam
1636 919 1701 970 ab
1724 917 1855 984 ipsis

328 1020 531 1086 legibus
556 1018 606 1069 iu
632 1015 825 1082 quibus
849 1015 960 1067 haec
989 1012 1186 1078 scripta
1215 1010 1547 1069 videbantur,
1572 1008 1642 1060 ita
1678 1015 1734 1059 ut
1762 1022 1855 1073 pn-

327 1115 500 1158 tarent
526 1104 638 1155 hrec
681 1117 783 1154 non
817 1114 937 1152 esse
988 1099 1110 1150 boni
1161 1096 1248 1149 Dei
1302 1095 1568 1151 mandata,
1602 1106 1700 1144 nec
1742 1088 1856 1155 ejus

325 1210 439 1258 qua:
456 1194 714 1246 Dominus
743 1200 796 1243 et
820 1189 1068 1242 Salvator
1091 1194 1268 1238 uoster
1290 1184 1582 1251 praedicare
1606 1182 1854 1234 venisset.

325 1284 390 1335 Et
439 1284 555 1334 ideo
604 1281 728 1333 tuihi
775 1279 985 1330 videtur
1042 1275 1346 1341 diligentior
1391 1273 1441 1324 in
1491 1271 1684 1323 talibus
1726 1268 1859 1321 locis

326 1370 627 1424 adhibenda
672 1369 953 1429 discussio,
1013 1366 1055 1418 si
1098 1366 1169 1418 sit
1214 1362 1406 1430 aliquid
1455 1360 1506 1413 in
1560 1354 1857 1425 hujnsmodi

326 1459 577 1509 mandato
607 1456 849 1509 utilitatis
888 1454 1049 1506 etiam
1091 1451 1381 1504 secundum
1413 1448 1647 1500 litteram
1680 1461 1694 1499 :
1735 1454 1788 1498 et
1815 1442 1858 1496 si

331 1548 437 1601 sint
468 1548 660 1612 quibus
689 1545 818 1596 utile
840 1544 928 1603 sit,
957 1543 1038 1595 vel
1067 1556 1223 1607 quem
1253 1540 1316 1591 ad
1347 1538 1500 1590 linem
1533 1535 1712 1588 tendat
1748 1533 1862 1600 ejus

330 1638 534 1690 utilitas
560 1676 574 1694 .
603 1645 694 1687 aut
717 1634 760 1687 si
788 1633 986 1699 aliquid
1032 1632 1213 1683 utilius
1254 1626 1547 1695 ﬁguraliter
1576 1624 1857 1676 indicetur.

332 1724 496 1791 Igitur
528 1732 831 1788 repetentes
863 1735 923 1774 ea
960 1735 1076 1788 qua!
1110 1735 1171 1770 ex
1217 1717 1330 1785 lege
1362 1715 1678 1784 protulimus
1713 1711 1862 1763 testi-
1894 1680 1934 1733 Β
1965 1702 2104 1754 ﬁlios

332 1814 531 1875 monia,
561 1812 906 1864 discutiamus
929 1811 1205 1867 attentius,
1255 1817 1503 1859 utrumne
1530 1803 1626 1856 soli
1652 1800 1864 1854 Iudaeo-

334 1920 449 1956 rum
490 1903 629 1970 genti
680 1903 921 1952 videatur
977 1897 1270 1964 hujusmodi
1324 1893 1601 1947 imminere
1651 1890 1865 1943 manda-

334 2004 466 2051 tmn,
502 2006 567 2041 an
596 1999 658 2057 Iet
706 1980 893 2041 omnes
940 1988 1030 2054 qui
1086 2002 1151 2039 ex
1206 1984 1453 2053 gentibus
1494 1980 1860 2039 crediderunt,

335 2096 484 2149 {equa
518 2089 662 2133 sorte
701 2078 1046 2145 constringat.
1086 2077 1393 2128 lntucamur
1422 2088 1548 2140 ergo
1579 2070 1706 2122 illud
1727 2068 1868 2137 quod

337 2174 402 2225 ad
461 2172 728 2224 Alraham
780 2168 1021 2221 defertur
1077 2168 1371 2229 oraculum,
1422 2178 1526 2230 quo
1562 2162 1744 2229 jussus
1788 2169 1871 2213 est

335 2262 756 2318 circumcisionis
794 2269 1104 2313 testamenta
1159 2271 1391 2311 scrvare.
1452 2272 1471 2305 ι
1501 2253 1579 2306 Τυ
1603 2293 1617 2317 ,
1655 2253 1869 2321 inquit,

341 2359 710 2405 testamentum
741 2363 916 2400 meum
939 2346 1175 2400 servabis
1194 2384 1209 2408 ,
1240 2354 1293 2397 el
1321 2357 1479 2395 omne
1507 2357 1688 2397 semen
1725 2351 1869 2393 tuum

337 2454 455 2509 post
482 2451 531 2495 te
554 2455 646 2508 per
667 2439 1036 2508 generationes
1064 2451 1209 2488 suas.
1259 2434 1321 2485 Et
1353 2435 1452 2487 hoc
1478 2441 1559 2487 est
1588 2441 1872 2485 testamen-

342 2541 451 2582 tum
498 2530 634 2596 quod
670 2528 900 2595 disposui
935 2529 1072 2580 inter
1116 2540 1233 2587 me,
1293 2532 1346 2576 et
1397 2533 1469 2584 te,
1501 2531 1555 2575 et
1605 2521 1767 2588 ipsos,
1818 2526 1875 2571 ut

342 2618 760 2671 circumcidatur
785 2630 941 2669 omne
967 2614 1313 2666 masculinum
1340 2625 1543 2673 eorum,
1569 2618 1624 2660 et
1649 2608 1875 2659 circum-

343 2708 524 2761 cidant
554 2721 765 2759 carnem
792 2704 1035 2772 praeputii
1063 2703 1166 2766 sui,
1200 2710 1257 2754 ut
1284 2702 1354 2754 sit
1379 2702 1429 2752 in
1468 2700 1676 2767 signum
1712 2703 1876 2748 testa-

347 2797 510 2851 menti
542 2797 680 2848 inter
707 2809 811 2855 me,
839 2803 893 2846 et
921 2794 1092 2861 ipsos;
1122 2800 1176 2846 et
1197 2790 1370 2844 omnis
1402 2788 1667 2841 masculus
1689 2795 1875 2839 octava

346 2886 431 2939 die
462 2884 880 2938 circumcidatnr
917 2882 984 2936 “.
1015 2902 1032 2932 ι
1081 2881 1227 2947 Quos
1271 2894 1398 2937 sane
1435 2877 1546 2945 (⁸51)
1604 2875 1763 2930 etiam
1808 2888 1877 2930 ex

1718 241 2032 304 ORIGENIS
2070 252 2081 284 ι

1717 368 1848 423 solvi
1880 371 2029 424 Acsl
2096 354 2333 417 advenis,
2384 352 2653 420 loquatur,
2710 336 3070 425 necessario
3144 330 3363 425 utique
3410 326 3607 425 obstari

3505 208 3611 265 91M

1954 448 2127 501 vanda
2173 443 2445 499 distinctio
2490 448 2615 492 est:
2648 421 2804 502 quia
2835 430 2993 482 sicut
3049 424 3113 476 in
3169 418 3270 472 his
3338 414 3488 468 locis
3517 413 3612 466 ubi

1951 539 2144 591 dicitur
2173 552 2187 588 :
2229 534 2501 602 «Loquere
2532 528 2597 580 ad
2634 528 2832 579 Aaron
2874 518 2924 549 ⁶⁹
2948 533 3005 581 ;›
3047 521 3115 566 et
3151 507 3304 602 alibi
3338 504 3392 537 ⁷⁸
3419 522 3437 558 :
3471 502 3613 602 «L0:

1949 642 2113 696 quere
2144 626 2209 677 ad
2244 592 2382 675 ﬁlios
2419 622 2635 678 Aaron;
2666 633 2688 665 ι
2745 621 2805 663 et
2834 605 2979 660 alibi
3016 604 3086 633 ⁷³·
3110 616 3127 651 :
3171 617 3195 650 ι
3227 596 3507 696 Loquere
3547 592 3615 646 ad

1952 686 2187 778 Levites,
2210 721 2263 768 et
2287 712 2434 765 dices
2455 708 2521 761 ad
2553 720 2707 763 eos.»
2744 709 2979 754 certum
3014 699 3118 746 est
3151 703 3281 742 non
3315 686 3618 753 subiacere

1953 771 2188 875 reliquos
2238 802 2373 856 ﬁlios
2418 796 2589 852 Israel
2650 792 2740 846 his
2806 785 3084 857 legibus,
3144 790 3289 875 quae
3339 772 3437 829 vel
3494 771 3618 825 ﬁliis

1953 867 2151 961 Aaron,
2170 894 2254 948 vel
2288 890 2508 951 Levitis,
2541 884 2627 939 vel
2655 882 2760 952 ipsi
2786 880 2990 933 Aaron
3022 867 3444 943 promulgata
3462 873 3617 916 sunt:

1954 990 2025 1043 ita
2055 987 2214 1041 etiam
2245 995 2362 1049 quae
2388 979 2515 1033 ﬁliis
2545 972 2715 1028 Israel
2754 970 3076 1037 jubentur.
3121 973 3244 1014 nec
3285 953 3621 1023 alienigenae

1956 1071 2211 1124 memoria
2238 1056 2468 1126 ulla'lit,
2503 1075 2609 1114 non
2654 1066 2742 1113 est
2778 1052 3122 1121 putandum
3186 1055 3516 1099 commune
3571 1041 3621 1092 in

1954 1160 2039 1213 his
2083 1172 2200 1211 esse
2245 1153 2598 1212 mandatum,
2651 1145 2739 1200 vel
2784 1150 3188 1197 communem
3240 1130 3375 1186 ﬁeri
3419 1130 3620 1199 legem,

1957 1252 2043 1303 ubi
2078 1243 2452 1317 appellationis
2493 1240 2733 1293 habetur
2781 1230 3091 1300 exceptio.
3165 1225 3375 1280 Pauca
3441 1231 3622 1274 tamen

1957 1343 2021 1395 ad
2050 1342 2240 1394 horum
2288 1333 2667 1405 probationem
2720 1322 3074 1381 testimonia
3114 1317 3519 1372 adhibeamus
3559 1324 3625 1363 ex

1956 1431 2221 1501 plurilms,
2257 1442 2351 1494 per
2380 1438 2501 1492 qua:
2545 1418 2931 1475 necessariam
2984 1420 3138 1466 esse
3206 1407 3305 1460 vel
3356 1403 3626 1472 adjectio-

1960 1499 2230 1582 nem,vel
2261 1514 2640 1582 exceptionem
2698 1503 3046 1571 huiusmodi
3105 1499 3428 1553 nominum
3477 1509 3626 1549 com-

1961 1612 2266 1680 probemus.
2294 1606 2348 1658 ln
2376 1604 2563 1672 primis
2583 1597 2817 1654 Levitici
2846 1593 3141 1666 partibus
3164 1588 3356 1661 492
3381 1587 3456 1640 ad
3484 1586 3626 1640 solos

2154 1696 2319 1751 Israel
2381 1694 2555 1748 fertur
2604 1685 2936 1759 hujusmodi
3001 1683 3111 1737 lex
3148 1698 3168 1734 :
3224 1698 3247 1730 ι
3284 1678 3572 1744 Loquere,
3605 1694 3623 1725 ι

1965 1795 2136 1862 inquit
2166 1784 2652 1850 Dominus,¢ﬁliis
2705 1780 2913 1845 Israel,
2975 1786 3047 1832 et.
3107 1776 3291 1831 dices
3354 1774 3428 1827 ad
3487 1786 3623 1825 eos:

1965 1885 2132 1937 llomo
2160 1897 2225 1935 ex
2254 1880 2409 1933 vobis
2426 1879 2471 1933 si
2495 1875 2690 1931 oﬂ'crat
2711 1870 2860 1924 dona
2884 1870 3013 1923 Deo
3047 1883 3129 1921 ex
3154 1865 3478 1936 pecoribus
3509 1862 3580 1928 ",
3603 1879 3621 1912 ι

1965 1984 2017 2028 et
2043 1980 2233 2027 caetera
2255 1989 2269 2037 ;
2295 1977 2350 2024 et
2380 1969 2575 2023 iterum
2609 1983 2623 2018 :
2668 1982 2686 2013 ι
2714 1962 2784 2016 Et
2817 1962 3072 2014 locutus
3105 1966 3209 2011 est
3244 1957 3532 2011 l‘ominns
3563 1953 3626 2006 ad

1966 2063 2185 2133 Moysen
2241 2062 2469 2115 dicens:
2503 2055 2761 2123 Loquere
2824 2051 2971 2105 ﬁliis
3024 2047 3231 2103 Israel
3274 2064 3289 2100 :
3329 2044 3534 2098 Anima
3584 2042 3627 2097 si

1970 2152 2274 2223 peccaverit
2303 2166 2407 2203 non
2449 2146 2735 2201 voluntate
2770 2142 2842 2202 ",
2878 2158 2900 2192 ι
2948 2149 3015 2194 et
3076 2146 3338 2192 cartera.
3395 2133 3523 2188 Haec
3577 2140 3629 2187 et

1970 2240 2269 2308 hujusmodi
2298 2238 2420 2307 quis
2445 2236 2659 2290 dubitet
2693 2232 2850 2301 quod
2895 2231 2976 2284 ad
3033 2228 3217 2284 solos
3278 2226 3435 2280 ﬁlios
3469 2223 3622 2277 Israel

1969 2329 2325 2385 mandentur?
2356 2327 2473 2381 Alia
2506 2340 2641 2380 vero
2685 2338 2798 2376 non
2838 2321 2999 2390 ipsis
3021 2359 3041 2383 ,
3100 2319 3214 2374 sed
3270 2318 3465 2373 Aaron
3495 2355 3512 2380 ,
3546 2314 3624 2369 vel

1971 2421 2097 2475 ﬁliis
2123 2420 2259 2486 ejus,
2290 2427 2347 2471 ut
2378 2416 2510 2469 dicit
2548 2414 2601 2466 in
2629 2408 3163 2478 consequentibus
3201 2425 3219 2461 :
3264 2425 3286 2458 ι
3319 2407 3391 2460 Ει
3423 2406 3625 2459 locutus

1972 2522 2053 2566 est
2083 2508 2336 2562 Dominus
2361 2505 2427 2557 ad
2461 2502 2682 2572 Moysen
2718 2499 2933 2553 dicens
2972 2515 2991 2552 :
3037 2497 3325 2566 Praecipe
3362 2496 3545 2551 Aaron
3576 2504 3625 2549 et

1974 2600 2098 2654 ﬁliis
2119 2598 2234 2664 ejus
2261 2596 2445 2647 dicens
2470 2606 2486 2645 :
2520 2590 2646 2643 Hth
2674 2598 2760 2642 est
2787 2588 2886 2641 lex
2925 2588 3445 2641 Itolocaustornm
3473 2586 3519 2617 "
3543 2626 3559 2649 ,
3602 2602 3620 2633 ι

1973 2698 2076 2742 etc.
2104 2702 2119 2750 ;
2155 2693 2210 2737 et
2237 2695 2447 2734 rursum
2485 2694 2499 2729 :
2539 2677 2825 2730 «Locutus
2847 2686 2950 2727 est
2990 2676 3304 2731 Dominus
3336 2677 3406 2730 ad
3422 2673 3624 2745 Moysen

1975 2780 2197 2832 dicens:
2233 2772 2480 2839 Loquere
2514 2769 2698 2822 Aaron
2737 2776 2799 2820 et
2833 2767 2990 2821 ﬁliis
3030 2767 3177 2837 ejus
3221 2769 3424 2823 dicens
3461 2784 3477 2821 :
3512 2765 3626 2819 Ilazc

1975 2877 2060 2923 est
2116 2868 2200 2920 lex
2252 2861 2458 2932 peccati
2495 2857 2594 2915 :ln
2646 2858 2772 2913 loco
2826 2872 2956 2926 quo
3008 2857 3431 2928 jugulaverint
3469 2855 3615 2912 ιιοιο.

346 2974 682 3041 alienigenis,
710 2973 891 3035 idest,
922 2972 1009 3039 qui
1046 2970 1264 3023 minime
1305 2984 1369 3022 ex
1411 2967 1675 3021 Abraham
1703 2966 1873 3033 stirpe
1904 2984 1946 3040 ε
1977 2969 2242 3014 caustum,
2278 2953 2348 3006 ibi
2369 2949 2700 3020 jugulabunt
2744 2962 2855 3016 pro
2903 2959 3187 3017 peccato
3235 2949 3299 3004 in
3332 2958 3620 3016 conspectu

348 3066 616 3129 dicuntur,
642 3061 953 3117 circumcidi
979 3060 1107 3113 velit
1151 3057 1286 3128 (32).
1329 3057 1608 3111 manifeste
1642 3070 1880 3124 pronun-

349 3157 477 3208 ciat.
525 3154 615 3208 Ait
658 3166 932 3219 namque:
968 3150 1325 3204 «Vernaculus
1359 3160 1513 3211 tuus,
1562 3156 1616 3201 et
1656 3148 1878 3213 pecunia

349 3254 559 3312 emptus
588 3243 656 3296 ab
683 3242 930 3295 omnibus
951 3241 1074 3293 ﬁliis
1100 3239 1536 3306 alienigenarum,
1567 3237 1654 3303 qui
1675 3250 1778 3288 non
1802 3244 1884 3288 est

349 3349 416 3386 ex
445 3332 649 3386 semine
680 3340 803 3391 tuo,
837 3328 1247 3382 circumcisione
1291 3325 1706 3389 circumcidatur
1750 3323 1814 3377 ⁸⁸.
1858 3340 1876 3371 ι

350 3422 618 3490 Nusquam
646 3419 772 3473 fecit
799 3417 1068 3487 proselyti,
1092 3416 1142 3469 id
1170 3423 1253 3469 est
1272 3415 1510 3475 advenze,
1533 3413 1879 3472 mentionem;

351 3512 444 3566 sed
478 3509 820 3564 vernaculum
850 3522 1082 3569 servum,
1101 3504 1340 3573 profecto
1364 3504 1535 3571 gentis
1562 3500 1882 3565 iIIius,domi

353 3610 554 3659 natum,
577 3599 657 3651 vel
681 3598 839 3652 etiam
864 3598 1035 3666 pretio
1064 3603 1359 3648 mercatum
1381 3592 1687 3648 circumcidi
1713 3590 1881 3656 jubet;

358 3708 462 3748 non
486 3692 732 3753 liberum,
767 3706 870 3743 non
910 3690 1171 3757 hospitem
1209 3685 1558 3750 constringit,
1591 3697 1692 3737 non
1722 3682 1885 3735 adve-

355 3796 501 3835 nam.
540 3779 947 3835 Perscrutemur
999 3792 1143 3831 nunc
1196 3776 1357 3828 etiam
1411 3771 1639 3826 Levitici
1691 3769 1883 3838 legem,

357 3871 798 3943 quomodoetiam
824 3868 984 3938 Moysi
1011 3867 1284 3936 praecipiat
1312 3865 1447 3918 Deus
1475 3864 1552 3914 ⁶⁶ε
1584 3860 1880 3928 «Loquere,

356 3962 564 4032 inquit,
619 3960 741 4012 liliis
802 3958 983 4019 Israel.
1039 3966 1094 4009 et
1126 3957 1270 4009 dices
1323 3955 1389 4006 ad
1437 3966 1529 4006 eos
1562 3968 1578 4004 ι
1611 3950 1799 4003 Mulier
1842 3949 1885 4003 si

357 4050 652 4120 susceperit
678 4063 860 4102 semen
881 4085 897 4110 ,
926 4055 978 4100 et
999 4046 1265 4113 pepererit
1290 4044 1635 4096 masculum.»
1675 4039 1742 4091 Et
1769 4048 1889 4106 post

358 4142 626 4208 aliquanta
653 4155 668 4192 :
703 4136 956 4197 «Octava,
987 4135 1179 4200 inquit,
1203 4132 1290 4185 die
1311 4128 1650 4184 circumcidet
1671 4143 1886 4182 carnem

356 4228 600 4296 praeputii
628 4226 745 4290 ejus
774 4226 838 4275 ⁸⁷.
874 4241 893 4275 ι
946 4224 1154 4276 Intuere
1176 4231 1229 4275 et
1251 4221 1337 4274 hic
1359 4218 1795 4286 quemadmodum
1824 4219 1891 4271 de

1982 3046 2185 3103 Domini
2215 3044 2262 3076 ⁷⁵
2288 3059 2303 3107 ;
2327 3060 2347 3096 ι
2375 3049 2430 3094 et
2454 3042 2654 3094 iterum
2705 3040 2776 3090 ad
2811 3039 3035 3093 Aaron
3071 3058 3089 3094 :
3133 3040 3417 3105 «Virtam,
3444 3037 3623 3109 inquit,

1980 3147 2035 3190 et
2062 3136 2290 3189 siceram
2317 3143 2422 3182 non
2461 3127 2659 3180 bibetis
2711 3134 2770 3179 tu
2815 3134 2881 3178 et
2936 3125 3055 3180 ﬁlii
3118 3129 3209 3183 ιιιί
3258 3138 3479 3191 tecum,
3514 3141 3623 3180 cum

1980 3222 2298 3281 introieritis
2336 3217 2391 3271 in
2456 3214 2889 3269 tabernaculum
2958 3219 3312 3274 testimonii
3360 3219 3472 3273 ⁷⁸.»
3521 3216 3624 3271 Alia

1981 3324 2162 3369 autem
2193 3322 2369 3377 neque
2393 3309 2600 3370 Aaron,
2639 3319 2828 3373 neque
2856 3305 3014 3361 ﬁliis
3056 3308 3257 3364 Israel
3288 3309 3624 3369 mandantur,

1981 3408 2077 3463 sed
2101 3400 2406 3460 senioribus
2431 3395 2598 3453 Israel
2628 3397 2733 3450 hoc
2762 3398 2954 3451 modo
3002 3416 3019 3452 :
3062 3398 3414 3471 «Loquere,
3446 3398 3625 3471 inquit,

1982 3498 2048 3552 ad
2069 3494 2305 3551 seniores
2319 3489 2488 3544 Israel
2519 3487 2707 3542 dicens
2736 3505 2750 3540 :
2777 3476 3082 3559 Accipite
3111 3494 3357 3550 hircum
3375 3509 3443 3549 ex
3468 3491 3629 3559 capris
3668 3482 3673 3491 ’

1983 3603 2078 3657 pro
2096 3592 2312 3655 peccato
2334 3581 2402 3644 τ’,
2433 3598 2454 3632 ι
2488 3587 2596 3633 etc.
2641 3575 2922 3646 Nunquid
2978 3582 3314 3649 dubitatur
3358 3583 3502 3654 quod
3523 3586 3626 3637 hec

1983 3678 2067 3730 lex
2095 3674 2222 3729 solis
2251 3669 2556 3725 senioribus
2592 3667 2836 3724 ﬁliorum
2872 3671 3083 3728 Israel
3121 3675 3501 3746 praecipitur?
3531 3672 3627 3726 Sed

1983 3777 2040 3822 et
2085 3769 2150 3821 de
2202 3764 2414 3818 mundis
2457 3772 2516 3817 et
2568 3761 2886 3817 immundis
2942 3768 3339 3825 animalibus
3395 3766 3633 3842 specialis

1987 3856 2333 3912 nihilominus
2362 3853 2450 3907 lex
2473 3852 2602 3906 ﬁliis
2632 3851 2806 3905 Israel
2830 3853 2970 3908 dari
2998 3858 3281 3913 videtur.
3309 3860 3391 3915 Ita
3411 3868 3635 3926 namque

1985 3951 2243 4017 scriptum
2271 3954 2356 4000 est
2375 3945 2459 3998 ἐς
2489 3942 2586 3996 ιΕι
2610 3942 2839 3997 locutus
2872 3956 2973 3998 est
3007 3946 3318 4003 Dominus
3332 3952 3405 4004 ad
3430 3949 3632 4019 Moysen

1986 4052 2041 4093 et
2076 4041 2257 4094 Aaron
2300 4037 2529 4090 dicens:
2562 4033 2894 4101 Loquimini
2934 4035 3096 4094 ﬁliis
3139 4041 3369 4105 Israel,
3398 4041 3633 4093 dicentes

1987 4131 2053 4184 ad
2085 4143 2176 4182 eos
2208 4144 2220 4179 :
2248 4125 2372 4181 Ilaec
2396 4133 2525 4180 sunt
2549 4125 2818 4178 animalia
2856 4142 3004 4195 quae
3046 4132 3518 4197 manducabitis,
3541 4148 3559 4182 ι
3588 4135 3640 4181 et

1987 4219 2210 4286 reliqua.
2241 4216 2333 4270 Sic
2361 4229 2490 4282 ergo
2512 4214 2683 4267 etiam
2709 4215 2781 4269 de
2816 4216 3343 4288 circumcisione,
3369 4222 3456 4277 vel
3479 4221 3532 4275 in
3560 4219 3640 4273 his

358 4320 475 4386 lege
507 4315 928 4372 circumcisionis
963 4322 1166 4365 tantum
1213 4312 1278 4363 ad
1316 4309 1454 4363 ﬁlios
1482 4306 1642 4361 Israel
1677 4306 1887 4377 Moyses
1916 4308 1961 4364 D
1996 4320 2111 4373 qua:
2139 4305 2204 4356 ad
2239 4302 2511 4356 Abraham
2552 4316 2830 4369 responsa
2868 4316 3046 4363 sunt-
3075 4308 3242 4382 (33),
3311 4312 3405 4366 vel
3450 4313 3507 4367 in
3562 4310 3642 4363 his

360 4409 502 4477 loqui
540 4409 777 4475 iubetur,
812 4411 867 4457 et
904 4402 1324 4467 alienigenarum
1366 4397 1507 4451 nulla
1554 4397 1610 4450 ﬁt
1668 4396 1884 4450 mentio.

362 4497 419 4552 Si
448 4498 588 4549 enim
615 4495 883 4549 credimus
905 4507 1000 4561 per
1026 4490 1258 4545 divinum
1286 4487 1540 4556 Spiritum
1556 4484 1753 4553 scripta
1772 4499 1890 4540 esse

361 4602 480 4656 quae
501 4586 800 4640 inferuntur
833 4584 884 4636 in
912 4582 1061 4651 lege;
1085 4581 1265 4648 utique
1285 4594 1387 4633 non
1417 4578 1615 4631 frustra
1647 4586 1739 4630 aut
1764 4576 1887 4630 addi

362 4678 560 4747 aliquid
598 4676 887 4745 putandum
930 4682 1032 4732 est,
1085 4679 1174 4723 aut
1201 4668 1346 4723 sileri
1386 4677 1481 4722 :et
1528 4668 1647 4723 ideo
1683 4680 1804 4719 cum
1836 4665 1890 4718 in

358 4768 676 4838 quibusdam
734 4762 997 4817 mandatis
1051 4761 1245 4815 dicitur
1282 4774 1295 4811 :
1331 4778 1349 4810 ι
1376 4758 1619 4825 Loquere
1649 4755 1713 4807 ad
1758 4754 1891 4808 ﬁlios

365 4856 541 4920 Israel,
564 4863 619 4909 et
637 4854 782 4908 dices
815 4852 879 4905 ad
914 4866 1006 4904 eos
1028 4850 1093 4914 ⁸⁸,
1121 4868 1140 4902 ι
1178 4850 1228 4901 in
1251 4847 1566 4917 quibusdam
1589 4858 1713 4897 vero
1738 4843 1889 4897 addi-

366 4959 470 5011 tur,
497 4957 553 5001 ut
586 4961 688 5001 non
720 4945 888 4999 solum
923 4943 1042 4996 ﬁliis
1066 4941 1244 5002 Israel,
1283 4940 1372 4993 sed
1401 4949 1458 4993 et
1495 4934 1799 5004 proselytis,
1838 4933 1889 4986 id

429 5041 473 5073 ⁸³
492 5038 643 5092 Joan.
667 5053 764 5096 vn.
786 5036 874 5097 2-2,
910 5036 999 5088 25.
1072 5035 1116 5065 “
1140 5033 1272 5088 Gen.
1299 5046 1427 5092 xvn,
1455 5029 1645 5097 9,l2._
1684 5027 1731 5059 “
1763 5025 1891 5079 ibid.

367 5110 409 5141 ⁶⁹
446 5090 873 5169 Eiodavutﬂﬁi
943 5106 987 5135 ⁷ο
1025 5101 1176 5154 Num.
1228 5116 1300 5163 vt,
1343 5090 1433 5153 23.
1498 5090 1550 5128 ’τί
1604 5095 1759 5149 Νιιιιι.
1805 5108 1869 5146 xv

367 5190 414 5216 νι
464 5175 497 5216 Ω
546 5178 579 5216 o
671 5177 716 5206 τι
745 5175 866 5216 ibid,
895 5172 985 5216 es-
1036 5170 1126 5216 95.
1198 5169 1391 5216 "Lev.
1433 5183 1489 5216 ι.
1520 5165 1574 5216 9.
1666 5161 1859 5216 "Lev.

2120 5090 2532 5191 "limitant
2608 5094 2660 5125 ⁷⁸
2710 5096 2900 5153 Levii.
2959 5115 3044 5162 tv,
3085 5101 3149 5163 l.
3209 5105 3273 5160 2.

2266 5159 2439 5214 Ltht.
2482 5176 2566 5216 ιι.
2620 5166 2679 5216 L
2716 5170 2778 5216 2.
2903 5171 2953 5205 τ’
3009 5171 3205 5216 Levis-
3259 5190 3273 5216 ι

366 5190 438 5294 ῃὶ
671 5177 716 5206 ’⁸
745 5165 869 5228 ibid.
895 5172 986 5235 24,
1036 5170 1126 5223 25.
1198 5170 1243 5202 ⁷⁸
1266 5169 1391 5223 Lev.
1433 5183 1489 5231 χ,
1520 5165 1574 5220 9.

442 5335 550 5397 (5i)
582 5352 601 5385 ι
626 5334 771 5399 Quos
794 5347 972 5387 sane.»
1006 5330 1132 5384 Mss.
1175 5331 1371 5394 Regius
1411 5344 1467 5381 ιι.
1502 5326 1661 5385 1659,
1704 5338 1723 5371 ι
1755 5319 1896 5399 quod

377 5389 503 5451 sane
523 5389 567 5463 ;ἰ
598 5389 771 5453 σὲιετὶ
798 5414 921 5452 vero
948 5415 1076 5453 mss.
1103 5407 1158 5453 et
1177 5389 1326 5463 editi,
1356 5411 1516 5466 «quos
1533 5407 1685 5454 sane,
1706 5408 1724 5440 ι
1758 5389 1900 5456 quod

384 5468 579 5517 rectius
608 5469 834 5522 videtur.

453 5533 559 5603 (32)
590 5551 607 5583 ι
632 5533 949 5588 (Περιιωοίᾱί
966 5534 1108 5589 velit.
1132 5553 1152 5586 ι
1194 5534 1272 5589 Ita
1308 5532 1435 5588 editi
1461 5540 1514 5587 et
1539 5543 1667 5585 mss.
1698 5525 1897 5596 plures.

1992 4412 2110 4468 quae
2134 4395 2188 4449 in
2237 4392 2479 4448 Levitico
2515 4393 2912 4461 continentur,
2974 4414 3105 4454 non
3156 4403 3321 4457 alius
3360 4404 3640 4471 quisquam

1993 4484 2429 4542 circumcisionis
2479 4483 2598 4553 lege
2652 4487 3126 4559 constringitur,
3192 4495 3314 4550 nisi
3352 4496 3430 4551 sit
3464 4493 3548 4549 vel
3582 4507 3644 4546 ex

1990 4575 2264 4631 Abraham
2288 4573 2553 4642 originem
2588 4574 2848 4640 trahens,
2876 4579 2975 4633 vel
3016 4587 3399 4642 vernaculus
3438 4601 3645 4647 eorum,

1993 4672 2087 4717 aut
2112 4662 2284 4731 pretio
2307 4670 2546 4729 emptus.
2588 4659 2687 4718 Vis
2734 4672 2936 4720 autem
2979 4668 3207 4728 videre
3233 4713 3252 4738 ,
3299 4676 3439 4744 quia
3482 4672 3646 4728 sicubi

1993 4751 2105 4805 vult
2128 4750 2289 4804 etiam
2330 4749 2668 4819 alienigenas
2698 4767 2812 4807 una
2841 4756 3197 4830 eademque
3222 4763 3357 4834 lege
3377 4762 3648 4826 conuecti,

1993 4837 2361 4908 signiﬁcanter
2400 4840 2710 4895 ostendat?
2748 4842 2902 4898 Audi
2939 4848 3086 4916 quid
3121 4855 3424 4922 scripturn
3453 4853 3526 4907 sit
3558 4853 3601 4884 ”
3633 4868 3647 4904 :

1998 4929 2094 4982 «Et
2121 4927 2331 4982 locutus
2350 4934 2456 4991 est,
2487 4926 2699 4996 inquit,
2734 4931 3024 4991 Dominus
3054 4940 3134 4994 ad
3158 4940 3414 5013 Moysen
3445 4941 3648 4996 dicens:

1991 5025 2036 5101 Ἰ
2066 5022 2208 5101 Ῑλὲἵο.
2239 5036 2337 5101 υἷ’
2360 5020 2417 5075 2°
2472 5091 2505 5101 ,.
2526 5020 2579 5053 ’⁷
2608 5023 2750 5101 1‘3“!-
2796 5026 2859 5101 3;
2941 5030 2990 5063 ⁸⁸
3014 5028 3207 5090 Num.
3244 5050 3332 5101 vi,
3370 5035 3411 5089 2
3437 5045 3495 5088 et
3523 5035 3646 5087 alib.

3386 5106 3437 5136 "‘
3475 5103 3647 5158 Lavit.

2193 5161 2239 5191 ⁷⁸
2266 5159 2439 5214 chit.
2482 5176 2566 5227 ιι.
2620 5166 2679 5231 I,
2716 5170 2778 5222 2.
2903 5171 2953 5205 τ’
3009 5159 3209 5229 Levit.
3242 5159 3414 5242 avni,
3483 5176 3538 5241 1,
3593 5173 3647 5236 ἓν

2001 5318 2223 5401 Quidam
2249 5328 2478 5401 tamen.
2494 5339 2833 5401 perperam,
2868 5355 2890 5389 ι
2916 5338 3255 5395 circumcidi
3288 5341 3465 5397 velle.
3488 5360 3510 5393 ι

2004 5388 2442 5515 “istaista
2467 5394 2734 5532 21.19;:
2745 5406 3423 5536 autsaeva“
