3836 6260
304 300 410 358 905

1238 309 1579 366 COMMENT.
1622 309 1688 363 IN
1724 306 1934 364 EPIST.
1976 308 2066 363 AD
2106 308 2264 364 BOM.
2302 309 2427 363 LIB.
2463 310 2527 366 ll.

3355 314 3458 373 906

296 416 541 486 Loquere
569 420 635 472 all
675 420 880 487 Aaron,
915 433 967 478 et
990 417 1059 479 ad
1084 422 1217 477 lilios
1251 425 1367 493 ejus
1389 463 1404 484 ,
1456 434 1508 478 et
1543 427 1608 477 ad
1651 437 1836 477 omnes
1864 428 1907 483 Α
1937 422 2096 476 faciat
2124 424 2294 490 jubet,
2330 426 2422 478 sed
2470 426 2513 479 si
2567 424 2701 479 forte
2747 424 2963 489 fecerit,
2994 430 3256 493 quomodo
3286 429 3458 485 facere

295 507 437 561 filios
464 509 624 562 Israel
644 554 656 573 ,
682 522 735 566 et
767 514 917 568 dices
941 516 1121 568 adeos
1152 531 1167 567 :
1207 514 1373 569 Homo
1401 530 1463 568 ex
1500 517 1620 570 filiis
1654 516 1830 580 Israel,

293 599 385 649 vel
435 614 513 672 ex.
548 603 768 657 advenis
817 604 904 672 qui
965 604 1163 659 fuerint
1214 606 1266 660 in
1313 606 1495 668 vobis,
1534 607 1832 674 quicunque

291 690 707 744 manducaverit
741 708 951 749 omnem
984 696 1314 765 sanguinem,
1344 705 1568 749 statuam
1598 696 1829 750 animam

289 794 477 831 meam
516 796 676 849 super
707 785 942 838 animam
971 786 1110 839 illam
1139 801 1255 855 qua:
1281 787 1675 841 tuanducaverit
1708 802 1829 842 san-

285 868 539 932 guinem,
586 879 640 923 et
671 872 972 941 diSperdam
1022 890 1136 929 eam
1187 875 1253 929 de
1301 876 1492 944 pupqu
1541 891 1657 939 suo,
1705 879 1826 946 quia

282 959 479 1011 anima
505 962 680 1015 omnis
707 967 884 1018 carnis
917 968 1133 1035 sanguis
1173 966 1310 1020 illius
1339 980 1420 1021 est
1450 987 1462 1021 :
1494 978 1543 1022 et
1575 982 1671 1038 ego
1710 969 1824 1024 dedi

280 1049 451 1103 vobis
476 1050 645 1114 illum,
680 1062 735 1106 ut
765 1070 828 1108 ex
864 1056 979 1122 ipso
1003 1071 1160 1126 supra
1193 1059 1362 1112 altare
1394 1059 1709 1127 propitietur
1733 1076 1828 1129 pro

281 1139 578 1195 animabus
611 1144 821 1205 vestris.
855 1146 977 1212 quia
1011 1148 1227 1216 sanguis
1246 1162 1341 1216 pro
1372 1150 1545 1202 anima
1574 1150 1824 1219 expiabit.

279 1228 585 1299 Propterea
616 1236 723 1287 dixi
766 1236 887 1290 filiis
918 1236 1074 1291 Israel
1100 1253 1116 1290 :
1142 1237 1327 1293 Omnis
1370 1240 1542 1293 anima
1582 1256 1645 1294 ex
1678 1242 1827 1297 vobis

279 1336 397 1373 non
434 1322 1110 1393 manducabitsanguinem
1136 1367 1151 1389 ,
1206 1337 1259 1381 ct
1284 1329 1488 1382 advena
1524 1331 1826 1401 quicunque

280 1408 454 1463 fuerit
485 1411 536 1464 in
572 1413 722 1466 vobis
751 1429 854 1467 non
878 1416 1213 1469 manducabit
1234 1419 1563 1487 sanguinem.
1598 1439 1617 1473 ι
1666 1420 1825 1477 Vides

278 1514 421 1569 ergo
472 1502 612 1557 hanc
651 1506 718 1559 de
760 1508 1131 1563 observatione
1162 1512 1434 1580 sanguinis
1472 1512 1671 1581 legem,
1709 1527 1826 1582 quae

279 1593 653 1648 communiter
678 1604 729 1649 et
762 1596 888 1651 Illiis
930 1595 1125 1662 Israel,
1175 1608 1229 1652 et
1286 1601 1506 1654 advenis
1545 1603 1662 1654 data
1719 1610 1821 1664 est,

281 1680 566 1736 observari
588 1685 749 1737 etiam
778 1701 806 1738 a
836 1687 992 1741 nobis
1022 1688 1108 1756 qui
1142 1703 1207 1742 ex
1256 1690 1498 1758 gentibus
1525 1704 1617 1756 per
1642 1689 1819 1743 Jesum

285 1767 573 1825 Christum
621 1774 890 1828 credimus
942 1775 1067 1829 Deo.
1116 1775 1219 1830 Nos
1260 1777 1396 1829 enim
1445 1778 1738 1846 proselytos
1770 1787 1822 1830 et

289 1860 531 1913 advenas
549 1859 827 1929 Scriptura
848 1864 1125 1919 nominare
1150 1867 1442 1930 consuevit,
1470 1882 1587 1921 cum
1607 1868 1734 1922 dicit
1752 1868 1817 1921 θοι

293 1950 545 2003 «Advena
588 1951 676 2018 qui
699 1962 781 2006 est
808 1952 917 2021 (54)
946 1954 997 2005 in
1032 1962 1081 2007 te
1100 1994 1115 2018 ,
1166 1957 1418 2010 ascendet
1441 1972 1597 2025 super
1625 1966 1674 2011 te
1703 1973 1822 2011 sur-

286 2053 449 2105 sum;
494 2048 549 2093 tu
588 2050 769 2094 autem
803 2044 1095 2098 descendes
1151 2044 1417 2099 deorsum.
1450 2045 1564 2114 Ipse
1597 2047 1699 2100 erit
1728 2048 1818 2101 tibi

284 2138 489 2197 caput;
522 2139 576 2182 tu
614 2140 792 2184 autem
822 2134 931 2185 eris
950 2132 1066 2198 ejus
1092 2134 1281 2187 cauda.
1306 2152 1324 2186 ι
1360 2133 1479 2188 Ideo
1502 2150 1627 2201 ergo
1656 2136 1819 2201 legem

283 2217 359 2270 de
405 2221 784 2276 observatione
819 2224 1097 2292 sanguinis
1149 2239 1480 2278 communem
1528 2241 1645 2278 cum
1703 2226 1821 2281 filiis

286 2307 452 2361 Israel
478 2308 644 2362 etiam
669 2311 905 2379 gentium
937 2314 1173 2381 suscepit
1209 2313 1458 2368 Ecclesia.
1508 2313 1629 2368 Haec
1669 2329 1819 2367 nam-

277 2412 393 2464 que
414 2398 484 2451 ita
510 2398 620 2468 (35)
650 2400 953 2469 intelligens
984 2402 1034 2454 in
1068 2402 1182 2472 lege
1211 2402 1426 2470 scripta,
1459 2412 1580 2456 tunc
1607 2404 1818 2457 beatum

275 2485 418 2541 illud
448 2488 813 2555 apostolorum
864 2491 1146 2543 concilium
1190 2492 1543 2554 decernebat,
1579 2494 1818 2561 dogmata

272 2584 347 2630 et
373 2580 582 2631 decreta
601 2581 851 2647 gentibus
888 2581 1155 2643 scribens,
1184 2592 1241 2634 ut
1272 2583 1599 2638 abstinerent
1621 2599 1687 2659 “se
1714 2600 1816 2638 non

272 2666 457 2719 solum
512 2667 697 2721 abhis
744 2684 863 2737 quae
923 2670 1076 2723 idolis
1112 2671 1468 2737 immolantur,
1521 2682 1574 2728 et
1622 2687 1650 2726 a
1706 2674 1818 2727 for-

278 2756 581 2819 siicatione,
614 2758 708 2810 sed
743 2774 771 2810 a
818 2760 1074 2827 sanguine
1111 2771 1165 2815 et
1192 2776 1220 2813 a
1250 2760 1501 2816 suﬂ'ocato
1528 2764 1593 2817 “.
1623 2764 1815 2819 Verum

271 2844 514 2900 fortasse
550 2848 792 2915 requires
820 2887 835 2911 ,
882 2849 926 2902 si
973 2858 1030 2902 ut
1079 2851 1142 2903 de
1178 2852 1450 2920 sanguinis
1480 2854 1815 2910 observantia

264 2933 499 2997 claruit,
559 2936 633 2989 ita
703 2937 863 2989 etiam
920 2938 983 2991 de
1033 2938 1288 2993 sull'ocato
1319 2942 1592 3003 doceatur,
1640 2955 1814 2997 utrum

263 3027 586 3080 communis
627 3027 749 3082 filiis
792 3028 951 3082 Israel
1001 3046 1120 3083 cum
1171 3030 1388 3086 advenis
1422 3033 1543 3086 data
1592 3034 1661 3087 sit
1705 3034 1813 3099 lex,

266 3115 407 3180 quia
456 3118 617 3168 etiam
655 3116 722 3170 de
755 3118 854 3171 hoc
890 3118 1173 3172 observare
1218 3129 1402 3189 gentes
1455 3123 1813 3191 apostolorum

265 3212 482 3257 statuta
513 3205 828 3259 decernunt.
879 3207 1016 3262 Audi
1065 3222 1222 3276 quam
1267 3211 1616 3267 observanter
1654 3215 1814 3267 etiam

262 3307 439 3361 super
466 3296 565 3349 hoc
608 3296 661 3348 in
716 3296 806 3351 Dei
859 3296 1061 3365 legibus
1093 3308 1305 3352 cautum
1337 3300 1408 3354 sit
1444 3301 1490 3332 ⁸⁸
1522 3319 1536 3353 :
1578 3320 1597 3352 ι
1623 3301 1813 3367 Homo,

263 3384 460 3450 homo,
503 3386 700 3455 inquit,
729 3403 792 3440 ex
826 3387 947 3442 filiis
987 3388 1150 3442 Israel
1177 3429 1192 3452 ,
1237 3399 1291 3443 et
1343 3404 1409 3444 ex
1464 3392 1683 3446 advenis
1723 3395 1810 3461 qui

260 3486 402 3529 sunt
433 3478 483 3530 in
509 3479 682 3543 vobis,
732 3493 1032 3547 quicunque
1058 3491 1282 3534 venatus
1320 3482 1478 3535 fuerit
1512 3483 1699 3547 feram,
1723 3496 1810 3536 aut

263 3579 454 3630 avem,
483 3580 603 3633 quae
632 3565 1040 3631 manducantur,
1064 3568 1297 3623 effundat
1320 3569 1628 3637 sanguinem
1670 3571 1809 3637 ejus,

244 3662 335 3708 et
366 3655 639 3721 cooperiat
669 3665 846 3720 terra,
882 3656 1007 3724 quia
1049 3657 1226 3711 anima
1268 3659 1442 3715 omnis
1474 3659 1652 3713 carnis
1682 3674 1806 3713 san-

262 3744 395 3813 guis
442 3745 612 3814 ipsius
668 3753 819 3800 est.»
884 3744 1017 3799 Vide
1067 3760 1195 3816 ergo
1254 3760 1414 3816 quam
1468 3747 1811 3802 observanter

264 3831 551 3899 legislator
595 3833 647 3886 in
688 3847 796 3900 quo
831 3835 1141 3886 mandatum
1189 3848 1467 3888 commune
1519 3836 1627 3889 vult
1671 3851 1807 3899 esse,

262 3919 550 3989 coniungit
577 3923 807 3975 advenas
834 3921 954 3975 liliis
978 3921 1175 3975 Israel:
1204 3922 1256 3974 in
1284 3938 1386 3990 quo
1407 3939 1532 3978 vero
1561 3925 1807 3993 specialia

262 4010 369 4065 dat
404 4020 671 4078 praecepta
698 4049 715 4074 ,
771 4026 801 4064 a
851 4012 1048 4080 quibus
1076 4027 1141 4065 ea
1166 4012 1293 4066 velit
1326 4013 1593 4069 observari
1620 4016 1806 4068 distin—

264 4102 409 4172 guit.
460 4099 659 4154 Verum
694 4101 945 4168 quoniam
992 4101 1131 4155 inter
1184 4102 1269 4154 illa
1302 4116 1421 4171 qua:
1465 4103 1529 4158 de
1574 4102 1809 4157 Levitico

267 4193 521 4261 superius
548 4190 888 4258 protulimus.
909 4190 1069 4243 etiam
1091 4192 1190 4245 hoc
1210 4192 1462 4260 scriptum
1482 4192 1709 4247 refertur
1727 4194 1805 4247 ":

272 4300 294 4334 ι
327 4281 520 4343 llomo,
548 4281 708 4333 homo
738 4293 803 4332 ex
838 4277 961 4331 filiis
1000 4277 1157 4331 Israel
1178 4316 1193 4341 ,
1235 4279 1317 4331 vel
1358 4294 1424 4332 ex
1463 4281 1683 4335 advenis
1713 4278 1803 4350 qui

1932 512 2121 565 debeat
2148 514 2321 567 docet.
2352 513 2566 568 Certum
2597 524 2676 569 est
2703 517 2864 579 enim,
2897 530 2994 569 nec
3014 516 3240 570 dubitari
3266 528 3454 587 potest,

1928 602 2066 668 quod
2101 602 2222 654 dum
2253 601 2593 673 Jerosolymis
2617 608 2874 674 templum
2900 616 3191 670 constaret,
3232 619 3285 662 et
3333 612 3455 663 reli-

1928 690 2014 759 gio
2092 691 2332 759 patribus
2395 694 2587 747 tradita
2672 696 2922 765 vigeret,
3004 697 3216 764 plurimi
3293 702 3452 753 etiam

1928 779 2163 845 gentium
2204 780 2487 833 veniebant
2544 781 2786 845 adorare,
2822 792 2877 836 et
2924 781 3115 837 offerre
3165 787 3450 838 sacrificia.

1927 867 2029 920 Sed
2107 870 2205 921 hoc
2276 869 2527 937 quoniam
2600 870 2653 923 in
2718 872 2832 925 loco
2909 887 3016 926 uno
3088 878 3451 928 tantummodo

1926 956 2037 1010 fieri
2082 969 2399 1027 praeceptum
2430 970 2533 1026 est,
2588 961 2652 1015 de
2695 976 2801 1030 quo
2825 965 2985 1017 etiam
3010 965 3097 1019 hic
3151 970 3366 1020 mandat
3395 976 3452 1019 ut

1925 1048 1991 1100 ad
2039 1048 2233 1101 ostium
2284 1049 2605 1104 tabernaculi
2655 1051 2946 1119 jugulanda
3000 1056 3213 1109 victima
3283 1060 3445 1112 dedu-

1924 1146 2075 1188 catur
2110 1135 2243 1207 (57),
2275 1139 2476 1191 tamdiu
2524 1140 2695 1206 potuit
2736 1140 2970 1209 legitime
3022 1145 3167 1207 fieri,
3213 1148 3444 1213 quandiu

1923 1234 2091 1279 status
2133 1227 2232 1279 loci
2264 1230 2553 1294 permansit
2591 1230 2887 1284 incolumis.
2935 1231 3170 1301 Denique
3219 1244 3276 1290 et
3327 1236 3447 1290 Sal-

1923 1325 2077 1368 vator
2103 1316 2260 1387 493
2290 1320 2353 1372 ad
2392 1318 2511 1373 illos
2543 1320 2723 1373 decem
2772 1321 3013 1389 leprosos
3046 1339 3178 1391 quos
3217 1329 3440 1379 munda-

1930 1415 2114 1457 verat:
2149 1405 2287 1471 tlte,
2329 1406 2531 1476 inquit,
2582 1416 2637 1460 et
2685 1408 2951 1463 ostendite
2994 1426 3089 1465 vos
3140 1416 3443 1470 sacerdoti:

1921 1505 1975 1549 et
2001 1496 2190 1551 offerte
2225 1512 2320 1566 pro
2358 1498 2507 1552 vobis
2552 1499 2773 1564 hostias,
2814 1501 2958 1554 sicut
3001 1507 3251 1571 prmcepit
3299 1506 3445 1576 Moy-

1922 1600 2007 1638 ses
2024 1585 2101 1649 ⁸⁸;
2131 1603 2149 1637 t
2187 1601 2250 1639 ex
2290 1587 2482 1654 quibus
2510 1602 2630 1642 cum
2672 1604 2808 1643 unus
2846 1604 3122 1659 regressus
3160 1593 3343 1648 fuisset
3377 1597 3443 1647 ad

1925 1671 2255 1728 Salvatorem
2289 1675 2489 1743 gratias
2538 1691 2721 1744 agens,
2770 1680 2844 1732 ait
2883 1679 3175 1735 Dominus:
3214 1700 3234 1733 ς
3262 1683 3445 1738 Nonne

1856 1745 1896 1799 Β
1926 1762 2105 1815 decem
2135 1765 2343 1832 purgati
2382 1766 2543 1818 sunt?
2573 1765 2673 1821 Ubi
2718 1778 2840 1821 sunt
2872 1769 2942 1822 illi
2977 1774 3202 1825 novem?
3228 1772 3337 1827 Non
3364 1785 3445 1828 est

1920 1851 2165 1907 iuventus
2200 1853 2289 1921 qui
2334 1854 2558 1923 rediret,
2608 1865 2662 1910 et
2719 1858 2919 1923 gratias
2969 1869 3149 1928 ageret
3182 1861 3305 1922 Deo,
3346 1866 3442 1916 nisi

1920 1940 2007 1995 hic
2033 1941 2325 2009 alienigena
2344 1942 2411 1995 ⁸⁸.
2440 1963 2459 1996 ι
2498 1944 2570 1997 ita
2596 1959 2724 2014 ergo
2752 1958 3031 2003 constante
3070 1951 3249 2020 templi
3277 1961 3439 2016 statu,

1919 2032 2082 2086 etiam
2125 2032 2437 2101 alienigenis
2487 2034 2743 2089 oﬂerendi
2782 2038 3038 2092 sacrificia
3088 2042 3254 2096 moris
3292 2043 3438 2099 fuit:

1920 2136 2062 2173 nunc
2100 2136 2226 2175 vero
2261 2123 2385 2189 quid
2411 2126 2714 2191 exposcitur
2746 2126 2813 2179 ab
2852 2128 3090 2191 advenis,
3116 2132 3255 2198 quod
3284 2135 3439 2187 exhi-

1919 2209 2043 2262 bere
2072 2224 2138 2263 ue
2172 2211 2400 2279 propriis
2432 2213 2642 2281 quidem
2671 2215 2961 2269 cultoribus
2999 2217 3162 2272 licet?
3187 2219 3311 2275 Ilaec
3340 2236 3439 2275 au-

1921 2306 2023 2350 tem
2071 2301 2249 2353 omnia
2295 2301 2435 2355 dicta
2479 2311 2602 2356 sunt
2647 2319 2674 2355 a
2725 2306 2898 2371 nobis,
2940 2316 2999 2361 ut
3039 2310 3442 2367 ostenderemus

1918 2396 2113 2452 quanta
2162 2387 2233 2442 sit
2279 2390 2330 2442 in
2358 2389 2477 2459 lege
2502 2391 2771 2445 distinctio
2800 2396 3193 2460 mandatorum,
3220 2408 3276 2452 et
3302 2414 3441 2467 pra:-

1917 2474 2069 2543 cipue
2110 2485 2166 2530 ut
2211 2477 2277 2532 de
2326 2479 2751 2535 circumcisionis
2809 2494 3070 2553 praecepto
3099 2486 3437 2552 doceremus,

1916 2565 2055 2630 quod
2096 2579 2201 2621 non
2237 2567 2354 2622 aliis
2395 2584 2555 2638 quam
2603 2572 2687 2626 his
2728 2574 2818 2641 qui
2857 2589 2921 2628 ex
2960 2575 3229 2631 Abraham
3264 2594 3432 2649 genus

1914 2654 2134 2719 ducunt,
2175 2659 2583 2727 vernaculisque
2643 2674 2848 2726 eorum,
2886 2664 2967 2718 vel
3025 2667 3195 2735 pretio
3243 2671 3437 2737 emptis

1913 2755 2051 2799 esset
2078 2745 2370 2815 iniunctum
2406 2768 2419 2804 :
2449 2750 2645 2806 liberos
2667 2766 2793 2807 vero
2817 2768 2936 2809 esse
2960 2756 3028 2810 ab
3060 2758 3431 2826 hujuscemodi

1913 2834 2113 2902 legibus
2140 2851 2252 2904 eos,
2277 2839 2365 2905 qui
2394 2854 2489 2908 per
2510 2840 2779 2897 Christum
2814 2845 2920 2899 Deo
2955 2862 3018 2901 ex
3047 2851 3291 2917 gentibus
3316 2867 3435 2906 cre-

1912 2928 2061 2980 dunt.
2108 2927 2234 2992 Qua:
2285 2937 2460 2983 tamen
2513 2930 2714 2986 idcirco
2772 2935 2985 2988 interim
3040 2939 3239 3007 absque
3272 2941 3432 2995 ullius

1913 3016 2176 3085 allegoriae
2208 3019 2503 3083 adiectione
2544 3020 2915 3088 discussimus,
2943 3040 3007 3079 ne
3028 3041 3154 3094 qua,
3191 3040 3247 3083 ut
3277 3031 3432 3097 solet,

1840 3083 1885 3143 ο
1916 3108 1998 3161 his
2028 3110 2118 3176 qui
2158 3119 2282 3164 sunt
2322 3124 2387 3164 ex
2419 3112 2846 3180 circumcisione,
2875 3117 3211 3186 obstrependi
3245 3126 3435 3175 adver-

1915 3212 2029 3249 sum
2072 3198 2351 3251 veritatem
2392 3199 2649 3256 resideret
2692 3205 2925 3259 occasio.
2960 3204 3063 3259 Sed
3095 3208 3267 3263 adhuc
3302 3213 3437 3265 vali-

1913 3288 2035 3338 dum
2074 3287 2353 3341 adversum
2383 3303 2480 3344 nos
2508 3290 2680 3344 levare
2713 3301 2963 3360 poterunt
3003 3296 3183 3364 telum,
3227 3301 3429 3355 contir-

1916 3386 2117 3431 mantes
2152 3380 2311 3433 etiam
2358 3382 2653 3452 proselytos
2688 3400 2786 3453 per
2815 3386 2983 3455 legem
3028 3390 3421 3447 circnmcisioni

1910 3469 2164 3523 obnoxios
2196 3471 2330 3533 fieri,
2363 3488 2427 3527 ex
2471 3475 2555 3529 his
2598 3491 2716 3544 quae
2749 3478 2800 3530 in
2846 3478 3025 3534 Exodo
3065 3481 3261 3551 scripta
3299 3496 3426 3538 sunt

1914 3557 2014 3610 hoc
2048 3558 2201 3612 modo
2228 3579 2241 3613 :
2276 3579 2294 3611 ε
2315 3560 2369 3616 Si
2401 3577 2526 3617 vero
2557 3564 2683 3633 quis
2714 3570 3002 3622 accesserit
3030 3570 3094 3623 ad
3123 3585 3214 3625 vos
3247 3587 3430 3640 prose-

1914 3646 2081 3715 Iytus,
2122 3658 2177 3702 et
2218 3648 2404 3705 fecerit
2444 3652 2642 3707 Pascha
2697 3653 2940 3721 Domino,
2990 3660 3339 3717 circumcides
3380 3663 3429 3718 el

1911 3750 2068 3789 omne
2108 3738 2479 3804 masculinum,
2508 3751 2561 3793 et
2595 3750 2718 3794 tunc
2746 3746 2967 3799 accedet
3004 3745 3182 3802 facere
3207 3748 3353 3817 illud,
3377 3761 3432 3805 et

1911 3826 2017 3879 erit
2050 3824 2192 3880 sicut
2233 3826 2501 3895 indigena.
2529 3828 2713 3884 Omnis
2741 3831 3145 3891 incircumcisus
3174 3851 3273 3891 non
3308 3841 3429 3893 edet

1908 3931 1975 3971 ex
2004 3932 2088 3971 eo.
2118 3915 2222 3971 Lex
2257 3932 2357 3971 una
2390 3920 2491 3973 erit
2528 3920 2784 3989 indigenae
2824 3930 2878 3974 et
2919 3921 3133 3978 advena:
3155 3926 3244 3993 qui
3271 3928 3429 3982 adveo

1910 4006 2047 4058 nerit
2096 4007 2160 4060 ad
2206 4020 2298 4061 vos
2319 4006 2385 4061 ⁸⁸.
2414 4024 2433 4058 t
2469 4009 2595 4073 Quae
2646 4011 2890 4078 quamvis
2937 4020 3122 4084 arguta
3186 4015 3430 4069 videatur

1907 4092 2156 4160 obiectio,
2189 4106 2360 4151 tamen
2393 4098 2699 4155 admiranda
2728 4098 3050 4169 legislatoris
3075 4103 3272 4173 ubique
3299 4119 3427 4160 cau-

1909 4188 2010 4241 tela
2057 4188 2340 4242 succurrit.
2388 4189 2674 4246 Considera
2716 4194 2860 4247 enim
2908 4196 3048 4263 quod
3094 4204 3149 4250 et
3186 4196 3272 4252 hic
3321 4212 3426 4252 non

1909 4274 2059 4336 dixit,
2100 4276 2225 4343 quia
2269 4276 2473 4331 advena
2519 4278 2606 4345 qui
2645 4281 2850 4335 venerit
2893 4282 2958 4335 ad
2993 4296 3107 4347 vos,
3138 4284 3297 4339 faciat
3328 4285 3428 4339 Pa-

267 4382 397 4425 sttnt
444 4370 499 4423 in
544 4370 625 4424 eis
648 4407 666 4431 ,
716 4367 1017 4435 quicunque
1066 4368 1255 4422 fecerit
1302 4367 1664 4422 holocaustum
1712 4379 1804 4424 aut
1822 4382 1879 4443 ι)
1906 4365 2034 4418 scha
2062 4365 2309 4428 Domino,
2336 4374 2391 4420 et
2413 4367 2825 4422 circumcidatur
2858 4386 2874 4434 ;
2901 4372 2990 4426 sed
3018 4371 3426 4429 observantissi-

267 4460 599 4515 sacrilicium
629 4495 648 4522 ,
693 4467 749 4510 et
779 4457 843 4510 ad
885 4457 1081 4510 ostium
1141 4457 1466 4511 tabernaculi
1516 4457 1803 4513 testimonii

1904 4469 1987 4506 ma
2034 4454 2392 4509 moderatione
2440 4455 2679 4510 decernit
2729 4458 2950 4514 dicens:
2982 4462 3077 4515 «Si
3136 4465 3423 4518 accesserit

268 4564 376 4604 non
413 4548 701 4601 adduxerit
733 4547 912 4601 facere
945 4546 1069 4599 illud
1094 4547 1335 4607 Domino,
1358 4547 1803 4601 exterminabitur
1896 4543 1967 4594 ad
1999 4557 2111 4607 vos,
2145 4551 2199 4597 et
2230 4542 2414 4598 fecerit
2460 4544 2682 4600 Pascha.
2714 4564 2733 4598 ι
2768 4546 2878 4603 Nec
2909 4551 3136 4606 dubitari
3179 4554 3316 4608 enim
3355 4557 3421 4609 de

267 4642 431 4696 homo
460 4639 549 4692 ille
568 4640 633 4691 de
650 4638 839 4705 popqu
865 4652 962 4691 suo
989 4653 1003 4688 :
1031 4655 1055 4687 ι·
1073 4645 1125 4689 et
1150 4651 1242 4705 per
1275 4638 1375 4690 hoc
1405 4637 1613 4690 videtur
1635 4638 1792 4691 etiam

268 4733 494 4784 advena:
551 4740 605 4783 et
656 4728 723 4780 de
772 4725 1052 4780 sacrificiis
1101 4724 1326 4791 injungi,
1375 4733 1427 4777 et
1460 4725 1692 4779 Ecclesia
1731 4742 1793 4780 ex

267 4823 522 4890 gentibus
546 4816 833 4872 oll'erendis
860 4815 1181 4868 holocaustis
1226 4813 1337 4882 (56)
1373 4814 1599 4867 obnoxia
1639 4816 1750 4870 lleri
1779 4834 1794 4870 :

266 4916 431 4967 etiam
493 4912 606 4964 haec
660 4906 965 4975 diligentius
1014 4905 1195 4965 verba,
1246 4914 1299 4957 et
1346 4904 1581 4971 syllabae,
1636 4914 1693 4959 ut
1726 4907 1796 4959 ita

1900 4634 1999 4687 hoc
2024 4644 2216 4700 potest,
2240 4636 2377 4702 quod
2404 4636 2447 4689 si
2486 4636 2605 4703 quis
2627 4652 2744 4691 cum
2786 4638 2985 4694 Iudaeis
3012 4640 3285 4697 Judaicum
3316 4642 3417 4696 Pa-

1895 4727 2024 4775 scha
2073 4722 2274 4788 fecerit,
2305 4733 2358 4779 et
2399 4725 2712 4779 circumcidi
2755 4727 2946 4783 debeat
2976 4745 2992 4783 :
3019 4744 3179 4782 unum
3211 4730 3309 4784 hoc
3338 4734 3417 4784 in-

1898 4814 2071 4873 terim,
2098 4826 2201 4879 quo
2250 4815 2595 4867 retundantur
2618 4817 3059 4881 contradicentes,
3093 4818 3415 4887 legislatoris

1899 4902 2103 4955 cautela
2153 4902 2443 4971 prospexit.
2484 4902 2575 4955 Est
2605 4912 2658 4955 et
2693 4904 2815 4958 illud
2862 4915 3113 4972 praeterea
3160 4909 3225 4961 ad
3269 4909 3409 4976 quod

265 5003 465 5065 dicam,
488 4997 834 5053 observandae
864 5003 988 5047 sunt
1011 4992 1159 5061 legis.
1185 4991 1273 5044 Ait
1297 4992 1458 5053 enim.
1488 4993 1530 5044 si
1563 5010 1580 5042 ‹
1608 4994 1798 5049 fecerit
1899 4990 2090 5044 mutire
2140 5005 2243 5045 non
2300 5000 2565 5059 poterunt.
2606 4991 2804 5044 Pascha
2857 4994 2997 5060 quod
3026 4993 3111 5046 lex
3142 4996 3254 5049 fieri
3282 5011 3417 5064 prte-

264 5090 638 5143 holocaustum
675 5086 757 5137 vel
808 5084 1196 5145 sacrificium,»
1257 5091 1313 5134 ut
1367 5082 1613 5136 adhibeat
1666 5084 1790 5138 illud

269 5199 287 5230 ι
326 5180 392 5231 ad
436 5179 632 5231 osﬁum
677 5176 999 5229 tabernaculi
1055 5172 1400 5227 testimoniin
1447 5170 1554 5225 Lex
1593 5188 1692 5227 non
1735 5184 1790 5227 ut

357 5269 404 5301 υ
436 5269 589 5322 Deut.
629 5281 818 5325 xxvm,
850 5266 935 5328 43,
957 5265 1045 5320 44.
1111 5264 1153 5295 ³¹
1186 5263 1300 5317 Act.
1331 5277 1418 5321 xv.
1440 5262 1529 5315 20.
1600 5265 1645 5296 δ’
1678 5264 1813 5318 Levii

1914 5278 2004 5328 vtt,
2047 5260 2127 5321 I3,
2180 5257 2263 5308 M.
2336 5255 2383 5287 ⁸³
2408 5256 2538 5308 ibid.
2570 5256 2622 5321 8,
2651 5256 2704 5307 9.

264 5337 398 5390 Luc.
428 5352 560 5397 xvn,
588 5335 777 5399 Π,18.
851 5335 896 5364 ⁸⁸
920 5332 1085 5386 Exod.
1118 5348 1212 5397 xu,
1248 5331 1335 5392 48,
1366 5330 1473 5393 49.ν

336 5431 447 5503 (ἓξ)
479 5428 581 5503 Qui
620 5439 713 5503 est.
749 5426 910 5503 Ecliti,
945 5426 1227 5503 (quidem.
1258 5441 1293 5503 ξ.

335 5494 450 5558 ('35)
485 5499 589 5550 Ila.
621 5497 673 5548 In
704 5498 933 5549 editione
966 5494 1293 5547 Genebrartli
1327 5494 1608 5558 omittitur.

337 5552 451 5632 {ﬁli}
484 5566 843 5632 Holocaustis.
871 5562 1020 5632 Deest
1048 5562 1097 5612 in
1123 5562 1351 5632 editione
1376 5557 1722 5632 Gettebrardi.

340 5626 453 5704 (37)
478 5634 792 5687 υιάιιςαιιιν.
832 5631 883 5682 In
916 5629 1144 5682 editione
1173 5626 1522 5691 chebrardi,
1566 5643 1583 5676 ι
1604 5627 1780 5682 decla-

582 5725 846 5783 Ps't'nos.
877 5719 990 5778 Gs.
1016 5719 1176 5777 XIV.

1895 5079 2041 5146 cipit,
2078 5078 2130 5130 in
2174 5078 2287 5131 loco
2335 5078 2425 5129 illo
2458 5078 2569 5131 fieri
2598 5077 2749 5143 jubet
2772 5092 2926 5143 quem
2975 5078 3138 5145 elegit
3163 5076 3439 5146 Dominusf

1897 5172 2051 5226 Deus.
2079 5169 2128 5220 id
2157 5176 2238 5220 est
2288 5164 2630 5234 Jerosolymis
2660 5166 2792 5235 (‘58).
2831 5166 2885 5217 In
2915 5164 3004 5215 illo
3039 5170 3248 5220 etenim
3286 5180 3413 5221 tem-

2787 5254 2833 5293 ιδ
2855 5253 3041 5306 Matth.
3079 5267 3218 5322 Vttt,
3265 5256 3317 5310 4.
3385 5255 3425 5285 ⁸³

1899 5429 2062 5474 ratur.
2093 5432 2110 5465 t
2146 5413 2298 5466 male.
2516 5434 2526 5444 -
3167 5473 3182 5485 .
3234 5473 3250 5487 .
3295 5473 3307 5486 .
3366 5475 3378 5486 .

1965 5484 2074 5554 (38)
2104 5481 2259 5546 Editi,
2280 5500 2319 5562 _t
2349 5479 2544 5562 Pascha
2569 5482 2707 5561 quod
2721 5480 2816 5562 ,εει
2844 5472 3457 5562 ϐεζίιρτὲειριὲξιὲὶξ

1899 5540 2018 5608 loco
2054 5540 2208 5618 quem
2246 5540 2403 5617 elegit
2440 5540 2693 5605 Dominus
2721 5551 2877 5612 Deus,
2922 5540 3152 5605 id'est,
3208 5540 3470 5603 λειωθῆ-

3079 5700 3167 5758 ιιι)

1890 5624 2013 5689 mis,
2036 5618 2407 5675 celebrandum
2441 5628 2539 5674 est.
2576 5636 2594 5669 ι
