3836 6232
312 305 410 359 907

1711 293 2023 353 OBIGENIS

3470 290 3579 344 903

318 417 406 485 plo
439 421 643 469 tantum
671 409 848 466 oﬂ'erri
892 407 1158 465 sacriﬁcia
1196 409 1575 466 decernuntur.
1605 408 1845 480 Recupe-
1873 415 1918 470 Α
1951 427 1968 460 ι
1999 409 2090 479 qui
2121 409 2326 479 seipsos
2343 417 2727 466 castraverunt
2760 416 2996 480 propter
3030 421 3276 476 regnum
3309 406 3519 468 Dei",-
3554 426 3574 457 ι

315 512 436 557 rent
465 518 593 571 ergo
623 500 771 568 prius
799 508 992 551 statum
1025 497 1224 566 templi,
1261 509 1315 553 et
1344 508 1467 553 tunc
1501 498 1566 553 de
1615 499 1842 553 circum-

313 593 513 644 cisione
552 587 875 644 contendant
905 604 917 639 :
952 586 993 639 si
1021 601 1150 640 vero
1187 587 1256 640 ibi
1305 586 1597 640 secundmn
1627 597 1842 640 senten-

313 678 436 730 tiam
461 675 751 730 Salvatoris
768 675 810 703 '"
840 689 940 742 non
967 675 1219 728 remansit
1247 674 1376 743 lapis
1403 689 1566 744 super
1589 674 1842 743 lapidem,
1881 733 1884 739 ,

311 767 400 834 qui
450 779 552 819 non
586 766 654 818 sit
703 765 1022 830 destructus,
1058 765 1317 834 superﬂua
1351 763 1460 836 (59)
1495 774 1578 819 est
1622 765 1688 818 de
1737 765 1842 818 cir-

312 853 640 908 cumeisioue
667 855 924 910 causatio.
955 854 1010 908 In
1043 865 1244 909 tantum
1291 863 1467 909 autem
1498 855 1839 908 circumcisio

311 944 654 998 vernaculum
705 945 889 1014 ipsius,
915 955 968 999 et
1007 946 1202 1000 nullius
1230 945 1454 1012 alterius
1486 947 1680 1015 gentis,
1712 947 1842 1001 insi-

310 1048 412 1103 gue
444 1043 547 1095 est.
582 1046 639 1088 ut
663 1050 926 1104 nusquam
953 1035 1088 1089 alius
1113 1037 1231 1104 quis
1254 1037 1305 1090 iu
1331 1037 1568 1091 historiis
1598 1049 1838 1092 veterum

310 1139 409 1192 pro
457 1124 558 1179 hac
619 1125 888 1179 referatur
941 1136 1239 1194 correptus,
1295 1127 1396 1182 nisi
1453 1127 1592 1182 ﬁlius
1645 1127 1836 1198 Moysi,

313 1214 465 1281 cujus
497 1223 666 1268 mater
699 1213 934 1282 Sephora
963 1215 1070 1268 vim
1101 1216 1272 1284 angeli
1313 1217 1690 1271 comminantis
1722 1218 1837 1272 exi-

315 1306 446 1359 tiuru
478 1304 571 1358 lilii
601 1292 1005 1360 circumcisione
1038 1308 1446 1374 compescuit”.
1482 1307 1554 1361 Ex
1605 1308 1687 1362 his
1711 1323 1838 1376 ergo

307 1395 555 1449 omnibus
603 1381 900 1450 ostenditur
941 1394 1101 1449 Israel
1147 1395 1251 1460 ille,
1283 1398 1370 1464 qui
1401 1397 1692 1451 secundum
1722 1412 1839 1450 ear-

309 1501 428 1540 nem
456 1495 537 1540 est
562 1485 696 1555 (40),
728 1485 872 1540 solus
898 1486 1291 1541 circumeisioui
1323 1487 1503 1542 carnis
1530 1487 1791 1541 obnoxius
1821 1506 1834 1540 :

310 1574 443 1628 liber
473 1583 648 1627 autem
686 1584 742 1626 et
788 1574 994 1626 alienus
1046 1574 1114 1627 ab
1157 1589 1218 1628 ea
1267 1575 1492 1642 populus
1541 1575 1838 1644 proselytus

308 1666 398 1732 qui
422 1664 634 1719 advenit
666 1666 730 1717 ad
761 1679 897 1728 eam,
931 1665 1018 1732 qui
1053 1665 1310 1726 ascendit,
1337 1675 1385 1717 et
1410 1666 1580 1719 factus
1601 1677 1683 1720 est
1719 1681 1838 1719 sur-

307 1771 459 1815 sum;
514 1754 602 1810 ille
660 1763 837 1808 autem
882 1754 1178 1818 descendit,
1243 1764 1293 1806 et
1329 1755 1504 1808 factus
1547 1765 1627 1809 est
1677 1756 1836 1809 deor-

306 1844 484 1899 sum”
511 1862 525 1898 :
552 1853 606 1898 et
630 1857 726 1913 per
749 1843 1170 1897 misericordiam
1199 1843 1392 1898 Christi
1429 1843 1600 1898 factus
1622 1854 1704 1898 est
1736 1845 1838 1900 iste

310 1934 532 2003 populus
565 1934 617 1988 in
649 1934 843 2002 capite,
881 1943 934 1987 et
958 1933 1043 1986 ille
1069 1933 1118 1986 in
1149 1933 1336 1988 camla.
1368 1932 1516 1987 Facti
1547 1947 1668 1988 sunt
1693 1935 1834 1990 enim

313 2025 628 2080 «novissimi
668 2025 844 2093 primi,
899 2033 951 2078 et
1001 2023 1154 2092 primi
1209 2023 1550 2078 novissimi"
1586 2039 1642 2077 ε»
1668 2035 1720 2080 et
1767 2025 1836 2080 ob

309 2114 628 2182 hocjudicat.
653 2115 701 2167 id
735 2114 874 2183 quod
895 2129 959 2167 ex
991 2123 1177 2166 natura
1210 2122 1290 2166 est
1327 2113 1638 2181 praeputium
1668 2113 1835 2183 legem

307 2204 606 2273 perliciens,
647 2203 764 2258 illos
791 2203 880 2272 qui
910 2216 1002 2270 per
1036 2202 1267 2255 litteram
1296 2213 1349 2254 et
1377 2203 1834 2258 circumcisiouem

307 2293 742 2362 praevaricatores
783 2301 904 2345 sunt
949 2290 1101 2357 legis.
1133 2288 1248 2342 Non
1275 2289 1420 2344 enim
1443 2289 1687 2359 purilicat
1717 2292 1836 2345 ani-

308 2399 448 2438 mam
481 2383 595 2436 bazc
627 2396 746 2450 quae
778 2383 828 2435 in
862 2379 1142 2433 manifesto
1171 2380 1230 2433 Iit
1254 2380 1304 2433 in
1347 2395 1506 2434 carne
1552 2382 1836 2436 circumci-

307 2475 422 2537 sio;
453 2472 545 2526 sed
575 2472 664 2525 illa
693 2485 809 2538 quae
839 2471 890 2523 in
917 2469 1129 2524 occulto
1159 2479 1238 2523 est
1267 2470 1611 2524 circumcisio
1635 2471 1833 2536 cordis,

308 2565 421 2632 ipsa
474 2563 722 2632 puriﬁcat
770 2571 1021 2624 mentem,
1060 2575 1114 2614 et
1172 2561 1417 2614 vitiorum
1466 2561 1700 2616 maculas
1749 2565 1837 2618 ab-

307 2653 502 2706 scindit
523 2653 589 2704 ”.
619 2649 886 2704 liacteuus
923 2649 1074 2702 nobis
1107 2648 1173 2702 de
1195 2649 1605 2706 circumcisione
1631 2653 1836 2706 carnali

309 2759 408 2812 pro
450 2741 657 2795 viribus
706 2740 908 2792 dictum
962 2737 1053 2791 sit.
1084 2737 1195 2806 Age
1227 2737 1339 2806 jam
1373 2740 1662 2793 secundum
1713 2754 1834 2793 eum

307 2834 396 2898 qui
442 2831 597 2895 dixit,
633 2848 651 2880 ι
681 2828 804 2897 quia
851 2828 934 2882 lex
981 2827 1243 2896 spiritalis
1275 2829 1458 2882 est":
1501 2847 1520 2882 ι
1548 2840 1600 2884 et
1649 2832 1739 2900 qui
1770 2832 1836 2886 de

309 2923 394 2977 his
418 2935 534 2989 quin
565 2921 868 2975 referuntur
897 2917 948 2972 in
978 2919 1114 2990 lege,
1146 2920 1278 2974 dicit
1304 2921 1443 2989 quod
1488 2936 1584 2990 per
1632 2922 1833 2990 allego-

1870 1725 1910 1780 Β

1943 506 1998 551 et
2047 514 2270 566 quorum
2316 502 2367 553 in
2416 501 2580 555 terris
2621 499 3044 554 ambulantium
3099 515 3120 548 ι
3154 500 3218 552 in
3271 496 3449 550 caelis
3492 507 3578 550 est

1943 589 2276 641 conversatio
2299 590 2365 652 ⁸⁷,
2390 607 2409 640 ι
2436 589 2639 656 quique
2689 585 3056 656 prospiciunt
3099 600 3218 638 non
3278 597 3351 638 ea
3413 601 3433 633 ι
3455 597 3579 650 qua:

1942 675 2207 741 videntur,
2229 679 2319 731 sed
2375 693 2494 745 quin
2543 692 2650 730 non
2690 675 2979 736 videntur,
3018 691 3040 724 ι
3080 681 3140 727 et
3184 672 3388 727 sciunt
3447 673 3578 740 quia

1948 781 1966 814 ι
1997 779 2112 833 quae
2153 767 2428 832 videntur,
2461 766 2784 835 temporalia
2822 774 2992 829 sunt;
3031 778 3164 832 qua:
3221 772 3427 816 autem
3464 778 3577 816 non

1942 853 2212 919 videntur,
2243 867 2445 911 eterna
2474 865 2598 911 sunt
2623 856 2689 909 ’⁸.
2719 875 2738 907 ι
2782 853 3025 920 Verum,
3057 865 3123 908 ut
3151 854 3436 922 superius
3461 869 3578 908 me-

1943 945 2290 1009 rnoravimus,
2310 947 2509 999 dictum
2549 956 2634 1000 est
2665 953 2720 998 et
2743 945 2814 998 ab
2847 943 2979 998 aliis
3014 943 3175 1011 quod
3205 941 3579 997 circumcisio

1939 1032 2192 1100 spiritalis
2219 1035 2288 1088 sit
2322 1049 2534 1090 onmem
2581 1033 2932 1088 immundam
2966 1031 3091 1102 (42)
3129 1030 3576 1101 cogitationem,

1941 1134 2100 1194 atque
2131 1125 2368 1193 impuros
2403 1140 2598 1180 sensus
2653 1123 2996 1179 abscindere
3038 1138 3072 1177 a
3109 1124 3297 1177 corde
3343 1131 3404 1176 et
3439 1122 3578 1188 ει)δί-

1939 1229 2078 1268 cere.
2138 1214 2243 1270 Sed
2293 1217 2601 1269 occurritur
2635 1214 3038 1281 hujuscemodi
3104 1212 3472 1267 editionibus
3507 1227 3577 1266 ex

1939 1303 2022 1357 bis
2043 1318 2164 1372 qua:
2192 1307 2324 1372 apud
2349 1302 2514 1376 494
2543 1303 2888 1358 Ezechielem
2936 1303 3164 1370 scripta
3220 1303 3574 1365 referuntur,

1939 1396 2027 1448 ubi
2059 1395 2188 1450 dicit
2225 1396 2519 1450 Dominus:
2552 1413 2568 1444 ι
2601 1393 2795 1449 Omnis
2829 1395 2984 1448 filius
3020 1394 3366 1463 alienigena
3404 1394 3575 1449 incir-

1938 1489 2207 1540 cuincisus
2248 1487 2432 1550 corde,
2495 1494 2550 1540 et
2589 1486 3034 1540 iueircumcisus
3088 1500 3302 1550 carne,
3340 1501 3454 1540 non
3491 1487 3574 1540 in~

1940 1574 2122 1628 troihit
2153 1575 2204 1626 in
2237 1585 2418 1628 sancta
2458 1589 2576 1629 mea
2611 1575 2666 1629 in
2708 1576 2986 1630 omnibus
3035 1575 3180 1631 [iliis
3223 1576 3575 1647 alienigena.

1940 1678 2057 1716 rum
2091 1664 2180 1730 qui
2210 1675 2334 1716 sunt
2361 1665 2415 1718 in
2447 1666 2622 1718 medio
2652 1666 2854 1720 donius
2889 1665 3074 1720 Israel
3095 1667 3173 1719 ”.
3204 1684 3225 1718 ι
3265 1666 3574 1720 Evidenter

1939 1753 2133 1807 etenim
2183 1753 2316 1806 duas
2365 1757 2818 1810 circumcisiones
2860 1758 2973 1811 hoc
3026 1758 3086 1810 in
3148 1757 3282 1812 loco
3335 1760 3574 1813 ostendit

1942 1858 2121 1898 sermo
2159 1845 2497 1912 propheticus
2535 1848 2726 1902 dicens
2758 1863 2772 1899 :
2813 1867 2833 1899 ι
2863 1849 3341 1904 lnc'trcumcisus
3385 1852 3570 1914 corde,

1937 1944 1989 1988 et
2013 1933 2416 1990 incircumcisus
2453 1952 2641 1994 carne.
2665 1958 2685 1990 ι
2728 1938 2892 1994 Unde
2945 1942 3233 2010 cogimur
3265 1943 3569 1997 secundum

1935 2022 2248 2092 allegoricas
2290 2025 2438 2095 leges
2484 2028 2775 2096 utriusque
2823 2029 3316 2086 circumcisionis
3366 2032 3571 2086 formas

1936 2127 2000 2167 ac
2050 2113 2257 2181 species
2313 2116 2612 2184 assignare,
2660 2120 2932 2183 quamvis
2991 2121 3112 2176 hoc
3175 2123 3368 2190 possit
3418 2122 3571 2176 nobis

1935 2204 2092 2256 etiam
2140 2203 2192 2256 in
2246 2204 2350 2258 illis
2391 2221 2528 2273 quas
2569 2221 2736 2274 supra
2799 2212 3205 2277 expasuimus
3257 2213 3569 2267 rationibus

1935 2291 2114 2359 objici.
2155 2287 2258 2344 Sed
2296 2293 2507 2346 interim
2566 2310 2710 2348 nunc
2763 2311 3218 2367 persequamur
3279 2317 3409 2370 qua:
3459 2303 3568 2373 (43)

1935 2383 2100 2450 possit
2147 2382 2368 2434 duarum
2418 2385 2910 2441 circumcisiouum
2979 2392 3322 2447 secundum
3375 2395 3568 2466 allego-

1936 2473 2068 2526 riam
2102 2473 2263 2540 Iigura
2305 2474 2547 2528 servari:
2584 2486 2638 2529 et
2689 2477 2996 2535 videamus
3049 2497 3131 2538 ne
3175 2485 3329 2540 forte
3379 2487 3566 2543 referri

1935 2571 2094 2631 queat
2131 2566 2196 2618 ad
2238 2566 2338 2620 duo
2385 2567 2660 2634 generalia
2711 2584 2980 2638 peccata,
3019 2574 3080 2628 in
3124 2577 3348 2646 quibus
3401 2582 3564 2634 incir-

1935 2654 2200 2709 cumcisos
2248 2669 2371 2710 esse
2419 2671 2527 2712 non
2578 2661 2830 2728 expedit,
2872 2663 2933 2718 id
2989 2676 3117 2732 est,
3154 2669 3216 2723 in
3253 2671 3390 2735 ﬁde,
3424 2681 3479 2726 et
3513 2673 3561 2726 in

1935 2745 2184 2812 operibus
2210 2761 2222 2795 :
2255 2754 2312 2799 ut
2337 2746 2407 2800 sit
2439 2747 2864 2806 incircumcisus
2890 2757 3084 2810 corde
3119 2758 3228 2828 qui
3265 2775 3380 2816 non
3410 2761 3566 2816 habet

1935 2833 2088 2888 ﬁdem
2119 2833 2253 2905 (ιι),
2302 2844 2356 2889 et
2404 2837 2828 2896 ineircumcisus
2877 2836 3076 2904 carne
3104 2850 3210 2918 qui
3251 2865 3426 2920 opera
3465 2867 3561 2906 non

1933 2925 2114 2980 habet.
2166 2925 2407 2981 Alterum
2461 2943 2699 2998 namque
2743 2933 2874 2989 sine
2931 2937 3139 2996 altero
3208 2949 3559 3013 reprobatur,

306 3013 440 3067 riam
491 3011 630 3064 dicta
677 3009 786 3062 sint
805 3007 850 3041 "
879 3027 895 3102 ξ
916 3009 1041 3102 quid
1091 3009 1251 3062 etiam
1290 3008 1601 3102 allegoricis
1633 3008 1836 3080 legibus
1859 3034 1902 3092 ο
1935 3017 2058 3082 quia
2090 3025 2144 3071 et
2171 3016 2301 3072 ﬁdes
2345 3017 2464 3074 sine
2490 3022 2751 3089 operibus
2797 3037 3048 3084 mortua
3090 3007 3317 3089 dicitur
3340 3037 3380 3102 ⁸,
3425 3045 3478 3091 et
3499 3051 3560 3090 ex

305 3102 372 3156 de
401 3115 461 3155 ea
491 3099 826 3154 sentiendum
852 3097 924 3152 sit
951 3098 1244 3165 videamus.
1287 3097 1409 3162 Scio
1455 3098 1739 3154 multorum
1768 3102 1834 3155 de

307 3188 408 3242 hoc
441 3186 566 3242 ferri
601 3188 741 3241 dicta
769 3186 853 3242 vel
891 3189 1120 3256 scripta;
1147 3189 1239 3242 sed
1281 3197 1336 3244 et
1377 3205 1474 3244 nos
1506 3205 1624 3260 quae
1654 3191 1835 3246 Domi-

306 3292 407 3333 nus
430 3278 654 3344 dederit,
681 3279 745 3332 ad
773 3293 836 3332 ea
864 3292 981 3348 qua:
1007 3279 1075 3332 ab
1097 3279 1215 3332 aliis
1237 3281 1514 3336 commode
1543 3283 1832 3351 composita

304 3369 556 3422 videntur
595 3366 869 3422 addemus.
913 3367 1329 3434 Circumcidere,
1367 3379 1454 3424 est
1496 3386 1563 3426 ex
1612 3372 1831 3440 genitali

307 3457 567 3522 membro,
619 3471 713 3526 per
761 3457 901 3526 quod
951 3459 1225 3513 successio
1265 3460 1480 3513 humani
1524 3463 1733 3530 generis
1779 3471 1834 3518 et

305 3546 538 3602 carnalis
591 3560 840 3622 propago.
869 3546 1228 3612 ministratur,
1278 3558 1553 3617 amputare
1599 3551 1831 3620 aliquam

306 3645 532 3705 partem.
569 3633 672 3690 Per
723 3636 826 3690 hoc
877 3650 1004 3704 ergo
1054 3637 1280 3694 indicari
1335 3639 1627 3706 ﬁguraliter
1687 3657 1828 3711 reor,

305 3726 680 3798 amputandam
716 3740 835 3780 esse
867 3726 933 3781 ab
969 3729 1168 3794 anima,
1200 3729 1243 3783 si
1276 3745 1378 3798 qua
1417 3731 1490 3786 illi
1525 3747 1588 3788 ex
1613 3748 1832 3792 consor-

309 3816 384 3869 tio
414 3815 592 3869 carnis
623 3814 846 3868 adhaesit
879 3815 1174 3884 impuritas,
1205 3817 1251 3871 si
1289 3820 1410 3886 quis
1450 3835 1566 3874 eam
1596 3821 1832 3880 libidinis

305 3903 620 3957 malesuada:
651 3917 840 3958 sensus
869 3903 1088 3958 obtexit.
1135 3905 1336 3961 Idcirco
1377 3909 1539 3976 igitur
1579 3925 1682 3964 non
1713 3913 1831 3968 aliis

303 3994 406 4048 ista
441 3991 676 4050 desectio
726 3992 856 4062 (Η),
883 3993 974 4046 sed
1005 3993 1324 4062 genitalibus
1368 3997 1620 4052 membris
1649 4000 1828 4071 inﬁgi-

305 4095 411 4148 tur,
447 4094 504 4138 ut
549 4083 744 4136 clareat
787 4083 926 4150 quod
963 4083 1263 4149 huiusmodi
1319 4086 1444 4138 vitia
1482 4087 1673 4142 anima:
1725 4107 1827 4146 non

295 4191 368 4227 ex
394 4175 610 4243 propria
647 4172 1084 4235 substantia,.sed
1113 4187 1179 4227 ex
1219 4175 1447 4242 genuino
1475 4185 1616 4230 motu
1654 4189 1708 4234 et
1756 4183 1832 4235 in-

307 4266 515 4318 centivo
561 4265 738 4316 carnis
774 4263 1078 4315 adveniunt.
1128 4263 1278 4327 Quod
1326 4275 1502 4318 autem
1530 4277 1716 4322 octava
1741 4271 1827 4326 die

303 4351 640 4405 circumcisio
669 4352 824 4405 datur
842 4352 910 4417 “,
933 4352 1061 4406 illud
1104 4351 1368 4420 designari
1401 4354 1654 4421 arbitror,
1685 4363 1826 4427 quod
1858 4353 1901 4407 D

303 4438 548 4506 praesenti
588 4439 798 4505 quidem
845 4439 1037 4493 saeculo
1071 4440 1362 4507 septimana
1411 4443 1656 4510 deputata
1699 4459 1818 4503 est:

302 4537 520 4582 octavus
557 4536 731 4581 autem
759 4528 874 4581 dies
902 4527 1064 4581 l'uturi
1103 4528 1280 4582 saeculi
1309 4533 1618 4601 mysterium
1661 4546 1820 4592 tenet.

304 4617 517 4669 Illorum
546 4631 672 4684 ergo
701 4625 784 4670 est
815 4616 1150 4673 circumcisio
1188 4619 1463 4687 spiritalis,
1511 4625 1602 4692 qui
1649 4627 1825 4684 futuro

299 4707 493 4760 sini-nlo
537 4706 784 4772 militant,
817 4707 868 4760 in
897 4721 1000 4774 quo
1027 4725 1046 4758 ι
1067 4723 1234 4777 neque
1266 4711 1484 4778 nubent,
1513 4729 1683 4784 neque
1729 4736 1822 4772 nu-

301 4797 517 4859 bentur,
549 4797 642 4851 sed
676 4805 835 4852 erunt
876 4797 1010 4850 sicut
1056 4797 1225 4867 angeli
1273 4799 1361 4854 Dei
1377 4802 1461 4864 ";
1501 4821 1518 4853 ι
1553 4816 1606 4857 et
1635 4821 1817 4864 eorum

367 4928 411 4961 "
441 4928 623 4983 Matth.
655 4945 801 4995 xxiv,
835 4930 888 4983 2.
961 4931 1008 4963 ⁸⁸
1036 4932 1198 4990 Exod.
1231 4949 1304 4994 iv.
1329 4934 1419 4996 ει.
1440 4937 1528 4992 25.
1602 4939 1646 4972 ”
1675 4941 1829 4999 Deut.
1854 4964 1882 5000 ι

379 4997 524 5037 “nm.
547 5012 618 5037 un
667 4999 730 5037 η
823 4999 1026 5037 ,³,ΩειΙΩΙ
1087 5017 1135 5037 ιιι
1181 5003 1249 5037 οι
1345 5007 1388 5037 οδ
1415 5006 1522 5037 (1....
1577 5023 1684 5037 -..η
1741 5013 1835 5037 ιο-
1867 5016 1882 5037 ι

1355 4935 1528 5037 ΞένιΞὶ
1577 4939 2272 5037 .‘.1P°:2-.zv:it"“~9-
2318 4963 2616 5037 manu.
2644 4987 2740 5037 xx.
2773 4977 2870 5034 re.

301 5013 346 5027 --
378 5013 527 5051 noni.
547 5013 640 5060 vn.
667 5013 749 5051 ιι.
823 5013 1049 5053 "-Uitlal.
1086 5017 1155 5062 iv,
1181 5013 1271 5057 24.
1345 5013 1388 5038 "
1415 5013 1546 5060 Gen.
1577 5023 1706 5073 xvii,
1740 5013 1805 5065 12

301 5064 796 5158 ἒ¹.¹ἰὲξὲ3¹ρ;.ἒ.¹¹’,ἓ⁰·
834 5069 1356 5158 ,ἽᾹΚΡοῑτηινλὲε-
1411 5077 1475 5158 .".
1498 5075 1686 5132 εκεευο
1712 5095 1816 5158 si."

823 5013 1049 5053 "-Uitlal.
1086 5017 1155 5062 iv,
1181 5013 1271 5057 24.
1345 5013 1388 5038 "
1415 5013 1546 5060 Gen.
1577 5023 1706 5073 xvii,
1740 5013 1836 5077 I2;
1865 5016 2033 5072 Levii.
2070 5013 2162 5082 xn,
2189 5025 2241 5078 5.

752 5067 796 5121 θ’
834 5069 1254 5158 ,θῖιῖἷξθῗϋνλ
1270 5072 1356 5158 ἔθ’
1411 5077 1475 5158 .’ῗ
1498 5075 1686 5132 Em“-
1712 5095 1854 5158 Ψνν
1880 5086 2027 5158 9_-__‘
2060 5089 2177 5148 Jac.
2212 5111 2267 5158 ιι.

299 4995 347 5073 ξ’
377 4997 527 5073 lieni.
547 5012 640 5060 vn,
667 4999 770 5073 η..
823 4999 1050 5073 "ﬁniat:
1086 5017 1155 5062 tv,
1181 5003 1271 5057 24.
1317 5007 1388 5073 7“
1408 4995 1546 5060 Gen.
1577 5023 1706 5073 xvn,

302 5128 328 5160 ⁸
351 5128 643 5200 Joanfxrv,
663 5128 761 5191 ‘23.
834 5136 855 5167 ⁵
884 5137 1067 5192 Matth.
1102 5154 1194 5202 vn,
1222 5128 1312 5199 ἐι.
1411 5146 1432 5175 ⁸
1456 5128 1684 5212 Ιιιῖιξξῖίξ
1712 5128 1804 5203 Eii.

515 5245 912 5320 _Genebrardus,
932 5267 964 5320 γε
986 5253 1270 5320 superﬂue,
1301 5273 1320 5306 ι
1359 5257 1514 5312 male.

376 5311 483 5374 (40)
515 5311 588 5389 Ita
619 5330 744 5368 mss.
781 5311 963 5371 nostri.
995 5311 1128 5374 Editi
1163 5311 1309 5389 vero,
1345 5343 1363 5375 ι
1385 5311 1672 5380 secundum
1707 5342 1816 5382 car-

305 5391 445 5433 nem.
475 5381 635 5444 solus,
664 5402 684 5434 ι
717 5397 822 5438 etc.

518 5446 902 5522 genehrardus,
931 5471 950 5506 ι
972 5456 1214 5522 defectio,
1239 5447 1450 5518 r°male.

376 5510 484 5636 (ιθ-ς
514 5510 904 5583 Genehrardus,
939 5540 956 5572 ι
976 5510 1422 5583 Ιιηιηῶιῖίὶέίέίῆξῖ

377 5577 462 5636 Ητῦ
515 5577 613 5632 Sed
638 5583 837 5636 interim
865 5605 999 5636 nunc
1036 5596 1395 5636 nernminium-

377 5577 484 5641 (45)
515 5577 613 5632 Sed
638 5583 837 5638 interim
865 5577 999 5644 nunc
1034 5577 1557 5666 perationem-urique.
1587 5613 1690 5660 etc.
1722 5604 1811 5661 Sic

1931 3106 2179 3176 operibus
2199 3108 2314 3163 sine
2332 3108 2435 3164 fide
2455 3125 2612 3166 nemo
2633 3115 2779 3184 apud
2811 3116 3005 3174 Deum
3022 3122 3397 3191 justiﬁeatur
3414 3131 3455 3182 '.
3479 3128 3562 3184 Sic

1930 3210 2080 3268 ergo,
2113 3207 2170 3252 ut
2201 3194 2585 3268 egoarbitror.
2635 3205 2849 3263 dictum
2902 3216 3334 3284 propheticum
3374 3236 3561 3277 conve-

1931 3287 2140 3377 nienter
2170 3291 2440 3359 aptabitur
2467 3294 2706 3350 fidelium
2763 3303 3015 3369 populo,
3062 3309 3290 3377 quibus
3320 3313 3516 3368 dicitur
3541 3330 3554 3366 :

1935 3393 1956 3427 s
1984 3375 2170 3434 Omnis
2211 3381 2510 3452 alienigena
2541 3387 2634 3454 qui
2685 3397 2775 3443 est
2821 3391 2882 3444 in
2937 3375 3123 3454 vobis
3164 3401 3227 3456 in
3261 3405 3447 3460 medio
3470 3407 3559 3458 do-

1931 3481 2051 3522 mus
2079 3469 2242 3525 Israel
2290 3472 2716 3534 incircumcisus
2751 3484 2961 3550 c0rde,
3018 3501 3083 3546 et
3129 3493 3559 3553 incircumcisus

1932 3571 2133 3622 carne,
2172 3574 2277 3615 non
2334 3563 2586 3621 introibit
2625 3569 2680 3624 in
2733 3584 2945 3632 sancta
3010 3597 3148 3639 mea
3175 3585 3223 3645 ³.
3259 3606 3280 3640 ι
3335 3588 3447 3643 Hoc
3484 3597 3557 3643 est

1932 3646 2184 3748 nimirum
2211 3653 2353 3720 quod
2379 3664 2432 3708 et
2456 3655 2716 3717 Dominus
2752 3664 2808 3718 in
2848 3666 3195 3742 Evangelia
3225 3681 3369 3738 dicit
3392 3699 3436 3736 τι
3460 3683 3550 3748 Qui

1930 3741 2100 3836 credit
2137 3742 2329 3836 inme,
2360 3750 2612 3803 mandata
2642 3767 2764 3808 mea
2793 3741 3150 3836 custodit‘;
3178 3783 3293 3828 net
3328 3741 3550 3829 iterum:

1937 3848 1954 3880 ι
1980 3829 2077 3894 Qui
2110 3833 2274 3930 audit-
2301 3837 2471 3930 verba
2508 3855 2628 3894 mea
2661 3843 2803 3913 haec,
2837 3861 2900 3905 et
2933 3854 3089 3915 facit
3240 3867 3300 3930 ⁸;
3334 3886 3354 3918 ι
3389 3877 3442 3921 et
3470 3867 3557 3920 ite-

1931 3935 2046 4021 rum
2079 3939 2094 3976 :
2129 3939 2162 4021 ι,
2177 3922 2314 4021 Quid
2343 3935 2535 4021 autem,
2561 3930 2747 3988 dicitis
2774 3940 2922 3996 mihi
2950 3961 2965 3997 :
2997 3922 3296 4021 Domine,’
3315 3956 3550 4021 Domine,

1928 4012 2313 4118 et-nonAlacitlis
2338 4029 2457 4118 qua:
2487 4019 2608 4118 dico
2625 4022 2646 4054 ‘
2665 4023 2690 4078 ἳ
2711 4043 2731 4076 ι
2767 4026 2951 4091 Vides
2973 4053 3124 4111 ergo
3162 4012 3378 4118 ubique
3405 4012 3554 4104 [idem

1928 4102 2351 4192 eum-operibus
2389 4106 2565 4178 jungi,
2605 4121 2664 4167 et
2711 4130 2891 4184 opera
2961 4102 3189 4188 sociari
3433 4102 3550 4192 Iide.

1928 4187 2116 4292 cordis
2151 4191 2328 4292 itaque
2350 4205 2434 4250 est
2463 4198 2818 4262 circumcisio
2852 4212 3015 4286 (45),
3054 4187 3209 4279 nihil
3243 4187 3550 4292 eam};

1931 4276 2063 4330 nihil
2099 4277 2369 4375 indignum
2399 4290 2606 4345 sentire
2643 4295 2711 4349 de
2743 4276 2880 4356 ﬁde.
2920 4276 3553 4375 carnis

1928 4377 2032 4434 est,
2048 4369 2188 4474 .nihil
2221 4371 2573 4446 immundum,
2603 4385 2749 4440 nihil.
2774 4405 2884 4448 con
2895 4405 2954 4451 ta
2965 4404 3090 4458 min
3103 4369 3274 4464 atu‘n'i

1927 4460 2197 4562 gestisque
2223 4469 2594 4562 committere.
2638 4477 2746 4544 Qui
2803 4489 2968 4544 enim
3022 4495 3082 4550 in
3133 4460 3548 4558 alte-roborum

1929 4554 2332 4650 iiicircuiticisus
2379 4556 2543 4615 fuerit
2567 4576 2624 4619 et
2654 4569 3023 4646 immundus,
3067 4587 3171 4644 Dei

1928 4639 2084 4740 sim".
2119 4643 2434 4740 ντοιιίξλοιυν
2483 4650 2538 4704 in
2581 4669 2803 4718 “"c‘a-
2852 4639 3443 4740 “hereditariam;
3470 4639 3553 4740 "et

1930 4727 2224 4845 alteqigena
2283 4736 2336 4788 iu
2385 4754 2600 4845 saneta,
2644 4762 2758 4817 quo
2797 4771 2916 4812 non
2963 4764 3191 4826 licebat
3219 4774 3440 4845 ingredi
3471 4793 3554 4831 se-

1931 4819 2160 4876 cundum
2203 4821 2371 4893 legem
2432 4829 2632 4890 littera:
2687 4842 2802 4898 nisi
2856 4851 3008 4909 solis
3053 4819 3549 4922 sacerdztibus.

2953 4987 3007 5062 ξίν
3037 4989 3216 5062 Rom.
3259 5013 3326 5062 ll,
3355 5000 3549 5053 27-29.

2964 5057 3027 5131 "_
3052 5061 3265 5131 Matth.
3309 5057 3428 5131 an,
3465 5071 3550 5123 12.

3008 5128 3033 5159 ³
3065 5130 3288 5191 Ezech.
3316 5128 3466 5202 xciv,
3495 5143 3552 5192 9.

2388 5034 2578 5108 Matth.
2608 5031 2746 5108 uti,
2778 5031 2876 5103 50',

1899 5099 2279 5232 pug]?
2302 5099 2389 5222 177..
2465 5107 2487 5138 ³
2509 5105 2690 5166 Galat.
2727 5099 2801 5181 il,

1925 5279 2054 5321 mss.
2106 5271 2242 5328 Editt
2299 5293 2447 5349 vero,
2504 5305 2522 5337 ι
2554 5287 2662 5344 Sed
2719 5294 2954 5360 interim

1919 5348 2058 5400 quis,
2089 5357 2107 5390 ι
2139 5353 2246 5396 etc.

1991 5406 2102 5476 (ιι)
2133 5409 2274 5467 Editi
2291 5454 2309 5479 ,

1921 5470 2096 5564 ηαριιέξ
2121 5470 2331 5564 »μημιιᾲ

3014 5310 3327 5372 videamus
3395 5334 3538 5373 nunc

2345 5431 2438 5475 «ut
2471 5424 2544 5479 sit
2572 5427 2950 5495 circumcisus
2985 5453 3177 5506 corde
3227 5458 3326 5522 qui
3385 5458 3545 5511 halh't
