3836 6262
277 446 282 454 ε
351 373 444 429 909

1263 368 1610 426 COMMENT.
1649 369 1714 424 lN
1752 369 1965 426 EPIST.
2008 371 2094 423 AD
2136 369 2294 425 ROM.
2338 371 2460 423 LIB.
2503 370 2565 425 Π.

3401 377 3502 431 910

369 488 524 538 Datur
543 495 670 534 vero
693 496 836 535 nunc
863 489 914 534 et
936 479 1241 548 alienigenis
1267 490 1325 534 ut
1349 481 1712 550 ingrediantur
1737 482 1870 552 (46),
1901 483 1944 541 Α
1972 481 2399 543 circumcisione,
2432 499 2551 536 cum
2582 483 2647 536 ab
2677 481 2753 537 cis
2787 484 2982 538 veteris
3014 484 3248 539 hominis
3275 494 3518 539 cousne-'

355 584 409 627 ut
442 573 547 625 sint
594 571 717 625 fidei
772 581 828 626 et
862 580 1070 624 actumn
1116 570 1520 625 circumcisione
1556 573 1783 640 purgati.
1813 573 1870 626 Si

352 667 468 735 quis
501 675 679 719 autem
708 681 803 719 nos
839 669 904 721 ad
941 665 1239 735 superiores
1275 663 1592 731 quaestiones
1622 678 1874 719 revocare

352 758 654 818 contendat,
693 765 746 808 et
773 757 962 808 iterum
1021 754 1170 808 nobis
1210 753 1432 822 replicet
1456 753 1556 808 hoc
1586 754 1723 822 quod
1749 755 1874 809 scri-

351 854 492 912 ptum
523 854 604 897 est
632 844 697 895 de
720 844 1042 913 alienigena,
1070 843 1208 914 quod
1240 845 1304 898 ab
1337 859 1400 898 eo
1428 844 1635 898 volente
1667 843 1871 911 ingredi

352 935 402 986 iu
453 943 655 994 sancta,
705 949 811 986 non
859 933 1028 986 solum
1077 933 1254 987 cordis
1305 933 1664 998 circumcisio,
1696 935 1790 988 sed
1820 942 1874 988 et

351 1021 522 1076 carnis
552 1021 786 1089 exigitur
817 1039 830 1074 :
855 1022 978 1076 huic
1007 1022 1078 1074 ita
1104 1023 1320 1076 moleste
1349 1023 1652 1092 persistenti
1687 1022 1873 1076 obver-

352 1113 508 1165 timus
537 1119 591 1163 et
623 1127 724 1165 nos
781 1111 910 1166 illttd
964 1115 1103 1181 quod
1135 1105 1393 1167 Jeremias
1428 1113 1678 1181 prOpheta
1708 1111 1868 1166 dicit:

355 1223 371 1253 ι
395 1203 526 1256 Ecce
553 1202 937 1257 incircumcisae
960 1213 1081 1257 sunt
1104 1218 1258 1257 aures
1285 1221 1302 1253 ι
1338 1212 1524 1258 vestra:
1546 1205 1587 1257 ⁸.
1621 1202 1875 1257 Ostendat

351 1293 498 1346 nobis
527 1294 627 1346 iste
670 1294 902 1348 carnalis
943 1294 1364 1348 circumcisionis
1399 1303 1617 1348 exactor
1665 1297 1872 1347 aurium

347 1383 806 1436 circumcisionem
843 1383 1144 1437 sensibilem
1189 1391 1243 1436 et
1284 1383 1651 1461 corporalem,
1683 1385 1724 1436 si
1777 1398 1874 1451 po-

349 1480 490 1523 test:
543 1471 638 1524 sed
692 1480 894 1525 certum
938 1482 1019 1524 est
1059 1473 1196 1539 quod
1239 1472 1382 1525 nullo
1422 1480 1577 1540 pacto
1617 1473 1668 1525 id
1700 1473 1874 1526 facere

347 1571 524 1630 queat.
575 1561 892 1616 Revertetnr
931 1576 1057 1628 ergo
1101 1561 1168 1615 ad
1215 1561 1498 1630 allegorias
1558 1563 1874 1616 necessitate

344 1649 682 1716 compulsus,
714 1659 767 1704 et
800 1651 941 1702 dicet
967 1650 1272 1702 circumcidi
1302 1664 1474 1710 aures,
1506 1664 1648 1712 cum,
1686 1664 1874 1704 secun-

346 1742 466 1794 dum
496 1741 803 1797 Salomonis
830 1743 1079 1804 monita”,
1112 1757 1213 1794 non
1263 1742 1521 1810 recipiunt
1548 1743 1869 1798 auditionem

343 1845 554 1890 vanam,
577 1840 633 1884 et
663 1845 781 1883 cum
814 1832 1120 1900 oppilantttr
1143 1846 1207 1884 ne
1237 1833 1450 1884 audiant
1469 1833 1731 1902 judicium
1755 1850 1874 1888 san-

345 1920 537 1986 guinis,
566 1929 622 1974 ct
660 1935 779 1974 cum
823 1921 1097 1988 sepiuntur
1115 1922 1280 1988 spinis
1310 1937 1376 1975 ne
1410 1923 1673 1990 recipiant
1700 1925 1876 1978 obtre-

343 2009 655 2072 ctationem,
707 2010 800 2062 sed
853 2019 911 2062 ut
965 2010 1060 2063 soli
1113 2011 1274 2064 verbo
1309 2010 1397 2064 Dei
1441 2019 1682 2080 pateant,
1712 2021 1765 2066 et
1792 2011 1875 2067 his

344 2112 459 2164 quae
503 2097 569 2150 ad
628 2091 1035 2152 aedificationem
1084 2099 1350 2153 dicuntur.
1387 2098 1469 2154 Sit
1507 2115 1634 2170 ergo
1663 2101 1788 2155 talis
1823 2110 1878 2156 et

340 2189 444 2241 illa
470 2188 680 2254 cordis,
713 2190 885 2258 qualis
909 2200 963 2244 et
989 2190 1099 2244 htec
1130 2192 1337 2244 aurium
1362 2191 1721 2255 circumcisio,
1758 2205 1876 2260 quae

340 2280 701 2355 communiter
729 2280 940 2334 videtur
976 2281 1236 2348 exposita.
1284 2280 1396 2336 Hoc
1433 2291 1608 2337 autem
1639 2282 1795 2337 modo
1823 2292 1876 2337 et

344 2370 751 2424 incircumcisus
785 2369 942 2425 labiis
972 2371 1193 2434 dicitur,
1227 2373 1313 2440 qui
1349 2388 1453 2426 non
1485 2372 1878 2428 circumciderit

339 2459 754 2527 blasphemiam,
801 2460 1201 2526 scurrilitatem,
1244 2461 1628 2530 turpiloquium
1670 2463 1735 2515 de
1783 2475 1877 2517 ore

338 2565 452 2614 suo,
481 2550 573 2618 qui
608 2565 716 2604 non
739 2551 979 2618 posuerit
1005 2550 1300 2604 custodiam
1333 2552 1414 2606 ori
1442 2565 1558 2616 suo,
1587 2561 1640 2606 et
1672 2551 1871 2606 ostium

337 2640 760 2695 circumstantia:
799 2639 954 2693 labiis
976 2641 1086 2694 suis
1109 2641 1175 2705 ¹⁰,
1209 2641 1296 2708 qui
1333 2655 1433 2694 non
1466 2643 1625 2696 etiam
1648 2657 1676 2695 a
1714 2643 1877 2697 verbo

337 2732 509 2784 otioso
557 2730 961 2784 circumciderit
994 2745 1054 2785 os
1104 2743 1279 2785 suum.
1326 2731 1560 2800 Denique
1601 2730 1688 2784 ubi
1748 2731 1878 2784 dicit

337 2822 550 2894 Moyses
603 2825 674 2877 ad
730 2823 1048 2878 Dominum:
1077 2823 1372 2889 «Provide,
1411 2823 1670 2890 Domine,
1713 2823 1883 2898 alium.

334 2928 491 2982 quem
519 2913 730 2975 mittas,
747 2926 846 2983 ego
869 2921 1042 2967 autem
1061 2913 1446 2984 tarduslingua,
1465 2922 1517 2968 et
1543 2913 1876 2984 graciliyoce

331 3004 552 3058 sum":
595 3021 618 3054 ι
655 3003 755 3070 ipsi
791 3003 843 3056 in
889 3001 1122 3057 Hebraeis
1155 3004 1545 3072 exemplaribus
1593 3003 1791 3057 habere
1817 3019 1877 3059 se

1975 573 2229 637 tudinem,
2245 585 2299 626 et
2317 575 2591 641 passiones
2609 589 2669 628 ac
2693 573 2820 628 vitia
2836 575 3009 629 carnis
3030 576 3287 630 abscidit:
3308 588 3358 630 et
3378 558 3515 632 tunei

1973 661 2266 730 completur
2303 663 2438 729 quod
2468 663 2518 714 in
2551 662 2672 717 lesu
2703 663 2846 718 Nave
2868 665 3123 733 scriptum
3149 673 3230 718 est
3255 683 3268 718 :
3293 683 3311 716 ι
3336 664 3498 720 Hodie

1972 767 1999 804 a
2053 752 2204 804 vobis
2255 752 2447 806 abstuli
2488 753 2766 822 opprobria
2798 754 3010 824 Egypti
3047 755 3110 806 “.
3143 775 3160 806 ι
3205 753 3498 824 Opprobria

1974 855 2203 911 namque
2219 841 2428 910 Egypti
2447 856 2624 895 secum
2649 843 2967 908 circumfert,
2984 847 3026 900 si
3053 847 3171 914 quis
3194 846 3245 898 in
3266 847 3499 900 Ecclesia

1970 931 2196 998 positus,
2229 941 2282 984 et
2311 932 2408 985 sub
2445 931 2570 985 Jesu
2591 933 2723 986 duce
2745 933 3000 1000 militans,
3021 934 3300 1004 [Egyptios
3325 951 3499 989 mores

1972 1030 2027 1077 et
2072 1033 2246 1077 motus
2302 1023 2465 1078 animi
2511 1024 2766 1080 barbaros
2802 1035 2998 1080 servet.
3059 1027 3292 1082 Marcion
3343 1044 3496 1094 sane,

1971 1113 2057 1168 cui
2087 1128 2181 1181 per
2202 1112 2505 1182 allegoriam
2527 1115 2655 1168 nihil
2675 1115 2846 1183 placet
2869 1116 3114 1186 intelligi,
3134 1119 3397 1186 quomodo
3413 1134 3503 1173 ex-

1972 1212 2130 1271 ponat
2153 1203 2310 1275 495
2342 1205 2480 1274 quod
2514 1205 2638 1259 dicit
2659 1205 2940 1274 Apostolus
2961 1207 3023 1271 ",
3041 1207 3502 1265 circumcisionem

1974 1291 2246 1360 prodesse,
2294 1293 2510 1346 omnino
2540 1307 2642 1346 non
2671 1294 2920 1348 inveniet.
2960 1294 3062 1349 Sed
3092 1310 3158 1350 ne
3187 1297 3253 1353 de
3282 1296 3504 1367 singulis

1971 1381 2180 1447 quidem
2227 1396 2344 1450 quae
2398 1382 2698 1436 inferuntur
2742 1383 3002 1439 ullatenus
3042 1387 3264 1441 reddere
3311 1388 3505 1456 poterit

1973 1471 2248 1526 rationem.
2288 1472 2570 1527 Adversari
2594 1487 2740 1539 sane,
2770 1483 2822 1528 et
2844 1490 2962 1529 eum
2993 1475 3238 1530 irrisione
3273 1478 3503 1547 quadam

1975 1563 2214 1616 innotare
2256 1559 2419 1614 Deum
2461 1562 2591 1632 legis
2637 1563 2728 1632 qui
2774 1564 3231 1619 circumcisionem
3275 1566 3502 1629 dederit,

1974 1651 2107 1705 solet
2137 1664 2240 1704 non
2289 1653 2462 1705 solum
2492 1652 2604 1720 ipse
2630 1689 2646 1713 .
2693 1655 2785 1706 sed
2825 1663 2878 1706 et
2920 1669 3104 1708 omnes
3143 1655 3376 1708 hasretici
3408 1656 3503 1723 qui

1974 1749 2124 1793 vetus
2146 1739 2536 1795 Testamentum
2566 1743 2864 1810 reputliant,
2898 1759 2999 1796 una
3046 1759 3166 1799 cum
3197 1747 3504 1812 gcntilibus,

1974 1829 2060 1898 qui
2115 1845 2299 1884 omnes
2328 1831 2604 1884 adversum
2637 1833 2796 1886 Deum
2824 1833 2953 1902 legis
2982 1834 3103 1888 talia
3132 1837 3372 1901 quaedam
3407 1851 3502 1890 ve-

1978 1917 2052 1970 lut
2083 1917 2339 1973 ftederata
2367 1918 2476 1989 (47)
2510 1920 2895 1974 obtrectatione
2922 1922 3312 1991 congeminant.
3338 1923 3500 1978 Stoici

1975 2008 2120 2060 aiunt
2157 2025 2170 2060 :
2205 2007 2406 2062 lndicet
2434 2008 2633 2076 aliquid
2659 2011 2937 2079 mysticum
2967 2011 3333 2078 circumcisio,
3357 2026 3410 2070 et
3437 2015 3501 2068 fi-

1973 2112 2158 2166 guram
2195 2106 2369 2151 teneat
2420 2097 2792 2168 allegoricam;
2853 2100 2995 2154 itane
3026 2102 3263 2170 oportuit
3299 2113 3356 2158 ut
3380 2119 3502 2158 cum

1974 2201 2128 2255 paena
2154 2196 2206 2240 et
2235 2187 2469 2255 periculo
2512 2189 2874 2256 parvulorum,
2920 2205 3042 2244 cum
3077 2191 3398 2247 cruciatibus
3425 2202 3503 2248 tc-

1977 2291 2115 2328 ncrae
2144 2285 2198 2328 et
2224 2277 2394 2329 adhuc
2443 2276 2742 2332 innocentis
2772 2278 3030 2343 infantize,
3064 2279 3351 2350 figurarum
3377 2291 3501 2350 spe;

1975 2365 2082 2419 cies
2109 2365 2239 2436 (48),
2269 2375 2322 2419 et
2355 2365 2484 2435 legis
2525 2367 2802 2436 aenigmata
2848 2369 3238 2422 conderentur?
3273 2370 3362 2425 Sic
3393 2387 3503 2424 non

1977 2457 2203 2510 habebat
2268 2456 2539 2524 legislator
2583 2455 2672 2510 ubi
2719 2456 2919 2512 formas
2960 2459 3215 2527 mysticae
3259 2471 3502 2529 poneret,

1975 2547 2075 2600 nisi
2107 2547 2157 2599 in
2189 2545 2599 2600 dedecoratione
2625 2545 2737 2616 (49)
2763 2547 3179 2601 verecundornm
3221 2547 3503 2618 locorum;

1975 2646 2028 2690 et
2054 2637 2144 2690 Dei
2185 2637 2562 2705 omnipotentis
2608 2636 2730 2700 lex,
2772 2638 3064 2706 aeternique
3093 2641 3394 2694 testamenti
3425 2641 3503 2694 si-

1975 2723 2255 2792 gnaculum
2305 2738 2406 2776 non
2449 2721 2616 2792 potuit
2644 2723 2744 2777 nisi
2775 2722 2828 2777 in
2856 2723 3104 2778 obscenis
3140 2726 3499 2781 membrorum

1974 2811 2212 2880 partibus
2263 2810 2552 2867 collocari?
2601 2812 2747 2866 Itane
2784 2813 2954 2867 bonus
3000 2821 3082 2867 est
3121 2814 3260 2869 Deus
3286 2818 3382 2870 iste
3409 2815 3502 2884 qui

1975 2911 2156 2955 natum
2189 2902 2456 2956 hominem
2487 2902 2665 2956 statim
2698 2905 2749 2956 in
2781 2903 2963 2970 primis
2989 2917 3137 2958 nova:
3166 2903 3298 2959 lucis
3320 2906 3503 2975 auspi-

1973 2990 2073 3044 ciis
2094 2991 2404 3058 praeceperit
2438 2990 2750 3045 vulnerari?
2802 2991 2861 3044 Et
2888 2990 2933 3044 si
2953 3029 2970 3054 ,
3001 2999 3060 3045 ut
3086 2992 3233 3046 vobis
3273 2994 3503 3059 videtur,

331 3094 557 3150 dicunt:
585 3112 604 3146 ι
632 3093 748 3164 Ego
768 3103 943 3148 autem
980 3094 1378 3149 incircumcisus
1431 3109 1547 3148 sum
1584 3093 1738 3150 labiis
1778 3095 1872 3154 ³³.»

1980 3081 2089 3150 ipse
2115 3089 2198 3134 est
2225 3091 2278 3136 et
2300 3082 2490 3134 animae
2523 3090 2732 3135 creator
2753 3092 2806 3136 et
2832 3079 3091 3149 corporis,
3126 3090 3218 3135 aut
3238 3081 3505 3151 superﬂuo

329 3181 480 3251 Quod
523 3185 572 3239 si
620 3183 730 3238 boc
767 3185 944 3248 modo,
985 3199 1089 3252 quo
1132 3185 1375 3252 superius
1425 3184 1673 3249 diximus,
1705 3193 1878 3253 potest

326 3275 450 3343 quis
477 3273 900 3330 incircumcisus
928 3275 1092 3327 videri
1118 3273 1357 3336 auribus,
1383 3283 1436 3328 et
1464 3273 1872 3328 incircumcisus

322 3366 506 3432 labiis,
540 3383 652 3422 cur
681 3382 788 3420 non
831 3376 885 3421 et
918 3365 1078 3419 simili
1108 3363 1275 3418 forma
1306 3364 1710 3419 incircumcisus
1741 3379 1878 3434 prte-

321 3457 473 3523 putio
501 3457 696 3509 carnis
727 3470 836 3510 suae
886 3456 1095 3509 dicatur
1129 3454 1172 3508 is
1200 3454 1285 3522 qui
1312 3469 1434 3522 erga
1465 3455 1755 3508 naturalem
1789 3471 1878 3509 co-

321 3543 430 3597 itus
472 3554 691 3598 motum
717 3543 1118 3596 immoderatius
1135 3550 1188 3594 et
1213 3542 1652 3609 intemperantius
1672 3541 1835 3600 eﬂluit
1861 3559 1874 3594 :

319 3633 694 3686 circumcisus
727 3646 852 3699 vero
876 3630 1155 3692 habeatur,
1185 3630 1228 3684 si
1257 3630 1378 3697 quis
1417 3631 1467 3683 in
1513 3631 1874 3698 hujuscemodi

319 3725 543 3792 negotio
591 3721 853 3791 legitimis
896 3728 951 3774 et
998 3728 1252 3787 quantum
1309 3719 1607 3787 posteritati
1665 3719 1877 3786 suilicit,

318 3823 515 3866 utatur
545 3811 787 3867 ofﬁciis?
820 3809 1011 3864 Verum
1056 3808 1306 3875 quoniam
1344 3811 1410 3862 de
1455 3808 1878 3864 circumcisionis

314 3905 540 3956 ratione
577 3910 912 3963 tractamus,
950 3898 1110 3952 etiam
1145 3897 1271 3950 illud
1324 3897 1408 3950 his
1449 3897 1736 3967 adiungere
1773 3914 1876 3952 non

314 3995 626 4048 absurdum
666 3991 901 4053 videtur,
931 3989 1071 4056 quod
1121 3986 1275 4042 Jesus
1307 3986 1445 4042 filius
1477 3987 1620 4041 Nave
1651 4003 1715 4042 ex
1744 4004 1878 4057 prte-

307 4095 474 4155 cepto
533 4080 762 4138 Domini
797 4079 933 4145 filios
976 4077 1135 4132 Israel
1191 4078 1426 4132 secundo
1476 4079 1879 4133 circumcidisse

308 4175 514 4227 cultris
538 4170 742 4225 saxeis
768 4176 1091 4222 memoratur
1111 4165 1154 4197 ¹⁸
1179 4184 1192 4220 :
1225 4167 1362 4233 quod
1393 4167 1594 4233 utique,
1621 4175 1876 4235 quantum

301 4265 372 4316 ad
432 4263 694 4316 litteram
745 4265 968 4326 spectat,
1019 4253 1347 4322 impossibile
1400 4254 1597 4308 factum
1651 4255 1878 4308 videtur.

303 4351 499 4406 Semel
546 4350 706 4401 enim
756 4344 1089 4398 circumcisis
1136 4343 1187 4396 in
1232 4357 1396 4396 carne
1442 4343 1708 4412 prteputii,
1753 4343 1877 4412 quid

301 4443 566 4496 invenire
599 4448 794 4509 posset
820 4437 1050 4491 secunda
1081 4431 1417 4487 circumcisio
1441 4432 1578 4499 quod
1606 4431 1879 4485 auferret?

298 4532 468 4587 Jesus
526 4545 670 4585 vero
737 4537 936 4590 noster,
988 4525 1078 4593 qui
1139 4537 1266 4576 vere
1308 4531 1424 4590 post
1470 4520 1682 4590 Moysen
1742 4520 1877 4574 iilios

295 4621 474 4676 Israel
533 4621 589 4673 in
645 4629 850 4670 terram
885 4623 1125 4667 sanctam
1167 4611 1414 4664 ﬂuentem
1453 4610 1533 4662 lac
1569 4619 1622 4662 et
1673 4609 1797 4674 mel,
1823 4611 1874 4662 in

298 4722 520 4766 terram
550 4705 999 4776 repromissionis
1032 4701 1252 4763 inducit,
1271 4700 1486 4753 evidens
1505 4707 1586 4752 est
1615 4699 1878 4766 quomodo
1916 4738 1920 4743 .

296 4817 410 4855 non
446 4797 661 4858 semel,
696 4794 790 4848 sed
821 4793 1052 4847 secundo
1076 4790 1402 4846 cicumcidat
1425 4788 1754 4842 credentium
1783 4802 1878 4855 po-

291 4891 517 4958 pulum.
562 4885 765 4940 Prima
799 4893 1030 4949 namque
1077 4887 1158 4933 est
1203 4877 1319 4947 ejus
1377 4874 1733 4936 circumcisio,
1776 4887 1877 4942 qua

289 4978 365 5033 ab
397 4979 486 5034 eis
527 4975 624 5030 vel
660 4972 935 5027 idolorum
962 4969 1188 5032 cultum,
1218 4965 1299 5020 vel
1328 4971 1626 5020 commenta
1649 4962 1880 5031 philoso-

290 5070 480 5138 phica:
534 5061 933 5136 persuasionis
971 5057 1231 5112 exsecuit.
1281 5052 1527 5109 Secunda
1555 5065 1682 5106 vero
1714 5049 1878 5104 utitur

366 5208 389 5238 ⁸
418 5204 644 5259 Jerem.
678 5202 766 5252 vt.
796 5194 882 5248 10.
955 5193 978 5224 ⁹
1011 5190 1172 5244 Eccli.
1203 5201 1386 5259 xsvttt,
1411 5185 1499 5240 28.
1576 5183 1620 5215 ¹⁶
1646 5182 1786 5239 Psal.
1820 5197 1941 5248 ch,
1972 5185 2025 5239 3.

290 5293 347 5341 ν,
376 5255 576 5328 21F“
608 5267 759 5323 ibid.
784 5263 836 5320 9.
913 5261 957 5292 ιε
982 5260 1132 5312 Rom.
1165 5273 1228 5320 ιι,
1253 5255 1342 5310 25.

366 5386 492 5457 (66)
529 5383 632 5437 Sic
665 5375 840 5440 editi;
869 5375 963 5428 sed
993 5385 1119 5424 mss.
1143 5384 1348 5433 omnes,
1379 5385 1400 5420 ιι
1425 5367 1628 5436 ingredi
1657 5376 1878 5430 tantum,

291 5463 718 5591 ut,(;7¢;tc‘}elu‘
747 5510 1020 5591 Ῑωᾴεηηφ,
1051 5504 1195 5591 ¹ξῑιιίρ
1227 5523 1241 5557 :
1277 5522 1296 5554 ι
1331 5505 1412 5556 vel
1445 5503 1604 5584 foeda.
1640 5521 1659 5556 ι
1736 5570 1775 5591 τ’

541 5570 865 5640 Innocentis
897 5574 1128 5650 infantia:
1155 5573 1447 5661 ﬁgurare»:
1471 5573 1678 5661 species.
1736 5570 1873 5626 Etliti

293 5640 602 5732 pcipi-Iram
645 5669 661 5704 :
710 5667 729 5700 ι
770 5642 1069 5700 innocentis
1093 5643 1290 5707 partis,
1340 5640 1389 5692 in
1425 5640 1559 5695 facie
1587 5641 1872 5710 ﬁgurarum

1977 3185 2034 3224 se
2080 3170 2371 3238 plasmasse
2418 3180 2618 3239 partem
2679 3171 2821 3225 illam
2869 3173 3108 3242 corporis
3152 3181 3301 3228 notat
3343 3187 3504 3242 quam

1976 3260 2308 3328 postmodum
2357 3260 2573 3313 mandat
2618 3260 2856 3315 abscindi
2883 3303 2898 3328 ,
2948 3270 3006 3315 ιιι
3051 3275 3146 3333 per
3187 3263 3503 3318 miserorum

1976 3349 2232 3418 supplicia
2296 3350 2565 3418 proprium
2623 3351 2870 3405 emendet
2916 3351 3028 3421 (50)
3076 3367 3348 3420 errorem;
3413 3363 3506 3419 aut

1977 3439 2116 3504 quod
2147 3440 2452 3494 necessario
2493 3447 2548 3493 et
2577 3440 2781 3494 utiliter
2811 3441 2954 3506 fecit,
2987 3457 3090 3496 non
3117 3451 3260 3497 recte
3287 3445 3502 3497 mandat

1980 3527 2199 3582 auferri.
2235 3527 2366 3581 Tum
2390 3539 2644 3598 praeterea
2668 3530 2711 3584 si
2739 3545 2882 3585 cura:
2906 3539 2988 3585 est
3023 3531 3131 3585 Deo
3157 3531 3409 3600 plurimos
3435 3533 3502 3586 ad

1977 3619 2175 3672 cultum
2211 3633 2324 3673 sua:
2349 3619 2620 3688 religionis
2652 3620 2864 3687 adduci,
2890 3621 3176 3675 maximum
3199 3636 3261 3674 ex
3285 3622 3506 3675 circum-

1976 3709 2182 3764 cisione
2227 3708 2553 3764 obstaculum
2595 3710 2852 3763 nascitur.
2906 3708 3036 3762 Cum
3083 3725 3147 3763 eo
3184 3711 3324 3763 enim
3363 3713 3504 3778 quod

1977 3801 2293 3870 supplicium
2321 3799 2682 3868 unusquisque
2710 3798 2957 3863 declinat,
2983 3808 3091 3852 tum
3112 3799 3271 3853 etiam
3303 3800 3508 3853 irrisio-

1978 3907 2096 3946 nem
2126 3891 2464 3960 turpitudinis
2506 3889 2700 3959 refugit
2732 3905 2745 3942 :
2779 3891 2918 3944 unde
2949 3889 3118 3958 magis
3161 3889 3504 3959 impedimen-

1980 3990 2087 4035 tum
2126 3980 2228 4035 hoc
2265 3979 2565 4052 religionis,
2605 3994 2763 4048 quam
2812 3979 3018 4048 insigne
3057 3980 3352 4034 ducendum
3397 3990 3502 4035 est.

1978 4069 2100 4123 litec
2127 4078 2183 4123 et
2204 4069 2366 4122 multa
2397 4067 2479 4123 bis
2508 4068 2700 4122 similia
2731 4067 2816 4121 vel
2847 4067 3069 4138 gentiles
3110 4068 3394 4123 adversum
3424 4070 3502 4124 le-

1977 4158 2298 4228 gislatorem,
2347 4157 2431 4211 vel
2466 4156 2705 4212 haeretici
2736 4167 3076 4225 perstrepunt
3116 4174 3130 4211 :
3171 4159 3363 4226 quibus
3415 4174 3506 4212 re-

1976 4250 2236 4318 spondere
2273 4247 2629 4303 necessarium
2676 4254 2839 4314 puto,
2878 4247 2972 4301 sed
3018 4247 3193 4316 primo
3237 4247 3504 4318 gentibus.

1979 4332 2144 4386 Nemo
2170 4333 2382 4402 sapiens
2411 4347 2475 4386 ea
2514 4333 2566 4386 in
2594 4331 2723 4386 aliis
2746 4341 2912 4399 notat,
2951 4347 3067 4401 qua:
3091 4335 3225 4402 apud
3250 4349 3308 4388 se
3335 4335 3474 4388 boue
3499 4365 3509 4375 -

1910 4413 1953 4466 ῐ)
1982 4433 2061 4477 sta
2095 4424 2239 4477 ducit
2280 4433 2336 4477 et
2368 4437 2555 4491 magna
2586 4439 2600 4476 :
2633 4422 2830 4476 etenim
2858 4421 3194 4477 circumcisio
3222 4425 3361 4492 apud
3387 4438 3505 4486 vos,

1980 4529 2014 4567 ο
2039 4513 2282 4582 gentiles,
2307 4513 2378 4565 ita
2405 4511 2583 4580 magni
2623 4511 2868 4576 habetur,
2895 4519 2954 4565 ut
2975 4525 3082 4565 non
3117 4511 3312 4580 passim
3345 4511 3508 4582 vulgo

1982 4602 2219 4672 ignobili,
2239 4602 2329 4657 sed
2354 4602 2485 4656 solis
2506 4600 2890 4664 sacerdotibus,
2915 4608 2968 4654 et
2990 4600 3076 4654 his
3097 4601 3185 4669 qui
3208 4601 3345 4655 inter
3366 4602 3509 4670 ipsos

1977 4688 2314 4744 electioribus
2355 4687 2545 4743 studiis
2595 4688 2878 4757 mancipati
2939 4686 3174 4750 fuerint,
3237 4689 3505 4742 credatur.

1979 4779 2111 4832 Nam
2137 4778 2271 4846 apud
2303 4776 2581 4848 Egyptios
2623 4776 2712 4845 qui
2739 4779 2788 4829 in
2816 4773 3282 4844 superstitionibus
3301 4775 3504 4828 vestris

1977 4875 2032 4922 et
2060 4867 2399 4922 vetustissimi
2452 4866 2717 4918 habentur
2752 4872 2806 4917 et
2832 4862 3196 4926 eruditissimi,
3245 4877 3273 4914 a
3311 4864 3504 4930 quibus

1979 4972 2140 5028 prope
2167 4971 2350 5010 omnes
2367 4954 2556 5023 reliqui
2588 4954 2747 5006 ritum
2779 4965 3051 5006 sacrorum
3087 4961 3141 5004 et
3159 4951 3506 5004 cteremonias

1979 5046 2199 5102 mutuati
2231 5054 2383 5110 sunt;
2417 5044 2553 5112 apud
2583 5043 2712 5108 bos,
2745 5043 2957 5110 inquam
2981 5079 2996 5105 ,
3047 5040 3222 5094 nullus
3260 5047 3353 5092 aut
3379 5053 3500 5106 geo-

2103 5187 2142 5216 ¹¹
2173 5183 2338 5238 Exod.
2364 5197 2436 5245 tv,
2472 5181 2555 5240 10,
2589 5180 2674 5233 15.
2752 5180 2793 5210 ¹³
2821 5176 2984 5230 Exod.
3021 5190 3096 5239 vr,
3125 5175 3214 5229 δι).
3283 5171 3509 5227 "Iosue

1983 5365 2212 5433 species.
2234 5379 2254 5412 ι
2459 5425 2496 5433 _
2523 5425 2548 5433 __
2575 5424 2592 5433 Δ
2878 5421 2890 5433 _
3029 5429 3038 5433 Α
3083 5422 3117 5433 Α,

2051 5434 2160 5500 (69)
2197 5431 2271 5500 ita
2301 5443 2426 5480 mss.
2459 5424 2592 5500 E_dit‘i
2626 5439 2766 5485 vero,
2802 5441 2821 5471 ι
2859 5421 3250 5499 decurtntioue.
3289 5435 3310 5468 ι

1981 5571 2011 5625 d
2049 5489 2159 5569 {50)
2196 5496 2317 5550 Mss.
2345 5495 2507 5549 nostri
2535 5532 2550 5557 ,
2606 5511 2626 5543 ι
2661 5503 2711 5546 et
2739 5506 2830 5560 per
2857 5489 3170 5548 miserorum
3189 5523 3210 5544 .
3235 5526 3249 5540 .
3279 5523 3294 5539 .
3320 5490 3520 5540 emet»

2016 5580 2088 5625 ιιι.
2125 5587 2142 5618 ι
2171 5577 2275 5621 etc.
2553 5585 2555 5589 π
3086 5576 3087 5579 π

2016 5580 2088 5636 at,
2125 5587 2142 5618 ι
2171 5577 2275 5621 etc.
2553 5585 2555 5589 ‘
3086 5576 3087 5579 “
