3836 6220
297 313 395 367 9H

1734 300 2045 357 ORIGENIS

3422 288 3528 343 9i!

294 429 494 484 metria:
528 421 803 482 studebat,
848 426 940 470 aut
971 414 1340 480 astronomiae,
1374 429 1490 485 qua:
1533 416 1670 485 apud
1700 415 1816 469 illos
1842 419 1884 475 Α
1917 413 2112 467 factum
2169 410 2428 480 culpatis,
2489 409 2578 479 qui
2624 417 2677 463 et
2724 416 2929 460 octava
2995 405 3093 458 die
3155 402 3527 455 circumcisus

292 519 566 588 praecipuae
598 513 894 571 ducuntur;
939 506 1112 560 nullus
1140 515 1285 560 certe
1317 504 1613 573 astrologiae
1643 514 1696 557 et
1723 517 1817 573 ge-

291 620 505 668 neseos,
541 618 642 672 qua
685 598 813 653 nihil
846 598 1077 651 divinius
1106 603 1320 665 putant,
1352 604 1552 647 secreta
1584 594 1816 647 rimaba-

291 706 398 758 tur,
441 694 540 747 nisi
593 687 998 745 circumcisione
1038 694 1302 755 suscepta.
1366 682 1628 737 Sacerdos
1679 681 1815 750 apud

288 797 398 844 eos,
445 793 694 847 aruspex,
734 785 823 828 aut
864 773 1219 844 quorumlibet
1251 786 1524 826 sacrorum
1551 771 1812 833 miniSter,

289 868 391 932 vel,
427 879 482 920 ut
514 866 583 919 illi
630 864 924 934 appellant,
952 862 1206 931 prepheta
1240 859 1413 913 omnis
1433 897 1447 922 ,
1474 857 1818 912 circumcisus

287 965 386 1007 est.
425 953 655 1006 Litteras
704 963 914 1020 quoque
962 946 1319 1003 sacerdotales
1368 956 1605 999 veterum
1651 944 1818 1014 Egy-

289 1042 514 1111 ptiornm
535 1079 550 1102 ,
581 1053 715 1108 quas
759 1036 1179 1105 hieroglyphicas
1212 1034 1476 1103 appellunt
1497 1072 1512 1098 ,
1547 1048 1702 1087 nemo
1733 1034 1817 1086 di-

288 1132 469 1185 scebat
501 1130 603 1183 nisi
631 1130 994 1182 circumcisus.
1018 1126 1201 1181 Omnis
1233 1122 1820 1191 hierophantes,omnis

287 1229 454 1284 vates,
494 1220 669 1273 omnis
696 1217 835 1282 cmli,
880 1227 935 1270 ut
967 1227 1174 1285 putant,
1210 1214 1511 1283 infernique
1539 1223 1735 1282 mystes
1765 1219 1820 1266 et

287 1309 532 1364 conscius
574 1309 710 1378 apud
750 1323 842 1362 eos
889 1322 1006 1361 esse
1056 1320 1159 1360 non
1202 1305 1467 1371 creditur,
1518 1302 1619 1356 nisi
1659 1301 1819 1357 fuerit

288 1401 654 1454 circumcisus.
698 1397 806 1453 Hoc
850 1397 1015 1467 igitur
1049 1395 1184 1465 apud
1238 1410 1334 1448 nos
1373 1404 1524 1462 turpe
1548 1403 1599 1447 et
1628 1393 1816 1447 obsce-

290 1507 415 1544 num
447 1488 717 1559 judicatis,
767 1487 905 1555 qttod
938 1487 1073 1552 apud
1111 1501 1203 1538 vos
1234 1485 1303 1538 ita
1338 1484 1613 1538 honestum
1656 1482 1819 1537 habe-

290 1590 377 1633 tur
414 1588 468 1631 et
509 1592 756 1646 maguum
781 1615 796 1639 ,
831 1587 886 1627 ιιι
931 1574 1220 1627 caelestium
1262 1572 1691 1639 iufernorumque
1730 1584 1817 1625 se-

289 1678 434 1720 creta
485 1667 696 1720 nonnisi
744 1679 838 1734 per
882 1663 1239 1733 hujuscemodi
1293 1662 1520 1731 insignia
1554 1660 1817 1716 enuntiari

1917 512 2001 556 est
2026 502 2101 566 ‘3,
2129 510 2180 556 et
2212 500 2427 553 vulnera
2464 498 2730 567 passionis
2777 494 3051 561 excepit,
3085 500 3144 543 et
3184 504 3316 542 cum
3351 490 3532 542 εγω-ει

1917 602 2073 659 ρωηθ
2101 589 2411 658 sanguinem
2452 601 2606 640 suum
2638 584 2797 637 fudit.
2844 582 3014 649 Quod
3046 579 3234 650 496
3259 591 3391 631 vero
3418 579 3529 631 cir-

1917 676 2259 730 cumcisionis
2304 675 2528 728 horrore
2569 672 2814 727 difﬁcilis
2859 670 3026 724 vobis
3080 671 3150 721 ad
3206 666 3529 736 religionem

1917 768 2126 821 videtur
2176 780 2427 820 accessus
2455 765 2600 837 (53),
2647 762 2938 817 difﬁcilior
2975 760 3160 814 multo
3194 759 3421 812 videtur
3449 758 3531 811 in-

1916 870 2134 926 gressus
2177 857 2244 911 ad
2273 854 2653 925 Evangelium,
2705 853 2797 907 ubi
2847 868 2963 907 non
2999 860 3235 918 partem
3270 850 3531 917 exiguam

1918 944 2183 1012 corporis,
2207 944 2300 998 sed
2330 944 2498 1012 ipsam
2534 942 2658 1011 quis
2686 942 2932 996 animam
2965 954 3188 1009 ponere
3207 939 3442 1008 jubetur
3466 939 3531 991 ".

1918 1037 2021 1091 Sed
2067 1036 2307 1105 exempla
2336 1045 2671 1105 martyrum,
2722 1031 3044 1087 secundum
3076 1044 3184 1083 vos
3207 1072 3225 1094 ,
3286 1029 3537 1098 prohibe-

1916 1127 2049 1183 bunt
2076 1127 2320 1182 homines
2353 1127 2615 1181 accedere
2638 1123 2707 1177 ad
2735 1123 2928 1176 ﬁdem.
2975 1123 3065 1174 An
3097 1134 3171 1173 eo
3204 1120 3389 1188 magis
3420 1120 3535 1187 (54)

1918 1218 2159 1273 creditur
2200 1216 2351 1270 ﬁrma
2384 1214 2607 1285 religio,
2647 1214 2794 1284 quod
2842 1211 2987 1267 nihil
3020 1212 3336 1266 remissum
3358 1250 3373 1276 ,
3406 1209 3539 1264 nihil

1918 1307 2202 1361 delicatum
2251 1307 2532 1376 pollicetur
2568 1317 2663 1360 aut
2708 1303 2922 1359 molle?
2982 1302 3158 1368 Quod
3207 1311 3268 1355 et
3308 1302 3357 1355 si
3405 1300 3539 1356 nihil

1918 1395 2058 1450 aliud
2115 1397 2435 1452 sacramenti
2495 1393 2800 1466 ﬁguraliter
2852 1393 3244 1449 circumcisio
3299 1400 3541 1456 teneret,

1917 1486 2043 1556 quid
2088 1494 2229 1541 esset
2254 1484 2496 1552 absurdi,
2548 1485 2596 1539 si
2641 1483 2709 1538 ad
2744 1483 3163 1538 discretionem
3206 1491 3541 1536 caeterarum

1919 1578 2151 1647 gentium
2185 1577 2445 1645 populus,
2495 1575 2590 1644 qui
2636 1574 2741 1629 sub
2792 1573 2918 1643 lege
2965 1572 3071 1627 Dei
3110 1572 3543 1634 instituebatur,

1921 1667 2190 1737 proprium
2225 1667 2439 1736 aliquod
2465 1674 2704 1734 gestaret
2742 1664 3011 1733 insigne?
3042 1670 3104 1718 et
3139 1664 3193 1717 si
3226 1664 3543 1718 necessaria

288 1756 438 1808 vobis
469 1768 627 1822 posse
657 1751 932 1805 credatis?
992 1750 1141 1817 Quod
1174 1750 1217 1803 si
1249 1751 1386 1818 apud
1416 1764 1506 1803 vos
1529 1763 1627 1817 pro
1658 1757 1736 1802 tot
1766 1756 1820 1801 et
1850 1743 1891 1803 Β
1920 1753 2030 1808 visa
2068 1762 2151 1810 est
2194 1754 2360 1823 partis
2406 1752 2638 1821 alicujus
2672 1751 3027 1822 amputatio,
3078 1752 3228 1820 quid
3269 1762 3383 1807 tam
3412 1766 3546 1807 con-

291 1846 455 1898 tantis
500 1851 826 1897 secretorum
874 1851 1166 1894 vestrorum
1211 1840 1386 1892 causis
1429 1853 1547 1907 qua:
1579 1837 1822 1891 ministra

291 1933 694 1988 circumcisione
737 1941 1093 2001 peraguntur,
1141 1931 1497 1983 necessarium
1530 1928 1628 1981 erit
1658 1927 1818 1982 ratio-

292 2038 411 2078 nem
439 2022 625 2091 quaeri,
660 2032 713 2076 et
745 2022 900 2075 talem
934 2036 1050 2089 qua:
1081 2020 1346 2073 contemni
1377 2034 1481 2072 non
1512 2018 1720 2081 debeat,
1758 2029 1822 2071 ne

290 2129 410 2169 cum
457 2128 518 2167 ea
558 2122 763 2167 cunctas
786 2110 985 2181 pariter
1024 2109 1172 2164 vobis
1200 2109 1528 2163 caeremoniae
1556 2108 1820 2163 subruan-

290 2215 380 2259 tur
406 2203 539 2271 (51),
574 2216 670 2256 cur
700 2216 803 2256 non
827 2203 876 2255 id
903 2202 1061 2255 etiam
1088 2199 1223 2269 apud
1253 2214 1349 2252 nos
1377 2198 1487 2251 ﬁeri
1518 2211 1675 2267 posse
1700 2210 1821 2266 spe-

291 2294 465 2348 retis?
505 2295 699 2347 V'erum
744 2292 786 2347 si
835 2290 1103 2360 replicctis
1142 2290 1390 2344 historias
1416 2299 1648 2352 vestras,
1679 2287 1824 2341 inve-

293 2385 452 2439 nietis
482 2399 583 2438 non
610 2383 780 2438 solum
806 2380 1181 2451 Egyptiorttnt
1228 2379 1531 2433 sacerdotes
1559 2388 1611 2431 et
1643 2378 1822 2431 hiero-

290 2478 520 2545 phantas
549 2490 672 2530 usos
709 2488 825 2528 esse
851 2471 1289 2532 circumcisione,
1336 2472 1427 2523 sed
1459 2478 1511 2523 et
1537 2467 1739 2523 Arabas
1770 2476 1824 2522 et

290 2565 609 2635 Ethiopas,
654 2574 708 2618 et
755 2563 1069 2625 Phoenices,
1105 2561 1343 2630 aliosque
1383 2575 1605 2629 quorum
1650 2559 1823 2613 studia

290 2671 416 2724 erga
467 2654 827 2725 hujuscemodi
874 2652 1275 2722 superstitiones
1336 2637 1563 2706 nobilius
1610 2651 1825 2721 viguere

294 2744 427 2815 (52).
465 2743 589 2798 llaec
617 2742 936 2796 sufﬁcienter
964 2741 1101 2794 dicta
1135 2741 1243 2794 sint
1276 2740 1551 2793 adversum
1581 2738 1823 2809 gentiles,

292 2835 485 2906 quibus
513 2835 578 2888 de
620 2833 753 2901 legis
796 2842 991 2886 nostra:
1021 2831 1288 2902 mysteriis
1326 2829 1644 2900 loquendum
1675 2844 1825 2899 aper-

294 2928 401 2982 tius
426 2940 528 2980 non
553 2935 686 2980 erat.
726 2923 879 2978 Nunc
894 2922 1002 2991 jam
1033 2921 1185 2977 nobis
1211 2923 1276 2976 ad
1298 2936 1391 2976 eos
1418 2936 1596 2976 sermo
1623 2921 1824 2990 diriga-

295 3029 402 3085 tur,
449 3018 540 3086 qui
576 3018 785 3073 Christo
828 3016 1039 3084 quidem
1083 3015 1347 3078 credunt,
1381 3012 1472 3068 sed
1501 3010 1689 3080 Legem
1718 3027 1820 3066 non

292 3105 556 3177 recipiunt
583 3116 637 3160 et
656 3103 966 3174 Prophetas.
1007 3102 1268 3157 Fatemini
1304 3102 1421 3157 sine
1447 3101 1610 3156 dubio
1637 3116 1820 3156 verum

288 3211 407 3252 esse
437 3196 576 3265 quod
624 3196 880 3265 scriptum
925 3201 1009 3248 est
1052 3192 1103 3247 in
1150 3192 1384 3262 Episwla
1418 3192 1561 3248 Petri
1592 3212 1604 3247 :
1637 3210 1656 3244 ι
1689 3190 1820 3259 Quia

290 3286 550 3353 redempti
586 3303 606 3337 ι
648 3300 831 3341 sumus
859 3305 877 3336 ι
912 3300 1014 3339 non
1048 3283 1383 3353 corruptibili
1418 3284 1587 3352 pretio
1616 3282 1818 3353 argenti

288 3384 343 3429 et
372 3375 527 3439 auri,
569 3374 660 3427 scd
717 3372 947 3441 pretioso
994 3374 1247 3443 sanguine
1280 3391 1301 3425 ι
1351 3372 1618 3441 Unigeniti
1648 3373 1710 3425 ¹⁶.
1763 3371 1819 3427 Si

289 3479 417 3534 ergo
446 3483 464 3517 ι
500 3464 671 3533 pretio
697 3465 857 3530 empti
892 3481 911 3513 ι
940 3477 1120 3517 smnus
1139 3501 1156 3528 ,
1196 3471 1251 3516 ut
1285 3464 1443 3517 etiam
1469 3463 1662 3517 Paulus
1687 3465 1819 3518 asti-

292 3555 507 3625 pulstur
534 3554 606 3618 ",
644 3555 711 3608 ab
742 3554 918 3622 aliquo
941 3553 1057 3607 sine
1088 3553 1248 3608 dubio
1273 3555 1433 3624 empti
1476 3568 1661 3609 suums
1680 3594 1695 3620 ,
1729 3570 1821 3609 cu-

282 3645 376 3715 jus
400 3660 615 3700 eramus
649 3644 813 3708 servi,
844 3644 934 3712 qui
957 3653 1010 3697 et
1038 3644 1263 3712 pretium
1293 3646 1531 3714 poposcit
1559 3645 1696 3712 quod
1723 3658 1819 3696 vo-

288 3735 411 3801 luit,
447 3746 503 3790 ut
536 3736 601 3790 de
641 3743 902 3804 potestate
947 3733 1237 3788 dimitteret
1277 3750 1412 3804 quos
1444 3736 1672 3789 tenebat.
1713 3732 1818 3788 Te-

289 3826 450 3880 nebat
481 3836 658 3880 antem
691 3841 788 3879 nos
817 3825 1092 3893 diabolus,
1128 3826 1209 3879 cui
1264 3826 1503 3879 distracti
1551 3826 1820 3879 fueramus

288 3916 519 3985 peccatis
571 3916 787 3970 nostris.
841 3912 1088 3983 Poposcit
1130 3930 1255 3985 ergo
1304 3916 1531 3983 pretium
1580 3924 1817 3969 nostrum

288 4008 602 4075 sanguinem
635 4004 851 4059 Christi.
893 4005 1084 4058 Verum
1126 4008 1293 4059 donec
1329 4004 1452 4060 Jesn
1478 4005 1697 4075 sanguis
1724 4007 1819 4059 da-

287 4104 458 4161 retur,
490 4094 580 4164 qui
606 4104 712 4148 tam
743 4095 1005 4162 pretiosus
1030 4094 1160 4158 fuit,
1195 4106 1250 4147 ut
1280 4095 1425 4148 solus
1463 4110 1559 4161 pro
1581 4095 1817 4149 omnium

287 4184 653 4252 redemptione
680 4183 967 4247 suﬂlceret,
995 4186 1347 4238 necessarium
1379 4183 1476 4237 fuit
1504 4198 1596 4238 eos
1626 4185 1712 4252 qni
1738 4185 1818 4239 in-

287 4274 645 4327 Stituehantur
675 4274 725 4326 in
750 4272 887 4341 lege,
919 4287 1343 4340 munnquemque
1357 4287 1453 4341 pro
1473 4288 1551 4336 se,
1588 4272 1729 4328 velut
1750 4274 1816 4328 ad

1918 1844 2135 1899 veniens
2162 1842 2283 1908 fuit,
2313 1858 2474 1912 quam
2511 1857 2631 1897 eam
2658 1842 2917 1898 invenire
2953 1857 3087 1911 qua:
3119 1843 3430 1898 videbatur
3459 1846 3548 1898 ob-

1917 1946 2113 1999 scena,
2163 1941 2217 1987 et
2258 1933 2351 1986 illa
2398 1933 2613 1985 auferre
2660 1946 2907 2002 quorum
2958 1932 3285 1988 diminutio
3318 1933 3546 1988 nihilad

1918 2020 2155 2075 ofﬁcium
2197 2021 2436 2092 corporis
2486 2021 2827 2090 impediret?
2910 2021 3087 2088 Quod
3140 2039 3289 2079 vero
3341 2026 3549 2089 dicunt,

1919 2110 2040 2181 quia
2069 2111 2113 2164 si
2147 2111 2445 2164 necessaria
2494 2126 2598 2166 non
2644 2122 2767 2166 erat
2799 2112 2895 2166 illa
2931 2129 3081 2182 pars
3116 2117 3409 2179 membri,
3436 2096 3551 2171 fieri

1922 2217 1950 2253 a
1979 2199 2233 2255 Creatore
2258 2214 2359 2253 non
2385 2200 2566 2254 debuit
2595 2214 2611 2253 :
2644 2203 2688 2255 si
2722 2205 3073 2259 necessario
3104 2204 3270 2261 facta
3302 2217 3416 2272 est,
3441 2221 3548 2261 non

1920 2287 2076 2342 debet
2102 2285 2299 2341 auferri
2351 2304 2364 2341 :
2398 2287 2800 2355 interrogemus
2846 2306 2954 2346 eos
2991 2303 3055 2348 et
3088 2309 3243 2361 nos,
3282 2296 3332 2350 si
3367 2310 3550 2351 neces—

1919 2377 2116 2432 sariam
2142 2376 2323 2432 dicant
2344 2376 2577 2433 ﬁliorum
2607 2383 3112 2449 procreationem.
3162 2385 3552 2445 Necessariua

1920 2470 2037 2525 sine
2085 2470 2247 2525 dubio
2292 2471 2712 2539 respondebunt.
2783 2473 2977 2529 Erunt
3043 2491 3197 2548 ergo
3254 2480 3550 2549 culpabiles

1920 2559 2029 2626 qui,
2051 2554 2398 2613 continentiae
2431 2570 2486 2613 et
2513 2561 2851 2630 virginitatis
2880 2565 3185 2634 obtentu,
3221 2572 3552 2627 necessariis

1921 2657 2123 2701 naturae
2168 2647 2362 2703 ofﬁciis
2409 2664 2515 2705 non
2561 2653 2893 2709 ministrant
2929 2672 2947 2710 :
2985 2667 3054 2712 et
3104 2671 3283 2715 erunt
3328 2662 3552 2733 cogendi

1920 2740 1985 2794 ad
2030 2739 2240 2808 nuptias
2280 2755 2468 2796 omnes
2524 2742 2616 2812 qui
2668 2747 3003 2803 secundum
3054 2751 3365 2823 Evangelii
3416 2754 3555 2824 leges

1924 2848 1943 2882 ι
1977 2830 2291 2899 semetipsos
2333 2840 2717 2889 castraverunt
2763 2847 3018 2906 propter
3053 2855 3316 2916 regnum
3338 2844 3539 2910 Dei",t

1920 2922 2177 2977 habentes
2212 2923 2439 2992 exempli
2468 2924 2632 2994 hujus
2659 2936 2964 2984 auctorem
3000 2946 3153 2988 cum
3184 2936 3398 2991 multos
3425 2935 3554 2990 alios

1921 3020 2249 3077 sanctorum,
2300 3020 2410 3066 tum
2458 3014 2622 3067 etiam
2656 3014 2839 3084 ipsum
2872 3018 3211 3079 Dominum
3250 3024 3459 3081 Iesum.
3497 3023 3551 3079 In

1924 3116 2127 3186 summa
2149 3118 2279 3157 vero
2311 3104 2598 3159 dicendum
2631 3116 2719 3160 est
2749 3111 2908 3177 quod
2947 3112 3123 3169 sicut
3156 3116 3342 3171 multa
3377 3131 3557 3172 neces-

1924 3192 2065 3245 saria
2098 3202 2252 3247 erant
2284 3194 2608 3263 haptismata
2649 3205 2780 3252 ante
2808 3198 3196 3268 baptismum
3222 3206 3472 3270 Christi,
3503 3211 3556 3261 et

1926 3281 2103 3335 multae
2133 3282 2531 3351 puriﬁcationes
2574 3295 2878 3355 antequam
2914 3295 3279 3360 puriﬁcatio
3308 3312 3409 3368 per
3441 3297 3556 3367 Spi-

1926 3372 2085 3425 ritum
2120 3383 2362 3427 sanctum
2398 3372 2584 3441 ﬁeret,
2636 3383 2693 3430 et
2734 3376 2937 3435 multa;
2986 3384 3215 3441 hostiae
3263 3397 3553 3455 antequam

1925 3474 2025 3512 una
2060 3460 2228 3514 hostia
2271 3460 2457 3530 Agnus
2501 3462 2905 3524 itnmaculatus
2954 3476 3361 3546 semetipsum
3414 3476 3556 3533 Patri

1923 3548 2141 3604 offerret
2186 3549 2413 3604 hostiam
2443 3550 2696 3609 Christus
2724 3554 2770 3586 "
2807 3573 2823 3610 :
2866 3559 2953 3614 ita
2992 3564 3189 3619 etiam
3228 3567 3426 3621 multis
3454 3566 3558 3621 cir-

1923 3640 2339 3696 cumcisionibus
2380 3656 2515 3710 opus
2544 3642 2687 3708 fuit,
2743 3661 3070 3721 usquequo
3107 3671 3230 3711 una
3262 3657 3322 3712 in
3348 3657 3557 3713 Christo

1923 3732 2265 3785 circumcisio
2286 3732 2538 3786 omnibus
2569 3734 2897 3791 traderetur
2929 3757 2948 3794 :
2993 3752 3063 3798 et
3100 3746 3421 3802 multorum
3445 3761 3556 3800 san-

1920 3824 2095 3893 guinis
2138 3820 2325 3876 eﬁusio
2378 3824 2688 3891 praecessit,
2735 3839 3059 3901 usquequo
3095 3851 3209 3906 per
3245 3839 3418 3894 unius
3442 3851 3561 3893 san-

1921 3916 2131 3981 guinem
2156 3914 2392 3967 omnium
2434 3913 2741 3983 redemptio
2772 3918 2974 3976 ﬁeret.
3031 3924 3180 3983 Haec
3212 3928 3441 3998 quidem
3469 3942 3563 3981 no-

1921 4004 2002 4057 bis
2028 4003 2092 4056 ad
2121 4017 2355 4071 praesens
2378 4017 2671 4058 occurrere
2715 4006 2787 4060 de
2815 4010 3321 4075 circumcisionis
3354 4019 3564 4074 ratione

1920 4101 2206 4161 potuerunt
2235 4110 2249 4147 :
2276 4108 2395 4162 quas
2426 4104 2604 4149 tamen
2652 4110 2718 4150 ea
2760 4096 2897 4169 lege
2948 4104 3119 4163 dicta
3170 4112 3295 4166 sint
3325 4127 3357 4165 a
3385 4111 3563 4174 nobis,

1920 4195 1979 4238 ut
2007 4185 2049 4237 si
2073 4183 2191 4252 quis
2221 4185 2411 4239 melius
2433 4193 2488 4239 et
2512 4188 2909 4247 rationabilius
2942 4196 3179 4256 dixerit
3199 4241 3219 4266 ,
3262 4201 3361 4258 illa
3394 4201 3567 4272 magis

1919 4288 2076 4343 quam
2106 4272 2223 4328 haec
2250 4283 2429 4328 nostra
2462 4285 2776 4333 teneantur.
2828 4283 3067 4343 Verum
3105 4304 3242 4359 post
3271 4307 3566 4349 excessum

287 4362 631 4416 imitationem
664 4363 942 4430 quamdam
968 4359 1156 4414 futurae
1178 4361 1586 4430 redemptionis,
1610 4364 1817 4432 sangui-
1846 4380 1891 4438 ι)
1912 4366 2059 4441 justo
2103 4363 2326 4418 forsitan
2373 4365 2664 4435 largiorem
2688 4407 2706 4433 ,
2761 4373 2833 4426 ad
2872 4381 3206 4444 apostoﬁci
3248 4384 3567 4439 conclusio.

284 4465 406 4504 nem
430 4465 580 4504 suum
606 4451 763 4515 dare;
798 4459 850 4504 et
874 4458 1148 4519 propterea
1181 4464 1295 4513 nos,
1328 4464 1423 4519 pro
1452 4452 1640 4520 quibus
1668 4468 1814 4507 com-

283 4540 483 4610 pletum
511 4548 592 4594 est
629 4539 860 4608 pretium
887 4540 1159 4607 sanguinis
1190 4538 1385 4595 Christi
1409 4579 1425 4603 ,
1469 4557 1573 4596 non
1603 4558 1815 4599 necesse

285 4632 541 4686 habemus
567 4645 662 4699 pro
687 4631 836 4684 nobis
860 4630 987 4699 ipsis
1014 4632 1262 4700 pretium,
1298 4633 1349 4686 id
1378 4644 1478 4696 est,
1507 4635 1814 4704 sanguinem

284 4722 710 4778 circumcisionis
746 4721 959 4777 offerre.
1016 4723 1072 4776 Si
1107 4737 1231 4777 vero
1272 4723 1534 4792 culpabile
1563 4725 1710 4779 vobis
1733 4727 1812 4777 vi-

284 4798 445 4883 detur.
479 4812 617 4882 quod
662 4811 803 4867 Deus
834 4811 967 4881 legis
993 4812 1177 4867 inferri
1204 4812 1356 4882 jttbet
1381 4812 1675 4867 infantibus
1696 4815 1815 4868 vul-

285 4916 446 4969 nera,
494 4910 549 4957 et
587 4902 897 4972 sanguinem
945 4902 1137 4957 fundi:
1172 4906 1272 4959 hoc
1297 4903 1457 4958 etiam
1506 4903 1558 4958 in
1598 4903 1812 4959 Christo

475 5060 617 5115 Pctr.
647 5076 708 5141 I_._
729 5060 929 5141 18_,
1004 5061 1251 5141 "_lACor.
1281 5077 1375 5130 vn,
1406 5063 1494 5119 25.
1574 5063 1618 5096 ¹⁸
1637 5063 1769 5119 Luc.
1795 5078 1811 5116 I

2046 5065 2091 5097 "
2120 5064 2308 5122 Matth.
2338 5084 2391 5133 χ,
2421 5069 2523 5136 59;
2570 5085 2691 5141 xvr,
2724 5068 2825 5128 25.

285 5126 327 5159 "
360 5128 518 5183 Hebr.
542 5145 617 5193 ιχ,
651 5130 748 5194 14;
777 5129 965 5186 lPetr.
995 5147 1033 5195 ι,
1056 5131 1143 5185 l9.

356 5276 466 5392 25H
508 5278 588 5333 Nc
612 5296 727 5333 cum
768 5299 830 5336 ea
856 5293 1051 5335 cunctis
1092 5284 1288 5352 pariter
1329 5285 1468 5339 vobis
1495 5284 1810 5340 cteremoniae

387 5358 622 5392 manu"-
665 5350 755 5392 Sin
782 5365 906 5392 mles
944 5351 1079 5392 Ιίάίιί
1107 5366 1233 5392 Imm
1292 5369 1312 5392 ι
1347 5369 1411 5392 ηρ
1438 5369 1557 5392 mam
1592 5368 1657 5392 nn
1683 5368 1810 5392 num.

288 5350 624 5424 subruatur.
665 5350 755 5424 S_ie
781 5365 909 5404 mss.
943 5350 1253 5416 Editi'vero,
1292 5369 1312 5403 ι
1347 5369 1411 5407 ne
1438 5369 1558 5408 cum
1592 5368 1657 5408 eo
1683 5368 1813 5407 cun-

291 5417 600 5487 ctanp‘ariter
621 5417 965 5487 subruantur.
999 5437 1019 5469 ι

360 5479 471 5562 ςὸῇ)
500 5481 677 5562 γιςᾳξιί,
713 5500 755 5562 Α(
792 5487 958 5552 gratia
1009 5486 1374 5554 hujuscemodi
1422 5489 1814 5562 superstitionis

289 5547 519 5617 nobilius
553 5548 748 5617 vigent.
785 5547 805 5601 ἰ

363 5614 473 5683 (55)
512 5614 647 5670 Editi
672 5631 969 5688 perperam,
1001 5640 1018 5675 ε
1050 5637 1320 5681 ascensus.
1355 5643 1381 5677 ο

1912 5418 2092 5504 vel)”:
2111 5418 2397 5504 Antinonfeo
2424 5418 2684 5504 magisjs

1917 4469 2035 4509 nem
2064 4454 2283 4521 capituli
2328 4466 2691 4512 revertamur.
2752 4460 2945 4531 Igitur
2977 4473 3274 4536 quoniam
3304 4473 3567 4543 frequens

1918 4554 2000 4599 est
2039 4543 2290 4635 Apostolo
2324 4545 2427 4600 iste
2455 4555 2760 4615 tractatus,
2796 4568 2921 4622 quo
2962 4572 3074 4626 per
3105 4564 3381 4635 singulos
3399 4579 3569 4635 quos.

1918 4647 2022 4727 que
2058 4632 2169 4702 (55)
2220 4633 2379 4727 binos
2428 4634 2677 4692 homines
2724 4654 2858 4696 esse
2919 4632 3272 4720 designati:
3327 4632 3567 4727 quorum

1917 4723 2142 4777 alterum
2188 4724 2513 4780 exteriorem
2548 4729 2870 4799 nominare,
2924 4739 3195 4797 alterum
3229 4723 3567 4802 interiorem

1917 4813 2052 4868 solet
2097 4830 2112 4867 :
2148 4828 2445 4885 eorumque
2482 4817 2713 4873 alterum
2741 4830 3102 4885 secundum.
3129 4850 3383 4891 εει-..ειη
3421 4851 3567 4900 esse.

1915 4904 2144 4958 alterum
2177 4909 2474 4963 secundum
2526 4908 2788 4980 spiritum
2821 4916 2990 4987 dicit,
3029 4921 3282 4995 (opinor
3303 4968 3322 4996 ,
3356 4944 3431 4986 ex
3461 4929 3570 4985 illis

2908 5078 2959 5111 '°
3011 5079 3239 5144 Matth.
3289 5104 3432 5157 xu,
3476 5090 3565 5145 12.

1910 5282 2212 5405 asas:
2238 5294 2860 5405 i2.2'.“.i.'.‘.;,':i.‘l?lff'!‘
2878 5307 3308 5405 ,δεξίιίειετιεες

2061 5372 2070 5384 ⁸
2417 5356 2436 5360 -
2602 5368 2613 5378 ,
2772 5356 2859 5359 ννν-
2894 5356 3026 5365 *νη-⁸
3057 5356 3122 5369 ν·
3150 5356 3308 5375 διιοθο
3346 5356 3529 5379 ΙΙυοΠΙ
3552 5368 3567 5385 ο

2039 5356 2789 5464 ιέίηέεξξιωιὶῖεξὲίξὲἱιὶῖἶιόξιυι·
2817 5391 2831 5428 :
2877 5395 2897 5430 ι
2925 5381 2998 5435 At
3027 5396 3105 5438 eo
3132 5391 3362 5460 magis,
3393 5411 3420 5445 ι
3440 5411 3574 5464 etc.,

1916 5489 2097 5615 milia.)
2128 5492 2376 5566 Singulos
2420 5489 2679 5576 quosque.
2722 5511 2868 5573 Editi
2892 5555 2908 5584 ,
2944 5520 3219 5594 «singula
3250 5544 3562 5603 quaques
