3836 6236
388 292 494 350 913

1302 279 1647 337 COMMENT.
1684 281 1748 333 lN
1789 277 1999 333 EPIST.
2039 277 2126 330 AD
2166 273 2325 328 ROM.
2368 272 2489 325 ΗΒ.
2530 270 2589 322 II.

3438 263 3539 317 9M

390 405 667 461 institutus
693 400 807 471 (56)
829 416 947 470 quae
974 402 1024 455 in
1055 396 1246 453 Genesi
1273 395 1469 463 scripta
1494 406 1639 460 sunt,
1667 397 1753 450 ubi
1781 397 1913 449 alios
1941 402 1983 452 Λ
2011 388 2168 460 497
2203 388 2339 477 Deus
2376 397 2532 437 verax
2561 421 2577 444 ,
2622 375 2798 477 omnis
2843 383 3028 477 autem.
3056 374 3217 475 homo
3260 376 3485 477 mendax
3521 392 3534 425 :
3608 462 3627 477 χ

334 483 337 485 ’
390 494 457 544 ad
490 491 774 558 imaginem
811 489 900 542 Dei
934 488 1137 551 factus,
1170 485 1303 539 alius
1332 485 1397 538 de
1430 483 1557 551 limo
1589 493 1741 538 terra:
1790 484 1908 551 plac

382 592 582 636 amatus
599 577 828 633 refertur
843 578 911 649 ")
935 616 950 642 ,
970 589 1021 633 et
1046 579 1141 632 hos
1169 578 1309 645 ipsos
1339 588 1477 628 nunc
1506 574 1665 627 alium
1712 574 1762 627 in
1797 588 1910 625 ma-

384 669 577 720 nifesto
599 707 615 730 ,
665 667 827 721 alium
862 670 913 721 in
941 668 1147 722 occulto
1172 664 1408 719 Judaeum
1437 674 1591 718 vocat
1617 663 1661 694 “
1693 680 1706 714 :
1741 662 1910 716 scien-

383 758 507 808 dum
537 765 618 809 est
656 757 795 825 quod
829 759 1018 811 horum
1046 768 1267 823 uterque
1308 754 1360 808 in
1390 753 1706 822 quibusdam
1743 753 1909 806 disso-

381 847 486 908 nis,
537 846 592 897 in
638 846 907 902 nonnullis
939 862 1064 901 vero
1097 844 1467 899 communibus
1508 843 1673 897 utitur
1699 843 1908 896 institu-

378 935 474 988 tis.
510 933 643 987 Nam
687 944 811 988 sunt
853 938 1097 1006 quaedam
1145 950 1261 1003 quae
1303 935 1370 988 ab
1415 934 1666 987 interiore
1696 931 1907 985 homine

377 1024 587 1077 initium
635 1035 886 1091 sumunt,
939 1035 992 1078 et
1043 1039 1212 1092 usque
1258 1025 1322 1077 ad
1360 1022 1675 1078 exteriorem
1724 1035 1907 1087 perve-

377 1114 533 1167 niunt
563 1130 579 1167 :
608 1113 711 1166 alia
733 1130 861 1168 vero
885 1116 951 1167 ab
981 1116 1248 1167 exteriore
1283 1112 1493 1167 homine
1518 1113 1759 1165 inchoata
1787 1127 1905 1179 per-

375 1206 603 1256 veniunt
652 1220 822 1273 usque
868 1205 934 1257 ad
986 1203 1311 1257 interiorem.
1361 1201 1510 1266 Quod
1562 1211 1737 1256 autem
1788 1202 1906 1262 dizo

373 1293 481 1345 tale
507 1302 612 1347 est.
652 1294 708 1346 Si
742 1296 963 1348 castitas
988 1294 1054 1346 ab
1088 1294 1341 1345 interiore
1378 1292 1589 1345 homine
1615 1306 1711 1344 sun
1732 1302 1781 1344 at
1812 1305 1903 1342 es-

372 1383 585 1436 ordium
608 1421 623 1444 ,
660 1382 900 1450 pervenit
928 1383 1044 1436 sine
1071 1383 1229 1436 dubio
1258 1383 1366 1451 (57)
1394 1398 1559 1451 usque
1587 1383 1651 1435 ad
1677 1383 1905 1436 exteriu-

372 1484 510 1523 rem.
554 1468 740 1538 Neque
765 1472 905 1524 enim
942 1471 1053 1525 fieri
1089 1481 1290 1539 potest,
1327 1480 1381 1523 ut
1412 1471 1453 1524 si
1484 1482 1607 1525 ante
1634 1473 1753 1539 quis
1801 1488 1901 1522 non

366 1559 672 1613 nimchetur
721 1559 773 1614 in
824 1561 1020 1627 corde,
1054 1562 1307 1615 mteehari
1358 1564 1520 1628 possit
1560 1563 1610 1614 in
1656 1576 1899 1628 corpore.

368 1649 472 1700 Sed
501 1664 608 1702 non
637 1651 889 1704 continuo
914 1651 957 1703 si
992 1651 1112 1719 quis
1136 1650 1204 1703 ab
1243 1651 1527 1704 exterioris
1559 1651 1785 1703 hominis
1822 1650 1899 1703 itt-

2012 479 2152 532 sicut
2186 476 2446 542 scriptum
2489 479 2616 525 est:
2658 468 2724 522 Ut
2751 466 3064 536 justitieeris
3114 464 3163 516 in
3200 463 3538 516 sermonibus

2012 567 2135 628 tuis,
2183 574 2237 617 et
2268 563 2449 615 vincas
2474 576 2595 613 eum
2620 558 2882 627 iudicaris
2914 556 2981 608 ”.
3019 572 3035 604 ι
3082 553 3135 605 In
3164 552 3264 604 hac
3302 551 3534 620 Epistula

2011 656 2203 710 Paulus
2231 654 2375 708 velut
2405 653 2606 705 arbiter
2633 650 2847 719 quidam
2875 648 3014 701 inter
3035 644 3247 699 Judaaos
3273 643 3534 703 residens,

2007 755 2064 797 et
2096 743 2330 802 Gra-cos,
2377 739 2428 791 id
2479 747 2561 791 est
2603 751 2695 789 eos
2725 738 2817 804 qui
2866 749 2929 787 ex
2978 732 3221 800 gentibus
3269 730 3532 791 credunt,

2011 845 2261 900 utrosque
2293 830 2358 883 ad
2400 829 2553 881 fidem
2589 826 2789 879 Christi
2831 826 2904 877 ita
2930 834 3121 876 evocat
3149 831 3204 875 et
3230 821 3442 885 invitat,
3479 830 3533 870 ut

2010 936 2177 989 neque
2197 920 2409 974 Iudaeos
2429 917 2659 971 oﬂ'endat
2691 916 2899 983 penitus
2925 912 3249 967 destruendo
3283 910 3534 963 .ludaicos

2009 1014 2141 1065 ritus
2167 1051 2182 1074 ,
2214 1024 2382 1077 neque
2410 1008 2655 1077 gentibus
2697 1006 2901 1074 injiciat
2944 1004 3369 1069 desperationem
3402 1014 3532 1053 cou-

2009 1100 2264 1153 firmando
2285 1096 2674 1151 observantiam
2718 1093 2847 1161 legis
2873 1103 2924 1146 et
2952 1092 3173 1153 litteras;
3216 1099 3270 1142 et
3327 1089 3439 1143 sive
3467 1088 3532 1141 de

2010 1187 2501 1257 repromissionihns
2553 1194 2850 1248 memoret,
2896 1183 3009 1236 sive
3064 1181 3130 1234 de
3193 1178 3411 1248 pmnis,
3463 1179 3531 1232 ad

2007 1289 2290 1345 utrumque
2321 1277 2564 1344 populum
2601 1274 2789 1327 dividit
2833 1272 3070 1324 verbum.
3098 1267 3185 1327 Ut.
3215 1268 3360 1322 verbi
3404 1282 3531 1337 gra-

2006 1367 2099 1431 tia,
2139 1381 2256 1418 cum
2300 1362 2468 1417 dicit:
2511 1380 2528 1411 ι
2585 1358 2676 1413 His
2718 1368 2892 1412 autem
2917 1394 2933 1419 ,
2968 1356 3059 1425 qui
3088 1370 3154 1410 ex
3185 1354 3533 1409 contentione

2002 1467 2150 1520 sunt,
2173 1466 2223 1509 et
2256 1454 2342 1523 qui
2392 1452 2632 1506 diliiduut
2662 1450 2872 1517 quidem
2909 1446 3140 1508 veritati,
3181 1445 3405 1499 credunt
3435 1457 3533 1496 au-

2007 1556 2109 1599 tem
2131 1544 2416 1613 iniquitati,
2449 1543 2546 1604 ira,
2576 1551 2625 1593 et
2652 1538 2948 1609 indignatio
2978 1555 2991 1591 :
3027 1534 3321 1601 tribulatio,
3354 1542 3409 1588 et
3431 1547 3529 1585 an-

2000 1634 2174 1703 gustia
2225 1633 2276 1685 in
2311 1648 2519 1684 omnem
2553 1630 2783 1682 animam
2832 1626 3060 1681 hominis
3102 1622 3373 1692 operantis
3416 1636 3531 1675 ma-

366 1738 532 1807 cipiat
560 1741 840 1815 castitate,
873 1709 1116 1809 pervenit
1138 1742 1297 1795 etiam
1328 1743 1393 1795 ad
1430 1742 1738 1796 interiorem
1770 1755 1900 1795 con-
1930 1709 1970 1763 Β
2002 1724 2106 1815 Ψτυ
2139 1762 2155 1785 ν
2195 1720 2361 1815 “add
2392 1721 2645 1815 Ρνῖξῖιιιηιν
2678 1729 2731 1773 ει
2762 1718 2931 1815 cm?)
2962 1717 3087 1815 "-_’
3112 1714 3310 1815 l3“.le
3331 1713 3525 1814 ῐξαεηίδο

363 1825 686 1891 tinentiam;
724 1837 781 1881 ut
807 1828 850 1881 si
882 1842 984 1881 non
1014 1831 1313 1883 mmchatur
1348 1829 1399 1882 in
1429 1843 1652 1897 corpore
1673 1869 1688 1891 ,
1721 1844 1817 1884 nec
1848 1831 1899 1883 in

361 1915 527 1967 corde
573 1915 873 1969 mmcbetur
920 1917 1052 1983 (58).
1112 1916 1411 1971 Secundum
1462 1919 1575 1971 hinc
1618 1932 1744 1986 ergo
1795 1917 1901 1971 cir-

363 2004 631 2056 cumcisio
662 2006 933 2059 interioris
956 2016 1009 2060 et
1031 2008 1315 2062 exterioris
1342 2008 1573 2062 hominis
1602 2008 1900 2076 allegorieis

360 2089 571 2159 legibus
618 2093 981 2163 intelligatur,
1029 2111 1147 2148 cum
1177 2096 1286 2164 jam
1333 2111 1505 2164 neque
1549 2096 1770 2150 interior
1810 2096 1899 2151 ille

359 2182 694 2249 concupiscit
726 2185 776 2236 in
807 2186 999 2249 corde,
1037 2200 1205 2252 neque
1250 2186 1481 2240 exterior
1524 2186 1623 2246 iste
1649 2188 1898 2253 concupi-

362 2272 587 2322 scentis:
621 2272 892 2324 ministrat
932 2274 985 2325 in
1034 2287 1253 2341 corpore
1298 2293 1311 2326 :
1359 2284 1415 2326 ut
1442 2276 1788 2329 circumcisus
1818 2277 1896 2329 di-

359 2369 515 2413 catur
566 2360 619 2415 in
651 2376 818 2416 carne
862 2363 981 2427 ille,
1032 2379 1188 2432 quem
1238 2365 1516 2430 Apostolus
1560 2366 1691 2419 dicit
1720 2367 1764 2396 ⁸⁸
1788 2364 1895 2433 jam

360 2464 463 2503 non
486 2465 611 2505 esse
640 2452 692 2504 in
718 2466 902 2515 carne,
946 2456 1037 2507 sed
1077 2455 1126 2506 in
1157 2456 1365 2521 Spiritu,
1401 2465 1451 2508 et
1474 2457 1562 2524 qui
1599 2464 1749 2510 actus
1777 2472 1895 2509 car-

354 2540 441 2593 nis
464 2552 561 2607 per
592 2541 838 2608 spiritum
879 2546 1164 2599 mortificat
1198 2548 1263 2601 ¹⁸.
1303 2548 1495 2602 Verum
1526 2548 1774 2613 quoniam
1801 2549 1890 2616 qui

354 2629 711 2684 circumcisus
741 2641 857 2692 est,
889 2632 1116 2701 aliquam
1160 2651 1374 2690 carnem
1420 2637 1683 2704 perditum
1723 2638 1890 2700 dedit,

354 2717 590 2786 aliquam
620 2721 859 2774 servavit
886 2722 1201 2778 incolumem
1225 2766 1239 2790 ,
1278 2727 1327 2778 in
1356 2740 1420 2778 eo
1448 2727 1585 2793 quod
1627 2727 1889 2794 perditum

355 2809 497 2861 dedit
537 2808 687 2878 (59),
737 2810 879 2863 illam
921 2825 1137 2865 carnem
1179 2814 1469 2882 signiﬁcari
1513 2824 1639 2882 puto
1683 2816 1751 2868 de
1786 2830 1889 2883 qua

352 2898 614 2967 scriptum
638 2909 721 2954 est
742 2900 789 2932 ³⁸
816 2918 831 2953 :
864 2918 884 2951 ι
920 2900 1106 2955 Omnis
1130 2916 1257 2956 caro
1283 2902 1482 2969 fenum,
1509 2915 1564 2958 et
1584 2905 1757 2957 omnis
1780 2904 1890 2972 glo-

354 2990 431 3042 ria
465 2989 584 3054 eius
619 2990 775 3058 quasi
797 2989 893 3045 ﬂos
920 2989 1082 3045 feni.»
1107 2993 1245 3047 Caro
1269 3005 1444 3047 autem
1476 3009 1594 3063 quae
1625 3006 1884 3057 servatur,
1912 3028 1954 3085 ο

351 3085 406 3131 et
433 3078 723 3134 incolumis
752 3090 1057 3147 permanet,
1103 3090 1230 3148 puto
1269 3084 1408 3150 quod
1448 3082 1674 3137 formam
1705 3092 1886 3139 teneat

351 3166 494 3220 illius
550 3169 729 3223 carnis
754 3169 819 3223 de
846 3182 948 3236 qua
993 3170 1187 3225 dicitur
1212 3171 1289 3235 ²’,
1333 3172 1456 3239 quia
1499 3189 1518 3222 ι
1553 3172 1727 3227 omnis
1760 3188 1886 3226 caro

350 3253 557 3309 videbit
581 3255 819 3311 salutare
848 3257 934 3311 Dei
953 3257 1086 3327 (60).
1102 3275 1121 3309 ι
1144 3258 1245 3313 Sed
1273 3273 1403 3326 opus
1427 3268 1508 3313 est
1531 3260 1746 3314 auribus
1768 3274 1885 3328 quae

350 3344 541 3398 audire
572 3346 777 3412 possint
802 3362 920 3414 quze
945 3349 1015 3401 sit
1044 3362 1173 3401 caro
1201 3362 1317 3415 qua
1346 3357 1564 3417 pereat,
1597 3359 1650 3403 et
1670 3363 1789 3417 qua:
1814 3349 1885 3403 sit

348 3444 475 3486 caro
501 3448 626 3502 qua:
652 3435 853 3489 videbit
882 3434 1114 3489 salutare
1139 3435 1227 3489 Dei
1259 3452 1274 3487 :
1310 3445 1428 3501 quae
1456 3443 1575 3503 post
1595 3435 1881 3503 depositio-

351 3535 472 3574 nem
508 3522 695 3575 carnis
723 3524 965 3590 praeputii
996 3523 1139 3576 salva
1183 3536 1510 3590 permaneat,
1554 3538 1675 3577 eum
1706 3524 1789 3577 illa
1827 3530 1885 3576 ut

346 3607 445 3664 ﬂos
466 3610 578 3665 feni
605 3612 888 3665 deciderit.
952 3612 1100 3677 Quod
1129 3615 1217 3679 qui
1247 3613 1603 3677 intellexerit,
1647 3613 1883 3668 inveniet

344 3699 651 3768 ingentium
692 3701 1074 3771 mysteriorum
1114 3702 1312 3757 formas
1362 3704 1413 3756 in
1458 3702 1881 3757 circumcisionis

346 3793 559 3846 ratione
587 3793 920 3861 praemissas,
953 3804 1007 3846 et
1045 3793 1279 3847 inveniet
1316 3808 1437 3847 eum
1464 3793 1554 3862 qui
1587 3795 1641 3847 in
1668 3793 1880 3851 occulto

341 3878 560 3936 Judaaus
588 3889 693 3945 est,
719 3891 773 3936 et
791 3882 881 3950 qui
912 3882 964 3935 in
987 3881 1241 3937 interiore
1296 3884 1510 3938 homine
1535 3882 1880 3939 circumcisus

340 3980 445 4038 est,
476 3980 689 4026 tantum
718 3981 991 4040 praestare,
1019 3980 1071 4026 et
1101 3974 1501 4028 eminentiorem
1530 3987 1648 4027 esse
1671 3972 1763 4027 illo
1789 3972 1879 4042 qui

343 4064 641 4118 secundum
680 4076 896 4117 carnem
916 4061 1127 4118 Iudaeus
1156 4073 1263 4128 est,
1311 4074 1563 4132 quantum
1590 4071 1805 4132 praestat
1825 4069 1879 4117 et

294 4168 297 4169 '
344 4155 551 4208 eminet
581 4152 746 4210 Judas
774 4156 863 4210 ille
883 4196 898 4219 ,
943 4169 1098 4223 quem
1125 4154 1427 4208 collaudant
1453 4154 1644 4208 fratres
1669 4152 1786 4220 sui,
1821 4160 1877 4208 et

341 4244 433 4311 qui
474 4243 731 4299 dormivit
772 4252 831 4298 ut
856 4244 974 4308 leo,
1000 4252 1054 4297 et
1074 4256 1131 4297 ut
1156 4243 1361 4299 catulus
1382 4242 1551 4297 leonis
1588 4240 1875 4297 suscitatus

1998 1811 2074 1867 De
2100 1810 2602 1880 repromissionibus
2646 1824 2771 1863 vero
2814 1807 3085 1875 subiungit
3116 1821 3130 1859 :
3163 1823 3182 1857 ι
3224 1804 3404 1859 Gloria
3432 1818 3526 1856 au-

2000 1912 2127 1967 tem,
2155 1913 2206 1955 et
2236 1901 2428 1964 honor,
2455 1910 2505 1955 et
2531 1916 2629 1969 pax
2660 1899 2802 1955 omni
2835 1897 3075 1966 operanti
3103 1896 3320 1959 bonum,
3341 1893 3531 1949 Judaio

1997 1993 2222 2059 primunt
2253 2004 2305 2044 et
2334 1989 2522 2044 Grmeo
2556 1989 2621 2043 ³¹.
2656 2008 2676 2040 ι
2715 1988 2943 2041 Rursum
2971 1986 3038 2040 de
3073 1985 3317 2055 gentibus
3345 1985 3525 2040 dicere

1997 2078 2206 2135 videtur
2237 2095 2251 2131 :
2285 2096 2302 2127 ι
2346 2077 2659 2144 Quicunque
2677 2077 2819 2129 enim
2845 2076 2962 2129 sine
2994 2074 3108 2141 lege
3136 2082 3521 2142 peccaverunt,

1994 2166 2107 2219 sine
2137 2166 2250 2236 lege
2298 2166 2541 2236 peribunt
2572 2166 2687 2233 ³³.)
2717 2165 2781 2218 Et
2810 2166 3000 2219 iterum
3031 2163 3095 2218 de
3136 2163 3472 2217 circumcisis
3504 2180 3519 2217 :

1998 2272 2017 2305 ι
2057 2255 2119 2308 Et
2156 2264 2420 2323 quotquot
2442 2256 2492 2309 in
2523 2254 2638 2323 lege
2666 2262 3041 2322 peccaverunt,
3067 2267 3161 2322 per
3189 2252 3357 2319 legem
3379 2250 3525 2318 judi-

1993 2345 2260 2399 cabuntur
2295 2345 2359 2397 ³³.
2397 2364 2416 2395 ι
2445 2344 2672 2399 Rursum
2697 2357 2819 2396 vero
2844 2352 3025 2411 gentes
3044 2342 3329 2396 sublevans
3352 2341 3479 2395 dicit
3503 2357 3517 2394 :

1998 2453 2016 2487 ι
2062 2433 2195 2488 Cum
2224 2435 2364 2488 enim
2405 2442 2607 2502 gentes,
2646 2448 2765 2500 qua:
2797 2432 2966 2502 legem
2990 2448 3091 2486 non
3121 2429 3336 2494 habent,
3367 2440 3524 2484 natu-

1992 2524 2175 2579 raliter
2203 2538 2322 2593 qua:
2350 2523 2480 2589 legis
2504 2532 2627 2576 sunt
2654 2521 2872 2588 faciunt,
2906 2521 2955 2574 hi
2985 2521 3150 2589 legem
3179 2536 3281 2575 non
3317 2520 3521 2575 haben-

1992 2626 2107 2677 tes,
2153 2614 2248 2682 ipsi
2290 2613 2391 2668 sibi
2432 2622 2555 2667 suut
2594 2613 2679 2667 lex
2704 2651 2720 2675 ,
2759 2612 2851 2680 qui
2881 2613 3167 2666 ostendunt
3194 2626 3325 2679 opus
3387 2610 3521 2679 legis

1988 2705 2246 2772 scriptum
2281 2704 2331 2757 in
2361 2705 2613 2757 cordibus
2652 2703 2763 2756 suis
2793 2700 2860 2767 “,
2897 2720 2915 2752 ι
2946 2713 3050 2756 etc.
3093 2701 3155 2754 Et
3186 2702 3379 2754 iterum
3406 2716 3517 2755 ser-

1990 2810 2198 2849 monem
2234 2793 2581 2848 convertitad
2612 2791 2822 2847 Iudaeos
2853 2793 3075 2847 dicens:
3116 2810 3135 2842 ι
3170 2793 3223 2845 Si
3247 2803 3425 2846 autem
3460 2802 3514 2845 tu

1985 2881 2201 2939 Judteus
2236 2884 2635 2952 cognominaris
2659 2923 2675 2946 ,
2721 2892 2774 2938 et
2804 2883 3093 2952 requiescis
3119 2883 3169 2935 in
3214 2881 3326 2951 lege
3360 2882 3428 2943 ³⁸,
3489 2899 3509 2931 ι

1991 2983 2044 3029 et
2076 2973 2275 3041 reliqua
2303 2989 2470 3041 usque
2501 2975 2566 3027 ad
2587 2987 2705 3027 eum
2731 2972 2902 3026 locum
2936 2973 3022 3024 ubi
3054 2972 3216 3025 dicit:
3255 2989 3274 3021 ι
3313 2970 3512 3024 Nomen

1985 3064 2126 3118 enim
2166 3063 2257 3118 Dei
2310 3076 2403 3132 per
2429 3077 2526 3117 vos
2552 3061 2951 3129 blasphematur
2994 3061 3134 3115 inter
3160 3069 3345 3130 gentes
3374 3061 3438 3112 ³⁸.
3487 3078 3509 3113 ι

1984 3152 2051 3206 Et
2084 3168 2151 3208 ne
2176 3153 2445 3206 videretur
2483 3152 2677 3204 nimius
2705 3164 2821 3204 esse
2860 3149 2911 3203 in
2948 3149 3396 3218 increpationibus
3419 3150 3512 3205 Ju-

1984 3240 2239 3304 dmorum,
2267 3238 2396 3293 dicit
2427 3254 2442 3293 :
2473 3255 2493 3289 ι
2526 3235 2873 3292 Circumcisio
2902 3238 3114 3307 quidem
3157 3238 3414 3306 prodest,
3465 3239 3508 3292 si

1983 3328 2152 3399 legem
2201 3328 2474 3383 custodias
2497 3327 2563 3381 ³⁷.
2614 3346 2633 3380 ι
2681 3327 2787 3383 Sed
2820 3328 3007 3381 iterum
3053 3342 3118 3382 ne
3149 3327 3381 3396 erigeret
3416 3343 3510 3382 eos

1981 3418 2070 3487 qui
2103 3418 2320 3473 nimiam
2349 3419 2400 3472 iu
2431 3419 2838 3474 circumcisione
2868 3418 3089 3489 gloriam
3117 3429 3341 3488 ponunt,
3361 3420 3509 3473 addi-

1980 3507 2058 3561 dit
2089 3522 2103 3559 :
2144 3524 2162 3558 ι
2201 3505 2258 3560 Si
2290 3514 2468 3560 autem
2510 3506 2889 3570 pmvaricator
2934 3504 3010 3559 sis
3046 3504 3195 3574 legis,
3225 3503 3508 3559 circumci-

1979 3596 2059 3649 sio
2085 3601 2171 3648 tua
2193 3596 2506 3662 praeputium
2533 3593 2673 3648 facta
2708 3606 2790 3648 est
2822 3593 2886 3647 ³⁸.
2920 3611 2940 3645 ι
2984 3592 3049 3649 Ut
3097 3602 3274 3647 autem
3318 3591 3509 3660 paulu-

1979 3684 2089 3738 lum
2120 3692 2383 3739 eteorum
2414 3684 2503 3752 qui
2532 3696 2599 3736 ex
2628 3683 2870 3752 gentibus
2897 3684 3121 3738 credunt
3144 3685 3351 3740 animos
3377 3684 3506 3739 alle-

1978 3782 2149 3839 varet,
2195 3772 2464 3842 subiungit
2493 3791 2509 3827 :
2538 3791 2559 3826 ι
2613 3772 2670 3828 Si
2719 3781 2897 3828 autem
2926 3776 3240 3842 praeputium
3267 3773 3507 3843 justitias

1976 3863 2110 3931 legis
2141 3863 2426 3927 custodiat,
2455 3877 2631 3918 nonne
2662 3864 2977 3933 praeputium
3007 3864 3148 3918 illius
3189 3864 3242 3917 in
3276 3866 3507 3917 circum-

1975 3953 2232 4011 cisionem
2271 3952 2659 4021 reputabitur”
2686 3953 2710 4005 ?
2743 3971 2763 4006 ι
2788 3954 2960 4022 Atque
2987 3962 3047 4007 ut
3076 3954 3303 4008 validius
3327 3954 3502 4023 erige~

1976 4056 2060 4101 ret
2091 4045 2300 4099 animos
2336 4044 2597 4113 gentium,
2623 4054 2678 4099 et
2703 4045 2902 4099 scirent
2943 4058 3099 4113 posse
3128 4058 3207 4108 se,
3250 4044 3296 4098 si
3331 4045 3499 4113 legem

1973 4135 2261 4208 perfectius
2284 4136 2650 4202 observarent,
2668 4137 2834 4191 etiam
2851 4137 3096 4192 meliores
3116 4137 3253 4193 eﬂici
3276 4137 3500 4204 Judazis,

1973 4227 2107 4282 dicit
2185 4225 2231 4257 ⁸⁸
2260 4242 2275 4280 :
2313 4240 2333 4277 ι
2363 4225 2429 4279 Ει
2449 4225 2704 4293 iudicabit
2726 4227 2777 4281 id
2794 4227 2931 4296 quod
2956 4241 3021 4282 ex
3041 4236 3230 4283 natura
3261 4238 3343 4284 est
3367 4244 3501 4298 prae-

337 4345 422 4390 est
444 4336 528 4401 ιι,
560 4336 634 4391 illi
666 4334 814 4390 Judae
840 4336 931 4404 qui
976 4350 1039 4390 ex
1081 4334 1370 4389 femoribus
1394 4331 1558 4387 Iacob
1581 4328 1871 4387 secundum
1905 4334 1950 4389 ι)
1975 4318 2202 4385 vatium.
2232 4315 2401 4384 lesem
2433 4315 2717 4386 perﬁciens
2739 4355 2757 4384 .
2801 4325 2853 4372 te
2873 4355 2891 4384 .
2924 4318 3015 4387 «iui
3047 4332 3141 4387 per
3170 4318 3400 4374 litteram
3447 4329 3501 4374 et

338 4439 560 4482 carnem
593 4434 748 4482 natus
779 4435 881 4481 εει.

409 4516 497 4570 14.
526 4536 546 4569 ι
568 4518 703 4584 Quid
719 4531 848 4584 ergo
864 4515 1090 4583 amplius
1110 4525 1191 4569 est
1208 4514 1389 4569 Iudaeo
1402 4515 1425 4568 2
1438 4522 1528 4567 aut
1540 4526 1656 4581 qua:
1668 4509 1871 4567 utilitas

334 4608 801 4663 circumcisionis?
817 4606 1035 4661 Multum
1053 4621 1147 4675 per
1162 4620 1369 4659 omnem
1390 4606 1619 4658 modum.
1635 4601 1869 4656 Primum

336 4698 717 4767 quidem,quia
736 4699 934 4753 credita
951 4706 1073 4751 sunt
1090 4698 1192 4751 illis
1213 4697 1417 4765 eloquia
1430 4695 1541 4750 Dei.
1569 4695 1706 4760 Quid
1725 4692 1867 4748 enim

335 4789 379 4839 si
404 4788 619 4855 quidam
650 4788 859 4843 illorum
892 4803 997 4842 non
1026 4786 1403 4841 crediderunt?
1425 4784 1670 4853 Nunquid
1693 4784 1865 4837 incre-

334 4874 537 4930 dulitas
556 4891 741 4931 eorum
763 4877 918 4932 fidem
941 4877 1033 4931 Dei
1046 4873 1535 4930 evacuabitiAbsitl
1558 4873 1674 4926 Fiat
1688 4879 1865 4924 autem

406 4990 453 5058 ’ξ
475 4989 610 5044 Gen.
637 5007 711 5049 ix.
738 4992 805 5057 6;
840 5007 898 5058 ιι,
926 4991 977 5043 7.
1050 4991 1095 5022 ³³
1118 4989 1271 5044 Rom.
1305 5004 1366 5051 ιι,
1390 4988 1476 5053 28,
1504 4987 1592 5058 29.

335 5056 383 5125 f‘
407 5056 545 5111 Gen.
566 5076 711 5125 xux,
741 5056 796 5123 8,
826 5056 891 5113 9.
952 5060 995 5090 "
1017 5059 1168 5113 Rom.
1201 5074 1278 5124 tn,
1307 5059 1421 5112 1-4.

335 5123 381 5155 ³⁸
408 5127 539 5180 ibid.
565 5130 647 5181 l7.
696 5121 706 5125 ⁷
748 5121 793 5160 ³⁸
819 5128 947 5182 ibid.
981 5127 1069 5180 24.
1162 5127 1204 5157 ³⁷
1237 5121 1364 5181 ibid.
1390 5128 1478 5179 25.
1573 5124 1618 5154 ³⁸
1649 5121 1774 5175 ibid.

431 5235 524 5300 56)
562 5236 720 5299 Editi,
757 5256 777 5288 ι
812 5238 1091 5293 institutis.
1123 5258 1141 5291 ι

428 5304 517 5370 57)
557 5304 678 5358 Sine
701 5305 877 5359 dubio.
918 5309 1071 5361 Deest
1098 5307 1148 5359 in
1182 5306 1354 5360 editis.

407 5372 523 5437 (58)
570 5372 630 5424 Ut
657 5376 701 5426 si
728 5391 828 5427 non
856 5376 1137 5427 moechatur
1161 5377 1211 5427 in
1240 5389 1447 5438 corpore
1466 5413 1479 5438 ,
1514 5388 1606 5426 nec
1636 5373 1689 5427 in
1716 5376 1861 5431 corde

337 5444 639 5493 mwchetur.
683 5442 801 5495 Haec
833 5444 1196 5496 desiderantur
1226 5444 1277 5494 in
1323 5441 1472 5495 libris
1502 5452 1662 5497 antea
1690 5448 1859 5499 editis.

409 5507 519 5575 (59)
550 5509 705 5585 Editi,
734 5529 750 5559 ι
783 5512 1037 5585 perditam
1072 5510 1215 5567 dedit
1251 5529 1270 5562 ι
1300 5507 1453 5575 Mss,
1497 5509 1569 5565 al.
1598 5528 1618 5562 ι
1643 5517 1812 5585 periit,
1836 5530 1858 5565 ι

339 5575 433 5644 al.,
485 5596 502 5626 ι
536 5575 795 5645 perditum
828 5579 985 5632 dedit.
1020 5596 1041 5631 ι

1678 4984 1724 5017 ⁸⁸
1752 4983 1903 5036 Rom.
1928 4993 2044 5041 vtu,
2067 4975 2119 5029 9.
2191 4973 2236 5004 "
2268 4972 2397 5024 ibid.
2430 4969 2517 5041 9A5.

1508 5035 1565 5088 ἴθ’
1580 5035 1733 5106 item.
1757 5035 1816 5115 tt,
1834 5049 1886 5109 8.

2030 5035 2082 5077 ἰι
2114 5036 2731 5115 ibid.l_0._.f’inbid.12.
2804 5037 2846 5068 ³³
2869 5038 2999 5091 ibid.
3071 5035 3496 5101 “ibid.M,15.

1872 5103 1916 5150 ⁵ο
1943 5115 2069 5170 ibid.
2109 5111 2195 5163 es.
2272 5107 2316 5137 ιο
2338 5106 2463 5159 ibid.
2501 5103 2589 5157 a7.

1974 4407 2433 4463 circumcisionem
2483 4409 2861 4477 praevaricator
2914 4422 2974 4464 es
3020 4409 3173 4479 legis.
3228 4429 3245 4462 I
3298 4409 3497 4466 Verum

1971 4498 2221 4565 quoniam
2247 4497 2450 4552 sciebat
2493 4498 2686 4553 multas
2717 4500 2767 4553 in
2798 4498 2936 4568 Lege
2965 4508 3020 4553 et
3051 4499 3329 4568 Prophetis
3377 4515 3500 4556 esse

1973 4584 2413 4652 repromissiones
2440 4599 2559 4654 qua:
2600 4587 2666 4641 ad
2704 4585 2915 4642 Judaeos
2963 4588 3076 4641 fieri
3124 4588 3399 4654 videntur,
3431 4602 3498 4642 ne

1971 4683 2188 4743 possent
2215 4672 2324 4744 (6f)
2376 4676 2658 4743 desperare
2708 4686 2894 4743 gentes
2923 4684 3173 4745 tanquam
3202 4691 3320 4744 qua:
3363 4675 3497 4730 nihil

1970 4767 2244 4821 societatis
2274 4766 2328 4819 in
2362 4766 2681 4834 conscriptis
2702 4767 3203 4834 repromissionibus
3238 4766 3496 4831 habeant,

1971 4861 2125 4914 docet
2157 4871 2248 4912 eos
2273 4856 2413 4925 quod
2450 4854 2560 4925 (62)
2604 4855 2891 4909 secundum
2924 4855 3205 4922 mysticam
3235 4856 3494 4909 rationem

2608 4969 2652 5000 ’⁸
2679 4969 2796 5024 lsai.
2827 4984 2915 5032 xc,
2943 4969 2995 5021 6.
3087 4970 3129 5000 ³⁷
3159 4966 3287 5021 Luc.
3332 4984 3413 5035 ιιι,
3441 4971 3494 5028 6.

2035 5223 2147 5301 (6(1)
2173 5219 2355 5301 “Editi,,
2388 5218 2473 5272 hic
2508 5224 2560 5271 et
2600 5218 2752 5288 paulo
2786 5218 2924 5272 infra
2954 5218 3167 5287 legunt,
3195 5234 3214 5269 ι
3247 5214 3504 5271 Salvato-

1966 5292 2314 5429 Peifﬁgeﬁiti
2337 5395 2353 5421 ,
2387 5371 2408 5405 ι
2444 5355 2879 5423 repromissiones
2912 5355 2978 5412 ad
3008 5353 3249 5419 ludam,
3280 5365 3352 5406 ne
3384 5366 3513 5421 pos-
3582 5346 3590 5368 λ

1975 5440 2111 5490 sent,
2149 5445 2168 5477 ι
2200 5434 2302 5479 etc.

2045 5496 2150 5567 (62)
2179 5495 2282 5563 AL,
2317 5512 2337 5547 ι
2372 5493 2482 5563 qui,
2514 5512 2532 5548 ι
2570 5494 2725 5551 male.
