  <div class='ocr_page' id='page_1' title='image "/cluster/home/n/w/nwhite01/storage/ocr_20150623/14 (Origen; pt. 4)/nyp.33433081862280/470.png"; bbox 0 0 1918 3115; ppageno 0'>
   <div class='ocr_carea' id='block_1_1' title="bbox 173 137 225 165">
    <p class='ocr_par' dir='ltr' id='par_1_1' title="bbox 173 137 225 165">
     <span class='ocr_line' id='line_1_1' title="bbox 173 137 225 165; baseline -0.038 0"><span class='ocrx_word' id='word_1_1' title='bbox 173 137 225 165; x_wconf 77' lang='grc'>917</span> 
     </span>
    </p>
   </div>
   <div class='ocr_carea' id='block_1_2' title="bbox 633 135 1268 163">
    <p class='ocr_par' dir='ltr' id='par_1_2' title="bbox 633 135 1268 163">
     <span class='ocr_line' id='line_1_2' title="bbox 633 135 1268 163; baseline -0.006 0"><span class='ocrx_word' id='word_1_2' title='bbox 633 135 804 163; x_wconf 80' lang='lat' dir='ltr'><strong>COMMENT.</strong></span> <span class='ocrx_word' id='word_1_3' title='bbox 823 135 855 162; x_wconf 83' lang='lat' dir='ltr'><strong>IN</strong></span> <span class='ocrx_word' id='word_1_4' title='bbox 876 135 980 162; x_wconf 78' lang='lat' dir='ltr'><strong>EPIST.</strong></span> <span class='ocrx_word' id='word_1_5' title='bbox 998 135 1042 161; x_wconf 78' lang='lat' dir='ltr'><strong>AD</strong></span> <span class='ocrx_word' id='word_1_6' title='bbox 1057 135 1138 163; x_wconf 75' lang='lat' dir='ltr'><strong>ROM.</strong></span> <span class='ocrx_word' id='word_1_7' title='bbox 1156 135 1217 162; x_wconf 78' lang='lat' dir='ltr'><strong>LIB.</strong></span> <span class='ocrx_word' id='word_1_8' title='bbox 1237 135 1268 160; x_wconf 91' lang='lat' dir='ltr'><strong>ll.</strong></span> 
     </span>
    </p>
   </div>
   <div class='ocr_carea' id='block_1_3' title="bbox 1697 138 1748 163">
    <p class='ocr_par' dir='ltr' id='par_1_3' title="bbox 1697 138 1748 163">
     <span class='ocr_line' id='line_1_3' title="bbox 1697 138 1748 163; baseline 0 0"><span class='ocrx_word' id='word_1_9' title='bbox 1697 138 1748 163; x_wconf 77' lang='grc'><strong>918</strong></span> 
     </span>
    </p>
   </div>
   <div class='ocr_carea' id='block_1_4' title="bbox 173 191 1742 230">
    <p class='ocr_par' dir='ltr' id='par_1_4' title="bbox 173 191 1742 230">
     <span class='ocr_line' id='line_1_4' title="bbox 173 191 1742 230; baseline -0.001 -8"><span class='ocrx_word' id='word_1_10' title='bbox 173 195 308 223; x_wconf 82' lang='lat' dir='ltr'><strong>volumina</strong></span> <span class='ocrx_word' id='word_1_11' title='bbox 323 195 403 229; x_wconf 82' lang='lat' dir='ltr'><strong>relegi</strong></span> <span class='ocrx_word' id='word_1_12' title='bbox 416 196 555 228; x_wconf 86' lang='lat' dir='ltr'><strong>videntur;</strong></span> <span class='ocrx_word' id='word_1_13' title='bbox 570 197 616 222; x_wconf 89' lang='lat' dir='ltr'><strong>sed</strong></span> <span class='ocrx_word' id='word_1_14' title='bbox 630 197 689 230; x_wconf 84' lang='lat' dir='ltr'><strong>quia</strong></span> <span class='ocrx_word' id='word_1_15' title='bbox 706 196 769 222; x_wconf 86' lang='lat' dir='ltr'><strong>nihil</strong></span> <span class='ocrx_word' id='word_1_16' title='bbox 782 196 806 222; x_wconf 92' lang='lat' dir='ltr'><strong>in</strong></span> <span class='ocrx_word' id='word_1_17' title='bbox 819 196 860 222; x_wconf 86' lang='lat' dir='ltr'><strong>his</strong></span> <span class='ocrx_word' id='word_1_18' title='bbox 874 203 935 223; x_wconf 86' lang='lat' dir='ltr'><strong>sen-</strong></span> <span class='ocrx_word' id='word_1_19' title='bbox 949 197 970 224; x_wconf 81' lang='grc' dir='ltr'>Α</span> <span class='ocrx_word' id='word_1_20' title='bbox 987 203 995 219; x_wconf 84' lang='grc' dir='ltr'><strong>ι</strong></span> <span class='ocrx_word' id='word_1_21' title='bbox 1008 194 1136 220; x_wconf 81' lang='lat' dir='ltr'><strong>Animalis</strong></span> <span class='ocrx_word' id='word_1_22' title='bbox 1147 194 1224 220; x_wconf 91' lang='lat' dir='ltr'><strong>homo</strong></span> <span class='ocrx_word' id='word_1_23' title='bbox 1233 200 1284 219; x_wconf 89' lang='lat' dir='ltr'><strong>non</strong></span> <span class='ocrx_word' id='word_1_24' title='bbox 1296 192 1409 226; x_wconf 93' lang='lat' dir='ltr'><strong>percipit</strong></span> <span class='ocrx_word' id='word_1_25' title='bbox 1419 199 1476 226; x_wconf 67' lang='lat' dir='ltr'><strong>quae</strong></span> <span class='ocrx_word' id='word_1_26' title='bbox 1483 196 1547 219; x_wconf 88' lang='lat' dir='ltr'><strong>sunt</strong></span> <span class='ocrx_word' id='word_1_27' title='bbox 1554 191 1672 226; x_wconf 79' lang='lat' dir='ltr'><strong>Spiritus</strong></span> <span class='ocrx_word' id='word_1_28' title='bbox 1683 193 1742 222; x_wconf 84' lang='lat' dir='ltr'><strong>Dei:</strong></span> 
     </span>
    </p>
   </div>
   <div class='ocr_carea' id='block_1_5' title="bbox 174 240 932 276">
    <p class='ocr_par' dir='ltr' id='par_1_5' title="bbox 174 240 932 276">
     <span class='ocr_line' id='line_1_5' title="bbox 174 240 932 276; baseline 0 -9"><span class='ocrx_word' id='word_1_29' title='bbox 174 241 245 267; x_wconf 88' lang='lat' dir='ltr'><strong>tiunt</strong></span> <span class='ocrx_word' id='word_1_30' title='bbox 257 240 385 274; x_wconf 84' lang='lat' dir='ltr'><strong>spiritale.</strong></span> <span class='ocrx_word' id='word_1_31' title='bbox 410 241 473 267; x_wconf 86' lang='lat' dir='ltr'><strong>nihil</strong></span> <span class='ocrx_word' id='word_1_32' title='bbox 489 241 542 268; x_wconf 91' lang='lat' dir='ltr'><strong>Deo</strong></span> <span class='ocrx_word' id='word_1_33' title='bbox 563 242 679 276; x_wconf 81' lang='lat' dir='ltr'><strong>dignum,</strong></span> <span class='ocrx_word' id='word_1_34' title='bbox 701 243 783 268; x_wconf 90' lang='lat' dir='ltr'><strong>solam</strong></span> <span class='ocrx_word' id='word_1_35' title='bbox 800 242 869 274; x_wconf 86' lang='lat' dir='ltr'><strong>apud</strong></span> <span class='ocrx_word' id='word_1_36' title='bbox 886 249 932 268; x_wconf 84' lang='lat' dir='ltr'><strong>eos</strong></span> 
     </span>
    </p>
   </div>
   <div class='ocr_carea' id='block_1_6' title="bbox 173 285 930 321">
    <p class='ocr_par' dir='ltr' id='par_1_6' title="bbox 173 285 930 321">
     <span class='ocr_line' id='line_1_6' title="bbox 173 285 930 321; baseline 0.003 -11"><span class='ocrx_word' id='word_1_37' title='bbox 173 285 260 311; x_wconf 85' lang='lat' dir='ltr'><strong>locum</strong></span> <span class='ocrx_word' id='word_1_38' title='bbox 278 292 337 318; x_wconf 69' lang='lat' dir='ltr'><strong>qua:</strong></span> <span class='ocrx_word' id='word_1_39' title='bbox 361 286 460 312; x_wconf 87' lang='lat' dir='ltr'><strong>occidit</strong></span> <span class='ocrx_word' id='word_1_40' title='bbox 486 286 582 312; x_wconf 83' lang='lat' dir='ltr'><strong>habere</strong></span> <span class='ocrx_word' id='word_1_41' title='bbox 607 286 720 312; x_wconf 86' lang='lat' dir='ltr'><strong>litteram</strong></span> <span class='ocrx_word' id='word_1_42' title='bbox 737 286 791 321; x_wconf 84' lang='lat'><strong>(68)</strong></span> <span class='ocrx_word' id='word_1_43' title='bbox 809 287 930 312; x_wconf 84' lang='lat' dir='ltr'><strong>dixerim.</strong></span> 
     </span>
    </p>
   </div>
   <div class='ocr_carea' id='block_1_7' title="bbox 172 328 931 364">
    <p class='ocr_par' dir='ltr' id='par_1_7' title="bbox 172 328 931 364">
     <span class='ocr_line' id='line_1_7' title="bbox 172 328 931 364; baseline 0.004 -10"><span class='ocrx_word' id='word_1_44' title='bbox 172 328 270 355; x_wconf 85' lang='lat' dir='ltr'><strong>Verum</strong></span> <span class='ocrx_word' id='word_1_45' title='bbox 285 329 307 354; x_wconf 81' lang='lat' dir='ltr'><strong>si</strong></span> <span class='ocrx_word' id='word_1_46' title='bbox 323 329 391 356; x_wconf 77' lang='lat' dir='ltr'><strong>forte</strong></span> <span class='ocrx_word' id='word_1_47' title='bbox 405 329 487 356; x_wconf 68' lang='lat' dir='ltr'><strong>Judaei</strong></span> <span class='ocrx_word' id='word_1_48' title='bbox 504 331 586 357; x_wconf 92' lang='lat' dir='ltr'><strong>nolint</strong></span> <span class='ocrx_word' id='word_1_49' title='bbox 608 331 725 364; x_wconf 85' lang='lat' dir='ltr'><strong>recipere</strong></span> <span class='ocrx_word' id='word_1_50' title='bbox 743 331 860 364; x_wconf 82' lang='lat' dir='ltr'><strong>Apostoli</strong></span> <span class='ocrx_word' id='word_1_51' title='bbox 884 338 931 357; x_wconf 92' lang='lat' dir='ltr'><strong>uo-</strong></span> 
     </span>
    </p>
   </div>
   <div class='ocr_carea' id='block_1_8' title="bbox 172 372 933 409">
    <p class='ocr_par' dir='ltr' id='par_1_8' title="bbox 172 372 933 409">
     <span class='ocr_line' id='line_1_8' title="bbox 172 372 933 409; baseline 0.001 -10"><span class='ocrx_word' id='word_1_52' title='bbox 172 372 220 399; x_wconf 62' lang='grc' dir='ltr'><strong>ειμι-ί</strong></span> <span class='ocrx_word' id='word_1_53' title='bbox 235 373 404 406; x_wconf 87' lang='lat' dir='ltr'><strong>sententiam,</strong></span> <span class='ocrx_word' id='word_1_54' title='bbox 416 381 473 407; x_wconf 77' lang='lat' dir='ltr'><strong>quae</strong></span> <span class='ocrx_word' id='word_1_55' title='bbox 486 374 549 400; x_wconf 92' lang='lat' dir='ltr'><strong>dicit</strong></span> <span class='ocrx_word' id='word_1_56' title='bbox 562 374 622 408; x_wconf 84' lang='lat' dir='ltr'><strong>quia</strong></span> <span class='ocrx_word' id='word_1_57' title='bbox 633 383 642 399; x_wconf 82' lang='grc' dir='ltr'><strong>ι</strong></span> <span class='ocrx_word' id='word_1_58' title='bbox 652 374 738 401; x_wconf 75' lang='lat' dir='ltr'><strong>littera</strong></span> <span class='ocrx_word' id='word_1_59' title='bbox 751 384 760 401; x_wconf 76' lang='grc' dir='ltr'><strong>ι</strong></span> <span class='ocrx_word' id='word_1_60' title='bbox 770 375 835 409; x_wconf 77' lang='lat' dir='ltr'><strong>legis</strong></span> <span class='ocrx_word' id='word_1_61' title='bbox 844 384 852 399; x_wconf 85' lang='grc' dir='ltr'><strong>ι</strong></span> <span class='ocrx_word' id='word_1_62' title='bbox 864 375 933 402; x_wconf 84' lang='lat' dir='ltr'><strong>occi-</strong></span> 
     </span>
    </p>
   </div>
   <div class='ocr_carea' id='block_1_9' title="bbox 171 415 931 452">
    <p class='ocr_par' dir='ltr' id='par_1_9' title="bbox 171 415 931 452">
     <span class='ocr_line' id='line_1_9' title="bbox 171 415 931 452; baseline 0.007 -11"><span class='ocrx_word' id='word_1_63' title='bbox 171 415 211 441; x_wconf 92' lang='lat' dir='ltr'><strong>dit</strong></span> <span class='ocrx_word' id='word_1_64' title='bbox 224 415 247 431; x_wconf 81' lang='grc'><strong>⁵⁸</strong></span> <span class='ocrx_word' id='word_1_65' title='bbox 263 425 270 442; x_wconf 84' lang='lat'><strong>:</strong></span> <span class='ocrx_word' id='word_1_66' title='bbox 291 425 300 441; x_wconf 82' lang='grc' dir='ltr'><strong>ι</strong></span> <span class='ocrx_word' id='word_1_67' title='bbox 313 421 341 442; x_wconf 93' lang='lat' dir='ltr'><strong>et</strong></span> <span class='ocrx_word' id='word_1_68' title='bbox 354 417 477 451; x_wconf 92' lang='lat' dir='ltr'><strong>injuriam</strong></span> <span class='ocrx_word' id='word_1_69' title='bbox 492 424 583 452; x_wconf 90' lang='lat' dir='ltr'><strong>putent</strong></span> <span class='ocrx_word' id='word_1_70' title='bbox 598 418 646 452; x_wconf 81' lang='lat' dir='ltr'><strong>legi</strong></span> <span class='ocrx_word' id='word_1_71' title='bbox 666 419 733 451; x_wconf 84' lang='lat' dir='ltr'><strong>ﬁeri,</strong></span> <span class='ocrx_word' id='word_1_72' title='bbox 752 420 775 446; x_wconf 84' lang='lat' dir='ltr'><strong>si</strong></span> <span class='ocrx_word' id='word_1_73' title='bbox 789 420 931 446; x_wconf 88' lang='lat' dir='ltr'><strong>secundum</strong></span> 
     </span>
    </p>
   </div>
   <div class='ocr_carea' id='block_1_10' title="bbox 171 460 931 498">
    <p class='ocr_par' dir='ltr' id='par_1_10' title="bbox 171 460 931 498">
     <span class='ocr_line' id='line_1_10' title="bbox 171 460 931 498; baseline 0.007 -13"><span class='ocrx_word' id='word_1_74' title='bbox 171 460 290 486; x_wconf 87' lang='lat' dir='ltr'><strong>litteram</strong></span> <span class='ocrx_word' id='word_1_75' title='bbox 312 462 401 494; x_wconf 85' lang='lat' dir='ltr'><strong>sperni</strong></span> <span class='ocrx_word' id='word_1_76' title='bbox 426 461 548 489; x_wconf 85' lang='lat' dir='ltr'><strong>videatur</strong></span> <span class='ocrx_word' id='word_1_77' title='bbox 572 471 579 490; x_wconf 90' lang='lat'><strong>:</strong></span> <span class='ocrx_word' id='word_1_78' title='bbox 604 468 767 490; x_wconf 80' lang='lat' dir='ltr'><strong>revertamur</strong></span> <span class='ocrx_word' id='word_1_79' title='bbox 790 464 823 490; x_wconf 85' lang='lat' dir='ltr'><strong>ad</strong></span> <span class='ocrx_word' id='word_1_80' title='bbox 848 464 931 498; x_wconf 88' lang='lat' dir='ltr'><strong>ipsuut</strong></span> 
     </span>
    </p>
   </div>
   <div class='ocr_carea' id='block_1_11' title="bbox 171 501 932 542">
    <p class='ocr_par' dir='ltr' id='par_1_11' title="bbox 171 501 932 542">
     <span class='ocr_line' id='line_1_11' title="bbox 171 501 932 542; baseline 0.011 -15"><span class='ocrx_word' id='word_1_81' title='bbox 171 501 296 537; x_wconf 84' lang='lat' dir='ltr'><strong>Moysen,</strong></span> <span class='ocrx_word' id='word_1_82' title='bbox 307 508 334 530; x_wconf 90' lang='lat' dir='ltr'><strong>et</strong></span> <span class='ocrx_word' id='word_1_83' title='bbox 350 504 486 531; x_wconf 74' lang='lat' dir='ltr'><strong>videamus</strong></span> <span class='ocrx_word' id='word_1_84' title='bbox 500 505 555 539; x_wconf 80' lang='lat' dir='ltr'><strong>ipse</strong></span> <span class='ocrx_word' id='word_1_85' title='bbox 570 513 649 540; x_wconf 90' lang='lat' dir='ltr'><strong>quam</strong></span> <span class='ocrx_word' id='word_1_86' title='bbox 663 507 749 540; x_wconf 80' lang='lat' dir='ltr'><strong>magni</strong></span> <span class='ocrx_word' id='word_1_87' title='bbox 770 507 863 534; x_wconf 82' lang='lat' dir='ltr'><strong>iecerit</strong></span> <span class='ocrx_word' id='word_1_88' title='bbox 877 508 932 542; x_wconf 84' lang='lat'><strong>(69)</strong></span> 
     </span>
    </p>
   </div>
   <div class='ocr_carea' id='block_1_12' title="bbox 170 547 933 585">
    <p class='ocr_par' dir='ltr' id='par_1_12' title="bbox 170 547 933 585">
     <span class='ocr_line' id='line_1_12' title="bbox 170 547 933 585; baseline 0.008 -12"><span class='ocrx_word' id='word_1_89' title='bbox 170 547 290 574; x_wconf 81' lang='lat' dir='ltr'><strong>litteram</strong></span> <span class='ocrx_word' id='word_1_90' title='bbox 309 548 393 582; x_wconf 77' lang='lat' dir='ltr'><strong>legis;</strong></span> <span class='ocrx_word' id='word_1_91' title='bbox 408 550 452 583; x_wconf 86' lang='lat' dir='ltr'><strong>qui</strong></span> <span class='ocrx_word' id='word_1_92' title='bbox 468 558 527 576; x_wconf 80' lang='lat' dir='ltr'><strong>cum</strong></span> <span class='ocrx_word' id='word_1_93' title='bbox 540 552 687 585; x_wconf 72' lang='lat' dir='ltr'><strong>accepisset</strong></span> <span class='ocrx_word' id='word_1_94' title='bbox 703 552 805 579; x_wconf 88' lang='lat' dir='ltr'><strong>tabulas</strong></span> <span class='ocrx_word' id='word_1_95' title='bbox 817 552 933 585; x_wconf 90' lang='lat' dir='ltr'><strong>lapideas</strong></span> 
     </span>
    </p>
   </div>
   <div class='ocr_carea' id='block_1_13' title="bbox 147 594 933 628">
    <p class='ocr_par' dir='ltr' id='par_1_13' title="bbox 147 594 933 628">
     <span class='ocr_line' id='line_1_13' title="bbox 147 594 933 628; baseline 0.008 -9"><span class='ocrx_word' id='word_1_96' title='bbox 147 608 150 610; x_wconf 95' lang='lat'><strong><em>-</em></strong></span> <span class='ocrx_word' id='word_1_97' title='bbox 170 594 314 627; x_wconf 85' lang='lat' dir='ltr'><strong>inscriptas</strong></span> <span class='ocrx_word' id='word_1_98' title='bbox 329 594 413 628; x_wconf 81' lang='lat' dir='ltr'><strong>digito</strong></span> <span class='ocrx_word' id='word_1_99' title='bbox 430 595 486 626; x_wconf 89' lang='lat' dir='ltr'><strong>Dei,</strong></span> <span class='ocrx_word' id='word_1_100' title='bbox 497 600 597 621; x_wconf 81' lang='lat' dir='ltr'><strong>tantum</strong></span> <span class='ocrx_word' id='word_1_101' title='bbox 611 596 719 623; x_wconf 92' lang='lat' dir='ltr'><strong>honoris</strong></span> <span class='ocrx_word' id='word_1_102' title='bbox 736 598 827 624; x_wconf 84' lang='lat' dir='ltr'><strong>detulit</strong></span> <span class='ocrx_word' id='word_1_103' title='bbox 839 598 933 625; x_wconf 66' lang='lat' dir='ltr'><strong>littera!</strong></span> 
     </span>
    </p>
   </div>
   <div class='ocr_carea' id='block_1_14' title="bbox 169 639 934 676">
    <p class='ocr_par' dir='ltr' id='par_1_14' title="bbox 169 639 934 676">
     <span class='ocr_line' id='line_1_14' title="bbox 169 639 934 676; baseline 0.009 -12"><span class='ocrx_word' id='word_1_104' title='bbox 169 639 236 673; x_wconf 76' lang='lat' dir='ltr'><strong>legis</strong></span> <span class='ocrx_word' id='word_1_105' title='bbox 252 658 260 669; x_wconf 87' lang='lat'><strong>,</strong></span> <span class='ocrx_word' id='word_1_106' title='bbox 277 644 306 666; x_wconf 89' lang='lat' dir='ltr'><strong>ut</strong></span> <span class='ocrx_word' id='word_1_107' title='bbox 320 640 464 674; x_wconf 84' lang='lat' dir='ltr'><strong>projiceret</strong></span> <span class='ocrx_word' id='word_1_108' title='bbox 485 641 516 667; x_wconf 85' lang='lat' dir='ltr'><strong>de</strong></span> <span class='ocrx_word' id='word_1_109' title='bbox 541 642 661 669; x_wconf 83' lang='lat' dir='ltr'><strong>manibus</strong></span> <span class='ocrx_word' id='word_1_110' title='bbox 685 643 740 669; x_wconf 82' lang='lat' dir='ltr'><strong>suis</strong></span> <span class='ocrx_word' id='word_1_111' title='bbox 766 644 880 676; x_wconf 78' lang='lat' dir='ltr'><strong>tabulas,</strong></span> <span class='ocrx_word' id='word_1_112' title='bbox 907 649 934 671; x_wconf 88' lang='lat' dir='ltr'><strong>et</strong></span> 
     </span>
    </p>
   </div>
   <div class='ocr_carea' id='block_1_15' title="bbox 150 684 932 721">
    <p class='ocr_par' dir='ltr' id='par_1_15' title="bbox 150 684 932 721">
     <span class='ocr_line' id='line_1_15' title="bbox 150 684 932 721; baseline 0.008 -12"><span class='ocrx_word' id='word_1_113' title='bbox 150 701 152 704; x_wconf 55' lang='grc' dir='ltr'>μ</span> <span class='ocrx_word' id='word_1_114' title='bbox 168 684 365 711; x_wconf 84' lang='lat' dir='ltr'><strong>comminueret</strong></span> <span class='ocrx_word' id='word_1_115' title='bbox 380 685 487 718; x_wconf 85' lang='lat' dir='ltr'><strong>quidem</strong></span> <span class='ocrx_word' id='word_1_116' title='bbox 504 685 585 719; x_wconf 81' lang='lat' dir='ltr'><strong>digito</strong></span> <span class='ocrx_word' id='word_1_117' title='bbox 599 686 644 712; x_wconf 86' lang='lat' dir='ltr'><strong>Dei</strong></span> <span class='ocrx_word' id='word_1_118' title='bbox 658 688 770 721; x_wconf 87' lang='lat' dir='ltr'><strong>scriptas</strong></span> <span class='ocrx_word' id='word_1_119' title='bbox 779 687 812 720; x_wconf 73' lang='lat'><strong>‘°,</strong></span> <span class='ocrx_word' id='word_1_120' title='bbox 827 694 875 715; x_wconf 85' lang='lat' dir='ltr'><strong>nec</strong></span> <span class='ocrx_word' id='word_1_121' title='bbox 891 693 932 715; x_wconf 88' lang='lat' dir='ltr'><strong>ta-</strong></span> 
     </span>
    </p>
   </div>
   <div class='ocr_carea' id='block_1_16' title="bbox 168 729 933 764">
    <p class='ocr_par' dir='ltr' id='par_1_16' title="bbox 168 729 933 764">
     <span class='ocr_line' id='line_1_16' title="bbox 168 729 933 764; baseline 0.009 -11"><span class='ocrx_word' id='word_1_122' title='bbox 168 735 229 754; x_wconf 86' lang='lat' dir='ltr'><strong>men</strong></span> <span class='ocrx_word' id='word_1_123' title='bbox 244 735 294 761; x_wconf 93' lang='lat' dir='ltr'><strong>pro</strong></span> <span class='ocrx_word' id='word_1_124' title='bbox 319 729 370 756; x_wconf 91' lang='lat' dir='ltr'><strong>hoc</strong></span> <span class='ocrx_word' id='word_1_125' title='bbox 396 729 538 764; x_wconf 82' lang='lat' dir='ltr'><strong>impietatis</strong></span> <span class='ocrx_word' id='word_1_126' title='bbox 562 730 638 764; x_wconf 77' lang='lat' dir='ltr'><strong>culpa</strong></span> <span class='ocrx_word' id='word_1_127' title='bbox 661 736 766 759; x_wconf 87' lang='lat' dir='ltr'><strong>notattts</strong></span> <span class='ocrx_word' id='word_1_128' title='bbox 793 733 837 761; x_wconf 86' lang='lat' dir='ltr'><strong>sit.</strong></span> <span class='ocrx_word' id='word_1_129' title='bbox 855 734 933 760; x_wconf 85' lang='lat' dir='ltr'><strong>Vides</strong></span> 
     </span>
    </p>
   </div>
   <div class='ocr_carea' id='block_1_17' title="bbox 167 773 931 811">
    <p class='ocr_par' dir='ltr' id='par_1_17' title="bbox 167 773 931 811">
     <span class='ocr_line' id='line_1_17' title="bbox 167 773 931 811; baseline 0.009 -14"><span class='ocrx_word' id='word_1_130' title='bbox 167 779 233 805; x_wconf 84' lang='lat' dir='ltr'><strong>ergo</strong></span> <span class='ocrx_word' id='word_1_131' title='bbox 254 773 318 805; x_wconf 84' lang='lat' dir='ltr'><strong>quia</strong></span> <span class='ocrx_word' id='word_1_132' title='bbox 345 781 396 799; x_wconf 87' lang='lat' dir='ltr'><strong>non</strong></span> <span class='ocrx_word' id='word_1_133' title='bbox 410 774 482 801; x_wconf 84' lang='lat' dir='ltr'><strong>solus</strong></span> <span class='ocrx_word' id='word_1_134' title='bbox 496 774 592 803; x_wconf 82' lang='lat' dir='ltr'><strong>Paulus</strong></span> <span class='ocrx_word' id='word_1_135' title='bbox 604 777 706 810; x_wconf 81' lang='lat' dir='ltr'><strong>spernit</strong></span> <span class='ocrx_word' id='word_1_136' title='bbox 727 776 841 804; x_wconf 87' lang='lat' dir='ltr'><strong>litteram</strong></span> <span class='ocrx_word' id='word_1_137' title='bbox 857 777 931 811; x_wconf 78' lang='lat' dir='ltr'><strong>legis,</strong></span> 
     </span>
    </p>
   </div>
   <div class='ocr_carea' id='block_1_18' title="bbox 167 817 931 856">
    <p class='ocr_par' dir='ltr' id='par_1_18' title="bbox 167 817 931 856">
     <span class='ocr_line' id='line_1_18' title="bbox 167 817 931 856; baseline 0.01 -15"><span class='ocrx_word' id='word_1_138' title='bbox 167 817 213 842; x_wconf 87' lang='lat' dir='ltr'><strong>sed</strong></span> <span class='ocrx_word' id='word_1_139' title='bbox 232 817 318 843; x_wconf 91' lang='lat' dir='ltr'><strong>multo</strong></span> <span class='ocrx_word' id='word_1_140' title='bbox 338 822 400 844; x_wconf 86' lang='lat' dir='ltr'><strong>ante</strong></span> <span class='ocrx_word' id='word_1_141' title='bbox 417 826 476 845; x_wconf 88' lang='lat' dir='ltr'><strong>eum</strong></span> <span class='ocrx_word' id='word_1_142' title='bbox 498 819 601 854; x_wconf 85' lang='lat' dir='ltr'><strong>Moyses</strong></span> <span class='ocrx_word' id='word_1_143' title='bbox 616 825 644 847; x_wconf 87' lang='lat' dir='ltr'><strong>et</strong></span> <span class='ocrx_word' id='word_1_144' title='bbox 663 822 771 855; x_wconf 77' lang='lat' dir='ltr'><strong>sprevit,</strong></span> <span class='ocrx_word' id='word_1_145' title='bbox 788 826 814 848; x_wconf 93' lang='lat' dir='ltr'><strong>et</strong></span> <span class='ocrx_word' id='word_1_146' title='bbox 825 822 931 856; x_wconf 87' lang='lat' dir='ltr'><strong>abjecit,</strong></span> 
     </span>
    </p>
   </div>
   <div class='ocr_carea' id='block_1_19' title="bbox 167 861 930 899">
    <p class='ocr_par' dir='ltr' id='par_1_19' title="bbox 167 861 930 899">
     <span class='ocr_line' id='line_1_19' title="bbox 167 861 930 899; baseline 0.009 -14"><span class='ocrx_word' id='word_1_147' title='bbox 167 865 193 886; x_wconf 84' lang='lat' dir='ltr'><strong>et</strong></span> <span class='ocrx_word' id='word_1_148' title='bbox 208 861 335 888; x_wconf 86' lang='lat' dir='ltr'><strong>contrivit</strong></span> <span class='ocrx_word' id='word_1_149' title='bbox 351 862 453 890; x_wconf 85' lang='lat' dir='ltr'><strong>litteras</strong></span> <span class='ocrx_word' id='word_1_150' title='bbox 467 863 545 898; x_wconf 81' lang='lat' dir='ltr'><strong>legis,</strong></span> <span class='ocrx_word' id='word_1_151' title='bbox 569 864 620 892; x_wconf 85' lang='lat' dir='ltr'><strong>hoc</strong></span> <span class='ocrx_word' id='word_1_152' title='bbox 634 865 692 892; x_wconf 88' lang='lat' dir='ltr'><strong>sine</strong></span> <span class='ocrx_word' id='word_1_153' title='bbox 703 866 782 892; x_wconf 89' lang='lat' dir='ltr'><strong>dubio</strong></span> <span class='ocrx_word' id='word_1_154' title='bbox 797 865 852 899; x_wconf 90' lang='lat' dir='ltr'><strong>jam</strong></span> <span class='ocrx_word' id='word_1_155' title='bbox 869 870 930 893; x_wconf 88' lang='lat' dir='ltr'><strong>tttnc</strong></span> 
     </span>
    </p>
   </div>
   <div class='ocr_carea' id='block_1_20' title="bbox 150 906 928 944">
    <p class='ocr_par' dir='ltr' id='par_1_20' title="bbox 150 906 928 944">
     <span class='ocr_line' id='line_1_20' title="bbox 150 906 928 944; baseline 0.01 -14"><span class='ocrx_word' id='word_1_156' title='bbox 150 923 151 926; x_wconf 58' lang='grc' dir='ltr'><strong>η</strong></span> <span class='ocrx_word' id='word_1_157' title='bbox 166 906 321 939; x_wconf 88' lang='lat' dir='ltr'><strong>designans,</strong></span> <span class='ocrx_word' id='word_1_158' title='bbox 340 908 409 940; x_wconf 89' lang='lat' dir='ltr'><strong>quod</strong></span> <span class='ocrx_word' id='word_1_159' title='bbox 425 908 519 941; x_wconf 89' lang='lat' dir='ltr'><strong>honor,</strong></span> <span class='ocrx_word' id='word_1_160' title='bbox 536 913 564 936; x_wconf 92' lang='lat' dir='ltr'><strong>et</strong></span> <span class='ocrx_word' id='word_1_161' title='bbox 576 910 658 937; x_wconf 87' lang='lat' dir='ltr'><strong>virtus</strong></span> <span class='ocrx_word' id='word_1_162' title='bbox 674 910 739 944; x_wconf 83' lang='lat' dir='ltr'><strong>legis</strong></span> <span class='ocrx_word' id='word_1_163' title='bbox 756 918 807 937; x_wconf 93' lang='lat' dir='ltr'><strong>non</strong></span> <span class='ocrx_word' id='word_1_164' title='bbox 821 916 891 938; x_wconf 87' lang='lat' dir='ltr'><strong>esset</strong></span> <span class='ocrx_word' id='word_1_165' title='bbox 903 911 928 937; x_wconf 91' lang='lat' dir='ltr'><strong>in</strong></span> 
     </span>
    </p>
   </div>
   <div class='ocr_carea' id='block_1_21' title="bbox 165 949 928 990">
    <p class='ocr_par' dir='ltr' id='par_1_21' title="bbox 165 949 928 990">
     <span class='ocr_line' id='line_1_21' title="bbox 165 949 928 990; baseline 0.008 -14"><span class='ocrx_word' id='word_1_166' title='bbox 165 949 277 982; x_wconf 83' lang='lat' dir='ltr'><strong>litteris,</strong></span> <span class='ocrx_word' id='word_1_167' title='bbox 291 952 336 978; x_wconf 89' lang='lat' dir='ltr'><strong>sed</strong></span> <span class='ocrx_word' id='word_1_168' title='bbox 352 952 377 978; x_wconf 93' lang='lat' dir='ltr'><strong>iu</strong></span> <span class='ocrx_word' id='word_1_169' title='bbox 392 953 496 986; x_wconf 82' lang='lat' dir='ltr'><strong>spiritu.</strong></span> <span class='ocrx_word' id='word_1_170' title='bbox 510 953 563 980; x_wconf 85' lang='lat' dir='ltr'><strong>Sed</strong></span> <span class='ocrx_word' id='word_1_171' title='bbox 574 959 599 981; x_wconf 89' lang='lat' dir='ltr'><strong>et</strong></span> <span class='ocrx_word' id='word_1_172' title='bbox 616 955 739 982; x_wconf 85' lang='lat' dir='ltr'><strong>Dominus</strong></span> <span class='ocrx_word' id='word_1_173' title='bbox 756 956 780 981; x_wconf 92' lang='lat' dir='ltr'><strong>iu</strong></span> <span class='ocrx_word' id='word_1_174' title='bbox 808 955 928 990; x_wconf 84' lang='lat' dir='ltr'><strong>Evange-</strong></span> 
     </span>
    </p>
   </div>
   <div class='ocr_carea' id='block_1_22' title="bbox 166 996 930 1033">
    <p class='ocr_par' dir='ltr' id='par_1_22' title="bbox 166 996 930 1033">
     <span class='ocr_line' id='line_1_22' title="bbox 166 996 930 1033; baseline 0.009 -12"><span class='ocrx_word' id='word_1_175' title='bbox 166 996 201 1022; x_wconf 93' lang='lat' dir='ltr'><strong>lio</strong></span> <span class='ocrx_word' id='word_1_176' title='bbox 213 1004 277 1023; x_wconf 86' lang='lat' dir='ltr'><strong>cum</strong></span> <span class='ocrx_word' id='word_1_177' title='bbox 290 997 356 1023; x_wconf 89' lang='lat' dir='ltr'><strong>dicit</strong></span> <span class='ocrx_word' id='word_1_178' title='bbox 367 998 400 1030; x_wconf 72' lang='grc' dir='ltr'><strong>⁸ο,</strong></span> <span class='ocrx_word' id='word_1_179' title='bbox 416 998 449 1024; x_wconf 91' lang='lat' dir='ltr'><strong>ad</strong></span> <span class='ocrx_word' id='word_1_180' title='bbox 462 998 566 1025; x_wconf 71' lang='lat' dir='ltr'><strong>Judaeos</strong></span> <span class='ocrx_word' id='word_1_181' title='bbox 580 999 708 1033; x_wconf 86' lang='lat' dir='ltr'><strong>loquens:</strong></span> <span class='ocrx_word' id='word_1_182' title='bbox 729 1009 738 1026; x_wconf 83' lang='grc' dir='ltr'><strong>ι</strong></span> <span class='ocrx_word' id='word_1_183' title='bbox 755 1000 899 1028; x_wconf 80' lang='lat' dir='ltr'><strong>Auferelur</strong></span> <span class='ocrx_word' id='word_1_184' title='bbox 914 1009 930 1028; x_wconf 90' lang='lat' dir='ltr'><strong>a</strong></span> 
     </span>
    </p>
   </div>
   <div class='ocr_carea' id='block_1_23' title="bbox 165 1042 931 1080">
    <p class='ocr_par' dir='ltr' id='par_1_23' title="bbox 165 1042 931 1080">
     <span class='ocr_line' id='line_1_23' title="bbox 165 1042 931 1080; baseline 0.009 -13"><span class='ocrx_word' id='word_1_185' title='bbox 165 1042 240 1069; x_wconf 80' lang='lat' dir='ltr'><strong>vobis</strong></span> <span class='ocrx_word' id='word_1_186' title='bbox 268 1050 381 1076; x_wconf 75' lang='lat' dir='ltr'><strong>regnum</strong></span> <span class='ocrx_word' id='word_1_187' title='bbox 405 1043 470 1076; x_wconf 91' lang='lat' dir='ltr'><strong>Dei,</strong></span> <span class='ocrx_word' id='word_1_188' title='bbox 495 1049 521 1071; x_wconf 86' lang='lat' dir='ltr'><strong>et</strong></span> <span class='ocrx_word' id='word_1_189' title='bbox 538 1045 645 1071; x_wconf 82' lang='lat' dir='ltr'><strong>dabitur</strong></span> <span class='ocrx_word' id='word_1_190' title='bbox 663 1047 733 1080; x_wconf 84' lang='lat' dir='ltr'><strong>genti</strong></span> <span class='ocrx_word' id='word_1_191' title='bbox 748 1046 854 1074; x_wconf 79' lang='lat' dir='ltr'><strong>facienti</strong></span> <span class='ocrx_word' id='word_1_192' title='bbox 874 1048 931 1074; x_wconf 81' lang='lat' dir='ltr'><strong>fru-</strong></span> 
     </span>
    </p>
   </div>
   <div class='ocr_carea' id='block_1_24' title="bbox 164 1085 927 1124">
    <p class='ocr_par' dir='ltr' id='par_1_24' title="bbox 164 1085 927 1124">
     <span class='ocr_line' id='line_1_24' title="bbox 164 1085 927 1124; baseline 0.01 -14"><span class='ocrx_word' id='word_1_193' title='bbox 164 1090 236 1111; x_wconf 86' lang='lat' dir='ltr'><strong>ctum</strong></span> <span class='ocrx_word' id='word_1_194' title='bbox 260 1085 322 1118; x_wconf 87' lang='lat' dir='ltr'><strong>ejus</strong></span> <span class='ocrx_word' id='word_1_195' title='bbox 344 1094 351 1112; x_wconf 86' lang='lat'><strong>:</strong></span> <span class='ocrx_word' id='word_1_196' title='bbox 379 1095 389 1111; x_wconf 81' lang='grc' dir='ltr'><strong>ι</strong></span> <span class='ocrx_word' id='word_1_197' title='bbox 416 1091 479 1121; x_wconf 91' lang='lat' dir='ltr'><strong>puto</strong></span> <span class='ocrx_word' id='word_1_198' title='bbox 501 1088 571 1121; x_wconf 90' lang='lat' dir='ltr'><strong>quod</strong></span> <span class='ocrx_word' id='word_1_199' title='bbox 597 1096 703 1116; x_wconf 78' lang='lat' dir='ltr'><strong>sensum</strong></span> <span class='ocrx_word' id='word_1_200' title='bbox 729 1089 794 1124; x_wconf 82' lang='lat' dir='ltr'><strong>legis</strong></span> <span class='ocrx_word' id='word_1_201' title='bbox 819 1098 927 1124; x_wconf 84' lang='lat' dir='ltr'><strong>regnum</strong></span> 
     </span>
    </p>
   </div>
   <div class='ocr_carea' id='block_1_25' title="bbox 165 1129 929 1167">
    <p class='ocr_par' dir='ltr' id='par_1_25' title="bbox 165 1129 929 1167">
     <span class='ocr_line' id='line_1_25' title="bbox 165 1129 929 1167; baseline 0.008 -10"><span class='ocrx_word' id='word_1_202' title='bbox 165 1129 211 1157; x_wconf 87' lang='lat' dir='ltr'><strong>Dei</strong></span> <span class='ocrx_word' id='word_1_203' title='bbox 229 1131 287 1165; x_wconf 88' lang='lat'><strong>(70)</strong></span> <span class='ocrx_word' id='word_1_204' title='bbox 302 1131 412 1163; x_wconf 80' lang='lat' dir='ltr'><strong>dixerit,</strong></span> <span class='ocrx_word' id='word_1_205' title='bbox 428 1132 472 1166; x_wconf 90' lang='lat' dir='ltr'><strong>qui</strong></span> <span class='ocrx_word' id='word_1_206' title='bbox 491 1133 595 1161; x_wconf 89' lang='lat' dir='ltr'><strong>ablatus</strong></span> <span class='ocrx_word' id='word_1_207' title='bbox 610 1139 651 1161; x_wconf 89' lang='lat' dir='ltr'><strong>est</strong></span> <span class='ocrx_word' id='word_1_208' title='bbox 669 1142 684 1161; x_wconf 87' lang='lat' dir='ltr'><strong>a</strong></span> <span class='ocrx_word' id='word_1_209' title='bbox 697 1133 804 1167; x_wconf 63' lang='lat' dir='ltr'><strong>Iudaeis,</strong></span> <span class='ocrx_word' id='word_1_210' title='bbox 819 1143 929 1163; x_wconf 91' lang='lat' dir='ltr'><strong>manen-</strong></span> 
     </span>
    </p>
   </div>
   <div class='ocr_carea' id='block_1_26' title="bbox 165 1176 931 1215">
    <p class='ocr_par' dir='ltr' id='par_1_26' title="bbox 165 1176 931 1215">
     <span class='ocr_line' id='line_1_26' title="bbox 165 1176 931 1215; baseline 0.009 -13"><span class='ocrx_word' id='word_1_211' title='bbox 165 1176 235 1202; x_wconf 89' lang='lat' dir='ltr'><strong>tilms</strong></span> <span class='ocrx_word' id='word_1_212' title='bbox 250 1177 323 1211; x_wconf 87' lang='lat' dir='ltr'><strong>apud</strong></span> <span class='ocrx_word' id='word_1_213' title='bbox 336 1176 394 1203; x_wconf 85' lang='lat' dir='ltr'><strong>illos</strong></span> <span class='ocrx_word' id='word_1_214' title='bbox 408 1177 471 1204; x_wconf 83' lang='lat' dir='ltr'><strong>solis</strong></span> <span class='ocrx_word' id='word_1_215' title='bbox 484 1177 578 1205; x_wconf 87' lang='lat' dir='ltr'><strong>litteris</strong></span> <span class='ocrx_word' id='word_1_216' title='bbox 592 1179 669 1212; x_wconf 81' lang='lat' dir='ltr'><strong>legis,</strong></span> <span class='ocrx_word' id='word_1_217' title='bbox 685 1184 711 1206; x_wconf 89' lang='lat' dir='ltr'><strong>et</strong></span> <span class='ocrx_word' id='word_1_218' title='bbox 727 1181 803 1206; x_wconf 89' lang='lat' dir='ltr'><strong>datus</strong></span> <span class='ocrx_word' id='word_1_219' title='bbox 815 1185 854 1208; x_wconf 88' lang='lat' dir='ltr'><strong>est</strong></span> <span class='ocrx_word' id='word_1_220' title='bbox 864 1189 931 1215; x_wconf 79' lang='lat' dir='ltr'><strong>gen-</strong></span> 
     </span>
    </p>
   </div>
   <div class='ocr_carea' id='block_1_27' title="bbox 164 1221 929 1259">
    <p class='ocr_par' dir='ltr' id='par_1_27' title="bbox 164 1221 929 1259">
     <span class='ocr_line' id='line_1_27' title="bbox 164 1221 929 1259; baseline 0.01 -12"><span class='ocrx_word' id='word_1_221' title='bbox 164 1221 234 1248; x_wconf 83' lang='lat' dir='ltr'><strong>tibus</strong></span> <span class='ocrx_word' id='word_1_222' title='bbox 247 1228 311 1256; x_wconf 70' lang='lat' dir='ltr'><strong>qute</strong></span> <span class='ocrx_word' id='word_1_223' title='bbox 324 1222 428 1256; x_wconf 88' lang='lat' dir='ltr'><strong>possint</strong></span> <span class='ocrx_word' id='word_1_224' title='bbox 438 1230 485 1257; x_wconf 88' lang='lat' dir='ltr'><strong>per</strong></span> <span class='ocrx_word' id='word_1_225' title='bbox 494 1224 569 1250; x_wconf 88' lang='lat' dir='ltr'><strong>iidem</strong></span> <span class='ocrx_word' id='word_1_226' title='bbox 584 1224 697 1251; x_wconf 81' lang='lat' dir='ltr'><strong>fructum</strong></span> <span class='ocrx_word' id='word_1_227' title='bbox 711 1226 819 1259; x_wconf 85' lang='lat' dir='ltr'><strong>spiritus</strong></span> <span class='ocrx_word' id='word_1_228' title='bbox 831 1227 929 1255; x_wconf 80' lang='lat' dir='ltr'><strong>facere.</strong></span> 
     </span>
    </p>
   </div>
   <div class='ocr_carea' id='block_1_28' title="bbox 165 1265 929 1304">
    <p class='ocr_par' dir='ltr' id='par_1_28' title="bbox 165 1265 929 1304">
     <span class='ocr_line' id='line_1_28' title="bbox 165 1265 929 1304; baseline 0.01 -13"><span class='ocrx_word' id='word_1_229' title='bbox 165 1265 228 1297; x_wconf 67' lang='lat' dir='ltr'><strong>Quae</strong></span> <span class='ocrx_word' id='word_1_230' title='bbox 244 1272 308 1292; x_wconf 89' lang='lat' dir='ltr'><strong>cum</strong></span> <span class='ocrx_word' id='word_1_231' title='bbox 323 1265 361 1292; x_wconf 67' lang='lat' dir='ltr'><strong>ita</strong></span> <span class='ocrx_word' id='word_1_232' title='bbox 373 1266 436 1298; x_wconf 87' lang='lat' dir='ltr'><strong>sint,</strong></span> <span class='ocrx_word' id='word_1_233' title='bbox 447 1274 494 1293; x_wconf 88' lang='lat' dir='ltr'><strong>cur</strong></span> <span class='ocrx_word' id='word_1_234' title='bbox 508 1272 559 1294; x_wconf 90' lang='lat' dir='ltr'><strong>tam</strong></span> <span class='ocrx_word' id='word_1_235' title='bbox 576 1269 661 1303; x_wconf 84' lang='lat' dir='ltr'><strong>ignavi</strong></span> <span class='ocrx_word' id='word_1_236' title='bbox 674 1274 701 1296; x_wconf 91' lang='lat' dir='ltr'><strong>et</strong></span> <span class='ocrx_word' id='word_1_237' title='bbox 712 1271 816 1298; x_wconf 84' lang='lat' dir='ltr'><strong>desides</strong></span> <span class='ocrx_word' id='word_1_238' title='bbox 829 1279 929 1304; x_wconf 88' lang='lat' dir='ltr'><strong>sumus,</strong></span> 
     </span>
    </p>
   </div>
   <div class='ocr_carea' id='block_1_29' title="bbox 165 1311 930 1351">
    <p class='ocr_par' dir='ltr' id='par_1_29' title="bbox 165 1311 930 1351">
     <span class='ocr_line' id='line_1_29' title="bbox 165 1311 930 1351; baseline 0.012 -16"><span class='ocrx_word' id='word_1_239' title='bbox 165 1315 194 1336; x_wconf 90' lang='lat' dir='ltr'><strong>ut</strong></span> <span class='ocrx_word' id='word_1_240' title='bbox 211 1317 263 1336; x_wconf 93' lang='lat' dir='ltr'><strong>non</strong></span> <span class='ocrx_word' id='word_1_241' title='bbox 278 1311 384 1338; x_wconf 87' lang='lat' dir='ltr'><strong>tandem</strong></span> <span class='ocrx_word' id='word_1_242' title='bbox 399 1311 499 1344; x_wconf 79' lang='lat' dir='ltr'><strong>abiecta</strong></span> <span class='ocrx_word' id='word_1_243' title='bbox 514 1313 586 1339; x_wconf 93' lang='lat' dir='ltr'><strong>omni</strong></span> <span class='ocrx_word' id='word_1_244' title='bbox 607 1314 715 1346; x_wconf 81' lang='lat' dir='ltr'><strong>malitia,</strong></span> <span class='ocrx_word' id='word_1_245' title='bbox 731 1322 791 1342; x_wconf 90' lang='lat' dir='ltr'><strong>cum</strong></span> <span class='ocrx_word' id='word_1_246' title='bbox 803 1317 930 1351; x_wconf 88' lang='lat' dir='ltr'><strong>simplici-</strong></span> 
     </span>
    </p>
   </div>
   <div class='ocr_carea' id='block_1_30' title="bbox 165 1355 929 1395">
    <p class='ocr_par' dir='ltr' id='par_1_30' title="bbox 165 1355 929 1395">
     <span class='ocr_line' id='line_1_30' title="bbox 165 1355 929 1395; baseline 0.01 -15"><span class='ocrx_word' id='word_1_247' title='bbox 165 1359 220 1381; x_wconf 85' lang='lat' dir='ltr'><strong>tate</strong></span> <span class='ocrx_word' id='word_1_248' title='bbox 240 1359 268 1381; x_wconf 88' lang='lat' dir='ltr'><strong>et</strong></span> <span class='ocrx_word' id='word_1_249' title='bbox 285 1355 405 1389; x_wconf 81' lang='lat' dir='ltr'><strong>puritate</strong></span> <span class='ocrx_word' id='word_1_250' title='bbox 420 1357 507 1383; x_wconf 89' lang='lat' dir='ltr'><strong>cordis</strong></span> <span class='ocrx_word' id='word_1_251' title='bbox 524 1357 556 1383; x_wconf 87' lang='lat' dir='ltr'><strong>ad</strong></span> <span class='ocrx_word' id='word_1_252' title='bbox 581 1359 751 1392; x_wconf 86' lang='lat' dir='ltr'><strong>suscipienda</strong></span> <span class='ocrx_word' id='word_1_253' title='bbox 766 1359 812 1387; x_wconf 85' lang='lat' dir='ltr'><strong>Dei</strong></span> <span class='ocrx_word' id='word_1_254' title='bbox 825 1361 929 1395; x_wconf 84' lang='lat' dir='ltr'><strong>eloquia</strong></span> 
     </span>
    </p>
   </div>
   <div class='ocr_carea' id='block_1_31' title="bbox 152 1401 931 1435">
    <p class='ocr_par' dir='ltr' id='par_1_31' title="bbox 152 1401 931 1435">
     <span class='ocr_line' id='line_1_31' title="bbox 152 1401 931 1435; baseline 0.01 -10"><span class='ocrx_word' id='word_1_255' title='bbox 152 1405 352 1434; x_wconf 77' lang='lat' dir='ltr'><strong>properemus,</strong></span> <span class='ocrx_word' id='word_1_256' title='bbox 368 1404 396 1427; x_wconf 88' lang='lat' dir='ltr'><strong>et</strong></span> <span class='ocrx_word' id='word_1_257' title='bbox 407 1401 438 1427; x_wconf 91' lang='lat' dir='ltr'><strong>ad</strong></span> <span class='ocrx_word' id='word_1_258' title='bbox 453 1402 607 1435; x_wconf 89' lang='lat' dir='ltr'><strong>capiendum</strong></span> <span class='ocrx_word' id='word_1_259' title='bbox 629 1405 662 1430; x_wconf 86' lang='lat' dir='ltr'><strong>de</strong></span> <span class='ocrx_word' id='word_1_260' title='bbox 676 1405 714 1430; x_wconf 88' lang='lat' dir='ltr'><strong>eis</strong></span> <span class='ocrx_word' id='word_1_261' title='bbox 735 1412 841 1432; x_wconf 83' lang='lat' dir='ltr'><strong>sensum</strong></span> <span class='ocrx_word' id='word_1_262' title='bbox 854 1407 931 1433; x_wconf 84' lang='lat' dir='ltr'><strong>Chri-</strong></span> 
     </span>
    </p>
   </div>
   <div class='ocr_carea' id='block_1_32' title="bbox 164 1444 930 1484">
    <p class='ocr_par' dir='ltr' id='par_1_32' title="bbox 164 1444 930 1484">
     <span class='ocr_line' id='line_1_32' title="bbox 164 1444 930 1484; baseline 0.009 -14"><span class='ocrx_word' id='word_1_263' title='bbox 164 1444 208 1476; x_wconf 85' lang='lat' dir='ltr'><strong>sti,</strong></span> <span class='ocrx_word' id='word_1_264' title='bbox 220 1445 320 1478; x_wconf 85' lang='lat' dir='ltr'><strong>quippe</strong></span> <span class='ocrx_word' id='word_1_265' title='bbox 333 1451 395 1471; x_wconf 88' lang='lat' dir='ltr'><strong>cutn</strong></span> <span class='ocrx_word' id='word_1_266' title='bbox 410 1447 548 1473; x_wconf 90' lang='lat' dir='ltr'><strong>audiamus</strong></span> <span class='ocrx_word' id='word_1_267' title='bbox 566 1447 590 1474; x_wconf 89' lang='lat' dir='ltr'><strong>in</strong></span> <span class='ocrx_word' id='word_1_268' title='bbox 609 1448 654 1474; x_wconf 90' lang='lat' dir='ltr'><strong>his</strong></span> <span class='ocrx_word' id='word_1_269' title='bbox 669 1455 727 1476; x_wconf 82' lang='lat' dir='ltr'><strong>esse</strong></span> <span class='ocrx_word' id='word_1_270' title='bbox 740 1456 847 1484; x_wconf 78' lang='lat' dir='ltr'><strong>regnum</strong></span> <span class='ocrx_word' id='word_1_271' title='bbox 860 1451 903 1477; x_wconf 91' lang='lat' dir='ltr'><strong>Dei</strong></span> <span class='ocrx_word' id='word_1_272' title='bbox 917 1451 930 1478; x_wconf 69' lang='grc' dir='ltr'>ἵ</span> 
     </span>
    </p>
   </div>
   <div class='ocr_carea' id='block_1_33' title="bbox 981 236 1739 265">
    <p class='ocr_par' dir='ltr' id='par_1_33' title="bbox 981 236 1739 265">
     <span class='ocr_line' id='line_1_33' title="bbox 981 236 1739 265; baseline -0.003 0"><span class='ocrx_word' id='word_1_273' title='bbox 981 239 1091 265; x_wconf 87' lang='lat' dir='ltr'><strong>stultitia</strong></span> <span class='ocrx_word' id='word_1_274' title='bbox 1099 243 1138 265; x_wconf 89' lang='lat' dir='ltr'><strong>est</strong></span> <span class='ocrx_word' id='word_1_275' title='bbox 1149 239 1218 264; x_wconf 89' lang='lat' dir='ltr'><strong>enim</strong></span> <span class='ocrx_word' id='word_1_276' title='bbox 1228 237 1264 263; x_wconf 90' lang='lat' dir='ltr'><strong>illi</strong></span> <span class='ocrx_word' id='word_1_277' title='bbox 1273 238 1305 263; x_wconf 67' lang='lat'><strong>“7.</strong></span> <span class='ocrx_word' id='word_1_278' title='bbox 1313 247 1322 263; x_wconf 77' lang='grc' dir='ltr'><strong>ι</strong></span> <span class='ocrx_word' id='word_1_279' title='bbox 1333 237 1384 264; x_wconf 88' lang='lat' dir='ltr'><strong>Sed</strong></span> <span class='ocrx_word' id='word_1_280' title='bbox 1400 238 1492 263; x_wconf 91' lang='lat' dir='ltr'><strong>horum</strong></span> <span class='ocrx_word' id='word_1_281' title='bbox 1502 236 1676 263; x_wconf 80' lang='lat' dir='ltr'><strong>incredulitas</strong></span> <span class='ocrx_word' id='word_1_282' title='bbox 1689 245 1739 263; x_wconf 91' lang='lat' dir='ltr'><strong>non</strong></span> 
     </span>
    </p>
   </div>
   <div class='ocr_carea' id='block_1_34' title="bbox 980 281 1742 319">
    <p class='ocr_par' dir='ltr' id='par_1_34' title="bbox 980 281 1742 319">
     <span class='ocr_line' id='line_1_34' title="bbox 980 281 1742 319; baseline -0.003 -10"><span class='ocrx_word' id='word_1_283' title='bbox 980 283 1060 319; x_wconf 61' lang='grc'><strong>499</strong></span> <span class='ocrx_word' id='word_1_284' title='bbox 1068 288 1175 310; x_wconf 84' lang='lat' dir='ltr'><strong>evacuat</strong></span> <span class='ocrx_word' id='word_1_285' title='bbox 1186 283 1262 309; x_wconf 83' lang='lat' dir='ltr'><strong>[idem</strong></span> <span class='ocrx_word' id='word_1_286' title='bbox 1276 283 1319 309; x_wconf 84' lang='lat' dir='ltr'><strong>Dei</strong></span> <span class='ocrx_word' id='word_1_287' title='bbox 1329 282 1360 309; x_wconf 77' lang='grc'><strong>⁵⁸.</strong></span> <span class='ocrx_word' id='word_1_288' title='bbox 1371 282 1460 308; x_wconf 81' lang='lat' dir='ltr'><strong>Fidem</strong></span> <span class='ocrx_word' id='word_1_289' title='bbox 1472 282 1517 309; x_wconf 87' lang='lat' dir='ltr'><strong>Dei</strong></span> <span class='ocrx_word' id='word_1_290' title='bbox 1526 281 1566 308; x_wconf 88' lang='lat' dir='ltr'><strong>vel</strong></span> <span class='ocrx_word' id='word_1_291' title='bbox 1576 288 1634 308; x_wconf 88' lang='lat' dir='ltr'><strong>eam</strong></span> <span class='ocrx_word' id='word_1_292' title='bbox 1644 282 1742 308; x_wconf 85' lang='lat' dir='ltr'><strong>intelli-</strong></span> 
     </span>
    </p>
   </div>
   <div class='ocr_carea' id='block_1_35' title="bbox 980 325 1759 363">
    <p class='ocr_par' dir='ltr' id='par_1_35' title="bbox 980 325 1759 363">
     <span class='ocr_line' id='line_1_35' title="bbox 980 325 1759 363; baseline -0.004 -9"><span class='ocrx_word' id='word_1_293' title='bbox 980 330 1076 363; x_wconf 81' lang='lat' dir='ltr'><strong>gimus.</strong></span> <span class='ocrx_word' id='word_1_294' title='bbox 1088 335 1165 362; x_wconf 84' lang='lat' dir='ltr'><strong>quam</strong></span> <span class='ocrx_word' id='word_1_295' title='bbox 1175 327 1251 354; x_wconf 86' lang='lat' dir='ltr'><strong>ﬁdem</strong></span> <span class='ocrx_word' id='word_1_296' title='bbox 1265 326 1342 352; x_wconf 80' lang='lat' dir='ltr'><strong>habet</strong></span> <span class='ocrx_word' id='word_1_297' title='bbox 1355 326 1424 352; x_wconf 89' lang='lat' dir='ltr'><strong>Deus</strong></span> <span class='ocrx_word' id='word_1_298' title='bbox 1439 326 1480 351; x_wconf 87' lang='lat' dir='ltr'><strong>his</strong></span> <span class='ocrx_word' id='word_1_299' title='bbox 1489 325 1584 359; x_wconf 83' lang='lat' dir='ltr'><strong>quibus</strong></span> <span class='ocrx_word' id='word_1_300' title='bbox 1593 325 1677 352; x_wconf 87' lang='lat' dir='ltr'><strong>credit</strong></span> <span class='ocrx_word' id='word_1_301' title='bbox 1689 325 1742 352; x_wconf 81' lang='lat' dir='ltr'><strong>elo-</strong></span> <span class='ocrx_word' id='word_1_302' title='bbox 1755 332 1759 340; x_wconf 83' lang='grc'><strong><em>“</em></strong></span> 
     </span>
    </p>
   </div>
   <div class='ocr_carea' id='block_1_36' title="bbox 981 369 1741 406">
    <p class='ocr_par' dir='ltr' id='par_1_36' title="bbox 981 369 1741 406">
     <span class='ocr_line' id='line_1_36' title="bbox 981 369 1741 406; baseline -0.003 -8"><span class='ocrx_word' id='word_1_303' title='bbox 981 373 1041 406; x_wconf 85' lang='lat' dir='ltr'><strong>quia</strong></span> <span class='ocrx_word' id='word_1_304' title='bbox 1058 380 1115 404; x_wconf 84' lang='lat' dir='ltr'><strong>sua,</strong></span> <span class='ocrx_word' id='word_1_305' title='bbox 1130 372 1170 399; x_wconf 86' lang='lat' dir='ltr'><strong>vel</strong></span> <span class='ocrx_word' id='word_1_306' title='bbox 1190 379 1247 398; x_wconf 87' lang='lat' dir='ltr'><strong>eam</strong></span> <span class='ocrx_word' id='word_1_307' title='bbox 1261 370 1336 397; x_wconf 89' lang='lat' dir='ltr'><strong>Iidem</strong></span> <span class='ocrx_word' id='word_1_308' title='bbox 1352 377 1405 403; x_wconf 87' lang='lat' dir='ltr'><strong>qua</strong></span> <span class='ocrx_word' id='word_1_309' title='bbox 1420 370 1530 397; x_wconf 88' lang='lat' dir='ltr'><strong>credttnt</strong></span> <span class='ocrx_word' id='word_1_310' title='bbox 1546 369 1601 396; x_wconf 82' lang='lat' dir='ltr'><strong>Deo</strong></span> <span class='ocrx_word' id='word_1_311' title='bbox 1619 370 1636 396; x_wconf 89' lang='lat' dir='ltr'><strong>ii</strong></span> <span class='ocrx_word' id='word_1_312' title='bbox 1649 370 1693 404; x_wconf 89' lang='lat' dir='ltr'><strong>qui</strong></span> <span class='ocrx_word' id='word_1_313' title='bbox 1708 369 1741 396; x_wconf 83' lang='lat' dir='ltr'><strong>ab</strong></span> 
     </span>
    </p>
   </div>
   <div class='ocr_carea' id='block_1_37' title="bbox 980 415 1741 451">
    <p class='ocr_par' dir='ltr' id='par_1_37' title="bbox 980 415 1741 451">
     <span class='ocr_line' id='line_1_37' title="bbox 980 415 1741 451; baseline -0.005 -7"><span class='ocrx_word' id='word_1_314' title='bbox 980 425 1013 444; x_wconf 89' lang='lat' dir='ltr'><strong>eo</strong></span> <span class='ocrx_word' id='word_1_315' title='bbox 1034 417 1138 451; x_wconf 88' lang='lat' dir='ltr'><strong>eloquia</strong></span> <span class='ocrx_word' id='word_1_316' title='bbox 1160 416 1247 443; x_wconf 90' lang='lat' dir='ltr'><strong>divina</strong></span> <span class='ocrx_word' id='word_1_317' title='bbox 1276 416 1433 450; x_wconf 83' lang='lat' dir='ltr'><strong>suscipiunt.</strong></span> <span class='ocrx_word' id='word_1_318' title='bbox 1453 415 1658 441; x_wconf 77' lang='lat' dir='ltr'><strong>Commonemur</strong></span> <span class='ocrx_word' id='word_1_319' title='bbox 1677 421 1741 448; x_wconf 82' lang='lat' dir='ltr'><strong>ergo</strong></span> 
     </span>
    </p>
   </div>
   <div class='ocr_carea' id='block_1_38' title="bbox 982 459 1741 496">
    <p class='ocr_par' dir='ltr' id='par_1_38' title="bbox 982 459 1741 496">
     <span class='ocr_line' id='line_1_38' title="bbox 982 459 1741 496; baseline -0.005 -8"><span class='ocrx_word' id='word_1_320' title='bbox 982 467 1011 489; x_wconf 92' lang='lat' dir='ltr'><strong>ut</strong></span> <span class='ocrx_word' id='word_1_321' title='bbox 1026 462 1166 489; x_wconf 79' lang='lat' dir='ltr'><strong>inﬁdelitas</strong></span> <span class='ocrx_word' id='word_1_322' title='bbox 1179 461 1234 496; x_wconf 80' lang='grc'>(75)</span> <span class='ocrx_word' id='word_1_323' title='bbox 1255 468 1345 488; x_wconf 81' lang='lat' dir='ltr'><strong>eorum</strong></span> <span class='ocrx_word' id='word_1_324' title='bbox 1367 460 1412 495; x_wconf 86' lang='lat' dir='ltr'><strong>qui</strong></span> <span class='ocrx_word' id='word_1_325' title='bbox 1428 459 1467 487; x_wconf 87' lang='lat' dir='ltr'><strong>vel</strong></span> <span class='ocrx_word' id='word_1_326' title='bbox 1489 467 1541 486; x_wconf 90' lang='lat' dir='ltr'><strong>non</strong></span> <span class='ocrx_word' id='word_1_327' title='bbox 1558 459 1689 486; x_wconf 85' lang='lat' dir='ltr'><strong>accedunt</strong></span> <span class='ocrx_word' id='word_1_328' title='bbox 1709 459 1741 485; x_wconf 88' lang='lat' dir='ltr'><strong>ad</strong></span> 
     </span>
    </p>
   </div>
   <div class='ocr_carea' id='block_1_39' title="bbox 982 505 1743 539">
    <p class='ocr_par' dir='ltr' id='par_1_39' title="bbox 982 505 1743 539">
     <span class='ocr_line' id='line_1_39' title="bbox 982 505 1743 539; baseline -0.004 -5"><span class='ocrx_word' id='word_1_329' title='bbox 982 507 1070 539; x_wconf 85' lang='lat' dir='ltr'><strong>ﬁdem,</strong></span> <span class='ocrx_word' id='word_1_330' title='bbox 1094 508 1135 534; x_wconf 87' lang='lat' dir='ltr'><strong>vel</strong></span> <span class='ocrx_word' id='word_1_331' title='bbox 1161 507 1286 534; x_wconf 82' lang='lat' dir='ltr'><strong>decidunt</strong></span> <span class='ocrx_word' id='word_1_332' title='bbox 1307 514 1339 533; x_wconf 79' lang='lat' dir='ltr'><strong>ex</strong></span> <span class='ocrx_word' id='word_1_333' title='bbox 1357 513 1399 538; x_wconf 89' lang='lat' dir='ltr'><strong>ea,</strong></span> <span class='ocrx_word' id='word_1_334' title='bbox 1420 505 1441 532; x_wconf 90' lang='lat' dir='ltr'><strong>si</strong></span> <span class='ocrx_word' id='word_1_335' title='bbox 1465 505 1532 532; x_wconf 79' lang='lat' dir='ltr'><strong>forte</strong></span> <span class='ocrx_word' id='word_1_336' title='bbox 1552 505 1680 532; x_wconf 83' lang='lat' dir='ltr'><strong>irrideant</strong></span> <span class='ocrx_word' id='word_1_337' title='bbox 1693 511 1743 531; x_wconf 92' lang='lat' dir='ltr'><strong>nos</strong></span> 
     </span>
    </p>
   </div>
   <div class='ocr_carea' id='block_1_40' title="bbox 981 549 1742 585">
    <p class='ocr_par' dir='ltr' id='par_1_40' title="bbox 981 549 1742 585">
     <span class='ocr_line' id='line_1_40' title="bbox 981 549 1742 585; baseline -0.005 -7"><span class='ocrx_word' id='word_1_338' title='bbox 981 559 1062 585; x_wconf 90' lang='lat' dir='ltr'><strong>opera</strong></span> <span class='ocrx_word' id='word_1_339' title='bbox 1080 552 1138 578; x_wconf 87' lang='lat' dir='ltr'><strong>iidei</strong></span> <span class='ocrx_word' id='word_1_340' title='bbox 1157 555 1279 585; x_wconf 81' lang='lat' dir='ltr'><strong>agentes.</strong></span> <span class='ocrx_word' id='word_1_341' title='bbox 1302 551 1341 577; x_wconf 86' lang='lat' dir='ltr'><strong>vel</strong></span> <span class='ocrx_word' id='word_1_342' title='bbox 1360 558 1419 577; x_wconf 84' lang='lat' dir='ltr'><strong>cum</strong></span> <span class='ocrx_word' id='word_1_343' title='bbox 1438 550 1598 583; x_wconf 76' lang='lat' dir='ltr'><strong>ieiunamus,</strong></span> <span class='ocrx_word' id='word_1_344' title='bbox 1621 549 1661 576; x_wconf 86' lang='lat' dir='ltr'><strong>vel</strong></span> <span class='ocrx_word' id='word_1_345' title='bbox 1682 556 1742 576; x_wconf 82' lang='lat' dir='ltr'><strong>cum</strong></span> 
     </span>
    </p>
   </div>
   <div class='ocr_carea' id='block_1_41' title="bbox 983 593 1742 629">
    <p class='ocr_par' dir='ltr' id='par_1_41' title="bbox 983 593 1742 629">
     <span class='ocr_line' id='line_1_41' title="bbox 983 593 1742 629; baseline -0.004 -6"><span class='ocrx_word' id='word_1_346' title='bbox 983 597 1180 624; x_wconf 72' lang='lat' dir='ltr'><strong>misericordias</strong></span> <span class='ocrx_word' id='word_1_347' title='bbox 1198 596 1318 628; x_wconf 80' lang='lat' dir='ltr'><strong>iacimus,</strong></span> <span class='ocrx_word' id='word_1_348' title='bbox 1333 596 1374 622; x_wconf 79' lang='lat' dir='ltr'><strong>vel</strong></span> <span class='ocrx_word' id='word_1_349' title='bbox 1387 603 1445 623; x_wconf 90' lang='lat' dir='ltr'><strong>cum</strong></span> <span class='ocrx_word' id='word_1_350' title='bbox 1461 595 1560 622; x_wconf 85' lang='lat' dir='ltr'><strong>studiis</strong></span> <span class='ocrx_word' id='word_1_351' title='bbox 1574 594 1640 628; x_wconf 72' lang='grc'>(74),</span> <span class='ocrx_word' id='word_1_352' title='bbox 1655 599 1681 621; x_wconf 89' lang='lat' dir='ltr'><strong>et</strong></span> <span class='ocrx_word' id='word_1_353' title='bbox 1692 593 1742 629; x_wconf 81' lang='lat' dir='ltr'><strong>legi</strong></span> 
     </span>
    </p>
   </div>
   <div class='ocr_carea' id='block_1_42' title="bbox 983 639 1743 676">
    <p class='ocr_par' dir='ltr' id='par_1_42' title="bbox 983 639 1743 676">
     <span class='ocr_line' id='line_1_42' title="bbox 983 639 1743 676; baseline -0.003 -8"><span class='ocrx_word' id='word_1_354' title='bbox 983 642 1028 668; x_wconf 90' lang='lat' dir='ltr'><strong>Dei</strong></span> <span class='ocrx_word' id='word_1_355' title='bbox 1044 649 1151 676; x_wconf 86' lang='lat' dir='ltr'><strong>operam</strong></span> <span class='ocrx_word' id='word_1_356' title='bbox 1171 642 1273 673; x_wconf 82' lang='lat' dir='ltr'><strong>damus,</strong></span> <span class='ocrx_word' id='word_1_357' title='bbox 1301 641 1341 668; x_wconf 87' lang='lat' dir='ltr'><strong>vel</strong></span> <span class='ocrx_word' id='word_1_358' title='bbox 1361 642 1442 669; x_wconf 80' lang='lat' dir='ltr'><strong>etiam</strong></span> <span class='ocrx_word' id='word_1_359' title='bbox 1465 648 1524 667; x_wconf 88' lang='lat' dir='ltr'><strong>cum</strong></span> <span class='ocrx_word' id='word_1_360' title='bbox 1546 647 1594 674; x_wconf 89' lang='lat' dir='ltr'><strong>pro</strong></span> <span class='ocrx_word' id='word_1_361' title='bbox 1614 639 1743 674; x_wconf 87' lang='lat' dir='ltr'><strong>martyrio</strong></span> 
     </span>
    </p>
   </div>
   <div class='ocr_carea' id='block_1_43' title="bbox 981 684 1744 718">
    <p class='ocr_par' dir='ltr' id='par_1_43' title="bbox 981 684 1744 718">
     <span class='ocr_line' id='line_1_43' title="bbox 981 684 1744 718; baseline -0.004 -6"><span class='ocrx_word' id='word_1_362' title='bbox 981 686 1079 712; x_wconf 84' lang='lat' dir='ltr'><strong>Christi</strong></span> <span class='ocrx_word' id='word_1_363' title='bbox 1093 689 1224 712; x_wconf 86' lang='lat' dir='ltr'><strong>tormenta</strong></span> <span class='ocrx_word' id='word_1_364' title='bbox 1240 685 1407 718; x_wconf 82' lang='lat' dir='ltr'><strong>suﬂ‘erimus,</strong></span> <span class='ocrx_word' id='word_1_365' title='bbox 1424 684 1623 711; x_wconf 84' lang='lat' dir='ltr'><strong>meminerimus</strong></span> <span class='ocrx_word' id='word_1_366' title='bbox 1638 690 1744 717; x_wconf 79' lang='lat' dir='ltr'><strong>semper</strong></span> 
     </span>
    </p>
   </div>
   <div class='ocr_carea' id='block_1_44' title="bbox 983 728 1743 764">
    <p class='ocr_par' dir='ltr' id='par_1_44' title="bbox 983 728 1743 764">
     <span class='ocr_line' id='line_1_44' title="bbox 983 728 1743 764; baseline -0.001 -8"><span class='ocrx_word' id='word_1_367' title='bbox 983 730 1045 764; x_wconf 86' lang='lat' dir='ltr'><strong>quia</strong></span> <span class='ocrx_word' id='word_1_368' title='bbox 1061 730 1201 757; x_wconf 87' lang='lat' dir='ltr'><strong>inﬁdelitas</strong></span> <span class='ocrx_word' id='word_1_369' title='bbox 1218 737 1309 757; x_wconf 89' lang='lat' dir='ltr'><strong>eorum</strong></span> <span class='ocrx_word' id='word_1_370' title='bbox 1326 730 1404 756; x_wconf 89' lang='lat' dir='ltr'><strong>ﬁdem</strong></span> <span class='ocrx_word' id='word_1_371' title='bbox 1423 729 1469 756; x_wconf 86' lang='lat' dir='ltr'><strong>Dei</strong></span> <span class='ocrx_word' id='word_1_372' title='bbox 1487 735 1546 763; x_wconf 68' lang='lat' dir='ltr'><strong>quin</strong></span> <span class='ocrx_word' id='word_1_373' title='bbox 1564 729 1592 755; x_wconf 87' lang='lat' dir='ltr'><strong>in</strong></span> <span class='ocrx_word' id='word_1_374' title='bbox 1609 728 1686 755; x_wconf 88' lang='lat' dir='ltr'><strong>nobis</strong></span> <span class='ocrx_word' id='word_1_375' title='bbox 1701 733 1743 755; x_wconf 75' lang='lat' dir='ltr'><strong>est</strong></span> 
     </span>
    </p>
   </div>
   <div class='ocr_carea' id='block_1_45' title="bbox 982 773 1744 809">
    <p class='ocr_par' dir='ltr' id='par_1_45' title="bbox 982 773 1744 809">
     <span class='ocr_line' id='line_1_45' title="bbox 982 773 1744 809; baseline -0.003 -8"><span class='ocrx_word' id='word_1_376' title='bbox 982 782 1035 801; x_wconf 90' lang='lat' dir='ltr'><strong>non</strong></span> <span class='ocrx_word' id='word_1_377' title='bbox 1045 779 1166 802; x_wconf 86' lang='lat' dir='ltr'><strong>evacuat.</strong></span> <span class='ocrx_word' id='word_1_378' title='bbox 1184 774 1248 802; x_wconf 85' lang='lat' dir='ltr'><strong>Post</strong></span> <span class='ocrx_word' id='word_1_379' title='bbox 1266 775 1323 801; x_wconf 65' lang='lat' dir='ltr'><strong>haec</strong></span> <span class='ocrx_word' id='word_1_380' title='bbox 1337 774 1405 809; x_wconf 88' lang='lat' dir='ltr'><strong>quod</strong></span> <span class='ocrx_word' id='word_1_381' title='bbox 1426 773 1557 808; x_wconf 80' lang='lat' dir='ltr'><strong>sequitur,</strong></span> <span class='ocrx_word' id='word_1_382' title='bbox 1575 773 1663 800; x_wconf 87' lang='lat' dir='ltr'><strong>minus</strong></span> <span class='ocrx_word' id='word_1_383' title='bbox 1682 773 1744 806; x_wconf 87' lang='lat' dir='ltr'><strong>qui-</strong></span> 
     </span>
    </p>
   </div>
   <div class='ocr_carea' id='block_1_46' title="bbox 982 817 1741 853">
    <p class='ocr_par' dir='ltr' id='par_1_46' title="bbox 982 817 1741 853">
     <span class='ocr_line' id='line_1_46' title="bbox 982 817 1741 853; baseline -0.001 -8"><span class='ocrx_word' id='word_1_384' title='bbox 982 820 1040 846; x_wconf 88' lang='lat' dir='ltr'><strong>dem</strong></span> <span class='ocrx_word' id='word_1_385' title='bbox 1065 819 1209 853; x_wconf 85' lang='lat' dir='ltr'><strong>composite</strong></span> <span class='ocrx_word' id='word_1_386' title='bbox 1233 819 1337 846; x_wconf 89' lang='lat' dir='ltr'><strong>videtur</strong></span> <span class='ocrx_word' id='word_1_387' title='bbox 1360 818 1531 853; x_wconf 71' lang='lat' dir='ltr'><strong>adiunctum;</strong></span> <span class='ocrx_word' id='word_1_388' title='bbox 1559 818 1622 845; x_wconf 84' lang='lat' dir='ltr'><strong>dicit</strong></span> <span class='ocrx_word' id='word_1_389' title='bbox 1647 817 1741 845; x_wconf 84' lang='lat' dir='ltr'><strong>enim:</strong></span> 
     </span>
    </p>
   </div>
   <div class='ocr_carea' id='block_1_47' title="bbox 946 852 1742 895">
    <p class='ocr_par' dir='ltr' id='par_1_47' title="bbox 946 852 1742 895">
     <span class='ocr_line' id='line_1_47' title="bbox 946 852 1742 895; baseline -0.001 -5"><span class='ocrx_word' id='word_1_390' title='bbox 946 852 967 879; x_wconf 69' lang='grc' dir='ltr'><strong>Β</strong></span> <span class='ocrx_word' id='word_1_391' title='bbox 983 874 992 890; x_wconf 78' lang='grc' dir='ltr'><strong>ι</strong></span> <span class='ocrx_word' id='word_1_392' title='bbox 1010 864 1069 891; x_wconf 86' lang='lat' dir='ltr'><strong>Fiat</strong></span> <span class='ocrx_word' id='word_1_393' title='bbox 1081 852 1168 891; x_wconf 79' lang='lat' dir='ltr'><strong>autem</strong></span> <span class='ocrx_word' id='word_1_394' title='bbox 1184 864 1253 892; x_wconf 84' lang='lat' dir='ltr'><strong>Deus</strong></span> <span class='ocrx_word' id='word_1_395' title='bbox 1268 871 1359 895; x_wconf 79' lang='lat' dir='ltr'><strong>verax,</strong></span> <span class='ocrx_word' id='word_1_396' title='bbox 1376 852 1463 890; x_wconf 87' lang='lat' dir='ltr'><strong>omnis</strong></span> <span class='ocrx_word' id='word_1_397' title='bbox 1475 866 1563 890; x_wconf 70' lang='lat' dir='ltr'><strong>autem</strong></span> <span class='ocrx_word' id='word_1_398' title='bbox 1576 863 1655 889; x_wconf 89' lang='lat' dir='ltr'><strong>homo</strong></span> <span class='ocrx_word' id='word_1_399' title='bbox 1668 869 1742 889; x_wconf 86' lang='lat' dir='ltr'><strong>men-</strong></span> 
     </span>
    </p>
   </div>
   <div class='ocr_carea' id='block_1_48' title="bbox 979 906 1744 942">
    <p class='ocr_par' dir='ltr' id='par_1_48' title="bbox 979 906 1744 942">
     <span class='ocr_line' id='line_1_48' title="bbox 979 906 1744 942; baseline -0.003 -7"><span class='ocrx_word' id='word_1_400' title='bbox 979 909 1040 939; x_wconf 81' lang='lat' dir='ltr'><strong>dax,</strong></span> <span class='ocrx_word' id='word_1_401' title='bbox 1056 908 1125 935; x_wconf 84' lang='lat' dir='ltr'><strong>sicut</strong></span> <span class='ocrx_word' id='word_1_402' title='bbox 1141 909 1266 942; x_wconf 88' lang='lat' dir='ltr'><strong>scriptum</strong></span> <span class='ocrx_word' id='word_1_403' title='bbox 1280 913 1323 935; x_wconf 88' lang='lat' dir='ltr'><strong>est</strong></span> <span class='ocrx_word' id='word_1_404' title='bbox 1340 916 1347 935; x_wconf 86' lang='lat'><strong>:</strong></span> <span class='ocrx_word' id='word_1_405' title='bbox 1364 906 1397 935; x_wconf 90' lang='lat' dir='ltr'><strong>Ut</strong></span> <span class='ocrx_word' id='word_1_406' title='bbox 1412 907 1564 940; x_wconf 72' lang='lat' dir='ltr'><strong>iustiﬁceris</strong></span> <span class='ocrx_word' id='word_1_407' title='bbox 1575 907 1602 933; x_wconf 90' lang='lat' dir='ltr'><strong>in</strong></span> <span class='ocrx_word' id='word_1_408' title='bbox 1616 906 1744 934; x_wconf 79' lang='lat' dir='ltr'><strong>semani-</strong></span> 
     </span>
    </p>
   </div>
   <div class='ocr_carea' id='block_1_49' title="bbox 979 951 1742 987">
    <p class='ocr_par' dir='ltr' id='par_1_49' title="bbox 979 951 1742 987">
     <span class='ocr_line' id='line_1_49' title="bbox 979 951 1742 987; baseline -0.004 -7"><span class='ocrx_word' id='word_1_409' title='bbox 979 953 1029 980; x_wconf 89' lang='lat' dir='ltr'><strong>bus</strong></span> <span class='ocrx_word' id='word_1_410' title='bbox 1046 954 1113 986; x_wconf 86' lang='lat' dir='ltr'><strong>tuis,</strong></span> <span class='ocrx_word' id='word_1_411' title='bbox 1131 959 1157 981; x_wconf 91' lang='lat' dir='ltr'><strong>et</strong></span> <span class='ocrx_word' id='word_1_412' title='bbox 1170 954 1261 981; x_wconf 89' lang='lat' dir='ltr'><strong>vincas</strong></span> <span class='ocrx_word' id='word_1_413' title='bbox 1279 961 1338 981; x_wconf 92' lang='lat' dir='ltr'><strong>cum</strong></span> <span class='ocrx_word' id='word_1_414' title='bbox 1360 953 1488 987; x_wconf 69' lang='lat' dir='ltr'><strong>iudicaris</strong></span> <span class='ocrx_word' id='word_1_415' title='bbox 1502 953 1534 979; x_wconf 84' lang='grc'><strong>⁶⁹.</strong></span> <span class='ocrx_word' id='word_1_416' title='bbox 1549 961 1559 978; x_wconf 79' lang='grc' dir='ltr'><strong>ι</strong></span> <span class='ocrx_word' id='word_1_417' title='bbox 1570 951 1670 978; x_wconf 87' lang='lat' dir='ltr'><strong>Tamen</strong></span> <span class='ocrx_word' id='word_1_418' title='bbox 1697 951 1742 978; x_wconf 85' lang='lat' dir='ltr'><strong>tali</strong></span> 
     </span>
    </p>
   </div>
   <div class='ocr_carea' id='block_1_50' title="bbox 979 997 1742 1033">
    <p class='ocr_par' dir='ltr' id='par_1_50' title="bbox 979 997 1742 1033">
     <span class='ocr_line' id='line_1_50' title="bbox 979 997 1742 1033; baseline -0.003 -9"><span class='ocrx_word' id='word_1_419' title='bbox 979 998 1093 1033; x_wconf 89' lang='lat' dir='ltr'><strong>quadam</strong></span> <span class='ocrx_word' id='word_1_420' title='bbox 1106 998 1318 1025; x_wconf 81' lang='lat' dir='ltr'><strong>circumﬁexiouc</strong></span> <span class='ocrx_word' id='word_1_421' title='bbox 1330 997 1512 1031; x_wconf 87' lang='lat' dir='ltr'><strong>superioribus</strong></span> <span class='ocrx_word' id='word_1_422' title='bbox 1527 997 1552 1023; x_wconf 89' lang='lat' dir='ltr'><strong>id</strong></span> <span class='ocrx_word' id='word_1_423' title='bbox 1573 1000 1665 1030; x_wconf 88' lang='lat' dir='ltr'><strong>aptare</strong></span> <span class='ocrx_word' id='word_1_424' title='bbox 1685 999 1742 1022; x_wconf 85' lang='lat' dir='ltr'><strong>ten—</strong></span> 
     </span>
    </p>
   </div>
   <div class='ocr_carea' id='block_1_51' title="bbox 981 1040 1742 1076">
    <p class='ocr_par' dir='ltr' id='par_1_51' title="bbox 981 1040 1742 1076">
     <span class='ocr_line' id='line_1_51' title="bbox 981 1040 1742 1076; baseline -0.004 -6"><span class='ocrx_word' id='word_1_425' title='bbox 981 1044 1103 1070; x_wconf 88' lang='lat' dir='ltr'><strong>tabimus.</strong></span> <span class='ocrx_word' id='word_1_426' title='bbox 1118 1043 1202 1074; x_wconf 86' lang='lat' dir='ltr'><strong>Licet,</strong></span> <span class='ocrx_word' id='word_1_427' title='bbox 1216 1042 1312 1076; x_wconf 87' lang='lat' dir='ltr'><strong>inquit.</strong></span> <span class='ocrx_word' id='word_1_428' title='bbox 1329 1049 1381 1069; x_wconf 91' lang='lat' dir='ltr'><strong>non</strong></span> <span class='ocrx_word' id='word_1_429' title='bbox 1398 1042 1560 1069; x_wconf 91' lang='lat' dir='ltr'><strong>crediderint</strong></span> <span class='ocrx_word' id='word_1_430' title='bbox 1573 1041 1679 1075; x_wconf 83' lang='lat' dir='ltr'><strong>quidam</strong></span> <span class='ocrx_word' id='word_1_431' title='bbox 1693 1040 1742 1067; x_wconf 80' lang='lat' dir='ltr'><strong>Ju—</strong></span> 
     </span>
    </p>
   </div>
   <div class='ocr_carea' id='block_1_52' title="bbox 979 1086 1741 1119">
    <p class='ocr_par' dir='ltr' id='par_1_52' title="bbox 979 1086 1741 1119">
     <span class='ocr_line' id='line_1_52' title="bbox 979 1086 1741 1119; baseline -0.001 -5"><span class='ocrx_word' id='word_1_432' title='bbox 979 1088 1106 1119; x_wconf 70' lang='lat' dir='ltr'><strong>dteorum,</strong></span> <span class='ocrx_word' id='word_1_433' title='bbox 1124 1088 1156 1114; x_wconf 85' lang='lat' dir='ltr'><strong>de</strong></span> <span class='ocrx_word' id='word_1_434' title='bbox 1172 1087 1326 1114; x_wconf 88' lang='lat' dir='ltr'><strong>inﬁdelitate</strong></span> <span class='ocrx_word' id='word_1_435' title='bbox 1339 1091 1426 1114; x_wconf 87' lang='lat' dir='ltr'><strong>tamen</strong></span> <span class='ocrx_word' id='word_1_436' title='bbox 1436 1094 1528 1114; x_wconf 88' lang='lat' dir='ltr'><strong>eorum</strong></span> <span class='ocrx_word' id='word_1_437' title='bbox 1541 1086 1679 1113; x_wconf 87' lang='lat' dir='ltr'><strong>dicendum</strong></span> <span class='ocrx_word' id='word_1_438' title='bbox 1689 1089 1741 1118; x_wconf 80' lang='lat' dir='ltr'><strong>est,</strong></span> 
     </span>
    </p>
   </div>
   <div class='ocr_carea' id='block_1_53' title="bbox 980 1132 1742 1169">
    <p class='ocr_par' dir='ltr' id='par_1_53' title="bbox 980 1132 1742 1169">
     <span class='ocr_line' id='line_1_53' title="bbox 980 1132 1742 1169; baseline -0.001 -9"><span class='ocrx_word' id='word_1_439' title='bbox 980 1135 1050 1169; x_wconf 90' lang='lat' dir='ltr'><strong>quod</strong></span> <span class='ocrx_word' id='word_1_440' title='bbox 1078 1134 1147 1162; x_wconf 86' lang='lat' dir='ltr'><strong>Deus</strong></span> <span class='ocrx_word' id='word_1_441' title='bbox 1165 1134 1271 1168; x_wconf 80' lang='lat' dir='ltr'><strong>quidem</strong></span> <span class='ocrx_word' id='word_1_442' title='bbox 1290 1133 1361 1161; x_wconf 87' lang='lat' dir='ltr'><strong>solus</strong></span> <span class='ocrx_word' id='word_1_443' title='bbox 1380 1133 1415 1160; x_wconf 88' lang='lat' dir='ltr'><strong>sit</strong></span> <span class='ocrx_word' id='word_1_444' title='bbox 1436 1141 1530 1165; x_wconf 81' lang='lat' dir='ltr'><strong>verax,</strong></span> <span class='ocrx_word' id='word_1_445' title='bbox 1550 1132 1638 1160; x_wconf 89' lang='lat' dir='ltr'><strong>omnis</strong></span> <span class='ocrx_word' id='word_1_446' title='bbox 1652 1136 1742 1160; x_wconf 80' lang='lat' dir='ltr'><strong>autem</strong></span> 
     </span>
    </p>
   </div>
   <div class='ocr_carea' id='block_1_54' title="bbox 980 1175 1741 1212">
    <p class='ocr_par' dir='ltr' id='par_1_54' title="bbox 980 1175 1741 1212">
     <span class='ocr_line' id='line_1_54' title="bbox 980 1175 1741 1212; baseline -0.005 -6"><span class='ocrx_word' id='word_1_447' title='bbox 980 1180 1059 1207; x_wconf 90' lang='lat' dir='ltr'><strong>homo</strong></span> <span class='ocrx_word' id='word_1_448' title='bbox 1070 1179 1105 1206; x_wconf 87' lang='lat' dir='ltr'><strong>sit</strong></span> <span class='ocrx_word' id='word_1_449' title='bbox 1120 1179 1229 1205; x_wconf 79' lang='lat' dir='ltr'><strong>mendax</strong></span> <span class='ocrx_word' id='word_1_450' title='bbox 1245 1187 1252 1205; x_wconf 90' lang='lat'><strong>:</strong></span> <span class='ocrx_word' id='word_1_451' title='bbox 1264 1178 1325 1212; x_wconf 89' lang='lat' dir='ltr'><strong>quia</strong></span> <span class='ocrx_word' id='word_1_452' title='bbox 1339 1178 1417 1204; x_wconf 87' lang='lat' dir='ltr'><strong>etiam</strong></span> <span class='ocrx_word' id='word_1_453' title='bbox 1429 1177 1451 1204; x_wconf 89' lang='lat' dir='ltr'><strong>si</strong></span> <span class='ocrx_word' id='word_1_454' title='bbox 1459 1177 1519 1212; x_wconf 87' lang='lat' dir='ltr'><strong>quis</strong></span> <span class='ocrx_word' id='word_1_455' title='bbox 1528 1176 1616 1210; x_wconf 85' lang='lat' dir='ltr'><strong>justus</strong></span> <span class='ocrx_word' id='word_1_456' title='bbox 1626 1180 1667 1203; x_wconf 88' lang='lat' dir='ltr'><strong>est</strong></span> <span class='ocrx_word' id='word_1_457' title='bbox 1675 1175 1741 1211; x_wconf 82' lang='lat'><strong>(&#39;15),</strong></span> 
     </span>
    </p>
   </div>
   <div class='ocr_carea' id='block_1_55' title="bbox 980 1221 1741 1257">
    <p class='ocr_par' dir='ltr' id='par_1_55' title="bbox 980 1221 1741 1257">
     <span class='ocr_line' id='line_1_55' title="bbox 980 1221 1741 1257; baseline -0.004 -6"><span class='ocrx_word' id='word_1_458' title='bbox 980 1232 1089 1251; x_wconf 86' lang='lat' dir='ltr'><strong>necesse</strong></span> <span class='ocrx_word' id='word_1_459' title='bbox 1101 1228 1140 1250; x_wconf 86' lang='lat' dir='ltr'><strong>est</strong></span> <span class='ocrx_word' id='word_1_460' title='bbox 1156 1229 1242 1250; x_wconf 86' lang='lat' dir='ltr'><strong>tamen</strong></span> <span class='ocrx_word' id='word_1_461' title='bbox 1258 1227 1287 1250; x_wconf 89' lang='lat' dir='ltr'><strong>ut</strong></span> <span class='ocrx_word' id='word_1_462' title='bbox 1301 1223 1326 1250; x_wconf 94' lang='lat' dir='ltr'><strong>in</strong></span> <span class='ocrx_word' id='word_1_463' title='bbox 1346 1222 1435 1257; x_wconf 87' lang='lat' dir='ltr'><strong>aliquo</strong></span> <span class='ocrx_word' id='word_1_464' title='bbox 1456 1229 1470 1249; x_wconf 87' lang='grc' dir='ltr'><strong>ιι</strong></span> <span class='ocrx_word' id='word_1_465' title='bbox 1486 1221 1599 1249; x_wconf 85' lang='lat' dir='ltr'><strong>veritate</strong></span> <span class='ocrx_word' id='word_1_466' title='bbox 1623 1221 1741 1252; x_wconf 87' lang='lat' dir='ltr'><strong>decidat.</strong></span> 
     </span>
    </p>
   </div>
   <div class='ocr_carea' id='block_1_56' title="bbox 980 1267 1742 1303">
    <p class='ocr_par' dir='ltr' id='par_1_56' title="bbox 980 1267 1742 1303">
     <span class='ocr_line' id='line_1_56' title="bbox 980 1267 1742 1303; baseline -0.003 -8"><span class='ocrx_word' id='word_1_467' title='bbox 980 1278 1058 1303; x_wconf 91' lang='lat' dir='ltr'><strong>quam</strong></span> <span class='ocrx_word' id='word_1_468' title='bbox 1072 1269 1097 1295; x_wconf 92' lang='lat' dir='ltr'><strong>in</strong></span> <span class='ocrx_word' id='word_1_469' title='bbox 1108 1269 1231 1296; x_wconf 84' lang='lat' dir='ltr'><strong>omnibus</strong></span> <span class='ocrx_word' id='word_1_470' title='bbox 1249 1275 1356 1296; x_wconf 87' lang='lat' dir='ltr'><strong>servare</strong></span> <span class='ocrx_word' id='word_1_471' title='bbox 1370 1268 1492 1295; x_wconf 69' lang='lat' dir='ltr'><strong>humanae</strong></span> <span class='ocrx_word' id='word_1_472' title='bbox 1504 1271 1605 1294; x_wconf 60' lang='lat' dir='ltr'><strong>natura</strong></span> <span class='ocrx_word' id='word_1_473' title='bbox 1614 1267 1742 1300; x_wconf 87' lang='lat' dir='ltr'><strong>peneim-</strong></span> 
     </span>
    </p>
   </div>
   <div class='ocr_carea' id='block_1_57' title="bbox 979 1312 1740 1350">
    <p class='ocr_par' dir='ltr' id='par_1_57' title="bbox 979 1312 1740 1350">
     <span class='ocr_line' id='line_1_57' title="bbox 979 1312 1740 1350; baseline -0.005 -8"><span class='ocrx_word' id='word_1_474' title='bbox 979 1315 1103 1350; x_wconf 77' lang='lat' dir='ltr'><strong>possibile</strong></span> <span class='ocrx_word' id='word_1_475' title='bbox 1124 1320 1175 1342; x_wconf 87' lang='lat' dir='ltr'><strong>est.</strong></span> <span class='ocrx_word' id='word_1_476' title='bbox 1195 1315 1261 1347; x_wconf 88' lang='lat' dir='ltr'><strong>Quia</strong></span> <span class='ocrx_word' id='word_1_477' title='bbox 1280 1321 1344 1349; x_wconf 81' lang='lat' dir='ltr'><strong>ergo</strong></span> <span class='ocrx_word' id='word_1_478' title='bbox 1357 1313 1444 1340; x_wconf 85' lang='lat' dir='ltr'><strong>omnis</strong></span> <span class='ocrx_word' id='word_1_479' title='bbox 1459 1313 1538 1339; x_wconf 92' lang='lat' dir='ltr'><strong>homo</strong></span> <span class='ocrx_word' id='word_1_480' title='bbox 1557 1312 1669 1339; x_wconf 79' lang='lat' dir='ltr'><strong>mendax</strong></span> <span class='ocrx_word' id='word_1_481' title='bbox 1688 1315 1740 1344; x_wconf 84' lang='lat' dir='ltr'><strong>est,</strong></span> 
     </span>
    </p>
   </div>
   <div class='ocr_carea' id='block_1_58' title="bbox 979 1357 1742 1394">
    <p class='ocr_par' dir='ltr' id='par_1_58' title="bbox 979 1357 1742 1394">
     <span class='ocr_line' id='line_1_58' title="bbox 979 1357 1742 1394; baseline -0.004 -7"><span class='ocrx_word' id='word_1_482' title='bbox 979 1365 1116 1394; x_wconf 89' lang='lat' dir='ltr'><strong>propterea</strong></span> <span class='ocrx_word' id='word_1_483' title='bbox 1128 1359 1279 1387; x_wconf 68' lang='lat' dir='ltr'><strong>Judazorum</strong></span> <span class='ocrx_word' id='word_1_484' title='bbox 1292 1359 1397 1394; x_wconf 88' lang='lat' dir='ltr'><strong>quidam</strong></span> <span class='ocrx_word' id='word_1_485' title='bbox 1412 1364 1440 1387; x_wconf 91' lang='lat' dir='ltr'><strong>ut</strong></span> <span class='ocrx_word' id='word_1_486' title='bbox 1460 1359 1581 1386; x_wconf 89' lang='lat' dir='ltr'><strong>homines</strong></span> <span class='ocrx_word' id='word_1_487' title='bbox 1600 1357 1742 1385; x_wconf 84' lang='lat' dir='ltr'><strong>mendaces</strong></span> 
     </span>
    </p>
   </div>
   <div class='ocr_carea' id='block_1_59' title="bbox 979 1402 1741 1438">
    <p class='ocr_par' dir='ltr' id='par_1_59' title="bbox 979 1402 1741 1438">
     <span class='ocr_line' id='line_1_59' title="bbox 979 1402 1741 1438; baseline -0.005 -6"><span class='ocrx_word' id='word_1_488' title='bbox 979 1412 1030 1432; x_wconf 91' lang='lat' dir='ltr'><strong>non</strong></span> <span class='ocrx_word' id='word_1_489' title='bbox 1055 1405 1232 1432; x_wconf 89' lang='lat' dir='ltr'><strong>crediderunt.</strong></span> <span class='ocrx_word' id='word_1_490' title='bbox 1250 1403 1315 1430; x_wconf 82' lang='lat' dir='ltr'><strong>Nam</strong></span> <span class='ocrx_word' id='word_1_491' title='bbox 1333 1404 1395 1438; x_wconf 89' lang='lat' dir='ltr'><strong>quia</strong></span> <span class='ocrx_word' id='word_1_492' title='bbox 1414 1404 1501 1431; x_wconf 86' lang='lat' dir='ltr'><strong>omnis</strong></span> <span class='ocrx_word' id='word_1_493' title='bbox 1524 1403 1603 1430; x_wconf 90' lang='lat' dir='ltr'><strong>homo</strong></span> <span class='ocrx_word' id='word_1_494' title='bbox 1622 1402 1741 1429; x_wconf 76' lang='lat' dir='ltr'><strong>mendax</strong></span> 
     </span>
    </p>
   </div>
   <div class='ocr_carea' id='block_1_60' title="bbox 978 1446 1742 1483">
    <p class='ocr_par' dir='ltr' id='par_1_60' title="bbox 978 1446 1742 1483">
     <span class='ocr_line' id='line_1_60' title="bbox 978 1446 1742 1483; baseline -0.005 -6"><span class='ocrx_word' id='word_1_495' title='bbox 978 1454 1029 1482; x_wconf 84' lang='lat' dir='ltr'><strong>est,</strong></span> <span class='ocrx_word' id='word_1_496' title='bbox 1042 1450 1192 1477; x_wconf 88' lang='lat' dir='ltr'><strong>necessario</strong></span> <span class='ocrx_word' id='word_1_497' title='bbox 1205 1451 1232 1477; x_wconf 94' lang='lat' dir='ltr'><strong>in</strong></span> <span class='ocrx_word' id='word_1_498' title='bbox 1246 1450 1289 1477; x_wconf 89' lang='lat' dir='ltr'><strong>die</strong></span> <span class='ocrx_word' id='word_1_499' title='bbox 1303 1450 1358 1481; x_wconf 86' lang='lat' dir='ltr'><strong>illa,</strong></span> <span class='ocrx_word' id='word_1_500' title='bbox 1373 1457 1433 1476; x_wconf 91' lang='lat' dir='ltr'><strong>cum</strong></span> <span class='ocrx_word' id='word_1_501' title='bbox 1446 1449 1478 1475; x_wconf 87' lang='lat' dir='ltr'><strong>ad</strong></span> <span class='ocrx_word' id='word_1_502' title='bbox 1493 1448 1623 1483; x_wconf 87' lang='lat' dir='ltr'><strong>judicium</strong></span> <span class='ocrx_word' id='word_1_503' title='bbox 1637 1446 1742 1474; x_wconf 85' lang='lat' dir='ltr'><strong>venerit</strong></span> 
     </span>
    </p>
   </div>
   <div class='ocr_carea' id='block_1_61' title="bbox 154 1490 1741 1529">
    <p class='ocr_par' dir='ltr' id='par_1_61' title="bbox 154 1490 1741 1529">
     <span class='ocr_line' id='line_1_61' title="bbox 154 1490 1741 1529; baseline 0.001 -14"><span class='ocrx_word' id='word_1_504' title='bbox 154 1490 242 1517; x_wconf 43' lang='lat' dir='ltr'><strong>‘Crrte</strong></span> <span class='ocrx_word' id='word_1_505' title='bbox 261 1490 447 1524; x_wconf 87' lang='lat' dir='ltr'><strong>unusquisque</strong></span> <span class='ocrx_word' id='word_1_506' title='bbox 463 1498 510 1524; x_wconf 92' lang='lat' dir='ltr'><strong>pro</strong></span> <span class='ocrx_word' id='word_1_507' title='bbox 523 1492 623 1519; x_wconf 91' lang='lat' dir='ltr'><strong>viribus</strong></span> <span class='ocrx_word' id='word_1_508' title='bbox 646 1494 734 1527; x_wconf 87' lang='lat' dir='ltr'><strong>capiat</strong></span> <span class='ocrx_word' id='word_1_509' title='bbox 757 1495 861 1529; x_wconf 87' lang='lat' dir='ltr'><strong>eloquia</strong></span> <span class='ocrx_word' id='word_1_510' title='bbox 880 1496 926 1523; x_wconf 86' lang='lat' dir='ltr'><strong>Dei</strong></span> <span class='ocrx_word' id='word_1_511' title='bbox 941 1501 960 1529; x_wconf 74' lang='grc' dir='ltr'>ο</span> <span class='ocrx_word' id='word_1_512' title='bbox 980 1493 1104 1520; x_wconf 84' lang='lat' dir='ltr'><strong>Dominus</strong></span> <span class='ocrx_word' id='word_1_513' title='bbox 1117 1501 1178 1520; x_wconf 89' lang='lat' dir='ltr'><strong>cum</strong></span> <span class='ocrx_word' id='word_1_514' title='bbox 1194 1493 1354 1525; x_wconf 83' lang='lat' dir='ltr'><strong>hominibus,</strong></span> <span class='ocrx_word' id='word_1_515' title='bbox 1366 1492 1437 1519; x_wconf 85' lang='lat' dir='ltr'><strong>solus</strong></span> <span class='ocrx_word' id='word_1_516' title='bbox 1449 1492 1507 1526; x_wconf 88' lang='lat' dir='ltr'><strong>ipse</strong></span> <span class='ocrx_word' id='word_1_517' title='bbox 1518 1490 1741 1525; x_wconf 79' lang='lat' dir='ltr'><strong>iustiﬁcabiturin</strong></span> 
     </span>
    </p>
   </div>
   <div class='ocr_carea' id='block_1_62' title="bbox 163 1535 927 1574">
    <p class='ocr_par' dir='ltr' id='par_1_62' title="bbox 163 1535 927 1574">
     <span class='ocr_line' id='line_1_62' title="bbox 163 1535 927 1574; baseline 0.008 -13"><span class='ocrx_word' id='word_1_518' title='bbox 163 1542 221 1568; x_wconf 66' lang='lat' dir='ltr'><strong>qua?</strong></span> <span class='ocrx_word' id='word_1_519' title='bbox 236 1540 338 1569; x_wconf 83' lang='lat' dir='ltr'><strong>potest,</strong></span> <span class='ocrx_word' id='word_1_520' title='bbox 352 1541 380 1562; x_wconf 93' lang='lat' dir='ltr'><strong>et</strong></span> <span class='ocrx_word' id='word_1_521' title='bbox 404 1536 426 1562; x_wconf 87' lang='lat' dir='ltr'><strong>si</strong></span> <span class='ocrx_word' id='word_1_522' title='bbox 451 1535 561 1563; x_wconf 90' lang='lat' dir='ltr'><strong>idoneus</strong></span> <span class='ocrx_word' id='word_1_523' title='bbox 582 1542 622 1564; x_wconf 87' lang='lat' dir='ltr'><strong>est</strong></span> <span class='ocrx_word' id='word_1_524' title='bbox 637 1539 670 1564; x_wconf 86' lang='lat' dir='ltr'><strong>ad</strong></span> <span class='ocrx_word' id='word_1_525' title='bbox 685 1538 797 1565; x_wconf 87' lang='lat' dir='ltr'><strong>solidum</strong></span> <span class='ocrx_word' id='word_1_526' title='bbox 818 1540 904 1567; x_wconf 90' lang='lat' dir='ltr'><strong>cibum</strong></span> <span class='ocrx_word' id='word_1_527' title='bbox 919 1562 927 1574; x_wconf 90' lang='lat'><strong>,</strong></span> 
     </span>
    </p>
   </div>
   <div class='ocr_carea' id='block_1_63' title="bbox 164 1580 927 1618">
    <p class='ocr_par' dir='ltr' id='par_1_63' title="bbox 164 1580 927 1618">
     <span class='ocr_line' id='line_1_63' title="bbox 164 1580 927 1618; baseline 0.007 -12"><span class='ocrx_word' id='word_1_528' title='bbox 164 1580 207 1606; x_wconf 87' lang='lat' dir='ltr'><strong>illa</strong></span> <span class='ocrx_word' id='word_1_529' title='bbox 234 1580 369 1613; x_wconf 85' lang='lat' dir='ltr'><strong>suscipiat</strong></span> <span class='ocrx_word' id='word_1_530' title='bbox 385 1580 489 1614; x_wconf 88' lang='lat' dir='ltr'><strong>eloquia</strong></span> <span class='ocrx_word' id='word_1_531' title='bbox 506 1581 550 1608; x_wconf 89' lang='lat' dir='ltr'><strong>Dei</strong></span> <span class='ocrx_word' id='word_1_532' title='bbox 575 1581 629 1616; x_wconf 85' lang='lat' dir='ltr'><strong>(7i)</strong></span> <span class='ocrx_word' id='word_1_533' title='bbox 651 1590 710 1616; x_wconf 79' lang='lat' dir='ltr'><strong>quae</strong></span> <span class='ocrx_word' id='word_1_534' title='bbox 723 1587 785 1610; x_wconf 87' lang='lat' dir='ltr'><strong>sunt</strong></span> <span class='ocrx_word' id='word_1_535' title='bbox 799 1585 927 1618; x_wconf 88' lang='lat' dir='ltr'><strong>sapientia</strong></span> 
     </span>
    </p>
   </div>
   <div class='ocr_carea' id='block_1_64' title="bbox 162 1625 929 1663">
    <p class='ocr_par' dir='ltr' id='par_1_64' title="bbox 162 1625 929 1663">
     <span class='ocr_line' id='line_1_64' title="bbox 162 1625 929 1663; baseline 0.01 -14"><span class='ocrx_word' id='word_1_536' title='bbox 162 1632 242 1658; x_wconf 88' lang='lat' dir='ltr'><strong>quam</strong></span> <span class='ocrx_word' id='word_1_537' title='bbox 267 1625 414 1659; x_wconf 80' lang='lat' dir='ltr'><strong>Apostolus</strong></span> <span class='ocrx_word' id='word_1_538' title='bbox 436 1625 553 1659; x_wconf 90' lang='lat' dir='ltr'><strong>loquitur</strong></span> <span class='ocrx_word' id='word_1_539' title='bbox 568 1626 638 1652; x_wconf 89' lang='lat' dir='ltr'><strong>inter</strong></span> <span class='ocrx_word' id='word_1_540' title='bbox 663 1627 795 1661; x_wconf 81' lang='lat' dir='ltr'><strong>perfectos</strong></span> <span class='ocrx_word' id='word_1_541' title='bbox 818 1629 851 1655; x_wconf 83' lang='lat'><strong>“.</strong></span> <span class='ocrx_word' id='word_1_542' title='bbox 877 1630 929 1663; x_wconf 87' lang='lat' dir='ltr'><strong>Qui</strong></span> 
     </span>
    </p>
   </div>
   <div class='ocr_carea' id='block_1_65' title="bbox 161 1669 928 1708">
    <p class='ocr_par' dir='ltr' id='par_1_65' title="bbox 161 1669 928 1708">
     <span class='ocr_line' id='line_1_65' title="bbox 161 1669 928 1708; baseline 0.009 -13"><span class='ocrx_word' id='word_1_543' title='bbox 161 1677 226 1696; x_wconf 81' lang='lat' dir='ltr'><strong>vero</strong></span> <span class='ocrx_word' id='word_1_544' title='bbox 239 1670 271 1696; x_wconf 90' lang='lat' dir='ltr'><strong>ad</strong></span> <span class='ocrx_word' id='word_1_545' title='bbox 287 1669 358 1696; x_wconf 86' lang='lat' dir='ltr'><strong>hanc</strong></span> <span class='ocrx_word' id='word_1_546' title='bbox 374 1670 484 1697; x_wconf 88' lang='lat' dir='ltr'><strong>idoneus</strong></span> <span class='ocrx_word' id='word_1_547' title='bbox 497 1671 610 1697; x_wconf 88' lang='lat' dir='ltr'><strong>nondum</strong></span> <span class='ocrx_word' id='word_1_548' title='bbox 625 1676 675 1702; x_wconf 92' lang='lat' dir='ltr'><strong>est,</strong></span> <span class='ocrx_word' id='word_1_549' title='bbox 690 1673 928 1708; x_wconf 86' lang='lat' dir='ltr'><strong>suscipiateloquia</strong></span> 
     </span>
    </p>
   </div>
   <div class='ocr_carea' id='block_1_66' title="bbox 161 1715 928 1752">
    <p class='ocr_par' dir='ltr' id='par_1_66' title="bbox 161 1715 928 1752">
     <span class='ocr_line' id='line_1_66' title="bbox 161 1715 928 1752; baseline 0.007 -10"><span class='ocrx_word' id='word_1_550' title='bbox 161 1715 208 1742; x_wconf 86' lang='lat' dir='ltr'><strong>Dei</strong></span> <span class='ocrx_word' id='word_1_551' title='bbox 228 1716 255 1742; x_wconf 91' lang='lat' dir='ltr'><strong>in</strong></span> <span class='ocrx_word' id='word_1_552' title='bbox 271 1715 371 1749; x_wconf 86' lang='lat' dir='ltr'><strong>quibus</strong></span> <span class='ocrx_word' id='word_1_553' title='bbox 384 1720 509 1750; x_wconf 87' lang='lat' dir='ltr'><strong>agnoscat</strong></span> <span class='ocrx_word' id='word_1_554' title='bbox 528 1716 594 1742; x_wconf 91' lang='lat' dir='ltr'><strong>nihil</strong></span> <span class='ocrx_word' id='word_1_555' title='bbox 622 1716 733 1751; x_wconf 84' lang='lat' dir='ltr'><strong>amplius</strong></span> <span class='ocrx_word' id='word_1_556' title='bbox 755 1725 835 1752; x_wconf 87' lang='lat' dir='ltr'><strong>quam</strong></span> <span class='ocrx_word' id='word_1_557' title='bbox 848 1720 928 1747; x_wconf 89' lang='lat' dir='ltr'><strong>Chri-</strong></span> 
     </span>
    </p>
   </div>
   <div class='ocr_carea' id='block_1_67' title="bbox 162 1759 928 1794">
    <p class='ocr_par' dir='ltr' id='par_1_67' title="bbox 162 1759 928 1794">
     <span class='ocr_line' id='line_1_67' title="bbox 162 1759 928 1794; baseline 0.007 -9"><span class='ocrx_word' id='word_1_558' title='bbox 162 1764 234 1786; x_wconf 89' lang='lat' dir='ltr'><strong>stum</strong></span> <span class='ocrx_word' id='word_1_559' title='bbox 261 1759 355 1786; x_wconf 82' lang='lat' dir='ltr'><strong>Jesum</strong></span> <span class='ocrx_word' id='word_1_560' title='bbox 367 1780 374 1792; x_wconf 90' lang='lat'><strong>,</strong></span> <span class='ocrx_word' id='word_1_561' title='bbox 392 1764 419 1786; x_wconf 88' lang='lat' dir='ltr'><strong>et</strong></span> <span class='ocrx_word' id='word_1_562' title='bbox 441 1761 510 1786; x_wconf 88' lang='lat' dir='ltr'><strong>ltunc</strong></span> <span class='ocrx_word' id='word_1_563' title='bbox 534 1760 691 1787; x_wconf 73' lang='lat' dir='ltr'><strong>cruxiﬁxum</strong></span> <span class='ocrx_word' id='word_1_564' title='bbox 704 1762 735 1788; x_wconf 80' lang='lat'><strong>“.</strong></span> <span class='ocrx_word' id='word_1_565' title='bbox 750 1762 800 1794; x_wconf 86' lang='lat' dir='ltr'><strong>Qui</strong></span> <span class='ocrx_word' id='word_1_566' title='bbox 815 1769 863 1789; x_wconf 82' lang='lat' dir='ltr'><strong>nec</strong></span> <span class='ocrx_word' id='word_1_567' title='bbox 879 1763 928 1790; x_wconf 88' lang='lat' dir='ltr'><strong>hoc</strong></span> 
     </span>
    </p>
   </div>
   <div class='ocr_carea' id='block_1_68' title="bbox 160 1804 927 1840">
    <p class='ocr_par' dir='ltr' id='par_1_68' title="bbox 160 1804 927 1840">
     <span class='ocr_line' id='line_1_68' title="bbox 160 1804 927 1840; baseline 0.005 -10"><span class='ocrx_word' id='word_1_568' title='bbox 160 1807 257 1838; x_wconf 85' lang='lat' dir='ltr'><strong>potest,</strong></span> <span class='ocrx_word' id='word_1_569' title='bbox 277 1804 306 1830; x_wconf 93' lang='lat' dir='ltr'><strong>in</strong></span> <span class='ocrx_word' id='word_1_570' title='bbox 324 1811 356 1830; x_wconf 86' lang='lat' dir='ltr'><strong>eo</strong></span> <span class='ocrx_word' id='word_1_571' title='bbox 373 1804 500 1837; x_wconf 87' lang='lat' dir='ltr'><strong>suscipiat</strong></span> <span class='ocrx_word' id='word_1_572' title='bbox 512 1804 615 1839; x_wconf 90' lang='lat' dir='ltr'><strong>eloquia</strong></span> <span class='ocrx_word' id='word_1_573' title='bbox 630 1805 686 1838; x_wconf 89' lang='lat' dir='ltr'><strong>Dei,</strong></span> <span class='ocrx_word' id='word_1_574' title='bbox 705 1810 733 1832; x_wconf 92' lang='lat' dir='ltr'><strong>ut</strong></span> <span class='ocrx_word' id='word_1_575' title='bbox 748 1806 818 1834; x_wconf 90' lang='lat' dir='ltr'><strong>lacte</strong></span> <span class='ocrx_word' id='word_1_576' title='bbox 830 1811 927 1840; x_wconf 88' lang='lat' dir='ltr'><strong>utatur,</strong></span> 
     </span>
    </p>
   </div>
   <div class='ocr_carea' id='block_1_69' title="bbox 159 1849 926 1881">
    <p class='ocr_par' dir='ltr' id='par_1_69' title="bbox 159 1849 926 1881">
     <span class='ocr_line' id='line_1_69' title="bbox 159 1849 926 1881; baseline 0.008 -6"><span class='ocrx_word' id='word_1_577' title='bbox 159 1854 186 1876; x_wconf 88' lang='lat' dir='ltr'><strong>et</strong></span> <span class='ocrx_word' id='word_1_578' title='bbox 207 1857 260 1876; x_wconf 90' lang='lat' dir='ltr'><strong>non</strong></span> <span class='ocrx_word' id='word_1_579' title='bbox 286 1850 349 1876; x_wconf 89' lang='lat' dir='ltr'><strong>cibo</strong></span> <span class='ocrx_word' id='word_1_580' title='bbox 375 1849 435 1876; x_wconf 78' lang='lat' dir='ltr'><strong>forti</strong></span> <span class='ocrx_word' id='word_1_581' title='bbox 451 1850 482 1876; x_wconf 81' lang='lat'><strong>&quot;.</strong></span> <span class='ocrx_word' id='word_1_582' title='bbox 500 1850 527 1877; x_wconf 88' lang='lat' dir='ltr'><strong>Si</strong></span> <span class='ocrx_word' id='word_1_583' title='bbox 543 1858 604 1878; x_wconf 86' lang='lat' dir='ltr'><strong>vero</strong></span> <span class='ocrx_word' id='word_1_584' title='bbox 619 1852 705 1879; x_wconf 88' lang='lat' dir='ltr'><strong>adhuc</strong></span> <span class='ocrx_word' id='word_1_585' title='bbox 729 1853 877 1881; x_wconf 87' lang='lat' dir='ltr'><strong>inﬁrmatur</strong></span> <span class='ocrx_word' id='word_1_586' title='bbox 899 1856 926 1881; x_wconf 90' lang='lat' dir='ltr'><strong>in</strong></span> 
     </span>
    </p>
   </div>
   <div class='ocr_carea' id='block_1_70' title="bbox 160 1893 928 1927">
    <p class='ocr_par' dir='ltr' id='par_1_70' title="bbox 160 1893 928 1927">
     <span class='ocr_line' id='line_1_70' title="bbox 160 1893 928 1927; baseline 0.009 -8"><span class='ocrx_word' id='word_1_587' title='bbox 160 1893 222 1924; x_wconf 82' lang='lat' dir='ltr'><strong>ﬁde,</strong></span> <span class='ocrx_word' id='word_1_588' title='bbox 237 1893 347 1927; x_wconf 88' lang='lat' dir='ltr'><strong>eloquia</strong></span> <span class='ocrx_word' id='word_1_589' title='bbox 364 1893 410 1919; x_wconf 89' lang='lat' dir='ltr'><strong>Dei</strong></span> <span class='ocrx_word' id='word_1_590' title='bbox 426 1894 452 1920; x_wconf 92' lang='lat' dir='ltr'><strong>in</strong></span> <span class='ocrx_word' id='word_1_591' title='bbox 468 1894 584 1922; x_wconf 86' lang='lat' dir='ltr'><strong>oleribus</strong></span> <span class='ocrx_word' id='word_1_592' title='bbox 605 1896 734 1922; x_wconf 80' lang='lat' dir='ltr'><strong>sumat“.</strong></span> <span class='ocrx_word' id='word_1_593' title='bbox 758 1897 869 1924; x_wconf 86' lang='lat' dir='ltr'><strong>Tantum</strong></span> <span class='ocrx_word' id='word_1_594' title='bbox 887 1904 928 1926; x_wconf 86' lang='lat' dir='ltr'><strong>est</strong></span> 
     </span>
    </p>
   </div>
   <div class='ocr_carea' id='block_1_71' title="bbox 158 1940 924 1976">
    <p class='ocr_par' dir='ltr' id='par_1_71' title="bbox 158 1940 924 1976">
     <span class='ocr_line' id='line_1_71' title="bbox 158 1940 924 1976; baseline 0.005 -12"><span class='ocrx_word' id='word_1_595' title='bbox 158 1944 188 1965; x_wconf 91' lang='lat' dir='ltr'><strong>ut</strong></span> <span class='ocrx_word' id='word_1_596' title='bbox 213 1946 312 1966; x_wconf 89' lang='lat' dir='ltr'><strong>omnes</strong></span> <span class='ocrx_word' id='word_1_597' title='bbox 335 1940 513 1966; x_wconf 88' lang='lat' dir='ltr'><strong>communiter</strong></span> <span class='ocrx_word' id='word_1_598' title='bbox 536 1940 687 1967; x_wconf 87' lang='lat' dir='ltr'><strong>noverimus</strong></span> <span class='ocrx_word' id='word_1_599' title='bbox 703 1951 712 1966; x_wconf 86' lang='grc' dir='ltr'><strong>ι</strong></span> <span class='ocrx_word' id='word_1_600' title='bbox 737 1941 840 1976; x_wconf 88' lang='lat' dir='ltr'><strong>eloquia</strong></span> <span class='ocrx_word' id='word_1_601' title='bbox 855 1942 899 1970; x_wconf 90' lang='lat' dir='ltr'><strong>Dei</strong></span> <span class='ocrx_word' id='word_1_602' title='bbox 914 1951 924 1968; x_wconf 76' lang='grc' dir='ltr'><strong>ι</strong></span> 
     </span>
    </p>
   </div>
   <div class='ocr_carea' id='block_1_72' title="bbox 157 1983 926 2020">
    <p class='ocr_par' dir='ltr' id='par_1_72' title="bbox 157 1983 926 2020">
     <span class='ocr_line' id='line_1_72' title="bbox 157 1983 926 2020; baseline 0.007 -11"><span class='ocrx_word' id='word_1_603' title='bbox 157 1990 217 2009; x_wconf 80' lang='lat' dir='ltr'><strong>esse</strong></span> <span class='ocrx_word' id='word_1_604' title='bbox 230 1993 239 2008; x_wconf 83' lang='grc' dir='ltr'><strong>ι</strong></span> <span class='ocrx_word' id='word_1_605' title='bbox 257 1983 365 2016; x_wconf 86' lang='lat' dir='ltr'><strong>eloquia</strong></span> <span class='ocrx_word' id='word_1_606' title='bbox 380 1989 463 2014; x_wconf 83' lang='lat' dir='ltr'><strong>casla,</strong></span> <span class='ocrx_word' id='word_1_607' title='bbox 484 1992 493 2008; x_wconf 82' lang='grc' dir='ltr'><strong>ι</strong></span> <span class='ocrx_word' id='word_1_608' title='bbox 508 1987 534 2009; x_wconf 83' lang='lat' dir='ltr'><strong>et</strong></span> <span class='ocrx_word' id='word_1_609' title='bbox 549 1993 558 2009; x_wconf 81' lang='grc' dir='ltr'><strong>ι</strong></span> <span class='ocrx_word' id='word_1_610' title='bbox 573 1990 708 2018; x_wconf 82' lang='lat' dir='ltr'><strong>argentum</strong></span> <span class='ocrx_word' id='word_1_611' title='bbox 720 1986 779 2020; x_wconf 82' lang='lat' dir='ltr'><strong>igne</strong></span> <span class='ocrx_word' id='word_1_612' title='bbox 790 1987 926 2014; x_wconf 81' lang='lat' dir='ltr'><strong>examina-</strong></span> 
     </span>
    </p>
   </div>
   <div class='ocr_carea' id='block_1_73' title="bbox 158 2028 923 2065">
    <p class='ocr_par' dir='ltr' id='par_1_73' title="bbox 158 2028 923 2065">
     <span class='ocr_line' id='line_1_73' title="bbox 158 2028 923 2065; baseline 0.007 -11"><span class='ocrx_word' id='word_1_613' title='bbox 158 2032 225 2060; x_wconf 77' lang='lat' dir='ltr'><strong>tum,</strong></span> <span class='ocrx_word' id='word_1_614' title='bbox 241 2029 383 2062; x_wconf 86' lang='lat' dir='ltr'><strong>probatum</strong></span> <span class='ocrx_word' id='word_1_615' title='bbox 398 2028 452 2063; x_wconf 77' lang='lat'><strong>(72)</strong></span> <span class='ocrx_word' id='word_1_616' title='bbox 467 2033 550 2060; x_wconf 67' lang='lat' dir='ltr'><strong>terrae,</strong></span> <span class='ocrx_word' id='word_1_617' title='bbox 564 2035 704 2063; x_wconf 77' lang='lat' dir='ltr'><strong>purgatum</strong></span> <span class='ocrx_word' id='word_1_618' title='bbox 715 2032 864 2065; x_wconf 88' lang='lat' dir='ltr'><strong>septuplum</strong></span> <span class='ocrx_word' id='word_1_619' title='bbox 874 2032 923 2058; x_wconf 72' lang='lat' dir='ltr'><strong>“:I</strong></span> 
     </span>
    </p>
   </div>
   <div class='ocr_carea' id='block_1_74' title="bbox 157 2073 926 2106">
    <p class='ocr_par' dir='ltr' id='par_1_74' title="bbox 157 2073 926 2106">
     <span class='ocr_line' id='line_1_74' title="bbox 157 2073 926 2106; baseline 0.005 -6"><span class='ocrx_word' id='word_1_620' title='bbox 157 2073 183 2100; x_wconf 84' lang='lat' dir='ltr'><strong>id</strong></span> <span class='ocrx_word' id='word_1_621' title='bbox 198 2077 252 2105; x_wconf 88' lang='lat' dir='ltr'><strong>est,</strong></span> <span class='ocrx_word' id='word_1_622' title='bbox 269 2078 300 2099; x_wconf 91' lang='lat' dir='ltr'><strong>ut</strong></span> <span class='ocrx_word' id='word_1_623' title='bbox 319 2073 344 2099; x_wconf 93' lang='lat' dir='ltr'><strong>in</strong></span> <span class='ocrx_word' id='word_1_624' title='bbox 357 2073 489 2106; x_wconf 87' lang='lat' dir='ltr'><strong>castitate,</strong></span> <span class='ocrx_word' id='word_1_625' title='bbox 513 2077 540 2100; x_wconf 89' lang='lat' dir='ltr'><strong>et</strong></span> <span class='ocrx_word' id='word_1_626' title='bbox 561 2075 704 2103; x_wconf 83' lang='lat' dir='ltr'><strong>sanctitate</strong></span> <span class='ocrx_word' id='word_1_627' title='bbox 725 2077 815 2104; x_wconf 88' lang='lat' dir='ltr'><strong>cordis</strong></span> <span class='ocrx_word' id='word_1_628' title='bbox 826 2082 853 2103; x_wconf 92' lang='lat' dir='ltr'><strong>et</strong></span> <span class='ocrx_word' id='word_1_629' title='bbox 868 2084 926 2104; x_wconf 85' lang='lat' dir='ltr'><strong>cor-</strong></span> 
     </span>
    </p>
   </div>
   <div class='ocr_carea' id='block_1_75' title="bbox 156 2117 926 2156">
    <p class='ocr_par' dir='ltr' id='par_1_75' title="bbox 156 2117 926 2156">
     <span class='ocr_line' id='line_1_75' title="bbox 156 2117 926 2156; baseline 0.005 -12"><span class='ocrx_word' id='word_1_630' title='bbox 156 2118 232 2153; x_wconf 88' lang='lat' dir='ltr'><strong>poris</strong></span> <span class='ocrx_word' id='word_1_631' title='bbox 255 2117 348 2144; x_wconf 88' lang='lat' dir='ltr'><strong>divina</strong></span> <span class='ocrx_word' id='word_1_632' title='bbox 364 2124 501 2144; x_wconf 85' lang='lat' dir='ltr'><strong>servemus</strong></span> <span class='ocrx_word' id='word_1_633' title='bbox 522 2118 638 2152; x_wconf 86' lang='lat' dir='ltr'><strong>eloquia.</strong></span> <span class='ocrx_word' id='word_1_634' title='bbox 661 2120 768 2147; x_wconf 88' lang='lat' dir='ltr'><strong>Credita</strong></span> <span class='ocrx_word' id='word_1_635' title='bbox 789 2126 850 2148; x_wconf 90' lang='lat' dir='ltr'><strong>sunt</strong></span> <span class='ocrx_word' id='word_1_636' title='bbox 863 2129 926 2156; x_wconf 89' lang='lat' dir='ltr'><strong>ergo</strong></span> 
     </span>
    </p>
   </div>
   <div class='ocr_carea' id='block_1_76' title="bbox 980 1535 1742 1571">
    <p class='ocr_par' dir='ltr' id='par_1_76' title="bbox 980 1535 1742 1571">
     <span class='ocr_line' id='line_1_76' title="bbox 980 1535 1742 1571; baseline -0.004 -7"><span class='ocrx_word' id='word_1_637' title='bbox 980 1539 1067 1565; x_wconf 84' lang='lat' dir='ltr'><strong>verbis</strong></span> <span class='ocrx_word' id='word_1_638' title='bbox 1088 1538 1155 1566; x_wconf 84' lang='lat' dir='ltr'><strong>suis.</strong></span> <span class='ocrx_word' id='word_1_639' title='bbox 1172 1538 1256 1571; x_wconf 85' lang='lat' dir='ltr'><strong>Ipsius</strong></span> <span class='ocrx_word' id='word_1_640' title='bbox 1279 1537 1350 1564; x_wconf 91' lang='lat' dir='ltr'><strong>enim</strong></span> <span class='ocrx_word' id='word_1_641' title='bbox 1373 1537 1453 1564; x_wconf 89' lang='lat' dir='ltr'><strong>verba</strong></span> <span class='ocrx_word' id='word_1_642' title='bbox 1476 1537 1502 1563; x_wconf 91' lang='lat' dir='ltr'><strong>iu</strong></span> <span class='ocrx_word' id='word_1_643' title='bbox 1518 1535 1640 1563; x_wconf 88' lang='lat' dir='ltr'><strong>omnibus</strong></span> <span class='ocrx_word' id='word_1_644' title='bbox 1661 1542 1742 1567; x_wconf 89' lang='lat' dir='ltr'><strong>vera,</strong></span> 
     </span>
    </p>
   </div>
   <div class='ocr_carea' id='block_1_77' title="bbox 979 1580 1740 1617">
    <p class='ocr_par' dir='ltr' id='par_1_77' title="bbox 979 1580 1740 1617">
     <span class='ocr_line' id='line_1_77' title="bbox 979 1580 1740 1617; baseline -0.004 -8"><span class='ocrx_word' id='word_1_645' title='bbox 979 1583 1042 1617; x_wconf 85' lang='lat' dir='ltr'><strong>quia</strong></span> <span class='ocrx_word' id='word_1_646' title='bbox 1053 1583 1132 1610; x_wconf 87' lang='lat' dir='ltr'><strong>verba</strong></span> <span class='ocrx_word' id='word_1_647' title='bbox 1145 1587 1207 1609; x_wconf 91' lang='lat' dir='ltr'><strong>sunt</strong></span> <span class='ocrx_word' id='word_1_648' title='bbox 1224 1582 1356 1609; x_wconf 83' lang='lat' dir='ltr'><strong>veritatis.</strong></span> <span class='ocrx_word' id='word_1_649' title='bbox 1373 1581 1449 1614; x_wconf 92' lang='lat' dir='ltr'><strong>Quod</strong></span> <span class='ocrx_word' id='word_1_650' title='bbox 1460 1585 1547 1608; x_wconf 89' lang='lat' dir='ltr'><strong>autem</strong></span> <span class='ocrx_word' id='word_1_651' title='bbox 1563 1580 1690 1607; x_wconf 84' lang='lat' dir='ltr'><strong>Dominus</strong></span> <span class='ocrx_word' id='word_1_652' title='bbox 1706 1581 1740 1607; x_wconf 87' lang='lat' dir='ltr'><strong>ad</strong></span> 
     </span>
    </p>
   </div>
   <div class='ocr_carea' id='block_1_78' title="bbox 976 1624 1739 1660">
    <p class='ocr_par' dir='ltr' id='par_1_78' title="bbox 976 1624 1739 1660">
     <span class='ocr_line' id='line_1_78' title="bbox 976 1624 1739 1660; baseline -0.004 -6"><span class='ocrx_word' id='word_1_653' title='bbox 976 1627 1104 1660; x_wconf 85' lang='lat' dir='ltr'><strong>judicium</strong></span> <span class='ocrx_word' id='word_1_654' title='bbox 1130 1627 1219 1654; x_wconf 88' lang='lat' dir='ltr'><strong>veniat</strong></span> <span class='ocrx_word' id='word_1_655' title='bbox 1240 1634 1299 1653; x_wconf 90' lang='lat' dir='ltr'><strong>cum</strong></span> <span class='ocrx_word' id='word_1_656' title='bbox 1321 1626 1487 1659; x_wconf 84' lang='lat' dir='ltr'><strong>hominibus,</strong></span> <span class='ocrx_word' id='word_1_657' title='bbox 1506 1625 1632 1660; x_wconf 86' lang='lat' dir='ltr'><strong>propheta</strong></span> <span class='ocrx_word' id='word_1_658' title='bbox 1655 1624 1739 1652; x_wconf 85' lang='lat' dir='ltr'><strong>dicit:</strong></span> 
     </span>
    </p>
   </div>
   <div class='ocr_carea' id='block_1_79' title="bbox 980 1669 1744 1707">
    <p class='ocr_par' dir='ltr' id='par_1_79' title="bbox 980 1669 1744 1707">
     <span class='ocr_line' id='line_1_79' title="bbox 980 1669 1744 1707; baseline -0.005 -8"><span class='ocrx_word' id='word_1_659' title='bbox 980 1682 990 1699; x_wconf 83' lang='grc' dir='ltr'><strong>ι</strong></span> <span class='ocrx_word' id='word_1_660' title='bbox 1003 1673 1104 1705; x_wconf 73' lang='lat' dir='ltr'><strong>Venite,</strong></span> <span class='ocrx_word' id='word_1_661' title='bbox 1115 1671 1399 1707; x_wconf 84' lang='lat' dir='ltr'><strong>etdijudicemur,dicit</strong></span> <span class='ocrx_word' id='word_1_662' title='bbox 1407 1670 1533 1698; x_wconf 87' lang='lat' dir='ltr'><strong>Dominus</strong></span> <span class='ocrx_word' id='word_1_663' title='bbox 1543 1670 1597 1702; x_wconf 68' lang='grc' dir='ltr'><strong>⁷ος»</strong></span> <span class='ocrx_word' id='word_1_664' title='bbox 1608 1673 1650 1696; x_wconf 87' lang='lat' dir='ltr'><strong>et:</strong></span> <span class='ocrx_word' id='word_1_665' title='bbox 1664 1678 1674 1695; x_wconf 79' lang='grc' dir='ltr'><strong>ι</strong></span> <span class='ocrx_word' id='word_1_666' title='bbox 1685 1669 1744 1703; x_wconf 79' lang='lat' dir='ltr'><strong>Ipso</strong></span> 
     </span>
    </p>
   </div>
   <div class='ocr_carea' id='block_1_80' title="bbox 978 1715 1746 1752">
    <p class='ocr_par' dir='ltr' id='par_1_80' title="bbox 978 1715 1746 1752">
     <span class='ocr_line' id='line_1_80' title="bbox 978 1715 1746 1752; baseline -0.005 -7"><span class='ocrx_word' id='word_1_667' title='bbox 978 1718 1104 1745; x_wconf 85' lang='lat' dir='ltr'><strong>Dominus</strong></span> <span class='ocrx_word' id='word_1_668' title='bbox 1118 1718 1151 1745; x_wconf 86' lang='lat' dir='ltr'><strong>ad</strong></span> <span class='ocrx_word' id='word_1_669' title='bbox 1168 1717 1297 1752; x_wconf 83' lang='lat' dir='ltr'><strong>judicium</strong></span> <span class='ocrx_word' id='word_1_670' title='bbox 1321 1716 1409 1744; x_wconf 87' lang='lat' dir='ltr'><strong>veniet</strong></span> <span class='ocrx_word' id='word_1_671' title='bbox 1434 1723 1494 1743; x_wconf 90' lang='lat' dir='ltr'><strong>cum</strong></span> <span class='ocrx_word' id='word_1_672' title='bbox 1519 1715 1669 1743; x_wconf 85' lang='lat' dir='ltr'><strong>senioribus</strong></span> <span class='ocrx_word' id='word_1_673' title='bbox 1691 1721 1746 1748; x_wconf 81' lang='lat' dir='ltr'><strong>po-</strong></span> 
     </span>
    </p>
   </div>
   <div class='ocr_carea' id='block_1_81' title="bbox 976 1760 1743 1797">
    <p class='ocr_par' dir='ltr' id='par_1_81' title="bbox 976 1760 1743 1797">
     <span class='ocr_line' id='line_1_81' title="bbox 976 1760 1743 1797; baseline -0.003 -7"><span class='ocrx_word' id='word_1_674' title='bbox 976 1763 1030 1797; x_wconf 89' lang='lat' dir='ltr'><strong>puli</strong></span> <span class='ocrx_word' id='word_1_675' title='bbox 1039 1763 1071 1795; x_wconf 82' lang='lat'><strong>&quot;;</strong></span> <span class='ocrx_word' id='word_1_676' title='bbox 1085 1772 1095 1789; x_wconf 76' lang='grc'><strong>»</strong></span> <span class='ocrx_word' id='word_1_677' title='bbox 1105 1767 1131 1789; x_wconf 90' lang='lat' dir='ltr'><strong>et</strong></span> <span class='ocrx_word' id='word_1_678' title='bbox 1139 1764 1232 1790; x_wconf 88' lang='lat' dir='ltr'><strong>iterum</strong></span> <span class='ocrx_word' id='word_1_679' title='bbox 1246 1771 1252 1789; x_wconf 93' lang='lat'>:</span> <span class='ocrx_word' id='word_1_680' title='bbox 1264 1771 1274 1787; x_wconf 79' lang='grc' dir='ltr'><strong>ι</strong></span> <span class='ocrx_word' id='word_1_681' title='bbox 1284 1761 1414 1789; x_wconf 79' lang='lat' dir='ltr'><strong>Memento</strong></span> <span class='ocrx_word' id='word_1_682' title='bbox 1423 1766 1461 1791; x_wconf 87' lang='lat' dir='ltr'><strong>tu,</strong></span> <span class='ocrx_word' id='word_1_683' title='bbox 1469 1760 1661 1795; x_wconf 83' lang='lat' dir='ltr'><strong>etjudicemur,</strong></span> <span class='ocrx_word' id='word_1_684' title='bbox 1676 1760 1743 1788; x_wconf 85' lang='lat' dir='ltr'><strong>dicit</strong></span> 
     </span>
    </p>
   </div>
   <div class='ocr_carea' id='block_1_82' title="bbox 978 1805 1739 1840">
    <p class='ocr_par' dir='ltr' id='par_1_82' title="bbox 978 1805 1739 1840">
     <span class='ocr_line' id='line_1_82' title="bbox 978 1805 1739 1840; baseline -0.005 -4"><span class='ocrx_word' id='word_1_685' title='bbox 978 1809 1104 1836; x_wconf 92' lang='lat' dir='ltr'><strong>Dominus</strong></span> <span class='ocrx_word' id='word_1_686' title='bbox 1116 1809 1148 1835; x_wconf 88' lang='lat'><strong>&quot;.</strong></span> <span class='ocrx_word' id='word_1_687' title='bbox 1166 1818 1175 1834; x_wconf 76' lang='grc' dir='ltr'><strong>ι</strong></span> <span class='ocrx_word' id='word_1_688' title='bbox 1194 1808 1254 1834; x_wconf 71' lang='lat' dir='ltr'><strong>llam</strong></span> <span class='ocrx_word' id='word_1_689' title='bbox 1273 1812 1362 1834; x_wconf 79' lang='lat' dir='ltr'><strong>autem</strong></span> <span class='ocrx_word' id='word_1_690' title='bbox 1377 1806 1522 1833; x_wconf 83' lang='lat' dir='ltr'><strong>introduxit.</strong></span> <span class='ocrx_word' id='word_1_691' title='bbox 1533 1805 1675 1840; x_wconf 80' lang='lat' dir='ltr'><strong>Apostolus</strong></span> <span class='ocrx_word' id='word_1_692' title='bbox 1690 1805 1739 1832; x_wconf 84' lang='lat' dir='ltr'><strong>ob-</strong></span> 
     </span>
    </p>
   </div>
   <div class='ocr_carea' id='block_1_83' title="bbox 976 1850 1736 1887">
    <p class='ocr_par' dir='ltr' id='par_1_83' title="bbox 976 1850 1736 1887">
     <span class='ocr_line' id='line_1_83' title="bbox 976 1850 1736 1887; baseline -0.005 -6"><span class='ocrx_word' id='word_1_693' title='bbox 976 1860 1085 1882; x_wconf 84' lang='lat' dir='ltr'><strong>servans</strong></span> <span class='ocrx_word' id='word_1_694' title='bbox 1102 1852 1171 1880; x_wconf 88' lang='lat' dir='ltr'><strong>illam</strong></span> <span class='ocrx_word' id='word_1_695' title='bbox 1194 1852 1367 1886; x_wconf 88' lang='lat' dir='ltr'><strong>objectionem</strong></span> <span class='ocrx_word' id='word_1_696' title='bbox 1388 1859 1468 1887; x_wconf 88' lang='lat' dir='ltr'><strong>quam</strong></span> <span class='ocrx_word' id='word_1_697' title='bbox 1483 1852 1532 1878; x_wconf 90' lang='lat' dir='ltr'><strong>sibi</strong></span> <span class='ocrx_word' id='word_1_698' title='bbox 1551 1851 1577 1878; x_wconf 93' lang='lat' dir='ltr'><strong>in</strong></span> <span class='ocrx_word' id='word_1_699' title='bbox 1602 1852 1654 1878; x_wconf 90' lang='lat' dir='ltr'><strong>alio</strong></span> <span class='ocrx_word' id='word_1_700' title='bbox 1679 1850 1736 1877; x_wconf 87' lang='lat' dir='ltr'><strong>loco</strong></span> 
     </span>
    </p>
   </div>
   <div class='ocr_carea' id='block_1_84' title="bbox 977 1896 1736 1933">
    <p class='ocr_par' dir='ltr' id='par_1_84' title="bbox 977 1896 1736 1933">
     <span class='ocr_line' id='line_1_84' title="bbox 977 1896 1736 1933; baseline -0.005 -7"><span class='ocrx_word' id='word_1_701' title='bbox 977 1898 1109 1933; x_wconf 90' lang='lat' dir='ltr'><strong>proponit,</strong></span> <span class='ocrx_word' id='word_1_702' title='bbox 1127 1898 1169 1924; x_wconf 90' lang='lat' dir='ltr'><strong>ubi</strong></span> <span class='ocrx_word' id='word_1_703' title='bbox 1191 1897 1246 1932; x_wconf 82' lang='lat'><strong>(&#39;16)</strong></span> <span class='ocrx_word' id='word_1_704' title='bbox 1261 1897 1348 1924; x_wconf 88' lang='lat' dir='ltr'><strong>dicit:</strong></span> <span class='ocrx_word' id='word_1_705' title='bbox 1366 1906 1375 1922; x_wconf 86' lang='grc' dir='ltr'><strong>ι</strong></span> <span class='ocrx_word' id='word_1_706' title='bbox 1399 1898 1426 1924; x_wconf 88' lang='lat' dir='ltr'><strong>Si</strong></span> <span class='ocrx_word' id='word_1_707' title='bbox 1440 1901 1527 1925; x_wconf 86' lang='lat' dir='ltr'><strong>autem</strong></span> <span class='ocrx_word' id='word_1_708' title='bbox 1543 1896 1671 1931; x_wconf 75' lang='lat' dir='ltr'><strong>iniustitia</strong></span> <span class='ocrx_word' id='word_1_709' title='bbox 1688 1902 1736 1922; x_wconf 92' lang='lat' dir='ltr'><strong>no-</strong></span> 
     </span>
    </p>
   </div>
   <div class='ocr_carea' id='block_1_85' title="bbox 976 1940 1737 1976">
    <p class='ocr_par' dir='ltr' id='par_1_85' title="bbox 976 1940 1737 1976">
     <span class='ocr_line' id='line_1_85' title="bbox 976 1940 1737 1976; baseline -0.007 -5"><span class='ocrx_word' id='word_1_710' title='bbox 976 1948 1031 1971; x_wconf 86' lang='lat' dir='ltr'><strong>stra</strong></span> <span class='ocrx_word' id='word_1_711' title='bbox 1047 1942 1177 1976; x_wconf 87' lang='lat' dir='ltr'><strong>justitiam</strong></span> <span class='ocrx_word' id='word_1_712' title='bbox 1202 1941 1249 1968; x_wconf 89' lang='lat' dir='ltr'><strong>Dei</strong></span> <span class='ocrx_word' id='word_1_713' title='bbox 1269 1941 1435 1968; x_wconf 88' lang='lat' dir='ltr'><strong>commendat</strong></span> <span class='ocrx_word' id='word_1_714' title='bbox 1456 1941 1489 1967; x_wconf 84' lang='lat'><strong>&quot;&#39;.</strong></span> <span class='ocrx_word' id='word_1_715' title='bbox 1508 1949 1518 1967; x_wconf 78' lang='grc' dir='ltr'><strong>ι</strong></span> <span class='ocrx_word' id='word_1_716' title='bbox 1536 1940 1573 1968; x_wconf 86' lang='lat' dir='ltr'><strong>De</strong></span> <span class='ocrx_word' id='word_1_717' title='bbox 1593 1947 1661 1974; x_wconf 83' lang='lat' dir='ltr'><strong>qua,</strong></span> <span class='ocrx_word' id='word_1_718' title='bbox 1676 1946 1737 1967; x_wconf 81' lang='lat' dir='ltr'><strong>cum</strong></span> 
     </span>
    </p>
   </div>
   <div class='ocr_carea' id='block_1_86' title="bbox 975 1983 1738 2022">
    <p class='ocr_par' dir='ltr' id='par_1_86' title="bbox 975 1983 1738 2022">
     <span class='ocr_line' id='line_1_86' title="bbox 975 1983 1738 2022; baseline -0.005 -7"><span class='ocrx_word' id='word_1_719' title='bbox 975 1988 1009 2015; x_wconf 79' lang='lat' dir='ltr'><strong>ad</strong></span> <span class='ocrx_word' id='word_1_720' title='bbox 1035 1987 1122 2014; x_wconf 88' lang='lat' dir='ltr'><strong>locum</strong></span> <span class='ocrx_word' id='word_1_721' title='bbox 1141 1986 1199 2021; x_wconf 86' lang='lat' dir='ltr'><strong>ejus</strong></span> <span class='ocrx_word' id='word_1_722' title='bbox 1223 1990 1330 2012; x_wconf 90' lang='lat' dir='ltr'><strong>ventum</strong></span> <span class='ocrx_word' id='word_1_723' title='bbox 1347 1984 1437 2017; x_wconf 76' lang='lat' dir='ltr'><strong>fuerit,</strong></span> <span class='ocrx_word' id='word_1_724' title='bbox 1464 1985 1638 2022; x_wconf 83' lang='lat' dir='ltr'><strong>requiremus.</strong></span> <span class='ocrx_word' id='word_1_725' title='bbox 1662 1983 1738 2011; x_wconf 81' lang='lat' dir='ltr'><strong>Nunc</strong></span> 
     </span>
    </p>
   </div>
   <div class='ocr_carea' id='block_1_87' title="bbox 975 2029 1739 2067">
    <p class='ocr_par' dir='ltr' id='par_1_87' title="bbox 975 2029 1739 2067">
     <span class='ocr_line' id='line_1_87' title="bbox 975 2029 1739 2067; baseline -0.007 -7"><span class='ocrx_word' id='word_1_726' title='bbox 975 2040 1039 2067; x_wconf 80' lang='lat' dir='ltr'><strong>ergo</strong></span> <span class='ocrx_word' id='word_1_727' title='bbox 1052 2032 1187 2059; x_wconf 89' lang='lat' dir='ltr'><strong>videamus</strong></span> <span class='ocrx_word' id='word_1_728' title='bbox 1200 2030 1264 2065; x_wconf 87' lang='lat' dir='ltr'><strong>quid</strong></span> <span class='ocrx_word' id='word_1_729' title='bbox 1284 2034 1326 2057; x_wconf 89' lang='lat' dir='ltr'><strong>est</strong></span> <span class='ocrx_word' id='word_1_730' title='bbox 1344 2030 1413 2064; x_wconf 89' lang='lat' dir='ltr'><strong>quod</strong></span> <span class='ocrx_word' id='word_1_731' title='bbox 1433 2029 1498 2057; x_wconf 90' lang='lat' dir='ltr'><strong>dicit</strong></span> <span class='ocrx_word' id='word_1_732' title='bbox 1513 2036 1520 2055; x_wconf 92' lang='lat'>:</span> <span class='ocrx_word' id='word_1_733' title='bbox 1539 2038 1548 2055; x_wconf 83' lang='grc' dir='ltr'><strong>ι</strong></span> <span class='ocrx_word' id='word_1_734' title='bbox 1572 2029 1632 2056; x_wconf 79' lang='lat' dir='ltr'><strong>Fiat</strong></span> <span class='ocrx_word' id='word_1_735' title='bbox 1648 2033 1739 2056; x_wconf 87' lang='lat' dir='ltr'><strong>autem</strong></span> 
     </span>
    </p>
   </div>
   <div class='ocr_carea' id='block_1_88' title="bbox 976 2073 1739 2107">
    <p class='ocr_par' dir='ltr' id='par_1_88' title="bbox 976 2073 1739 2107">
     <span class='ocr_line' id='line_1_88' title="bbox 976 2073 1739 2107; baseline -0.007 -3"><span class='ocrx_word' id='word_1_736' title='bbox 976 2077 1045 2104; x_wconf 87' lang='lat' dir='ltr'><strong>Deus</strong></span> <span class='ocrx_word' id='word_1_737' title='bbox 1067 2083 1158 2107; x_wconf 85' lang='lat' dir='ltr'><strong>verax,</strong></span> <span class='ocrx_word' id='word_1_738' title='bbox 1179 2075 1264 2102; x_wconf 90' lang='lat' dir='ltr'><strong>omnis</strong></span> <span class='ocrx_word' id='word_1_739' title='bbox 1285 2079 1372 2101; x_wconf 88' lang='lat' dir='ltr'><strong>autem</strong></span> <span class='ocrx_word' id='word_1_740' title='bbox 1393 2075 1471 2101; x_wconf 92' lang='lat' dir='ltr'><strong>homo</strong></span> <span class='ocrx_word' id='word_1_741' title='bbox 1496 2075 1610 2101; x_wconf 77' lang='lat' dir='ltr'><strong>mendax</strong></span> <span class='ocrx_word' id='word_1_742' title='bbox 1626 2073 1659 2099; x_wconf 76' lang='lat'><strong>&quot;.</strong></span> <span class='ocrx_word' id='word_1_743' title='bbox 1673 2082 1682 2100; x_wconf 83' lang='lat' dir='ltr'><strong>I</strong></span> <span class='ocrx_word' id='word_1_744' title='bbox 1701 2073 1739 2100; x_wconf 84' lang='lat' dir='ltr'><strong>ita</strong></span> 
     </span>
    </p>
   </div>
   <div class='ocr_carea' id='block_1_89' title="bbox 976 2119 1740 2153">
    <p class='ocr_par' dir='ltr' id='par_1_89' title="bbox 976 2119 1740 2153">
     <span class='ocr_line' id='line_1_89' title="bbox 976 2119 1740 2153; baseline -0.004 -4"><span class='ocrx_word' id='word_1_745' title='bbox 976 2122 1045 2149; x_wconf 88' lang='lat' dir='ltr'><strong>enim</strong></span> <span class='ocrx_word' id='word_1_746' title='bbox 1066 2122 1092 2148; x_wconf 82' lang='lat' dir='ltr'><strong>in</strong></span> <span class='ocrx_word' id='word_1_747' title='bbox 1106 2120 1205 2147; x_wconf 82' lang='lat' dir='ltr'><strong>Graecis</strong></span> <span class='ocrx_word' id='word_1_748' title='bbox 1218 2119 1413 2153; x_wconf 81' lang='lat' dir='ltr'><strong>exemplaribus</strong></span> <span class='ocrx_word' id='word_1_749' title='bbox 1428 2119 1549 2146; x_wconf 89' lang='lat' dir='ltr'><strong>habetur.</strong></span> <span class='ocrx_word' id='word_1_750' title='bbox 1569 2119 1636 2147; x_wconf 84' lang='lat' dir='ltr'><strong>Nam</strong></span> <span class='ocrx_word' id='word_1_751' title='bbox 1650 2119 1740 2147; x_wconf 86' lang='lat' dir='ltr'><strong>Latini</strong></span> 
     </span>
    </p>
   </div>
   <div class='ocr_carea' id='block_1_90' title="bbox 154 2162 1738 2200">
    <p class='ocr_par' dir='ltr' id='par_1_90' title="bbox 154 2162 1738 2200">
     <span class='ocr_line' id='line_1_90' title="bbox 154 2162 1738 2200; baseline 0.001 -12"><span class='ocrx_word' id='word_1_752' title='bbox 154 2163 252 2196; x_wconf 87' lang='lat' dir='ltr'><strong>primis</strong></span> <span class='ocrx_word' id='word_1_753' title='bbox 268 2162 322 2189; x_wconf 90' lang='lat' dir='ltr'><strong>illis</strong></span> <span class='ocrx_word' id='word_1_754' title='bbox 339 2162 370 2188; x_wconf 87' lang='lat' dir='ltr'><strong>de</strong></span> <span class='ocrx_word' id='word_1_755' title='bbox 379 2162 473 2196; x_wconf 91' lang='lat' dir='ltr'><strong>quibus</strong></span> <span class='ocrx_word' id='word_1_756' title='bbox 484 2170 563 2197; x_wconf 85' lang='lat' dir='ltr'><strong>supra</strong></span> <span class='ocrx_word' id='word_1_757' title='bbox 589 2164 703 2192; x_wconf 79' lang='lat' dir='ltr'><strong>diximus</strong></span> <span class='ocrx_word' id='word_1_758' title='bbox 734 2166 837 2200; x_wconf 89' lang='lat' dir='ltr'><strong>eloquia</strong></span> <span class='ocrx_word' id='word_1_759' title='bbox 860 2167 925 2200; x_wconf 86' lang='lat' dir='ltr'><strong>Dei;</strong></span> <span class='ocrx_word' id='word_1_760' title='bbox 942 2164 965 2193; x_wconf 94' lang='lat' dir='ltr'><strong>D</strong></span> <span class='ocrx_word' id='word_1_761' title='bbox 977 2166 1010 2192; x_wconf 78' lang='lat' dir='ltr'><strong>sit</strong></span> <span class='ocrx_word' id='word_1_762' title='bbox 1029 2172 1079 2200; x_wconf 90' lang='lat' dir='ltr'><strong>pro</strong></span> <span class='ocrx_word' id='word_1_763' title='bbox 1100 2165 1146 2198; x_wconf 73' lang='lat' dir='ltr'><strong>ﬁat</strong></span> <span class='ocrx_word' id='word_1_764' title='bbox 1171 2164 1269 2198; x_wconf 86' lang='lat' dir='ltr'><strong>legunt.</strong></span> <span class='ocrx_word' id='word_1_765' title='bbox 1283 2163 1371 2190; x_wconf 85' lang='lat' dir='ltr'><strong>Primo</strong></span> <span class='ocrx_word' id='word_1_766' title='bbox 1389 2170 1452 2198; x_wconf 89' lang='lat' dir='ltr'><strong>ergo</strong></span> <span class='ocrx_word' id='word_1_767' title='bbox 1467 2163 1517 2191; x_wconf 81' lang='lat' dir='ltr'><strong>hoc</strong></span> <span class='ocrx_word' id='word_1_768' title='bbox 1530 2163 1666 2192; x_wconf 87' lang='lat' dir='ltr'><strong>sciendum</strong></span> <span class='ocrx_word' id='word_1_769' title='bbox 1686 2169 1738 2196; x_wconf 87' lang='lat' dir='ltr'><strong>est,</strong></span> 
     </span>
    </p>
   </div>
   <div class='ocr_carea' id='block_1_91' title="bbox 155 2208 923 2244">
    <p class='ocr_par' dir='ltr' id='par_1_91' title="bbox 155 2208 923 2244">
     <span class='ocr_line' id='line_1_91' title="bbox 155 2208 923 2244; baseline 0.009 -10"><span class='ocrx_word' id='word_1_770' title='bbox 155 2209 203 2235; x_wconf 87' lang='lat' dir='ltr'><strong>sed</strong></span> <span class='ocrx_word' id='word_1_771' title='bbox 218 2209 345 2242; x_wconf 82' lang='lat' dir='ltr'><strong>quidam,</strong></span> <span class='ocrx_word' id='word_1_772' title='bbox 362 2213 391 2234; x_wconf 92' lang='lat' dir='ltr'><strong>ut</strong></span> <span class='ocrx_word' id='word_1_773' title='bbox 410 2208 474 2235; x_wconf 91' lang='lat' dir='ltr'><strong>dicit</strong></span> <span class='ocrx_word' id='word_1_774' title='bbox 487 2208 519 2240; x_wconf 77' lang='lat'><strong>”,</strong></span> <span class='ocrx_word' id='word_1_775' title='bbox 535 2216 586 2236; x_wconf 90' lang='lat' dir='ltr'><strong>non</strong></span> <span class='ocrx_word' id='word_1_776' title='bbox 604 2210 772 2238; x_wconf 89' lang='lat' dir='ltr'><strong>crediderunt</strong></span> <span class='ocrx_word' id='word_1_777' title='bbox 791 2213 847 2239; x_wconf 89' lang='lat' dir='ltr'><strong>sive</strong></span> <span class='ocrx_word' id='word_1_778' title='bbox 860 2213 923 2244; x_wconf 86' lang='lat' dir='ltr'><strong>Deo,</strong></span> 
     </span>
    </p>
   </div>
   <div class='ocr_carea' id='block_1_92' title="bbox 155 2253 922 2292">
    <p class='ocr_par' dir='ltr' id='par_1_92' title="bbox 155 2253 922 2292">
     <span class='ocr_line' id='line_1_92' title="bbox 155 2253 922 2292; baseline 0.008 -13"><span class='ocrx_word' id='word_1_779' title='bbox 155 2254 214 2280; x_wconf 86' lang='lat' dir='ltr'><strong>sive</strong></span> <span class='ocrx_word' id='word_1_780' title='bbox 229 2253 348 2288; x_wconf 86' lang='lat' dir='ltr'><strong>eloquiis</strong></span> <span class='ocrx_word' id='word_1_781' title='bbox 366 2253 423 2279; x_wconf 86' lang='lat' dir='ltr'><strong>Dei.</strong></span> <span class='ocrx_word' id='word_1_782' title='bbox 440 2253 519 2280; x_wconf 81' lang='lat' dir='ltr'><strong>Vides</strong></span> <span class='ocrx_word' id='word_1_783' title='bbox 535 2255 596 2287; x_wconf 90' lang='lat' dir='ltr'><strong>quia</strong></span> <span class='ocrx_word' id='word_1_784' title='bbox 613 2255 657 2288; x_wconf 90' lang='lat' dir='ltr'><strong>qui</strong></span> <span class='ocrx_word' id='word_1_785' title='bbox 673 2263 723 2282; x_wconf 90' lang='lat' dir='ltr'><strong>non</strong></span> <span class='ocrx_word' id='word_1_786' title='bbox 741 2258 862 2290; x_wconf 81' lang='lat' dir='ltr'><strong>credunt,</strong></span> <span class='ocrx_word' id='word_1_787' title='bbox 873 2258 922 2292; x_wconf 88' lang='lat' dir='ltr'><strong>ipsi</strong></span> 
     </span>
    </p>
   </div>
   <div class='ocr_carea' id='block_1_93' title="bbox 154 2298 922 2333">
    <p class='ocr_par' dir='ltr' id='par_1_93' title="bbox 154 2298 922 2333">
     <span class='ocr_line' id='line_1_93' title="bbox 154 2298 922 2333; baseline 0.009 -9"><span class='ocrx_word' id='word_1_788' title='bbox 154 2304 220 2325; x_wconf 77' lang='lat' dir='ltr'><strong>sunt</strong></span> <span class='ocrx_word' id='word_1_789' title='bbox 246 2298 400 2325; x_wconf 88' lang='lat' dir='ltr'><strong>secundum</strong></span> <span class='ocrx_word' id='word_1_790' title='bbox 427 2305 545 2330; x_wconf 82' lang='lat' dir='ltr'><strong>carnem,</strong></span> <span class='ocrx_word' id='word_1_791' title='bbox 566 2300 599 2325; x_wconf 87' lang='lat' dir='ltr'><strong>de</strong></span> <span class='ocrx_word' id='word_1_792' title='bbox 616 2299 711 2333; x_wconf 89' lang='lat' dir='ltr'><strong>quibus</strong></span> <span class='ocrx_word' id='word_1_793' title='bbox 723 2306 750 2327; x_wconf 93' lang='lat' dir='ltr'><strong>et</strong></span> <span class='ocrx_word' id='word_1_794' title='bbox 763 2302 824 2329; x_wconf 91' lang='lat' dir='ltr'><strong>alibi</strong></span> <span class='ocrx_word' id='word_1_795' title='bbox 840 2303 922 2331; x_wconf 88' lang='lat' dir='ltr'><strong>dicit:</strong></span> 
     </span>
    </p>
   </div>
   <div class='ocr_carea' id='block_1_94' title="bbox 189 2384 447 2415">
    <p class='ocr_par' dir='ltr' id='par_1_94' title="bbox 189 2384 447 2415">
     <span class='ocr_line' id='line_1_94' title="bbox 189 2384 447 2415; baseline -0.012 -2"><span class='ocrx_word' id='word_1_796' title='bbox 189 2385 213 2402; x_wconf 81' lang='grc'><strong>⁸⁸</strong></span> <span class='ocrx_word' id='word_1_797' title='bbox 230 2386 250 2413; x_wconf 91' lang='lat' dir='ltr'><strong>Ii</strong></span> <span class='ocrx_word' id='word_1_798' title='bbox 270 2384 335 2411; x_wconf 84' lang='lat' dir='ltr'><strong>Cor.</strong></span> <span class='ocrx_word' id='word_1_799' title='bbox 355 2392 383 2411; x_wconf 92' lang='grc' dir='ltr'><strong>ιιι</strong></span> <span class='ocrx_word' id='word_1_800' title='bbox 396 2404 402 2415; x_wconf 86' lang='grc'><strong>,</strong></span> <span class='ocrx_word' id='word_1_801' title='bbox 421 2384 447 2411; x_wconf 87' lang='grc'><strong>6.</strong></span> 
     </span>
    </p>
   </div>
   <div class='ocr_carea' id='block_1_95' title="bbox 495 2384 935 2421">
    <p class='ocr_par' dir='ltr' id='par_1_95' title="bbox 495 2384 935 2421">
     <span class='ocr_line' id='line_1_95' title="bbox 495 2384 935 2421; baseline 0.023 -12"><span class='ocrx_word' id='word_1_802' title='bbox 495 2384 517 2399; x_wconf 71' lang='grc' dir='ltr'><strong>ε’</strong></span> <span class='ocrx_word' id='word_1_803' title='bbox 531 2384 611 2421; x_wconf 76' lang='lat' dir='ltr'><strong>Exod.</strong></span> <span class='ocrx_word' id='word_1_804' title='bbox 629 2393 702 2421; x_wconf 53' lang='lat' dir='ltr'><strong>niti.</strong></span> <span class='ocrx_word' id='word_1_805' title='bbox 719 2387 766 2419; x_wconf 71' lang='lat'><strong>18;</strong></span> <span class='ocrx_word' id='word_1_806' title='bbox 791 2396 874 2421; x_wconf 74' lang='lat' dir='ltr'><strong>sun,</strong></span> <span class='ocrx_word' id='word_1_807' title='bbox 894 2392 935 2419; x_wconf 87' lang='lat' dir='ltr'><strong>l9.</strong></span> 
     </span>
    </p>
   </div>
   <div class='ocr_carea' id='block_1_96' title="bbox 975 2209 1738 2246">
    <p class='ocr_par' dir='ltr' id='par_1_96' title="bbox 975 2209 1738 2246">
     <span class='ocr_line' id='line_1_96' title="bbox 975 2209 1738 2246; baseline -0.001 -9"><span class='ocrx_word' id='word_1_808' title='bbox 975 2212 1036 2246; x_wconf 74' lang='lat' dir='ltr'><strong>quia</strong></span> <span class='ocrx_word' id='word_1_809' title='bbox 1053 2211 1122 2245; x_wconf 90' lang='lat' dir='ltr'><strong>quod</strong></span> <span class='ocrx_word' id='word_1_810' title='bbox 1140 2210 1216 2242; x_wconf 84' lang='lat' dir='ltr'><strong>dixit,</strong></span> <span class='ocrx_word' id='word_1_811' title='bbox 1238 2210 1296 2243; x_wconf 80' lang='lat' dir='ltr'><strong>ﬁat,</strong></span> <span class='ocrx_word' id='word_1_812' title='bbox 1318 2216 1371 2236; x_wconf 92' lang='lat' dir='ltr'><strong>non</strong></span> <span class='ocrx_word' id='word_1_813' title='bbox 1388 2210 1543 2244; x_wconf 86' lang='lat' dir='ltr'><strong>imperativo</strong></span> <span class='ocrx_word' id='word_1_814' title='bbox 1565 2209 1643 2237; x_wconf 90' lang='lat' dir='ltr'><strong>modo</strong></span> <span class='ocrx_word' id='word_1_815' title='bbox 1662 2209 1738 2238; x_wconf 87' lang='lat' dir='ltr'><strong>dicit.</strong></span> 
     </span>
    </p>
   </div>
   <div class='ocr_carea' id='block_1_97' title="bbox 976 2254 1739 2289">
    <p class='ocr_par' dir='ltr' id='par_1_97' title="bbox 976 2254 1739 2289">
     <span class='ocr_line' id='line_1_97' title="bbox 976 2254 1739 2289; baseline -0.003 -6"><span class='ocrx_word' id='word_1_816' title='bbox 976 2256 1092 2283; x_wconf 88' lang='lat' dir='ltr'><strong>Stultum</strong></span> <span class='ocrx_word' id='word_1_817' title='bbox 1106 2259 1147 2282; x_wconf 85' lang='lat' dir='ltr'><strong>est</strong></span> <span class='ocrx_word' id='word_1_818' title='bbox 1163 2254 1233 2281; x_wconf 90' lang='lat' dir='ltr'><strong>enim</strong></span> <span class='ocrx_word' id='word_1_819' title='bbox 1246 2254 1268 2282; x_wconf 92' lang='lat' dir='ltr'><strong>si</strong></span> <span class='ocrx_word' id='word_1_820' title='bbox 1286 2258 1391 2288; x_wconf 83' lang='lat' dir='ltr'><strong>putetur</strong></span> <span class='ocrx_word' id='word_1_821' title='bbox 1407 2254 1587 2289; x_wconf 89' lang='lat' dir='ltr'><strong>imperandum</strong></span> <span class='ocrx_word' id='word_1_822' title='bbox 1606 2261 1666 2281; x_wconf 88' lang='lat' dir='ltr'><strong>esse</strong></span> <span class='ocrx_word' id='word_1_823' title='bbox 1685 2255 1739 2282; x_wconf 91' lang='lat' dir='ltr'><strong>Deo</strong></span> 
     </span>
    </p>
   </div>
   <div class='ocr_carea' id='block_1_98' title="bbox 975 2298 1736 2330">
    <p class='ocr_par' dir='ltr' id='par_1_98' title="bbox 975 2298 1736 2330">
     <span class='ocr_line' id='line_1_98' title="bbox 975 2298 1736 2330; baseline -0.001 -3"><span class='ocrx_word' id='word_1_824' title='bbox 975 2307 1004 2328; x_wconf 91' lang='lat' dir='ltr'><strong>ut</strong></span> <span class='ocrx_word' id='word_1_825' title='bbox 1018 2308 1097 2327; x_wconf 80' lang='lat' dir='ltr'><strong>verax</strong></span> <span class='ocrx_word' id='word_1_826' title='bbox 1116 2301 1171 2326; x_wconf 83' lang='lat' dir='ltr'><strong>liat.</strong></span> <span class='ocrx_word' id='word_1_827' title='bbox 1187 2299 1239 2327; x_wconf 87' lang='lat' dir='ltr'><strong>Sed</strong></span> <span class='ocrx_word' id='word_1_828' title='bbox 1255 2305 1283 2326; x_wconf 88' lang='lat' dir='ltr'><strong>ut</strong></span> <span class='ocrx_word' id='word_1_829' title='bbox 1295 2299 1408 2327; x_wconf 84' lang='lat' dir='ltr'><strong>dicimus</strong></span> <span class='ocrx_word' id='word_1_830' title='bbox 1424 2308 1430 2326; x_wconf 86' lang='lat'>:</span> <span class='ocrx_word' id='word_1_831' title='bbox 1449 2308 1459 2324; x_wconf 76' lang='grc' dir='ltr'>ί</span> <span class='ocrx_word' id='word_1_832' title='bbox 1474 2298 1534 2326; x_wconf 85' lang='lat' dir='ltr'><strong>Fiat</strong></span> <span class='ocrx_word' id='word_1_833' title='bbox 1547 2299 1666 2326; x_wconf 84' lang='lat' dir='ltr'><strong>voluntas</strong></span> <span class='ocrx_word' id='word_1_834' title='bbox 1683 2303 1736 2330; x_wconf 87' lang='lat' dir='ltr'><strong>tua,</strong></span> 
     </span>
    </p>
   </div>
   <div class='ocr_carea' id='block_1_99' title="bbox 985 2386 1746 2419">
    <p class='ocr_par' dir='ltr' id='par_1_99' title="bbox 985 2386 1746 2419">
     <span class='ocr_line' id='line_1_99' title="bbox 985 2386 1746 2419; baseline -0.005 -3"><span class='ocrx_word' id='word_1_835' title='bbox 985 2392 1007 2407; x_wconf 74' lang='grc' dir='ltr'>ω</span> <span class='ocrx_word' id='word_1_836' title='bbox 1020 2388 1112 2416; x_wconf 85' lang='lat' dir='ltr'><strong>Matth.</strong></span> <span class='ocrx_word' id='word_1_837' title='bbox 1135 2395 1198 2419; x_wconf 76' lang='lat' dir='ltr'><strong>ut,</strong></span> <span class='ocrx_word' id='word_1_838' title='bbox 1217 2387 1261 2414; x_wconf 73' lang='grc'><strong>43.</strong></span> <span class='ocrx_word' id='word_1_839' title='bbox 1308 2387 1329 2403; x_wconf 72' lang='grc' dir='ltr'><strong>θ’</strong></span> <span class='ocrx_word' id='word_1_840' title='bbox 1344 2386 1352 2412; x_wconf 97' lang='lat' dir='ltr'><strong>l</strong></span> <span class='ocrx_word' id='word_1_841' title='bbox 1367 2386 1428 2413; x_wconf 87' lang='lat' dir='ltr'><strong>Cor.</strong></span> <span class='ocrx_word' id='word_1_842' title='bbox 1455 2393 1488 2417; x_wconf 87' lang='lat' dir='ltr'><strong>ll,</strong></span> <span class='ocrx_word' id='word_1_843' title='bbox 1511 2386 1537 2412; x_wconf 87' lang='lat'><strong>6.</strong></span> <span class='ocrx_word' id='word_1_844' title='bbox 1588 2386 1609 2401; x_wconf 87' lang='grc'><strong>⁶¹</strong></span> <span class='ocrx_word' id='word_1_845' title='bbox 1621 2386 1687 2413; x_wconf 86' lang='lat' dir='ltr'><strong>ibid.</strong></span> <span class='ocrx_word' id='word_1_846' title='bbox 1709 2388 1746 2413; x_wconf 77' lang='lat'><strong>2-.-</strong></span> 
     </span>
    </p>
   </div>
   <div class='ocr_carea' id='block_1_100' title="bbox 153 2418 928 2456">
    <p class='ocr_par' dir='ltr' id='par_1_100' title="bbox 153 2418 919 2456">
     <span class='ocr_line' id='line_1_100' title="bbox 153 2418 919 2456; baseline 0.003 -10"><span class='ocrx_word' id='word_1_847' title='bbox 184 2421 268 2456; x_wconf 80' lang='lat' dir='ltr'><strong>Hebr.</strong></span> <span class='ocrx_word' id='word_1_848' title='bbox 278 2427 305 2450; x_wconf 91' lang='lat' dir='ltr'><strong>v,</strong></span> <span class='ocrx_word' id='word_1_849' title='bbox 320 2418 362 2456; x_wconf 27' lang='lat'><strong>1‘2».</strong></span> <span class='ocrx_word' id='word_1_850' title='bbox 400 2418 510 2456; x_wconf 44' lang='lat'><strong>.130&quot;).</strong></span> <span class='ocrx_word' id='word_1_851' title='bbox 524 2419 617 2456; x_wconf 41' lang='lat' dir='ltr'><strong>tum}.</strong></span> <span class='ocrx_word' id='word_1_852' title='bbox 686 2420 753 2456; x_wconf 65' lang='lat' dir='ltr'><strong>Psal.</strong></span> <span class='ocrx_word' id='word_1_853' title='bbox 772 2431 809 2451; x_wconf 71' lang='grc' dir='ltr'>ιιι,</span> <span class='ocrx_word' id='word_1_854' title='bbox 829 2425 854 2450; x_wconf 93' lang='grc'><strong>7.</strong></span> <span class='ocrx_word' id='word_1_855' title='bbox 868 2418 873 2421; x_wconf 70' lang='grc'><em>’</em></span> <span class='ocrx_word' id='word_1_856' title='bbox 891 2418 919 2441; x_wconf 21' lang='grc' dir='ltr'><strong>θον</strong></span> 
     </span>
    </p>
   </div>
   <div class='ocr_carea' id='block_1_101' title="bbox 979 2418 1738 2456">
    <p class='ocr_par' dir='ltr' id='par_1_101' title="bbox 979 2418 1738 2456">
     <span class='ocr_line' id='line_1_101' title="bbox 979 2418 1738 2456; baseline -0.007 -4"><span class='ocrx_word' id='word_1_857' title='bbox 979 2433 1005 2452; x_wconf 92' lang='lat' dir='ltr'><strong>n.</strong></span> <span class='ocrx_word' id='word_1_858' title='bbox 1017 2432 1055 2456; x_wconf 90' lang='grc' dir='ltr'>ιιι,</span> <span class='ocrx_word' id='word_1_859' title='bbox 1070 2423 1096 2450; x_wconf 77' lang='lat'><strong>3.</strong></span> <span class='ocrx_word' id='word_1_860' title='bbox 1134 2423 1155 2438; x_wconf 84' lang='grc'><strong>⁸⁷</strong></span> <span class='ocrx_word' id='word_1_861' title='bbox 1170 2418 1251 2449; x_wconf 86' lang='lat' dir='ltr'><strong>lCor.</strong></span> <span class='ocrx_word' id='word_1_862' title='bbox 1267 2429 1293 2452; x_wconf 91' lang='grc' dir='ltr'><strong>ιι,</strong></span> <span class='ocrx_word' id='word_1_863' title='bbox 1311 2421 1353 2456; x_wconf 75' lang='grc' dir='ltr'>ιι.</span> <span class='ocrx_word' id='word_1_864' title='bbox 1391 2420 1411 2436; x_wconf 79' lang='grc'><strong>⁸⁸</strong></span> <span class='ocrx_word' id='word_1_865' title='bbox 1429 2421 1505 2447; x_wconf 74' lang='lat' dir='ltr'><strong>Rom.</strong></span> <span class='ocrx_word' id='word_1_866' title='bbox 1518 2427 1557 2452; x_wconf 85' lang='grc' dir='ltr'>ιιι,</span> <span class='ocrx_word' id='word_1_867' title='bbox 1572 2420 1599 2446; x_wconf 80' lang='grc'><strong>5.</strong></span> <span class='ocrx_word' id='word_1_868' title='bbox 1637 2421 1659 2436; x_wconf 75' lang='grc'><strong>⁸³</strong></span> <span class='ocrx_word' id='word_1_869' title='bbox 1673 2421 1738 2448; x_wconf 83' lang='lat' dir='ltr'><strong>ibid.</strong></span> 
     </span>
    </p>
   </div>
   <div class='ocr_carea' id='block_1_102' title="bbox 152 2451 928 2490">
    <p class='ocr_par' dir='ltr' id='par_1_102' title="bbox 152 2451 906 2490">
     <span class='ocr_line' id='line_1_102' title="bbox 152 2451 906 2490; baseline 0.008 -10"><span class='ocrx_word' id='word_1_870' title='bbox 152 2451 177 2471; x_wconf 81' lang='lat'><strong>&#39;°</strong></span> <span class='ocrx_word' id='word_1_871' title='bbox 188 2455 275 2481; x_wconf 81' lang='lat' dir='ltr'><strong>Mich.</strong></span> <span class='ocrx_word' id='word_1_872' title='bbox 294 2461 332 2484; x_wconf 88' lang='lat' dir='ltr'><strong>vt,</strong></span> <span class='ocrx_word' id='word_1_873' title='bbox 345 2454 370 2480; x_wconf 76' lang='lat'><strong>2.</strong></span> <span class='ocrx_word' id='word_1_874' title='bbox 408 2453 429 2467; x_wconf 84' lang='grc'><strong>⁷¹</strong></span> <span class='ocrx_word' id='word_1_875' title='bbox 447 2453 507 2479; x_wconf 83' lang='lat' dir='ltr'><strong>lsai.</strong></span> <span class='ocrx_word' id='word_1_876' title='bbox 523 2453 617 2484; x_wconf 58' lang='lat' dir='ltr'><strong>lll,14.</strong></span> <span class='ocrx_word' id='word_1_877' title='bbox 654 2454 676 2469; x_wconf 81' lang='grc'><strong>⁸¹²</strong></span> <span class='ocrx_word' id='word_1_878' title='bbox 692 2454 752 2481; x_wconf 81' lang='lat' dir='ltr'><strong>lsai.</strong></span> <span class='ocrx_word' id='word_1_879' title='bbox 771 2464 847 2490; x_wconf 83' lang='lat' dir='ltr'><strong>mu,</strong></span> <span class='ocrx_word' id='word_1_880' title='bbox 863 2459 906 2486; x_wconf 77' lang='grc'><strong>26.</strong></span> 
     </span>
    </p>
   </div>
   <div class='ocr_carea' id='block_1_103' title="bbox 979 2451 1330 2490">
    <p class='ocr_par' dir='ltr' id='par_1_103' title="bbox 979 2451 1330 2488">
     <span class='ocr_line' id='line_1_103' title="bbox 979 2451 1330 2488; baseline -0.014 -2"><span class='ocrx_word' id='word_1_881' title='bbox 979 2451 1055 2486; x_wconf 65' lang='lat' dir='ltr'><strong>nom:</strong></span> <span class='ocrx_word' id='word_1_882' title='bbox 1069 2465 1109 2488; x_wconf 85' lang='grc' dir='ltr'>ιιι,</span> <span class='ocrx_word' id='word_1_883' title='bbox 1125 2457 1151 2484; x_wconf 84' lang='lat'><strong>5.</strong></span> <span class='ocrx_word' id='word_1_884' title='bbox 1186 2456 1209 2472; x_wconf 70' lang='grc' dir='ltr'>τι</span> <span class='ocrx_word' id='word_1_885' title='bbox 1225 2451 1290 2482; x_wconf 74' lang='lat' dir='ltr'><strong>ibid.</strong></span> <span class='ocrx_word' id='word_1_886' title='bbox 1303 2455 1330 2482; x_wconf 83' lang='lat'><strong>4.</strong></span> 
     </span>
    </p>
   </div>
   <div class='ocr_carea' id='block_1_104' title="bbox 189 2530 919 2566">
    <p class='ocr_par' dir='ltr' id='par_1_104' title="bbox 189 2530 919 2566">
     <span class='ocr_line' id='line_1_104' title="bbox 189 2530 919 2566; baseline 0.007 -8"><span class='ocrx_word' id='word_1_887' title='bbox 189 2531 248 2566; x_wconf 85' lang='lat'><strong>(68)</strong></span> <span class='ocrx_word' id='word_1_888' title='bbox 264 2530 348 2561; x_wconf 83' lang='lat' dir='ltr'><strong>Editi,</strong></span> <span class='ocrx_word' id='word_1_889' title='bbox 369 2539 378 2556; x_wconf 86' lang='lat' dir='ltr'><strong>t</strong></span> <span class='ocrx_word' id='word_1_890' title='bbox 394 2530 476 2557; x_wconf 87' lang='lat' dir='ltr'><strong>solam</strong></span> <span class='ocrx_word' id='word_1_891' title='bbox 499 2531 567 2564; x_wconf 91' lang='lat' dir='ltr'><strong>apud</strong></span> <span class='ocrx_word' id='word_1_892' title='bbox 580 2537 625 2557; x_wconf 87' lang='lat' dir='ltr'><strong>eos</strong></span> <span class='ocrx_word' id='word_1_893' title='bbox 639 2538 697 2564; x_wconf 84' lang='lat' dir='ltr'><strong>quae</strong></span> <span class='ocrx_word' id='word_1_894' title='bbox 718 2533 815 2560; x_wconf 87' lang='lat' dir='ltr'><strong>occidit</strong></span> <span class='ocrx_word' id='word_1_895' title='bbox 831 2534 919 2563; x_wconf 86' lang='lat' dir='ltr'><strong>haberi</strong></span> 
     </span>
    </p>
   </div>
   <div class='ocr_carea' id='block_1_105' title="bbox 152 2566 384 2594">
    <p class='ocr_par' dir='ltr' id='par_1_105' title="bbox 152 2566 384 2594">
     <span class='ocr_line' id='line_1_105' title="bbox 152 2566 384 2594; baseline 0 -2"><span class='ocrx_word' id='word_1_896' title='bbox 152 2566 286 2594; x_wconf 79' lang='lat' dir='ltr'><strong>litteram,</strong></span> <span class='ocrx_word' id='word_1_897' title='bbox 309 2573 318 2589; x_wconf 73' lang='grc' dir='ltr'><strong>ι</strong></span> <span class='ocrx_word' id='word_1_898' title='bbox 331 2569 384 2592; x_wconf 87' lang='lat' dir='ltr'><strong>etc.</strong></span> 
     </span>
    </p>
   </div>
   <div class='ocr_carea' id='block_1_106' title="bbox 189 2598 921 2635">
    <p class='ocr_par' dir='ltr' id='par_1_106' title="bbox 189 2598 921 2635">
     <span class='ocr_line' id='line_1_106' title="bbox 189 2598 921 2635; baseline 0.007 -9"><span class='ocrx_word' id='word_1_899' title='bbox 189 2599 248 2635; x_wconf 83' lang='grc'>(69)</span> <span class='ocrx_word' id='word_1_900' title='bbox 275 2598 363 2630; x_wconf 84' lang='lat' dir='ltr'><strong>Editi,</strong></span> <span class='ocrx_word' id='word_1_901' title='bbox 391 2608 401 2624; x_wconf 74' lang='grc' dir='ltr'><strong>ι</strong></span> <span class='ocrx_word' id='word_1_902' title='bbox 425 2603 452 2625; x_wconf 92' lang='lat' dir='ltr'><strong>et</strong></span> <span class='ocrx_word' id='word_1_903' title='bbox 474 2598 611 2625; x_wconf 87' lang='lat' dir='ltr'><strong>videamus</strong></span> <span class='ocrx_word' id='word_1_904' title='bbox 636 2605 714 2631; x_wconf 90' lang='lat' dir='ltr'><strong>quam</strong></span> <span class='ocrx_word' id='word_1_905' title='bbox 734 2600 921 2634; x_wconf 83' lang='lat' dir='ltr'><strong>magniﬁcave-</strong></span> 
     </span>
    </p>
   </div>
   <div class='ocr_carea' id='block_1_107' title="bbox 154 2635 305 2665">
    <p class='ocr_par' dir='ltr' id='par_1_107' title="bbox 154 2635 305 2665">
     <span class='ocr_line' id='line_1_107' title="bbox 154 2635 305 2665; baseline 0.013 -6"><span class='ocrx_word' id='word_1_906' title='bbox 154 2635 200 2665; x_wconf 86' lang='lat' dir='ltr'><strong>rit,</strong></span> <span class='ocrx_word' id='word_1_907' title='bbox 224 2643 232 2658; x_wconf 78' lang='grc' dir='ltr'><strong>ι</strong></span> <span class='ocrx_word' id='word_1_908' title='bbox 249 2639 305 2661; x_wconf 81' lang='lat' dir='ltr'><strong>etc.</strong></span> 
     </span>
    </p>
   </div>
   <div class='ocr_carea' id='block_1_108' title="bbox 190 2665 740 2702">
    <p class='ocr_par' dir='ltr' id='par_1_108' title="bbox 190 2665 740 2702">
     <span class='ocr_line' id='line_1_108' title="bbox 190 2665 740 2702; baseline -0.002 -8"><span class='ocrx_word' id='word_1_909' title='bbox 190 2667 248 2702; x_wconf 79' lang='lat'><strong>(76)</strong></span> <span class='ocrx_word' id='word_1_910' title='bbox 266 2667 381 2702; x_wconf 67' lang='lat' dir='ltr'><strong>Regnum</strong></span> <span class='ocrx_word' id='word_1_911' title='bbox 401 2667 456 2693; x_wconf 86' lang='lat' dir='ltr'><strong>Dei.</strong></span> <span class='ocrx_word' id='word_1_912' title='bbox 469 2667 495 2702; x_wconf 86' lang='lat' dir='ltr'><strong>in</strong></span> <span class='ocrx_word' id='word_1_913' title='bbox 508 2666 585 2702; x_wconf 84' lang='lat' dir='ltr'><strong>editis</strong></span> <span class='ocrx_word' id='word_1_914' title='bbox 598 2665 740 2702; x_wconf 83' lang='lat' dir='ltr'><strong>omittitur.</strong></span> 
     </span>
    </p>
   </div>
   <div class='ocr_carea' id='block_1_109' title="bbox 188 2700 919 2737">
    <p class='ocr_par' dir='ltr' id='par_1_109' title="bbox 188 2700 919 2737">
     <span class='ocr_line' id='line_1_109' title="bbox 188 2700 919 2737; baseline 0.005 -11"><span class='ocrx_word' id='word_1_915' title='bbox 188 2700 246 2735; x_wconf 85' lang='lat' dir='ltr'><strong>(7i)</strong></span> <span class='ocrx_word' id='word_1_916' title='bbox 259 2700 327 2737; x_wconf 52' lang='lat' dir='ltr'><strong>Quis</strong></span> <span class='ocrx_word' id='word_1_917' title='bbox 337 2706 417 2737; x_wconf 75' lang='lat' dir='ltr'><strong>potest</strong></span> <span class='ocrx_word' id='word_1_918' title='bbox 427 2700 494 2737; x_wconf 71' lang='lat' dir='ltr'><strong>,_cls_t&#39;</strong></span> <span class='ocrx_word' id='word_1_919' title='bbox 505 2700 608 2737; x_wconf 77' lang='lat' dir='ltr'><strong>i_do_r_teus</strong></span> <span class='ocrx_word' id='word_1_920' title='bbox 616 2701 698 2737; x_wconf 54' lang='lat' dir='ltr'><strong>estad</strong></span> <span class='ocrx_word' id='word_1_921' title='bbox 706 2701 818 2737; x_wconf 73' lang='lat' dir='ltr'><strong>solidum</strong></span> <span class='ocrx_word' id='word_1_922' title='bbox 826 2702 919 2737; x_wconf 73' lang='lat' dir='ltr'><strong>cibum,</strong></span> 
     </span>
    </p>
   </div>
   <div class='ocr_carea' id='block_1_110' title="bbox 152 2733 920 2796">
    <p class='ocr_par' dir='ltr' id='par_1_110' title="bbox 152 2733 920 2796">
     <span class='ocr_line' id='line_1_110' title="bbox 152 2733 920 2796; baseline 0.007 -35"><span class='ocrx_word' id='word_1_923' title='bbox 152 2733 200 2796; x_wconf 46' lang='lat' dir='ltr'><strong>illis</strong></span> <span class='ocrx_word' id='word_1_924' title='bbox 213 2733 342 2774; x_wconf 66' lang='lat' dir='ltr'><strong>suscipiai</strong></span> <span class='ocrx_word' id='word_1_925' title='bbox 356 2735 456 2769; x_wconf 75' lang='lat' dir='ltr'><strong>eloquia</strong></span> <span class='ocrx_word' id='word_1_926' title='bbox 472 2733 524 2760; x_wconf 74' lang='lat' dir='ltr'><strong>Dei.</strong></span> <span class='ocrx_word' id='word_1_927' title='bbox 539 2733 596 2760; x_wconf 63' lang='lat' dir='ltr'><strong>llaec</strong></span> <span class='ocrx_word' id='word_1_928' title='bbox 607 2734 791 2764; x_wconf 81' lang='lat' dir='ltr'><strong>desiderantur</strong></span> <span class='ocrx_word' id='word_1_929' title='bbox 802 2736 828 2763; x_wconf 91' lang='lat' dir='ltr'><strong>in</strong></span> <span class='ocrx_word' id='word_1_930' title='bbox 842 2733 920 2766; x_wconf 77' lang='lat' dir='ltr'><strong>antea</strong></span> 
     </span>
     <span class='ocr_line' id='line_1_111' title="bbox 153 2775 244 2796; baseline 0.011 -1"><span class='ocrx_word' id='word_1_931' title='bbox 153 2777 177 2795; x_wconf 66' lang='lat' dir='ltr'><strong>et</strong></span> <span class='ocrx_word' id='word_1_932' title='bbox 189 2775 244 2796; x_wconf 87' lang='lat' dir='ltr'><strong>lllS.</strong></span> 
     </span>
    </p>
   </div>
   <div class='ocr_carea' id='block_1_111' title="bbox 153 2775 244 2796">
    <p class='ocr_par' dir='ltr' id='par_1_111' title="bbox 153 2775 244 2796">
     <span class='ocr_line' id='line_1_112' title="bbox 153 2775 244 2796; baseline 0 -1"><span class='ocrx_word' id='word_1_933' title='bbox 153 2775 244 2796; x_wconf 77' lang='lat' dir='ltr'><strong>etilllS.</strong></span> 
     </span>
    </p>
   </div>
   <div class='ocr_carea' id='block_1_112' title="bbox 1008 2531 1511 2568">
    <p class='ocr_par' dir='ltr' id='par_1_112' title="bbox 1008 2531 1511 2568">
     <span class='ocr_line' id='line_1_113' title="bbox 1008 2531 1511 2568; baseline -0.006 -7"><span class='ocrx_word' id='word_1_934' title='bbox 1008 2534 1064 2568; x_wconf 68' lang='grc'>(72)</span> <span class='ocrx_word' id='word_1_935' title='bbox 1079 2532 1221 2560; x_wconf 80' lang='lat' dir='ltr'><strong>Probatum</strong></span> <span class='ocrx_word' id='word_1_936' title='bbox 1236 2531 1368 2568; x_wconf 79' lang='lat' dir='ltr'><strong>omittitur</strong></span> <span class='ocrx_word' id='word_1_937' title='bbox 1381 2531 1407 2558; x_wconf 89' lang='lat' dir='ltr'><strong>in</strong></span> <span class='ocrx_word' id='word_1_938' title='bbox 1420 2531 1511 2558; x_wconf 87' lang='lat' dir='ltr'><strong>editis.</strong></span> 
     </span>
    </p>
   </div>
   <div class='ocr_carea' id='block_1_113' title="bbox 1020 2566 1410 2603">
    <p class='ocr_par' dir='ltr' id='par_1_113' title="bbox 1020 2566 1410 2603">
     <span class='ocr_line' id='line_1_114' title="bbox 1020 2566 1410 2603; baseline -0.005 -8"><span class='ocrx_word' id='word_1_939' title='bbox 1020 2566 1062 2603; x_wconf 78' lang='lat'><strong>75)</strong></span> <span class='ocrx_word' id='word_1_940' title='bbox 1083 2568 1161 2603; x_wconf 62' lang='lat' dir='ltr'><strong>Editi,</strong></span> <span class='ocrx_word' id='word_1_941' title='bbox 1176 2576 1186 2592; x_wconf 84' lang='grc' dir='ltr'><strong>ι</strong></span> <span class='ocrx_word' id='word_1_942' title='bbox 1205 2566 1384 2603; x_wconf 78' lang='lat' dir='ltr'><strong>incredulitas.</strong></span> <span class='ocrx_word' id='word_1_943' title='bbox 1400 2575 1410 2603; x_wconf 58' lang='grc' dir='ltr'>ξ</span> 
     </span>
    </p>
   </div>
   <div class='ocr_carea' id='block_1_114' title="bbox 1018 2598 1586 2635">
    <p class='ocr_par' dir='ltr' id='par_1_114' title="bbox 1018 2598 1586 2635">
     <span class='ocr_line' id='line_1_115' title="bbox 1018 2598 1586 2635; baseline -0.009 -6"><span class='ocrx_word' id='word_1_944' title='bbox 1018 2598 1061 2635; x_wconf 72' lang='grc'>74)</span> <span class='ocrx_word' id='word_1_945' title='bbox 1075 2601 1280 2635; x_wconf 72' lang='lat' dir='ltr'><strong>Geuebrardus,</strong></span> <span class='ocrx_word' id='word_1_946' title='bbox 1293 2609 1302 2624; x_wconf 82' lang='grc' dir='ltr'><strong>ι</strong></span> <span class='ocrx_word' id='word_1_947' title='bbox 1319 2598 1457 2635; x_wconf 84' lang='lat' dir='ltr'><strong>custodiis,</strong></span> <span class='ocrx_word' id='word_1_948' title='bbox 1478 2609 1487 2625; x_wconf 77' lang='grc' dir='ltr'><strong>ι</strong></span> <span class='ocrx_word' id='word_1_949' title='bbox 1504 2598 1586 2625; x_wconf 87' lang='lat' dir='ltr'><strong>male.</strong></span> 
     </span>
    </p>
   </div>
   <div class='ocr_carea' id='block_1_115' title="bbox 1005 2630 1749 2669">
    <p class='ocr_par' dir='ltr' id='par_1_115' title="bbox 1005 2630 1749 2669">
     <span class='ocr_line' id='line_1_116' title="bbox 1005 2630 1749 2669; baseline -0.007 -7"><span class='ocrx_word' id='word_1_950' title='bbox 1005 2630 1060 2669; x_wconf 75' lang='grc'>(75)</span> <span class='ocrx_word' id='word_1_951' title='bbox 1076 2635 1155 2666; x_wconf 84' lang='lat' dir='ltr'><strong>Editi,</strong></span> <span class='ocrx_word' id='word_1_952' title='bbox 1168 2643 1177 2659; x_wconf 86' lang='grc' dir='ltr'><strong>ι</strong></span> <span class='ocrx_word' id='word_1_953' title='bbox 1194 2634 1328 2668; x_wconf 84' lang='lat' dir='ltr'><strong>quietiam</strong></span> <span class='ocrx_word' id='word_1_954' title='bbox 1336 2634 1358 2660; x_wconf 89' lang='lat' dir='ltr'><strong>si</strong></span> <span class='ocrx_word' id='word_1_955' title='bbox 1369 2634 1430 2667; x_wconf 91' lang='lat' dir='ltr'><strong>quid</strong></span> <span class='ocrx_word' id='word_1_956' title='bbox 1441 2635 1609 2669; x_wconf 69' lang='lat' dir='ltr'><strong>justumest.</strong></span> <span class='ocrx_word' id='word_1_957' title='bbox 1626 2639 1636 2655; x_wconf 78' lang='grc' dir='ltr'><strong>ι</strong></span> <span class='ocrx_word' id='word_1_958' title='bbox 1655 2630 1749 2657; x_wconf 75' lang='lat' dir='ltr'><strong>Codex</strong></span> 
     </span>
    </p>
   </div>
   <div class='ocr_carea' id='block_1_116' title="bbox 972 2665 1752 2701">
    <p class='ocr_par' dir='ltr' id='par_1_116' title="bbox 972 2665 1752 2701">
     <span class='ocr_line' id='line_1_117' title="bbox 972 2665 1752 2701; baseline -0.012 -3"><span class='ocrx_word' id='word_1_959' title='bbox 972 2665 1151 2701; x_wconf 72' lang='lat' dir='ltr'><strong>Ebroicensis,</strong></span> <span class='ocrx_word' id='word_1_960' title='bbox 1166 2677 1176 2694; x_wconf 78' lang='grc' dir='ltr'><strong>ι</strong></span> <span class='ocrx_word' id='word_1_961' title='bbox 1198 2665 1242 2701; x_wconf 80' lang='lat' dir='ltr'><strong>qui</strong></span> <span class='ocrx_word' id='word_1_962' title='bbox 1262 2668 1341 2694; x_wconf 89' lang='lat' dir='ltr'><strong>etiam</strong></span> <span class='ocrx_word' id='word_1_963' title='bbox 1362 2665 1461 2701; x_wconf 78' lang='lat' dir='ltr'><strong>siquid</strong></span> <span class='ocrx_word' id='word_1_964' title='bbox 1484 2666 1556 2700; x_wconf 91' lang='lat' dir='ltr'><strong>quod</strong></span> <span class='ocrx_word' id='word_1_965' title='bbox 1572 2665 1684 2699; x_wconf 84' lang='lat' dir='ltr'><strong>justum</strong></span> <span class='ocrx_word' id='word_1_966' title='bbox 1710 2670 1752 2701; x_wconf 74' lang='lat' dir='ltr'><strong>est</strong></span> 
     </span>
    </p>
   </div>
   <div class='ocr_carea' id='block_1_117' title="bbox 973 2700 1754 2738">
    <p class='ocr_par' dir='ltr' id='par_1_117' title="bbox 973 2700 1754 2738">
     <span class='ocr_line' id='line_1_118' title="bbox 973 2700 1754 2738; baseline -0.008 -7"><span class='ocrx_word' id='word_1_967' title='bbox 973 2706 1035 2738; x_wconf 76' lang='lat' dir='ltr'><strong>agit.</strong></span> <span class='ocrx_word' id='word_1_968' title='bbox 1060 2713 1069 2728; x_wconf 77' lang='grc' dir='ltr'><strong>ι</strong></span> <span class='ocrx_word' id='word_1_969' title='bbox 1086 2700 1146 2738; x_wconf 70' lang='lat' dir='ltr'><strong>Sed</strong></span> <span class='ocrx_word' id='word_1_970' title='bbox 1158 2700 1253 2738; x_wconf 81' lang='lat' dir='ltr'><strong>meiior</strong></span> <span class='ocrx_word' id='word_1_971' title='bbox 1266 2702 1378 2738; x_wconf 72' lang='lat' dir='ltr'><strong>videtur</strong></span> <span class='ocrx_word' id='word_1_972' title='bbox 1388 2700 1465 2728; x_wconf 80' lang='lat' dir='ltr'><strong>lectio</strong></span> <span class='ocrx_word' id='word_1_973' title='bbox 1482 2706 1659 2735; x_wconf 21' lang='lat' dir='ltr'><strong>cancrorum.</strong></span> <span class='ocrx_word' id='word_1_974' title='bbox 1677 2700 1754 2725; x_wconf 81' lang='lat' dir='ltr'><strong>codi-</strong></span> 
     </span>
    </p>
   </div>
   <div class='ocr_carea' id='block_1_118' title="bbox 973 2736 1546 2770">
    <p class='ocr_par' dir='ltr' id='par_1_118' title="bbox 973 2736 1546 2770">
     <span class='ocr_line' id='line_1_119' title="bbox 973 2736 1546 2770; baseline -0.009 -6"><span class='ocrx_word' id='word_1_975' title='bbox 973 2736 1044 2767; x_wconf 80' lang='lat' dir='ltr'><strong>cum.</strong></span> <span class='ocrx_word' id='word_1_976' title='bbox 1067 2746 1075 2762; x_wconf 83' lang='lat' dir='ltr'><strong>t</strong></span> <span class='ocrx_word' id='word_1_977' title='bbox 1097 2737 1157 2770; x_wconf 90' lang='lat' dir='ltr'><strong>quia</strong></span> <span class='ocrx_word' id='word_1_978' title='bbox 1169 2737 1251 2762; x_wconf 87' lang='lat' dir='ltr'><strong>etiaut</strong></span> <span class='ocrx_word' id='word_1_979' title='bbox 1261 2736 1282 2762; x_wconf 93' lang='lat' dir='ltr'><strong>si</strong></span> <span class='ocrx_word' id='word_1_980' title='bbox 1299 2737 1357 2769; x_wconf 84' lang='lat' dir='ltr'><strong>quis</strong></span> <span class='ocrx_word' id='word_1_981' title='bbox 1370 2736 1458 2770; x_wconf 89' lang='lat' dir='ltr'><strong>justus</strong></span> <span class='ocrx_word' id='word_1_982' title='bbox 1468 2738 1516 2761; x_wconf 85' lang='lat' dir='ltr'><strong>est.</strong></span> <span class='ocrx_word' id='word_1_983' title='bbox 1536 2743 1546 2759; x_wconf 78' lang='grc' dir='ltr'><strong>ι</strong></span> 
     </span>
    </p>
   </div>
   <div class='ocr_carea' id='block_1_119' title="bbox 1008 2770 1311 2808">
    <p class='ocr_par' dir='ltr' id='par_1_119' title="bbox 1008 2770 1311 2808">
     <span class='ocr_line' id='line_1_120' title="bbox 1008 2770 1311 2808; baseline -0.003 -11"><span class='ocrx_word' id='word_1_984' title='bbox 1008 2772 1062 2808; x_wconf 83' lang='grc'>(76)</span> <span class='ocrx_word' id='word_1_985' title='bbox 1079 2771 1133 2804; x_wconf 80' lang='lat' dir='ltr'><strong>AL,</strong></span> <span class='ocrx_word' id='word_1_986' title='bbox 1151 2780 1161 2797; x_wconf 79' lang='grc' dir='ltr'><strong>ι</strong></span> <span class='ocrx_word' id='word_1_987' title='bbox 1176 2770 1282 2798; x_wconf 86' lang='lat' dir='ltr'><strong>ibidem.</strong></span> <span class='ocrx_word' id='word_1_988' title='bbox 1302 2779 1311 2796; x_wconf 75' lang='grc' dir='ltr'><strong>ι</strong></span> 
     </span>
    </p>
   </div>
  </div>
