3836 6228
357 281 457 335 91‘)

1743 271 2055 330 ()RIGENIS

3509 240 3621 295 9'20

357 403 495 449 stcut
522 397 574 448 in
600 396 751 459 rmlo,
780 405 830 447 et
855 394 903 446 in
936 403 1076 446 terra
1110 394 1197 456 ";
1234 412 1253 446 ι
1295 395 1397 457 vel,
1434 404 1490 448 ut
1533 396 1719 450 iterum
1749 396 1863 449 dici-

2050 391 2077 444 d
2113 408 2130 440 ι
2168 401 2357 442 nomen
2380 384 2587 441 Domini
2608 378 2883 437 invocabo
2913 374 2989 426 ⁸¹.
3020 391 3040 424 ι
3063 369 3332 423 Pretiosa
3354 371 3449 417 est
3467 369 3620 459 enim

355 501 471 537 llius
501 501 515 537 :
542 501 560 535 ι
588 484 700 536 Fiat
721 498 823 551 pax
848 484 897 535 in
926 483 1119 538 virtute
1140 491 1227 537 tua
1249 485 1314 548 ⁷⁸,
1349 504 1367 535 ι
1400 500 1500 538 non
1529 486 1868 553 imperantes,

352 575 444 627 sed
476 580 735 639 optantes,
768 573 873 625 imo
907 573 1080 640 potius
1122 577 1539 642 pronuntiantes,
1580 586 1717 641 etc.,
1746 576 1868 643 quia

351 674 453 714 non
484 668 652 727 potest
689 674 791 726 pax
835 659 949 713 ﬁeri
980 662 1079 714 nisi
1126 662 1176 715 in
1207 661 1395 715 virtute
1428 664 1516 716 Ι)θί
1550 680 1564 717 :
1597 663 1665 715 ita
1699 672 1752 716 et
1785 663 1869 714 hic

349 748 490 801 velut
529 749 915 816 pronuntiantis
951 765 1125 804 sermo
1152 752 1492 819 accipiendos
1540 761 1617 806 est
1650 771 1663 805 :
1696 769 1713 802 ι
1752 752 1869 805 Fiat

346 847 521 891 autem
554 837 663 907 (77)
704 839 840 893 Deus
880 853 1060 905 verax,
1103 841 1275 895 omnis
1313 852 1488 895 autem
1517 842 1678 895 homo
1716 856 1865 894 men-

346 924 470 977 dax.
504 942 523 976 ι
572 923 675 978 Sed
717 934 771 980 et
817 929 915 981 hoc
945 928 1217 981 sciendum
1239 939 1343 993 est,
1380 931 1517 997 quod
1547 943 1720 983 sermo
1747 930 1865 994 iste,

344 1012 399 1067 id
423 1024 524 1078 est,
558 1033 577 1066 ι
601 1015 783 1071 Omnis
813 1018 971 1072 homo
1003 1020 1257 1081 mendax,
1303 1037 1323 1070 ο
1358 1020 1423 1073 de
1456 1020 1659 1086 psalmo
1686 1029 1866 1073 cente-

342 1100 479 1154 simo
499 1102 702 1157 decimo
716 1105 954 1173 quinto"
978 1116 1277 1176 assumptus
1302 1117 1404 1171 est,
1433 1109 1518 1162 ubi
1536 1108 1690 1162 dicit:
1716 1126 1734 1158 ι
1759 1109 1867 1176 Ego

342 1190 450 1243 dixi
492 1191 544 1245 in
588 1207 807 1247 excessu
847 1209 1004 1249 meo:
1031 1194 1216 1250 Omnis
1246 1197 1402 1251 homo
1441 1197 1686 1252 mendax.
1722 1217 1741 1250 ι
1774 1199 1868 1253 llic

341 1293 467 1334 vero
507 1282 571 1335 ad
607 1284 903 1339 evidentius
943 1285 1341 1341 illuminandum
1372 1289 1610 1355 Apostoli
1652 1304 1864 1342 sensum

342 1385 447 1423 non
493 1372 733 1427 videatur
770 1372 882 1444 (78)
929 1375 1222 1445 legentibus
1268 1390 1553 1432 onerosum
1598 1379 1644 1432 si
1678 1379 1863 1446 psalmi

340 1456 506 1523 ipsius
557 1462 970 1530 continentiam,
1027 1465 1163 1521 unde
1209 1468 1434 1521 assumit
1481 1467 1863 1533 testimonium,

348 1548 586 1603 breviter
604 1562 945 1619 exponamus.
972 1551 1194 1608 Videtur
1205 1568 1330 1625 ergo
1355 1554 1482 1610 mihi
1508 1556 1662 1610 talem
1682 1570 1865 1624 quem-

338 1637 460 1690 dam
511 1637 771 1706 Propheta
816 1642 1059 1698 nuntiare
1090 1657 1323 1699 sensum.
1363 1645 1491 1700 Cum
1535 1646 1695 1700 multa
1736 1648 1864 1711 sint,

1970 481 2106 548 apud
2137 490 2188 532 te
2214 494 2379 541 mors,
2406 491 2524 546 quae
2551 488 2651 542 pro
2679 472 2891 538 pietate
2918 461 3041 534 (81)
3060 470 3131 555 et
3151 458 3417 555 veritate
3433 455 3622 555 auset-

1970 544 2131 638 pitur.
2161 544 2460 623 Secundum
2500 567 2600 618 hoc
2630 561 2804 630 igitur
2833 556 3017 647 etiam
3058 552 3115 604 in
3146 544 3507 647 apostolicis
3532 544 3621 647 di-

1968 658 2067 712 ctis
2086 657 2443 725 accipiendum
2474 662 2557 709 est
2586 670 2604 702 c
2630 649 2827 706 Omnis
2892 643 3075 697 homo
3116 638 3414 738 mendax,
3457 653 3478 684 ι
3502 638 3621 737 sive

1969 749 2014 802 is
2042 749 2129 816 qui
2154 748 2205 801 in
2230 747 2357 814 legis
2386 746 2565 798 littera
2599 742 2720 796 sine
2746 738 2856 791 lide
2885 731 3158 827 conlidit,
3187 728 3327 783 sive
3329 728 3409 827 "is
3434 728 3619 827 quiin

1966 837 2288 905 quibuslibet
2309 833 2651 901 dogmatibus
2667 839 2723 883 et
2746 826 2961 880 litteris
2981 821 3305 892 gloriatur.
3328 816 3448 871 Sed
3474 816 3620 905 obji-

1968 902 2106 979 citur
2130 925 2284 977 nobis
2318 940 2332 975 :
2370 921 2426 976 Si
2452 920 2632 975 omnis
2662 919 2830 970 homo
2868 914 3125 967 nnendax
3152 917 3276 969 est,
3309 907 3439 973 ipse
3471 902 3622 955 Pau-

1967 1013 2162 1079 lusi,“,
2190 1013 2314 1080 quia
2342 1010 2625 1071 homoest,
2677 1007 2784 1059 erit
2837 1017 2982 1071 ergo
3051 998 3343 1052 mendax.
3402 992 3517 1049 Sed
3565 1001 3621 1047 et

1969 1101 2133 1156 David
2159 1100 2246 1167 qui
2285 1100 2397 1152 hiet:
2423 1099 2580 1160 dixit,
2615 1095 2746 1164 quia
2776 1094 2955 1147 homo
2975 1088 3117 1152 fuit,
3151 1086 3424 1141 siomnis
3453 1085 3619 1137 homo

1968 1193 2198 1247 mendax
2222 1201 2327 1255 est,
2347 1190 2451 1244 erit
2470 1202 2526 1243 et
2564 1189 2683 1256 ipse
2720 1184 3001 1245 mendax,
3047 1189 3111 1232 et
3147 1181 3265 1233 hoc
3293 1178 3488 1245 ipsum
3525 1174 3620 1228 fal-

1967 1300 2085 1340 sum
2133 1284 2271 1352 quod
2314 1282 2484 1335 dicit:
2522 1296 2541 1329 ι
2572 1276 2768 1333 Omnis
2828 1275 3009 1327 homo
3060 1271 3366 1333 mendax,
3409 1288 3429 1318 ι
3477 1271 3607 1337 quia

1967 1376 2275 1429 mendacem
2317 1385 2377 1427 se
2423 1368 2738 1425 necessario
2790 1380 2926 1420 cum
2978 1362 3225 1417 caeteris
3283 1360 3617 1415 hominibus

1968 1464 2081 1532 ipse
2114 1464 2455 1533 pronuntiat;
2493 1468 2549 1514 et
2586 1459 2631 1513 si
2662 1456 2912 1511 mendax
2946 1462 3071 1516 est,
3109 1454 3325 1521 utique
3358 1468 3473 1505 non
3509 1452 3614 1505 erit

1966 1568 2147 1607 verum
2183 1552 2323 1619 quod
2356 1565 2384 1603 ιι
2413 1548 2675 1603 mendace
2692 1545 2932 1606 dicitur,
2967 1542 3117 1610 quia
3156 1559 3180 1593 ι
3220 1541 3426 1595 omnis
3455 1540 3615 1594 homo

1967 1643 2036 1696 sit
2060 1642 2308 1695 mendax.
2344 1657 2365 1691 ι
2398 1635 2620 1691 Videtur
2645 1648 2781 1704 ergo
2800 1646 3009 1687 sermo
3037 1631 3172 1700 ejus
3209 1629 3537 1684 incurrisse
3562 1633 3613 1683 in

340 1724 538 1796 inquit,
558 1705 694 1796 apud
723 1731 962 1787 homines
1012 1734 1277 1803 dogmata,
1309 1742 1364 1788 et
1388 1734 1536 1789 multi
1577 1735 1642 1789 de
1673 1705 1867 1789 verita;
1896 1705 1938 1760 Β
1966 1730 2328 1800 syllogismum
2360 1728 2452 1797 qui
2483 1727 2682 1780 dicitur
2711 1738 2971 1791 aporus,
3010 1721 3073 1777 id
3114 1730 3243 1788 est,
3282 1721 3615 1776 insuhstan-

343 1816 413 1869 tis
448 1816 789 1885 inquisitione
824 1822 1281 1891 philosophentur,
1297 1840 1523 1894 cumque
1549 1828 1865 1893 oporteatin

340 1905 425 1960 his
455 1908 707 1964 omnibus
747 1912 1125 1980 quaestionibus
1150 1915 1449 1983 praecedere
1495 1915 1686 1970 Filium
1728 1918 1817 1971 Dei
1851 1935 1863 1970 :

340 1994 429 2048 alii
452 1996 661 2062 quidem
690 2001 780 2067 qui
798 2015 902 2077 non
921 2002 1068 2069 prius
1095 2004 1371 2058 credet-tes
1394 2006 1736 2072 quasierunt,
1760 2022 1863 2061 non

338 2084 656 2141 invenerunt
704 2106 721 2143 :
762 2104 858 2158 ego
922 2103 1095 2145 autem
1142 2093 1265 2162 quia
1316 2096 1515 2149 credidi
1583 2106 1863 2165 antequam

336 2190 659 2244 quaererem,
698 2178 898 2233 idcirco
935 2183 1072 2248 quod
1110 2183 1408 2251 quarebam
1452 2184 1649 2248 inveni,
1681 2194 1733 2238 et
1760 2200 1863 2238 non

335 2263 506 2316 solum
541 2264 740 2330 inveni,
772 2269 865 2322 sed
885 2279 937 2323 et
966 2269 1171 2324 locutus
1195 2286 1331 2333 sum,
1357 2280 1411 2325 et
1433 2272 1741 2326 annuntiavi
1770 2288 1865 2341 po-

335 2354 472 2422 pulis
490 2370 650 2423 quam
677 2357 982 2415 inveneram
1003 2362 1300 2416 veritatem.
1324 2362 1429 2417 Nec
1451 2372 1624 2417 tamen
1651 2364 1861 2418 inventa

334 2443 559 2499 veritate
591 2448 762 2503 elatus
790 2464 908 2503 sum
947 2452 1000 2504 in
1030 2453 1284 2520 sapientia
1306 2490 1322 2517 ,
1354 2468 1524 2519 neque
1560 2452 1772 2507 inllatus
1810 2455 1861 2508 in

335 2530 559 2586 scientia
603 2550 750 2599 mea;
790 2539 879 2591 sed
924 2554 988 2593 eo
1030 2542 1195 2607 magis
1226 2544 1538 2598 humiliatus
1565 2560 1702 2612 sum,
1740 2562 1859 2600 cum

335 2622 526 2687 agnovi
560 2632 613 2675 et
639 2625 870 2681 intellexi
908 2628 1181 2683 Dominum
1211 2645 1328 2685 esse
1357 2635 1447 2701 qui
1478 2634 1631 2689 docet
1648 2652 1858 2691 omnem

335 2709 614 2765 scientiam
656 2714 723 2769 ⁷⁸.
757 2717 953 2772 Deinde
984 2720 1325 2777 considerans
1363 2737 1481 2791 qua:
1529 2725 1770 2781 homines
1806 2738 1861 2783 et

337 2810 536 2865 quanta
563 2802 646 2858 vel
675 2804 815 2859 inter
841 2807 1198 2880 philosophos,
1230 2811 1308 2867 vel
1330 2811 1470 2867 inter
1489 2825 1709 2870 caeteros
1735 2818 1860 2870 bar-

336 2889 496 2944 baros
539 2892 605 2959 de
631 2893 857 2951 veritate
887 2896 1047 2951 locuti
1094 2908 1239 2967 sunt,
1280 2911 1335 2956 et
1369 2902 1491 2971 quia
1536 2917 1657 2957 cum
1693 2905 1861 2961 multo

1967 1821 2108 1873 tivns
2137 1819 2271 1886 (89.),
2297 1818 2384 1884 qui
2407 1825 2463 1869 et
2486 1815 2654 1868 falsus
2689 1813 3046 1881 appellatur.
3084 1811 3208 1866 Sed
3236 1812 3291 1866 si
3315 1813 3611 1867 redeamus

1965 1911 2029 1963 ad
2076 1909 2383 1963 interiorem
2428 1905 2737 1970 Scriptura:
2799 1900 3212 1965 intellectum,
3259 1902 3614 1958 inveniemus

1961 2002 2101 2067 quod
2136 2011 2320 2051 omnes
2364 1995 2642 2063 propheta:
2681 1992 2769 2046 vel
2818 1990 3084 2060 apostoli
3122 2007 3201 2045 ex
3247 1992 3370 2045 illis
3401 1984 3515 2046 sint
3548 1994 3609 2046 ad

1962 2104 2095 2157 quos
2129 2102 2305 2142 sermo
2344 2086 2437 2138 Dei
2469 2084 2582 2153 (83)
2616 2082 2698 2147 ﬁt,
2738 2082 2894 2136 sicut
2935 2082 3245 2151 scriptum
3299 2092 3393 2136 est
3434 2099 3449 2134 :
3492 2101 3512 2132 ι
3548 2083 3610 2136 Et

1964 2181 2158 2234 factum
2202 2190 2285 2235 est
2327 2179 2551 2231 verbum
2590 2173 2814 2228 Domini
2866 2192 2889 2224 ι
2953 2175 3038 2226 ad
3088 2172 3286 2237 illum,
3338 2174 3428 2227 vel
3461 2175 3604 2237 illum

1969 2271 2309 2339 prephetam.
2334 2268 2444 2323 Hos
2470 2281 2605 2335 ergo
2641 2266 2710 2319 ad
2732 2278 2883 2333 quos
2915 2279 3133 2319 sermo
3164 2264 3272 2319 Dei
3309 2266 3397 2331 lit,
3435 2265 3606 2321 Domi-

1963 2376 2063 2417 nus
2101 2362 2152 2415 in
2189 2359 2478 2428 Evangelia
2505 2372 2613 2412 non
2645 2357 2914 2411 homines
2939 2358 3318 2423 pronuntiat
3347 2373 3494 2422 esse,
3518 2359 3602 2411 sed

1960 2454 2110 2507 deos.
2147 2449 2237 2504 Sic
2266 2450 2410 2504 enim
2441 2446 2574 2501 dicit
2606 2463 2622 2500 :
2662 2464 2682 2498 ι
2713 2443 2884 2510 Quod
2916 2447 2969 2500 si
3016 2447 3161 2501 illos
3202 2448 3351 2501 dicit
3381 2448 3514 2502 deos
3542 2450 3603 2502 ad

1957 2555 2091 2610 quos
2110 2552 2287 2594 sermo
2312 2535 2405 2590 Dei
2425 2536 2579 2599 lit,et
2608 2548 2713 2588 non
2733 2544 2933 2602 potest
2953 2535 3119 2589 solvi
3156 2536 3548 2603 Scriptura“.
3579 2557 3597 2590 ι

1958 2630 2090 2697 Quia
2106 2640 2235 2695 ergo
2253 2635 2307 2680 et
2320 2623 2569 2693 adDavid
2595 2632 2865 2691 tanquam
2888 2623 3288 2691 prophetam,
3314 2636 3376 2681 et
3392 2627 3460 2679 ad
3484 2626 3605 2681 Pal-

1957 2719 2065 2772 lum
2086 2727 2335 2784 tauquam
2356 2712 2656 2782 apostolum
2670 2725 2864 2765 sermo
2887 2711 2997 2765 Dei
3030 2712 3234 2769 factus
3251 2726 3367 2778 est,
3383 2715 3501 2769 sine
3517 2716 3605 2770 du—

1958 2812 2043 2865 hio
2061 2824 2162 2864 non
2176 2816 2331 2861 erant
2345 2805 2612 2869 homines,
2633 2802 2729 2857 sed
2750 2803 2853 2868 dii,
2878 2805 2957 2857 ad
2980 2820 3149 2871 quos
3167 2822 3368 2861 sermo
3384 2807 3477 2860 Dei
3532 2808 3602 2873 lae

1947 2914 2065 2960 ctus
2079 2894 2343 2963 est.lgilur
2360 2892 2487 2963 quia
2501 2909 2606 2948 non
2627 2902 2792 2947 erant
2823 2894 3153 2963 homines,
3174 2897 3280 2952 sed
3300 2898 3401 2961 dii,
3424 2911 3598 2951 verum

334 2977 520 3034 labore
564 2981 725 3037 multa
764 2983 1025 3050 dicentes,
1066 2988 1197 3042 nihil
1232 2989 1564 3058 invenerunt,
1596 2992 1720 3061 quia
1750 3009 1857 3049 non
1888 3021 1933 3082 ρ
1961 3000 2044 3044 est
2071 2989 2215 3057 quod
2248 2987 2315 3041 de
2342 2985 2651 3082 hominibus
2677 2987 2913 3082 caeteris
2945 2988 3359 3082 pronuntiant
3385 2989 3453 3043 ad
3476 3002 3601 3082 quos

333 3068 677 3126 crediderunt
699 3082 984 3144 antequam
1006 3088 1301 3146 quaererent
1332 3098 1345 3134 :
1378 3082 1722 3137 considerans
1744 3098 1861 3139 om-

336 3157 424 3215 nia
454 3172 636 3214 eorum
657 3162 741 3217 vel
766 3164 927 3232 dicta,
958 3167 1040 3221 vel
1063 3169 1282 3237 scripta,
1308 3179 1362 3225 et
1385 3172 1437 3225 in
1469 3188 1689 3229 excessu
1711 3190 1861 3229 men—

338 3246 406 3300 tis
447 3246 686 3317 eii‘ectus,
726 3252 776 3305 id
812 3263 914 3317 est,
947 3266 1161 3326 stupore
1200 3261 1376 3316 cordis
1409 3264 1684 3326 attonitus,
1721 3265 1861 3332 quod

337 3336 514 3397 omnia
550 3338 634 3392 illa
663 3341 1093 3412 philosophorum
1117 3348 1403 3416 volumina,
1442 3365 1560 3419 qua:
1587 3352 1860 3421 splendida

336 3434 391 3478 et
415 3427 721 3496 przel'ulgida
760 3431 1078 3489 videbantur
1103 3438 1345 3493 oratione
1385 3440 1707 3509 composita,
1739 3456 1862 3508 pro-

338 3517 421 3568 cul
447 3532 475 3568 a
512 3519 737 3573 veritate
761 3522 1136 3590 consisterent,
1161 3526 1212 3579 in
1240 3541 1458 3580 excessu
1489 3538 1543 3582 et
1566 3529 1616 3582 in
1646 3538 1862 3597 stupore

336 3606 529 3659 tuentis
556 3606 772 3662 ellectus
797 3609 901 3662 dixi
928 3628 942 3663 :
978 3629 996 3662 ι
1021 3610 1205 3669 Omnis
1226 3612 1718 3674 homomendax".r
1750 3615 1861 3685 Ego

335 3709 463 3748 vero
490 3696 573 3748 cui
603 3698 711 3751 hac
739 3700 1046 3755 ostenderat
1067 3700 1224 3767 Deus,
1254 3704 1490 3772 ingratus
1511 3718 1614 3757 non
1640 3704 1737 3768 l'ui,
1767 3705 1859 3760 sed

334 3781 563 3850 cogitavi
601 3793 655 3837 et
675 3787 892 3853 quaesivi
914 3790 1053 3857 apud
1082 3792 1468 3859 memetipsum,
1488 3793 1614 3860 quid
1644 3808 1738 3862 pro
1761 3794 1860 3847 huc

333 3873 477 3939 quod
519 3874 648 3928 mihi
700 3876 958 3933 Dominus
1002 3880 1245 3948 praestitit
1290 3882 1562 3936 scientiam
1595 3883 1859 3944 veritatis,

332 3960 556 4017 Domino
579 3966 922 4031 rependerem
953 3969 1188 4025 muneris
1215 3986 1229 4023 :
1256 3970 1486 4025 intellexi
1518 3979 1691 4025 tamen
1718 3974 1860 4041 quod

332 4061 519 4104 natura
555 4054 646 4107 illa
665 4065 885 4119 aeterna,
906 4065 959 4112 et
986 4061 1217 4113 onmium
1240 4059 1476 4125 domina,
1505 4061 1699 4115 nullius
1726 4062 1883 4117 indit

330 4148 443 4206 get.
474 4138 644 4194 Unum
678 4158 804 4212 ergo
832 4145 1007 4199 inveni
1029 4147 1196 4200 solum
1227 4150 1370 4215 quod
1400 4163 1482 4203 tne
1497 4147 1687 4204 ot'l'erre
1708 4166 1861 4219 opor-

334 4237 470 4282 teret
498 4232 627 4294 Deo,
650 4233 701 4285 id
728 4243 811 4287 est
839 4244 897 4288 ut
922 4236 1195 4289 crederem
1236 4235 1302 4289 de
1328 4249 1392 4290 eo
1427 4237 1567 4305 quod
1592 4253 1859 4308 nunquam

1960 3093 2137 3135 sermo
2151 3076 2243 3130 Dei
2256 3090 2363 3130 non
2379 3074 2552 3128 factus
2565 3084 2671 3138 est,
2684 3074 2817 3142 quia
2838 3093 2859 3125 ι
2889 3079 3111 3134 omnis
3128 3080 3312 3136 homo
3331 3079 3557 3135 mendax
3573 3096 3593 3133 ι

1958 3170 2048 3223 sit.
2064 3169 2168 3223 Sed
2187 3176 2243 3222 et
2261 3166 2401 3235 quod
2413 3166 2659 3233 sequitur
2690 3167 3101 3225 nihilominus
3122 3172 3197 3225 de
3215 3172 3438 3241 psalmo
3452 3172 3600 3239 quin-

1958 3259 2617 3327 quagesimuassumptum
2638 3266 2750 3321 est,
2770 3257 2826 3311 id
2859 3269 2961 3313 est
2986 3277 3005 3313 :
3039 3279 3063 3313 ι
3092 3260 3524 3329 Utjustiﬁceris
3546 3261 3591 3315 it.

1957 3347 2295 3405 sermonibus
2317 3345 2510 3411 tuis,et
2526 3345 2715 3399 vincas
2737 3349 3228 3417 cumjudicarls.
3258 3372 3280 3407 ι
3301 3353 3403 3407 Est
3428 3364 3594 3404 ante:

1958 3439 2011 3493 in
2027 3436 2232 3505 psalmo
2247 3436 2457 3502 integer
2469 3448 2661 3487 sensus
2679 3435 2790 3488 hoc
2802 3438 2996 3492 modo
3012 3442 3255 3507 positus
3279 3460 3294 3497 :
3318 3460 3339 3494 ι
3365 3441 3485 3496 Tibi
3506 3441 3594 3495 sol.

1959 3526 2200 3598 peccavi,
2228 3534 2285 3580 et
2312 3524 2511 3578 malum
2537 3538 2726 3578 coram
2756 3534 2813 3579 te
2852 3526 2978 3582 feci
3003 3569 3024 3594 ,
3068 3541 3137 3585 ut
3166 3532 3505 3600 justillceris
3543 3534 3590 3584 in

1957 3615 2295 3673 sermonibus
2324 3614 2450 3675 tuis,
2480 3623 2535 3669 et
2555 3614 2747 3671 vincas
2778 3631 2918 3670 cum
2940 3619 3280 3689 judicaris.
3323 3642 3345 3677 ι
3376 3625 3444 3678 Et
3473 3640 3593 3693 quo-

1958 3707 2100 3762 niam
2133 3705 2350 3774 grandis
2377 3719 2637 3759 excessns
2664 3715 2753 3760 est
2781 3716 2848 3762 ut
2879 3710 2964 3764 ab
2992 3714 3182 3770 initio
3210 3717 3418 3786 psalmi
3451 3732 3593 3784 repe-

1962 3807 2155 3855 tamus,
2190 3794 2470 3850 brevitatis
2504 3810 2674 3849 causa
2711 3797 2878 3851 hunc
2929 3809 3408 3873 tantummodo,
3444 3820 3595 3877 quem

1959 3884 2013 3937 in
2043 3882 2214 3936 medio
2244 3884 2540 3950 posuimus,
2567 3884 2951 3943 discutiamus
2985 3907 3385 3963 sermonem;
3418 3898 3470 3951 in
3498 3911 3597 3964 quo

1959 3967 2143 4035 statim
2167 3969 2217 4020 in
2248 3970 2419 4033 primo
2446 3969 2560 4022 haec
2593 3969 2834 4028 dilﬁcilis
2859 3975 3123 4035 videtur
3165 3986 3519 4055 explanatio.
3545 3986 3594 4036 Si

1960 4057 2099 4111 enim
2135 4058 2416 4112 historiam
2471 4073 2772 4127 sequamur
2822 4079 2962 4134 quae
3027 4070 3091 4124 in
3167 4076 3597 4144 praetitulatioue

1961 4148 2146 4217 psalmi
2174 4148 2371 4215 scripta
2402 4159 2508 4213 est,
2538 4151 2611 4204 ihi
2634 4152 2881 4207 refertur
2913 4171 3250 4233 perempto
3276 4166 3410 4221 Uria
3434 4166 3595 4220 Etheo

1963 4252 2183 4290 uxorem
2213 4236 2329 4302 ejus
2350 4240 2624 4307 accepisse
2654 4241 2830 4297 David
2872 4246 2956 4301 ⁸³.
3005 4249 3335 4318 Quomodo
3365 4273 3497 4327 ergo
3518 4259 3597 4309 di-

330 4319 499 4384 possit
550 4321 618 4373 ab
670 4320 885 4375 homine
932 4321 1129 4390 aliquid
1188 4325 1453 4395 accipere,
1511 4327 1604 4380 sed
1652 4342 1863 4397 semper
1891 4328 1936 4386 D
1962 4327 2072 4381 cit:
2116 4345 2135 4376 ι
2173 4325 2290 4380 Tibi
2307 4327 2406 4381 soli
2439 4331 2696 4395 peccavi;
2738 4352 2758 4383 ι
2798 4350 2935 4391 cum
2981 4344 3208 4414 utique
3252 4358 3313 4402 et
3342 4349 3397 4403 in
3433 4319 3596 4417 ipsum

332 4406 492 4471 dare;
518 4418 571 4461 et
592 4409 917 4464 ideodixizc
950 4410 1178 4466 Calicem
1196 4413 1444 4466 salutaris
1464 4415 1808 4482 accipiam";
1835 4436 1854 4471 ι
1966 4414 2145 4470 Uriam
2179 4418 2514 4483 peccaverit,
2554 4430 2611 4474 et
2654 4422 2708 4474 in
2760 4406 3150 4501 propinquo—5
3204 4438 3371 4510 eius,
3410 4406 3503 4494 θέα
3548 4450 3596 4491 ει

331 4496 479 4548 velut
509 4498 553 4551 si
579 4500 952 4567 responderem
985 4501 1097 4571 (79)
1134 4502 1328 4557 dicenti
1354 4521 1367 4558 :
1390 4503 1552 4559 Potes
1579 4525 1597 4557 ι
1637 4508 1856 4563 calicem
1963 4508 2016 4561 in
2051 4508 2216 4576 ipsam
2256 4506 2526 4564 Bersabee
2560 4523 2728 4580 atque
2770 4496 3025 4576 omnem
3058 4496 3312 4585 domum
3347 4496 3489 4602 ejus,
3518 4533 3596 4584 eui

329 4584 533 4653 bibere,
578 4602 735 4657 quem
789 4603 888 4661 ego
925 4592 1188 4647 bihiturus
1248 4609 1365 4648 sum
1410 4591 1504 4649 ⁸¹ἳ
1541 4614 1561 4649 ι
1609 4605 1664 4651 et
1710 4600 1855 4653 dice-
1962 4597 2207 4657 intulisse
2232 4598 2497 4653 maculam
2537 4603 2759 4658 videtur
2794 4609 3116 4673 adulterii.
3170 4621 3289 4678 Sed
3319 4584 3597 4679 sciendum

329 4692 443 4731 rem
468 4678 577 4747 (80)
603 4697 617 4732 :
642 4678 881 4745 Possum,
915 4681 1155 4737 Domine.
1191 4681 1280 4737 Sic
1305 4698 1433 4755 ergo
1463 4685 1589 4739 aio:
1625 4686 1856 4744 Calicem
1960 4688 2100 4757 quod
2131 4703 2236 4742 non
2267 4704 2483 4754 semper
2520 4696 2993 4760 pra=titulationis
3039 4678 3373 4767 historiam
3415 4713 3597 4783 psalmi

332 4770 593 4835 passionis
614 4780 717 4825 tuae
746 4772 993 4835 libenter,
1025 4784 1078 4827 et
1102 4783 1207 4829 tota
1230 4775 1501 4830 voluntate
1537 4779 1854 4846 suscipiam;
1957 4780 2284 4835 continentia
2332 4782 2604 4847 sequitur,
2658 4795 2720 4840 ut
2772 4790 2830 4842 in
2880 4794 3177 4862 plurimis
3223 4770 3461 4873 psalmis
3512 4806 3597 4873 qui

328 4870 384 4913 et
406 4871 462 4916 ut
498 4863 680 4918 calicis
714 4866 813 4929 tui,
842 4867 891 4920 id
920 4876 1004 4921 est
1032 4867 1320 4936 passionis,
1347 4872 1571 4940 gratiam
1605 4872 1670 4924 ad
1697 4872 1854 4927 linem
1957 4871 2263 4925 observahit
2307 4871 2567 4927 inveniet.
2618 4876 2685 4930 Et
2710 4890 2772 4934 ut
2798 4889 3061 4957 exempli
3106 4863 3295 4951 causa
3329 4863 3595 4961 dixerim,

331 4966 497 5006 usoue
542 4970 875 5021 conservem,
921 4972 1022 5011 non
1067 4957 1224 5027 500
1262 4961 1396 5016 meis
1433 4962 1639 5016 viribus
1680 4976 1855 5032 agam,
1958 4960 2142 5027 psalmi
2173 4961 2364 5016 decimi
2388 4966 2604 5035 septimi
2632 4973 3010 5036 praetitulatio
3048 4996 3148 5039 est
3193 5006 3209 5041 ε
3248 5008 3269 5039 ο
3317 4990 3377 5043 In
3417 4957 3597 5052 (inerit;

432 5090 476 5171 ’.'
506 5088 686 5171 "Pith-
712 5088 938 5171 ‘L':.“’°..
966 5086 1036 5171 ,1⁸
1064 5085 1200 5171 Ρ⁵³¹·
1230 5102 1367 5171 οξκέν
1399 5087 1478 5171 ⁷;.
1508 5086 1754 5171 ,ι’ΪλῩθτδέ
1789 5085 1872 5171 ¹,¹·
1923 5086 2175 5171 .ι⁷⁸.Ρ⁸²¹ο
2204 5103 2331 5171 “."J
2353 5131 2368 5155 ν
2408 5093 2541 5171 Ψο--
2580 5095 2635 5171 1'
2668 5096 2815 5155 Psal.
2850 5118 2999 5168 cxv.
3036 5110 3132 5163 ιι.
3246 5114 3298 5146 ιο
3330 5116 3464 5171 ibid.
3504 5116 3583 5169 ιδ.

341 5158 381 5187 ⁸¹
415 5158 596 5209 Matth.
623 5172 707 5221 xx,
735 5157 818 5208 22.
896 5156 938 5185 ⁸¹
966 5155 1101 5207 Psal.
1131 5170 1248 5219 cxv,
1282 5157 1363 5209 l5.
1433 5154 1480 5193 ⁸³
1508 5153 1661 5207 Rom.
1692 5170 1769 5216 In,
1801 5155 1851 5207 4.

2050 5171 2148 5207 ian.
2176 5173 2227 5219 x,
2257 5153 2362 5215 '55.
2423 5164 2469 5195 ⁸⁵
2502 5162 2546 5217 ll
2580 5164 2718 5238 Reg.
2746 5153 2822 5237 XI,

406 5263 515 5341 g7)
543 5266 647 5329 AL,
684 5282 702 5316 ι
741 5266 864 5321 Erat
885 5276 1086 5332 autem,
1120 5284 1139 5318 ι
1168 5269 1261 5322 sed
1291 5283 1419 5323 mss.
1449 5267 1617 5323 nostri
1646 5266 1860 5334 ubique,

341 5347 368 5463 ὲ
399 5331 708 5463 έάἰιί,
732 5418 748 5449 ι
784 5399 975 5454 Verum
997 5402 1081 5455 “ad
1132 5403 1425 5459 evidentius
1458 5404 1859 5461 illuminandum

344 5461 575 5528 Apostoli
611 5482 843 5530 sensum,
881 5486 944 5522 ne
971 5472 1226 5524 videatur.
1269 5491 1288 5523 ι

416 5530 524 5595 ('19)
553 5532 707 5599 Editi,
744 5554 760 5585 ι
796 5540 1150 5608 responderet,
1181 5560 1198 5593 ι
1243 5542 1398 5600 male.

2166 5264 2275 5364 AAII.,
2294 5285 2312 5318 ι
2335 5270 2586 5364 diceret;
2609 5295 2629 5327 ι
2663 5277 2867 5336 deinde
2899 5302 2917 5335 ι
2943 5286 3024 5340 ait
3046 5308 3067 5343 ι
3090 5307 3200 5361 pro
3223 5312 3246 5347 ι
3272 5298 3387 5364 aio,
3408 5314 3431 5353 ι
3450 5298 3600 5353 male.

2061 5335 2149 5399 81)
2185 5336 2296 5402 ΑΙ.,
2332 5359 2352 5391 ι
2387 5335 2618 5402 deitate.
2655 5366 2675 5401 ο
2851 5335 2861 5336 7
2945 5335 3024 5340 N-
3046 5335 3063 5343 ⁷
3090 5335 3145 5361 ἠ
3165 5335 3198 5346 ι’
3225 5335 3245 5347 ’
3272 5335 3387 5364 ‘w'
3409 5335 3641 5402 "mni

2006 5472 2018 5482 .
2037 5404 2150 5472 (82)
2178 5404 2638 5475 Insubstantiuus.

1970 5475 2106 5527 bins.
2144 5492 2163 5525 ι

2039 5539 2149 5607 (3'5-
2187 5540 2329 5624 οεὶο,
2360 5549 2422 5609 in
2453 5558 2617 5618 editis
2648 5563 2910 5622 omnibus
2942 5572 3253 5628 omittitur.

2696 5419 2808 5477 Sic.
2859 5441 3000 5483 mss.
3052 5431 3200 5486 Editi
3242 5451 3409 5506 vero,
3452 5420 3479 5489 θ’
3506 5439 3594 5493 du-
