3836 6232
306 275 420 332 9‘2!

1244 274 1586 331 COMMENT.
1624 271 1686 327 ΙΝ
1724 270 1938 326 ΕΡΙδΤδ
1969 269 2058 324 AD
2095 271 2256 325 ROM.
2293 271 2418 325 LIB.
2457 268 2548 323 III.

3383 266 3485 320 922

333 389 524 457 inquit,
556 403 728 457 puero
754 389 966 446 Domini
995 392 1190 457 David,
1224 393 1312 459 qui
1351 396 1554 446 loculus
1588 400 1670 446 est
1697 392 1856 444 verba
1889 397 1929 452 Α
1957 389 2066 456 qui.
2109 386 2236 440 Illud
2291 396 2466 440 tamen
2510 383 2649 454 quod
2699 383 2765 437 ad
2815 397 2926 436 rem
2957 380 3216 450 pertinet,
3248 382 3483 435 breviter

334 478 528 534 cantici
567 481 727 545 huius
750 483 803 534 in
846 483 931 535 die
957 498 1060 551 qua
1095 482 1337 535 liberavit
1368 498 1486 534 eum
1514 481 1764 534 Dominus
1793 481 1860 535 tle

337 586 495 625 manu
550 572 790 624 omnium
837 572 1170 626 inimicorum
1217 586 1451 635 suorum,
1497 579 1550 623 et
1593 573 1657 623 de
1705 584 1859 622 manu

337 661 490 724 Saul,
522 669 574 714 et
604 660 761 713 dixit.
793 679 811 711 ι
844 661 1177 716 Continen‘tia
1208 673 1333 713 vero
1353 659 1532 725 psalmi
1555 659 1711 726 longe
1725 658 1861 711 aliud

332 763 497 814 quam
532 749 875 816 prtetitulatio
915 751 1166 802 continet.
1199 748 1324 812 Quae
1354 747 1494 802 enim
1519 747 1860 800 fundamenta

332 839 599 891 montium
626 848 892 891 commota
925 839 1088 892 sunt?
1111 849 1200 892 aut
1235 839 1496 905 quomodo
1523 836 1631 906 (84)
1662 846 1861 890 treme-

331 927 475 979 facta
499 935 582 980 est
614 936 779 987 terra,
819 942 938 980 cum
970 939 1224 996 pugnaret
1248 927 1410 979 David
1442 929 1721 979 adversum
1748 926 1859 978 ini-

329 1016 503 1068 niicos
555 1015 840 1068 suos'Mut
887 1017 974 1068 ubi
1016 1016 1245 1069 refertur
1287 1015 1454 1083 caligo
1499 1015 1596 1068 sub
1643 1014 1858 1082 pedibus

327 1103 543 1157 Domini
590 1103 800 1159 fuisse?
823 1105 904 1159 vel
935 1105 1022 1159 ubi
1067 1106 1330 1160 iudicatur
1365 1105 1668 1160 ascvudisse
1704 1121 1861 1173 super

326 1192 636 1255 cherubim,
667 1202 723 1246 et
744 1193 971 1256 volasse,
999 1192 1079 1245 vel
1104 1207 1262 1260 super
1283 1205 1480 1259 pennas
1500 1200 1864 1256 ventorum,et

323 1292 524 1336 caetera
565 1297 701 1352 pene
742 1284 918 1337 omnia
963 1299 1079 1350 quas
1118 1298 1145 1336 a
1187 1281 1610 1351 prastitulationis
1642 1281 1860 1336 historia

321 1372 643 1426 umnimode
669 1370 1136 1442 discrepant‘llloc
1180 1386 1309 1444 ergo
1343 1373 1497 1428 modo
1527 1382 1579 1426 et
1617 1371 1670 1426 in
1709 1371 1863 1438 quin-

322 1462 646 1531 quagesimo
665 1462 867 1530 psalmo
888 1478 1005 1533 quas
1027 1463 1137 1532 (85)
1154 1463 1440 1517 secundum
1459 1462 1732 1516 historiam
1754 1476 1859 1516 non

321 1547 681 1602 conveniunt.
703 1547 998 1603 Videndum
1019 1558 1100 1604 est
1119 1564 1184 1604 ne
1209 1548 1347 1605 forte
1381 1549 1618 1605 mulieris
1652 1549 1704 1603 in
1725 1563 1862 1617 pra-

323 1633 639 1689 titulatione
665 1648 760 1703 per
783 1635 1006 1706 ﬁguram
1047 1637 1252 1692 idcirco
1283 1636 1420 1693 facta
1454 1637 1525 1694 sit
1550 1637 1767 1700 mentio,
1802 1645 1860 1691 ut

1957 490 2354 544 prosequemur.
2396 476 2561 540 Cum,
2611 474 2804 541 inquit,
2837 471 3000 524 multa
3033 469 3298 525 subtilitas
3331 472 3396 523 sit
3429 473 3480 524 in

1955 568 2209 621 varietate
2241 575 2541 626 sectarum,
2566 573 2618 618 et
2647 564 2736 630 qui
2764 576 2955 616 sensus
2994 559 3280 614 secundum
3318 563 3479 614 Deum

1956 659 2042 722 sit,
2073 657 2160 724 qui
2201 670 2326 709 vero
2351 654 2554 708 alienus
2579 668 2608 706 a
2651 654 2756 707 Deo
2779 653 2830 704 in
2864 652 3268 705 tractationibus
3293 661 3340 704 et
3373 652 3482 703 dis-

1955 744 2316 815 putationibus
2363 742 2704 810 sapientlum,
2736 742 2932 795 nullius
2956 742 3025 795 sit
3048 742 3208 804 scire,
3236 741 3317 792 vel
3341 739 3482 805 iudi-

1957 850 2100 899 care,
2120 835 2219 889 nisi
2250 834 2417 889 solius
2441 833 2554 897 Dei,
2577 834 2665 900 qui
2690 831 2831 886 solus
2856 830 3483 900 potestcomprebendere

1955 925 2217 992 sapientes
2243 923 2293 978 in
2316 925 2511 978 astutia
2532 938 2626 977 sua
2657 923 2704 954 '°
2730 935 2744 974 :
2775 922 2894 976 ideo
2923 937 2943 971 t
2985 922 3078 975 tibi
3116 921 3210 973 soli
3243 919 3481 987 peccavi,

1956 1023 2010 1068 et
2037 1014 2232 1067 nmium
2277 1027 2455 1066 coram
2503 1023 2554 1066 te
2597 1012 2790 1076 Ieci",
2830 1030 2850 1063 ι
2893 1011 3018 1079 quia
3051 1011 3228 1064 caeteri
3273 1023 3481 1070 omnes,

1954 1113 2137 1170 utpote
2171 1102 2433 1156 animales
2475 1101 2737 1165 homines,
2783 1116 2885 1164 me,
2926 1100 3016 1169 qui
3051 1099 3306 1168 spiritalis
3343 1113 3482 1159 sum,

1955 1194 2164 1248 etiamsi
2194 1193 2387 1258 erravi,
2415 1191 2706 1261 diiudicare
2738 1205 2841 1244 non
2871 1201 3096 1258 possunt
3121 1207 3136 1244 :
3160 1190 3285 1258 quia
3311 1206 3330 1239 t
3371 1189 3482 1255 spi-

1958 1281 2130 1336 ritalis
2161 1281 2366 1351 iudicat
2403 1281 2604 1346 omnia,
2646 1281 2760 1348 ipse
2799 1293 2925 1334 vero
2962 1293 2992 1332 a
3036 1279 3246 1339 nemine
3278 1277 3481 1346 iudica.-

1959 1380 2044 1427 tur
2057 1374 2124 1426 ⁹¹.
2155 1372 2305 1440 i_Sed
2327 1371 2451 1441 quia
2475 1371 2618 1426 addit
2633 1369 2827 1424 Paulus
2851 1387 2870 1421 t
2900 1370 3174 1438 spiritalis,
3197 1388 3216 1419 ι
3245 1378 3300 1423 et
3319 1369 3480 1422 dicit:

1963 1477 1982 1512 t
2023 1459 2124 1526 Qui
2171 1473 2346 1516 autem
2377 1459 2579 1530 iudicat
2619 1473 2724 1524 me,
2768 1459 3023 1512 Dominus
3062 1466 3144 1512 est
3186 1457 3279 1510 υτ
3321 1474 3342 1508 ι
3384 1458 3486 1510 hoc

1956 1553 2132 1607 sciens
2175 1560 2230 1605 et
2280 1550 2443 1604 David
2485 1550 2625 1618 quod
2663 1548 2811 1603 solus
2855 1548 3107 1602 Dominus
3138 1555 3224 1601 est
3253 1547 3342 1616 qui
3376 1547 3487 1614 spi-

1959 1640 2160 1696 ritalem
2213 1639 2496 1709 diiudicat,
2560 1640 2643 1693 vel
2701 1639 3014 1706 pr0phetam
3070 1636 3224 1706 (88),
3279 1636 3482 1696 idcirco

319 1723 427 1776 sub
457 1725 562 1776 hac
584 1723 939 1793 appellatione
964 1726 1289 1796 intelligatur
1306 1726 1480 1796 aliqua
1503 1726 1624 1782 talis
1647 1726 1857 1792 mulier,
1884 1728 1930 1788 Β
1959 1728 2111 1799 501
2153 1729 2317 1784 dicit:
2351 1747 2370 1782 ι
2405 1729 2525 1784 'I'ihi
2555 1729 2653 1784 soli
2675 1729 2910 1798 peccavi,
2946 1746 2965 1780 ι
3001 1743 3032 1780 a
3057 1743 3163 1796 quo
3203 1725 3319 1782 solo
3355 1735 3483 1794 pos-‘

319 1809 413 1863 vel
441 1811 621 1878 qualis
646 1811 967 1866 describitur
997 1813 1085 1866 illa
1118 1814 1276 1870 fortis
1303 1829 1420 1882 quae
1445 1815 1678 1884 duplices
1707 1815 1860 1870 chla-

319 1899 521 1968 mydes
550 1899 808 1956 fecitviro
827 1915 924 1956 suo
949 1900 1016 1968 ⁸⁸,
1043 1903 1126 1957 vel
1141 1913 1285 1958 certe
1311 1903 1434 1958 huic
1454 1905 1724 1959 contraria
1750 1905 1858 1976 (86)

319 1996 380 2039 ut
411 1989 629 2042 fuerunt
667 1988 770 2042 illa;
789 2004 907 2058 quae
927 1991 1174 2045 dicuntur
1193 1991 1484 2047 declinasse
1509 2007 1604 2046 cor
1627 1992 1861 2049 Salomo-

317 2076 411 2129 nis
439 2075 512 2138 ⁸⁷,
544 2084 604 2128 ut
645 2078 932 2132 aediﬁcaret
965 2093 1086 2133 aras
1121 2082 1358 2148 gentium
1380 2119 1395 2144 ,
1436 2089 1490 2135 et
1535 2082 1695 2136 idola.
1735 2083 1862 2148 Quae

317 2165 516 2233 utique
543 2165 598 2218 in
640 2165 950 2234 allegoriam
991 2177 1238 2236 sumptae,
1292 2183 1395 2223 non
1427 2179 1551 2224 sunt
1581 2183 1643 2224 ex
1686 2171 1862 2224 divina

315 2255 616 2323 sapientis,
645 2256 740 2310 sed
761 2271 828 2309 ex
857 2256 960 2310 illis
989 2272 1106 2326 qua:
1132 2259 1318 2314 suntei
1353 2261 1651 2324 contrariae,
1687 2261 1738 2314 id
1757 2270 1857 2323 est,

314 2341 519 2418 aliena:
562 2358 592 2396 a
633 2344 740 2398 Deo
774 2355 956 2399 sectas.
989 2345 1132 2401 Talis
1167 2362 1293 2416 ergo
1332 2358 1388 2402 et
1416 2350 1530 2404 hare
1559 2349 1699 2404 Uria:
1727 2357 1862 2404 uxOr

311 2430 484 2486 Ethei
517 2432 616 2486 viri
641 2433 804 2487 alieni
829 2435 898 2488 ab
927 2435 1085 2488 Israel
1111 2435 1334 2505 intelligi
1363 2447 1558 2506 potest,
1582 2453 1740 2507 quam
1765 2454 1860 2507 po—

312 2527 463 2580 situs
497 2525 551 2579 in
581 2527 948 2594 superioribus
973 2528 1136 2582 David
1159 2529 1450 2598 inspexerit
1474 2530 1739 2586 lavantem
1763 2533 1862 2585 im-

317 2613 624 2669 munditias
661 2629 788 2669 suas
833 2615 886 2668 in
922 2615 1074 2683 aquis
1103 2617 1168 2679 ⁶⁸,
1199 2625 1252 2670 et
1271 2617 1456 2672 sordes
1495 2632 1620 2672 suas
1659 2619 1861 2674 diluere

319 2703 619 2770 volentem,
669 2717 898 2774 eamque
931 2706 1309 2760 desideraverit
1337 2715 1392 2761 et
1432 2709 1716 2776 acceperit.
1755 2707 1858 2763 Sed

321 2795 450 2861 quia
484 2809 587 2848 non
611 2793 712 2849 fuit
734 2796 978 2850 voluntas
1008 2797 1212 2851 Domini
1244 2798 1444 2852 alienas
1463 2813 1492 2850 a
1519 2799 1742 2854 veritate
1766 2799 1858 2854 Dei

319 2893 504 2938 sectas
529 2884 794 2938 introduci
830 2884 939 2954 (87)
981 2886 1032 2938 in
1075 2886 1286 2939 domum
1315 2885 1479 2940 David
1502 2927 1518 2953 ,
1548 2889 1715 2956 prima
1749 2887 1860 2955 ejus

319 2974 603 3037 nativitas,
634 2983 687 3028 et
703 2977 908 3042 primus
927 2974 1130 3028 fructus
1150 2976 1522 3044 exstinguitur,
1550 2979 1855 3031 utsecunda

317 3066 586 3135 progenie
628 3080 721 3119 rex
766 3065 830 3119 de
874 3065 1170 3134 alienigena
1201 3065 1414 3134 sapiens
1456 3079 1762 3121 nasceretur
1789 3069 1860 3120 ".

319 3153 428 3209 Sed
455 3155 670 3224 longum
692 3163 773 3208 est
803 3154 988 3208 horum
1027 3157 1256 3222 liguras,
1286 3163 1339 3208 et
1365 3155 1641 3224 aenigmata
1672 3171 1853 3224 perse-

1958 1832 2075 1871 sum
2106 1817 2406 1886 diiudicari.
2452 1818 2584 1872 Nam
2637 1817 2864 1872 humana
2900 1820 3013 1872 dies
3053 1818 3346 1888 diiudicare
3376 1832 3480 1870 non

1957 1914 2131 1973 powst
2165 1905 2459 1974 spiritalem
2491 1906 2557 1960 ".
2596 1906 2699 1961 Sed
2731 1915 2784 1961 et
2811 1909 2949 1974 quod
2977 1909 3216 1976 sequitur
3243 1908 3308 1959 ad
3342 1906 3484 1959 hunc

1957 1995 2175 2059 respicit
2225 2009 2488 2051 sensum:
2536 2014 2556 2050 t
2586 1995 2656 2052 Ut
2706 1997 3019 2066 iustiﬁceris
3049 1997 3100 2050 in
3149 1997 3484 2050 sermonibus

1960 2084 2082 2150 tuis,
2100 2093 2154 2137 et
2171 2083 2356 2138 vincas
2379 2100 2498 2138 cum
2520 2084 2780 2151 iudicaris
2805 2087 2873 2138 “.
2901 2103 2922 2137 ι
2960 2082 3486 2153 Judicaturnamque

1958 2171 2096 2227 Deus
2125 2173 2178 2226 in
2215 2173 2660 2238 disputationibus
2696 2175 3012 2243 sapientium
3037 2217 3051 2239 ,
3093 2175 3216 2228 dum
3264 2174 3351 2226 alii
3383 2175 3485 2228 huc

1957 2261 2140 2325 modo,
2176 2261 2266 2314 alii
2298 2262 2423 2326 alio,
2463 2271 2517 2316 et
2550 2263 2759 2318 diverse
2781 2263 2971 2332 singuli
2999 2263 3066 2317 de
3096 2263 3200 2318 Deo
3219 2263 3479 2316 sentiunt.

1956 2351 2074 2419 Ipse
2098 2366 2224 2406 vero
2250 2353 2418 2407 vincit
2442 2367 2536 2407 eos
2557 2353 2648 2423 qui
2679 2355 2743 2408 de
2770 2367 2830 2407 se
2851 2353 3117 2420 iudicant,
3149 2368 3270 2408 cum
3298 2367 3486 2406 erran-

1958 2441 2099 2495 tibus
2123 2442 2326 2497 cunctis
2353 2457 2506 2496 suam
2536 2444 2601 2498 de
2622 2458 2680 2498 se
2707 2442 2975 2512 quomodo
3006 2443 3089 2496 vel
3115 2441 3350 2511 qualiter
3369 2455 3488 2495 cre-

1956 2531 2160 2586 dendus
2177 2546 2241 2586 ac
2285 2532 2626 2586 venerandus
2655 2534 2730 2585 sit
2759 2532 2961 2586 revelat
2999 2531 3112 2599 ipse
3142 2531 3482 2587 sententiam.
3575 2560 3592 2572 α

1958 2621 2060 2677 Sed
2085 2621 2307 2677 sulllciat
2322 2624 2594 2691 hucusque
2613 2625 2785 2692 spatia
2806 2623 3024 2677 secundi
3049 2620 3334 2676 voluminis
3363 2634 3484 2674 esse

1956 2713 2234 2780 producta.
2269 2710 2460 2766 Nescio
2515 2727 2622 2781 quo
2678 2713 2876 2766 etenim
2924 2721 3079 2780 pacto
3110 2749 3126 2776 ,
3162 2712 3285 2765 dum
3339 2711 3484 2778 piget

1957 2803 2204 2858 omittere
2237 2803 2280 2859 si
2317 2818 2422 2871 qua
2456 2803 2821 2871 explanationi
2853 2802 3150 2856 necessaria
3189 2815 3485 2869 suggerun-

1968 2901 2074 2956 tur,
2099 2892 2390 2947 evolvimur
2416 2907 2444 2944 a
2469 2892 2768 2946 brevitate:
2799 2906 2980 2960 quam,
3007 2893 3052 2945 si
3081 2904 3166 2946 res
3194 2898 3482 2960 pateretur,

1957 2980 2175 3035 lectoris
2205 2980 2419 3036 fastidio
2467 2981 2847 3046 consulentes,
2897 2995 3220 3052 magnOpere
3267 2994 3486 3035 servare

1959 3083 2292 3138 caperemus.

1314 3497 1332 3520 ⁴
1432 3468 1771 3556 LIBER
1847 3467 2390 3554 TERTIUS.

381 3822 436 3874 I.
474 3838 491 3870 t
523 3811 576 3872 Si
607 3827 785 3872 autem
819 3812 1065 3881 iniquitas
1094 3819 1272 3864 nostra
1299 3801 1390 3860 Dei
1415 3805 1666 3875 iustitiam
1695 3819 1840 3859 com-
1887 3812 1929 3871 α
1958 3806 2118 3861 etiam
2145 3819 2238 3872 pro
2265 3803 2460 3858 Judteis
2494 3805 2706 3872 ponitur
2737 3819 2751 3856 :
2783 3813 2836 3856 et
2868 3817 2932 3856 ex
2962 3804 3090 3872 ipsis
3112 3803 3244 3860 alios
3271 3806 3482 3874 quidem
3509 3803 3512 3806 .

307 3906 538 3962 mendat
557 3945 572 3970 ,
599 3903 725 3972 quid
756 3898 1027 3956 dicemus?
1049 3895 1294 3964 Nunquid
1336 3894 1544 3963 iniquus
1586 3894 1725 3947 Deus
1754 3893 1840 3962 qui

309 3995 485 4050 infert
512 3993 679 4048 iram?
704 3989 1008 4046 Secundum
1047 3985 1311 4040 hominem
1337 3984 1470 4040 dico.
1498 3982 1665 4041 Absit.
1699 3983 1846 4037 Alio-

308 4075 449 4148 quin
485 4073 756 4144 quomodo
802 4071 1062 4142 iudicabit
1109 4071 1248 4124 Deus
1297 4071 1435 4124 hunc
1463 4071 1760 4126 mundum?
1797 4068 1854 4125 Si

309 4164 464 4217 enim
495 4163 702 4217 veritas
747 4162 835 4215 Dei
868 4161 919 4214 in
976 4174 1093 4214 meo
1134 4160 1406 4214 mendacio
1458 4160 1749 4214 abundavit
1801 4159 1855 4212 in

306 4253 544 4322 gloriam
575 4251 710 4317 eius,
735 4249 863 4320 quid
896 4250 1068 4303 adhuc
1099 4258 1151 4302 et
1177 4263 1274 4315 ego
1315 4257 1566 4318 tanquam
1602 4258 1856 4318 peccator

305 4342 557 4410 iudicor,
581 4351 636 4394 et
668 4355 774 4393 non
815 4341 1444 4409 (sicutblasphemamur,
1495 4351 1550 4394 et
1603 4343 1738 4394 sicut
1771 4341 1854 4393 di-

305 4438 455 4482 cunt
493 4443 596 4483 nos
633 4429 850 4496 quidam
881 4428 1079 4500 dicere)
1113 4415 1368 4484 faciamus
1399 4430 1532 4483 mala
1559 4440 1613 4482 ut
1640 4431 1856 4484 veniant

305 4517 495 4571 bona?
516 4532 747 4584 quorum
776 4515 1046 4570 damnatio
1061 4516 1201 4582 iusta
1241 4526 1322 4572 est
1345 4519 1412 4575 “.
1455 4535 1474 4570 ι
1507 4517 1724 4572 Multum
1752 4520 1858 4575 for-

306 4605 484 4660 tassis
561 4605 952 4673 inconsequens
1008 4606 1273 4659 videbitur
1313 4607 1445 4660 ordo
1498 4607 1706 4662 dicendi
1761 4625 1854 4678 per

304 4709 536 4749 omnem
578 4709 716 4764 pene
767 4704 966 4748 textum
1016 4695 1172 4762 huius
1205 4694 1454 4763 Epistulae
1501 4698 1567 4750 ab
1615 4698 1856 4766 apostolo

303 4784 491 4840 Paulo
521 4784 760 4852 digestus
789 4821 804 4847 ,
861 4784 982 4836 dum
1028 4798 1204 4836 sermo
1235 4783 1349 4851 eius
1385 4799 1526 4838 nunc
1573 4786 1853 4840 adversum

304 4883 512 4942 gentes
544 4871 812 4941 dirigitur,
839 4885 980 4925 nunc
1018 4885 1112 4938 pro
1149 4872 1394 4940 gentibus
1428 4881 1774 4940 temperatur,
1800 4883 1855 4928 et

1956 3894 2110 3948 laude
2137 3893 2266 3948 dicit
2293 3892 2480 3958 dignos
2505 3930 2520 3957 ,
2583 3891 2716 3945 alios
2773 3891 3057 3960 vituperat.
3089 3892 3219 3960 Qua:
3272 3910 3485 3948 rursum

1955 3997 2202 4038 sensuum
2229 3981 2458 4035 varietas
2487 3989 2639 4034 extra
2671 3979 2837 4034 lineas
2865 3996 2988 4036 eum
3013 3982 3295 4050 proposita:
3321 3981 3487 4035 actio-

1956 4075 2038 4128 nis
2071 4073 2182 4144 (89)
2211 4072 2486 4143 putabitur
2510 4071 2798 4126 abduxisse
2820 4111 2835 4133 ,
2865 4073 3032 4126 veluti
3060 4087 3180 4126 cum
3213 4072 3485 4126 exclama-

1956 4164 2101 4217 tione
2137 4163 2304 4216 utitur
2334 4161 2423 4215 illa
2453 4175 2560 4230 qua
2602 4161 2722 4214 ait:
2759 4179 2779 4212 t
2810 4159 2929 4215 Fiat
2977 4171 3158 4215 autem
3205 4159 3319 4232 (90)
3349 4161 3486 4214 Deus

1958 4265 2143 4318 verax,
2170 4252 2345 4306 omnis
2366 4261 2544 4306 autem
2570 4251 2727 4305 homo
2751 4253 3087 4315 mendax";i
3132 4251 3214 4306 vel
3243 4252 3406 4304 etiam
3423 4265 3487 4304 ea

1960 4355 2116 4409 quam
2141 4349 2530 4409 consequenter
2555 4339 2789 4408 adiungit
2815 4352 2935 4392 cum
2972 4338 3135 4392 dicit:
3166 4355 3186 4388 t
3216 4336 3270 4392 Si
3308 4347 3488 4390 autem

1959 4431 2210 4499 iniquitas
2241 4439 2420 4484 nostra
2453 4429 2546 4483 Dei
2573 4427 2835 4498 iustitiam
2863 4428 3221 4490 commendat,
3261 4443 3281 4478 ι
3320 4435 3376 4478 et
3401 4441 3488 4478 re-

1961 4517 2127 4585 liqua,
2162 4525 2218 4569 ut
2246 4531 2338 4585 per
2367 4517 2467 4571 hoc
2498 4517 2564 4571 de
2589 4530 2812 4570 excessu
2847 4515 2900 4568 in
2933 4527 3211 4568 excessum
3249 4512 3492 4567 videatur

1955 4605 2188 4675 elapsus.
2221 4604 2323 4660 Sed
2357 4606 2448 4675 qui
2486 4605 2758 4659 credimus
2806 4605 2856 4659 ei
2904 4603 3140 4669 dicenti,
3171 4604 3291 4672 quia
3325 4619 3344 4651 t
3379 4601 3491 4654 ido-

1956 4709 2083 4749 neos
2109 4711 2204 4749 nos
2237 4694 2362 4749 fecit
2394 4695 2668 4748 ministros
2701 4692 2834 4749 Novi
2864 4695 3213 4757 Testamenti,
3266 4707 3368 4744 non
3403 4691 3492 4744 lit-

1961 4793 2096 4848 tera,
2126 4786 2220 4838 sed
2249 4785 2441 4855 spiritu
2475 4785 2542 4848 ⁸⁸,
2575 4802 2594 4836 ι
2625 4798 2838 4838 sensum
2868 4785 2983 4853 eius
3015 4784 3182 4836 multo
3210 4781 3487 4836 celsioretn

1954 4891 2114 4945 quam
2157 4877 2398 4928 humanae
2420 4875 2552 4927 artis
2585 4875 2724 4927 ratio
2760 4874 2957 4928 habere
2981 4873 3252 4938 creditur,
3283 4872 3490 4924 inveni-

304 4977 538 5016 rursum
573 4962 859 5014 adversum
887 4959 1119 5024 Iudaeos,
1149 4972 1198 5014 et
1225 4962 1414 5014 iterum
1443 4963 1508 5015 de
1530 4961 1743 5029 Judeis,
1763 4974 1854 5016 aut
1957 4981 2092 5020 mus.
2125 4965 2225 5020 Per
2245 4979 2458 5019 omnem
2485 4978 2710 5031 namque
2731 4965 2886 5030 huius
2908 4965 3152 5032 Epistulae
3167 4953 3488 5018 textum‘do-

377 5055 428 5085 ⁸⁸
453 5053 897 5126 P_rov.Axx_xt,_22.
957 5053 1012 5126 _"
1039 5053 1255 5126 lIlglieg.
1293 5069 1368 5115 ιι,
1399 5055 1433 5109 3
1456 5069 1636 5126 seq.“
1669 5057 1715 5088 ⁸⁸
1743 5056 1780 5109 11
1833 5057 1960 5126 Reg.
2010 5058 2193 5121 xtﬂl.
2265 5057 2309 5090 ⁸⁹
2335 5058 2371 5110 II
2392 5059 2520 5126 Reg.
2541 5071 2634 5122 xtl,
2659 5056 2854 5120 19,24.
2877 5124 2894 5126 _
2930 5059 2974 5088 ⁹⁰
2999 5057 3096 5110 Iob
3122 5073 3175 5118 v,
3207 5058 3290 5112 I5:
3317 5056 3334 5109 l
3363 5056 3490 5110 Cor.

301 5140 393 5187 ιιι,
430 5123 536 5192 19.
608 5122 652 5152 ⁹¹
683 5123 825 5192 [ζετιι.
855 5139 906 5182 ι..
947 5121 1030 5192 6._
1073 5123 1167 5192 "Al
1193 5121 1315 5192 Cor.
1348 5138 1407 5185 tt,
1450 5121 1660 5192 14,7I5.
1759 5126 1802 5156 ⁹³
1839 5126 1857 5177 I

1963 5145 2006 5181 r.
2034 5144 2105 5192 iv,
2138 5129 2192 5180 4.
2288 5127 2335 5158 ⁸⁸
2355 5129 2376 5180 I
2398 5121 2521 5180 Cor.
2547 5121 2627 5190 tv,
2647 5126 2702 5178 5.
2800 5127 2846 5156 ⁸⁵
2873 5124 3015 5180 Psal.
3052 5141 3106 5190 ι..
3130 5127 3185 5180 6.
3257 5126 3302 5159 "
3329 5127 3490 5186 Iiom.

293 5209 382 5256 Ill,
423 5191 546 5244 5-8.
622 5192 667 5223 "
703 5191 860 5244 Rom.
893 5206 973 5252 Ill,
1005 5190 1058 5243 4.
1129 5190 1174 5221 ’⁸
1213 5189 1254 5240 ll
1286 5190 1406 5244 Cor.
1435 5203 1519 5254 Ill,
1551 5191 1603 5246 6.

377 5283 504 5353 (84)
538 5284 700 5346 Alias,
737 5302 756 5335 t
797 5283 1028 5351 quando.
1059 5299 1080 5333 ι

534 5353 695 5423 Editi,
724 5370 743 5402 ι
773 5354 932 5423 quod.
973 5370 991 5401 ι

375 5417 504 5486 (86)
533 5421 702 5481 Alias,
730 5438 751 5470 ε
789 5420 872 5471 his
892 5419 1177 5480 contraria,
1203 5435 1222 5469 ι
1257 5417 1413 5472 male.

377 5487 508 5554 (87)
533 5490 639 5551 AL,
669 5507 687 5538 ι
724 5487 1085 5554 introducere.
1119 5506 1136 5536 ι

355 5552 508 5648 ,(88)
552 5555 642 5612 γει
663 5555 979 5626 prophetam.
1015 5552 1170 5608 Deest
1198 5556 1250 5608 in
1282 5554 1631 5625 anteacditis.

2023 5285 2133 5358 (89)
2157 5285 2245 5339 Sic
2279 5293 2425 5358 recte
2453 5299 2584 5358 mss.
2613 5283 2801 5358 nostri.
2833 5283 2972 5358 Editi
2997 5297 3122 5336 vero
3145 5293 3198 5336 et
3223 5299 3349 5339 mas.
3375 5283 3488 5352 qui.

1883 5327 1926 5383 Β
1963 5327 2383 5422 ᾶπῖἧυβθτιῖετίῆι
2412 5327 2608 5405 habent
2641 5371 2654 5404 :
2691 5370 2709 5402 t
2747 5350 2844 5422 Qui
2879 5327 3360 5422 rursutnscnsuutn
3391 5327 3484 5406 va-

1963 5427 2178 5478 rietates
2210 5420 2375 5476 extra
2412 5423 2577 5474 lineas
2610 5420 2890 5489 proposita:
2916 5421 3160 5488 actionis,
3193 5440 3208 5473 ι
3245 5431 3350 5478 etc.

2032 5490 2140 5561 (90)
2167 5491 2243 5543 Al.
2269 5529 2283 5556 ,
2330 5508 2346 5540 ε
2385 5505 2502 5544 cum
2544 5490 2659 5544 ait:
2692 5489 2771 5543 Sit
2801 5496 2998 5541 autent.
3038 5507 3054 5538 ι
