3836 6228
383 245 484 300 925

1771 252 1928 309 ORIG
1937 253 2083 308 ENIS

3561 249 3662 304 92$

380 376 504 416 cere
533 361 641 415 vult
664 375 781 428 quae
812 360 970 413 fuerit
993 361 1072 414 vel
1107 370 1229 415 ante
1264 367 1548 420 adventum
1595 367 1790 423 Christi
1812 386 1900 423 sa-
1932 374 1972 428 Α
2002 384 2117 437 quae
2149 368 2376 424 diximus
2407 370 2719 426 convenire.
2753 367 3106 424 Secundum
3155 364 3276 418 hoc
3339 377 3480 416 vero
3518 371 3655 432 quod

378 449 459 502 lus
512 452 796 503 secundum
828 449 995 513 legem
1029 451 1332 506 viventibus
1363 493 1378 516 ,
1409 455 1486 508 vel
1519 460 1780 524 quomodo
1812 475 1904 526 per

383 537 672 590 Salvator-is
696 537 1000 602 adventum,
1023 554 1231 592 rursum
1249 556 1323 601 ex
1353 544 1723 598 incredulitate
1747 547 1902 599 Israel

379 626 522 678 salus
555 628 797 693 gentibus
826 629 1174 693 conferatur;
1212 641 1266 684 et
1311 649 1518 686 rursum
1559 638 1696 702 quod
1734 653 1902 704 neque

374 727 439 764 ex
476 712 682 781 integro
713 725 919 782 gentes,
951 717 1049 771 nisi
1083 733 1203 786 qua:
1219 722 1561 787 crediderint,
1588 726 1804 778 veniant
1836 727 1900 778 ad

367 801 629 866 salutem;
661 819 833 872 neque
853 821 918 858 ex
947 807 1156 878 integro
1184 812 1494 888 _abjiciatur
1549 814 1707 868 lsracl
1742 857 1756 880 ,
1807 819 1898 870 sed

373 907 392 938 ‹
425 889 659 957 reliquis:
689 911 708 942 ι
738 896 1067 951 credentium
1129 917 1147 949 ε
1186 901 1344 954 salvae
1378 921 1397 952 ι
1431 903 1559 957 [iant
1583 905 1648 957 θ’.
1681 904 1745 959 Ει
1780 907 1898 960 ideo

365 979 640 1043 confusus.
676 994 734 1036 ut
763 985 895 1050 dixi,
926 989 1134 1043 videtur
1156 993 1286 1045 ordo
1317 993 1544 1058 dicendi,
1581 996 1702 1048 dum
1727 998 1897 1050 diver-

363 1065 554 1121 sitates
584 1072 909 1126 credentium
934 1087 988 1129 et
1015 1092 1119 1131 non
1147 1080 1481 1134 credentium
1513 1084 1680 1150 partis
1703 1087 1896 1140 utrius-

365 1172 468 1224 que
490 1165 852 1231 prosequitur.
899 1167 956 1222 In
1003 1169 1198 1232 quibus
1237 1177 1540 1226 necessario
1591 1190 1892 1231 sermonem

363 1251 630 1302 convertit
651 1262 704 1306 et
725 1257 788 1310 ad
809 1254 972 1310 Deum
995 1266 1052 1312 ut
1073 1259 1125 1311 in
1151 1260 1233 1314 his
1282 1264 1530 1316 omnibus
1572 1267 1894 1334 assumptio-

363 1352 486 1391 num
532 1342 997 1412 repulsionumque
1041 1347 1375 1416 differentiis,
1432 1369 1556 1408 vera
1587 1357 1802 1424 quidem
1837 1369 1890 1412 et

353 1423 498 1487 justa
528 1427 614 1480 Dei
649 1429 837 1484 doceat
860 1432 1218 1502 essejudicia,
1253 1440 1476 1494 multum
1505 1423 1680 1496 autem
1713 1445 1764 1497 in
1795 1447 1892 1499 hu-

358 1507 595 1563 minihus
617 1513 889 1569 abundare
916 1521 1172 1574 mendacii
1206 1511 1236 1588 ’;
1258 1536 1311 1578 ει
1351 1529 1470 1581 ideo
1507 1530 1674 1582 dicit:
1725 1551 1741 1582 ι
1775 1533 1890 1586 Fiat

357 1605 532 1650 autem
561 1600 695 1654 Deus
728 1617 890 1659 verax
917 1644 934 1672 ,
993 1611 1169 1664 omnis
1201 1624 1376 1668 autem
1421 1617 1575 1672 homo
1605 1623 1824 1674 mendax
1865 1639 1878 1687 ;

2006 457 2057 508 in
2094 456 2298 512 Latinis
2349 459 2779 524 exemplaribus,
2824 467 2887 511 et
2947 453 3277 509 nonnuilis
3332 451 3656 553 (irascor-um

2003 546 2338 602 invenimus:
2379 565 2398 599 ι
2429 547 2686 616 Nunquid
2747 547 2987 614 iniquus
3057 545 3228 598 Deus
3258 582 3275 605 ,
3329 543 3436 610 qui
3497 541 3654 596 infert

2000 637 2166 689 iram?
2201 636 2506 692 Secundum
2538 638 2824 692 hominem
2851 635 2971 688 dic.
3045 633 3272 696 Absit;
3326 651 3348 684 ι
3386 633 3466 686 ita
3501 632 3654 686 intel-

1998 723 2264 794 ligendum
2306 727 2538 781 videtur.
2566 725 2682 778 lloc
2718 725 2871 792 quod
2907 724 3143 776 dicitur
3183 739 3206 772 ς
3249 721 3492 788 iniquus
3518 720 3655 774 Deus

1996 817 2084 882 qui
2115 816 2277 870 infert
2329 818 2484 881 iram,
2537 835 2556 868 ι
2609 831 2710 886 pro
2741 831 2812 871 eo
2845 816 3007 884 quod
3044 833 3067 866 ι
3115 814 3426 883 iujustitia
3469 825 3652 870 nostra

1988 902 2248 969 justitiam
2276 907 2368 961 Dei
2408 908 2785 968 commendat,
2828 925 2850 958 ›
2891 921 3011 959 non
3058 906 3408 960 secundum
3441 904 3649 970 Deum,

1994 1004 2164 1057 neque
2196 994 2491 1046 secundum
2535 994 2876 1063 sapientiam
2915 994 3022 1047 Dei
3067 994 3335 1059 dicitur,
3372 995 3474 1047 sed
3513 1015 3532 1045 ι
3567 1013 3650 1051 se-

1992 1080 2218 1152 cundum
2250 1081 2583 1149 hominem,»
2617 1093 2671 1137 et
2696 1084 3030 1138 secundum
3080 1083 3204 1138 hoc
3257 1084 3420 1152 quod
3455 1086 3650 1139 dicitur

1996 1147 2214 1224 tornmis
2261 1171 2422 1225 homo
2473 1174 2710 1227 mendax
2757 1176 2801 1226 ’.
2837 1191 2858 1225 ι
2924 1172 3079 1228 Haec
3139 1182 3349 1227 autem
3416 1175 3647 1232 diximus

1988 1257 2160 1325 ipsum
2199 1261 2374 1315 adhuc
2398 1261 2647 1316 ordinem
2683 1277 3030 1316 sermonum
3077 1272 3144 1318 et
3177 1265 3485 1318 dictorum
3520 1281 3646 1320 con-

1987 1351 2320 1416 sequentiam
2352 1361 2789 1420 pertractantes,
2818 1363 2884 1406 ut
2918 1354 3156 1408 divisio
3187 1354 3316 1423 ipsa
3349 1356 3640 1412 verborum

1985 1438 2303 1504 apertiorem
2337 1442 2494 1496 nobis
2546 1441 2755 1496 faceret
2827 1444 3225 1513 intelligendi
3277 1447 3457 1499 viam.
3493 1447 3639 1502 Nunc

1956 1538 2114 1586 vero
2147 1526 2255 1595 jam
2280 1530 2456 1598 qualis
2499 1531 2553 1584 in
2577 1532 2666 1587 his
2705 1533 3100 1588 sermonibus
3128 1535 3430 1589 habeatur
3449 1552 3636 1594 sensus

1985 1614 2277 1670 secundum
2337 1620 2710 1689 dignationem
2775 1625 3194 1692 apostolicam
3260 1630 3632 1696 requiramus.

356 1688 495 1738 sicut
548 1690 805 1758 scriptum
841 1706 963 1750 est:
997 1697 1067 1752 Ut
1107 1699 1420 1766 justiﬁceris
1453 1708 1502 1760 in
1550 1713 1871 1766 sermonibus

2115 1703 2172 1758 iis
2201 1688 2482 1776 disciplina
2527 1725 2595 1762 ex
2645 1715 2974 1781 prosperis,
3009 1724 3078 1768 et
3129 1731 3207 1768 ex
3245 1719 3526 1784 adversis,
3558 1723 3630 1776 vel

357 1777 480 1838 tuis,
509 1787 563 1830 et
595 1781 776 1836 vincas
809 1799 928 1839 cum
968 1787 1226 1854 judicaris
1250 1794 1289 1859 ',
1324 1812 1343 1844 ι
1394 1796 1459 1850 de
1487 1799 1682 1865 quibus
1727 1813 1883 1870 prout

350 1865 619 1930 potuimus
653 1870 705 1923 iu
746 1878 1110 1943 superioribus
1161 1882 1411 1939 diximus.
1459 1889 1538 1942 Ad
1593 1891 1705 1944 hate
1753 1907 1881 1962 ergo

351 1967 492 2007 nunc
523 1957 704 2012 videns
735 1977 889 2030 posse
915 1967 1016 2021 sibi
1047 1984 1078 2023 e
1121 1976 1390 2029 contrario
1411 1979 1696 2035 verisimile
1720 1983 1877 2052 olijici

349 2043 473 2107 quia
501 2045 544 2097 si
571 2057 625 2098 ut
659 2048 796 2106 Deus
847 2069 1006 2110 verax
1032 2058 1122 2120 sit,
1157 2064 1461 2120 mendacem
1505 2083 1625 2124 esse
1664 2086 1876 2128 omnem

347 2131 612 2189 hominem
641 2153 858 2195 necesse
881 2154 988 2210 est,
1037 2157 1090 2201 et
1122 2149 1166 2202 si
1211 2151 1419 2220 justitia
1447 2157 1542 2210 Dei
1579 2175 1673 2226 per
1703 2161 1876 2216 homi-

346 2233 473 2272 nnm
507 2223 818 2290 injustitiam
843 2239 1281 2307 commendatur,
1337 2223 1592 2312 injustusi
1615 2249 1876 2306 videbitur

344 2306 503 2376 Deus,
539 2313 627 2380 qui
653 2314 786 2370 iram
815 2319 1124 2380 hominibus
1151 2326 1365 2394 inferat,
1395 2346 1513 2387 cum
1564 2350 1661 2404 per
1709 2338 1876 2394 homi-

341 2409 469 2450 num
505 2399 811 2470 injustitiam
845 2424 994 2464 suam
1018 2413 1282 2482 justitiam
1332 2421 1506 2476 videat
1540 2430 1869 2495 approbari:

341 2483 387 2534 si
429 2487 570 2540 enim
598 2503 798 2558 nostra,
831 2499 930 2553 hoc
957 2510 1060 2564 est,
1093 2503 1360 2560 hominum
1389 2511 1642 2579 iujustitia
1672 2518 1764 2572 Dei
1784 2519 1872 2586 ju-

339 2575 537 2629 stitiam
572 2587 1062 2651 connnendat,.non
1093 2595 1276 2661 utique
1305 2613 1459 2664 poena
1507 2604 1649 2671 digni
1697 2608 1870 2664 homi-

339 2679 433 2717 nes
460 2667 778 2758 videbuntur
807 2694 900 2746 per
926 2695 1058 2747 quos
1076 2683 1286 2750 justitia
1315 2689 1406 2744 Dei
1424 2667 1750 2758 probabilior
1769 2701 1868 2754 ba-

337 2751 492 2803 betur
516 2764 569 2807 et
599 2757 793 2814 clarior
822 2779 834 2813 :
867 2767 968 2819 Sed
999 2770 1159 2836 absit,
1197 2774 1387 2844 inquit,
1418 2751 1474 2832 ut
1499 2781 1596 2836 hoc
1626 2785 1698 2838 ita
1729 2790 1864 2842 reci—

335 2842 560 2910 piamus,
592 2847 828 2919 iniquum
858 2854 1024 2912 videri
1057 2861 1220 2916 Deum
1245 2867 1334 2932 qui
1367 2842 1582 2924 inducat
1611 2872 1744 2928 iram
1773 2879 1867 2931 ad-

335 2940 543 2982 versum
579 2933 840 2993 homines.
862 2941 1136 3027 Quomodo
1161 2952 1302 3006 enim
1332 2955 1564 3024 injustus
1593 2955 1865 3029 putabitur

331 3017 425 3092 qui
447 3018 650 3087 judicat
680 3017 964 3101 mundum;
986 3050 1106 3089 cum
1144 3038 1258 3106 ipso
1289 3017 1504 3100 nomine
1525 3017 1720 3118 judicis
1752 3017 1860 3124 (9i)

330 3110 643 3163 ostendatur
669 3114 797 3169 nihil
830 3119 945 3174 sine
967 3121 1166 3188 judicio
1189 3129 1404 3185 facere?
1457 3110 1555 3191 Ubi
1579 3110 1863 3212 autem‘ju1

329 3192 523 3249 dicium
554 3211 656 3264 est,
682 3217 892 3263 constat
921 3227 1038 3266 esse
1069 3214 1355 3283 justitiam.
1394 3222 1438 3276 Α
1464 3224 1671 3293 justitia
1698 3192 1856 3286 nam-

328 3298 433 3349 que
456 3296 509 3338 et
531 3287 692 3354 judex
727 3297 1048 3364 etjudicium
1084 3306 1410 3364 nominatur.
1439 3287 1494 3367 Si
1523 3328 1669 3383 ergo,
1699 3328 1754 3373 ut
1779 3321 1861 3374 in-

322 3369 451 3438 justi
476 3374 604 3445 (9‘2),
644 3382 834 3448 inquit,
870 3386 1024 3457 502
1064 3407 1162 3446 nos
1187 3394 1460 3455 aﬂirmare
1508 3369 1854 3477 confingunt,

329 3477 350 3508 ι
382 3465 578 3518 veritas
610 3468 702 3523 Dei
735 3473 786 3524 in
813 3491 929 3530 meo
967 3482 1242 3538 mendacio
1271 3487 1579 3558 abundavit,
1617 3513 1638 3546 ι
1667 3465 1854 3566 super-

322 3548 492 3645 ﬂues
533 3568 630 3623 ego
677 3569 927 3630 tauquam
985 3582 1238 3637 peccator
1261 3577 1499 3645 judicor.
1527 3548 1853 3645 r'Setiirll'ud

321 3641 783 3747 magisyidebitur
808 3654 859 3706 in
890 3671 995 3724 quo
1025 3641 1392 3731 blasphemant
1441 3686 1538 3726 nos
1565 3713 1582 3739 ,
1639 3641 1849 3747 inquit,

319 3729 474 3793 quasi
501 3731 602 3787 hoc
631 3735 906 3795 videamur
933 3745 1111 3802 dicere
1183 3760 1239 3804 ut
1259 3769 1303 3807 SI
1333 3757 1526 3814 veritas
1560 3761 1651 3816 Dei
1681 3765 1731 3819 in
1764 3767 1855 3822 hoc

321 3817 527 3872 minum
559 3828 838 3883 mendacio
864 3837 1030 3904 magis
1079 3843 1404 3909 ostenditur,
1430 3857 1481 3901 et
1505 3850 1712 3918 justitia
1738 3856 1850 3922 ejus

316 3920 411 3971 per
431 3911 702 3968 hominum
749 3919 1059 3989 injustitiam
1076 3935 1473 4001 comprobatur,
1495 3958 1512 3989 ‹
1537 3939 1844 4002 Faciamus»

317 4011 445 4065 ergo
471 4016 565 4056 nos
599 4021 618 4055 ‹
648 4007 804 4073 mala,
835 4021 892 4065 ut
927 4033 947 4066 ι
979 4031 1043 4070 ex
1087 4021 1242 4076 malis
1280 4042 1298 4074 ε
1340 4027 1588 4081 eveniant
1617 4031 1791 4100 bona;
1823 4055 1842 4088 ι

315 4098 368 4140 ει
392 4093 711 4147 mentiamur
732 4112 848 4163 nos,
881 4111 939 4154 ut
961 4118 1024 4156 ex
1053 4117 1238 4160 nostro
1267 4113 1542 4168 mendacio
1574 4116 1665 4171 Dei
1710 4124 1846 4176 veri-

1983 1795 2265 1850 coutrariis
2282 1807 2516 1851 constat.
2536 1797 2701 1854 Verbi
2731 1801 2920 1869 gratia
2942 1818 2960 1854 :
3009 1805 3326 1873 medicina
3347 1809 3630 1864 scientiam

1981 1895 2085 1935 non
2116 1883 2286 1937 solum
2343 1887 2620 1954 sanitatis,
2667 1891 2767 1945 sed
2796 1901 2856 1945 et
2919 1892 3254 1962 languoris
3298 1899 3625 1966 proﬁtetur:

1979 1979 2030 2023 et
2057 1973 2296 2038 quamvis
2330 1976 2582 2031 sanitatis
2621 1980 2873 2034 studium
2907 1994 3094 2052 gerat
3124 2025 3144 2050 ,
3197 2003 3317 2040 non
3361 2001 3540 2056 potest
3559 2005 3628 2048 ta-

1981 2075 2098 2113 men
2135 2067 2340 2117 nescire
2371 2081 2489 2133 quae
2529 2067 2812 2138 languoris
2841 2084 3014 2132 sunt.
3086 2076 3392 2134 Similiter
3421 2094 3475 2136 et
3505 2099 3624 2153 pru-

1977 2149 2150 2204 dentia
2184 2167 2277 2220 per
2303 2153 2428 2208 boni
2464 2166 2518 2210 et
2541 2158 2671 2211 mali
2697 2160 3019 2218 scientiam
3063 2180 3316 2224 constat
3353 2191 3368 2226 :
3403 2185 3462 2228 et
3490 2149 3619 2245 tem-

1974 2241 2217 2306 perantia
2244 2257 2363 2312 qua:
2395 2244 2640 2316 eligenda
2674 2255 2732 2300 et
2759 2263 2891 2318 quae
2923 2259 3213 2311 cavenda
3256 2264 3400 2327 sint;
3435 2243 3615 2323 novit:

1973 2336 2028 2381 et
2061 2328 2320 2387 fortitudo
2349 2349 2453 2388 non
2485 2336 2702 2405 ignorat
2746 2354 2879 2408 quae
2945 2344 3029 2399 ad
3069 2347 3455 2408 formidinem
3506 2373 3617 2425 spe-

1973 2422 2140 2470 ctant.
2163 2413 2236 2470 lta
2255 2421 2543 2489 etjustitia.
2568 2423 2626 2478 Si
2651 2425 2801 2481 scire
2837 2430 3140 2491 volumus
3175 2440 3319 2507 quid
3355 2453 3442 2497 est
3467 2413 3613 2511 justi-

1972 2503 2063 2571 tia,
2088 2520 2302 2590 necesse
2327 2519 2407 2563 est
2430 2506 2540 2582 (94)
2559 2527 2660 2568 nos
2682 2517 2830 2572 scire
2843 2522 2997 2589 quid
3026 2537 3129 2580 est
3150 2503 3473 2597 iujustitia:
3500 2551 3608 2590 cum

2437 2573 2447 2580 .
2520 2573 2532 2582 .
2861 2573 2883 2589 ι
2941 2573 2997 2576 τ
3031 2573 3472 2597 -_--..,...........
3501 2573 3606 2590 .,.....

1968 2573 2382 2662 ευιειη’ριειιεηι
2413 2600 2696 2655 scientiam
2749 2606 3076 2675 iujustitia!
3125 2623 3485 2689 ceperimus,
3545 2643 3606 2682 ex

1969 2680 2080 2748 ipsa
2113 2697 2228 2751 qua:
2251 2687 2323 2740 sit
2347 2689 2509 2740 etiam
2537 2689 2753 2758 justitia
2785 2680 3288 2768 cognoscemus:
3318 2728 3445 2766 cum
3471 2716 3604 2770 enim

1965 2771 2215 2828 claruerit
2276 2778 2402 2846 quid
2461 2781 2533 2835 sit
2578 2787 2905 2856 injustam,
2977 2809 3436 2868 consequenter
3487 2807 3602 2874 quid
3659 2879 3666 2884 _

1964 2863 2124 2916 etiam
2152 2863 2354 2930 justum
2386 2869 2456 2924 sit
2491 2879 2800 2943 apparebit.
2836 2881 2912 2936 Et
2963 2863 3270 2954 quoniam
3303 2863 3517 2962 justitia
3551 2899 3598 2952 in

1966 2951 2071 3007 Deo
2102 2964 2202 3019 est,
2237 2957 2389 3025 cujus
2412 2972 2603 3018 natura
2639 2967 2895 3026 humano
2918 2980 3143 3034 sensui
3175 2981 3468 3042 inaccessa
3493 2999 3594 3044 est:

1963 3043 2222 3110 iujustitia
2255 3061 2382 3102 vero
2429 3052 2482 3104 in
2537 3057 2695 3112 nobis
2731 3060 3095 3125 hominibus
3128 3111 3148 3138 ,
3201 3073 3297 3130 vel
3329 3079 3492 3131 etiam
3545 3081 3592 3134 in

1960 3145 2274 3199 unaquaque
2305 3137 2611 3195 rationabili
2634 3156 2903 3203 creatura
2935 3137 3247 3228 habetur;
3283 3177 3354 3232 ex
3387 3165 3486 3221 hac
3506 3182 3594 3222 no-

1959 3230 2072 3274 stra
2114 3221 2373 3292 iujustitia
2400 3242 2520 3296 qua:
2558 3233 2719 3288 nobis
2770 3247 2913 3294 nota
2977 3256 3108 3314 est,
3149 3221 3251 3305 illa
3294 3223 3419 3324 qua
3449 3259 3590 3313 nobis

1959 3309 2101 3364 velut
2130 3312 2402 3369 inaccessa
2437 3328 2540 3383 est,
2574 3330 2630 3376 et
2657 3309 3347 3410 incomprehensibilis:
3393 3345 3484 3401 Dei
3509 3349 3588 3416 ju-

1955 3400 2100 3453 stitia
2127 3401 2237 3471 (95)
2265 3409 2630 3475 cognoscitur,
2665 3426 2721 3468 et
2743 3428 3250 3497 commendatur,
3280 3400 3346 3490 et
3370 3400 3585 3494 velut'ex

1954 3492 2227 3546 contrario
2253 3498 2588 3554 contrarium
2635 3507 2928 3570 proditur.
2997 3515 3195 3576 Natat
3230 3525 3408 3596 igitur
3462 3543 3580 3599 apo-

1956 3577 2120 3599 -.-l-_-
2160 3579 2220 3599 η-
2272 3583 2283 3599 I
2336 3598 2343 3599 κ
2376 3585 2389 3596 ι
2551 3590 2563 3599 .
2595 3591 2607 3599 .
2748 3596 2784 3599 Α-
2811 3598 2824 3599 γ

1954 3577 2124 3633 stolus
2156 3579 2352 3667 Paulus
2375 3585 2702 3656 imperitiam
2735 3596 2857 3664 (96)
2898 3616 3128 3664 eorum
3149 3654 3166 3677 ,
3205 3577 3578 3684 ρέἶῖιᾷεοῖιέἐ.

1951 3678 2202 3737 quentem
2230 3671 2490 3740 objiciunt
2537 3683 2916 3748 quaestionem
2952 3731 2974 3756 ,
3025 3671 3318 3765 putanics
3349 3671 3574 3777 iniquum

1949 3770 2066 3812 esse
2099 3761 2261 3814 Deum
2297 3765 2385 3830 qui
2415 3766 2551 3820 iram
2577 3770 2632 3822 in
2672 3761 3308 3850 hominibus—inducat
3337 3837 3354 3862 ,
3385 3761 3478 3870 pri)
3519 3814 3588 3855 eo

1949 3849 2087 3917 quod
2113 3849 2321 3925 justitia
2352 3854 2469 3922 ejus
2491 3871 2560 3910 ex
2601 3871 2794 3917 nostra
2823 3867 3079 3937 justitia
3117 3849 3576 3945 commendetur:

1948 3938 2254 4005 ignorantes
2282 3954 2461 3998 autem
2491 3962 2596 4001 non
2620 3964 3004 4018 peccatorum
3049 3983 3393 4031 nostrorum
3426 3980 3580 4036 bene.

1948 4025 2088 4092 ﬂcio,
2117 4032 2208 4082 sed
2241 4031 2405 4100 ipsius
2437 4025 2666 4092 rationis
2704 4041 2824 4098 ﬁeri
2860 4048 3345 4133 co’nsequentia,
3370 4065 3429 4123 ut
3451 4086 3575 4124 con-

1943 4117 2112 4170 traria
2146 4133 2209 4172 ex
2246 4125 2534 4178 contrariis
2573 4133 3003 4207 approbentur.
3047 4117 3193 4206 Ideo
3230 4117 3368 4226 ergo
3398 4159 3474 4213 sic
3500 4162 3576 4212 di.

1950 4207 2010 4226 _..
2453 4213 2508 4226 ...
2773 4223 2783 4226 _
2837 4224 2846 4226 ,

1944 4207 2016 4259 cn
2039 4207 2323 4274 Aposmms
2354 4229 2366 4264 ³
2396 4229 2417 4263 ί
2453 4213 2511 4269 Si
2539 4228 2724 4274 autem
2771 4223 3076 4309 iniustitia
3111 4207 3457 4306 nostrarDei
3485 4252 3572 4321 ju-

1718 4267 1748 4279 ν
2087 4267 2100 4274 ,
2497 4267 2509 4269 ~
2542 4267 2724 4274 vmvv-w
2771 4267 3076 4309 "nr-9"“?
3111 4267 3316 4301 "usura
3367 4267 3457 4306 uel
3514 4270 3572 4304 υ·

309 4267 739 4335 blasphemantes
768 4294 882 4344 nos,
909 4286 1048 4350 quod
1071 4287 1221 4353 quasi
1245 4303 1310 4342 ex
1341 4290 1503 4358 ipsius
1525 4299 1839 4357 assertionis
1868 4325 1912 4379 ι)
1946 4295 2150 4349 ειίιίεηη
2187 4304 2530 4358 commendat
2555 4344 2570 4368 ,
2613 4311 2748 4377 quid
2798 4318 3079 4382 dicemus
3105 4332 3130 4384 ἴ
3172 4333 3440 4408 Nunquid
3477 4268 3572 4396 iiii-

309 4367 506 4408 nostrm
541 4363 657 4408 (93}
690 4373 1067 4408 rnnenmmnlio
1096 4379 1205 4408 hmo
1241 4377 1341 4408 ’³ἶηῖ
1375 4380 1456 4408 ’ν’-³
1490 4389 1736 4408 ’“¹“··-⁴“-“’
1763 4393 1811 4408 ν’
1944 4400 2073 4408 ’“”““’“
2115 4385 2249 4408 “’“’
2312 4405 2336 4408 ’
2363 4391 2393 4408 ⁷9
2449 4394 2462 4404 ’
2510 4395 2533 4408 ﬁ
2602 4407 2608 4408 ί
2667 4401 2679 4408 ’
2834 4407 2843 4408 7

309 4367 506 4410 nostra:
541 4363 657 4433 (95)
690 4373 1069 4438 consequentia
1093 4379 1205 4429 haec
1240 4377 1341 4431 dici
1375 4380 1458 4433 vel
1487 4389 1736 4456 consequi
1763 4393 1836 4444 vi-

306 4443 550 4502 deantur.
595 4452 742 4518 Quod
783 4460 919 4513 ratio
967 4461 1234 4530 dogmatis
1264 4469 1448 4524 nostri
1477 4476 1694 4530 omnino
1727 4494 1830 4535 non

304 4533 511 4602 recipit,
539 4539 629 4605 qui
663 4541 866 4609 justum
893 4555 944 4600 et
992 4563 1172 4603 verum
1211 4553 1554 4628 intelligimus
1595 4533 1830 4627 judicem

303 4621 486 4676 Deum.
529 4626 816 4685 Sciendum
865 4649 994 4691 sane
1032 4649 1162 4701 est,
1219 4624 1359 4709 quod
1410 4645 1461 4696 in
1509 4649 1827 4715 quibusdam

296 4712 456 4766 etiam
485 4714 686 4772 Graecis
715 4725 1108 4792 exemplaribus
1129 4728 1207 4782 sic
1235 4730 1504 4786 invenitur
1533 4753 1546 4788 :
1605 4755 1623 4788 ι
1685 4737 1829 4792 Nun-

291 4805 416 4870 quid
450 4805 662 4874 iniquus
694 4811 848 4876 Deus,
876 4814 962 4882 qui
997 4815 1157 4870 infert
1187 4818 1317 4872 iram
1361 4821 1638 4877 adversum
1665 4827 1832 4881 Immi-

293 4908 386 4944 nes
408 4895 460 4947 ?D
495 4897 559 4952 Et
589 4902 757 4972 magis
777 4907 1066 4960 secundum
1085 4909 1244 4976 hunc
1272 4927 1485 4966 sensum
1519 4914 1831 4971 videbuntur

1941 4400 2076 4453 (ιιιιιε
2113 4385 2271 4451 Deus.
2305 4391 2397 4458 qui
2447 4394 2616 4452 infert
2666 4401 2852 4461 iram?
2902 4411 3258 4480 Secundum
3297 4385 3568 4488 liominem

1937 4475 2075 4529 dico.
2106 4476 2279 4580 Absit.
2313 4482 2565 4554 Alioquin
2588 4498 2877 4558 quomodo
2903 4475 3566 4580 judicabit

1934 4564 2059 4617 dum
2083 4566 2102 4595 ⁸
2124 4567 2146 4620 ?
2169 4585 2188 4617 ι
2221 4567 2338 4624 Non
2369 4578 2567 4645 ergojin
2599 4564 2962 4658 hociniquus
2985 4564 3564 4681 approbatueredg,

1934 4653 1975 4681 ,ς
2011 4654 2299 4681 ,1;η,.;,,1;.,...
2335 4665 2435 4681 --.α
2506 4667 2608 4681 ιιι-ι

1931 4653 1977 4707 si
2009 4654 2303 4724 disciplinae
2335 4665 2472 4719 ratio
2501 4667 2615 4739 (97)
2645 4683 2942 4738 contraria
2995 4653 3426 4758 exrcentrariis
3471 4654 3560 4773 ap:

1931 4743 2114 4773 nnnluu
2170 4755 2218 4773 nl
2254 4761 2314 4773 nu
2345 4749 2576 4773 :-.:_-A---o
2668 4764 2681 4773 .
2790 4769 2801 4773 _

1930 4743 2139 4810 probat,
2168 4755 2224 4800 et
2251 4761 2315 4802 ex
2343 4749 2615 4821 iujustitia
2658 4764 2951 4834 justitiam
3009 4795 3390 4847 commendat
3418 4813 3432 4848 :
3467 4743 3559 4849 sed

1931 4835 2050 4884 cum
2099 4837 2242 4949 uiii'ni
2303 4853 2704 4949 consequentia
2768 4861 2939 4931 digne
2973 4877 3308 4949 meritoque
3343 4886 3558 4940 inimica

1931 4933 2091 4976 estet
2125 4926 2446 4988 adversatur
2477 4933 2598 5012 (98)
2629 4926 2931 5019 iujustitia:
2958 4926 3229 5035 justitia:
3259 4975 3409 5034 sicut
3457 4981 3555 5033 ini-

361 5051 404 5085 ⁸³
433 5053 588 5112 Rom.
625 5073 702 5124 rx,
728 5060 822 5114 27.
899 5064 915 5094 ¹
940 5064 1094 5120 Rom.
1115 5081 1197 5132 ut,
1231 5069 1298 5128 4:
1324 5068 1466 5125 Psal.
1496 5085 1550 5138 L,
1586 5071 1638 5126 6.
1713 5075 1734 5104 ⁸
1759 5072 1876 5130 Psal

1249 5069 1298 5128 ιι
1324 5068 1466 5125 Psal.
1496 5085 1550 5138 L,
1586 5071 1638 5126 6.
1713 5075 1734 5104 ’
1759 5072 1898 5130 Psal.
1925 5093 2047 5147 cxv,
2079 5081 2165 5136 il.
2241 5085 2262 5118 ³
2295 5087 2451 5148 Rom.
2487 5110 2576 5166 nt,
2618 5103 2682 5174 5,
2709 5109 2764 5166 6.

604 5233 618 5254 .
650 5212 670 5245 ι
704 5211 822 5276 eum
858 5200 908 5254 in
941 5202 1054 5276 ipso
1086 5207 1299 5262 nomine
1321 5209 1525 5276 judicii.
1569 5232 1586 5264 ι

493 5259 620 5347 Dies.
648 5268 860 5347 quidam
883 5256 1782 5347 et_editiuperperamwiiaiieut,cisti.
1797 5302 1816 5336 ι

361 5323 470 5401 (gs)
503 5323 728 5401 ᾼζοεινῑε.
758 5336 912 5392 Deest
945 5323 1386 5401 uastauit};

363 5389 470 5506 (ἰδὲ)
497 5394 579 5509 Αέ.
601 5436 617 5460 ,
654 5417 670 5448 ε
702 5401 776 5509 lita
807 5389 1402 5478 etVSiiju's‘ti'tiani
1431 5419 1691 5483 volumus,
1727 5435 1834 5484 ne—.

364 5475 396 5502 ἀ.
473 5475 530 5509 es
557 5499 571 5509 .
606 5483 623 5509 I
667 5483 695 5509 ρ
722 5484 766 5509 η

295 5469 442 5506 Cosse
473 5469 571 5520 est,
606 5483 623 5513 ι
667 5479 768 5520 etc.

363 5522 472 5592 (95)
502 5525 670 5584 Editi:
709 5554 726 5585 ι
765 5541 914 5597 nobis
945 5546 1026 5600 vel
1072 5549 1345 5608 inaccessa
1370 5563 1473 5626 est,
1499 5557 1582 5613 vel
1612 5559 1814 5614 incom-

1923 5223 2425 5320 ιιι-εέιῗξξιξὶίξήιὶεΔ
2460 5237 2720 5320 justitia,
2749 5277 2774 5311 ι
2807 5271 2920 5320 etc.

2016 5291 2106 5424 ac;
2134 5295 2219 5348 Al.
2246 5335 2263 5359 ,
2297 5317 2316 5349 ι
2345 5291 2699 5374 ξιιλιιῑτῐεῐὶἐιῗῖ

2016 5361 2076 5412 97
2124 5363 2294 5424 Alias,
2321 5388 2340 5420 ‹
2377 5378 2601 5424 τειίηιιρ
2672 5410 2692 5424 .

2124 5363 2294 5443 tilias,
2321 5388 2340 5420 ι
2377 5361 2639 5442 ratione...

2013 5428 2100 5499 98)
2134 5428 2315 5500 Editi,

2355 5456 2388 5528 ξ,
2407 5443 2576 5528 {iisne
2608 5466 2822 5528 merito

1919 5495 2250 5569 adversatur,
2284 5495 2313 5558 ι’
2341 5495 2576 5569 ειὸ.’⁰“”
2608 5495 2844 5541 wu'w’

2284 5476 2315 5558 ³.
2341 5476 2576 5570 acii-sue
2608 5476 2844 5541 merito,
2878 5476 3009 5546 quia
3047 5477 3274 5537 inimica
3301 5494 3390 5542 est
3419 5501 3537 5558 qum
