1918 3121
146 150 199 179 ῦίὔ

621 158 793 187 COMMENT.
813 159 846 187 IN
865 158 970 186 EPIST.
990 160 1035 187 AD
1054 161 1134 188 ROM.
1155 161 1217 188 LIB.
1238 160 1280 188 lll.

1683 164 1733 191 9‘26

148 211 220 238 mica
236 216 264 238 et
283 212 398 240 adversa
413 219 455 242 est
469 215 520 241 vita
536 216 624 249 morti,
644 222 670 243 et
687 216 730 243 lux
749 218 874 244 tenebris.
893 218 923 245 Et
937 218 958 245 A
974 223 1031 251 post
1049 219 1105 244 haec
1121 218 1208 244 facere
1221 225 1281 244 eum
1306 217 1382 244 deum
1400 222 1462 244 tunc
1481 225 1540 244 cum
1565 219 1615 244 erit
1631 228 1640 244 ‹
1664 220 1732 246 Deus

146 257 207 284 ideo
229 257 329 284 dicitur
347 258 417 286 Deus
443 261 469 286 in
493 268 547 294 quo
562 265 602 287 est
615 260 727 294 justitia,
741 261 837 287 inferre
854 263 919 288 iram

145 302 306 329 hominibus
319 302 345 329 in
366 304 464 337 quibus
489 305 590 331 habitat
613 305 753 339 injustitia.
771 306 828 333 Ista:
848 308 918 335 enim

144 347 199 373 sibi
218 348 381 375 naturaliter
395 351 579 377 adversantur.
595 350 626 378 Et
644 352 776 385 quomodo
792 353 871 379 etiam
886 360 918 380 ex

143 393 198 419 hoc
213 393 273 427 ipso
284 393 402 427 injustas
415 394 546 422 videbitur
562 394 640 427 Deus,
653 397 697 430 qui
713 396 866 423 adversatur
878 398 918 424 in-

139 437 283 471 iustitiae?
298 438 330 465 Et
346 438 446 466 idcirco
465 440 586 467 fortassis
602 448 653 466 non
667 441 734 467 dixit
757 442 896 473 Apostolus
909 462 917 474 ,

140 484 208 517 quia
227 491 276 511 nos
289 483 411 510 homines
441 484 531 518 injusti
559 487 775 513 commendamus
786 487 916 521 justitiam

140 528 190 555 Dei
210 536 218 561 ;
236 528 282 555 sed
307 528 363 555 ait;
380 537 389 553 ι
409 528 437 555 Si
466 529 595 562 injustitia
612 536 700 556 nostra
725 531 771 558 Dei
785 531 916 564 justitiam

138 572 339 599 commendat:
357 581 365 597 ι
384 577 412 598 ιιι
425 574 575 600 ostenderet
593 581 644 599 non
658 575 736 601 Deum
755 576 915 608 hominibus,

139 616 191 643 scd
210 616 343 649 justitiam
363 617 499 650 llljllSlllliﬂ
510 625 568 644 esse
580 619 756 646 contrariam:
774 620 859 647 induci
874 629 918 647 au-

141 665 198 686 tem
222 661 378 688 hominibus
399 662 464 688 iram
479 670 526 695 pro
541 670 572 688 eo
586 664 655 697 qttod
672 664 697 690 in
713 666 861 699 semetipsis
878 667 915 693 lo-

140 713 204 731 cum
220 706 361 740 injustitite
372 707 499 733 dederint.
516 707 571 734 Non
587 716 648 742 ergo
661 709 773 743 injustus
786 711 917 738 videbitur

141 750 215 776 Deus
229 751 275 784 qui
294 745 335 777 est
347 750 461 784 justitia,
475 759 534 778 cum
558 752 682 780 irascitur
701 754 829 782 adversus
846 756 915 789 inju-

140 793 250 820 stitiam
271 813 278 825 ,
300 795 343 821 cui
371 802 430 821 eum
448 803 499 821 non
518 796 593 822 decet
607 803 663 823 esse
674 798 816 831 propitium
833 808 840 824 :
869 800 915 826 sed

140 840 269 873 pervenit
286 842 326 866 ira
352 841 408 867 hinc
423 842 502 867 etiam
524 842 549 867 in
568 842 699 874 homines,
723 845 767 878 qui
784 851 813 871 se
834 845 912 871 mini-

137 889 213 911 stros
245 884 398 918 injustitiac,
413 886 455 911 cui
481 886 549 912 Deus
577 886 716 919 irascitur,
733 889 911 921 przebuerunt.

137 928 236 963 Neque
258 929 331 956 enim
350 930 375 956 in
394 931 446 957 ullo
463 936 548 964 potest
563 933 708 960 subsistere
731 933 857 968 injnstitia
873 934 912 960 vel

136 974 197 1010 (99)
217 975 349 1009 justitia:
376 976 423 1002 sed
440 977 507 1003 sicut
527 977 630 1012 justitia
654 978 763 1005 effectus
786 984 826 1005 est
847 979 911 1014 justi

137 1021 263 1053 rectique
280 1021 380 1054 operis,
396 1021 440 1054 qui
454 1022 539 1055 primo
556 1022 580 1048 in
596 1022 659 1056 Deo,
670 1028 724 1050 tum
738 1025 817 1051 etiam
834 1026 858 1051 in
872 1027 912 1053 his

136 1065 185 1098 qui
203 1065 346 1091 imitantur
360 1072 433 1097 eum,
448 1066 603 1093 invenitur:
629 1068 665 1093 ita
681 1073 709 1095 et
723 1069 850 1103 iujustitia
870 1071 911 1096 ef-

135 1109 228 1137 fectus
240 1115 293 1149 est_
303 1110 369 1144 justi
386 1111 515 1145 pravique
537 1112 636 1146 operis,
653 1113 697 1146 qui
712 1114 799 1147 primo
814 1115 838 1141 in
853 1115 910 1141 ilia-

135 1155 213 1186 bolo,
230 1160 286 1181 tum
302 1156 385 1181 etiam
412 1156 438 1182 in
455 1156 496 1182 his
505 1157 549 1189 qui
566 1163 626 1183 eum
638 1156 726 1184 volunt
744 1158 853 1191 imitari,
867 1160 912 1186 de-

135 1200 329 1231 prehenditur.
351 1200 383 1225 Et
398 1200 456 1226 ideo
479 1200 557 1233 digne
576 1201 616 1227 eis
632 1200 670 1227 ira
697 1207 859 1228 memoratur
873 1203 913 1229 in-

136 1244 218 1276 ferri,
239 1245 364 1278 qnamvis
376 1253 408 1270 ex
423 1245 551 1278 iujustitia
566 1252 657 1272 eorum
678 1247 748 1273 velut
761 1254 793 1272 ex
807 1252 912 1273 contra-

136 1290 179 1316 rio
190 1289 317 1316 videatur
329 1289 373 1315 Dei
391 1289 520 1316 claruisse
534 1289 648 1323 justitia.
661 1289 787 1316 Poterant
798 1298 911 1324 namque

134 1335 208 1361 sicut
224 1339 385 1368 receperunt
405 1335 431 1360 in
457 1341 486 1361 se
512 1334 634 1361 all‘eetum
652 1335 690 1369 (l)
713 1335 804 1370 injusti
826 1336 912 1370 pravi-

134 1387 189 1413 que
215 1380 307 1414 operis
324 1399 331 1410 ,
355 1379 437 1405 multo
463 1379 548 1413 magis
567 1379 631 1413 justi
646 1380 765 1414 rectique
782 1380 909 1414 recipere.

130 1423 216 1451 Juste
245 1424 329 1458 igitur
357 1431 372 1450 a
410 1424 465 1450 Deo
493 1423 532 1450 ira
567 1431 647 1457 super
672 1431 764 1451 omnes
790 1425 910 1453 homines

136 1469 228 1496 induci
243 1468 352 1495 dicitur.
379 1468 431 1494 llli'
448 1468 519 1494 enim
544 1468 570 1495 in
592 1469 687 1502 quibus
715 1469 754 1495 ira
784 1477 835 1496 non
863 1470 910 1496 ha-

969 264 1055 290 omnia
1080 263 1106 289 in
1126 262 1248 289 omnibus
1273 262 1294 287 ⁸.
1317 271 1326 287 ι
1352 262 1390 288 Ad
1415 264 1486 289 hunc
1509 268 1596 289 autem
1624 271 1730 291 sensum

968 308 1047 335 etiam
1065 307 1128 334 illud
1142 306 1268 341 applicari
1281 311 1378 340 potest,
1390 307 1459 340 quod
1470 308 1496 333 in
1509 307 1604 333 Genesi
1619 307 1729 334 dicitur:

972 362 980 378 ι
990 352 1196 386 Teutpusomnis
1207 351 1322 378 hominis
1332 351 1402 377 venit
1413 352 1437 377 in
1448 357 1589 385 conspectu
1600 360 1658 378 meo
1667 353 1703 378 ¹⁰;
1718 362 1727 378 ι

969 402 997 424 ιιι
1017 405 1067 424 non
1082 397 1165 423 soltnn
1188 397 1220 422 de
1236 396 1280 423 illo
1298 399 1359 422 tunc
1375 396 1468 422 diluvii
1488 401 1606 430 tempore
1629 397 1727 423 dictum

968 447 1082 476 putetur,
1099 443 1145 468 sed
1164 446 1190 468 et
1209 441 1241 468 de
1259 442 1385 475 mysterio
1402 441 1522 474 baptismi
1536 450 1543 473 ς
1558 443 1728 475 quemadmo-

967 488 1029 514 dum
1047 487 1110 513 dicit
1125 486 1261 519 apostolus
1276 485 1370 511 Petrus
1394 486 1424 516 “,
1443 486 1504 518 quia
1522 486 1589 513 sicut
1610 492 1670 512 tunc
1696 495 1728 513 ex

967 532 1067 558 diluvio
1090 530 1177 557 salvus
1203 530 1288 556 factus
1305 535 1344 556 est
1364 530 1428 562 Noe,
1454 529 1533 557 ita'et
1556 539 1624 557 nunc
1649 532 1728 558 simili

967 575 1051 601 forma
1072 582 1120 608 per
1135 574 1292 608 baptismum
1306 573 1370 600 salvi
1386 574 1451 599 ﬁant
1464 575 1614 601 credentes.
1639 575 1670 601 Et
1692 576 1727 601 ita

965 625 1052 654 potest
1076 620 1127 646 hoc
1141 619 1210 653 quod
1228 619 1304 649 dicit,
1328 628 1337 644 ι
1358 624 1461 653 tempus
1481 620 1567 646 omnis
1587 620 1702 646 hominis
1717 630 1726 644 ι

966 666 1116 696 advenisse,
1131 666 1240 700 intelligi
1261 666 1293 691 ad
1308 666 1431 697 salutem,
1452 671 1480 692 ut
1492 674 1539 700 per
1555 667 1665 699 gratiam
1680 666 1727 693 ba-

966 709 1055 744 ptismi
1071 711 1210 738 credentes
1226 711 1407 745 intelligantur
1425 718 1457 737 ex
1475 712 1629 738 hominibus
1646 711 1671 737 in
1684 719 1729 738 su-

965 756 1095 789 periorem
1121 756 1240 782 ordinem
1263 757 1452 789 commutandi,
1476 765 1536 783 cum
1556 757 1612 783 dies
1637 764 1728 783 resur-

947 800 1091 827 'reCtionis
1110 801 1257 832 advenerit,
1278 802 1320 827 tibi
1336 802 1420 828 sancti
1436 802 1533 835 quique
1550 810 1559 826 ι
1576 806 1655 828 erunt
1674 802 1727 828 sic-

965 848 992 870 ut
1016 845 1100 878 angeli
1125 845 1169 870 Dei
1191 845 1221 872 “.
1238 854 1246 870 ι
1262 845 1321 872 Haec
1330 847 1362 872 de
1383 854 1414 872 eo
1430 847 1499 880 quod
1515 846 1613 874 dictum
1631 850 1672 872 est
1685 845 1726 872 l':

966 900 974 915 ι
992 890 1113 923 Nunquid
1127 890 1232 923 iniquus
1249 890 1317 916 Deus
1332 891 1375 924 qui
1392 890 1471 917 infert
1483 890 1561 921 iram,
1577 900 1586 915 ι
1602 890 1641 917 vel
1655 899 1664 915 ι
1678 892 1726 917 ad-

962 942 1065 961 versum
1083 935 1212 966 homines,
1230 944 1239 960 ›
1260 939 1287 961 ιιι
1310 935 1335 961 in
1356 935 1512 969 quibusdam
1530 935 1727 969 exemplaribus

962 979 1012 1011 legi
1035 980 1158 1012 diximus,
1185 980 1238 1012 vel,
1265 985 1294 1007 ut
1319 987 1368 1006 nos
1393 980 1529 1011 habemus,
1549 989 1558 1004 ι
1581 981 1724 1006 secundum

962 1023 1096 1049 hominem
1120 1023 1188 1050 dico.
1208 1024 1298 1056 Absit,
1316 1033 1325 1050 ι
1347 1029 1423 1058 prout
1439 1031 1580 1051 occurrere
1594 1024 1669 1050 nobis
1681 1032 1726 1058 po-

962 1067 1022 1099 tuit,
1045 1067 1116 1093 dicta
1138 1067 1201 1093 sint.
1228 1067 1303 1099 Quod
1320 1072 1408 1094 autem
1424 1068 1460 1093 ait
1475 1078 1480 1094 :
1496 1076 1505 1092 ι
1521 1067 1643 1100 Alioquin
1656 1075 1724 1100 quo—

961 1112 1039 1139 modo
1059 1112 1189 1145 judicabit
1212 1113 1282 1139 Dens
1306 1113 1432 1139 mundum
1456 1112 1487 1145 ”,
1514 1121 1523 1137 ι
1546 1113 1572 1138 in
1593 1113 1642 1139 hoc
1666 1112 1725 1139 loco

964 1167 973 1182 ι
987 1157 1111 1183 tnundum
1126 1167 1135 1183 ι
1148 1158 1270 1184 homines
1287 1158 1330 1190 qui
1358 1157 1383 1183 in
1405 1158 1452 1184 hoc
1468 1158 1563 1184 mundo
1575 1162 1635 1183 sunt
1650 1157 1724 1189 dicit,

961 1201 1030 1228 sicut
1046 1205 1073 1228 et
1091 1201 1153 1228 alibi
1169 1201 1290 1234 legimus,
1315 1210 1324 1226 ‹
1339 1200 1399 1234 quia
1414 1200 1498 1227 omnis
1513 1201 1625 1226 mundus
1635 1200 1659 1226 iu
1669 1207 1725 1227 ma-

961 1245 1031 1279 ligno
1047 1245 1148 1279 positus
1160 1251 1201 1272 est
1213 1245 1253 1277 “';
1269 1255 1277 1269 ι
1292 1246 1362 1278 quod
1386 1245 1476 1279 utique
1492 1245 1613 1271 homines
1633 1245 1676 1278 qui
1696 1245 1723 1271 in

961 1291 1011 1317 hoc
1026 1289 1123 1316 mundo
1142 1290 1275 1321 habitant,
1290 1290 1316 1315 in
1330 1289 1430 1315 malitia
1446 1296 1504 1315 esse
1520 1289 1619 1322 positos
1630 1294 1724 1315 osten-

960 1334 1007 1361 dit.
1024 1334 1086 1361 Post
1104 1334 1216 1368 hocjam
1232 1334 1371 1360 videamus
1393 1333 1524 1368 quomodo
1551 1333 1651 1359 dictum
1668 1333 1722 1360 sit:

963 1388 972 1405 ι
987 1379 1016 1407 Si
1033 1382 1103 1405 enim
1118 1380 1217 1406 veritas
1233 1379 1278 1406 Dei
1295 1379 1319 1405 in
1338 1386 1396 1405 meo
1418 1379 1556 1405 mendacio
1579 1378 1724 1406 abundavit

959 1422 986 1448 in
1001 1421 1112 1456 gloriam
1128 1422 1220 1455 ipsius.
1238 1431 1247 1446 ι
1263 1421 1350 1447 Multa:
1365 1426 1428 1448 sunt
1448 1423 1473 1448 in
1490 1423 1539 1448 hoc
1555 1423 1652 1448 tnundo
1663 1422 1725 1448 reli-

959 1466 1065 1500 gionum
1078 1467 1191 1501 species,
1204 1467 1294 1494 multae
1307 1468 1523 1501 philosophorum
1538 1472 1627 1499 sectae,
1641 1467 1722 1493 multa

135 1515 181 1542 bet
208 1514 298 1541 locum
311 1533 320 1544 .
344 1513 401 1548 jam
429 1521 481 1540 non
508 1514 629 1540 homines
644 1533 652 1545 ,
687 1514 732 1541 sed
763 1521 843 1548 supra
866 1515 943 1548 ho.c
960 1511 1082 1546 dogmata
1103 1511 1177 1538 falsis
1192 1512 1386 1538 assertionibus
1404 1512 1509 1543 tradita,
1522 1512 1723 1546 etargutnenlis

136 1561 226 1587 mines
241 1559 323 1594 503
340 1558 488 1593 appeilandi
505 1563 576 1585 sunt.
589 1558 621 1585 Et
636 1564 775 1594 propterea
787 1559 907 1586 fortassis

136 1605 209 1632 idem
224 1604 361 1639 apostolus
377 1603 475 1630 Paulus
496 1603 528 1629 de
543 1603 666 1630 omnibus
682 1603 833 1631 hominibus
847 1612 909 1638 pro-

134 1650 243 1677 nuntiat
262 1650 367 1680 dicens,
381 1648 443 1682 quia
460 1657 470 1673 ‹
485 1655 592 1675 eramus
614 1652 709 1674 natura
725 1648 769 1675 filii
783 1649 838 1681 irze,
857 1650 908 1676 sic-

135 1699 166 1720 ut
185 1698 213 1721 et
233 1693 324 1721 caeteri
344 1693 365 1718 δ.
383 1702 392 1718 ι
410 1692 468 1719 Non
493 1693 565 1718 enim
587 1692 664 1723 dixit,
690 1701 699 1718 ι
729 1692 840 1720 Eramus
863 1693 907 1720 filii

136 1740 195 1770 iraa,
211 1749 221 1765 ι
241 1739 289 1766 sed
302 1738 423 1764 addidit:
439 1746 449 1763 ‹
465 1737 577 1764 Eramus
593 1742 687 1764 natura
704 1737 750 1763 filii
767 1738 825 1770 iraa,
839 1738 909 1765 sicut

134 1790 161 1811 ct
175 1784 279 1811 caeteri.
296 1792 305 1809 ι
321 1782 420 1810 Omnes
442 1782 512 1808 enim
534 1782 657 1808 homines
676 1786 770 1809 natura
794 1783 839 1809 lilii
863 1784 908 1810 iraa

134 1828 226 1855 euecti
244 1833 319 1860 sunt,
342 1835 376 1854 ex
399 1834 431 1853 eo
452 1827 521 1860 quod
544 1826 669 1853 erantdii
686 1831 713 1853 et
734 1827 779 1854 ﬁlii
793 1828 906 1862 Excelsi,

135 1881 163 1900 et
178 1881 226 1907 per
242 1873 294 1900 hoc
312 1872 435 1899 homines
460 1871 585 1905 appellati
607 1876 677 1897 sunt.
703 1872 817 1899 Attende
836 1873 906 1899 enim

134 1917 291 1952 diligentius
304 1916 437 1951 quomodo
446 1916 529 1942 dicitu
541 1925 548 1942 :
563 1924 572 1940 ι
587 1915 640 1951 Ego
653 1916 704 1943 dixi
718 1926 725 1943 :
741 1917 780 1943 Dii
793 1918 867 1948 eStis,
881 1923 907 1944 et

134 1962 180 1989 ﬁlii
205 1962 329 1994 Excelsi;
350 1971 359 1987 ι
381 1966 407 1988 et
439 1961 549 1992 addidit,
576 1969 586 1986 ι
609 1969 701 1988 omnes
729 1969 785 1989 vos.
809 1972 819 1988 ι
845 1962 907 1994 Quae

134 2008 252 2041 adjectio
267 2015 349 2034 omne
363 2007 442 2033 simul
464 2006 514 2032 sub
536 2005 585 2033 hoc
604 2007 680 2034 titulo
703 2007 850 2034 humanum
871 2007 907 2034 si-

133 2053 246 2086 gniﬁcat
270 2059 357 2086 genus
380 2059 529 2078 connexum
555 2052 603 2087 (Ξ).
628 2052 747 2086 Denique
766 2054 792 2079 in
814 2059 907 2079 conse-

133 2097 282 2129 quentibus
296 2097 381 2123 dicit:
401 2105 410 2121 ι
438 2096 488 2124 Vos
505 2103 593 2124 autem
616 2102 645 2124 ut
669 2097 791 2124 homines
808 2097 906 2124 morie-

133 2142 199 2169 mini
213 2143 234 2169 ‘.
249 2152 258 2169 ι
272 2142 348 2170 Unde
360 2147 386 2169 et
402 2142 465 2169 illud
477 2143 547 2176 quod
560 2143 686 2177 scriptum
701 2147 741 2169 est
752 2143 762 2157 ⁷
775 2151 782 2168 :
794 2151 803 2167 ι
819 2143 850 2168 Et
863 2149 905 2169 re-

134 2188 263 2223 cogitavit
284 2188 357 2215 Deus
374 2188 436 2222 quia
458 2188 520 2215 fecit
540 2188 672 2214 hominem
686 2194 766 2221 super
784 2193 880 2214 terram
895 2195 902 2218 ;

132 2237 160 2259 et
175 2233 303 2267 pmnituit
320 2233 346 2259 in
364 2233 442 2259 corde
461 2240 518 2265 suo,
541 2237 568 2259 et
594 2232 661 2259 dixit
683 2232 756 2259 Deus
776 2240 783 2258 :
807 2232 903 2258 Delebo

133 2277 269 2305 hominem
291 2285 371 2312 quem
393 2277 443 2305 Ieci
465 2285 481 2304 a
503 2278 572 2304 facie
598 2282 694 2304 terrae:
715 2286 725 2302 ι
752 2284 803 2303 non
820 2276 902 2303 solutn

132 2329 183 2356 pro
196 2323 305 2350 excidio
320 2323 412 2349 diluvii
425 2323 527 2349 dictum
545 2327 620 2356 puto,
633 2322 680 2348 sed
694 2322 791 2355 aliquid
808 2329 839 2348 ex
853 2322 903 2348 hoc

131 2369 212 2395 etiam
231 2369 283 2395 sub
307 2368 435 2403 mysterio
457 2369 490 2395 de
506 2367 606 2394 futuris
632 2368 807 2402 praedictum:
829 2372 857 2393 ut
871 2374 920 2394 e0'

132 2415 212 2441 modo
234 2414 369 2440 sentiatur
391 2414 461 2447 quod
486 2413 585 2439 dictum
603 2418 652 2443 est,
669 2421 679 2437 ι
704 2412 799 2439 Delebo
818 2413 902 2439 homi—

133 2466 205 2492 nem,
221 2469 231 2485 ι
248 2467 303 2493 quo
319 2464 346 2486 et
370 2466 415 2493 per
428 2459 584 2493 prophetam
605 2459 669 2485 dicit
688 2459 757 2485 Deus
778 2467 785 2485 :
808 2468 817 2484 ι
836 2459 903 2486 Ecce

132 2505 204 2530 enim
222 2504 300 2531 deleo
312 2503 381 2530 sicut
396 2504 492 2530 nubem
505 2503 656 2536 iniquitates
671 2507 728 2529 tuas
739 2503 749 2518 ⁸
762 2511 770 2533 ;
786 2512 794 2527 ι
816 2509 844 2530 ut
863 2504 902 2529 vi-

132 2549 227 2576 deatur
242 2549 334 2576 delens
354 2556 414 2575 eum
428 2550 574 2575 secundum
601 2549 651 2574 hoc
672 2548 741 2581 quod
758 2548 836 2575 homo
851 2554 902 2580 est,

168 2604 179 2619 ⁸
190 2604 290 2639 Ephes.
302 2611 332 2634 11,
342 2605 368 2631 5.
405 2604 415 2619 ¹
428 2604 495 2630 Psal.
509 2611 598 2633 Lxxxt.
612 2604 637 2630 6.
675 2605 685 2620 °
697 2605 759 2631 ibid.
771 2606 797 2632 7.
821 2607 830 2621 ⁷
841 2608 909 2635 Gem:

168 2639 226 2669 ΛΤ).
266 2638 286 2653 ¹¹
298 2637 308 2664 l
320 2638 390 2665 Peu'.
404 2646 444 2669 III,
455 2638 500 2669 ‘20,
511 2638 553 2664 21.
592 2639 613 2654 ¹²
638 2637 730 2664 Matth.
747 2647 812 2669 xx".
827 2642 872 2668 30.

960 2616 989 2638 ιι,
1001 2607 1027 2635 ϐ.
1039 2605 1065 2631 ⁷-
1103 2608 1104 2618 ‘

960 2648 1019 2669 Lom.
1031 2645 1070 2669 Itl,
1088 2636 1104 2663 6

913 2648 931 2661 -'
944 2648 1019 2669 ltotn.
1031 2648 1070 2670 III,
1088 2648 1114 2663 ο.

132 2645 171 2670 vt,
184 2637 226 2665 l5.
266 2638 286 2653 “
298 2637 308 2664 Ι
320 2638 390 2665 Petr.
404 2646 444 2670 ιιι,
455 2638 500 2670 ‘20,
511 2638 553 2664 21.
592 2639 613 2654 ¹²
638 2637 730 2664 Matth.
747 2647 812 2670 χιιι,
827 2642 872 2668 50.

132 2679 206 2705 xxw,
216 2673 262 2699 25.

170 2719 224 2753 (99)
240 2719 286 2745 Sic
310 2725 385 2752 mss.,
414 2717 541 2744 [tabanus
567 2720 593 2743 et
617 2716 783 2744 Salodianus.
802 2718 897 2747 C:eteri

135 2754 209 2821 will),
223 2757 356 2816 l‘taelms’s"
377 2786 503 2813 Rabanus
516 2805 524 2817 ,
550 2784 705 2812 Salo'lianus
717 2790 744 2812 et
762 2784 902 2816 Mutunus.

134 2821 185 2848 Alii
196 2822 272 2856 editi,
289 2831 298 2848 ι
315 2821 449 2848 effectum.
465 2828 474 2844 ι

266 2638 286 2653 ¹¹
298 2637 308 2664 l
320 2638 390 2665 Petr.
404 2646 444 2671 Ill,
455 2638 500 2670 ‘20,
511 2638 553 2664 21.

957 1555 1108 1589 conscripta
1123 1556 1305 1587 mendacibus,
1324 1563 1436 1589 quorum
1451 1561 1571 1582 auctores
1586 1555 1650 1581 l'also
1663 1555 1723 1581 licet

957 1600 1093 1633 sapientize
1107 1600 1221 1631 nomine,
1243 1607 1294 1626 non
1315 1604 1402 1626 tatnen
1418 1600 1519 1633 exigum
1538 1605 1583 1625 aut
1605 1605 1722 1626 contem-

957 1649 1008 1678 pta:
1024 1644 1192 1670 auctoritatis
1202 1643 1251 1669 viri
1266 1643 1395 1670 habentur
1406 1653 1413 1669 :
1426 1651 1456 1669 ex
1470 1651 1579 1677 quorum
1589 1651 1721 1678 pra-roga-

958 1689 1009 1715 tiva
1024 1688 1090 1715 falsa
1105 1696 1152 1723 pro
1163 1689 1233 1715 veris
1245 1693 1350 1722 recepta
1363 1693 1435 1719 sunt,
1450 1693 1478 1714 ut
1492 1689 1640 1714 universum
1655 1695 1722 1722 pene

958 1734 1083 1759 mundum
1101 1733 1272 1760 mendacibus
1285 1741 1347 1766 erga
1362 1732 1399 1768 (5)
1415 1733 1568 1767 religionem
1585 1734 1721 1766 opinionis

957 1778 1006 1805 bus
1020 1778 1186 1811 occuparint,
1203 1778 1239 1803 ita
1258 1782 1285 1803 ut
1301 1778 1326 1803 in
1342 1784 1459 1804 errorem
1478 1778 1676 1810 inducerentur,
1698 1779 1720 1805 si

957 1822 1007 1848 dici
1024 1827 1119 1856 potest,
1135 1823 1213 1847 etiam
1226 1821 1304 1848 electi
1320 1822 1351 1847 η.
1367 1823 1433 1854 Quia
1454 1829 1518 1855 ergo
1542 1824 1640 1849 veritas
1656 1824 1714 1855 Dei,

958 1870 985 1892 et
1001 1866 1129 1899 sapientia
1144 1865 1211 1898 ejus,
1228 1869 1255 1891 et
1274 1864 1387 1891 Verbum
1402 1865 1459 1898 ejus
1476 1866 1619 1892 adveniens
1633 1866 1720 1898 arguit

957 1914 984 1936 et
1001 1909 1149 1936 confutavit
1158 1916 1238 1935 omne
1255 1909 1433 1941 mendacium,
1446 1914 1525 1943 atque
1538 1917 1630 1935 omnes
1641 1910 1720 1935 falso-

958 1963 1015 1981 rum
1031 1956 1183 1989 dogmatum
1195 1955 1359 1981 assertiones
1379 1954 1431 1980 fide
1452 1955 1569 1980 veritatis
1591 1955 1719 1985 exsecuit,

957 2007 1004 2034 per
1016 2001 1222 2034 unumquodque
1235 1999 1412 2032 mendacium,
1445 1999 1517 2033 quod
1532 2000 1605 2033 prius
1623 2000 1655 2026 ab
1670 2001 1719 2026 bo-

957 2045 1074 2072 tninibus
1103 2045 1190 2071 fuerat
1217 2049 1359 2076 asserlum,
1380 2044 1521 2071 abundavit
1548 2045 1644 2071 veritas
1672 2044 1720 2071 hei

956 2091 1131 2125 subreptitias
1146 2091 1392 2118 verisimilitudines
1407 2090 1553 2125 arguendo,
1572 2096 1599 2117 et
1617 2091 1643 2117 in
1662 2091 1718 2117 sin-

956 2137 1025 2170 gulis
1052 2137 1199 2171 quibusque
1223 2137 1391 2172 dogmatibus
1425 2136 1552 2163 tradendo
1572 2136 1718 2170 simplicem

956 2181 1015 2207 lidei
1031 2180 1173 2207 veritatem
1185 2189 1190 2207 :
1204 2186 1230 2207 et
1242 2182 1290 2208 hoc
1303 2182 1382 2208 modo
1397 2181 1536 2215 Apostolus
1547 2181 1611 2207 dicit
1625 2181 1720 2207 verita-

956 2230 1008 2252 tem
1026 2225 1071 2251 Dei
1089 2226 1114 2251 in
1129 2225 1266 2252 hominum
1283 2226 1421 2253 mendacio
1434 2226 1592 2252 abundasse.
1610 2226 1718 2258 Verum,

956 2274 984 2296 ut
1013 2270 1099 2297 adhuc
1125 2270 1291 2298 manifestius
1314 2271 1360 2297 fiat
1386 2271 1455 2304 quod
1480 2271 1602 2303 dicimus,
1631 2270 1718 2303 aliqua

955 2316 1068 2348 exempli
1082 2323 1163 2342 causa
1183 2316 1358 2349 proferamus.
1375 2316 1438 2342 Erat
1460 2317 1485 2342 in
1506 2317 1655 2343 hominibus
1675 2317 1719 2343 do-

954 2369 1025 2395 gma,
1043 2364 1112 2395 quod
1127 2368 1259 2387 summum
1277 2361 1373 2387 bonum
1390 2363 1575 2394 pronuntiaret
1592 2369 1651 2388 esse
1672 2368 1719 2388 vo-

954 2408 1098 2440 luptatem;
1112 2407 1137 2433 in
1155 2414 1207 2441 quo
1226 2412 1252 2432 et
1278 2407 1339 2433 illud
1361 2411 1554 2440 consequenter
1579 2408 1717 2438 asset-itur,

957 2461 1009 2480 non
1029 2461 1088 2479 esse
1105 2452 1314 2483 Pr0videntiam,
1334 2451 1430 2485 quippe
1445 2452 1466 2477 si
1485 2459 1534 2477 non
1556 2459 1588 2476 ex
1603 2450 1717 2484 legibus,

955 2501 1001 2527 sed
1015 2506 1048 2526 ex
1066 2499 1202 2532 voluptate
1218 2497 1358 2524 vivendum
1373 2505 1380 2523 :
1395 2502 1421 2522 et
1437 2497 1492 2523 haec
1507 2495 1579 2521 lauto
1593 2495 1631 2529 (4)
1651 2496 1718 2523 satis

954 2549 1103 2578 ornatoque
1116 2550 1250 2574 sermone,
1266 2545 1293 2569 et
1307 2541 1470 2575 argumentis
1485 2540 1660 2567 validissimis
1673 2548 1720 2574 per

953 2616 989 2638 γι,
1001 2607 1027 2635 θ,
1039 2605 1065 2631 'l.
1092 2605 1113 2638 ,⁵
1125 2602 1184 2638 lsai.
1195 2609 1267 2638 μιν,
1278 2601 1324 2638 Ξξζ.
1338 2635 1344 2638 _
1359 2600 1394 2638 ξι
1407 2600 1467 2627 Cor.
1478 2606 1526 2638 av1
1535 2598 1610 2638 ‘28.“
1620 2598 1720 2638 ‘_'.Gen.

1103 2605 1113 2619 "
1125 2602 1184 2629 lsai.
1196 2609 1267 2634 xm,
1278 2601 1324 2627 2'2.
1359 2602 1370 2617 ⁹
1384 2600 1394 2627 ι
1407 2600 1467 2627 Cor.
1478 2606 1522 2629 .vv,
1535 2597 1581 2626 ‘28.
1620 2598 1641 2613 "
1651 2598 1708 2625 Gen

1103 2650 1114 2658 η.
1153 2637 1174 2652 ιι
1186 2636 1249 2658 iam-
1297 2636 1317 2650 ιη
1337 2635 1344 2658 ι
1362 2635 1437 2658 Joan.
1454 2642 1478 2658 ν.
1495 2633 1539 2658 19.
1588 2631 1611 2647 ιο
1624 2631 1710 2658 Matth

1153 2637 1174 2652 “
1186 2633 1264 2662 ibid.'
1297 2636 1317 2650 ”‘
1336 2635 1344 2662 l
1362 2635 1437 2662 Joau.
1454 2642 1479 2666 v,
1495 2633 1539 2660 19.

989 2720 1026 2753 (‘2)
1042 2718 1104 2745 Mss.
1119 2716 1225 2753 quidam
1244 2716 1342 2744 habent
1359 2724 1366 2744 :
1387 2724 1397 2741 ι
1417 2715 1566 2742 humanum
1584 2713 1726 2740 contexuit

956 2751 1002 2786 (αι’.
1018 2751 1169 2783 conuexuit)
1183 2757 1277 2783 genus.
1292 2759 1302 2776 ι

990 2787 1029 2819 (5)
1043 2786 1096 2817 AL,
1114 2794 1122 2809 ι
1142 2790 1244 2810 contra.
1261 2793 1270 2809 ι

990 2788 1018 2819 (5
1043 2787 1096 2817 Al.,
1114 2794 1122 2809 ι
1142 2790 1220 2809 contr.

989 2787 1029 2856 (ιζ
1042 2820 1095 2854 AL,
1112 2829 1119 2843 ι
1137 2821 1197 2846 lato.
1211 2827 1220 2843 ν
