3836 6218
369 260 472 311 927

372 382 645 433 imiumera
691 375 954 430 volumina

371 467 630 546 quomodo
657 467 698 516 is
725 463 813 530 qui
840 461 1115 512 veritatem
1155 457 1244 508 Dei
1282 456 1541 518 defendit.
1585 464 1638 508 et
1679 453 1768 519 qui
1807 468 1891 506 se-

369 557 594 604 uiti-lum
628 552 918 613 Christum,
962 549 1052 615 qui
1092 558 1172 599 est
1217 547 1305 599 Dci
1354 548 1554 600 veritas
1589 555 1642 599 et
1685 545 1775 597 Dei
1810 559 1895 597 sa-

373 642 570 707 pit-tilia
608 642 670 702 ιτ,
713 638 1063 705 philusoplms
1108 647 1208 697 est,
1261 639 1414 689 docet
1461 636 1700 689 homines
1745 649 1892 687 sum-

369 746 506 778 mum
544 728 736 779 bonum
765 742 884 780 esse
908 727 1069 779 vitam
1095 735 1378 778 mternam:
1405 725 1540 778 hanc
1568 734 1745 774 autem
1774 734 1894 774 csse

365 827 614 869 a'tel‘nam
653 818 836 882 vitam,
877 828 932 868 ut
960 824 1284 884 cognoscant
1313 815 1558 867 homines
1597 826 1758 865 unum
1802 827 1893 864 so-

366 905 470 955 lum
493 921 672 958 verum
695 906 879 968 Deum,
900 915 952 960 et
968 905 1161 958 Filium
1184 904 1297 969 ejus
1317 903 1494 957 Jesum
1525 901 1797 956 Christum
1818 899 1891 954 ‘9:

364 1002 416 1043 et
449 996 710 1060 quomodo
738 1008 857 1046 cum
887 992 1031 1046 omni
1065 992 1260 1046 ﬁducia
1292 990 1673 1060 providentiam
1703 989 1790 1040 Dei
1811 1002 1894 1040 as-

363 1092 527 1146 serat,
561 1099 677 1149 qua:
711 1083 878 1137 dicit:
929 1101 947 1134 ι
979 1081 1165 1136 Nonne
1207 1081 1310 1134 duo
1357 1093 1599 1147 passeres
1651 1092 1768 1132 asse
1799 1092 1893 1130 ve-

364 1184 548 1235 neunt,
587 1179 638 1223 et
665 1186 799 1224 unus
846 1187 908 1225 ex
956 1171 1085 1239 ipsis
1137 1185 1241 1222 non
1287 1169 1428 1222 cadit
1460 1166 1512 1220 in
1546 1176 1740 1219 terram
1780 1165 1895 1218 sine

362 1258 535 1312 Patris
561 1261 835 1314 voluntate
871 1261 957 1314 “‘3
1001 1279 1019 1312 ι
1072 1270 1124 1314 et
1162 1258 1287 1328 quia
1329 1257 1442 1326 ipse
1473 1275 1491 1306 ι
1527 1257 1694 1310 solem
1739 1269 1890 1308 suum

360 1350 492 1403 oriri
515 1347 667 1415 jubet
698 1365 859 1417 super
886 1350 1052 1404 bonos
1081 1357 1134 1402 et
1163 1347 1349 1408 malos,
1373 1355 1426 1400 et
1451 1344 1583 1414 pluit
1611 1357 1770 1410 super
1806 1342 1893 1411 ju-

362 1448 476 1491 stos
506 1446 558 1491 et
586 1438 810 1506 injustos
853 1439 918 1493 ὀ.
960 1456 978 1486 ι
1014 1437 1115 1490 Per
1153 1438 1262 1489 haec
1307 1445 1482 1488 autem
1521 1433 1729 1500 singula
1766 1433 1890 1486 dum

363 1527 453 1580 illa
491 1527 637 1581 falsa:
661 1527 897 1581 scientiae
933 1527 1178 1594 dogmata
1226 1527 1594 1588 confutantur,
1637 1523 1686 1575 in
1722 1522 1893 1576 homi-

364 1633 488 1669 num
524 1617 796 1670 mendacio
825 1617 1058 1670 abundat
1086 1615 1288 1670 veritas
1315 1613 1429 1666 Dei.
1465 1611 1603 1666 Sunt
1632 1612 1757 1665 item
1801 1610 1890 1664 alii

361 1705 451 1772 qui
480 1706 659 1758 dicant
690 1715 796 1759 tres
824 1719 946 1757 esse
975 1704 1176 1772 species
1206 1703 1326 1755 boni
1358 1719 1371 1754 :
1418 1715 1734 1769 unamerga
1773 1700 1892 1753 ani-

362 1811 523 1861 mam,
576 1795 734 1847 aliam
792 1808 919 1862 erga
965 1809 1212 1860 corpora,
1269 1793 1481 1845 tertiam
1537 1791 1892 1844 extrinsecus.

361 1887 489 1948 Qum
513 1884 721 1952 singula
758 1899 876 1938 cum
913 1882 1321 1936 conducibiliter
1354 1881 1427 1950 (5)
1469 1881 1789 1942 habeantur,
1812 1869 1892 1931 ex

363 1972 496 2038 ipsis
539 1989 805 2025 summmn
870 1972 1061 2024 bonum
1110 1981 1360 2022 constare
1419 1969 1754 2022 conﬁrmant.
1802 1966 1894 2021 Isti

359 2063 520 2114 etiam
563 2062 653 2115 Dei
689 2062 1070 2130 providentiam
1104 2069 1426 2122 rest-cantes.
1462 2072 1626 2127 usque
1655 2057 1722 2112 ad
1757 2057 1893 2112 luna:

359 2161 477 2203 eam
511 2149 720 2216 globum
757 2148 1100 2216 supervenire
1136 2148 1465 2201 contendunt
1503 2165 1516 2200 :
1565 2147 1700 2198 infra
1740 2160 1890 2210 vero,

361 2236 465 2290 hoc
531 2249 613 2290 est
674 2238 737 2289 ad
785 2238 1045 2300 homines,
1089 2254 1205 2290 eam
1272 2235 1488 2289 minime
1539 2237 1887 2289 descendere.

360 2330 498 2383 Sunt
529 2330 652 2384 item
684 2330 771 2382 alii
807 2330 894 2397 qui
934 2330 1198 2382 invis'bile
1246 2335 1301 2381 et
1341 2327 1712 2394 incorporeum
1761 2326 1890 2380 nihil

358 2416 540 2469 dicant
571 2432 706 2479 esse,
739 2419 830 2470 sed
863 2418 1038 2470 omnia
1069 2431 1186 2485 qua:
1227 2424 1352 2469 snnt
1389 2416 1704 2482 corporibus
1754 2417 1891 2470 assi-

360 2515 544 2572 gnant,
575 2508 712 2559 unde
736 2515 789 2559 et
821 2506 1029 2558 Patrem
1057 2507 1294 2559 omniurn
1326 2507 1488 2574 Deum
1524 2519 1718 2573 corpus
1765 2519 1888 2559 esse

356 2595 633 2648 dixerunt.
691 2594 880 2648 Verum
924 2597 1047 2662 quia
1094 2598 1318 2662 urgebat
1367 2611 1460 2649 eos
1499 2597 1724 2650 rationis
1779 2610 1889 2648 sua:

359 2684 758 2748 consequentia,
791 2698 892 2751 qua
921 2693 1131 2737 constat
1159 2699 1315 2737 omne
1342 2699 1534 2751 corpus
1561 2699 1680 2738 esse
1710 2701 1890 2739 COI'I‘lI-

364 2771 571 2837 ptibilc,
604 2781 657 2823 ut
688 2772 730 2824 si
762 2773 921 2824 etiam
950 2772 1110 2825 Deum
1140 2787 1333 2840 corpus
1349 2788 1466 2826 esse
1483 2783 1742 2839 asserant,
1774 2775 1887 2829 sine

358 2861 520 2911 dubio
547 2871 600 2913 et
642 2862 1041 2929 corruptibilem
1088 2862 1374 2925 fateantur,
1415 2861 1574 2933 505
1611 2873 1888 2918 verterunt
1924 2919 1926 2921 .

361 2950 631 3016 Stropham
662 2950 830 3012 verbi,
862 2959 915 3004 et
961 2951 1208 3004 dixerunt
1265 2964 1470 3005 natura;
1514 2954 1726 3020 quidem
1765 2969 1883 3006 eum
1916 2985 1958 3041 ο

359 3051 477 3090 esse
501 3039 885 3106 corruptibilis,
914 3054 1010 3092 nec
1037 3049 1209 3093 tamen
1237 3040 1524 3106 corrumpi,
1544 3055 1640 3108 pro
1661 3055 1725 3096 eo
1747 3042 1888 3110 quod

357 3142 464 3181 non
503 3135 576 3182 sit
602 3129 800 3196 aliquid
835 3130 950 3196 ipso
976 3131 1242 3197 superius,
1271 3145 1300 3184 a
1331 3145 1436 3200 quo
1465 3132 1734 3200 corrumpi
1766 3147 1888 3201 pos-

360 3220 429 3272 sit
482 3228 572 3272 aut
627 3221 780 3273 solvi.
849 3221 982 3275 Sunt
1031 3231 1084 3276 et
1125 3223 1229 3276 alia
1278 3223 1554 3277 innumera
1614 3223 1886 3278 hominum

358 3308 603 3376 ﬁgmenta
629 3310 916 3364 dialecticis
947 3313 1166 3380 argutiis
1193 3320 1246 3365 et
1273 3314 1655 3381 supltismatum
1708 3312 1891 3369 fraude

358 3402 669 3466 composita.
703 3401 830 3466 Qua:
867 3417 985 3456 cum
1022 3403 1224 3472 singula
1257 3420 1351 3471 per
1384 3405 1776 3460 ecclesiasticos
1813 3408 1891 3459 vi-

355 3499 447 3541 ros
483 3499 536 3540 et
564 3491 736 3541 divina
777 3492 1030 3558 sapientia
1067 3495 1302 3547 eruditos
1328 3495 1523 3548 veritas
1550 3496 1637 3548 Dei
1673 3498 1890 3548 convin-

358 3576 455 3639 cit,
479 3587 532 3629 et
560 3591 990 3647 argnmentormn
1021 3583 1291 3650 decipulas
1321 3584 1607 3652 redarguit,
1638 3585 1688 3638 in
1715 3586 1887 3638 homi-

361 3679 486 3718 num
538 3669 813 3721 mendacio
855 3671 944 3724 Dei
990 3672 1190 3726 veritas
1245 3674 1439 3726 dicitur
1493 3675 1785 3736 abundare,
1836 3683 1890 3728 et

361 3773 466 3810 non
509 3763 678 3813 solum
735 3763 1030 3826 abundare,
1088 3767 1180 3819 sed
1229 3766 1500 3820 abundare
1553 3768 1618 3820 ad
1667 3767 1887 3835 gloriam

358 3847 475 3914 ejus
504 3851 567 3904 ".
602 3854 748 3916 Quod
783 3855 878 3905 huc
914 3857 1066 3906 modo
1099 3856 1499 3922 intelligentltttlt
1535 3868 1689 3923 puto:
1720 3858 1762 3908 si
1795 3859 1886 3908 du-

359 3947 478 3992 ctor
503 3939 751 3993 Ecclesiae
783 3944 1049 4009 simplices
1079 3959 1318 4011 quosque
1359 3944 1632 3996 auditores
1678 3941 1886 4008 doccaf,

357 4035 414 4080 et
441 4030 670 4081 nondum
703 4031 848 4083 falsis
875 4032 1212 4096 dogmatibus
1245 4043 1556 4097 neottpatos,
1603 4042 1765 4097 atque
1807 4032 1889 4084 bis

362 4116 429 4169 de
453 4119 674 4187 singulis
695 4121 994 4188 quibusque
1015 4124 1271 4173 rationem
1297 4119 1484 4171 divina:
1504 4119 1748 4172 veritatis
1774 4135 1890 4185 ape-

359 4205 486 4266 riat,
511 4210 560 4259 in
597 4208 962 4270 huiuscemodi
999 4207 1240 4261 doctrina
1271 4208 1356 4260 Dei
1394 4207 1589 4261 veritas
1623 4209 1888 4263 videbitur

1812 232 2122 292 ORIGENIS

1004 371 1337 435 digeruntur.
1368 367 1471 421 sed
1507 368 1713 420 inruere
1751 377 1888 417 nunc
1927 365 1968 419 Α
2002 349 2344 415 intellexerit,
2372 363 2476 402 non
2504 347 2692 416 utique
2726 342 2874 397 dicit
2910 334 3066 435 illud
3118 330 3293 402 quod
3315 327 3430 435 “in.
3461 340 3677 435 .cottse-

3577 205 3679 261 928

1993 444 2279 512 quentibus
2300 441 2460 496 stulta
2489 436 2805 506 objectione
2839 429 3173 502 profertur
3207 443 3222 478 :
3259 441 3281 474 ι
3312 420 3474 512 Quid
3496 423 3680 512 adhuc

1992 509 2045 585 et
2072 545 2169 600 ego
2201 539 2450 599 tanquam
2485 535 2747 596 peccator
2774 521 3024 590 judicor
3053 517 3109 547 ⁹²
3146 514 3176 567 ἳ
3212 532 3234 564 ι
3272 511 3397 600 sed
3435 509 3681 600 advertit

1993 599 2183 673 merito
2211 633 2270 672 se
2302 617 2676 685 iudicandum,
2727 612 2776 664 si
2829 608 3213 676 permaneat
3266 599 3327 653 in
3374 599 3678 653 mendacio

1993 708 2302 763 hominum:
2330 715 2384 760 et
2417 705 2508 774 qui
2537 701 2844 758 secundum
2879 712 2951 752 ea
2991 709 3141 764 quae
3179 704 3378 759 supra
3409 687 3682 756 exposui-

1993 812 2108 852 mus
2135 812 2198 851 ει
2232 795 2323 850 Dei
2350 794 2580 848 veritate
2609 791 2916 844 convictus
2953 797 3220 840 errasse
3262 794 3333 834 se
3363 778 3569 839 sentit,
3613 777 3678 831 ab

1993 901 2173 942 errore
2199 897 2493 940 conversus
2518 881 2691 935 Deum
2725 890 2932 933 verum
2973 874 3198 944 agnita
3244 871 3513 924 veritate
3565 868 3681 936 glo-

1993 975 2187 1039 riﬁcat,
2220 987 2318 1027 nec
2345 971 2689 1039 blasphemat
2717 967 2874 1020 ultra
2915 977 3028 1018 eos
3071 959 3185 1030 qui
3235 957 3577 1028 praedicant
3605 955 3678 1026 (7)

1991 1067 2289 1127 veritatem,
2319 1072 2573 1131 tanquam
2603 1061 2862 1113 dicentes
2895 1074 2910 1110 :
2953 1072 2974 1106 ι
3031 1052 3388 1107 Faciamus
3424 1048 3576 1101 mala
3625 1057 3681 1101 ut

1993 1156 2211 1209 veniant
2249 1155 2390 1208 bona
2413 1152 2479 1217 ",
2517 1169 2536 1202 ι
2579 1150 2767 1205 sciens
2797 1150 2858 1203 in
2889 1147 3009 1201 hoc
3056 1143 3265 1198 verbo
3299 1141 3526 1211 justam
3553 1154 3675 1194 esse

1991 1243 2410 1313 blasphemantis
2444 1239 2890 1296 damnationem.
2930 1233 3430 1291 Observandum
3460 1244 3680 1298 quoque

1990 1343 2095 1397 est,
2139 1332 2279 1401 quod
2338 1347 2431 1387 eos
2477 1331 2568 1400 qui
2617 1328 2926 1384 veritatem
2983 1325 3382 1394 praedicant,
3418 1335 3536 1376 non
3573 1331 3676 1375 tam

1991 1406 2258 1483 maledici,
2281 1419 2424 1488 quod
2456 1421 2522 1472 ad
2558 1417 2850 1483 homines,
2891 1418 3000 1472 sed
3037 1412 3506 1482 blasphemari,
3537 1414 3676 1482 quod

1990 1510 2055 1564 ad
2088 1511 2248 1563 Deum
2279 1509 2532 1577 pertinet,
2568 1506 2784 1576 posuit.
3280 1525 3288 1530 ι

2058 1599 2113 1654 2.
2144 1619 2160 1651 ι
2192 1598 2328 1665 Quid
2353 1612 2482 1667 ergo
2500 1609 2756 1651 tenemus
2779 1593 3051 1663 amplius
3079 1592 3178 1663 (8)
3198 1592 3228 1646 ?
3251 1591 3502 1647 Causati
3529 1607 3599 1647 en
3622 1608 3672 1647 ω

1920 1668 1964 1726 Β
1991 1706 2175 1745 sumus
2204 1689 2413 1744 Judacos
2442 1698 2497 1743 et
2525 1685 2755 1742 Graecos
2783 1700 3006 1738 omnes
3068 1682 3198 1737 sub
3248 1693 3500 1752 peccato
3533 1698 3670 1738 esse.

1994 1780 2132 1834 sicut
2161 1779 2420 1846 scriptum
2450 1786 2537 1832 est
2568 1793 2582 1830 :
2612 1775 2752 1842 Quia
2787 1789 2906 1827 non
2937 1789 3042 1828 est
3083 1774 3310 1842 justus
3343 1777 3668 1844 quisquam,

1995 1885 2102 1924 non
2141 1878 2224 1922 est
2261 1866 2590 1932 intelligens,
2621 1881 2733 1919 non
2770 1872 2862 1918 est
2897 1863 3252 1929 requirens
3300 1865 3510 1919 Deum.
3541 1865 3669 1922 Om.

1995 1974 2086 2012 nes
2113 1957 2536 2021 declinaverunt,
2590 1957 2758 2011 simul
2814 1954 3082 2010 inutiles
3143 1956 3298 2010 facti
3365 1967 3523 2022 sunt,
3569 1975 3666 2013 non

1993 2057 2072 2101 est
2101 2049 2188 2113 qui
2219 2048 2382 2101 faciat
2412 2047 2738 2109 bonitatem,
2778 2059 2897 2097 non
2953 2054 3061 2098 est
3119 2059 3330 2115 usque
3380 2051 3455 2100 ad
3485 2065 3664 2104 unum.

1995 2136 2307 2204 Sepulcrum
2351 2147 2544 2205 patens
2583 2145 2668 2190 est
2712 2145 2920 2205 guttur
2966 2150 3206 2192 eorum
3234 2179 3253 2202 ,
3311 2139 3528 2210 linguis
3560 2143 3665 2195 suis

1992 2228 2171 2283 dolose
2190 2229 2440 2297 agebant,
2463 2241 2732 2280 venenum
2762 2229 3064 2296 aspidum
3092 2229 3217 2284 sub
3248 2230 3430 2286 labiis
3457 2247 3660 2287 eorum.

1992 2317 2227 2383 Quorum
2277 2333 2340 2372 os
2384 2318 2772 2373 maledictione
2822 2329 2888 2373 et
2943 2324 3390 2378 amaritudine
3449 2326 3658 2396 plenum

1990 2418 2071 2462 est
2110 2426 2124 2461 :
2163 2408 2370 2462 veloces
2404 2409 2570 2476 pedes
2607 2425 2804 2463 eorum
2835 2413 2916 2467 ad
2963 2414 3422 2469 effundendum
3453 2419 3660 2487 sangui-

1991 2512 2132 2552 nem.
2158 2498 2424 2553 Contritio
2456 2508 2510 2553 et
2537 2499 2837 2556 infelicitas
2871 2503 2936 2557 in
2974 2505 3103 2560 viis
3139 2515 3388 2575 eorum,
3432 2519 3490 2563 et
3521 2513 3653 2564 viam

1988 2588 2134 2657 pacis
2171 2602 2271 2642 non
2305 2599 2676 2658 cognoverunt
2726 2608 2740 2644 :
2789 2608 2911 2645 non
2976 2604 3086 2648 est
3151 2597 3344 2650 timor
3394 2598 3492 2652 Dei
3537 2607 3655 2654 ante

1988 2679 2175 2732 oculos
2203 2694 2386 2732 eorum
2432 2678 2500 2732 “.
2540 2698 2558 2731 ι
2607 2679 3009 2740 Praediximus
3070 2686 3206 2755 jam
3249 2689 3414 2758 quod
3453 2691 3506 2744 in
3552 2691 3652 2744 bac

1991 2766 2227 2837 Epistola
2263 2767 2477 2832 Paulus,
2507 2769 2659 2822 velut
2689 2771 2918 2825 arbiter
2945 2777 3220 2844 quidam
3255 2779 3417 2834 inter
3448 2795 3542 2834 eos
3571 2783 3651 2849 qui

1992 2872 2057 2911 ex
2099 2857 2507 2911 circumcisione
2543 2859 2948 2928 crediderunt,
2987 2876 3062 2919 et
3094 2883 3206 2923 eos
3250 2872 3354 2940 qui
3383 2889 3451 2926 ex
3483 2874 3650 2942 genti-

1988 2948 2110 3011 bus,
2149 2956 2408 3014 temperet
2433 2963 2747 3004 sermonem
2783 2967 3050 3021 semper
3090 2969 3153 3013 et
3186 2961 3398 3024 libret,
3428 2975 3488 3016 ut
3518 2979 3649 3017 nunc

1991 3037 2108 3102 bos,
2141 3052 2282 3090 nunc
2309 3036 2430 3090 illos
2471 3037 2524 3091 in
2559 3038 2913 3106 quibusdam
2951 3049 3259 3104 videatur
3302 3065 3560 3123 arguere,
3598 3061 3648 3109 et

1989 3142 2201 3182 rursum
2229 3126 2469 3194 singulas
2495 3143 2684 3196 partes
2714 3141 2873 3186 certa
2906 3149 3034 3204 spe
3069 3144 3498 3208 promissionis
3531 3144 3644 3198 ani—

1993 3231 2141 3271 mare
2167 3217 2263 3288 (9).
2294 3217 2430 3283 Quia
2468 3232 2599 3288 ergo
2647 3221 2805 3276 visus
2857 3223 3085 3284 fuerat
3147 3232 3211 3286 in
3272 3235 3644 3303 superioribus

1989 3307 2190 3370 dicere,
2226 3309 2480 3377 quoniam
2515 3310 2559 3364 si
2592 3312 2940 3378 praeputium
2973 3317 3281 3386 justitias
3313 3325 3456 3396 legis
3478 3337 3643 3380 custo-

1991 3399 2122 3463 diat,
2153 3399 2419 3468 judicabit
2448 3416 2570 3455 eum
2606 3406 2700 3472 qui
2743 3405 2800 3460 in
2840 3409 3348 3472 circumcisione
3397 3419 3642 3488 praevari-

1989 3500 2140 3544 cator
2166 3501 2250 3544 est
2273 3489 2403 3558 legis
2423 3492 2504 3546 ’δε
2535 3508 2752 3547 rursum
2784 3507 2853 3550 ut
2886 3514 3010 3554 eos
3057 3519 3225 3573 quos
3265 3509 3642 3562 humiliarerat

1990 3581 2266 3647 allevaret,
2303 3583 2542 3638 addidit;
2575 3603 2594 3636 ι
2626 3585 2770 3650 Quid
2800 3604 2957 3659 ergo
2997 3598 3279 3664 amplius
3314 3612 3403 3655 est
3427 3601 3640 3656 Judaao?

1991 3681 2083 3725 aut
2120 3675 2470 3762 quzentilitas
2504 3675 2980 3737 circumcisionis
3005 3687 3036 3739 ?
3076 3687 3340 3745 Multum
3389 3709 3482 3762 per
3522 3707 3637 3745 om-

1993 3777 2111 3813 nem
2143 3761 2376 3814 ttiodnm.
2414 3762 2595 3817 Primo
2621 3766 2883 3833 quidem,
2923 3774 3082 3841 quia
3123 3779 3361 3834 credita
3391 3761 3512 3834 sunt
3539 3779 3640 3834 illis

1990 3851 2198 3917 eloquia
2231 3851 2321 3904 Dei
2360 3851 2426 3904 ".
2476 3873 2494 3904 ι
2551 3853 2678 3908 Post
2710 3857 2856 3919 haec,
2893 3877 3050 3918 cum
3095 3868 3198 3922 Itis
3240 3882 3640 3940 rurist-quenter

1989 3941 2137 4006 quasi
2172 3941 2414 4008 qutudant
2463 3941 2658 3997 fuisset
2711 3961 3116 4020 prosecutus,
3178 3961 3348 4015 addit
3395 3977 3556 4026 nunc,
3591 3967 3640 4014 et

1987 4028 2122 4081 dicit
2149 4046 2161 4081 :
2196 4048 2212 4078 ι
2239 4029 2374 4094 Quid
2410 4045 2539 4099 ergo
2575 4041 2835 4090 tenemus
2867 4043 3154 4109 amplius
3179 4049 3210 4103 τ
3238 4049 3476 4106 Causati
3502 4053 3638 4106 enim

1991 4116 2399 4171 sunmsJudwus
2419 4131 2470 4172 et
2487 4119 2710 4177 Graecos
2725 4139 2938 4184 omnes
2965 4136 3089 4189 sub
3111 4153 3373 4207 peccato
3397 4159 3519 4198 esse
3531 4144 3593 4195 "’.
3614 4159 3634 4197 ο

1990 4203 2138 4269 Quod
2179 4206 2223 4258 si
2254 4222 2442 4259 omnes
2471 4209 2572 4261 sub
2606 4225 2839 4278 peccato
2874 4232 3055 4286 sunt,
3088 4203 3245 4297 ergo
3277 4248 3393 4286 non
3422 4233 3638 4287 ει-ίιειε.

360 4294 647 4345 abundare.
691 4295 743 4346 Si
786 4311 910 4346 vero
944 4297 1005 4346 a.|
1032 4312 1122 4348 eus
1170 4312 1346 4347 sermu
1383 4297 1452 4348 sit
1491 4297 1578 4364 qui
1622 4297 1884 4348 ODSlalnltl
1919 4289 1959 4341 D
1992 4293 2150 4346 tionis
2185 4309 2344 4346 causa
2375 4295 2463 4347 uni
2493 4297 2790 4353 adversum
2827 4305 3052 4377 alium,
3090 4289 3236 4372 cuin
3274 4332 3515 4391 uterque
3541 4335 3640 4376 non

359 4383 594 4443 veritati,
626 4387 711 4440 uni
756 4401 898 4436 sana:
943 4385 1196 4436 doctrina:
1245 4386 1581 4439 sermonibus
1615 4387 1883 4438 contrudi-

359 4482 484 4524 cant
510 4472 609 4541 (6),
639 4482 691 4524 et
721 4478 1145 4528 contradicentes
1187 4477 1531 4529 confutentur
1578 4488 1629 4531 et
1665 4479 1885 4529 convin-

359 4571 570 4623 cantur,
605 4564 673 4615 ita
705 4575 760 4614 ut
784 4581 1023 4617 errorum
1055 4571 1283 4622 tenebris
1317 4570 1588 4622 derelictis
1614 4571 1678 4622 ad
1711 4571 1880 4623 itlt'ettt

361 4652 601 4706 veritatis
627 4657 878 4706 accedant
906 4673 920 4718 ;
950 4668 1072 4709 tunc
1101 4675 1200 4709 nun
1232 4659 1402 4712 sulutn
1432 4659 1716 4711 abundabit
1743 4662 1881 4710 veri-

358 4749 442 4795 tas
473 4743 584 4808 Dei,
614 4747 703 4796 sed
735 4756 786 4797 ct
827 4749 891 4798 ad
921 4749 1140 4814 gloriam
1172 4749 1285 4816 ejus
1320 4751 1637 4803 abundabit.
1668 4749 1879 4801 Glurili-

358 4842 509 4883 catur
539 4835 676 4909 enim
713 4835 848 4888 Dcns
882 4853 974 4905 per
1007 4854 1125 4890 eum
1156 4841 1244 4906 qui
1287 4842 1351 4891 de
1390 4845 1576 4891 errore
1623 4837 1882 4889 mendacii

331 4923 572 4989 "ereptus
618 4924 792 4980 lumen
826 4929 1063 4981 veritatis
1109 4934 1335 4997 aspexit.
1369 4931 1488 4983 lla-c
1517 4935 1643 4996 ergo
1677 4929 1763 4995 qui
1811 4928 1880 4978 ita

431 5056 473 5089 "
497 5057 512 5108 Ι
534 5057 654 5111 Cor.
679 5075 716 5123 ι,
739 5049 827 5113 24.
901 5063 943 5094 ’⁸
962 5062 1116 5117 Ιιιειιι.
1150 5081 1278 5117 xm.
1300 5065 1347 5115 5.
1425 5065 1468 5096 "
1495 5063 1673 5115 Matth.
1703 5077 1753 5121 χ,
1774 5061 1860 5114 29.

359 5122 551 5184 “ibid.
574 5127 606 5179 9
631 5122 743 5195 seq.
820 5131 863 5161 ³⁸
894 5132 1045 5185 Rom.
1079 5150 1136 5196 ιι,
1172 5135 1259 5196 215,
1289 5135 1376 5189 ‘27.

361 5212 654 5354 méiznd’lu
681 5254 699 5285 ι
729 5251 846 5290 cum
876 5241 1210 5307 docibiliter;
1244 5260 1260 5291 ι
1295 5243 1440 5306 editi,
1491 5260 1509 5294 ι
1559 5240 1602 5294 si
1626 5238 1884 5294 conduci-

397 5431 408 5442 .
435 5368 507 5430 (b)
541 5370 697 5433 Editi,
731 5391 748 5421 ι
778 5373 830 5425 Si
864 5390 990 5429 vero
1036 5379 1099 5428 ad
1148 5393 1329 5430 omnes
1372 5393 1548 5432 sermo
1582 5375 1650 5429 sit
1675 5376 1762 5444 qui
1787 5378 1882 5428 ob-

367 5444 695 5502 διειιιιιι......
720 5445 1109 5502 contradicunt,
1152 5465 1168 5494 ι
1199 5456 1302 5497 etc.

434 5499 693 5568 i7lAlias,
753 5525 771 5555 ι
822 5525 915 5565 nec
964 5499 1291 5580 blasphcntat
1333 5515 1466 5567 ultra
1521 5530 1610 5568 eos
1654 5513 1739 5576 qui
1777 5526 1876 5561 non

507 5672 534 5680 δ

1939 5059 1984 5090 ¹⁰
2007 5057 2188 5111 Mallh.
2217 5073 2267 5118 v,
2303 5059 2392 5112 45.

1450 5133 1496 5164 ’⁸
1523 5133 1674 5185 llont.
1714 5147 1793 5194 ιιι,
1819 5132 1866 5190 1,
1889 5129 1943 5180 9..

1986 4399 2051 4436 ex
2095 4400 2187 4436 sua
2223 4383 2455 4452 justitia,
2485 4389 2582 4440 sed
2605 4404 2672 4443 ex
2718 4391 2818 4447 Dei
2858 4401 3306 4470 misericordia
3359 4383 3543 4471 veniat
3574 4415 3640 4471 ad

1989 4471 2236 4574 salutem.
2267 4473 2521 4529 Probavit
2551 4493 2688 4547 ergo
2708 4481 2958 4543 Grmcos
2993 4499 3280 4564 quidem,
3317 4507 3372 4559 id
3405 4518 3490 4560 est
3518 4522 3640 4574 grn-

1992 4563 2130 4622 tiles,
2160 4580 2276 4616 esse
2303 4565 2401 4617 sub
2433 4578 2680 4633 peccato.
2715 4587 2849 4624 cum
2882 4580 2971 4632 ait
2999 4583 3055 4614 ³⁸
3081 4605 3096 4640 ε
3139 4608 3161 4639 ο
3200 4592 3472 4650 uicem“
3500 4563 3636 4650 ἐξιίιη

1987 4667 2044 4703 se
2080 4668 2195 4704 esse
2218 4655 2512 4720 sapientes,
2545 4659 2699 4713 stulti
2745 4661 2884 4720 faeti
2923 4686 3066 4727 sunt
3107 4697 3122 4732 :
3182 4695 3244 4736 et
3287 4694 3638 4740 ηιυιηνει-υηι

1987 4743 2208 4810 gluriatn
2243 4745 2671 4813 incorruptibilis
2711 4752 2806 4807 Dei
2857 4759 2916 4813 in
2981 4766 3449 4831 similitudinem
3494 4779 3635 4831 ima-

1990 4832 2129 4933 ginis
2159 4836 2534 4933 corruptibilis
2581 4838 2855 4908 hominis,
2913 4861 2978 4906 et
3029 4857 3384 4927 volucrum,
3417 4876 3472 4918 et
3501 4881 3633 4933 qua-

1987 4922 2304 4988 drnpedum,
2347 4934 2402 4975 et
2431 4933 2773 4992 serpentium
2831 4955 2850 4993 :
2897 4954 3150 5014 prOpter
3198 4922 3382 5020 quod-
3412 4922 3633 5008 tradidit

2467 5062 2508 5141 1‘
2538 5061 2703 5119 Rom-
2746 5073 2920 5141 ιιινἺ.
3002 5079 3055 5110 “
3083 5080 3233 5136 ibid.
3332 5086 3382 5116 ιι
3424 5087 3554 5141 ibid.
3579 5086 3630 5141 8.

2013 5129 2054 5159 ιτ
2089 5128 2217 5182 ihid.
2255 5129 2308 5182 9.
2383 5131 2427 5216 ιξι
2469 5132 2634 5186 Rom.
2671 5152 2711 5201 ι,
2741 5128 2954 5196 22.24.

1989 5235 2300 5300 przmlicant.
2339 5258 2356 5288 ι

2159 5304 2307 5393 ,ΨΜ
2339 5325 2458 5393 ε”έῖθ
2496 5319 2746 5393 “mnum
2773 5326 3018 5393 amplius
3048 5320 3080 5384 Ῐ
3103 5330 3201 5387 ἔ)το
3244 5352 3388 5391 mss.
3431 5336 3620 5391 nostri.

2014 5370 2025 5385 ς
2116 5376 2120 5381 Ι
2397 5369 2416 5372 η
2496 5384 2502 5389 1
2724 5369 2739 5372 ν
2776 5369 3018 5393 -ὴ-.-,.ν...ν
3048 5369 3060 5384 .
3103 5369 3201 5387 un,
3245 5369 3388 5391 "una.
3432 5369 3618 5391 ιιι-θυι·

1985 5369 2304 5504 ἕλιξί-ζὶλνϊνυι
2345 5395 2363 5427 ι
2406 5381 2545 5444 Qutd
2573 5392 2752 5455 ergo?
2788 5393 3181 5458 l’rzeccllimus
3213 5409 3361 5460 eus?
3404 5407 3618 5476 Nequa-

2054 5507 2128 5574 (9)
2165 5511 2324 5574 Edili,
2363 5532 2380 5566 ι
2418 5518 2659 5590 enimet,
2683 5546 2702 5578 ι
2742 5533 2909 5588 male.
