3836 6208
260 325 371 378 9‘29

1199 331 1550 388 COMMENT.
1587 332 1654 386 IN
1691 332 1904 388 EPlST.
1939 333 2027 387 AD
2059 335 2221 390 ROM.
2264 333 2388 389 LIB.
2431 335 2517 391 III.

3320 344 3427 398 930

263 455 360 489 eos
391 438 528 490 Deus
563 435 618 491 in
658 439 944 507 reprobum
976 453 1211 506 sensum,
1259 460 1276 494 ι
1324 453 1378 498 et
1419 446 1616 512 reliqua
1649 464 1664 501 :
1705 445 1798 500 Ju-
1831 453 1872 505 Α
1903 446 2056 500 labiis
2087 461 2269 500 eorum
2300 449 2364 512 ³⁸,
2398 469 2415 499 ι
2445 451 2585 518 quod
2610 461 2663 503 et
2686 451 2857 518 ipsum
2887 467 2952 505 ex
2975 453 3199 522 quodam
3224 457 3427 522 psalmo

264 527 414 579 ila-os
447 540 597 588 vero,
631 542 754 581 cum
792 532 954 586 dicit:
1001 550 1020 583 ι
1068 531 1122 586 Si
1154 543 1329 586 autem
1366 543 1419 588 tu
1461 535 1674 590 Judzeus
1710 554 1801 591 co-

267 617 631 680 gnominaris,
667 629 719 668 et
753 622 1045 686 requiescis
1085 622 1136 675 in
1168 622 1279 692 lege
1315 625 1380 690 ²⁹,
1422 644 1440 677 ι
1482 635 1535 680 ει
1577 628 1801 696 reliqua.

265 701 478 765 Quibus
504 704 708 757 addidit
735 707 816 760 ³ος
858 725 876 756 ι
907 707 1004 772 Qui
1027 723 1152 778 ergo
1178 710 1334 765 doces
1367 713 1546 780 alium,
1580 716 1802 784 leipsum

269 808 378 844 non
421 795 619 849 doces:
652 797 741 864 qui
773 800 1032 865 prmdicas
1059 815 1160 853 non
1191 800 1495 866 furandum,
1527 804 1741 871 iuraris,
1779 826 1798 860 ι

266 893 377 937 etc.
418 884 539 936 Post
573 886 689 939 hzee
725 903 851 957 ergo
890 890 1039 951 dicit,
1074 891 1194 958 quia
1229 909 1247 943 ι
1279 894 1480 948 causati
1513 910 1693 950 smnus
1719 897 1806 950 Ju-

269 972 419 1024 dasos
446 985 499 1024 et
528 973 745 1027 Graecos
773 992 958 1031 omnes
994 981 1090 1032 sub
1116 991 1333 1050 peccato
1362 999 1479 1038 esse
1520 985 1583 1039 ³⁸.
1620 1005 1638 1038 ι
1682 987 1808 1041 Post

270 1056 386 1110 haec
422 1073 574 1123 vero,
626 1069 684 1113 ut
731 1063 779 1115 ei
829 1067 991 1119 moris
1027 1075 1124 1128 est,
1172 1069 1236 1122 de
1288 1073 1576 1140 Scripturis
1606 1079 1806 1130 sanetis

268 1147 387 1198 vult
434 1147 707 1201 allirmare
751 1155 890 1220 quod
936 1157 1186 1223 dixerat;
1239 1159 1397 1214 simul
1426 1173 1477 1216 et
1507 1165 1808 1222 doctoribus

267 1236 532 1292 Ecclesiae
567 1243 768 1307 praebet
800 1247 1124 1313 exemplum,
1157 1259 1214 1302 ut
1260 1266 1320 1304 ea
1355 1268 1473 1320 quae
1519 1246 1810 1323 loquuntur

265 1328 333 1378 ad
378 1331 659 1396 populum,
711 1348 814 1386 non
866 1337 1093 1403 propriis
1143 1353 1459 1409 przesmnpta
1507 1348 1804 1409 sententiis,

267 1419 364 1468 sed
409 1417 610 1472 divinis
641 1421 840 1472 munita
879 1423 1195 1477 testimooiis
1240 1430 1528 1496 proferant.
1569 1433 1622 1485 Si
1668 1437 1805 1486 enim

272 1506 386 1571 ipse
417 1515 603 1559 tantus
641 1524 702 1561 ac
749 1512 868 1565 talis
913 1513 1195 1580 Apostolus
1229 1521 1596 1574 auctoritatem
1641 1526 1808 1577 dicto-

267 1611 385 1648 rum
414 1613 638 1652 snorum
670 1602 906 1657 sullicvre
940 1619 1092 1670 posse
1122 1623 1222 1660 non
1261 1611 1453 1675 credit,
1489 1615 1586 1665 nisi
1621 1615 1810 1669 doceat

266 1689 318 1740 in
389 1687 534 1755 Lege
593 1701 647 1742 et
707 1690 988 1759 Prophetis
1049 1697 1245 1764 scripta
1307 1715 1425 1753 esse
1485 1718 1602 1768 qum
1659 1706 1803 1764 dicit.

264 1786 475 1841 quanto
514 1776 680 1844 magis
712 1795 806 1831 nos
840 1779 1040 1833 minimi
1075 1784 1172 1835 hoc
1198 1786 1486 1841 observare
1526 1792 1799 1856 debemus,
1839 1760 1879 1813 Β

269 1873 466 1916 utnon
500 1874 715 1917 nostras
763 1883 880 1920 cum
924 1871 1195 1936 docemus,
1239 1877 1331 1929 sed
1376 1882 1541 1931 Sancti
1576 1882 1806 1948 Splt'lllls

267 1955 572 2006 sententias
600 1955 973 2024 proferamus?
1009 1959 1139 2014 Illud
1175 1965 1334 2018 etiam
1367 1976 1664 2026 necessario
1709 1977 1795 2027 du-

265 2047 443 2099 cimus
473 2049 886 2110 adumuendum,
921 2053 1058 2116 quod
1097 2054 1147 2106 in
1185 2059 1454 2113 nonnullis
1499 2061 1806 2117 Latinorum

267 2148 329 2186 ea
367 2150 492 2201 qua:
522 2139 920 2208 subsequuntur
965 2147 1262 2200 testimonia
1307 2150 1367 2216 in,
1404 2155 1556 2204 tertio
1603 2154 1809 2206 decimo

275 2226 488 2290 psalmo
528 2243 917 2296 consequenter
953 2251 1014 2289 ex
1068 2239 1277 2306 integro
1311 2241 1476 2305 posita
1528 2243 1810 2294 inveniun-

270 2325 392 2380 tur;
427 2316 484 2368 in
524 2317 726 2371 Graecis
763 2333 938 2376 autem
984 2342 1118 2393 pene
1160 2330 1404 2383 omnibus
1451 2347 1553 2384 u0u
1588 2334 1813 2398 amplius

271 2407 323 2456 io
349 2405 567 2456 decimo
592 2407 750 2460 tertio
773 2411 997 2476 psalmo,
1023 2429 1177 2482 quam
1196 2432 1360 2484 usque
1390 2419 1451 2469 ad
1481 2419 1625 2470 illum
1655 2422 1812 2473 versi-

231 2495 477 2582 éfulum,
532 2497 621 2548 ubi
665 2497 774 2568 (10)
802 2501 1056 2569 scriptum
1080 2517 1155 2558 εει
1186 2524 1198 2560 :
1237 2524 1255 2557 ι
1290 2506 1400 2559 Non
1430 2519 1505 2562 est
1534 2511 1621 2578 qui
1655 2511 1813 2566 faciat

238 2581 495 2644 “bonum,
527 2599 632 2638 non
657 2596 738 2641 est
767 2603 932 2658 usque
952 2593 1214 2648 adnuunt.
1252 2611 1270 2644 ι
1305 2596 1407 2648 Sed
1437 2608 1488 2650 et
1521 2601 1659 2666 quod
1677 2601 1813 2656 dixit

269 2673 566 2739 Apostolus
611 2693 624 2728 :
678 2695 696 2727 ι
747 2677 898 2730 Sicut
937 2680 1196 2748 scriptum
1244 2693 1322 2737 est
1365 2703 1378 2738 :
1413 2684 1544 2749 Quia
1587 2703 1687 2741 non
1729 2700 1811 2744 est

265 2761 446 2830 justus
472 2763 756 2832 quisquam
795 2783 808 2818 :
835 2782 937 2820 non
953 2769 1366 2839 estintclligeus,
1391 2789 1490 2826 non
1523 2789 1606 2829 est
1634 2778 1811 2844 requi-

270 2866 395 2912 rens
425 2851 593 2922 505
621 2849 821 2917 'Deum,
851 2873 870 2906 ι
911 2871 1012 2910 non
1038 2858 1235 2913 eisdem
1280 2864 1616 2917 sermonibus
1667 2867 1813 2920 iuve-

271 2942 414 2996 nitur
451 2945 510 2998 in
556 2943 792 3012 psalmo,
836 2945 925 2998 sed
966 2945 1053 2998 alii
1103 2961 1491 3014 permutantur,
1541 2952 1629 3005 alii
1661 2969 1813 3008 assu-

273 3041 519 3096 muntur,
555 3031 645 3084 alii
697 3031 1087 3100 relinquuntur.
1123 3034 1272 3101 Quod
1315 3038 1380 3090 ab
1413 3040 1665 3094 studiosis
1693 3041 1812 3110 qui-

271 3119 484 3187 busque
511 3119 557 3173 si
593 3121 911 3174 observetur
942 3119 1270 3190 diligentius,
1306 3133 1432 3192 puto
1469 3126 1581 3178 dari
1629 3127 1678 3179 in
1714 3129 1812 3183 hoc

271 3205 628 3274 apostolicam
670 3207 1071 3271 auctoritatem,
1113 3218 1168 3261 ut
1197 3225 1318 3261 cum
1346 3210 1634 3278 Scriptura:
1669 3217 1814 3269 tedi-

272 3297 474 3350 ruoniis
509 3299 766 3349 utendum
799 3295 976 3361 fuerit,
1002 3312 1216 3350 sensum
1247 3301 1411 3368 magis
1438 3315 1500 3353 ex
1531 3319 1612 3367 ea,
1653 3319 1810 3371 quam

266 3387 428 3438 verba
466 3387 764 3454 capiamus.
800 3385 911 3439 Hoc
944 3387 1083 3439 enim
1117 3397 1168 3440 et
1195 3389 1246 3440 in
1283 3389 1580 3459 Evangeliis
1611 3393 1810 3446 facttun

267 3473 591 3542 frequenter
617 3475 878 3528 invenies.
903 3475 956 3526 In
995 3476 1148 3528 tertio
1188 3478 1392 3532 decimo
1425 3481 1586 3549 igitur
1613 3483 1814 3550 psalmo

268 3561 339 3616 ita
369 3563 639 3630 scriptum
678 3570 799 3615 est:
848 3580 866 3612 ι
900 3561 1155 3616 Dominus
1187 3564 1251 3617 de
1279 3567 1413 3620 caelo
1456 3571 1686 3638 respexit
1720 3586 1813 3626 suc

268 3668 362 3722 per
395 3653 542 3706 filios
585 3652 887 3719 hominum,
919 3661 976 3705 ut
1002 3653 1206 3707 videret
1253 3654 1297 3708 si
1337 3667 1420 3710 est
1470 3657 1770 3729 intelligens
1795 3702 1810 3726 ,

269 3752 360 3795 aut
388 3743 678 3810 requirens
712 3741 896 3795 Deum.
928 3760 947 3793 ι
999 3742 1103 3797 Sed
1147 3745 1196 3798 in
1237 3745 1677 3815 quinquagesimo
1728 3765 1814 3803 se-

268 3832 446 3884 cundo
500 3829 710 3907 psalmo
742 3830 817 3882 ita
853 3830 982 3884 dicit
1013 3847 1029 3884 :
1066 3849 1086 3882 ι
1120 3833 1257 3887 Deus
1292 3835 1358 3888 de
1406 3837 1541 3889 coelo
1583 3841 1814 3906 respexit

268 3933 429 3990 cuper
462 3918 606 3973 ﬁlios
635 3919 934 3981 hominum,
968 3930 1025 3974 ut
1059 3923 1266 3978 videret
1297 3925 1342 3978 si
1373 3935 1454 3979 est
1496 3926 1812 3995 intelligens,

268 4020 358 4063 aut
391 4010 683 4078 requirens
715 4011 896 4064 Deum.
920 4030 939 4062 ι
975 4010 1040 4064 Et
1069 4013 1278 4068 videtur
1300 4015 1436 4069 idem
1465 4017 1668 4069 servari
1693 4031 1815 4071 sen-

268 4118 358 4158 sus
378 4105 554 4157 etiam
597 4103 650 4155 in
688 4116 753 4155 eo
794 4104 934 4171 quod
979 4103 1265 4172 Apostolus
1291 4104 1499 4173 posuit:
1536 4121 1553 4154 ι
1589 4103 1704 4157 Non
1735 4113 1816 4158 est

269 4193 607 4265 intelligens,
632 4207 735 4246 non
769 4200 851 4245 est
876 4194 1152 4262 requirens
1175 4195 1337 4249 Deum
1369 4194 1465 4247 ⁸³.»
1486 4193 1550 4248 Ει
1577 4196 1716 4264 quod
1739 4195 1817 4248 di-

268 4288 381 4340 xit:
416 4305 436 4338 ‹
472 4287 593 4340 Non
627 4279 913 4352 iestjustus
950 4286 1227 4354 quisquam
1256 4286 1324 4346 ³³,
1349 4305 1367 4336 ι
1412 4296 1538 4354 puto
1565 4286 1704 4354 quod
1748 4300 1813 4338 ex

1901 546 2249 605 assumptum,
2276 539 2593 604 immutatis,
2619 550 2676 595 ιιι
2699 557 2856 612 supra
2890 544 3142 606 diximus,
3170 550 3428 601 sermoni-

1897 628 2020 684 bus.
2055 638 2201 695 puto.
2233 626 2382 692 Quod
2415 641 2590 683 autem
2620 633 2891 697 sequitur:
2924 652 2942 684 ι
2977 633 3208 700 Quorum
3236 651 3296 689 os
3319 653 3432 691 ma-

1902 717 2198 782 Iedictione,
2237 726 2291 772 et
2317 720 2672 774 amaritudine
2701 721 2912 787 plenum
2948 733 3028 777 est
3053 725 3117 788 ³’,
3145 744 3163 777 ι
3199 741 3260 778 ex
3291 742 3430 780 nono

1902 807 2105 873 psalmo
2129 808 2336 860 videtur
2372 818 2669 873 acceptum.
2701 808 2833 862 Tum
2880 811 3111 866 deinde:
3150 832 3167 864 ι
3212 813 3432 870 Veloces

1903 897 2060 961 pedes
2096 911 2277 948 eorum
2332 897 2396 949 ad
2432 896 2801 950 ell'nndendum
2833 901 3162 967 sanguinem,
3198 921 3216 953 ι
3269 903 3348 956 vel
3377 905 3430 966 in

1902 984 2034 1038 Isaia
2066 987 2322 1042 invenies.
2355 987 2433 1040 vel
2464 989 2514 1040 in
2549 987 2850 1042 Proverbiis
2883 991 2946 1042 ⁸⁸.
2989 989 3092 1044 Sed
3132 1001 3206 1056 et,
3241 1011 3260 1042 ι
3289 992 3428 1047 Conv

1907 1075 2050 1129 tritio
2073 1086 2121 1127 et
2159 1075 2441 1130 infelicitas
2463 1078 2514 1128 in
2540 1076 2640 1130 viis
2661 1091 2864 1140 eorum,
2895 1088 2946 1132 et
2976 1079 3114 1132 viam
3140 1082 3284 1147 pacis
3327 1097 3430 1137 non

1904 1175 2257 1234 cognoverunt
2289 1166 2356 1228 ³⁸,
2390 1185 2408 1218 ι
2445 1181 2544 1218 nun
2571 1166 2781 1232 quidem
2831 1169 2894 1218 ad
2934 1169 3195 1234 integrum
3248 1185 3430 1223 recor-

1906 1257 2001 1308 dor
2030 1255 2113 1308 ubi
2146 1255 2396 1321 scriptum
2427 1255 2496 1307 sit
2525 1271 2539 1306 :
2574 1256 2812 1320 suspicor
2844 1265 3013 1309 tamen
3059 1259 3110 1310 in
3154 1273 3258 1310 uno
3306 1275 3431 1326 pro-

1905 1343 2181 1410 phetarum
2207 1342 2424 1395 inveniri
2455 1358 2628 1409 posse.
2652 1344 2703 1396 lu
2728 1343 2953 1396 Psalmis
2973 1354 3147 1398 autem
3177 1346 3428 1414 scriptum

1905 1445 1980 1484 est
2017 1435 2098 1486 "’t
2137 1454 2153 1483 ι
2187 1434 2295 1486 Non
2327 1445 2403 1486 e~t
2438 1438 2595 1488 timor
2641 1437 2731 1489 Dei
2780 1447 2902 1488 ante
2945 1437 3124 1490 oculos
3168 1453 3372 1492 eorum.
3406 1456 3426 1489 ι

1905 1522 2027 1574 Ilum
2063 1533 2238 1574 autem
2287 1526 2461 1575 omnia
2516 1526 2814 1576 testimonia
2864 1525 3074 1577 videtur
3105 1540 3432 1596 congregare

1908 1613 2133 1664 voluisse
2161 1615 2227 1663 ob
2265 1614 2380 1670 hoc.
2420 1625 2474 1664 ιιι
2506 1615 2836 1675 ostenderet,
2865 1615 2986 1681 quia
3023 1616 3161 1682 quod
3185 1627 3434 1670 causatur

1913 1721 1930 1751 ι
1969 1701 2175 1754 ,Ιιιαιιιιοε
2201 1714 2246 1754 ει
2286 1704 2498 1754 (It-arcos
2535 1718 2720 1756 omnes
2766 1705 2864 1756 sub
2913 1716 3129 1769 peccato
3159 1719 3274 1758 esse
3303 1705 3368 1771 δ’,
3406 1727 3426 1760 ι

1910 1808 2011 1843 non
2049 1801 2150 1843 tam
2178 1807 2350 1854 suam,
2377 1807 2534 1857 quam
2566 1804 2764 1845 sanctae
2797 1792 3086 1861 Scriptura:
3113 1797 3431 1849 sententiam

1909 1879 2231 1944 pronuntiat.
2255 1877 2356 1930 Sed
2381 1880 2715 1944 requiramus
2743 1881 2865 1946 quid
2895 1892 2976 1935 e~t
3011 1883 3107 1935 hoc
3131 1884 3299 1950 ipsum
3321 1887 3434 1954 (l5)

1908 1967 2006 2017 sub
2044 1975 2260 2033 peccato
2283 1981 2402 2018 esse
2432 1987 2442 2018 :
2477 1966 2590 2018 sine
2606 1969 2921 2034 exceptione
2949 1972 3088 2023 enim
3120 1986 3296 2023 sermo
3322 1974 3452 2038 ejus'

1909 2069 2111 2114 omnes,
2143 2054 2253 2107 sive
2293 2053 2456 2107 Judaei
2505 2055 2631 2118 sint,
2665 2058 2775 2109 sive
2804 2058 3048 2124 gentiles,
3097 2061 3310 2113 videtur
3356 2065 3437 2115 in-

1907 2143 2139 2196 volvere.
2177 2143 2278 2195 Sed
2309 2144 2546 2196 occurrit
2581 2145 2732 2198 nobis
2783 2147 2885 2198 alia
2933 2147 3096 2214 ipsius
3147 2153 3434 2218 sententia,

1909 2247 2011 2300 qua
2044 2233 2204 2285 dicit:
2247 2250 2264 2281 ι
2300 2231 2398 2284 Ubi
2427 2241 2601 2285 autem
2638 2249 2740 2285 non
2773 2234 2852 2286 est
2883 2234 2988 2298 lex,
3035 2251 3132 2289 nec
3184 2242 3438 2303 pracvari-

1910 2321 2052 2374 catio
2075 2321 2142 2374 ".
2176 2340 2194 2372 ι
2227 2323 2376 2390 Apud
2400 2320 2609 2376 Judzeos
2639 2324 2852 2388 quidem
2899 2324 3068 2394 legem
3119 2325 3280 2395 Moysi
3318 2337 3437 2382 esse

1911 2408 2246 2464 manifestum
2274 2419 2393 2463 est:
2427 2411 2564 2478 apud
2591 2411 2819 2479 gentiles
2861 2427 2987 2466 vero
3033 2413 3201 2481 legem
3234 2428 3437 2471 natura:

1908 2511 2027 2552 esse
2054 2499 2332 2550 conlirmat
2383 2497 2516 2569 (l4),
2576 2514 2694 2566 qua:
2747 2501 3050 2556 testimonio
3095 2505 3436 2560 conscientia;

1909 2597 2097 2656 arguat
2128 2587 2538 2655 delinquentem.
2574 2587 2671 2642 Ubi
2707 2605 2833 2659 ergo
2862 2593 3148 2659 quaerimus
3170 2595 3436 2650 hominem

1911 2675 1961 2728 in
1995 2691 2098 2742 quo
2125 2691 2230 2730 non
2270 2677 2340 2730 sit
2368 2677 2466 2738 lex,
2500 2689 2553 2732 et
2580 2677 2668 2745 qui
2691 2691 2786 2746 per
2810 2681 2907 2734 hoc
2941 2695 3042 2734 non
3066 2667 3306 2736 videatur
3320 2699 3439 2739 esse

1910 2763 1962 2816 in
1994 2766 2430 2832 prevarica'ione
2465 2767 2689 2834 peccati,
2730 2769 2855 2834 quia
2885 2777 2936 2822 et
2974 2770 3085 2838 ipse
3132 2770 3326 2825 Paulus
3371 2775 3439 2826 de

1911 2855 2200 2922 semetipso
2229 2854 2400 2908 dicit:
2457 2873 2474 2904 ι
2511 2854 2620 2922 Ego
2653 2866 2827 2908 autem
2873 2857 3118 2910 vivebam
3166 2858 3282 2911 sine
3325 2859 3438 2926 lege

1909 2940 2319 3011 aliquando”?i
2343 2942 2566 3008 Quando
2593 2943 2787 2997 Paulus
2833 2944 2946 2997 sine
2994 2945 3105 3012 lege
3144 2947 3297 3008 vixit,
3344 2948 3435 3014 qui

1915 3047 2122 3084 rursum
2157 3031 2222 3084 de
2247 3033 2530 3100 semetipso
2575 3033 2742 3087 dicit:
2780 3050 2797 3081 ι
2843 3034 3201 3087 Circumcisus
3246 3045 3435 3090 octava

1912 3120 1997 3173 die
2025 3119 2134 3189 (I5)
2172 3119 2426 3174 Hebraeus
2453 3135 2517 3170 ex
2545 3119 2777 3174 lIebrads
2798 3121 2880 3173 “7
2909 3140 2925 3172 ι
2982 3120 3258 3187 Quomodo
3305 3139 3434 3192 ergo

1911 3225 2092 3262 verum
2117 3210 2217 3263 erit
2244 3225 2362 3262 eum
2402 3210 2682 3277 aliquando
2707 3211 2819 3263 sine
2849 3212 2960 3280 lege
2989 3214 3206 3278 vixisse,
3231 3216 3318 3281 qui
3347 3231 3438 3268 oc-

1914 3309 2028 3350 tava
2059 3299 2142 3350 die
2171 3297 2279 3367 (l6)
2304 3299 2594 3352 nativitatis
2618 3314 2724 3352 sum
2754 3301 2958 3369 signum
3012 3303 3436 3357 circumcisiouis

1909 3402 1974 3441 ex
2003 3387 2114 3455 lege
2141 3388 2408 3456 suscepit?
2441 3387 2587 3443 Unde
2612 3398 2820 3444 constat
2854 3397 2975 3444 tunc
3007 3392 3119 3444 ﬁeri
3169 3393 3437 3447 hominem

1911 3479 2008 3530 sub
2043 3477 2180 3546 lege,
2213 3480 2421 3547 quando
2454 3481 2517 3533 ad
2550 3481 2598 3533 id
2642 3481 2815 3533 aetatis
2861 3483 3084 3545 venerit,
3138 3493 3193 3534 ut
3239 3483 3437 3552 eligere

1909 3567 2096 3633 possit,
2130 3577 2183 3620 et
2209 3568 2512 3622 discernere
2537 3567 2661 3636 quid
2684 3569 2753 3621 sit
2797 3568 2920 3620 lex:
2970 3587 3065 3624 nec
3109 3573 3253 3638 prius
3309 3573 3441 3638 legis

1911 3655 2050 3708 illius
2075 3656 2613 3726 extrinsecusjugum
2652 3658 2944 3725 suscipere,
2988 3675 3144 3726 quam
3195 3661 3435 3725 internae,

1911 3753 1963 3796 et
1992 3743 2251 3797 naturalis
2297 3744 2429 3813 legis
2475 3745 2669 3799 habere
2719 3747 2935 3812 incipiat
2964 3747 3074 3813 (t7)
3106 3747 3434 3801 ﬁrmitatem.

1911 3831 2146 3900 Denique
2181 3832 2232 3886 in
2263 3847 2326 3886 eo
2357 3834 2471 3888 loco
2497 3834 2585 3888 ubi
2611 3836 2779 3890 dixit:
2818 3854 2834 3885 ι
2860 3836 2966 3904 Ego
2990 3846 3161 3889 autem
3199 3837 3438 3890 vivebam

1910 3922 2027 3973 sine
2076 3921 2189 3990 Iu-ge
2238 3923 2546 3987 aliquando,
2577 3942 2595 3974 ι
2641 3924 2882 3976 addidit:
2946 3942 2963 3973 ι
2998 3926 3099 3976 Sed
3156 3926 3240 3976 ubi
3296 3927 3440 3977 venit

1873 4078 1875 4080 η
1912 4012 2237 4073 mandatum,
2269 4020 2543 4079 peccatum
2569 4012 2756 4063 revixit
2779 4012 2845 4063 ".
2871 4029 2889 4061 ι
2937 4012 2988 4063 In
3024 4027 3128 4080 quo
3176 4013 3276 4064 hoc
3323 4015 3441 4080 qui-

1911 4099 2032 4152 dem
2065 4099 2318 4162 ostendit,
2352 4100 2472 4167 quia
2512 4100 2564 4153 in
2599 4101 2823 4169 pueritia
2859 4102 3006 4168 prius
3037 4116 3189 4169 quam
3243 4102 3441 4155 discre-

1915 4189 2109 4242 tionem
2135 4190 2255 4258 quis
2283 4190 2477 4243 habeat
2507 4190 2630 4244 boni
2658 4201 2710 4243 et
2749 4191 2892 4252 mali,
2925 4192 3039 4244 sine
3068 4191 3180 4259 lege
3211 4205 3328 4244 esse
3355 4193 3438 4244 di-

1912 4279 2085 4340 citur;
2120 4293 2238 4331 cum
2273 4279 2432 4332 etiam
2465 4278 2508 4332 si
2540 4289 2751 4346 peccat,
2780 4279 2901 4347 quia
2927 4279 3011 4332 lex
3046 4280 3097 4333 in
3119 4296 3182 4333 eo
3208 4296 3308 4334 non
3335 4291 3437 4344 est,

269 4388 334 4429 θο
380 4377 681 4442 sumpse,“
709 4375 850 4441 quod
894 4375 1154 4443 scriptum
1191 4386 1272 4428 es;
1299 4375 1376 4426 ιιι
1414 4392 1434 4425 ι
1463 4373 1574 4427 Non
1607 4382 1689 4429 εει
1722 4375 1810 4442 qui
1841 4372 1886 4426 D
1914 4377 2186 4434 peccaturo
2229 4367 2275 4419 ei
2311 4382 2412 4420 non
2461 4368 2752 4434 imputatur
2777 4367 2843 4420 “.
2890 4369 3020 4421 Cum
3071 4383 3198 4422 vero
3239 4369 3441 4422 discre-

269 4467 434 4519 faciat
471 4467 794 4528 bonitatem,
827 4480 930 4518 non
962 4473 1044 4518 est
1071 4479 1237 4532 usque
1263 4467 1327 4518 ad
1357 4480 1520 4517 unum
1550 4465 1688 4533 (ll);
1716 4483 1734 4515 ι
1761 4465 1812 4517 in

269 4569 376 4623 quo
411 4557 583 4608 etiam
619 4555 661 4606 si
685 4569 865 4608 sermo
896 4556 1133 4606 converti
1170 4554 1395 4617 videtur,
1425 4567 1609 4606 sensus
1641 4563 1813 4608 tamen

269 4661 410 4700 unus
441 4648 696 4713 idemque
730 4653 994 4697 servatur.
1035 4643 1184 4708 Quod
1218 4656 1343 4694 vero
1374 4642 1426 4694 in
1481 4657 1814 4710 consequen-

251 4735 418 4789 tibus
468 4736 706 4788 dicitur:
750 4751 768 4783 ι
807 4732 1120 4802 Sepulcrum
1167 4741 1353 4798 patens
1382 4742 1464 4785 est
1499 4743 1678 4801 guttur
1719 4747 1813 4788 eo-.

271 4841 414 4892 rutn,
449 4826 648 4893 linguis
679 4825 789 4876 suis
820 4826 1001 4877 dolose
1027 4824 1260 4891 agebant
1291 4822 1450 4885 ",iin
1491 4824 1673 4890 quinto
1703 4823 1814 4895 (12)

269 4917 481 4980 psalmo
514 4910 766 4983 reperies.
797 4914 922 4968 Post
947 4915 1043 4968 hoc
1071 4938 1082 4968 -.
1112 4931 1130 4964 ι
1162 4912 1427 4966 Venenum
1454 4913 1692 4980 aspidum
1716 4913 1813 4967 sub

343 5053 391 5085 ”
414 5053 576 5106 Rom.
613 5066 673 5112 ιι,
701 5049 783 5103 I7.
862 5049 904 5080 ⁸ο
931 5047 1054 5100 ibid.
1080 5047 1168 5100 21.
1250 5046 1292 5078 ³¹
1323 5045 1475 5098 Rom.
1502 5060 1582 5110 ιιι,
1612 5045 1664 5099 9.

277 5136 361 5186 ιιι,
395 5122 495 5182 Ιὸς
523 5105 672 5172 ΡειιΙῘ
695 5117 887 5188 ν,1ι.μ
923 5116 967 5188 ξ’
994 5116 1116 5169 ibid.
1143 5125 1196 5167 et
1216 5105 1590 5188 p‘sal._cx_xxtx',
1623 5115 1674 5188 ᾖ
1722 5114 1790 5188 ,³⁷

1910 5126 1979 5188 in.
2007 5125 2087 5188 tu.
2118 5109 2212 5170 l4;
2247 5106 2494 5188 Psal:_tx,
2531 5105 2617 5188 7.”
2656 5105 2978 5188 'fql‘OIEI..£lllil.

274 5162 545 5255 ϊξρῖῗὸἱιῖ
565 5162 658 5246 τί,
695 5162 788 5240 is:
805 5162 895 5217 "ﬂ
922 5162 1302 5255 estigiis
1312 5162 1691 5255 i'tsii}_1i'i._'7_'_.
1718 5181 1771 5235 8.

1916 5162 2243 5255 Psal.:xx2v.
2275 5175 2335 5237 2;
2371 5162 2525 5255 ιιίρὴ.
2563 5172 2752 5237 ιιι,ιι.
2825 5170 2866 5200 δι
2896 5171 3025 5224 una.
3063 5170 3116 5223 9.

1049 5251 1094 5284 “
1123 5241 1324 5320 Philip.
1340 5265 1420 5315 ιιι,
1455 5251 1509 5305 5.
1580 5252 1624 5282 ⁸⁸
1650 5251 1802 5302 ltum.
1835 5263 1925 5314 vn,
1951 5247 2005 5302 9.
2077 5246 2120 5276 “
2148 5245 2299 5297 Rom.
2324 5241 2487 5305 v.15.

275 5271 350 5324 tv,
380 5258 470 5312 l5.

352 5367 464 5438 (ID)
503 5367 634 5438 Ubi.
654 5367 709 5419 In
739 5365 894 5418 editis
919 5365 1199 5417 omittitur.

377 5429 465 5506 ll)
499 5436 686 5492 Editi.c
717 5449 817 5486 non
846 5443 928 5506 est
955 5447 1122 5500 usque
1149 5434 1211 5484 ad
1255 5446 1416 5484 unum
1448 5432 1537 5499 qui
1574 5429 1758 5484 faciat.
1794 5446 1812 5492 ι

377 5503 466 5568 12⁷)
496 5506 605 5564 ΑΙ..
646 5523 664 5555 ι
701 5503 949 5556 secundo.
979 5517 996 5548 ι

356 5566 469 5643 (15)
511 5574 669 5643 κιιίιι,
702 5589 726 5643 _c
761 5571 1124 5643 relinquamus
1151 5566 1358 5643 quidem
1391 5567 1491 5624 hoc
1514 5569 1741 5638 ipsum.»

356 5632 473 5712 (14)
505 5642 610 5706 ΛΙ.,
645 5632 663 5691 ι
692 5641 864 5693 ﬁrmat
897 5639 990 5703 (at.
1024 5632 1268 5701 alIirmat)
1292 5651 1416 5702 quo.
1449 5657 1465 5688 ι

550 5256 594 5288 ⁵³
623 5255 774 5309 Rom.
802 5270 896 5317 vn,
922 5253 974 5307 9.

1745 5044 1791 5076 "
1821 5043 1973 5096 Rom.
2006 5056 2094 5104 ιιι,
2126 5041 2214 5093 ll.

1920 4459 2114 4510 tionem
2153 4457 2273 4508 boni
2306 4457 2536 4524 malique
2568 4457 2856 4525 acceperit,
2893 4458 3102 4510 venisse
3145 4459 3193 4512 ei
3245 4459 3441 4511 dicitur

1917 4546 2027 4608 lex,
2065 4556 2117 4599 et
2144 4545 2352 4600 dedisse
2379 4547 2646 4598 mandata.
2685 4545 2782 4600 Ubi
2812 4554 2984 4599 autem
3014 4547 3152 4600 inest
3179 4546 3255 4599 vis
3293 4561 3441 4598 man-

1917 4636 2058 4695 dati,
2089 4635 2191 4688 hoc
2227 4644 2340 4698 est,
2388 4635 2716 4688 conscientia
2753 4639 3095 4703 redarguens.
3141 4645 3436 4702 peccatum,

1918 4727 2054 4792 quod
2105 4726 2251 4794 prius
2281 4727 2331 4777 iu
2359 4739 2423 4778 eo
2457 4736 2719 4780 mortuum
2756 4735 2891 4786 erat,
2934 4725 3130 4776 dicitur
3163 4726 3435 4779 revixisse,

1918 4815 1994 4867 Ex
2043 4815 2143 4868 hoc
2187 4829 2312 4882 ergo
2340 4811 2451 4880 jam
2501 4823 2736 4882 tempore
2764 4815 2806 4866 si
2839 4815 2956 4880 quis
3000 4813 3191 4865 subdat
3229 4827 3288 4864 se
3336 4814 3436 4877 legi

1917 4905 2105 4976 Moysi,
2124 4915 2185 4958 ιιι
2209 4919 2324 4957 eam
2348 4903 2632 4957 secundum
2664 4901 2892 4955 litteram
2921 4902 3184 4962 observet,
3216 4899 3436 4954 etIicitur

2287 5039 2334 5071 ⁸⁸
2375 5037 2502 5090 ibid.
2534 5035 2618 5088 10.
2693 5035 2740 5067 ³⁸
2766 5035 2902 5087 Psal.
2930 5049 3044 5092 xm,
3074 5032 3126 5084 2.
3207 5033 3248 5063 ³⁵
3281 5032 3436 5088 Rom.

2656 5103 2699 5133 ³⁸
2723 5103 2878 5155 Rom.
2913 5117 2992 5163 ιιι,
3042 5101 3137 5164 15ς
3176 5101 3290 5152 Isai.
3325 5115 3438 5164 LIX,

2668 5172 2752 5219 Π.
2825 5170 2866 5200 δι
2896 5171 3025 5219 ibi'd.
3063 5170 3116 5219 9.
3206 5169 3248 5198 ¹⁵¹
3280 5167 3436 5219 Rom.

3327 5187 3436 5222 οιιι.

1990 5359 2097 5429 (15‘,
2129 5359 2216 5410 Sic
2246 5369 2372 5429 mss.
2407 5353 2514 5406 fere
2543 5365 2746 5429 omnes.
2781 5349 3152 5429 Qttidam_vero
3182 5364 3300 5429 cum
3324 5350 3439 5402 edi-

1924 5417 2010 5490 tis,
2040 5447 2056 5476 ι
2082 5423 2531 5478 circumcisionem
2566 5420 2742 5484 accepi
2763 5419 2954 5490 octavi
2993 5417 3118 5482 diei,
3152 5435 3170 5468 ι
3196 5428 3296 5470 etc.

1993 5487 2098 5564 (l6)
2126 5494 2234 5564 Die.
2266 5492 2420 5564 Deest
2454 5491 2503 5540 in
2534 5497 2684 5540 antea
2711 5487 2886 5539 editis.

1994 5557 2103 5633 (Π)
2134 5563 2236 5626 AL,
2268 5577 2285 5609 ι
2321 5557 2592 5624 inciperet.
2621 5571 2640 5604 ι
