3836 6214
398 286 455 339 δι
1373 335 1386 355 κ
1776 275 2091 334 ORIGENIS

3601 259 3703 312 ‘13!

366 397 417 448 in
454 395 733 449 manifesto
759 393 970 448 Judaeus
1000 393 1061 448 ⁸⁷.
1090 393 1144 448 Si
1175 407 1302 449 vero
1330 394 1621 448 secundum
1652 392 1886 462 spiritun

2041 390 2144 441 iam
2180 395 2231 441 tu
2261 386 2461 442 scelera
2488 384 2661 440 multa
2695 379 3068 442 committis,
3107 382 3177 430 et
3210 369 3368 426 talia
3421 378 3564 462 sunt
3591 385 3708 439 qua:

362 500 480 538 eam
505 490 775 550 sequatur,
805 481 1039 536 edicitur
1071 483 1122 535 in
1154 482 1369 536 occulto
1389 480 1621 537 Judmus.
1651 482 1774 537 llaec
1798 497 1896 550 pro

361 588 423 623 eo
440 572 575 639 quod
601 570 801 625 dictum
822 579 907 623 est
926 587 940 622 :
960 589 978 621 ι
1000 570 1216 624 Causati
1236 570 1376 623 enim
1409 586 1589 624 sumus
1610 569 1820 624 Judaaos
1844 579 1893 625 et

360 659 572 713 Graecos
601 674 784 713 omnes
819 661 918 713 sub
950 668 1170 728 peccato
1199 675 1317 714 esse
1338 660 1402 713 ⁸⁸.
1429 679 1448 712 ι
1485 659 1703 714 Scilicet
1741 678 1760 711 ι
1782 675 1898 714 om-

358 761 450 798 nes
482 764 500 795 ι
537 746 868 815 intelligatur
898 750 966 802 de
998 749 1104 803 illis
1133 749 1356 814 dictum,
1386 764 1520 819 quos
1553 748 1635 803 vel
1669 749 1893 802 naturali

355 835 436 888 vel
464 836 661 903 scripta
692 837 805 905 lege
829 853 893 890 ne
917 847 1139 906 peccent
1160 849 1369 893 constat
1398 841 1631 895 edoceri.
1682 838 1815 892 Nam
1843 851 1898 894 et

356 929 420 977 de
443 927 684 994 gentibus
709 929 807 982 sub
839 939 1058 997 peccato
1092 929 1245 984 lactis
1275 931 1459 984 eodem
1489 931 1647 984 modo
1694 931 1895 984 intelli-

355 1015 526 1081 gimus
557 1030 659 1083 quo
693 1032 855 1085 supra
884 1018 1146 1073 diximus:
1180 1035 1301 1074 cum
1329 1021 1593 1089 cmperint
1637 1021 1896 1075 naturali-

356 1114 438 1158 ter
461 1121 578 1174 qua:
608 1107 738 1177 legis
762 1119 884 1162 sunt
913 1109 1091 1165 facere
1111 1112 1177 1175 η,
1199 1122 1253 1164 et
1270 1112 1374 1181 ipsi
1398 1111 1496 1166 sibi
1518 1126 1634 1165 esse
1654 1111 1760 1175 lex,
1787 1120 1894 1164 tum

355 1191 752 1260 redarguuntur
796 1209 823 1246 a
861 1197 1185 1250 conscientia
1225 1199 1277 1251 in
1308 1199 1390 1252 his
1435 1214 1555 1266 qua:
1602 1211 1787 1253 contra
1823 1198 1897 1253 le-

355 1292 472 1345 gcm
507 1278 682 1333 facere
713 1282 978 1335 videntur.
1014 1283 1237 1354 Propter
1256 1288 1397 1354 quod
1428 1297 1478 1339 et
1503 1296 1898 1356 consequenter

355 1370 485 1423 mihi
519 1372 769 1425 videntur
798 1388 924 1427 vere
962 1377 1194 1431 sensisse
1227 1378 1303 1441 hi,
1345 1378 1434 1445 qui
1478 1378 1644 1446 legem
1692 1387 1897 1433 natura:

353 1456 521 1523 legem
556 1458 648 1511 Dei
672 1460 881 1525 dicunt,
914 1461 1081 1529 legem
1131 1474 1308 1518 autem
1363 1464 1529 1534 Moysi
1565 1466 1732 1535 legem
1762 1467 1896 1521 scri-

351 1554 496 1614 ptam
529 1550 798 1618 appellant
821 1551 955 1618 (18).
993 1551 1047 1606 Si
1079 1566 1207 1622 ergo
1232 1553 1428 1607 Paulus
1444 1555 1509 1608 de
1529 1554 1644 1624 lege
1670 1556 1896 1625 scripta,

356 1637 454 1691 hoc
481 1648 561 1691 est
594 1639 659 1692 de
698 1639 812 1709 lege
834 1639 1022 1710 Moysi,
1055 1641 1298 1696 diceret:
1339 1661 1358 1693 ι
1397 1642 1681 1698 Peccatum
1715 1655 1891 1699 autem

1995 478 2129 546 agis,
2158 487 2214 531 ut
2246 492 2432 532 omnes
2453 473 2927 545 supergrediaris
2962 472 3026 523 in
3066 461 3524 533 magnitudine
3575 476 3702 560 pec-

1993 576 2254 629 culorum,
2284 567 2347 619 ad
2377 564 2865 633 comparationem
2907 556 3246 614 scelerum
3303 563 3553 605 tuorum
3590 556 3703 616 jam

1995 654 2222 708 Sodoma
2254 654 2546 721 iustiﬁcata
2601 661 2712 706 est.
2774 650 2852 703 Et
2902 647 3009 700 hic
3073 657 3241 713 ergo
3313 640 3701 741 quod.dixit:

1998 763 2017 795 ε
2046 743 2158 797 Νοη
2186 743 2574 813 justificabitur
2606 741 2663 793 in
2695 747 3034 805 conspectu
3066 743 3182 787 tuo
3212 745 3432 785 omms
3453 744 3700 789 Vivens.»

1994 849 2095 887 non
2126 834 2227 886 hoc
2256 831 2443 886 sentiri
2468 830 2642 884 voluit
2673 828 2826 896 quod
2858 840 2986 880 non
3017 820 3501 892 justiﬁeabitur
3530 822 3705 873 omnis

1993 925 2196 989 vivens,
2225 920 2317 977 sed
2357 939 2376 971 ι
2415 922 2467 974 in
2495 928 2804 989 conSpectu
2842 927 2976 978 tuo,
3002 933 3027 966 ι
3072 913 3201 967 hoc
3240 920 3344 965 est
3434 910 3562 972 Dei,
3604 925 3701 963 non

1988 1011 2387 1080 jusmicabitur.
2422 1010 2801 1075 Quantumvis
2834 1006 3005 1061 enim
3055 1003 3212 1072 quis
3236 1001 3479 1069 justus,
3527 1017 3701 1070 quan-

1993 1103 2187 1156 tumvis
2208 1111 2428 1155 sanctus
2452 1101 2542 1163 sit,
2594 1114 2702 1152 non
2758 1097 2958 1152 solum
3025 1094 3212 1146 inter
3254 1092 3576 1156 homines,
3612 1092 3700 1145 sed

1992 1203 2044 1246 et
2079 1193 2131 1246 in
2160 1192 2408 1261 supernis
2435 1202 2602 1260 atque
2635 1188 3173 1244 eminentioribus
3235 1184 3573 1251 creaturis,
3634 1184 3698 1238 ad

1992 1283 2451 1349 comparationem
2482 1280 2579 1334 Dei
2616 1289 2841 1334 certum
2875 1288 2973 1332 est
3014 1292 3174 1332 eum
3218 1276 3559 1345 iustiﬁcari
3601 1290 3700 1328 non

1993 1386 2171 1438 posse.
2216 1371 2457 1438 Denique
2491 1380 2545 1423 et
2582 1370 2634 1422 in
2670 1368 3039 1439 Apocalypsi
3089 1365 3375 1420 Joannis
3397 1364 3480 1430 ",
3514 1366 3611 1420 ubi
3640 1365 3700 1420 Ιί-

1994 1464 2091 1516 her
2122 1463 2368 1528 signatus
2399 1459 2629 1513 offertur
2671 1460 2725 1513 in
2759 1469 3113 1526 conspectu
3174 1458 3415 1512 vetusti
3459 1456 3696 1518 dierum,

1992 1562 2044 1604 et
2083 1551 2339 1618 qmeritur
2363 1565 2428 1604 ex
2465 1551 2617 1603 omni
2659 1549 2844 1612 tribu,
2874 1549 3138 1618 lingua,
3182 1557 3252 1611 et
3293 1546 3561 1618 populis,
3610 1549 3695 1617 qui

1991 1656 2113 1694 enin
2140 1642 2305 1709 possit
2347 1640 2583 1708 aperire,
2623 1638 2822 1693 nullus
2876 1637 3203 1691 inventus
3242 1646 3344 1691 est
3381 1637 3502 1691 nisi
3553 1636 3695 1691 solus

352 1735 457 1779 nun
482 1726 796 1796 imputatur,
830 1745 951 1785 cum
982 1731 1067 1785 lex
1098 1747 1201 1786 non
1232 1733 1403 1796 est",
1439 1753 1457 1785 ι
1505 1734 1771 1789 videbitur
1794 1751 1892 1789 nec
1921 1719 1962 1773 Β
1990 1731 2174 1799 Agnus
2219 1733 2284 1784 de
2322 1730 2462 1784 tribu
2509 1728 2673 1791 Juda,
2712 1728 2814 1797 qui
2858 1728 3281 1797 justilicatus
3340 1737 3437 1783 est
3472 1727 3530 1783 in
3572 1743 3697 1783 coeo

353 1815 480 1868 Cain
515 1827 818 1884 reputatum
870 1835 987 1876 esse
1014 1831 1292 1890 peccatum
1336 1822 1474 1892 (19),
1508 1838 1606 1877 nec
1648 1824 1752 1877 illis
1800 1826 1890 1894 qui

355 1904 553 1959 diluvio
576 1907 868 1975 perierunt,
904 1925 1003 1964 nec
1033 1911 1138 1965 illis
1178 1927 1313 1980 quos
1363 1913 1416 1965 in
1464 1912 1710 1967 Sodomis
1757 1914 1895 1983 ignis

352 1996 669 2065 absumpsit.
720 1996 824 2051 Sed
871 2001 1122 2068 quoniam
1163 2002 1407 2056 videmus
1450 2001 1553 2056 illis
1581 2017 1683 2056 non
1724 2003 1892 2057 solum

354 2093 595 2151 reputata
618 2099 735 2140 esse
751 2097 988 2154 peccata,
1020 2089 1111 2142 sed
1142 2099 1194 2142 et
1223 2088 1478 2142 ultionem
1504 2090 1556 2142 in
1574 2103 1666 2144 eos
1688 2091 1891 2155 datam,

351 2174 653 2226 ostenditur
681 2190 745 2227 ex
776 2175 858 2229 his
888 2176 952 2229 de
982 2176 1205 2229 naturali
1254 2177 1369 2246 lege
1410 2176 1631 2231 Paulum
1689 2179 1890 2247 dicere,

351 2276 493 2328 qure,
518 2272 739 2331 excepta
766 2264 936 2331 prima
962 2274 1122 2319 aetate
1144 2267 1409 2334 pueritiae,
1435 2266 1488 2319 in
1516 2267 1762 2322 omnibus
1791 2270 1892 2323 lio-

351 2349 582 2404 minibus
610 2353 780 2405 inest:
813 2363 866 2406 et
892 2369 987 2421 per
1022 2355 1118 2408 hoc
1147 2356 1443 2410 rectissime
1473 2356 1600 2410 dicit
1629 2373 1643 2409 :
1692 2374 1712 2408 ι
1750 2357 1890 2414 Cau-

350 2440 452 2492 Sati
489 2440 629 2492 enim
658 2455 841 2492 sumus
874 2439 1085 2494 Judzros
1109 2453 1162 2494 et
1194 2442 1408 2497 Graecos
1436 2458 1622 2498 omnes
1650 2443 1748 2498 sub
1768 2458 1893 2513 peo-

352 2537 477 2579 cato
498 2542 636 2582 esse.
674 2547 692 2579 ι
730 2529 888 2599 506
920 2530 1069 2584 Unde
1110 2546 1216 2585 non
1257 2533 1385 2589 mihi
1424 2533 1633 2587 videtur
1670 2534 1889 2604 quidam

353 2614 466 2685 (20)
488 2632 550 2670 ex
584 2617 914 2686 sapientibus
940 2628 1125 2672 contra
1164 2621 1418 2675 rationem
1462 2621 1731 2686 deﬁnisse,
1753 2624 1891 2691 quod

351 2708 406 2762 in
435 2710 577 2763 omni
617 2710 920 2764 mortalium
955 2727 1167 2780 genere,
1215 2727 1335 2767 cum
1372 2714 1438 2766 ad
1485 2713 1536 2766 id
1565 2713 1739 2782 aetatis
1763 2727 1892 2767 ven-

352 2805 466 2851 tum
500 2796 660 2852 l'uerit
682 2797 769 2853 ubi
795 2800 1165 2854 discretionem
1197 2801 1323 2854 recti
1359 2801 1617 2869 pravique
1648 2801 1888 2870 ingressu

351 2888 614 2943 naturalis
642 2888 772 2958 legis
791 2890 911 2958 quis
945 2892 1199 2959 excipiat,
1237 2891 1411 2959 primo
1453 2890 1693 2944 omnium
1738 2889 1890 2943 mali-

352 2977 479 3029 tiam
503 2977 770 3042 suscitari,
799 2988 918 3045 post
946 2979 1058 3033 haec
1082 2979 1194 3047 jam
1225 2979 1636 3043 eruditionibus,
1675 2978 1889 3034 institu-

350 3066 441 3130 tis,
471 3066 686 3120 monitis
732 3067 989 3136 paulatim
1023 3082 1141 3122 eam
1177 3066 1387 3137 depelli,
1433 3075 1489 3122 et
1534 3068 1601 3122 ad
1630 3067 1884 3123 virtutem

353 3155 598 3209 transiri.
636 3154 881 3210 Consona
916 3170 1148 3225 namque
1188 3157 1273 3211 his
1301 3157 1463 3211 etiam
1503 3155 1705 3212 Paulus
1751 3158 1883 3213 mihi

348 3246 584 3300 sensisse
615 3245 828 3300 videtur
857 3246 909 3300 in
930 3261 994 3300 eo
1024 3247 1162 3314 quod
1189 3247 1356 3302 dicit:
1407 3265 1427 3299 ι
1466 3245 1572 3302 Sed
1610 3248 1698 3303 ubi
1739 3249 1886 3304 venit

349 3335 680 3401 mandatum,
710 3346 987 3405 peccatum
1014 3336 1230 3390 revixit.
1253 3355 1275 3390 ι
1297 3336 1401 3392 Sed
1425 3346 1480 3392 et
1507 3337 1884 3394 Salvatorcum

350 3421 479 3475 dicit
503 3423 556 3476 in
582 3422 913 3492 Evangeliis:
950 3440 970 3474 ι
1005 3422 1115 3478 Nisi
1145 3424 1432 3490 venissem,
1476 3434 1532 3479 et
1563 3424 1773 3481 locutus
1805 3427 1886 3482 eis

352 3510 592 3572 fuissem,
627 3523 906 3581 peccatum
932 3527 1035 3566 non
1067 3513 1369 3568 haberent:
1406 3528 1550 3569 nunc
1574 3522 1755 3569 autem
1785 3531 1883 3570 ex-

350 3600 678 3655 cusationem
708 3617 810 3655 non
840 3601 1038 3656 habent
1062 3603 1128 3656 de
1152 3611 1372 3672 peccato
1400 3617 1497 3657 suo
1516 3603 1584 3669 ",
1615 3623 1635 3657 ›
1677 3605 1886 3659 videbi-

350 3699 437 3741 tur
461 3691 754 3744 secundum
784 3692 920 3746 hanc
944 3692 1145 3746 dixisse
1189 3691 1470 3759 rationem,
1502 3694 1643 3762 quod
1692 3693 1884 3748 virtute

349 3795 411 3833 ea
441 3794 543 3848 qua
572 3781 775 3850 replere
811 3780 921 3854 (Si)
943 3782 1136 3836 dicitur
1153 3783 1431 3848 mundum,
1451 3782 1517 3836 ad
1540 3797 1886 3852 unumquem-

346 3886 450 3939 que
481 3871 746 3926 hominem
775 3874 973 3939 veniat,
1003 3884 1055 3926 et
1083 3873 1329 3942 loquatur
1358 3873 1410 3927 in
1447 3874 1607 3927 corde
1646 3873 1782 3942 ejus,
1819 3890 1883 3930 ac

348 3965 471 4016 boni
520 3964 749 4033 malique
781 3964 1040 4030 judicium
1092 3966 1304 4019 doceat.
1348 3964 1470 4018 Ideo
1511 3979 1641 4034 ergo
1683 3965 1882 4022 Paulus

347 4053 600 4122 scriptum
627 4066 745 4107 esse
760 4054 923 4108 dicit:
953 4072 971 4105 ι
996 4054 1129 4119 Quia
1147 4069 1251 4107 non
1273 4054 1542 4120 estiustus
1565 4055 1879 4123 quisquam;

350 4156 453 4192 non
481 4149 563 4193 est
599 4141 916 4211 intelligens,
951 4157 1052 4194 non
1092 4151 1175 4195 est
1220 4142 1495 4208 requirens
1527 4140 1727 4196 Deum:
1761 4157 1880 4197 om-

347 4245 442 4282 nes
458 4230 880 4295 declinaverunt,
907 4231 1063 4285 simul
1084 4230 1295 4285 inutiles
1320 4229 1444 4285 facti
1472 4231 1692 4296 sunt";
1717 4252 1737 4285 ι
1771 4235 1880 4288 sic-

347 4329 406 4371 ut
437 4328 491 4371 et
521 4316 647 4371 aiibi
678 4317 938 4387 Propheta
972 4321 1098 4374 dicit
1130 4338 1145 4373 :
1186 4338 1205 4371 ι
1232 4318 1366 4384 Quia
1416 4335 1519 4372 non
1561 4323 1878 4386 justilicabi-

350 4418 433 4461 tur
460 4409 512 4461 in
535 4418 821 4476 conspectu
856 4418 945 4463 tuo
966 4410 1141 4463 omnis
1170 4409 1355 4463 vivens
1380 4409 1477 4465 ³³.»
1511 4410 1662 4477 Quod
1691 4413 1879 4469 fortas-

346 4496 421 4548 sis
449 4495 771 4547 contrarium
803 4495 1049 4548 videatur
1084 4496 1201 4549 aliis
1241 4494 1553 4563 Scripturis,
1585 4514 1702 4567 qua:
1750 4515 1881 4552 non-

346 4584 505 4638 nullis
532 4583 891 4638 testimonium
920 4584 1197 4651 perhibent
1219 4586 1365 4654 quasi
1384 4584 1570 4653 justis;
1597 4588 1647 4640 in
1674 4598 1876 4643 tantum

345 4683 404 4728 ut
432 4675 594 4728 etiam
628 4673 692 4726 ad
739 4671 1034 4727 Jerusalem
1084 4673 1150 4728 de
1189 4674 1435 4729 Sodomis
1482 4674 1709 4742 dicatur,
1754 4678 1878 4745 quia

348 4783 367 4814 ι
396 4762 685 4830 iustiﬁcata
709 4762 791 4816 est
821 4761 1048 4815 Sodoma
1070 4775 1135 4815 ex
1170 4771 1219 4818 te
1245 4762 1309 4815 ’⁸.
1335 4779 1355 4813 ι
1406 4760 1511 4817 Sed
1555 4763 1763 4820 intuere
1798 4767 1880 4821 di-

342 4852 591 4922 ligentius
613 4851 878 4906 cautelam
908 4848 1202 4921 Scriptura:
1221 4852 1434 4913 divinae,
1474 4853 1738 4918 quomodo
1771 4870 1874 4910 non

2005 1831 2187 1889 Spectu
2220 1820 2311 1873 Dei
2350 1834 2365 1872 :
2412 1829 2468 1873 et
2521 1820 2637 1886 ipse
2675 1819 2832 1873 solus
2874 1818 3127 1875 librum
3173 1820 3418 1872 meruit
3460 1819 3695 1887 aperire,

1991 1912 2078 1979 qui
2125 1912 2271 1965 solus
2311 1911 2424 1979 ipse
2463 1918 2550 1964 est
2588 1926 2608 1959 ι
2642 1909 2738 1978 qui
2788 1910 3023 1978 aperit,
3080 1920 3155 1963 et.
3201 1924 3395 1965 nemo
3453 1909 3690 1977 claudit;

1990 1996 2190 2050 claudit
2220 2005 2274 2050 et
2320 2010 2481 2050 nemo
2538 1997 2722 2063 aperit
2755 1996 2829 2049 ⁸⁸.
2876 2015 2898 2046 ι
2943 1996 3155 2052 Solus
3221 2013 3383 2067 ergo
3441 1998 3691 2054 Salvator

1991 2097 2172 2141 noster
2213 2087 2474 2140 Dominus
2505 2084 2675 2140 Iesus
2708 2087 2999 2143 Christus
3030 2087 3441 2156 jnstiticalur
3474 2092 3530 2145 in
3562 2105 3691 2146 con-

1990 2184 2170 2243 spectu
2204 2174 2402 2239 Patris,
2434 2175 2561 2242 quia
2596 2191 2617 2225 ι
2652 2191 3051 2244 quacunque
3120 2179 3282 2233 facit
3338 2180 3541 2247 Pater,
3582 2181 3687 2234 hac

1990 2273 2043 2317 et
2077 2263 2245 2318 Filius
2282 2263 2413 2317 facit
2449 2264 2715 2319 similiter
2746 2267 2858 2319 ³⁷.»
2904 2267 3154 2323 Omnis
3195 2279 3410 2325 autem
3440 2280 3683 2325 creatura

1989 2369 2053 2410 ex
2075 2355 2468 2423 comparatione
2492 2355 2828 2408 inferiorum
2851 2357 3294 2425 justilicatur.
3327 2360 3408 2416 Ut
3436 2362 3509 2430 si,
3544 2361 3684 2416 verbi

1989 2458 2177 2506 causa,
2219 2442 2468 2497 dicamus
2504 2459 2520 2496 :
2551 2444 2620 2497 ad
2665 2447 3217 2513 comparationem
3258 2451 3481 2522 reliqui
3511 2451 3681 2522 populi

1984 2530 2129 2602 justa
2157 2531 2256 2586 fuit
2287 2531 2453 2585 Maria
2489 2547 2650 2588 soror
2677 2533 2906 2604 Moysi:
2941 2547 3015 2591 et
3053 2555 3324 2596 rursum
3358 2545 3434 2598 ad
3470 2559 3681 2609 compa-

1989 2621 2248 2674 rationem
2299 2620 2482 2676 Maria:
2511 2624 2697 2690 justus
2726 2636 2866 2679 erat
2914 2632 3151 2684 Aaron
3180 2646 3199 2683 :
3257 2640 3323 2686 et
3368 2633 3575 2686 iterum
3615 2631 3677 2686 ad

1988 2701 2442 2779 comparationem
2472 2712 2685 2776 Aaron,
2709 2710 2922 2780 justus
2965 2727 3118 2772 erat
3162 2718 3437 2791 Moyses.
3490 2721 3676 2777 Beatus

1991 2807 2165 2853 tamen
2197 2806 2277 2853 est
2307 2799 2396 2868 qui
2418 2812 2484 2853 ex
2510 2804 2968 2871 comparatione
3006 2809 3356 2867 meliorum
3380 2813 3567 2882 justus
3583 2829 3673 2880 ap-

1989 2887 2235 2954 pellatur,
2262 2894 2315 2940 et
2343 2901 2445 2940 non
2476 2902 2543 2942 ex
2573 2894 3043 2960 comparatione
3071 2900 3515 2971 pessimorum,
3541 2903 3671 2958 sicut

1990 2973 2245 3042 Sodoma,
2281 2990 2402 3044 quae
2436 2991 2504 3031 ex
2549 2984 3024 3050 comparatione
3082 2986 3442 3048 Jerusalem
3485 2991 3670 3061 justiti.

1990 3075 2109 3120 cata
2141 3076 2488 3122 memoratur.
2535 3068 2694 3124 Unde
2740 3081 2804 3126 et
2835 3088 2968 3144 ego
3016 3092 3257 3136 vereor
3308 3098 3385 3138 ne
3413 3099 3484 3138 ex
3526 3083 3667 3141 nobis

1988 3157 2078 3226 qui
2114 3157 2357 3211 videmur
2385 3172 2508 3213 esse
2546 3159 2601 3213 in
2632 3159 2912 3218 Ecclesia
2954 3164 3083 3224 Dei
3121 3182 3192 3227 et
3240 3172 3361 3246 legi
3396 3176 3520 3247 ejus
3544 3189 3666 3248 ope-

1990 3262 2102 3300 ram
2152 3249 2298 3310 dare,
2348 3261 2412 3301 ac
2442 3252 2733 3320 praeceptis
2764 3260 3181 3327 evangelicis
3227 3266 3547 3331 deservire.
3593 3271 3669 3325 ie-

1987 3335 2271 3390 veniantur
2320 3335 2484 3406 aliqui
2541 3338 2869 3397 inﬁdelium
2927 3346 3375 3413 iustificandi.
3427 3357 3502 3413 Ut
3532 3360 3666 3414 verbi

1988 3437 2150 3478 causa
2175 3423 2373 3487 dicam,
2415 3425 2458 3479 si
2516 3442 2617 3482 nos
2648 3428 2888 3486 libidini
2919 3445 2993 3490 et
3030 3439 3448 3511 impudicitia:
3469 3449 3666 3505 servia-

1988 3527 2127 3577 mus,
2152 3520 2207 3565 et
2232 3512 2448 3580 gentilis
2477 3515 2572 3584 qui
2597 3515 2816 3574 alienus
2840 3531 2947 3578 est
2981 3540 3023 3580 a
3066 3529 3195 3587 ﬁde
3214 3532 3471 3603 Christi,
3490 3545 3660 3591 custo-

1988 3611 2099 3665 diat
2128 3613 2455 3679 castitatem,
2492 3614 2584 3670 ille
2630 3629 2874 3685 gentilis
2904 3623 3320 3691 justiticatur
3374 3650 3444 3691 ex
3495 3636 3657 3693 nobis.

1988 3698 2253 3795 Similiter
2284 3710 2340 3795 et
2383 3703 2428 3756 si
2461 3717 2561 3759 nos
2591 3706 2874 3795 avaritia,
2935 3721 3345 3791 rapacitate,
3396 3725 3662 3795 superbia,

1986 3797 2039 3843 et
2068 3790 2281 3881 caeteris
2310 3791 2622 3860 huiusmodi
2655 3797 2831 3853 malis
2886 3790 3346 3881 involvantur,
3404 3790 3665 3871 abstineat

1986 3887 2160 3975 autem
2199 3877 2382 3975 ab
2411 3882 2671 3975 omnibus
2704 3889 2989 3960 gentilis,
3040 3880 3110 3954 et
3146 3901 3213 3955 hi
3244 3877 3350 3973 qui
3375 3902 3549 3975 legem
3574 3902 3664 3957 Dei

1985 3968 2258 4035 nesciunt,
2287 3970 2365 4023 illi
2398 3972 2874 4039 justilicabuntur
2906 3997 2991 4040 ex
3025 3992 3247 4060 nobis,
3263 3968 3341 4051 et
3380 3968 3485 4051 nos
3512 4012 3576 4051 ex
3601 3993 3662 4049 il-

1985 4057 2156 4156 lorum
2189 4061 3101 4156 comparationedamnabimur.
3128 4057 3301 4151 Quin
3337 4088 3527 4156 potius
3546 4102 3665 4155 οριι.

1986 4162 2106 4245 ram-
2125 4147 2329 4212 demus,
2367 4158 2426 4202 ut
2470 4150 2614 4205 sicut
2666 4153 2776 4209 [ide
2813 4147 3262 4228 praecedimus
3317 4147 3547 4245 gentes,
3582 4147 3661 4226 Uita

1984 4235 2192 4289 actibus
2222 4244 2280 4290 et
2315 4238 2573 4306 operibus
2622 4245 3084 4323 przecellamus,
3149 4276 3234 4316 ne
3287 4235 3443 4317 ιιῖειιει
3489 4235 3664 4318 nostra

1989 4323 2120 4377 [iant
2148 4322 2510 4415 alienaibona,
2543 4336 2599 4381 et
2645 4329 2886 4389 illorum
2952 4322 3387 4415 temperantia
3425 4362 3663 4409 nostram

1984 4412 2274 4482 redarguat
2324 4414 2844 4485 intemperantiam.
2899 4412 3135 4490 Potest
3203 4441 3409 4496 adhuc
3464 4451 3522 4497 et
3566 4442 3667 4496 alio

1981 4502 2137 4555 modo
2167 4504 2453 4602 explanari
2483 4508 2630 4602 quod
2660 4510 2856 4569 dixit:
2901 4536 2925 4569 ι
2966 4520 3116 4579 Non
3156 4540 3256 4584 est
3282 4531 3488 4600 justus
3522 4533 3667 4602 qui?

1977 4607 2136 4661 quam
2165 4593 2246 4661 '3;
2287 4612 2306 4646 ι
2362 4596 2448 4650 vel
2487 4599 2632 4666 quod
2670 4602 2796 4658 ait:
2859 4624 2882 4658 ε
2923 4608 3064 4668 Non
3114 4593 3563 4686 justiiicabitur
3613 4624 3665 4676 ia

1977 4694 2268 4785 conspectu
2303 4696 2396 4742 tuo
2422 4690 2604 4744 omnis
2636 4692 2845 4753 vivens
2866 4699 2923 4731 ⁸⁸
2946 4719 2968 4764 ;
3016 4724 3043 4759 ι
3116 4713 3275 4780 quia
3304 4716 3513 4783 fdonec
3545 4713 3666 4785 quis

1978 4773 2111 4874 vivit
2133 4775 2194 4874 in
2224 4791 2476 4874 corpore,
2501 4777 2808 4850 justiﬁCari
2844 4803 2970 4846 non
3012 4773 3237 4866 potest
3272 4773 3386 4861 nec
3422 4773 3667 4874 mon-IIII?

1983 4863 2103 4961 tiari
2126 4863 2329 4934 justus,
2353 4868 2448 4961 sed
2484 4884 2610 4924 cum
2642 4877 2856 4934 exierit
2886 4883 2962 4938 de
2994 4863 3303 4961 corpore,
3342 4904 3405 4949 et
3423 4863 3504 4951 de
3543 4896 3666 4949 vita

346 4943 515 5055 dixit
540 4959 559 4993 ι
588 4939 885 5055 ιιιιειίίὶξέια
908 4940 1241 5055 estnSodoma
1261 4957 1323 5055 ;:
1355 4940 1542 5055 sed?
1563 4940 1673 5011 (23)
1700 4961 1713 4997 :
1741 4943 1882 5055 Quo-
1985 4951 2142 5019 hujus
2172 4966 2344 5025 agene
2376 4957 2727 5031 discesserit,
2775 4969 2940 5027 sicut

412 5034 455 5066 ⁸⁷
479 5035 631 5087 Rom.
664 5050 721 5097 ιι,
750 5035 837 5089 28.
912 5035 960 5067 ⁸⁸
987 5033 1142 5090 Rom.
1176 5050 1259 5098 ut,
1287 5035 1341 5090 9.
1413 5034 1457 5067 δ’
1480 5033 1635 5088 Rom.
1664 5052 1726 5101 ιι,
1762 5040 1846 5094 ll.

415 5104 484 5147 al-
519 5118 635 5147 nn-
668 5104 787 5147 L3-
869 5104 915 5141 1³
944 5103 1085 5147 Psal-
1141 5118 1295 5147 an-”
1339 5102 1393 5147 εἰ-
1467 5102 1513 5136 ³⁸
1542 5102 1733 5147 Ezm-IL
1769 5123 1857 5147 νισι

2167 5050 2648 5147 ξιίξᾷη⁸¹⁸ιοδρὶ
2678 5075 2783 5147 xv.
2805 5063 2911 5121 22.
2995 5071 3061 5147 ’ξ

344 5101 484 5175 Psal.
519 5118 636 5161 xm.
668 5104 787 5175 ιτδ.
869 5104 915 5175 ff
944 5103 1085 5175 Psal.
1141 5102 1393 5175 σιμιλε.
1467 5102 1513 5136 ³⁸
1540 5102 1737 5162 Ezech.
1769 5123 1883 5175 va,

343 5168 389 5199 "
419 5170 574 5222 Rom.
599 5187 678 5234 ιιι,
714 5172 800 5224 l0.
872 5171 918 5203 ”
948 5172 1089 5226 Psal.
1112 5187 1274 5236 cxut,
1299 5172 1354 5227 Ξ.

411 5257 521 5340 (l3)
547 5256 637 5340 _Sit_:
660 5271 802 5340 recte
830 5276 928 5340 ins.
954 5277 1111 5317 unus.
1136 5262 1271 5317 Editi
1295 5276 1422 5340 vero
1452 5271 1508 5317 et
1526 5258 1715 5340 caeteri.
1726 5272 1862 5340 ipss.

346 5328 513 5401 nostri
550 5328 764 5401 habent,
818 5329 1032 5401 (legem
1074 5342 1253 5401 autem
1304 5334 1556 5401 scriptam
1602 5328 1866 5401 positione

349 5388 767 5467 (υ¹,ο,.ρρελιῇυι)ίε.
805 5396 878 5447 (ιι.
906 5388 1155 5467 positam)
1185 5398 1352 5467 legem
1379 5388 1497 5454 esse
1526 5388 1813 5466 appellant.
1836 5414 1856 5447 ι

385 5455 524 5530 ,μ’β)
556 5459 712 5520 Editi,
748 5455 766 5511 ὁ
808 5455 1324 5530 ηοιῖἱιιιριιιειὶιειιῖιν,
1349 5482 1468 5521 cuin
1500 5455 1715 5521 lex'non
1755 5478 1872 5520 esse

350 5522 645 5587 videbatur,
680 5543 773 5580 nec
799 5530 930 5582 Cain
956 5522 1250 5597 rcimtatutn
1282 5522 1417 5590 esset
1448 5545 1722 5605 peccatum
1754 5546 1774 5584 ι

1914 5112 1999 5177 5i,
2030 5116 2116 5169 52.
2188 5118 2234 5150 ⁸³
2260 5126 2429 5190 Apoc.
2463 5137 2517 5179 v.
2593 5126 2645 5160 “
2670 5112 2985 5208 Apoc—Su,
3021 5141 3091 5198 7.

3180 5149 3234 5181 ⁸⁷
3266 5147 3450 5205 Joan.
3483 5167 3540 5216 ν,
3572 5154 3658 5207 19.

2037 5266 2348 5373 εὲἓξ.ριξιιε,
2374 5290 2394 5326 ι
2426 5276 2656 5339 videtur
2697 5290 3053 5363 quemdam;
3095 5317 3121 5353 ι
3167 5258 3285 5373 aL,
3332 5327 3357 5362 α
3397 5309 3659 5368 videntur

1968 5338 2208 5402 quidam.
2234 5358 2253 5390 ι

2185 5410 2348 5546 alii”:
2383 5417 2537 5551 gusti
2559 5421 2866 5556 ’νὶιῖιιὲιιὲθε
2899 5449 3031 5507 qua:
3067 5442 3343 5515 replere,
3381 5465 3406 5501 ι
3434 5462 3551 5508 etc.
