3836 6264
287 321 390 373 933

1231 310 1574 367 COMMENT.
1608 310 1674 364 IN
1712 309 1924 366 EPIST.
1963 309 2254 382 AD~ROM.
2285 310 2406 366 LIB.
2441 311 2528 366 111.

3350 309 3451 364 951

303 455 321 486 ι
355 435 427 487 Ne
464 427 860 487 heatifteaveris
923 429 1186 484 hominem
1232 437 1356 482 aute
1410 439 1655 493 mortem,
1704 429 1825 496 quia
1857 437 1903 492 Α
1932 429 2038 484 tilis
2082 444 2296 496 servus,
2317 431 2408 483 sed
2435 443 2618 484 servus
2651 429 2820 482 bonus
2852 431 2904 480 et
2945 422 3111 478 fidelis
3155 421 3448 476 vocabitur.

299 521 472 575 nescis
495 533 607 588 quce
629 522 788 567 erunt
817 517 942 584 ejus
977 518 1263 572 novissima
1291 518 1364 582 ‘°;
1395 535 1414 568 ›
1442 528 1495 571 et
1526 519 1711 571 iterum
1745 518 1826 571 di-

303 611 374 662 cit
410 607 747 661 Ecclesiastes
778 605 862 659 “z
903 626 922 658 ι
959 609 1018 661 Et
1045 607 1247 660 laudavi
1281 606 1521 660 homines
1552 606 1831 662 defunctos

301 700 390 764 qui
413 699 521 763 jam
552 696 736 748 mortui
773 705 939 760 sunt,-
963 697 1128 765 magis
1162 709 1320 764 quam
1359 695 1505 749 vivos
1527 696 1614 762 qui
1650 697 1829 750 adhuc

299 789 522 838 vivunt:
558 787 646 838 sed
672 783 858 839 melior
884 802 1045 854 super
1075 796 1327 854 utrosque
1351 785 1439 855 qui
1473 785 1700 838 nondum
1727 801 1826 839 na-

295 885 386 927 tus
423 884 528 927 est.
564 892 582 924 ι
622 871 794 926 Habes
820 876 993 928 adlmc
1022 884 1073 929 et
1103 873 1260 926 aliam
1294 873 1583 942 Scriptura:
1619 885 1832 928 senten-

298 965 428 1017 tiam
460 978 579 1031 qua:
612 962 763 1024 dicit,
794 964 916 1031 quia
950 963 1250 1031 quicunque
1276 964 1526 1017 minimus
1553 973 1634 1017 cst
1675 964 1726 1016 in
1752 979 1830 1018 re-

292 1068 400 1120 gno
437 1053 553 1116 Dei,
585 1053 754 1120 major
796 1054 863 1106 sit
887 1067 950 1106 eo
981 1054 1071 1120 qui
1128 1053 1179 1106 in
1237 1068 1456 1121 corpore
1486 1063 1585 1118 est,
1625 1055 1830 1108 etiamsi

291 1139 537 1194 Joannes
565 1139 651 1191 ille
677 1144 768 1201 sit,
814 1155 920 1207 quo
974 1140 1141 1207 major
1191 1141 1329 1194 inter
1365 1151 1518 1195 natos
1549 1143 1830 1194 mulierum

291 1245 401 1281 non
449 1229 552 1281 fuit
586 1229 662 1281 θ’.
716 1247 736 1279 ι
763 1228 876 1282 Νοη
908 1239 987 1282 est
1019 1247 1036 1279 ι
1071 1244 1197 1297 ergo
1234 1250 1252 1281 ι
1276 1229 1446 1296 justus
1472 1233 1767 1298 quisquam.
1805 1249 1824 1280 ι

288 1318 357 1370 Ει
391 1317 646 1370 addidit:
707 1334 726 1366 ι
764 1317 876 1369 Νοιι
922 1327 1002 1370 est
1052 1316 1351 1385 intelligens
1379 1317 1443 1369 ⁸³.
1478 1335 1496 1367 ι
1542 1317 1605 1369 Et
1648 1331 1828 1369 revera

287 1422 416 1459 cum
451 1405 742 1473 Apostolus
773 1405 886 1473 ipse
917 1421 981 1458 ex
1010 1416 1158 1474 parte
1184 1421 1240 1458 se
1273 1406 1412 1458 dit-at
1444 1420 1752 1471 agnoscere,
1777 1416 1830 1458 et

287 1511 357 1548 ex
396 1505 555 1563 parte
595 1495 887 1562 intelligere
919 1495 984 1558 “,
1015 1496 1129 1562 quis
1156 1495 1256 1547 erit
1293 1496 1380 1560 qui
1421 1495 1628 1546 dicatur
1667 1494 1822 1546 intel-

287 1585 474 1651 ligens
495 1585 518 1635 ?
543 1583 1024 1652 Quantumcunque
1055 1584 1194 1636 enim
1235 1584 1354 1650 quis
1405 1582 1740 1644 intellexerit,
1775 1582 1828 1634 in

287 1674 518 1742 speculo
537 1682 592 1726 et
622 1674 674 1726 in
717 1673 992 1741 aenigmate
1032 1671 1294 1725 videbitur
1317 1673 1606 1741 intelligere
1628 1673 1820 1740 “:quia

1928 517 1994 571 Et
2018 518 2204 572 iterum
2239 530 2556 585 prmceptum
2584 525 2684 580 est,
2709 527 2768 569 ut
2796 516 2848 569 hi
2877 515 2963 583 qui
2987 512 3328 581 Evangelium
3356 529 3451 565 au-

1929 607 2204 670 nuutiaut,
2236 607 2298 658 de
2319 605 2607 672 Evangelio
2636 605 2816 656 vivant
2837 603 2900 655 ⁷³.
2929 601 3119 653 Paulus
3155 611 3324 653 tamen
3370 602 3450 652 di-

1928 695 2020 757 cit,
2061 695 2181 762 quia
2214 712 2232 744 ι
2259 694 2401 747 nullo
2453 694 2642 746 borum
2695 707 2820 745 usus
2865 706 3017 758 sum;
3049 710 3067 740 ι
3099 698 3151 743 et
3199 690 3318 742 ideo
3348 706 3449 740 non

1928 784 2128 838 inutilis
2144 791 2258 837 erat
2276 797 2480 846 servus,
2501 783 2592 836 sed
2623 781 2793 834 ﬁdelis
2810 789 2860 832 et
2889 781 3133 847 prudens.
3169 798 3186 828 ι
3213 779 3407 832 Omnes
3425 795 3447 827 ι

1929 889 2054 941 ergo
2107 875 2564 937 (declinaverunt,
2607 873 2762 926 simul
2819 871 3033 924 inutiles
3085 869 3206 922 facti
3260 877 3444 924 sunt.»

1928 963 2126 1028 Quibus
2157 963 2352 1016 addidit
2379 982 2390 1016 :
2423 980 2442 1014 ι
2464 961 2576 1014 Non
2599 971 2680 1014 est
2703 961 2791 1028 qui
2822 960 2982 1014 faciat
3007 960 3313 1021 bonitatem,
3348 973 3450 1012 non

1925 1062 2006 1105 est
2030 1066 2197 1119 usque
2234 1053 2298 1103 ad
2351 1050 2596 1104 unum".
2625 1067 2645 1100 ι
2679 1047 2872 1102 Gravis
2922 1049 3204 1110 sententia,
3241 1057 3293 1099 et
3335 1061 3452 1114 qnze

1928 1140 2133 1196 difﬁcile
2166 1142 2332 1195 astrui
2365 1140 2549 1210 possit.
2599 1140 2876 1205 Quomodo
2922 1139 3061 1191 enim
3093 1138 3300 1190 videtur
3333 1135 3449 1189 fieri

1926 1243 2099 1297 posse,
2131 1229 2328 1282 nullum
2358 1228 2598 1290 omnino,
2630 1226 2829 1280 nullum
2865 1239 3030 1292 usque
3067 1225 3130 1277 ad
3156 1241 3338 1286 unum,
3369 1224 3451 1277 vel

1926 1319 1978 1372 in
2001 1317 2215 1380 Iudaeis,
2243 1317 2325 1371 vel
2356 1318 2409 1370 in
2437 1317 2637 1372 Graecis
2665 1315 2892 1369 inveniri
2923 1316 3156 1382 potuisse.
3184 1315 3270 1381 qui
3308 1314 3451 1367 face-

1929 1419 2010 1462 ret
2057 1407 2388 1461 bonitatem?
2414 1405 2624 1459 Siccine
2669 1404 2936 1458 credimus
2964 1401 3072 1472 (26)
3103 1404 3242 1471 quod
3278 1404 3452 1457 nullus

1943 1495 2099 1549 fuerit
2123 1495 2210 1562 qui
2233 1495 2310 1549 vel
2341 1495 2598 1562 hospitem
2628 1494 2909 1562 aliquando
2934 1495 3302 1562 receperit,ve|
3326 1509 3451 1547 esu-

1935 1583 2090 1636 rienti
2119 1597 2307 1651 panem
2335 1583 2558 1644 dederit,
2585 1583 2667 1636 vel
2703 1583 2898 1636 nudum
2943 1583 3153 1644 texerit,
3183 1584 3260 1636 vel
3296 1584 3451 1636 inno-

1928 1682 2131 1726 centem
2185 1673 2250 1725 de
2307 1671 2549 1726 manibus
2603 1674 2831 1740 potentis
2873 1673 3149 1740 eripuerit,
3208 1673 3288 1725 vel
3349 1673 3455 1728 tale

281 1772 414 1831 post
448 1762 836 1830 depositiouem
871 1760 1063 1813 terreni
1094 1762 1332 1827 corporis
1367 1760 1591 1814 refertur
1612 1761 1721 1830 (25)
1749 1763 1825 1814 fa-
1857 1759 1897 1812 Β
1926 1761 2120 1829 aliquid
2153 1761 2272 1815 boni
2321 1762 2497 1829 Operis
2524 1761 2734 1830 egerit?
2761 1761 2876 1814 Non
2921 1763 3050 1817 mihi
3097 1764 3304 1815 videtur
3342 1773 3448 1816 tam

285 1855 374 1906 cie
407 1854 480 1906 ad
521 1852 712 1904 faciem
748 1851 1042 1918 intelligere
1071 1868 1083 1903 :
1120 1865 1262 1903 nunc
1287 1865 1432 1912 vero,
1479 1862 1537 1902 ut
1570 1851 1645 1903 ait
1679 1850 1827 1904 Scri-

286 1951 451 2008 ptura
472 1941 518 1971 ⁶⁶
545 1958 560 1994 :
584 1959 601 1990 ι
623 1939 978 2006 Corruptibile
1008 1953 1198 2006 corpus
1228 1949 1476 2008 aggravat
1502 1941 1749 2005 animam,
1777 1951 1830 1993 et

287 2029 564 2096 demergit
598 2038 808 2082 terrena
845 2028 1100 2080 habitatio
1129 2042 1344 2080 sensum
1384 2030 1548 2081 multa
1593 2031 1846 2098 cogitati--

287 2124 423 2171 tem.
452 2136 471 2168 ›
531 2116 679 2170 Unde
723 2117 779 2169 fit
823 2125 877 2169 ut
915 2132 1019 2171 non
1063 2117 1132 2169 sit
1195 2136 1214 2168 ‹
1269 2117 1563 2184 intelligens
1615 2135 1633 2168 ι
1685 2120 1828 2185 quis,

284 2221 390 2259 nec
426 2225 446 2256 ι
486 2207 763 2272 requirens
788 2207 948 2258 Deum
972 2206 1036 2258 ⁸⁷.
1078 2225 1095 2257 ι
1138 2207 1264 2258 Dum
1295 2207 1434 2259 enim
1458 2210 1694 2274 corporis
1722 2210 1828 2262 sol-

286 2297 668 2350 licitudiuibus
707 2311 1053 2362 occupamur,
1114 2307 1166 2350 et
1215 2311 1332 2364 quae
1388 2297 1658 2352 hominum
1707 2310 1832 2353 sunt

285 2386 589 2454 quaerimus
616 2385 681 2450 ⁸⁸,
718 2386 876 2438 Deum
908 2399 1164 2452 quaerere,
1197 2387 1277 2438 vel
1307 2401 1423 2456 quae
1468 2389 1557 2443 Dei
1595 2398 1715 2442 sunt
1743 2404 1830 2445 co-

285 2476 472 2546 gitare
506 2489 612 2527 non
646 2489 948 2541 possumus.

346 2567 404 2619 3-
423 2565 650 2620 «Omnes
662 2565 1233 2629 declinaverunt,simul
1249 2566 1455 2620 inutiles
1468 2566 1589 2621 facti
1604 2568 1792 2622 sunt".
1807 2587 1826 2621 ι

287 2654 458 2724 507
490 2653 616 2705 Mihi
647 2653 853 2705 videtur
872 2654 1011 2720 quod
1042 2669 1143 2706 non
1171 2655 1364 2708 dicitur
1385 2654 1699 2722 declinasse,
1733 2658 1831 2711 nisi

281 2746 333 2800 is
387 2747 479 2812 qui
539 2745 826 2810 aliquando
855 2743 1014 2796 invia
1053 2752 1194 2798 recta
1219 2745 1385 2798 stetit.
1430 2740 1580 2798 Unde
1617 2757 1834 2814 apparet

286 2838 369 2904 pri
383 2849 530 2887 munt
561 2833 688 2887 illud
721 2840 924 2885 natura:
954 2832 1287 2887 rationabilis
1314 2847 1468 2901 opus,
1493 2835 1634 2903 quod
1667 2849 1695 2886 a
1725 2835 1831 2888 Deo

286 2925 499 2978 factum
530 2934 633 2984 est,
669 2921 835 2976 fuisse
867 2930 1087 2985 rectum,
1116 2931 1168 2976 et
1202 2927 1252 2976 ιιι
1276 2924 1359 2976 via
1393 2935 1536 2980 recta
1559 2927 1831 2984 Creatoris

288 3015 474 3082 ipsius
503 3026 728 3066 munere
772 3010 1108 3065 collocatum.
1137 3011 1238 3066 Sed
1265 3014 1388 3081 quia
1429 3014 1495 3067 ab
1520 3016 1620 3069 hac
1645 3017 1709 3070 ad
1746 3016 1833 3070 la:-

283 3118 416 3155 vam
442 3102 564 3173 (21)
585 3098 799 3170 peccati
834 3101 938 3154 iter
968 3101 1210 3166 detorsit,
1251 3104 1444 3157 merito
1469 3121 1608 3160 nunc
1637 3107 1831 3160 dicitur

284 3193 619 3254 declinasse,
665 3193 803 3243 sicut
847 3191 1089 3258 exemplo
1137 3201 1220 3244 est
1266 3191 1376 3263 (25)
1421 3195 1622 3261 primus
1677 3197 1832 3250 homo

284 3284 492 3339 Adam,
533 3283 625 3348 qui
659 3283 726 3334 de
758 3280 986 3348 paradisi
1018 3281 1100 3333 via
1145 3291 1288 3334 recta
1335 3283 1618 3337 malesuadi
1648 3283 1833 3340 fraude

286 3369 566 3436 serpentis
598 3368 662 3420 ad
694 3383 885 3431 pravas
911 3377 964 3421 et
1004 3376 1274 3424 tortuosas
1313 3371 1552 3426 mortalis
1582 3373 1700 3426 vitae
1749 3388 1832 3426 se-

287 3462 460 3514 mitas
490 3459 803 3512 declinavit.
837 3459 1240 3534 consequenter
1271 3477 1399 3529 ergo
1425 3477 1610 3517 omnes
1641 3465 1730 3531 qui
1765 3479 1830 3518 ex

288 3551 466 3617 Ipsius
492 3549 838 3602 successione
867 3551 917 3601 in
944 3550 1085 3603 hunc
1116 3552 1368 3604 mundum
1400 3555 1640 3616 veniunt,
1670 3555 1832 3607 decli-

288 3650 582 3704 naveruut,
631 3650 688 3694 et
738 3639 895 3692 simul
943 3653 1060 3692 cum
1116 3641 1228 3708 ipso
1278 3641 1489 3696 inutiles
1523 3641 1648 3695 facti
1687 3653 1830 3697 sunt.

287 3729 526 3797 Propter
559 3731 661 3783 hoc
689 3737 815 3796 puto
853 3739 906 3782 et
939 3728 1219 3781 Dominum
1271 3731 1326 3784 in
1375 3731 1672 3801 Evangeliis
1703 3733 1832 3786 dare

287 3821 642 3884 mandatum,
675 3828 731 3871 ut
753 3833 871 3872 cum
902 3818 1079 3870 omnia
1112 3829 1368 3886 praecepta
1402 3819 1704 3883 fecerimus,
1729 3835 1833 3874 me-

288 3911 614 3964 minerimus
640 3917 816 3961 tamen
849 3907 972 3976 quid
1004 3908 1189 3971 simus,
1219 3917 1272 3961 et
1315 3908 1553 3963 dicamus
1574 3926 1592 3962 :
1628 3927 1648 3962 c
1679 3909 1828 3963 Servi

287 3999 514 4053 inutiles
549 4010 771 4050 sumus:
802 3995 941 4063 quod
964 3995 1241 4048 debuimus
1272 3994 1463 4060 facere,
1490 3995 1824 4050 fecitnus’°.t

286 4088 476 4141 Donec
505 4085 650 4138 enim
691 4084 808 4150 quis
853 4084 951 4134 hoc
986 4081 1116 4135 facit
1145 4091 1348 4135 tantum
1391 4085 1528 4152 quod
1569 4085 1742 4149 debet,
1778 4085 1829 4137 id

283 4184 397 4237 est,
434 4188 498 4227 ea
523 4187 646 4240 qua!
676 4183 938 4240 praecepta
972 4181 1116 4235 sunt,
1152 4173 1355 4227 inutilis
1403 4187 1590 4227 servus
1630 4174 1826 4230 εει..ὃί

282 4272 478 4315 autem
513 4262 682 4313 addas
708 4259 904 4326 aliquid
944 4262 1255 4328 praeceptis,
1299 4272 1421 4314 tunc
1453 4276 1553 4315 non
1590 4260 1700 4328 jant
1744 4263 1828 4315 in-'

1927 1847 2288 1901 incredibilem
2345 1864 2642 1902 sermonem
2698 1849 2930 1903 voluisse
2983 1864 3224 1904 asserere
3257 1850 3454 1903 Paulus

1926 1937 2192 2000 apostolus
2221 1954 2234 1989 :
2264 1939 2356 1991 sed
2382 1939 2482 1991 hoc
2513 1939 2667 1992 modo
2696 1938 3093 2006 intelligendum
3121 1950 3278 2007 puto;
3312 1940 3453 2008 quod

1927 2035 2082 2092 neget
2113 2040 2430 2094 quemquam
2484 2025 2673 2080 fecisse
2716 2027 3029 2080 bonitatem.
3067 2027 3223 2082 Verbi
3258 2031 3448 2097 gratia,

1928 2114 2068 2166 velut
2096 2116 2138 2168 si
2163 2116 2284 2183 quis
2314 2115 2657 2168 fundamenta
2681 2115 2849 2183 jaciat
2870 2117 3145 2179 domus,et
3170 2133 3328 2170 unum
3359 2126 3449 2170 aut

1930 2203 2060 2256 duos
2094 2205 2320 2271 parietes
2348 2212 2605 2266 exstruat,
2643 2203 2840 2271 aliquid
2866 2204 3023 2256 etiam
3050 2206 3285 2258 materiae
3328 2220 3449 2259 con-

1927 2295 2121 2357 vehat,
2163 2296 2399 2363 nunquid
2445 2284 2664 2349 dicetur
2704 2295 2895 2350 fecisse
2936 2297 3171 2361 domutn,
3211 2301 3453 2366 quamvis

1927 2393 2174 2452 operatus
2226 2385 2467 2437 videatur
2512 2385 2563 2436 in
2602 2385 2792 2438 domo?
2823 2386 2926 2439 Sed
2976 2388 3063 2441 ille
3098 2387 3304 2441 dicetur
3352 2393 3445 2443 do-

1929 2489 2069 2526 mum
2103 2474 2312 2540 fecisse,
2349 2476 2440 2542 qui
2478 2476 2637 2530 totius
2666 2476 2871 2529 aedilicii
2901 2477 2966 2530 ad
3003 2477 3304 2546 perfectum
3339 2480 3451 2532 sin-

1927 2564 2045 2632 gula
2073 2579 2294 2632 quaeque
2343 2566 2576 2619 membra
2631 2565 2960 2633 perduxerit.
3008 2566 3087 2620 lta
3120 2569 3355 2621 arbitror
3397 2577 3452 2622 et

1928 2655 2014 2707 hic
2036 2655 2340 2722 Apostolum
2388 2655 2566 2709 dicere
2605 2657 2872 2710 neminem
2915 2655 3106 2710 fecisse
3138 2657 3450 2723 bonitatem,

1929 2745 2027 2798 hoc
2049 2755 2149 2810 est,
2177 2759 2206 2797 a
2241 2744 2384 2798 nullo
2415 2760 2531 2798 eam
2565 2746 2630 2799 ad
2667 2745 2958 2814 perfectum
2994 2756 3047 2800 et
3081 2747 3145 2800 ad
3187 2748 3451 2817 integrum

1929 2840 2361 2885 consummatam.
2397 2831 2451 2885 Si
2487 2841 2662 2886 autem
2713 2835 3047 2902 requiramus
3071 2835 3190 2902 quis
3231 2835 3299 2889 sit
3326 2851 3452 2889 vere

1927 2921 2116 2987 bonus,
2151 2930 2203 2975 et
2233 2921 2323 2988 qui
2375 2921 2666 2988 perfectam
2721 2922 2908 2976 fecerit
2966 2922 3275 2986 bonitatem,
3307 2923 3450 2975 illum

1930 3010 2257 3064 inveniemus
2286 3010 2453 3064 solum
2486 3011 2573 3079 qui
2612 3011 2737 3064 dicit
2765 3029 2778 3065 :
2816 3030 2836 3062 ι
2865 3012 2971 3080 Ego
2996 3027 3110 3066 smn
3143 3021 3324 3080 pastor
3358 3013 3452 3064 bo-

1930 3115 2100 3164 nus;t
2156 3109 2210 3153 et
2254 3100 2484 3153 iterum:
2537 3118 2556 3150 ι
2587 3099 2776 3154 Pastor
2807 3101 2974 3154 bonus
3019 3101 3247 3152 animam
3300 3115 3450 3152 suam

1928 3190 2076 3257 ponit
2103 3203 2196 3256 pro
2224 3189 2413 3243 ovibus
2455 3190 2565 3244 suis
2587 3190 2654 3243 ⁷⁵.
2677 3209 2695 3241 ι
2726 3189 2856 3243 Post
2899 3192 3011 3244 haec
3053 3193 3118 3243 de
3157 3193 3364 3258 quinto,
3396 3199 3455 3244 ut

1929 3295 2085 3346 supra
2135 3279 2383 3343 diximus,
2415 3279 2618 3347 psalmo
2663 3295 2875 3335 sumens
2925 3281 3057 3352 (27),
3091 3282 3258 3334 dicit:
3297 3299 3314 3330 ι
3350 3278 3449 3333 Se-

1930 3369 2162 3436 pulcrum
2213 3378 2404 3436 patens
2463 3376 2544 3421 est
2595 3378 2777 3434 guttur
2825 3383 3027 3422 eorum.
3062 3388 3081 3421 ι
3132 3369 3345 3423 Diversa
3398 3369 3450 3421 in

1929 3461 2033 3524 bis,
2070 3469 2127 3513 ut
2159 3461 2282 3514 mihi
2335 3463 2563 3525 videtur,
2593 3452 2809 3515 humani
2862 3461 3072 3529 generis
3117 3469 3332 3529 peccata
3361 3459 3453 3511 de-

1929 3546 2316 3602 scribit.0mne
2342 3551 2642 3616 sepulcrum
2675 3551 3058 3604 immunditiam
3095 3548 3326 3603 defuncti
3357 3564 3449 3600 ea-

1930 3637 2136 3691 daveris
2165 3640 2426 3707 contegit;
2456 3641 2594 3692 unde
2619 3650 2671 3693 et
2698 3639 2948 3692 Dominus
2977 3641 3182 3692 dicebat
3204 3641 3253 3692 iu
3280 3642 3454 3696 Evan-

1930 3727 2064 3794 gelio
2113 3729 2176 3781 de
2223 3727 2425 3782 Scribis
2455 3738 2506 3782 et
2534 3727 2834 3790 Pharisa'is,
2881 3728 3019 3794 quod
3051 3739 3232 3782 essent
3267 3731 3448 3797 sepul-

1929 3831 2016 3868 cra
2049 3815 2310 3882 dealbata,
2345 3834 2362 3867 ι
2391 3831 2507 3883 quae
2533 3815 2660 3868 foris
2691 3817 2901 3883 quidem
2932 3815 3172 3882 speciosa
3202 3817 3452 3870 videntur

1930 3905 2250 3968 hominibus,
2279 3905 2419 3959 intus
2440 3915 2616 3958 autem
2644 3906 2797 3973 plena
2830 3914 2956 3958 sunt
2992 3905 3132 3958 omni
3167 3905 3450 3959 immundi-

1929 3997 2000 4047 tia
2023 3996 2088 4049 "°.
2122 4015 2140 4046 ι
2193 3995 2410 4048 Videtur
2441 4005 2615 4049 autem
2662 3993 2861 4048 Paulus
2900 3995 3000 4047 hoc
3043 3994 3094 4046 in
3129 3994 3243 4048 loco
3284 3995 3451 4062 majus

1927 4084 2122 4151 aliquid
2155 4085 2204 4137 in
2238 4084 2374 4147 istis,
2405 4084 2467 4138 de
2497 4084 2691 4153 quibus
2717 4097 2891 4135 sermo
2917 4094 3016 4146 est,
3043 4084 3320 4137 ostendere
3348 4083 3452 4136 crio

1927 4173 2104 4238 minis,
2140 4188 2259 4225 cum
2287 4187 2376 4226 eos
2409 4172 2708 4240 sepulcrum
2742 4186 2846 4251 noon
2889 4181 3080 4225 tectum
3102 4186 3317 4236 ,1teque
3363 4186 3452 4223 ιοο

1926 4272 2181 4331 opertum,
2228 4264 2317 4316 sed
2354 4281 2372 4312 ι
2399 4271 2639 4330 ριιιθιιεξι
2673 4259 2922 4329 appellat.
2960 4261 3149 4314 Clausa
3181 4263 3318 4314 enim
3362 4275 3449 4313 se—

285 4353 445 4404 utilis
471 4365 663 4404 servus
692 4351 821 4413 eris,
845 4349 937 4401 sed
971 4351 1173 4401 dicetur
1201 4351 1264 4402 ad
1306 4360 1355 4404 te
1384 4367 1398 4403 :
1441 4369 1458 4401 ι
1489 4350 1649 4419 Euge,
1680 4365 1830 4405 serve
1859 4364 1903 4418 ι)
1931 4351 2108 4419 pulcra
2155 4340 2424 4416 dicuntur,
2449 4367 2581 4420 quos
2621 4349 3004 4419 aliquantulum
3042 4352 3209 4420 pudor
3241 4349 3451 4403 cohibet

285 4443 458 4502 bone,
491 4451 546 4492 et
598 4439 768 4491 fidelis
789 4439 853 4491 ⁷⁸.
884 4455 904 4487 ι
935 4437 1068 4502 Quid
1110 4450 1283 4491 autem
1311 4440 1380 4491 sit
1421 4444 1558 4507 quod
1603 4441 1832 4494 addatur

286 4530 602 4598 praeceptis,
635 4537 690 4579 et
719 4527 1143 4594 supra'debitnm
1192 4527 1302 4589 fiat,
1335 4527 1831 4594 Paulusvapostolus

284 4620 422 4671 dicit
449 4636 463 4670 :
501 4632 520 4666 ι
552 4617 628 4668 De
653 4616 944 4683 virginibus
964 4623 1138 4667 autem
1163 4625 1480 4682 praeceptum
1505 4615 1705 4669 Domini
1725 4632 1827 4670 non

287 4711 469 4764 habeo
492 4725 506 4761 :
531 4706 816 4760 consilium
841 4714 1016 4757 autem
1040 4706 1128 4767 do,
1149 4716 1397 4772 tanquam
1417 4705 1826 4758 misericordiam

285 4805 626 4852 consecutus
657 4808 685 4846 a
723 4795 946 4847 Domino
966 4794 1034 4848 ⁷³.
1059 4811 1078 4844 ι
1116 4792 1222 4846 lloc
1275 4807 1405 4859 opus
1435 4807 1594 4860 super
1627 4809 1829 4861 .praace-

286 4897 444 4957 ptum
479 4895 584 4940 est.
615 4885 714 4950 Qui
758 4897 886 4951 ergo
909 4883 1183 4950 completis
1245 4883 1523 4949 praeceptis
1565 4883 1828 4938 addiderit

287 4980 460 5033 etiam
494 4978 622 5042 hoc,
649 4985 705 5028 ut
735 4974 1089 5042 virginitatem
1121 4973 1404 5034 custodiat,
1439 4987 1541 5024 nou
1571 4972 1679 5040 jam
1712 4975 1828 5026 inu-

367 5114 414 5146 “
439 5112 605 5168 Eccli.
635 5126 716 5172 χι,
748 5109 836 5164 50.

286 5182 339 5216 ⁸⁸
377 5184 508 5250 Sap.
539 5180 773 5250 1X,”15.4
836 5178 879 5208 "
918 5176 1069 5250 Rom.
1101 5177 1301 5250 m_._l_l;

286 5267 425 5316 xxv,
454 5239 550 5304 Ξι.
610 5239 668 5280 7"
693 5248 710 5301 Ι
736 5248 854 5301 Cor.
885 5261 978 5306 vn,
1004 5245 1091 5300 25.
1163 5245 1206 5274 ⁷³
1231 5243 1250 5295 1
1273 5239 1391 5296 Cor.
1416 5256 1490 5302 ιχ,
1525 5242 1604 5305 14,
1643 5243 1730 5298 15.

365 5380 616 5452 (25)Α1’.,
652 5398 671 5431 ι
726 5376 1067 5440 revelabitur,
1108 5395 1128 5428 ι
1155 5375 1246 5439 aL,
1275 5392 1296 5426 ι
1334 5375 1638 5442 merehitur,
1691 5394 1708 5426 ι
1731 5376 1826 5443 aL,

291 5472 311 5502 4
353 5463 619 5505 revertetu
629 5466 671 5502 l'.
703 5466 722 5499 ι

365 5519 479 5590 (£4)
515 5518 621 5590 AL,
653 5534 674 5568 ι
709 5517 926 5590 Ιειξνιιιιιἶ
957 5530 975 5561 ι

367 5588 483 5657 (25)
518 5588 628 5650 AL,
667 5603 685 5636 ι
721 5588 1018 5647 exemptum
1046 5589 1142 5632 est.
1179 5595 1198 5630 ι

913 5109 954 5139 ⁶¹
985 5109 1156 5163 Eccle.
1187 5123 1256 5168 IV,
1280 5108 1334 5172 2,
1357 5107 1408 5162 5.
1480 5106 1523 5136 “
1561 5106 1745 5161 Matth.
1772 5126 1822 5162 ιιι

918 5176 1068 5229 Rom.
1101 5192 1183 5233 ιιι.
1219 5177 1301 5227 11.
1395 5173 1436 5204 θ’
1460 5170 1476 5224 Ι
1499 5173 1622 5226 Cor.
1648 5191 1741 5236 vtt,
1770 5179 1827 5229 5'2

919 5261 978 5300 ιι.
1004 5245 1091 5300 25.
1163 5239 1490 5300 “"160er,
1525 5242 1604 5300 id.
1643 5243 1730 5298 15.
1801 5247 1827 5275 ⁷η

1929 5151 1941 5162 .
2017 5112 2060 5144 ³³
2091 5113 2237 5164 Rom.
2261 5127 2337 5173 ιιι,
2370 5110 2452 5172 10,
2481 5111 2562 5164 11.
2637 5111 2716 5162 “l

1929 5183 1980 5234 5.
2073 5181 2114 5211 ⁶⁹
2144 5182 2293 5232 lt‘om.
2318 5194 2397 5238 ιιι,
2423 5180 2508 5232 1:2.
2615 5179 2660 5209 ⁷⁸
2688 5180 2716 5231 L

1928 5267 2023 5300 mn.
2052 5264 2132 5300 ιιι.
2165 5249 2250 5300 12.
2322 5247 2365 5277 ⁷⁸
2398 5245 2550 5300 Joan.
2579 5261 2632 5300 ι.
2661 5249 2716 5298 ll

1919 5267 2023 5302 om.
2052 5264 2132 5312 ιιι,
2165 5261 2250 5300 12.
2326 5261 2365 5277 ὐ
2398 5261 2550 5300 Joan.
2579 5261 2632 5310 χ,
2661 5261 2744 5298 ιι.

1930 4442 2101 4511 palam
2135 4441 2459 4508 delinquere,
2490 4449 2544 4495 et
2572 4442 2812 4510 proferre
2839 4444 2904 4495 ad
2939 4442 3200 4510 publicum
3229 4442 3450 4494 crimina

1927 4547 2042 4586 sua.
2071 4533 2259 4584 Patens
2283 4547 2404 4584 vero
2430 4533 2729 4600 sepulcrum
2755 4534 3002 4588 dicuntur
3028 4532 3079 4584 hi
3103 4533 3191 4599 qui
3224 4533 3450 4583 immuua

1929 4622 2085 4675 ditias
2139 4636 2260 4674 suas
2311 4629 2365 4674 et
2413 4622 2744 4690 impuritates
2799 4625 2848 4676 in
2903 4623 3184 4691 prepatulo
3213 4623 3448 4674 habent:

1929 4711 2119 4778 quibus
2146 4711 2427 4763 assiduitas
2453 4720 2506 4764 et
2527 4725 2656 4764 usus
2683 4712 2961 4771 scelerum,
2995 4711 3132 4775 quod
3157 4721 3237 4761 est
3264 4710 3313 4760 iu
3339 4724 3449 4759 tua.

1931 4799 1996 4853 lis
2023 4799 2283 4860 ultimum,
2315 4799 2474 4852 etiam
2499 4802 2899 4852 connni‘ssoruin
2928 4797 3299 4848 verecundiam
3335 4811 3447 4848 sus-

1934 4887 2052 4940 tulit
2083 4905 2096 4941 :
2135 4901 2192 4940 ιιι
2222 4887 2331 4954 jam
2365 4902 2465 4940 non
2497 4888 2740 4954 aperiant
2776 4901 2836 4940 os
2881 4874 3031 4938 suum
3053 4921 3067 4946 ,
3100 4893 3152 4935 et
3182 4881 3448 4948 proferant

1934 4979 2143 5031 verbum
2171 4977 2284 5042 Dei,
2319 4978 2537 5029 verbum
2563 4979 2732 5028 vivum
2759 4993 2774 5041 ;
2805 4975 2896 5029 sed
2919 4972 3028 5040 (28)
3063 4973 3304 5037 aperiant
3334 4982 3447 5035 gut-

2017 5112 2060 5144 ³³
2091 5113 2237 5164 Rom.
2261 5127 2337 5173 ιιι,
2370 5110 2562 5172 10,11.

2073 5181 2114 5211 ⁶⁹
2144 5182 2293 5232 lt‘om.
2318 5194 2397 5238 ιιι,
2423 5180 2508 5232 1:2.

2637 5111 2682 5141 “
2711 5110 2724 5162 I
2753 5112 2874 5163 (lor.
2905 5106 3090 5166 sunt).
3128 5104 3172 5136 "
3205 5104 3330 5154 ibid.
3366 5105 3451 5159 1‘2.

2615 5179 2660 5209 to
2689 5180 2704 5209 I
2855 5191 2958 5209 νυ..
3009 5175 3086 5209 ιιι
3186 5173 3226 5200 τι
3265 5171 3472 5209 ΜεδΙΙΙι’

2688 5180 2816 5231 Luc.
2855 5191 2982 5234 xvn,
3009 5175 3091 5224 111.
3186 5173 3226 5200 '“
3262 5171 3453 5227 Matth.

2695 5249 2744 5298 ’1.
2818 5247 2862 5276 ⁷⁸
2890 5242 3076 5293 Matth.
3107 5253 3267 5302 xxnt,
3296 5240 3391 5294 ‘27.

1999 5382 2112 5451 (26)
2147 5381 2253 5453 ᾼ1.,
2289 5397 2308 5430 ι
2342 5378 2396 5430 Si
2416 5379 2479 5453 in
2507 5381 2896 5453 eiscredimus.
2919 5396 2946 5453 _’_
2983 5442 2992 5453 _

2004 5447 2112 5518 (27)
2149 5451 2385 5501 Sumenti.
2416 5447 2572 5518 Deest
2594 5449 2643 5518 in
2684 5459 2833 5502 antea
2867 5447 3053 5518 eelitis.

2002 5507 2113 5588 (28)
2153 5519 2254 5582 AL,
2289 5533 2308 5568 ι
2335 5515 2548 5570 verbum
2589 5517 2675 5570 Dei
2717 5520 2925 5578 vivum;
2964 5507 3087 5563 sed.
3117 5523 3134 5556 ›
3167 5511 3277 5557 etc.
