3836 6218
368 283 470 339 935

369 483 583 542 diaboli,
618 495 718 532 non
744 477 807 528 dc
841 478 1022 533 corde,
1052 471 1144 524 sed
1173 470 1238 522 de
1282 467 1546 535 sepulcro.
1580 465 1636 519 Si
1683 466 1897 535 quando

369 589 495 641 ergo
520 567 713 623 videris
762 566 1030 620 hominem
1062 561 1263 616 lascivo
1296 574 1389 614 ore
1438 558 1702 627 impudica
1736 559 1897 611 verba

362 666 674 730 jactantem,
701 667 792 711 aut
833 654 1038 709 tumido
1074 661 1126 708 et
1158 652 1446 706 furibundo
1470 649 1818 704 contumelias
1845 655 1899 700 et

369 751 648 806 maledicta
691 745 1072 815 proferentem,
1107 757 1212 795 non
1243 740 1451 795 dubites
1479 741 1544 793 de
1574 739 1673 793 hoc
1700 738 1897 796 dicere,

370 844 488 908 quia
524 859 541 890 ι
599 835 899 905 sepulcrum
955 843 1141 902 patens
1171 842 1253 885 est
1294 838 1474 900 guttur
1505 847 1523 880 ο
1577 829 1710 897 ejus.
1768 847 1787 878 ε
1829 828 1900 881 De

368 928 686 983 abundantia
709 925 851 980 enim
875 923 1052 979 cordis
1076 937 1136 976 os
1162 920 1476 990 loquitur".
1511 937 1530 970 ι
1560 917 1637 971 Ad
1670 917 1783 971 hmc
1808 916 1902 970 ad-

367 1023 509 1075 ditur
537 1037 551 1072 :
587 1039 605 1070 ‹
655 1016 873 1085 Linguis
904 1014 1020 1068 suis
1051 1012 1233 1067 dolose
1265 1011 1513 1080 agebant.
1541 1027 1559 1060 ›
1602 1007 1763 1062 Dolus
1797 1016 1899 1071 est,

366 1129 486 1169 cum
519 1111 658 1164 aliud
690 1108 810 1178 quis
851 1107 1027 1177 lingua
1073 1103 1332 1174 loquitur,
1359 1109 1414 1156 et
1453 1099 1592 1155 aliud
1621 1099 1821 1152 volutat
1849 1099 1900 1152 in

367 1201 547 1255 corde.
588 1199 736 1266 Quod
777 1199 978 1252 crimen
1013 1194 1190 1249 nescio
1223 1193 1269 1248 si
1316 1191 1398 1247 vel
1441 1191 1614 1258 justos
1664 1201 1904 1257 quosque

368 1301 424 1344 et
451 1291 648 1343 eiectos
677 1287 942 1353 relinquat
971 1284 1267 1347 immunes;
1297 1282 1390 1336 sed
1426 1288 1555 1349 puto
1599 1278 1738 1348 quod
1769 1278 1903 1333 alius

369 1379 504 1448 plus,
535 1377 673 1431 alius
701 1388 878 1430 autem
911 1375 1108 1435 minus,
1138 1385 1292 1426 nemo
1319 1379 1492 1424 tamen
1517 1369 1586 1423 sit
1619 1370 1685 1423 ab
1709 1369 1810 1422 hoc
1834 1366 1902 1423 ad

368 1467 658 1538 perfectum
710 1480 896 1534 purus,
939 1463 1041 1517 nisi
1080 1461 1171 1515 ille
1216 1459 1360 1514 solus
1405 1459 1470 1513 de
1500 1472 1606 1527 quo
1647 1458 1903 1538 scriptum

368 1571 452 1611 eat
479 1576 492 1610 :
527 1575 545 1608 ι
574 1556 671 1622 Qui
705 1562 980 1623 peccatum
1013 1565 1116 1605 non
1161 1549 1309 1613 fecit,
1334 1562 1431 1602 nec
1456 1547 1608 1601 dolus
1653 1549 1905 1601 inventus

370 1657 450 1702 est
484 1648 536 1701 in
565 1662 659 1701 ore
688 1645 800 1716 ejus
824 1645 888 1697 ⁷⁸.
917 1663 935 1696 ι
983 1642 1114 1696 Nam
1137 1651 1192 1696 et
1221 1641 1265 1694 si
1297 1640 1602 1693 inveniatur
1626 1638 1745 1706 quis
1779 1636 1903 1691 dili-

371 1754 500 1808 gens
527 1747 582 1790 et
610 1749 822 1800 cautus,
872 1742 1046 1806 potest
1087 1733 1330 1788 fortassis
1375 1732 1426 1784 in
1468 1729 1804 1798 gravioribus
1848 1744 1906 1783 se

371 1827 661 1879 observare
692 1842 706 1878 :
741 1838 896 1892 quem
935 1833 1110 1876 autem
1157 1820 1417 1881 invenias,
1454 1819 1542 1888 qui
1583 1819 1635 1871 in
1677 1818 1791 1872 haec
1825 1818 1906 1872 vel

372 1930 481 1984 pra:
514 1914 855 1980 verecundia,
886 1913 967 1966 vel
994 1926 1100 1981 pra:
1131 1910 1451 1980 negligentia
1485 1923 1587 1961 non
1621 1907 1908 1962 incurrat?

374 2003 643 2058 Interdum
690 2013 746 2058 et
798 2018 892 2072 per
939 2002 1259 2056 oblivionem
1308 1999 1625 2052 omittuntur
1669 2012 1789 2067 qua:
1816 2013 1908 2051 cu-
1982 2045 1990 2053 .

375 2100 539 2153 randa
589 2095 822 2157 fuerant,
857 2102 910 2148 et
949 2107 1021 2146 ne
1067 2097 1324 2160 appareat
1361 2087 1538 2156 culpa,
1585 2095 1910 2141 excusantur

375 2190 526 2243 aliter
555 2201 713 2256 quam
747 2185 856 2255 (‘29)
886 2192 1033 2252 gesta
1057 2189 1202 2237 sunt.
1229 2178 1379 2234 Unde
1408 2187 1463 2231 et
1491 2177 1702 2243 Petrus,
1735 2178 1910 2232 sciens

376 2281 507 2334 istas
558 2291 676 2332 esse
721 2274 1061 2330 diversitates
1111 2269 1236 2334 doli,
1267 2268 1433 2338 508
1459 2267 1512 2320 in
1551 2267 1785 2337 Epistola
1816 2281 1912 2322 sua

375 2368 560 2422 scribit
609 2366 793 2420 dicens
825 2381 840 2418 :
878 2381 895 2414 ι
947 2363 1278 2430 Deponentes
1311 2373 1438 2428 ergo
1471 2371 1681 2411 omnem
1710 2357 1910 2424 dolum,

376 2471 431 2512 et
480 2457 891 2518 simulationem,
936 2463 990 2507 et
1031 2453 1310 2515 invidiam,
1343 2461 1397 2506 et
1448 2451 1909 2515 obtrectationem,

379 2548 528 2617 quasi
564 2547 720 2600 modo
767 2543 930 2612 geniti
982 2542 1232 2606 infantes,
1288 2541 1660 2604 rationabiles,
1697 2548 1752 2593 et
1797 2540 1914 2594 sine

381 2637 521 2696 dolo,
563 2635 646 2688 lac
685 2630 1074 2700 concupiscite,
1104 2637 1161 2684 ut
1185 2630 1236 2682 in
1276 2643 1342 2684 eo
1382 2628 1640 2683 crescatis
1676 2629 1730 2684 in
1767 2628 1912 2682 salu-

382 2733 488 2778 tem
506 2724 573 2776 ".
605 2743 626 2775 ο

451 2814 506 2868 4.
573 2831 591 2864 ι
619 2810 893 2866 Venenum
948 2810 1190 2879 aspidum
1242 2807 1342 2864 sub
1387 2807 1544 2863 labiis
1578 2821 1765 2862 eorum
1788 2805 1858 2860 ⁸⁸.
1889 2824 1909 2858 i

383 2901 590 2957 Morsus
643 2900 900 2968 serpentis
949 2913 1154 2954 veneno
1203 2911 1398 2966 corpus
1452 2894 1566 2968 (30)
1611 2895 1912 2951 interimit:

1796 253 2112 312 ORIGENIS

370 410 458 455 tur
487 409 660 457 suum,
689 402 740 445 ct
782 386 1054 458 proferant
1082 378 1644 443 'verbum'mortuum,
1675 375 1897 432 verbum
1929 380 1973 436 Α
2001 375 2125 434 cite,
2156 380 2210 426 et
2244 371 2404 424 nolite
2440 366 2776 422 maledicere
2802 378 2822 426 ;
2862 378 2886 414 ι
2929 366 2991 411 et
3035 351 3182 456 alibi
3211 350 3266 382 ⁸³

3573 224 3682 281 936

3373 367 3397 399 ι
3445 342 3536 399 Ne
3576 357 3686 413 qua

2002 463 2151 516 radix
2190 459 2558 515 amaritudinis
2604 467 2834 511 sursum
2884 446 3259 520 germinans
3299 436 3620 508 impediat.
3659 455 3678 487 ο

1997 552 2224 606 Additur
2245 553 2296 606 in
2314 545 2780 617 consequentibus
2801 542 2852 575 ⁸⁵
2883 561 2900 594 ;
2930 556 2950 588 ‹
2986 536 3252 590 Veloces
3271 531 3463 600 pedes
3486 543 3683 581 eorum

1999 641 2065 694 ad
2096 639 2470 694 effundendum
2501 635 2860 705 sanguinem.
2894 648 2917 680 ι
2959 625 3144 694 Quod
3205 632 3426 676 tamen
3461 619 3680 674 crimen

1999 746 2107 784 non
2139 730 2384 785 fortassis
2405 725 2655 798 pluribus
2688 721 2878 792 aptari
2907 731 3094 790 posse
3124 712 3450 768 videbitur
3488 723 3682 764 eorum

2000 823 2064 878 de
2097 823 2292 892 quibus
2331 821 2509 876 dixit:
2548 836 2568 870 ‹
2600 814 2836 873 Causati
2870 810 3041 868 enim
3089 819 3321 862 sumus
3353 801 3597 858 Iudaeos
3630 811 3687 857 et

2000 914 2212 969 Graecos
2243 927 2432 968 omnes
2466 910 2568 966 sub
2595 917 2830 979 peccato
2863 917 3004 959 esse
3031 899 3088 932 ⁸⁸
3117 917 3136 965 ;
3182 916 3208 950 ι
3261 896 3390 951 nisi
3427 895 3583 948 forte
3610 894 3684 949 ita

2002 1003 2382 1074 intelligamus,
2412 1001 2542 1070 quia
2574 1014 2682 1074 non
2716 994 3127 1066 corporaliter
3174 997 3424 1044 tantum
3455 985 3686 1054 sanguis

2001 1092 2292 1147 effunditur
2321 1105 2511 1146 eorum
2541 1100 2781 1156 quorum
2829 1096 3094 1150 corpora
3133 1076 3565 1136 trucidantur,
3593 1074 3682 1127 sed

2000 1193 2056 1238 et
2078 1184 2131 1238 hi
2161 1187 2252 1254 qui
2281 1180 2524 1252 quolibet
2551 1176 2819 1234 scandala
2843 1174 3122 1228 animam
3157 1184 3194 1224 a
3232 1169 3366 1224 Deo
3389 1172 3681 1236 separant,

2001 1275 2102 1329 viri
2134 1273 2456 1342 sanguinum
2503 1269 2895 1324 nominantur.
2952 1261 3140 1317 Sicut
3173 1261 3350 1316 enim
3391 1256 3681 1312 homicida

2003 1366 2201 1420 dicitur
2225 1364 2313 1418 ille
2335 1362 2424 1432 qui
2457 1375 2662 1430 corpus
2684 1357 2755 1411 ab
2788 1357 2992 1410 anima
3037 1360 3332 1421 separat,
3379 1362 3489 1418 per
3515 1362 3678 1418 quam

2003 1455 2344 1510 vivificatur:
2379 1454 2452 1506 ita
2503 1446 2675 1506 minito
2721 1449 2901 1503 etiam
2958 1447 3187 1500 verius
3244 1442 3354 1497 ille
3397 1439 3681 1494 homicida

2004 1545 2262 1598 dicendus
2291 1554 2394 1608 est,
2423 1541 2515 1609 qui
2549 1537 2799 1592 animam
2827 1552 2862 1591 a
2894 1549 3044 1588 vera
3084 1534 3226 1588 vita
3265 1539 3537 1601 separat,
3566 1544 3681 1599 qua:

2008 1634 2115 1704 (55)
2137 1641 2220 1688 est
2256 1633 2414 1686 Deus.
2455 1629 2634 1684 Pedes
2674 1636 2868 1680 autem
2909 1625 3033 1680 hoc
3065 1624 3130 1677 in
3187 1622 3330 1677 loco
3369 1620 3678 1675 illosintel-

2007 1723 2109 1792 lige
2143 1724 2209 1776 de
2259 1722 2452 1790 quibus
2485 1719 2622 1773 dicit
2665 1715 2961 1785 Propheta
3002 1732 3018 1768 :
3073 1731 3095 1762 ε
3130 1711 3259 1766 Mei
3298 1718 3500 1765 autem
3549 1722 3679 1778 pene

2007 1816 2134 1869 moti
2157 1822 2282 1867 sunt
2311 1812 2473 1882 pedes
2500 1810 2583 1872 ⁸⁶;
2615 1828 2635 1861 ι
2673 1809 2783 1862 hoc
2803 1815 2919 1874 est,
2947 1805 3300 1861 consilium
3325 1817 3447 1875 quo
3472 1802 3678 1870 agimus

2006 1906 2107 1960 iter
2138 1905 2276 1958 vitae.

2075 1996 2126 2050 5.
2154 1993 2543 2057 «ϐοηιτίιίο,ει
2565 1990 2870 2046 infelicitas
2895 1988 2958 2043 in
2998 1988 3125 2043 viis
3160 2001 3383 2042 eorum
3413 2003 3430 2042 :
3459 1994 3518 2038 et
3540 1983 3672 2036 viam

2007 2085 2153 2154 pacis
2189 2098 2292 2138 non
2332 2080 2799 2150 cognoverunt“.
2827 2097 2850 2130 ι
2893 2077 3377 2133 Contritionem
3412 2076 3508 2130 hic
3532 2073 3672 2137 dicit,

2010 2190 2113 2229 non
2144 2172 2285 2225 illam
2336 2185 2440 2240 qua
2496 2169 2724 2238 spiritus
2757 2168 3032 2237 peccatis
3076 2166 3537 2222 contribulatur
3580 2177 3671 2234 pro

2007 2264 2344 2334 poenitentia,
2367 2262 2508 2315 unde
2537 2260 2741 2314 dicitur
2791 2260 2849 2314 in
2897 2258 3189 2314 Psalmis
3213 2259 3267 2291 ⁸⁸
3303 2276 3322 2312 :
3364 2277 3386 2309 ι
3424 2257 3533 2312 Cor
3554 2271 3672 2311 con-

2012 2355 2192 2406 tritum
2225 2361 2280 2406 et
2320 2349 2668 2405 humiliatum
2720 2349 2875 2403 Deus
2913 2364 3050 2402 non
3088 2351 3399 2419 spernit:
3439 2368 3459 2401 ι
3490 2349 3581 2404 sed
3610 2347 3670 2402 il-

2010 2442 2113 2494 iam
2159 2440 2294 2494 dicit
2343 2441 2734 2495 contritionem
2791 2456 2911 2509 qua
2973 2453 3370 2511 peccatores
3431 2441 3669 2496 dicuntur

2009 2541 2290 2586 conterere
2313 2532 2502 2601 jngum
2536 2531 2751 2586 Domini
2805 2543 2867 2585 et
2901 2533 3238 2600 projicere
3291 2551 3327 2588 a
3375 2535 3666 2590 cervicibus

2011 2622 2122 2675 suis
2148 2620 2214 2674 ⁸³.
2248 2620 2509 2675 Similiter
2553 2631 2610 2674 et
2663 2639 2682 2671 ι
2721 2620 3100 2689 infelicitas,
3137 2642 3162 2676 ›
3208 2623 3332 2690 vel,
3372 2623 3520 2677 sicut
3550 2617 3665 2674 alibi

2013 2710 2227 2782 legitur,
2263 2727 2282 2760 ι
2306 2709 2524 2764 miseria
2549 2728 2568 2760 ι
2609 2709 2955 2778 accipienda
2996 2722 3133 2778 est,
3163 2729 3287 2782 qua
3339 2716 3509 2769 miser
3548 2709 3660 2766 εσθ-

2013 2810 2129 2875 ctus
2156 2810 2240 2855 est
2271 2801 2433 2854 homo
2455 2811 2509 2853 et
2544 2799 2757 2873 infelix,
2782 2803 2890 2872 qui
2921 2821 2943 2855 ι
2976 2801 3135 2859 eum
3177 2807 3238 2860 in
3270 2807 3490 2861 honore
3517 2811 3660 2866 essei-

2014 2907 2119 2947 non
2142 2889 2421 2953 intellexit,
2448 2909 2466 2942 ι
2502 2891 2599 2944 sed
2638 2909 2658 2942 ι
2683 2906 3090 2962 comparatus
3119 2906 3219 2951 est
3239 2895 3520 2965 iumentis
3545 2895 3656 2949 insi-

386 3006 597 3047 morsus
619 2989 769 3045 verbi
795 2987 1038 3042 venenati
1067 2986 1256 3040 fraude
1278 2986 1510 3039 animam
1537 2993 1712 3040 necat.
1739 2982 1917 3038 Potest
1942 3014 1985 3073 α
2015 2979 2305 3050 pientihus,
2332 2989 2387 3034 et
2415 2979 2611 3032 similis
2637 2981 2834 3056 factus
2870 2992 2977 3037 est
3005 2984 3111 3040 eis
3136 2987 3219 3040 9°.
3255 2986 3333 3041 Et
3354 2985 3502 3040 viam
3525 2982 3658 3055 pacis

385 3082 550 3138 accidi
588 3082 690 3136 hoc
727 3088 782 3134 et
813 3079 880 3133 de
919 3077 1003 3132 his
1037 3077 1129 3146 qui
1167 3076 1556 3132 calumniarum
1607 3075 1920 3131 commentis

384 3169 814 3227 circumveniunt
845 3169 1091 3223 homines
1121 3185 1134 3221 :
1171 3175 1348 3236 potest
1375 3175 1429 3221 et
1474 3167 1540 3221 de
1567 3166 1673 3232 his,
1709 3167 1799 3236 qui
1827 3181 1922 3236 per

388 3261 698 3315 hmreticam
727 3258 1024 3313 doctrinam
1058 3269 1262 3311 veneno
1281 3255 1474 3311 diaboli
1510 3256 1780 3322 infectam,
1806 3256 1924 3343 ani-

388 3366 506 3405 mas
560 3350 833 3419 decipiunt
875 3347 1220 3418 simplicium.
1260 3365 1279 3398 ι
1323 3346 1557 3413 Quorum
1597 3362 1658 3400 os
1701 3346 1920 3401 maledi-

390 3442 586 3503 ctione,
618 3447 672 3492 et
703 3437 1055 3491 amaritudine
1102 3436 1312 3503 plenum
1343 3435 1506 3494 est”.
1553 3454 1571 3487 ι
1608 3435 1683 3490 De
1719 3450 1923 3490 veneno

393 3530 604 3598 quidem
641 3526 879 3596 aspidum
911 3540 1015 3579 non
1060 3525 1194 3578 dixit
1219 3525 1375 3592 plena
1414 3540 1532 3580 esse
1556 3525 1717 3579 labia.
1743 3523 1798 3578 in
1832 3524 1924 3580 illo

393 3619 534 3672 enim
564 3617 692 3671 vitio
718 3615 895 3685 plures
931 3615 1173 3671 fortassis
1206 3615 1565 3679 inveniantur,
1604 3630 1710 3670 non
1745 3624 1923 3669 tamen

391 3709 572 3776 plures
595 3706 684 3774 qui
708 3706 880 3774 plene,
908 3713 963 3758 et
995 3704 1061 3758 ad
1099 3704 1364 3773 integrum
1389 3704 1582 3758 veneni
1613 3703 1756 3758 illius
1777 3702 1926 3758 virus

393 3803 614 3848 exerant
661 3793 793 3863 (5i).
842 3791 1211 3846 Maledictione
1263 3799 1441 3844 autem
1477 3798 1530 3846 et
1574 3790 1927 3845 amaritudine

395 3883 584 3952 repleri
604 3898 694 3948 os,
723 3883 874 3936 valde
900 3881 1182 3936 multorum
1206 3891 1310 3936 est.
1329 3879 1458 3947 Quis
1477 3881 1618 3936 enim
1645 3881 1719 3935 ita
1748 3895 1929 3936 emen-

396 3973 502 4028 dati
536 3973 648 4028 oris
677 3981 763 4026 est
805 3970 938 4042 (52),
969 3987 1128 4040 quem
1161 3986 1265 4026 non
1315 3971 1669 4026 maledicendi
1698 3984 1926 4025 consue-

396 4064 524 4118 tudo
546 4063 814 4128 sollicitet,
844 4077 948 4116 non
989 4061 1164 4116 dicam
1190 4061 1472 4115 adversum
1497 4073 1591 4114 eos
1637 4059 1726 4129 qui
1762 4059 1926 4114 male-

398 4155 628 4207 dictione
655 4153 796 4222 digni
830 4161 976 4216 sunt,
1005 4150 1096 4205 sed
1129 4150 1413 4204 adversum
1447 4163 1541 4204 eos
1571 4162 1707 4218 quos
1743 4148 1928 4203 Domi-

400 4257 498 4294 nus
519 4257 620 4292 non
657 4239 948 4302 maledixit,
983 4238 1034 4292 id
1077 4247 1180 4304 est,
1211 4237 1383 4304 justos
1407 4244 1462 4291 et
1502 4240 1812 4291 innocentes
1841 4237 1925 4290 vi-

2019 3083 2124 3124 non
2154 3079 2521 3138 cognoverunt
2540 3070 2611 3125 ’⁸.
2642 3087 2661 3120 ι
2692 3068 2810 3123 Pax
2841 3081 3070 3129 nostra
3109 3075 3400 3132 Christus
3428 3085 3527 3131 est.
3570 3071 3655 3128 Via

2017 3175 2145 3230 ergo
2188 3161 2358 3230 pacis,
2395 3161 2485 3214 via
2532 3157 2740 3213 Christi
2778 3169 2895 3214 est.
2934 3161 3074 3218 Sed
3130 3176 3199 3221 et
3256 3166 3309 3221 si
3345 3163 3656 3233 accipiamus

2019 3246 2159 3314 quod
2189 3256 2502 3315 peccatores
2528 3247 2657 3301 dum
2681 3246 2972 3303 vitiorum
3001 3251 3199 3310 bellis
3232 3268 3462 3324 semper
3482 3266 3656 3321 urgen-

2021 3346 2128 3400 tur,
2155 3337 2296 3390 viam
2349 3337 2502 3406 pacis
2534 3338 2818 3407 ignorant,
2849 3349 3036 3396 recte
3093 3343 3507 3416 intelligimus.
3537 3341 3656 3396 Dicit

2020 3427 2162 3480 enim
2190 3428 2452 3496 propheta
2477 3428 2546 3482 ad
2582 3428 2891 3484 Dominum
2927 3448 2949 3487 :
2992 3452 3018 3485 ι
3057 3433 3199 3490 Pax
3249 3436 3432 3491 multa
3460 3433 3654 3503 diligent

2022 3515 2166 3570 tibus
2202 3530 2396 3570 nomen
2433 3527 2609 3582 tuum,
2642 3527 2700 3572 et
2738 3533 2856 3573 non
2889 3532 2993 3576 est
3040 3524 3178 3581 illis
3207 3527 3534 3582 scandalum
3555 3524 3650 3576 θ’.»

2023 3600 2128 3656 Sed
2162 3609 2218 3655 et
2249 3601 2339 3658 ille
2363 3603 2594 3672 populus
2622 3605 2718 3674 qui
2743 3606 2816 3660 de
2847 3607 3145 3682 Egypto
3185 3618 3436 3671 eductus
3455 3622 3548 3681 eet,
3568 3625 3653 3684 per

2021 3690 2163 3744 viam
2201 3692 2350 3760 pacis
2397 3692 2647 3759 incessit,
2678 3702 2741 3750 ut
2791 3697 2868 3752 ad
2928 3708 3188 3759 verram
3232 3703 3655 3776 reprOmissiohit

2022 3780 2256 3848 veniret,
2289 3789 2345 3836 et
2368 3781 2639 3838 habitaret
2673 3783 2730 3838 in
2757 3783 3152 3862 Jerusalem,
3199 3811 3335 3867 quae
3364 3797 3660 3864 interpreta-

2025 3879 2112 3926 tur
2147 3873 2275 3926 visio
2325 3875 2496 3942 pacis,
2535 3875 2679 3929 sicut
2725 3885 2785 3930 et
2829 3878 3166 3952 Propheta
3198 3890 3354 3946 dicit
3377 3909 3395 3946 :
3431 3907 3451 3942 ‹
3479 3885 3658 3944 Factus

2023 3973 2109 4050 est
2134 3962 2185 4016 in
2211 3978 2342 4033 pace
2367 3963 2518 4020 locus
2549 3965 2693 4034 eius,
2711 3977 2766 4024 et
2791 3969 3289 4050 habitatioejus
3317 3983 3376 4037 in
3401 3979 3534 4036 Sion
3560 3976 3655 4035 “.t

2023 4049 2239 4143 Plenius
2275 4063 2453 4143 autem
2489 4055 2632 4118 viam
2661 4056 2820 4124 pacis
2868 4049 3313 4143 agnoscitiqui
3339 4071 3412 4128 ad
3440 4067 3659 4126 calcatis

2025 4137 2319 4218 Jerusalem
2347 4139 2721 4200 habitaculum
2754 4150 2976 4218 tendit,
3029 4168 3109 4214 ιιι
3151 4137 3249 4217 δέ
3262 4174 3520 4219 sanctam
3545 4158 3661 4216 civi-

2032 4238 2192 4284 tatem
2211 4230 2302 4284 Dei
2323 4232 2548 4289 viventis
2577 4238 2870 4296 ascendat.
2900 4243 3061 4304 Post
3085 4252 3223 4309 haec
3241 4257 3496 4310 additur:
3521 4271 3540 4305 ε
3559 4252 3660 4306 Non

401 4329 524 4380 ros?
549 4328 852 4393 Promptum
878 4328 978 4380 hoc
1012 4337 1064 4380 et
1084 4328 1318 4396 proclive
1348 4327 1532 4381 vitium
1560 4334 1642 4380 est
1663 4324 1922 4395 fragilita-
1951 4326 2004 4388 D
2027 4329 2117 4414 est
2145 4319 2302 4373 timor
2330 4321 2423 4376 Dei
2471 4335 2599 4379 ante
2645 4329 2847 4385 oculos
2884 4347 3125 4394 eorum
3165 4342 3244 4397 “.
3276 4363 3297 4396 ι
3340 4345 3401 4400 Si
3448 4344 3565 4414 quis
3595 4339 3660 4395 sit

402 4415 472 4466 tis
507 4415 749 4466 humanae
773 4429 896 4478 erga
925 4413 1192 4481 subjectos
1227 4415 1493 4484 prmcipue
1527 4422 1582 4468 et
1606 4412 1928 4468 inferiores:

402 4505 473 4558 ita
519 4512 574 4557 ut
595 4503 699 4571 jam
726 4503 1127 4572 appellationem
1173 4507 1312 4560 hanc
1364 4520 1466 4558 non
1503 4503 1931 4558 maledictionem

404 4602 609 4663 putent.
637 4592 703 4646 Et
731 4594 850 4646 ideo
879 4594 1096 4662 plenum
1124 4610 1242 4649 esse
1269 4610 1331 4648 os
1359 4609 1567 4658 eorum,
1599 4602 1653 4648 et
1679 4601 1929 4662 tanquam

403 4684 470 4737 de
521 4683 676 4751 pleno
722 4682 833 4735 oris
881 4682 1096 4736 vasculo
1145 4683 1508 4737 indesinenter
1547 4682 1744 4737 dicitur
1767 4681 1934 4736 ﬂuere

405 4773 728 4828 maledictio.
754 4771 890 4827 liuic
942 4782 1115 4826 tamen
1143 4782 1195 4826 et
1231 4774 1532 4827 amaritudo
1567 4773 1926 4842 conjungitur,

405 4866 526 4933 quia
557 4879 621 4918 ex
651 4864 935 4917 iracundiae
963 4862 1084 4918 felle
1117 4863 1464 4932 depromitur.
1481 4862 1581 4916 Per
1602 4863 1927 4914 iracundiam

407 4953 547 5004 enim
584 4967 649 5005 ac
679 4952 908 5005 furorem
951 4953 1013 5005 ad
1047 4953 1464 5007 malediCendum
1497 4952 1675 5020 lingua
1701 4951 1933 5016 compel-

410 5042 552 5095 'itur.
589 5042 652 5095 Et
701 5042 820 5095 ideo
851 5042 980 5094 dicit
1031 5043 1168 5096 idem
1219 5031 1500 5111 Apostolus
1524 5042 1569 5072 ⁸⁸
1601 5059 1614 5094 :
1657 5058 1676 5090 ι
1711 5039 1931 5092 Benedi-

552 5134 737 5188 Mattlt.
772 5149 869 5194 Ill,
911 5135 1001 5188 δι.
1094 5137 1141 5166 ’⁸
1168 5137 1184 5188 I
1213 5136 1357 5190 Pelr,
1387 5152 1447 5203 ιιν
1477 5135 1562 5189 22,

417 5267 610 5341 gerem.
641 5286 696 5328 II,
723 5271 823 5341 2|):
860 5286 910 5332 v,
937 5271 1006 5341 5._
1078 5276 1121 5308 ’°
1152 5273 1292 5328 Psal.
1327 5289 1511 5341 XLVIII,
1543 5274 1627 5338 l3,
1666 5271 1756 5325 21.

410 5333 456 5362 ἰ
482 5335 629 5386 Rom.
655 5353 732 5398 III,
762 5338 846 5389 i8.
915 5341 958 5370 "
983 5339 1122 5396 Psal.
1153 5357 1272 5406 xm,
1299 5341 1352 5395 5.

393 5453 402 5459 ε
482 5419 590 5490 (ἓθ)
626 5423 733 5490 AL,
767 5441 785 5472 ι
820 5441 956 5490 quae.
979 5448 997 5480 ι

486 5487 592 5566 ξενίῃ
624 5489 728 5566 At"
757 5508 774 5539 ι
801 5487 969 5544 Morsu
994 5499 1256 5566 serpentis
1279 5501 1808 5566 vcnenum’corpus,»
1825 5499 1932 5549 etc.

487 5554 595 5620 (5i)
633 5554 739 5621 AL,
773 5573 790 5605 ι
813 5554 1109 5619 exerceant.
1135 5585 1154 5616 ι

479 5135 522 5164 ’⁷
552 5134 737 5188 Matth.
772 5149 869 5194 xtl,
911 5135 1001 5188 δι.
1094 5137 1141 5166 ’⁸
1168 5137 1184 5188 l
1213 5136 1357 5190 Petr.
1387 5152 1447 5203 II,
1477 5135 1562 5189 22.
1666 5135 1710 5166 ⁷⁸
1760 5133 1890 5188 ihid.

409 5199 889 5290 ’.³,ἶίὲἓ¹“’,ῗί¹ἓ,.¹.⁵ῖ-
939 5203 989 5290 ..ἶδ
1021 5204 1277 5290 Βίὶῖτξὲηξ
1310 5205 1394 5290 Ψ·
1469 5206 1513 5236 ⁸⁵
1537 5203 1750 5290 ί.Ψάέῖ
1822 5201 1915 5290 ἶῖί

2189 5133 2235 5165 ⁸ο
2262 5134 2421 5190 Rom.
2448 5155 2535 5204 lli,
2566 5143 2660 5198 15.
2735 5148 2783 5180 ⁸¹
2821 5151 2961 5206 ibid.
3000 5160 3008 5189 λ

2189 5202 2328 5290 ",3.
2401 5207 2640 5290 213mb.
2667 5231 2753 5282 ιιι,
2784 5221 2879 5290 16,
2912 5204 3008 5279 l7.

1829 5271 1874 5303 ἰ
1915 5269 2069 5324 ltom.
2118 5286 2198 5337 ut,
2236 5272 2326 5327 17.
2407 5279 2455 5310 ⁸⁸
2479 5281 2629 5341 Psal.
2661 5269 3034 5361 similia-6'5:

2027 4408 2117 4476 qui
2148 4422 2359 4502 semper
2390 4412 2468 4502 de
2507 4411 2707 4470 timore
2762 4418 2865 4473 Dei
2902 4425 3176 4497 cogitet,
3206 4434 3349 4502 quid
3376 4435 3427 4489 ei
3464 4408 3662 4502 placeat

2032 4497 2290 4566 requirat,
2312 4499 2510 4567 quidve
2537 4503 3024 4575 dispiiceat,huic
3060 4497 3256 4578 timor
3287 4525 3386 4579 Dei
3550 4530 3662 4576 3MB

2030 4585 2468 4682 Sculos‘di-c-itur.
2505 4591 2613 4645 Sed
2667 4598 2893 4664 peritus
2949 4605 3154 4667 debet
3187 4629 3342 4682 esse,
3366 4624 3424 4671 et
3463 4629 3528 4668 ex
3560 4612 3661 4679 lege

2033 4673 2242 4729 Domini
2287 4676 2573 4747 diligenter
2612 4687 2876 4745 eruditus
2905 4693 2988 4760 θ’,
3031 4716 3116 4756 ne
3155 4673 3457 4761 forte'iliic
3493 4673 3662 4758 timeat

2034 4767 2244 4831 timore,
2271 4768 2364 4822 ubi
2395 4777 2750 4830 necessarius
2795 4795 2916 4836 non
2958 4789 3092 4843 erit
3151 4798 3354 4850 timor.
3391 4794 3663 4850 Ponendus

2033 4862 2118 4908 est
2160 4870 2288 4924 ergo
2329 4872 2546 4929 semper
2572 4862 2742 4920 timor
2781 4868 2886 4925 Dei
2922 4888 3073 4934 ante
3105 4884 3365 4940 oculos:
3406 4899 3510 4938 non
3542 4882 3662 4936 istos

2032 4946 2215 5002 oculos
2241 4949 2654 5045 carnis(neque
2687 4961 2839 5018 enim
2862 4964 3112 5026 visibile
3141 4975 3393 5045 aliquid,
3436 4986 3527 5031 aut
3550 4989 3661 5028 σοι’·

2032 5043 2590 5138 poreut‘n‘quaeritur),
2616 5051 2715 5104 sed
2747 5063 2883 5111 ante
2909 5061 3127 5118 oculos
3155 5043 3371 5123 mentis
3394 5069 3530 5138 (34);
3553 5065 3658 5135 qui.

2189 5133 2235 5224 ξ’
2262 5134 2535 5224 ἐξοπηλιιε.
2566 5143 2660 5198 15.
2735 5148 2961 5224 “ibid.
3000 5157 3099 5213 tt.
3189 5133 3661 5224 amusing“.

3092 5230 3147 5262 ⁸³
3182 5233 3338 5289 Psal.
3373 5251 3427 5297 L,
3467 5234 3550 5286 l9.
3621 5228 3660 5257 "

3139 5303 3194 5334 "
3224 5303 3382 5359 Psal.
3430 5313 3587 5363 uxv,
3610 5298 3655 5350 ὅ.

2257 5431 2431 5519 9:11,}
2464 5449 2871 5514 emendatioris
2897 5468 2987 5516 est
3015 5461 3171 5519 vitae.
3205 5484 3230 5518 ι

2112 5497 2227 5634 liii
2264 5499 2442 5634 illiti:
2481 5497 2712 5634 12355.1};

2093 5563 2227 5686 μή)
2264 5563 2442 5642 Alias,
2481 5563 2502 5636 .
2540 5563 2876 5656 seddicitur
2907 5601 2974 5658 de
3008 5601 3190 5660 oculis
3222 5606 3452 5662 mentis.
3486 5622 3505 5656 ι
