  <div class='ocr_page' id='page_1' title='image "/cluster/home/n/w/nwhite01/storage/ocr_20150623/14 (Origen; pt. 4)/nyp.33433081862280/480.png"; bbox 0 0 3836 6220; ppageno 0'>
   <div class='ocr_carea' id='block_1_1' title="bbox 258 293 3414 354">
    <p class='ocr_par' dir='ltr' id='par_1_1' title="bbox 258 293 3414 354">
     <span class='ocr_line' id='line_1_1' title="bbox 258 293 3414 354; baseline -0.003 0"><span class='ocrx_word' id='word_1_1' title='bbox 258 293 364 350; x_wconf 71' lang='grc'><strong>957</strong></span> <span class='ocrx_word' id='word_1_2' title='bbox 1199 299 1538 354; x_wconf 79' lang='lat' dir='ltr'><strong>COMMENT.</strong></span> <span class='ocrx_word' id='word_1_3' title='bbox 1573 300 1634 353; x_wconf 82' lang='lat' dir='ltr'><strong>lN</strong></span> <span class='ocrx_word' id='word_1_4' title='bbox 1675 297 1882 353; x_wconf 79' lang='lat' dir='ltr'><strong>EPIST.</strong></span> <span class='ocrx_word' id='word_1_5' title='bbox 1921 297 2008 350; x_wconf 83' lang='lat' dir='ltr'><strong>AD</strong></span> <span class='ocrx_word' id='word_1_6' title='bbox 2046 297 2207 352; x_wconf 80' lang='lat' dir='ltr'><strong>ROM.</strong></span> <span class='ocrx_word' id='word_1_7' title='bbox 2241 295 2486 350; x_wconf 63' lang='lat' dir='ltr'><strong>LIBJII.</strong></span> <span class='ocrx_word' id='word_1_8' title='bbox 3311 293 3414 347; x_wconf 79' lang='lat'><strong>938</strong></span> 
     </span>
    </p>
   </div>
   <div class='ocr_carea' id='block_1_2' title="bbox 259 407 3407 486">
    <p class='ocr_par' dir='ltr' id='par_1_2' title="bbox 259 407 3407 486">
     <span class='ocr_line' id='line_1_2' title="bbox 259 407 3407 486; baseline -0.001 -22"><span class='ocrx_word' id='word_1_9' title='bbox 259 413 369 464; x_wconf 82' lang='lat' dir='ltr'><strong>bus</strong></span> <span class='ocrx_word' id='word_1_10' title='bbox 399 408 608 462; x_wconf 89' lang='lat' dir='ltr'><strong>timoris</strong></span> <span class='ocrx_word' id='word_1_11' title='bbox 639 409 731 466; x_wconf 85' lang='lat' dir='ltr'><strong>Dei</strong></span> <span class='ocrx_word' id='word_1_12' title='bbox 769 422 822 467; x_wconf 91' lang='lat' dir='ltr'><strong>et</strong></span> <span class='ocrx_word' id='word_1_13' title='bbox 861 415 1157 468; x_wconf 89' lang='lat' dir='ltr'><strong>intellectus</strong></span> <span class='ocrx_word' id='word_1_14' title='bbox 1183 425 1237 469; x_wconf 89' lang='lat' dir='ltr'><strong>et</strong></span> <span class='ocrx_word' id='word_1_15' title='bbox 1278 417 1513 470; x_wconf 76' lang='lat' dir='ltr'><strong>doctrina</strong></span> <span class='ocrx_word' id='word_1_16' title='bbox 1543 418 1797 486; x_wconf 88' lang='lat' dir='ltr'><strong>perspici-</strong></span> <span class='ocrx_word' id='word_1_17' title='bbox 1826 421 1868 476; x_wconf 83' lang='lat' dir='ltr'><strong>A</strong></span> <span class='ocrx_word' id='word_1_18' title='bbox 1896 414 2061 486; x_wconf 75' lang='lat' dir='ltr'><strong>Moysi</strong></span> <span class='ocrx_word' id='word_1_19' title='bbox 2089 414 2398 483; x_wconf 87' lang='lat' dir='ltr'><strong>intelligere,</strong></span> <span class='ocrx_word' id='word_1_20' title='bbox 2429 427 2546 478; x_wconf 77' lang='lat' dir='ltr'><strong>qua:</strong></span> <span class='ocrx_word' id='word_1_21' title='bbox 2570 409 2674 462; x_wconf 86' lang='lat' dir='ltr'>illis</span> <span class='ocrx_word' id='word_1_22' title='bbox 2689 409 2806 463; x_wconf 86' lang='lat' dir='ltr'><strong>sine</strong></span> <span class='ocrx_word' id='word_1_23' title='bbox 2827 409 2988 464; x_wconf 89' lang='lat' dir='ltr'><strong>dubio</strong></span> <span class='ocrx_word' id='word_1_24' title='bbox 3008 407 3132 463; x_wconf 87' lang='lat' dir='ltr'><strong>solis</strong></span> <span class='ocrx_word' id='word_1_25' title='bbox 3154 407 3407 477; x_wconf 89' lang='lat' dir='ltr'><strong>loquitur,</strong></span> 
     </span>
    </p>
   </div>
   <div class='ocr_carea' id='block_1_3' title="bbox 257 499 3409 580">
    <p class='ocr_par' dir='ltr' id='par_1_3' title="bbox 257 499 3409 580">
     <span class='ocr_line' id='line_1_3' title="bbox 257 499 3409 580; baseline -0.001 -27"><span class='ocrx_word' id='word_1_26' title='bbox 257 511 379 567; x_wconf 84' lang='lat' dir='ltr'><strong>tur,</strong></span> <span class='ocrx_word' id='word_1_27' title='bbox 404 515 503 568; x_wconf 90' lang='lat' dir='ltr'><strong>per</strong></span> <span class='ocrx_word' id='word_1_28' title='bbox 532 516 718 568; x_wconf 85' lang='lat' dir='ltr'><strong>quam,</strong></span> <span class='ocrx_word' id='word_1_29' title='bbox 749 505 887 558; x_wconf 87' lang='lat' dir='ltr'><strong>sicut</strong></span> <span class='ocrx_word' id='word_1_30' title='bbox 919 507 1162 574; x_wconf 82' lang='lat' dir='ltr'><strong>superius</strong></span> <span class='ocrx_word' id='word_1_31' title='bbox 1184 508 1434 572; x_wconf 87' lang='lat' dir='ltr'><strong>diximus,</strong></span> <span class='ocrx_word' id='word_1_32' title='bbox 1477 510 1798 580; x_wconf 90' lang='lat' dir='ltr'><strong>intelligatur</strong></span> <span class='ocrx_word' id='word_1_33' title='bbox 1894 518 2028 574; x_wconf 88' lang='lat' dir='ltr'><strong>quos</strong></span> <span class='ocrx_word' id='word_1_34' title='bbox 2065 517 2128 557; x_wconf 85' lang='lat' dir='ltr'><strong>ex</strong></span> <span class='ocrx_word' id='word_1_35' title='bbox 2178 503 2366 556; x_wconf 86' lang='lat' dir='ltr'><strong>matris</strong></span> <span class='ocrx_word' id='word_1_36' title='bbox 2409 513 2561 553; x_wconf 89' lang='lat' dir='ltr'><strong>utero</strong></span> <span class='ocrx_word' id='word_1_37' title='bbox 2609 499 3001 553; x_wconf 85' lang='lat' dir='ltr'><strong>circumciderit</strong></span> <span class='ocrx_word' id='word_1_38' title='bbox 3051 507 3105 552; x_wconf 89' lang='lat' dir='ltr'><strong>et</strong></span> <span class='ocrx_word' id='word_1_39' title='bbox 3149 499 3409 562; x_wconf 81' lang='lat' dir='ltr'><strong>docuerit,</strong></span> 
     </span>
    </p>
   </div>
   <div class='ocr_carea' id='block_1_4' title="bbox 255 590 1779 668">
    <p class='ocr_par' dir='ltr' id='par_1_4' title="bbox 255 597 1772 668">
     <span class='ocr_line' id='line_1_4' title="bbox 255 597 1772 668; baseline 0.005 -22"><span class='ocrx_word' id='word_1_40' title='bbox 255 597 401 661; x_wconf 87' lang='lat' dir='ltr'><strong>quid</strong></span> <span class='ocrx_word' id='word_1_41' title='bbox 429 597 719 650; x_wconf 85' lang='lat' dir='ltr'><strong>timendum</strong></span> <span class='ocrx_word' id='word_1_42' title='bbox 754 600 844 661; x_wconf 88' lang='lat' dir='ltr'><strong>sit,</strong></span> <span class='ocrx_word' id='word_1_43' title='bbox 873 609 964 652; x_wconf 86' lang='lat' dir='ltr'><strong>aut</strong></span> <span class='ocrx_word' id='word_1_44' title='bbox 991 601 1114 667; x_wconf 90' lang='lat' dir='ltr'><strong>quid</strong></span> <span class='ocrx_word' id='word_1_45' title='bbox 1141 617 1242 655; x_wconf 93' lang='lat' dir='ltr'><strong>non</strong></span> <span class='ocrx_word' id='word_1_46' title='bbox 1273 603 1342 656; x_wconf 92' lang='lat' dir='ltr'><strong>sit</strong></span> <span class='ocrx_word' id='word_1_47' title='bbox 1372 604 1772 668; x_wconf 89' lang='lat' dir='ltr'><strong>timendum.Qn</strong></span> 
     </span>
    </p>
   </div>
   <div class='ocr_carea' id='block_1_5' title="bbox 1881 590 3409 668">
    <p class='ocr_par' dir='ltr' id='par_1_5' title="bbox 1894 590 3409 662">
     <span class='ocr_line' id='line_1_5' title="bbox 1894 590 3409 662; baseline -0.001 -18"><span class='ocrx_word' id='word_1_48' title='bbox 1894 595 2156 662; x_wconf 88' lang='lat' dir='ltr'><strong>quomodo</strong></span> <span class='ocrx_word' id='word_1_49' title='bbox 2213 605 2542 658; x_wconf 87' lang='lat' dir='ltr'><strong>consequens</strong></span> <span class='ocrx_word' id='word_1_50' title='bbox 2593 590 2860 644; x_wconf 75' lang='lat' dir='ltr'><strong>videbitur</strong></span> <span class='ocrx_word' id='word_1_51' title='bbox 2925 591 3066 660; x_wconf 88' lang='lat' dir='ltr'><strong>quod</strong></span> <span class='ocrx_word' id='word_1_52' title='bbox 3129 602 3224 654; x_wconf 89' lang='lat' dir='ltr'><strong>per</strong></span> <span class='ocrx_word' id='word_1_53' title='bbox 3271 590 3409 643; x_wconf 84' lang='lat' dir='ltr'><strong>hanc</strong></span> 
     </span>
    </p>
   </div>
   <div class='ocr_carea' id='block_1_6' title="bbox 253 685 1792 761">
    <p class='ocr_par' dir='ltr' id='par_1_6' title="bbox 253 685 1792 761">
     <span class='ocr_line' id='line_1_6' title="bbox 253 685 1792 761; baseline 0.006 -24"><span class='ocrx_word' id='word_1_54' title='bbox 253 685 440 738; x_wconf 85' lang='lat' dir='ltr'><strong>Deum</strong></span> <span class='ocrx_word' id='word_1_55' title='bbox 474 687 641 744; x_wconf 90' lang='lat' dir='ltr'><strong>timet.</strong></span> <span class='ocrx_word' id='word_1_56' title='bbox 675 697 963 754; x_wconf 77' lang='lat' dir='ltr'><strong>potestates</strong></span> <span class='ocrx_word' id='word_1_57' title='bbox 1003 692 1178 745; x_wconf 65' lang='lat' dir='ltr'><strong>saeculi</strong></span> <span class='ocrx_word' id='word_1_58' title='bbox 1211 709 1312 746; x_wconf 91' lang='lat' dir='ltr'><strong>non</strong></span> <span class='ocrx_word' id='word_1_59' title='bbox 1359 693 1527 747; x_wconf 90' lang='lat' dir='ltr'><strong>timet.</strong></span> <span class='ocrx_word' id='word_1_60' title='bbox 1577 693 1640 746; x_wconf 81' lang='lat' dir='ltr'><strong>Et</strong></span> <span class='ocrx_word' id='word_1_61' title='bbox 1669 694 1792 761; x_wconf 91' lang='lat' dir='ltr'><strong>quid</strong></span> 
     </span>
    </p>
   </div>
   <div class='ocr_carea' id='block_1_7' title="bbox 247 776 1792 852">
    <p class='ocr_par' dir='ltr' id='par_1_7' title="bbox 247 776 1792 852">
     <span class='ocr_line' id='line_1_7' title="bbox 247 776 1792 852; baseline 0.006 -24"><span class='ocrx_word' id='word_1_62' title='bbox 247 776 388 828; x_wconf 87' lang='lat' dir='ltr'><strong>dico</strong></span> <span class='ocrx_word' id='word_1_63' title='bbox 412 779 479 831; x_wconf 89' lang='lat' dir='ltr'><strong>de</strong></span> <span class='ocrx_word' id='word_1_64' title='bbox 518 781 867 846; x_wconf 83' lang='lat' dir='ltr'><strong>potestatibus</strong></span> <span class='ocrx_word' id='word_1_65' title='bbox 897 783 1113 836; x_wconf 83' lang='lat' dir='ltr'><strong>saeculi?</strong></span> <span class='ocrx_word' id='word_1_66' title='bbox 1137 783 1243 836; x_wconf 82' lang='lat' dir='ltr'><strong>Nec</strong></span> <span class='ocrx_word' id='word_1_67' title='bbox 1280 783 1396 838; x_wconf 88' lang='lat' dir='ltr'><strong>illos</strong></span> <span class='ocrx_word' id='word_1_68' title='bbox 1439 784 1792 852; x_wconf 86' lang='lat' dir='ltr'><strong>principatus,</strong></span> 
     </span>
    </p>
   </div>
   <div class='ocr_carea' id='block_1_8' title="bbox 243 873 1794 946">
    <p class='ocr_par' dir='ltr' id='par_1_8' title="bbox 243 873 1794 946">
     <span class='ocr_line' id='line_1_8' title="bbox 243 873 1794 946; baseline 0.006 -26"><span class='ocrx_word' id='word_1_69' title='bbox 243 880 307 920; x_wconf 89' lang='lat' dir='ltr'><strong>et</strong></span> <span class='ocrx_word' id='word_1_70' title='bbox 355 881 680 936; x_wconf 81' lang='lat' dir='ltr'><strong>potestates,</strong></span> <span class='ocrx_word' id='word_1_71' title='bbox 705 881 756 926; x_wconf 91' lang='lat' dir='ltr'><strong>et</strong></span> <span class='ocrx_word' id='word_1_72' title='bbox 784 875 961 928; x_wconf 91' lang='lat' dir='ltr'><strong>mundi</strong></span> <span class='ocrx_word' id='word_1_73' title='bbox 990 873 1142 942; x_wconf 85' lang='lat' dir='ltr'><strong>hujus</strong></span> <span class='ocrx_word' id='word_1_74' title='bbox 1167 883 1420 939; x_wconf 87' lang='lat' dir='ltr'><strong>rectores,</strong></span> <span class='ocrx_word' id='word_1_75' title='bbox 1446 891 1616 946; x_wconf 82' lang='lat' dir='ltr'><strong>neque</strong></span> <span class='ocrx_word' id='word_1_76' title='bbox 1637 876 1794 944; x_wconf 80' lang='lat' dir='ltr'><strong>spiri-</strong></span> 
     </span>
    </p>
   </div>
   <div class='ocr_carea' id='block_1_9' title="bbox 244 959 1792 1033">
    <p class='ocr_par' dir='ltr' id='par_1_9' title="bbox 244 959 1792 1033">
     <span class='ocr_line' id='line_1_9' title="bbox 244 959 1792 1033; baseline 0.008 -25"><span class='ocrx_word' id='word_1_77' title='bbox 244 959 390 1011; x_wconf 80' lang='lat' dir='ltr'><strong>talia</strong></span> <span class='ocrx_word' id='word_1_78' title='bbox 443 961 697 1028; x_wconf 74' lang='lat' dir='ltr'><strong>nequitia:</strong></span> <span class='ocrx_word' id='word_1_79' title='bbox 747 963 798 1016; x_wconf 88' lang='lat' dir='ltr'><strong>in</strong></span> <span class='ocrx_word' id='word_1_80' title='bbox 851 965 1152 1020; x_wconf 64' lang='lat' dir='ltr'><strong>caelestibus</strong></span> <span class='ocrx_word' id='word_1_81' title='bbox 1185 968 1332 1020; x_wconf 84' lang='lat' dir='ltr'><strong>timet</strong></span> <span class='ocrx_word' id='word_1_82' title='bbox 1352 967 1416 1019; x_wconf 82' lang='lat'><strong>&quot;.</strong></span> <span class='ocrx_word' id='word_1_83' title='bbox 1447 965 1512 1019; x_wconf 82' lang='lat' dir='ltr'><strong>Et</strong></span> <span class='ocrx_word' id='word_1_84' title='bbox 1545 976 1600 1019; x_wconf 91' lang='lat' dir='ltr'><strong>ttt</strong></span> <span class='ocrx_word' id='word_1_85' title='bbox 1630 967 1792 1033; x_wconf 86' lang='lat' dir='ltr'><strong>ipsius</strong></span> 
     </span>
    </p>
   </div>
   <div class='ocr_carea' id='block_1_10' title="bbox 244 1047 1791 1124">
    <p class='ocr_par' dir='ltr' id='par_1_10' title="bbox 244 1047 1791 1124">
     <span class='ocr_line' id='line_1_10' title="bbox 244 1047 1791 1124; baseline 0.006 -26"><span class='ocrx_word' id='word_1_86' title='bbox 244 1047 362 1099; x_wconf 89' lang='lat' dir='ltr'><strong>hoc</strong></span> <span class='ocrx_word' id='word_1_87' title='bbox 391 1049 504 1116; x_wconf 81' lang='lat'><strong>(55)</strong></span> <span class='ocrx_word' id='word_1_88' title='bbox 537 1048 686 1104; x_wconf 81' lang='lat' dir='ltr'><strong>Pauli</strong></span> <span class='ocrx_word' id='word_1_89' title='bbox 717 1056 1032 1109; x_wconf 84' lang='lat' dir='ltr'><strong>auctoritate</strong></span> <span class='ocrx_word' id='word_1_90' title='bbox 1057 1056 1347 1119; x_wconf 77' lang='lat' dir='ltr'><strong>firmemus,</strong></span> <span class='ocrx_word' id='word_1_91' title='bbox 1379 1058 1497 1109; x_wconf 90' lang='lat' dir='ltr'><strong>attdi</strong></span> <span class='ocrx_word' id='word_1_92' title='bbox 1530 1055 1791 1124; x_wconf 89' lang='lat' dir='ltr'><strong>quomodo</strong></span> 
     </span>
    </p>
   </div>
   <div class='ocr_carea' id='block_1_11' title="bbox 239 1133 1789 1212">
    <p class='ocr_par' dir='ltr' id='par_1_11' title="bbox 239 1133 1789 1212">
     <span class='ocr_line' id='line_1_11' title="bbox 239 1133 1789 1212; baseline 0.005 -24"><span class='ocrx_word' id='word_1_93' title='bbox 239 1135 394 1188; x_wconf 84' lang='lat' dir='ltr'><strong>dicit</strong></span> <span class='ocrx_word' id='word_1_94' title='bbox 422 1137 492 1192; x_wconf 90' lang='lat' dir='ltr'><strong>de</strong></span> <span class='ocrx_word' id='word_1_95' title='bbox 508 1139 754 1194; x_wconf 89' lang='lat' dir='ltr'><strong>humanis</strong></span> <span class='ocrx_word' id='word_1_96' title='bbox 781 1133 1158 1208; x_wconf 76' lang='lat' dir='ltr'><strong>potestatibus:</strong></span> <span class='ocrx_word' id='word_1_97' title='bbox 1209 1163 1226 1193; x_wconf 69' lang='grc' dir='ltr'><strong>ε</strong></span> <span class='ocrx_word' id='word_1_98' title='bbox 1261 1143 1348 1198; x_wconf 85' lang='lat' dir='ltr'><strong>Vis</strong></span> <span class='ocrx_word' id='word_1_99' title='bbox 1371 1186 1386 1206; x_wconf 92' lang='lat'><strong>.</strong></span> <span class='ocrx_word' id='word_1_100' title='bbox 1443 1145 1646 1212; x_wconf 88' lang='lat' dir='ltr'><strong>inquit.</strong></span> <span class='ocrx_word' id='word_1_101' title='bbox 1686 1160 1789 1198; x_wconf 89' lang='lat' dir='ltr'><strong>non</strong></span> 
     </span>
    </p>
   </div>
   <div class='ocr_carea' id='block_1_12' title="bbox 241 1227 1791 1302">
    <p class='ocr_par' dir='ltr' id='par_1_12' title="bbox 241 1227 1791 1302">
     <span class='ocr_line' id='line_1_12' title="bbox 241 1227 1791 1302; baseline 0.006 -25"><span class='ocrx_word' id='word_1_102' title='bbox 241 1227 454 1281; x_wconf 85' lang='lat' dir='ltr'><strong>timere</strong></span> <span class='ocrx_word' id='word_1_103' title='bbox 481 1239 798 1296; x_wconf 88' lang='lat' dir='ltr'><strong>potestatem</strong></span> <span class='ocrx_word' id='word_1_104' title='bbox 827 1232 850 1284; x_wconf 65' lang='grc' dir='ltr'>ἲ</span> <span class='ocrx_word' id='word_1_105' title='bbox 876 1233 980 1286; x_wconf 83' lang='lat' dir='ltr'><strong>Fac</strong></span> <span class='ocrx_word' id='word_1_106' title='bbox 1001 1237 1138 1302; x_wconf 89' lang='lat' dir='ltr'><strong>quod</strong></span> <span class='ocrx_word' id='word_1_107' title='bbox 1167 1237 1358 1287; x_wconf 86' lang='lat' dir='ltr'><strong>bonum</strong></span> <span class='ocrx_word' id='word_1_108' title='bbox 1381 1243 1481 1296; x_wconf 90' lang='lat' dir='ltr'><strong>est,</strong></span> <span class='ocrx_word' id='word_1_109' title='bbox 1502 1244 1553 1288; x_wconf 90' lang='lat' dir='ltr'><strong>ct</strong></span> <span class='ocrx_word' id='word_1_110' title='bbox 1576 1235 1791 1288; x_wconf 83' lang='lat' dir='ltr'><strong>habebis</strong></span> 
     </span>
    </p>
   </div>
   <div class='ocr_carea' id='block_1_13' title="bbox 238 1318 1790 1390">
    <p class='ocr_par' dir='ltr' id='par_1_13' title="bbox 238 1318 1790 1390">
     <span class='ocr_line' id='line_1_13' title="bbox 238 1318 1790 1390; baseline 0.005 -21"><span class='ocrx_word' id='word_1_111' title='bbox 238 1318 475 1373; x_wconf 85' lang='lat' dir='ltr'><strong>laudem</strong></span> <span class='ocrx_word' id='word_1_112' title='bbox 524 1335 589 1374; x_wconf 85' lang='lat' dir='ltr'><strong>ex</strong></span> <span class='ocrx_word' id='word_1_113' title='bbox 633 1336 694 1374; x_wconf 89' lang='lat' dir='ltr'><strong>ea</strong></span> <span class='ocrx_word' id='word_1_114' title='bbox 720 1323 784 1376; x_wconf 81' lang='grc'><strong>’⁷.</strong></span> <span class='ocrx_word' id='word_1_115' title='bbox 811 1341 830 1373; x_wconf 70' lang='grc' dir='ltr'><strong><em>ι</em></strong></span> <span class='ocrx_word' id='word_1_116' title='bbox 871 1323 933 1377; x_wconf 86' lang='lat' dir='ltr'><strong>Et</strong></span> <span class='ocrx_word' id='word_1_117' title='bbox 971 1323 1230 1390; x_wconf 85' lang='lat' dir='ltr'><strong>Propheta</strong></span> <span class='ocrx_word' id='word_1_118' title='bbox 1276 1325 1405 1378; x_wconf 82' lang='lat' dir='ltr'><strong>dicit</strong></span> <span class='ocrx_word' id='word_1_119' title='bbox 1436 1342 1449 1377; x_wconf 76' lang='grc' dir='ltr'>ε</span> <span class='ocrx_word' id='word_1_120' title='bbox 1485 1343 1504 1374; x_wconf 73' lang='grc' dir='ltr'>ι</span> <span class='ocrx_word' id='word_1_121' title='bbox 1541 1326 1790 1377; x_wconf 87' lang='lat' dir='ltr'><strong>Dominus</strong></span> 
     </span>
    </p>
   </div>
   <div class='ocr_carea' id='block_1_14' title="bbox 238 1412 1788 1485">
    <p class='ocr_par' dir='ltr' id='par_1_14' title="bbox 238 1412 1788 1485">
     <span class='ocr_line' id='line_1_14' title="bbox 238 1412 1788 1485; baseline 0.006 -23"><span class='ocrx_word' id='word_1_122' title='bbox 238 1412 389 1464; x_wconf 88' lang='lat' dir='ltr'><strong>mihi</strong></span> <span class='ocrx_word' id='word_1_123' title='bbox 429 1412 646 1478; x_wconf 73' lang='lat' dir='ltr'><strong>adiutor</strong></span> <span class='ocrx_word' id='word_1_124' title='bbox 677 1424 775 1477; x_wconf 91' lang='lat' dir='ltr'><strong>est,</strong></span> <span class='ocrx_word' id='word_1_125' title='bbox 811 1431 913 1470; x_wconf 91' lang='lat' dir='ltr'><strong>non</strong></span> <span class='ocrx_word' id='word_1_126' title='bbox 943 1415 1138 1470; x_wconf 91' lang='lat' dir='ltr'><strong>timebo</strong></span> <span class='ocrx_word' id='word_1_127' title='bbox 1167 1417 1289 1485; x_wconf 91' lang='lat' dir='ltr'><strong>quid</strong></span> <span class='ocrx_word' id='word_1_128' title='bbox 1328 1418 1487 1471; x_wconf 82' lang='lat' dir='ltr'><strong>l’aciat</strong></span> <span class='ocrx_word' id='word_1_129' title='bbox 1527 1418 1652 1470; x_wconf 91' lang='lat' dir='ltr'><strong>mihi</strong></span> <span class='ocrx_word' id='word_1_130' title='bbox 1690 1417 1788 1470; x_wconf 89' lang='lat' dir='ltr'><strong>bo-</strong></span> 
     </span>
    </p>
   </div>
   <div class='ocr_carea' id='block_1_15' title="bbox 236 1500 1784 1574">
    <p class='ocr_par' dir='ltr' id='par_1_15' title="bbox 236 1500 1784 1574">
     <span class='ocr_line' id='line_1_15' title="bbox 236 1500 1784 1574; baseline 0.004 -22"><span class='ocrx_word' id='word_1_131' title='bbox 236 1514 339 1552; x_wconf 90' lang='lat' dir='ltr'><strong>mo</strong></span> <span class='ocrx_word' id='word_1_132' title='bbox 367 1500 440 1552; x_wconf 77' lang='lat'><strong>”.</strong></span> <span class='ocrx_word' id='word_1_133' title='bbox 475 1518 495 1552; x_wconf 69' lang='grc' dir='ltr'>ι</span> <span class='ocrx_word' id='word_1_134' title='bbox 543 1501 616 1554; x_wconf 91' lang='lat' dir='ltr'><strong>De</strong></span> <span class='ocrx_word' id='word_1_135' title='bbox 659 1503 895 1556; x_wconf 78' lang='lat' dir='ltr'><strong>adversis</strong></span> <span class='ocrx_word' id='word_1_136' title='bbox 945 1518 1071 1557; x_wconf 88' lang='lat' dir='ltr'><strong>vero</strong></span> <span class='ocrx_word' id='word_1_137' title='bbox 1106 1507 1452 1572; x_wconf 77' lang='lat' dir='ltr'><strong>potestatibus</strong></span> <span class='ocrx_word' id='word_1_138' title='bbox 1504 1507 1784 1574; x_wconf 86' lang='lat' dir='ltr'><strong>spirituum</strong></span> 
     </span>
    </p>
   </div>
   <div class='ocr_carea' id='block_1_16' title="bbox 236 1589 1782 1659">
    <p class='ocr_par' dir='ltr' id='par_1_16' title="bbox 236 1589 1782 1659">
     <span class='ocr_line' id='line_1_16' title="bbox 236 1589 1782 1659; baseline 0.005 -18"><span class='ocrx_word' id='word_1_139' title='bbox 236 1589 394 1642; x_wconf 89' lang='lat' dir='ltr'><strong>idem</strong></span> <span class='ocrx_word' id='word_1_140' title='bbox 452 1589 717 1657; x_wconf 75' lang='lat' dir='ltr'><strong>Propheta</strong></span> <span class='ocrx_word' id='word_1_141' title='bbox 761 1593 990 1646; x_wconf 84' lang='lat' dir='ltr'><strong>sensisse</strong></span> <span class='ocrx_word' id='word_1_142' title='bbox 1037 1594 1161 1646; x_wconf 89' lang='lat' dir='ltr'><strong>mihi</strong></span> <span class='ocrx_word' id='word_1_143' title='bbox 1214 1595 1442 1659; x_wconf 89' lang='lat' dir='ltr'><strong>videtur,</strong></span> <span class='ocrx_word' id='word_1_144' title='bbox 1490 1596 1574 1647; x_wconf 88' lang='lat' dir='ltr'><strong>ubi</strong></span> <span class='ocrx_word' id='word_1_145' title='bbox 1611 1595 1782 1649; x_wconf 88' lang='lat' dir='ltr'><strong>dicit:</strong></span> 
     </span>
    </p>
   </div>
   <div class='ocr_carea' id='block_1_17' title="bbox 240 1679 1783 1751">
    <p class='ocr_par' dir='ltr' id='par_1_17' title="bbox 240 1679 1783 1751">
     <span class='ocr_line' id='line_1_17' title="bbox 240 1679 1783 1751; baseline 0.005 -23"><span class='ocrx_word' id='word_1_146' title='bbox 240 1679 450 1731; x_wconf 71' lang='lat' dir='ltr'><strong>«Multi</strong></span> <span class='ocrx_word' id='word_1_147' title='bbox 475 1680 568 1748; x_wconf 89' lang='lat' dir='ltr'><strong>qui</strong></span> <span class='ocrx_word' id='word_1_148' title='bbox 605 1680 865 1734; x_wconf 88' lang='lat' dir='ltr'><strong>debellant</strong></span> <span class='ocrx_word' id='word_1_149' title='bbox 902 1698 984 1736; x_wconf 91' lang='lat' dir='ltr'><strong>me</strong></span> <span class='ocrx_word' id='word_1_150' title='bbox 1007 1684 1070 1737; x_wconf 91' lang='lat' dir='ltr'><strong>de</strong></span> <span class='ocrx_word' id='word_1_151' title='bbox 1088 1683 1321 1746; x_wconf 87' lang='lat' dir='ltr'><strong>excelso,</strong></span> <span class='ocrx_word' id='word_1_152' title='bbox 1341 1700 1433 1751; x_wconf 81' lang='lat' dir='ltr'><strong>per</strong></span> <span class='ocrx_word' id='word_1_153' title='bbox 1461 1685 1600 1736; x_wconf 90' lang='lat' dir='ltr'><strong>diem</strong></span> <span class='ocrx_word' id='word_1_154' title='bbox 1629 1685 1783 1736; x_wconf 75' lang='lat' dir='ltr'><strong>time—</strong></span> 
     </span>
    </p>
   </div>
   <div class='ocr_carea' id='block_1_18' title="bbox 234 1767 1782 1833">
    <p class='ocr_par' dir='ltr' id='par_1_18' title="bbox 234 1767 1782 1833">
     <span class='ocr_line' id='line_1_18' title="bbox 234 1767 1782 1833; baseline 0.003 -14"><span class='ocrx_word' id='word_1_155' title='bbox 234 1768 387 1820; x_wconf 86' lang='lat' dir='ltr'><strong>bunt</strong></span> <span class='ocrx_word' id='word_1_156' title='bbox 410 1767 480 1833; x_wconf 85' lang='lat'><strong>”;</strong></span> <span class='ocrx_word' id='word_1_157' title='bbox 508 1787 527 1821; x_wconf 73' lang='grc' dir='ltr'><strong><em>ι</em></strong></span> <span class='ocrx_word' id='word_1_158' title='bbox 567 1778 623 1823; x_wconf 90' lang='lat' dir='ltr'><strong>et</strong></span> <span class='ocrx_word' id='word_1_159' title='bbox 652 1772 842 1824; x_wconf 91' lang='lat' dir='ltr'><strong>iterum</strong></span> <span class='ocrx_word' id='word_1_160' title='bbox 871 1788 887 1826; x_wconf 91' lang='lat'><strong>:</strong></span> <span class='ocrx_word' id='word_1_161' title='bbox 929 1790 946 1821; x_wconf 78' lang='grc' dir='ltr'>ι</span> <span class='ocrx_word' id='word_1_162' title='bbox 973 1771 1028 1825; x_wconf 91' lang='lat' dir='ltr'>Si</span> <span class='ocrx_word' id='word_1_163' title='bbox 1067 1775 1359 1827; x_wconf 84' lang='lat' dir='ltr'><strong>consistant</strong></span> <span class='ocrx_word' id='word_1_164' title='bbox 1393 1773 1672 1826; x_wconf 90' lang='lat' dir='ltr'><strong>adversum</strong></span> <span class='ocrx_word' id='word_1_165' title='bbox 1701 1787 1782 1824; x_wconf 87' lang='lat' dir='ltr'><strong>nte</strong></span> 
     </span>
    </p>
   </div>
   <div class='ocr_carea' id='block_1_19' title="bbox 233 1860 1785 1932">
    <p class='ocr_par' dir='ltr' id='par_1_19' title="bbox 233 1860 1785 1932">
     <span class='ocr_line' id='line_1_19' title="bbox 233 1860 1785 1932; baseline 0.003 -23"><span class='ocrx_word' id='word_1_166' title='bbox 233 1866 456 1922; x_wconf 87' lang='lat' dir='ltr'><strong>castra,</strong></span> <span class='ocrx_word' id='word_1_167' title='bbox 476 1873 582 1912; x_wconf 90' lang='lat' dir='ltr'><strong>non</strong></span> <span class='ocrx_word' id='word_1_168' title='bbox 613 1860 820 1914; x_wconf 88' lang='lat' dir='ltr'><strong>timebit</strong></span> <span class='ocrx_word' id='word_1_169' title='bbox 851 1875 946 1914; x_wconf 93' lang='lat' dir='ltr'><strong>cor</strong></span> <span class='ocrx_word' id='word_1_170' title='bbox 974 1877 1146 1917; x_wconf 86' lang='lat' dir='ltr'><strong>meum</strong></span> <span class='ocrx_word' id='word_1_171' title='bbox 1177 1863 1250 1914; x_wconf 77' lang='grc' dir='ltr'><strong>ί.»</strong></span> <span class='ocrx_word' id='word_1_172' title='bbox 1275 1861 1418 1928; x_wconf 88' lang='lat' dir='ltr'><strong>Opus</strong></span> <span class='ocrx_word' id='word_1_173' title='bbox 1437 1876 1563 1928; x_wconf 89' lang='lat' dir='ltr'><strong>ergo</strong></span> <span class='ocrx_word' id='word_1_174' title='bbox 1584 1861 1785 1932; x_wconf 89' lang='lat' dir='ltr'><strong>grande</strong></span> 
     </span>
    </p>
   </div>
   <div class='ocr_carea' id='block_1_20' title="bbox 233 1949 1786 2018">
    <p class='ocr_par' dir='ltr' id='par_1_20' title="bbox 233 1949 1786 2018">
     <span class='ocr_line' id='line_1_20' title="bbox 233 1949 1786 2018; baseline 0.004 -18"><span class='ocrx_word' id='word_1_175' title='bbox 233 1957 325 2000; x_wconf 87' lang='lat' dir='ltr'><strong>est</strong></span> <span class='ocrx_word' id='word_1_176' title='bbox 349 1949 768 2016; x_wconf 85' lang='lat' dir='ltr'><strong>etmagnilicttm</strong></span> <span class='ocrx_word' id='word_1_177' title='bbox 793 1964 1002 2018; x_wconf 89' lang='lat' dir='ltr'><strong>semper</strong></span> <span class='ocrx_word' id='word_1_178' title='bbox 1025 1951 1222 2004; x_wconf 82' lang='lat' dir='ltr'><strong>habere</strong></span> <span class='ocrx_word' id='word_1_179' title='bbox 1249 1963 1370 2004; x_wconf 89' lang='lat' dir='ltr'><strong>ante</strong></span> <span class='ocrx_word' id='word_1_180' title='bbox 1399 1953 1580 2006; x_wconf 92' lang='lat' dir='ltr'><strong>oculos</strong></span> <span class='ocrx_word' id='word_1_181' title='bbox 1611 1954 1786 2006; x_wconf 92' lang='lat' dir='ltr'><strong>cordis</strong></span> 
     </span>
    </p>
   </div>
   <div class='ocr_carea' id='block_1_21' title="bbox 235 2036 1780 2109">
    <p class='ocr_par' dir='ltr' id='par_1_21' title="bbox 235 2036 1780 2109">
     <span class='ocr_line' id='line_1_21' title="bbox 235 2036 1780 2109; baseline 0.003 -20"><span class='ocrx_word' id='word_1_182' title='bbox 235 2036 414 2105; x_wconf 82' lang='lat'><strong>509</strong></span> <span class='ocrx_word' id='word_1_183' title='bbox 441 2037 686 2091; x_wconf 88' lang='lat' dir='ltr'><strong>timorem</strong></span> <span class='ocrx_word' id='word_1_184' title='bbox 716 2038 838 2091; x_wconf 89' lang='lat' dir='ltr'><strong>Dei:</strong></span> <span class='ocrx_word' id='word_1_185' title='bbox 863 2039 1007 2092; x_wconf 88' lang='lat' dir='ltr'><strong>illttm</strong></span> <span class='ocrx_word' id='word_1_186' title='bbox 1035 2040 1299 2104; x_wconf 87' lang='lat' dir='ltr'><strong>timorem,</strong></span> <span class='ocrx_word' id='word_1_187' title='bbox 1325 2042 1411 2109; x_wconf 85' lang='lat' dir='ltr'><strong>qui</strong></span> <span class='ocrx_word' id='word_1_188' title='bbox 1429 2042 1648 2108; x_wconf 80' lang='lat' dir='ltr'><strong>replevit</strong></span> <span class='ocrx_word' id='word_1_189' title='bbox 1672 2043 1780 2094; x_wconf 86' lang='lat' dir='ltr'><strong>vir-</strong></span> 
     </span>
    </p>
   </div>
   <div class='ocr_carea' id='block_1_22' title="bbox 235 2128 1781 2199">
    <p class='ocr_par' dir='ltr' id='par_1_22' title="bbox 235 2128 1781 2199">
     <span class='ocr_line' id='line_1_22' title="bbox 235 2128 1781 2199; baseline 0.003 -22"><span class='ocrx_word' id='word_1_190' title='bbox 235 2141 371 2194; x_wconf 83' lang='lat' dir='ltr'><strong>gam</strong></span> <span class='ocrx_word' id='word_1_191' title='bbox 405 2141 528 2194; x_wconf 74' lang='lat' dir='ltr'><strong>qua:</strong></span> <span class='ocrx_word' id='word_1_192' title='bbox 559 2128 796 2181; x_wconf 87' lang='lat' dir='ltr'><strong>surrexit</strong></span> <span class='ocrx_word' id='word_1_193' title='bbox 821 2130 886 2181; x_wconf 92' lang='lat' dir='ltr'><strong>de</strong></span> <span class='ocrx_word' id='word_1_194' title='bbox 925 2129 1101 2182; x_wconf 87' lang='lat' dir='ltr'><strong>radice</strong></span> <span class='ocrx_word' id='word_1_195' title='bbox 1152 2129 1322 2194; x_wconf 81' lang='lat' dir='ltr'><strong>Jesse,</strong></span> <span class='ocrx_word' id='word_1_196' title='bbox 1367 2139 1421 2185; x_wconf 91' lang='lat' dir='ltr'><strong>et</strong></span> <span class='ocrx_word' id='word_1_197' title='bbox 1463 2130 1646 2185; x_wconf 84' lang='lat' dir='ltr'><strong>ﬂorem</strong></span> <span class='ocrx_word' id='word_1_198' title='bbox 1691 2132 1781 2199; x_wconf 89' lang='lat' dir='ltr'><strong>qui</strong></span> 
     </span>
    </p>
   </div>
   <div class='ocr_carea' id='block_1_23' title="bbox 234 2215 1784 2288">
    <p class='ocr_par' dir='ltr' id='par_1_23' title="bbox 234 2215 1784 2288">
     <span class='ocr_line' id='line_1_23' title="bbox 234 2215 1784 2288; baseline 0.003 -20"><span class='ocrx_word' id='word_1_199' title='bbox 234 2216 306 2268; x_wconf 83' lang='lat' dir='ltr'><strong>d‘e</strong></span> <span class='ocrx_word' id='word_1_200' title='bbox 369 2217 558 2270; x_wconf 87' lang='lat' dir='ltr'><strong>radice</strong></span> <span class='ocrx_word' id='word_1_201' title='bbox 601 2215 718 2283; x_wconf 87' lang='lat' dir='ltr'><strong>ejus</strong></span> <span class='ocrx_word' id='word_1_202' title='bbox 781 2220 1012 2271; x_wconf 80' lang='lat' dir='ltr'><strong>surrexit</strong></span> <span class='ocrx_word' id='word_1_203' title='bbox 1045 2237 1058 2270; x_wconf 96' lang='lat'><strong>:</strong></span> <span class='ocrx_word' id='word_1_204' title='bbox 1088 2220 1151 2272; x_wconf 88' lang='lat' dir='ltr'><strong>de</strong></span> <span class='ocrx_word' id='word_1_205' title='bbox 1198 2234 1304 2288; x_wconf 87' lang='lat' dir='ltr'><strong>quo</strong></span> <span class='ocrx_word' id='word_1_206' title='bbox 1354 2222 1559 2274; x_wconf 80' lang='lat' dir='ltr'><strong>dixerat</strong></span> <span class='ocrx_word' id='word_1_207' title='bbox 1603 2238 1618 2274; x_wconf 92' lang='lat'><strong>:</strong></span> <span class='ocrx_word' id='word_1_208' title='bbox 1660 2238 1680 2272; x_wconf 85' lang='grc'><strong><em>‹</em></strong></span> <span class='ocrx_word' id='word_1_209' title='bbox 1718 2220 1784 2274; x_wconf 83' lang='lat' dir='ltr'><strong>Et</strong></span> 
     </span>
    </p>
   </div>
   <div class='ocr_carea' id='block_1_24' title="bbox 234 2303 1782 2371">
    <p class='ocr_par' dir='ltr' id='par_1_24' title="bbox 234 2303 1782 2371">
     <span class='ocr_line' id='line_1_24' title="bbox 234 2303 1782 2371; baseline 0.003 -15"><span class='ocrx_word' id='word_1_210' title='bbox 234 2303 480 2371; x_wconf 89' lang='lat' dir='ltr'><strong>replebit</strong></span> <span class='ocrx_word' id='word_1_211' title='bbox 507 2318 632 2356; x_wconf 91' lang='lat' dir='ltr'><strong>eum</strong></span> <span class='ocrx_word' id='word_1_212' title='bbox 656 2305 876 2371; x_wconf 85' lang='lat' dir='ltr'><strong>spiritus</strong></span> <span class='ocrx_word' id='word_1_213' title='bbox 904 2307 1106 2361; x_wconf 90' lang='lat' dir='ltr'><strong>timoris</strong></span> <span class='ocrx_word' id='word_1_214' title='bbox 1137 2309 1341 2360; x_wconf 88' lang='lat' dir='ltr'><strong>Domini</strong></span> <span class='ocrx_word' id='word_1_215' title='bbox 1373 2311 1414 2361; x_wconf 80' lang='lat'><strong>&#39;.</strong></span> <span class='ocrx_word' id='word_1_216' title='bbox 1444 2327 1462 2360; x_wconf 73' lang='grc' dir='ltr'><strong><em>ι</em></strong></span> <span class='ocrx_word' id='word_1_217' title='bbox 1499 2309 1552 2362; x_wconf 86' lang='grc' dir='ltr'><strong>1η</strong></span> <span class='ocrx_word' id='word_1_218' title='bbox 1584 2315 1782 2361; x_wconf 86' lang='lat' dir='ltr'><strong>tantum</strong></span> 
     </span>
    </p>
   </div>
   <div class='ocr_carea' id='block_1_25' title="bbox 235 2392 1783 2461">
    <p class='ocr_par' dir='ltr' id='par_1_25' title="bbox 235 2392 1783 2461">
     <span class='ocr_line' id='line_1_25' title="bbox 235 2392 1783 2461; baseline 0.005 -18"><span class='ocrx_word' id='word_1_219' title='bbox 235 2401 430 2445; x_wconf 87' lang='lat' dir='ltr'><strong>autem</strong></span> <span class='ocrx_word' id='word_1_220' title='bbox 479 2392 779 2461; x_wconf 80' lang='lat' dir='ltr'><strong>perfectum</strong></span> <span class='ocrx_word' id='word_1_221' title='bbox 833 2397 1006 2448; x_wconf 90' lang='lat' dir='ltr'><strong>reddit</strong></span> <span class='ocrx_word' id='word_1_222' title='bbox 1057 2398 1320 2450; x_wconf 87' lang='lat' dir='ltr'><strong>hominem</strong></span> <span class='ocrx_word' id='word_1_223' title='bbox 1369 2396 1457 2450; x_wconf 89' lang='lat' dir='ltr'><strong>Dei</strong></span> <span class='ocrx_word' id='word_1_224' title='bbox 1503 2399 1678 2459; x_wconf 89' lang='lat' dir='ltr'><strong>timor,</strong></span> <span class='ocrx_word' id='word_1_225' title='bbox 1727 2407 1783 2450; x_wconf 93' lang='lat' dir='ltr'><strong>ttt</strong></span> 
     </span>
    </p>
   </div>
   <div class='ocr_carea' id='block_1_26' title="bbox 234 2482 1781 2556">
    <p class='ocr_par' dir='ltr' id='par_1_26' title="bbox 234 2482 1781 2556">
     <span class='ocr_line' id='line_1_26' title="bbox 234 2482 1781 2556; baseline 0.002 -21"><span class='ocrx_word' id='word_1_226' title='bbox 234 2482 385 2536; x_wconf 80' lang='lat' dir='ltr'><strong>nihil</strong></span> <span class='ocrx_word' id='word_1_227' title='bbox 417 2482 468 2537; x_wconf 89' lang='lat' dir='ltr'><strong>ei</strong></span> <span class='ocrx_word' id='word_1_228' title='bbox 495 2483 655 2546; x_wconf 84' lang='lat' dir='ltr'><strong>desit,</strong></span> <span class='ocrx_word' id='word_1_229' title='bbox 687 2495 746 2537; x_wconf 93' lang='lat' dir='ltr'><strong>ut</strong></span> <span class='ocrx_word' id='word_1_230' title='bbox 782 2483 1050 2551; x_wconf 86' lang='lat' dir='ltr'><strong>Propheta</strong></span> <span class='ocrx_word' id='word_1_231' title='bbox 1087 2487 1214 2540; x_wconf 92' lang='lat' dir='ltr'><strong>dicit</strong></span> <span class='ocrx_word' id='word_1_232' title='bbox 1252 2486 1387 2556; x_wconf 80' lang='lat'><strong>(56),</strong></span> <span class='ocrx_word' id='word_1_233' title='bbox 1418 2487 1540 2555; x_wconf 90' lang='lat' dir='ltr'><strong>quia</strong></span> <span class='ocrx_word' id='word_1_234' title='bbox 1595 2503 1614 2536; x_wconf 73' lang='grc' dir='ltr'>ι</span> <span class='ocrx_word' id='word_1_235' title='bbox 1652 2487 1781 2539; x_wconf 88' lang='lat' dir='ltr'><strong>ttihil</strong></span> 
     </span>
    </p>
   </div>
   <div class='ocr_carea' id='block_1_27' title="bbox 235 2570 1777 2643">
    <p class='ocr_par' dir='ltr' id='par_1_27' title="bbox 235 2570 1777 2643">
     <span class='ocr_line' id='line_1_27' title="bbox 235 2570 1777 2643; baseline 0.001 -17"><span class='ocrx_word' id='word_1_236' title='bbox 235 2570 401 2626; x_wconf 81' lang='lat' dir='ltr'><strong>deest</strong></span> <span class='ocrx_word' id='word_1_237' title='bbox 435 2571 756 2627; x_wconf 85' lang='lat' dir='ltr'><strong>timentibus</strong></span> <span class='ocrx_word' id='word_1_238' title='bbox 800 2588 920 2628; x_wconf 90' lang='lat' dir='ltr'><strong>eum</strong></span> <span class='ocrx_word' id='word_1_239' title='bbox 950 2574 992 2630; x_wconf 86' lang='grc'><strong>⁸.</strong></span> <span class='ocrx_word' id='word_1_240' title='bbox 1022 2594 1042 2628; x_wconf 70' lang='grc' dir='ltr'><strong><em>ο</em></strong></span> <span class='ocrx_word' id='word_1_241' title='bbox 1089 2573 1242 2636; x_wconf 65' lang='lat' dir='ltr'><strong>Haec.</strong></span> <span class='ocrx_word' id='word_1_242' title='bbox 1299 2585 1456 2643; x_wconf 87' lang='lat' dir='ltr'><strong>prout</strong></span> <span class='ocrx_word' id='word_1_243' title='bbox 1495 2579 1777 2643; x_wconf 90' lang='lat' dir='ltr'><strong>potuimus,</strong></span> 
     </span>
    </p>
   </div>
   <div class='ocr_carea' id='block_1_28' title="bbox 234 2661 1782 2734">
    <p class='ocr_par' dir='ltr' id='par_1_28' title="bbox 234 2661 1782 2734">
     <span class='ocr_line' id='line_1_28' title="bbox 234 2661 1782 2734; baseline 0.001 -18"><span class='ocrx_word' id='word_1_244' title='bbox 234 2661 474 2729; x_wconf 77' lang='lat' dir='ltr'><strong>lingulis</strong></span> <span class='ocrx_word' id='word_1_245' title='bbox 513 2663 818 2732; x_wconf 89' lang='lat' dir='ltr'><strong>quibusque</strong></span> <span class='ocrx_word' id='word_1_246' title='bbox 851 2679 968 2733; x_wconf 66' lang='lat' dir='ltr'><strong>qua:</strong></span> <span class='ocrx_word' id='word_1_247' title='bbox 1005 2680 1033 2718; x_wconf 92' lang='lat' dir='ltr'><strong>a</strong></span> <span class='ocrx_word' id='word_1_248' title='bbox 1077 2665 1239 2718; x_wconf 88' lang='lat' dir='ltr'><strong>Paulo</strong></span> <span class='ocrx_word' id='word_1_249' title='bbox 1275 2676 1541 2734; x_wconf 88' lang='lat' dir='ltr'><strong>assumpta</strong></span> <span class='ocrx_word' id='word_1_250' title='bbox 1575 2665 1782 2719; x_wconf 77' lang='lat' dir='ltr'><strong>fuerant</strong></span> 
     </span>
    </p>
   </div>
   <div class='ocr_carea' id='block_1_29' title="bbox 234 2748 1780 2818">
    <p class='ocr_par' dir='ltr' id='par_1_29' title="bbox 234 2748 1780 2818">
     <span class='ocr_line' id='line_1_29' title="bbox 234 2748 1780 2818; baseline 0.005 -18"><span class='ocrx_word' id='word_1_251' title='bbox 234 2748 572 2816; x_wconf 82' lang='lat' dir='ltr'><strong>aptavimus,</strong></span> <span class='ocrx_word' id='word_1_252' title='bbox 611 2752 885 2818; x_wconf 91' lang='lat' dir='ltr'><strong>quomodo</strong></span> <span class='ocrx_word' id='word_1_253' title='bbox 934 2753 1219 2807; x_wconf 89' lang='lat' dir='ltr'><strong>convenire</strong></span> <span class='ocrx_word' id='word_1_254' title='bbox 1252 2754 1559 2808; x_wconf 90' lang='lat' dir='ltr'><strong>viderentur</strong></span> <span class='ocrx_word' id='word_1_255' title='bbox 1589 2755 1670 2808; x_wconf 92' lang='lat' dir='ltr'><strong>his</strong></span> <span class='ocrx_word' id='word_1_256' title='bbox 1714 2755 1780 2808; x_wconf 94' lang='lat' dir='ltr'><strong>de</strong></span> 
     </span>
    </p>
   </div>
   <div class='ocr_carea' id='block_1_30' title="bbox 234 2840 1781 2907">
    <p class='ocr_par' dir='ltr' id='par_1_30' title="bbox 234 2840 1781 2907">
     <span class='ocr_line' id='line_1_30' title="bbox 234 2840 1781 2907; baseline 0.003 -16"><span class='ocrx_word' id='word_1_257' title='bbox 234 2840 445 2907; x_wconf 78' lang='lat' dir='ltr'><strong>quibus</strong></span> <span class='ocrx_word' id='word_1_258' title='bbox 503 2840 684 2894; x_wconf 89' lang='lat' dir='ltr'><strong>dicit:</strong></span> <span class='ocrx_word' id='word_1_259' title='bbox 717 2860 738 2894; x_wconf 77' lang='lat' dir='ltr'><strong>t</strong></span> <span class='ocrx_word' id='word_1_260' title='bbox 769 2843 983 2897; x_wconf 85' lang='lat' dir='ltr'><strong>Causati</strong></span> <span class='ocrx_word' id='word_1_261' title='bbox 1036 2844 1178 2896; x_wconf 82' lang='lat' dir='ltr'><strong>enim</strong></span> <span class='ocrx_word' id='word_1_262' title='bbox 1221 2859 1405 2898; x_wconf 89' lang='lat' dir='ltr'><strong>sumus</strong></span> <span class='ocrx_word' id='word_1_263' title='bbox 1464 2843 1675 2898; x_wconf 65' lang='lat' dir='ltr'><strong>Iudaeos</strong></span> <span class='ocrx_word' id='word_1_264' title='bbox 1727 2853 1781 2897; x_wconf 88' lang='lat' dir='ltr'><strong>et</strong></span> 
     </span>
    </p>
   </div>
   <div class='ocr_carea' id='block_1_31' title="bbox 231 2923 1778 2998">
    <p class='ocr_par' dir='ltr' id='par_1_31' title="bbox 231 2923 1778 2998">
     <span class='ocr_line' id='line_1_31' title="bbox 231 2923 1778 2998; baseline 0.003 -18"><span class='ocrx_word' id='word_1_265' title='bbox 231 2923 464 2980; x_wconf 77' lang='lat' dir='ltr'><strong>Graecos</strong></span> <span class='ocrx_word' id='word_1_266' title='bbox 483 2941 676 2982; x_wconf 87' lang='lat' dir='ltr'><strong>onmes</strong></span> <span class='ocrx_word' id='word_1_267' title='bbox 705 2931 805 2983; x_wconf 88' lang='lat' dir='ltr'><strong>sub</strong></span> <span class='ocrx_word' id='word_1_268' title='bbox 827 2941 1046 2998; x_wconf 84' lang='lat' dir='ltr'><strong>peccato</strong></span> <span class='ocrx_word' id='word_1_269' title='bbox 1075 2945 1192 2985; x_wconf 79' lang='lat' dir='ltr'><strong>esse</strong></span> <span class='ocrx_word' id='word_1_270' title='bbox 1219 2932 1258 2984; x_wconf 72' lang='grc' dir='ltr'><strong>δ.</strong></span> <span class='ocrx_word' id='word_1_271' title='bbox 1292 2951 1310 2982; x_wconf 75' lang='grc' dir='ltr'><strong><em>ι</em></strong></span> <span class='ocrx_word' id='word_1_272' title='bbox 1341 2931 1467 2998; x_wconf 81' lang='lat' dir='ltr'><strong>Quae</strong></span> <span class='ocrx_word' id='word_1_273' title='bbox 1506 2943 1677 2986; x_wconf 88' lang='lat' dir='ltr'><strong>tatncu</strong></span> <span class='ocrx_word' id='word_1_274' title='bbox 1706 2933 1778 2985; x_wconf 89' lang='lat' dir='ltr'><strong>ita</strong></span> 
     </span>
    </p>
   </div>
   <div class='ocr_carea' id='block_1_32' title="bbox 236 3015 1845 3106">
    <p class='ocr_par' dir='ltr' id='par_1_32' title="bbox 236 3015 1845 3106">
     <span class='ocr_line' id='line_1_32' title="bbox 236 3015 1845 3106; baseline 0.011 -43"><span class='ocrx_word' id='word_1_275' title='bbox 236 3015 608 3106; x_wconf 76' lang='lat' dir='ltr'><strong>putodebere</strong></span> <span class='ocrx_word' id='word_1_276' title='bbox 643 3017 889 3106; x_wconf 89' lang='lat' dir='ltr'><strong>intelligi,</strong></span> <span class='ocrx_word' id='word_1_277' title='bbox 919 3034 1021 3072; x_wconf 91' lang='lat' dir='ltr'><strong>non</strong></span> <span class='ocrx_word' id='word_1_278' title='bbox 1049 3032 1105 3074; x_wconf 90' lang='lat' dir='ltr'><strong>ut</strong></span> <span class='ocrx_word' id='word_1_279' title='bbox 1136 3023 1186 3074; x_wconf 92' lang='lat' dir='ltr'><strong>in</strong></span> <span class='ocrx_word' id='word_1_280' title='bbox 1218 3022 1444 3091; x_wconf 79' lang='lat' dir='ltr'><strong>singulis</strong></span> <span class='ocrx_word' id='word_1_281' title='bbox 1478 3024 1777 3080; x_wconf 88' lang='lat' dir='ltr'><strong>hominibus</strong></span> <span class='ocrx_word' id='word_1_282' title='bbox 1803 3051 1845 3106; x_wconf 73' lang='grc' dir='ltr'>ο</span> 
     </span>
    </p>
   </div>
   <div class='ocr_carea' id='block_1_33' title="bbox 233 3102 1776 3184">
    <p class='ocr_par' dir='ltr' id='par_1_33' title="bbox 233 3102 1776 3184">
     <span class='ocr_line' id='line_1_33' title="bbox 233 3102 1776 3184; baseline 0.009 -30"><span class='ocrx_word' id='word_1_283' title='bbox 233 3102 423 3155; x_wconf 87' lang='lat' dir='ltr'><strong>omnia</strong></span> <span class='ocrx_word' id='word_1_284' title='bbox 447 3103 562 3156; x_wconf 66' lang='lat' dir='ltr'><strong>hazc</strong></span> <span class='ocrx_word' id='word_1_285' title='bbox 586 3103 749 3159; x_wconf 79' lang='lat' dir='ltr'><strong>fuisse</strong></span> <span class='ocrx_word' id='word_1_286' title='bbox 772 3117 1080 3174; x_wconf 86' lang='lat' dir='ltr'><strong>arguantur,</strong></span> <span class='ocrx_word' id='word_1_287' title='bbox 1119 3112 1210 3163; x_wconf 88' lang='lat' dir='ltr'><strong>sed</strong></span> <span class='ocrx_word' id='word_1_288' title='bbox 1256 3110 1394 3163; x_wconf 89' lang='lat' dir='ltr'><strong>aliud</strong></span> <span class='ocrx_word' id='word_1_289' title='bbox 1421 3111 1473 3166; x_wconf 92' lang='lat' dir='ltr'><strong>in</strong></span> <span class='ocrx_word' id='word_1_290' title='bbox 1508 3113 1613 3167; x_wconf 88' lang='lat' dir='ltr'><strong>alio</strong></span> <span class='ocrx_word' id='word_1_291' title='bbox 1644 3113 1776 3184; x_wconf 76' lang='lat'><strong>(37),</strong></span> 
     </span>
    </p>
   </div>
   <div class='ocr_carea' id='block_1_34' title="bbox 234 3192 1780 3271">
    <p class='ocr_par' dir='ltr' id='par_1_34' title="bbox 234 3192 1780 3271">
     <span class='ocr_line' id='line_1_34' title="bbox 234 3192 1780 3271; baseline 0.01 -29"><span class='ocrx_word' id='word_1_292' title='bbox 234 3200 288 3243; x_wconf 90' lang='lat' dir='ltr'><strong>et</strong></span> <span class='ocrx_word' id='word_1_293' title='bbox 315 3192 464 3243; x_wconf 87' lang='lat' dir='ltr'><strong>aliud</strong></span> <span class='ocrx_word' id='word_1_294' title='bbox 497 3193 550 3245; x_wconf 95' lang='lat' dir='ltr'><strong>in</strong></span> <span class='ocrx_word' id='word_1_295' title='bbox 579 3194 707 3258; x_wconf 87' lang='lat' dir='ltr'><strong>alio,</strong></span> <span class='ocrx_word' id='word_1_296' title='bbox 743 3195 816 3248; x_wconf 92' lang='lat' dir='ltr'><strong>ita</strong></span> <span class='ocrx_word' id='word_1_297' title='bbox 842 3207 1018 3250; x_wconf 85' lang='lat' dir='ltr'><strong>tamen</strong></span> <span class='ocrx_word' id='word_1_298' title='bbox 1042 3208 1098 3251; x_wconf 93' lang='lat' dir='ltr'><strong>ut</strong></span> <span class='ocrx_word' id='word_1_299' title='bbox 1124 3199 1177 3252; x_wconf 84' lang='lat' dir='ltr'><strong>in</strong></span> <span class='ocrx_word' id='word_1_300' title='bbox 1204 3201 1449 3255; x_wconf 87' lang='lat' dir='ltr'><strong>omnibus</strong></span> <span class='ocrx_word' id='word_1_301' title='bbox 1479 3202 1780 3271; x_wconf 85' lang='lat' dir='ltr'><strong>impleretur</strong></span> 
     </span>
    </p>
   </div>
   <div class='ocr_carea' id='block_1_35' title="bbox 237 3280 995 3337">
    <p class='ocr_par' dir='ltr' id='par_1_35' title="bbox 237 3280 995 3337">
     <span class='ocr_line' id='line_1_35' title="bbox 237 3280 995 3337; baseline 0.009 -7"><span class='ocrx_word' id='word_1_302' title='bbox 237 3280 570 3333; x_wconf 79' lang='lat' dir='ltr'><strong>universitas</strong></span> <span class='ocrx_word' id='word_1_303' title='bbox 598 3281 699 3334; x_wconf 90' lang='lat' dir='ltr'><strong>ista</strong></span> <span class='ocrx_word' id='word_1_304' title='bbox 730 3282 995 3337; x_wconf 87' lang='lat' dir='ltr'><strong>vitiorum.</strong></span> 
     </span>
    </p>
   </div>
   <div class='ocr_carea' id='block_1_36' title="bbox 304 3368 1776 3448">
    <p class='ocr_par' dir='ltr' id='par_1_36' title="bbox 304 3368 1776 3448">
     <span class='ocr_line' id='line_1_36' title="bbox 304 3368 1776 3448; baseline 0.008 -26"><span class='ocrx_word' id='word_1_305' title='bbox 304 3370 364 3422; x_wconf 89' lang='lat'><strong>6.</strong></span> <span class='ocrx_word' id='word_1_306' title='bbox 423 3387 442 3419; x_wconf 78' lang='grc' dir='ltr'>ι</span> <span class='ocrx_word' id='word_1_307' title='bbox 475 3368 689 3424; x_wconf 88' lang='lat' dir='ltr'><strong>Scimus</strong></span> <span class='ocrx_word' id='word_1_308' title='bbox 749 3381 965 3436; x_wconf 89' lang='lat' dir='ltr'><strong>autem,</strong></span> <span class='ocrx_word' id='word_1_309' title='bbox 1021 3379 1265 3444; x_wconf 82' lang='lat' dir='ltr'><strong>quoniam</strong></span> <span class='ocrx_word' id='word_1_310' title='bbox 1311 3392 1633 3448; x_wconf 78' lang='lat' dir='ltr'><strong>qutecunque</strong></span> <span class='ocrx_word' id='word_1_311' title='bbox 1695 3380 1776 3436; x_wconf 88' lang='lat' dir='ltr'><strong>lex</strong></span> 
     </span>
    </p>
   </div>
   <div class='ocr_carea' id='block_1_37' title="bbox 237 3456 1778 3534">
    <p class='ocr_par' dir='ltr' id='par_1_37' title="bbox 237 3456 1778 3534">
     <span class='ocr_line' id='line_1_37' title="bbox 237 3456 1778 3534; baseline 0.009 -25"><span class='ocrx_word' id='word_1_312' title='bbox 237 3456 503 3526; x_wconf 87' lang='lat' dir='ltr'><strong>loquitur,</strong></span> <span class='ocrx_word' id='word_1_313' title='bbox 541 3460 626 3514; x_wconf 90' lang='lat' dir='ltr'><strong>his</strong></span> <span class='ocrx_word' id='word_1_314' title='bbox 655 3461 746 3530; x_wconf 91' lang='lat' dir='ltr'><strong>qui</strong></span> <span class='ocrx_word' id='word_1_315' title='bbox 771 3464 822 3516; x_wconf 91' lang='lat' dir='ltr'><strong>in</strong></span> <span class='ocrx_word' id='word_1_316' title='bbox 847 3464 963 3531; x_wconf 90' lang='lat' dir='ltr'><strong>lege</strong></span> <span class='ocrx_word' id='word_1_317' title='bbox 985 3474 1110 3517; x_wconf 92' lang='lat' dir='ltr'><strong>sttnt</strong></span> <span class='ocrx_word' id='word_1_318' title='bbox 1140 3465 1393 3534; x_wconf 90' lang='lat' dir='ltr'><strong>loquitur,</strong></span> <span class='ocrx_word' id='word_1_319' title='bbox 1427 3478 1482 3520; x_wconf 90' lang='lat' dir='ltr'><strong>ttt</strong></span> <span class='ocrx_word' id='word_1_320' title='bbox 1515 3483 1669 3523; x_wconf 88' lang='lat' dir='ltr'><strong>omne</strong></span> <span class='ocrx_word' id='word_1_321' title='bbox 1716 3484 1778 3524; x_wconf 93' lang='lat' dir='ltr'><strong>os</strong></span> 
     </span>
    </p>
   </div>
   <div class='ocr_carea' id='block_1_38' title="bbox 236 3551 1774 3614">
    <p class='ocr_par' dir='ltr' id='par_1_38' title="bbox 236 3551 1774 3614">
     <span class='ocr_line' id='line_1_38' title="bbox 236 3551 1774 3614; baseline 0.007 -12"><span class='ocrx_word' id='word_1_322' title='bbox 236 3551 564 3604; x_wconf 85' lang='lat' dir='ltr'><strong>obstruatur</strong></span> <span class='ocrx_word' id='word_1_323' title='bbox 613 3561 669 3606; x_wconf 90' lang='lat' dir='ltr'><strong>et</strong></span> <span class='ocrx_word' id='word_1_324' title='bbox 720 3553 968 3607; x_wconf 87' lang='lat' dir='ltr'><strong>subditus</strong></span> <span class='ocrx_word' id='word_1_325' title='bbox 1013 3554 1104 3607; x_wconf 80' lang='lat' dir='ltr'><strong>[lat</strong></span> <span class='ocrx_word' id='word_1_326' title='bbox 1151 3557 1325 3610; x_wconf 90' lang='lat' dir='ltr'><strong>omnis</strong></span> <span class='ocrx_word' id='word_1_327' title='bbox 1374 3561 1598 3612; x_wconf 90' lang='lat' dir='ltr'><strong>mundus</strong></span> <span class='ocrx_word' id='word_1_328' title='bbox 1646 3559 1774 3614; x_wconf 89' lang='lat' dir='ltr'><strong>Deo.</strong></span> 
     </span>
    </p>
   </div>
   <div class='ocr_carea' id='block_1_39' title="bbox 238 3637 1778 3716">
    <p class='ocr_par' dir='ltr' id='par_1_39' title="bbox 238 3637 1778 3716">
     <span class='ocr_line' id='line_1_39' title="bbox 238 3637 1778 3716; baseline 0.007 -25"><span class='ocrx_word' id='word_1_329' title='bbox 238 3637 540 3706; x_wconf 87' lang='lat' dir='ltr'><strong>Propterea</strong></span> <span class='ocrx_word' id='word_1_330' title='bbox 565 3639 678 3711; x_wconf 77' lang='grc'>(58)</span> <span class='ocrx_word' id='word_1_331' title='bbox 695 3655 762 3696; x_wconf 86' lang='lat' dir='ltr'><strong>ex</strong></span> <span class='ocrx_word' id='word_1_332' title='bbox 789 3643 1039 3714; x_wconf 74' lang='lat' dir='ltr'><strong>operibus</strong></span> <span class='ocrx_word' id='word_1_333' title='bbox 1088 3644 1218 3710; x_wconf 84' lang='lat' dir='ltr'><strong>legis</strong></span> <span class='ocrx_word' id='word_1_334' title='bbox 1265 3660 1366 3698; x_wconf 92' lang='lat' dir='ltr'><strong>non</strong></span> <span class='ocrx_word' id='word_1_335' title='bbox 1405 3647 1778 3716; x_wconf 82' lang='lat' dir='ltr'><strong>justiﬁcabitur</strong></span> 
     </span>
    </p>
   </div>
   <div class='ocr_carea' id='block_1_40' title="bbox 235 3729 1773 3803">
    <p class='ocr_par' dir='ltr' id='par_1_40' title="bbox 235 3729 1773 3803">
     <span class='ocr_line' id='line_1_40' title="bbox 235 3729 1773 3803; baseline 0.007 -22"><span class='ocrx_word' id='word_1_336' title='bbox 235 3729 417 3781; x_wconf 89' lang='lat' dir='ltr'><strong>omnis</strong></span> <span class='ocrx_word' id='word_1_337' title='bbox 446 3743 578 3783; x_wconf 91' lang='lat' dir='ltr'><strong>caro</strong></span> <span class='ocrx_word' id='word_1_338' title='bbox 610 3729 661 3781; x_wconf 88' lang='lat' dir='ltr'><strong>itt</strong></span> <span class='ocrx_word' id='word_1_339' title='bbox 692 3740 980 3798; x_wconf 86' lang='lat' dir='ltr'><strong>conspectu</strong></span> <span class='ocrx_word' id='word_1_340' title='bbox 1015 3731 1103 3784; x_wconf 88' lang='lat' dir='ltr'><strong>Dei</strong></span> <span class='ocrx_word' id='word_1_341' title='bbox 1136 3731 1265 3801; x_wconf 82' lang='grc'>(59).</span> <span class='ocrx_word' id='word_1_342' title='bbox 1296 3733 1398 3786; x_wconf 85' lang='lat' dir='ltr'><strong>Per</strong></span> <span class='ocrx_word' id='word_1_343' title='bbox 1437 3736 1604 3803; x_wconf 86' lang='lat' dir='ltr'><strong>legem</strong></span> <span class='ocrx_word' id='word_1_344' title='bbox 1633 3740 1773 3791; x_wconf 91' lang='lat' dir='ltr'><strong>enim</strong></span> 
     </span>
    </p>
   </div>
   <div class='ocr_carea' id='block_1_41' title="bbox 239 3815 1774 3895">
    <p class='ocr_par' dir='ltr' id='par_1_41' title="bbox 239 3815 1774 3895">
     <span class='ocr_line' id='line_1_41' title="bbox 239 3815 1774 3895; baseline 0.009 -29"><span class='ocrx_word' id='word_1_345' title='bbox 239 3815 446 3881; x_wconf 84' lang='lat' dir='ltr'><strong>agnitio</strong></span> <span class='ocrx_word' id='word_1_346' title='bbox 475 3816 682 3881; x_wconf 87' lang='lat' dir='ltr'><strong>peccati</strong></span> <span class='ocrx_word' id='word_1_347' title='bbox 712 3815 787 3871; x_wconf 75' lang='grc' dir='ltr'><strong>’.ι</strong></span> <span class='ocrx_word' id='word_1_348' title='bbox 829 3817 1040 3871; x_wconf 71' lang='lat' dir='ltr'><strong>Praefati</strong></span> <span class='ocrx_word' id='word_1_349' title='bbox 1066 3831 1250 3874; x_wconf 84' lang='lat' dir='ltr'><strong>sumus</strong></span> <span class='ocrx_word' id='word_1_350' title='bbox 1286 3821 1334 3873; x_wconf 90' lang='lat' dir='ltr'><strong>in</strong></span> <span class='ocrx_word' id='word_1_351' title='bbox 1369 3823 1643 3891; x_wconf 81' lang='lat' dir='ltr'><strong>principiis</strong></span> <span class='ocrx_word' id='word_1_352' title='bbox 1666 3825 1774 3895; x_wconf 73' lang='grc'>(40)</span> 
     </span>
    </p>
   </div>
   <div class='ocr_carea' id='block_1_42' title="bbox 237 3902 1774 3982">
    <p class='ocr_par' dir='ltr' id='par_1_42' title="bbox 237 3902 1774 3982">
     <span class='ocr_line' id='line_1_42' title="bbox 237 3902 1774 3982; baseline 0.008 -28"><span class='ocrx_word' id='word_1_353' title='bbox 237 3902 557 3970; x_wconf 77' lang='lat' dir='ltr'><strong>Apostolum</strong></span> <span class='ocrx_word' id='word_1_354' title='bbox 623 3904 676 3957; x_wconf 92' lang='lat' dir='ltr'><strong>itt</strong></span> <span class='ocrx_word' id='word_1_355' title='bbox 737 3905 838 3958; x_wconf 89' lang='lat' dir='ltr'><strong>hac</strong></span> <span class='ocrx_word' id='word_1_356' title='bbox 891 3906 1123 3974; x_wconf 85' lang='lat' dir='ltr'><strong>Epistula</strong></span> <span class='ocrx_word' id='word_1_357' title='bbox 1177 3911 1243 3963; x_wconf 88' lang='lat' dir='ltr'><strong>de</strong></span> <span class='ocrx_word' id='word_1_358' title='bbox 1293 3910 1528 3978; x_wconf 90' lang='lat' dir='ltr'><strong>pluribus</strong></span> <span class='ocrx_word' id='word_1_359' title='bbox 1575 3911 1774 3982; x_wconf 89' lang='lat' dir='ltr'><strong>legibus</strong></span> 
     </span>
    </p>
   </div>
   <div class='ocr_carea' id='block_1_43' title="bbox 243 3999 1774 4062">
    <p class='ocr_par' dir='ltr' id='par_1_43' title="bbox 243 3999 1774 4062">
     <span class='ocr_line' id='line_1_43' title="bbox 243 3999 1774 4062; baseline 0.008 -18"><span class='ocrx_word' id='word_1_360' title='bbox 243 3999 627 4058; x_wconf 85' lang='lat' dir='ltr'><strong>tractaturum,</strong></span> <span class='ocrx_word' id='word_1_361' title='bbox 673 4009 899 4062; x_wconf 88' lang='lat' dir='ltr'><strong>quarum</strong></span> <span class='ocrx_word' id='word_1_362' title='bbox 953 3999 1203 4053; x_wconf 91' lang='lat' dir='ltr'><strong>discretio</strong></span> <span class='ocrx_word' id='word_1_363' title='bbox 1255 4008 1310 4054; x_wconf 92' lang='lat' dir='ltr'><strong>et</strong></span> <span class='ocrx_word' id='word_1_364' title='bbox 1353 4001 1628 4056; x_wconf 90' lang='lat' dir='ltr'><strong>distinctio</strong></span> <span class='ocrx_word' id='word_1_365' title='bbox 1674 4005 1774 4058; x_wconf 89' lang='lat' dir='ltr'><strong>nisi</strong></span> 
     </span>
    </p>
   </div>
   <div class='ocr_carea' id='block_1_44' title="bbox 239 4084 1774 4159">
    <p class='ocr_par' dir='ltr' id='par_1_44' title="bbox 239 4084 1774 4159">
     <span class='ocr_line' id='line_1_44' title="bbox 239 4084 1774 4159; baseline 0.008 -25"><span class='ocrx_word' id='word_1_366' title='bbox 239 4097 339 4152; x_wconf 84' lang='lat' dir='ltr'><strong>per</strong></span> <span class='ocrx_word' id='word_1_367' title='bbox 367 4084 484 4138; x_wconf 89' lang='lat' dir='ltr'><strong>loca</strong></span> <span class='ocrx_word' id='word_1_368' title='bbox 527 4086 737 4154; x_wconf 89' lang='lat' dir='ltr'><strong>singula</strong></span> <span class='ocrx_word' id='word_1_369' title='bbox 765 4087 1038 4153; x_wconf 77' lang='lat' dir='ltr'><strong>habeatur,</strong></span> <span class='ocrx_word' id='word_1_370' title='bbox 1071 4088 1397 4144; x_wconf 76' lang='lat' dir='ltr'><strong>confundere</strong></span> <span class='ocrx_word' id='word_1_371' title='bbox 1427 4093 1621 4159; x_wconf 90' lang='lat' dir='ltr'><strong>poterit</strong></span> <span class='ocrx_word' id='word_1_372' title='bbox 1649 4107 1774 4146; x_wconf 84' lang='lat' dir='ltr'><strong>sen-</strong></span> 
     </span>
    </p>
   </div>
   <div class='ocr_carea' id='block_1_45' title="bbox 239 4173 1773 4251">
    <p class='ocr_par' dir='ltr' id='par_1_45' title="bbox 239 4173 1773 4251">
     <span class='ocr_line' id='line_1_45' title="bbox 239 4173 1773 4251; baseline 0.007 -27"><span class='ocrx_word' id='word_1_373' title='bbox 239 4185 360 4225; x_wconf 85' lang='lat' dir='ltr'><strong>sum</strong></span> <span class='ocrx_word' id='word_1_374' title='bbox 403 4173 652 4242; x_wconf 89' lang='lat' dir='ltr'><strong>legentis.</strong></span> <span class='ocrx_word' id='word_1_375' title='bbox 685 4174 849 4244; x_wconf 90' lang='lat' dir='ltr'><strong>Igitur</strong></span> <span class='ocrx_word' id='word_1_376' title='bbox 891 4176 1049 4231; x_wconf 91' lang='lat' dir='ltr'><strong>etiam</strong></span> <span class='ocrx_word' id='word_1_377' title='bbox 1093 4179 1145 4230; x_wconf 91' lang='lat' dir='ltr'><strong>in</strong></span> <span class='ocrx_word' id='word_1_378' title='bbox 1194 4181 1450 4247; x_wconf 66' lang='lat' dir='ltr'><strong>praesenti</strong></span> <span class='ocrx_word' id='word_1_379' title='bbox 1482 4182 1597 4236; x_wconf 91' lang='lat' dir='ltr'><strong>loco</strong></span> <span class='ocrx_word' id='word_1_380' title='bbox 1635 4184 1773 4251; x_wconf 88' lang='lat' dir='ltr'><strong>quod</strong></span> 
     </span>
    </p>
   </div>
   <div class='ocr_carea' id='block_1_46' title="bbox 241 4265 1773 4341">
    <p class='ocr_par' dir='ltr' id='par_1_46' title="bbox 241 4265 1773 4341">
     <span class='ocr_line' id='line_1_46' title="bbox 241 4265 1773 4341; baseline 0.007 -24"><span class='ocrx_word' id='word_1_381' title='bbox 241 4265 411 4322; x_wconf 90' lang='lat' dir='ltr'><strong>dicit:</strong></span> <span class='ocrx_word' id='word_1_382' title='bbox 440 4287 460 4319; x_wconf 76' lang='grc' dir='ltr'>σ</span> <span class='ocrx_word' id='word_1_383' title='bbox 495 4269 711 4323; x_wconf 88' lang='lat' dir='ltr'><strong>Scimus</strong></span> <span class='ocrx_word' id='word_1_384' title='bbox 773 4279 970 4332; x_wconf 90' lang='lat' dir='ltr'><strong>autem,</strong></span> <span class='ocrx_word' id='word_1_385' title='bbox 1023 4272 1272 4338; x_wconf 89' lang='lat' dir='ltr'><strong>quoniam</strong></span> <span class='ocrx_word' id='word_1_386' title='bbox 1320 4285 1646 4341; x_wconf 62' lang='lat' dir='ltr'><strong>quaecunque</strong></span> <span class='ocrx_word' id='word_1_387' title='bbox 1689 4273 1773 4328; x_wconf 88' lang='lat' dir='ltr'><strong>lex</strong></span> 
     </span>
    </p>
   </div>
   <div class='ocr_carea' id='block_1_47' title="bbox 242 4356 1850 4432">
    <p class='ocr_par' dir='ltr' id='par_1_47' title="bbox 242 4356 1850 4432">
     <span class='ocr_line' id='line_1_47' title="bbox 242 4356 1850 4432; baseline 0.001 -17"><span class='ocrx_word' id='word_1_388' title='bbox 242 4361 506 4430; x_wconf 89' lang='lat' dir='ltr'><strong>loquitur,</strong></span> <span class='ocrx_word' id='word_1_389' title='bbox 537 4361 621 4414; x_wconf 85' lang='lat' dir='ltr'><strong>his</strong></span> <span class='ocrx_word' id='word_1_390' title='bbox 642 4361 734 4429; x_wconf 93' lang='lat' dir='ltr'><strong>qui</strong></span> <span class='ocrx_word' id='word_1_391' title='bbox 769 4361 821 4414; x_wconf 92' lang='lat' dir='ltr'><strong>iu</strong></span> <span class='ocrx_word' id='word_1_392' title='bbox 849 4361 962 4430; x_wconf 88' lang='lat' dir='ltr'><strong>lege</strong></span> <span class='ocrx_word' id='word_1_393' title='bbox 983 4371 1110 4415; x_wconf 88' lang='lat' dir='ltr'><strong>sunt</strong></span> <span class='ocrx_word' id='word_1_394' title='bbox 1136 4361 1392 4430; x_wconf 90' lang='lat' dir='ltr'><strong>loquitur,</strong></span> <span class='ocrx_word' id='word_1_395' title='bbox 1427 4378 1446 4412; x_wconf 70' lang='grc' dir='ltr'><strong>ο</strong></span> <span class='ocrx_word' id='word_1_396' title='bbox 1471 4363 1774 4432; x_wconf 90' lang='lat' dir='ltr'><strong>diligentius</strong></span> <span class='ocrx_word' id='word_1_397' title='bbox 1807 4356 1850 4410; x_wconf 84' lang='lat' dir='ltr'><strong>D</strong></span> 
     </span>
    </p>
   </div>
   <div class='ocr_carea' id='block_1_48' title="bbox 245 4451 1770 4521">
    <p class='ocr_par' dir='ltr' id='par_1_48' title="bbox 245 4451 1770 4521">
     <span class='ocr_line' id='line_1_48' title="bbox 245 4451 1770 4521; baseline 0.001 -17"><span class='ocrx_word' id='word_1_398' title='bbox 245 4454 524 4520; x_wconf 82' lang='lat' dir='ltr'><strong>requirere</strong></span> <span class='ocrx_word' id='word_1_399' title='bbox 555 4451 811 4505; x_wconf 83' lang='lat' dir='ltr'><strong>debemus</strong></span> <span class='ocrx_word' id='word_1_400' title='bbox 832 4465 950 4518; x_wconf 68' lang='lat' dir='ltr'><strong>quae</strong></span> <span class='ocrx_word' id='word_1_401' title='bbox 975 4451 1042 4503; x_wconf 88' lang='lat' dir='ltr'><strong>sit</strong></span> <span class='ocrx_word' id='word_1_402' title='bbox 1064 4451 1142 4504; x_wconf 89' lang='lat' dir='ltr'><strong>lex</strong></span> <span class='ocrx_word' id='word_1_403' title='bbox 1165 4460 1288 4519; x_wconf 70' lang='lat' dir='ltr'><strong>qua:</strong></span> <span class='ocrx_word' id='word_1_404' title='bbox 1321 4453 1566 4521; x_wconf 90' lang='lat' dir='ltr'><strong>loquatur</strong></span> <span class='ocrx_word' id='word_1_405' title='bbox 1591 4455 1654 4507; x_wconf 89' lang='lat' dir='ltr'><strong>ad</strong></span> <span class='ocrx_word' id='word_1_406' title='bbox 1678 4469 1770 4508; x_wconf 86' lang='lat' dir='ltr'><strong>eos</strong></span> 
     </span>
    </p>
   </div>
   <div class='ocr_carea' id='block_1_49' title="bbox 239 4541 1778 4612">
    <p class='ocr_par' dir='ltr' id='par_1_49' title="bbox 239 4541 1778 4612">
     <span class='ocr_line' id='line_1_49' title="bbox 239 4541 1778 4612; baseline 0.002 -20"><span class='ocrx_word' id='word_1_407' title='bbox 239 4543 336 4610; x_wconf 90' lang='lat' dir='ltr'><strong>qui</strong></span> <span class='ocrx_word' id='word_1_408' title='bbox 359 4542 410 4595; x_wconf 88' lang='lat' dir='ltr'><strong>in</strong></span> <span class='ocrx_word' id='word_1_409' title='bbox 443 4542 562 4609; x_wconf 85' lang='lat' dir='ltr'><strong>lege</strong></span> <span class='ocrx_word' id='word_1_410' title='bbox 591 4549 744 4604; x_wconf 90' lang='lat' dir='ltr'><strong>sunt,</strong></span> <span class='ocrx_word' id='word_1_411' title='bbox 785 4549 840 4595; x_wconf 89' lang='lat' dir='ltr'><strong>et</strong></span> <span class='ocrx_word' id='word_1_412' title='bbox 876 4555 972 4608; x_wconf 89' lang='lat' dir='ltr'><strong>per</strong></span> <span class='ocrx_word' id='word_1_413' title='bbox 999 4541 1096 4594; x_wconf 86' lang='lat' dir='ltr'><strong>hoc</strong></span> <span class='ocrx_word' id='word_1_414' title='bbox 1134 4543 1274 4609; x_wconf 91' lang='lat' dir='ltr'><strong>quod</strong></span> <span class='ocrx_word' id='word_1_415' title='bbox 1311 4541 1376 4595; x_wconf 88' lang='lat' dir='ltr'><strong>ad</strong></span> <span class='ocrx_word' id='word_1_416' title='bbox 1421 4557 1513 4596; x_wconf 90' lang='lat' dir='ltr'><strong>eos</strong></span> <span class='ocrx_word' id='word_1_417' title='bbox 1547 4543 1778 4612; x_wconf 91' lang='lat' dir='ltr'><strong>loquitur</strong></span> 
     </span>
    </p>
   </div>
   <div class='ocr_carea' id='block_1_50' title="bbox 241 4631 1776 4698">
    <p class='ocr_par' dir='ltr' id='par_1_50' title="bbox 241 4631 1776 4698">
     <span class='ocr_line' id='line_1_50' title="bbox 241 4631 1776 4698; baseline 0 -12"><span class='ocrx_word' id='word_1_418' title='bbox 241 4633 392 4686; x_wconf 90' lang='lat' dir='ltr'><strong>omni</strong></span> <span class='ocrx_word' id='word_1_419' title='bbox 412 4648 507 4687; x_wconf 88' lang='lat' dir='ltr'><strong>ens</strong></span> <span class='ocrx_word' id='word_1_420' title='bbox 534 4631 879 4686; x_wconf 85' lang='lat' dir='ltr'><strong>excusatione</strong></span> <span class='ocrx_word' id='word_1_421' title='bbox 896 4631 1123 4684; x_wconf 89' lang='lat' dir='ltr'><strong>denudet</strong></span> <span class='ocrx_word' id='word_1_422' title='bbox 1145 4669 1160 4693; x_wconf 95' lang='lat'><strong>,</strong></span> <span class='ocrx_word' id='word_1_423' title='bbox 1194 4645 1258 4684; x_wconf 93' lang='lat' dir='ltr'><strong>ne</strong></span> <span class='ocrx_word' id='word_1_424' title='bbox 1280 4641 1617 4698; x_wconf 87' lang='lat' dir='ltr'><strong>peccatorum</strong></span> <span class='ocrx_word' id='word_1_425' title='bbox 1651 4647 1776 4686; x_wconf 88' lang='lat' dir='ltr'><strong>suo-</strong></span> 
     </span>
    </p>
   </div>
   <div class='ocr_carea' id='block_1_51' title="bbox 243 4703 1773 4792">
    <p class='ocr_par' dir='ltr' id='par_1_51' title="bbox 243 4703 1773 4792">
     <span class='ocr_line' id='line_1_51' title="bbox 243 4703 1773 4792; baseline 0.001 -18"><span class='ocrx_word' id='word_1_426' title='bbox 243 4739 365 4775; x_wconf 88' lang='lat' dir='ltr'><strong>rum</strong></span> <span class='ocrx_word' id='word_1_427' title='bbox 390 4723 596 4792; x_wconf 86' lang='lat' dir='ltr'><strong>possint</strong></span> <span class='ocrx_word' id='word_1_428' title='bbox 624 4723 864 4775; x_wconf 85' lang='lat' dir='ltr'><strong>invenire</strong></span> <span class='ocrx_word' id='word_1_429' title='bbox 893 4721 1127 4792; x_wconf 77' lang='lat' dir='ltr'><strong>perfugia</strong></span> <span class='ocrx_word' id='word_1_430' title='bbox 1160 4739 1173 4774; x_wconf 92' lang='lat'><strong>:</strong></span> <span class='ocrx_word' id='word_1_431' title='bbox 1205 4723 1303 4776; x_wconf 90' lang='lat' dir='ltr'><strong>hoc</strong></span> <span class='ocrx_word' id='word_1_432' title='bbox 1345 4721 1483 4774; x_wconf 89' lang='lat' dir='ltr'><strong>enim</strong></span> <span class='ocrx_word' id='word_1_433' title='bbox 1526 4703 1608 4775; x_wconf 81' lang='lat' dir='ltr'><strong>est</strong></span> <span class='ocrx_word' id='word_1_434' title='bbox 1634 4724 1773 4790; x_wconf 90' lang='lat' dir='ltr'><strong>quod</strong></span> 
     </span>
    </p>
   </div>
   <div class='ocr_carea' id='block_1_52' title="bbox 239 4811 1772 4878">
    <p class='ocr_par' dir='ltr' id='par_1_52' title="bbox 239 4811 1772 4878">
     <span class='ocr_line' id='line_1_52' title="bbox 239 4811 1772 4878; baseline 0 -14"><span class='ocrx_word' id='word_1_435' title='bbox 239 4811 421 4866; x_wconf 86' lang='lat' dir='ltr'><strong>dicit:</strong></span> <span class='ocrx_word' id='word_1_436' title='bbox 454 4831 474 4864; x_wconf 71' lang='grc' dir='ltr'>ι</span> <span class='ocrx_word' id='word_1_437' title='bbox 501 4811 574 4868; x_wconf 86' lang='lat' dir='ltr'><strong>Ut</strong></span> <span class='ocrx_word' id='word_1_438' title='bbox 608 4825 768 4864; x_wconf 91' lang='lat' dir='ltr'><strong>omne</strong></span> <span class='ocrx_word' id='word_1_439' title='bbox 811 4826 872 4865; x_wconf 90' lang='lat' dir='ltr'><strong>os</strong></span> <span class='ocrx_word' id='word_1_440' title='bbox 918 4811 1245 4878; x_wconf 85' lang='lat' dir='ltr'><strong>obstruatur,</strong></span> <span class='ocrx_word' id='word_1_441' title='bbox 1293 4818 1348 4864; x_wconf 89' lang='lat' dir='ltr'><strong>et</strong></span> <span class='ocrx_word' id='word_1_442' title='bbox 1396 4811 1636 4864; x_wconf 84' lang='lat' dir='ltr'><strong>subditus</strong></span> <span class='ocrx_word' id='word_1_443' title='bbox 1681 4811 1772 4864; x_wconf 84' lang='lat' dir='ltr'><strong>ﬁat</strong></span> 
     </span>
    </p>
   </div>
   <div class='ocr_carea' id='block_1_53' title="bbox 243 4897 1770 4968">
    <p class='ocr_par' dir='ltr' id='par_1_53' title="bbox 243 4897 1770 4968">
     <span class='ocr_line' id='line_1_53' title="bbox 243 4897 1770 4968; baseline -0.001 -14"><span class='ocrx_word' id='word_1_444' title='bbox 243 4903 422 4956; x_wconf 88' lang='lat' dir='ltr'><strong>omnis</strong></span> <span class='ocrx_word' id='word_1_445' title='bbox 485 4902 718 4956; x_wconf 90' lang='lat' dir='ltr'><strong>mundus</strong></span> <span class='ocrx_word' id='word_1_446' title='bbox 768 4901 892 4955; x_wconf 92' lang='lat' dir='ltr'><strong>Deo.</strong></span> <span class='ocrx_word' id='word_1_447' title='bbox 923 4919 943 4953; x_wconf 75' lang='grc' dir='ltr'><strong><em>ι</em></strong></span> <span class='ocrx_word' id='word_1_448' title='bbox 979 4899 1128 4964; x_wconf 85' lang='lat' dir='ltr'><strong>Quod</strong></span> <span class='ocrx_word' id='word_1_449' title='bbox 1181 4899 1224 4954; x_wconf 88' lang='lat' dir='ltr'><strong>si</strong></span> <span class='ocrx_word' id='word_1_450' title='bbox 1278 4897 1501 4952; x_wconf 82' lang='lat' dir='ltr'><strong>velimus</strong></span> <span class='ocrx_word' id='word_1_451' title='bbox 1549 4899 1612 4952; x_wconf 86' lang='lat' dir='ltr'><strong>de</strong></span> <span class='ocrx_word' id='word_1_452' title='bbox 1661 4899 1770 4968; x_wconf 89' lang='lat' dir='ltr'><strong>lege</strong></span> 
     </span>
    </p>
   </div>
   <div class='ocr_carea' id='block_1_54' title="bbox 1897 681 3412 754">
    <p class='ocr_par' dir='ltr' id='par_1_54' title="bbox 1897 681 3412 754">
     <span class='ocr_line' id='line_1_54' title="bbox 1897 681 3412 754; baseline -0.004 -16"><span class='ocrx_word' id='word_1_453' title='bbox 1897 689 2084 754; x_wconf 80' lang='lat' dir='ltr'><strong>legem,</strong></span> <span class='ocrx_word' id='word_1_454' title='bbox 2110 699 2226 753; x_wconf 66' lang='lat' dir='ltr'><strong>qua:</strong></span> <span class='ocrx_word' id='word_1_455' title='bbox 2265 699 2420 736; x_wconf 86' lang='lat' dir='ltr'><strong>unam</strong></span> <span class='ocrx_word' id='word_1_456' title='bbox 2447 686 2808 736; x_wconf 84' lang='lat' dir='ltr'><strong>tantummodo</strong></span> <span class='ocrx_word' id='word_1_457' title='bbox 2839 681 3096 736; x_wconf 82' lang='lat' dir='ltr'><strong>institutis</strong></span> <span class='ocrx_word' id='word_1_458' title='bbox 3127 683 3240 735; x_wconf 86' lang='lat' dir='ltr'><strong>suis</strong></span> <span class='ocrx_word' id='word_1_459' title='bbox 3282 695 3412 735; x_wconf 87' lang='lat' dir='ltr'><strong>con-</strong></span> 
     </span>
    </p>
   </div>
   <div class='ocr_carea' id='block_1_55' title="bbox 1894 773 3414 846">
    <p class='ocr_par' dir='ltr' id='par_1_55' title="bbox 1894 773 3414 846">
     <span class='ocr_line' id='line_1_55' title="bbox 1894 773 3414 846; baseline -0.004 -16"><span class='ocrx_word' id='word_1_460' title='bbox 1894 777 2050 844; x_wconf 90' lang='lat' dir='ltr'><strong>tingit</strong></span> <span class='ocrx_word' id='word_1_461' title='bbox 2089 785 2317 846; x_wconf 86' lang='lat' dir='ltr'><strong>gentem.</strong></span> <span class='ocrx_word' id='word_1_462' title='bbox 2351 790 2508 830; x_wconf 87' lang='lat' dir='ltr'><strong>omne</strong></span> <span class='ocrx_word' id='word_1_463' title='bbox 2545 791 2603 830; x_wconf 92' lang='lat' dir='ltr'><strong>os</strong></span> <span class='ocrx_word' id='word_1_464' title='bbox 2641 775 2961 836; x_wconf 87' lang='lat' dir='ltr'><strong>obstruatur.</strong></span> <span class='ocrx_word' id='word_1_465' title='bbox 3015 782 3069 826; x_wconf 91' lang='lat' dir='ltr'><strong>et</strong></span> <span class='ocrx_word' id='word_1_466' title='bbox 3115 773 3288 825; x_wconf 84' lang='lat' dir='ltr'><strong>omnis</strong></span> <span class='ocrx_word' id='word_1_467' title='bbox 3319 785 3414 840; x_wconf 82' lang='lat' dir='ltr'><strong>per</strong></span> 
     </span>
    </p>
   </div>
   <div class='ocr_carea' id='block_1_56' title="bbox 1889 863 3412 929">
    <p class='ocr_par' dir='ltr' id='par_1_56' title="bbox 1889 863 3412 929">
     <span class='ocr_line' id='line_1_56' title="bbox 1889 863 3412 929; baseline -0.001 -10"><span class='ocrx_word' id='word_1_468' title='bbox 1889 879 2006 919; x_wconf 88' lang='lat' dir='ltr'><strong>eam</strong></span> <span class='ocrx_word' id='word_1_469' title='bbox 2041 867 2263 919; x_wconf 88' lang='lat' dir='ltr'><strong>mundus</strong></span> <span class='ocrx_word' id='word_1_470' title='bbox 2308 865 2416 919; x_wconf 91' lang='lat' dir='ltr'><strong>Deo</strong></span> <span class='ocrx_word' id='word_1_471' title='bbox 2466 874 2708 919; x_wconf 90' lang='lat' dir='ltr'><strong>teneatur</strong></span> <span class='ocrx_word' id='word_1_472' title='bbox 2745 864 3043 918; x_wconf 84' lang='lat' dir='ltr'><strong>obnoxius?</strong></span> <span class='ocrx_word' id='word_1_473' title='bbox 3091 863 3223 929; x_wconf 83' lang='lat' dir='ltr'><strong>Quid</strong></span> <span class='ocrx_word' id='word_1_474' title='bbox 3267 863 3412 919; x_wconf 81' lang='lat' dir='ltr'><strong>enim</strong></span> 
     </span>
    </p>
   </div>
   <div class='ocr_carea' id='block_1_57' title="bbox 1891 955 3412 1025">
    <p class='ocr_par' dir='ltr' id='par_1_57' title="bbox 1891 955 3412 1025">
     <span class='ocr_line' id='line_1_57' title="bbox 1891 955 3412 1025; baseline 0 -15"><span class='ocrx_word' id='word_1_475' title='bbox 1891 970 2169 1010; x_wconf 85' lang='lat' dir='ltr'><strong>commune</strong></span> <span class='ocrx_word' id='word_1_476' title='bbox 2195 959 2258 1008; x_wconf 85' lang='lat' dir='ltr'><strong>ad</strong></span> <span class='ocrx_word' id='word_1_477' title='bbox 2289 957 2424 1010; x_wconf 88' lang='lat' dir='ltr'><strong>hanc</strong></span> <span class='ocrx_word' id='word_1_478' title='bbox 2453 957 2620 1025; x_wconf 86' lang='lat' dir='ltr'><strong>legem</strong></span> <span class='ocrx_word' id='word_1_479' title='bbox 2649 965 2831 1024; x_wconf 87' lang='lat' dir='ltr'><strong>gentes</strong></span> <span class='ocrx_word' id='word_1_480' title='bbox 2860 970 3063 1018; x_wconf 89' lang='lat' dir='ltr'><strong>omnes,</strong></span> <span class='ocrx_word' id='word_1_481' title='bbox 3114 955 3238 1023; x_wconf 88' lang='lat' dir='ltr'><strong>quid</strong></span> <span class='ocrx_word' id='word_1_482' title='bbox 3271 963 3412 1011; x_wconf 86' lang='lat' dir='ltr'><strong>totus</strong></span> 
     </span>
    </p>
   </div>
   <div class='ocr_carea' id='block_1_58' title="bbox 1892 1045 3411 1112">
    <p class='ocr_par' dir='ltr' id='par_1_58' title="bbox 1892 1045 3411 1112">
     <span class='ocr_line' id='line_1_58' title="bbox 1892 1045 3411 1112; baseline 0.002 -14"><span class='ocrx_word' id='word_1_483' title='bbox 1892 1046 2088 1099; x_wconf 89' lang='lat' dir='ltr'><strong>habere</strong></span> <span class='ocrx_word' id='word_1_484' title='bbox 2110 1048 2336 1098; x_wconf 87' lang='lat' dir='ltr'><strong>mundus</strong></span> <span class='ocrx_word' id='word_1_485' title='bbox 2359 1046 2657 1100; x_wconf 90' lang='lat' dir='ltr'><strong>credendus</strong></span> <span class='ocrx_word' id='word_1_486' title='bbox 2684 1045 2810 1099; x_wconf 84' lang='lat' dir='ltr'><strong>est?</strong></span> <span class='ocrx_word' id='word_1_487' title='bbox 2839 1046 3116 1112; x_wconf 83' lang='lat' dir='ltr'><strong>Quomodo</strong></span> <span class='ocrx_word' id='word_1_488' title='bbox 3145 1054 3323 1100; x_wconf 87' lang='lat' dir='ltr'><strong>autem</strong></span> <span class='ocrx_word' id='word_1_489' title='bbox 3355 1055 3411 1101; x_wconf 89' lang='lat' dir='ltr'><strong>et</strong></span> 
     </span>
    </p>
   </div>
   <div class='ocr_carea' id='block_1_59' title="bbox 1889 1134 3412 1205">
    <p class='ocr_par' dir='ltr' id='par_1_59' title="bbox 1889 1134 3412 1205">
     <span class='ocr_line' id='line_1_59' title="bbox 1889 1134 3412 1205; baseline 0.003 -19"><span class='ocrx_word' id='word_1_490' title='bbox 1889 1136 2088 1205; x_wconf 89' lang='lat' dir='ltr'><strong>agnitio</strong></span> <span class='ocrx_word' id='word_1_491' title='bbox 2126 1136 2323 1204; x_wconf 71' lang='lat' dir='ltr'><strong>peccati</strong></span> <span class='ocrx_word' id='word_1_492' title='bbox 2360 1149 2452 1200; x_wconf 90' lang='lat' dir='ltr'><strong>per</strong></span> <span class='ocrx_word' id='word_1_493' title='bbox 2487 1134 2652 1202; x_wconf 89' lang='lat' dir='ltr'><strong>legem</strong></span> <span class='ocrx_word' id='word_1_494' title='bbox 2689 1134 2851 1204; x_wconf 85' lang='lat' dir='ltr'><strong>Moysi</strong></span> <span class='ocrx_word' id='word_1_495' title='bbox 2895 1136 3011 1188; x_wconf 84' lang='lat' dir='ltr'><strong>ﬁeri</strong></span> <span class='ocrx_word' id='word_1_496' title='bbox 3045 1137 3259 1196; x_wconf 90' lang='lat' dir='ltr'><strong>dicitur.</strong></span> <span class='ocrx_word' id='word_1_497' title='bbox 3290 1149 3412 1190; x_wconf 80' lang='lat' dir='ltr'><strong>cum</strong></span> 
     </span>
    </p>
   </div>
   <div class='ocr_carea' id='block_1_60' title="bbox 1889 1225 3412 1296">
    <p class='ocr_par' dir='ltr' id='par_1_60' title="bbox 1889 1225 3412 1296">
     <span class='ocr_line' id='line_1_60' title="bbox 1889 1225 3412 1296; baseline 0 -17"><span class='ocrx_word' id='word_1_498' title='bbox 1889 1228 2228 1280; x_wconf 85' lang='lat' dir='ltr'><strong>inveniantur</strong></span> <span class='ocrx_word' id='word_1_499' title='bbox 2261 1225 2470 1292; x_wconf 88' lang='lat' dir='ltr'><strong>plurimi</strong></span> <span class='ocrx_word' id='word_1_500' title='bbox 2513 1234 2568 1277; x_wconf 91' lang='lat' dir='ltr'><strong>et</strong></span> <span class='ocrx_word' id='word_1_501' title='bbox 2597 1233 2717 1276; x_wconf 90' lang='lat' dir='ltr'><strong>ante</strong></span> <span class='ocrx_word' id='word_1_502' title='bbox 2753 1238 2869 1278; x_wconf 90' lang='lat' dir='ltr'><strong>eam</strong></span> <span class='ocrx_word' id='word_1_503' title='bbox 2909 1227 3192 1290; x_wconf 80' lang='lat' dir='ltr'><strong>agnovisse</strong></span> <span class='ocrx_word' id='word_1_504' title='bbox 3217 1243 3412 1296; x_wconf 71' lang='lat' dir='ltr'><strong>pecca-</strong></span> 
     </span>
    </p>
   </div>
   <div class='ocr_carea' id='block_1_61' title="bbox 1891 1315 3406 1384">
    <p class='ocr_par' dir='ltr' id='par_1_61' title="bbox 1891 1315 3406 1384">
     <span class='ocr_line' id='line_1_61' title="bbox 1891 1315 3406 1384; baseline 0.002 -14"><span class='ocrx_word' id='word_1_505' title='bbox 1891 1327 2000 1370; x_wconf 90' lang='lat' dir='ltr'><strong>tum</strong></span> <span class='ocrx_word' id='word_1_506' title='bbox 2037 1316 2233 1370; x_wconf 79' lang='lat' dir='ltr'><strong>suum?</strong></span> <span class='ocrx_word' id='word_1_507' title='bbox 2273 1315 2406 1370; x_wconf 82' lang='lat' dir='ltr'><strong>Cain</strong></span> <span class='ocrx_word' id='word_1_508' title='bbox 2442 1315 2669 1384; x_wconf 89' lang='lat' dir='ltr'><strong>denique</strong></span> <span class='ocrx_word' id='word_1_509' title='bbox 2714 1330 2832 1368; x_wconf 79' lang='lat' dir='ltr'><strong>cuin</strong></span> <span class='ocrx_word' id='word_1_510' title='bbox 2866 1325 3139 1383; x_wconf 87' lang='lat' dir='ltr'><strong>peccasset</strong></span> <span class='ocrx_word' id='word_1_511' title='bbox 3177 1318 3246 1370; x_wconf 80' lang='lat' dir='ltr'><strong>ita</strong></span> <span class='ocrx_word' id='word_1_512' title='bbox 3277 1319 3349 1369; x_wconf 88' lang='lat' dir='ltr'><strong>ait</strong></span> <span class='ocrx_word' id='word_1_513' title='bbox 3393 1340 3406 1373; x_wconf 92' lang='lat'><strong>:</strong></span> 
     </span>
    </p>
   </div>
   <div class='ocr_carea' id='block_1_62' title="bbox 1892 1406 3405 1474">
    <p class='ocr_par' dir='ltr' id='par_1_62' title="bbox 1892 1406 3405 1474">
     <span class='ocr_line' id='line_1_62' title="bbox 1892 1406 3405 1474; baseline 0 -17"><span class='ocrx_word' id='word_1_514' title='bbox 1892 1425 1912 1457; x_wconf 82' lang='grc'><em>‹</em></span> <span class='ocrx_word' id='word_1_515' title='bbox 1943 1406 2108 1473; x_wconf 86' lang='lat' dir='ltr'><strong>Majus</strong></span> <span class='ocrx_word' id='word_1_516' title='bbox 2132 1416 2210 1459; x_wconf 91' lang='lat' dir='ltr'><strong>est</strong></span> <span class='ocrx_word' id='word_1_517' title='bbox 2233 1414 2505 1474; x_wconf 84' lang='lat' dir='ltr'><strong>peccatum</strong></span> <span class='ocrx_word' id='word_1_518' title='bbox 2531 1419 2727 1469; x_wconf 91' lang='lat' dir='ltr'><strong>meum,</strong></span> <span class='ocrx_word' id='word_1_519' title='bbox 2745 1422 2902 1474; x_wconf 91' lang='lat' dir='ltr'><strong>quam</strong></span> <span class='ocrx_word' id='word_1_520' title='bbox 2927 1415 2983 1458; x_wconf 90' lang='lat' dir='ltr'><strong>ut</strong></span> <span class='ocrx_word' id='word_1_521' title='bbox 3009 1409 3310 1461; x_wconf 81' lang='lat' dir='ltr'><strong>remittatur</strong></span> <span class='ocrx_word' id='word_1_522' title='bbox 3329 1409 3405 1461; x_wconf 71' lang='grc'><strong>⁸.»</strong></span> 
     </span>
    </p>
   </div>
   <div class='ocr_carea' id='block_1_63' title="bbox 1887 1495 3409 1567">
    <p class='ocr_par' dir='ltr' id='par_1_63' title="bbox 1887 1495 3409 1567">
     <span class='ocr_line' id='line_1_63' title="bbox 1887 1495 3409 1567; baseline 0 -17"><span class='ocrx_word' id='word_1_523' title='bbox 1887 1498 1994 1567; x_wconf 73' lang='grc'>(41)</span> <span class='ocrx_word' id='word_1_524' title='bbox 2019 1499 2191 1558; x_wconf 72' lang='lat' dir='ltr'><strong>Sedet</strong></span> <span class='ocrx_word' id='word_1_525' title='bbox 2218 1496 2532 1565; x_wconf 65' lang='lat' dir='ltr'><strong>patriarcha:</strong></span> <span class='ocrx_word' id='word_1_526' title='bbox 2553 1509 2670 1549; x_wconf 90' lang='lat' dir='ltr'><strong>cum</strong></span> <span class='ocrx_word' id='word_1_527' title='bbox 2696 1497 2762 1550; x_wconf 83' lang='lat' dir='ltr'><strong>ad</strong></span> <span class='ocrx_word' id='word_1_528' title='bbox 2791 1495 2986 1565; x_wconf 82' lang='lat' dir='ltr'><strong>Joseph</strong></span> <span class='ocrx_word' id='word_1_529' title='bbox 3011 1499 3409 1551; x_wconf 86' lang='lat' dir='ltr'><strong>descendissent</strong></span> 
     </span>
    </p>
   </div>
   <div class='ocr_carea' id='block_1_64' title="bbox 1885 1585 3411 1656">
    <p class='ocr_par' dir='ltr' id='par_1_64' title="bbox 1885 1585 3411 1656">
     <span class='ocr_line' id='line_1_64' title="bbox 1885 1585 3411 1656; baseline 0 -14"><span class='ocrx_word' id='word_1_530' title='bbox 1885 1591 1935 1642; x_wconf 91' lang='lat' dir='ltr'><strong>in</strong></span> <span class='ocrx_word' id='word_1_531' title='bbox 1965 1587 2274 1656; x_wconf 68' lang='lat' dir='ltr'><strong>Egyptunt,</strong></span> <span class='ocrx_word' id='word_1_532' title='bbox 2313 1596 2367 1640; x_wconf 92' lang='lat' dir='ltr'><strong>et</strong></span> <span class='ocrx_word' id='word_1_533' title='bbox 2387 1585 2632 1641; x_wconf 82' lang='lat' dir='ltr'><strong>simulata</strong></span> <span class='ocrx_word' id='word_1_534' title='bbox 2662 1587 2730 1640; x_wconf 92' lang='lat' dir='ltr'><strong>ab</strong></span> <span class='ocrx_word' id='word_1_535' title='bbox 2771 1601 2834 1639; x_wconf 90' lang='lat' dir='ltr'><strong>eo</strong></span> <span class='ocrx_word' id='word_1_536' title='bbox 2861 1586 3223 1642; x_wconf 80' lang='lat' dir='ltr'><strong>confutatione</strong></span> <span class='ocrx_word' id='word_1_537' title='bbox 3257 1603 3411 1656; x_wconf 87' lang='lat' dir='ltr'><strong>urge-</strong></span> 
     </span>
    </p>
   </div>
   <div class='ocr_carea' id='block_1_65' title="bbox 1883 1675 3409 1744">
    <p class='ocr_par' dir='ltr' id='par_1_65' title="bbox 1883 1675 3409 1744">
     <span class='ocr_line' id='line_1_65' title="bbox 1883 1675 3409 1744; baseline 0 -14"><span class='ocrx_word' id='word_1_538' title='bbox 1883 1688 2087 1738; x_wconf 87' lang='lat' dir='ltr'><strong>rentur,</strong></span> <span class='ocrx_word' id='word_1_539' title='bbox 2109 1678 2177 1728; x_wconf 90' lang='lat' dir='ltr'><strong>ita</strong></span> <span class='ocrx_word' id='word_1_540' title='bbox 2203 1677 2267 1728; x_wconf 90' lang='lat' dir='ltr'><strong>ad</strong></span> <span class='ocrx_word' id='word_1_541' title='bbox 2287 1677 2594 1730; x_wconf 91' lang='lat' dir='ltr'><strong>alterutrum</strong></span> <span class='ocrx_word' id='word_1_542' title='bbox 2615 1676 2799 1730; x_wconf 92' lang='lat' dir='ltr'><strong>dicunt</strong></span> <span class='ocrx_word' id='word_1_543' title='bbox 2819 1693 2832 1727; x_wconf 95' lang='lat'><strong>:</strong></span> <span class='ocrx_word' id='word_1_544' title='bbox 2852 1694 2870 1725; x_wconf 79' lang='lat' dir='ltr'><strong>t</strong></span> <span class='ocrx_word' id='word_1_545' title='bbox 2890 1675 2944 1728; x_wconf 91' lang='lat' dir='ltr'><strong>In</strong></span> <span class='ocrx_word' id='word_1_546' title='bbox 2965 1677 3197 1744; x_wconf 88' lang='lat' dir='ltr'><strong>peccatis</strong></span> <span class='ocrx_word' id='word_1_547' title='bbox 3224 1690 3409 1730; x_wconf 88' lang='lat' dir='ltr'><strong>sumus</strong></span> 
     </span>
    </p>
   </div>
   <div class='ocr_carea' id='block_1_66' title="bbox 1884 1767 3405 1835">
    <p class='ocr_par' dir='ltr' id='par_1_66' title="bbox 1884 1767 3405 1835">
     <span class='ocr_line' id='line_1_66' title="bbox 1884 1767 3405 1835; baseline -0.001 -15"><span class='ocrx_word' id='word_1_548' title='bbox 1884 1783 1978 1835; x_wconf 90' lang='lat' dir='ltr'><strong>pro</strong></span> <span class='ocrx_word' id='word_1_549' title='bbox 2011 1767 2176 1822; x_wconf 82' lang='lat' dir='ltr'><strong>fratre</strong></span> <span class='ocrx_word' id='word_1_550' title='bbox 2217 1778 2422 1832; x_wconf 89' lang='lat' dir='ltr'><strong>nostro,</strong></span> <span class='ocrx_word' id='word_1_551' title='bbox 2457 1768 2577 1834; x_wconf 89' lang='lat' dir='ltr'><strong>quia</strong></span> <span class='ocrx_word' id='word_1_552' title='bbox 2622 1767 2959 1835; x_wconf 82' lang='lat' dir='ltr'><strong>despeximus</strong></span> <span class='ocrx_word' id='word_1_553' title='bbox 3005 1767 3405 1820; x_wconf 89' lang='lat' dir='ltr'><strong>tribulationem</strong></span> 
     </span>
    </p>
   </div>
   <div class='ocr_carea' id='block_1_67' title="bbox 1884 1857 3407 1925">
    <p class='ocr_par' dir='ltr' id='par_1_67' title="bbox 1884 1857 3407 1925">
     <span class='ocr_line' id='line_1_67' title="bbox 1884 1857 3407 1925; baseline -0.001 -15"><span class='ocrx_word' id='word_1_554' title='bbox 1884 1858 1996 1924; x_wconf 84' lang='lat' dir='ltr'><strong>ejus</strong></span> <span class='ocrx_word' id='word_1_555' title='bbox 2027 1859 2215 1911; x_wconf 71' lang='lat' dir='ltr'><strong>animae</strong></span> <span class='ocrx_word' id='word_1_556' title='bbox 2247 1873 2364 1909; x_wconf 93' lang='lat' dir='ltr'><strong>cum</strong></span> <span class='ocrx_word' id='word_1_557' title='bbox 2391 1866 2602 1925; x_wconf 89' lang='lat' dir='ltr'><strong>rogaret</strong></span> <span class='ocrx_word' id='word_1_558' title='bbox 2631 1870 2726 1909; x_wconf 90' lang='lat' dir='ltr'><strong>nos</strong></span> <span class='ocrx_word' id='word_1_559' title='bbox 2749 1897 2764 1922; x_wconf 96' lang='lat'><strong>,</strong></span> <span class='ocrx_word' id='word_1_560' title='bbox 2815 1865 2868 1910; x_wconf 89' lang='lat' dir='ltr'><strong>et</strong></span> <span class='ocrx_word' id='word_1_561' title='bbox 2905 1870 3008 1910; x_wconf 91' lang='lat' dir='ltr'><strong>non</strong></span> <span class='ocrx_word' id='word_1_562' title='bbox 3037 1857 3407 1909; x_wconf 85' lang='lat' dir='ltr'><strong>exaudivimtts</strong></span> 
     </span>
    </p>
   </div>
   <div class='ocr_carea' id='block_1_68' title="bbox 1882 1945 3400 2016">
    <p class='ocr_par' dir='ltr' id='par_1_68' title="bbox 1882 1945 3400 2016">
     <span class='ocr_line' id='line_1_68' title="bbox 1882 1945 3400 2016; baseline -0.001 -17"><span class='ocrx_word' id='word_1_563' title='bbox 1882 1962 1999 1999; x_wconf 87' lang='lat' dir='ltr'><strong>eunt</strong></span> <span class='ocrx_word' id='word_1_564' title='bbox 2022 1965 2034 2000; x_wconf 92' lang='lat'><strong>:</strong></span> <span class='ocrx_word' id='word_1_565' title='bbox 2061 1957 2274 2016; x_wconf 89' lang='lat' dir='ltr'><strong>propter</strong></span> <span class='ocrx_word' id='word_1_566' title='bbox 2296 1949 2394 2000; x_wconf 93' lang='lat' dir='ltr'><strong>hoc</strong></span> <span class='ocrx_word' id='word_1_567' title='bbox 2417 1947 2558 1998; x_wconf 83' lang='lat' dir='ltr'><strong>venit</strong></span> <span class='ocrx_word' id='word_1_568' title='bbox 2585 1961 2745 2013; x_wconf 89' lang='lat' dir='ltr'><strong>super</strong></span> <span class='ocrx_word' id='word_1_569' title='bbox 2768 1959 2865 1999; x_wconf 88' lang='lat' dir='ltr'><strong>nos</strong></span> <span class='ocrx_word' id='word_1_570' title='bbox 2892 1945 3164 1999; x_wconf 89' lang='lat' dir='ltr'><strong>tribulatio</strong></span> <span class='ocrx_word' id='word_1_571' title='bbox 3187 1947 3301 2000; x_wconf 68' lang='lat' dir='ltr'><strong>haec</strong></span> <span class='ocrx_word' id='word_1_572' title='bbox 3326 1947 3400 2000; x_wconf 70' lang='lat' dir='ltr'><strong>&quot;.t</strong></span> 
     </span>
    </p>
   </div>
   <div class='ocr_carea' id='block_1_69' title="bbox 1885 2035 3404 2105">
    <p class='ocr_par' dir='ltr' id='par_1_69' title="bbox 1885 2035 3404 2105">
     <span class='ocr_line' id='line_1_69' title="bbox 1885 2035 3404 2105; baseline 0 -15"><span class='ocrx_word' id='word_1_573' title='bbox 1885 2037 1986 2090; x_wconf 86' lang='lat' dir='ltr'><strong>Sed</strong></span> <span class='ocrx_word' id='word_1_574' title='bbox 2015 2045 2069 2090; x_wconf 89' lang='lat' dir='ltr'><strong>et</strong></span> <span class='ocrx_word' id='word_1_575' title='bbox 2093 2035 2211 2098; x_wconf 78' lang='lat' dir='ltr'><strong>Job,</strong></span> <span class='ocrx_word' id='word_1_576' title='bbox 2236 2051 2390 2104; x_wconf 92' lang='lat' dir='ltr'><strong>quem</strong></span> <span class='ocrx_word' id='word_1_577' title='bbox 2435 2045 2562 2089; x_wconf 90' lang='lat' dir='ltr'><strong>ante</strong></span> <span class='ocrx_word' id='word_1_578' title='bbox 2613 2037 2781 2105; x_wconf 91' lang='lat' dir='ltr'><strong>legem</strong></span> <span class='ocrx_word' id='word_1_579' title='bbox 2839 2035 3002 2090; x_wconf 82' lang='lat' dir='ltr'><strong>fuisse</strong></span> <span class='ocrx_word' id='word_1_580' title='bbox 3047 2045 3278 2100; x_wconf 89' lang='lat' dir='ltr'><strong>constat,</strong></span> <span class='ocrx_word' id='word_1_581' title='bbox 3334 2038 3404 2090; x_wconf 85' lang='lat' dir='ltr'><strong>ita</strong></span> 
     </span>
    </p>
   </div>
   <div class='ocr_carea' id='block_1_70' title="bbox 1881 2125 3406 2192">
    <p class='ocr_par' dir='ltr' id='par_1_70' title="bbox 1881 2125 3406 2192">
     <span class='ocr_line' id='line_1_70' title="bbox 1881 2125 3406 2192; baseline 0.003 -18"><span class='ocrx_word' id='word_1_582' title='bbox 1881 2125 2009 2177; x_wconf 90' lang='lat' dir='ltr'><strong>dicit</strong></span> <span class='ocrx_word' id='word_1_583' title='bbox 2035 2143 2048 2178; x_wconf 91' lang='lat'><strong>:</strong></span> <span class='ocrx_word' id='word_1_584' title='bbox 2075 2143 2092 2174; x_wconf 74' lang='grc' dir='ltr'>ι</span> <span class='ocrx_word' id='word_1_585' title='bbox 2115 2125 2264 2191; x_wconf 85' lang='lat' dir='ltr'><strong>Quod</strong></span> <span class='ocrx_word' id='word_1_586' title='bbox 2285 2134 2337 2179; x_wconf 91' lang='lat' dir='ltr'><strong>et</strong></span> <span class='ocrx_word' id='word_1_587' title='bbox 2365 2126 2408 2176; x_wconf 77' lang='lat' dir='ltr'><strong>si</strong></span> <span class='ocrx_word' id='word_1_588' title='bbox 2439 2126 2648 2192; x_wconf 81' lang='lat' dir='ltr'><strong>peccavi</strong></span> <span class='ocrx_word' id='word_1_589' title='bbox 2673 2125 2890 2187; x_wconf 89' lang='lat' dir='ltr'><strong>invitus,</strong></span> <span class='ocrx_word' id='word_1_590' title='bbox 2922 2125 2965 2178; x_wconf 87' lang='lat' dir='ltr'><strong>si</strong></span> <span class='ocrx_word' id='word_1_591' title='bbox 2996 2126 3254 2178; x_wconf 86' lang='lat' dir='ltr'><strong>occultavi</strong></span> <span class='ocrx_word' id='word_1_592' title='bbox 3283 2140 3406 2191; x_wconf 88' lang='lat' dir='ltr'><strong>pec-</strong></span> 
     </span>
    </p>
   </div>
   <div class='ocr_carea' id='block_1_71' title="bbox 1882 2213 3400 2284">
    <p class='ocr_par' dir='ltr' id='par_1_71' title="bbox 1882 2213 3400 2284">
     <span class='ocr_line' id='line_1_71' title="bbox 1882 2213 3400 2284; baseline -0.001 -16"><span class='ocrx_word' id='word_1_593' title='bbox 1882 2224 2054 2268; x_wconf 89' lang='lat' dir='ltr'><strong>catum</strong></span> <span class='ocrx_word' id='word_1_594' title='bbox 2083 2229 2281 2278; x_wconf 91' lang='lat' dir='ltr'><strong>meum,</strong></span> <span class='ocrx_word' id='word_1_595' title='bbox 2301 2223 2393 2266; x_wconf 88' lang='lat' dir='ltr'><strong>aut</strong></span> <span class='ocrx_word' id='word_1_596' title='bbox 2415 2213 2668 2268; x_wconf 80' lang='lat' dir='ltr'><strong>confusus</strong></span> <span class='ocrx_word' id='word_1_597' title='bbox 2699 2228 2813 2268; x_wconf 91' lang='lat' dir='ltr'><strong>sum</strong></span> <span class='ocrx_word' id='word_1_598' title='bbox 2843 2215 3180 2269; x_wconf 88' lang='lat' dir='ltr'><strong>multitudine</strong></span> <span class='ocrx_word' id='word_1_599' title='bbox 3203 2218 3400 2284; x_wconf 85' lang='lat' dir='ltr'><strong>populi,</strong></span> 
     </span>
    </p>
   </div>
   <div class='ocr_carea' id='block_1_72' title="bbox 1882 2302 3404 2372">
    <p class='ocr_par' dir='ltr' id='par_1_72' title="bbox 1882 2302 3404 2372">
     <span class='ocr_line' id='line_1_72' title="bbox 1882 2302 3404 2372; baseline 0.001 -15"><span class='ocrx_word' id='word_1_600' title='bbox 1882 2304 2160 2372; x_wconf 90' lang='lat' dir='ltr'><strong>quominus</strong></span> <span class='ocrx_word' id='word_1_601' title='bbox 2203 2303 2576 2355; x_wconf 90' lang='lat' dir='ltr'><strong>annuntiarem</strong></span> <span class='ocrx_word' id='word_1_602' title='bbox 2632 2302 2881 2355; x_wconf 90' lang='lat' dir='ltr'><strong>delictum</strong></span> <span class='ocrx_word' id='word_1_603' title='bbox 2939 2317 3113 2357; x_wconf 90' lang='lat' dir='ltr'><strong>meum</strong></span> <span class='ocrx_word' id='word_1_604' title='bbox 3158 2303 3246 2356; x_wconf 80' lang='grc'><strong>⁸.»</strong></span> <span class='ocrx_word' id='word_1_605' title='bbox 3302 2305 3404 2369; x_wconf 87' lang='lat' dir='ltr'><strong>Qui</strong></span> 
     </span>
    </p>
   </div>
   <div class='ocr_carea' id='block_1_73' title="bbox 1880 2393 3402 2461">
    <p class='ocr_par' dir='ltr' id='par_1_73' title="bbox 1880 2393 3402 2461">
     <span class='ocr_line' id='line_1_73' title="bbox 1880 2393 3402 2461; baseline -0.002 -13"><span class='ocrx_word' id='word_1_606' title='bbox 1880 2409 2064 2449; x_wconf 88' lang='lat' dir='ltr'><strong>omnes</strong></span> <span class='ocrx_word' id='word_1_607' title='bbox 2116 2393 2390 2446; x_wconf 89' lang='lat' dir='ltr'><strong>evidenter</strong></span> <span class='ocrx_word' id='word_1_608' title='bbox 2453 2394 2713 2445; x_wconf 88' lang='lat' dir='ltr'><strong>docentur</strong></span> <span class='ocrx_word' id='word_1_609' title='bbox 2776 2393 3054 2461; x_wconf 82' lang='lat' dir='ltr'><strong>agnovisse</strong></span> <span class='ocrx_word' id='word_1_610' title='bbox 3125 2407 3402 2461; x_wconf 85' lang='lat' dir='ltr'><strong>peccatum</strong></span> 
     </span>
    </p>
   </div>
   <div class='ocr_carea' id='block_1_74' title="bbox 1879 2481 3400 2558">
    <p class='ocr_par' dir='ltr' id='par_1_74' title="bbox 1879 2481 3400 2558">
     <span class='ocr_line' id='line_1_74' title="bbox 1879 2481 3400 2558; baseline 0 -20"><span class='ocrx_word' id='word_1_611' title='bbox 1879 2499 2054 2539; x_wconf 90' lang='lat' dir='ltr'><strong>suum.</strong></span> <span class='ocrx_word' id='word_1_612' title='bbox 2087 2483 2158 2535; x_wconf 85' lang='lat' dir='ltr'><strong>Ex</strong></span> <span class='ocrx_word' id='word_1_613' title='bbox 2199 2484 2282 2536; x_wconf 89' lang='lat' dir='ltr'><strong>his</strong></span> <span class='ocrx_word' id='word_1_614' title='bbox 2325 2496 2452 2550; x_wconf 86' lang='lat' dir='ltr'><strong>ergo</strong></span> <span class='ocrx_word' id='word_1_615' title='bbox 2497 2482 2776 2558; x_wconf 29' lang='lat' dir='ltr'><strong>hcolligitur</strong></span> <span class='ocrx_word' id='word_1_616' title='bbox 2825 2481 3046 2536; x_wconf 86' lang='lat' dir='ltr'><strong>Paulum</strong></span> <span class='ocrx_word' id='word_1_617' title='bbox 3108 2485 3400 2552; x_wconf 87' lang='lat' dir='ltr'><strong>apostolum</strong></span> 
     </span>
    </p>
   </div>
   <div class='ocr_carea' id='block_1_75' title="bbox 1880 2571 3400 2642">
    <p class='ocr_par' dir='ltr' id='par_1_75' title="bbox 1880 2571 3400 2642">
     <span class='ocr_line' id='line_1_75' title="bbox 1880 2571 3400 2642; baseline 0.001 -16"><span class='ocrx_word' id='word_1_618' title='bbox 1880 2588 1982 2628; x_wconf 92' lang='lat' dir='ltr'><strong>non</strong></span> <span class='ocrx_word' id='word_1_619' title='bbox 2011 2574 2075 2628; x_wconf 89' lang='lat' dir='ltr'><strong>de</strong></span> <span class='ocrx_word' id='word_1_620' title='bbox 2098 2573 2214 2641; x_wconf 87' lang='lat' dir='ltr'><strong>lege</strong></span> <span class='ocrx_word' id='word_1_621' title='bbox 2243 2571 2406 2642; x_wconf 80' lang='lat' dir='ltr'><strong>Moysi</strong></span> <span class='ocrx_word' id='word_1_622' title='bbox 2433 2573 2543 2626; x_wconf 72' lang='lat' dir='ltr'><strong>htec</strong></span> <span class='ocrx_word' id='word_1_623' title='bbox 2574 2573 2772 2634; x_wconf 90' lang='lat' dir='ltr'><strong>dicere.</strong></span> <span class='ocrx_word' id='word_1_624' title='bbox 2807 2589 2826 2623; x_wconf 77' lang='grc' dir='ltr'><strong>σ</strong></span> <span class='ocrx_word' id='word_1_625' title='bbox 2848 2571 2983 2638; x_wconf 89' lang='lat' dir='ltr'><strong>Quia</strong></span> <span class='ocrx_word' id='word_1_626' title='bbox 3008 2573 3091 2627; x_wconf 85' lang='lat' dir='ltr'><strong>lex</strong></span> <span class='ocrx_word' id='word_1_627' title='bbox 3116 2574 3198 2627; x_wconf 88' lang='lat' dir='ltr'><strong>bis</strong></span> <span class='ocrx_word' id='word_1_628' title='bbox 3221 2574 3312 2642; x_wconf 90' lang='lat' dir='ltr'><strong>qui</strong></span> <span class='ocrx_word' id='word_1_629' title='bbox 3347 2575 3400 2628; x_wconf 90' lang='lat' dir='ltr'><strong>in</strong></span> 
     </span>
    </p>
   </div>
   <div class='ocr_carea' id='block_1_76' title="bbox 1879 2655 3402 2734">
    <p class='ocr_par' dir='ltr' id='par_1_76' title="bbox 1879 2655 3402 2734">
     <span class='ocr_line' id='line_1_76' title="bbox 1879 2655 3402 2734; baseline -0.001 -17"><span class='ocrx_word' id='word_1_630' title='bbox 1879 2664 1991 2734; x_wconf 90' lang='lat' dir='ltr'><strong>lege</strong></span> <span class='ocrx_word' id='word_1_631' title='bbox 2029 2673 2154 2719; x_wconf 87' lang='lat' dir='ltr'><strong>sunt</strong></span> <span class='ocrx_word' id='word_1_632' title='bbox 2198 2663 2430 2729; x_wconf 82' lang='lat' dir='ltr'><strong>loquitur</strong></span> <span class='ocrx_word' id='word_1_633' title='bbox 2465 2667 2551 2727; x_wconf 70' lang='grc' dir='ltr'><strong>’,ι</strong></span> <span class='ocrx_word' id='word_1_634' title='bbox 2604 2663 2698 2716; x_wconf 90' lang='lat' dir='ltr'><strong>sed</strong></span> <span class='ocrx_word' id='word_1_635' title='bbox 2749 2663 2813 2715; x_wconf 91' lang='lat' dir='ltr'><strong>de</strong></span> <span class='ocrx_word' id='word_1_636' title='bbox 2863 2655 3090 2716; x_wconf 79' lang='lat' dir='ltr'><strong>naturali</strong></span> <span class='ocrx_word' id='word_1_637' title='bbox 3137 2663 3256 2732; x_wconf 90' lang='lat' dir='ltr'><strong>lege</strong></span> <span class='ocrx_word' id='word_1_638' title='bbox 3286 2678 3402 2732; x_wconf 75' lang='lat' dir='ltr'><strong>qua:</strong></span> 
     </span>
    </p>
   </div>
   <div class='ocr_carea' id='block_1_77' title="bbox 1877 2751 3402 2822">
    <p class='ocr_par' dir='ltr' id='par_1_77' title="bbox 1877 2751 3402 2822">
     <span class='ocr_line' id='line_1_77' title="bbox 1877 2751 3402 2822; baseline 0 -16"><span class='ocrx_word' id='word_1_639' title='bbox 1877 2754 2076 2822; x_wconf 90' lang='lat' dir='ltr'><strong>scripta</strong></span> <span class='ocrx_word' id='word_1_640' title='bbox 2118 2763 2197 2807; x_wconf 90' lang='lat' dir='ltr'><strong>est</strong></span> <span class='ocrx_word' id='word_1_641' title='bbox 2239 2753 2290 2805; x_wconf 94' lang='lat' dir='ltr'><strong>in</strong></span> <span class='ocrx_word' id='word_1_642' title='bbox 2327 2753 2578 2807; x_wconf 88' lang='lat' dir='ltr'><strong>cordibus</strong></span> <span class='ocrx_word' id='word_1_643' title='bbox 2628 2751 2920 2805; x_wconf 89' lang='lat' dir='ltr'><strong>hominum.</strong></span> <span class='ocrx_word' id='word_1_644' title='bbox 2975 2751 3097 2806; x_wconf 66' lang='lat' dir='ltr'><strong>Haec</strong></span> <span class='ocrx_word' id='word_1_645' title='bbox 3143 2766 3271 2822; x_wconf 92' lang='lat' dir='ltr'><strong>ergo</strong></span> <span class='ocrx_word' id='word_1_646' title='bbox 3314 2752 3402 2808; x_wconf 85' lang='lat' dir='ltr'><strong>lex</strong></span> 
     </span>
    </p>
   </div>
   <div class='ocr_carea' id='block_1_78' title="bbox 1877 2841 3403 2914">
    <p class='ocr_par' dir='ltr' id='par_1_78' title="bbox 1877 2841 3403 2914">
     <span class='ocr_line' id='line_1_78' title="bbox 1877 2841 3403 2914; baseline 0.004 -20"><span class='ocrx_word' id='word_1_647' title='bbox 1877 2856 2202 2910; x_wconf 75' lang='lat' dir='ltr'><strong>quaecunque</strong></span> <span class='ocrx_word' id='word_1_648' title='bbox 2230 2841 2384 2905; x_wconf 91' lang='lat' dir='ltr'><strong>dicit,</strong></span> <span class='ocrx_word' id='word_1_649' title='bbox 2414 2841 2496 2895; x_wconf 91' lang='lat' dir='ltr'><strong>his</strong></span> <span class='ocrx_word' id='word_1_650' title='bbox 2525 2843 2614 2910; x_wconf 90' lang='lat' dir='ltr'><strong>qui</strong></span> <span class='ocrx_word' id='word_1_651' title='bbox 2644 2841 2696 2896; x_wconf 95' lang='lat' dir='ltr'><strong>in</strong></span> <span class='ocrx_word' id='word_1_652' title='bbox 2725 2841 2842 2909; x_wconf 85' lang='lat' dir='ltr'><strong>lege</strong></span> <span class='ocrx_word' id='word_1_653' title='bbox 2862 2848 2984 2897; x_wconf 82' lang='lat' dir='ltr'><strong>sunt</strong></span> <span class='ocrx_word' id='word_1_654' title='bbox 3017 2843 3165 2897; x_wconf 91' lang='lat' dir='ltr'><strong>dicit.</strong></span> <span class='ocrx_word' id='word_1_655' title='bbox 3197 2842 3254 2898; x_wconf 86' lang='lat' dir='ltr'><strong>In</strong></span> <span class='ocrx_word' id='word_1_656' title='bbox 3284 2844 3403 2914; x_wconf 88' lang='lat' dir='ltr'><strong>lege</strong></span> 
     </span>
    </p>
   </div>
   <div class='ocr_carea' id='block_1_79' title="bbox 1877 2931 3399 3001">
    <p class='ocr_par' dir='ltr' id='par_1_79' title="bbox 1877 2931 3399 3001">
     <span class='ocr_line' id='line_1_79' title="bbox 1877 2931 3399 3001; baseline 0.003 -17"><span class='ocrx_word' id='word_1_657' title='bbox 1877 2939 2050 2985; x_wconf 89' lang='lat' dir='ltr'><strong>autem</strong></span> <span class='ocrx_word' id='word_1_658' title='bbox 2072 2941 2194 2985; x_wconf 89' lang='lat' dir='ltr'><strong>sunt</strong></span> <span class='ocrx_word' id='word_1_659' title='bbox 2217 2931 2372 2999; x_wconf 91' lang='lat' dir='ltr'><strong>hiqui</strong></span> <span class='ocrx_word' id='word_1_660' title='bbox 2402 2932 2453 2984; x_wconf 93' lang='lat' dir='ltr'><strong>id</strong></span> <span class='ocrx_word' id='word_1_661' title='bbox 2482 2932 2654 2986; x_wconf 84' lang='lat' dir='ltr'><strong>:etatis</strong></span> <span class='ocrx_word' id='word_1_662' title='bbox 2681 2941 2864 3000; x_wconf 87' lang='lat' dir='ltr'><strong>agunt,</strong></span> <span class='ocrx_word' id='word_1_663' title='bbox 2895 2948 3000 3001; x_wconf 90' lang='lat' dir='ltr'><strong>quo</strong></span> <span class='ocrx_word' id='word_1_664' title='bbox 3021 2933 3399 2988; x_wconf 80' lang='lat' dir='ltr'><strong>discretionem</strong></span> 
     </span>
    </p>
   </div>
   <div class='ocr_carea' id='block_1_80' title="bbox 1877 3021 3402 3092">
    <p class='ocr_par' dir='ltr' id='par_1_80' title="bbox 1877 3021 3402 3092">
     <span class='ocr_line' id='line_1_80' title="bbox 1877 3021 3402 3092; baseline 0 -16"><span class='ocrx_word' id='word_1_665' title='bbox 1877 3022 2000 3076; x_wconf 90' lang='lat' dir='ltr'><strong>boni</strong></span> <span class='ocrx_word' id='word_1_666' title='bbox 2039 3021 2268 3088; x_wconf 86' lang='lat' dir='ltr'><strong>malique</strong></span> <span class='ocrx_word' id='word_1_667' title='bbox 2291 3021 2400 3087; x_wconf 86' lang='lat' dir='ltr'><strong>jam</strong></span> <span class='ocrx_word' id='word_1_668' title='bbox 2435 3021 2670 3089; x_wconf 87' lang='lat' dir='ltr'><strong>capiant.</strong></span> <span class='ocrx_word' id='word_1_669' title='bbox 2708 3021 2838 3076; x_wconf 88' lang='lat' dir='ltr'><strong>Sine</strong></span> <span class='ocrx_word' id='word_1_670' title='bbox 2860 3022 2975 3092; x_wconf 91' lang='lat' dir='ltr'><strong>lege</strong></span> <span class='ocrx_word' id='word_1_671' title='bbox 3004 3036 3131 3076; x_wconf 90' lang='lat' dir='ltr'><strong>vero</strong></span> <span class='ocrx_word' id='word_1_672' title='bbox 3171 3023 3243 3076; x_wconf 89' lang='lat' dir='ltr'><strong>illi</strong></span> <span class='ocrx_word' id='word_1_673' title='bbox 3276 3034 3402 3076; x_wconf 87' lang='lat' dir='ltr'><strong>sunt</strong></span> 
     </span>
    </p>
   </div>
   <div class='ocr_carea' id='block_1_81' title="bbox 1881 3110 3398 3179">
    <p class='ocr_par' dir='ltr' id='par_1_81' title="bbox 1881 3110 3398 3179">
     <span class='ocr_line' id='line_1_81' title="bbox 1881 3110 3398 3179; baseline 0.001 -15"><span class='ocrx_word' id='word_1_674' title='bbox 1881 3111 2070 3179; x_wconf 85' lang='lat' dir='ltr'><strong>quibus</strong></span> <span class='ocrx_word' id='word_1_675' title='bbox 2090 3112 2317 3164; x_wconf 89' lang='lat' dir='ltr'><strong>nondum</strong></span> <span class='ocrx_word' id='word_1_676' title='bbox 2347 3110 2645 3176; x_wconf 76' lang='lat' dir='ltr'><strong>hujuSmOdi</strong></span> <span class='ocrx_word' id='word_1_677' title='bbox 2670 3111 3009 3165; x_wconf 85' lang='lat' dir='ltr'><strong>discretionis</strong></span> <span class='ocrx_word' id='word_1_678' title='bbox 3029 3125 3217 3166; x_wconf 82' lang='lat' dir='ltr'><strong>sensus</strong></span> <span class='ocrx_word' id='word_1_679' title='bbox 3236 3113 3398 3166; x_wconf 76' lang='lat' dir='ltr'><strong>adve-</strong></span> 
     </span>
    </p>
   </div>
   <div class='ocr_carea' id='block_1_82' title="bbox 1879 3197 3396 3269">
    <p class='ocr_par' dir='ltr' id='par_1_82' title="bbox 1879 3197 3396 3269">
     <span class='ocr_line' id='line_1_82' title="bbox 1879 3197 3396 3269; baseline 0.001 -17"><span class='ocrx_word' id='word_1_680' title='bbox 1879 3200 1991 3262; x_wconf 90' lang='lat' dir='ltr'><strong>nit,</strong></span> <span class='ocrx_word' id='word_1_681' title='bbox 2027 3200 2312 3252; x_wconf 89' lang='lat' dir='ltr'><strong>secundum</strong></span> <span class='ocrx_word' id='word_1_682' title='bbox 2351 3200 2488 3266; x_wconf 90' lang='lat' dir='ltr'><strong>quod</strong></span> <span class='ocrx_word' id='word_1_683' title='bbox 2517 3209 2572 3252; x_wconf 89' lang='lat' dir='ltr'><strong>et</strong></span> <span class='ocrx_word' id='word_1_684' title='bbox 2601 3197 2794 3254; x_wconf 87' lang='lat' dir='ltr'><strong>Paulus</strong></span> <span class='ocrx_word' id='word_1_685' title='bbox 2825 3200 2951 3254; x_wconf 93' lang='lat' dir='ltr'><strong>dicit</strong></span> <span class='ocrx_word' id='word_1_686' title='bbox 2977 3219 2991 3253; x_wconf 90' lang='lat'><strong>:</strong></span> <span class='ocrx_word' id='word_1_687' title='bbox 3015 3219 3034 3251; x_wconf 84' lang='grc'>‹</span> <span class='ocrx_word' id='word_1_688' title='bbox 3068 3200 3178 3269; x_wconf 81' lang='lat' dir='ltr'><strong>Ego</strong></span> <span class='ocrx_word' id='word_1_689' title='bbox 3222 3210 3396 3255; x_wconf 91' lang='lat' dir='ltr'><strong>autem</strong></span> 
     </span>
    </p>
   </div>
   <div class='ocr_carea' id='block_1_83' title="bbox 1875 3288 3400 3358">
    <p class='ocr_par' dir='ltr' id='par_1_83' title="bbox 1875 3288 3400 3358">
     <span class='ocr_line' id='line_1_83' title="bbox 1875 3288 3400 3358; baseline 0.001 -14"><span class='ocrx_word' id='word_1_690' title='bbox 1875 3289 2120 3344; x_wconf 87' lang='lat' dir='ltr'><strong>vivebam</strong></span> <span class='ocrx_word' id='word_1_691' title='bbox 2150 3289 2266 3342; x_wconf 86' lang='lat' dir='ltr'><strong>sine</strong></span> <span class='ocrx_word' id='word_1_692' title='bbox 2293 3288 2406 3357; x_wconf 91' lang='lat' dir='ltr'><strong>lege</strong></span> <span class='ocrx_word' id='word_1_693' title='bbox 2437 3289 2722 3358; x_wconf 87' lang='lat' dir='ltr'><strong>aliquando</strong></span> <span class='ocrx_word' id='word_1_694' title='bbox 2750 3290 2814 3342; x_wconf 83' lang='grc'><strong>¹⁶.</strong></span> <span class='ocrx_word' id='word_1_695' title='bbox 2840 3307 2860 3341; x_wconf 77' lang='lat' dir='ltr'><strong>i</strong></span> <span class='ocrx_word' id='word_1_696' title='bbox 2910 3290 3211 3345; x_wconf 89' lang='lat' dir='ltr'><strong>Secundum</strong></span> <span class='ocrx_word' id='word_1_697' title='bbox 3258 3292 3400 3346; x_wconf 90' lang='lat' dir='ltr'><strong>hanc</strong></span> 
     </span>
    </p>
   </div>
   <div class='ocr_carea' id='block_1_84' title="bbox 1876 3378 3394 3451">
    <p class='ocr_par' dir='ltr' id='par_1_84' title="bbox 1876 3378 3394 3451">
     <span class='ocr_line' id='line_1_84' title="bbox 1876 3378 3394 3451; baseline 0.001 -19"><span class='ocrx_word' id='word_1_698' title='bbox 1876 3393 2002 3446; x_wconf 86' lang='lat' dir='ltr'><strong>ergo</strong></span> <span class='ocrx_word' id='word_1_699' title='bbox 2062 3378 2228 3446; x_wconf 85' lang='lat' dir='ltr'><strong>legent</strong></span> <span class='ocrx_word' id='word_1_700' title='bbox 2288 3379 2582 3432; x_wconf 88' lang='lat' dir='ltr'><strong>naturalem</strong></span> <span class='ocrx_word' id='word_1_701' title='bbox 2656 3389 3048 3448; x_wconf 87' lang='lat' dir='ltr'><strong>consequenter</strong></span> <span class='ocrx_word' id='word_1_702' title='bbox 3107 3382 3394 3451; x_wconf 81' lang='lat' dir='ltr'><strong>Apostolus</strong></span> 
     </span>
    </p>
   </div>
   <div class='ocr_carea' id='block_1_85' title="bbox 1876 3469 3398 3539">
    <p class='ocr_par' dir='ltr' id='par_1_85' title="bbox 1876 3469 3398 3539">
     <span class='ocr_line' id='line_1_85' title="bbox 1876 3469 3398 3539; baseline 0.001 -14"><span class='ocrx_word' id='word_1_703' title='bbox 1876 3471 2075 3525; x_wconf 86' lang='lat' dir='ltr'><strong>dixisse</strong></span> <span class='ocrx_word' id='word_1_704' title='bbox 2116 3469 2380 3522; x_wconf 87' lang='lat' dir='ltr'><strong>videbitur</strong></span> <span class='ocrx_word' id='word_1_705' title='bbox 2422 3469 2532 3539; x_wconf 71' lang='grc'>(42)</span> <span class='ocrx_word' id='word_1_706' title='bbox 2561 3485 2718 3525; x_wconf 91' lang='lat' dir='ltr'><strong>omne</strong></span> <span class='ocrx_word' id='word_1_707' title='bbox 2774 3485 2836 3526; x_wconf 88' lang='lat' dir='ltr'><strong>os</strong></span> <span class='ocrx_word' id='word_1_708' title='bbox 2881 3471 3284 3536; x_wconf 89' lang='lat' dir='ltr'><strong>obstruendutn,</strong></span> <span class='ocrx_word' id='word_1_709' title='bbox 3340 3478 3398 3527; x_wconf 87' lang='lat' dir='ltr'><strong>et</strong></span> 
     </span>
    </p>
   </div>
   <div class='ocr_carea' id='block_1_86' title="bbox 1875 3558 3396 3633">
    <p class='ocr_par' dir='ltr' id='par_1_86' title="bbox 1875 3558 3396 3633">
     <span class='ocr_line' id='line_1_86' title="bbox 1875 3558 3396 3633; baseline 0.001 -20"><span class='ocrx_word' id='word_1_710' title='bbox 1875 3575 2084 3614; x_wconf 91' lang='lat' dir='ltr'><strong>omnem</strong></span> <span class='ocrx_word' id='word_1_711' title='bbox 2126 3559 2376 3612; x_wconf 91' lang='lat' dir='ltr'><strong>mundum</strong></span> <span class='ocrx_word' id='word_1_712' title='bbox 2422 3559 2708 3612; x_wconf 90' lang='lat' dir='ltr'><strong>obnoxium</strong></span> <span class='ocrx_word' id='word_1_713' title='bbox 2755 3558 2846 3633; x_wconf 90' lang='lat' dir='ltr'><strong>Dei</strong></span> <span class='ocrx_word' id='word_1_714' title='bbox 2889 3561 3088 3629; x_wconf 90' lang='lat' dir='ltr'><strong>judicio</strong></span> <span class='ocrx_word' id='word_1_715' title='bbox 3139 3558 3396 3616; x_wconf 79' lang='lat' dir='ltr'><strong>futurum.</strong></span> 
     </span>
    </p>
   </div>
   <div class='ocr_carea' id='block_1_87' title="bbox 1877 3648 3398 3717">
    <p class='ocr_par' dir='ltr' id='par_1_87' title="bbox 1877 3648 3398 3717">
     <span class='ocr_line' id='line_1_87' title="bbox 1877 3648 3398 3717; baseline -0.001 -14"><span class='ocrx_word' id='word_1_716' title='bbox 1877 3648 2043 3716; x_wconf 82' lang='lat' dir='ltr'><strong>Hujus</strong></span> <span class='ocrx_word' id='word_1_717' title='bbox 2072 3649 2214 3703; x_wconf 89' lang='lat' dir='ltr'><strong>enim</strong></span> <span class='ocrx_word' id='word_1_718' title='bbox 2241 3648 2371 3717; x_wconf 87' lang='lat' dir='ltr'><strong>legis</strong></span> <span class='ocrx_word' id='word_1_719' title='bbox 2409 3663 2526 3717; x_wconf 72' lang='lat' dir='ltr'><strong>qua:</strong></span> <span class='ocrx_word' id='word_1_720' title='bbox 2551 3648 2884 3713; x_wconf 66' lang='lat' dir='ltr'><strong>fnaturaliter</strong></span> <span class='ocrx_word' id='word_1_721' title='bbox 2909 3649 3210 3704; x_wconf 88' lang='lat' dir='ltr'><strong>hominibus</strong></span> <span class='ocrx_word' id='word_1_722' title='bbox 3239 3651 3398 3713; x_wconf 86' lang='lat' dir='ltr'><strong>inest,</strong></span> 
     </span>
    </p>
   </div>
   <div class='ocr_carea' id='block_1_88' title="bbox 1877 3737 3396 3808">
    <p class='ocr_par' dir='ltr' id='par_1_88' title="bbox 1877 3737 3396 3808">
     <span class='ocr_line' id='line_1_88' title="bbox 1877 3737 3396 3808; baseline -0.001 -15"><span class='ocrx_word' id='word_1_723' title='bbox 1877 3739 2050 3794; x_wconf 88' lang='lat' dir='ltr'><strong>nullus</strong></span> <span class='ocrx_word' id='word_1_724' title='bbox 2077 3745 2158 3792; x_wconf 91' lang='lat' dir='ltr'><strong>est</strong></span> <span class='ocrx_word' id='word_1_725' title='bbox 2185 3753 2395 3805; x_wconf 85' lang='lat' dir='ltr'><strong>expers,</strong></span> <span class='ocrx_word' id='word_1_726' title='bbox 2426 3752 2593 3806; x_wconf 90' lang='lat' dir='ltr'><strong>neque</strong></span> <span class='ocrx_word' id='word_1_727' title='bbox 2623 3737 2924 3793; x_wconf 73' lang='lat' dir='ltr'><strong>Judzeorum</strong></span> <span class='ocrx_word' id='word_1_728' title='bbox 2949 3779 2965 3805; x_wconf 93' lang='lat'><strong>,</strong></span> <span class='ocrx_word' id='word_1_729' title='bbox 3003 3754 3178 3808; x_wconf 88' lang='lat' dir='ltr'><strong>neque</strong></span> <span class='ocrx_word' id='word_1_730' title='bbox 3217 3743 3396 3807; x_wconf 87' lang='lat' dir='ltr'><strong>genti-</strong></span> 
     </span>
    </p>
   </div>
   <div class='ocr_carea' id='block_1_89' title="bbox 1876 3829 3394 3895">
    <p class='ocr_par' dir='ltr' id='par_1_89' title="bbox 1876 3829 3394 3895">
     <span class='ocr_line' id='line_1_89' title="bbox 1876 3829 3394 3895; baseline 0 -13"><span class='ocrx_word' id='word_1_731' title='bbox 1876 3829 2004 3882; x_wconf 89' lang='lat' dir='ltr'><strong>liunt</strong></span> <span class='ocrx_word' id='word_1_732' title='bbox 2038 3847 2052 3882; x_wconf 91' lang='lat'><strong>:</strong></span> <span class='ocrx_word' id='word_1_733' title='bbox 2085 3839 2140 3880; x_wconf 91' lang='lat' dir='ltr'><strong>et</strong></span> <span class='ocrx_word' id='word_1_734' title='bbox 2183 3829 2300 3883; x_wconf 90' lang='lat' dir='ltr'><strong>ideo</strong></span> <span class='ocrx_word' id='word_1_735' title='bbox 2332 3836 2722 3895; x_wconf 90' lang='lat' dir='ltr'><strong>consequenter</strong></span> <span class='ocrx_word' id='word_1_736' title='bbox 2753 3829 2952 3882; x_wconf 91' lang='lat' dir='ltr'><strong>dictum</strong></span> <span class='ocrx_word' id='word_1_737' title='bbox 2999 3830 3211 3882; x_wconf 83' lang='lat' dir='ltr'><strong>videtur</strong></span> <span class='ocrx_word' id='word_1_738' title='bbox 3235 3831 3394 3883; x_wconf 85' lang='lat' dir='ltr'><strong>etiam</strong></span> 
     </span>
    </p>
   </div>
   <div class='ocr_carea' id='block_1_90' title="bbox 1877 3912 3405 3983">
    <p class='ocr_par' dir='ltr' id='par_1_90' title="bbox 1877 3912 3405 3983">
     <span class='ocr_line' id='line_1_90' title="bbox 1877 3912 3405 3983; baseline 0.001 -14"><span class='ocrx_word' id='word_1_739' title='bbox 1877 3912 2024 3982; x_wconf 90' lang='lat' dir='ltr'><strong>illud,</strong></span> <span class='ocrx_word' id='word_1_740' title='bbox 2062 3917 2201 3983; x_wconf 85' lang='lat' dir='ltr'><strong>quod</strong></span> <span class='ocrx_word' id='word_1_741' title='bbox 2225 3915 2551 3982; x_wconf 79' lang='lat' dir='ltr'><strong>iustiﬁcetur</strong></span> <span class='ocrx_word' id='word_1_742' title='bbox 2583 3914 2721 3970; x_wconf 82' lang='lat' dir='ltr'><strong>Deus</strong></span> <span class='ocrx_word' id='word_1_743' title='bbox 2750 3916 2803 3969; x_wconf 88' lang='lat' dir='ltr'><strong>itt</strong></span> <span class='ocrx_word' id='word_1_744' title='bbox 2833 3916 3010 3972; x_wconf 87' lang='lat' dir='ltr'><strong>verbis</strong></span> <span class='ocrx_word' id='word_1_745' title='bbox 3030 3918 3162 3981; x_wconf 89' lang='lat' dir='ltr'><strong>suis,</strong></span> <span class='ocrx_word' id='word_1_746' title='bbox 3189 3926 3246 3972; x_wconf 92' lang='lat' dir='ltr'><strong>et</strong></span> <span class='ocrx_word' id='word_1_747' title='bbox 3273 3921 3405 3970; x_wconf 69' lang='lat' dir='ltr'><strong>vin-</strong></span> 
     </span>
    </p>
   </div>
   <div class='ocr_carea' id='block_1_91' title="bbox 1875 4005 3394 4072">
    <p class='ocr_par' dir='ltr' id='par_1_91' title="bbox 1875 4005 3394 4072">
     <span class='ocr_line' id='line_1_91' title="bbox 1875 4005 3394 4072; baseline -0.001 -8"><span class='ocrx_word' id='word_1_748' title='bbox 1875 4019 1961 4064; x_wconf 87' lang='lat' dir='ltr'><strong>cat</strong></span> <span class='ocrx_word' id='word_1_749' title='bbox 1985 4023 2105 4064; x_wconf 89' lang='lat' dir='ltr'><strong>cum</strong></span> <span class='ocrx_word' id='word_1_750' title='bbox 2143 4007 2411 4072; x_wconf 82' lang='lat' dir='ltr'><strong>iudicatur</strong></span> <span class='ocrx_word' id='word_1_751' title='bbox 2439 4007 2500 4060; x_wconf 85' lang='lat'><strong>“.</strong></span> <span class='ocrx_word' id='word_1_752' title='bbox 2553 4005 2624 4060; x_wconf 87' lang='lat' dir='ltr'><strong>Ut</strong></span> <span class='ocrx_word' id='word_1_753' title='bbox 2649 4007 2796 4059; x_wconf 88' lang='lat' dir='ltr'><strong>verbi</strong></span> <span class='ocrx_word' id='word_1_754' title='bbox 2839 4020 2997 4060; x_wconf 90' lang='lat' dir='ltr'><strong>causa</strong></span> <span class='ocrx_word' id='word_1_755' title='bbox 3029 4008 3313 4062; x_wconf 88' lang='lat' dir='ltr'><strong>dicamus:</strong></span> <span class='ocrx_word' id='word_1_756' title='bbox 3347 4010 3394 4063; x_wconf 89' lang='lat' dir='ltr'><strong>si</strong></span> 
     </span>
    </p>
   </div>
   <div class='ocr_carea' id='block_1_92' title="bbox 1877 4092 3395 4165">
    <p class='ocr_par' dir='ltr' id='par_1_92' title="bbox 1877 4092 3395 4165">
     <span class='ocr_line' id='line_1_92' title="bbox 1877 4092 3395 4165; baseline 0 -15"><span class='ocrx_word' id='word_1_757' title='bbox 1877 4098 2176 4165; x_wconf 87' lang='lat' dir='ltr'><strong>requiratur</strong></span> <span class='ocrx_word' id='word_1_758' title='bbox 2215 4096 2339 4163; x_wconf 87' lang='lat' dir='ltr'><strong>quid</strong></span> <span class='ocrx_word' id='word_1_759' title='bbox 2400 4093 2538 4148; x_wconf 89' lang='lat' dir='ltr'><strong>Deus</strong></span> <span class='ocrx_word' id='word_1_760' title='bbox 2584 4095 2784 4148; x_wconf 85' lang='lat' dir='ltr'><strong>homini</strong></span> <span class='ocrx_word' id='word_1_761' title='bbox 2831 4092 3144 4161; x_wconf 79' lang='lat' dir='ltr'><strong>contulerit,</strong></span> <span class='ocrx_word' id='word_1_762' title='bbox 3179 4107 3234 4151; x_wconf 92' lang='lat' dir='ltr'><strong>et</strong></span> <span class='ocrx_word' id='word_1_763' title='bbox 3267 4099 3395 4164; x_wconf 83' lang='lat' dir='ltr'><strong>quid</strong></span> 
     </span>
    </p>
   </div>
   <div class='ocr_carea' id='block_1_93' title="bbox 1876 4185 3392 4258">
    <p class='ocr_par' dir='ltr' id='par_1_93' title="bbox 1876 4185 3392 4258">
     <span class='ocr_line' id='line_1_93' title="bbox 1876 4185 3392 4258; baseline -0.002 -15"><span class='ocrx_word' id='word_1_764' title='bbox 1876 4190 2032 4243; x_wconf 90' lang='lat' dir='ltr'><strong>homo</strong></span> <span class='ocrx_word' id='word_1_765' title='bbox 2055 4203 2120 4242; x_wconf 88' lang='lat' dir='ltr'><strong>ex</strong></span> <span class='ocrx_word' id='word_1_766' title='bbox 2155 4187 2237 4240; x_wconf 90' lang='lat' dir='ltr'><strong>his</strong></span> <span class='ocrx_word' id='word_1_767' title='bbox 2273 4199 2388 4253; x_wconf 67' lang='lat' dir='ltr'><strong>quae</strong></span> <span class='ocrx_word' id='word_1_768' title='bbox 2424 4201 2452 4238; x_wconf 91' lang='lat' dir='ltr'><strong>a</strong></span> <span class='ocrx_word' id='word_1_769' title='bbox 2487 4185 2592 4238; x_wconf 92' lang='lat' dir='ltr'><strong>Deo</strong></span> <span class='ocrx_word' id='word_1_770' title='bbox 2619 4185 2822 4252; x_wconf 89' lang='lat' dir='ltr'><strong>accepit</strong></span> <span class='ocrx_word' id='word_1_771' title='bbox 2853 4195 3104 4258; x_wconf 88' lang='lat' dir='ltr'><strong>operatus</strong></span> <span class='ocrx_word' id='word_1_772' title='bbox 3129 4187 3219 4251; x_wconf 89' lang='lat' dir='ltr'><strong>sit,</strong></span> <span class='ocrx_word' id='word_1_773' title='bbox 3246 4187 3392 4254; x_wconf 58' lang='lat' dir='ltr'><strong>judic</strong></span> 
     </span>
    </p>
   </div>
   <div class='ocr_carea' id='block_1_94' title="bbox 1875 4271 3396 4332">
    <p class='ocr_par' dir='ltr' id='par_1_94' title="bbox 1875 4271 3396 4332">
     <span class='ocr_line' id='line_1_94' title="bbox 1875 4271 3396 4332; baseline -0.003 0"><span class='ocrx_word' id='word_1_774' title='bbox 1875 4277 1984 4332; x_wconf 87' lang='lat' dir='ltr'><strong>cari</strong></span> <span class='ocrx_word' id='word_1_775' title='bbox 2017 4290 2138 4331; x_wconf 91' lang='lat' dir='ltr'><strong>cum</strong></span> <span class='ocrx_word' id='word_1_776' title='bbox 2167 4273 2468 4329; x_wconf 86' lang='lat' dir='ltr'><strong>hominibus</strong></span> <span class='ocrx_word' id='word_1_777' title='bbox 2497 4271 2634 4326; x_wconf 91' lang='lat' dir='ltr'><strong>Deus</strong></span> <span class='ocrx_word' id='word_1_778' title='bbox 2658 4272 2924 4326; x_wconf 86' lang='lat' dir='ltr'><strong>videbitur</strong></span> <span class='ocrx_word' id='word_1_779' title='bbox 2949 4287 2964 4324; x_wconf 92' lang='lat'><strong>:</strong></span> <span class='ocrx_word' id='word_1_780' title='bbox 3001 4280 3057 4327; x_wconf 89' lang='lat' dir='ltr'><strong>et</strong></span> <span class='ocrx_word' id='word_1_781' title='bbox 3094 4273 3396 4329; x_wconf 87' lang='lat' dir='ltr'><strong>invenietur</strong></span> 
     </span>
    </p>
   </div>
   <div class='ocr_carea' id='block_1_95' title="bbox 1872 4361 3394 4436">
    <p class='ocr_par' dir='ltr' id='par_1_95' title="bbox 1872 4361 3394 4436">
     <span class='ocr_line' id='line_1_95' title="bbox 1872 4361 3394 4436; baseline -0.001 -16"><span class='ocrx_word' id='word_1_782' title='bbox 1872 4367 2082 4436; x_wconf 86' lang='lat' dir='ltr'><strong>quidem</strong></span> <span class='ocrx_word' id='word_1_783' title='bbox 2131 4364 2272 4419; x_wconf 89' lang='lat' dir='ltr'><strong>Deus</strong></span> <span class='ocrx_word' id='word_1_784' title='bbox 2316 4363 2525 4417; x_wconf 90' lang='lat' dir='ltr'><strong>dedisse</strong></span> <span class='ocrx_word' id='word_1_785' title='bbox 2552 4361 2748 4416; x_wconf 90' lang='lat' dir='ltr'><strong>homini</strong></span> <span class='ocrx_word' id='word_1_786' title='bbox 2795 4377 2979 4418; x_wconf 87' lang='lat' dir='ltr'><strong>omnes</strong></span> <span class='ocrx_word' id='word_1_787' title='bbox 3007 4361 3246 4426; x_wconf 67' lang='lat' dir='ltr'><strong>adfectus,</strong></span> <span class='ocrx_word' id='word_1_788' title='bbox 3279 4377 3394 4418; x_wconf 90' lang='lat' dir='ltr'><strong>om-</strong></span> 
     </span>
    </p>
   </div>
   <div class='ocr_carea' id='block_1_96' title="bbox 1873 4451 3396 4523">
    <p class='ocr_par' dir='ltr' id='par_1_96' title="bbox 1873 4451 3396 4523">
     <span class='ocr_line' id='line_1_96' title="bbox 1873 4451 3396 4523; baseline -0.002 -14"><span class='ocrx_word' id='word_1_789' title='bbox 1873 4469 2072 4523; x_wconf 90' lang='lat' dir='ltr'><strong>nesque</strong></span> <span class='ocrx_word' id='word_1_790' title='bbox 2097 4461 2270 4507; x_wconf 91' lang='lat' dir='ltr'><strong>motus</strong></span> <span class='ocrx_word' id='word_1_791' title='bbox 2297 4454 2489 4521; x_wconf 88' lang='lat' dir='ltr'><strong>quibus</strong></span> <span class='ocrx_word' id='word_1_792' title='bbox 2516 4451 2583 4506; x_wconf 88' lang='lat' dir='ltr'><strong>ad</strong></span> <span class='ocrx_word' id='word_1_793' title='bbox 2611 4451 2860 4506; x_wconf 89' lang='lat' dir='ltr'><strong>virtutem</strong></span> <span class='ocrx_word' id='word_1_794' title='bbox 2885 4451 2979 4505; x_wconf 93' lang='lat' dir='ltr'><strong>niti</strong></span> <span class='ocrx_word' id='word_1_795' title='bbox 3005 4453 3172 4520; x_wconf 89' lang='lat' dir='ltr'><strong>possit</strong></span> <span class='ocrx_word' id='word_1_796' title='bbox 3195 4462 3250 4506; x_wconf 92' lang='lat' dir='ltr'><strong>et</strong></span> <span class='ocrx_word' id='word_1_797' title='bbox 3272 4469 3396 4521; x_wconf 89' lang='lat' dir='ltr'><strong>pro-</strong></span> 
     </span>
    </p>
   </div>
   <div class='ocr_carea' id='block_1_97' title="bbox 1873 4542 3392 4615">
    <p class='ocr_par' dir='ltr' id='par_1_97' title="bbox 1873 4542 3392 4615">
     <span class='ocr_line' id='line_1_97' title="bbox 1873 4542 3392 4615; baseline -0.001 -17"><span class='ocrx_word' id='word_1_798' title='bbox 1873 4545 2018 4615; x_wconf 90' lang='lat' dir='ltr'><strong>gredi</strong></span> <span class='ocrx_word' id='word_1_799' title='bbox 2050 4561 2063 4598; x_wconf 95' lang='lat'><strong>:</strong></span> <span class='ocrx_word' id='word_1_800' title='bbox 2094 4544 2308 4612; x_wconf 86' lang='lat' dir='ltr'><strong>insuper</strong></span> <span class='ocrx_word' id='word_1_801' title='bbox 2350 4543 2511 4596; x_wconf 89' lang='lat' dir='ltr'><strong>etiam</strong></span> <span class='ocrx_word' id='word_1_802' title='bbox 2539 4542 2644 4594; x_wconf 90' lang='lat' dir='ltr'><strong>vim</strong></span> <span class='ocrx_word' id='word_1_803' title='bbox 2675 4542 2898 4597; x_wconf 89' lang='lat' dir='ltr'><strong>rationis</strong></span> <span class='ocrx_word' id='word_1_804' title='bbox 2928 4542 3217 4597; x_wconf 89' lang='lat' dir='ltr'><strong>inseruisse</strong></span> <span class='ocrx_word' id='word_1_805' title='bbox 3239 4583 3254 4607; x_wconf 93' lang='lat'><strong>,</strong></span> <span class='ocrx_word' id='word_1_806' title='bbox 3289 4558 3392 4611; x_wconf 89' lang='lat' dir='ltr'><strong>qua</strong></span> 
     </span>
    </p>
   </div>
   <div class='ocr_carea' id='block_1_98' title="bbox 1872 4632 3393 4704">
    <p class='ocr_par' dir='ltr' id='par_1_98' title="bbox 1872 4632 3393 4704">
     <span class='ocr_line' id='line_1_98' title="bbox 1872 4632 3393 4704; baseline -0.001 -16"><span class='ocrx_word' id='word_1_807' title='bbox 1872 4642 2184 4704; x_wconf 88' lang='lat' dir='ltr'><strong>agnosceret</strong></span> <span class='ocrx_word' id='word_1_808' title='bbox 2222 4633 2347 4701; x_wconf 88' lang='lat' dir='ltr'><strong>quid</strong></span> <span class='ocrx_word' id='word_1_809' title='bbox 2387 4633 2603 4688; x_wconf 89' lang='lat' dir='ltr'><strong>deberet</strong></span> <span class='ocrx_word' id='word_1_810' title='bbox 2641 4646 2820 4701; x_wconf 89' lang='lat' dir='ltr'><strong>agere,</strong></span> <span class='ocrx_word' id='word_1_811' title='bbox 2847 4632 2975 4702; x_wconf 90' lang='lat' dir='ltr'><strong>quid</strong></span> <span class='ocrx_word' id='word_1_812' title='bbox 3001 4647 3211 4687; x_wconf 90' lang='lat' dir='ltr'><strong>cavere.</strong></span> <span class='ocrx_word' id='word_1_813' title='bbox 3272 4633 3393 4688; x_wconf 67' lang='lat' dir='ltr'><strong>Haec</strong></span> 
     </span>
    </p>
   </div>
   <div class='ocr_carea' id='block_1_99' title="bbox 1871 4721 3392 4793">
    <p class='ocr_par' dir='ltr' id='par_1_99' title="bbox 1871 4721 3392 4793">
     <span class='ocr_line' id='line_1_99' title="bbox 1871 4721 3392 4793; baseline -0.004 -15"><span class='ocrx_word' id='word_1_814' title='bbox 1871 4735 2000 4793; x_wconf 91' lang='lat' dir='ltr'><strong>ergo</strong></span> <span class='ocrx_word' id='word_1_815' title='bbox 2027 4723 2290 4776; x_wconf 85' lang='lat' dir='ltr'><strong>invenitur</strong></span> <span class='ocrx_word' id='word_1_816' title='bbox 2322 4721 2458 4776; x_wconf 89' lang='lat' dir='ltr'><strong>Deus</strong></span> <span class='ocrx_word' id='word_1_817' title='bbox 2489 4721 2839 4775; x_wconf 90' lang='lat' dir='ltr'><strong>communiter</strong></span> <span class='ocrx_word' id='word_1_818' title='bbox 2876 4722 3120 4774; x_wconf 87' lang='lat' dir='ltr'><strong>omnibus</strong></span> <span class='ocrx_word' id='word_1_819' title='bbox 3163 4722 3392 4774; x_wconf 85' lang='lat' dir='ltr'><strong>homini-</strong></span> 
     </span>
    </p>
   </div>
   <div class='ocr_carea' id='block_1_100' title="bbox 1875 4811 3390 4881">
    <p class='ocr_par' dir='ltr' id='par_1_100' title="bbox 1875 4811 3390 4881">
     <span class='ocr_line' id='line_1_100' title="bbox 1875 4811 3390 4881; baseline -0.003 -15"><span class='ocrx_word' id='word_1_820' title='bbox 1875 4814 1972 4867; x_wconf 90' lang='lat' dir='ltr'><strong>bus</strong></span> <span class='ocrx_word' id='word_1_821' title='bbox 1991 4813 2317 4881; x_wconf 65' lang='lat' dir='ltr'><strong>praestitisse.</strong></span> <span class='ocrx_word' id='word_1_822' title='bbox 2351 4811 2450 4873; x_wconf 85' lang='lat' dir='ltr'><strong>Sed</strong></span> <span class='ocrx_word' id='word_1_823' title='bbox 2483 4813 2524 4862; x_wconf 90' lang='lat' dir='ltr'><strong>si</strong></span> <span class='ocrx_word' id='word_1_824' title='bbox 2547 4813 2630 4862; x_wconf 87' lang='lat' dir='ltr'><strong>his</strong></span> <span class='ocrx_word' id='word_1_825' title='bbox 2660 4811 2888 4878; x_wconf 89' lang='lat' dir='ltr'><strong>acceptis</strong></span> <span class='ocrx_word' id='word_1_826' title='bbox 2918 4811 3076 4862; x_wconf 87' lang='lat' dir='ltr'><strong>homo</strong></span> <span class='ocrx_word' id='word_1_827' title='bbox 3100 4811 3390 4876; x_wconf 80' lang='lat' dir='ltr'><strong>neglexerit</strong></span> 
     </span>
    </p>
   </div>
   <div class='ocr_carea' id='block_1_101' title="bbox 1875 4897 3388 4962">
    <p class='ocr_par' dir='ltr' id='par_1_101' title="bbox 1875 4897 3388 4962">
     <span class='ocr_line' id='line_1_101' title="bbox 1875 4897 3388 4962; baseline -0.005 -6"><span class='ocrx_word' id='word_1_828' title='bbox 1875 4904 1977 4957; x_wconf 91' lang='lat' dir='ltr'><strong>iter</strong></span> <span class='ocrx_word' id='word_1_829' title='bbox 2013 4901 2222 4956; x_wconf 90' lang='lat' dir='ltr'><strong>virtutis</strong></span> <span class='ocrx_word' id='word_1_830' title='bbox 2253 4901 2528 4962; x_wconf 84' lang='lat' dir='ltr'><strong>incedere,</strong></span> <span class='ocrx_word' id='word_1_831' title='bbox 2587 4899 2672 4950; x_wconf 88' lang='lat' dir='ltr'><strong>cui</strong></span> <span class='ocrx_word' id='word_1_832' title='bbox 2728 4913 2792 4951; x_wconf 88' lang='lat' dir='ltr'><strong>ex</strong></span> <span class='ocrx_word' id='word_1_833' title='bbox 2858 4897 2962 4953; x_wconf 85' lang='lat' dir='ltr'><strong>Deo</strong></span> <span class='ocrx_word' id='word_1_834' title='bbox 3019 4897 3150 4950; x_wconf 88' lang='lat' dir='ltr'><strong>nihil</strong></span> <span class='ocrx_word' id='word_1_835' title='bbox 3199 4900 3388 4958; x_wconf 83' lang='lat' dir='ltr'><strong>defuit,</strong></span> 
     </span>
    </p>
   </div>
   <div class='ocr_carea' id='block_1_102' title="bbox 308 5024 1779 5107">
    <p class='ocr_par' dir='ltr' id='par_1_102' title="bbox 308 5031 1774 5107">
     <span class='ocr_line' id='line_1_102' title="bbox 308 5031 1774 5107; baseline 0.002 -23"><span class='ocrx_word' id='word_1_836' title='bbox 308 5041 358 5075; x_wconf 68' lang='grc' dir='ltr'><strong>οι</strong></span> <span class='ocrx_word' id='word_1_837' title='bbox 385 5039 581 5107; x_wconf 68' lang='grc' dir='ltr'><strong>Εριιεε,</strong></span> <span class='ocrx_word' id='word_1_838' title='bbox 621 5053 692 5094; x_wconf 66' lang='grc' dir='ltr'><strong>γι.</strong></span> <span class='ocrx_word' id='word_1_839' title='bbox 730 5038 815 5090; x_wconf 73' lang='lat' dir='ltr'><strong>l2.</strong></span> <span class='ocrx_word' id='word_1_840' title='bbox 879 5037 938 5107; x_wconf 13' lang='lat'><strong>_”7</strong></span> <span class='ocrx_word' id='word_1_841' title='bbox 957 5035 1108 5088; x_wconf 80' lang='lat' dir='ltr'><strong>Rom.</strong></span> <span class='ocrx_word' id='word_1_842' title='bbox 1145 5050 1257 5107; x_wconf 75' lang='lat' dir='ltr'><strong>Xlll.</strong></span> <span class='ocrx_word' id='word_1_843' title='bbox 1289 5033 1355 5107; x_wconf 38' lang='lat'><strong>3.‘</strong></span> <span class='ocrx_word' id='word_1_844' title='bbox 1387 5033 1456 5107; x_wconf 80' lang='lat'>__&quot;_&#39;</span> <span class='ocrx_word' id='word_1_845' title='bbox 1478 5031 1616 5107; x_wconf 67' lang='lat' dir='ltr'><strong>Psal.</strong></span> <span class='ocrx_word' id='word_1_846' title='bbox 1640 5050 1774 5107; x_wconf 73' lang='lat' dir='ltr'><strong>cxvu</strong></span> 
     </span>
    </p>
   </div>
   <div class='ocr_carea' id='block_1_103' title="bbox 1881 5024 3387 5107">
    <p class='ocr_par' dir='ltr' id='par_1_103' title="bbox 1885 5024 3387 5107">
     <span class='ocr_line' id='line_1_103' title="bbox 1885 5024 3387 5107; baseline -0.006 -20"><span class='ocrx_word' id='word_1_847' title='bbox 1885 5106 1888 5107; x_wconf 14' lang='grc' dir='ltr'><em>ν</em></span> <span class='ocrx_word' id='word_1_848' title='bbox 1933 5035 1991 5107; x_wconf 59' lang='grc' dir='ltr'><strong>ξ’</strong></span> <span class='ocrx_word' id='word_1_849' title='bbox 2021 5031 2156 5086; x_wconf 85' lang='lat' dir='ltr'><strong>Psal.</strong></span> <span class='ocrx_word' id='word_1_850' title='bbox 2187 5045 2274 5107; x_wconf 54' lang='grc' dir='ltr'><strong>ξιξ,</strong></span> <span class='ocrx_word' id='word_1_851' title='bbox 2306 5029 2358 5083; x_wconf 78' lang='grc'><strong>5.</strong></span> <span class='ocrx_word' id='word_1_852' title='bbox 2397 5095 2414 5107; x_wconf 89' lang='lat'><em>_</em></span> <span class='ocrx_word' id='word_1_853' title='bbox 2435 5027 2621 5107; x_wconf 40' lang='lat' dir='ltr'><strong>‘I‘Psal.</strong></span> <span class='ocrx_word' id='word_1_854' title='bbox 2655 5027 2880 5107; x_wconf 45' lang='lat' dir='ltr'><strong>sub}.</strong></span> <span class='ocrx_word' id='word_1_855' title='bbox 2951 5028 2982 5107; x_wconf 53' lang='grc' dir='ltr'><em>ξ</em></span> <span class='ocrx_word' id='word_1_856' title='bbox 3007 5024 3125 5107; x_wconf 60' lang='lat' dir='ltr'><strong>issi.</strong></span> <span class='ocrx_word' id='word_1_857' title='bbox 3157 5042 3228 5086; x_wconf 69' lang='grc' dir='ltr'><strong>ιι.</strong></span> <span class='ocrx_word' id='word_1_858' title='bbox 3257 5027 3387 5107; x_wconf 65' lang='lat' dir='ltr'><strong>l,_§.</strong></span> 
     </span>
    </p>
   </div>
   <div class='ocr_carea' id='block_1_104' title="bbox 245 5102 1758 5168">
    <p class='ocr_par' dir='ltr' id='par_1_104' title="bbox 245 5102 1758 5168">
     <span class='ocr_line' id='line_1_104' title="bbox 245 5102 1758 5168; baseline -0.005 -5"><span class='ocrx_word' id='word_1_859' title='bbox 245 5109 270 5140; x_wconf 85' lang='grc'><strong><em>³</em></strong></span> <span class='ocrx_word' id='word_1_860' title='bbox 292 5102 654 5168; x_wconf 61' lang='grc' dir='ltr'><strong>Ρςυιξιιιιιι.</strong></span> <span class='ocrx_word' id='word_1_861' title='bbox 692 5107 774 5160; x_wconf 78' lang='grc'><strong>10.</strong></span> <span class='ocrx_word' id='word_1_862' title='bbox 875 5105 897 5136; x_wconf 74' lang='grc'>⁸</span> <span class='ocrx_word' id='word_1_863' title='bbox 929 5106 1077 5157; x_wconf 76' lang='lat' dir='ltr'><strong>ltom.</strong></span> <span class='ocrx_word' id='word_1_864' title='bbox 1109 5119 1186 5166; x_wconf 87' lang='lat' dir='ltr'><strong>ttt,</strong></span> <span class='ocrx_word' id='word_1_865' title='bbox 1212 5105 1263 5157; x_wconf 88' lang='lat'><strong>9.</strong></span> <span class='ocrx_word' id='word_1_866' title='bbox 1336 5102 1356 5132; x_wconf 82' lang='grc'><strong><em>⁵</em></strong></span> <span class='ocrx_word' id='word_1_867' title='bbox 1387 5102 1509 5152; x_wconf 89' lang='lat' dir='ltr'><strong>ibid.</strong></span> <span class='ocrx_word' id='word_1_868' title='bbox 1548 5102 1631 5166; x_wconf 89' lang='lat' dir='ltr'><strong>l9,</strong></span> <span class='ocrx_word' id='word_1_869' title='bbox 1671 5103 1758 5157; x_wconf 64' lang='grc' dir='ltr'><strong>το.</strong></span> 
     </span>
    </p>
   </div>
   <div class='ocr_carea' id='block_1_105' title="bbox 244 5169 1596 5242">
    <p class='ocr_par' dir='ltr' id='par_1_105' title="bbox 244 5169 1596 5242">
     <span class='ocr_line' id='line_1_105' title="bbox 244 5169 1596 5242; baseline -0.011 -7"><span class='ocrx_word' id='word_1_870' title='bbox 244 5181 268 5213; x_wconf 89' lang='grc'><strong>⁹</strong></span> <span class='ocrx_word' id='word_1_871' title='bbox 299 5178 458 5234; x_wconf 75' lang='grc' dir='ltr'><strong>Βοιη.</strong></span> <span class='ocrx_word' id='word_1_872' title='bbox 489 5195 573 5242; x_wconf 90' lang='lat' dir='ltr'><strong>ttt,</strong></span> <span class='ocrx_word' id='word_1_873' title='bbox 601 5178 684 5231; x_wconf 84' lang='lat' dir='ltr'><strong>l9.</strong></span> <span class='ocrx_word' id='word_1_874' title='bbox 763 5178 804 5207; x_wconf 78' lang='lat'><strong><em>‘°</em></strong></span> <span class='ocrx_word' id='word_1_875' title='bbox 832 5175 984 5228; x_wconf 81' lang='lat' dir='ltr'><strong>Rom.</strong></span> <span class='ocrx_word' id='word_1_876' title='bbox 1008 5187 1100 5236; x_wconf 87' lang='lat' dir='ltr'><strong>VII,</strong></span> <span class='ocrx_word' id='word_1_877' title='bbox 1120 5174 1171 5226; x_wconf 91' lang='grc'><strong>9.</strong></span> <span class='ocrx_word' id='word_1_878' title='bbox 1248 5175 1285 5202; x_wconf 83' lang='grc'><strong>¹¹</strong></span> <span class='ocrx_word' id='word_1_879' title='bbox 1310 5169 1444 5223; x_wconf 82' lang='lat' dir='ltr'><strong>Psal.</strong></span> <span class='ocrx_word' id='word_1_880' title='bbox 1469 5183 1519 5228; x_wconf 77' lang='grc' dir='ltr'><strong>ι..</strong></span> <span class='ocrx_word' id='word_1_881' title='bbox 1543 5169 1596 5220; x_wconf 89' lang='lat'><strong>6.</strong></span> 
     </span>
    </p>
   </div>
   <div class='ocr_carea' id='block_1_106' title="bbox 321 5285 1607 5361">
    <p class='ocr_par' dir='ltr' id='par_1_106' title="bbox 321 5285 1607 5361">
     <span class='ocr_line' id='line_1_106' title="bbox 321 5285 1607 5361; baseline -0.009 -13"><span class='ocrx_word' id='word_1_882' title='bbox 321 5294 432 5361; x_wconf 45' lang='grc' dir='ltr'><strong>(ὃς)</strong></span> <span class='ocrx_word' id='word_1_883' title='bbox 473 5291 607 5344; x_wconf 84' lang='lat' dir='ltr'><strong>Hoc.</strong></span> <span class='ocrx_word' id='word_1_884' title='bbox 649 5289 701 5341; x_wconf 88' lang='lat' dir='ltr'><strong>ltt</strong></span> <span class='ocrx_word' id='word_1_885' title='bbox 739 5285 1204 5361; x_wconf 79' lang='lat' dir='ltr'><strong>ed_itis_o_mitti_tur.</strong></span> <span class='ocrx_word' id='word_1_886' title='bbox 1271 5349 1307 5361; x_wconf 42' lang='grc' dir='ltr'>Ἀ</span> <span class='ocrx_word' id='word_1_887' title='bbox 1408 5345 1422 5361; x_wconf 51' lang='grc'><em>.</em></span> <span class='ocrx_word' id='word_1_888' title='bbox 1572 5345 1607 5361; x_wconf 51' lang='grc' dir='ltr'>η</span> 
     </span>
    </p>
   </div>
   <div class='ocr_carea' id='block_1_107' title="bbox 321 5345 1764 5498">
    <p class='ocr_par' dir='ltr' id='par_1_107' title="bbox 321 5345 1764 5498">
     <span class='ocr_line' id='line_1_107' title="bbox 324 5345 1764 5432; baseline -0.012 -17"><span class='ocrx_word' id='word_1_889' title='bbox 324 5345 433 5432; x_wconf 57' lang='grc' dir='ltr'><strong>’ἐϐᾖ</strong></span> <span class='ocrx_word' id='word_1_890' title='bbox 461 5361 569 5420; x_wconf 82' lang='grc' dir='ltr'><strong>ΑΙ..</strong></span> <span class='ocrx_word' id='word_1_891' title='bbox 601 5378 619 5410; x_wconf 72' lang='grc' dir='ltr'>ι</span> <span class='ocrx_word' id='word_1_892' title='bbox 645 5368 700 5409; x_wconf 93' lang='lat' dir='ltr'><strong>ut</strong></span> <span class='ocrx_word' id='word_1_893' title='bbox 731 5357 812 5408; x_wconf 88' lang='lat' dir='ltr'><strong>cui</strong></span> <span class='ocrx_word' id='word_1_894' title='bbox 842 5353 970 5432; x_wconf 79' lang='lat' dir='ltr'><strong>nihil</strong></span> <span class='ocrx_word' id='word_1_895' title='bbox 1000 5353 1152 5414; x_wconf 84' lang='lat' dir='ltr'><strong>desit;</strong></span> <span class='ocrx_word' id='word_1_896' title='bbox 1184 5361 1248 5430; x_wconf 43' lang='lat' dir='ltr'><strong>ut.</strong></span> <span class='ocrx_word' id='word_1_897' title='bbox 1271 5345 1531 5426; x_wconf 76' lang='lat' dir='ltr'><strong>Propheta</strong></span> <span class='ocrx_word' id='word_1_898' title='bbox 1556 5345 1717 5426; x_wconf 58' lang='lat' dir='ltr'><strong>dicat:</strong></span> <span class='ocrx_word' id='word_1_899' title='bbox 1744 5365 1764 5398; x_wconf 69' lang='grc' dir='ltr'><strong><em>ι</em></strong></span> 
     </span>
     <span class='ocr_line' id='line_1_108' title="bbox 321 5367 1764 5498; baseline -0.01 -15"><span class='ocrx_word' id='word_1_900' title='bbox 321 5367 434 5498; x_wconf 60' lang='lat' dir='ltr'><strong>i3?)</strong></span> <span class='ocrx_word' id='word_1_901' title='bbox 472 5427 534 5498; x_wconf 63' lang='lat' dir='ltr'><strong>[Ct</strong></span> <span class='ocrx_word' id='word_1_902' title='bbox 563 5428 706 5478; x_wconf 81' lang='lat' dir='ltr'><strong>aliud</strong></span> <span class='ocrx_word' id='word_1_903' title='bbox 738 5422 948 5498; x_wconf 67' lang='lat' dir='ltr'><strong>iit_clto.</strong></span> <span class='ocrx_word' id='word_1_904' title='bbox 988 5419 1107 5498; x_wconf 61' lang='lat' dir='ltr'><strong>llu‘c</strong></span> <span class='ocrx_word' id='word_1_905' title='bbox 1132 5425 1466 5498; x_wconf 40' lang='lat' dir='ltr'><strong>Ptttllltlntlgli‘</strong></span> <span class='ocrx_word' id='word_1_906' title='bbox 1500 5431 1549 5466; x_wconf 92' lang='lat' dir='ltr'><strong>tn</strong></span> <span class='ocrx_word' id='word_1_907' title='bbox 1591 5417 1764 5469; x_wconf 82' lang='lat' dir='ltr'><strong>edttts.</strong></span> 
     </span>
    </p>
   </div>
   <div class='ocr_carea' id='block_1_108' title="bbox 346 5416 1766 5498">
    <p class='ocr_par' dir='ltr' id='par_1_108' title="bbox 346 5416 1766 5498">
     <span class='ocr_line' id='line_1_109' title="bbox 346 5416 1766 5498; baseline -0.01 -15"><span class='ocrx_word' id='word_1_908' title='bbox 346 5416 434 5498; x_wconf 58' lang='lat'><strong>373</strong></span> <span class='ocrx_word' id='word_1_909' title='bbox 472 5427 534 5498; x_wconf 63' lang='lat' dir='ltr'><strong>[Ct</strong></span> <span class='ocrx_word' id='word_1_910' title='bbox 558 5416 706 5478; x_wconf 65' lang='lat' dir='ltr'><strong>aliud</strong></span> <span class='ocrx_word' id='word_1_911' title='bbox 738 5422 948 5498; x_wconf 47' lang='lat' dir='ltr'><strong>inplio.</strong></span> <span class='ocrx_word' id='word_1_912' title='bbox 988 5419 1107 5498; x_wconf 61' lang='lat' dir='ltr'><strong>llu‘c</strong></span> <span class='ocrx_word' id='word_1_913' title='bbox 1132 5420 1466 5498; x_wconf 33' lang='lat' dir='ltr'><strong>pmiltuntt’tr</strong></span> <span class='ocrx_word' id='word_1_914' title='bbox 1500 5418 1549 5466; x_wconf 92' lang='lat' dir='ltr'><strong>in</strong></span> <span class='ocrx_word' id='word_1_915' title='bbox 1591 5416 1766 5469; x_wconf 77' lang='lat' dir='ltr'><strong>editis.</strong></span> 
     </span>
    </p>
   </div>
   <div class='ocr_carea' id='block_1_109' title="bbox 323 5489 1524 5565">
    <p class='ocr_par' dir='ltr' id='par_1_109' title="bbox 323 5489 1524 5565">
     <span class='ocr_line' id='line_1_110' title="bbox 323 5489 1524 5565; baseline -0.012 -17"><span class='ocrx_word' id='word_1_916' title='bbox 323 5489 436 5565; x_wconf 60' lang='lat'><strong>(38&#39;)</strong></span> <span class='ocrx_word' id='word_1_917' title='bbox 468 5494 771 5562; x_wconf 81' lang='lat' dir='ltr'><strong>Pmpterea.</strong></span> <span class='ocrx_word' id='word_1_918' title='bbox 801 5491 892 5565; x_wconf 62' lang='lat' dir='ltr'><strong>Sig</strong></span> <span class='ocrx_word' id='word_1_919' title='bbox 913 5505 1037 5542; x_wconf 84' lang='lat' dir='ltr'><strong>mss.</strong></span> <span class='ocrx_word' id='word_1_920' title='bbox 1073 5489 1202 5541; x_wconf 80' lang='lat' dir='ltr'><strong>Editi</strong></span> <span class='ocrx_word' id='word_1_921' title='bbox 1229 5529 1242 5552; x_wconf 86' lang='lat'><strong>,</strong></span> <span class='ocrx_word' id='word_1_922' title='bbox 1275 5504 1292 5534; x_wconf 75' lang='lat' dir='ltr'><strong>t</strong></span> <span class='ocrx_word' id='word_1_923' title='bbox 1327 5489 1474 5551; x_wconf 87' lang='lat' dir='ltr'><strong>quia.</strong></span> <span class='ocrx_word' id='word_1_924' title='bbox 1505 5501 1524 5533; x_wconf 80' lang='grc' dir='ltr'><strong><em>ι</em></strong></span> 
     </span>
    </p>
   </div>
   <div class='ocr_carea' id='block_1_110' title="bbox 323 5557 1028 5637">
    <p class='ocr_par' dir='ltr' id='par_1_110' title="bbox 323 5557 1028 5637">
     <span class='ocr_line' id='line_1_111' title="bbox 323 5557 1028 5637; baseline -0.021 -16"><span class='ocrx_word' id='word_1_925' title='bbox 323 5557 436 5637; x_wconf 73' lang='grc'><strong>(59)</strong></span> <span class='ocrx_word' id='word_1_926' title='bbox 458 5557 618 5625; x_wconf 77' lang='grc' dir='ltr'><strong>Αι.,’‹</strong></span> <span class='ocrx_word' id='word_1_927' title='bbox 650 5575 827 5614; x_wconf 85' lang='lat' dir='ltr'><strong>coram</strong></span> <span class='ocrx_word' id='word_1_928' title='bbox 859 5557 982 5609; x_wconf 91' lang='lat' dir='ltr'><strong>Deo.</strong></span> <span class='ocrx_word' id='word_1_929' title='bbox 1010 5575 1028 5607; x_wconf 69' lang='grc' dir='ltr'><strong><em>ι</em></strong></span> 
     </span>
    </p>
   </div>
   <div class='ocr_carea' id='block_1_111' title="bbox 564 5646 1186 5714">
    <p class='ocr_par' dir='ltr' id='par_1_111' title="bbox 564 5646 1186 5714">
     <span class='ocr_line' id='line_1_112' title="bbox 564 5646 1186 5714; baseline -0.016 -1"><span class='ocrx_word' id='word_1_930' title='bbox 564 5657 828 5714; x_wconf 70' lang='grc' dir='ltr'><strong>Ρηιιοι..</strong></span> <span class='ocrx_word' id='word_1_931' title='bbox 873 5648 986 5707; x_wconf 79' lang='lat' dir='ltr'><strong>Gtt.</strong></span> <span class='ocrx_word' id='word_1_932' title='bbox 1030 5646 1186 5706; x_wconf 80' lang='lat' dir='ltr'><strong>XIV.</strong></span> 
     </span>
    </p>
   </div>
   <div class='ocr_carea' id='block_1_112' title="bbox 2397 5092 3389 5158">
    <p class='ocr_par' dir='ltr' id='par_1_112' title="bbox 2397 5092 3389 5158">
     <span class='ocr_line' id='line_1_113' title="bbox 2397 5092 3389 5158; baseline 0.003 -10"><span class='ocrx_word' id='word_1_933' title='bbox 2397 5095 2414 5124; x_wconf 88' lang='grc'><strong>⁷</strong></span> <span class='ocrx_word' id='word_1_934' title='bbox 2440 5097 2571 5148; x_wconf 81' lang='lat' dir='ltr'><strong>Gen.</strong></span> <span class='ocrx_word' id='word_1_935' title='bbox 2598 5111 2724 5157; x_wconf 86' lang='lat' dir='ltr'><strong>xt.tt,</strong></span> <span class='ocrx_word' id='word_1_936' title='bbox 2748 5094 2840 5158; x_wconf 70' lang='lat'><strong>2|,</strong></span> <span class='ocrx_word' id='word_1_937' title='bbox 2950 5096 2970 5125; x_wconf 79' lang='lat'>&quot;</span> <span class='ocrx_word' id='word_1_938' title='bbox 3000 5092 3098 5146; x_wconf 75' lang='lat' dir='ltr'><strong>Job</strong></span> <span class='ocrx_word' id='word_1_939' title='bbox 3125 5109 3270 5158; x_wconf 73' lang='lat' dir='ltr'><strong>xxxi,</strong></span> <span class='ocrx_word' id='word_1_940' title='bbox 3300 5096 3389 5152; x_wconf 75' lang='lat'><strong>3&#39;5.</strong></span> 
     </span>
    </p>
   </div>
   <div class='ocr_carea' id='block_1_113' title="bbox 1875 5098 2265 5162">
    <p class='ocr_par' dir='ltr' id='par_1_113' title="bbox 1875 5098 2265 5162">
     <span class='ocr_line' id='line_1_114' title="bbox 1875 5098 2265 5162; baseline -0.026 -4"><span class='ocrx_word' id='word_1_941' title='bbox 1875 5106 1896 5136; x_wconf 75' lang='grc'>⁸</span> <span class='ocrx_word' id='word_1_942' title='bbox 1921 5103 2054 5158; x_wconf 85' lang='lat' dir='ltr'><strong>Gen.</strong></span> <span class='ocrx_word' id='word_1_943' title='bbox 2081 5115 2152 5162; x_wconf 84' lang='lat' dir='ltr'><strong>tv,</strong></span> <span class='ocrx_word' id='word_1_944' title='bbox 2182 5098 2265 5150; x_wconf 77' lang='lat' dir='ltr'><strong>l3.</strong></span> 
     </span>
    </p>
   </div>
   <div class='ocr_carea' id='block_1_114' title="bbox 1940 5272 2918 5346">
    <p class='ocr_par' dir='ltr' id='par_1_114' title="bbox 1940 5272 2918 5346">
     <span class='ocr_line' id='line_1_115' title="bbox 1940 5272 2918 5346; baseline -0.008 -14"><span class='ocrx_word' id='word_1_945' title='bbox 1940 5280 2050 5346; x_wconf 65' lang='grc'>(40)</span> <span class='ocrx_word' id='word_1_946' title='bbox 2075 5277 2204 5330; x_wconf 83' lang='lat' dir='ltr'><strong>Vide</strong></span> <span class='ocrx_word' id='word_1_947' title='bbox 2237 5273 2601 5346; x_wconf 71' lang='lat' dir='ltr'><strong>Prml&#39;ationem</strong></span> <span class='ocrx_word' id='word_1_948' title='bbox 2657 5272 2918 5346; x_wconf 65' lang='lat' dir='ltr'><strong>Origenis.</strong></span> 
     </span>
    </p>
   </div>
   <div class='ocr_carea' id='block_1_115' title="bbox 1941 5338 3390 5418">
    <p class='ocr_par' dir='ltr' id='par_1_115' title="bbox 1941 5338 3390 5418">
     <span class='ocr_line' id='line_1_116' title="bbox 1941 5338 3390 5418; baseline -0.008 -18"><span class='ocrx_word' id='word_1_949' title='bbox 1941 5338 2050 5418; x_wconf 67' lang='grc'>(41)</span> <span class='ocrx_word' id='word_1_950' title='bbox 2082 5347 2169 5418; x_wconf 79' lang='lat' dir='ltr'><strong>Sic</strong></span> <span class='ocrx_word' id='word_1_951' title='bbox 2203 5358 2327 5418; x_wconf 79' lang='lat' dir='ltr'><strong>mss.</strong></span> <span class='ocrx_word' id='word_1_952' title='bbox 2365 5343 2473 5395; x_wconf 88' lang='lat' dir='ltr'><strong>l&#39;erc</strong></span> <span class='ocrx_word' id='word_1_953' title='bbox 2517 5353 2723 5393; x_wconf 89' lang='lat' dir='ltr'><strong>omnes.</strong></span> <span class='ocrx_word' id='word_1_954' title='bbox 2775 5339 3000 5404; x_wconf 88' lang='lat' dir='ltr'><strong>Quidam</strong></span> <span class='ocrx_word' id='word_1_955' title='bbox 3049 5349 3168 5388; x_wconf 89' lang='lat' dir='ltr'><strong>cum</strong></span> <span class='ocrx_word' id='word_1_956' title='bbox 3207 5338 3390 5403; x_wconf 87' lang='lat' dir='ltr'><strong>editis,</strong></span> 
     </span>
    </p>
   </div>
   <div class='ocr_carea' id='block_1_116' title="bbox 1876 5412 2370 5479">
    <p class='ocr_par' dir='ltr' id='par_1_116' title="bbox 1876 5412 2370 5479">
     <span class='ocr_line' id='line_1_117' title="bbox 1876 5412 2370 5479; baseline -0.006 -17"><span class='ocrx_word' id='word_1_957' title='bbox 1876 5433 1893 5462; x_wconf 72' lang='grc' dir='ltr'><strong>ε</strong></span> <span class='ocrx_word' id='word_1_958' title='bbox 1927 5412 2119 5467; x_wconf 79' lang='lat' dir='ltr'><strong>remitti</strong></span> <span class='ocrx_word' id='word_1_959' title='bbox 2148 5412 2370 5479; x_wconf 64' lang='lat' dir='ltr'><strong>possit.»</strong></span> 
     </span>
    </p>
   </div>
   <div class='ocr_carea' id='block_1_117' title="bbox 1939 5477 2601 5556">
    <p class='ocr_par' dir='ltr' id='par_1_117' title="bbox 1939 5477 2601 5556">
     <span class='ocr_line' id='line_1_118' title="bbox 1939 5477 2601 5556; baseline -0.023 -21"><span class='ocrx_word' id='word_1_960' title='bbox 1939 5483 2046 5556; x_wconf 68' lang='lat'><strong>(4&#39;2)</strong></span> <span class='ocrx_word' id='word_1_961' title='bbox 2075 5477 2178 5544; x_wconf 72' lang='grc' dir='ltr'><strong>Αιξ,</strong></span> <span class='ocrx_word' id='word_1_962' title='bbox 2217 5497 2234 5531; x_wconf 79' lang='lat' dir='ltr'><strong>t</strong></span> <span class='ocrx_word' id='word_1_963' title='bbox 2264 5477 2550 5532; x_wconf 80' lang='lat' dir='ltr'><strong>videbatur.</strong></span> <span class='ocrx_word' id='word_1_964' title='bbox 2584 5491 2601 5521; x_wconf 76' lang='grc' dir='ltr'>ι</span> 
     </span>
    </p>
   </div>
   <div class='ocr_carea' id='block_1_118' title="bbox 3053 5622 3132 5682">
    <p class='ocr_par' dir='ltr' id='par_1_118' title="bbox 3053 5622 3132 5682">
     <span class='ocr_line' id='line_1_119' title="bbox 3053 5622 3132 5682; baseline 0.025 -2"><span class='ocrx_word' id='word_1_965' title='bbox 3053 5622 3132 5682; x_wconf 85' lang='lat'><strong>30</strong></span> 
     </span>
    </p>
   </div>
  </div>
