3836 6240
336 296 435 349 939

1741 278 2055 336 OREGENIS

3533 260 3651 316 940

334 410 598 466 invenitur
629 407 736 471 ipse
761 400 990 456 defuisse
1017 399 1081 452 iis
1111 413 1226 466 quae
1252 415 1279 452 a
1308 401 1419 455 Deo
1446 402 1564 454 data
1590 411 1713 455 sunt
1743 402 1864 456 sibi.
1899 408 1939 461 Α
1972 401 2224 454 mundum
2251 399 2325 452 ita
2355 409 2608 454 terrenus
2647 394 2742 448 hic
2777 390 3004 445 debere
3026 382 3296 452 intelligi
3332 381 3546 445 locus,
3589 391 3654 435 ut

333 500 519 556 Merito
558 509 684 563 ergo
727 493 918 546 dicitur
968 492 1019 544 in
1050 491 1138 543 tali
1169 489 1372 556 judicio
1403 492 1541 546 Deus
1567 493 1780 545 vincere
1803 500 1858 545 et

326 586 602 659 justiﬁcari
642 585 692 636 in
739 581 916 636 verbis
936 583 1068 636 suis.
1118 581 1242 634 l-lazc
1293 595 1418 648 ergo
1463 581 1549 635 lex
1600 580 1859 634 naturalis

329 677 565 745 loquitur
592 672 840 726 omnibus
887 671 978 738 qui
1025 671 1078 722 in
1108 669 1219 736 lege
1254 679 1375 721 sunt
1403 687 1415 720 :
1453 686 1517 724 ex
1551 671 1698 738 cujus
1720 683 1856 736 pra:-

329 768 498 836 ceptis
542 763 640 819 soli
683 765 814 816 mihi
849 763 1113 816 immunes
1150 759 1262 811 fieri
1309 760 1553 814 videntur
1600 759 1857 821 infantes,

327 857 517 925 quibus
543 854 778 916 nondum
808 854 948 906 inest
975 851 1126 920 pravi
1156 850 1396 916 rectique
1424 850 1706 918 judicium.
1754 849 1859 904 Sed

326 947 412 999 his
454 944 500 998 si
544 945 706 997 etiam
756 942 828 996 illi
859 940 1094 996 sociaudi
1143 937 1252 991 sint
1291 937 1381 1004 qui
1434 952 1746 1006 quacunque
1793 951 1861 991 ex

325 1050 485 1090 causa
517 1035 743 1102 impotes
773 1040 901 1085 sunt
935 1031 1046 1101 (45)
1094 1031 1311 1096 mentis,
1363 1031 1558 1083 videto.
1612 1027 1861 1095 Exceptis

323 1141 452 1181 vero
501 1125 587 1178 his
640 1124 811 1178 nullus
857 1124 1132 1176 hominum
1195 1123 1322 1176 mihi
1377 1119 1609 1188 effugere
1650 1120 1862 1173 videtur

325 1219 462 1271 hanc
504 1217 695 1285 legem.
735 1215 1190 1269 Considerandum
1233 1222 1314 1268 est
1366 1221 1543 1267 autem
1597 1225 1666 1264 ne
1721 1209 1860 1263 forte

324 1321 430 1359 non
482 1305 654 1359 solum
706 1303 972 1365 homines,
1024 1302 1116 1355 sed
1167 1312 1221 1356 et
1259 1300 1487 1369 angelos,
1530 1306 1582 1351 et
1625 1310 1859 1359 onmem,

324 1406 652 1463 quaecunque
712 1390 801 1444 illa
851 1399 964 1453 est,
1007 1389 1378 1442 rationabilem
1432 1393 1739 1440 creaturam
1777 1381 1862 1436 lex

325 1486 428 1539 ista
455 1482 806 1550 constringat.
834 1480 890 1535 Si
919 1481 1059 1534 enim
1093 1488 1235 1534 recte
1265 1495 1294 1531 a
1325 1477 1649 1545 sapientibus
1672 1473 1863 1528 delini-

329 1587 438 1631 tum
462 1583 568 1638 est,
591 1572 760 1642 legem
786 1586 904 1626 esse
931 1585 1047 1638 qua:
1064 1568 1176 1638 (44)
1198 1569 1358 1622 dictet
1386 1569 1522 1636 quod
1543 1566 1624 1636 agi
1651 1566 1859 1632 debeat,

323 1677 378 1722 et
391 1666 532 1736 quod
553 1665 636 1734 agi
657 1678 758 1717 non
775 1662 965 1715 debeat
981 1670 1140 1723 vetet,
1157 1657 1421 1728 quomodo
1440 1673 1542 1712 non
1562 1655 1858 1724 hujusmodt'

325 1732 428 1816 lex_
451 1732 614 1812 etiam
651 1754 896 1824 supernis
931 1761 984 1806 et
1027 1749 1333 1805 cmlestibus
1360 1748 1632 1803 ordinibus
1657 1747 1855 1800 inserta
1885 1732 1926 1785 Β

324 1848 630 1911 videbitur;
662 1845 857 1914 quibus
901 1842 1090 1909 utique
1131 1849 1185 1892 et
1223 1837 1544 1892 observandi
1586 1835 1859 1905 quiddam,

327 1939 488 2009 510
525 1944 581 1990 et
612 1935 860 2004 quiddam
898 1930 1121 1986 cavendi
1169 1927 1449 1996 disciplina
1481 1924 1609 1980 est?
1648 1923 1714 1977 Et
1760 1922 1861 1977 nisi

329 2033 428 2084 hac
455 2030 568 2096 lege
614 2032 943 2084 tenerentur,
977 2034 1248 2087 nunquam
1281 2019 1349 2071 de
1373 2017 1452 2070 eis
1482 2016 1685 2069 diceret
1719 2013 1864 2066 Scri-

329 2128 487 2188 ptura
523 2115 740 2170 divina:
775 2130 792 2163 ι
817 2110 1046 2179 Angelos
1083 2123 1315 2176 quoque,
1357 2107 1448 2174 qui
1479 2120 1582 2159 non
1615 2117 1864 2158 servave-

329 2218 452 2262 runt
474 2207 825 2276 principatum
843 2216 1022 2264 suum,
1047 2199 1138 2252 sed
1168 2197 1566 2264 dereliquerunt
1591 2193 1864 2261 proprium

331 2297 660 2354 domicilium
684 2334 699 2360 ,
727 2293 868 2347 Deus
897 2292 961 2344 ad
980 2288 1239 2356 judicium
1273 2285 1451 2353 magni
1498 2284 1604 2338 diei
1651 2281 1867 2336 :etcrnis
1904 2326 1914 2338 .

329 2387 560 2444 vinculis
617 2386 670 2439 in
728 2391 932 2436 tartaro
969 2377 1080 2450 (45)
1125 2377 1442 2431 constrictos
1497 2374 1595 2428 sub
1642 2371 1868 2440 caligine

328 2475 630 2534 reservavit
697 2475 764 2528 ”.
796 2491 816 2523 ι
866 2469 1015 2525 Unde
1066 2473 1277 2522 constat
1326 2464 1496 2517 inesse
1543 2461 1621 2514 eis
1663 2460 1866 2528 legem;

328 2583 436 2636 qua
466 2579 569 2618 non
606 2562 886 2617 observata
927 2556 1071 2625 passi
1115 2561 1240 2607 sunt
1287 2552 1399 2605 haec
1457 2564 1573 2618 qua:
1623 2549 1868 2616 superius

331 2656 609 2724 Scriptura
642 2660 837 2706 testata
877 2657 977 2703 est.
1037 2645 1142 2698 Sed
1192 2652 1246 2697 et
1285 2641 1480 2695 Paulus
1524 2654 1643 2694 cum
1693 2637 1865 2690 dicit:

337 2765 356 2798 ι
390 2748 469 2799 An
513 2742 623 2814 (46)
652 2741 866 2795 nescitis
917 2737 1042 2806 quia
1088 2730 1688 2802 angelosjudicabimus
1740 2727 1864 2780 "is

331 2839 461 2909 quid
492 2835 633 2888 aliud
667 2833 766 2887 nisi
805 2830 901 2884 sub
944 2828 1062 2895 lege
1091 2826 1326 2878 scitesse
1356 2821 1559 2890 positos
1604 2834 1696 2874 eus
1737 2831 1870 2886 quos

334 2928 641 3000 pronuntiat
684 2925 749 2976 ad
785 2920 1042 2988 judicium
1085 2913 1455 2971 deducendos?
1505 2911 1611 2965 Sed
1665 2910 1709 2964 si
1753 2909 1871 2978 quis

333 2999 490 3077 nobis
533 3022 781 3072 occurrat
833 3026 896 3065 ex
932 3023 995 3063 eo
1024 3007 1166 3076 quod
1203 3020 1368 3074 supra
1425 3003 1654 3057 diximus
1705 2999 1869 3052 Deum

331 3124 454 3166 esse
475 3121 597 3163 cum
620 3101 926 3159 hominibus
946 3096 1317 3166 judicandum,
1336 3091 1488 3162 quasi
1514 3091 1671 3145 etiam
1696 3090 1867 3157 ipsum

335 3201 514 3255 dicere
543 3195 816 3250 videamur
839 3203 958 3245 esse
983 3188 1080 3242 sub
1117 3185 1254 3254 lege,
1284 3183 1406 3237 audi
1445 3190 1642 3251 quanta
1671 3179 1738 3232 de
1771 3179 1870 3232 hoc

334 3287 544 3347 cautela
579 3287 632 3338 in
667 3280 905 3352 Apostoli
929 3276 1148 3332 Litteris
1174 3273 1462 3338 invenitur,
1491 3270 1580 3338 qui
1600 3269 1869 3322 Christum

337 3393 442 3432 non
473 3377 529 3429 in
560 3374 676 3442 lege
699 3384 840 3437 esse,
870 3370 964 3423 sed
992 3364 1378 3435 plenitudinem
1409 3377 1527 3416 esse
1569 3360 1699 3428 legis
1724 3371 1871 3412 com-

340 3471 604 3520 memorat
637 3473 730 3515 :et
767 3460 904 3514 sicut
938 3457 1053 3523 ipse
1084 3462 1164 3508 est
1187 3451 1395 3518 justitia
1443 3465 1508 3504 ex
1547 3463 1649 3516 qua
1685 3459 1870 3502 omnes

334 3553 464 3623 justi
496 3552 652 3614 fiunt,
676 3560 730 3604 et
757 3548 870 3616 ipse
892 3553 972 3599 est
991 3545 1189 3597 veritas
1225 3555 1292 3594 ex
1317 3554 1424 3608 qua
1450 3553 1633 3593 omnes
1663 3538 1716 3591 in
1740 3537 1874 3590 veri-

341 3653 450 3697 tate
486 3640 803 3699 consistunt,
820 3646 874 3691 et
897 3637 1006 3699 ipse
1027 3643 1109 3688 est
1128 3633 1234 3686 vita
1259 3645 1325 3684 ex
1346 3644 1448 3699 qua
1464 3642 1649 3682 omnes
1669 3628 1871 3691 vivunt,

341 3736 414 3789 ita
441 3742 496 3787 et
521 3733 634 3800 ipse
659 3737 743 3783 est
770 3727 880 3794 lex,
910 3739 977 3780 ex
1006 3736 1111 3794 qua
1136 3735 1322 3778 omnes
1353 3721 1405 3774 in
1433 3718 1547 3788 lege
1578 3725 1723 3771 sunt.
1773 3713 1875 3770 Ve-

342 3825 422 3878 nit
445 3835 572 3890 ergo
609 3819 674 3874 ad
699 3816 980 3888 judicium,
1013 3827 1114 3867 non
1153 3820 1402 3880 tanquam
1435 3810 1525 3876 qui
1558 3808 1612 3860 in
1638 3807 1752 3874 lege
1783 3804 1874 3870 sit,

343 3913 434 3968 sed
466 3921 720 3979 tanquam
745 3907 834 3976 qui
861 3907 946 3960 lex
980 3905 1070 3959 sit.-
1107 3901 1218 3972 Ego
1255 3909 1430 3953 autem
1462 3905 1588 3966 puto
1634 3895 1776 3963 quod
1817 3893 1874 3947 hi

341 4004 430 4073 qui
463 4005 574 4069 jam
602 4000 822 4070 perfecti
861 4005 1010 4059 sunt,
1051 4003 1108 4049 et
1151 3990 1372 4046 Domino
1415 3985 1684 4053 conjuncti
1739 3997 1874 4037 unus

341 4072 562 4161 spiritus
586 4104 704 4143 cum
731 4089 848 4156 ipso
876 4084 1046 4140 effecti
1089 4089 1215 4137 sunt
1256 4078 1322 4141 ιδ,
1371 4091 1468 4130 nec
1518 4074 1616 4143 ipsi
1659 4074 1712 4125 in
1760 4072 1875 4140 lege

341 4160 483 4243 sunt,
521 4178 614 4232 sed
647 4175 814 4244 magis
842 4173 940 4242 ipsi
974 4179 1098 4225 sunt
1124 4169 1226 4228 lex,
1284 4166 1425 4218 sicut
1462 4171 1518 4215 et
1565 4160 1691 4212 alibi
1731 4160 1872 4212 idem

344 4269 634 4337 Apostolus
660 4266 791 4319 dicit
820 4281 835 4316 :
869 4262 1029 4326 tQuia
1047 4260 1190 4326 justo
1217 4256 1303 4309 lex
1326 4268 1432 4306 non
1466 4261 1547 4304 est
1568 4251 1738 4318 posita
1759 4252 1823 4302 ³³.
1846 4269 1866 4301 ι

1965 502 2019 544 et
2047 491 2285 556 arbores,
2318 499 2374 544 et
2413 487 2646 557 lapides,
2701 493 2759 538 et
2812 481 3058 541 herbae,
3113 488 3188 529 ac
3256 471 3533 533 semina,
3595 480 3654 525 et

1965 579 2126 647 palea:
2172 595 2288 648 qua:
2327 579 2380 632 in
2426 577 2545 643 ipso
2591 581 2751 638 sunt,
2787 570 3022 637 pariter
3091 563 3440 618 nominatae
3495 559 3651 614 sint!

1964 669 2148 723 Partes
2186 671 2326 722 enim
2351 667 2539 720 mundi
2569 667 2693 718 haec
2723 677 2853 718 esse
2885 655 3131 727 singula
3156 653 3486 708 videntur.
3525 650 3649 705 Non

1964 763 2196 816 arbitror
2235 761 2307 814 ita
2352 757 2666 828 quempiam
2711 756 2982 822 ineptum
3027 746 3305 802 inveniri
3344 781 3364 809 ,
3422 751 3492 796 ut
3532 741 3656 796 haec

1964 849 2131 919 possit
2164 863 2431 904 asserere.
2461 849 2663 902 Restat
2693 845 2870 914 igitur
2924 850 2992 894 ut
3045 850 3310 892 omnem
3363 833 3653 888 mundum

1963 953 2121 992 omne
2163 937 2427 992 rationale
2453 933 2663 989 animal
2695 933 2850 988 dicat
2892 947 2907 984 :
2945 937 3007 982 et
3047 927 3220 982 sicut
3281 936 3477 978 omne
3510 921 3658 989 quod

1966 1027 2276 1082 irrationale
2306 1035 2414 1089 est,
2450 1023 2732 1092 excipitur
2790 1023 2866 1074 ab
2905 1021 3026 1073 hoc
3071 1030 3315 1079 sensu,
3369 1013 3456 1068 ita
3505 1011 3653 1066 nulla

1967 1117 2095 1170 mibi
2129 1117 2337 1170 videtur
2373 1115 2440 1169 ab
2472 1115 2578 1167 hac
2602 1110 2945 1167 conditione
2977 1103 3328 1161 rationalis
3378 1109 3656 1155 creatura

1965 1209 2195 1262 secerni.
2235 1207 2424 1262 Omnis
2467 1219 2604 1272 ergo
2637 1201 2890 1256 mundus
2929 1195 3256 1252 obnoxius
3302 1192 3376 1247 fit
3409 1192 3535 1247 Deo
3563 1206 3660 1261 per

1966 1300 2066 1353 hoc
2099 1299 2250 1368 quod
2283 1299 2453 1366 legem
2496 1295 2818 1349 naturalem
2876 1291 3153 1346 inseruit
3200 1284 3507 1342 omnibus
3545 1301 3560 1336 :
3597 1283 3663 1336 de

1965 1391 2157 1457 quibus
2180 1399 2232 1443 et
2264 1390 2314 1442 in
2351 1388 2458 1441 alio
2485 1387 2606 1440 loco
2641 1385 2807 1449 dicit,
2861 1384 3012 1452 quia
3056 1399 3079 1433 ι
3107 1381 3169 1435 in
3223 1379 3489 1434 nomine
3531 1376 3658 1435 Jesu

1964 1500 2122 1541 omne
2155 1500 2291 1555 genu
2321 1483 2575 1537 flectetur
2603 1479 2722 1548 (48)
2754 1477 3108 1534 caelestium
3131 1513 3148 1534 ς
3183 1474 3584 1530 terrestrium
3610 1483 3663 1527 ct

1966 1575 2294 1630 infernorum
2319 1575 2384 1628 ¹⁷.
2417 1592 2436 1624 ι
2478 1571 2636 1638 Quod
2663 1569 2867 1638 utique
2917 1568 2970 1623 si
3029 1567 3232 1620 faciat
3262 1604 3283 1629 ,
3339 1563 3663 1633 complesse

1964 1662 2229 1718 videbitur
2252 1661 2458 1731 legem;
2490 1660 2537 1714 si
2573 1673 2682 1712 non
2717 1657 2929 1722 faciat,
2979 1670 3130 1710 esse
3165 1654 3488 1710 obnoxius
3515 1653 3659 1728 legi:

1963 1769 2055 1823 per
2081 1753 2250 1822 legem
2279 1760 2459 1805 autem
2489 1757 2914 1818 consequenter
2950 1755 3018 1803 et
3052 1747 3221 1806 Deo-
3280 1746 3353 1805 Si
3381 1751 3495 1806 .cui
3529 1766 3661 1806 vero

1961 1843 2026 1896 de
2049 1841 2177 1896 solis
2205 1840 2516 1894 hominibus
2550 1840 2656 1893 hoc
2705 1837 3028 1893 videbitur
3067 1840 3320 1894 dictum
3346 1877 3367 1907 ,
3418 1843 3572 1911 quod
3609 1851 3661 1896 et

1962 1931 2133 1999 legem
2191 1928 2495 1984 naturalem
2540 1928 2677 1997 ipsis
2713 1929 2916 1985 inesse
2952 1929 3232 1996 dixerit,
3291 1940 3358 1986 et
3411 1932 3486 1987 de
3532 1932 3658 1986 solis

1963 2022 2091 2091 ipsis
2120 2021 2376 2088 scriptum
2404 2019 2646 2088 accipiat
2677 2019 2802 2089 (49)
2839 2038 2855 2074 :
2905 2021 3032 2076 «Ut
3059 2035 3268 2077 omne
3300 2038 3377 2078 os
3403 2025 3656 2079 obstrua-

1963 2122 2072 2177 tur,
2101 2121 2155 2166 et
2189 2110 2459 2165 obnoxius
2490 2108 2586 2162 ﬁat
2631 2111 2824 2164 omnis
2860 2113 3149 2168 mundus
3189 2111 3326 2168 Deo
3365 2115 3442 2178 ⁸⁸,
3466 2134 3488 2167 ι
3545 2127 3656 2171 ute-

1964 2207 2051 2249 tur
2080 2196 2188 2263 (50)
2214 2194 2500 2248 occasione
2524 2195 2940 2263 subsequentis
2964 2200 3322 2264 sermonis,
3352 2217 3472 2271 quo
3493 2204 3653 2258 dicit:

1968 2285 2133 2350 «Quia
2173 2299 2242 2338 ex
2267 2283 2524 2353 operibus
2572 2283 2718 2354 legis
2774 2301 2902 2340 non
2956 2286 3435 2355 justilicabitur
3485 2294 3656 2348 omnis

1964 2391 2090 2431 caro
2136 2377 2254 2430 ".‘i
2308 2377 2462 2443 Quod
2511 2377 2712 2446 utique
2765 2379 3010 2434 dictum
3075 2382 3409 2440 videbitur
3458 2387 3527 2440 de
3577 2387 3656 2441 his

1969 2475 2169 2520 tantum
2193 2467 2285 2534 qui
2328 2467 2381 2520 in
2407 2480 2575 2527 carne
2611 2476 2739 2521 sunt
2773 2469 2994 2536 positi.
3034 2470 3173 2526 Sed
3258 2474 3369 2543 qui
3413 2476 3649 2544 priorem

1967 2571 2182 2614 sensum
2215 2558 2386 2624 magis
2425 2566 2613 2610 tenere
2642 2557 2878 2624 volunt,
2936 2560 3391 2619 observabunt
3421 2566 3652 2634 diligen-

1970 2648 2072 2702 tius
2118 2645 2389 2716 quomodo
2440 2646 2742 2715 Apostolus
2772 2648 3020 2706 dixerit
3069 2668 3156 2708 ex
3206 2655 3498 2726 operibus
3524 2657 3652 2725 legis

1969 2753 2072 2790 non
2103 2736 2390 2803 justificari
2417 2751 2639 2790 omnem
2687 2738 2814 2808 (51)
2868 2756 3149 2797 carnem
3189 2761 3207 2799 :
3249 2746 3396 2814 quia
3447 2748 3514 2801 ad
3566 2763 3654 2801 eos

1968 2826 2059 2893 qui
2093 2828 2145 2878 in
2174 2840 2337 2878 carne
2364 2835 2492 2880 sunt
2519 2841 2689 2894 opera
2717 2828 2869 2897 legis
2905 2842 3218 2899 spectant
3251 2851 3270 2901 ;
3308 2837 3386 2890 ad
3417 2850 3515 2892 eos
3534 2852 3653 2890 vero

1969 2917 2136 2984 quiin
2171 2915 2366 2984 spiritu
2396 2925 2546 2983 sunt,
2577 2917 2631 2970 id
2690 2927 2780 2972 est
2823 2923 3214 2988 superiores
3268 2928 3510 2983 ordines
3546 2943 3653 2982 cce—

1971 3005 2180 3059 lestium
2216 3004 2670 3071 ministeriorum,
2702 3022 2926 3064 sensus
2963 3016 3258 3081 pertinet
3290 3016 3460 3088 legis.
3520 3037 3539 3069 ι
3580 3019 3648 3071 Ex

1969 3097 2223 3166 operibus
2249 3114 2268 3146 ›
2309 3095 2477 3165 igitur
2507 3114 2525 3148 ι
2572 3098 2708 3167 legis
2741 3118 2761 3150 ι
2807 3102 2986 3170 quod
3024 3121 3048 3157 ι
3089 3123 3220 3163 non
3251 3109 3654 3180 justiﬁcabitur

1968 3191 2140 3242 omnis
2167 3201 2294 3241 caro
2321 3188 2375 3241 in
2418 3198 2713 3257 conspectu
2744 3190 2906 3257 ejus,
2951 3212 2977 3246 ι
3027 3197 3159 3252 hoc
3211 3202 3402 3257 modo
3451 3202 3644 3256 intelli-

1970 3279 2198 3347 gendum
2231 3290 2359 3346 puto
2387 3296 2401 3331 :
2434 3279 2562 3348 quia
2591 3280 2775 3334 omnis
2811 3285 2920 3350 qui
2965 3301 3136 3344 caro
3172 3301 3317 3358 est,
3373 3303 3434 3348 et
3462 3307 3648 3349 secun-

1971 3370 2094 3422 dum
2147 3383 2364 3423 carnem
2392 3370 2549 3434 vivit,
2600 3385 2710 3424 non
2751 3383 2971 3441 potest
3025 3380 3378 3448 iustiﬁcari
3437 3399 3506 3438 ex
3546 3385 3650 3452 lege

1972 3457 2089 3524 Dei,
2117 3458 2257 3512 sicut
2282 3467 2338 3512 et
2362 3457 2493 3513 alibi
2537 3459 2675 3514 dicit
2714 3460 2876 3517 idem
2909 3467 3309 3541 Apostolus,
3347 3476 3482 3544 quia
3519 3496 3536 3530 ι
3567 3477 3650 3546 qui

1974 3547 2028 3600 in
2056 3561 2220 3601 carne
2255 3557 2380 3602 sunt
2409 3587 2425 3612 ,
2457 3548 2570 3603 Deo
2598 3551 2834 3618 placere
2869 3570 3008 3612 non
3052 3574 3334 3630 possunt
3357 3567 3408 3597 ³⁸
3435 3583 3495 3632 ;ι
3531 3567 3649 3620 item

1974 3637 2096 3690 alibi
2125 3655 2137 3690 :
2183 3655 2201 3687 ι
2232 3637 2366 3702 Quia
2398 3640 2667 3705 sapientia
2702 3646 2915 3702 carnis
2947 3649 3227 3709 inimica
3263 3667 3364 3713 est
3392 3659 3525 3724 Deo,
3554 3656 3649 3726 legi

1974 3728 2114 3780 enim
2157 3727 2246 3780 Dei
2279 3742 2383 3781 non
2430 3739 2515 3783 est
2557 3732 2819 3799 subjecta
2857 3753 2878 3790 :
2909 3753 3041 3797 nec
3085 3747 3260 3802 enim
3307 3751 3596 3817 p0test“;
3629 3766 3649 3799 ι

1975 3825 2029 3869 et
2056 3817 2309 3883 propheta
2337 3818 2468 3871 dicit
2498 3833 2515 3872 :
2545 3836 2567 3872 ι
2595 3819 2799 3878 Omnis
2840 3840 3010 3884 caro
3045 3833 3271 3891 fenum
3307 3840 3360 3872 “
3390 3856 3408 3894 :
3445 3858 3466 3892 ι
3516 3847 3568 3894 el
3603 3840 3652 3892 in

1974 3903 2264 3973 Evangelio
2291 3907 2553 4000 scriptum
2587 3920 2708 3964 est:
2749 3931 2770 3965 ι
2797 3882 3361 4000 Spiritus-estqui

1975 4009 2101 4095 caro
2145 4005 2320 4095 autem
2341 3996 2472 4095 (5‘2)
2508 4013 2616 4095 non
2666 4004 2917 4095 prodest
2982 3996 3352 4088 quidquam
3412 4021 3486 4076 ”.
3519 4040 3541 4076 ι
3584 4021 3656 4077 De

1975 4085 2060 4139 his
2092 4100 2220 4186 ergo
2250 4086 2402 4150 dicit,
2430 4090 2562 4186 quia
2587 4102 2656 4144 ex
2691 4092 2821 4162 lege
2861 4096 2982 4154 Dei
3037 4121 3062 4155 ι
3101 4085 3232 4163 non
3259 4110 3657 4178 justiﬁeabitur

1973 4180 2146 4228 omnis
2171 4189 2297 4275 caro
2324 4191 2506 4230 coram
2551 4180 2750 4275 ipso.»
2799 4183 2924 4242 Sed
2965 4201 3034 4247 et
3075 4196 3204 4254 hoc
3243 4204 3411 4271 quod
3447 4204 3653 4259 addidit

1981 4274 2420 4364 :coratnjtpsonl
2477 4274 2832 4364 non‘otiose
2891 4293 3280 4357 praetereat,
3357 4295 3511 4350 sicut
3553 4296 3657 4364 jam

343 4357 419 4409 lta
450 4371 474 4418 ι,
495 4373 514 4405 ι
539 4354 878 4420 Quaecunque
903 4349 989 4402 lex
1025 4346 1260 4440 loquitur
1285 4341 1354 4440 iis
1385 4338 1474 4407 qui
1516 4339 1570 4391 in
1607 4337 1722 4440 Ῑθςόθ
1751 4348 1875 4440 Sull}
1903 4378 1948 4432 Β
1977 4352 2315 4420 frequentius
2354 4356 2768 4428 admonuimus,
2801 4337 2956 4434 quia
2988 4337 3305 4436 aliud—est
3333 4337 3534 4440 εἶξξῷ

344 4445 612 4512 loquitur,
645 4451 704 4495 ut
730 4451 887 4494 omne
939 4450 1001 4490 os
1054 4435 1387 4491 obstruatur,
1414 4443 1433 4476 ι
1480 4425 1766 4480 secundum
1808 4437 1873 4477 ea
1903 4425 1939 4432 ⁷
1969 4440 2254 4510 jusjiﬁcari
2283 4482 2299 4508 ,
2349 4445 2497 4500 aliud
2546 4425 3165 4522 coram‘hominibt—is

343 4552 465 4607 qua:
499 4550 659 4603 supra
691 4533 946 4594 diximus,
1002 4547 1020 4579 ι
1055 4537 1115 4582 ιιι
1167 4527 1413 4581 subditus
1468 4524 1578 4584 fiat,
1617 4537 1636 4571 ι
1683 4518 1786 4582 vel,
1819 4529 1877 4573 ut

347 4625 472 4680 alibi
499 4623 745 4693 legimus,
772 4618 1062 4674 «obnoxius
1093 4617 1186 4670 liat
1207 4614 1379 4669 omnis
1401 4611 1625 4665 mundus
1647 4611 1754 4664 Deo
1775 4608 1870 4672 “,i

345 4714 487 4783 quod
517 4723 572 4768 et
603 4713 774 4782 magis
801 4725 922 4766 cum
951 4709 1152 4764 Graecis
1176 4703 1569 4771 exemplaribus
1607 4699 1875 4754 convenit.

345 4807 450 4861 Sed
506 4807 841 4872 requiramus
893 4817 1107 4856 omnem
1167 4797 1420 4850 mundum
1477 4793 1586 4862 (47)
1626 4793 1725 4858 hic
1748 4792 1876 4859 quid

345 4896 712 4966 appellaverit.
767 4892 1137 4962 Nunquidnam
1185 4887 1458 4957 putabitur
1515 4899 1610 4951 per
1659 4896 1873 4936 omnem

419 5031 461 5061 υ
487 5029 606 5083 Jud.
633 5028 686 5082 6.
761 5024 977 5079 "lCor.
1003 5039 1072 5083 vt,
1096 5023 1145 5075 ’5.
1224 5019 1267 5050 ίδ
1296 5019 1422 5072 ibid.

347 5081 928 5162 ni,ta.”"tbid.2o.
1035 5081 1477 5152 ’l’liom.v1tt,8.
1549 5083 1591 5113 ιι
1640 5081 1763 5134 ibid.
1815 5081 1864 5133 τ.

440 5207 526 5270 45)
555 5205 664 5268 AL,
702 5223 721 5256 ι
749 5207 1020 5258 dementes
1044 5201 1197 5254 fiunt.
1237 5217 1256 5250 ι

441 5273 528 5340 ιι)
558 5273 666 5337 AL,
695 5291 714 5323 ι
741 5274 903 5326 dicat.
931 5290 951 5322 ι
1035 5271 1042 5276 ·

421 5341 530 5407 (45)
559 5341 668 5403 AL,
696 5359 714 5386 α
753 5342 803 5392 in
825 5349 1104 5393 tartarum.
1127 5357 1146 5390 ι

421 5410 534 5541 {iii
563 5408 909 5528 ἓὲκεὶέἔξ-ἓυτ

445 5464 534 5538 47)
563 5464 949 5542 Genebraraus,
978 5495 997 5527 ι
1031 5474 1204 5530 omnis
1233 5472 1460 5526 mundus
1482 5487 1531 5534 i;
1561 5464 1876 5542 Salodianus
1903 5507 1908 5518 .

355 5537 866 5673 veggrethlerlinus:
908 5537 1168 5600 (omnem
1199 5544 1467 5607 mundum,
1496 5557 1514 5591 ι
1548 5546 1598 5594 et
1627 5537 1877 5594 omittunt

364 5626 382 5657 ε
507 5644 521 5658 ο
555 5625 572 5656 Ι

364 5626 382 5657 ε
412 5625 521 5658 Der.
555 5625 572 5656 Ι

1530 5012 1616 5066 17.
1694 5012 1734 5042 ¹⁵
1765 5011 1783 5064 l
1820 5010 1954 5064 Tim.
1987 5013 2100 5079 t,9.
2175 5015 2220 5046 “
2246 5016 2402 5074 Rom.
2438 5035 2526 5086 ιιι,
2561 5024 2652 5079 19.

1549 5083 1591 5113 ²¹
1640 5081 1763 5134 ibid.
1815 5081 1864 5133 7.
1941 5082 1984 5112 ¹²
2033 5084 2151 5136 laai.
2187 5099 2274 5140 XL.
2326 5088 2380 5140 6.
2458 5092 2505 5122 ³³
2549 5091 2648 5140 .1();ι

1974 4474 2299 4543 ιυδυιιιεΙιΙ.,
2349 4474 2521 4544 αιιιιιιι⁸
2546 4474 2733 4504 curam
2782 4474 3165 4522 ιιοιῐιιηιῠιιε
3208 4489 3225 4525 ε
3295 4474 3414 4529 hoc
3464 4484 3571 4539 εει,
3601 4476 3662 4528 Id

1974 4540 2431 4623 comparationem
2452 4533 2687 4590 altorum
2712 4539 3040 4604 hominum
3073 4566 3292 4623 potest
3325 4561 3484 4617 alius
3509 4563 3666 4616 homo

1975 4617 2066 4721 qui
2099 4621 2452 4721 emendatius
2465 4623 2688 4721 vixerit,
2716 4627 2927 4697 justus
2962 4617 3180 4700 videri
3219 4664 3239 4713 ;
3274 4649 3355 4705 ad
3384 4666 3668 4721 compara-

1980 4712 2176 4812 tionem
2204 4719 2384 4812 autem
2415 4712 2510 4812 Pei
2541 4755 2556 4780 ,
2590 4731 2701 4771 non
2733 4721 2936 4779 solum
2975 4729 3181 4791 homo
3222 4712 3348 4795 non
3387 4712 3665 4812 justitica-

1979 4796 2275 4903 bitur,sed
2317 4811 2374 4855 et
2401 4803 2542 4903 sicut
2578 4805 2683 4860 Job
2725 4810 2884 4903 dicit
2917 4833 2934 4870 :
2969 4837 2998 4873 ι
3037 4821 3266 4885 Stella:
3315 4796 3514 4887 au'tern
3557 4834 3667 4903 (55)

1977 4899 2084 4941 non
2113 4895 2241 4941 sunt
2266 4892 2482 4946 munda:
2509 4908 2705 4950 coram
2725 4899 2861 4969 ipso
2894 4907 2973 4963 ’δε
2992 4928 3014 4962 ι
3049 4927 3200 4983 qua
3225 4921 3445 4992 utique
3479 4892 3664 4979 cora

2458 5037 2526 5122 ἐξ,
2737 5029 3041 5122 ‘znl’hilip.
3087 5059 3160 5122 ι),
3199 5048 3329 5122 ⁵10.

2549 5091 2718 5150 Joan.
2764 5113 2852 5168 Vt,
2911 5091 3038 5162 δί’
3087 5091 3160 5145 .ίῖ
3189 5091 3582 5189 ιδῖλινίὲἷ

2040 5193 2151 5263 (48)
2181 5196 2290 5261 ΑΙ.,
2337 5217 2355 5250 ι
2381 5200 2659 5259 ﬂectatur.
2694 5227 2717 5260 ι

2189 5266 2296 5340 AL,
2332 5286 2351 5319 ι
2387 5273 2724 5340 accipiatur,
2763 5299 2788 5334 ι

2041 5332 2152 5399 (50)
2179 5335 2289 5398 AL,
2320 5354 2340 5386 ι
2371 5332 2562 5397 utitur.
2597 5363 2618 5396 ι

2043 5400 2154 5470 (5f)
2189 5401 2430 5459 Omnem.
2464 5409 2672 5469 Deesti

2066 5425 2099 5452 υ
2110 5425 2123 5452 ι
2189 5425 2231 5454 υ
2414 5443 2430 5459 ,
2660 5425 2671 5428 -
3059 5436 3070 5446 .
3103 5436 3116 5449 .

2043 5425 2154 5555 ἓξὲξ
2189 5425 3180 5555 43251?gf’éiﬁié‘tiﬂ‘ﬁi‘uf.""'s'

2043 5538 2154 5607 (55)
2187 5542 2396 5601 Autem.
2431 5538 3147 5630 Desideratu-r'inibitis.
