3836 6240
325 249 431 304 9η

1258 253 1602 309 COMMENT.
1643 252 1708 306 ιΝ
1741 250 1952 306 EPIST.
1994 251 2083 303 AD
2107 249 2268 304 ROM.
2308 249 2432 306 LIB.
2467 247 2552 304 lll.

3363 254 3468 310 9η

329 362 490 418 nobis
531 365 741 417 mundae
794 376 950 430 sunt,
1009 367 1106 422 hoc
1163 375 1266 428 est,
1298 369 1363 422 ad
1412 367 1856 437 comparationem
1887 363 1929 418 Α
1960 362 2138 416 venire
2158 375 2314 430 posse
2336 377 2441 430 quo
2467 373 2764 417 astruamus
2794 361 2907 417 hzec
2940 379 3041 419 non
3069 365 3135 418 de
3154 363 3344 434 Moysi,
3375 367 3466 420 sed

327 453 608 506 hominum
663 457 873 510 munda:
921 457 1183 510 habemur
1226 467 1280 509 et
1322 466 1524 512 sanctas
1589 458 1741 529 (54);
1787 459 1851 510 ad

328 543 788 611 comparationem
816 559 944 598 vero
970 545 1059 598 Dei
1099 545 1303 598 mundae
1332 560 1446 600 esse
1476 561 1578 600 non
1608 558 1849 614 possunt.

329 650 350 682 ι
369 632 476 685 Per
497 632 665 702 legem
692 634 832 687 enim
860 636 1058 703 agnitio
1079 636 1276 700 peccati
1299 636 1394 688 ".i
1419 637 1704 692 Videamus
1725 654 1853 706 quo-

320 723 485 776 modo
514 738 610 789 per
635 723 801 790 legem
828 723 886 777 ﬁt
911 723 1110 791 agnitio
1141 724 1362 792 peccati.
1394 725 1522 778 Dum
1564 740 1660 793 per
1684 725 1848 794 legem

323 810 586 863 discimus
605 813 730 878 quid
758 813 1015 880 agendum
1034 813 1124 875 sit,
1151 815 1274 882 quid
1291 815 1601 876 cavendum,
1618 815 1771 870 simul
1798 825 1851 871 et

317 900 448 966 quid
481 910 757 966 peccatum
788 903 880 961 sit,
904 902 1102 970 etquid
1129 918 1231 956 non
1266 904 1332 958 sit
1353 905 1705 972 agnoscimus.
1733 903 1847 960 Non

315 1001 476 1054 ergo,
508 996 565 1040 ut
595 988 829 1042 haeretici
861 987 1021 1042 Deum
1045 989 1177 1057 legis
1221 1000 1494 1054 accusant,
1534 992 1666 1045 mala
1701 995 1845 1046 radix

316 1086 403 1130 est
420 1077 531 1140 lex,
549 1087 604 1129 et
619 1078 756 1130 mala
781 1079 940 1132 arbor
955 1093 1048 1147 per
1069 1094 1222 1147 quam
1240 1082 1440 1148 peccati
1457 1083 1806 1152 venitagnitio
1828 1097 1843 1136 :

313 1167 444 1234 quia
475 1182 579 1218 non
607 1168 870 1222 dixitzEx
892 1167 1005 1237 lege
1038 1170 1273 1238 «agnitio
1298 1173 1547 1235 peccati,»
1577 1174 1686 1231 sed,
1717 1187 1849 1239 «per

313 1257 549 1319 legem.)
596 1266 652 1308 ut
679 1257 817 1312 scias
835 1272 937 1310 non
969 1273 1032 1310 ex
1053 1258 1164 1325 ipsa
1191 1267 1387 1322 ortum,
1433 1260 1522 1314 sed
1557 1274 1652 1326 per
1679 1261 1844 1328 ipsam

309 1329 558 1410 agnitum
581 1359 699 1397 esse
723 1353 1014 1411 peccatum.
1043 1339 1132 1408 Ut,
1160 1347 1305 1400 verbi
1337 1348 1503 1414 gratia
1525 1389 1540 1412 ,
1579 1349 1623 1400 si
1649 1349 1848 1403 dicere-

310 1447 433 1486 mus
465 1448 480 1483 :
513 1431 670 1500 511
695 1432 796 1486 Per
835 1441 1000 1486 artem
1048 1434 1322 1488 medicinae
1365 1436 1520 1489 datur
1578 1436 1846 1504 languoris

320 1521 572 1584 agnitio,
604 1525 960 1592 nunquidnam
994 1527 1259 1579 videretur
1297 1528 1384 1579 tibi
1417 1543 1575 1580 causa
1619 1527 1834 1594 languo-

309 1611 385 1662 ris
413 1625 539 1665 esse
569 1613 856 1677 medicina,
874 1615 994 1682 quia
1021 1630 1116 1682 per
1137 1615 1300 1683 ipsam
1321 1618 1546 1684 qualitas
1573 1616 1837 1684 languoris

307 1693 630 1761 agnoscitur
654 1693 680 1746 Ἰ
699 1693 823 1758 Sed,
844 1693 980 1747 sicut
1006 1702 1213 1748 constat
1239 1695 1427 1749 bonam
1459 1711 1580 1753 esse
1617 1701 1838 1754 medici-

309 1796 440 1832 nam
491 1796 612 1847 quae
656 1782 982 1848 aegritudinis
1020 1782 1416 1851 intelligentiam
1457 1796 1704 1853 praestat,
1738 1804 1840 1856 qua

307 1871 487 1936 possit
513 1870 676 1921 vitari
710 1868 821 1936 (55)
846 1869 1148 1935 inﬁrmitas,
1190 1871 1258 1924 ita
1286 1881 1338 1926 et
1369 1873 1450 1926 lex
1484 1875 1616 1929 bona
1645 1889 1723 1930 est
1749 1893 1843 1942 per

303 1973 474 2024 quam
513 1958 932 2025 deprehenditur
961 1968 1013 2013 et
1039 1962 1344 2029 agnoscitur
1377 1973 1670 2029 peccaturo.
1715 1968 1844 2021 Ser-

305 2058 396 2100 vat
421 2057 634 2111 autem,
663 2059 724 2100 ut
752 2056 877 2116 puto
897 2087 912 2111 ,
943 2049 1238 2116 huiusmodi
1277 2052 1538 2118 expositio
1573 2055 1733 2108 etiam
1777 2058 1843 2109 il-

305 2137 410 2190 lius
447 2137 842 2204 explanationis
867 2141 1316 2210 consequentiam,
1343 2157 1502 2211 quam
1546 2159 1700 2214 supra
1733 2149 1842 2201 edi-

306 2226 494 2280 dimus
541 2226 610 2280 de
652 2241 718 2282 eo
765 2228 906 2296 quod
956 2231 1206 2297 scriptum
1245 2239 1365 2284 est:
1398 2250 1418 2283 ι
1450 2231 1660 2288 Causati
1704 2237 1842 2288 enim

305 2332 503 2370 sumus
532 2317 744 2370 Judaeos
771 2325 826 2371 et
871 2317 1084 2372 Graecos
1115 2333 1300 2373 omnes
1331 2319 1428 2373 sub
1452 2331 1670 2387 peccato
1705 2338 1843 2387 esse,

305 2406 455 2459 sicut
479 2405 738 2472 scriptum
769 2415 851 2458 est
886 2421 899 2456 :
930 2405 1061 2470 Quia
1093 2421 1196 2458 non
1221 2414 1302 2460 est
1334 2407 1508 2474 justus
1535 2409 1841 2477 quisquam,

305 2508 414 2548 non
453 2500 540 2546 est
563 2493 884 2561 intelligens,
921 2508 1024 2546 non
1047 2503 1128 2548 est
1164 2495 1438 2562 requirens
1467 2495 1628 2550 Deum
1651 2499 1717 2551 ³⁸.
1750 2516 1769 2548 ι

374 2582 434 2633 7.
467 2598 486 2632 ι
511 2580 662 2634 Nunc
691 2591 867 2635 autem
889 2582 1003 2634 sine
1027 2581 1140 2649 lege
1159 2582 1359 2648 iustitia
1392 2583 1480 2638 Dei
1514 2585 1844 2640 manifestata

304 2681 410 2734 est,
450 2670 734 2724 testiﬁcata
776 2685 804 2722 a
840 2671 954 2738 lege
995 2680 1049 2724 et
1094 2672 1378 2740 prophetis.
1407 2672 1618 2728 Justitia
1669 2685 1842 2730 autem

302 2756 397 2810 Dei
419 2772 524 2824 per
552 2757 710 2812 ﬁdem
737 2757 861 2812 Jesu
894 2761 1086 2815 Christi
1112 2763 1161 2814 in
1184 2779 1368 2818 omnes
1389 2775 1441 2818 et
1467 2780 1621 2833 super
1641 2781 1825 2822 omnes

307 2847 400 2916 qui
433 2848 663 2900 credunt
685 2849 734 2901 in
759 2863 900 2903 eum.
922 2849 1034 2903 Non
1064 2851 1209 2905 enim
1224 2862 1306 2906 est
1325 2855 1610 2909 distinctio.
1629 2855 1824 2910 Omnes

1955 452 2016 502 de
2046 461 2244 505 natura:
2276 452 2388 518 lege
2419 452 2714 519 conscripta
2740 469 2754 504 :
2794 452 2865 505 ita
2910 467 3006 507 nec
3037 453 3110 508 illi
3132 455 3340 521 quidem
3381 457 3468 510 in-

1950 540 2129 593 venire
2159 540 2355 607 aliquid
2385 549 2632 606 poterunt
2660 541 2924 608 quomodo
2968 556 3084 609 quae
3113 545 3355 610 superius
3395 545 3467 598 di-

1949 636 2031 679 cta
2062 637 2210 688 sunt,
2237 627 2302 678 ad
2330 625 2490 695 Moysi
2522 627 2718 693 potius,
2753 641 2909 694 quam
2940 628 3004 681 ad
3052 637 3250 682 natura!
3298 629 3464 697 legem

1951 715 2214 781 respicere
2249 714 2528 768 videantur
2557 733 2570 768 :
2602 723 2653 766 et
2691 716 2807 770 ideo
2830 717 2971 770 sicut
2999 717 3100 772 illis
3127 733 3228 772 non
3268 719 3468 776 idcirco

1947 805 2122 874 priora
2161 803 2395 866 stabunt,
2422 805 2542 868 quia
2585 804 2829 857 videntur
2870 809 3158 872 posteriora
3197 819 3466 876 constare,

1947 889 2018 941 ita
2043 903 2137 942 nec
2165 889 2314 942 nobis
2339 889 2552 956 quidem
2583 899 2828 956 poterunt
2864 893 3030 958 prima
3065 895 3283 958 turbari,
3313 897 3356 946 si
3387 913 3469 951 sc-

1945 979 2114 1030 cunda
2151 994 2252 1032 non
2289 980 2474 1032 eodem
2516 993 2732 1033 currere
2756 985 2964 1035 tramite
2999 983 3292 1038 videantur.
3331 986 3464 1052 Quid

1945 1065 2102 1130 igitur
2122 1066 2432 1119 ‘iCoutraria
2465 1065 2564 1119 sibi
2589 1069 2825 1122 scribere
2857 1068 3092 1123 dicemus
3127 1073 3467 1139 Apostolum?

1944 1153 2010 1207 Et
2035 1155 2144 1209 lucc
2165 1155 2268 1208 erit
2289 1155 2487 1224 egregii
2516 1155 2873 1224 explanatoris
2897 1160 3122 1211 assertio
3152 1162 3164 1212 ε
3204 1161 3352 1228 Quod
3379 1181 3467 1216 ac-

1943 1247 2118 1300 cidere
2148 1244 2249 1298 illis
2305 1243 2438 1298 solet
2487 1245 2574 1311 qui
2627 1245 2678 1297 in
2721 1245 2957 1300 diversos
2980 1259 3240 1302 sectarum
3277 1267 3468 1308 sensus

1945 1338 2105 1377 umtm
2143 1325 2260 1380 ﬁdei
2300 1327 2482 1395 dogma
2522 1328 2893 1396 disrumpunt,
2924 1343 2975 1384 et
3006 1332 3090 1384 illa
3132 1342 3330 1387 tantum
3377 1338 3441 1388 de

1951 1414 2244 1482 Scripturis
2271 1417 2462 1470 divinis
2486 1419 2780 1472 testimonia
2801 1421 3093 1488 explorant,
3122 1424 3311 1491 quibus
3329 1441 3452 1492 pru-

1943 1505 2116 1570 prium
2148 1506 2330 1573 dogma
2357 1508 2698 1571 constituant,
2731 1523 2908 1562 earum
2938 1524 3062 1562 vero
3088 1525 3202 1576 qua:
3231 1526 3260 1563 e
3285 1514 3460 1568 diver-

1947 1606 2008 1644 so
2048 1594 2264 1648 veniunt
2299 1595 2583 1663 Scriptum
2620 1598 2806 1650 divinas.
2831 1600 3208 1652 sententiarum
3238 1602 3451 1654 absolu-

1950 1679 2122 1735 tiones
2145 1696 2210 1735 ne
2235 1691 2470 1737 extremo
2496 1684 2560 1750 '°,
2587 1695 2642 1737 ut
2661 1687 2733 1737 ait
2759 1686 3037 1752 Dominus,
3066 1689 3226 1756 digito
3256 1692 3457 1742 contiu-

1940 1781 2086 1842 gunt.
2116 1772 2218 1825 Sed
2246 1770 2336 1840 qui
2369 1770 2595 1824 ﬁdeliter
2618 1779 2670 1824 et
2705 1770 2906 1838 integre
2927 1783 3198 1825 sacrorum
3229 1770 3463 1828 Volumi-

1941 1875 2066 1912 num
2099 1858 2296 1928 colligit
2336 1872 2569 1923 sensum,
2612 1857 2771 1911 debet
2812 1860 3090 1914 ostendere
3111 1864 3373 1928 quomodo
3398 1878 3459 1917 ea

1940 1964 2054 2016 quae
2081 1949 2321 2002 videntur
2346 1962 2463 2001 esse
2495 1949 2782 2008 contraria.
2807 1962 2910 2002 non
2941 1959 3061 2002 sunt
3092 1964 3214 2004 vere
3251 1961 3462 2006 coutra-
3559 1967 3566 1970 '

1941 2037 2035 2088 ria.
2059 2033 2398 2089 Tentabimus
2427 2049 2553 2102 ergo
2573 2035 2731 2088 etiam
2761 2033 2812 2086 in
2839 2037 3088 2102 praesenti
3137 2037 3253 2090 loco
3279 2049 3460 2094 osteu-

1939 2121 2062 2174 dere
2083 2120 2344 2190 quomodo
2375 2120 2532 2189 priori
2572 2121 2882 2188 expositioni
2913 2131 3104 2175 nostra:
3137 2123 3244 2177 haec
3278 2128 3461 2180 subsu-

1939 2225 2107 2278 quens
2131 2224 2230 2262 non
2255 2220 2524 2277 repugnet.
2552 2209 2702 2276 Saepe
2729 2211 2973 2273 diximus,
2999 2209 3052 2263 et
3083 2213 3376 2266 evidentius
3405 2216 3458 2268 in

1939 2298 2244 2367 prmfatione
2278 2299 2504 2350 diximus
2532 2297 2662 2366 (58),
2692 2299 2829 2363 quod
2861 2300 2931 2351 ita
2965 2300 3248 2366 Apostolus
3273 2303 3322 2354 iu
3354 2303 3454 2357 hac

1942 2385 2168 2454 Epistola
2190 2387 2468 2439 multarum
2500 2387 2670 2456 legmn
2704 2387 2859 2440 faciat
2895 2389 3232 2452 mentionem,
3265 2399 3320 2442 ut
3342 2405 3460 2446 cum

1943 2480 2006 2529 de
2037 2491 2138 2527 una
2185 2477 2250 2528 ad
2296 2475 2516 2528 alteram
2565 2477 2775 2540 transit,
2807 2477 3126 2544 deprehendi
3161 2479 3260 2532 nisi
3290 2481 3354 2531 ab
3382 2481 3462 2533 iu-

1942 2573 2086 2618 tento
2116 2566 2245 2618 satis
2287 2565 2480 2619 lectore
2507 2565 2593 2618 vix
2620 2565 2806 2633 possit.
2833 2565 3041 2619 Dixerat
3077 2566 3127 2620 in
3179 2569 3462 2635 superiori-

1941 2654 2060 2717 bus,
2089 2655 2210 2721 quia
2246 2671 2264 2705 ι
2305 2667 2396 2722 per
2421 2654 2587 2723 legem
2618 2655 2818 2722 agnitio
2851 2657 3046 2722 peccati
3070 2665 3221 2724 est;i
3256 2669 3307 2712 et
3335 2661 3459 2727 quia

1940 2744 2104 2798 sensit
2124 2758 2276 2813 posse
2308 2744 2508 2798 scilicet
2537 2745 2836 2812 responderi
2860 2761 2873 2796 :
2898 2745 3033 2814 Ergo
3058 2746 3100 2800 si
3135 2761 3200 2799 ex
3230 2747 3341 2816 lege
3365 2764 3462 2802 na-

1940 2834 2094 2887 turali
2125 2834 2324 2901 agnitio
2355 2833 2551 2900 peccati
2597 2841 2699 2893 est.
2732 2841 2906 2900 potest
2932 2848 2998 2886 ex
3035 2835 3142 2900 ipsa
3177 2844 3227 2886 et
3261 2836 3460 2904 agnitio

305 2941 459 2992 enim
501 2947 872 3004 peccaverunt,
913 2946 967 2990 et
1002 2945 1158 3005 egent
1199 2936 1366 3006 gloria
1411 2938 1531 3004 Dei,
1575 2941 1838 3005 iustiﬁcati

1943 2937 2058 2976 esse
2102 2922 2337 2990 justitiat,
2362 2921 2644 2974 secundum
2676 2920 2820 2973 illam
2871 2921 3070 2975 scilicet
3096 2938 3250 2990 quam
3299 2937 3460 2990 supra

303 3028 482 3098 gratis
511 3040 607 3094 per
647 3025 870 3093 gratiam
920 3024 1104 3092 ipsius,
1155 3039 1249 3092 per
1281 3026 1686 3094 redemptionem
1723 3045 1840 3096 qua:

303 3127 387 3171 est
413 3118 474 3168 in
501 3115 715 3168 Christo
741 3112 865 3166 Jesu
891 3114 956 3166 ".
996 3131 1015 3164 ι
1045 3113 1191 3178 Quod
1227 3115 1549 3168 astruximus
1579 3117 1630 3168 iu
1680 3131 1837 3185 supe-

305 3206 570 3269 rioribus,
596 3205 834 3258 dicentes
861 3217 963 3255 non
988 3203 1051 3255 de
1084 3201 1196 3270 lege
1225 3203 1391 3272 Moysi
1415 3206 1632 3269 dictum,
1661 3223 1679 3257 t
1707 3207 1841 3272 Quia

301 3307 650 3361 quazcuuque
677 3293 762 3346 lex
789 3293 1041 3358 loquitur,
1072 3293 1154 3346 his
1192 3292 1280 3360 qui
1312 3293 1362 3344 in
1393 3293 1505 3360 lege
1529 3306 1650 3348 sunt
1674 3295 1841 3362 loqui-

305 3393 392 3435 tur
418 3383 490 3447 ",
529 3400 548 3432 ι
578 3380 784 3449 putabit
811 3379 999 3446 aliquis
1028 3394 1130 3433 non
1157 3389 1262 3434 tam
1293 3395 1435 3445 vere,
1457 3397 1610 3450 quam
1639 3385 1840 3439 violen-

303 3481 392 3526 ter
432 3479 724 3530 assertum,
756 3484 875 3521 cum
906 3469 1080 3521 videat
1109 3483 1247 3521 nunc
1281 3483 1466 3522 nomen
1499 3471 1627 3538 legis
1650 3486 1750 3525 non
1776 3475 1839 3525 ad

303 3570 541 3618 naturae.
571 3556 662 3611 sed
705 3556 770 3610 ad
809 3555 968 3625 Moysi
998 3555 1164 3623 legem
1199 3554 1418 3608 referri:
1459 3567 1509 3608 et
1539 3559 1676 3612 dicet
1702 3561 1840 3628 quod

302 3648 358 3700 in
393 3645 642 3714 przesenti
672 3644 790 3696 loco
808 3643 1016 3710 justitia
1064 3641 1152 3694 Dei
1193 3643 1560 3710 pronuntietur
1596 3644 1662 3698 ab
1703 3649 1841 3714 Apo-

301 3735 450 3789 stolo
473 3733 805 3786 manifestari
838 3745 934 3800 per
973 3732 1166 3798 legem,
1191 3739 1244 3784 et
1273 3746 1372 3785 non
1423 3733 1588 3784 solum
1622 3748 1715 3800 per
1765 3735 1841 3789 le-

299 3809 450 3894 gem,
481 3826 574 3878 sed
605 3833 659 3874 et
686 3836 780 3890 per
821 3822 1122 3889 prophetas,
1154 3830 1210 3873 ut
1231 3822 1345 3874 sine
1371 3821 1473 3875 ulla
1499 3824 1842 3892 ambiguitate

307 3915 375 3968 de
407 3915 524 3980 lege
570 3911 738 3980 Moysi
778 3909 1143 3976 intelligantur
1182 3909 1318 3962 dicta
1349 3923 1466 3963 esse
1497 3923 1614 3976 quae
1643 3913 1838 3977 scripta

296 4015 434 4061 sunt
457 4021 473 4057 :
500 4018 566 4057 ex
594 4015 701 4071 qua
738 4001 852 4068 lege
874 3999 1071 4068 iustitia
1103 3997 1192 4050 Dei
1229 4013 1323 4066 per
1356 3999 1506 4068 Iidem
1530 4001 1723 4054 Christi
1747 3999 1838 4055 Je-

295 4109 362 4150 su
402 4092 784 4148 manifestetur
815 4090 866 4141 in
911 4101 1095 4141 omnes
1121 4088 1207 4155 qui
1245 4088 1496 4154 credunt,
1524 4089 1634 4143 sive
1655 4104 1721 4142 ex
1749 4090 1840 4144 Ju-

295 4183 458 4244 daeis,
483 4182 599 4234 sive
626 4193 693 4232 ex
722 4176 966 4246 gentibus
991 4175 1282 4238 venientes,
1310 4175 1398 4241 qui
1430 4184 1602 4230 tamen
1642 4191 1744 4231 non
1769 4193 1836 4233 ex

293 4272 564 4341 operibus
584 4267 958 4337 iustiﬁcentur,
991 4266 1179 4321 sedex
1203 4262 1368 4334 gratia
1402 4265 1515 4329 Dei,
1540 4267 1834 4335 redempto-

296 4377 362 4415 re
395 4360 508 4430 (56)
536 4359 616 4413 eis
639 4357 826 4410 eﬁecto
851 4356 963 4422 ipso
989 4351 1111 4408 Jesu
1141 4353 1349 4406 Christo
1380 4353 1444 4406 ³⁸.
1481 4353 1598 4408 Haec
1622 4356 1832 4423 quidem

293 4451 450 4505 dicet
479 4450 526 4503 is
558 4447 648 4514 qui
677 4458 886 4500 sensum
929 4441 1160 4511 Apostoli
1207 4441 1279 4495 in~
1299 4441 1378 4495 his
1415 4457 1532 4510 quae
1559 4457 1712 4510 supra
1742 4457 1835 4496 ex-

293 4537 606 4606 posuimus,
639 4532 896 4586 violenter
920 4543 952 4582 a
978 4528 1130 4581 nobis
1157 4528 1422 4581 accusabit
1446 4526 1708 4580 inﬂexum.
1729 4527 1833 4581 Sed

291 4626 436 4680 illud
463 4634 547 4678 est
579 4620 718 4690 quod
740 4625 1046 4673 constanter
1068 4629 1349 4684 possumus
1379 4614 1638 4668 amrmare
1667 4630 1681 4666 :
1709 4615 1831 4682 quia

291 4717 447 4769 sicut
476 4728 577 4767 nos
595 4711 686 4780 qui
717 4710 827 4764 haec
857 4713 1096 4762 asserunt
1125 4703 1233 4774 (57)
1265 4711 1450 4770 putant
1494 4703 1549 4755 in
1580 4704 1679 4756 hoc
1719 4717 1832 4755 ser-

292 4818 467 4861 mone
487 4799 754 4871 Apostoli,
779 4812 935 4854 ouem
978 4809 1118 4849 nunc
1149 4793 1533 4878 proposuimus,
1574 4791 1702 4844 nihil
1749 4791 1834 4844 in-

378 4960 427 4990 "
457 4959 616 5011 Rom.
651 4967 734 5018 tn,
755 4951 848 5005 20.
919 4950 963 4980 ’⁸
983 4949 1136 5002 Rom.
1164 4945 1433 5018 ut.__9-H.
1488 4945 1529 4976 "
1565 4945 1690 5000 ibid.
1711 4945 1773 4998 ‘2!
1800 4961 1911 5016 seq.
1984 4944 2028 4976 ³⁸
2050 4941 2178 4996 ibid.
2207 4939 2295 4994 l9.

288 5029 337 5059 ⁸¹
385 5026 533 5080 Psal.
571 5013 732 5085 xxxv,
761 5021 816 5071 7.
887 5019 930 5050 ³¹
954 5019 1104 5071 Rom.
1135 5031 1206 5079 XI,
1235 5013 1322 5066 53.

380 5142 495 5213 (ει)
554 5135 786 5213 Munda.
815 5142 973 5213 σιεηιη
1021 5133 1114 5213 tm
1154 5125 1830 5213 e.“__24.3°".:t?§'a§:"e

293 5193 599 5269 hominum,
624 5203 832 5256 mundi:
861 5203 1110 5254 habentur
1137 5207 1188 5269 et
1221 5206 1432 5269 sanctae.
1480 5193 1588 5245 Sic.
1626 5206 1750 5244 mss.
1780 5201 1834 5269 et

298 5259 599 5335 Haliartus:
629 5271 766 5324 Editi
795 5284 937 5332 vero,
988 5283 1006 5316 ι
1032 5264 1236 5317 mundata
1269 5262 1532 5315 habentur
1568 5272 1695 5312 sane
1716 5297 1731 5323 ,
1769 5259 1835 5311 ad

295 5341 770 5412 comparationem
797 5351 920 5389 vero
950 5335 1122 5412 Dei“.
1151 5339 1290 5412 etc-AA
1362 5401 1401 5412 ΑΔ

375 5401 490 5480 (53)
525 5410 599 5462 Ita
653 5419 757 5458 ms.
784 5418 958 5480 _unus.
992 5401 1123 5455 Editi
1176 5408 1298 5450 vero
1353 5401 1408 5451 et
1451 5401 1628 5449 caeteri
1676 5407 1836 5457 mss.,

300 5500 322 5534 ι
362 5471 539 5534 vitare
571 5488 692 5544 qua:
719 5471 861 5524 velit.
896 5487 915 5520 ι

1863 4195 1912 4291 ὑ

1941 3011 2210 3064 medicina:
2237 3009 2366 3063 artis
2397 3009 2675 3074 imaginem
2724 3009 3000 3064 dedimus:
3032 3020 3088 3063 ut
3119 3012 3460 3079 quemadmo-

1939 3097 2062 3151 dum
2083 3113 2180 3164 per
2207 3098 2348 3149 illam
2395 3097 2617 3164 languor
2657 3098 2960 3164 agnoscitur
2989 3107 3044 3150 ut
3084 3101 3284 3152 sanitas
3313 3101 3462 3153 iuve-

1939 3189 2129 3248 niatur,
2163 3187 2230 3238 ita
2250 3187 2406 3239 etiam
2435 3199 2528 3252 per
2559 3185 2722 3252 legem
2758 3195 2958 3238 natura:
2989 3187 3032 3238 si
3063 3197 3228 3251 patest
3261 3186 3460 3255 agnitio

1939 3273 2053 3328 ﬁeri
2099 3275 2321 3342 peccati,
2348 3275 2592 3328 similiter
2631 3275 2799 3343 possit
2843 3285 2896 3329 et
2923 3275 3142 3343 justitite
3172 3277 3305 3329 ﬁeri.
3351 3277 3462 3332 Hoc

1937 3379 2066 3431 ergo
2087 3378 2204 3418 cum
2227 3364 2443 3419 vidisset
2468 3379 2626 3432 posse
2652 3365 2752 3418 sibi
2777 3365 2952 3430 objici,
2993 3375 3266 3434 postquam
3293 3368 3458 3421 dixit:

1943 3471 1961 3504 σ
2000 3452 2103 3508 Per
2143 3453 2307 3524 legem
2361 3453 2501 3507 enim
2547 3455 2745 3522 agnitio
2795 3456 3038 3522 peccati,
3073 3475 3092 3508 ι
3147 3457 3456 3527 subjuugit:

1943 3560 1964 3595 ι
2007 3541 2155 3596 Nunc
2180 3544 2499 3608 autem,sine
2521 3543 2632 3612 lege
2656 3544 2986 3614 (59)justitia
3017 3547 3103 3599 Dei
3129 3549 3475 3602 manifestata

1937 3641 2038 3686 est.
2081 3651 2102 3683 ι
2132 3632 2257 3686 Tale
2289 3641 2368 3685 est
2393 3647 2520 3700 ergo
2557 3634 2693 3700 quod
2726 3633 2854 3686 dicit
2884 3651 2898 3686 :
2930 3634 3040 3686 Non
3066 3634 3174 3705 (60)
3201 3639 3338 3690 sicut
3369 3652 3462 3704 per

1941 3714 2108 3784 legem
2130 3719 2321 3786 agnitio
2341 3723 2558 3788 peccati,
2580 3723 2650 3775 ita
2674 3731 2728 3775 et
2751 3723 3098 3778 manifestatio
3115 3726 3329 3792 justitia:
3351 3727 3444 3781 Dei

1944 3819 2038 3872 per
2061 3805 2224 3873 legem
2249 3807 2334 3872 ﬁt;
2356 3809 2444 3862 sed
2467 3810 2578 3864 sine
2598 3810 2712 3878 lege
2736 3813 3314 3878 manifestaturjustitia
3343 3816 3453 3870 Dei.

1943 3892 2154 3947 Poterat
2180 3897 2317 3948 enim
2353 3906 2549 3952 naturze
2587 3899 2666 3952 lex
2691 3915 2908 3969 arguere
2933 3904 3131 3968 peccati
3171 3915 3409 3957 naturam
3432 3945 3448 3970 ,

1942 3993 1996 4036 et
2012 3984 2245 4037 notitiam
2267 3983 2376 4052 ejus
2400 3988 2675 4041 ostendere
2705 4007 2718 4042 :
2749 3989 2947 4057 justitia
2970 4001 3142 4044 autem
3169 3993 3257 4046 Dei
3275 4009 3458 4060 super-

1943 4071 2175 4138 greditur
2203 4081 2257 4125 et
2277 4077 2629 4142 supereminet
2667 4079 2764 4132 hoc
2791 4080 3136 4148 quodcunque
3173 4098 3319 4136 meus
3359 4085 3457 4136 lm-

1943 4174 2094 4213 mana
2124 4161 2249 4215 solis
2279 4165 2602 4218 naturalibus
2639 4168 2882 4222 sensibus
2923 4177 3094 4236 potest
3127 4171 3327 4225 rimari.
3354 4172 3459 4226 Ne-

1938 4268 2039 4323 que
2062 4253 2200 4308 euim
2223 4251 2411 4306 suﬂicit
2435 4252 2500 4305 ad
2531 4250 2918 4320 intelligendam
2941 4259 2994 4304 et
3019 4250 3454 4305 considerandam

1937 4357 2040 4395 non
2059 4354 2422 4408 quamcunque
2446 4340 2748 4402 humanam,
2767 4339 2857 4394 sed
2877 4339 3042 4406 ipsam
3065 4337 3152 4391 Dei
3172 4338 3453 4406 justitiam,

1935 4439 1992 4484 et
2011 4430 2208 4497 judicia
2243 4445 2358 4497 qua:
2382 4443 2444 4482 ex
2471 4429 2583 4497 ipsa
2617 4428 2960 4492 descendunt,
2989 4427 3054 4481 de
3091 4427 3283 4496 quibus
3323 4425 3457 4478 dici-

1937 4528 2022 4572 tur
2046 4519 2167 4586 quia
2190 4528 2311 4572 sunt
2339 4536 2358 4569 ι
2394 4518 2613 4586 abyssus
2642 4515 2802 4569 multa
2831 4514 2900 4578 ⁸⁸,
2928 4531 2946 4565 ι
2981 4524 3034 4568 et
3054 4515 3174 4582 quia
3201 4521 3304 4565 tam
3335 4527 3458 4579 pro-

1939 4610 2100 4664 funda
2123 4607 2413 4674 sitjustitia
2443 4606 2533 4658 Dei
2568 4604 2860 4672 etjudicia,
2888 4613 2945 4656 ut
2971 4601 3254 4671 Apostolus
3273 4598 3413 4652 dicat
3437 4616 3452 4650 :

1941 4718 1961 4752 ι
2001 4699 2168 4765 Quam
2216 4695 2580 4751 inscrutabilia
2622 4703 2744 4747 sunt
2768 4693 2964 4760 judicia
2994 4691 3085 4744 Dei
3109 4690 3152 4721 ³⁸
3181 4689 3195 4740 Ξ
3225 4706 3244 4738 ι
3269 4685 3373 4740 Sed
3403 4697 3458 4740 et

1939 4785 2206 4857 Sapientia
2237 4777 2309 4839 ita
2335 4786 2399 4839 ad
2425 4783 2668 4837 homines
2697 4782 2950 4850 loquitur,
2977 4778 3128 4847 quasi
3156 4791 3258 4830 non
3288 4777 3458 4842 possit

2391 4937 2434 4969 "
2466 4935 2572 4990 Tit.
2600 4950 2680 4998 tu,
2712 4934 2829 4991 5—7.
2933 4933 2976 4964 ³⁸
3005 4929 3189 4984 Matth.
3218 4940 3371 4986 xxttt,
3399 4927 3456 4980 ι.

1998 5121 2110 5187 (56)
2142 5119 2305 5187 ALL!
2340 5115 2393 5166 in
2429 5112 2858 5187 redemptionem.
2883 5127 2917 5187 _s

1997 5177 2109 5258 (57)
2142 5177 2299 5258 Edidi,
2331 5199 2350 5231 ι
2394 5177 2699 5258 asserimus,
2731 5197 2761 5258 ὲ
2796 5177 2949 5256 male.

2003 5244 2275 5326 ἰδδᾶὶιίειε
2309 5247 2666 5326 praeustam
2720 5244 3061 5326 p'i39'.‘i9'..

2141 5301 2564 5391 In'aiit'ea_editti‘s
2588 5317 2737 5391 deest
2753 5331 2770 5362 ι
2795 5301 3091 5378 siibjuugit,
3115 5323 3134 5358 ι
3163 5312 3220 5358 et
3246 5301 3487 5373 legitur,

1941 5414 1960 5447 ι
1998 5381 2126 5444 Num
2159 5394 2330 5437 autem
2357 5382 2430 5434 ait
2458 5397 2472 5434 :
2507 5383 2631 5434 Siue
2658 5381 2785 5445 lege.
2817 5398 2837 5431 δ

2006 5457 2116 5530 (60)
2145 5453 2304 5518 Editi,
2337 5467 2356 5502 ι
2389 5462 2534 5514 nam,
2568 5467 2586 5499 ι
2615 5449 2768 5502 male.
