3836 6232
335 289 438 342 945

1756 269 2072 326 ORIGENIS

3491 256 3594 310 θα

328 410 530 481 jnstitia
559 402 648 458 Dei
681 403 881 451 naturae
903 390 1064 445 solius
1091 390 1320 445 motibus
1347 390 1494 452 sciri,
1525 389 1615 442 sed
1646 404 1737 457 per
1758 389 1860 440 do-
1884 393 1931 448 Α
1959 389 2102 440 ηἰιιιιι
2124 385 2287 455 legis;
2321 383 2366 437 si
2393 393 2568 436 autem
2601 392 2668 433 ex
2708 378 2841 446 lege
2900 372 3130 441 accipit
3177 369 3590 425 testimonium.

331 476 518 555 ctrina-
559 491 787 548 studiutn
835 483 998 552 quaeri
1032 499 1046 543 ;
1072 491 1128 534 et
1157 481 1277 534 ideo
1307 479 1437 534 dicit
1463 496 1477 532 :
1505 498 1521 529 ι
1555 477 1752 531 Discite
1777 476 1859 544 ju-

331 589 526 644 stitiam
561 581 650 651 qui
695 575 941 648 judicatis
983 583 1175 628 terram
1208 571 1270 625 ⁸³.
1329 589 1348 621 ι
1387 569 1738 636 Quamobrem
1790 565 1858 618 ad

331 679 420 732 Dei
445 673 702 742 justitiam
747 664 1130 735 agnoscendam
1177 661 1307 716 nihil
1335 673 1550 728 prorsus
1579 654 1858 724 opitulabi-

331 778 416 821 tur
448 765 528 818 lex
561 770 784 823 naturae,
816 755 1024 811 etiamsi
1065 753 1310 806 videatur
1333 749 1531 804 sentire
1567 746 1763 814 aliquid
1793 747 1857 800 de

326 856 554 908 humana
577 847 804 916 jnstitia.
849 845 940 898 Illa
973 843 1114 897 enim
1147 841 1231 894 lex
1277 845 1448 906 potest
1481 837 1678 890 sentire
1712 835 1855 904 quod

329 947 464 996 inter
487 939 728 993 homines
746 937 945 1004 justum
979 933 1048 984 sit
1069 939 1124 982 ut
1147 930 1285 997 quod
1313 928 1363 979 in
1389 941 1448 980 se
1476 925 1594 993 quis
1618 926 1725 992 pati
1753 939 1855 977 non

327 1031 456 1094 vult,
486 1030 582 1082 hoc
615 1025 772 1095 512
796 1037 860 1076 ne
888 1019 1129 1089 proximo
1161 1015 1320 1068 faciat
1343 1014 1408 1067 “.
1431 1013 1680 1080 Nunquid
1709 1020 1858 1064 natu-

326 1120 506 1173 raliter
534 1126 706 1185 potest
729 1112 928 1167 sentire
953 1106 1062 1176 (6|)
1102 1107 1168 1159 de
1195 1105 1280 1156 illa
1306 1102 1508 1170 iustitia
1533 1117 1652 1169 quae
1679 1101 1805 1153 dicit
1838 1116 1852 1151 :

324 1231 347 1261 ς
393 1209 574 1261 Videte
603 1221 672 1259 ne
703 1198 1192 1266 laciatisjustitiam
1223 1206 1454 1248 vestram
1485 1208 1665 1246 coram
1695 1191 1860 1245 homi-

325 1299 478 1352 nibus
504 1297 585 1359 ³⁸;
622 1314 640 1346 ι
675 1302 749 1355 et,
793 1309 812 1342 ι
845 1299 902 1343 ιιι
924 1289 1126 1344 nesciat
1158 1286 1380 1339 sinistra
1422 1293 1509 1336 tua
1542 1281 1666 1350 quid
1699 1280 1857 1333 faciat

323 1393 507 1444 dextra
564 1395 649 1437 tua
673 1383 760 1434 “?
797 1401 815 1433 ι
849 1381 969 1434 Haec
1018 1389 1071 1431 et
1120 1375 1416 1442 hujusntodi
1459 1372 1600 1440 iusta
1642 1369 1856 1438 (62)(Ῐί-

321 1490 468 1533 ctare
497 1492 599 1530 non
627 1482 798 1545 potest
839 1473 925 1526 lex
968 1478 1209 1531 natura;
1245 1477 1298 1521 et
1325 1466 1442 1519 ideo
1473 1463 1603 1516 dicit
1629 1463 1854 1530 Aposto-

323 1569 409 1621 lus
437 1584 451 1618 :
476 1586 493 1616 ι
527 1564 676 1618 Nunc
696 1572 869 1615 autem
898 1561 1012 1614 sine
1043 1557 1180 1624 lege,
1209 1574 1227 1606 ι
1264 1564 1466 1607 natura:
1493 1552 1715 1610 scilicet,
1735 1566 1753 1598 ι
1772 1547 1858 1613 ju-

323 1658 468 1711 stitia
507 1655 598 1708 Dei
631 1651 962 1706 manifestata
993 1656 1074 1701 est
1103 1647 1167 1709 ",
1203 1664 1222 1695 ι
1257 1643 1618 1698 testimonium
1657 1639 1856 1692 habens

1959 492 2063 529 non
2097 489 2223 544 ergo
2251 475 2367 527 sine
2387 474 2503 542 lege
2533 471 2902 524 manifestata
2939 472 3053 518 est.
3080 461 3253 528 Quod
3283 473 3416 514 cum
3451 461 3592 512 inso-

1957 564 2118 618 lubile
2139 566 2231 626 sit,
2263 579 2363 617 nec
2392 565 2570 630 aliqua
2606 560 2786 630 possit
2823 556 3059 610 ratione
3095 547 3378 612 convelli,
3411 547 3594 600 dicen-

1957 655 2080 707 dqu
2112 663 2191 706 est
2207 653 2472 721 justitiam
2515 652 2739 720 quidem
2765 647 2868 700 Dei
2903 638 3285 697 nianifestari
3315 653 3347 691 a
3378 637 3596 692 Christo

1954 741 2102 805 Jesu,
2130 743 2399 810 praebente
2440 741 2490 794 ei
2529 738 2922 794 testimonium
2980 746 3107 785 non
3173 728 3305 796 lege
3363 735 3594 790 naturae,

1956 847 2074 899 qua:
2121 834 2292 886 adhuc
2343 832 2665 898 est-utique
2711 828 2920 894 exigua
2949 832 3013 877 et
3067 833 3290 890 parva;
3326 819 3429 872 sed
3486 818 3598 886 lege

1957 920 2121 990 Moysi
2157 936 2302 984 ;non
2339 934 2402 972 ea
2444 934 2566 986 qua:
2621 914 2940 970 secundum
2984 909 3288 967 litteram,
3336 903 3436 956 sed
3482 916 3599 970 qua

1955 1013 2244 1065 secundum
2273 1009 2518 1077 spiritum
2549 1016 2653 1070 est,
2687 1006 2756 1058 de
2811 1016 2930 1070 qua
2972 1000 3136 1052 idem
3182 994 3328 1050 dicit
3373 995 3602 1060 Aposto-

1955 1104 2076 1156 lus:
2117 1120 2136 1151 ι
2170 1100 2303 1165 Quia
2335 1099 2420 1152 lex
2462 1096 2728 1166 spiritalis
2771 1101 2862 1147 est
2898 1091 2976 1144 ⁸³.
3024 1108 3048 1140 ι
3087 1085 3386 1141 Similiter
3417 1093 3596 1135 autem

1955 1204 2010 1248 et
2041 1192 2309 1261 pmpheta:
2344 1204 2436 1257 per
2468 1204 2591 1242 eum
2615 1187 2709 1256 qui
2744 1186 2800 1238 in
2838 1182 2985 1250 ipsis
3023 1182 3267 1234 locutus
3305 1185 3397 1229 est
3446 1174 3602 1242 spiri-

1957 1293 2064 1336 tum
2099 1281 2209 1335 Dei.
2230 1281 2322 1334 Est
2342 1288 2603 1348 praeterea
2639 1288 2694 1330 et
2724 1275 2817 1328 illa
2842 1271 3002 1340 apud
3041 1267 3394 1336 Apostolum
3419 1265 3488 1318 de
3503 1265 3601 1317 hoc

1955 1385 2219 1432 sermone,
2250 1370 2295 1422 si
2341 1369 2460 1436 quis
2502 1364 2826 1434 diligentius
2866 1363 3191 1422 observet,
3228 1357 3376 1411 mira
3412 1356 3600 1409 distin-

1955 1460 2083 1514 ctio.
2109 1459 2269 1513 Moris
2293 1469 2375 1513 est
2413 1457 2555 1526 apud
2585 1455 2814 1509 Graecos
2855 1451 3220 1504 nominibus
3244 1447 3437 1519 ἄρθρα
3463 1460 3596 1514 pra:-

1957 1550 2102 1619 poni,
2136 1564 2252 1616 qua:
2278 1547 2417 1614 apud
2453 1560 2551 1598 nos
2597 1551 2837 1612 possunt
2883 1541 3141 1594 articuli
3204 1538 3514 1592 nominari.
3545 1537 3596 1591 Si

1956 1638 2168 1706 quando
2192 1637 2353 1705 igitur
2373 1634 2542 1703 Moysi
2575 1634 2750 1702 legem
2785 1633 3094 1693 nominat,
3129 1630 3373 1685 solitum
3403 1629 3598 1683 nomini

322 1747 452 1817 legis
482 1743 665 1817 Moysi
682 1751 736 1795 et
754 1738 1147 1809 prophetarum,
1168 1736 1219 1787 in
1240 1732 1434 1802 quibus
1456 1740 1668 1783 sanctus
1691 1727 1857 1794 Spiri-
1889 1707 1928 1764 Β
1958 1723 2231 1792 praemittit
2250 1721 2536 1775 articulum
2562 1722 2642 1782 ;si
2674 1719 2910 1788 quando
2946 1733 3103 1773 vero
3139 1717 3470 1772 naturalem
3491 1717 3596 1772 vult

327 1807 413 1890 tus
463 1807 624 1888 multa
667 1807 771 1900 per
790 1828 987 1896 figuras
1014 1836 1067 1879 et
1098 1827 1381 1892 aenigmata
1428 1822 1493 1873 de
1523 1818 1728 1886 justitia
1761 1815 1854 1868 Dci
1955 1812 2200 1881 intelligi,
2229 1811 2346 1864 sine
2392 1810 2630 1864 articulo
2661 1809 2923 1863 nominat
2957 1809 3188 1879 legem.
3225 1807 3301 1862 Et
3328 1808 3436 1861 hoc
3477 1823 3599 1877 ergo

324 1926 631 1994 scripserat.
669 1897 736 1974 lit
765 1917 885 1972 nolo
920 1914 1132 1970 mireris
1158 1913 1296 1982 quod
1339 1926 1501 1964 unum
1540 1906 1853 1962 vocabulum
1955 1901 2006 1954 in
2041 1901 2156 1955 loco
2188 1901 2273 1954 ubi
2304 1901 2455 1965 dicit,
2485 1920 2504 1952 ι
2544 1901 2702 1954 Nunc
2727 1901 2858 1953 sine
2898 1897 3040 1967 lege
3073 1898 3313 1966 iustitia
3363 1897 3459 1951 Dei
3493 1912 3599 1950 ma-

321 2015 457 2084 legis
486 2010 719 2068 secundo
751 2010 804 2062 in
834 2007 1015 2061 eodem
1037 2004 1152 2058 loco
1176 2003 1402 2072 positum
1429 2000 1634 2053 diversa
1655 1995 1857 2066 signiti-

321 2116 428 2160 cet.
458 2101 762 2157 lnvenimns
791 2098 931 2152 hanc
959 2111 1076 2148 esse
1105 2093 1398 2160 Scriptura:
1418 2089 1853 2144 consuetudinem

317 2205 377 2248 et
402 2194 453 2246 in
492 2191 610 2245 aliis
640 2189 768 2242 locis
798 2203 812 2241 :
843 2195 899 2239 ut
919 2185 990 2238 ibi
1026 2185 1068 2216 ⁸⁸
1095 2200 1110 2236 :
1139 2201 1157 2234 ι
1185 2182 1371 2235 Nonne
1403 2195 1498 2232 vos
1525 2177 1854 2242 dicitis,qnia

325 2285 496 2338 adhuc
530 2291 756 2350 quatuor
779 2291 988 2331 menses
1025 2282 1149 2328 sunt
1184 2281 1243 2326 ut
1269 2271 1443 2326 veniat
1472 2267 1660 2322 messis
1691 2266 1714 2320 ’Ξ
1739 2266 1857 2320 Ele-

325 2385 444 2430 vate
476 2371 659 2428 oculos
704 2378 940 2432 vestros,
968 2377 1022 2421 et
1051 2366 1223 2418 videte
1255 2362 1518 2431 regiones,
1561 2360 1682 2428 quia
1726 2357 1857 2410 alba:

323 2473 448 2520 sunt
466 2463 534 2517 ad
555 2475 800 2516 messem.
817 2476 835 2509 ι
853 2458 1040 2513 Nonne
1070 2463 1124 2509 et
1151 2454 1251 2506 hoc
1277 2452 1392 2506 loco
1415 2449 1606 2503 messis
1626 2447 1857 2501 secundo

323 2553 618 2612 nominata,
646 2547 816 2615 primo
853 2544 919 2597 ad
969 2540 1298 2609 corporalem
1337 2551 1562 2590 messem
1603 2535 1853 2596 refertur,

323 2642 558 2696 secundo
589 2638 654 2688 ad
682 2631 969 2702 spiritalem
995 2632 1017 2683 ?
1046 2629 1105 2682 Et
1133 2629 1322 2681 iterum
1345 2627 1395 2678 in
1425 2623 1708 2693 Evangelio
1735 2638 1855 2676 cum

327 2729 456 2783 dicit
499 2727 567 2780 ad
617 2722 1005 2778 Samaritanam
1064 2717 1341 2771 mulierem
1390 2713 1668 2774 Salvator,
1721 2731 1740 2764 ι
1783 2713 1854 2764 Da

325 2819 457 2873 mihi
509 2813 692 2870 bibere
720 2812 784 2874 ”,
821 2829 841 2862 ι
886 2819 938 2863 et
970 2816 1087 2876 post
1144 2820 1454 2875 responsum
1493 2802 1607 2871 ejus
1663 2803 1853 2855 iterum

324 2910 453 2963 dicit
482 2905 547 2960 ad
573 2918 689 2959 eam
724 2917 739 2955 :
778 2921 798 2954 ι
840 2901 894 2956 Si
929 2901 1094 2954 scires
1138 2899 1258 2966 quis
1311 2906 1392 2951 est
1429 2895 1520 2964 qui
1558 2895 1686 2949 dicit
1715 2895 1805 2947 tibi
1836 2911 1851 2947 :

1953 1989 2206 2046 nilestata
2236 2002 2335 2054 est,
2372 2007 2392 2040 ι
2437 1988 2732 2042 articulum
2783 2003 2903 2040 non
2969 1987 3214 2052 habet;
3251 1987 3311 2041 in
3359 1986 3595 2054 sequenti

1951 2094 2081 2134 vero
2109 2079 2194 2133 ubi
2223 2080 2369 2142 dicit,
2405 2097 2425 2129 ι
2472 2078 2791 2131 Testillcata
2835 2093 2866 2129 a
2916 2077 3060 2146 lege
3115 2086 3179 2130 et
3240 2076 3544 2146 prophetis,
3573 2093 3592 2126 ι

1954 2169 2186 2223 secundo
2213 2167 2405 2221 inloco
2434 2168 2606 2236 legem
2635 2181 2765 2220 cum
2799 2167 3076 2220 articulo
3117 2169 3342 2234 posuit.
3378 2165 3437 2221 Si
3475 2181 3596 2236 ergo

1954 2261 2278 2314 suﬂicienter
2309 2257 2484 2326 patuit
2516 2257 2583 2312 de
2634 2257 2776 2325 legis
2819 2258 3249 2326 appellatione
3291 2259 3595 2325 diversitas,

1954 2350 2228 2403 videamus
2259 2361 2401 2402 nunc
2435 2361 2557 2414 qua:
2578 2346 2799 2413 justitia
2845 2347 2990 2401 sine
3042 2349 3313 2402 naturali
3343 2350 3463 2419 lege
3492 2363 3595 2402 ma-

1954 2439 2251 2494 nifestetur.
2273 2437 2415 2492 idem
2455 2436 2739 2505 apostolus
2768 2435 2999 2493 Paulus
3047 2439 3206 2493 dicit
3237 2439 3314 2494 de
3344 2439 3590 2502 Christo.

1953 2526 2079 2595 quia
2111 2543 2128 2575 ι
2159 2525 2329 2577 lactus
2357 2532 2442 2577 est
2481 2524 2640 2578 nobis
2689 2526 2989 2592 sapientia
3029 2542 3067 2581 a
3117 2529 3266 2595 Deo,
3297 2540 3356 2584 et
3372 2527 3589 2597 iustitia,

1953 2623 2006 2668 et
2028 2612 2399 2673 sanctiﬁcatio,
2421 2620 2477 2663 et
2508 2612 2912 2680 redemptio“.
2963 2635 2988 2667 ι
3051 2616 3199 2671 Haec
3234 2632 3376 2688 ergo
3395 2618 3587 2684 justitia

1956 2706 2066 2767 Dei,
2096 2719 2212 2772 quae
2240 2712 2322 2756 est
2349 2700 2603 2755 Christus
2622 2741 2638 2765 ,
2675 2703 3113 2760 manifestatur
3147 2710 3282 2763 sine
3333 2709 3453 2775 lege
3482 2708 3591 2777 qui-

1954 2796 2070 2849 dem
2104 2792 2353 2854 naturali,
2387 2805 2493 2846 non
2527 2801 2710 2847 tamen
2762 2792 2898 2849 sine
2970 2795 3113 2867 lege
3148 2797 3338 2869 Moysi
3370 2799 3453 2853 vel
3480 2812 3591 2868 pro-

1952 2883 2126 2953 phetis
2157 2879 2291 2954 (66).
2322 2882 2423 2934 Dat
2467 2882 2612 2934 enim
2645 2882 2694 2935 ei
2754 2885 3192 2943 testimonium
3261 2890 3354 2944 lex
3387 2890 3521 2944 sicut
3542 2896 3590 2942 et

331 2999 404 3050 Da
478 2996 603 3050 mihi
644 2995 859 3057 bibere;
887 3002 942 3044 ω
982 2992 1163 3058 “lique
1190 2988 1413 3057 petisses
1435 3001 1579 3049 eum,
1602 2995 1656 3039 ει
1678 2985 1855 3039 dedis-
1879 3009 1922 3066 c
1955 2975 2073 3066 ipse,
2097 2974 2223 3066 dicit
2259 2989 2273 3026 :
2308 2990 2327 3023 ι
2357 2970 2688 3025 Scrutamini
2724 2973 3124 3045 Seripturas;
3165 2981 3310 3049 ipsa;
3334 2992 3462 3036 sunt
3482 2994 3588 3049 quae

326 3095 406 3140 set
438 3082 532 3136 tibi
560 3095 748 3149 aquam
778 3078 970 3130 vivam.
996 3093 1016 3126 ι
1053 3074 1118 3128 Ει
1146 3074 1334 3128 iterum
1366 3072 1565 3126 addidit
1589 3073 1652 3124 ad
1685 3085 1802 3124 eam
1837 3087 1852 3124 :

331 3191 351 3226 ι
391 3172 572 3230 Omnis
599 3170 691 3240 qui
739 3168 871 3223 bibit
897 3182 963 3220 ex
1010 3181 1144 3232 aqua
1191 3166 1310 3226 hac,
1337 3163 1480 3217 sitiet
1511 3161 1728 3224 iterum;
1763 3159 1856 3229 qui

326 3274 503 3318 autem
532 3261 725 3316 biberit
748 3275 814 3312 ex
852 3273 990 3326 aqua
1013 3271 1170 3324 quant
1196 3269 1295 3323 ego
1320 3253 1386 3307 do
1410 3253 1483 3315 ei,
1511 3266 1612 3305 non
1637 3251 1779 3304 sitiet
1804 3250 1856 3302 in

326 3364 581 3406 aeternum
607 3345 670 3399 “.
702 3365 722 3398 ι
757 3345 915 3398 Vides
962 3344 1222 3412 quomodo
1246 3351 1302 3396 et
1349 3339 1529 3394 bibere
1552 3379 1568 3404 ,
1598 3348 1651 3394 et
1697 3354 1852 3406 aqua,

327 3455 470 3496 nunc
491 3438 700 3506 quidem
728 3433 840 3506 (63)
872 3429 1223 3499 corporaliter
1242 3469 1258 3495 ,
1289 3444 1430 3482 nunc
1485 3439 1660 3481 autem
1705 3428 1857 3496 spiri-

324 3530 510 3584 taliter
549 3529 602 3581 in
631 3540 735 3579 uno
769 3523 1060 3589 eodemque
1085 3519 1346 3586 accipitur
1378 3518 1540 3572 loco?
1584 3517 1678 3571 Est
1715 3525 1769 3570 et
1793 3514 1856 3569 il-

325 3623 398 3676 lic
425 3617 672 3673 similiter
714 3613 975 3684 positum,
1003 3610 1089 3664 ubi
1133 3625 1303 3664 caecus
1335 3624 1364 3661 a
1404 3609 1679 3662 nativitate
1703 3622 1855 3661 cura-

325 3724 414 3767 tur
441 3709 508 3764 “.
538 3708 666 3763 Post
704 3708 804 3761 hoc
837 3705 965 3759 dicit
995 3702 1240 3758 Salvator
1273 3719 1287 3754 :
1325 3719 1343 3752 ι
1375 3699 1432 3753 ιιι
1469 3697 1724 3766 judicium
1758 3710 1856 3765 ego

322 3801 446 3857 veni
475 3800 527 3852 in
555 3799 696 3852 hunc
719 3795 987 3855 mundum,
1008 3802 1060 3845 ut
1086 3792 1174 3860 qui
1205 3806 1308 3844 non
1338 3789 1518 3842 vident
1544 3787 1779 3848 videant,
1802 3793 1856 3839 et

322 3892 412 3962 qui
434 3891 612 3944 vident
631 3885 756 3941 caeci
782 3883 1016 3937 liant“.t
1052 3881 1232 3934 Nonne
1259 3880 1419 3934 etiam
1454 3879 1540 3932 hic
1561 3888 1613 3932 et
1636 3876 1817 3929 videre
1837 3914 1854 3940 ,

322 3995 378 4037 et
398 3997 501 4035 non
522 3979 702 4033 videre
733 3990 875 4030 nunc
920 3973 1264 4042 corporaliter
1284 4010 1300 4034 ,
1366 3984 1506 4023 nunc
1541 3966 1856 4037 spiritaliter

323 4067 756 4145 intelligiturllta
776 4080 903 4135 ergo
923 4068 1081 4120 etiam
1101 4064 1151 4116 in
1177 4064 1276 4116 hoc
1301 4062 1414 4114 loco
1435 4056 1716 4126 Apostolus
1731 4071 1853 4109 cum

324 4165 438 4219 sine
467 4164 580 4232 lege
600 4161 727 4214 dicit
746 4157 1006 4228 justitiam
1039 4154 1133 4208 Dei
1168 4149 1518 4213 ntanifestari,
1536 4156 1741 4200 naturae
1768 4146 1848 4199 lex

325 4252 671 4317 intelligitur;
700 4263 820 4302 cum
866 4259 997 4300 vero
1029 4243 1160 4298 dicit
1195 4259 1210 4295 :
1257 4259 1275 4291 ι
1313 4238 1615 4292 Testilicata
1649 4251 1678 4288 a
1736 4235 1850 4303 lege

1959 3064 2318 3119 testimonium
2362 3063 2594 3116 reddunt
2626 3064 2697 3117 de
2724 3079 2821 3118 me
2855 3065 2938 3120 ".
2999 3088 3024 3121 ι
3064 3070 3218 3124 Nam
3261 3071 3353 3127 lex
3390 3072 3586 3141 quidem

1957 3154 2214 3208 naturalis
2245 3161 2420 3222 pctest
2443 3155 2774 3209 occasiones
2806 3158 3122 3226 praebere.
3157 3171 3217 3217 et
3263 3162 3584 3217 intellectum

1955 3245 2101 3306 dare,
2127 3253 2183 3296 ut
2213 3243 2472 3305 diximus,
2508 3244 2595 3297 vel
2625 3245 2693 3297 ad
2727 3225 2974 3314 eaquae
3035 3225 3196 3307 ῑηίθι-
3234 3253 3490 3308 homines
3511 3251 3585 3320 ηε

1953 3335 2178 3403 aequitas
2210 3335 2402 3402 poscit,
2425 3335 2507 3388 vel
2553 3334 2623 3388 ad
2675 3336 2789 3390 hoc
2836 3337 3084 3408 ipsum,
3125 3353 3193 3398 ut
3225 3359 3358 3399 esse
3403 3344 3587 3399 sentiat

1954 3425 2140 3478 Deum.
2174 3423 2249 3475 De
2279 3421 2496 3476 Christo
2522 3431 2708 3476 autem
2745 3427 2914 3492 quod
2969 3430 3058 3484 sit
3105 3431 3295 3487 Filius
3326 3433 3443 3498 Dei,
3475 3447 3587 3486 sen-

1952 3513 2052 3568 tire
2076 3511 2534 3601 naturaliterquis
2565 3521 2748 3579 potest
2775 3517 2801 3568 1
2836 3516 2989 3574 Ideo
3022 3537 3174 3592 ergo
3198 3525 3328 3579 sine
3353 3525 3456 3578 hac
3486 3523 3585 3593 (67)

1952 3605 2089 3673 lege,
2116 3603 2322 3670 justitia
2351 3603 2604 3670 Del,quze
2632 3615 2717 3657 est
2745 3603 3074 3675 Christus,
3100 3614 3463 3669 manifestata
3492 3621 3582 3677 est,

1951 3696 2235 3750 testificata
2259 3710 2324 3749 ex
2357 3694 2474 3761 lege
2515 3694 2688 3766 Moysi
2711 3706 2767 3749 et
2798 3703 3155 3768 prophetis.
3175 3704 3390 3761 Verum
3425 3707 3584 3775 prius-

1951 3800 2110 3854 quam
2139 3786 2204 3837 ad
2237 3785 2628 3852 consequentia
2683 3801 3116 3858 properemus,
3141 3795 3456 3850 omittenda
3491 3807 3586 3847 non

1951 3876 2160 3928 videtur
2185 3890 2252 3928 ne
2269 3875 2380 3928 hate
2408 3875 2625 3943 quidem
2671 3876 3054 3945 observatio,
3093 3887 3257 3952 quod
3291 3887 3348 3940 in
3383 3896 3587 3955 peccato

1949 3965 2158 4031 quidem
2205 3966 2527 4033 agnitionem
2559 3966 2769 4034 posuit,
2809 3967 2868 4020 in
2912 3969 3167 4037 iustitia
3201 3991 3339 4031 vero
3380 3977 3587 4030 manifeo

1949 4053 2253 4108 stationem.
2293 4071 2312 4104 ι
2351 4055 2525 4109 Onme
2577 4058 2726 4110 enim
2784 4062 2950 4128 quod
3010 4067 3466 4134 manifestatur,
3507 4067 3589 4118 lux

1948 4143 2131 4207 est“;
2178 4163 2195 4195 ι
2232 4153 2286 4197 et
2314 4145 2355 4198 si
2386 4147 2533 4213 quod
2565 4146 2983 4205 manifestatur
3017 4155 3128 4212 lux
3173 4168 3289 4224 est,
3319 4167 3588 4228 peccatum

1949 4231 2090 4298 quod
2119 4231 2209 4284 lux
2237 4247 2340 4286 non
2371 4245 2453 4288 est
2488 4251 2594 4289 non
2629 4237 3077 4310 manifestatur,
3113 4250 3222 4302 sed
3260 4249 3586 4318 agnoscitur.

323 4353 379 4397 et
417 4342 708 4411 prophetis,
731 4358 750 4391 ι
769 4337 934 4408 Moysi
962 4338 1125 4406 legem
1157 4332 1413 4398 designat.
1437 4327 1586 4392 Quod
1615 4327 1660 4379 si
1685 4326 1855 4378 adhuc
1885 4323 1928 4376 D
1958 4322 2067 4390 Ego
2086 4322 2167 4411 sic
2195 4324 2398 4390 accipio
2433 4335 2489 4378 et
2519 4327 2678 4380 illud:
2712 4327 2907 4384 «Nihil
2942 4338 3262 4392 occultum
3299 4339 3447 4408 quod
3491 4351 3588 4391 non

325 4433 420 4486 tibi
443 4432 615 4484 minus
635 4431 849 4498 planum
873 4434 1086 4496 putatur
1109 4437 1226 4477 esse
1251 4419 1392 4487 quod
1421 4415 1848 4478 diximus,adde-

325 4534 444 4574 mus
467 4518 630 4572 etiam
675 4517 789 4570 haec
815 4531 830 4566 :
859 4514 915 4567 Si
954 4513 1094 4566 enim
1125 4509 1332 4563 videtur
1361 4505 1498 4572 quod
1524 4503 1632 4574 (64)
1665 4505 1848 4556 eadem

321 4609 407 4663 lex
431 4607 501 4661 sit
523 4607 590 4660 de
614 4619 718 4672 qua
738 4603 932 4657 dicitur
953 4618 968 4654 :
990 4619 1010 4650 ο
1031 4599 1183 4654 Nunc
1210 4607 1384 4650 autem
1413 4594 1528 4648 sine
1555 4593 1667 4661 lege
1694 4592 1851 4659 justi-

325 4696 398 4750 tia
445 4694 537 4750 Dei
583 4691 918 4747 manifestata
961 4696 1063 4752 est,
1099 4703 1122 4738 ι
1153 4700 1270 4754 quae
1313 4694 1394 4736 est
1435 4693 1488 4736 et
1534 4681 1619 4736 illa
1652 4681 1716 4734 de
1747 4695 1852 4750 qua

322 4785 400 4840 ait
427 4797 446 4838 :
473 4801 493 4836 ι
533 4781 832 4838 Testillcata
858 4793 888 4831 a
920 4777 1031 4844 lege
1053 4783 1108 4830 et
1151 4771 1420 4843 prophetis
1451 4787 1467 4836 ;
1509 4789 1526 4821 ι
1563 4770 1606 4821 si
1637 4768 1850 4835 quidem

323 4875 442 4929 sine
469 4874 582 4944 lege
612 4870 722 4943 (65)
760 4868 1097 4924 manifestata
1126 4872 1229 4928 est,
1263 4876 1368 4914 non
1396 4859 1586 4926 accipit
1618 4849 1854 4910 testimo-

391 5033 438 5066 ⁸³
465 5034 592 5103 Sap.
619 5051 660 5098 ι,
689 5033 710 5085 1
744 5048 760 5096 ;
788 5031 924 5085 Psal.
965 5046 1024 5094 ιι,
1052 5029 1140 5083 lo.
1214 5022 1260 5055 “
1280 5019 1411 5074 Tob.
1463 5032 1534 5078 tv,
1564 5015 1617 5068 6.
1692 5014 1736 5045 ⁸⁸
1759 5012 1854 5065 Mal

391 5127 414 5149 ι-
485 5105 529 5140 ι’
559 5101 758 5149 ibid-7.
786 5099 870 5149 to.
972 5100 1020 5130 δ’
1057 5095 1188 5149 ibid.
1216 5091 1304 5144 l3.
1411 5085 1452 5116 “
1479 5084 1632 5137 Jozm-
1665 5084 1787 5143 IXJ
1835 5097 1854 5132 ε

2055 5054 2099 5117 l“
2111 5016 2280 5141 ¹ἰίήι1ῗ⁶
2292 5021 2447 5144 5'1];de
2477 5021 2533 5124 ᾗ
2550 5025 2872 5149 Βιζῖιιξὶοὲῗιί
3024 5035 3126 5139 2¹ἶ

325 5101 414 5157 35.
485 5091 870 5164 v'itlia.7;to.
972 5091 1020 5130 δέ
1057 5095 1188 5151 ibid.
1216 5091 1304 5164 ts.

325 5165 371 5200 ⁸³
391 5167 546 5223 Joan.
569 5185 620 5234 ν,
663 5162 753 5223 39.
825 5168 870 5198 “
898 5167 1091 5235 Ephes.
1121 5180 1174 5230 v,
1215 5162 1300 5215 15.

393 5280 504 5345 (6|)
536 5281 622 5336 Al.
651 5297 671 5330 ι
699 5281 900 5334 sentiri.
930 5298 950 5330 ι

397 5331 506 5413 (θέλ
537 5331 660 5400 ideo
693 5331 1052 5414 etihujusmodi
1081 5346 1245 5412 justa.
1277 5339 1545 5414 Sic_mss._
1583 5342 1637 5386 et
1676 5331 1851 5385 Baba-

331 5405 722 5493 ““:5,:_ALFdili.
753 5433 772 5464 ι
802 5405 941 5493 lianc
967 5423 1020 5468 et
1052 5405 1349 5493 huiusmodi
1375 5405 1658 5475 justitiam.
1700 5420 1718 5451 ι

402 5481 622 5598 $32“
645 5496 768 5598 ξιξ.
802 5484 936 5538 Editi
956 5497 1100 5545 vero,
1121 5499 1140 5531 ι
1169 5481 1234 5534 Et
1250 5480 1432 5534 bibere
1449 5489 1513 5530 cx
1529 5486 1686 5540 aqua,
1713 5482 1852 5522 nunc

332 5557 566 5608 quidem,
603 5565 621 5596 ι
653 5557 758 5600 etc.

1409 5156 1451 5186 ⁸⁷
1477 5153 1603 5207 Luc.
1640 5165 1758 5215 vttt,
1784 5150 1869 5202 l7.

1955 4409 2346 4474 manifestetur,
2377 4427 2475 4466 nec
2514 4425 2770 4484 opertum
2805 4424 2974 4487 quod
3015 4441 3142 4481 non
3180 4431 3467 4484 reveletur
3495 4427 3587 4479 δ’.»

1954 4584 2123 4675 pheta:
2145 4594 2306 4639 testes
2341 4596 2468 4641 sunt
2501 4589 2732 4658 iustitia:
2785 4594 2927 4664 Dei;
2967 4614 3109 4669 quae
3139 4584 3372 4672 justitia
3416 4584 3509 4675 per
3535 4605 3592 4657 li-

1951 4673 2067 4727 dem
2089 4672 2215 4727 Jesu
2245 4675 2448 4730 Christi
2477 4679 2886 4738 manifestatur
2922 4688 2986 4742 in
3031 4706 3254 4750 omnes
3287 4672 3588 4756 credentes,

1951 4765 2003 4816 in
2026 4765 2218 4832 quibus
2259 4766 2400 4818 nulla
2450 4775 2536 4820 est
2575 4769 2899 4842 distinctio,
2959 4791 3169 4836 utrum
3231 4800 3304 4838 ex
3354 4784 3591 4848 Judans,

1953 4869 2022 4908 an
2054 4871 2118 4908 ex
2159 4859 2410 4924 gentibus
2457 4860 2711 4916 credant.
2757 4863 2904 4922 Vide
2947 4882 3155 4928 autem
3187 4875 3327 4946 quia
3365 4873 3590 4929 manife-

3215 5038 3264 5071 ³⁸
3294 5037 3462 5092 Joan.
3515 5051 3586 5094 tv.

2055 5085 2099 5117 ἰι
2129 5086 2259 5141 ibid.
2292 5090 2384 5144 59.
2477 5092 2526 5124 δι
2550 5094 2716 5152 ιιοιιι.
2763 5115 2873 5166 vn,
2898 5085 2998 5158 ιιι
3028 5085 3169 5140 ““ὶι
3198 5109 3214 5161 l
3243 5085 3463 5173 ρόἶῖἶζ
3499 5085 3586 5158 ἑοῖ

2477 5092 2526 5124 ⁸³
2550 5094 2716 5152 Rom.
2763 5115 2873 5166 vn,
2904 5092 2998 5158 14⁷.

2164 5262 2328 5346 ξιξὶιί,
2361 5267 2458 5346 ι)ιί
2487 5267 2584 5321 tibi
2616 5269 2866 5346 videtur,
2903 5281 3082 5346 quod,
3125 5296 3145 5330 ο
3179 5286 3297 5334 etc.

1957 5329 2135 5455 mgis.)
2170 5329 2327 5400 Al.,t
2368 5335 2492 5392 llaec
2543 5343 2778 5407 quidem
2826 5329 2956 5418 qui:
2996 5329 3133 5404 sine
3178 5329 3340 5420 lege,
3376 5366 3397 5399 ι
3437 5356 3586 5410 ctc.,

2173 5472 2284 5554 4].,
2325 5478 2462 5554 εδει
2500 5481 2934 5554 prophetarum.
2977 5506 2998 5540 ι

2030 5540 2143 5610 (67)
2183 5543 2320 5602 Huc.
2357 5540 2517 5605 Deest
2549 5540 2810 5612 in'antea
2838 5540 3028 5613 editis.
