3836 6264
297 346 400 401 945
1156 342 1172 357 ⁸
1217 346 1539 405 COMMENT
1593 347 1658 401 ΙΝ
1691 346 1902 403 ΕΡΙδτ.
1939 349 2027 404 AD
2062 351 2220 407 80M.
2260 351 2384 408 LIB.
2428 353 2510 408 lli.
3333 359 3434 414 946

297 458 498 514 standi:
531 457 755 525 iustitiae
806 461 896 515 Dei
932 460 1069 535 ('68)
1116 475 1218 515 non
1273 477 1426 516 unam
1476 466 1651 530 posuit
1695 479 1820 516 cau-
1850 470 1895 525 Α
1990 467 2042 520 8.
2075 484 2094 517 ι
2127 467 2291 532 Quem
2321 470 2591 537 praposuit
2618 470 2754 525 Deus
2783 472 3209 538 pr0pitiationem
3246 490 3339 543 per
3367 477 3429 529 fi-

297 562 408 601 sam
464 550 834 601 tantummodo
878 550 1018 613 fidei,
1046 551 1138 603 sed
1185 561 1238 604 et
1302 552 1472 619 legem
1503 554 1669 604 sociat
1710 550 1819 621 (69)

296 644 350 687 et
386 633 718 702 prophetas,
764 636 886 702 quia
940 650 1108 704 neque
1160 636 1289 689 fides
1340 637 1448 690 sola
1502 636 1656 706 513
1707 639 1822 692 sine

297 720 410 787 [ego
450 728 507 773 et
552 720 827 787 prophetis
886 723 1186 777 manifestat
1252 721 1509 790 justitiam
1563 726 1682 786 Dei,
1729 740 1822 778 ne-

295 824 398 877 que
467 824 653 863 rursus
701 812 782 863 lex
826 821 879 865 et
928 813 1191 880 prophetat
1236 814 1349 866 sine
1405 814 1505 865 lide
1544 829 1556 863 :
1599 813 1819 867 alterum

294 912 421 967 ergo
476 899 646 951 hzcret
697 915 762 952 ex
820 899 1032 963 altero,
1069 909 1126 952 ut
1164 900 1233 953 sit
1273 915 1336 953 ex
1396 910 1619 969 utroque
1652 901 1824 970 perfe-

294 987 418 1035 clio.
463 984 639 1049 Nulla,
688 987 881 1055 inquit,
912 986 1184 1040 distinctio
1229 996 1310 1041 est
1344 988 1485 1043 inter
1516 987 1731 1043 Iudaeos
1767 999 1822 1044 et

294 1072 531 1134 Grzécos,
560 1088 683 1126 cum
727 1084 932 1128 constet
974 1090 1040 1129 ex
1068 1091 1221 1142 aequo
1248 1091 1436 1129 omnes
1469 1078 1565 1131 sub
1600 1088 1822 1145 peccato

297 1158 466 1210 factos
495 1174 637 1221 esse,
662 1162 799 1214 sicut
827 1177 985 1228 supra
1023 1162 1235 1223 claruit.
1276 1172 1329 1217 et
1366 1180 1507 1217 nunc
1566 1164 1822 1232 justitiam

295 1244 558 1317 Dei,legis
584 1258 638 1302 et
683 1250 1061 1317 prophetarum
1119 1253 1439 1306 testimoniis
1484 1253 1687 1318 fultam,
1724 1270 1820 1323 per

295 1334 452 1387 ﬁdem
489 1336 613 1389 Jesu
646 1336 843 1390 Christi
866 1352 928 1391 ex
961 1354 1115 1407 aequo
1155 1342 1401 1396 omnibus
1431 1343 1626 1396 datam.
1655 1343 1732 1397 Ex
1758 1359 1822 1399 eo

292 1422 432 1490 quod
462 1436 650 1476 omnes
677 1426 774 1477 sub
818 1436 1035 1493 peccato
1061 1426 1191 1480 facti
1256 1428 1485 1492 fuerant.
1512 1431 1671 1485 alieni
1700 1434 1819 1488 sine

293 1510 455 1564 dubio
484 1512 657 1566 effecti
684 1524 808 1566 sunt
834 1515 994 1567 etiam
1023 1530 1051 1568 a
1074 1516 1237 1584 gloria
1262 1517 1374 1580 Dei,
1410 1521 1550 1586 quod
1581 1536 1698 1574 eam
1723 1537 1822 1577 nec

293 1614 491 1666 aspere
519 1601 629 1655 ullo
659 1617 855 1669 genere
884 1612 1147 1671 poterant,
1173 1619 1272 1659 nec
1315 1608 1529 1662 mereri.
1552 1608 1822 1674 Quomodo

290 1690 436 1741 enim
469 1699 726 1757 peccator
759 1692 976 1746 auderet
999 1692 1128 1745 dare
1159 1692 1378 1761 gloriam
1414 1695 1540 1757 Deo,
1567 1696 1633 1748 ad
1661 1712 1817 1765 quem

1920 554 2034 606 dem
2077 555 2128 606 in
2157 556 2412 622 sanguine
2435 558 2566 623 ejus,
2595 561 2659 611 ad
2683 562 3036 614 ostensionem
3062 559 3279 624 justitia:
3298 579 3427 627 suze,

1920 657 2013 708 per
2034 642 2142 712 (73)
2176 644 2539 699 remissionem
2571 649 2972 714 prmeedentium
3006 649 3427 715 delictoruni,'in

1918 733 2353 787 sustentationem
2399 736 2511 798 Dei,
2563 738 2626 789 ad
2663 739 3013 792 ostensionem
3051 738 3265 806 justitia:
3318 742 3431 809 ejus

1919 818 1972 872 in
1994 820 2094 873 hoc
2116 831 2379 888 tempore:
2401 833 2459 875 ut
2478 823 2546 877 sit
2566 825 2675 891 ipse
2691 824 2890 892 justus,
2910 826 3265 891 etjnstilicaus
3287 845 3428 895 cum,

1916 908 2003 974 qui
2035 923 2100 961 ex
2131 908 2231 961 llde
2255 917 2336 962 est
2360 907 2484 963 Jesu
2520 909 2713 963 Christi
2742 911 2807 966 “.
2846 931 2864 963 ι
2896 912 3025 966 Cum
3066 913 3227 966 multa
3258 930 3351 967 nos
3379 926 3431 968 et

1918 994 2224 1047 admiranda
2256 997 2520 1051 docuisset
2544 1008 2758 1051 sanctus
2806 1000 3089 1068 Apostolus
3116 1002 3180 1054 de
3212 1002 3431 1055 Domino

1918 1093 2101 1136 nostro
2140 1082 2260 1137 Jesu
2291 1084 2522 1149 Christo,
2560 1102 2679 1155 qua:
2707 1103 2803 1156 per
2827 1091 3133 1157 mysterium
3164 1093 3227 1142 de
3260 1107 3324 1145 eo
3355 1092 3435 1143 di-

1924 1175 2135 1227 cuntur,
2157 1167 2254 1218 hoc
2281 1169 2331 1219 in
2351 1168 2465 1220 loco
2482 1171 2798 1221 eminentius
2822 1172 3017 1236 aliquid
3047 1172 3280 1239 protulit,
3297 1174 3434 1240 quod

1923 1269 2026 1304 non
2062 1254 2216 1307 facile
2245 1256 2297 1307 in
2330 1255 2448 1309 aliis
2474 1257 2761 1323 Scriptura:
2787 1258 2915 1310 locis
2935 1259 3166 1314 arbitror
3187 1261 3431 1315 inveniri.

1926 1340 2056 1406 Nam
2088 1358 2205 1396 cum
2235 1346 2480 1412 superius
2514 1346 2751 1408 dixisset,
2785 1349 2921 1416 quod
2956 1364 3051 1416 pro
3073 1350 3215 1403 omni
3241 1364 3441 1419 genere

1924 1430 2154 1486 humano
2188 1435 2601 1502 redemptionem
2634 1438 2969 1503 semetipsum
2997 1437 3245 1498 dedisset,
3263 1447 3319 1489 ut
3343 1452 3439 1490 eos

1917 1519 2012 1587 ἰιιιί
2060 1521 2111 1573 in
2149 1534 2482 1590 peccatorum
2522 1526 2825 1591 captivitate
2854 1527 3165 1579 tenebantur
3204 1526 3431 1580 redime-

1925 1621 2001 1664 ret
2016 1610 2079 1673 ",
2097 1611 2217 1662 dum
2237 1629 2255 1660 ι
2275 1612 2389 1662 sine
2410 1612 2514 1663 Deo
2532 1627 2624 1677 pro
2636 1613 2877 1665 omnibus
2892 1626 3113 1669 mortem
3131 1627 3302 1685 gustat
3321 1619 3366 1649 "
3382 1634 3392 1667 :
3408 1636 3428 1669 ι

1919 1709 2058 1746 nunc
2078 1694 2221 1746 addit
2256 1692 2453 1761 aliquid
2480 1691 2781 1754 sublimius,
2808 1702 2861 1745 et
2881 1691 3029 1754 dicit,
3048 1691 3170 1756 quia
3192 1707 3214 1740 ι
3245 1705 3435 1757 propo-

290 1778 428 1830 dicit
479 1778 745 1843 Propheta
777 1797 790 1832 :
826 1799 845 1832 ι
895 1781 1165 1836 Peccatori
1222 1793 1398 1838 autem
1457 1785 1592 1840 dixit
1637 1763 1777 1841 Deus
1803 1802 1820 1840 :
1851 1763 1894 1820 Β
1924 1783 2030 1835 suit
2057 1794 2176 1836 eum
2203 1782 2339 1835 Deus
2360 1782 2784 1848 propitiationetn
2810 1794 2901 1846 per
2922 1779 3076 1832 fidem
3103 1780 3154 1831 in
3180 1779 3437 1848 sanguine

293 1866 475 1930 Quare
507 1877 560 1920 tu
585 1883 811 1921 enarras
833 1868 1071 1937 justitias
1087 1874 1321 1927 meas“?
1354 1892 1372 1925 ι
1407 1874 1473 1928 Ει
1510 1876 1697 1930 iterum
1721 1878 1821 1931 alia

292 1953 578 2022 Scriptura
617 1958 746 2011 dicit
776 1973 791 2009 :
820 1975 841 2009 ι
875 1959 987 2013 Non
1016 1970 1095 2014 est
1133 1963 1371 2030 speciosa
1401 1965 1512 2017 laus
1543 1965 1629 2017 Dei
1659 1966 1709 2018 in
1734 1980 1825 2018 ore

290 2046 598 2111 peccatoris
626 2044 690 2097 δ’.
730 2064 750 2098 ι
791 2047 991 2102 Idcirco
1025 2049 1225 2118 justitia
1267 2051 1356 2105 Dei
1383 2068 1473 2121 per
1503 2052 1654 2106 fidem
1698 2054 1823 2108 Jesu

289 2133 499 2186 Christi
528 2135 596 2186 ad
621 2149 806 2188 omnes
826 2138 1138 2204 perveniens
1156 2140 1244 2207 qui
1275 2139 1514 2203 credunt,
1535 2143 1645 2195 sive
1663 2140 1825 2196 Judaei

288 2222 423 2287 sint,
456 2223 573 2276 sive
621 2223 814 2289 Grieci,
848 2235 1101 2294 purgatos
1130 2242 1225 2283 eos
1251 2243 1282 2282 a
1318 2231 1587 2296 prioribus
1615 2233 1828 2285 sceleri-

290 2311 393 2366 bus
422 2312 717 2380 justificat,
764 2322 819 2367 et
866 2329 1093 2384 capaces
1120 2318 1249 2371 facit
1278 2319 1457 2386 gloriae
1483 2319 1574 2373 Dei
1604 2336 1620 2376 :
1648 2331 1702 2374 et
1731 2323 1828 2375 hoc

291 2416 400 2479 non
430 2416 496 2455 ex
526 2403 733 2457 meritis
758 2418 966 2467 eorum,
990 2421 1089 2460 nec
1124 2422 1223 2475 pro
1261 2410 1512 2476 aperibus
1555 2410 1703 2474 facit,
1735 2415 1827 2466 sed

289 2491 469 2558 gratis
520 2492 743 2559 gloriam
773 2495 1113 2548 credentibus
1146 2496 1257 2565 (70)
1286 2507 1521 2563 praestat.
1559 2515 1580 2550 ι
1611 2499 1711 2553 Per
1742 2515 1827 2555 re-

289 2580 686 2647 demptionem,
716 2581 910 2650 inquit,
942 2601 1059 2653 qua;
1081 2595 1159 2639 est
1190 2587 1242 2638 in
1278 2588 1488 2641 Christo
1510 2587 1655 2643 Jesn.
1686 2608 1707 2641 ι
1740 2590 1829 2643 Vi-

290 2668 523 2721 deamus
557 2670 820 2724 attentius
846 2672 973 2737 quid
1001 2672 1102 2725 sibi
1133 2675 1254 2728 velit
1283 2676 1573 2740 redemptio
1598 2692 1716 2744 qua:
1745 2689 1827 2733 est

292 2754 346 2807 in
380 2755 609 2809 Christo
647 2757 792 2812 Jesu.
822 2758 1133 2829 Redemptio
1178 2763 1372 2816 dicitur
1425 2764 1476 2817 id
1508 2767 1646 2832 quod
1675 2766 1831 2820 datur

290 2843 547 2899 hostibus
585 2860 685 2913 pro
730 2847 814 2900 his
859 2862 992 2915 quos
1026 2849 1077 2900 in
1120 2850 1430 2917 captivitate
1463 2852 1737 2917 detinent,
1773 2865 1833 2909 ut

291 2951 387 2989 eos
424 2937 714 2990 restituant
762 2938 997 3005 pristina:
1029 2938 1283 2993 libertati.
1331 2941 1679 2995 Detinebatur
1705 2959 1833 3013 ergo

288 3026 441 3093 apud
467 3026 581 3095 (71)
609 3027 789 3081 hostes
823 3027 1037 3080 humani
1081 3031 1290 3096 generis
1314 3031 1586 3096 captivitas
1617 3042 1831 3101 peccato

289 3121 554 3184 tanquam
590 3116 729 3169 bello
759 3124 1033 3183 superata:
1055 3117 1196 3169 venit
1220 3117 1381 3171 Filius
1401 3119 1489 3174 Dei
1513 3137 1533 3170 ι
1552 3122 1642 3188 qui
1666 3121 1831 3175 factus

285 3214 374 3256 est
402 3204 565 3256 nobis
590 3222 610 3256 ι
646 3220 749 3258 non
785 3205 956 3257 solum
983 3221 1003 3254 ι
1037 3206 1297 3273 sapientia
1320 3222 1348 3258 a
1381 3207 1507 3273 Deo,
1531 3209 1830 3276 etjustitia,

290 3303 345 3346 ct
380 3291 770 3356 sanctificatio,
803 3312 821 3345 ι
845 3295 936 3348 sed
972 3312 991 3345 ι
1021 3304 1076 3349 et
1100 3296 1392 3365 redemptio
1420 3297 1464 3329 ³ο
1488 3314 1501 3351 :
1523 3315 1541 3349 ι
1571 3307 1623 3351 et
1643 3309 1833 3361 semet-

288 3381 472 3449 ipsum
529 3383 674 3434 dedit
726 3382 1174 3450 redemptionem,
1239 3385 1291 3438 id
1362 3394 1441 3440 est
1494 3388 1831 3456 semetipsum

290 3471 548 3523 hostibus
582 3471 820 3533 tradidit,
873 3487 934 3524 ac
965 3473 1265 3526 sitientibus
1307 3473 1386 3526 eis
1434 3488 1586 3527 suum
1624 3477 1835 3547 sangui-

288 3575 422 3612 nem
455 3558 594 3613 fudit
620 3575 637 3612 :
672 3570 727 3613 et
749 3561 859 3614 haec
883 3572 963 3615 est
987 3563 1326 3618 credentibus
1355 3564 1492 3615 facta
1523 3566 1831 3633 redemptio,

290 3652 443 3703 sicut
492 3659 546 3703 et
585 3649 775 3704 Petrus
822 3650 875 3703 in
930 3650 1165 3719 Epistula
1208 3665 1303 3705 sua
1354 3653 1574 3719 scribit,
1603 3656 1828 3709 dicens:

295 3755 318 3789 ι
354 3737 499 3805 Quia
539 3753 648 3792 non
687 3741 1019 3812 corruptibili
1050 3748 1271 3809 argento
1297 3741 1378 3794 vel
1417 3757 1549 3794 auro
1581 3743 1834 3812 redempti

288 3830 455 3889 estis,
483 3829 578 3882 sed
610 3828 846 3896 pretioso
883 3809 1139 3898 sanguine
1162 3830 1418 3897 unigeniti
1441 3830 1560 3885 Filii
1588 3833 1675 3886 Dei
1705 3809 1776 3885 ἰζ
1812 3851 1832 3884 ι

289 3914 413 3969 Hoc
443 3915 693 3969 fortassis
730 3925 784 3970 et
805 3917 1052 3971 Salomon
1092 3918 1190 3972 sub
1223 3920 1471 3988 mysterio
1504 3921 1833 3990 designabat,

290 4006 532 4059 dicens:
580 4022 601 4056 ι
657 4005 972 4074 Redemptio
1025 4007 1217 4059 animat
1245 4008 1346 4060 viri
1385 4009 1610 4077 propriae
1640 4011 1835 4065 divitiae

288 4094 421 4157 ejus
447 4094 515 4148 ⁸⁸.
549 4113 569 4146 ι
598 4093 654 4147 Si
682 4095 823 4147 enim
851 4097 1088 4164 requiras
1108 4112 1224 4165 qua:
1247 4098 1354 4149 sint
1386 4099 1578 4153 animae
1609 4101 1836 4169 pr0pria

287 4179 530 4242 divitiae,
562 4180 805 4235 invenies
833 4182 1144 4251 sapientiam
1175 4184 1386 4239 divitias
1436 4187 1551 4255 ejus
1591 4203 1732 4251 esse,
1781 4198 1836 4242 et

278 4269 588 4333 justitiam,
606 4280 662 4323 et
682 4271 1177 4327 sanctificationem.
1194 4273 1315 4328 Haec
1335 4285 1508 4328 autem
1532 4279 1709 4330 omnia
1724 4276 1833 4348 (72)

1926 1870 2137 1940 ipsius:
2170 1888 2189 1922 ι
2232 1884 2336 1938 quo
2387 1870 2592 1923 scilicet
2643 1883 2735 1937 per
2781 1869 3005 1920 hostiam
3057 1868 3139 1920 sui
3195 1868 3439 1934 corporis

1924 1959 2204 2027 propitium
2248 1958 2546 2012 hominibus
2614 1957 2810 2010 faceret
2854 1955 3039 2018 Deum,
3095 1966 3151 2009 et
3194 1972 3285 2024 per
3338 1957 3438 2023 hoc

1924 2050 2228 2103 ostenderet
2251 2047 2509 2115 justitiam
2536 2062 2708 2107 suam,
2731 2047 2853 2098 dum
2880 2046 2957 2098 eis
2984 2045 3273 2098 remitteret
3301 2060 3436 2111 prie-

1925 2141 2167 2193 cedentia
2208 2140 2420 2201 delicta,
2463 2152 2580 2205 qua:
2614 2137 2857 2205 pessimis
2899 2135 3134 2203 tyrannis
3159 2136 3438 2187 serviendo

1923 2237 2301 2283 contraxerant
2326 2244 2391 2282 eo
2419 2238 2652 2295 tempore
2673 2241 2776 2294 quo
2806 2224 3096 2277 sustinebat
3127 2235 3181 2276 et
3207 2223 3441 2291 patieba-

1922 2323 2010 2369 tur
2034 2319 2172 2370 Deus
2197 2319 2308 2370 hazc
2339 2318 2476 2370 fieri.
2519 2316 2621 2369 Sed
2651 2316 2717 2368 ad
2742 2315 2843 2367 hoc
2874 2314 3192 2381 patiebatur,
3219 2322 3277 2366 ut
3320 2321 3441 2380 post

1925 2408 2057 2467 haec,
2093 2407 2143 2459 id
2162 2418 2242 2460 est
2278 2407 2329 2458 in
2356 2407 2456 2459 hoc
2479 2415 2716 2472 tempore
2733 2402 3438 2471 (74),ostenderetjustitiam

1926 2510 2098 2548 suam.
2132 2495 2185 2548 In
2210 2494 2664 2549 consummatione
2696 2494 2890 2546 etenim
2920 2492 3122 2556 saeculi,
3158 2492 3208 2544 in
3260 2493 3441 2544 novis-

1924 2586 2060 2639 simo
2088 2595 2327 2652 tempore
2357 2582 2710 2637 manifestavit
2740 2580 2876 2633 Deus
2900 2580 3160 2649 justitiam
3190 2596 3360 2641 suam,
3388 2590 3447 2634 et

1932 2676 2351 2743 redemptionem
2376 2674 2522 2726 dedit
2551 2688 2669 2725 eum
2691 2685 2845 2736 quem
2872 2671 3267 2738 pt-Opitiatorent
3296 2670 3437 2724 fecit:

1926 2780 1991 2818 ne
2023 2765 2159 2817 forte
2190 2764 2236 2816 si
2264 2764 2411 2833 prius
2447 2763 2846 2832 propitiatorem
2887 2762 3153 2821 misisset,
3201 2775 3300 2812 non
3336 2770 3455 2811 tam.

1926 2854 2122 2906 multos
2150 2853 2363 2906 humani
2387 2854 2594 2919 generis
2622 2850 3016 2919 repropitiasset
3044 2850 3170 2912 Deo,
3205 2864 3362 2917 quam
3388 2848 3448 2900 in

1927 2944 2015 2998 his
2052 2944 2374 3013 temporibus
2405 2944 2597 3012 quibus
2620 2942 2731 3011 jam
2766 2941 2991 2995 mundus
3034 2941 3264 3008 repletus
3295 2939 3444 2991 vide-

1931 3042 2019 3086 tur
2048 3034 2369 3087 hominibus.
2415 3035 2550 3086 Deus
2572 3034 2710 3086 enim
2732 3034 2905 3101 justus
2931 3041 3031 3092 est.
3067 3040 3123 3083 et
3166 3030 3341 3097 justus
3357 3028 3445 3096 ju-

1931 3124 2166 3178 stificare
2209 3137 2310 3175 non
2342 3131 2546 3191 poterat
2579 3122 2804 3191 injustos
2842 3120 2949 3190 (75)
2978 3136 2991 3171 :
3027 3119 3143 3171 ideo
3174 3118 3441 3169 interven—

1931 3221 2041 3267 tum
2088 3211 2252 3264 voluit
2294 3226 2412 3264 esse
2460 3211 2844 3278 propitiatoris,
2888 3218 2945 3261 ut
2991 3221 3084 3274 per
3130 3207 3245 3273 ejus
3287 3205 3443 3258 fidem

1928 3298 2350 3365 justifiearentur
2374 3299 2462 3365 qui
2494 3312 2590 3365 per
2616 3314 2775 3367 opera
2806 3296 3015 3367 propria
3039 3294 3316 3362 justilicari
3340 3308 3453 3347 non

1930 3397 2201 3458 poterant.
2227 3378 2369 3454 Haec,
2401 3398 2652 3456 quantum
2678 3388 2740 3442 ad
2771 3387 3031 3442 sermonis
3074 3386 3237 3455 ipsius
3263 3385 3447 3453 expla-

1932 3476 2196 3531 nationem
2232 3487 2498 3546 spectant,
2554 3477 2824 3545 praemissa
2874 3474 2999 3537 sint,
3053 3482 3109 3527 ut
3158 3475 3449 3541 apostolica

1934 3564 2092 3618 lectio
2115 3563 2411 3616 evidentior
2454 3562 2563 3616 fiat.
2592 3560 2745 3614 Nunc
2772 3568 2970 3622 autem,
2999 3568 3056 3612 ut
3090 3558 3243 3612 nobis
3283 3557 3465 3609 moris

1932 3661 2035 3718 est,
2071 3652 2195 3721 quid
2226 3652 2443 3705 interior
2468 3665 2656 3705 sensus
2691 3650 2963 3719 apostolici
2988 3648 3248 3702 sermonis
3276 3646 3449 3699 conti—

1933 3751 2053 3793 neat
2070 3740 2401 3809 requiramus
2422 3755 2437 3803 ;
2453 3747 2508 3793 et
2523 3739 2691 3806 primo
2711 3738 2945 3791 omnium
2968 3737 3232 3805 quomodo
3247 3736 3467 3787 dictum

1935 3829 2003 3882 sit
2031 3846 2044 3881 :
2074 3845 2091 3878 ι
2127 3828 2293 3892 Quem
2322 3827 2595 3895 proposuit
2647 3826 2786 3878 Deus
2834 3821 3256 3890 pr0pitiatorium
3313 3820 3449 3886 (sive

1939 3913 2359 3984 propitiatorem)
2395 3928 2486 3981 per
2526 3913 2680 3967 fidem
2723 3913 2774 3965 in
2825 3911 3079 3979 sanguine
3103 3910 3237 3976 ejus.
3270 3926 3298 3958 ι
3321 3908 3452 3961 Cer-

1936 4016 2043 4057 tum
2070 4004 2225 4059 estin
2253 4003 2500 4057 omnibus
2531 4016 2663 4072 pene
2695 4001 2826 4054 locis
2855 3998 3093 4068 Apostoli
3141 4011 3350 4052 sensum
3381 4009 3457 4047 ex

1935 4099 2068 4166 legis
2094 4106 2148 4150 et
2201 4094 2580 4165 prophetarum
2614 4105 2832 4145 manare
2876 4090 3161 4144 thesauris.
3213 4088 3452 4156 lnquira~

1936 4202 2053 4241 mus
2073 4200 2202 4256 ergo
2232 4185 2321 4238 ubi
2348 4183 2752 4251 appellationem
2777 4179 3133 4252 pr0pitiatorii
3161 4177 3448 4238 invenerit,

1936 4285 1987 4330 et
2014 4276 2154 4329 unde
2183 4274 2282 4328 hoc
2312 4288 2501 4328 nomen
2525 4274 2891 4339 assumpserit.
2944 4269 3158 4325 Memini
3186 4269 3238 4322 in
3266 4267 3467 4320 Exodo

284 4358 582 4411 Christum
609 4372 730 4413 esse
771 4359 901 4413 dicit
924 4359 1207 4428 Apostolus
1231 4363 1295 4415 ⁸⁸.
1328 4364 1572 4419 Christus
1595 4380 1723 4435 ergo
1752 4376 1835 4420 est
1865 4365 1908 4418 D
1937 4365 2230 4433 loquentem
2248 4362 2521 4415 Dominum
2536 4362 2601 4414 ad
2613 4360 2852 4428 Moysen,
2873 4359 3454 4428 etpraecipientemquae

285 4454 498 4507 anima:
522 4453 742 4517 divitiae,
762 4462 816 4506 et
843 4453 958 4508 ideo
986 4455 1097 4522 ipse
1124 4466 1204 4509 est
1231 4457 1519 4525 redemptio
1543 4460 1673 4526 ejus.
1702 4457 1834 4510 Nam

281 4543 620 4610 corporales
674 4543 873 4596 divitiae
928 4543 1189 4609 pernicies
1228 4547 1395 4610 magis
1449 4547 1634 4599 animat
1677 4561 1832 4613 quam

288 4632 606 4699 redemptio
635 4630 752 4698 ejus
778 4646 893 4684 esse
921 4633 1196 4686 credenda:
1233 4643 1377 4695 sunt,
1406 4634 1504 4687 nisi
1537 4635 1600 4687 ad
1643 4636 1834 4687 bonum

283 4734 443 4787 opus
496 4734 777 4773 conversa:
826 4720 1049 4787 justitia:
1082 4731 1135 4774 et
1177 4723 1553 4776 misericordia:
1594 4723 1738 4785 fiant,
1780 4733 1834 4775 et

284 4822 366 4860 ex
405 4807 777 4877 corporalibus
814 4808 1014 4864 divitiis
1040 4811 1106 4863 ad
1140 4810 1330 4863 anima:
1367 4811 1580 4863 divitias
1608 4810 1834 4868 transfe-

284 4906 518 4952 rantur.

368 5010 426 5043 ⁸⁸
454 5009 596 5063 Psal.
628 5025 771 5070 nix,
796 5008 881 5061 l6.
955 5010 999 5041 δ’
1025 5008 1183 5061 Eccli.
1208 5022 1294 5067 xv.
1319 5008 1369 5061 9.
1443 5008 1492 5038 ”
1513 5008 1663 5061 lCor.
1689 5025 1724 5070 i,
1742 5009 1830 5060 50.
1904 5009 1946 5038 “
1980 5007 2160 5062 iPetr.
2188 5022 2226 5067 ι,
2251 5007 2337 5061 18.

1035 5076 1081 5107 ⁸⁸
1108 5075 1259 5128 Rom.
1292 5090 1375 5139 ιιι,
1395 5078 1494 5140 24;
1520 5077 1536 5127 l
1574 5075 1711 5129 Tim.
1750 5093 1803 5132 tt.
1833 5077 1884 5130 6.
1956 5078 2001 5109 "
2028 5077 2187 5131 Hebr.
2214 5090 2273 5140 tt,
2299 5075 2351 5127 9.
2426 5073 2467 5104 ⁸⁷
2491 5072 2655 5126 Exod.
2686 5088 2808 5134 xxv,
2840 5072 2902 5123 l0
2935 5084 3043 5134 seq.

282 5081 341 5111 “
390 5079 554 5133 Rom.
586 5092 669 5144 ιιι,
690 5077 782 5142 25,
806 5077 895 5130 26.

372 5187 493 5255 (68)
529 5186 694 5253 Editi,
730 5203 752 5238 ι
784 5186 901 5255 quia
935 5186 1239 5255 manifestat
1271 5185 1334 5237 ile
1352 5185 1555 5254 justitia
1583 5186 1734 5255 Dei.)

370 5252 497 5319 (59)
526 5255 640 5316 AL,
670 5272 690 5305 ι
723 5253 816 5307 sed
846 5254 1008 5321 legem
1033 5252 1222 5320 posuit.
1261 5269 1278 5300 ι

374 5324 495 5392 (70)
523 5320 1070 5392 ῥηάεηζὶὺιισζῡιεθει
1104 5321 1153 5371 in
1182 5330 1336 5392 antea
1371 5320 1552 5392 editis.

375 5387 497 5456 (71)
539 5388 877 5443 Detinebatur
917 5405 1034 5454 ergo
1068 5388 1226 5451 apud.
1271 5387 1383 5452 AL,
1435 5405 1453 5438 ι
1497 5387 1840 5442 Detinehatur

285 5472 367 5509 an
400 5460 474 5509 ul.
506 5476 525 5509 r
1518 5467 1520 5470 ’

328 5474 384 5575 ν.
400 5474 744 5593 ζὲἓίυηιηεα.
778 5520 832 5573 1η
850 5522 1014 5574 editis
1036 5519 1314 5593 omittitur.

373 5586 500 5665 (75)
534 5592 711 5655 Alias,
749 5605 769 5639 ι
797 5604 949 5655 quem
981 5586 1248 5655 proposuit
1281 5588 1422 5641 Deus
1445 5588 1843 5657 propitiatorem

1936 4460 2208 4523 oporteret
2233 4466 2353 4506 eum
2386 4451 2584 4513 facere,
2634 4451 2807 4517 primo
2851 4449 3059 4516 quidem
3091 4445 3340 4498 mandare
3367 4458 3454 4495 ar-

1940 4558 2080 4608 eam,
2109 4551 2164 4596 et
2190 4550 2367 4596 vectes
2391 4542 2505 4609 ejus
2538 4548 2695 4607 atque
2718 4539 2944 4593 annulus
2970 4539 3077 4607 {per
3117 4552 3254 4590 arca:
3288 4535 3453 4586 latera

1940 4633 2050 4685 fieri
2073 4632 2147 4696 ⁸⁷;
2189 4639 2308 4698 post
2345 4630 2494 4683 haec:
2531 4647 2549 4681 ι
2581 4629 2646 4683 Et
2687 4628 2868 4691 facies,
2915 4628 3106 4694 inquit,
3138 4624 3456 4694 propitiato-

1938 4718 2071 4770 rium
2103 4733 2168 4771 ex
2199 4731 2328 4770 auro
2363 4730 2513 4785 puro,
2544 4716 2675 4770 duos
2722 4715 2928 4769 cubitos
2951 4724 3007 4768 et
3034 4714 3195 4766 semis
3225 4708 3454 4775 longitu-

1937 4806 2110 4860 dinem
2136 4804 2271 4871 ejus,
2301 4814 2354 4859 et
2384 4820 2541 4857 unum
2582 4806 2814 4858 cubitum
2844 4812 2897 4856 et
2936 4803 3094 4856 semis
3120 4797 3465 4850 latitudinem.

1940 4895 2075 4962 ejus.
2105 4894 2173 4948 Et
2199 4894 2365 4947 facies
2389 4894 2494 4946 duo
2522 4893 2777 4945 cherubin
2821 4890 2982 4960 514
3027 4901 3184 4941 aurea
3217 4892 3469 4944 tornata,

2478 5005 2693 5058 "Prov.
2728 5019 2844 5061 χιιι.
2871 5004 2923 5055 8.
3032 4999 3125 5049 "‘l
3154 4995 3277 5048 Cor.
3307 4993 3456 5056 t,30.

1944 5204 2038 5257 per
2068 5188 2219 5242 fidem
2246 5187 2299 5239 in
2317 5198 2622 5249 sanguinem
2654 5181 2839 5249 ipsius,
2879 5181 2942 5234 ad
2971 5173 3331 5233 ostensionem
3363 5170 3471 5237 ju-

1944 5259 2115 5333 ειίὲὶπὲ.
2130 5270 2258 5333 ερὲεἷτ
2274 5262 2519 5333 impii?
2546 5260 2724 5333 ,’..°‘°'
2760 5330 2782 5333 Δ
2796 5330 2813 5333 _

2014 5306 2327 5404 (vitijvliiditi.
2357 5306 2731 5404 «'Sed'adhuc‘
2758 5314 3073 5383 patiebatur,
3106 5319 3163 5360 ut
3199 5316 3317 5375 post
3344 5306 3487 5364 ἣξει)

1946 5391 2082 5444 idem
2105 5391 2154 5442 in
2184 5391 2280 5440 hoc
2313 5397 2568 5451 tempore,
2597 5402 2614 5433 ι
2650 5396 2753 5438 etc.

2016 5459 2123 5525 (75)
2166 5444 2540 5522 InjustosIMs.
2557 5444 2738 5507 Scodex
2760 5446 3115 5503 Vallis-clara:
3140 5444 3303 5496 habet
3320 5458 3340 5492 ι
3366 5445 3497 5495 nisi.

1946 5528 2178 5593 injnslos.
2206 5542 2223 5571 ι
