3836 6272
379 331 479 385 9L7

1775 312 2084 372 ORIGENIS

3511 303 3606 362 948

380 452 432 497 et
457 451 777 508 superpones
799 450 859 490 ea
876 449 971 504 per
988 434 1191 504 singula
1205 434 1370 488 latera
1387 425 1736 504 propitiatorii
1758 429 1893 499 (76):
1925 431 1968 485 Α
1999 439 2156 492 supra
2183 426 2314 478 duos
2342 423 2550 478 cubitos
2579 419 2789 474 habere
2833 402 3462 508 anquiddcsignatur,
3486 413 3604 472 licet

382 545 538 582 unum
567 525 817 580 cherubin
839 539 901 578 ex
931 523 1099 577 latere
1128 526 1259 587 hoc;
1291 533 1345 578 et
1373 521 1516 574 aliud
1539 520 1792 575 cherubin
1827 534 1891 572 ex

378 620 540 670 latere
591 614 759 667 altero
796 612 1193 680 propitiatorii:
1235 620 1290 665 et
1333 610 1497 664 facies
1533 618 1590 661 ut
1635 607 1889 662 cherubin

374 705 478 756 duo
501 702 607 755 sint
629 715 694 754 ex
723 699 927 754 duobus
972 698 1226 754 lateribus
1269 698 1382 764 ejus
1405 696 1743 752 extendentia
1777 696 1891 748 alas

373 806 517 852 suas,
539 799 589 844 et
611 788 980 843 obumbrantia
1006 803 1166 854 super
1189 786 1608 854 propitiatorium
1626 799 1638 834 :
1654 793 1704 836 et
1731 782 1890 836 facies

371 895 477 933 sua:
509 888 693 933 contra
723 891 780 932 se
804 892 961 946 super
987 875 1414 945 prepitiatorium
1440 882 1614 929 erunt.
1637 874 1704 927 Et
1725 873 1888 926 facies

368 968 646 1033 cherubin,
678 978 731 1020 et
757 968 995 1035 impoues
1021 965 1441 1034 pr0pitiatorium
1486 980 1644 1031 super
1685 979 1886 1026 arcam,

366 1070 420 1110 et
449 1058 498 1110 in
529 1072 708 1112 arcam
752 1057 927 1110 mittes
977 1057 1277 1110 testimonia
1324 1071 1441 1125 quae
1483 1057 1621 1110 dabo
1662 1056 1756 1109 tibi
1788 1070 1804 1108 :
1833 1064 1886 1109 et

352 1146 695 1202 vinnotescam
731 1147 840 1216 (77)
875 1147 969 1200 tibi
997 1147 1136 1211 inde,
1155 1157 1208 1200 et
1233 1147 1421 1214 loquar
1453 1148 1516 1198 ad
1541 1154 1591 1199 te
1612 1146 1882 1197 desursum

363 1253 522 1305 super
547 1237 970 1305 prapitiatorium
1007 1236 1146 1288 inter
1180 1236 1408 1288 medium
1443 1235 1662 1288 duorum
1694 1234 1884 1286 cheru-

362 1330 449 1380 hin
483 1344 600 1395 qua:
629 1338 753 1382 sunt
787 1343 947 1395 super
979 1342 1158 1380 arcam
1211 1327 1539 1387 testamenti,
1592 1327 1878 1379 secundum

362 1415 538 1469 omnia
577 1415 682 1485 (78)
712 1430 827 1484 quae
870 1415 1168 1483 praecipiam
1198 1413 1290 1468 tibi
1313 1413 1375 1465 ad
1407 1412 1539 1466 filios
1567 1411 1727 1466 Israel
1757 1412 1824 1464 ".
1857 1429 1876 1462 ι

367 1505 649 1558 Evidenter
675 1515 893 1574 apparet
927 1501 1290 1571 quod'nonten
1343 1503 1692 1571 propitiatorii
1740 1502 1882 1569 Apo-

361 1592 528 1646 stolus
556 1593 608 1646 in
640 1592 722 1646 his
767 1592 905 1646 locis
926 1593 1216 1658 inventum,
1261 1592 1312 1645 in
1337 1591 1448 1644 suis
1493 1606 1634 1642 nunc
1661 1590 1879 1643 Litteris

356 1681 531 1747 posuit
553 1680 618 1733 de
656 1694 760 1747 quo
782 1681 934 1734 nobis
962 1694 1136 1734 sermo
1171 1690 1272 1735 est.
1301 1679 1366 1732 Et
1389 1679 1598 1732 videtur
1626 1671 1884 1748 propitiaJ

1991 518 2162 570 minus
2199 516 2386 570 tribus.
2434 513 2538 567 Sed
2582 509 2820 579 etquod
2873 505 3129 560 latitudo
3173 503 3301 572 ejus
3351 521 3520 558 unum
3553 519 3606 562 et

1989 606 2266 659 dimidium
2310 612 2640 657 memoratur
2678 600 2945 654 cubitum
2990 596 3259 659 habere,
3319 604 3608 664 propterea

1988 695 2202 763 quidem
2229 693 2292 748 de
2324 693 2633 746 monadeae
2663 687 2946 758 singulari
2989 699 3098 738 sua
3123 683 3385 738 statione
3415 686 3608 739 descri-

1987 782 2153 847 bitur,
2182 796 2286 834 non
2325 791 2499 833 tatnen
2537 793 2605 833 ex
2637 787 2754 832 toto
2795 775 2854 830 in
2889 774 3126 828 dualem
3163 787 3489 838 numerum,
3522 775 3606 842 qui

1987 871 2252 924 interdum
2275 870 2436 924 etiam
2467 883 2566 939 pro
2591 865 2896 920 immundis
2912 864 3186 932 ponitur,
3208 865 3466 918 crevisse
3480 864 3606 934 (80).

1985 959 2238 1026 Quamvis
2270 961 2413 1014 enim
2453 973 2673 1013 carnem
2725 966 2951 1011 natura
3002 964 3233 1008 nostra:
3275 957 3607 1023 susceperit,

1984 1064 2047 1100 ex
2078 1049 2492 1102 incontaminata
2528 1057 2708 1101 tamen
2746 1043 2988 1113 Virgine
3021 1052 3362 1110 assumpta,
3387 1052 3440 1096 et
3468 1056 3609 1097 easta

1983 1137 2152 1190 sancti
2203 1136 2435 1204 Spiritus
2478 1136 2798 1202 operatione
2847 1133 3111 1185 formata
3160 1141 3276 1184 est.
3313 1131 3607 1199 Propterea

1981 1239 2106 1294 ergo
2139 1233 2191 1278 et
2231 1224 2515 1293 Apostolus
2559 1227 2626 1277 de
2656 1223 2993 1290 [Mediatore
3019 1221 3358 1282 disserens,
3393 1223 3608 1276 eviden-

1984 1324 2087 1366 tem
2105 1314 2496 1367 distinctionem
2529 1312 2795 1380 signavit,
2820 1310 3064 1364 dicens:
3093 1327 3117 1358 ο
3152 1308 3437 1362 Mediator
3457 1311 3545 1362 Dei
3565 1321 3614 1363 et

1981 1404 2250 1456 hominum
2267 1404 2425 1456 homo
2437 1401 2690 1455 Christus
2702 1399 2871 1454 Jesus
2889 1417 2905 1464 ;
2920 1419 2942 1451 ›
2972 1415 3093 1466 quo
3114 1399 3348 1454 scilicet
3366 1402 3614 1455 mediato-

1980 1508 2088 1546 rem
2103 1508 2207 1546 non
2225 1492 2288 1546 ad
2305 1493 2552 1545 deitatem
2568 1490 2799 1556 Christi,
2816 1492 2920 1545 sed
2938 1492 3011 1543 ad
3030 1490 3608 1557 humanitatemque

1976 1589 2057 1633 est
2081 1579 2193 1646 ejus
2225 1578 2424 1639 anima,
2454 1577 2804 1630 referendum
2836 1577 3110 1630 doceret.
3135 1573 3460 1642 Longitudo
3486 1590 3608 1643 ergo

1978 1669 2186 1736 ponitur
2198 1667 2312 1734 ejus
2324 1668 2635 1722 etlatitudo.
2653 1666 2985 1736 Longitudo
3000 1665 3155 1718 illud
3173 1666 3458 1734 significat
3475 1666 3609 1731 quod

359 1771 548 1824 ιοι-ῑυηι
581 1771 700 1835 hoc,
735 1771 797 1823 de
827 1785 932 1837 quo
957 1770 1214 1836 scriptum
1243 1777 1324 1822 est
1352 1770 1401 1822 in
1435 1767 1634 1834 Exodo,
1663 1769 1728 1821 ad
1766 1769 1878 1821 nul-
1911 1730 1952 1786 Β
1982 1759 2144 1812 tendit
2167 1759 2233 1811 ad
2253 1758 2414 1811 Deum
2436 1756 2809 1824 Trinitatique
2838 1757 3117 1809 sociatur
3142 1772 3159 1819 ;
3202 1756 3609 1823 latitudo,quod

362 1860 469 1914 lum
507 1860 608 1914 nisi
657 1862 720 1913 ad
777 1861 1107 1914 Salvatorem
1155 1862 1431 1914 Dominum
1480 1861 1722 1915 retulisse
1756 1877 1875 1916 cum

357 1944 508 2008 dicit,
556 1946 676 2011 quia
711 1946 848 1998 hunc
880 1947 1055 2012 posuit
1089 1965 1106 1996 ι
1139 1947 1276 1999 Deus
1316 1948 1739 2014 propitiatorium
1781 1963 1877 2016 per

355 2033 510 2087 fidem
541 2033 608 2086 ”.
645 2051 664 2084 ι
699 2035 968 2100 Quomodo
1003 2050 1129 2088 sane
1188 2037 1340 2104 hujus
1371 2037 1482 2088 veri
1527 2037 1874 2104 propitiatorii

355 2118 522 2172 forma
554 2130 605 2173 et
629 2121 790 2188 figura
817 2119 973 2172 fuerit
1005 2123 1126 2174 illud
1150 2123 1290 2191 quod
1320 2124 1370 2176 in
1400 2123 1583 2176 Exodo
1611 2125 1874 2178 describi-

355 2216 440 2260 tur
470 2210 515 2238 °°
537 2223 600 2262 ex
626 2223 755 2262 auro
780 2211 1060 2278 purissimo
1101 2213 1316 2278 factum,
1345 2229 1514 2280 opera:
1535 2214 1757 2282 pretium
1795 2224 1876 2269 est

355 2298 691 2367 investigare.
730 2300 795 2352 Et
843 2301 1012 2366 primo
1042 2302 1252 2369 quidem
1289 2303 1724 2356 considerandum
1770 2314 1872 2366 est,

350 2389 543 2456 quibus
591 2389 640 2440 in
675 2388 806 2442 locis
844 2404 1030 2442 aurum
1061 2392 1198 2457 quod
1256 2391 1306 2444 in
1359 2406 1517 2458 opere
1567 2395 1871 2458 assumitur,

352 2491 541 2528 aurum
565 2492 754 2544 purum
787 2477 990 2530 dicatur
1018 2497 1031 2532 :
1069 2479 1263 2544 quibus
1294 2494 1419 2532 vero
1447 2481 1497 2532 in
1532 2479 1661 2534 locis
1684 2497 1872 2535 aurum

351 2565 718 2618 tantummodo
741 2565 857 2618 sine
875 2565 975 2618 ulla
996 2567 1290 2636 adjectione
1308 2577 1552 2634 ponatur.
1571 2569 1720 2633 Quod
1775 2586 1873 2640 ego

355 2652 406 2704 in
437 2651 675 2719 pluribus
709 2653 1019 2721 observans,
1061 2656 1468 2724 deprehendisse
1509 2659 1635 2710 mihi
1668 2660 1870 2724 videor,

355 2741 498 2808 quod
528 2741 693 2796 sicubi
721 2757 837 2796 cum
869 2743 1169 2812 adjectione
1200 2760 1386 2798 aurum
1425 2760 1614 2813 purum
1645 2747 1869 2810 dicitur,

352 2828 812 2884 indicetsanctam
853 2832 996 2885 illam
1026 2840 1081 2886 et
1102 2847 1288 2900 puram
1312 2831 1435 2888 Jesu
1469 2836 1720 2899 animam,
1753 2851 1870 2903 quae

358 2933 381 2968 ο
415 2928 686 2985 peccatum
713 2935 819 2973 non
852 2919 997 2987 fecit,
1030 2935 1126 2975 nec
1147 2922 1390 2976 inventus
1411 2930 1492 2976 est
1517 2923 1666 2976 dolus
1697 2923 1747 2976 in
1771 2939 1869 2978 ore

1977 1850 2113 1902 inter
2133 1850 2372 1903 homines
2392 1850 2482 1917 qui
2509 1849 2676 1900 latam
2695 1846 3152 1914 spatiosatnque
3180 1845 3336 1898 viam
3370 1845 3613 1907 incedere

1980 1940 2174 2004 solent,
2192 1949 2543 1993 conversatur
2566 1958 2578 1992 :
2604 1951 2659 1992 et
2685 1939 2813 1991 ideo
2839 1937 3208 1991 Mediatoris
3229 1945 3386 1990 recte
3403 1935 3610 1989 nomine

1974 2037 2337 2097 nuncupatur,
2381 2029 2530 2096 quia,
2583 2038 2644 2080 ut
2676 2028 2976 2091 diximus,
3036 2028 3245 2081 anima
3283 2029 3403 2080 haec
3434 2035 3607 2078 sancta

1979 2115 2150 2170 media
2186 2118 2402 2186 quidem
2434 2118 2534 2170 fuit
2563 2117 2707 2170 inter
2749 2117 3150 2171 divinitatem
3196 2115 3520 2178 Trinitatis,
3555 2124 3609 2170 et

1973 2205 2316 2276 fragilitatem
2366 2207 2745 2260 humanitatis.
2783 2205 2932 2260 Hac
2971 2221 3130 2274 ergo
3160 2207 3408 2275 intelligi
3445 2214 3608 2273 potest

1973 2295 2419 2362 propitiatorium,
2465 2295 2772 2348 secundum
2826 2311 2896 2348 ea
2950 2310 3095 2364 qua:
3147 2312 3328 2365 supra
3360 2294 3604 2360 diximus,

1971 2383 2055 2436 cui
2077 2382 2361 2450 superponi
2386 2382 2637 2436 dicuntur
2660 2385 2769 2435 duo
2792 2382 3134 2450 cherubin,
3160 2401 3341 2438 unum
3365 2400 3431 2438 ex
3453 2387 3607 2437 latere

1971 2473 2074 2526 hoc
2114 2469 2250 2540 (8i),
2285 2481 2340 2524 et
2379 2485 2543 2522 unum
2585 2485 2651 2525 ex
2682 2470 2870 2525 latere
2926 2473 3137 2528 altero
3168 2474 3245 2528 ⁸³.
3281 2474 3454 2544 Cujus
3485 2486 3603 2542 ergo

1972 2563 2192 2615 formam
2207 2561 2311 2615 duo
2334 2561 2434 2614 ista
2463 2562 2729 2615 cherubin
2753 2561 2992 2618 habere
3021 2567 3428 2620 exiStimanda
3450 2562 3603 2618 sunt?

1970 2651 2234 2706 Cherubin
2274 2651 2416 2703 enim
2451 2651 2507 2703 in
2542 2660 2792 2704 nostram
2841 2653 3131 2722 linguam
3187 2658 3599 2726 interpretatum

1969 2741 2341 2808 plenitudinem
2370 2742 2714 2794 scientiarum
2766 2743 3116 2810 signiﬁcat.
3172 2747 3284 2803 Ubi
3327 2761 3458 2815 ergo
3478 2745 3599 2798 dici-

1971 2846 2086 2884 mus
2115 2829 2495 2898 plenitudinem
2539 2831 2957 2898 scientiarum,
3007 2836 3130 2889 nisi
3174 2837 3233 2890 in
3281 2852 3352 2890 eo
3392 2837 3458 2888 de
3499 2849 3596 2902 quo

1969 2919 2097 2973 dicit
2131 2918 2458 2986 Apostolus:
2491 2935 2511 2968 t
2551 2919 2607 2972 In
2655 2935 2768 2988 quo
2804 2933 2953 2976 sunt
2991 2938 3219 2980 omnes
3254 2926 3492 2980 thesauri
3526 2940 3598 2976 sa-

349 3007 464 3074 ejus
490 3010 532 3040 "
566 3026 580 3061 :
621 3028 642 3062 ι
671 3019 724 3064 et
756 3010 854 3078 ipsi
900 3011 1216 3065 conveniant
1247 3027 1507 3066 mensura:
1538 3013 1654 3066 ista:
1694 3014 1866 3084 longi-
1893 3031 1936 3087 ε
1970 3007 2181 3072 ρίθηιὶω
2202 3007 2509 3060 elSCicllliae
2529 3009 2970 3064 abscondili“?
3020 3031 3042 3064 ι
3091 3015 3177 3069 De
3205 3015 3400 3070 Verbo
3425 3017 3595 3082 utique

351 3098 553 3153 tudinis
583 3113 644 3152 ac
691 3099 987 3155 latitudinis
1041 3100 1394 3169 propitiatorii
1424 3119 1438 3155 :
1469 3104 1706 3168 quamvis
1758 3105 1867 3157 lucc

351 3185 634 3254 explanare
663 3186 733 3240 sit
757 3188 1000 3252 arduum,
1050 3197 1104 3241 et
1135 3196 1317 3254 aptare
1355 3190 1544 3242 anima:
1575 3189 1645 3242 illi
1671 3201 1867 3249 sancta:

353 3271 559 3339 singula
603 3289 822 3342 quaeque
863 3289 979 3343 qua:
1010 3275 1076 3328 de
1121 3277 1492 3344 propitiatorio
1539 3279 1862 3332 referuntur.

350 3360 531 3415 Primo
563 3377 689 3430 ergo
715 3365 987 3420 videamus
1014 3368 1155 3433 quod
1171 3368 1318 3432 dicit,
1343 3368 1719 3437 longitudinem
1745 3385 1865 3439 pro-

351 3452 606 3518 pitiatorii
655 3467 824 3521 neque
857 3454 990 3508 duos
1022 3459 1190 3509 solum
1229 3458 1432 3511 cubitos
1463 3458 1727 3526 habuisse,
1775 3462 1862 3528 qui

351 3556 602 3595 numerus
630 3542 895 3598 sociandis
917 3545 1332 3613 generandisque
1357 3547 1528 3614 aptari
1557 3550 1865 3615 corporibus

350 3629 485 3683 solet
519 3647 533 3683 :
562 3645 730 3699 neque
763 3639 873 3686 tres
911 3633 1166 3703 integros,
1201 3635 1290 3701 qui
1319 3650 1570 3689 numerus
1607 3638 1868 3691 excedere

349 3717 754 3787 appellationem
801 3728 1061 3774 creatura:
1099 3722 1395 3786 consuevit,
1433 3731 1488 3776 et
1538 3733 1742 3777 natura:
1785 3725 1867 3779 itt-

347 3821 618 3875 corporeae
641 3810 962 3863 consecrari.
981 3809 1118 3864 Duos
1139 3825 1266 3880 ergo
1283 3811 1491 3864 cubitos
1516 3819 1568 3865 et
1591 3812 1864 3865 dimidium

343 3896 732 3966 longitudinem
760 3898 889 3952 dicit
924 3900 1304 3967 propitiatorii,
1333 3909 1388 3953 et
1428 3915 1588 3953 unum
1623 3916 1686 3954 ac
1713 3903 1868 3955 dimi-

347 3987 490 4040 dium
521 3987 876 4041 latitudinem.
906 3988 1052 4053 Quod
1086 3988 1341 4042 siaudcre
1374 3989 1424 4041 in
1455 3988 1647 4042 talibus
1667 3989 1747 4045 fas
1765 3999 1864 4052 est,

346 4078 597 4146 quoniam
632 4077 762 4130 dicit
809 4078 946 4131 idem
992 4077 1275 4145 Apostolus
1319 4079 1384 4129 de
1440 4077 1684 4141 Christo,
1727 4081 1866 4147 quod

351 4184 371 4214 ι
415 4165 503 4219 Dei
532 4174 584 4220 et
621 4165 894 4218 hominum
946 4165 1210 4218 mediator
1240 4174 1322 4218 est
1347 4165 1412 4226 “,
1444 4183 1462 4216 ι
1494 4166 1705 4220 videtur
1738 4171 1863 4222 mihi

345 4257 489 4308 inter
526 4256 689 4308 Deum
726 4263 779 4308 et
819 4255 1088 4308 hominem
1131 4255 1301 4306 media
1349 4254 1460 4307 haac
1495 4269 1614 4309 esse
1655 4257 1862 4320 anima,

1976 3096 2066 3149 Dei
2092 3096 2204 3149 haec
2231 3096 2361 3149 dicit
2389 3096 2703 3162 Apostolus.
2745 3099 2866 3153 Sed
2917 3111 2986 3154 et
3038 3105 3118 3157 de
3175 3105 3395 3175 Spiritu
3427 3116 3596 3161 sancto

1971 3184 2164 3238 similia
2199 3184 2386 3237 scribit
2423 3200 2545 3238 cum
2591 3186 2766 3240 dicit:
2816 3205 2838 3236 ι
2873 3188 3081 3246 Nobis
3118 3207 3318 3250 autem
3361 3196 3596 3250 revelavit

1971 3275 2108 3328 Deus
2125 3288 2217 3342 per
2233 3274 2493 3342 Spiritum
2525 3290 2682 3328 suum
2713 3291 2727 3327 :
2757 3277 3038 3345 Spiritus
3063 3288 3229 3339 enim
3256 3288 3444 3341 omnia
3465 3301 3596 3342 scru-

1972 3377 2134 3429 tatur,
2185 3366 2345 3417 etiam
2387 3365 2492 3416 alta
2534 3365 2630 3419 Dei
2661 3367 2731 3420 ⁸⁵.
2777 3386 2798 3419 ι
2840 3369 3264 3439 Significatur
3321 3378 3510 3446 igitur,
3549 3384 3598 3427 ut

1968 3465 2069 3521 ego
2102 3453 2353 3515 arbitror,
2381 3453 2432 3504 in
2462 3454 2567 3507 isto
2585 3456 3043 3526 propitiatorio,
3079 3466 3195 3519 hoc
3228 3476 3319 3522 est
3359 3469 3412 3520 in
3437 3466 3595 3520 anima

1966 3541 2113 3605 Jesu,
2139 3543 2366 3596 Verbum
2400 3543 2514 3601 Dei.
2541 3545 2631 3611 qui
2664 3556 2752 3599 est
2770 3549 3143 3619 unigenitus
3178 3557 3387 3622 Filius,
3409 3568 3462 3612 et
3487 3557 3595 3624 Spi~

1969 3631 2127 3684 ritum
2165 3631 2280 3699 ejus
2325 3642 2569 3685 sanctum
2611 3648 2843 3704 semper
2901 3643 3199 3700 habitare
3236 3665 3251 3701 :
3295 3659 3355 3703 et
3392 3650 3489 3703 hoc
3521 3659 3597 3701 est

1966 3721 2108 3787 quod
2134 3719 2376 3774 indicant
2406 3722 2513 3775 duo
2547 3722 2829 3778 cherubin
2868 3735 3319 3802 pr0pitiatorio
3351 3754 3596 3808 superpo-

1965 3809 2090 3862 sita.
2127 3809 2229 3862 Sed
2259 3819 2316 3862 et
2355 3811 2484 3864 illud
2519 3812 2793 3879 observa,
2849 3825 3027 3885 quod
3074 3843 3197 3882 non
3243 3830 3392 3883 dixit
3424 3847 3440 3885 :
3478 3831 3602 3884 Che-

1966 3897 2118 3951 rubin
2153 3913 2315 3950 unum
2344 3913 2410 3952 ex
2444 3899 2614 3953 latere
2641 3903 2879 3969 dextro,
2919 3923 2989 3963 et
3025 3916 3331 3972 cherubin
3365 3920 3506 3973 aliud
3541 3933 3599 3972 ex

1965 3983 2138 4039 latere
2172 3987 2430 4052 sinistro;
2465 3994 2559 4042 sed
2598 3992 2677 4042 ait
2711 4010 2725 4045 :
2766 4014 2786 4043 ι
2822 3995 3151 4059 Cherubin
3207 4024 3387 4063 unum
3417 4023 3486 4064 ex
3529 4009 3601 4063 la-

1968 4081 2079 4127 tere
2127 4075 2256 4134 hoc.
2295 4085 2348 4128 et
2386 4078 2655 4133 cherubin
2711 4083 2871 4138 aliud
2923 4106 3004 4145 ex
3063 4096 3258 4152 larem
3309 4101 3610 4154 alteroztul

1963 4163 2272 4217 ostenderet
2303 4165 2360 4218 in
2398 4166 2489 4220 illo
2520 4171 2932 4237 propitiatorio
2957 4220 2976 4244 ,
3044 4185 3164 4241 hoc
3201 4199 3296 4244 εει
3340 4193 3395 4244 in
3439 4190 3604 4244 anima

1963 4252 2184 4320 Christi,
2213 4255 2493 4311 sinistrum
2535 4259 2670 4313 nihil
2712 4261 2923 4322 fuisse.
2959 4273 3126 4330 Sunt
3153 4291 3358 4335 autem
3392 4292 3449 4337 et
3488 4297 3609 4350 pen-

345 4356 461 4410 qua:
485 4340 702 4396 inferior
747 4341 957 4408 quidem
983 4342 1051 4394 sit
1080 4357 1109 4393 a
1135 4341 1410 4394 Trinitatis
1438 4351 1622 4395 natura
1647 4381 1662 4406 ,
1694 4345 1866 4398 minus
1899 4330 1938 4383 Ι)
1973 4352 2098 4394 nata
2137 4344 2241 4397 duo
2290 4345 2402 4398 hanc
2442 4347 2746 4416 cherubin;
2793 4365 2855 4406 et
2909 4374 3035 4414 non

345 4431 544 4498 aliquid
566 4429 783 4494 habens,
814 4445 910 4486 nec
942 4444 1112 4484 tamen
1146 4445 1262 4482 cum
1291 4431 1412 4483 inde
1437 4431 1574 4484 infra
1606 4433 1696 4498 sit,
1727 4436 1865 4488 dnali

344 4535 565 4581 numero
579 4521 664 4588 qui
681 4521 734 4573 in
759 4535 982 4590 corpore
1003 4519 1186 4586 positis
1211 4519 1496 4589 deputatur
1517 4523 1650 4592 (79),
1670 4524 1866 4593 absque

342 4613 537 4666 eximia
573 4621 626 4665 et
656 4612 974 4679 praecellenti
1027 4613 1277 4666 virtutum
1317 4629 1534 4668 suarum
1572 4616 1863 4670 eminentia

343 4702 646 4756 misceatur.
670 4701 779 4755 Hoc
806 4702 946 4754 enim
983 4703 1280 4757 ostenditur
1315 4703 1453 4771 quod
1479 4717 1722 4758 mensura
1750 4706 1864 4772 ejus

411 4863 457 4896 ⁸⁸
473 4861 637 4915 Exod.
660 4877 789 4924 xxv,
819 4862 885 4914 Π
910 4877 1022 4929 seq.
1094 4863 1138 4898 ⁸⁸
1168 4862 1318 4916 Rom.
1355 4879 1436 4924 nt.
1465 4864 1554 4917 ΞΒ.
1629 4866 1673 4896 ⁸ο
1701 4865 1863 4918 Exod.
1898 4881 1926 4917 x

417 4948 466 4998 v,
499 4934 584 4997 18,
613 4933 696 4986 l9.
771 4930 816 4962 “
841 4931 1042 4985 Coloss.
1069 4946 1131 4995 tt,
1153 4933 1207 4986 3.
1279 4932 1362 4984 εει
1389 4932 1513 4989 Cor.
1549 4933 1707 4997 n.10.
1814 4933 1858 4964 ⁸⁸
1881 4932 1926 4987 Jt

1168 4862 1318 4916 Rom.
1355 4879 1436 4924 nt.
1465 4864 1554 4917 ΞΒ.
1629 4866 1673 4896 ⁶⁰
1701 4865 1863 4918 Exod.
1898 4881 2022 4927 xxv,
2051 4864 2133 4918 Η.
2211 4865 2255 4896 ⁸³
2279 4865 2295 4918 l
2321 4865 2468 4922 Pctr.
2496 4883 2562 4934 tt,
2588 4869 2683 4925 22.

1168 4933 1207 4986 ὗ.
1279 4932 1362 4984 εει
1389 4932 1513 4989 Cor.
1549 4933 1707 4997 n.10.
1814 4933 1858 4964 ⁸⁸
1881 4932 2039 4988 Josue
2067 4949 2104 5000 ι,
2137 4935 2188 4988 5.

340 4947 466 4998 xxv,
499 4934 584 4997 18,
613 4933 696 4986 l9.
771 4930 816 4962 “
841 4931 1042 4985 Coloss.
1069 4946 1131 4995 tt,
1153 4933 1207 4986 3.
1279 4932 1362 4984 εει
1389 4932 1513 4989 Cor.
1549 4933 1707 4997 ",10.

411 5089 523 5159 (76)
560 5090 676 5159 Al.,_
701 5107 720 5138 ι
759 5088 932 5142 Unum
968 5091 1168 5143 cherub
1198 5105 1259 5142 ex
1289 5090 1454 5143 latere
1476 5090 1600 5159 hoc,
1632 5097 1685 5159 et
1715 5089 1854 5142 aliud

342 5156 542 5212 cherub
567 5173 631 5209 ex
665 5156 831 5210 latere
859 5159 1026 5212 altero
1054 5159 1429 5226 propitiatorii.
1463 5175 1481 5208 ι
1509 5158 1612 5210 Sed
1630 5158 1741 5210 haec
1766 5161 1855 5209 de-

341 5235 467 5277 sunt
494 5228 546 5279 in
575 5227 722 5280 libris
753 5237 906 5279 antea
929 5227 1107 5281 editis.

409 5293 520 5362 (77)
555 5294 718 5362 Alias,
761 5312 778 5344 ι
821 5296 1172 5356 innotescant,
1203 5313 1222 5345 ι
1259 5294 1412 5347 male.

409 5361 520 5430 ('18)
557 5361 722 5430 Alias,
758 5378 776 5411 ι
808 5377 970 5430 Opera
999 5383 1017 5414 ι
1053 5377 1150 5427 pro
1173 5379 1190 5411 ι
1227 5365 1427 5417 omnia.
1464 5381 1483 5413 ι

410 5427 520 5494 (79)
563 5429 651 5480 Sic
679 5427 928 5485 Erasmus
951 5443 1004 5485 et
1050 5430 1447 5493 Genebrardus,
1479 5440 1532 5484 et
1563 5439 1708 5486 recte
1737 5430 1858 5495 qui-

345 5495 485 5570 dem.
516 5495 700 5550 Cmteri
733 5516 856 5570 vero
878 5502 1001 5553 editi
1024 5510 1079 5553 et
1116 5512 1242 5549 mss.
1277 5500 1673 5570 nostriomlles.
1711 5516 1730 5548 ι
1764 5499 1854 5562 tl“i

346 5566 398 5612 in
427 5575 646 5628 corpore
673 5569 872 5632 positus
901 5572 1203 5628 deputatur.
1240 5582 1259 5613 ι
1301 5566 1498 5621 Deinde
1539 5583 1634 5620 ms.
1685 5582 1817 5620 unus
1840 5605 1856 5632 ,

1971 4431 2062 4484 sed
2085 4440 2140 4483 et
2162 4431 2272 4486 alas
2293 4450 2418 4488 suas
2441 4437 2762 4503 pandentia.
2807 4445 2875 4497 Si
2915 4452 3058 4514 quis
3095 4431 3443 4512 επηριοιῖηη,
3470 4476 3626 4512 ειμι.-.

1967 4533 2108 4572 mum
2141 4518 2298 4589 515
2333 4524 2533 4579 habere
2559 4542 2589 4578 a
2623 4527 2736 4582 Deo
2774 4537 3205 4599 testimonium
3267 4553 3508 4612 meruit.
3540 4551 3613 4602 di-

1965 4619 2106 4662 ctmn
2141 4615 2390 4679 estquod
2424 4613 2570 4671 Deus
2599 4617 2751 4674 esset
2797 4639 2941 4681 cum
2994 4650 3108 4699 eo,
3168 4644 3328 4694 sicut
3377 4646 3446 4695 de
3492 4641 3612 4694 Jesu

1963 4698 2108 4754 Nave
2131 4702 2326 4757 dicitur
2355 4705 2401 4736 ⁸⁸
2433 4723 2448 4760 :
2485 4724 2506 4758 ι
2543 4708 2612 4762 Et
2632 4711 2781 4770 Deus
2807 4732 2948 4777 erat
2974 4698 3117 4784 cum
3156 4735 3313 4804 ipso,
3346 4739 3496 4792 sicut
3522 4737 3617 4791 fuit

2764 4877 2865 4932 δί
2901 4881 3064 4941 Tim.
3108 4905 3180 4954 tt.
3223 4891 3288 4946 5.
3373 4897 3421 4928 ⁸³
3451 4898 3612 4949 Εςιισι.

1964 5107 1984 5140 t
2015 5107 2111 5158 pro
2139 5093 2364 5156 eximia,
2400 5115 2421 5149 ι
2466 5107 2575 5153 etc.

2014 5160 2151 5258 igsﬂtl‘)‘
2178 5162 2287 5258 ﬁli”
2317 5169 2615 5258 ccubitum
2643 5170 2857 5258 habere
2885 5195 2918 5233 a
2945 5185 3272 5258 propheta,
3313 5203 3606 5258 propterea

1939 5226 2298 5351 ἓὲ¹ὶ¹ιῗὲῗιὲὲἓς
2320 5226 3272 5351 ;.°:Ei':3ﬂ?.;“i‘:fre;.Bral'i'se‘i
3297 5226 3532 5345 ιῗυίιῖὲηι
3562 5268 3606 5338 ’1

1939 5309 2387 5413 ἷκε,ηιοιιειαρ,,ειο
2417 5309 2683 5383 singulari
2732 5332 2839 5374 sua
2886 5309 3268 5400 έιέιιίᾶιίέῖῖι

1959 5375 2067 5437 .ans
2101 5378 2453 5437 ,δ’δδίδίιοηθ.
2499 5400 2518 5435 ›
2557 5384 2662 5437 31..
2699 5407 2719 5437 ι
2768 5389 3040 5437 sinanlnri
3086 5402 3236 5437 maid
3286 5406 3510 5437 ...ηις-ιο
3565 5405 3609 5437 .1

1941 5395 2453 5492 ἒῖιὲἑὲΐῶἷῖᾶῗιιυηθ,
2499 5400 2518 5435 ›
2557 5395 2662 5465 an,
2699 5407 2719 5439 ι
2768 5395 3041 5463 singulari
3086 5395 3237 5465 quid
3286 5395 3609 5476 vastiusvt]

2184 5528 2201 5547 .
2240 5454 2751 5547 ,..:.:.2E€;De:'1@e
2987 5470 3180 5522 ποειτί
3233 5488 3450 5530 οιυηεε
3485 5491 3606 5547 ρετ·

1942 5513 2525 5596 Ρεςέιιξηινροττυίεδε
2564 5545 2580 5575 ι
2615 5543 2717 5596 pro
2754 5551 2770 5580 ι
2807 5513 3136 5588 é'r'éiiis's'éf'.‘

2015 5568 2126 5642 (81)
2155 5575 2320 5651 Alias,
2360 5607 2380 5640 ‹
2418 5607 2568 5652 unus
2593 5568 3324 5670 eral-latereLlidcjhet'unus.
3372 5633 3394 5666 ι
