3836 6204
307 236 416 290 919

1241 228 1583 286 COMMENT.
1617 227 1680 281 IN
1711 225 1922 280 EPIST.
1959 226 2047 279 AD
2084 224 2245 277 ROM.
2282 221 2406 276 LIB.
2433 221 2518 274 lli.

3345 211 3444 266 950

305 363 442 402 cum
472 345 654 418 Moyse
683 346 880 402 famulo
910 347 1044 415 ej-us.
1081 364 1100 398 ι
1138 345 1316 400 Sicubi
1375 360 1496 399 vero
1534 343 1842 412 pollicitatio
1868 357 1910 410 Α
1940 348 2020 394 est
2045 357 2059 392 :
2090 339 2183 391 sed
2207 338 2270 390 de
2298 337 2470 390 anima
2499 333 2644 402 ejus,
2670 347 2784 400 qua:
2811 331 2932 383 licet
2979 326 3343 395 inseparabilis
3379 326 3448 376 sit

307 439 544 507 majoris
576 453 616 491 -a
663 439 773 492 Deo
811 440 1043 492 muneris
1083 438 1266 502 datur,
1308 437 1433 489 dicit
1482 436 1664 488 Deus:
1720 451 1739 484 ι
1775 432 1838 485 Et

305 544 411 582 ero
450 531 502 581 in
535 529 634 594 eis,
665 537 720 582 et
740 529 1018 582 ambulabo
1049 529 1183 580 inter
1210 540 1300 578 eos
1326 525 1390 577 ".
1423 542 1442 575 ι
1475 523 1680 576 Nullam
1713 536 1838 575 vero

304 616 460 671 inter
498 617 741 672 homines
780 617 855 670 ita
884 617 1089 671 beatam
1126 623 1180 669 et
1223 615 1294 668 ita
1321 613 1580 668 excelsam
1610 611 1839 678 reperies

304 706 582 767 animam,
609 704 713 758 nisi
744 705 879 760 hanc
904 704 1086 768 solam,
1115 704 1164 756 in
1185 716 1285 770 qua
1313 709 1509 755 tantum
1531 699 1836 761 latitudinis,

309 803 534 848 tantum
571 793 883 863 capacitatis
912 793 1110 846 invenit
1137 789 1363 845 Verbum
1388 789 1511 852 Dei,
1539 798 1592 842 et
1614 787 1842 856 Spiritus

305 892 564 946 sanctus,
586 891 646 936 ut
669 897 774 937 non
796 881 962 936 solum
987 881 1242 943 habitare,
1265 881 1356 934 sed
1379 888 1431 932 et
1457 878 1568 931 alas
1589 877 1839 945 pandere,

307 983 370 1026 et
400 986 543 1025 novo
570 967 890 1026 sacramenti
953 969 1057 1023 ritu
1086 967 1370 1036 aliquando
1417 967 1577 1019 etiam
1625 965 1842 1019 volitare

307 1062 560 1115 dicatur.
620 1059 833 1113 Faciem
883 1071 1090 1126 quoque
1134 1065 1319 1110 contra
1353 1071 1411 1110 se
1438 1056 1659 1110 invicem
1689 1069 1844 1123 super

309 1153 469 1207 hanc
497 1153 708 1206 beatam
738 1149 965 1203 animam
993 1147 1246 1200 cherubin
1280 1153 1498 1214 utraque
1541 1147 1733 1200 habere
1766 1146 1846 1198 di-

307 1253 552 1306 cuntur,
577 1254 673 1308 per
703 1239 840 1307 quod
861 1251 1080 1291 concors
1109 1236 1156 1291 ei
1184 1245 1237 1290 et
1251 1249 1510 1290 consonus
1537 1235 1710 1288 aFilio
1732 1235 1843 1298 Dei,

309 1341 374 1386 et
407 1346 446 1382 a
476 1328 680 1397 Spiritu
718 1334 905 1381 sancto
947 1324 1232 1378 divinitatis
1262 1337 1446 1378 sensus
1473 1322 1582 1394 (82)
1618 1323 1847 1376 infundi—

310 1428 437 1474 tur.
485 1416 584 1472 Ubi
621 1423 798 1468 autem
823 1411 1190 1480 superponitur
1211 1410 1322 1463 haec
1348 1409 1519 1462 anima
1538 1409 1642 1461 Deo
1675 1407 1845 1477 plena,

313 1507 379 1561 in
439 1518 544 1572 qua
573 1500 894 1574 complacuit
932 1499 1172 1552 habitare
1214 1511 1422 1551 omnem
1472 1496 1846 1564 plenitudinem

295 1593 557 1650 Deitatis
571 1591 658 1644 ⁸⁸7
689 1608 708 1642 ι
731 1589 899 1657 Super
939 1603 1137 1652 arcam,
1171 1587 1374 1653 inquit,
1415 1585 1712 1639 testamenti
1731 1585 1796 1638 ⁸⁸.
1823 1603 1841 1634 ι

1937 443 1968 480 a
1996 426 2168 479 Verbo
2198 425 2312 491 Dei,
2352 433 2526 478 creata
2562 431 2734 475 tamen
2757 430 2860 482 est,
2880 427 2933 472 et
2966 416 3228 485 Unigeniti
3254 415 3447 474 deitate

1940 516 2199 586 posterior
2249 531 2263 566 :
2328 529 2424 567 nec
2472 512 2900 566 inconvenienter
2953 506 3214 560 videbitur
3272 505 3336 559 de
3385 518 3447 556 ea

1941 608 2159 668 dictum,
2188 604 2329 672 quod
2359 612 2640 670 antequam
2669 609 2814 653 esset
2846 597 3112 667 proposita
3135 604 3216 649 est
3241 603 3294 647 et
3318 607 3450 662 pra:-

1940 695 2180 748 ordinata
2208 700 2266 744 ut
2288 699 2427 745 esset
2450 687 2890 758 propitiatorium.
2923 685 3055 752 Quia
3083 697 3228 752 ergo,
3267 696 3454 736 secun-

1943 786 2064 839 dum
2115 796 2176 837 ea
2228 796 2343 848 qua:
2379 794 2536 847 supra
2562 777 2930 846 exposuimus,
2970 773 3148 829 Jesum
3186 771 3452 825 Christum

1949 888 1968 922 ι
2011 869 2282 938 praposuit
2313 869 2447 920 Deus
2478 863 2898 934 propitiatorium
2926 877 3020 930 per
3051 861 3201 915 ﬁdem
3235 861 3286 913 in
3334 872 3456 912 san-

1943 958 2098 1027 guine
2126 955 2330 1024 ejus",
2373 973 2392 1006 ι
2417 952 2784 1006 necessarium
2826 951 3032 1004 videtur
3076 949 3348 1017 requirere
3391 945 3457 997 de

1945 1044 2138 1098 divinis
2187 1043 2389 1112 legibus
2434 1055 2550 1110 quae
2603 1039 2674 1093 sit
2726 1037 3027 1106 propitiatio
3056 1051 3171 1105 qua:
3215 1049 3306 1103 per
3339 1048 3457 1086 san-

1946 1133 2155 1202 guinem
2186 1131 2306 1196 ﬁat,
2338 1141 2394 1184 ut
2422 1145 2487 1184 ex
2521 1130 2603 1183 his
2631 1129 2876 1196 colligere
2915 1126 3173 1195 possimus
3199 1123 3459 1191 quomodo

1947 1220 2104 1273 etiam
2149 1233 2240 1288 per
2299 1218 2602 1286 sanguinem
2657 1215 2780 1269 Jesu
2827 1213 3129 1283 propitiatio
3173 1211 3309 1264 facta
3368 1209 3456 1262 sit.

1949 1305 2212 1374 Scriptum
2243 1313 2326 1358 est
2355 1306 2405 1357 in
2440 1302 2676 1356 Levitico
2718 1311 2833 1368 post
2871 1298 3131 1367 pontiﬁcis
3178 1295 3408 1350 hostiam
3443 1309 3459 1346 :

1955 1413 1972 1446 ι
2010 1392 2159 1458 Quod
2187 1392 2229 1447 si
2254 1393 2424 1447 omnis
2451 1392 2721 1460 Synagoga
2753 1388 2910 1443 Israel
2941 1386 3291 1455 ignoraverit,
3316 1395 3368 1437 et
3394 1384 3466 1436 la-

1952 1484 2113 1538 tuerit
2133 1498 2304 1537 sermo
2324 1485 2389 1538 ab
2411 1483 2578 1538 oculis
2602 1482 2737 1551 ejus,
2763 1491 2815 1535 et
2837 1479 3022 1534 fecerit
3049 1493 3207 1531 unum
3230 1479 3294 1530 de
3317 1491 3464 1528 man.-

1953 1573 2090 1626 datis
2119 1572 2324 1626 Domini
2353 1573 2493 1640 quod
2526 1587 2627 1626 non
2662 1571 2781 1634 ﬁet,
2811 1578 2864 1624 et
2892 1568 3202 1636 deliquerit,
3234 1575 3286 1619 et
3314 1565 3465 1618 inno-

315 1682 518 1736 Potest
573 1694 698 1734 arca
745 1650 1048 1732 testamenti
1091 1650 1271 1729 sancta
1322 1674 1433 1743 ejus
1480 1689 1605 1726 caro
1625 1711 1640 1735 ,
1670 1674 1720 1725 in
1749 1688 1850 1741 qua
1879 1670 1924 1728 Β
1953 1660 2111 1713 luerit
2133 1659 2210 1713 cis
2237 1668 2505 1728 peccatum
2534 1661 2671 1725 quod
2701 1664 3081 1724 peccaverunt.
3116 1654 3341 1707 adducet
3371 1650 3465 1720 Sy-

317 1774 489 1828 beata
536 1771 648 1824 hac
695 1769 870 1822 anima
911 1765 1230 1826 collocatur,
1259 1763 1503 1832 intelligi,
1539 1763 1740 1815 habens
1793 1762 1846 1813 in

309 1873 375 1913 se
411 1857 718 1912 testimonia
746 1855 860 1920 Dei,
887 1871 1003 1924 quae
1045 1856 1403 1926 intelliguntur
1424 1855 1619 1910 Christi
1647 1871 1776 1925 quas
1804 1856 1858 1909 in

311 1963 490 2003 carne
519 1948 738 2016 pertulit
765 1949 1038 2016 passiones
1069 1947 1258 2001 divinis
1290 1946 1412 2000 olim
1443 1947 1703 2014 przedictae
1748 1945 1856 2015 (85)

313 2035 674 2090 testimoniis.
702 2035 930 2088 Possunt
968 2035 1125 2088 etiam
1165 2035 1386 2088 virtutes
1427 2035 1668 2088 cmlestes
1705 2034 1862 2086 intel-

319 2115 421 2183 ligi
465 2129 590 2169 arca
626 2113 758 2179 Dei,
794 2128 910 2180 quae
960 2123 1014 2164 et
1059 2112 1183 2178 ipsa:
1223 2123 1445 2176 capaces
1477 2107 1684 2175 quidem
1732 2115 1853 2161 sunt

321 2204 496 2258 Verbi
528 2203 643 2264 Dei,
670 2211 723 2256 et
756 2199 986 2268 Spiritus
1029 2197 1226 2258 sancti,
1274 2197 1364 2252 sed
1408 2197 1731 2265 praeponitur
1778 2197 1854 2250 eis

325 2295 518 2348 anima
558 2291 716 2355 Jesu,
758 2300 809 2344 et
857 2291 966 2357 ipsa
995 2288 1375 2357 quodammodo
1401 2287 1704 2338 mediatriee
1735 2300 1855 2354 gra-

324 2387 467 2437 tiam
491 2383 683 2436 divinte
718 2379 1012 2448 largitionis
1042 2377 1323 2442 accipiunt.
1371 2373 1496 2427 Post
1533 2375 1646 2428 hate
1682 2390 1695 2426 :
1732 2391 1751 2424 ι
1793 2373 1856 2426 Et

323 2468 665 2522 innotescam
722 2464 848 2528 tibi,
897 2463 1101 2529 inquit,
1150 2461 1305 2524 inde,
1362 2469 1414 2514 et
1460 2460 1643 2528 loquar
1692 2462 1756 2514 ad
1805 2470 1856 2514 te

326 2555 569 2622 desuper
619 2550 1076 2620 prepitiatorio".
1118 2567 1136 2599 ι
1183 2548 1296 2602 Non
1341 2550 1504 2603 solum
1536 2550 1732 2620 Moysi,
1764 2553 1856 2605 sed

327 2652 385 2695 et
423 2643 712 2708 unicuique
752 2649 1056 2694 sanctorum
1107 2639 1194 2707 qui
1225 2637 1448 2692 famulus
1475 2640 1561 2692 Dei
1609 2651 1721 2704 est,
1755 2655 1856 2693 non

327 2731 552 2785 aliunde
577 2731 861 2784 innotescit
909 2731 1079 2791 Deus,
1135 2743 1229 2783 nec
1265 2728 1472 2782 aliunde
1500 2730 1856 2796 cognoscitur,

330 2821 441 2874 nisi
477 2819 541 2872 de
571 2817 934 2885 propitiatorio
980 2816 1078 2868 isto
1121 2818 1262 2882 quod
1301 2831 1457 2884 supra
1499 2817 1856 2883 exposuimus,

329 2917 388 2962 et
416 2906 486 2960 de
526 2904 704 2958 medio
743 2903 1018 2958 cherubin.
1066 2903 1173 2955 Hoc
1216 2912 1269 2956 et
1308 2902 1552 2956 l’labacuc
1608 2903 1858 2971 propheta

331 2995 610 3064 signiﬁcat
640 2992 726 3046 ubi
761 2991 887 3045 dicit
917 3006 931 3042 :
970 3009 988 3041 ι
1017 2990 1072 3053 ιιι
1105 2989 1278 3043 medio
1313 2990 1530 3043 duorum
1559 2989 1860 3042 animalium
1886 2983 1928 3040 C

330 3083 684 3152 cognosceris
708 3099 720 3134 :
750 3081 872 3133 dum
897 3079 1422 3147 appropinqttaverint
1443 3078 1563 3130 anni
1583 3093 1863 3146 cognosce-

334 3177 451 3239 ris,
499 3184 552 3228 et
592 3187 713 3226 cum
753 3169 982 3224 adfuerit
1020 3177 1224 3243 tempus
1270 3169 1559 3222 ostenderis
1583 3169 1651 3220 ⁷³.
1700 3167 1863 3222 Nemo

332 3262 484 3316 enirn
535 3260 637 3314 scit
671 3259 879 3312 Patrem
920 3255 1022 3309 nisi
1062 3255 1261 3316 Filius,
1287 3263 1340 3308 et
1381 3255 1464 3307 cui
1507 3254 1733 3307 voluerit
1773 3254 1862 3307 Fi-

331 3352 446 3405 lius
477 3349 715 3403 revelare
736 3347 802 3398 7’.
839 3362 857 3395 ι
895 3343 998 3397 Sed
1025 3353 1076 3396 et
1102 3342 1296 3396 Paulus
1325 3343 1471 3404 dicit,
1505 3343 1626 3411 quia
1658 3361 1677 3393 ι
1716 3345 1864 3398 nobis

333 3438 602 3495 revelavit
634 3437 773 3490 Deus
817 3449 912 3504 per
945 3433 1201 3502 Spiritum
1243 3448 1394 3487 suum
1417 3433 1482 3486 ⁷³.
1531 3453 1548 3485 ι
1584 3433 1863 3502 Propterea

335 3546 468 3600 ergo
491 3529 622 3582 dicit
653 3527 793 3594 quod
826 3542 845 3575 ι
878 3527 1203 3579 innotescam
1247 3524 1343 3577 tibi
1379 3523 1530 3586 inde,
1575 3533 1628 3577 et
1679 3524 1866 3593 loquar

335 3624 439 3677 tibi
488 3622 714 3688 desuper
738 3615 1100 3686 propitiatorio
1141 3615 1278 3669 inter
1312 3614 1416 3668 duo
1458 3614 1711 3675 cherubin
1751 3629 1866 3682 qua:

337 3717 470 3765 sunt
501 3722 662 3775 super
688 3719 868 3759 arcam
893 3702 1191 3758 testamenti
1214 3704 1278 3758 ⁷⁸.
1316 3720 1334 3753 ι
1367 3702 1498 3756 Ριιῑο
1527 3710 1701 3756 autem
1727 3702 1864 3770 quod

335 3812 448 3850 non
488 3795 789 3863 importune
814 3805 873 3844 ea
901 3804 1020 3858 qua:
1051 3791 1114 3842 de
1155 3789 1332 3842 Exodo
1368 3789 1746 3857 assumpsimus
1773 3803 1866 3841 ex-

334 3881 560 3952 planata
590 3880 721 3943 sint,
747 3885 806 3929 ut
824 3877 1038 3929 evidens
1068 3873 1215 3928 ﬁeret
1238 3888 1423 3928 sensus
1447 3878 1707 3943 quomodo
1730 3875 1866 3943 Apoc

339 3970 511 4026 stolus
532 3969 583 4022 in
607 3964 851 4034 praesenti
869 3963 985 4017 loco
1006 3961 1353 4029 propitiatorii
1368 3975 1552 4014 nomen
1572 3975 1867 4029 assumpse-

338 4060 415 4114 rit
433 4072 555 4113 cum
577 4055 746 4111 dicit:
777 4068 796 4102 ι
823 4051 986 4116 Quem
1008 4050 1275 4119 proposuit
1291 4049 1425 4102 Deus
1448 4049 1864 4116 propitiatorium

339 4166 440 4221 per
465 4151 646 4205 ﬁdem.
675 4168 695 4202 ι
735 4148 838 4202 Sed
861 4157 914 4202 et
936 4148 1033 4201 hoc
1055 4147 1224 4216 ipsum
1248 4145 1387 4214 quod
1415 4145 1549 4198 dixit
1574 4182 1589 4208 ,
1628 4161 1648 4194 ι
1677 4158 1865 4212 propo-

341 4242 489 4304 suit,
525 4259 545 4293 ι
581 4239 751 4308 magis
801 4237 865 4291 de
919 4237 1088 4289 anima
1149 4235 1309 4300 Jesn,
1358 4249 1514 4302 quam
1569 4235 1634 4287 de
1673 4233 1866 4286 deitate

339 4329 462 4396 eius
498 4328 702 4383 dictum
743 4325 966 4379 sentitur
993 4323 1124 4394 (81).
1177 4340 1196 4372 ι
1229 4323 1511 4390 Proposuit
1553 4339 1572 4373 ι
1604 4321 1742 4375 enim
1777 4322 1862 4373 in—

345 4417 602 4486 telligitur
636 4415 785 4483 quasi
831 4414 980 4482 prius
1011 4413 1226 4480 posuit,
1278 4413 1377 4465 hoc
1416 4419 1498 4464 est
1564 4411 1866 4479 priusquam

340 4513 512 4558 esset.
552 4502 704 4568 Quod
748 4501 889 4554 enim
918 4509 997 4553 est
1029 4500 1240 4567 ponitur
1265 4538 1279 4562 ,
1327 4499 1462 4566 quod
1506 4500 1732 4551 nomlum
1788 4509 1870 4552 est

346 4593 687 4663 proponitur.
727 4588 841 4642 Non
890 4601 1016 4655 ergo
1060 4587 1305 4640 convenit
1339 4585 1404 4638 de
1433 4599 1496 4638 eo
1539 4585 1625 4652 qui
1665 4599 1870 4652 semper

347 4691 502 4747 erat,
531 4680 586 4734 id
636 4687 719 4733 est
763 4678 829 4732 de
869 4675 1040 4731 Verbo
1073 4675 1207 4740 Dei,
1257 4675 1359 4728 dici
1408 4675 1525 4741 quia
1570 4676 1869 4742 pr0positus

415 4817 456 4848 "
479 4815 652 4870 Levit.
684 4828 834 4877 xxvr,
857 4813 944 4866 12.
1017 4813 1061 4843 ⁸⁸
1079 4810 1280 4864 Coloss.
1321 4825 1360 4871 ι,
1397 4808 1482 4860 19.
1557 4811 1599 4840 ⁸⁸
1633 4809 1795 4862 Exod.
1838 4829 1961 4874 xxv,
1993 4813 2081 4864 2t.

415 4884 418 4897 ’
511 4883 556 4908 ιη
587 4881 736 4908 ιρι...
787 4896 825 4908 η
879 4881 943 4908 ιη
1039 4879 1086 4908 τι»
1119 4879 1257 4908 ΠνΑΛ
1308 4891 1410 4908 vv"
1461 4877 1528 4908 οε)
1643 4879 1686 4908 ⁸18
1723 4877 1849 4908 Dn.“
2015 4879 2081 4908 ΟΕ

1722 4877 1871 4932 Rom.
1912 4898 1988 4942 ιιι,
2015 4879 2102 4934 25.
2228 4879 2274 4909 ⁷³
2304 4877 2468 4932 Levit.
2505 4891 2579 4936 tv,
2609 4877 2693 4934 15,
2735 4877 2822 4934 14,
2862 4877 2873 4925 l

1723 4961 1831 5011 seq.
1906 4951 1948 4980 ⁸ο
1985 4949 2136 5004 Joan.
2165 4957 2202 5011 ι,
2240 4945 2325 4998 29.
2398 4945 2439 4976 ⁸¹
2477 4942 2636 4997 Hebr.
2677 4956 2752 5004 ιχ,
2783 4941 2873 4996 22.

341 4883 438 4936 2'7.
511 4883 556 4914 ⁷³
587 4881 756 4936 lCor.
787 4896 848 4942 ιι,
879 4881 963 4933 10.
1039 4879 1086 4910 ⁷³
1118 4879 1280 4931 Exod.
1308 4891 1431 4937 xxv.
1461 4877 1546 4928 22.

344 4968 395 5016 ι,
433 4951 530 5017 19;
573 4966 634 5015 ιι,
664 4949 718 5005 9.
791 4949 835 4980 ⁷⁸
871 4948 1008 5002 Psal.
1038 4962 1142 5013 ctx,
1169 4946 1221 4998 4.
1293 4947 1336 4977 ⁷³
1369 4944 1523 4997 llebr.
1564 4960 1596 4997 ll
1634 4956 1688 4998 et
1723 4961 1831 5014 seq.

427 5065 539 5132 (82)
577 5063 753 5125 Alias,
787 5080 807 5112 ι
843 5077 1055 5127 pensus,
1097 5077 1114 5108 ι
1150 5059 1305 5132 male.

424 5126 534 5201 (85)
572 5133 680 5195 ΑΙ.,
709 5149 727 5180 ι
763 5126 1062 5195 praedicata,
1099 5146 1127 5201 ι
1150 5126 1386 5201 Deinde_,_
1409 5143 1427 5174 ι
1454 5126 1679 5201 Possuttt
1709 5127 1866 5201 etiam

347 5193 581 5253 virtutes
611 5193 873 5257 cmlestes,
907 5215 924 5245 ι
961 5207 1063 5248 etc.
1095 5195 1323 5246 Sanctus
1351 5193 1591 5253 Basilius,
1625 5195 1716 5245 lib.
1747 5211 1764 5242 ι
1795 5194 1868 5248 De

350 5269 555 5336 Spiritu
585 5275 792 5336 sancto,
818 5282 840 5336 ρ
878 5278 994 5336 cap.
1026 5263 1115 5324 29,
1147 5261 1314 5313 locum
1345 5261 1491 5336 hunc;
1515 5261 1592 5336 sic
1635 5275 1861 5336 comme-

347 5326 526 5388 m'orat
543 5353 555 5388 :
572 5335 634 5385 Αἱ
657 5326 1060 5401 ἱεραὶλδυερμεις
1085 5327 1376 5401 χωρητιιςαὶ
1401 5326 1494 5376 τοῦ
1521 5327 1862 5401 Μρνογενοῇς,

348 5401 566 5469 καὶτῆς
589 5400 682 5452 τοῦ
707 5395 862 5464 ἆγίου
1214 5395 1476 5469 Θεότητοςἶ
1503 5411 1534 5469 1
1559 5395 1736 5469 Sacrae
1762 5397 1867 5469 vir-

345 5480 496 5524 tntes
522 5460 891 5538 c—apaces'sunt
920 5460 1204 5532 Unigeuiti,
1233 5472 1283 5515 et
1311 5460 1477 5514 sancti
1503 5460 1731 5523 Spiritus
1757 5463 1865 5517 dei-

1953 1764 2152 1818 nagoga
2192 1750 2412 1804 vitulum
2465 1765 2529 1802 ex
2576 1749 2742 1802 bobus
2786 1749 2895 1818 (85)
2939 1761 3034 1814 pro
3070 1755 3326 1813 peccato;
3363 1761 3380 1794 ι
3414 1751 3469 1795 et

1952 1848 2072 1905 post
2102 1853 2267 1906 pauca
2301 1856 2314 1893 :
2347 1856 2365 1888 ι
2405 1841 2469 1892 Et
2501 1839 2689 1892 inferet
2734 1839 2979 1892 sacerdos
3007 1837 3096 1905 qui
3139 1845 3328 1888 unctus
3365 1844 3464 1897 est,

1953 1943 2019 1980 ex
2046 1930 2299 1997 sanguine
2341 1929 2486 1982 vituli
2540 1931 2592 1982 in
2639 1927 3028 1982 tabernaculum
3080 1924 3403 1987 testimonii;
3442 1941 3460 1972 ι

1953 2026 2008 2070 et
2055 2025 2174 2084 post
2223 2032 2388 2085 pauca
2433 2019 2667 2071 iterum:
2708 2036 2725 2067 ι
2764 2016 2828 2069 Ει
2876 2017 3063 2078 faciet,
3118 2013 3320 2080 inquit,
3391 2011 3469 2064 vi-

1957 2106 2154 2171 tulum,
2185 2109 2620 2174 quemadmodum
2678 2109 2803 2162 fecit
2845 2107 3066 2160 vitulum
3101 2119 3196 2172 pro
3222 2113 3460 2173 peccato,

1957 2204 2008 2247 et
2028 2195 2390 2262 repropitiabit
2407 2212 2499 2266 pro
2515 2199 2595 2251 bis
2612 2196 2875 2259 sacerdos,
2891 2205 2943 2248 et
2961 2196 3257 2249 remittetur
3273 2193 3350 2246 eis
3367 2194 3432 2247 ⁷⁸.
3445 2210 3464 2246 ι

1960 2279 2062 2334 Per
2107 2284 2417 2349 sanguinem
2464 2299 2589 2352 ergo
2621 2285 2728 2354 (86)
2759 2285 3062 2352 repropitiat
3109 2283 3350 2336 sacerdos
3376 2296 3472 2349 pro

1957 2371 2097 2420 omni
2127 2370 2402 2439 Synagoga
2431 2383 2488 2423 ttt
2518 2375 2815 2426 remittatur
2840 2373 2936 2426 eis.
2961 2371 3306 2438 Requiramus
3333 2383 3472 2427 nunc

1960 2457 2162 2525 singula
2200 2474 2421 2528 quaeque
2445 2462 2656 2515 nomina
2698 2476 2815 2528 qua:
2861 2461 2924 2514 de
2964 2460 3240 2514 Salvatore
3275 2457 3470 2525 scripta

1961 2559 2124 2612 sunt,
2156 2560 2210 2602 et
2236 2551 2289 2602 in
2318 2551 2535 2618 singulis
2566 2551 3000 2621 appellationibus
3047 2564 3163 2617 qua:
3208 2547 3310 2601 sint
3357 2561 3474 2614 quas

1961 2635 2295 2702 designentur
2318 2633 2614 2706 diligentius
2644 2637 3074 2706 contemplemur.
3104 2635 3344 2689 invenies
3373 2635 3474 2704 igi-

1961 2731 2081 2789 tur,
2120 2727 2364 2792 quoniam
2412 2731 2620 2795 quidem
2668 2731 2717 2781 in
2764 2729 2873 2795 ipso
2902 2725 3472 2793 complacuithabitare

1961 2826 2166 2866 omnem
2197 2815 2572 2880 plenitudinem
2623 2817 2909 2871 divinitatis
2935 2813 3303 2882 corporaliter,
3356 2827 3475 2866 esse

1965 2902 2132 2971 ipsum
2169 2907 2701 2981 etprupitiatorium,
2730 2916 2783 2960 et
2810 2903 3135 2973 pontiﬁcem,
3166 2913 3218 2955 et
3245 2903 3472 2956 bestiam

1961 3017 2074 3070 que
2100 2998 2314 3052 oﬁertur
2339 3013 2432 3067 pro
2459 2997 2648 3066 populo
2679 2998 2744 3046 ".
2777 2997 2840 3048 Et
2872 2997 3081 3064 quidem
3116 2995 3179 3048 de
3217 2990 3472 3060 propitia-

1963 3092 2098 3145 torio
2122 3092 2229 3158 jam
2263 3089 2392 3142 satis
2419 3097 2499 3141 est
2528 3087 2749 3142 dictum.
2790 3087 2892 3140 Sed
2926 3097 2979 3139 et
3006 3087 3068 3139 de
3091 3083 3335 3153 pontiﬁce
3363 3081 3474 3134 evi-

1961 3185 2143 3235 denter
2170 3179 2330 3232 David
2362 3178 2413 3231 in
2440 3176 2648 3232 Psalmo
2676 3177 2742 3239 ⁷⁸,
2791 3185 2844 3230 et
2890 3175 3158 3244 apostolus
3191 3171 3383 3226 Paulus
3410 3172 3472 3223 ad

1963 3269 2211 3323 Hebraeos
2238 3267 2283 3299 ⁷⁷
2312 3265 2516 3320 scribit.
2553 3263 2699 3328 Quod
2729 3272 2904 3316 autem
2929 3264 2996 3316 sit
3020 3273 3073 3317 et
3096 3261 3291 3326 hostia,
3316 3269 3477 3315 testa-

1965 3368 2050 3412 tur
2072 3356 2322 3420 Joannes,
2356 3355 2573 3407 dicens:
2609 3370 2626 3402 ι
2660 3351 2757 3405 llic
2785 3362 2865 3405 est
2892 3352 3069 3420 Agnus
3090 3350 3178 3404 Dei
3217 3350 3304 3416 qui
3338 3348 3476 3400 tollit

1964 3456 2180 3515 peccata
2207 3444 2384 3497 mundi
2413 3443 2478 3495 ⁸ο.
2530 3461 2548 3492 ›
2583 3441 2883 3495 Secundum
2918 3439 3018 3494 hoc
3044 3454 3169 3509 ergo
3207 3439 3343 3507 quod
3380 3437 3476 3491 bo-

1963 3534 2060 3588 stia
2088 3540 2192 3594 est,
2218 3529 2522 3598 prolusione
2550 3529 2817 3596 sanguinis
2831 3527 2912 3582 sui
2929 3526 3228 3595 propitiatio
3253 3523 3474 3578 eﬁicitur

1963 3622 2014 3674 in
2045 3635 2107 3674 eo
2153 3619 2291 3686 quod
2330 3618 2420 3671 dat
2449 3616 2809 3670 remissionem
2830 3614 3234 3684 praacedentiutn
3258 3613 3475 3666 delicto-

1965 3723 2123 3761 rum:
2179 3719 2297 3774 quze
2343 3713 2514 3758 tamen
2567 3701 2868 3772 propitiatio
2924 3702 2991 3754 ad
3049 3715 3473 3768 unumquemque

1963 3799 2286 3851 credentium
2319 3809 2413 3861 per
2462 3793 2596 3845 viam
2632 3791 2749 3844 ﬁdei
2789 3792 2950 3844 venit.
2991 3790 3100 3843 Nisi
3147 3793 3285 3844 enim
3323 3791 3474 3842 daret

1967 3884 2332 3938 remissionem
2367 3881 2774 3949 praecedentium
2801 3879 3139 3945 delictorum,
3170 3880 3474 3947 propitiatio

1965 3991 2066 4028 non
2102 3973 2414 4040 probaretur
2450 3971 2652 4023 effecta.
2678 3969 2807 4022 Cum
2842 3983 2968 4022 vero
3015 3977 3346 4036 peccatorum
3390 3983 3475 4019 re-

1966 4064 2144 4116 missio
2174 4062 2470 4125 tribuatur,
2505 4069 2705 4112 certum
2757 4066 2838 4112 est
2869 4058 3292 4125 proliitiationem
3346 4054 3478 4108 eﬁ‘u-

1963 4153 2110 4206 sione
2138 4150 2274 4205 sacri
2299 4149 2568 4218 sanguinis
2595 4148 2926 4216 adimpletam
2957 4149 2998 4178 ⁸¹
3033 4163 3046 4198 :
3083 4165 3102 4199 ι
3125 4147 3334 4214 Absque
3356 4160 3477 4198 san-

1895 4285 1937 4336 Β
1967 4240 2137 4309 guinis
2169 4257 2187 4289 ι
2217 4238 2355 4291 enim
2389 4254 2406 4286 ι
2439 4235 2724 4300 eﬁ‘usione,
2785 4254 2805 4287 ι
2838 4236 2973 4290 sicut
3011 4234 3289 4302 Apostolus
3329 4233 3476 4297 dicit,

1971 4347 1989 4379 ι
2029 4343 2128 4382 non
2154 4328 2210 4380 ﬁt
2245 4326 2485 4380 remissio
2516 4344 2535 4376 ι
2575 4334 2932 4393 peccatorum.
2961 4323 3154 4378 Verum
3187 4338 3250 4377 ne
3279 4322 3474 4376 Paulus

1967 4419 2057 4471 tibi
2086 4420 2227 4472 solus
2278 4417 2676 4484 praesumpsisse
2723 4416 2832 4484 (87)
2881 4414 3039 4483 516
3087 4413 3476 4482 propitiationis

1968 4522 2155 4560 nomen
2190 4506 2429 4558 videatur
2461 4506 2511 4557 in
2535 4504 2767 4568 Christo,
2795 4507 2916 4557 andi
2941 4503 3202 4572 quomodo
3239 4513 3290 4556 et
3317 4502 3477 4556 Joan‘

1968 4610 2060 4648 nes
2084 4609 2310 4648 consone
2336 4593 2445 4662 (88)
2477 4594 2540 4646 de
2569 4595 2666 4646 hoc
2695 4608 2853 4647 sensu
2891 4593 3136 4660 loquatur
3167 4607 3283 4645 cum
3319 4592 3477 4642 dicit:

1972 4704 1989 4736 ι
2033 4684 2202 4739 Filioli
2238 4685 2374 4747 mei,
2422 4685 2531 4737 haec
2559 4683 2732 4737 scribo
2757 4682 2937 4749 vobis,
2974 4691 3028 4734 ut
3076 4697 3175 4734 non
3227 4681 3477 4748 peccetis.

2153 4812 2196 4842 ⁷⁰
2232 4811 2358 4862 ibid.
2396 4809 2487 4861 22.
2557 4809 2600 4840 '”
2643 4807 2836 4860 Habac.
2866 4822 2946 4868 ιιι,
2977 4805 3030 4856 2.
3102 4806 3144 4835 "
3179 4802 3362 4856 Matth.
3400 4816 3488 4864 ιιι..

2228 4879 2274 4909 ⁷³
2304 4877 2468 4932 Levit.
2505 4891 2579 4936 tv,
2609 4874 2693 4934 15,
2735 4874 2822 4934 14,
2862 4875 2947 4939 16,
2976 4873 3064 4924 20.
3203 4871 3244 4900 ⁷⁷
3275 4869 3478 4922 Coloss.

1980 5062 2122 5114 tatis.
2144 5052 2189 5112 ἰ

2062 5130 2151 5195 8i)
2185 5128 2350 5187 Alias,
2396 5143 2414 5174 ι
2447 5123 2720 5195 sentietur.
2765 5137 2785 5170 ι

2062 5133 2151 5195 8i)
2185 5133 2350 5187 Alias,
2396 5143 2414 5174 ι
2447 5133 2720 5176 senttetur.
2765 5137 2785 5170 ι

2041 5133 2150 5267 (85)
2184 5196 2356 5267 alios,
2373 5209 2410 5267 ,ε
2433 5191 2672 5267 duobus,
2707 5205 2725 5236 ι
2759 5186 2912 5240 male.

2039 5258 2146 5332 (86)
2185 5261 2340 5332 Ergo.
2372 5258 2528 5318 Editi,
2562 5274 2580 5305 ι
2621 5267 2765 5330 vero.
2798 5272 2816 5302 ι

2039 5322 2148 5398 (87)
2183 5322 2348 5398 Alias,
2389 5343 2406 5374 ι
2449 5322 2865 5398 proposuisse._p

2037 5385 2144 5468 (88)
2183 5385 2361 5459 Alias,
2393 5411 2410 5444 ι
2445 5385 2694 5463 consona,
2734 5405 2753 5461 ι
2789 5385 2883 5464 aL,
2923 5407 2938 5438 ι
2969 5401 3217 5456 consono.
3253 5402 3274 5436 ο
