3836 6228
348 254 442 308 Θέιί

1779 246 2090 302 ORIGENlS

3508 232 3612 285 952

350 370 453 424 Sed
479 376 532 423 et
559 367 600 420 si
631 364 750 434 quis
781 361 1097 432 peccaverit,
1119 360 1430 415 advocatum
1458 361 1709 415 habemus
1732 366 1869 431 apud
1899 366 1942 420 A
1965 362 2224 430 judicium
2271 369 2563 422 statuerat,
2612 370 2866 427 prmsens
2925 347 3365 407 sustentationi
3414 356 3473 402 et
3517 363 3614 417 pa-

347 457 580 520 Patrem,
607 452 780 507 losum
813 450 1078 505 Christum
1099 448 1296 516 iustum
1332 468 1344 503 :
1377 460 1430 503 et
1476 450 1587 518 ipse
1630 462 1710 503 est
1746 467 1867 519 pro-

347 548 552 616 pitiatio
585 557 681 612 pro
710 542 942 610 peccatis
965 541 1159 596 nostris
1190 558 1204 604 ;
1245 557 1347 594 non
1378 541 1544 595 solum
1567 549 1740 596 autem
1773 557 1868 610 pro

347 635 542 690 nostris
569 676 584 698 ,
619 633 710 686 sed
745 642 794 687 et
821 647 916 702 pro
953 632 1183 686 universi
1217 634 1393 686 mundi
1424 633 1487 689 ".
1522 651 1541 686 ι
1571 633 1685 688 Uno
1712 634 1869 702 igitur

345 724 634 792 eodemque
651 736 808 777 sensu
829 721 1045 789 apostoli
1073 723 1576 790 tpropitiatorium,i
1603 723 1681 776 vel
1705 740 1724 773 ι
1747 739 1868 792 pro-

341 813 692 882 pitiationem,
727 829 746 863 ι
778 813 884 875 vel,
911 821 968 865 ut
1000 813 1054 866 in
1085 813 1295 867 Latinis
1324 813 1594 866 codicibus
1624 813 1868 880 frequen-

339 902 445 955 tius
469 901 753 966 invenitur,
772 919 792 953 ι
815 900 1221 970 Propitiatorem
1246 921 1263 954 ι
1294 903 1863 956 nominantChristum.

339 989 446 1047 Sed
498 989 627 1044 nihil
666 991 888 1045 interest
914 991 1026 1044 sire
1070 1009 1088 1041 ι
1124 992 1466 1060 propitiator,
1504 1011 1522 1042 ι
1556 993 1666 1045 sive
1697 1010 1714 1042 ι
1746 1007 1867 1059 pro-

338 1079 684 1147 pitiatorium,
717 1099 736 1132 ›
766 1081 876 1134 sive
905 1099 924 1130 ι
955 1083 1275 1150 propitiatio,
1313 1101 1330 1132 ι
1379 1082 1490 1135 sive
1519 1083 1679 1136 etiam
1724 1099 1743 1132 ι
1782 1097 1868 1134 ex-

337 1171 509 1225 oratio
533 1190 550 1223 ι
587 1172 841 1240 scriptum
866 1173 956 1236 sit,
986 1188 1103 1227 cum
1136 1173 1270 1238 apud
1289 1172 1501 1227 Grzecos
1533 1187 1636 1225 uno
1661 1187 1868 1240 semper

339 1262 626 1330 eodemque
674 1276 919 1317 sermone
940 1263 1257 1332 proferatur.
1299 1262 1410 1316 Nisi
1443 1262 1580 1316 forte
1624 1263 1868 1317 videatur

340 1351 650 1420 quibusdam
690 1370 708 1402 ι
739 1351 1042 1420 propitiatio
1082 1370 1101 1402 ι
1133 1350 1243 1419 ipsa
1281 1350 1393 1420 ejus
1421 1351 1593 1404 divina
1625 1349 1867 1404 substan-

340 1441 451 1506 tia;
505 1457 524 1490 ι
557 1440 869 1508 propitiator
906 1458 923 1490 ι
961 1454 1120 1501 vero,
1173 1453 1292 1492 cum
1341 1439 1761 1507 dispensationes
1813 1439 1863 1492 in

337 1527 639 1582 hominibus
669 1527 844 1595 explet
871 1526 999 1596 (89),
1030 1527 1270 1596 intelligi.
1312 1527 1417 1582 Sed
1443 1538 1496 1581 et
1537 1529 1677 1596 quod
1733 1527 1866 1582 dixit

335 1617 584 1681 Joannes,
607 1618 724 1684 quia
756 1636 774 1667 ι
801 1617 912 1685 ipse
932 1628 1012 1672 est
1036 1619 1269 1672 exoratio
1292 1619 1424 1686 (sive
1454 1637 1471 1670 t
1495 1619 1797 1687 propitiatio
1817 1617 1861 1688 ι)

335 1721 431 1776 pro
458 1707 688 1775 peccatis
712 1708 908 1760 nostris
933 1723 948 1771 ;
974 1721 1076 1760 non
1113 1709 1283 1762 solum
1310 1719 1483 1762 autem
1510 1725 1603 1776 pro
1641 1708 1860 1773 nostris,

333 1797 426 1850 sed
453 1805 506 1849 et
545 1809 641 1865 pro
665 1797 895 1851 universi
933 1799 1146 1864 mundi,
1183 1817 1202 1849 ι
1248 1802 1485 1867 quaedam
1521 1801 1674 1854 nobis
1718 1802 1860 1853 intu-

334 1886 458 1940 lisse
498 1886 708 1940 videtur
740 1895 1015 1954 augmenta
1040 1890 1302 1958 mysterii,
1328 1900 1386 1942 ut
1411 1892 1653 1944 ostendat
1680 1890 1860 1944 Jesum

333 1975 729 2042 propitiatorem
774 1992 891 2032 esse
925 1993 1026 2032 non
1081 1978 1250 2032 solum
1283 1979 1637 2042 credentium,
1677 1995 1859 2033 verum

331 2073 386 2116 et
413 2065 574 2116 totius
611 2067 821 2132 mundi;
859 2083 960 2121 non
1003 2077 1177 2123 tamen
1227 2070 1376 2137 prius
1408 2069 1624 2132 mundi,
1653 2079 1706 2123 et
1737 2079 1861 2123 tunc

334 2162 569 2207 nostrum
596 2169 613 2218 ;
651 2156 741 2208 sed
794 2158 941 2224 prius
964 2169 1229 2222 nostrum,
1257 2168 1311 2212 et
1341 2159 1410 2212 ita
1439 2160 1652 2212 demum
1703 2161 1862 2215 totius

330 2241 530 2295 tuttndi.
556 2241 804 2309 Quamvis
823 2246 963 2298 enim
989 2247 1234 2300 universa
1251 2257 1491 2302 creatura
1515 2249 1739 2316 gratiam
1758 2247 1860 2303 Re-

329 2331 617 2400 demptoris
641 2344 935 2401 exspectet,
967 2337 1330 2404 unusquisque
1361 2347 1536 2391 tamen
1565 2338 1615 2392 in
1645 2353 1739 2392 suo
1771 2354 1858 2393 or-

328 2421 451 2474 dine
478 2421 654 2474 veniet
689 2425 754 2475 ad
778 2423 1020 2477 salutem.
1053 2425 1163 2478 lloc
1193 2425 1415 2478 indicari
1465 2427 1700 2482 arbitror
1720 2438 1772 2482 et
1803 2429 1854 2481 in

330 2509 561 2566 Levitico
578 2512 642 2573 ⁸³,
667 2512 751 2565 tibi
773 2514 1219 2582 repmpitiationis
1247 2515 1428 2569 hostia:
1446 2530 1539 2584 per
1551 2517 1854 2585 pontiﬁcem

330 2599 646 2651 mandantur
669 2598 867 2654 oﬂerri.
909 2601 1015 2654 Nec
1072 2603 1322 2656 tamenin
1357 2605 1439 2658 his
1468 2606 1853 2660 sacriﬁciorum

327 2686 583 2741 confusus
613 2690 742 2742 ordo
778 2691 1118 2757 proponitur;
1151 2693 1241 2746 sed
1271 2695 1442 2760 primo
1483 2695 1698 2762 quidem
1727 2697 1855 2750 dicit

329 2789 446 2841 quae
472 2776 542 2829 sit
583 2778 920 2845 propitiatio,
959 2791 1012 2833 et
1053 2781 1222 2848 qualis
1257 2782 1460 2848 hostia,
1510 2785 1555 2838 si
1604 2785 1854 2840 sacerdos

331 2863 657 2930 peccaverit,
687 2864 940 2920 oﬁ'eratur
981 2867 1044 2920 ⁸⁸.
1079 2867 1354 2934 Secundo,
1387 2870 1430 2924 si
1478 2871 1652 2926 omnis
1680 2871 1851 2942 Syna-

1971 453 2173 506 tieutiaa
2201 452 2503 520 deputaret.
2546 449 2680 502 Nam
2717 450 2764 500 si
2805 445 3057 514 puniret
3114 442 3176 494 in
3212 443 3329 494 hoc
3361 449 3614 508 tempore

1965 551 2302 611 peccatorem
2326 541 2558 606 ,iustum
2607 554 2712 590 non
2770 538 3085 590 videretur
3125 531 3255 603 (92)
3294 531 3508 583 iterum
3546 531 3611 586 ad

1961 630 2219 698 judicium
2249 645 2404 698 quem
2442 630 2689 698 punierat
2715 639 2995 682 evocare.
3046 623 3111 677 Si
3149 637 3293 675 vero
3329 630 3610 676 sustentet

1964 730 2018 775 et
2047 721 2279 789 patiatur
2304 720 2354 772 in
2387 720 2632 786 praesenti
2673 716 2902 776 saeculo.
2944 723 3119 768 recte
3151 713 3274 766 erit
3304 713 3493 778 iustus
3519 711 3612 780 iu-

1967 810 2065 863 dex
2106 812 2157 863 in
2190 810 2388 864 futuro.
2430 809 2700 864 Justiﬁcat
2734 823 2874 876 ergo
2905 821 3051 860 eum
3088 807 3194 876 qui
3250 821 3328 858 ex
3372 804 3483 858 ﬁde
3511 814 3614 865 est,

1967 903 2102 954 sicut
2147 912 2200 954 et
2226 903 2289 954 de
2319 901 2590 952 Abraham
2626 900 2900 967 scriptum
2941 907 3081 960 est,
3130 897 3271 964 quia
3310 913 3331 944 ι
3381 895 3616 950 credidit

1966 990 2231 1042 Abraham
2265 990 2388 1050 Deo,
2421 999 2476 1042 et
2500 999 2811 1056 reputatum
2837 998 2925 1042 est
2959 987 3016 1040 ei
3050 987 3127 1038 ad
3156 985 3452 1054 iustitiam
3485 985 3553 1036 ’⁸.
3592 1002 3613 1036 ι

1967 1077 2115 1142 Quod
2141 1078 2184 1130 si
2217 1078 2488 1130 Abraham
2539 1077 2816 1139 credidit,
2851 1085 2908 1129 et
2954 1089 3035 1128 ex
3097 1073 3220 1126 ﬁde
3270 1071 3619 1139 iustiﬁcatus

1966 1178 2065 1230 est.
2097 1181 2429 1235 consequens
2465 1167 2587 1220 sine
2617 1166 2792 1220 dubio
2823 1166 2939 1219 erit
2975 1174 3048 1217 ut
3079 1172 3146 1219 et
3175 1179 3336 1217 nunc
3362 1165 3461 1233 qui
3496 1179 3618 1218 cre-

1965 1262 2041 1314 dit
2070 1258 2180 1330 (93)
2211 1262 2334 1323 Deo,
2372 1274 2467 1329 per
2490 1253 2649 1314 ﬁdem
2673 1257 2809 1314 Jesu
2835 1257 3070 1313 Christi
3093 1255 3467 1326 iustiﬁcetur
3493 1270 3616 1311 cum

1967 1354 2103 1407 ﬁdeli
2142 1353 2411 1405 Abraham
2445 1351 2511 1406 “.

2030 1442 2082 1496 9.
2128 1461 2146 1493 ι
2185 1441 2280 1496 Ubi
2305 1451 2386 1496 est
2419 1455 2548 1510 ergo
2583 1438 2850 1510 gloriatio
2889 1437 3042 1491 tua?
3073 1436 3340 1490 Exclusa
3372 1445 3480 1490 est.
3518 1435 3618 1490 Per

1963 1547 2120 1600 quam
2150 1530 2363 1598 legem?
2388 1528 2628 1597 Operam
2661 1527 2686 1578 τ
2720 1526 2846 1580 Νοιι
2884 1545 2901 1580 :
2946 1527 3060 1580 sed
3103 1540 3214 1594 per
3244 1525 3431 1594 legem
3466 1525 3613 1582 ﬁdei.

1963 1622 2303 1675 Arbitramur
2354 1623 2499 1674 enim
2553 1617 2860 1686 iustiﬁcari
2922 1617 3243 1670 hominem
3306 1631 3411 1683 per
3457 1616 3614 1669 ﬁdem

1964 1712 2080 1764 sine
2107 1711 2357 1778 operibus
2390 1708 2525 1778 legis
2545 1708 2614 1760 θ’.
2657 1725 2678 1758 ι
2723 1707 2942 1759 Iterum
2993 1721 3068 1758 ac
3101 1707 3329 1774 saepius
3364 1721 3614 1762 commo-

1964 1815 2148 1854 nemus
2195 1814 2287 1853 eos
2315 1800 2404 1867 qui
2453 1797 2660 1865 scripta
2698 1795 2859 1850 Pauli
2898 1795 3270 1866 diligentius
3328 1800 3615 1854 advertere

1959 1889 2210 1957 cupiunt,
2243 1888 2646 1941 distinctionem
2681 1887 2866 1949 illaut,
2896 1901 3092 1955 quam
3132 1900 3317 1956 supra
3347 1885 3611 1953 diximus,

1957 1977 2248 2030 observare
2276 1976 2517 2030 tenacius
2543 2014 2558 2038 ,
2590 1975 2882 2042 quomodo
2921 1975 3060 2045 (94)
3094 1992 3259 2030 nunc
3309 1979 3611 2032 circumci-

1957 2065 2124 2118 siouis
2153 2078 2366 2117 causam
2386 2103 2400 2128 ,
2431 2079 2578 2118 nunc
2606 2064 2901 2133 prteputii,
2942 2065 3008 2118 id
3049 2076 3147 2120 est
3177 2065 3507 2122 Iudaeorum
3531 2065 3608 2122 vel

1957 2155 2496 2224 geutilium,discreto
2533 2169 2757 2223 semper
2796 2157 3056 2210 tramite
3103 2167 3518 2227 prosequatur.
3552 2158 3607 2212 Si

1955 2245 2095 2296 enim
2130 2242 2400 2312 paululum
2437 2245 2565 2312 quid
2602 2245 2810 2315 fugerit
2840 2247 3190 2316 legentem,
3217 2249 3491 2302 continuo
3514 2263 3605 2302 an-

1957 2343 2105 2402 gusta
2138 2335 2250 2387 hac
2279 2343 2333 2388 et
2377 2334 2533 2388 exilis
2583 2335 2993 2404 intelligentiae
3061 2340 3286 2392 semita
3335 2339 3456 2407 (95)
3489 2353 3607 2406 per-

1958 2423 2276 2479 turbabitur.
2315 2422 2480 2493 Igitur
2506 2441 2630 2478 cum
2663 2429 2944 2493 superius
2978 2428 3043 2460 ⁸³
3074 2432 3440 2485 ostendisset
3464 2429 3602 2501 Apo-

1954 2513 2123 2566 stolus
2149 2514 2271 2581 quid
2315 2522 2458 2566 esset
2489 2514 2728 2582 amplius
2779 2513 2994 2570 Judaeo
3021 2556 3045 2582 ,
3092 2529 3203 2573 aut
3245 2535 3377 2588 qme
3408 2520 3603 2574 utilitas

1954 2603 2372 2656 circumcisionis
2402 2617 2416 2651 τ
2448 2612 2504 2656 et
2537 2603 2829 2658 docuisset
2868 2609 3022 2676 quia
3077 2609 3297 2678 primis
3347 2610 3455 2664 illis
3488 2625 3597 2664 cre-

1953 2692 2060 2744 dita
2093 2703 2217 2746 sunt
2245 2694 2452 2761 eloquia
2488 2693 2618 2755 Dei,
2653 2703 2708 2748 et
2751 2709 2857 2760 per
2897 2695 3036 2751 haec
3080 2698 3254 2752 visus
3295 2697 3491 2752 fuisset
3512 2713 3600 2750 ex-

1955 2782 2142 2836 tollere
2189 2798 2374 2836 eorum
2423 2784 2751 2850 iactantiam
2802 2801 2925 2855 qua
2983 2789 3324 2844 adversum
3379 2789 3598 2860 gentiles

1951 2873 2083 2943 erigi
2111 2873 2328 2926 solent:
2354 2882 2407 2926 et
2431 2889 2644 2926 rursum
2669 2886 2875 2928 contra
2906 2878 3050 2932 haec
3081 2881 3143 2934 in
3179 2881 3597 2949 sequentibus“

329 2966 461 3052 goga
489 2953 768 3052 deliquerit
803 2971 897 3024 per
939 2957 1322 3026 ignorantiam,
1364 2960 1655 3028 cuiusmodi
1700 2964 1855 3018 victi-
1881 2993 1924 3052 ε
1955 2965 2522 3034 objecissetiustitiam
2552 2965 2646 3019 Dei
2680 2981 2782 3034 per
2822 2967 3014 3022 ﬁdem
3062 2970 3211 3026 Jesu
3249 2973 3459 3028 Christi
3482 2986 3595 3026 esse

329 3042 428 3095 tuis
465 3043 704 3111 placetur
737 3045 873 3099 Deus
899 3047 962 3099 “.
1005 3047 1214 3112 Tertio,
1247 3049 1290 3102 si
1325 3050 1570 3118 princeps
1602 3065 1854 3120 peccave—

329 3133 418 3198 rit,
451 3148 556 3198 quo
584 3135 768 3189 ordine
795 3136 1152 3204 puriﬁcandus
1175 3141 1243 3193 sit
1262 3141 1601 3196 scribitur".
1631 3141 1852 3210 Quarto,

328 3222 372 3274 si
404 3223 578 3276 anima
611 3239 714 3277 una
748 3227 1070 3293 peccaverit,
1099 3227 1256 3282 etiam
1289 3228 1354 3282 de
1383 3229 1485 3283 hoc
1512 3231 1631 3299 quis
1658 3232 1728 3284 sit
1756 3247 1852 3285 ex-

329 3315 502 3382 piandi
533 3318 666 3370 ritus
689 3317 974 3384 exponitur
1005 3318 1070 3372 ⁸⁷.
1101 3318 1230 3384 Qum
1272 3321 1475 3390 singula
1506 3322 1730 3391 mystico
1774 3323 1852 3375 in-

327 3406 538 3461 tellectu
573 3407 803 3462 futuram
851 3409 1049 3462 Christi
1094 3410 1206 3479 (90)
1257 3413 1683 3480 propitiatiouem
1745 3427 1849 3467 non

327 3498 496 3550 solum
542 3513 638 3567 pro
684 3499 918 3566 peccatis
966 3500 1194 3565 nostris,
1245 3501 1334 3554 sed
1366 3510 1423 3555 et
1469 3517 1566 3570 pro
1603 3503 1851 3557 universo

329 3588 526 3641 mundo
558 3587 721 3641 certis
749 3589 1050 3657 quibusque
1080 3590 1354 3645 ordinilms
1375 3631 1390 3654 ,
1427 3601 1481 3647 et
1531 3593 1702 3648 modis
1727 3609 1851 3648 cau-

325 3679 504 3747 sisque
529 3679 804 3747 designant
837 3696 852 3731 :
885 3680 928 3734 si
959 3682 1080 3750 quis
1111 3691 1284 3736 tamen
1316 3684 1426 3737 haec
1453 3686 1744 3738 secundum
1789 3685 1848 3737 il-

327 3771 428 3821 lam
455 3769 824 3824 revelationem
857 3785 973 3840 qua:
1005 3771 1170 3842 Moysi
1201 3773 1250 3826 in
1283 3785 1461 3827 monte
1489 3777 1847 3828 demonstrata

322 3871 442 3912 esse
487 3858 712 3922 dicitur,
755 3869 939 3914 sancto
987 3859 1184 3931 Spiritu
1229 3861 1552 3916 illmuinatus
1601 3865 1845 3932 aspiciat.

323 3945 409 3999 Fit
431 3959 559 4017 ergo
582 3961 678 4017 per
701 3949 1180 4017 repropitiationem
1227 3951 1502 4018 sanguinis
1537 3951 1734 4004 Christi
1762 3967 1846 4004 re-

323 4036 503 4091 missio
533 4055 550 4087 ι
582 4038 991 4104 praecedentium
1018 4039 1352 4101 delictorum,
1386 4041 1435 4092 in
1461 4041 1848 4095 sustentatione

1957 3058 2006 3111 in
2037 3072 2221 3111 omnes
2245 3057 2331 3127 qui
2383 3060 2636 3120 credunt,
2674 3073 2863 3125 neque
2917 3061 3166 3118 habere
3208 3063 3464 3132 aliquam
3489 3065 3592 3119 dis-

1956 3147 2413 3209 tinctionem,sed
2462 3161 2655 3200 omnes
2701 3146 3046 3214 deliquisse
3085 3151 3331 3209 Judaeos
3359 3165 3414 3207 et
3456 3153 3594 3207 ϐιαι-

1952 3253 2076 3303 cos,
2107 3248 2161 3292 et
2198 3251 2352 3306 egere
2382 3238 2549 3305 gloria
2575 3237 2669 3289 Dei
2698 3277 2712 3300 ,
2747 3249 2805 3291 et
2829 3240 3181 3306 iustiﬁcari
3239 3261 3342 3314 per
3377 3246 3593 3315 gratiam

1951 3345 2013 3382 ac
2045 3328 2463 3396 redemptionem
2493 3344 2614 3397 qua!
2648 3339 2735 3382 est
2766 3330 2823 3382 itt
2861 3332 3135 3390 Christo
3177 3337 3316 3392 Jesu
3355 3358 3367 3392 :
3404 3339 3594 3406 ipsum-

1949 3435 2053 3487 que
2081 3434 2199 3472 esse
2232 3417 2667 3486 propitiatorium
2705 3439 2808 3491 per
2843 3424 3069 3492 ﬁdem,
3112 3440 3172 3482 et
3199 3428 3501 3498 iustiﬁcari
3532 3429 3593 3481 ab

1949 3519 2014 3558 eo
2051 3520 2263 3560 onmem
2309 3505 2420 3576 (96)
2474 3508 2567 3575 qui
2605 3523 2671 3562 ex
2732 3512 2847 3565 ﬁde
2899 3524 3003 3568 est
3039 3533 3056 3569 :
3100 3535 3266 3573 nunc
3303 3519 3419 3585 iam
3461 3519 3589 3570 velut

1948 3595 2343 3648 conclusionem
2379 3600 2743 3651 assertiouum
2799 3616 3066 3660 suarum
3123 3624 3356 3678 ponens
3389 3612 3444 3664 in
3492 3610 3581 3662 hoc

1949 3685 2063 3738 loco
2090 3686 2217 3738 dicit
2252 3702 2266 3737 :
2301 3703 2319 3736 ι
2351 3685 2446 3740 Ubi
2481 3699 2566 3741 est
2595 3703 2731 3758 ergo
2773 3692 3076 3760 gloriatio
3112 3711 3216 3754 tua
3244 3701 3270 3754 Ἰ
3294 3719 3320 3752 ι
3370 3700 3587 3755 Exclusa

1945 3786 2044 3829 ost.
2087 3774 2187 3828 Per
2210 3790 2366 3844 quam
2393 3777 2599 3846 legem?
2635 3778 2932 3846 Operum?
2989 3785 3130 3843 Non
3176 3806 3192 3843 :
3235 3793 3339 3848 sed
3383 3807 3478 3862 per
3523 3791 3590 3844 le-

1949 3879 2064 3930 gem
2099 3864 2240 3917 tidei.
2272 3863 2616 3918 Arbitrantur
2642 3870 2792 3920 enim
2816 3871 3162 3940 iustiﬁcari
3195 3882 3482 3936 hominem
3505 3893 3590 3948 per

1949 3955 2102 4006 ﬁdem
2129 3953 2243 4006 sine
2267 3954 2518 4018 operibus
2549 3954 2684 4024 legis
2712 3959 2761 3990 “
2790 3976 2808 4014 :
2839 3974 2901 4016 et
2934 3967 3095 4022 dicit
3124 3973 3408 4027 sufﬁcere
3433 3971 3590 4025 solius

1949 4043 2543 4110 ﬁdeiiustiﬁcationem,
2563 4049 2636 4100 ita
2661 4061 2721 4102 ut
2737 4056 3004 4111 credens
3030 4063 3173 4129 quis
3192 4064 3588 4124 tantummodo,

321 4127 448 4192 Dei,
480 4129 544 4181 ad
585 4130 943 4184 ostensionem
967 4127 1187 4194 iustitiae
1213 4143 1322 4182 suae
1346 4130 1411 4182 ⁸⁸.
1449 4148 1467 4178 ι
1514 4131 1844 4185 Sustentatio
1939 4131 2259 4198 iustiﬁcetur
2279 4173 2294 4196 ,
2322 4135 2534 4189 etiamsi
2583 4139 2721 4192 nihil
2759 4144 2836 4197 ab
2862 4161 2940 4199 eo
2966 4127 3188 4218 aperis
3213 4153 3395 4209 fuerit.
3423 4153 3590 4222 exple-

320 4217 413 4270 Dei
449 4227 552 4280 est,
585 4219 672 4272 ubi
702 4229 952 4285 peccator
978 4234 1084 4273 non
1113 4221 1289 4274 statim
1319 4219 1534 4286 punitur
1555 4227 1612 4270 ut
1640 4231 1840 4286 peccat,

1949 4233 2078 4276 tum.
2109 4222 2353 4278 luuninet
2387 4227 2548 4295 igitur
2590 4231 2752 4297 nobis
2799 4235 2904 4302 qui
2944 4238 3254 4311 integram
3287 4262 3415 4302 esse
3453 4245 3591 4298 Scri-

320 4305 412 4357 sed
450 4308 739 4358 secundum
766 4307 906 4376 quod
939 4309 1129 4362 ibidem
1154 4309 1437 4377 Apostolus
1468 4309 1604 4361 dixit
1638 4309 1683 4340 ⁸⁸
1703 4349 1717 4374 ,
1749 4325 1844 4376 per
1877 4329 1917 4381 ο
1950 4321 2154 4380 pturam
2185 4313 2341 4384 517
2367 4318 2608 4385 Apostoli
2641 4335 2928 4379 conamur
2963 4305 3277 4404 asserere,
3317 4350 3377 4392 et
3405 4339 3591 4393 ordine

320 4394 625 4460 patientiam
678 4395 768 4448 Dei
804 4396 1086 4450 adducitur
1132 4397 1197 4450 ad
1236 4398 1596 4464 penitentiam
1645 4417 1658 4453 :
1703 4401 1840 4453 etin

284 4480 422 4534 'ltoc
471 4483 752 4534 ostendere
791 4483 984 4536 dicitur
1020 4482 1282 4549 iustitiam
1329 4499 1475 4539 suam
1513 4468 1667 4540 Deus.
1702 4486 1842 4541 Bene

317 4579 492 4624 autem
520 4570 744 4633 addidit,
779 4589 797 4623 ι
826 4572 878 4626 in
909 4572 1008 4626 hoc
1040 4584 1273 4642 tempore
1297 4590 1313 4640 ;
1349 4593 1367 4626 ι
1395 4575 1671 4642 praesentis
1700 4576 1838 4629 enim

317 4662 497 4715 saeculi
532 4672 766 4731 tempore
814 4667 866 4718 in
927 4668 1310 4722 sustentatione
1349 4677 1432 4721 est
1470 4668 1671 4735 iustitia
1707 4669 1792 4721 Dei
1823 4686 1836 4728 ;

314 4750 476 4807 futuri
525 4767 650 4806 vero
700 4754 752 4807 in
810 4758 1152 4809 retributione
1183 4756 1310 4824 (9i).
1371 4756 1839 4824 Jttsttttu‘uatuque

313 4841 453 4909 apud
477 4841 638 4896 Deum
667 4843 833 4897 visum
859 4858 959 4908 est,
991 4857 1047 4898 ut
1067 4848 1186 4915 quia
1227 4847 1459 4900 futurum
1488 4847 1736 4901 saeculum
1771 4846 1835 4899 ad

383 4979 430 5010 "
460 4976 654 5031 lJoan.
682 4995 745 5044 tt,
777 4982 826 5042 1,
857 4982 910 5034 2.
1020 4983 1065 5014 ⁸³
1092 4981 1259 5035 Levit.
1293 4999 1364 5046 tv,
1391 4983 1480 5036 20.

316 5061 429 5114 seq.
504 5046 549 5078 ⁸⁸
579 5048 730 5100 Rom.
764 5063 844 5110 Ill,
869 5048 959 5112 25,
984 5050 1072 5103 26.
1147 5053 1192 5082 "
1221 5051 1374 5104 Rom.
1413 5068 1471 5114 tt,
1498 5052 1550 5104 4.

319 5112 367 5168 l.
404 5113 459 5164 2.
531 5114 576 5145 “
600 5116 724 5170 ibid.
759 5116 941 5174 22-26.
1013 5120 1203 5175 "ibid.
1228 5121 1319 5184 27,
1355 5121 1445 5175 28.

391 5201 952 5282 (8_9).Dt'spcnsati_o_nes
984 5247 999 5262 .
1036 5247 1050 5261 .
1081 5248 1096 5263 .
1126 5212 1311 5278 explet.
1351 5212 1442 5282 Sic
1482 5225 1664 5265 omnes
1709 5212 1835 5282 editi

322 5279 369 5314 et
403 5269 642 5339 plerique
670 5289 797 5328 mss.
825 5276 920 5331 Ms.
965 5290 1140 5332 tamen
1172 5269 1306 5336 unus
1327 5281 1508 5339 habet.
1539 5298 1557 5331 ι
1582 5295 1699 5333 cum
1728 5280 1837 5332 dis-

325 5336 678 5417 ty‘tlsqlionem
725 5342 1070 5417 humanitatis
1125 5364 1177 5400 tu
1221 5336 1521 5404 hominibus
1575 5348 1777 5417 explet;
1809 5367 1826 5398 ι

325 5413 441 5470 qua:
458 5402 619 5470 lectio
651 5412 842 5462 rectior
869 5415 1092 5470 videtur.

397 5465 502 5548 Qui
539 5468 708 5548 eam,
744 5494 763 5525 ‹
795 5493 894 5548 ρετ
927 5465 1146 5545 ﬁguram
1174 5483 1389 5539 Christi.
1427 5503 1445 5536 ι

396 5531 506 5599 (91)
541 5531 706 5601 “ius;
744 5561 761 5592 t
794 5531 843 5596 i'n
870 5531 1346 5606 retributionem...)-

1563 4982 1611 5014 οι
1635 4981 1769 5054 una.
1789 4987 1821 5037 δ
1847 5003 1960 5054 seq.

1651 5052 1695 5084 '°
1733 5052 1904 5107 Galat.
1926 5051 2014 5112 ιιι,
2041 5051 2095 5104 6.

1547 5120 1593 5152 “
1618 5119 1746 5172 Luc.
1783 5139 1936 5188 χχιιι,
1973 5121 2064 5183 42,
2098 5123 2187 5177 43.

1949 4417 2046 4454 suo
2075 4414 2266 4456 cuneta
2303 4417 2576 4471 constare,
2615 4418 2674 4461 ut
2707 4416 3098 4482 requiramus
3129 4429 3278 4494 quis
3318 4430 3446 4482 sine
3472 4443 3593 4496 ope-
3654 4459 3666 4473 .

1949 4492 2096 4544 ribus
2123 4491 2234 4591 sola
2282 4493 2385 4547 ﬁde
2424 4496 2763 4565 justilicattts
2804 4505 2910 4558 sit.
2976 4491 3297 4578 Quart—tum
3329 4491 3590 4591 igitur'atl

1946 4578 2244 4646 exemplum
2267 4584 2518 4650 pertinet,
2542 4589 2800 4647 suilicere
2825 4599 3102 4659 arbitror
3127 4607 3301 4665 illum
3327 4578 3588 4666 latronem

1945 4671 2035 4736 qui
2065 4684 2187 4722 cum
2235 4670 2450 4726 Christo
2482 4681 2790 4739 cruciﬁxus
2845 4690 3142 4753 clamavi;
3177 4703 3233 4756 ei
3269 4705 3343 4758 de
3376 4718 3540 4758 cruce
3572 4720 3586 4755 ε

1949 4778 1967 4810 ι
2017 4759 2238 4817 Domine
2267 4763 2418 4830 Jesu,
2463 4783 2743 4829 memento
2782 4785 2905 4837 mei
2963 4806 3106 4845 cum
3149 4798 3388 4850 veneris
3421 4798 3472 4849 in
3505 4812 3590 4848 re-

1943 4865 2104 4918 gnum
2143 4861 2289 4907 tuum
2313 4855 2380 4908 ".
2415 4876 2436 4909 ι
2477 4859 2590 4916 Nec
2643 4867 2799 4924 aliud
2848 4880 3188 4950 quidquam
3247 4889 3588 4944 describitur

2059 4983 2107 5014 αι
2133 4985 2147 4998 ⁸
2188 4984 2202 4997 ⁶
2681 4999 2693 5011 ο
2741 5001 2754 5014 ο

3159 5021 3281 5146 ..ζ’

2157 5217 2328 5302 Alias,
2367 5237 2388 5272 t
2419 5223 2684 5302 videtur,
2719 5255 2740 5290 ι
2777 5245 2954 5302 male.

2153 5287 2333 5362 Alias,
2372 5307 2393 5340 ι
2425 5285 2697 5360 credidit.
2720 5285 2756 5362 ⁷ο

2007 5354 2118 5424 (94)
2157 5354 2325 5420 Alias,
2363 5378 2384 5412 t
2415 5379 2530 5432 quo
2788 5399 2810 5434 ι

2008 5423 2121 5489 (95)
2163 5426 2331 5489 Alias,
2370 5449 2389 5481 t
2424 5435 2529 5488 hac
2561 5439 2972 5489 ὶιιιριιὶηοηιε...
3001 5465 3138 5489 Mm:

2033 5448 2099 5473 ne)
2252 5462 2266 5479 ι
2297 5448 2308 5455 ν
2464 5453 2474 5464 -
2516 5453 2528 5468 ι
2565 5448 2568 5449 ⁷
2741 5451 2751 5463 ο
2904 5459 2915 5470 .
3127 5465 3138 5476 ,

2006 5448 2121 5563 ἰθδῖ
2157 5448 2397 5553 ὃὲιῖιῖήιῖ
2424 5448 2972 5582 ’ὶΐέυζῗῗξζῗιῗῇζῖθ
3001 5474 3226 5520 ⁸⁸¹¹¹¹¹³’
3259 5483 3282 5520 ’
